3918 6204
409 367 412 370 ’
447 371 559 429 7ύ7

1675 372 1733 429 8.
1774 373 2102 432 GllEGORll
2156 374 2448 432 NYSSENI

3617 378 3708 432 768

449 496 615 557 leant,
657 490 1115 562 quemadmodum
1164 493 1545 565 congelatione
1572 495 1781 552 ﬂumini
1828 499 2018 554 adver-

2122 499 2274 553 θεῖσα
2301 496 2390 552 διά
2422 497 2521 567 τῆς
2553 495 2788 565 πήξεως,
2824 492 2908 563 ἐφ’
2944 487 3010 566 ἦς
3048 491 3275 565 σύνηθές
3306 492 3423 545 ἐστι
3459 492 3564 555 τοῖς
3595 491 3706 561 βου-

445 590 621 643 saute,
654 591 708 637 et
737 582 892 652 quasi
923 582 978 636 in
1006 582 1236 653 lapidem
1263 585 1444 640 undas
1474 585 1728 652 durante,
1761 604 2033 660 perennes

444 675 664 742 quidem
707 689 897 729 amnes
948 673 1118 729 ﬂuere
1176 677 1571 746 supersedeant
1631 686 1798 750 atque
1847 687 2033 741 consi-

444 773 611 818 stant.
654 763 831 818 Lacus
865 779 995 819 vero
1031 765 1246 820 vicinus
1293 766 1467 838 signis
1508 769 1835 838 quibusdam
1866 775 2028 831 etiam

443 871 584 924 opus
626 855 810 909 habet.
862 856 1063 926 quibus
1105 857 1261 912 lacus
1307 873 1429 914 esse
1478 871 1835 929 agnoscatur,
1871 867 2027 936 quasi

446 952 589 999 terra
639 945 846 999 inculta
890 962 986 1014 per
1029 946 1464 1016 congelationem
1502 948 1767 1004 eﬂ'ectus:
1816 953 1875 1007 in
1918 970 2027 1025 quo

444 1036 537 1102 qui
593 1037 787 1089 volunt
849 1051 1014 1106 super
1044 1036 1220 1092 undas
1269 1037 1389 1106 ejus
1429 1053 1601 1108 equos
1657 1041 1748 1095 alii
1794 1043 1846 1096 in
1887 1044 2024 1101 alios

443 1127 776 1181 concitando
815 1130 1117 1184 certamina
1151 1129 1360 1184 ludicra
1394 1133 1556 1187 edere
1591 1146 2016 1193 consueverunt.

442 1217 577 1271 Novi
607 1223 778 1276 etiam
819 1233 963 1289 saepe
1006 1220 1257 1275 locorum;
1295 1221 1506 1278 incolas
1547 1240 1612 1278 ex
1663 1225 1772 1296 igni
1822 1243 2016 1296 aquam

2133 589 2378 661 λομένοις
2422 587 2534 642 ἀνω
2569 585 2679 638 τῶν
2730 585 2990 657 κυμάτων
3037 585 3206 655 αὐτῆς
3262 583 3705 647 καθιππάζεσθαι.

2130 675 2264 734 Οἶδα
2291 677 2550 740 πολλάκις
2579 675 2674 728 καὶ
2697 677 2762 728 ἐκ
2792 673 2963 746 πυρὸς
2991 673 3130 744 ὕδωρ
3154 675 3267 736 τοῖς
3290 672 3577 742 ἐγχωρίοις
3603 673 3708 725 ἐπι·

2129 770 2438 840 νοούμενον,
2473 768 2600 822 ὅταν
2637 785 2688 819 τι
2716 765 2921 837 τρύφος
2954 763 3049 817 τοῦ
3089 763 3278 828 ὓδατος
3313 763 3706 827 ἀποκλάσαντες

2127 859 2314 932 ὥσπερ
2342 858 2464 912 τινὰ
2515 855 2712 928 χαλκὸν
2747 855 2780 925 ἢ
2819 853 3034 924 σίδηρον
3077 853 3152 924 τῷ
3184 854 3315 923 πυρὶ
3345 851 3706 920 διατήξαντες,

2129 953 2272 1024 ὕδωρ
2320 951 2411 1003 τὸν
2458 949 2604 1002 λίθον
2658 948 2975 1019 ποιήσωσιν.
3023 945 3276 1008 Τοιοῦτος
3319 940 3387 1016 ἦν
3442 946 3473 998 6
3536 944 3707 1013 καιρὸς

2125 1041 2266 1096 κατά
2299 1041 2388 1095 τὺν
2418 1040 2518 1112 τῆς
2555 1038 2835 1110 ἀθλήσεως
2865 1038 3079 1110 χρόνον,
3114 1037 3364 1090 ἐπίτασιν
3403 1035 3502 1088 τοῦ
3553 1035 3706 1087 κακοῦ

2125 1134 2276 1206 παρὰ
2335 1133 2496 1203 φύσιν
2566 1132 2631 1184 ἐκ
2694 1129 2920 1202 βορείων
2976 1128 3359 1200 πνευματικῶν
3420 1127 3703 1189 λαϐόντος,

2127 1225 2312 1291 καθὼς
2342 1226 2489 1279 ἐστιν
2521 1223 2739 1278 ἀκούειν
2788 1221 2896 1277 τῶν
2940 1222 3308 1293 διηγουμένων
3338 1221 3407 1275 τά
3442 1220 3700 1290 θαύματα.

443 1309 667 1363 solertia
724 1305 962 1380 quadam
1011 1311 1302 1376 conficere,
1362 1326 1489 1368 cum
1542 1315 1722 1372 frusto
1779 1319 2014 1388 quodam
2055 1317 2210 1390 aqua:
2238 1317 2361 1389 gelu
2398 1322 2958 1384 concretzetanquam
2984 1328 3093 1368 tere
3133 1311 3369 1383 quodam
3429 1311 3514 1364 vel
3580 1311 3710 1363 ferro

442 1403 688 1458 dcfracto
714 1413 768 1460 et
815 1405 925 1475 igni
968 1405 1356 1477 colliquel‘acto
1422 1424 1620 1479 aquam
1671 1413 1928 1484 redigunt
1979 1429 2046 1470 ex
2083 1429 2152 1470 eo
2208 1411 2359 1484 quod
2404 1411 2460 1466 in
2505 1408 2743 1482 lapidem
2785 1408 2940 1477 quasi
2971 1406 3226 1462 duratum
3281 1413 3388 1460 est.
3419 1405 3473 1460 Is
3543 1412 3703 1460 status

443 1502 704 1570 temporis
737 1511 873 1567 erat,
905 1517 1015 1572 quo
1044 1511 1290 1573 tempore
1318 1511 1595 1560 certamen
1633 1509 2015 1581 peragebatur,
2056 1509 2200 1565 malo
2231 1515 2429 1580 praeter
2451 1513 2705 1561 naturam
2773 1502 2991 1558 ﬂatibus
3039 1500 3351 1557 borealibus
3411 1498 3702 1554 incremen-

444 1599 554 1644 tum
589 1599 788 1646 nacto:
828 1592 1286 1662 quemadmodum
1319 1597 1510 1654 audire
1543 1599 1668 1656 licet
1697 1617 1763 1656 ex
1790 1602 1857 1657 iis
1892 1603 1984 1672 qui
2021 1601 2292 1661 miracula
2322 1607 2624 1671 exponunt.

509 1680 876 1752 Posteaquam
922 1684 1092 1755 igitur
1144 1687 1293 1743 clare
1331 1704 1530 1745 nomen
1562 1691 1766 1747 Christi
1799 1694 2014 1764 publice

2134 1693 2354 1765 Ἐπειδὴ
2398 1691 2580 1745 τοίνυν
2629 1686 2899 1761 λαμπρῶς
2935 1684 2995 1740 τὸ
3040 1683 3209 1754 ὄνομα
3245 1681 3339 1735 τοῦ
3385 1682 3593 1751 Κυρίου
3617 1681 3702 1751 δην

443 1772 842 1841 praedicassent
873 1815 890 1842 ,
941 1784 995 1832 et
1041 1792 1138 1848 per
1177 1780 1448 1849 ejusmodi
1511 1785 1842 1853 praeconium
1898 1801 2018 1841 sese

2132 1783 2294 1856 μοσία
2317 1780 2671 1854 κηρύξαντες,
2712 1777 2807 1832 καὶ
2845 1777 2943 1849 ἤδη
2996 1771 3318 1842 στεφανίτας
3364 1770 3595 1834 ἑαυτοὺς
3626 1770 3704 1822 διὰ

439 1879 554 1932 jam
611 1866 898 1934 (victoria:
950 1869 1214 1941 nomine)
1245 1883 1538 1929 coronatos
1570 1889 1692 1930 esse
1746 1875 2021 1933 declaras-

443 1964 565 2008 scnt
591 1996 604 2014 .
639 1964 692 2009 et
742 1957 1031 2012 tenderent
1087 1960 1153 2014 ad
1192 1964 1389 2019 mortis
1439 1968 2018 2034 consummationem,

443 2044 532 2098 hic
571 2047 767 2102 ιιιυιιιιε
798 2050 1120 2106 certaminis
1163 2053 1244 2108 eis
1273 2053 1619 2125 excogitatus
1650 2066 1753 2112 est.
1789 2058 2020 2130 Imperat

443 2145 711 2207 tyrannus
735 2149 790 2193 ut
815 2141 937 2210 gelu
960 2142 1172 2199 athletae
1195 2149 1494 2202 excruciati
1516 2151 2016 2221 exstinguerentur.

443 2226 487 2280 0
542 2228 914 2284 inﬁrmitatem
961 2233 1322 2292 verborumet
1368 2239 1806 2296 sententiarum!
1842 2259 2017 2314 quan-

443 2329 556 2372 tum
587 2319 737 2374 abcst
770 2336 797 2372 a
831 2321 1096 2393 dignitate
1117 2329 1330 2382 oratio!
1361 2328 1644 2385 Sententia
1675 2334 1869 2389 mortis
1900 2350 2018 2405 po:-

441 2423 568 2462 nam
601 2409 850 2482 irrogans
886 2419 940 2467 et
965 2415 1085 2485 gelu
1112 2455 1126 2478 ,
1158 2425 1212 2471 ct
1251 2420 1601 2490 suriplicium,
1635 2432 1688 2476 et
1738 2435 2021 2495 exspecta-

443 2502 522 2556 tio
556 2503 682 2558 talis
738 2518 955 2573 paenae:
999 2516 1052 2561 et
1091 2508 1250 2564 beata
1299 2512 1562 2580 juventus
1601 2529 1699 2584 per
1750 2517 1922 2571 risum
1965 2525 2019 2571 et

439 2591 625 2660 joeum
675 2601 727 2647 et
763 2593 1089 2652 hilaritatem
1137 2599 1203 2652 ad
1252 2601 1431 2657 locum
1492 2605 1747 2673 supplicii
1787 2614 2018 2662 conten-

441 2682 603 2736 debat
632 2701 645 2749 ;
678 2697 876 2740 cursus
908 2696 1026 2740 crat
1059 2689 1389 2744 athletarum
1415 2693 1478 2746 ad
1512 2697 1863 2762 passionem;
1897 2712 2021 2752 cur-

440 2789 538 2827 sus
567 2782 620 2828 et
648 2789 804 2829 sacer
852 2787 906 2830 et
947 2777 1229 2846 incitatus,
1263 2790 1316 2835 et
1361 2787 1641 2840 contentio
1672 2787 2017 2858 prmripicndi

440 2879 701 2919 coronam
741 2866 1150 2923 confessionis:
1209 2887 1307 2941 par
1335 2875 1416 2927 eis
1443 2875 1684 2930 studium
1731 2878 1796 2931 ad
1843 2877 2016 2932 victo-

442 2954 578 3007 riam
610 2964 750 3022 erat,
800 2971 962 3012 nemo
1017 2958 1186 3014 animi
1258 2963 1688 3031 promptitudine
1748 2967 2020 3036 posterior

442 3045 596 3101 visus
633 3054 746 3110 est;
799 3047 892 3102 sed
930 3049 1267 3105 unanimiter
1321 3053 1560 3109 universi
1608 3055 1710 3110 hoc
1747 3071 2017 3129 occupato

443 3139 596 3203 loco,
653 3139 887 3209 publicis
945 3141 1174 3210 perinde
1202 3144 1360 3213 quasi
1418 3145 1629 3202 balneis
1678 3121 2089 3216 vacaret,etc

439 3230 598 3300 quasi
641 3239 751 3284 tum
785 3231 884 3302 ipsi
932 3234 1154 3289 lavacro
1204 3249 1433 3306 corpora
1485 3240 1732 3294 curaturi
1761 3251 1814 3296 et
1858 3243 2019 3298 ablu~

442 3321 550 3377 turi
582 3331 768 3377 essent
791 3365 805 3387 ,
850 3323 994 3378 haud
1028 3332 1354 3380 cunctanter
1390 3328 1700 3383 tunicarum
1757 3331 2017 3387 amictum

439 3410 811 3481 deponebant,
854 3415 1064 3469 dictum
1106 3415 1240 3469 illud
1274 3415 1396 3471 Jobi
1430 3433 1623 3476 omnes
1655 3421 1972 3490 adjicientes
2001 3442 2015 3479 ε

443 3501 586 3558 Nudi
624 3505 970 3560 introirimus
1005 3505 1062 3560 in
1095 3507 1396 3573 mundum,
1444 3509 1574 3564 nudi
1613 3509 1681 3565 ad
1719 3527 1842 3568 eum
1869 3553 1884 3576 ,
1923 3513 2018 3584 qui

442 3601 460 3666 (
495 3597 602 3650 huc
642 3596 783 3666 nos)
813 3597 1124 3652 introduxit
1148 3639 1162 3664 ,
1197 3599 1473 3656 abibimus
1496 3602 1576 3668 ¹¹;
1613 3603 1751 3658 nihil
1812 3605 2017 3676 impor-

442 3694 680 3747 tavimus
747 3693 801 3746 in
834 3693 1120 3758 mundum,
1160 3709 1226 3747 ne
1259 3702 1550 3764 exportare
1589 3696 1810 3766 quidem
1854 3698 2016 3769 quid-

441 3799 602 3854 quam
630 3783 892 3838 debemus
919 3785 960 3814 "
985 3803 998 3838 :
1025 3784 1136 3838 imo
1167 3801 1295 3840 vero
1335 3785 1466 3840 nudi
1504 3786 1760 3857 ingressi,
1795 3789 2018 3845 thesauc

444 3892 629 3929 rerum
661 3891 726 3928 ex
757 3875 898 3929 bona
933 3875 1282 3932 confessione
1317 3879 1674 3933 collectorum
1731 3881 1874 3950 pleni
1915 3883 2016 3936 ab-

443 3966 665 4020 ihimus.
705 3963 831 4019 lhec
851 3964 1118 4032 dicentes,
1149 3976 1203 4022 et
1236 3967 1505 4037 ejusmodi
1541 3971 1725 4026 verbis
1751 3987 1870 4028 sese
1899 3974 2018 4028 ani-

443 4065 656 4113 mantes
685 4067 737 4113 et
765 4057 1154 4114 confirmantes
1180 4098 1194 4125 ,
1247 4075 1447 4129 corpus
1511 4059 1701 4132 frigori
1735 4065 2017 4120 constrin-

443 4148 676 4219 gcudum
721 4148 926 4203 dabant
952 4188 966 4211 .
1000 4162 1064 4203 ac
1097 4149 1489 4206 elementorum
1533 4151 1750 4223 quidem
1821 4167 2018 4213 natura

451 4241 817 4312 cougelatioui
849 4241 1240 4297 succumbebat
1272 4257 1285 4294 :
1313 4251 1613 4315 martyrum
1641 4260 1769 4301 vero
1798 4255 2016 4313 natura,

447 4335 603 4402 quasi
629 4333 892 4387 indomita
915 4343 1078 4404 atque
1110 4334 1310 4389 invicta
1344 4343 1484 4403 erat;
1519 4336 1629 4392 imo
1655 4353 1789 4393 vero
1810 4347 2020 4394 naturae

2125 1875 2226 1946 τῆς
2250 1875 2503 1943 τοιαύτης
2527 1872 2879 1943 ἀναρρήσεως
2906 1867 3197 1935 δείξαντες,
3227 1862 3472 1935 ἐχώρουν
3503 1863 3595 1915 ἐπὶ
3615 1863 3702 1932 τήν

2125 1965 2212 2018 διά
2251 1963 2343 2018 τοῦ
2391 1963 2619 2018 Θανάτου
2660 1962 2958 2022 τελείωσιν,
3002 1953 3158 2020 οὗτος
3211 1956 3394 2018 αὐτοῖς
3446 1951 3692 2022 ἐπενοήθη

2126 2056 2224 2126 τῆς
2254 2054 2532 2126 ἀθλήσεως
2565 2056 2595 2106 6
2624 2052 2849 2124 τρόπος*
2890 2049 3219 2121 Πρόσταγμα
3247 2045 3457 2114 γίνεται
3496 2042 3588 2096 τού
3613 2059 3694 2094 τυ-

2129 2149 2340 2220 ράννου,
2367 2145 2567 2217 κρυμῷ
2601 2145 2727 2206 τοὺς
2766 2141 3003 2213 ἀθλητὰς
3047 2136 3486 2210 τιμωρήσασθαι.
3522 2136 3582 2188 ’Ὠ
3607 2137 3690 2205 τῆς

2125 2238 2405 2303 ἀσθενείας
2433 2239 2527 2293 καὶ
2546 2237 2652 2292 τῶν
2679 2237 2937 2309 ῥημάτων
2961 2234 3054 2288 καὶ
3079 2231 3188 2285 τῶν
3208 2229 3531 2302 νοημάτωνί
3553 2229 3692 2282 Ὅσον

2125 2330 2475 2386 ἀπολείπεται
2505 2330 2602 2400 τῆς
2629 2329 2784 2397 ἀξίας
2807 2329 2835 2381 6
2862 2328 3053 2396 λόγοςί
3088 2325 3328 2379 Θανάτου
3360 2324 3688 2396 πρόσταγμα,

2126 2426 2221 2478 καὶ
2258 2422 2485 2494 κρυμὸς,
2514 2421 2609 2476 καὶ
2647 2420 2907 2492 τιμωρία,
2946 2418 3040 2472 καὶ
3068 2416 3360 2488 προσδοκία
3400 2415 3504 2485 τῆς
3533 2413 3691 2468 τοιαύ-

2124 2533 2222 2587 της
2255 2515 2527 2578 κολάσεως
2547 2531 2561 2545 ·
2603 2513 2750 2584 καὶὴ
2783 2511 3028 2583 μακαρία
3059 2509 3245 2580 νεότης
3287 2509 3346 2562 ἐν
3378 2506 3574 2576 γέλωτι
3611 2506 3691 2558 καὶ

2125 2608 2313 2678 παιδιᾷ
2346 2607 2440 2662 καὶ
2475 2605 2792 2678 φαιδρότητι
2837 2606 2929 2658 τδιν
2970 2605 3067 2673 τῆς
3113 2601 3384 2673 τιμωρίας
3440 2598 3692 2668 κατελάμ-

2127 2699 2253 2752 ϐανε
2280 2698 2469 2751 τόπονο
2495 2697 2694 2768 δρόμος
2740 2691 2808 2767 ἦν
2853 2693 3097 2764 ἀθλητῶν
3129 2693 3223 2744 ἐπὶ
3256 2691 3314 2745 τὸ
3349 2690 3550 2752 πάθος,
3583 2689 3687 2758 δρό-

2135 2808 2232 2862 μος
2261 2791 2404 2860 ἱερός
2447 2807 2505 2842 τε
2554 2790 2650 2843 καὶ
2684 2789 2967 2851 σύντονος·
2995 2786 3088 2840 καὶ
3128 2783 3420 2854 φιλονεικία
3452 2782 3543 2835 τοῦ
3573 2797 3695 2851 προ-

2125 2881 2367 2950 αρπάσαι
2397 2879 2494 2950 τῆς
2525 2879 2810 2949 ὁμολογίας
2857 2879 2946 2931 τὸν
2991 2876 3248 2945 στέφανον
3268 2891 3282 2905 ·
3316 2873 3404 2943 ἴση
3452 2873 3581 2940 πρὸς
3610 2871 3695 2940 τὴν

2125 2973 2279 3042 νίκην
2312 2967 2379 3042 ἦν
2412 2972 2594 3034 αὐτοῖς
2631 2973 2664 3042 ἡ
2715 2968 2946 3040 σπουδή·
2986 2967 3161 3029 οὐδεὶς
3194 2965 3418 3037 ὕστερος
3450 2963 3600 3033 «To-ger,
3635 2964 3695 3030 τῇ

2125 3063 2420 3136 προθυμία·
2471 3063 2585 3116 ἀλλ’
2621 3060 2961 3134 ὁμοθυμαδὸν
3007 3058 3244 3121 ἅπαντες
3289 3058 3501 3110 τουτονὶ
3533 3071 3689 3107 κατα-

2121 3155 2372 3218 λαϐόντες
2417 3155 2508 3207 τὸν
2559 3155 2744 3216 τόπον,
2802 3153 2933 3205 ὡσεὶ
2990 3150 3268 3222 δημοσίοις
3306 3149 3426 3202 τότε
3469 3148 3703 3216 λουτροῖς

2121 3247 2466 3318 σχολάζοντα,
2487 3245 2563 3309 ὡς
2589 3247 2682 3299 καὶ
2710 3243 2864 3297 αὐτοὶ
2895 3242 3176 3314 μέλλοντες
3200 3240 3278 3311 τῷ
3305 3239 3516 3311 λουτρῷ
3536 3255 3698 3292 κατα-

2121 3340 2426 3412 φαιδρύνειν
2469 3338 2537 3392 τὰ
2585 3336 2844 3408 σώματα,
2891 3334 3120 3406 ἑτοίμως
3167 3334 3264 3405 τὴν
3309 3333 3418 3386 τῶν
3468 3331 3711 3403 χιτώνων

2067 3475 2074 3480 .
2119 3431 2409 3503 περιϐολὴν
2437 3427 2772 3490 ἀπετίθεντο,
2793 3425 2854 3480 τὸ
2880 3427 2973 3480 τοῦ
3012 3424 3132 3479 ’1ὼό
3155 3425 3353 3487 πάντες
3380 3418 3703 3490 ἐπιφθεγγό-

2123 3539 2301 3594 μενοι,
2326 3520 2407 3574 ὂτι
2435 3519 2635 3591 Γυμνοὶ
2665 3516 2982 3589 εἰσήλθομεν
3014 3518 3095 3579 είς
3118 3515 3213 3568 τὸν
3257 3513 3472 3583 κόσμον,
3505 3513 3708 3581 γυμνοὶ

2120 3614 2255 3682 πρὸς
2315 3613 2406 3666 τὸν
2473 3610 2833 3680 εἰσαγαγόντα
2899 3607 3344 3678 ἀπελευσόμεθαο
3389 3603 3541 3657 οὐδὲν
3590 3605 3707 3655 εἰσ-

2118 3702 2427 3774 ηνέγκαμεν
2461 3701 2540 3764 είς
2567 3699 2659 3753 τὸν
2697 3698 2921 3769 κόσμον,
2953 3696 3106 3750 οὐδὲν
3138 3695 3427 3762 ἐξενεγκεῖν
3459 3709 3513 3743 τι
3544 3691 3708 3760 ὀφεί-

2117 3793 2282 3864 λομεν
2302 3807 2316 3822 ·
2343 3790 2541 3861 μᾶλλον
2569 3790 2624 3843 δέ
2652 3790 2848 3860 γυμνοὶ
2877 3786 3226 3850 εἰσελθόντες,
3253 3783 3470 3855 πλήρεις
3499 3782 3710 3853 θησαν

2123 3885 2230 3956 ρῶν
2275 3883 2381 3936 τῶν
2427 3883 2492 3936 ἐκ
2537 3881 2640 3952 τῆς
2684 3879 2891 3948 ἀγαθῆς
2935 3877 3223 3948 ὁμολογίας
3272 3872 3704 3943 ἀπελευσόμεθα.

2118 3975 2304 4031 Ταῦτα
2329 3973 2595 4043 λέγοντες,
2626 3973 2719 4026 καὶ
2751 3969 3011 4033 τοιούτοις
3053 3969 3280 4030 ἑαυτοὺς
3316 3966 3498 4035 λόγοις
3528 3982 3703 4036 παραυ

2119 4067 2493 4140 θαρσύνοντες,
2526 4065 2766 4118 ἐδίδοσαν
2795 4065 2862 4134 τῇ
2889 4061 3046 4132 πήξει
3087 4060 3147 4113 τὸ
3201 4060 3379 4130 σῶμαο
3414 4058 3513 4112 καὶ
3542 4060 3577 4129 ή
3613 4059 3706 4128 μὲν

2118 4161 2228 4215 τῶν
2277 4158 2553 4231 στοιχείων
2601 4157 2763 4228 φύσις
2806 4156 3194 4226 κατεκρατεῖτο
3239 4156 3305 4224 τῇ
3352 4152 3553 4223 πήξειο
3583 4154 3616 4220 ἡ
3652 4151 3707 4204 δὲ

2117 4249 2227 4304 τῶν
2254 4248 2545 4322 μαρτύρων
2582 4247 2762 4318 φύσις,
2789 4246 2865 4310 ὼς
2907 4244 3204 4308 ἀδούλωτος
3239 4239 3327 4315 ἦν·
3357 4242 3564 4312 μᾶλλον
3590 4243 3646 4295 δὲ
3671 4244 3708 4310 ἡ

2123 4341 2222 4412 μὲν
2261 4341 2422 4411 φύσις
2468 4340 2530 4393 τὸ
2571 4341 2770 4392 οἰκεῖον
2809 4338 3036 4408 ἔπασχε,
3083 4334 3178 4389 καὶ
3209 4335 3279 4388 τά
3305 4333 3533 4402 ἀλγεινά
3572 4348 3701 4401 παρ-

443 4425 660 4496 quidem
703 4426 777 4489 id,
833 4425 976 4497 quod
1021 4442 1117 4496 par
1149 4434 1203 4481 et
1232 4436 1658 4485 consentaneum
1686 4439 1803 4486 erat
1828 4472 1842 4496 ,
1868 4434 2014 4488 acci-

2122 4435 2367 4506 εδέχετο·
2412 4435 2446 4507 ἡ
2497 4434 2554 4488 δὲ
2595 4433 2932 4505 μεγαλοφυτα
2967 4432 3073 4486 τῶν
3112 4431 3380 4502 ἀθλητῶν,
3430 4432 3534 4486 καὶ
3579 4428 3702 4500 πρὸς

443 4516 652 4569 debat:
707 4514 908 4586 quippe
969 4515 1248 4571 cruciatus
1336 4517 1585 4586 capiebat
1626 4536 1640 4572 :
1684 4518 2012 4574 athletarum

443 4623 574 4661 vero
602 4603 919 4676 magnitudo
965 4604 1131 4658 animi
1170 4605 1332 4660 etiam
1391 4605 1652 4665 adversus
1697 4609 1868 4680 ipsam
1917 4626 2014 4664 na-

443 4709 622 4752 turam
679 4694 1014 4750 decertabat.
1075 4693 1209 4749 Nam
1267 4695 1414 4753 vires
1483 4699 1702 4768 quidem
1767 4704 2014 4771 corporis

444 4788 857 4858 constringente
898 4787 1021 4858 gelu
1055 4786 1508 4844 contabescentes
1550 4790 1806 4859 paulatim
1834 4794 2014 4848 solve-

444 4881 642 4933 bantur
661 4889 716 4936 et
748 4879 1250 4943 consumebantur;
1283 4878 1450 4934 animi
1495 4896 1626 4937 vero
1664 4881 1818 4951 vigor
1841 4882 2017 4954 major

443 4973 743 5038 evadebat;
787 4972 1134 5042 nigrescebat
1174 4972 1394 5041 quidem
1435 4973 1606 5028 decor
1643 4975 1913 5044 corporis,
1949 4991 2015 5032 ac

444 5061 797 5132 pulchritudo
845 5060 1256 5125 deﬂorescebat,
1292 5071 1345 5116 et
1391 5062 1576 5119 carnis
1631 5062 1810 5120 bonus
1863 5065 2015 5120 color

443 5153 838 5220 cvancsecbat;
869 5153 1182 5208 deﬂuebant
1206 5152 1359 5224 digiti
1392 5154 1513 5223 gelu
1547 5155 1810 5224 paulatim
1835 5157 2012 5226 carpti

444 5255 605 5314 atque
645 5243 812 5299 accisi
845 5282 860 5308 ,
911 5243 1263 5312 membraque
1296 5245 1478 5298 omnia
1521 5261 1584 5300 ac
1632 5262 1897 5303 sensuum
1925 5249 2014 5304 in-

443 5346 748 5392 strttmrnta
781 5336 987 5391 saevitia
1019 5336 1240 5405 frigoris
1273 5337 1478 5408 passim
1501 5337 1917 5410 frangebantur,
1950 5357 2014 5397 ac

443 5428 847 5483 dilabebantur.
896 5427 1194 5484 Livescens
1257 5427 1403 5482 enim
1469 5443 1600 5484 caro
1651 5431 1911 5500 paulatim
1959 5441 2015 5488 et

444 5519 816 5576 intumescens
853 5535 977 5573 cum
1025 5520 1173 5573 circa
1230 5519 1474 5574 membra
1533 5519 1899 5590 scinderetur,
1945 5526 2014 5580 ab

443 5611 666 5665 ossibus
688 5610 979 5677 deﬂuebat,
1017 5625 1083 5666 ac
1132 5608 1404 5666 mortiferi
1467 5611 1747 5670 cruciatus
1807 5615 2011 5672 senticc

521 5789 560 5819 ¹¹
589 5786 690 5840 Job
732 5803 771 5848 ι,
802 5786 887 5840 21.
971 5789 1050 5842 ¹²1
1088 5788 1325 5843 Timoth.
1361 5805 1434 5856 γι,
1467 5791 1518 5841 7.

2120 4525 2287 4596 αὐτὴν
2323 4527 2421 4598 τὴν
2462 4525 2623 4594 φύσιν
2667 4525 3032 4595 διηγωνίζετο.
3078 4523 3143 4576 Ἦ
3191 4523 3291 4593 μὲν
3329 4521 3438 4592 γάρ
3479 4522 3700 4591 δύναμις

2120 4615 2262 4670 κατά
2295 4616 2488 4687 μικρὸν
2515 4615 2770 4681 διελύετο,
2805 4612 3172 4687 μαραινομένῃ
3213 4614 3306 4667 καὶ
3336 4612 3708 4684 δαπανωμένπ

2117 4707 2205 4761 διά
2237 4708 2335 4778 τῆς
2362 4707 2611 4779 πήξεωςο
2657 4710 2686 4761 6
2719 4708 2776 4760 δὲ
2811 4708 2909 4778 τῆς
2943 4707 3121 4777 ψυχῆς
3139 4705 3309 4769 τόνος,
3349 4703 3566 4774 μείζων
3600 4703 3700 4771 ἐγί’

2120 4817 2240 4853 νετο
2258 4815 2272 4829 ’
2304 4801 2618 4871 ἐμελαίνετο
2650 4801 2748 4870 μὲν
2777 4802 2808 4870 ή
2842 4799 2961 4870 ὥρα
2990 4798 3082 4852 τοῦ
3110 4798 3376 4867 σώματος,
3396 4796 3504 4849 καὶ
3533 4798 3702 4864 ἀπήν-

2117 4891 2199 4945 θει
2228 4891 2288 4946 τὸ
2313 4891 2528 4956 κάλλος,
2551 4893 2647 4945 καὶ
2678 4891 2738 4944 τὸ
2759 4891 2860 4961 τῆς
2887 4890 3088 4962 σαρκὸς
3111 4888 3341 4960 εὖχρουν
3359 4885 3702 4958 κατεμαραί-

2115 4999 2265 5037 νετο·
2315 4983 2584 5054 ἀπέρρεον
2641 4983 2912 5046 δάκτυλοι,
2970 4981 3048 5052 τῷ
3100 4979 3296 5053 κρυμῷ
3346 4980 3478 5033 κατ’
3532 4980 3694 5046 ὀλίγον

2114 5075 2586 5145 περικοπτόμενοι,
2615 5073 2750 5144 μέλη
2793 5090 2852 5126 τε
2901 5072 3078 5127 πάντα
3120 5072 3216 5126 καὶ
3260 5068 3605 5141 αἰσθητήρια
3643 5068 3691 5135 τῇ

2113 5165 2309 5236 πικρία
2337 5164 2430 5218 τοῦ
2473 5165 2672 5236 κρύους
2704 5155 3116 5236 περιεθρύφετο.
3153 5161 3563 5232 Πελιδνουμένη
3602 5158 3690 5227 γὰρ

2121 5254 2242 5306 κατ’
2269 5252 2506 5326 ὀλίγονή
2551 5252 2706 5327 σὰρξ,
2739 5254 2833 5308 καὶ
2877 5253 3143 5308 διοιδοῦσα
3183 5253 3277 5307 καὶ
3312 5250 3690 5323 περιλακιζουο

2123 5343 2258 5415 μένη
2288 5347 2401 5409 τοῖς
2469 5346 2674 5416 μέλεσι,
2713 5346 2823 5400 τῶν
2869 5345 3068 5400 ὀστέων
3093 5345 3352 5417 ἀπέρρεε,
3382 5343 3487 5397 καὶ
3513 5342 3582 5397 τά
3603 5339 3690 5408 τῆς

2119 5435 2440 5507 νεκρότητος
2464 5423 2610 5510 πάθη
2639 5440 2697 5492 ἐν
2721 5441 2970 5514 αἰσθήσει
3001 5440 3232 5509 ἐδέχετο.
3259 5435 3368 5488 Καὶ
3392 5433 3573 5497 οὕτως
3594 5431 3690 5482 αὐε-

2118 5529 2229 5592 τοῖς
2255 5529 2395 5583 κατὰ
2427 5531 2620 5603 μικρὸν
2641 5533 2668 5586 ὁ
2697 5532 2924 5598 θάνατος
2947 5531 3149 5606 προῖὼν
3183 5527 3494 5600 ἐμηκύνετο
3524 5521 3694 5595 τρισὶν

2117 5619 2348 5692 ἡμέραις
2398 5625 2872 5697 παρατεινόμενος.
2919 5627 3098 5698 Μέχρι
3140 5623 3246 5696 γὰρ
3299 5637 3559 5676 τοσουτου
3596 5615 3695 5685 τῆς
