3918 6204
164 215 265 273 769

1256 209 1328 267 ΙΝ
1380 206 1887 278 QUADRAGINTA
1925 205 2335 289 llAllTYRES.

3320 212 3424 271 '70

164 328 457 400 αἰτοήσεως
506 326 690 393 αὐτοῖς
745 325 1110 400 διαρκούσης,
1162 325 1383 398 ἔμειναν
1436 327 1522 397 ἐφ’
1573 318 1642 399 ἦς
1685 322 1746 390 ἐξ

1850 328 2067 380 bantur.
2121 325 2296 396 Atque
2338 318 2412 379 ita
2448 338 2597 380 mors
2644 321 2726 382 eis
2786 324 3048 396 paulatim
3087 337 3153 379 ac
3218 327 3425 380 sensim

164 420 324 491 ἀρχῆς
361 417 670 489 ἐτάχθησαν
707 417 931 483 τάξεως,
971 416 1059 470 διὰ
1107 417 1323 472 πάντων
1352 416 1570 486 νικηταὶ
1604 415 1746 469 κατά

163 525 246 561 του
281 506 527 561 ἐναντίου
556 506 854 576 γινόμενοι.
896 505 1055 560 Ἀλλά
1080 506 1163 569 τίς
1196 505 1263 561 ἄν
1298 523 1387 576 μοι
1412 505 1477 560 τά
1503 505 1595 559 ἐπὶ
1622 505 1746 558 τού-

162 616 263 663 τοις
290 599 428 671 πρὸς
460 597 618 665 ἀξίαν
646 598 1063 669 ὲκδιηγήσαιτο;
1097 596 1194 662 Τίς
1243 597 1552 670 ὑπογράψει
1590 597 1747 665 λόγος

161 694 247 764 τὴν
281 693 432 747 θείαν
480 690 695 762 ἐκείνην
732 688 980 761 πομπὴν,
1012 689 1101 743 ὅτε
1148 688 1219 743 τὰ
1253 687 1384 758 ἀγια
1426 687 1651 758 σώματα
1677 687 1752 741 διτ

165 786 383 857 ἁμαξῶν
415 784 507 838 ἐπὶ
539 783 602 837 τὸ
634 782 749 856 πῦρ
773 780 1148 854 circumdato;
1186 780 1310 845 Πῶς
1342 779 1466 833 ἀντὶ
1491 779 1587 833 τοῦ
1616 779 1746 833 κλα-

160 877 345 940 πέντος
391 874 496 928 ὑπὸ
548 873 645 928 τοῦ
685 873 931 927 διαῦὀλου
977 870 1305 943 ἀντεισήχοη
1341 868 1422 941 τῷ
1459 869 1677 942 ἀριθμῷ
1717 871 1746 923 6

158 966 490 1042 δεσμοφύλαξ
516 965 623 1019 ὑπὸ
647 968 747 1037 τῆς
774 965 1029 1037 χάριτος;
1060 962 1157 1029 Τίς
1186 979 1277 1035 μοι
1303 962 1617 1034 διηγήσεται
1645 961 1745 1033 τὴν

161 1059 367 1132 μητέρα
392 1056 609 1128 ἐκείνην
659 1055 760 1127 τὴν
802 1055 960 1122 ἀξίαν
1016 1053 1114 1107 τοῦ
1169 1053 1445 1124 μάρτυρος
1492 1052 1675 1124 ῥίζαν,
1709 1053 1743 1122 ἢ

159 1148 585 1217 καταλειφθέντα
622 1146 727 1201 ὑπὸ
770 1145 867 1201 τοῦ
904 1145 1101 1218 δημίου
1147 1144 1239 1198 τὸν
1278 1144 1339 1210 ἐξ
1375 1144 1565 1216 αὐτῆς,
1611 1142 1743 1198 διότι

156 1244 389 1315 ἔμπνους
412 1238 502 1313 ἦν,
530 1241 622 1294 καὶ
648 1238 739 1294 διά
767 1237 924 1293 τοῦτο
954 1237 1030 1309 μὴ
1059 1235 1437 1307 ἀναληφθέντα
1465 1235 1610 1308 μετὰ
1636 1236 1745 1290 τῶν

158 1335 331 1391 ἀλλων
364 1334 458 1389 ἐπὶ
484 1333 585 1407 τὴν
639 1331 879 1405 ἄμαξαν,
928 1327 1117 1402 ἐπειδὴ
1158 1324 1265 1383 εἶδε
1300 1328 1400 1401 τὴν
1441 1328 1744 1402 φιλανθρω-

155 1426 280 1480 πίαν
328 1422 423 1479 τοῦ
481 1421 677 1493 δημίου
722 1421 817 1475 ἐπὶ
869 1419 962 1474 τὸν
1016 1418 1266 1491 ἀριστέα,
1299 1417 1399 1488 τὴν
1452 1415 1606 1488 ὓϐριν
1643 1417 1745 1470 οὐκ

151 1520 412 1588 ήνεγκεν·
453 1515 568 1570 ἀλλ’
602 1516 808 1569 ἐκεῖνον
852 1513 952 1583 μὲν
1002 1510 1280 1583 ἐλοιδόρει,
1327 1510 1409 1565 ὅτι
1450 1510 1559 1563 τῶν
1614 1526 1743 1565 συν-

154 1607 466 1678 αγωνιστῶν
496 1606 588 1661 τὸν
624 1605 865 1679 ἀθλητὴν
885 1604 1292 1675 ἀπεσχοίνισεν·
1321 1600 1458 1673 αὕτη
1480 1600 1539 1655 δὲ
1566 1617 1745 1672 παρα-

1856 418 2218 489 progrcdiens
2270 417 2717 489 protrahebatur,
2753 418 2933 473 tribus
2968 417 3166 473 diebus
3195 417 3425 473 durans.

1850 508 1986 564 Nam
2021 510 2089 564 ad
2122 510 2173 564 id
2202 526 2380 580 usque
2421 510 2660 581 spatium
2722 523 2886 564 sensu
2921 524 3111 565 eorum
3152 508 3385 565 durante
3409 550 3425 574 ,

1850 611 2178 659 manserunt
2229 603 2284 658 in
2322 617 2388 659 eo
2436 604 2557 657 loco
2602 601 2658 656 in
2696 615 2804 671 quo
2857 601 2927 656 ah
2980 600 3136 658 initio
3172 600 3427 656 collocati

1851 703 2032 762 erant,
2090 709 2191 767 per
2222 695 2405 751 omnia
2474 693 2772 749 adversarii
2824 692 3065 748 victores
3096 693 3419 750 evaJentes.

1854 785 1961 843 Sed
2006 787 2132 857 quis
2165 786 2414 851 mihiea,
2456 798 2577 855 qua:
2626 791 2926 838 consecuta
2986 790 3114 837 sunt
3153 822 3169 847 ,
3217 798 3316 852 pro
3344 783 3428 837 di-

1851 875 2059 947 gnitate
2098 888 2370 945 exponere
2413 873 2633 945 possit?
2668 872 2926 938 Quaenam
2972 872 3150 928 oratio
3186 872 3428 927 divinam

1852 966 2002 1021 illam
2056 981 2308 1038 pompam
2339 966 2614 1022 descrihet
2648 979 2773 1019 cum
2822 973 3012 1018 sancta
3062 963 3156 1017 illa
3194 977 3427 1033 corpora

1852 1057 2117 1128 plaustris
2156 1055 2226 1110 ad
2257 1056 2439 1127 ignem
2466 1053 2852 1112 veherentur?
2903 1053 3021 1121 Qua
3073 1052 3290 1109 ratione
3330 1069 3433 1123 pro

1851 1160 1918 1201 eo
1947 1146 2040 1217 qui
2070 1146 2139 1201 ah
2183 1145 2402 1201 diabolo
2430 1145 2739 1202 subductus
2767 1150 2909 1210 erat,
2962 1142 3029 1196 ad
3059 1143 3430 1212 supplendum

1854 1253 2146 1292 numerum
2213 1248 2405 1295 custos
2474 1239 2715 1293 carceris
2771 1251 2801 1289 a
2848 1234 3023 1306 gratia
3078 1235 3431 1291 introductus

1849 1340 1904 1388 et
1930 1330 2154 1401 reliquis
2208 1330 2500 1400 adjunctus
2549 1329 2667 1386 sit?
2706 1328 2840 1397 Quis
2896 1328 3029 1384 mihi
3090 1336 3325 1396 exponet
3362 1327 3432 1382 de

1850 1427 2029 1478 matre
2077 1420 2175 1475 illa
2203 1460 2218 1485 ,
2256 1421 2420 1492 digna
2472 1435 2595 1491 quae
2627 1432 2921 1492 martyrem
2976 1418 3301 1491 produxerit
3343 1434 3433 1471 ra-

1851 1512 1997 1581 dice,
2047 1527 2170 1583 quae
2195 1527 2264 1568 ex
2291 1526 2414 1568 sese
2446 1519 2577 1566 nato
2624 1526 2655 1566 a
2710 1513 2969 1568 carniﬁce
3014 1511 3205 1568 relicto
3239 1550 3255 1577 ,
3288 1525 3414 1581 pro-

1851 1613 2041 1676 pterea
2064 1603 2209 1676 quod
2231 1604 2396 1660 etiam
2424 1618 2574 1659 nunc
2595 1603 2850 1676 spiraret.
2873 1614 2930 1667 et
2954 1603 3163 1659 idcirco
3184 1618 3307 1658 cum
3323 1617 3432 1657 cte-

152 1701 326 1753 στᾶσα
360 1696 439 1768 τῷ
477 1696 746 1769 μάρτυρι,
781 1695 882 1767 ήδη
929 1693 1290 1765 νεναρκηκότι
1334 1693 1431 1747 καὶ
1475 1692 1746 1763 ἀκινήτως

1849 1696 1983 1754 teris
2012 1695 2069 1752 in
2104 1696 2417 1766 plaustrum
2440 1694 2693 1749 sublatus
2730 1709 2841 1750 non
2869 1702 3037 1758 esset,
3078 1702 3139 1748 ut
3160 1693 3295 1749 vidit
3328 1693 3430 1747 hu-

154 1790 257 1844 ὑπὸ
280 1789 385 1860 τῆς
411 1787 627 1860 πήξεως
658 1786 852 1858 ἔχοντι,
882 1787 976 1840 καὶ
1009 1784 1192 1841 ἰδοῦσα
1232 1783 1425 1857 ψυχρῷ
1464 1785 1559 1838 καὶ
1582 1783 1745 1838 ἀσθε-

149 1884 232 1935 νεῖ
256 1880 340 1950 τῷ
371 1879 608 1952 ἄσθματι
646 1878 1022 1950 συνεχόμενον,
1058 1876 1312 1932 τοσοῦτον
1349 1875 1527 1942 ζῶντα
1563 1874 1745 1947 μόνον,

150 1973 274 2026 ὅσον
298 1972 408 2027 τῶν
432 1969 696 2041 ἀλγεινῶν
722 1968 1164 2036 ὲπαισθάνεσθαι,
1190 1968 1418 2040 ἀμυδρῷ
1446 1968 1539 2021 καὶ
1571 1983 1749 2038 μεμα-

152 2063 411 2135 ρασμένῳ
454 2062 532 2134 τῷ
560 2062 833 2134 βλέμματι
882 2060 981 2132 τὴν
1034 2060 1245 2133 μητέρα
1287 2058 1481 2114 ἑαυτοῦ
1514 2059 1747 2112 ὑποϐλέ-

150 2171 346 2217 ποντα,
380 2154 549 2225 νεκρᾷ
582 2151 679 2205 καὶ
720 2148 986 2223 ἀτονούσῃ
1034 2151 1100 2221 τῇ
1154 2148 1299 2221 χειρὶ
1341 2144 1653 2202 διανεύοντά
1686 2161 1748 2199 τε

148 2249 243 2303 καὶ
297 2242 816 2319 παραμυθούμενον,
874 2240 1170 2313 ὑποφέρειν
1226 2239 1488 2311 γενναίως
1540 2254 1750 2310 παρεγ-

150 2338 407 2407 γυῶντας
450 2334 669 2406 Ἐπειδὴ
736 2330 910 2387 ταῦτα
964 2324 1104 2385 εἶδεν
1168 2331 1204 2401 ἡ
1266 2329 1483 2401 μήτηρ,
1538 2322 1649 2400 ἆρά
1693 2343 1749 2381 τι

148 2427 320 2481 ἔπαθε
382 2424 680 2498 μητρικόνς
710 2419 861 2497 ’Δρα
893 2420 1217 2494 συνεκινήθη
1260 2419 1332 2475 τὰ
1379 2419 1681 2492 σπλάγχνα,
1710 2420 1746 2493 ἦ

149 2519 238 2573 τὸν
286 2516 499 2590 χιτῶνα
549 2514 967 2589 περιερρήξατο,
1014 2513 1049 2586 ἢ
1097 2512 1393 2585 περιεχύοη
1440 2511 1517 2583 τῷ
1550 2513 1749 2585 τέκνῳ,

152 2608 387 2681 θερμαῖς
429 2610 548 2671 ταῖς
594 2606 823 2669 ὠλέναις
863 2606 957 2661 τὸν
1000 2605 1288 2678 μαρασμδν
1341 2604 1749 2673 ὲπιθάλπουσα;

154 2701 398 2769 Ἄπαγε.
423 2700 535 2754 Καὶ
559 2698 624 2753 τὸ
643 2698 817 2751 εἰπεῖν
838 2714 893 2751 τι
914 2695 1174 2759 τοιοῦτον,
1197 2694 1304 2750 τῶν
1332 2683 1550 2751 ἀτόπων
1581 2695 1750 2758 ἐστίν.

157 2790 374 2856 Ὄντως
413 2793 478 2845 ἐκ
510 2790 605 2845 τοῦ
656 2788 871 2861 καρποῦ
918 2788 981 2843 τὸ
1032 2787 1247 2861 δένδρον
1279 2786 1713 2862 ὲπιγινὼσκομεν
1735 2804 1751 2821 ο

152 2883 211 2943 or)
272 2882 507 2936 δύναται
548 2880 765 2953 δένδρον
808 2877 1018 2951 σαπρὸν
1061 2879 1308 2951 καρποὺς
1350 2879 1550 2944 καλοὺς
1596 2880 1756 2952 ποιῆ..

158 2988 262 3026 σαι.

1848 1788 2168 1845 maniiatem
2216 1785 2497 1841 carniﬁcis
2525 1800 2655 1856 erga
2687 1786 2861 1841 virum
2893 1785 3108 1849 fortem,
3143 1792 3430 1840 contume-

1848 1880 1977 1936 liam
2004 1894 2113 1935 non
2150 1878 2309 1933 tulit:
2347 1877 2443 1934 sed
2477 1877 2628 1932 illum
2662 1878 2882 1949 quidem
2915 1879 3253 1948 increpabat,
3284 1876 3431 1948 quod

1847 1985 1880 2027 ο
1909 1969 2381 2028 commilitonibus
2410 1976 2465 2024 et
2499 1969 2728 2038 collegis
2753 1968 3013 2025 athletam
3042 1977 3386 2040 scgregasset
3410 1984 3429 2032 ;

1849 2063 1970 2133 ipsa
2001 2075 2130 2118 vero
2174 2061 2402 2132 martyri
2456 2060 2727 2117 assistens
2766 2059 3005 2130 torpenti
3040 2060 3154 2130 jam
3211 2068 3266 2114 ct
3318 2073 3431 2131 prae

1848 2152 2232 2224 congelatione
2258 2151 2552 2215 immobili,
2592 2166 2659 2208 ac
2686 2152 3005 2223 conspicata
3053 2166 3181 2208 eum
3231 2149 3433 2222 frigido

1848 2248 2014 2313 atque
2051 2240 2272 2296 inﬁrmo
2303 2239 2545 2295 anhelitu
2565 2240 2863 2305 coarctari,
2925 2248 3136 2295 tantum
3165 2240 3432 2295 duntaxat

1846 2331 2143 2397 viventem,
2170 2337 2232 2387 ut
2258 2332 2540 2386 cruciatus
2560 2330 2806 2395 sentiret,
2826 2330 3065 2386 obscuro
3112 2344 3178 2386 ac
3218 2331 3429 2402 langui-

1849 2423 1921 2480 do
1956 2423 2153 2479 obtutu
2186 2430 2418 2478 matrem
2466 2438 2621 2480 suam
2657 2423 3014 2494 aspicientem
3038 2464 3056 2489 ,
3086 2431 3340 2478 emortua
3365 2437 3431 2478 ac

1850 2513 2114 2585 languida
2160 2528 2328 2569 manu
2387 2514 2704 2572 innuentem
2731 2523 2787 2571 et
2841 2515 3238 2579 consolantem,
3266 2523 3324 2572 et
3371 2523 3432 2570 ut

1853 2605 2071 2663 fortiter
2097 2605 2265 2663 ferret
2291 2606 2643 2664 hortantem?
2675 2606 2742 2664 Ut
2768 2607 2885 2662 haec
2914 2613 3090 2662 mater
3105 2606 3262 2674 vidit,
3290 2622 3432 2663 nuu-

1854 2697 1987 2770 quid
2029 2696 2301 2769 ejusmodi
2341 2698 2587 2769 aliquid,
2640 2699 2804 2770 quale
2849 2698 3123 2755 matribus
3171 2698 3425 2755 accidere

1854 2790 2040 2856 solet,
2090 2788 2354 2845 admisit?
2383 2788 2645 2861 Nunquid
2707 2790 2919 2849 viscera
2966 2794 3088 2865 ejus
3154 2805 3431 2853 commota

1856 2888 1987 2937 sunt
2015 2919 2032 2945 ,
2066 2887 2162 2935 aut
2193 2879 2435 2936 tunicam
2477 2881 2880 2950 circumscidit,
2910 2894 3006 2941 aut
3033 2886 3148 2943 ﬁlio
3193 2889 3433 2945 circum-

1858 2972 1982 3028 fusa
2004 2980 2119 3034 est.
2146 2972 2343 3030 calidis
2372 2973 2521 3031 ulnis
2552 2983 2827 3047 torporem
2855 2993 2923 3034 ac
2949 2977 3313 3038 defectionem
3343 2998 3434 3039 re-

156 3073 355 3125 fovens
388 3075 444 3122 ct
473 3065 788 3122 refocillans
812 3065 837 3121 ’ἒ
864 3065 1106 3121 Remove
1140 3063 1357 3121 istltaac.
1383 3062 1561 3121 Etiam
1589 3064 1775 3122 dicere
1814 3066 2022 3139 aliquid
2069 3065 2343 3139 ejusmodi
2392 3066 2697 3124 absurdum
2772 3079 2879 3129 est.
2949 3071 3026 3127 Ex
3098 3073 3281 3130 fructu
3352 3093 3433 3133 re-

161 3174 288 3213 vera
320 3157 581 3213 arborem
618 3155 1013 3227 cognoscimus
1045 3170 1058 3208 :
1100 3170 1213 3211 non
1249 3162 1436 3226 potest
1471 3154 1638 3211 arbor
1659 3155 1845 3227 putris
1872 3165 1930 3214 et
1964 3157 2167 3213 vitiosa
2204 3157 2381 3214 honos
2417 3157 2636 3214 fructus
2665 3160 2993 3230 producere.

234 3249 402 3305 Ἐπεὶ
426 3243 522 3303 οὖν
547 3247 578 3301 6
610 3246 824 3321 καρπὸς
847 3248 947 3319 τῆς
977 3246 1280 3320 μαρτυρίας
1310 3246 1496 3324 καλὸς,
1526 3248 1746 3304 ἐπαίνε-

1922 3248 2195 3316 Quoniam
2224 3249 2390 3320 igitur
2418 3249 2635 3305 fructus
2668 3254 2916 3324 martyrii
2936 3254 3114 3314 bontts
3135 3265 3241 3325 est,
3269 3259 3430 3316 lauda

157 3360 247 3398 σον
270 3343 383 3415 τὴν
397 3340 752 3413 ἀριστοτόκον
785 3340 1016 3413 μητέρα,
1048 3341 1147 3411 τὴν
1175 3339 1263 3395 διά
1277 3341 1375 3413 τῆς
1399 3340 1746 3410 τεκνογονίας

152 3435 499 3508 σωζομένην,
538 3431 721 3498 καθώς
747 3449 912 3503 φησιν
938 3433 968 3486 6
1007 3424 1344 3495 ’Λπόστολοςκ
1393 3430 1610 3505 Ἐπειδὴ
1635 3432 1746 3506 γὰρ

148 3527 401 3581 τοιοῦτον
444 3526 759 3598 παρέστησε
795 3522 875 3595 τῷ
915 3523 1036 3595 Θεῷ
1077 3522 1169 3578 τὸν
1199 3522 1430 3597 καρπὸν,
1473 3524 1615 3596 ὑπὲρ
1645 3525 1747 3596 τῆς

146 3621 345 3693 κοινῆς
364 3618 477 3674 τῶν
500 3616 775 3688 γυναικῶν
796 3615 1176 3689 ἀπελογήσατο
1196 3615 1430 3687 φύσεως.
1455 3616 1570 3671 Ούκ
1591 3616 1745 3688 ἐμὸν,

147 3712 316 3784 φησι,
343 3710 536 3766 τέκνον
568 3710 633 3765 σύ
655 3727 669 3742 ·
694 3709 756 3763 οὐ
780 3708 881 3781 τῆς
906 3708 1049 3780 ἐμῆς
1076 3708 1264 3773 ὠδῖνος
1289 3707 1581 3781 βλάστημα
1609 3724 1625 3740 θ
1653 3707 1746 3763 τὸν

143 3804 293 3859 Θεὸν
315 3799 636 3874 δεξάμενος,
662 3800 804 3856 κατά
823 3799 956 3855 Θεὸν
983 3799 1298 3872 ἐγεννήθης.
1335 3799 1567 3865 Ἐλαόες
1590 3798 1746 3866 ἐξου-

144 3895 286 3949 σίαν
320 3892 517 3948 τέκνον
559 3889 698 3945 Θεοῦ
758 3890 1036 3961 γενέσθαι.
1087 3891 1272 3963 Δράμε
1338 3890 1473 3964 πρὸς
1514 3890 1607 3945 τὸν
1654 3891 1746 3945 σὺν

140 3985 388 4059 Πατέρα
412 4024 428 4049 ,
477 3982 555 4055 μὴ
587 3981 957 4053 καταλειφθῇς
989 3982 1141 4054 παρὰ
1183 3982 1292 4036 τῶν
1322 3982 1618 4054 ὁμηλίκων,
1671 3983 1746 4054 μὴ

136 4076 415 4149 δεύτερος
447 4076 544 4129 ἐπὶ
571 4074 663 4128 τὸν
693 4073 957 4143 στέφανον
990 4073 1179 4148 ἔλθῃς,
1209 4074 1286 4147 μὴ
1313 4075 1477 4147 ἀτελῆ
1512 4076 1746 4146 ποιήσῃς

142 4167 432 4241 μητρῴαν
478 4165 647 4237 εύχήν
672 4180 686 4195 ο
717 4165 779 4217 ού
816 4163 1080 4235 λυπήσεις
1129 4165 1375 4237 μητέρα.
1408 4162 1747 4235 ’στεφανίτης

1846 3340 2071 3410 optima:
2096 3340 2268 3412 prolis
2303 3348 2558 3405 matrem,
2585 3356 2708 3413 qua:
2734 3358 2831 3414 per
2863 3343 2956 3400 ﬁlii
2996 3354 3429 3417 procreationem

1846 3438 2130 3497 servatur,
2182 3441 2243 3487 ut
2305 3431 2488 3504 inquit
2541 3432 2840 3504 Apostolus
2862 3436 2925 3490 ⁸³.
2962 3438 3231 3504 Quoniam
3282 3444 3429 3497 enim

1846 3521 2009 3577 talem
2049 3520 2160 3577 Deo
2197 3521 2437 3579 fructum
2472 3524 2772 3596 produxit,
2822 3541 3166 3585 communem
3215 3529 3431 3588 l‘cmlnci

1846 3620 2014 3663 sexus
2044 3623 2270 3666 causam
2302 3610 2568 3669 defendit.
2613 3611 2733 3669 Non
2792 3629 2983 3683 meus,
3036 3617 3247 3689 inquit,
3287 3620 3433 3678 ﬁlius

1842 3712 1907 3754 es
1956 3706 2015 3754 tu
2060 3716 2214 3758 :non
2272 3702 2377 3758 mei
2416 3711 2609 3773 partus
2638 3719 2901 3776 germen:
2947 3710 3206 3780 quoniam
3258 3711 3429 3768 Deum

1846 3791 2137 3862 recepisti,
2167 3793 2471 3851 secundum
2508 3793 2677 3853 Deum
2711 3806 2872 3856 natus
2907 3816 2987 3856 es.
3023 3803 3299 3875 Accepisti
3332 3822 3430 3879 pc-

1845 3890 2100 3939 testatem
2133 3892 2192 3940 ut
2221 3886 2368 3942 ﬁlius
2393 3886 2487 3942 Dei
2521 3890 2640 3944 ﬁas.
2680 3889 2853 3947 Curre
2879 3893 2947 3949 ad
2988 3892 3204 3953 Patrem
3250 3906 3430 3967 tuum,

1848 3988 1918 4029 ne
1964 3975 2294 4046 relinquaris
2323 3977 2391 4032 ab
2419 3978 2530 4034 tuis
2562 3981 2791 4045 coaevis,
2822 3999 2889 4039 ne
2928 3987 3205 4043 secundus
3243 3989 3310 4045 ad
3340 4005 3431 4045 co-

1847 4078 2035 4118 ronatn
2068 4065 2276 4130 venias,
2307 4081 2377 4121 ne
2411 4067 2626 4122 irritum
2670 4069 2837 4126 facias
2871 4081 3055 4128 votum
3088 4086 3432 4144 maternum;

1847 4169 1957 4210 non
1992 4154 2253 4223 oilendcs,
2294 4173 2403 4214 non
2432 4159 2679 4215 molestia
2721 4162 2921 4218 nﬁicies
2959 4175 3214 4231 matrem,
3268 4169 3432 4224 si-vi-

1847 4253 1968 4304 ctor
2002 4260 2322 4312 coronatus.
2359 4252 2406 4305 si
2460 4252 2638 4307 victor
2671 4261 2725 4308 et
2768 4253 3132 4325 triumphator
3167 4259 3429 4314 evaseris.

1849 4338 1975 4396 llaec
2014 4339 2205 4397 dicens
2249 4353 2305 4399 et
2349 4344 2491 4399 ultra
2524 4344 2762 4417 (sexus)
2800 4354 3050 4401 naturam
3097 4363 3219 4405 sese
3260 4351 3432 4406 obﬁr-

139 4256 253 4309 καὶ
278 4251 514 4324 νικητὴς
550 4251 648 4305 καὶ
681 4251 1082 4323 τροπαιοφόρος
1106 4252 1419 4325 γενόμενος.
1448 4253 1636 4306 Ταῦτα
1665 4254 1747 4307 λέ-

137 4362 338 4419 τουσα
353 4386 371 4410 ,
404 4346 503 4399 καὶ
520 4345 662 4417 ὑπὲρ
686 4343 784 4415 τήν
810 4345 973 4414 φύσιν
997 4346 1196 4417 ἑαυτὴν
1214 4345 1519 4410 τονώσασα,
1549 4346 1748 4417 μᾶλλον

129 4442 200 4497 δὲ
237 4438 552 4494 τονωθεϊσα
575 4437 683 4491 ὑπὸ
708 4436 805 4491 τοῦ
836 4436 1176 4509 Πνεύματος,
1209 4436 1347 4510 αὐτὴ
1374 4437 1467 4493 τὸν
1495 4437 1555 4504 ἐξ
1577 4439 1746 4511 αὐτῆς

1849 4446 2029 4500 muns,
2077 4433 2189 4490 imo
2224 4450 2359 4491 vero
2412 4436 2670 4493 roborata
2711 4453 2742 4493 a
2788 4435 2998 4508 Spiritu
3025 4480 3040 4507 ,
3087 4440 3205 4512 ipsa
3249 4457 3316 4498 ex
3370 4458 3433 4499 se

132 4531 306 4605 μετὰ
334 4529 444 4584 τῶν
484 4528 689 4584 λοιπῶν
720 4529 815 4584 ἐπὶ
851 4529 951 4601 τὴν
990 4529 1207 4601 ἀπήνην
1243 4528 1498 4594 ἀπέθετο,
1539 4530 1746 4603 φαιδρῴ

1850 4533 2040 4581 natum
2078 4526 2147 4582 ad
2183 4527 2425 4601 reliquos
2472 4529 2527 4585 in
2588 4530 2892 4586 vehiculum
2933 4530 3207 4603 imponit,
3261 4534 3430 4589 alacri

123 4598 226 4696 τῷ
258 4620 554 4695 προσώπῳ
576 4619 671 4675 τοῦ
694 4598 928 4691 ἀθλητού
948 4598 1436 4693 προπομπεύουσα.
1464 4598 1626 4677 Τάνδὲ

1856 4618 2010 4673 vultu
2045 4598 2386 4691 prosequens
2407 4636 2473 4677 ac
2505 4621 2785 4679 deducens
2831 4598 3114 4679 athletam.
3139 4598 3271 4691 Qua:
3299 4639 3433 4680 con-

124 4716 381 4780 τούτοις
410 4710 542 4780 οἵας
586 4713 922 4786 Ἐνήθλησαν
946 4713 1023 4786 τῷ
1055 4713 1179 4788 ἀέρι
1216 4714 1267 4768 oi
1302 4714 1449 4784 ἅγιοι
1472 4756 1488 4780 ,
1515 4716 1746 4785 ἠγίασαν

1849 4719 2035 4768 secuta
2070 4723 2201 4769 sunt
2240 4715 2463 4785 qualia?
2514 4714 2880 4772 Certaverunt
2928 4718 2982 4772 in
3041 4732 3168 4773 acre
3221 4720 3428 4779 saneti,

125 4809 251 4867 καὶ
281 4807 353 4862 τὸ
378 4806 493 4879 πῦρ
515 4808 582 4878 τῇ
617 4805 825 4860 ἑαυτῶν
847 4805 1156 4880 προσθήκῃ,
1190 4805 1289 4878 ὕλη
1316 4809 1383 4878 τῇ
1416 4806 1575 4876 φλογὶ
1602 4807 1746 4876 γενδ·

1849 4804 2344 4863 sanctiﬁcaverunt
2383 4809 2552 4863 etiam
2594 4806 2771 4879 ignem
2813 4808 2899 4863 sui
2948 4808 3275 4878 adjectionc,
3314 4825 3432 4863 ma-

130 4916 350 4973 μενοι.
390 4900 671 4967 Ἦνεγκαν
702 4897 797 4953 καὶ
828 4898 922 4952 ἐπὶ
952 4897 1014 4952 τὸ
1046 4897 1190 4971 ὕδωρ
1224 4898 1326 4970 τὴν
1359 4898 1628 4967 εὐλογίαν.
1656 4898 1746 4952 Διά

1851 4894 1992 4948 teria
2032 4893 2263 4950 ﬂamma:
2309 4894 2461 4951 facti.
2497 4894 2767 4951 Tulerunt
2792 4896 2958 4951 etiam
3011 4896 3078 4951 ad
3109 4912 3306 4968 aquam
3333 4899 3431 4955 bc-

124 4992 399 5047 πάντων
430 4987 733 5060 ἐπληροῦτο
782 4989 853 5043 τὰ
896 4988 1016 5044 θεῖα
1063 4988 1238 5059 λόγια.
1276 4990 1339 5043 Οί
1375 4991 1524 5059 τρεῖς
1566 4989 1746 5053 παῖδες

1851 4982 2262 5052 nedictionem;
2298 5000 2394 5055 per
2429 4984 2614 5039 omnia
2656 4983 3028 5054 implebantur
3069 4984 3255 5040 divina
3307 5002 3434 5041 ora.-

128 5078 816 5155 συμπαραλαμϐάνουσιν
848 5080 930 5145 είς
952 5078 1053 5152 τήν
1079 5079 1266 5151 κοινὴν
1303 5078 1629 5151 ύμνολογίαν
1648 5079 1746 5150 ψύ-

1857 5075 2002 5131 cula.
2044 5073 2183 5131 Tres
2224 5075 2299 5130 illi
2335 5076 2488 5146 pueri
2532 5075 2601 5130 ad
2655 5090 3002 5131 communem
3056 5075 3278 5131 laudum
3338 5077 3432 5130 ιιι»-

126 5190 245 5248 to;
276 5170 390 5226 καὶ
413 5167 601 5241 καῦμα
619 5183 635 5199 ⁸
659 5168 720 5223 τὸ
739 5168 929 5241 ψύχος,
955 5168 1047 5224 διὰ.
1070 5169 1169 5241 τῆς
1188 5166 1406 5241 πήξεως
1423 5185 1436 5201 ·
1462 5168 1524 5222 τὸ
1543 5168 1746 5240 καῦμα,

1856 5166 2225 5223 cantationem
2254 5183 2362 5221 una
2392 5178 2682 5224 assumunt
2709 5166 2881 5238 frigus
2910 5176 2966 5222 et
2995 5176 3189 5223 a‘stum
3219 5186 3233 5223 :
3260 5167 3434 5239 frigus

126 5263 241 5318 διὰ
271 5261 391 5331 τῆς
417 5258 667 5324 καύσεως
685 5274 701 5291 ⁸
738 5254 862 5314 εἶτα
886 5258 1100 5332 διῆλθον
1125 5259 1216 5319 διὰ
1232 5258 1402 5330 πυρὸς
1423 5258 1518 5312 καὶ⁸
1544 5257 1746 5324 ὕδατος.

1859 5272 1958 5328 per
1989 5258 2453 5325 congelationcm,
2482 5266 2678 5313 malum
2720 5273 2817 5329 per
2837 5258 3275 5315 combustionem
3299 5278 3313 5315 :
3336 5260 3434 5315 de-

144 5349 321 5405 'm’
368 5346 633 5419 ἐπιθυμεῖ
661 5346 835 5404 ταῦτα
861 5345 937 5413 ὡς
995 5347 1288 5419 γνωσμένα
1316 5348 1696 5421 παραδραμεῖν
1728 5351 1746 5404 ί

1859 5347 1988 5403 inde
2015 5348 2354 5404 transierunt
2388 5364 2485 5420 per
2509 5349 2687 5421 ignem
2727 5358 2782 5404 ct
2814 5364 3033 5420 aquam.
3069 5349 3267 5407 Verum
3320 5350 3434 5405 haec

125 5442 349 5513 λόγος,
372 5437 475 5493 καὶ
492 5437 621 5509 περί
639 5455 783 5503 τινος
796 5436 906 5493 τῶν
924 5437 1116 5510 πρώην
1131 5436 1478 5511 ζητουμένων
1502 5439 1560 5496 ιν
1581 5438 1746 5510 καιρίξ

1859 5446 2122 5511 tanquam
2147 5448 2275 5496 nota
2300 5438 2621 5511 praetervehi
2651 5441 2803 5513 cupit
2835 5442 3035 5510 oratio,
3062 5459 3126 5501 ac
3153 5444 3222 5501 de
3250 5442 3437 5516 aliqua

222 5621 286 5655 "
321 5618 596 5685 lTimJt,
620 5617 710 5674 15.
