3918 6204
477 239 575 290 771

1796 231 1856 288 S.
1887 226 2214 286 GREGORII
2254 225 2546 282 NYSSENI

3606 231 3712 284 77?.

473 368 661 410 carum
697 351 1061 422 quaestionum
1085 365 1206 421 qua:
1248 365 1420 420 nuper
1451 360 1609 405 moue
1637 357 1786 416 sunt,
1809 366 1955 404 nunc
1986 349 2038 404 in

2147 346 2239 400 νῦν
2267 346 2540 414 ἐξετάσαι·
2581 347 2707 399 Ὀτε
2747 344 3012 416 ἐξωρίσθη
3054 344 3146 398 τοῦ
3187 343 3512 415 παραδείσου
3557 350 3586 400 ὁ
3619 347 3714 401 ἀνα

474 453 718 513 tempme
757 444 1036 499 disserere
1073 452 1238 514 atquc
1266 451 1518 497 tractare.
1559 441 1918 510 Posteaquam
1950 442 2046 495 ho-

473 551 564 591 mo
594 536 804 603 ejeelus
839 544 985 590 esset
1021 551 1050 588 a
1081 535 1357 605 paradiso,
1384 535 1596 605 gladius
1624 533 1926 598 ﬂammeus,
1949 535 2044 604 qui

472 633 782 682 verteretur
809 667 825 691 ,
850 627 1160 682 destinatus
1195 634 1250 682 et
1288 626 1589 680 collocatus
1632 632 1715 680 est
1751 625 1817 679 ad
1858 632 2046 680 custo-

472 718 733 774 diendum
773 717 999 771 aditum.
1043 719 1110 772 Et
1151 732 1318 772 causa
1364 717 1488 771 talis
1554 715 1910 786 providentiae
1953 714 2044 770 Dei

471 814 580 873 est,
626 821 695 862 ne
721 806 884 861 homo
930 807 1258 878 irrumperet
1297 807 1365 862 ad
1411 807 1615 877 lignum
1658 807 1819 872 vitaz,
1845 823 1910 862 ac
1946 807 2042 862 dc-

472 905 759 966 gnstaret,
806 903 862 950 et
922 903 1260 964 permaneret
1314 895 1661 952 immortalis.
1721 893 2045 951 Meministis

476 999 706 1054 prorsus
749 999 938 1039 eorum
963 1000 1084 1055 qua:
1121 985 1350 1055 quaesita
1384 984 1647 1042 fuerunt:
1677 987 2044 1043 recordamini

478 1077 630 1142 item,
680 1083 741 1130 ut
785 1091 885 1146 par
921 1085 1046 1142 est,
1092 1077 1255 1130 etiam
1299 1091 1488 1132 eorum
1533 1092 1654 1149 qua:
1691 1091 1723 1133 a
1763 1078 1920 1134 nobis
1975 1078 2043 1133 ad

476 1166 531 1222 id
575 1167 720 1237 quod
767 1167 1116 1237 quaerebatur
1152 1167 1371 1223 inventa
1407 1175 1538 1224 sunt
1587 1184 1603 1225 :
1643 1169 1738 1226 sed
1769 1170 1816 1226 si
1862 1170 2043 1225 omnia

476 1256 547 1310 ab
585 1254 746 1310 initio
786 1253 968 1310 denuo
1027 1254 1321 1325 persequi,
1364 1263 1644 1326 totamque
1704 1255 1772 1312 de
1831 1255 2046 1326 integro

474 1346 832 1416 questionem
883 1353 1120 1402 tractare
1151 1355 1207 1402 et
1267 1347 1542 1418 explicare
1581 1348 1812 1404 velimus
1846 1387 1861 1412 ,
1904 1348 2043 1403 ultra

473 1452 639 1506 quam
681 1451 920 1507 praesens
961 1437 1102 1492 ratio
1144 1437 1407 1507 temporis
1458 1438 1700 1509 patiatur
1726 1476 1742 1503 ,
1785 1453 1876 1494 res
1915 1453 2044 1509 pro-

476 1525 745 1581 trahetur.
791 1523 870 1580 Ac
909 1525 1142 1597 qutestio
1177 1525 1400 1596 quidem
1445 1525 1562 1582 haec
1609 1533 1855 1582 erat:an
1879 1526 2043 1582 etiam

476 1616 684 1672 sanctis
731 1623 953 1687 propter
995 1615 1267 1687 gladium,
1310 1616 1404 1686 qui
1443 1616 1714 1684 vertitur,
1753 1617 2044 1688 paradisus

476 1708 800 1763 inaccessus
845 1705 1051 1761 sit?Et
1077 1721 1146 1761 an
1187 1707 1405 1762 athleta:
1445 1706 1701 1776 paradiso
1747 1708 2047 1763 excludan-

479 1800 608 1854 tur?
635 1798 896 1865 Qumnam
922 1798 1219 1868 promissio
1243 1797 1500 1868 deinceps
1527 1798 1619 1865 sit,
1653 1798 1813 1869 cuius
1869 1814 2048 1870 respe«

473 1900 566 1944 ctu
588 1905 688 1960 pro
717 1891 913 1960 pietate
933 1889 1235 1945 certamina
1257 1891 1601 1960 suscipiunt?
1621 1891 1775 1957 item,
1797 1907 1866 1947 an
1897 1893 2048 1948 dete-

475 1983 620 2036 riore
645 1982 954 2037 conditione
976 1981 1144 2036 futuri
1167 1982 1468 2051 sint,quam
1493 1981 1654 2042 latro,
1679 1982 1744 2036 ad
1768 1998 1926 2052 quem
1951 1982 2050 2038 llo-

475 2072 660 2127 tninns
679 2072 836 2137 dixit,
868 2071 1037 2127 Hodie
1055 2087 1256 2126 mecum
1275 2073 1378 2126 eris
1400 2072 1453 2125 in
1484 2071 1737 2142 paradiso
1761 2072 1840 2126 “‘P
1864 2071 2049 2140 Quan-

473 2179 639 2234 quam
674 2178 783 2219 non
841 2172 1035 2234 sponte
1071 2178 1172 2219 sua
1220 2164 1362 2220 latro
1399 2164 1467 2219 ad
1514 2179 1733 2221 erucem
1773 2170 2045 2240 accessit;

475 2255 571 2310 sed
603 2265 954 2327 posteaquam
1005 2272 1175 2327 prope
1229 2257 1462 2313 salutem
1498 2256 1620 2326 fuit,
1662 2260 2048 2320 animadvertit

473 2354 669 2401 acutus
715 2354 770 2401 et
803 2347 1120 2418 ingeniosus
1151 2348 1239 2402 fur
1264 2349 1606 2415 thesaurum,
1638 2359 1694 2406 et
1721 2361 1916 2408 nactus
1955 2369 2048 2408 oc-

473 2438 751 2493 easionem
774 2439 940 2492 vitam
981 2439 1161 2508 rapuit
1187 2447 1306 2494 arte
1347 2438 1567 2495 furandi
1625 2440 1853 2511 pulchre
1886 2450 2050 2514 atque

475 2530 706 2585 solerter
741 2529 972 2586 abusus.
1007 2529 1247 2596 Domine,
1281 2541 1537 2586 memento
1569 2534 1690 2596 mei,
1739 2533 1938 2604 inquit,
1993 2537 2048 2590 in

475 2637 632 2690 regno
675 2628 763 2675 tuo
783 2621 849 2674 ".
874 2620 1027 2676 Tune
1056 2622 1145 2678 ille
1178 2622 1396 2694 quidem
1422 2625 1732 2693 paradisum
1764 2627 2051 2696 consequi-

475 2717 603 2763 tur:
638 2708 784 2778 quod
809 2718 990 2764 autem
1027 2709 1094 2764 ad
1124 2718 1344 2766 sanctos
1375 2713 1588 2775 attinet,
1643 2714 1926 2771 ﬂammeus
1953 2732 2049 2771 en-

477 2798 554 2853 sis
579 2798 782 2852 aditum
825 2799 1143 2870 impeditum
1174 2800 1393 2854 reddit?
1432 2799 1576 2856 Sane
1619 2817 1649 2855 a
1689 2803 1868 2873 seipsa
1904 2821 2050 2874 qua:-

475 2887 583 2943 stio
602 2887 927 2944 solutionem
955 2887 1268 2944 habet.Nam
1289 2899 1569 2960 pr0pterea
1603 2907 1708 2948 non
1735 2910 1947 2966 semper
1967 2897 2044 2952 in-

476 2975 849 3046 gredientibus
871 2993 936 3032 ex
965 2977 1195 3034 adverso
1221 2990 1452 3035 Stantem
1481 2981 1718 3051 gladium
1763 2984 2046 3058 Scriptura

476 3066 839 3134 demonstrat,
867 3084 1055 3123 verum
1087 3071 1253 3126 etiam
1284 3071 1421 3127 verti
1473 3073 1626 3144 fingit
1657 3092 1671 3141 ;
1706 3084 1767 3130 ut
1808 3077 2048 3150 indignis

478 3157 701 3228 quidem
767 3158 1034 3216 adversus
1091 3173 1388 3233 appareat:
1421 3165 1600 3236 dignis
1630 3182 1758 3224 vero
1788 3185 1981 3226 versus
2015 3187 2047 3227 a

477 3256 633 3320 tergo
655 3251 906 3317 exsistat,
931 3253 1242 3324 expeditum
1275 3255 1357 3311 eis
1387 3257 1594 3311 aditum
1627 3259 1958 3329 patefaciens
1979 3263 2048 3320 ad

478 3335 682 3403 vitam,
716 3338 860 3395 intra
890 3355 1053 3411 quam
1105 3342 1180 3396 illi
1240 3343 1437 3398 fiducia
1475 3349 1834 3404 certaminum
1892 3351 2046 3409 illaesi

479 3424 751 3484 ﬂammam
781 3431 1109 3502 transgressi
1146 3442 1535 3503 penetrarunt:
1595 3454 1701 3508 qua
1755 3441 1918 3496 etiam
1944 3459 2046 3500 nos

479 3517 749 3588 intrepide
778 3531 1068 3592 superata,
1109 3523 1251 3578 intra
1282 3526 1598 3594 paradisum
1639 3531 2043 3601 perveniamus,

2149 437 2385 510 Ορωπος,
2419 436 2619 507 ἐτάχθη
2667 437 2924 508 φρουρεῖν
2958 435 3054 506 τὴν
3089 435 3292 488 εἴσοδον
3317 435 3539 505 φλογίνη
3582 440 3715 509 ρομ-

2147 529 2281 598 φαία
2319 530 2352 600 ὴ
2389 528 2752 598 στρεφομένη.
2789 526 2900 579 Καὶ
2943 527 2978 597 ἡ
3012 525 3159 579 αἰτία
3191 525 3291 594 τῆς
3324 526 3572 596 τοιαύτης
3618 529 3713 582 τοῦ

2145 620 2280 674 Θεοῦ
2312 617 2670 691 προμηθείας,
2705 619 2768 671 τὸ
2796 620 2871 689 μὴ
2904 617 3191 688 παρελθεῖν
3227 618 3322 670 ἐπὶ
3355 617 3414 670 τὸ
3450 617 3548 687 τῆς
3569 617 3715 687 ζωῆς

2146 710 2300 777 ξύλον
2338 712 2428 765 τὸν
2476 711 2784 782 ἄνθρωπον,
2823 709 2919 763 καὶ
2972 707 3242 778 ἅψασθαι,
3297 709 3391 761 καὶ
3443 707 3714 779 διαμεῖναι

2145 803 2436 858 ἀθάνατον.
2469 801 2764 873 Μέμνησοε
2799 801 3014 865 πάντως
3037 801 3144 855 τῶν
3165 798 3546 874 ὲζητημένων·
3578 802 3714 872 μέμ-

2145 894 2307 965 νησθε
2334 895 2408 960 δὲ,
2439 894 2516 958 ὡς
2545 894 2690 958 εἰκὸς
2722 893 2816 947 καὶ
2840 893 2946 948 τῶν
2975 892 3111 965 πρὸς
3144 892 3205 945 τὸ
3228 891 3556 963 ζητούμενον
3585 895 3715 965 ἡμῖν

2145 985 2465 1058 εὑρημένων
2485 1002 2500 1018 ·
2533 985 2648 1039 ἀλλ’
2682 986 2728 1038 εἰ
2769 985 3056 1057 μέλλοιμεν
3105 985 3266 1039 πάλιν
3299 985 3391 1038 ἀπ’
3422 983 3595 1055 ἀρχῆς
3619 987 3717 1038 ἐπ-

2145 1078 2365 1146 εξιέναι,
2411 1077 2506 1132 καὶ
2533 1077 2652 1131 ὅλον
2677 1077 3064 1148 διαλαμϐάνειν
3108 1076 3200 1130 τὸν
3245 1076 3418 1146 λόγον,
3447 1077 3586 1143 ὑπὲρ
3621 1077 3714 1131 τὲν

2146 1169 2385 1241 παρόντα
2425 1168 2578 1223 ἔσται
2644 1169 2834 1241 καιρὸν
2896 1170 2929 1240 ἠ
2975 1168 3301 1239 παράτασις.
3351 1168 3424 1221 Τὸ
3483 1168 3581 1238 μὲν
3620 1165 3712 1221 οὖν

2145 1261 2472 1332 ζητούμενον
2499 1260 2654 1315 τοῦτο
2671 1257 2758 1332 ἦν·
2794 1261 2857 1314 Εἰ
2883 1261 2977 1314 καὶ
3000 1263 3114 1324 τοῖς
3143 1259 3318 1329 ἁγίοις
3347 1259 3545 1323 eam;
3572 1263 3712 1313 ἐστιν

2145 1355 2175 1406 ὁ
2206 1348 2532 1425 παράδεισος
2553 1351 2644 1406 διὰ
2669 1352 2770 1422 τῆς
2793 1353 3168 1425 στρεφομένης
3213 1353 3488 1423 ῥομφαίας
3506 1367 3521 1382 ’
3551 1353 3642 1404 καὶ
3669 1354 3710 1403 εί

2144 1441 2238 1497 τοῦ
2265 1443 2593 1515 παραδείσου
2616 1443 2668 1498 οἱ
2696 1443 2930 1513 ἀθληταὶ
2948 1442 3324 1498 ἀποκλείονται
3347 1460 3360 1472 ο
3381 1442 3466 1505 τίς
3488 1444 3521 1513 ἡ
3543 1443 3709 1510 ἐπαγο

2145 1532 2298 1603 γελία
2323 1531 2506 1588 λοιπὸν
2531 1533 2669 1605 ὑπὲρ
2695 1528 2765 1606 ἧς
2805 1532 3146 1603 ἀναδέχονται
3166 1533 3289 1594 τοὺς
3311 1533 3411 1604 τῆς
3439 1531 3711 1596 εὐσεϐείας

2148 1624 2384 1694 ἀγῶνας,
2415 1625 2510 1679 καὶ
2545 1627 2594 1678 εἰ
2621 1624 2715 1678 τοῦ
2749 1623 2946 1698 λῃστοῦ
2980 1623 3200 1680 ἔλαττον
3246 1623 3452 1691 ἕξουσι.
3493 1623 3630 1692 πρὸς
3658 1623 3710 1676 ὃν

2149 1708 2300 1766 εἶπεν
2327 1712 2356 1764 ό
2375 1711 2577 1782 Κύριος
2605 1749 2621 1775 ,
2657 1711 2738 1765 ὅτι
2767 1710 3036 1780 Σήμερον
3063 1713 3190 1780 μετ’
3214 1710 3362 1781 ἐμοῦ
3395 1711 3512 1779 ἔσῃ
3540 1711 3610 1764 ἐν
3638 1708 3709 1774 τῷ
3787 1730 3805 1743 -·

2147 1800 2530 1870 παραδείσῳ;
2561 1799 2758 1853 Καίτοι
2812 1817 2877 1870 γε
2918 1800 3016 1872 οὐχ
3055 1800 3317 1863 ἑκουσίως
3349 1802 3379 1855 ὁ
3407 1800 3613 1872 λῄστὴς
3641 1799 3708 1870 τῷ

2149 1888 2363 1960 σταυρῷ
2397 1887 2702 1959 προσῆλθεν
2721 1906 2735 1921 ·
2766 1888 2880 1942 ἀλλ’
2904 1889 3090 1960 ἐπειδὴ
3120 1890 3286 1959 ἐγγὺς
3314 1889 3415 1959 τῆς
3443 1888 3704 1960 σωτηρίας

2147 1979 2381 2050 ἐγένετο,
2411 1975 2549 2034 εἶδεν
2577 1981 2605 2033 ὁ
2627 1979 2754 2048 ὀξὺς
2781 1980 2875 2036 καὶ
2898 1981 3104 2053 εὐφυὴς
3133 1981 3368 2050 κλέπτης
3392 1980 3485 2034 τὸν
3519 1979 3705 2052 θησαυ-

2152 2071 2387 2142 ρὸνγκαὶ
2412 2070 2683 2142 ἐπιτυχὼν
2717 2069 2910 2143 καιροῦ
2943 2072 3040 2142 τὴν
3077 2071 3220 2141 ζωὴν
3244 2071 3515 2141 ὲληῖσατο,
3539 2070 3706 2134 καλῶς

2147 2164 2213 2234 τῇ
2253 2161 2519 2234 κλεπτικῇ
2556 2163 2652 2217 καὶ
2697 2162 2970 2232 εὐστόχως
3013 2162 3491 2234 ἀποχρησάμενος,
3540 2163 3703 2229 Κύριε

2142 2253 2452 2323 μνήσθητί
2461 2271 2578 2323 μου
2588 2295 2600 2318 ,
2616 2251 2876 2319 είπὼν,ἐν
2888 2251 2960 2321 τῇ
2973 2253 3258 2321 ,ϐασιλείᾳ
3273 2268 3411 2307 σου.
3426 2249 3560 2306 Εἶτα
3577 2254 3708 2306 ὲκεῖο

2147 2361 2235 2405 νος
2260 2345 2357 2415 μὲν
2373 2344 2614 2409 ἀξιοῦται
2638 2344 2732 2398 τοῦ
2767 2343 3092 2414 παραδείσου
3117 2359 3131 2374 °
3163 2343 3256 2397 ἐπὶ
3274 2345 3331 2398 δὲ
3351 2344 3457 2398 τῶν
3479 2345 3647 2410 ἁγίων
3676 2347 3706 2416 ἡ

2149 2433 2372 2505 φλογίνη
2409 2433 2650 2506 ῥομφαία
2676 2433 2964 2488 διακωλύει
3000 2435 3097 2505 τὴν
3125 2434 3362 2502 εἴσοδον;
3385 2429 3467 2488 Ἦ
3487 2435 3700 2488 αὐτόθεν

2148 2522 2263 2594 ἔχει
2307 2523 2407 2596 τὴν
2445 2522 2600 2576 λύσιν
2651 2522 2712 2575 τὸ
2763 2520 3000 2594 ζήτημα.
3037 2522 3133 2576 Διά
3163 2521 3320 2576 τοῦτο
3358 2522 3467 2594 γὰρ
3496 2523 3596 2576 οὐκ
3626 2523 3706 2575 ἀεὶ

2149 2613 2392 2668 ἑστῶσαν
2425 2613 2837 2685 ἀντιπρόσωπον
2865 2617 2977 2678 τοῖς
3007 2613 3228 2668 εἰσιοῦσι
3257 2612 3356 2685 τὴν
3388 2613 3656 2684 ῥομφαίαν
3682 2613 3709 2663 ό

2147 2706 2303 2776 λόγος
2349 2680 2570 2773 ἔδειξέν,
2596 2680 2741 2760 ἀλλὰ
2777 2708 2871 2760 καὶ
2906 2706 3276 2778 στρεφομένην
3309 2680 3586 2776 ἐποίησεν,
3629 2706 3710 2757 ἵνα

2149 2801 2258 2863 τοῖς
2295 2800 2392 2870 μὲν
2428 2798 2664 2864 ἀναξίοις
2697 2798 2837 2853 κατά
2882 2799 3054 2869 στόμα
3084 2798 3446 2870 προφαίνηται
3473 2843 3487 2860 ,
3521 2801 3634 2861 τοῖς
3657 2797 3710 2848 δὲ

2149 2891 2320 2958 ἀξίοις
2371 2891 2710 2964 στρεφομένη
2761 2891 2902 2946 κατά
2935 2890 3103 2944 νώτου
3145 2890 3394 2960 γίνηται,
3445 2890 3713 2943 ἀκώλυτον

2150 2984 2332 3048 αὐτοῖς
2375 2983 2472 3055 τὴν
2513 2982 2716 3037 εἴσοδον
2763 2983 2856 3036 ἐπὶ
2884 2982 2983 3054 τὴν
3025 2982 3167 3052 ζωὴν
3215 2981 3621 3050 ὑπανοίγουσαο
3652 2976 3714 3053 ἧς

2150 3075 2301 3138 ἐντὸς
2340 3076 2538 3128 ἐκεῖνοι
2571 3075 2853 3143 γεγόνασι,
2889 3077 2954 3145 τῇ
3003 3072 3290 3146 παρῥησίᾳ
3343 3073 3452 3126 τῶν
3494 3071 3717 3141 ἀγώνων

2149 3164 2376 3228 ἀπαθῶς
2400 3165 2498 3236 τὴν
2529 3164 2701 3234 φλόγα
2729 3165 3064 3236 περάσαντες
3083 3182 3097 3196 ·
3130 3166 3195 3236 ἣν
3225 3164 3318 3218 καὶ
3355 3165 3516 3236 ἡμεῖς
3548 3163 3717 3225 ἀδεῶς

2149 3257 2488 3331 περάσαντες
2514 3301 2528 3326 ,
2569 3259 2662 3312 τοῦ
2705 3258 3034 3330 παραδείσου
3073 3258 3224 3322 ἐντὸς
3280 3257 3596 3328 γενοίμεθα,
3636 3257 3719 3310 διὸ

2151 3354 2251 3425 τῆς
2268 3353 2560 3426 πρεσϐείας
2588 3353 2767 3408 αὐτῶν
2793 3352 3198 3430 δυναμωθέντες
3224 3350 3360 3422 πρὸς
3383 3350 3481 3423 τὴν
3507 3349 3721 3420 ἀγαθὴν

2150 3446 2438 3516 ὁμολογίαν
2463 3445 2556 3499 τοῦ
2587 3445 2790 3518 Κυρίου
2817 3445 2975 3516 ἡμῶν
3001 3444 3176 3517 Ἰησοῦ
3196 3446 3238 3497 Χ
3246 3437 3517 3516 ριστοῦ,ᾧ
3545 3444 3722 3514 ήδόξα

2150 3539 2230 3602 εἰς
2256 3538 2380 3602 τοὺς
2406 3537 2607 3603 αἰῶνας
2631 3539 2738 3593 τῶν
2760 3537 2990 3594 αἰώνων.
3035 3539 3226 3610 Ἀμήν.

481 3625 579 3680 per
604 3610 819 3665 illorum
876 3612 1322 3672 intercessionem
1361 3618 1670 3677 conﬁrmati
1723 3621 1810 3678 ad'
1844 3624 2044 3682 bonam
2084 3629 2484 3687 confessionem
2519 3631 2730 3687 Domini
2757 3632 2933 3688 nostri
2980 3630 3110 3689 Jesu
3145 3629 3373 3690 Christi.
3403 3628 3491 3684 cui
3535 3628 3726 3697 gloria

483 3703 538 3757 in
565 3702 761 3756 saecula
793 3704 1134 3762 saeculorum.
1169 3706 1360 3764 Amen.

555 3875 603 3909 “
629 3875 765 3937 an.
803 3896 958 3945 unt,
992 3884 1080 3938 45.
1159 3883 1202 3916 “’
1233 3884 1360 3942 ibid.
1394 3886 1484 3943 49..
