3918 6204
245 214 354 274 773

1360 213 1429 269 IN
1468 212 1973 282 QUADRAGINTA
2023 211 2424 270 MARTYRES.

3416 218 3518 275 77‘

2325 376 2536 386 ———

1528 523 1755 609 ΤΟΥ
1874 522 2250 608 ΑΥΤΟΥ
2456 586 2463 593 -

443 719 685 831 ΕΙΣ
739 716 1131 833 ΤΟΥΣ
1203 723 2414 838 ΤΕΣΣΑΡΑΚΟΝΤΑ
2525 703 3308 840 ΜΛΡΤΥΡΛΣ

1487 931 1708 985 ΛΟΓΟΣ
1732 933 1813 985 ΕΓ
1821 933 2288 986 ΚΩΜΙΛΣΊἸΚΟΣ

1356 1088 1829 1144 ΡΙΙΘΕῙΣΕΝ
1865 1092 1957 1160 Τῼ
1992 1090 2460 1161 ΜΑΡΤΥΡΙῼ.

1624 1425 2169 1519 EJUSDEM

805 1636 954 1749 1N
1047 1634 2075 1771 QUADRAGINTA
2178 1635 2962 1752 MARTYRES

1510 1854 1774 1912 ORATIO
1819 1854 2273 1912 LAUDATORIA

1338 2011 1562 2069 DICTA
1597 2012 1687 2068 IN
1723 2011 1984 2070 EORUM
2014 2009 2418 2066 MARTYRIO.

1250 2169 1431 2221 Jacobo
1452 2169 1687 2222 Gretsero
1711 2154 1822 2222 Soc.
1866 2171 1988 2222 Jesu
2010 2171 2184 2221 Theol.
2210 2175 2510 2236 interprete.

305 2475 378 2532 Οί
410 2475 515 2549 μὲν
531 2475 745 2531 ὁπλῖται
784 2475 1072 2548 Ῥωμαίων
1090 2477 1234 2534 κατά
1259 2478 1424 2550 νόμον
1447 2479 1693 2553 πάτριον,
1724 2479 1818 2535 καὶ

1994 2477 2368 2534 Romanorum
2397 2478 2600 2533 milites
2637 2474 2787 2532 more
2821 2476 3020 2548 patrio,
3042 2485 3097 2532 et
3127 2478 3354 2550 antiqua
3390 2495 3524 2536 con-

237 2568 539 2640 συνήθειαν
564 2561 821 2633 παλαιὰν,
855 2569 922 2640 ἢν
950 2568 1137 2633 παῖδες
1159 2569 1309 2642 παρὰ
1338 2571 1620 2641 προγόνων
1645 2572 1820 2626 διαδε-

235 2659 470 2732 ξάμενοι
487 2699 502 2721 ,
539 2660 631 2713 καὶ
661 2659 822 2730 μέχρι
849 2658 944 2712 τοῦ
971 2660 1240 2731 παρόντος
1262 2660 1638 2729 φυλάττουσιν,
1667 2662 1725 2714 ἐν
1751 2663 1818 2733 τῇ

236 2753 387 2825 ἀρχῇ
417 2750 511 2804 τοῦ
534 2750 828 2814 ἐνεστῶτος
857 2751 1026 2822 μηνὸς
1048 2751 1146 2820 τὴν
1176 2751 1478 2805 πανοπλίαν
1498 2750 1822 2816 ἐνσκευαζό-

237 2861 399 2915 μενοι
423 2884 438 2908 ,
478 2844 570 2896 καὶ
595 2842 902 2914 χωροῦντες
926 2842 1019 2894 ἐπί
1049 2859 1102 2895 τι
1139 2843 1323 2897 πεδίον
1352 2843 1672 2915 ήπλωμένον
1702 2846 1823 2897 ίκα-

234 2935 347 2998 νῶς
390 2934 485 2988 καὶ
553 2934 764 3002 ὕπτιον,
803 2935 1040 3008 ἔνθαπερ
1069 2937 1245 3002 ἔξεστι
1276 2939 1372 2992 καὶ
1415 2938 1610 3010 δρόμον
1641 2939 1822 2994 ἵππων

234 3026 504 3090 ἐκτεῖναι,
548 3026 644 3080 καὶ
674 3025 967 3098 μελετῆσαι
990 3027 1063 3082 τὰ
1089 3029 1346 3098 τακτικὰ,
1372 3030 1470 3084 καὶ
1516 3032 1698 3085 πᾶσαν
1732 3048 1824 3100 γυ-

238 3117 556 3190 μνασθῆναι
593 3119 696 3191 τὴν
726 3118 973 3174 ἐνόπλιον
1001 3120 1232 3192 ἄσκησιν
1251 3160 1267 3185 ,
1307 3121 1613 3195 ἀνάμνησίν
1636 3140 1697 3176 τε
1725 3121 1822 3176 τοῦ

234 3211 396 3275 ἔτους
423 3211 731 3278 ποιοῦνται,
766 3213 862 3267 καὶ
891 3211 991 3284 τὴν
1017 3214 1233 3286 ἡμέραν
1265 3214 1536 3287 ἐπίσημον
1575 3216 1819 3286 ἄγουσιν.

246 3302 397 3373 Ἐγὼ
424 3303 484 3358 δὲ
523 3305 745 3375 μνήμην
787 3304 1080 3377 μαρτύρων
1117 3305 1289 3360 τελῶν
1312 3347 1327 3374 ,
1361 3307 1458 3360 καὶ
1505 3306 1711 3379 ταύτην
1753 3309 1820 3379 τῇ

236 3393 545 3466 προτεραίᾳ
577 3395 818 3466 κηρύξας
844 3396 995 3466 ὑμῖν,
1021 3397 1149 3461 τοὺς
1176 3397 1270 3451 τοῦ
1298 3397 1534 3469 Χριστοῦ
1562 3399 1825 3470 στρατιῶ-

237 3501 334 3549 ut;
367 3485 498 3549 τοὺς
520 3491 595 3558 μ’,
614 3487 742 3550 τοὺς
775 3487 956 3545 πᾶσαν
980 3487 1291 3559 προθυμίαν
1322 3487 1821 3560 ὑπερϐαλομένους,

240 3581 297 3632 ἐν
323 3579 445 3642 τοῖς
486 3577 694 3647 ἀγῶσιν
731 3578 959 3644 ὁπλίσας
1018 3579 1109 3634 διὰ
1149 3579 1249 3650 τῆς
1297 3580 1517 3650 μνήμης
1583 3579 1823 3651 σήμερον

241 3669 596 3742 θαυμαστοὺς
625 3673 739 3734 τοῖς
770 3671 1088 3743 δυναμένοις
1115 3671 1334 3742 βλέπειν
1364 3670 1666 3742 προϊστημι
1685 3688 1698 3702 ·
1731 3671 1824 3724 κό-

241 3779 382 3835 σμον
405 3762 506 3834 τῆς
540 3762 885 3835 Ἑκκλησίας,
911 3764 1004 3818 καὶ
1031 3763 1178 3818 λαῶν
1201 3762 1658 3836 εὐφροσύνην,καὶ
1687 3762 1820 3817 Θεοῦ

1922 2569 2239 2635 suetudine,
2282 2583 2446 2638 quam
2501 2583 2532 2622 a
2568 2567 2873 2637 majoribus
2897 2578 3248 2638 acceperunt,
3269 2578 3321 2624 et
3352 2587 3527 2642 usque

1923 2662 1988 2717 ad
2015 2662 2116 2716 hoc
2144 2669 2358 2731 tempus
2386 2669 2744 2726 conservant,
2786 2660 2942 2715 initio
2995 2661 3255 2717 instantis
3291 2664 3518 2726 mensis.

1923 2755 2095 2810 armis
2123 2755 2296 2810 induti
2328 2754 2394 2808 ad
2426 2769 2680 2823 campum
2713 2753 2850 2808 satis
2877 2754 3099 2822 planum
3122 2760 3179 2809 et
3200 2755 3518 2824 aequabilem

1923 2863 1984 2904 se
2003 2845 2316 2912 conferunt,
2358 2845 2452 2900 ubi
2479 2853 2535 2900 et
2564 2860 2832 2914 equorum
2861 2859 3086 2900 cursum
3117 2847 3435 2912 extendere,
3469 2857 3517 2903 et

1922 2955 2014 2995 res
2071 2939 2338 2994 militares
2402 2937 2701 3000 instruere,
2732 2944 2787 2993 et
2839 2938 3023 2992 omnia
3079 2953 3274 3009 pugnae
3321 2955 3518 3010 genera

1924 3031 2079 3087 obire
2131 3031 2239 3085 illis
2279 3030 2405 3085 licet
2439 3047 2453 3084 :
2486 3029 2648 3084 simul
2679 3029 2842 3084 etiam
2879 3030 3007 3084 anni
3048 3033 3514 3088 commemoratio-

1925 3134 2047 3174 nem
2091 3117 2320 3183 faciunt,
2354 3119 2639 3186 totumque
2669 3117 2822 3170 illum
2854 3116 2997 3171 diem
3024 3117 3310 3186 splendide
3331 3127 3526 3189 agunt.

1925 3209 2038 3281 Ego
2059 3225 2190 3264 vero
2212 3208 2530 3263 memoriam
2558 3216 2860 3278 martyrum
2893 3207 3201 3276 celebrans,
3225 3226 3387 3279 quam
3419 3227 3533 3280 prt-

1925 3299 2013 3354 die
2037 3297 2201 3353 etiam
2233 3298 2389 3354 vobis
2424 3297 2618 3362 indixi,
2665 3297 3030 3368 quadraginta
3061 3297 3264 3356 Christi
3293 3302 3517 3365 milites,

1925 3388 2073 3444 omni
2127 3390 2296 3443 animi
2362 3389 2651 3444 alacritate
2700 3389 3053 3460 superiores,
3107 3391 3176 3447 ad
3238 3401 3519 3450 certamen

1927 3494 2169 3547 armare,
2213 3487 2268 3535 et
2329 3494 2494 3551 quam
2553 3479 2909 3538 admirabiles
2963 3481 3100 3547 sint,
3160 3499 3256 3554 per
3306 3501 3516 3540 memo-

1927 3570 2064 3625 riam
2101 3571 2170 3626 iis
2200 3574 2293 3641 qui
2341 3586 2571 3628 cernere
2615 3581 2826 3643 queunt
2861 3584 3262 3645 repraesentare
3307 3580 3514 3634 consti-

1926 3663 2029 3729 tui,
2074 3664 2168 3733 qui
2203 3678 2332 3720 rere
2367 3672 2499 3720 sunt
2553 3649 2940 3722 ornamentum
2992 3666 3277 3736 Ecclesia},
3328 3670 3518 3726 laetitia

1927 3754 2279 3825 populorum,
2307 3766 2360 3811 et
2390 3757 2560 3828 gloria
2609 3755 2724 3825 Dei,
2756 3758 2850 3828 qui
2898 3758 3009 3816 illis
3045 3761 3219 3816 robur
3254 3764 3513 3835 suppedi-

235 3854 400 3922 δόξαν
442 3853 536 3908 τοῦ
571 3854 975 3926 ἐνισχύσαντος.
1027 3857 1286 3929 Ἀριστον
1329 3855 1386 3909 δὲ
1430 3855 1647 3919 πάντως
1671 3892 1688 3919 ,
1731 3853 1818 3908 καὶ

1927 3846 2082 3901 tavit.
2140 3844 2419 3916 Optimum
2488 3855 2671 3904 autem
2744 3856 2830 3905 est
2894 3857 2948 3906 et
3006 3849 3518 3911 fructuosissimum

232 3945 379 4016 ἄγαν
409 3946 685 4011 λυσιτελὲς
717 3949 832 4012 τοῖς
862 3948 961 4020 τῆς
999 3949 1204 4020 ἀρετῆς
1239 3948 1575 4021 διηγήμασι,
1609 3947 1736 4011 τούς
1758 3963 1820 4000 τε

231 4040 394 4104 νέους
439 4038 832 4111 ἐντρέφεσθαι,
883 4040 979 4094 καὶ
1021 4037 1391 4112 συνακμάζειν
1433 4039 1559 4105 τοὺς
1596 4040 1816 4112 ἄνδρας.

241 4131 312 4184 Ἥ
349 4130 529 4202 ἀκοὴ,
569 4132 734 4204 μέρος
777 4131 1143 4202 καιριιίηατόν
1184 4134 1301 4186 ἐστι
1330 4131 1440 4188 τῶν
1488 4131 1818 4203 αἰσθήσεων,

228 4222 330 4276 καὶ
357 4223 461 4294 τῆς
494 4223 670 4293 ὅψεως
710 4225 810 4296 οὐχ
837 4220 1000 4296 ἦττον
1043 4224 1373 4280 διδακτικόν.
1408 4223 1508 4278 Διὰ
1554 4223 1664 4296 γὰρ
1709 4224 1820 4277 τῶν

226 4311 393 4366 ὢτων
418 4314 669 4383 ἐναργῶς
703 4315 986 4384 ἐπεισάγει
1027 4315 1127 4386 τὴν
1163 4314 1400 4386 μάθησιν
1431 4317 1552 4378 ταῖς
1577 4315 1777 4385 ψυχαῖς
1800 4327 1818 4345 ⁸

230 4402 332 4455 καὶ
359 4403 603 4467 κίνδυνος
630 4405 690 4458 οὐ
735 4405 929 4477 μικρὸς
967 4405 1108 4460 καλὰ
1133 4407 1440 4478 τυγχάνειν,
1471 4406 1505 4478 ἦ
1542 4406 1722 4476 φαῦλα
1748 4407 1820 4460 τὰ

221 4494 574 4566 διηγήματα.
601 4493 700 4551 Οἷα
714 4495 824 4567 γὰρ
844 4499 1026 4551 ἐκεῖνα
1043 4498 1277 4568 λέγεται,
1302 4498 1556 4571 τοιαύτην
1579 4499 1819 4568 ἐπάναγ-

219 4603 330 4650 κες
366 4589 480 4650 τοῖς
511 4587 794 4658 λογισμοῖς
827 4590 1126 4659 φαντασίαν
1153 4591 1467 4660 ἐγγίνεσθαι
1493 4606 1505 4619 ⁸
1531 4591 1712 4646 ἔννοια
1736 4591 1816 4654 δὲ,

217 4680 329 4733 καὶ
361 4677 569 4750 θεωρία
607 4680 701 4733 τοῦ
730 4679 823 4734 νοῦ
853 4681 1112 4754 συνεχὴς,
1156 4685 1236 4747 εἰς
1261 4683 1555 4754 ἐπιθυμίαν
1579 4683 1702 4752 ἄγει
1725 4683 1818 4736 τὸν

215 4768 525 4840 ἄνθρωπον
556 4769 652 4823 τοῦ
689 4773 866 4825 ποιεῖν
893 4772 930 4827 ἃ
956 4773 1250 4843 λογίζεται.
1273 4774 1364 4827 Διό
1390 4792 1480 4846 μοι
1499 4775 1598 4847 τήν
1614 4775 1817 4844 ἀκρὸαο

215 4877 318 4915 σιν
354 4861 678 4932 γαληνῶσαν
727 4865 821 4918 καὶ
854 4864 1256 4938 ἀμτεώριστον
1287 4867 1645 4938 εὐτρεπίσατε
1666 4885 1678 4899 ο
1729 4868 1816 4922 ἵνα

211 4952 327 5006 καὶ
361 4952 413 5004 οί
446 4954 706 5026 μακάριοι
764 4956 1043 5028 μάρτυρες
1071 4957 1344 5028 τιμηθῶσι
1391 4960 1460 5013 τὰ
1502 4960 1812 5030 πρέποντα,

207 5042 324 5096 καὶ
356 5041 517 5112 ὑμεῖς
542 5043 629 5098 διὰ
653 5044 752 5114 τῆς
786 5046 1006 5116 μνήμης
1031 5045 1352 5116 παιδευθῆτε
1379 5049 1437 5101 τὸ
1463 5046 1682 5109 εὐσεϐὲς
1720 5047 1816 5100 καὶ

211 5133 504 5204 φιλόθεον.

297 5408 472 5478 Ἐμοὶ
494 5409 552 5463 δέ
576 5409 860 5482 πρόκειται
886 5411 1106 5478 διπλοῦς
1139 5414 1312 5482 ἀγὼν,
1329 5417 1425 5470 καὶ⁹
1441 5415 1560 5482 δέος
1582 5419 1656 5490 μή
1681 5420 1815 5473 καθ-

208 5502 443 5573 υῦρίσω
489 5501 590 5573 μέν
617 5503 717 5576 τήν
764 5503 1022 5560 ὑπόθεσιν
1067 5508 1136 5578 τῇ
1163 5507 1418 5581 ἀσθενείᾳ
1467 5510 1570 5580 τῆς
1609 5512 1811 5584 ἐξηγή-

210 5610 388 5656 σεως,
442 5594 568 5647 Εἴτε
613 5595 722 5667 γὰρ
766 5597 1037 5668 ἐννοήσειέ
1091 5616 1176 5663 τις
1213 5600 1378 5654 αὑτοῦ
1425 5601 1520 5655 τοῦ
1569 5605 1626 5656 ἐν
1659 5607 1814 5675 χερσὶ

1931 3936 2342 3994 narrationibus
2373 3938 2592 3996 virtutis
2619 3948 2675 3996 et
2721 3956 2904 3997 rerum
2938 3944 3202 4013 praeclare
3230 3955 3515 4018 gestarum

1923 4027 2154 4098 juvenes
2202 4029 2485 4096 innutriri,
2535 4039 2588 4086 et
2633 4031 2701 4087 ad
2751 4034 2966 4090 virilem
3019 4043 3236 4090 aetatem
3265 4039 3513 4095 educari.

1928 4117 2062 4174 Nam
2096 4122 2318 4176 auditus
2357 4125 2825 4192 Opportunissima
2850 4141 2981 4196 pars
3005 4135 3091 4183 est
3123 4129 3268 4184 inter
3291 4144 3513 4195 sensus,

1928 4225 2031 4265 nec
2079 4211 2262 4266 minus
2310 4213 2375 4266 ad
2418 4213 2748 4268 discendum
2807 4230 2969 4284 quam
3027 4216 3184 4271 visus
3247 4216 3511 4274 confert:

1928 4298 2150 4355 auditus
2184 4302 2328 4356 enim
2361 4301 2666 4357 doctrinam
2710 4302 2768 4358 in
2805 4303 3021 4359 animos
3057 4320 3152 4374 per
3184 4323 3348 4364 aures
3389 4325 3512 4379 per-

1927 4393 2119 4462 spicue
2185 4394 2529 4459 introduxit,
2598 4410 2703 4450 nec
2764 4411 2960 4468 parum
3031 4398 3263 4456 interest
3321 4404 3516 4474 quales

1927 4485 2041 4539 sint
2094 4486 2467 4553 narrationes,
2499 4487 2658 4542 bonae
2703 4502 2773 4542 an
2827 4489 3005 4556 malae,
3051 4491 3236 4562 proba:
3287 4508 3353 4547 an
3410 4495 3511 4548 im-

1926 4577 2115 4647 probae
2151 4595 2165 4632 :
2199 4592 2326 4632 nam
2373 4579 2566 4649 quales
2607 4579 2714 4636 illae
2760 4590 2913 4646 sunt,
2961 4582 3098 4640 tales
3133 4583 3187 4639 in
3221 4584 3514 4655 phantasia

1923 4685 2145 4741 quoque
2193 4671 2461 4743 imagines
2508 4675 2740 4745 produci
2770 4678 3145 4732 necessarium
3199 4687 3283 4734 cst
3318 4699 3331 4734 :
3361 4681 3511 4751 cogi-

1925 4764 2061 4818 tatio
2089 4773 2272 4820 autem
2303 4773 2356 4821 et
2403 4770 2669 4822 continua
2705 4770 2905 4825 mentis
2953 4772 3372 4841 contemplatio,
3415 4774 3508 4828 Ιιοο

1925 4857 2129 4912 minem
2175 4857 2452 4913 desiderio
2497 4859 2801 4915 incendunt
2838 4862 2907 4917 ad
2959 4863 3231 4934 agendum
3289 4880 3351 4920 ea
3388 4881 3514 4937 qua

1924 4948 2260 5020 cogitatione
2303 4949 2690 5020 apprehendit.
2721 4951 2994 5017 Quocirca
3029 4956 3194 5026 cupio
3231 4965 3291 5012 ut
3324 4960 3511 5029 quiete

1922 5049 1978 5094 et
2028 5039 2237 5109 absque
2292 5040 2525 5111 strepitu
2589 5057 2674 5098 me
2727 5044 2998 5100 dicentem
3049 5049 3306 5118 audiatis,
3355 5061 3412 5105 ut
3455 5059 3510 5107 et

1924 5129 2069 5184 beati
2118 5137 2411 5201 martyres,
2461 5141 2624 5200 prout
2669 5133 2847 5200 decet,
2888 5136 3252 5204 honorentnr,
3303 5157 3512 5211 vosque

1841 5236 1883 5291 ε
1919 5237 2015 5291 per
2047 5232 2350 5293 martyrum
2396 5225 2841 5282 recordationem
2891 5229 2958 5282 ad
3007 5231 3265 5300 pietatem
3305 5233 3511 5305 Deique

1920 5313 2130 5368 cultum
2170 5313 2568 5372 informamini.

1991 5422 2074 5478 Me
2107 5438 2237 5479 vero
2285 5423 2488 5496 duplex
2528 5428 2677 5484 lucta
2722 5440 2778 5487 et
2824 5443 3005 5491 metus
3054 5448 3275 5502 manet,
3327 5456 3394 5495 ne
3423 5441 3511 5496 di-

1919 5515 2079 5570 cendi
2124 5517 2392 5574 tenuitate
2427 5533 2811 5593 argumentum
2867 5528 3111 5584 deterant
3151 5533 3310 5589 :sive
3361 5536 3507 5590 enim

1917 5609 2044 5680 quis
2086 5611 2187 5673 rei.
2223 5628 2345 5682 qua:
2384 5630 2495 5684 pra:
2538 5619 2798 5675 manibus
2844 5633 3123 5693 versatur,
3174 5629 3503 5700 tnagnltudi-
3607 5603 3616 5614 .

213 5688 558 5758 πράγματος
591 5687 688 5759 τήν
717 5690 1212 5763 μεγαλοπρέπειαν,
1240 5694 1384 5752 κατὰ
1422 5696 1620 5760 παντὸς
1652 5697 1812 5766 λόγου

1927 5717 2038 5759 ηοω
2079 5713 2133 5760 et
2181 5705 2522 5777 majestatcm
2567 5715 2904 5785 perpendat,
2955 5734 3022 5773 ca
3071 5727 3222 5776 tanta
3265 5687 3398 5790 est,
3450 5733 3510 5778 ut
