3918 6204
431 247 537 304 ’173

1662 240 1720 296 S.
1773 238 2100 297 GREGORII
2138 239 2437 298 NYSSENI

3584 228 3693 297 τῖε

431 370 676 425 (ηιιιιιιιιῐι
721 366 1076 425 sermonibus
1106 363 1478 436 praedicetur;
1509 363 1627 420 sive
1673 365 1800 433 quis
1839 365 2000 417 virun

2123 364 2280 436 φέρει
2316 365 2385 419 τά
2433 363 2761 436 νικητήρια·
2812 361 2923 415 εἴτε
2962 360 3054 415 τὸν
3103 360 3212 432 πρὸ
3258 358 3417 432 ημῶν
3459 360 3548 415 διά
3592 362 3694 433 τῆς

438 465 594 517 illum
628 463 930 528 intueatur,
959 459 1205 530 quiante
1227 471 1328 512 nos
1360 456 1549 512 beatos
1573 458 1727 527 ipsos
1760 456 2015 510 laudibus

428 556 644 619 extulit,
687 562 742 609 et
785 553 949 622 quasi
995 548 1327 605 coronavit:
1358 548 1518 603 viris
1547 562 1843 602 commune
1891 547 2016 601 uni-

429 646 709 701 versitatis
755 643 1081 699 miraculum
1126 648 1233 709 est,
1271 637 1604 697 eruditionis
1649 636 2013 703 Christianae,

429 747 483 791 «οι
524 752 648 808 qua:
678 736 747 789 ah
803 736 1050 790 externis
1102 730 1305 786 tradita
1356 737 1465 794 est,
1493 735 1750 784 accurata
1797 742 2013 794 norma,

430 826 796 899 philosophiae
851 827 1055 896 imago,
1101 825 1486 892 episcoporum
1540 819 1716 874 forma
1759 828 1814 874 et
1852 819 2014 886 libra,

431 929 614 974 rector
667 934 952 975 consonus
1002 931 1230 987 operum
1276 912 1442 970 simul
1494 921 1549 967 ct
1576 912 1869 966 verborum
1912 910 2012 982 ta),

429 1012 517 1066 cui
555 1010 698 1082 apud
746 1026 939 1066 omnes
988 1008 1247 1063 mortales
1296 1004 1476 1077 gloria
1527 1002 1841 1059 indelebilis
1883 1018 2017 1058 Con-

429 1111 572 1168 stat,
622 1104 875 1174 exceptis
928 1112 1111 1157 tamen
1169 1099 1282 1154 illis
1344 1099 1440 1169 qui
1499 1113 1677 1168 neque
1729 1096 2012 1152 Christum

429 1195 787 1260 hlaspbemiis
871 1195 1154 1248 incessere
1227 1193 1477 1247 horrent.
1542 1188 2013 1256 Quemadmodum

425 1286 573 1339 enim
627 1286 812 1341 nullus
880 1284 1157 1354 reperitur
1218 1282 1313 1354 qui
1371 1282 1543 1338 solem
1596 1280 1912 1335 illuminare
1959 1286 2015 1334 et

427 1376 735 1431 calefacere
780 1376 990 1430 abnuat
1021 1394 1036 1430 :
1068 1374 1150 1430 sic
1185 1387 1349 1429 nemo
1383 1370 1719 1426 inliciabitur
1752 1385 2012 1440 magnum

429 1466 692 1523 Basiliutn
745 1445 1287 1540 otnnium‘virtutum
1330 1462 1741 1534 pulchritudine
1783 1461 2015 1516 decora-

429 1570 545 1614 tum
593 1573 717 1615 esse
748 1577 763 1615 :
795 1558 1051 1614 sublimis
1096 1557 1263 1628 igitur
1313 1557 1407 1611 ille
1455 1552 1774 1610 sublimium
1824 1552 2015 1607 lauda-

426 1661 537 1718 tor,
585 1659 924 1722 sanctusque
978 1658 1298 1707 sanctorum
1343 1649 1546 1713 cultor,
1594 1660 1696 1717 pro
1749 1645 2013 1701 facultate

2118 456 2314 511 ἑαυτοῦ
2345 456 2538 526 σοφίας
2572 453 2993 525 στεφανώσαντα
3021 454 3148 517 τοὺς
3183 453 3408 521 ἁγίους·
3460 453 3598 525 ἀνὴρ
3627 448 3691 507 οὗ

2115 547 2178 601 τὸ
2225 548 2411 620 θαῦμα
2450 548 2553 619 τῆς
2597 547 2926 619 οἰκουμένης
2956 547 3170 601 κοινόν·
3200 545 3451 609 παιδείας
3491 546 3588 614 τῆς
3627 563 3693 600 τε

2118 640 2269 713 παρά
2290 643 2635 713 Χριστιανοῖς
2654 682 2669 707 ,
2711 642 2806 695 καὶ
2835 640 2936 711 τῆς
2969 638 3187 706 ἔξωθεν,
3217 640 3400 695 κανὼν
3433 641 3688 711 ἀκριϐὴς,

2116 732 2433 803 φιλοσοφίας
2469 733 2711 805 ἄγαλμα,
2741 733 3056 787 ἐπισκόπων
3090 731 3260 796 τύπος
3290 731 3384 786 καὶ
3426 731 3687 795 κίνδυνος,

2115 823 2432 889 διδάσκαλος
2464 824 2642 897 ἔργων
2668 825 2763 879 καὶ
2791 825 2966 895 λόγων
2995 823 3282 896 σύμφωνος
3301 837 3316 854 ⁸
3348 822 3502 895 παρὰ
3530 825 3691 877 πᾶσιν

2114 915 2425 988 ἀνθρώποις
2474 915 2946 987 ἀνανταγώνιστον
2982 915 3122 988 ἔχων
3170 915 3269 987 τὴν
3314 915 3690 987 εὐδοκίμησιν,

2114 1007 2255 1079 πλὴν
2293 1009 2342 1062 εί
2373 1007 2450 1080 μὴ
2480 1008 2609 1080 παρ’
2633 1002 2715 1072 οἷς
2739 1008 2861 1062 ούδέ
2892 1007 3126 1079 Χριστός
3155 1006 3302 1061 ἐστιν
3325 1006 3687 1077 ἀϐλασφήμη-

2113 1115 2225 1163 τος.
2266 1100 2357 1163 Ὠς
2384 1100 2494 1173 γὰρ
2521 1100 2697 1164 οὐδεὶς
2734 1098 3013 1168 ἀντιλέγει
3045 1098 3300 1169 φωτίζειν
3342 1099 3437 1152 καὶ
3464 1098 3688 1168 θερμαί-

2112 1210 2226 1247 νειν
2264 1191 2354 1245 τὸν
2392 1192 2563 1264 ἥλιον,
2596 1191 2768 1255 οὔτως
2793 1190 2916 1244 οὐδὲ
2960 1191 3050 1245 τὸν
3080 1190 3254 1262 μέγαν
3281 1190 3563 1243 Βασίλειον
3595 1191 3691 1242 ἀνα

2113 1282 2263 1354 τερεῖ
2295 1299 2375 1345 τις
2397 1320 2412 1344 ,
2455 1281 2531 1353 μὴ
2556 1281 2721 1335 παντὶ
2747 1281 2827 1354 τῷ
2849 1281 3033 1336 κάλλει
3054 1283 3155 1352 τῆς
3177 1281 3379 1353 ἀρετῆς
3410 1282 3689 1352 κεκοσμῆ-

2117 1373 2260 1428 σθαι.
2298 1372 2532 1444 ’Υψηλδς
2557 1373 2656 1445 μέν
2683 1370 2777 1428 οὖν
2801 1374 2909 1428 τῶν
2938 1372 3161 1446 ὑψηλῶν
3185 1375 3476 1446 ἐπαινέτης
3497 1415 3513 1438 ,
3537 1375 3692 1442 ἅγιος

2113 1464 2225 1518 τῶν
2256 1464 2427 1535 άγίων
2465 1465 2841 1537 θεραπευτής·
2877 1464 3019 1520 κατὰ
3052 1465 3151 1537 τὴν
3195 1465 3505 1539 προσοῦσαν
3531 1466 3688 1520 δύνα-

2088 1573 2209 1641 μιν
2238 1555 2645 1629 ἀποπληρώσας
2675 1560 2786 1622 τοῖς
2815 1558 3098 1630 ἀριστεῦσι
3122 1559 3182 1612 τὸ
3208 1558 3400 1630 γέρας.
3435 1559 3591 1629 Ἐμοὶ
3630 1559 3687 1610 δὲ

2111 1652 2173 1705 οὐ
2217 1650 2305 1705 διά
2350 1649 2511 1704 τοῦτο
2555 1650 2891 1723 σιωπητέον
2936 1651 3236 1724 ἐπειδήπερ
3279 1651 3350 1705 τά
3396 1651 3687 1721 θαυμαστᾶ

424 1761 533 1816 qua
578 1717 852 1816 pollebat,
884 1745 1110 1817 inclytis
1159 1741 1467 1798 victoribus
1516 1739 1759 1794 debitum
1806 1752 2000 1791 munus

2117 1742 2369 1813 μεγάλως
2411 1742 2441 1795 6
2477 1717 2765 1813 προλαϐών
2801 1717 3137 1815 διεκήρυξεν.
3173 1717 3249 1796 ὀύ
3280 1742 3390 1814 γάρ
3431 1717 3550 1795 ἐστι
3593 1742 3686 1795 νῦν

423 1837 703 1908 dependit.
755 1837 1026 1892 Caeterum
1068 1852 1156 1891 me
1207 1850 1317 1890 non
1363 1833 1487 1888 ideo
1536 1841 1723 1886 tacere
1769 1837 2007 1901 oportet,

422 1930 549 2001 quia
590 1931 681 1985 ille
721 1929 875 2000 prius
910 1927 1205 1999 magnifice
1233 1933 1537 1997 martyrum
1571 1922 1892 1977 admiranda
1926 1921 2009 1975 fa-

420 2032 512 2077 cta
556 2021 968 2092 depraedicavit,
1011 2036 1122 2076 non
1165 2020 1312 2074 enim
1355 2019 1408 2072 in
1444 2019 1702 2085 praesenti
1743 2031 1867 2072 cum
1917 2016 2010 2069 illo

421 2122 641 2169 certare
704 2112 1090 2181 instituimus,
1132 2112 1227 2168 sed
1274 2112 1330 2167 in
1378 2109 1435 2166 id
1482 2108 1893 2171 incumbimus,
1953 2114 2012 2159 ut

423 2186 584 2265 v‘obis
621 2209 972 2265 auditoribus
999 2208 1206 2280 aliquid
1238 2206 1494 2264 utilitatis
1525 2203 1820 2261 afferamus
1864 2222 1876 2257 :

2111 1836 2140 1889 6
2176 1834 2379 1900 σκοπὸς
2418 1834 2624 1906 ἅμιλλα
2652 1835 2786 1906 πρὸς
2819 1835 2909 1889 τὸν
2943 1835 3223 1907 εἰρηκότα,
3250 1835 3365 1888 ἀλλ’
3410 1834 3567 1904 ὑμῶν
3590 1834 3683 1904 τῆς

2110 1925 2220 1981 τῶν
2243 1927 2552 1981 ἀκουόντων
2581 1926 2850 1996 ὠφελείας
2877 1927 3166 1999 ἐπιμέλεια
3184 1943 3199 1958 ·
3230 1926 3430 1996 ὠφελεῖ
3461 1926 3521 1979 δέ
3560 1926 3681 1979 Exn-

2114 2033 2238 2080 στος
2262 2016 2483 2082 πάντως
2517 2017 2593 2081 ὡς
2617 2016 2859 2084 δύναται,
2896 2018 3000 2088 τῆς
3033 2017 3383 2081 ἀπολαύσεως
3424 2018 3537 2072 τῶν
3566 2035 3678 2088 μει⁴

2115 2108 2283 2173 ζόνων
2308 2109 2459 2181 παρά
2484 2109 2596 2164 τῶν
2623 2096 3036 2182 πλουσιωτέρων
3066 2109 3499 2184 χορηγουμένης.

1935 2201 2084 2274 capit
2123 2213 2306 2260 autem
2357 2205 2605 2277 qualibet
2665 2205 2891 2262 omnino
2927 2215 3091 2279 prout
3136 2214 3340 2280 potest,
3390 2221 3458 2262 ex
3521 2204 3675 2261 rebus

423 2306 749 2363 melioribus
788 2306 1117 2369 utilitatem,
1169 2305 1390 2375 quando
1443 2303 1515 2359 ab
1563 2300 1998 2375 opulentioribus
2038 2299 2509 2357 subministratur.

493 2398 667 2470 igitur
705 2397 1069 2470 quadraginta
1119 2397 1210 2451 isti
1245 2394 1430 2451 officio
1474 2396 1710 2465 vitaeque
1738 2392 2001 2448 instituto

418 2490 625 2546 milites
671 2500 855 2553 erant,
902 2487 1151 2543 Romano
1198 2486 1513 2557 imperatori
1553 2484 1841 2549 auetorati,
1898 2481 2001 2537 fide

420 2577 726 2636 Christiani
756 2617 771 2643 ,
796 2586 852 2633 ct
895 2578 1165 2649 religione
1200 2577 1299 2647 pii.
1337 2576 1635 2647 Postquam
1669 2590 1801 2629 vero
1830 2573 1877 2628 is
1906 2569 2000 2641 qui

421 2672 533 2726 illis
550 2673 895 2742 temporibus
927 2671 1223 2741 imperium
1253 2669 1497 2735 tenebat,
1527 2684 1672 2725 unus
1700 2682 1765 2722 ex
1801 2678 1998 2722 eorum

423 2777 656 2818 numero
702 2763 796 2832 qui
858 2763 1044 2832 plures
1110 2761 1246 2816 deos
1301 2761 1591 2827 colebant,
1657 2757 1999 2815 dmmonibus

420 2855 676 2909 acerbum
718 2854 767 2909 ei
793 2853 1089 2909 consilium
1132 2861 1189 2908 et
1230 2851 1512 2909 decretum
1558 2850 1994 2923 suggerentibus,

419 2961 561 3001 nova
598 2947 715 3017 lege
764 2952 819 3000 et
858 2958 1003 2998 novo
1044 2942 1230 2998 edicto
1260 2942 1609 2997 Christianos
1656 2941 1995 3012 exagitabat,

423 3035 697 3093 mandans
726 3043 787 3091 ut
819 3049 1014 3091 omnes
1056 3031 1287 3099 subditi,
1330 3042 1425 3088 aut
1453 3032 1796 3088 daemonibus
1831 3032 1994 3086 thura

417 3124 722 3190 adolerent,
768 3131 863 3178 aut
925 3122 1031 3178 hoc
1071 3121 1252 3177 facere
1292 3112 1688 3187 detrectantes,
1745 3120 1866 3175 neci
1911 3119 2000 3176 de-

416 3210 695 3276 derentur,
725 3218 780 3266 et
812 3219 940 3265 ante
974 3217 1209 3265 mortem
1251 3216 1371 3265 toto
1411 3224 1649 3282 corpore
1685 3211 1841 3265 omni
1875 3226 1999 3266 cru-

415 3302 597 3359 ciatus
614 3317 825 3374 genere
869 3300 1442 3371 exearnillcarentur;
1482 3310 1616 3358 tunc
1653 3302 1996 3374 tyrannicam

414 3393 804 3447 truculentiam
855 3391 1081 3462 Deoque.
1104 3391 1339 3447 invisam
1380 3391 1552 3461 legem
1584 3405 1685 3461 pro
1719 3389 1999 3445 fortitudi-

414 3484 504 3541 nis
562 3485 918 3541 ostendendae
975 3499 1111 3538 ansa
1175 3483 1321 3538 beati
1367 3483 1459 3538 isti
1525 3483 1892 3553 arripientes,
1944 3490 2000 3538 et

414 3578 650 3634 seorsim
685 3578 755 3633 ab
786 3578 912 3634 aliis
942 3576 1213 3656 militibus
1248 3575 1507 3629 eximiam
1541 3585 1598 3631 et
1629 3574 1856 3630 Christo
1901 3576 1998 3630 de-

412 3669 585 3723 ditam
620 3668 901 3723 cohortem
947 3667 1381 3728 constituentes,
1424 3680 1546 3736 qua:
1591 3666 1794 3720 virtute
1833 3665 1998 3734 spiri-

415 3772 505 3819 tus
539 3763 822 3825 militaret.
879 3773 1068 3834 aperte
1099 3777 1222 3819 sese
1267 3761 1613 3818 detestandis
1655 3760 1858 3816 litteris
1900 3775 1997 3830 op-

413 3861 748 3924 posuerunt,
811 3862 865 3908 ct
923 3852 1273 3909 concorditer
1313 3867 1528 3915 omnes,
1572 3851 1722 3907 velut
1770 3867 1836 3907 ex
1886 3867 1996 3905 uno

412 3960 532 4009 ore,
564 3946 727 4001 fidem
765 3954 1007 4001 nostram
1035 3944 1270 4016 professi
1304 3952 1454 4009 sunt,
1487 3943 1757 4008 dicentes,
1789 3950 1998 3999 morta-

414 4039 520 4094 lem
555 4039 697 4093 hanc
724 4045 778 4095 et
816 4037 1080 4093 caducam
1108 4040 1275 4093 vitam
1306 4052 1497 4109 parum
1539 4037 1644 4092 sibi
1674 4050 1821 4092 cum
1849 4051 1994 4101 esse,

414 4144 587 4200 seque
616 4129 853 4185 libenter
882 4144 1114 4200 corpora
1148 4142 1247 4183 sua
1272 4128 1438 4183 variis
1473 4134 1868 4182 tormentorum
1899 4142 1995 4198 ge-

413 4221 643 4277 neribus
707 4221 1086 4291 exposituros.
1158 4219 1508 4292 Quapropter
1568 4219 1808 4275 crudelis
1860 4219 1995 4290 legis

2114 2408 2119 2411 ‘
2168 2393 2510 2464 Στρατιῶται
2535 2394 2638 2466 μέν
2659 2388 2753 2448 οὗν
2779 2394 2828 2448 oi
2867 2393 3298 2466 τεσσαράκοντα,
3327 2395 3421 2449 τοῦ
3447 2396 3563 2467 βίου
3584 2398 3679 2465 τὴν

2098 2481 2252 2549 τάξιν
2293 2482 2502 2555 βασιλεῖ
2543 2484 2650 2539 τῶν
2694 2485 2982 2557 Ῥωμαίων
3023 2485 3331 2541 ὁπλιτεύειν
3382 2488 3672 2559 λαχόντες,

2099 2571 2486 2645 Χριστιανοὶδὲ
2506 2576 2604 2650 τὴν
2626 2577 2835 2646 πίστιν,
2862 2579 2956 2633 καὶ
2975 2579 3219 2644 εὐσεϐεῖς
3231 2579 3331 2651 τὴν
3352 2581 3673 2653 θρησκείαν.

2110 2664 2330 2735 Ἐπειδὴ
2365 2667 2437 2738 δὲ.
2459 2669 2488 2722 6
2526 2668 2826 2740 τηνικαῦτα
2872 2670 3122 2742 κρατῶν,
3151 2668 3231 2735 εἷς
3272 2670 3350 2725 ὢν
3376 2673 3489 2726 τῶν
3516 2675 3679 2728 πολυε-

2104 2757 2265 2825 θέων,
2298 2759 2569 2832 δαιμόνων
2612 2759 2762 2833 αύτῷ
2800 2761 2861 2816 τὸ
2891 2762 3083 2834 πικρὸν
3126 2763 3478 2835 ὑποθεμένων
3506 2768 3677 2820 ἐκεῖνο

2107 2848 2413 2924 βούλευμα,
2441 2850 2613 2924 καινῷ
2660 2852 2811 2925 νόμῳ
2850 2854 2945 2908 καὶ
2996 2853 3285 2925 γράμματι
3321 2856 3679 2927 Χριστιανοὺς

2103 2942 2301 3014 ἤλαυνε
2321 2982 2336 3008 ,
2367 2942 2629 3007 κελεύσας
2655 2941 2865 3007 πάντας
2891 2945 3016 3007 τοὺς
3046 2944 3321 3016 ὑπηκόους
3342 2945 3413 3017 ,ἢ
3446 2947 3508 3000 τὺ
3535 2947 3679 3001 λιϐα-

2099 3033 2269 3088 νωτὸν
2292 3034 2565 3105 ἐναγίζειν
2588 3037 2701 3100 τοῖς
2731 3034 3001 3107 δαίμοσιν,
3042 3036 3075 3107 ἢ
3102 3036 3260 3091 τοῦτο
3287 3038 3363 3110 μὴ
3391 3039 3678 3103 ποιοῦντας

2102 3123 2317 3197 θανάτῳ
2346 3124 2825 3192 καταδικάζεσθαι,
2872 3128 2965 3182 καὶ
2993 3127 3101 3200 πρό
3134 3145 3199 3197 γε
3232 3129 3333 3201 τῆς
3381 3132 3637 3201 τελευτῆς
3660 3171 3677 3196 ,

2100 3218 2264 3272 παντὶ
2290 3217 2367 3290 τῷ
2400 3217 2616 3291 σώματι
2638 3219 2841 3284 πολλὰς
2875 3219 3167 3293 ὑπομένειν
3190 3221 3289 3286 τὰς
3313 3221 3495 3288 λώϐας
3518 3242 3533 3254 ·
3554 3226 3679 3279 τότε

2097 3310 2162 3382 δὴ
2189 3309 2336 3378 τότε,
2370 3309 2469 3382 τὴν
2492 3312 2823 3383 τυραννικὴν
2852 3312 3133 3385 ὠμότητα,
3162 3314 3256 3368 καὶ
3286 3314 3381 3369 τὸν
3423 3317 3680 3388 μισόθεον

2098 3402 2282 3474 νόμον,
2306 3403 2673 3476 ἀνδραγαθίας
2697 3404 2906 3458 ἑαυτῶν
2927 3405 2975 3458 oi
2999 3405 3259 3477 μακάριοι
3279 3409 3682 3480 ποιησάμενοι,

2098 3494 2194 3547 καὶ
2230 3493 2339 3548 τῶν
2370 3494 2546 3549 ἄλλων
2595 3493 2694 3565 μὲν
2728 3494 3136 3567 ἀπορραγέντες
3164 3496 3536 3567 στρατιωτῶν,
3574 3502 3686 3569 φά-

2098 3584 2278 3654 λαγγα
2305 3585 2579 3657 ἐξαίρετον
2608 3586 2703 3641 καὶ
2733 3586 3078 3657 φιλόχριστον
3110 3591 3584 3661 συγκροτήσαντες
3609 3596 3687 3663 τῇ

2096 3676 2321 3749 δυνάμει
2368 3681 2851 3754 στρατηγουμένην
2894 3683 2988 3736 τοῦ
3028 3682 3370 3756 Πνεύματος,
3413 3687 3689 3756 φανερῶς

2097 3772 2324 3836 ἑαυτοὺς
2347 3775 2459 3837 τοῖς
2489 3774 2707 3846 μιαροῖς
2733 3774 3198 3846 άντικατέστησαν
3219 3776 3504 3847 γράμμασι
3524 3793 3540 3807 ·
3576 3780 3691 3832 καὶ

2098 3860 2388 3932 σύμφωνον
2417 3862 2647 3928 πάντες,
2672 3861 2750 3926 ώς
2792 3865 2855 3917 ἐκ
2887 3866 3013 3935 μιᾶς
3045 3865 3291 3937 γλώττης
3313 3906 3329 3931 ,
3354 3865 3455 3939 τὴν
3484 3868 3689 3922 πίστιν

2096 3948 2252 4019 ἡμῶν
2309 3948 2624 4021 ἐξεϐόησαν,
2680 3952 2875 4025 μικρὸν
2923 3956 3231 4025 φροντίζειν
3277 3955 3531 4025 λέγοντες
3576 3959 3688 4028 τῆς

2096 4040 2435 4113 προσκαίρου
2465 4041 2671 4114 ταύτης
2710 4046 2889 4116 ζωῆς,
2921 4047 3016 4100 καὶ
3064 4047 3329 4119 παρέχειν
3371 4048 3571 4103 ἔκδοτοι
3617 4052 3687 4103 τὰ

2096 4131 2324 4203 σώματα
2365 4132 2640 4198 ποικίλαις
2678 4135 2951 4191 κολάσεων
3001 4137 3190 4201 ἰδέαις.
3246 4139 3306 4193 Ὀ
3343 4141 3527 4193 τοίνυν
3582 4141 3684 4195 τοῦ

2097 4222 2273 4295 βιαίου
2302 4224 2468 4296 νόμου
2502 4226 2968 4299 τυραννικώτερος
2997 4228 3276 4300 ὑπηρέτης
3294 4270 3311 4295 ,
3335 4234 3685 4302 καταμαθὼν

413 4312 697 4368 crudelior
726 4319 1023 4368 exsecutor
1057 4321 1113 4369 et
1158 4313 1508 4376 administer,
1547 4310 1825 4367 intellecta
1865 4326 1995 4367 san—

2102 4315 2208 4370 τῶν
2238 4316 2411 4386 ἁγίων
2455 4316 2554 4388 τὴν
2591 4317 2864 4385 ἔνστασιν,
2902 4320 3189 4392 ίσόρῤοπον
3232 4320 3467 4388 ἔσπευσε
3495 4343 3686 4396 μηχα-

412 4412 628 4460 ctorum
652 4415 857 4469 mente,
880 4403 1013 4459 illud
1034 4403 1343 4468 contendit,
1365 4411 1425 4458 ut
1447 4402 1719 4458 alacritati
1739 4406 1993 4473 etp'rom-

416 4496 676 4567 ptitudini
718 4496 872 4567 paria
913 4495 1185 4566 supplicia
1215 4495 1525 4563 adhiberet,
1556 4503 1610 4551 et
1652 4495 1866 4550 animos
1900 4494 1990 4549 in-

415 4587 660 4659 trepidos
694 4596 750 4643 et
779 4586 1183 4657 imperterritos
1226 4599 1369 4641 novo
1404 4595 1462 4642 et
1498 4587 1766 4642 inusitato
1794 4585 1987 4640 formi-

412 4680 560 4735 dinis
615 4677 951 4735 incutienda:
992 4677 1155 4731 modo
1200 4677 1583 4734 terrefaceret.
1631 4677 1689 4733 Si
1726 4677 1991 4749 gladium,

413 4771 629 4842 inquit,
678 4770 789 4825 illis
829 4770 1164 4833 commiuer,
1230 4784 1420 4839 parum
1471 4770 1994 4832 commovebuntur,

414 4876 598 4932 neque
631 4876 831 4917 manus
879 4859 1112 4924 dabunt,
1171 4866 1301 4915 sunt
1345 4859 1492 4915 enim
1522 4859 1626 4914 viri
1669 4859 1741 4914 ab
1776 4859 1994 4916 ineunte

411 4959 572 5008 actate
603 4953 658 5006 in
702 4952 876 5008 armis
919 4951 1135 5007 educati
1180 4958 1235 5006 et
1272 4966 1424 5005 arma
1467 4951 1611 5007 ferre
1658 4948 1891 5006 assueti.
1925 4946 1985 5002 Si

412 5046 517 5100 alia
566 5054 969 5101 tormentorum
1016 5058 1219 5116 genera
1272 5044 1384 5100 illis
1428 5043 1685 5111 inferam,
1724 5058 1991 5115 generose

411 5138 750 5204 tolerabunt,
796 5146 986 5209 utpote
1028 5137 1122 5207 qui
1168 5136 1450 5206 plagarum
1473 5144 1528 5191 et
1550 5136 1836 5192 vulnerum
1869 5135 1992 5190 diu-

412 5240 635 5289 turnam
688 5229 1087 5303 experientiam
1136 5228 1398 5285 habeant‘.
1440 5226 1632 5300 Neque
1687 5227 1830 5299 ignis
1874 5226 1989 5282 for-

411 5325 608 5380 midini
655 5330 742 5379 est
794 5323 929 5383 illis.
987 5320 1082 5392 qui
1132 5321 1228 5386 ita,
1285 5328 1345 5374 ut
1377 5320 1492 5386 isti,
1548 5320 1822 5375 obdurato
1858 5325 1990 5375 sunt

412 5428 654 5489 pectore.
693 5415 826 5472 Eam
863 5415 935 5472 ob
975 5429 1201 5471 causam
1254 5414 1681 5486 excogitandum
1729 5420 1814 5470 est
1853 5427 1987 5483 sup-

411 5512 659 5581 plicium,
689 5510 837 5583 quod
866 5518 923 5567 et
953 5509 1409 5566 molestissimum
1447 5508 1751 5564 cruciatum
1783 5506 1982 5577 pariat,

2097 4407 2363 4476 νήσασθαι
2392 4407 2491 4478 τῆς
2531 4408 2839 4480 προθυμίας
2877 4409 2977 4481 τὴν
3005 4412 3301 4483 τιμωρίαν,
3338 4414 3432 4467 καὶ
3471 4414 3689 4487 dav-lati;

2095 4499 2398 4564 ἀνενδότοις
2424 4501 2618 4575 καινὴν
2645 4503 2744 4556 ταὶ
2774 4503 3074 4576 παράδοξον
3121 4507 3416 4579 ἐπινοήσας
3444 4510 3683 4565 δειλίαν.

2097 4586 2195 4643 Ἂν
2229 4590 2291 4644 τὸ
2318 4590 2472 4662 ξίφος
2496 4594 2680 4660 αὐτοῖς
2703 4595 3003 4668 ἀπειλήσω,
3041 4598 3198 4667 φησι,
3240 4599 3443 4670 μικρὸς
3466 4604 3557 4665 εἰς
3594 4620 3691 4655 και

2087 4680 2355 4752 τάπληξιν
2377 4682 2406 4736 6
2435 4683 2618 4753 φόϐος,
2645 4686 2740 4742 καὶ
2762 4686 3013 4758 οὐδαμῶς
3041 4687 3447 4759 ύποκύψουσινο
3477 4693 3687 4766 ἄνδρες

2091 4771 2204 4845 γὰρ
2230 4775 2371 4826 εἰσιν
2393 4775 2453 4828 ἐν
2484 4774 2667 4841 ὅπλοις
2689 4779 2754 4830 ἐκ
2775 4776 2982 4830 παίδων
3007 4778 3291 4849 ζήσαντες,
3324 4782 3423 4833 καὶ
3453 4782 3687 4857 σίδηρον

2089 4858 2278 4929 φέρειν
2332 4861 2649 4933 είθισμένοι.
2716 4865 2844 4921 Ἐάν
2892 4867 3059 4932 ἄλλας
3099 4869 3282 4933 αὐτοῖς
3329 4879 3686 4946 προσαγάγω

2090 4952 2358 5018 κολάσεις,
2396 4955 2662 5022 γενναίως
2718 4956 3240 5031 ὲγκαρτερήσουσιν,
3286 4963 3388 5014 οὐκ
3427 4964 3681 5037 ἀπείρως

2091 5042 2308 5115 ἔχοντες
2343 5046 2590 5117 πληγῶν,
2624 5049 2719 5102 καὶ
2750 5052 3095 5122 τραυμάτων
3145 5052 3265 5105 οὐδὲ
3304 5053 3368 5106 τὸ
3402 5055 3528 5127 πῦρ
3563 5060 3679 5110 ἐστι

2093 5137 2323 5211 φοϐερὸν
2349 5141 2461 5204 τοῖς
2488 5142 2837 5206 ἐνστατικῶς,
2867 5142 2942 5207 ὡς
2972 5138 3136 5210 οὗτοι,
3167 5144 3569 5217 διακειμένοις.
3591 5148 3682 5201 Aab

2091 5231 2368 5303 προσῆκεν
2388 5233 2737 5306 ἐξευρεθῆναι
2758 5236 3048 5306 τιμωρίαν,
3077 5237 3113 5308 ἢ
3147 5238 3241 5291 καὶ
3266 5236 3367 5308 τὴν
3387 5239 3680 5310 ἐνέργειτν

2090 5321 2201 5388 ἕξει
2230 5324 2330 5395 τῆς
2349 5323 2637 5395 ἀλγηδόνος
2657 5325 2941 5399 ὀδυνηρὰν,
2974 5328 3068 5381 καὶ
3094 5326 3186 5381 τὸν
3208 5329 3402 5400 χρόνον
3435 5330 3681 5403 μακρὸν.

2092 5417 2188 5470 καὶ
2224 5416 2588 5488 παρέλκοντα.
2622 5418 2688 5471 Τί
2719 5414 2811 5472 οὖν
2842 5418 3120 5491 ἐπιμελῶς
3141 5419 3507 5475 ἐϐουλεύσατο
3530 5423 3683 5476 κατά

2090 5506 2201 5561 τῶν
2225 5507 2399 5577 ἁγίων
2422 5509 2451 5563 6
2467 5507 2578 5563 τῶν
2600 5509 2787 5565 κακῶν
2811 5511 3102 5583 σοφιστής;
3136 5511 3247 5566 Καὶ
3275 5513 3640 5585 μεριμνήσας
3667 5555 3685 5578 ,

442 5696 449 5699 ⁴
484 5692 561 5763 (α)
603 5693 873 5765 Loquitur
910 5698 976 5755 de
1013 5697 1070 5760 S.
1108 5697 1334 5773 Basilio,
1365 5697 1525 5768 cujus
1561 5699 1741 5773 etiam.
1768 5706 1949 5756 exstat
1984 5695 2174 5774 Oratio
2201 5698 2255 5755 in
2291 5714 2356 5755 τι.
2396 5696 2690 5770 Martyres.
