3918 6204
202 257 307 313 ⁸177

1299 254 1365 309 IN
1404 254 1905 325 QUADRAGINTA
1967 255 2373 313 MARTYRES.

3367 263 3467 317 778

197 368 359 446 εὗρεν
400 369 643 440 ἐναέριον
669 368 932 433 κίνδυνον,
957 368 1015 423 ὃν
1041 369 1327 445 πρόχειρον
1353 370 1501 443 αὐτῷ
1526 375 1775 444 παρεῖχεν

1885 378 1940 426 ει
1978 380 2223 444 tempore
2274 372 2412 429 satis
2453 373 2618 446 longo
2648 375 2830 432 duret.
2872 376 3016 445 Quid
3052 377 3221 450 igitur
3248 380 3471 435 consilii

196 469 227 520 6
248 462 467 535 καιρὸς,
498 460 594 515 καὶ
615 462 648 533 ἡ
670 460 843 531 χώρα.
879 460 942 515 Ὀ
966 462 1065 532 μὲν
1087 465 1197 534 γάρ
1225 463 1435 535 καιρὸς,
1462 459 1528 534 ἦν
1550 462 1754 535 χειμών
1770 480 1785 495 ’

195 558 225 609 ό
247 556 306 610 δὲ
343 554 510 616 τόπος
529 593 545 616 ,
590 552 851 622 Ἀρμενία
872 593 887 616 ,
918 554 952 622 ἡ
985 554 1276 625 πρόσοικος
1316 553 1467 626 χώρα
1485 593 1501 617 ,
1533 554 1608 618 ὡς
1635 554 1748 607 ίστε
1768 598 1784 623 ,

194 645 578 716 δυσχείμεροςο
605 643 725 697 οὑδὲ
750 644 848 715 τὴν
878 642 972 697 τοῦ
1000 643 1189 716 θέρους
1223 643 1371 718 ὥραν
1401 644 1649 717 ἀλεεινὴν
1674 648 1787 710 τοῖς

194 735 472 791 ἐνοικοῦσι
506 734 823 805 παρέχουσα
849 775 863 801 ,
893 734 1028 788 ἀλλὰ
1054 736 1308 790 τοσοῦτον
1339 736 1638 808 ἀγαπητῶς
1665 736 1786 790 θαλ-

195 829 413 897 πομένη
436 868 450 887 .
485 828 611 880 ὅσον
638 826 899 897 ἐκθρέψαι
922 827 1014 881 τὸν
1047 828 1319 899 ἄσταχυνο
1357 828 1605 901 ἀμπέλου
1638 828 1696 882 δὲ
1724 829 1785 882 τδ

193 916 366 985 φυτὸν
402 916 531 985 παρ’
563 914 747 977 αὐτοῖς
794 914 891 966 καὶ
922 914 1185 985 ἠγνόηται
1206 932 1219 946 ο
1262 915 1356 968 καὶ
1380 916 1409 969 6
1442 915 1517 987 μὴ
1566 915 1784 987 μακρὰν

192 1007 539 1077 ἐκδημήσας,
573 1003 767 1075 βότρυν
791 1005 891 1058 οὐκ
917 1001 1058 1058 οἶδεν
1080 1021 1092 1033 '
1121 1008 1303 1078 ἐρωτᾷ
1322 1007 1379 1060 δὲ
1416 1008 1545 1077 περ)⁵
1586 1024 1783 1077 σταφυ-

189 1099 293 1170 λῆς
327 1092 484 1161 οὗτος
508 1140 523 1163 ,
555 1097 631 1160 ὡς
659 1099 820 1167 ἡμεῖς
850 1097 980 1168 περὶ
1014 1096 1124 1151 τῶν
1153 1100 1284 1171 παρ’
1341 1099 1523 1163 Ἰνδοῖς
1562 1100 1784 1172 γινομέ-

189 1208 326 1243 νων.
346 1190 492 1242 Ἐκεῖ
515 1188 692 1259 χιόνος
716 1186 883 1259 οὔσης
910 1187 1204 1259 ἀνατέμνει
1224 1190 1323 1261 τὴν
1345 1189 1448 1261 γῆν
1467 1191 1495 1243 6
1521 1193 1779 1263 σπείρων,

190 1283 292 1335 καὶ
321 1280 412 1334 τὸν
443 1279 659 1351 ἄμητον
692 1278 1109 1349 καταλαμϐάνει
1140 1280 1335 1351 νιφάς·
1376 1282 1473 1336 καὶ
1514 1282 1607 1335 τόν
1643 1282 1783 1354 θερι.

191 1375 332 1444 στὴν
376 1371 705 1426 ἀποδύουσιν
750 1371 979 1442 ἄνεμοι,
1014 1370 1080 1425 ἂν
1115 1372 1191 1443 μὴ
1225 1373 1429 1444 σφόδρα
1470 1374 1781 1445 καταδήσας

190 1454 389 1518 ἑαυτὸν
431 1465 544 1527 τοῖς
578 1463 815 1534 ἱματίοις
834 1502 848 1526 ,
879 1462 1018 1534 πρὸς
1043 1464 1142 1535 τὴν
1168 1463 1290 1537 βίαν
1319 1464 1427 1520 τῶν
1454 1465 1779 1536 πνευμάτων

186 1556 606 1627 διαγωνίσηται.
639 1554 977 1625 Μετόπωρον
1009 1552 1066 1608 δὲ
1094 1555 1188 1608 καὶ
1221 1554 1322 1627 ἔαρ
1362 1556 1549 1628 σχεδὸν
1578 1556 1679 1610 οὐκ
1709 1557 1779 1609 εί-

189 1652 303 1714 σὶν,
335 1648 412 1712 ὡς
434 1648 584 1719 παρὰ
607 1646 780 1701 κακοῦ
810 1646 1049 1717 γείτονος
1079 1647 1174 1701 τοῦ
1219 1647 1486 1718 χειμῶνος
1522 1646 1657 1719 πρὸς
1678 1644 1778 1718 τὴν

188 1742 406 1795 ἐκείνου
435 1739 758 1794 δυναστείαν
796 1739 1246 1810 παρασυρόμενα.

1891 467 2085 514 contra
2137 467 2361 515 sanctos
2423 463 2569 532 cepit
2618 465 2888 519 malorum
2940 467 3047 522 iste
3101 474 3351 538 repertor
3410 476 3465 523 et

1890 549 2128 605 artifex?
2156 549 2405 607 Sollicite
2455 554 2908 624 circumspiciens
2939 557 3149 611 invenit
3180 558 3338 629 quasi
3387 575 3471 615 ae-

1891 641 2034 694 rium
2065 640 2422 712 supplitium,
2461 645 2605 713 quod
2653 647 2701 700 ei
2744 647 3127 716 suppeditabat
3159 658 3377 720 tempus
3414 659 3471 704 et

1887 732 2059 803 regio.
2088 733 2349 804 Tempus,
2388 734 2567 790 hiems
2614 743 2771 803 erat;
2807 737 2983 803 locus,
3015 738 3298 803 Armenia,
3345 739 3469 794 flui-

1887 825 2022 878 tima
2070 825 2234 882 nobis
2262 826 2571 897 provincia,
2614 846 2735 901 qua:
2765 847 2943 900 neque
2990 839 3233 886 aestatem
3271 832 3466 889 incolis

1886 916 2007 983 sine
2045 914 2271 988 frigoris
2313 918 2605 975 afﬂictione
2654 922 2857 992 praebet
2882 962 2894 981 .
2931 921 3024 975 sed
3074 938 3139 976 eo
3170 923 3356 978 calore
3385 923 3468 978 fo-

1885 1019 2063 1075 vetur,
2099 1010 2192 1080 qui
2227 1011 2295 1065 ad
2327 1011 2659 1067 frumentum
2706 1015 3184 1085 progenerandum
3212 1015 3418 1071 sufficit
3449 1035 3464 1071 :

1884 1107 1940 1153 at
1965 1100 2090 1155 vitis
2120 1105 2263 1172 apud
2297 1103 2421 1159 illos
2448 1104 2727 1175 incognita
2760 1114 2866 1172 est,
2897 1114 2951 1161 et
2981 1108 3072 1177 qui
3107 1121 3215 1161 non
3245 1107 3464 1178 longius

1883 1192 2267 1261 peregrinatus
2297 1203 2402 1257 est,
2453 1194 2673 1249 botrum
2718 1211 2815 1251 seu
2850 1212 3009 1250 uvam
3048 1212 3328 1266 nunquam
3383 1198 3466 1252 vi-

1882 1281 1964 1335 dit
1996 1303 2008 1337 :
2040 1284 2107 1338 de
2139 1299 2242 1338 uva
2278 1294 2461 1340 autem
2493 1286 2622 1342 talis
2666 1302 2774 1341 non
2814 1288 2973 1342 aliter
3016 1290 3235 1356 quzerit,
3267 1303 3332 1343 ac
3360 1305 3465 1344 nos

1881 1374 1949 1429 de
1984 1375 2095 1431 illis
2127 1392 2252 1446 quae
2302 1387 2609 1432 nascuntur
2638 1379 2779 1447 apud
2826 1378 3011 1434 ludos.
3049 1382 3130 1435 lbi
3169 1382 3295 1436 nive
3327 1397 3464 1436 non-

1879 1462 2008 1517 dum
2079 1465 2375 1536 liquefacta
2438 1476 2637 1522 terram
2687 1470 2994 1538 proscindit
3054 1471 3294 1541 agricola
3344 1490 3356 1525 :
3406 1482 3463 1525 et

1881 1571 2119 1610 messem
2183 1557 2376 1612 bruma
2440 1559 2680 1631 excipit,
2746 1570 3145 1633 ventorumque
3204 1562 3463 1617 violentia

1880 1661 2183 1704 messorem
2233 1652 2480 1708 vestibus
2546 1651 2720 1715 exuit,
2771 1654 2878 1708 nisi
2921 1664 3114 1708 contra
3171 1663 3461 1709 ventorum

1812 1733 1851 1790 ll
1883 1738 2283 1796 vehementiam
2333 1743 2550 1800 fortiter
2600 1745 2931 1801 vestimenta
2973 1738 3284 1818 colligando
3339 1762 3463 1802 sese

188 1835 429 1889 muniat.
482 1834 796 1907 Autumnus
835 1842 890 1886 et
928 1846 1025 1887 ver
1059 1830 1458 1903 propemodum
1503 1831 1581 1885 ibi
1626 1828 1777 1884 nulla
1812 1841 1962 1900 sunt,
2003 1843 2192 1903 utpote
2224 1849 2255 1889 a
2291 1836 2436 1891 malo
2485 1837 2690 1903 vicino,
2757 1838 2955 1894 hiemis
3028 1840 3242 1897 scilicet
3288 1842 3462 1897 incle-

189 1924 425 1988 mentia,
454 1922 767 1995 profligata.

277 2015 393 2071 Ἐπ’
416 2015 632 2087 ἐκείνης
666 2015 842 2070 τοίνυν
889 2013 988 2086 τῆς
1020 2013 1202 2086 χώρας
1233 2016 1325 2068 καὶ
1358 2012 1452 2067 τοῦ
1486 2011 1777 2075 ἐνεστῶτος

185 2111 366 2183 μηνὸς
390 2108 662 2172 ἀποδύσας
693 2108 823 2172 τοὺς
852 2107 1062 2177 ἁγίους,
1112 2105 1432 2178 ὑπαιθρίους
1462 2105 1688 2177 ἔστησεν
1719 2106 1777 2158 ἐν

181 2200 509 2271 ὁλογύμνοις
538 2199 650 2261 τοῖς
713 2196 959 2268 σώμασιν
998 2195 1058 2260 ἐξ
1097 2196 1344 2259 ἐναντίας
1379 2194 1474 2249 τοῦ
1514 2194 1778 2266 βασιλέως

178 2291 297 2346 τῶν
346 2291 647 2362 ’Δσσυρίων
690 2288 785 2343 καὶ
812 2290 912 2360 τῆς
965 2287 1315 2352 Βαϐυλωνίας
1356 2288 1619 2358 καμίνου,
1650 2286 1778 2348 τοὺς

175 2384 284 2454 τῆς
306 2381 593 2443 εὐσεϐείας
620 2379 863 2451 μαθητάς
898 2377 1261 2449 ἀμυνόμενος.
1304 2377 1470 2431 Οὐδὲν
1502 2377 1559 2430 δὲ
1596 2394 1776 2448 παρα-

178 2476 419 2546 πλήσιον
453 2474 535 2536 είς
560 2472 844 2543 ἀλγηδόνα,
870 2470 983 2542 πῦρ
1008 2470 1225 2541 φλέγον,
1263 2469 1357 2524 καὶ
1396 2469 1605 2541 κρυμὸς
1633 2487 1773 2541 συμ-

182 2566 405 2638 πηγνὺς
459 2564 553 2618 καὶ
588 2563 869 2634 μαραίνων
888 2578 902 2594 ο
924 2562 986 2615 τὸ
1018 2562 1115 2633 μὲν
1140 2561 1248 2635 γὰρ
1268 2557 1346 2631 τῷ
1376 2558 1579 2631 σιδήρῳ
1603 2576 1775 2631 προσ-

177 2661 342 2730 ῆκεν,
369 2656 537 2723 ὀξέως
576 2653 708 2723 ἄγον
733 2654 826 2708 ἐπὶ
845 2654 936 2708 τὸν
974 2654 1203 2708 θάνατον
1220 2670 1236 2684 ·
1264 2651 1326 2706 τὸ
1360 2651 1418 2705 δὲ
1444 2650 1544 2724 τὴν
1572 2650 1765 2724 ὀδὺνην

178 2750 308 2820 ἔχον
340 2746 650 2819 ἰσόρροπον,
680 2745 992 2818 παρατείνει
1019 2746 1119 2817 τὴν
1155 2743 1433 2816 τελευτήν.
1468 2743 1767 2816 Ἀργότερα

178 2841 294 2913 γὰρ
325 2837 557 2892 καθόλου
583 2836 655 2890 τά
692 2835 799 2890 ὑπὸ
829 2836 1038 2908 ψυχροῦ
1062 2837 1321 2908 γινόμενα
1356 2834 1525 2906 πάθη,
1552 2829 1662 2888 οἷον
1681 2850 1770 2887 τε-

179 2930 453 3000 ταρταῖοι,
488 2927 583 2981 καὶ
614 2928 881 2997 καρκῖνοι,
916 2928 1011 2981 καὶ
1039 2927 1327 2999 ἄνθρακες,
1358 2927 1451 2980 καὶ
1490 2928 1591 2981 ὅσα
1619 2925 1769 2995 φιλο-

1956 2010 2013 2063 In
2062 2010 2168 2066 hac
2213 2009 2382 2081 igitur
2422 2012 2666 2083 regione.
2710 2013 2952 2071 instante
2991 2030 3200 2082 mense.
3239 2030 3463 2074 sanctos

1880 2100 2142 2155 omnibus
2173 2099 2514 2155 indumentis
2555 2101 2820 2171 spolians,
2845 2102 2950 2156 sub
2989 2103 3081 2158 dio
3126 2104 3303 2159 nudos
3348 2112 3463 2159 toto

1881 2203 2114 2258 corpore
2142 2189 2459 2255 constituit,
2483 2190 2768 2245 contrario
2794 2191 3088 2261 supplicio,
3147 2209 3311 2261 quam
3365 2209 3462 2248 rex

1879 2281 2233 2351 Assyriorum
2272 2294 2397 2336 cum
2419 2295 2520 2335 sua
2559 2280 2895 2351 Babylonica
2948 2281 3170 2338 fornace
3216 2284 3462 2351 discipu-

1883 2373 1965 2426 los
1987 2370 2209 2441 pietatis
2238 2369 2500 2426 alliciens.
2549 2368 2698 2425 Nihil
2738 2387 2871 2427 vero
2910 2373 3092 2428 simile
3139 2373 3207 2428 ad
3247 2376 3461 2430 crucia-

1880 2460 1990 2514 tiun
2057 2459 2405 2516 inferendum
2459 2458 2646 2525 habet,
2697 2460 2841 2532 ignis
2884 2461 3123 2528 ardens,
3172 2463 3461 2536 frigusque

1879 2552 2237 2623 compingens
2261 2560 2317 2608 et
2340 2550 2705 2621 labefaciens;
2746 2569 2871 2609 nam
2925 2554 3070 2624 ignis
3106 2552 3255 2611 ferro
3298 2572 3457 2613 com-

1880 2643 2037 2714 petit,
2072 2645 2415 2717 celeremque
2451 2652 2685 2701 mortem
2735 2647 2901 2717 parit,
2946 2645 3122 2719 frigus
3167 2664 3295 2704 vero
3331 2665 3458 2705 cum

1882 2736 2061 2790 dolori
2089 2735 2432 2806 procreando
2475 2752 2663 2808 parem
2705 2738 2815 2792 vim
2841 2738 3061 2807 habeat,
3110 2749 3342 2796 mortem
3375 2750 3460 2796 ta-

1882 2842 2008 2883 men
2056 2828 2312 2899 protelat.
2359 2829 2499 2883 Nam
2559 2829 2925 2887 durabiliores
2971 2839 3102 2887 sunt
3159 2834 3460 2903 generatim

1882 2933 2077 2975 omnes
2120 2919 2226 2974 illm
2270 2917 2612 2984 affectiones,
2662 2936 2786 2991 quae
2820 2936 2852 2976 a
2890 2906 3458 2993 frigore-efficiuntur.

184 3019 482 3091 σοφοῦντες
516 3018 752 3090 ίατρικοὶ
776 3017 873 3089 τὴν
900 3017 1112 3089 ψυχρὰν
1136 3016 1267 3089 ὕλην
1297 3019 1644 3089 ἀπεφήναντο
1663 3019 1775 3081 τοῖς

1884 3018 1943 3066 ιιι
1966 3018 2095 3068 sunt
2114 3010 2292 3068 febres
2328 3020 2630 3082 quartanae,
2666 3026 2888 3077 cancer,
2923 3015 3266 3080 carbunculi,
3309 3024 3363 3071 et
3405 3017 3461 3071 id

183 3108 440 3179 σώμασιν
476 3109 744 3176 ἐμποιεῖν.
787 3105 973 3171 Οὕτως
1019 3108 1069 3160 oi
1112 3108 1437 3180 ψυχρότεροι
1485 3108 1579 3161 καὶ
1614 3124 1775 3178 πιμε-

182 3197 398 3263 λώδεις,
428 3197 755 3270 νωθρότεροι
786 3199 881 3252 καί⁸
908 3198 1243 3270 δύσχρηστον
1266 3199 1476 3269 ἔχοντες
1499 3199 1559 3252 τὸ
1585 3198 1773 3269 σωμά-

188 3306 332 3345 τιον·
358 3293 455 3345 καὶ
474 3291 543 3344 τὰ
572 3291 741 3360 ἄλογα
766 3290 821 3343 δὲ
844 3290 954 3344 τῶν
981 3289 1136 3355 ζώων
1156 3292 1376 3362 ὁμοίως.
1416 3292 1497 3344 Τά
1523 3291 1621 3361 μὲν
1653 3291 1776 3362 θερ-

190 3384 397 3455 μότερα
428 3423 445 3449 ,
472 3382 644 3452 ταχέα
678 3382 773 3436 καὶ
819 3383 955 3453 πρὸς
996 3382 1094 3454 τὴν
1119 3382 1441 3450 ἐπείγουσαν
1465 3381 1653 3453 χρείαν
1681 3381 1773 3433 εὑ-

186 3475 419 3544 κίνητα·
450 3475 518 3527 τὰ
562 3475 620 3529 δὲ
662 3475 919 3538 ἐναντίως
954 3474 1165 3545 ἔχοντα,
1215 3474 1433 3546 βραδέα,
1470 3474 1563 3528 καὶ
1598 3472 1775 3545 νάρκῃ

187 3565 561 3635 τεπεδημένα.
600 3564 788 3629 Οὕτως
832 3565 997 3628 ἵππος
1038 3565 1230 3636 ταχὺς,
1266 3563 1517 3635 συριγμῷ
1551 3562 1657 3634 πρὸ
1675 3562 1773 3633 τῆς

189 3657 455 3727 μάστιγος
504 3655 902 3726 διεγειρόμενος
949 3653 1084 3726 πρὸς
1130 3653 1221 3708 τὸν
1248 3653 1446 3726 δρόμον
1468 3669 1482 3682 θ
1519 3651 1717 3723 βραδὺς
1745 3653 1774 3705 6

183 3748 328 3813 ϐνος,
380 3748 474 3801 καὶ
536 3747 687 3819 μόλις
736 3748 826 3801 διὰ
867 3746 974 3801 τῶν
1029 3745 1279 3818 ῥοπάλων
1326 3745 1424 3817 τὴν
1463 3744 1772 3816 ὁδοιπορίαν

182 3842 386 3895 άνὺων.
429 3841 606 3905 Ὀξεῖα
640 3842 675 3911 ἡ
720 3838 1006 3912 πάρδαλις,
1039 3836 1190 3910 ξηρῷ
1217 3837 1311 3891 καὶ
1343 3833 1530 3907 θερμῷ
1555 3834 1635 3905 τῷ
1663 3833 1771 3888 σὼ-

187 3953 323 4009 ματι
352 3932 680 4005 διιπταμένιι
703 3932 802 3998 τὰς
848 3931 1025 3996 νάπας
1044 3946 1059 3961 ³
1090 3932 1125 3998 ὴ
1158 3929 1378 4002 ἄρκτος,
1409 3926 1470 3981 τὸ
1506 3925 1771 3980 ἀνάπαλιν

184 4028 519 4099 παχυτέροις
539 4029 651 4089 τοῖς
673 4024 888 4096 μέλεσιν
909 4019 1340 4095 ἐμϐραδύνουσα.
1363 4017 1547 4073 Ταῦτα
1567 4017 1624 4071 δὲ
1643 4018 1772 4088 ὑμῖν

180 4121 289 4174 οὐκ
323 4119 432 4173 ἀπὸ
485 4115 679 4189 καιροῦ
718 4114 1145 4185 ἐφυσιολόγησα,
1177 4112 1291 4167 ἀλλ’
1330 4110 1417 4165 ῐνα
1446 4111 1545 4181 τὴν
1573 4125 1772 4181 καρτε-

183 4214 313 4286 ρίαν
339 4212 451 4265 τῶν
479 4208 690 4282 ἀνδρῶν
718 4207 1093 4279 καταμάθητε,
1123 4204 1215 4259 τὸν
1251 4203 1449 4274 τρόπον
1477 4200 1577 4271 τῆς
1599 4216 1771 4271 τιμω-

180 4306 313 4377 pix;
350 4301 798 4371 ἐπισκεψάμενοι.
837 4298 1057 4370 Χειμὼν
1084 4297 1228 4350 ποιεῖ
1268 4293 1549 4364 ποταμοὺς
1587 4307 1772 4345 ναυσι-

1878 3118 2053 3174 genus
2108 3104 2237 3169 alia,
2298 3120 2421 3174 qua:
2468 3119 2500 3159 a
2551 3103 2749 3175 frigida
2788 3107 3017 3160 materia
3046 3107 3099 3159 in
3126 3107 3460 3177 corporibus

1877 3196 2031 3250 nasci
2062 3196 2403 3250 medicorum
2429 3195 2524 3250 filii
2558 3195 2801 3249 tradunt.
2837 3195 2958 3262 Quo
2993 3196 3050 3250 fit
3081 3208 3142 3252 ut
3177 3199 3272 3268 qui
3315 3198 3461 3270 frigi-

1876 3285 2031 3341 diore
2080 3292 2135 3339 et
2177 3285 2434 3340 obesiore
2494 3287 2892 3342 constitutione
2936 3297 3101 3352 sunt,
3154 3290 3268 3343 sint
3320 3304 3460 3358 quo-

1875 3392 1984 3447 que
2052 3376 2325 3431 tardiores
2390 3384 2446 3432 et
2502 3377 3109 3450 pigriores,~corpore
3168 3380 3235 3435 ad
3295 3397 3457 3436 usum

1877 3483 1987 3521 non
2017 3481 2190 3537 usque
2216 3466 2353 3522 adeo
2381 3467 2569 3521 habili.
2607 3466 2766 3533 Quod
2808 3469 2976 3523 etiam
3020 3469 3079 3524 in
3128 3471 3459 3528 animalibus

1876 3558 2116 3614 rationis
2160 3557 2479 3629 expertibus
2518 3573 2745 3614 cernere
2778 3559 2903 3614 licet
2936 3578 2952 3615 :
3006 3576 3134 3616 nam
3169 3563 3455 3628 calidiora,

1876 3651 2139 3706 celeriora
2180 3660 2234 3706 et
2290 3649 2360 3705 ad
2385 3657 2667 3721 urgentem
2690 3651 3078 3707 necessitatem
3111 3652 3456 3725 expeditiora

1875 3754 2045 3814 sunt;
2098 3757 2219 3814 qua}
2246 3757 2377 3798 vero
2435 3743 2711 3797 contraria
2753 3744 3129 3814 complexione
3165 3754 3454 3813 constant,

1874 3834 2033 3888 tarda
2056 3842 2187 3891 sunt
2222 3842 2276 3889 et
2328 3841 2549 3903 torpore
2568 3834 2729 3903 quasi
2754 3834 2959 3889 vineta.
3017 3832 3098 3891 Ita
3150 3852 3327 3909 equus
3372 3853 3460 3897 ce-

1874 3928 1957 3982 ler
1993 3934 2079 3984 est
2102 3926 2239 3995 ,solo
2268 3924 2467 3997 ﬂagelli
2500 3925 2681 3982 sonitu
2716 3926 2785 3982 ad
2825 3941 3047 3982 cursum
3100 3929 3317 3985 incitari
3362 3946 3457 3986 so-
3480 3979 3494 3991 .

1874 4019 2049 4086 litus;
2089 4018 2282 4074 tardus
2330 4028 2511 4073 autem
2578 4027 2664 4074 est
2708 4018 2923 4083 asinus,
2967 4029 3021 4073 et
3068 4020 3161 4073 vix
3217 4021 3456 4079 fustibus

1875 4111 2021 4183 adigi
2078 4118 2272 4180 potest,
2303 4116 2364 4164 ut
2411 4118 2655 4180 ereptum
2714 4111 2819 4165 iter
2864 4120 3085 4165 teneat:
3133 4113 3326 4181 pernix
3371 4124 3455 4169 est

1875 4202 2135 4273 pardalis,
2165 4202 2313 4257 sicco
2344 4208 2399 4256 et
2415 4200 2593 4255 calido
2623 4214 2854 4270 corpore
2892 4200 3065 4256 saltus
3086 4202 3453 4270 pervolitans;

1878 4309 2041 4350 ursus
2073 4309 2105 4348 e
2138 4291 2420 4347 contrario
2461 4289 2812 4347 densioribus
2860 4276 3121 4347 membris
3167 4302 3452 4359 constans.

175 4396 390 4466 πόρους
418 4392 764 4459 πεζεύεσθαι,
795 4391 889 4445 καὶ
917 4390 1061 4460 ὕδωρ
1090 4388 1151 4441 τὸ
1176 4387 1296 4458 ρἐν
1316 4387 1395 4448 είς
1428 4384 1528 4456 τὴν
1553 4383 1662 4436 τῶν
1691 4382 1770 4436 λί-

1880 4385 2067 4439 tardus
2089 4391 2193 4439 est.
2231 4383 2356 4438 Haec
2379 4391 2564 4439 autem
2598 4398 2665 4437 ex
2698 4390 2908 4437 naturze
2937 4382 3115 4453 adytis
3145 4385 3312 4454 petita
3342 4402 3453 4443 non

172 4486 296 4540 Οων
334 4483 661 4556 μεταϐάλλει
714 4480 1055 4550 σκληρότητα
1081 4493 1099 4511 ο
1128 4478 1222 4531 καί⁵
1274 4474 1479 4543 πέτρας
1529 4471 1769 4535 διαλύει,

166 4579 315 4631 ὅταν
344 4575 440 4629 τοῦ
473 4575 669 4645 βάθους
700 4572 995 4643 καθίκηται
1015 4587 1029 4601 σ
1051 4569 1146 4623 καὶ
1165 4567 1275 4630 τοῖς
1307 4564 1569 4627 ἐναντίοις
1593 4562 1775 4632 σώμα-

170 4685 274 4722 σιν
300 4666 485 4737 ἐξίσης
544 4665 862 4737 λυμαίνεται
885 4701 901 4728 ,
928 4663 1001 4716 τὰ
1024 4662 1121 4733 μὲν
1155 4658 1338 4714 ἁπαλά
1360 4656 1649 4712 λιθοποιῶν
1668 4695 1684 4720 ,
1706 4656 1776 4711 τὰ

162 4759 241 4815 δὲ
282 4757 495 4829 σκληρά
520 4757 773 4812 διαλύων.
824 4753 1012 4816 Οὑτως
1045 4755 1074 4807 6
1119 4746 1262 4817 οίνος
1292 4741 1417 4805 ὅταν
1448 4751 1600 4820 παγῇ
1638 4764 1773 4819 μορ-

162 4849 388 4921 φοῦται
432 4850 570 4921 πρὸς
599 4850 692 4903 τὸν
749 4845 1071 4918 περιέχοντα
1116 4843 1296 4908 πίθον,
1337 4844 1433 4897 καὶ
1470 4841 1531 4895 τὸ
1565 4839 1774 4895 ἁπαλὸν

164 4945 371 4997 ἔλαιον
392 4941 603 4996 τσταται
669 4941 889 5013 στερεὸν
921 4940 1059 5012 πρὸς
1083 4937 1175 4992 τὸν
1206 4936 1372 4989 τόπον
1409 4933 1504 4989 τοῦ
1543 4931 1771 5002 ἀγγείου

169 5033 601 5107 mla-“cogo.
662 5035 697 5105 η
748 5032 902 5097 sexo;
951 5030 1007 5085 δὲ
1069 5028 1165 5083 καὶ
1202 5026 1467 5096 ὄστρακον
1501 5025 1773 5097 περιρρα-

164 5128 354 5193 γέντα
408 5126 522 5188 τοῖς
556 5124 744 5196 ὑγροῖς
794 5119 1204 5191 διαθρύπτεται.
1273 5114 1398 5171 Ζὼα
1451 5113 1509 5168 δὲ
1556 5112 1627 5169 τὰ
1676 5111 1775 5183 τὴν

162 5217 363 5288 ὄρειον
397 5214 546 5285 ζωὴν
595 5213 830 5284 λαχόντα
882 5211 978 5266 καὶ
1043 5208 1337 5281 ὕπαιθρον,
1383 5205 1453 5260 τά
1501 5206 1598 5277 μὲν
1636 5203 1774 5258 διόλ-

166 5310 362 5373 λυται,
396 5306 468 5359 τὰ
494 5304 551 5358 δὲ
591 5307 658 5376 τῇ
705 5302 980 5377 ὑπερϐολῇ
1007 5301 1102 5355 τοῦ
1145 5299 1317 5355 κακοῦ
1359 5297 1773 5352 ἐπιλανθάνεται

166 5398 276 5451 καὶ
327 5397 435 5466 τῆς
488 5395 829 5467 ἀγριότητος.
881 5394 1109 5462 Ἕλαφοι
1172 5391 1281 5463 γὰρ
1342 5390 1437 5444 καὶ
1506 5387 1765 5460 δορκάδες

170 5489 243 5540 δν
274 5482 545 5558 μάνδραις
571 5484 878 5550 αὐλίζονται
903 5503 915 5515 ·
957 5483 1079 5537 οὔτε
1121 5481 1288 5545 κύνας
1328 5480 1448 5534 τότε
1478 5478 1771 5541 δειλιῶσαι,

170 5579 306 5634 οὔτε
349 5582 483 5643 τοὺς
515 5578 831 5647 ἐγγίζοντες
872 5576 1299 5647 ἀποφεύγουσαι.
1338 5573 1412 5626 Τὸ
1445 5571 1555 5643 γὰρ
1590 5569 1774 5642 μεῖζον

164 5672 276 5729 ἀεὶ
323 5672 501 5728 δεινὸν
553 5671 662 5724 τῶν
726 5668 1129 5738 ὑποδεεστέρων
1188 5665 1368 5736 φόϐων
1424 5664 1521 5736 τὴν
1569 5661 1773 5717 δειλίαν

519 5765 791 5826 Parnm.
850 5762 966 5825 Gn.
1002 5749 1217 5823 XLVL

1875 4477 1975 4529 abs
2006 4490 2062 4529 re
2090 4472 2244 4527 vobis
2278 4471 2559 4543 praposui,
2597 4471 2693 4526 sed
2723 4481 2781 4525 ut
2819 4472 3157 4541 intelligatis,
3179 4474 3455 4544 quodnam

1877 4567 2132 4637 supplicii
2193 4581 2368 4636 genus
2436 4565 2691 4637 generosi
2744 4565 2836 4620 isti
2899 4565 3114 4635 pugiles
3161 4565 3453 4623 subierint.

1875 4656 2063 4714 Hiems
2115 4657 2270 4722 facit,
2320 4667 2380 4712 ut
2411 4655 2639 4712 flumina
2677 4657 3011 4725 navigabilia
3063 4656 3293 4727 pedibus
3334 4672 3461 4727 per-

1873 4759 2252 4814 transeantur,
2284 4759 2452 4822 utque
2482 4764 2625 4821 aqua
2657 4749 2862 4819 alioqui
2893 4750 3064 4804 fluere
3092 4750 3254 4805 solita
3285 4749 3338 4804 in
3376 4751 3456 4803 la-

1875 4842 2063 4913 pidum
2088 4840 2343 4897 duritiem
2374 4848 2730 4896 conerescat:
2771 4840 2906 4911 quin
2941 4837 2997 4897 et
3038 4849 3225 4911 petras
3257 4842 3459 4898 dissol-

1875 4932 1975 4994 vit,
2015 4930 2239 5001 quando
2273 4929 2341 4985 ad
2380 4929 2713 5001 profurfdum
2748 4946 2920 5001 usque
2950 4932 3318 5000 penetraverit
3351 4949 3365 4984 :
3401 4942 3457 4986 et

1875 5021 2171 5076 contrariis
2200 5020 2528 5092 corporibus
2554 5020 2808 5075 similiter
2836 5020 3043 5088 officit;
3092 5036 3218 5076 nam
3271 5032 3455 5082 tenela

1880 5113 1938 5168 in
1970 5109 2181 5183 lapides
2209 5111 2395 5176 vertit,
2423 5110 2564 5165 dura
2597 5118 2780 5165 autem
2813 5111 3086 5166 dissolvit.
3120 5111 3212 5166 Sic
3243 5112 3451 5175 viuum,

1876 5190 2099 5275 quando
2141 5202 2496 5273 eongelaseit,
2534 5202 2764 5257 formam
2798 5202 2929 5257 dolii
2967 5203 3023 5257 in
3061 5219 3173 5274 quo
3204 5204 3456 5259 contine-

1876 5308 1987 5361 tur,
2014 5295 2215 5360 induit,
2247 5295 2538 5364 oleumque
2564 5292 2834 5363 liquidum
2864 5294 3096 5350 tlrmiter
3111 5295 3364 5351 consistit
3383 5296 3453 5350 ad

1875 5387 2105 5458 figuram
2131 5387 2277 5441 vasis
2311 5385 2754 5452 conformatum;
2787 5387 2990 5441 vitrum
3022 5403 3190 5458 porro
3227 5396 3282 5443 et
3310 5396 3453 5444 testa

1879 5481 2105 5533 humare
2134 5476 2581 5547 confringantur.
2608 5478 3045 5549 Aninialia,quae
3079 5481 3133 5533 in
3175 5481 3454 5536 montibus

1876 5578 1928 5624 et
1950 5570 2053 5624 sub
2074 5567 2167 5623 dio
2196 5566 2422 5639 degunt,
2452 5567 2650 5637 partim
2675 5568 2898 5638 quidem
2930 5569 3228 5631 intereunt.
3256 5576 3451 5641 partim

1879 5661 2257 5735 magnitudine
2310 5658 2462 5727 mali,
2511 5658 2746 5719 feritatis
2794 5664 3062 5719 naturalis
3112 5664 3452 5721 obliviscun-

3042 5757 3122 5817 25
