3918 6204
464 290 567 345 7'79

1683 271 1739 325 S.
1775 265 2100 325 GREGORII
2126 264 2420 319 NYSSEM

3593 255 3703 310 780

468 419 571 462 tur.
601 405 756 460 Cervi
789 402 1008 455 enimet
1036 410 1246 466 capreae
1280 396 1330 447 in
1368 392 1612 447 mandris
1663 404 1757 444 seu
1806 388 2035 441 ovilibus

2145 382 2412 437 ἐκϐάλλει.
2450 378 2696 449 Ὄρνιθες
2737 377 2793 429 δὲ
2849 374 2976 443 παρ’
3032 370 3340 443 ἀνθρώποις
3391 368 3705 433 εἰσοικὶζον-

466 499 830 559 stabulantur,
858 505 1034 560 neque
1062 503 1226 542 canes
1253 495 1383 539 tunc
1425 491 1710 548 metuunt;
1749 496 1923 549 neque
1959 494 2039 532 ac-

468 593 771 649 Cedcntium
807 587 1095 642 formidine
1127 580 1447 650 aufugiunt:
1490 591 1705 645 semper
1741 574 1885 628 enim
1922 587 2040 642 gra-

467 684 586 737 vius
635 679 836 734 malum
879 676 1155 729 minorum
1192 671 1460 725 malorum
1510 667 1760 718 tinorcm
1797 662 2035 732 expellit.

469 774 609 823 Aves
649 778 826 822 autem
877 779 999 818 cum
1046 760 1362 817 hominibus
1405 756 1670 819 habitant,
1712 762 1765 808 et
1806 754 1907 808 sub
1944 768 2037 807 c0-

468 862 590 915 dem
644 868 785 913 tecto
830 864 1075 909 manent.
1118 854 1186 906 At
1233 849 1483 905 homines
1521 861 1672 900 mare
1710 844 1944 910 fodiunt,
1984 851 2037 897 et

470 950 845 1007 instrumentis
878 946 1077 1017 quibus
1102 942 1303 1011 alioqui
1328 939 1537 1009 lapides
1567 937 1801 999 exedunt,
1838 939 2032 1004 aquam

470 1042 819 1113 percutiunt:
866 1046 917 1092 ct
962 1036 1158 1091 vicinis
1202 1048 1421 1103 quoque
1472 1030 1692 1085 sedibus
1728 1028 1929 1093 dissiti,
1977 1042 2036 1081 se

471 1143 659 1189 mutuo
708 1133 859 1186 adire
898 1133 1191 1198 nequeunt.
1237 1122 1515 1193 Ejusmodi
1558 1131 1773 1191 tempus
1802 1126 2035 1191 tyranno

472 1240 621 1280 arma
672 1223 935 1277 adversus
984 1227 1249 1288 martyres
1291 1213 1674 1285 suppeditavit.
1739 1210 2035 1280 Oportebat

472 1316 642 1380 enim,
679 1323 738 1368 ut
770 1318 1011 1383 apparet,
1034 1310 1246 1364 beatam
1269 1308 1425 1363 istam
1461 1305 1736 1360 cohortem
1762 1316 2035 1359 cnmnovo

472 1405 722 1477 supplicii
771 1416 968 1472 genere
1009 1400 1340 1469 depugnare,
1404 1403 1462 1450 ut
1528 1410 1639 1464 pra:
1688 1392 1875 1448 multis
1913 1392 2034 1446 aliis

467 1497 800 1569 martyribus
844 1493 1173 1564 singularem
1205 1498 1258 1544 et
1303 1489 1557 1544 eximiam
1591 1485 1819 1558 gloriam
1856 1484 2031 1555 adipi-

468 1594 774 1645 scerentur.
819 1582 1052 1639 Stabant
1108 1580 1275 1651 igitur
1326 1582 1644 1641 trementes,
1696 1583 1751 1630 et
1793 1574 2033 1629 membra

471 1677 917 1749 congelabantur,
946 1683 1002 1726 at
1042 1679 1223 1728 mente
1269 1670 1487 1724 immota
1538 1675 1589 1721 et
1642 1664 2031 1736 imperturbata

2140 492 2257 540 ται,
2300 473 2389 525 καὶ
2435 470 2688 541 μένουσιν
2724 465 3041 537 ὑπωρόφιοι.
3080 460 3390 531 Ἀνθρωποι
3423 458 3481 511 δὲ
3514 458 3705 511 πόντον

2136 563 2436 634 ὀρύττουσι,
2458 560 2550 614 καὶ
2570 557 2872 629 λιθουργοῖς
2893 555 3139 626 ὀργάνοις
3184 551 3246 603 τὸ
3262 549 3404 620 ὕδωρ
3426 549 3700 602 κόπτουσι·

2137 655 2227 706 καὶ
2247 655 2295 706 οἱ
2323 650 2546 720 πλησίον
2567 648 2815 717 ἀλλήλοις
2844 645 2944 697 οὐκ
2972 643 3370 712 ἐπιμίγνυνται.
3397 638 3455 692 'O
3469 636 3704 700 τοιοῦτος

2135 744 2323 815 καιρὸς
2381 742 2542 796 ὅπλον
2570 739 2648 810 τῷ
2676 737 2924 808 τυράννῳ
2966 732 3105 787 κατὰ
3126 731 3233 785 τῶν
3265 728 3554 801 μαρτύρων
3585 727 3701 795 ἐγέσ

2134 853 2273 889 νετο.
2302 835 2445 887 Ἔδει
2477 832 2607 904 γὰρ,
2635 832 2711 894 ὡς
2745 829 2909 893 ἔοικε,
2932 828 3030 895 τὴν
3068 822 3308 894 μεγάλην
3359 821 3453 874 καὶ
3483 818 3705 889 σύμφω-

2134 945 2221 981 νον
2242 925 2347 980 τῶν
2392 924 2674 996 μακαρίων
2722 920 2975 990 φάλαγγα
3011 914 3181 986 καινῴ
3205 916 3391 984 τρόπῳ
3432 910 3703 982 τιμωρίας

2133 1015 2581 1088 ἐναγωνίσασθαι,
2602 1015 2686 1067 ἵνα
2713 1011 2849 1083 πρὸς
2864 1009 2989 1071 τοὺς
3016 1007 3243 1070 πολλοὺς
3260 1004 3367 1058 τῶν
3412 1001 3705 1074 μαρτύρων

2130 1106 2460 1180 ἀσύγκριτον
2477 1107 2781 1177 κτήσωνται
2796 1102 2892 1172 τῆς
2904 1099 3180 1161 εύσεὸείας
3202 1095 3301 1167 τὴν
3322 1092 3707 1162 66$“.an-

2134 1217 2232 1253 σαν
2262 1196 2375 1261 οὖν,
2410 1198 2504 1251 καὶ
2550 1196 2856 1265 ἐπήγνυντο
2886 1191 2954 1245 τὰ
2984 1189 3121 1261 μέλη
3147 1182 3457 1259 τρέμοντες,
3482 1183 3575 1238 καὶ
3604 1182 3704 1255 τὴν

2133 1291 2355 1363 γνώμην
2381 1290 2672 1359 ἀκλόνητον
2707 1285 2939 1356 ἔχοντες,
2982 1282 3107 1334 θέαν
3141 1277 3468 1350 παρέχοντες
3502 1273 3683 1341 ἐναγώ

2134 1400 2267 1447 νιον,
2325 1381 2598 1449 ἀγγέλοις,
2641 1375 2947 1450 ἀνθρώποις
2991 1372 3085 1426 καὶ
3130 1371 3414 1441 δαίμοσι...
3454 1365 3703 1434 Ἄγγελοι

2137 1476 2235 1548 μὲν
2266 1475 2357 1528 τὸν
2388 1470 2663 1544 χωρισμὸν
2685 1469 2792 1523 τῶν
2816 1465 3000 1537 ψυχῶν
3029 1462 3285 1534 ἀνέμενον
3304 1500 3321 1526 ,
3344 1461 3430 1513 ἵνα
3458 1455 3703 1530 παραλα-

2132 1542 2315 1625 θόντες
2345 1542 2512 1622 attat;
2540 1558 2674 1629 πρὸς
2705 1557 2794 1609 τὸν
2823 1555 2950 1607 ἴδιον
2987 1551 3300 1620 ἀναγάγωσι
3336 1545 3554 1615 κλῆρον.
3583 1542 3706 1595 ’Δν-

2134 1654 2341 1725 θρωποι
2362 1651 2417 1704 δὲ
2445 1650 2505 1702 τὸ
2535 1649 2686 1711 τέλος
2730 1643 3116 1717 ἐκαραδόκουν,
3147 1639 3248 1710 τῆς
3276 1635 3463 1706 κοινῆς
3493 1634 3703 1703 φύσεως

473 1723 917 1749 ιυ--ον--ςυτ---ηι
950 1723 999 1726 ρ
1721 1723 1737 1736 ,

376 1815 385 1825 .
470 1770 716 1841 angelis,
777 1765 1088 1821 hominibus
1158 1770 1211 1816 et
1265 1758 1604 1814 daemonibus
1662 1754 2029 1825 spectaculum

2137 1723 2231 1816 την
2264 1743 2489 1812 δύναμιν
2516 1738 2928 1808 δοκιμάζοντες’
2971 1735 3018 1786 εί
3043 1732 3131 1786 διὰ
3160 1728 3322 1799 φόΰον
3371 1728 3462 1780 καὶ
3517 1723 3701 1777 ἐλπίδα

368 1893 380 1903 ο
469 1858 816 1917 exhibebant.
879 1855 1067 1924 Angeli
1098 1852 1241 1907 enim
1287 1848 1681 1920 separationem
1733 1845 2033 1899 animarum

470 1948 851 2019 acorporibus
906 1943 1325 2015 exspectabant,
1377 1946 1435 1993 ut
1481 1938 1602 1993 illas
1654 1937 1708 1990 in
1761 1935 2034 2006 propriam

471 2044 671 2092 sortem
717 2042 771 2090 ct
817 2034 1107 2090 stationem
1154 2029 1503 2085 deducerent.
1555 2024 1811 2080 Homines
1857 2030 2035 2077 autem

471 2126 923 2187 praestolabantur
957 2122 1115 2176 ﬁnem
1140 2160 1156 2184 ,
1204 2116 1507 2173 communis
1533 2124 1742 2169 natura:
1782 2113 1947 2168 robur
1983 2119 2037 2167 et

473 2218 767 2287 potentiam
807 2212 1140 2285 probantes;
1188 2222 1310 2278 quae
1380 2212 1603 2277 prepter
1668 2204 1918 2258 timorem
1981 2210 2035 2256 et

472 2322 622 2379 spem
658 2306 825 2360 futuri
857 2312 937 2358 tot
968 2316 1030 2356 ac
1057 2300 1222 2356 tantis
1248 2294 1585 2351 cruciatibus
1637 2293 1886 2364 superior
1915 2306 2035 2346 esse

470 2409 674 2472 posset.
700 2398 770 2451 At
798 2397 1092 2458 daemones,
1120 2390 1336 2446 curiose
1358 2386 1423 2441 ad
1448 2401 1529 2451 ea,
1547 2400 1666 2455 quae
1683 2382 2032 2455 gerebantur,

469 2488 849 2552 intendebant,
874 2500 996 2540 cum
1024 2497 1223 2553 magno
1262 2478 1537 2535 desiderio
1564 2474 1780 2531 videndi
1816 2474 2034 2529 ruinam

471 2581 797 2636 athletarum
862 2585 917 2631 et
992 2572 1360 2645 periculorum
1408 2567 1873 2624 detrectationem.
1928 2562 2033 2619 Sed

470 2688 595 2743 spes
622 2671 837 2727 illorum
874 2665 1099 2721 confusa
1127 2672 1230 2727 est,
1267 2668 1489 2732 propter
1522 2659 1696 2721 illum,
1751 2658 1843 2727 qui
1885 2670 2033 2710 mar-

468 2770 617 2832 tyres
649 2758 800 2813 intus
840 2754 1220 2810 confirmabat.
1269 2749 1586 2805 lutuebatur
1631 2747 1774 2802 enim
1813 2746 2031 2800 mutila-

469 2853 645 2906 tiones
678 2849 904 2919 quilibet
931 2844 1205 2916 proprias,
1236 2850 1290 2897 et
1316 2842 1567 2904 aliorum,
1592 2854 1801 2895 omnes.
1846 2837 1912 2891 Et
1945 2838 2034 2892 hie

469 2938 687 3010 quidem
711 2936 927 3009 iacebat
951 2932 1088 3004 pede
1108 2940 1199 2987 aut
1238 2930 1423 3001 digitis
1457 2929 1860 3009 difﬂuentibus;
1892 2928 2033 2982 alius

465 3027 683 3096 jacebat
711 3002 890 3080 insito
933 3002 1116 3077 calore
1165 3020 1276 3089 jam
1330 3019 1549 3090 penitus
1578 3002 1925 3089 refrigerato
1977 3022 2032 3072 et

2134 1837 2229 1891 τοῦ
2262 1835 2544 1906 μέλλοντος
2580 1828 2909 1902 τηλικούτων
2955 1820 3372 1893 κατευμεγεθεῖν
3402 1816 3699 1890 ἀλγηδόνων

2140 1929 2436 2001 ίσχύοιμεν.
2468 1924 2728 1995 Δαίμονες
2760 1921 2817 1975 δὲ
2863 1917 3064 1990 σφόδρα
3101 1916 3383 1987 προσεῖχον
3410 1912 3533 1972 ,τοῖς
3564 1926 3695 1978 γινο·

2142 1999 2346 2091 μένοις,
2371 2013 2759 2085 ἐπιθυμοῦντες
2789 2009 2914 2063 ίδεῖν
2941 2008 3039 2077 τὴν
3076 2004 3278 2059 πτῶσιν
3302 2002 3410 2056 τῶν
3440 1999 3695 2071 ἁθλητιῖιν,

2133 2113 2231 2167 καὶ
2262 2111 2361 2182 τὴν
2389 2107 2525 2180 πρὸς
2551 2105 2676 2169 τοὺς
2710 2100 2984 2163 κινδύνους
3014 2097 3273 2168 ἄνανδρον
3319 2093 3692 2163 ἀπαγόρευσιν.

2143 2203 2210 2256 Ἦ
2232 2202 2289 2256 δέ
2312 2201 2462 2263 ἐλπὶς
2488 2196 2665 2252 αὐτῶν
2691 2192 3057 2266 κατῃσχύνθη,
3076 2189 3162 2243 διὰ
3191 2189 3281 2240 τδν
3310 2183 3698 2254 ἐνδυναμοῦντα

2134 2293 2286 2347 Θεόν.
2328 2290 2592 2344 Ἐϐλεπον
2624 2287 2731 2359 γὰρ
2752 2286 2879 2349 τοὺς
2911 2277 3419 2353 ἁκρωτηριασμοὺς,
3452 2275 3549 2329 καὶ
3584 2274 3699 2336 τοὺς

2139 2386 2300 2448 ίδίους
2321 2383 2568 2447 ἕκαστος,
2616 2379 2711 2434 καὶ
2739 2380 2863 2442 τοὺς
2904 2374 3145 2445 ἀλλήλων
3186 2373 3235 2425 οἱ
3263 2370 3486 2432 πάντες.
3526 2369 3585 2422 Ὀ
3611 2367 3699 2438 μὲν

2133 2475 2310 2528 ἔκειτο
2338 2472 2493 2537 ποδὸς
2534 2471 2567 2543 ἢ
2596 2468 2870 2524 δακτύλων
2892 2462 3295 2537 περιρρυέντων
3315 2477 3327 2491 ·
3351 2459 3513 2521 ἄλλος
3538 2458 3699 2510 ἔκειτο

2131 2567 2229 2636 τῆς
2288 2563 2526 2636 ἐμφύτου
2581 2561 2909 2633 θερμότητος
2944 2551 3386 2624 καταψυχθείσης
3413 2551 3493 2613 είς
3534 2549 3699 2612 τέλος.

2134 2658 2343 2727 Ὠσπερ
2364 2656 2419 2709 δὲ
2437 2657 2483 2708 oi
2512 2652 2858 2724 σφοδρότατοι
2874 2649 2979 2703 τῶν
3005 2647 3240 2718 ἀνέμων,
3260 2645 3426 2697 τόπον
3456 2640 3704 2723 ἐπιπνεύ-

2133 2767 2325 2814 σαντες
2358 2749 2635 2819 σύμιρυτον
2661 2786 2675 2810 ,
2709 2741 2827 2798 εἶτα
2850 2743 2917 2795 τὰ
2941 2738 3118 2810 ὑψηλὰ
3147 2735 3255 2789 τῶν
3282 2735 3514 2806 δένδρων
3544 2749 3704 2787 καταο

2135 2843 2429 2905 σείσαντες,
2483 2842 2563 2903 είς
2599 2839 2701 2908 γῆν
2768 2832 3136 2903 καταφέρουσι
3175 2826 3482 2899 πρόρριζαδ
3539 2824 3704 2886 οὓτως

2134 2931 2473 3005 ἐστορὲ[σ]θη
2494 2931 2641 3002 παρὰ
2658 2928 2750 2983 τοῦ
2766 2927 3028 2999 χειμῶνος
3052 2925 3085 2993 ἡ
3109 2920 3214 2976 τῶν
3233 2918 3521 3005 μακαρίων
3536 2915 3708 2986 παραυ

2132 3004 2419 3091 ταξιςίτὰ
2446 3021 2639 3090 εὐγενῆ
2679 3017 2822 3088 φυτὰ
2858 3014 2953 3069 τοῦ
3001 3010 3350 3084 παραδείσου,
3384 3004 3480 3061 τοῦ
3524 3005 3709 3075 γένους

470 3076 682 3096 ,ηπ--
1096 3076 1107 3077 κ
1165 3076 1185 3089 .
1330 3076 1348 3090 .
1737 3076 1766 3089 ν

470 3119 759 3175 exstincto.
789 3112 1254 3183 Quemadmodum
1277 3120 1459 3168 autem
1475 3110 1857 3166 violentissimi
1886 3108 2028 3163 venti

2210 3076 2665 3182 ἐγκαλλωπίσμα,
2687 3076 2742 3163 αἱ
2760 3106 2905 3180 ῥίζαι
2919 3108 3018 3176 τῆς
3039 3076 3309 3175 ἡμετέρας
3327 3097 3671 3170 βλαστήσεως
3690 3136 3706 3161 ,

469 3225 593 3265 cum
634 3210 812 3264 locum
863 3207 967 3262 sibi
1010 3205 1264 3260 idoneum
1310 3200 1562 3273 perﬂant,
1629 3207 1818 3271 postea
1871 3201 2032 3254 arbo-

470 3316 593 3357 rum
622 3298 860 3357 culmina
894 3296 1290 3361 concutientes,
1318 3294 1585 3349 radicitus
1619 3293 1920 3362 exstirpant
1979 3300 2033 3347 et

471 3393 525 3448 in
553 3401 751 3447 terram
776 3395 1131 3461 prosternunt
1166 3404 1179 3441 :
1229 3385 1307 3441 sic
1359 3384 1427 3441 ab
1467 3385 1569 3439 hac
1619 3383 1796 3439 hieme
1834 3385 2034 3440 nobilis

469 3483 571 3540 ista
609 3483 890 3538 beatorum
914 3480 1158 3552 pugilum
1193 3477 1393 3532 cohors
1427 3475 1640 3545 dejecta
1665 3482 1749 3531 est
1775 3513 1789 3539 ,
1823 3475 2033 3531 nobiles

470 3574 719 3631 videlicet
752 3574 990 3645 paradisi
1007 3572 1222 3643 plantae,
1256 3568 1535 3625 societatis
1570 3566 1822 3621 humanae
1847 3566 2034 3633 decus,

2134 3207 2184 3261 οί
2238 3203 2450 3258 Παύλου
2502 3201 2736 3263 ὁπλῖται,
2791 3200 2839 3252 οί
2889 3192 3130 3267 Χριστοῦ
3172 3191 3498 3263 δορυφόροι,
3529 3183 3710 3241 οίτῶν

2140 3295 2337 3368 βωμῶν
2366 3292 2662 3349 καταλυτοιλ⁴
2685 3333 2700 3357 ,
2731 3293 2779 3344 οἱ
2822 3288 2928 3342 τῶν
2972 3281 3305 3353 Ἐκκλησιῶν
3325 3278 3601 3348 οἰκοδόμοι
3624 3317 3640 3341 ,
3664 3275 3713 3325 οί

2138 3366 2279 3444 κατὰ
2308 3387 2595 3460 βαρϐάρων
2622 3382 2925 3439 ὁπλιτεύειν
2948 3376 3417 3449 ἀπογραψάμενοι,
3451 3371 3551 3425 καὶ
3578 3366 3716 3440 πρὸς

2139 3480 2230 3534 τὸν
2260 3459 2434 3534 κοινδν
2462 3476 2653 3549 ἐχθρὸν
2681 3474 2780 3544 τῆς
2803 3470 3216 3545 ἀνθρωπότητος
3245 3466 3338 3519 τὸν
3365 3464 3553 3532 ἀγῶνα
3569 3459 3722 3514 τελέ-

2145 3585 2354 3631 σαντες.

472 3665 684 3720 radices
712 3672 913 3720 nostrae
943 3660 1358 3734 germinationis
1384 3698 1399 3725 ,
1431 3658 1589 3713 Pauli
1613 3657 1817 3713 milites
1847 3695 1861 3721 ,
1887 3656 2089 3713 Christi
2115 3659 2396 3723 satellites,
2466 3669 2751 3711 eversores
2817 3652 3069 3707 altarium
3132 3647 3510 3723 (ethnicorum)
3541 3684 3562 3711 ,
3612 3643 3715 3700 Ec~

473 3758 760 3813 clesiarum
805 3757 1187 3820 aediﬁcatores,
1256 3754 1351 3825 qui
1392 3753 1715 3824 conscripti,
1779 3759 1839 3808 ut
1886 3763 2075 3807 contra
2139 3752 2404 3809 barbaros
2449 3751 2764 3816 militarent,
2824 3756 3097 3803 certamen
3150 3745 3398 3799 adversus
3452 3755 3718 3797 commu-

474 3863 596 3902 nem
624 3848 847 3901 humani
876 3847 1088 3918 generis
1112 3847 1325 3901 hostem
1358 3844 1731 3900 confecerunt.

542 3938 893 4009 Nequaquam
927 3952 1092 4006 porro
1132 3935 1431 3990 incvitabili
1480 3936 1673 3990 mortis
1708 3935 2039 3990 necessitate

427 4064 440 4078 ι
472 4024 1008 4100 constringebautur,
1097 4025 1194 4082 sed
1229 4027 1285 4082 in
1340 4041 1528 4081 eorum
1565 4034 1837 4096 potestate
1890 4025 2039 4080 salus

472 4128 612 4184 erat,
645 4120 692 4175 si
745 4135 801 4175 se
847 4118 1076 4174 emolliri
1128 4117 1528 4189 permisissent.
1581 4115 1844 4171 Balneum
1888 4114 2035 4168 enim

473 4224 584 4265 non
618 4210 807 4280 procul
841 4208 1099 4274 distabat,
1133 4210 1278 4280 quod
1314 4207 1495 4263 dedita
1544 4222 1708 4277 opera
1736 4207 1855 4260 loco
1909 4220 2037 4273 sup-

475 4303 621 4371 plicii
654 4303 894 4357 vicinum
925 4310 1074 4368 erat;
1105 4301 1272 4371 janua
1309 4298 1548 4372 patebat,
1580 4306 1634 4353 et
1674 4298 2037 4352 circumstan-

474 4403 555 4448 tes
578 4394 907 4447 invitabant:
942 4408 1067 4446 nam
1099 4402 1387 4463 tyrannus,
1422 4387 1827 4461 persecutionis
1862 4392 1915 4441 et
1938 4400 2033 4437 va-

474 4485 569 4538 riae
595 4483 952 4554 improbitatis
977 4490 1124 4538 sator
1156 4494 1209 4537 et
1235 4492 1447 4543 auctor.
1500 4496 1667 4550 prope
1727 4486 2036 4545 transgres-

474 4574 645 4629 sionis
672 4588 852 4629 escam
905 4571 1110 4640 frigore
1154 4571 1268 4640 jam
1332 4568 1634 4639 compactis
1683 4574 2035 4638 apposuerat,

474 4663 732 4725 suadens,
768 4669 825 4713 ut
859 4668 1054 4728 sponte
1079 4673 1176 4713 sua
1219 4657 1285 4711 ad
1316 4658 1661 4711 curationem
1687 4664 1740 4709 et
1770 4655 2035 4711 medelam

471 4755 845 4821 properarent,
879 4747 1125 4802 imitatus
1154 4746 1411 4800 nimirum
1458 4754 1665 4815 patrem
1708 4759 1891 4807 suum,
1942 4742 2036 4815 qui

473 4840 540 4893 ad
569 4839 699 4909 ligni
733 4836 880 4893 vetiti
913 4845 1132 4907 gustum
1170 4838 1379 4908 primos
1406 4845 1663 4905 parentes
1719 4832 2053 4889 fraudulen?

475 4939 555 4981 ter
590 4929 801 4983 induxit
840 4929 879 4983 ¹.
914 4926 1111 4982 Verum
1148 4928 1224 4981 illi
1272 4926 1644 4983 fortitudinem
1685 4924 1858 4994 magis
1909 4939 2038 4979 exa-

472 5028 724 5083 cuerunt,
752 5036 859 5075 non
901 5020 1072 5091 ignari
1099 5020 1440 5075 tolerantiam
1493 5027 1621 5072 tunc
1660 5016 2034 5087 probationem

470 5108 707 5179 operari,
741 5110 958 5177 quando
1013 5110 1140 5179 quis
1186 5109 1425 5163 abstinet
1457 5108 1523 5161 ab
1550 5107 1671 5176 ejus
1707 5105 1785 5160 rei
1846 5121 1950 5161 usu
1982 5112 2036 5160 et

472 5198 778 5263 commodo,
813 5215 934 5269 qua:
963 5200 1017 5254 in
1047 5215 1145 5255 sua
1177 5208 1448 5270 potestate
1473 5200 1577 5253 sita
1606 5206 1727 5255 est:
1760 5196 1906 5268 quod
1940 5212 2037 5251 su-

472 5278 777 5360 perioribus
794 5292 955 5346 annis
982 5291 1225 5346 divinum
1245 5290 1520 5346 Danielem
1557 5293 1734 5362 egisse
1759 5288 2037 5361 proditum

469 5387 574 5436 cst.
598 5379 732 5435 Nam
764 5397 887 5437 cum
923 5391 1235 5438 moneretur
1266 5389 1323 5436 ut
1353 5384 1573 5453 opipara
1602 5385 1861 5451 lautaque
1879 5395 2035 5435 escu-

470 5474 615 5528 lenta
648 5484 702 5529 et
745 5474 1039 5528 poculenta
1089 5481 1347 5541 sumeret,
1389 5475 1513 5530 odio
1564 5485 1618 5531 et
1675 5474 2034 5530 deteSIatiOne

1632 5587 1659 5594 κ

546 5651 561 5682 ⁸
593 5651 726 5707 Gen.
769 5669 848 5715 ιιι,
884 5654 905 5706 1
933 5668 1049 5721 sqq.

2226 3925 2464 3993 Ἐγίνετο
2498 3922 2553 3977 δὲ
2574 3923 2757 3985 αὐτοῖς
2790 3922 2848 3974 οὐ
2879 3920 3011 3991 πρὸς
3037 3919 3157 3990 βίαν
3209 3919 3300 3971 καί⁸
3340 3903 3721 3993 ἀπαραίτητον

2143 4018 2388 4090 ἀνάγκην
2443 4017 2472 4071 ό
2526 4014 2773 4079 θάνατος,
2815 4012 2950 4067 ἀλλὰ
2997 4013 3090 4065 καὶ
3141 4010 3285 4081 μάλα
3325 4013 3627 4084 πρόχειρος
3657 4010 3720 4087 ἦν

2142 4111 2238 4165 καὶ
2284 4110 2371 4165 ἐπ’
2405 4107 2717 4177 ἐξουσίαςὴ
2768 4105 3028 4177 σωτηρία,
3073 4106 3120 4158 εί
3177 4105 3269 4158 καὶ
3308 4106 3716 4180 μαλακισθῆναι

2100 4203 2112 4215 .
2143 4203 2277 4273 πρὸς
2292 4201 2391 4272 τὴν
2420 4199 2666 4254 ἔνστασιν
2703 4196 3095 4268 ἠϐουλήθησαν.
3129 4195 3365 4267 Λουτρὸν
3392 4195 3505 4276 γέιρ
3547 4193 3620 4269 ἦν
3661 4199 3717 4252 ἐκ

2138 4290 2232 4344 τοῦ
2259 4289 2547 4358 σύνεγγυς,
2578 4287 2711 4356 ὅπερ
2758 4284 2991 4351 ἐγειτνία
3032 4283 3153 4336 κατ’
3183 4280 3423 4334 ἐπίνοιαν
3455 4282 3540 4352 τῷ
3574 4282 3720 4353 τόπῳ

2140 4379 2236 4448 τῆς
2264 4377 2533 4449 τιμωρίας
2551 4391 2567 4406 ’
2606 4374 2698 4428 καὶ
2723 4373 2912 4444 ὴθύρα
2943 4372 3202 4443 ὴνὲῳκτο,
3230 4372 3324 4424 καὶ
3360 4374 3721 4441 παρεστῶτες

2133 4469 2377 4522 ἐκάλουν.
2410 4468 2675 4538 Σοφιστὴς
2701 4466 2809 4537 γὰρ
2841 4464 2916 4518 ὢν
2938 4462 3178 4533 διωγμοῦ
3211 4463 3303 4515 καὶ
3332 4463 3605 4534 ποικίλης
3631 4467 3719 4534 ρᾳο

2131 4559 2402 4630 διουργίας
2429 4560 2459 4611 ὁ
2486 4559 2766 4629 τύραννος,
2810 4555 2975 4637 ἐγγυς
3008 4554 3069 4607 τὸ
3104 4552 3293 4625 δέλεαρ
3324 4553 3429 4624 τῆς
3458 4555 3716 4626 παραὸά·

2135 4667 2271 4714 σεως
2297 4652 2407 4713 τοῖς
2470 4648 2835 4720 πηγνυμένοις
2876 4643 3174 4718 παρέθηκε,
3221 4645 3314 4697 καὶ
3361 4646 3717 4701 συνεϐούλευε

2136 4740 2270 4812 πρὸς
2296 4739 2393 4812 τὴν
2417 4739 2709 4811 θεραπείαν
2742 4736 3124 4808 αὐτομολῆσαι,
3161 4734 3236 4799 ῶς
3268 4737 3297 4789 ὁ
3336 4737 3528 4809 πατὴρ
3558 4737 3716 4793 αὑτοῦ

2138 4831 2265 4893 τοὺς
2292 4829 2747 4900 πρωτοπλάστους
2775 4828 2855 4891 είς
2876 4827 2971 4899 τὴν
3001 4826 3185 4895 γεῦσιν
3227 4816 3321 4879 τοῖ’)
3354 4826 3545 4893 ξύλου.
3587 4829 3715 4884 OM}

2139 4924 2259 4977 τότε
2291 4921 2383 4976 καὶ
2409 4920 2604 4991 μᾶλλον
2627 4919 2722 4990 τὴν
2769 4919 3018 4990 ἀνδρείαν
3046 4919 3315 4971 ἐπέτεινον
3336 4958 3351 4983 ,
3403 4919 3618 4984 εἰδότες
3650 4918 3711 4979 ὡς

2140 5014 2401 5087 καρτερία
2459 5011 2754 5083 τηνικαῦτα
2798 5010 3023 5083 παρέχει
3048 5009 3143 5081 τὴν
3173 5008 3431 5080 βάσανον,
3462 5012 3631 5082 ἡνίκα
3654 5010 3711 5064 ἂν

2138 5105 2499 5177 προκειμένης
2536 5105 2592 5156 ἐν
2639 5103 2859 5173 ἐξουσίᾳ
2895 5105 2990 5173 τῆς
3028 5101 3380 5165 ἀπολαύσεως
3418 5104 3709 5170 φείσηται’

2136 5198 2272 5267 ὅπερ
2324 5198 2380 5249 ἐν
2415 5198 2525 5259 τοῖς
2569 5196 2857 5266 ἁνωτέροις
2885 5195 3094 5265 χρόνοις
3120 5194 3319 5265 Δανιὴλ
3363 5195 3395 5247 ὁ
3429 5195 3712 5256 θεσπέσιος

2136 5286 2837 5358 πεποιηκὼςέπιδέδεικται.
2860 5285 3349 5356 Παρακαλούμενος
3373 5286 3490 5356 γὰρ
3510 5286 3712 5355 ἄφθονα

2135 5382 2227 5433 καὶ
2256 5380 2383 5451 ἡδέα
2411 5382 2529 5432 σῖτα
2586 5380 2679 5432 καὶ
2733 5379 2871 5432 ποτὰ
2910 5377 3353 5450 προσφέρεσθαι,
3404 5378 3555 5448 μίσει
3615 5376 3714 5430 καὶ

2141 5472 2454 5541 ἀποστροφῇ
2482 5470 2587 5523 τῶν
2614 5469 2992 5538 εἰδωλοθύτων,
3008 5471 3103 5540 τὴν
3127 5470 3549 5547 σπερμρφαγίαν
3570 5466 3713 5540 fmi-
