3918 6204
222 266 320 324 781

1319 266 1386 322 1N
1444 267 1942 335 QUADRAGINTA
1984 269 2384 328 MARTYRES.

3375 284 3476 342 78"!

218 397 360 455 argos
386 396 400 412 °
427 381 522 436 καὶ
548 379 819 453 νηστεύων
847 381 1018 453 ἦνθει,
1038 380 1131 437 καὶ
1150 379 1345 436 ἀσιτῶν
1366 384 1505 457 ὑπὲρ
1530 386 1656 449 τοὺς
1682 402 1803 458 τρυ-

1911 399 2125 448 eorum,
2159 403 2280 458 qua:
2329 387 2490 443 idolis
2543 387 2819 442 immolata
2856 390 3091 460 fuerant,
3144 394 3478 464 leguminum

218 474 435 544 φῶντας
484 471 752 545 εῦσαρκος
780 467 885 544 ἦν’
953 472 1089 526 Θεοῦ
1147 473 1256 544 γάρ
1309 473 1467 528 τοῦτο
1504 474 1677 547 δῶρον
1714 476 1804 542 ἐξ·

218 568 457 639 αίρετον,
487 567 600 628 τοῖς
623 568 836 630 πιστοῖς
864 565 1071 631 δούλοις
1093 566 1149 619 ἐν
1174 568 1293 630 ταῖς
1320 567 1567 637 ἀπορίαις
1586 566 1655 621 τὰ
1674 571 1803 638 παρ’

217 660 414 715 ἐλπίδα
445 658 790 730 χαρίζεσθαι.

291 844 437 916 Πλὴν
470 841 657 913 ἐπειδὴ
695 844 808 906 τοῖς
844 841 1068 912 ὑψηλοῖς
1106 840 1214 894 τῶν
1243 818 1584 912 πραγμάτων
1613 841 1663 893 οί
1685 840 1805 909 φθό⁴

1906 492 2059 532 esum
2084 477 2267 547 elegit,
2297 478 2665 549 jejunansque
2697 477 2927 536 ﬂorebat
2950 491 3003 537 ct
3028 483 3264 553 vigebat,
3295 495 3350 541 et
3371 489 3480 542 cibi

1905 583 2098 639 expers
2146 569 2385 624 habitior
2429 578 2482 625 et
2521 571 2900 641 corpulentior
2940 576 3264 644 apparebat,
3314 594 3478 650 quam

1907 660 2016 725 illi,
2048 662 2141 731 qui
2172 661 2227 715 in
2265 660 2476 717 deliciis
2506 662 2760 717 vivebant
2783 666 2804 695 ³
2837 683 2849 719 :
2889 665 2979 720 Dei
3013 671 3157 721 enim
3187 677 3270 724 est
3303 671 3479 727 ﬁdeli-
3574 681 3583 690 ’

1906 751 2008 806 lius
2037 754 2211 808 servis
2245 752 2361 809 suis
2391 753 2522 807 talia
2549 752 2689 807 dona
2716 763 2912 825 pratter
2939 772 3088 826 spem
3116 760 3387 818 conferre.

1976 840 2266 909 Caeterum,
2307 841 2436 912 quia
2474 844 2773 913 grandibus
2797 847 2995 915 cceptis
3034 847 3173 901 livor
3200 850 3477 908 adhaerere

215 956 295 991 νοι
328 937 815 1007 παραπεπήγασιν,
838 932 1179 986 ἐκινδύνευσε
1205 932 1513 1004 λωϐηθῆναι
1545 933 1605 985 τὸ
1627 934 1803 1003 μακά·

1908 933 2066 995 solet,
2101 932 2568 1002 periculumerat,
2603 948 2671 988 ne
2718 935 2874 988 beata
2928 938 3031 990 ista
3073 939 3272 996 cohors
3327 952 3474 996 trun-

215 1045 333 1099 ριον
369 1025 675 1093 σύνταγμα,
705 1024 798 1077 καλ⁸
824 1022 1021 1095 μικροῦ
1052 1023 1285 1087 δέοντος,
1316 1022 1679 1094 ἀπωλέσαμεν
1707 1026 1805 1095 τῆς

212 1119 484 1188 τετάρτης
511 1116 730 1180 δεκάδος
751 1116 811 1169 τὸ
841 1116 1133 1186 πλήρωμα.
1169 1110 1262 1179 Εἷς
1289 1114 1396 1187 γὰρ
1422 1114 1805 1187 ἀπαγορεύσας

209 1214 304 1266 διὰ
320 1213 410 1265 τὸν
434 1210 666 1282 κρυμὸν,
696 1208 832 1280 πρὸς
854 1207 1003 1278 αὐτῷ
1027 1206 1104 1278 τῷ
1117 1207 1258 1261 τέλει
1276 1207 1378 1278 τῆς
1407 1207 1580 1278 νίκης,
1622 1207 1799 1278 οἵμοιί

214 1303 343 1365 τοὺς
389 1302 491 1373 μὲν
528 1298 933 1369 συστρατιώτας
962 1296 1142 1366 ἀφῆκε
1167 1339 1182 1364 ,
1205 1298 1271 1368 τῇ
1304 1296 1468 1371 τέχνῃ
1502 1298 1557 1351 δὲ
1588 1298 1681 1351 τοῦ
1713 1316 1806 1352 τυ-

214 1395 415 1466 ράννου
458 1390 846 1464 προσεχώρησε
894 1387 973 1459 τῷ
1030 1385 1269 1459 λουτρῷ,
1326 1388 1427 1459 ἤδη
1464 1388 1562 1458 τῆς
1604 1388 1804 1459 σαρκὸς

217 1484 592 1557 μαρανθείσης
626 1482 953 1554 φεισάμενος
977 1481 1005 1535 ό
1034 1480 1296 1549 φιλόζωος
1316 1497 1329 1513 ·
1362 1481 1462 1551 τῆς
1488 1497 1547 1533 τε
1576 1481 1685 1553 γάρ
1715 1479 1802 1533 ἐλ-

213 1578 369 1641 πίδος
403 1577 647 1643 ἐξέπεσε,
676 1576 771 1629 καὶ
799 1577 896 1645 τῆς
936 1573 1275 1645 προσκαίρου
1304 1571 1448 1644 ζωῆς
1478 1574 1580 1626 οὐκ
1609 1572 1803 1626 ἐπέτυ-

212 1687 332 1740 χεν,
392 1666 555 1730 εὐθὺς
607 1666 1032 1735 ἐπιτελευτήσας
1075 1667 1142 1737 τῇ
1193 1663 1535 1735 παραϐάσει’
1603 1664 1803 1727 Ἰούδας

1907 1033 2148 1089 car-etur,
2176 1032 2229 1078 et
2256 1024 2367 1093 jam
2413 1024 2545 1078 inibi
2598 1041 2686 1081 res
2711 1036 2848 1090 erat,
2886 1036 2942 1080 ut
2993 1041 3202 1099 quarta:
3257 1031 3479 1089 decadis
3550 1014 3558 1022 ⁸

1906 1117 2307 1187 complemento
2368 1118 2695 1186 pritaretur.
2740 1117 2891 1174 Unus
2944 1123 3087 1176 enim
3140 1123 3245 1178 sub
3299 1125 3478 1194 ipsqu

1904 1208 2149 1262 victoria:
2177 1207 2493 1273 articulum,
2526 1210 2867 1277 impatientia
2894 1209 3114 1282 frigoris
3163 1217 3474 1272 succubuit.

1907 1298 2002 1354 llei
2043 1299 2205 1353 mihi!
2243 1299 2655 1355 (Iommilitones
2689 1315 2821 1355 suos
2862 1301 3127 1371 deseruit,
3163 1313 3217 1361 ct
3247 1307 3477 1362 subdola

1908 1388 2123 1459 tyranni
2154 1396 2273 1442 arte
2305 1390 2540 1443 accessit
2575 1388 2642 1441 ad
2680 1389 2952 1457 balneum,
2990 1394 3144 1446 carni
3184 1395 3296 1464 jam
3328 1398 3479 1452 tabe-

1905 1478 2063 1538 facta:
2092 1493 2322 1548 parcens
2355 1493 2542 1533 amore
2570 1479 2735 1548 hujus
2768 1478 2920 1534 vitae:
2971 1497 3097 1536 nam
3144 1493 3198 1538 et
3231 1500 3326 1555 spe
3377 1503 3476 1542 sua

1904 1569 2128 1636 excidit,
2160 1578 2215 1624 et
2254 1569 2542 1624 mortalem
2578 1570 2722 1624 hanc
2747 1572 2913 1625 vitam
2948 1588 3058 1628 non
3106 1584 3189 1630 est
3219 1578 3473 1648 adeptus,

1906 1662 1958 1715 in
1992 1662 2110 1731 ipsa
2138 1663 2575 1732 transgressione
2597 1663 2835 1717 animam
2872 1666 3158 1735 exhalans,
3202 1671 3475 1725 miseran‘

211 1758 397 1819 ἄθλιος
423 1759 481 1810 ἐν
510 1758 620 1821 τοῖς
653 1755 924 1827 μάρτυσιν
944 1795 959 1822 ,
1004 1752 1126 1808 οῦτε
1171 1753 1437 1825 μαθητὴς,
1466 1753 1590 1809 οὔτε
1632 1753 1795 1808 πλού·

1908 1752 2007 1808 dus
2031 1751 2201 1808 Judas
2228 1754 2371 1808 inter
2398 1763 2691 1826 martyres,
2721 1764 2775 1810 et
2814 1772 2991 1827 neque
3023 1757 3350 1829 discipulus,
3376 1777 3475 1817 ued

213 1865 359 1913 σιος,
386 1848 477 1903 καὶ
508 1848 641 1919 πρός
665 1863 731 1916 γε
752 1846 843 1899 τὸν
884 1845 1076 1917 βρόχον
1098 1844 1535 1915 ἐφελκυσάμενος
1556 1860 1569 1874 ’
1598 1846 1693 1899 καὶ
1722 1845 1798 1916 μὴ

211 1941 472 2012 θαυμάσῃ
503 1940 711 2033 μηδείς.
736 1938 973 2033 Σύνηθες
1007 1936 1220 2033 γὰρ.τῷ
1251 1936 1481 2033 διαϐόλιρ
1515 1937 1654 2033 κατὰ
1692 1937 1799 1991 τῶν

211 2026 639 2085 ὑποκυπτόντων
664 2027 814 2099 αὐτῷ
849 2028 910 2081 τὸ
938 2026 1345 2100 τοιουτότροπον
1384 2026 1761 2099 ῥᾳδιούργημα
1781 2039 1795 2053 ⁸

206 2126 403 2196 ἀπατᾷ
447 2126 540 2178 καὶ
585 2121 870 2177 κολακεύει
910 2120 1191 2183 ποικίλως,
1225 2119 1312 2173 ἵνα
1337 2118 1498 2191 ῥίψῃι
1529 2119 1691 2189 ῥίψας
1711 2115 1796 2182 δὲ,

206 2217 379 2280 εὖθὺς
410 2216 753 2286 ἐπεμϐαίνει,
789 2214 884 2267 καὶ
910 2212 1005 2266 τοῦ
1038 2210 1288 2282 κειμένου
1318 2210 1609 2281 καταγελᾷ.
1652 2210 1801 2263 Ἐπι-

196 2310 469 2380 σιωμάζει
490 2309 548 2362 δὲ
567 2310 635 2379 τῇ
666 2306 921 2378 συμφορᾷ
947 2307 1045 2376 τὴν
1066 2300 1348 2374 αἰσχύνην,
1369 2303 1463 2357 καὶ
1483 2304 1549 2374 τῇ
1570 2299 1801 2374 αἰσχύνῃ

204 2401 304 2454 τοῦ
335 2399 717 2462 δελεασθέντος
754 2397 1122 2469 εὐφραίνεται.
1167 2396 1258 2449 Διὸ
1304 2395 1398 2449 καὶ
1439 2397 1467 2447 ό
1497 2393 1802 2464 Ψαλμῳδὸς

205 2492 413 2564 ἐχθρὸν
446 2490 542 2545 καὶ
589 2490 875 2561 ἐκδικητὴν
910 2489 1316 2561 προσηγόρευσε
1338 2526 1355 2553 ,
1388 2486 1450 2539 τὸ
1478 2484 1575 2539 τοῦ
1599 2485 1798 2557 τρόπου

206 2581 554 2653 παλίμϐολον
593 2582 658 2634 ἐκ
682 2581 781 2651 τῆς
805 2581 914 2633 τῶν
942 2580 1220 2651 ὀνομάτων
1258 2577 1538 2649 σημαίνων
1564 2575 1802 2629 ἐναντιό-

208 2691 400 2745 τητος.
444 2672 771 2746 ’Δνθρώπων
803 2672 913 2744 γὰρ
959 2673 1163 2735 ἐκεῖνος
1199 2671 1453 2725 οὐδέποτε
1485 2667 1693 2738 γίνεται
1718 2666 1803 2721 ἐν-

210 2765 443 2828 σπονδός
467 2780 526 2817 τε
554 2763 648 2817 καὶ
677 2761 849 2833 φίλιος
874 2779 889 2794 ο
920 2761 1269 2832 ὑποκρίνεται
1284 2760 1342 2813 δὲ
1363 2759 1484 2812 τότε
1513 2758 1574 2812 τδ
1602 2758 1799 2829 φίλιον,

208 2859 343 2911 ὅταν
376 2854 524 2926 αὐτῷ
566 2854 768 2925 θελήσῃ
811 2856 1150 2925 προσωπεῖον
1197 2851 1413 2922 ἀπάτης
1456 2848 1799 2905 ἐνδύσασθαι.

226 2948 375 3002 Ἀλλ’
404 2951 434 3001 ὁ
471 2949 567 3020 τῆς
619 2946 903 3009 ἀσθενείας
934 2946 1034 3017 τῆς
1057 2944 1329 3019 ἡμετερας
1358 2944 1671 3016 ἐπίκουρος,
1706 2941 1801 2995 καὶ

1901 1860 2008 1915 que
2040 1845 2353 1915 opulentus,
2395 1852 2447 1899 et
2490 1844 2559 1899 ad
2610 1846 2862 1923 laqueum
2921 1855 3174 1905 tractus:
3236 1866 3339 1906 nec
3393 1864 3478 1909 est

1901 1938 2044 2008 quod
2072 1939 2196 2008 quis
2227 1935 2790 1994 miretur.‘Usitatum
2822 1944 2909 1993 est
2942 1938 3160 1995 diabolo
3213 1941 3471 2011 hujusce-

1902 2030 2366 2087 modiartiﬁcium
2409 2031 2791 2097 contrajllos,
2844 2048 2982 2102 quos
3032 2034 3139 2088 sibi
3196 2036 3472 2108 subjugat.

1902 2121 2112 2194 Decipit
2156 2137 2221 2177 ac
2277 2138 2416 2179 vane
2465 2122 2763 2187 blanditur,
2832 2132 2891 2179 ut
2952 2135 3293 2195 prosternat;
3349 2144 3476 2184 cum

1907 2215 2226 2286 prostravit,
2258 2214 2522 2284 evestigio
2566 2214 2855 2284 inequitat,
2910 2216 3295 2288 iacentemque
3347 2220 3477 2277 irri‘

1902 2308 2013 2373 det,
2045 2315 2101 2361 et
2159 2305 2587 2361 insultabundus
2615 2304 2915 2360 calamitati
2951 2308 3214 2375 pudorem
3250 2319 3303 2365 et
3337 2325 3474 2367 con—

1905 2397 2179 2452 fusionem
2208 2394 2550 2466 superaddit,
2603 2402 2658 2449 et
2685 2394 2983 2464 ignominia
3017 2410 3113 2466 per
3138 2412 3320 2453 escam
3367 2399 3476 2455 cire

1901 2489 2175 2547 Curnvcuti
2202 2489 2461 2543 exsultat.
2491 2487 2672 2553 Quare
2721 2501 2751 2541 a
2778 2484 3207 2560 Psalmographo
3258 2509 3477 2564 quoque

1902 2581 2159 2636 inimicus
2181 2591 2232 2637 et
2273 2581 2418 2635 ultor
2463 2580 2767 2650 appellatus
2802 2588 2885 2635 est
2911 2579 2950 2643 ³,
2995 2581 3197 2653 ingenii
3241 2586 3477 2641 mutabi-

1902 2676 2107 2728 litatem
2136 2674 2454 2729 diversitate
2488 2673 2768 2727 nominum
2805 2671 3155 2743 significans:
3190 2678 3280 2741 ille
3326 2680 3475 2733 enim

1905 2778 2027 2817 cum
2065 2763 2379 2831 hominibus
2422 2778 2701 2833 nunquam
2764 2764 2941 2820 fwdus
2998 2768 3146 2822 serio
3199 2768 3323 2832 init,
3382 2778 3478 2824 aut

1902 2854 2201 2909 amicitiam
2232 2854 2384 2913 colit.
2416 2852 2575 2908 Tune
2608 2869 2738 2909 vero
2771 2856 3015 2911 animum
3044 2858 3281 2913 amicum
3306 2860 3476 2915 simu-

1904 2948 1998 3013 lat,
2047 2947 2268 3018 quando
2325 2946 2431 3001 sibi
2489 2946 2698 3000 larvam
2761 2946 2984 3004 fallendi
3046 2950 3221 3019 gratia
3274 2952 3473 3007 induit.

208 3042 326 3095 τῶν
353 3040 597 3110 ἀγαθῶν,
628 3040 723 3094 καὶ
748 3039 943 3108 λόγων,
972 3038 1067 3092 καὶ
1099 3038 1350 3110 πράξεων
1377 3038 1640 3109 γεωργὸς,
1669 3028 1795 3106 εὗρε

1908 3039 2104 3095 Verum
2133 3048 2339 3093 nostra)
2378 3037 2714 3093 infirmitatis
2752 3037 2989 3107 adjutor,
3020 3039 3398 3110 bonorumque
3421 3051 3480 3097 et

210 3134 359 3189 κατὰ
383 3132 474 3186 τὸν
514 3131 761 3203 Ἀϐραὰμ
786 3130 963 3203 ἐαυτῷ
997 3130 1265 3203 πρόϐατον
1290 3131 1369 3193 είς
1391 3128 1581 3183 θυσίαν
1608 3128 1671 3181 ἐκ
1690 3127 1798 3180 τῶν

214 3225 602 3296 πολεμούντων
644 3225 841 3281 οἰκεῖον
864 3265 880 3291 ,
919 3225 983 3277 ἐκ
1024 3223 1133 3278 τῶν
1176 3217 1634 3295 βλασφημούντων
1662 3221 1802 3290 ὁμο-

212 3315 456 3386 λογητὴν
481 3354 496 3380 ,
556 3311 649 3366 καὶ
711 3314 775 3365 ἐκ
818 3310 913 3365 τοῦ
957 3311 1335 3382 συντάγματος
1364 3309 1472 3362 τῶν
1499 3306 1801 3360 διωκόντων

220 3409 499 3480 μάρτυρα.
536 3399 631 3470 Εἷς
654 3404 762 3476 γὰρ
783 3404 891 3459 τῶν
915 3404 1013 3475 τῆς
1042 3402 1351 3473 τυραννίδος
1389 3400 1615 3471 δημίων,
1637 3400 1804 3453 ὀπταο

220 3501 344 3563 σίας
365 3499 612 3569 ἀγγέλων
645 3499 893 3564 ἀξιωθεὶς
935 3498 1045 3552 τῶν
1083 3498 1343 3552 ἐλθόντων
1374 3496 1465 3548 ἐπὶ
1494 3496 1618 3557 τοὺς
1660 3493 1803 3563 μάρ-

216 3610 411 3665 τυρας,
483 3593 576 3647 καὶ
640 3590 1035 3663 περιλαμφθεὶς
1059 3592 1125 3662 τῇ
1175 3587 1465 3658 ἐπιφανείᾳ
1495 3586 1602 3640 τῶν
1635 3585 1805 3654 ἁγίων

216 3686 571 3756 πνευμάτων,
605 3682 681 3747 ὥς
719 3701 847 3737 ποτε
876 3682 1087 3745 Παῦλος
1112 3683 1177 3752 τῇ
1197 3676 1606 3752 δόξῃ-Χριστοῦ,
1644 3676 1806 3749 ἡνίκα

216 3777 317 3849 τὴν
339 3777 434 3832 ἐπὶ
456 3776 743 3847 Δαμασκὸν
765 3773 1077 3845 ἐπορεύετο,
1104 3772 1264 3836 εὐθὺς
1284 3772 1381 3844 τὴν
1401 3768 1625 3842 γνώμην
1680 3787 1805 3841 μετ-

218 3869 398 3933 ἔθετο,
421 3870 516 3922 καὶ
537 3867 830 3940 γυμνώσας
860 3866 1048 3920 ἐαυτὸν
1078 3866 1177 3937 τῆς
1203 3865 1447 3937 ἐσθῆτος,
1472 3867 1583 3926 τοῖς
1607 3880 1808 3932 πηγνυ-

219 3960 412 4031 μένοις
442 3958 829 4030 συνανεμίχθη.
852 3959 1041 4012 Πάντα
1069 3957 1125 4011 δὲ
1157 3959 1215 4012 ἐν
1254 3957 1411 4030 ὀλίγῃ
1440 3954 1632 4026 καιροῦ
1662 3954 1802 4026 ῥοπῇ

217 4049 466 4118 συνάψας
490 4049 726 4118 ἐγένετο,
776 4049 1129 4121 προσήλυτος,
1172 4049 1527 4121 ὁμολογητὴς,
1574 4048 1801 4120 μάρτυς,

215 4142 556 4211 λουσάμενος
588 4142 644 4195 ὲν
679 4141 755 4212 τῷ
789 4141 902 4211 ίδίῳ
932 4141 1124 4211 αἵματι
1154 4140 1215 4193 τὸ
1242 4139 1340 4211 τῆς
1379 4137 1805 4208 παλιγγενεσίας

215 4230 468 4303 λουτρὸν,
501 4232 694 4301 αἵματι
740 4229 818 4301 τῷ
875 4230 1338 4299 νεκρωθέντι,καὶ
1384 4231 1457 4302 μὴ
1509 4229 1759 4300 ῥεύσαντι
1790 4244 1804 4259 ·

1906 3147 2217 3189 sermonum
2273 3137 2329 3185 et
2363 3130 2638 3184 actionum
2680 3128 2973 3197 plantator,
3007 3130 3212 3199 reperit
3265 3131 3371 3185 sibi
3410 3131 3478 3185 ad

1902 3222 2197 3277 Ahrahami
2228 3221 2537 3291 exemplum
2564 3218 2834 3274 oviculam
2857 3219 2926 3274 ad
2957 3220 3483 3277 sacriﬁciumdome‘

1905 3315 2133 3370 sticam:
2166 3328 2229 3367 ex
2267 3308 2773 3382 hlasphemantibus
2796 3308 3168 3375 confitentem,
3201 3318 3257 3365 et
3285 3325 3353 3365 ex
3386 3324 3481 3367 eo-

1906 3422 2026 3461 rum
2078 3404 2307 3466 ordine,
2354 3403 2448 3473 qui
2507 3408 2890 3472 persecutores
2943 3409 3124 3463 erant,
3160 3407 3477 3472 martyrem.

1905 3497 2140 3564 Quidam
2171 3495 2316 3551 enim
2368 3508 2437 3548 ex
2485 3492 2795 3564 tyrannidis
2852 3491 3218 3558 administris,
3267 3493 3483 3549 visione

1905 3586 2332 3659 angelorum'ad
2387 3594 2656 3655 martyres
2712 3583 3045 3639 venientium
3101 3582 3379 3653 dignatus,
3428 3594 3481 3640 et

1906 3677 2277 3737 circumfusus
2336 3690 2620 3733 sacrorum
2673 3674 2966 3745 Spirituuut
2999 3675 3361 3744 apparitione,
3419 3682 3482 3731 ut

1905 3770 2033 3825 olim
2060 3767 2269 3822 Paulus
2301 3765 2588 3837 majestate
2614 3765 2841 3830 Christi,
2881 3765 3106 3835 quando
3154 3764 3480 3823 Damascum

1906 3858 2380 3934 proficiscebatur,
2428 3857 2611 3913 statim
2654 3865 2891 3913 mentem
2934 3857 3188 3924 mutavit,
3230 3840 3285 3912 et
3316 3858 3484 3915 vesti‘

1906 3949 2105 4005 mentis
2134 3949 2375 4019 seipsum
2414 3962 2623 4002 exuens
2656 3946 2858 4017 frigore
2896 3946 3171 4001 concretis
3222 3963 3346 4003 sese
3389 3951 3484 4001 ad-

1906 4038 2129 4094 miscuit
2171 4038 2210 4090 ⁸.
2272 4034 2337 4091 Et
2386 4036 2582 4106 exiguo
2635 4034 2898 4105 temporis
2956 4043 3235 4088 momento
3298 4037 3482 4089 omnia

1910 4130 2087 4185 factus
2123 4135 2227 4192 est,
2265 4127 2593 4198 proselytns,
2639 4126 2943 4189 confessor,
2981 4134 3212 4194 martyr,
3253 4126 3482 4181 abluens

1909 4221 2128 4292 proprio
2185 4219 2451 4289 sanguine
2505 4215 2935 4286 regenerationis
2996 4215 3296 4279 lavacrum,
3353 4230 3483 4285 pro-

211 4324 366 4393 ἀνὴρ
412 4324 767 4395 στεφανίτης.
801 4323 936 4397 ἀνὴρ
988 4321 1082 4376 τοῦ
1138 4323 1336 4386 παντὸς
1371 4322 1518 4388 ἄξιος
1556 4340 1569 4354 ’
1608 4324 1675 4393 τῇ
1716 4319 1803 4375 τοῦ

1909 4314 2051 4383 prio,
2086 4311 2331 4381 inquam,
2382 4308 2648 4379 sanguine
2681 4314 2900 4361 mortuo
2925 4345 2942 4369 ,
2996 4321 3103 4359 non
3135 4303 3322 4360 ﬂuido.
3388 4303 3485 4361 Vir

208 4415 365 4473 Θεοῦ
406 4414 701 4485 Ἐκκλησία
727 4415 795 4468 δι’
825 4395 1029 4468 ἐκεῖνον
1063 4414 1169 4484 ἔχω
1196 4414 1321 4475 τοὺς
1359 4419 1431 4484 μ’.
1460 4413 1558 4466 Διά
1578 4412 1669 4466 τὸν
1694 4429 1803 4481 γεν-

1909 4418 2168 4459 coronam
2198 4400 2551 4471 promeritus,
2582 4398 2666 4451 vir
2699 4395 2848 4453 omni
2882 4396 3090 4451 honore
3117 4395 3348 4467 dignus:
3388 4410 3486 4467 per

208 4511 376 4561 ναῖον
437 4508 500 4560 οὐ
548 4506 769 4570 κολοϐὸς
799 4508 832 4576 ἡ
865 4506 972 4559 τῶν
1024 4503 1316 4576 μαρτύρων
1346 4504 1671 4576 παράταξις.
1704 4502 1803 4556 Διὰ

1908 4497 2061 4551 illum
2114 4486 2280 4548 habet
2329 4490 2576 4546 Ecclesia
2634 4487 2731 4543 Dei
2782 4490 3179 4561 quadraginta;
3212 4503 3309 4558 per
3339 4489 3485 4544 hunc

204 4598 321 4653 τὸν
364 4598 705 4670 προσήλυτον
756 4596 962 4649 τελείαν
1007 4595 1212 4666 ἄγομεν
1251 4595 1337 4648 ἐπ’
1359 4594 1576 4665 ἀριθμῷ
1614 4594 1803 4665 τελείῳ

1908 4602 2230 4661 generosum
2262 4599 2370 4640 non
2406 4592 2491 4637 est
2523 4582 2713 4636 mutila
2747 4589 3047 4653 martyrum
3076 4588 3313 4635 caterva.
3355 4577 3488 4633 Pro-

206 4669 559 4761 πανήγυριν.
593 4689 650 4742 ὐ
689 4689 746 4742 δὲ
796 4686 1040 4751 διάϐολος
1085 4687 1278 4759 χαρίεν
1320 4684 1520 4740 ἔπαθεν
1574 4687 1803 4756 πρᾶγμα

1908 4669 2225 4749 βίοι-ἰιιιιιο
2272 4674 2607 4746 proselytum
2649 4673 2945 4743 perfectam
2988 4674 3221 4743 agimus,
3246 4669 3488 4741 perfecto

205 4783 327 4839 καὶ
380 4782 615 4849 γέλωτος
646 4780 792 4848 ἄξιον
818 4797 832 4811 ·
857 4779 933 4843 ὡς
949 4779 1055 4850 γὰρ
1077 4779 1302 4832 ἔκλεπτε
1333 4776 1424 4831 τὸν
1440 4776 1803 4849 στρατιώτην,

1913 4783 2145 4825 numero
2185 4768 2525 4839 panegyrim.
2557 4764 2621 4820 Et
2650 4765 2875 4819 diabolo
2915 4779 3003 4817 res
3055 4761 3231 4831 lepida
3265 4769 3319 4815 et
3370 4761 3489 4816 risu

200 4874 471 4944 ἐσυλήθη
490 4875 580 4928 τὸν
598 4874 829 4943 διώκτην
877 4872 971 4925 καὶ
1000 4871 1213 4943 δήμιον.

1915 4864 2079 4936 digna
2113 4860 2363 4916 accidit:
2398 4858 2528 4913 dum
2575 4856 2723 4910 enim
2773 4854 2998 4908 militem
3040 4851 3340 4908 suﬂ'uratus
3382 4863 3487 4918 est,

1916 4956 2100 5011 amisit
2129 4958 2535 5023 persecutorem
2559 4954 2612 5002 et
2628 4945 2963 5003 carnificem.

291 5054 440 5112 Εἶτα
458 5055 510 5108 τί
528 5055 598 5108 τά
624 5055 716 5108 ἐπί
744 5052 989 5119 τούτοις;
1019 5054 1081 5106 Οἱ
1115 5053 1215 5123 μὲν
1240 5050 1627 5122 τρισμακάριοι
1652 5049 1803 5119 ἐφθα·

1988 5046 2128 5113 Quid
2158 5058 2287 5098 vero
2320 5048 2443 5111 post
2479 5038 2639 5094 ham?
2671 5035 2778 5092 Ter
2813 5035 2957 5092 beati
2997 5036 3072 5089 illi
3106 5044 3491 5104 pervenerunt,

204 5170 349 5217 σαν,
392 5149 526 5203 ὅπου
557 5147 834 5202 ἔσπευδον.
871 5149 929 5200 '0
962 5146 1018 5201 δὲ
1051 5146 1149 5216 τῆς
1177 5144 1444 5216 τιμωρίας
1483 5143 1691 5215 κύριος,
1711 5144 1803 5196 οὐκ

1919 5155 2029 5211 quo
2071 5134 2458 5208 properabant.
2511 5132 2583 5184 At
2611 5129 2869 5200 supplicii
2912 5141 3113 5198 prazses
3147 5127 3497 5196 impatienter

202 5239 479 5313 ἐνεγκὼν
515 5240 753 5304 ἀνεκτῶς
778 5239 886 5293 τῶν
928 5236 1220 5310 μαρτύρων
1247 5236 1345 5307 τὴν
1374 5234 1549 5306 νίκην,
1574 5238 1682 5298 τοῖς
1724 5251 1811 5288 νε-

210 5340 384 5409 κροῖς
422 5334 677 5405 ἐπολέμει
699 5333 914 5405 σώμασι
949 5345 963 5361 ·
1001 5329 1259 5392 κελεύσας
1284 5329 1416 5401 πυρὶ
1445 5328 1815 5399 παραδοθῆναι

206 5432 324 5495 τάς
362 5427 543 5491 οἰκίας
570 5427 677 5481 τῶν
704 5425 872 5496 ἁγίων
898 5422 1103 5495 ψυχῶν,
1135 5423 1227 5476 καὶ
1250 5421 1316 5475 δι’
1345 5418 1459 5484 ἐνὸς
1496 5420 1817 5489 πράγματος

213 5525 491 5594 ἐμιμεῖτο
533 5520 699 5591 ἄγρια
742 5517 907 5591 θηρία
947 5516 1039 5570 καὶ
1078 5513 1306 5586 πικροὺς
1336 5512 1551 5583 ἄνδρας.
1593 5510 1673 5563 Τὰ
1718 5509 1816 5578 μὲν

305 5706 325 5735 ²
384 5703 525 5758 Dan.
567 5719 628 5767 ιι,
671 5702 704 5756 ll
740 5717 861 5771 sqq.
907 5700 958 5755 .³
993 5696 1138 5755 l‘sal.
1178 5713 1296 5762 vm,
1333 5696 1386 5749 5.

1922 5234 2104 5288 ferens
2136 5237 2437 5298 inartyrum
2470 5223 2779 5285 victoriam,
2812 5238 2936 5276 cum
2968 5221 3237 5276 cadavere
3294 5219 3493 5273 bellum

1921 5323 2164 5397 gerebat,
2207 5320 2470 5381 nuntians
2501 5324 2559 5370 ut
2591 5322 2906 5370 sanctarum
2935 5314 3240 5367 animarum
3294 5311 3498 5369 habita.

1925 5414 2046 5469 cuia
2080 5411 2187 5482 igni
2220 5404 2778 5465 traderenturJraciu
2815 5419 2871 5457 re
2900 5413 2955 5457 et
2970 5402 3225 5459 efferatas
3261 5402 3493 5459 belluas.

1927 5513 1979 5560 et
2012 5503 2351 5558 truculentos
2392 5497 2640 5552 homines
2679 5497 2945 5559 imitatus,
2970 5508 3201 5566 quarum
3234 5494 3341 5550 illa
3363 5487 3498 5547 cliu-

1333 5695 1386 5749 5.
1468 5693 1486 5724 ⁸
1519 5694 1640 5747 Act.
1682 5704 1759 5757 ιτ,
1796 5686 1818 5740 l
1856 5703 1978 5757 sqq.
