3918 6204
372 242 379 249 ’
450 307 552 360 783
1713 275 1770 331 s.
1813 268 2142 331 cnaconu
2180 264 2473 324 NYSSENI
3611 253 3730 308 784

449 608 751 669 martyrum
784 590 1061 665 quispiam
1113 601 1238 643 eum
1290 584 1374 640 sic
1429 574 1869 669 compellaverit:
1901 570 2024 626 Non

2167 569 2313 623 ιενῶν
2361 564 2834 638 ἀναχωρησάντων
2869 560 2971 624 τὰς
3013 557 3190 619 οἰκίας
3237 550 3555 669 ἐμπιπρῶσι
3631 549 3734 669 καὶ

634 638 751 651 ......
785 638 797 647 ι
827 638 1061 661 ..--,-__-
1119 638 1235 643 -__,,
1298 638 1311 640 _
1554 638 1572 651 _

450 638 706 759 amplius,
737 701 771 740 o
803 638 971 747 fatue,
1019 678 1398 735 crudelitatem
1452 681 1602 727 tuam
1654 667 2021 759 pertimesco:

2170 656 2483 713 αταλύουσι.
2536 655 2646 708 Καί
2682 670 2767 716 τις
2802 651 2868 705 ἂν
2906 649 3014 703 τῶν
3045 645 3335 720 μαρτύρων
3371 638 3522 695 εἶπεν
3581 639 3734 693 ἐνδί-

2338 748 2353 759 ι
2469 747 2482 759 ι
2540 746 2552 759 ι
2643 745 2706 759 ιιι
2767 747 2780 759 ι
3056 742 3125 759 0,,
3156 757 3191 759 κ-
3249 735 3421 759 Q--‘._.".
3451 734 3543 759 -.ἱ-η
3579 733 3706 759 Ω-.-]

451 734 710 834 timlebam
740 774 911 837 enim,
941 769 1205 843 quamdiu
1236 765 1434 820 animae
1452 758 1756 831 congelatis
1793 755 2027 847 aderant

2169 767 2242 813 ως
2259 748 2396 819 πρὸς
2423 746 2587 802 αὐτόν
2605 761 2619 775 °
2640 745 2837 799 Οὐκέτι
2854 760 2971 809 σου,
3004 742 3220 811 μάταιε,
3246 735 3425 791 δειλιῶ
3449 734 3545 806 τὴν
3576 734 3736 804 ὠμό-

452 880 505 924 et
536 869 769 929 inerant,
806 879 875 920 ne
908 832 1225 931 magnitudo
1244 853 1586 909 cruciatuum
1610 851 1896 918 superaret
1923 839 2038 894 for-

2167 858 2289 912 ητα.
2318 838 2659 909 Ἐφοϐούμην
2690 836 2799 907 γὰρ
2829 834 3021 906 μέχρις
3049 833 3106 885 αἱ
3136 832 3305 902 ψυχαὶ
3348 832 3734 932 σμμτρρῆσαν

455 916 1030 1025 titudineinvpiorum:
1053 948 1167 1004 Hac
1223 953 1404 1001 autem
1469 937 1762 996 formidine
1798 934 2034 1002 dilapsa,

2167 933 2244 995 οἷς
2272 928 2661 999 πηγνυμένοις,
2684 928 2759 998 μὴ
2788 925 2850 978 τὸ
2889 921 3224 995 ὑπερϐάλλον
3256 920 3354 990 τῆς
3380 916 3626 988 βασάνου
3657 932 3738 1026 v‘t-

457 1062 610 1108 utere
634 1051 751 1105 luto
776 1006 975 1102 relicto
1008 1047 1173 1114 prout
1205 1037 1390 1092 voles:
1443 1029 1662 1088 etiamsi
1694 1041 1915 1083 carnem
1942 1036 2038 1077 vo-

2167 1024 2277 1096 ,ήση
2313 1022 2410 1093 τὴν
2442 1019 2692 1091 ἀνδρείαν
2730 1018 2836 1073 τῶν
2867 1014 3105 1070 εὐσεϐῶν
3140 1031 3153 1045 ·
3193 1012 3382 1065 τούτου
3410 1010 3466 1063 δὲ
3519 1006 3741 1078 παρελ-

459 1144 688 1205 raveris,
720 1154 927 1209 susque
950 1136 1124 1205 deque
1156 1131 1400 1187 habebo:
1430 1132 1637 1197 quanto
1659 1122 1803 1177 enim
1827 1117 2035 1172 rabiem

2170 1116 2319 1179 όντος
2347 1112 2440 1167 τοῦ
2467 1110 2640 1177 δέους,
2664 1110 2864 1182 χρῆσαι
2902 1106 2980 1177 τῷ
3013 1103 3368 1176 ἀπομείναντι
3410 1103 3593 1170 πηλῷ,
3630 1114 3739 1150 κα-

2180 1207 2190 1213 .
2267 1207 2287 1213 Α
2341 1207 2374 1213 .-
2549 1203 2570 1213 Α
2642 1204 2656 1213 .
2823 1202 2834 1213 ο
2979 1199 3005 1210 -ι
3226 1196 3251 1207 ·
3350 1195 3389 1213 ,9
3440 1191 3707 1213 ,__A.,-!P--

458 1235 721 1304 majorem
750 1230 984 1291 exseris,
1021 1242 1086 1282 eo
1118 1225 1242 1295 plus
1268 1218 1586 1276 abeuntium
1620 1212 1902 1269 victoriam
1927 1223 2028 1263 co-

2170 1207 2243 1270 ὼς
2263 1207 2442 1277 βούλει
2467 1222 2481 1235 ο
2507 1203 2611 1258 κᾶν
2633 1202 2915 1272 ἀπογεύσῃ
2938 1199 3045 1252 τῶν
3074 1196 3314 1268 σαρκῶν,
3339 1195 3398 1247 οὐ
3430 1191 3735 1264 φροντίζω.

2178 1301 2197 1304 Α.
2368 1297 2379 1304 .
2486 1296 2500 1304 λ
2632 1294 2658 1304 ι-
2811 1292 2835 1304 ι
2971 1288 2983 1303 ι
3157 1287 3168 1303 ι
3276 1284 3299 1304 Αν
3323 1301 3349 1304 ,μ
3366 1282 3522 1304 _'____
3604 1294 3708 1304 ..Α-

460 1284 657 1379 τοιίοεε
701 1337 825 1376 nam
884 1316 1326 1374 adversariorum
1385 1308 1579 1365 valida:
1640 1302 2032 1375 impressiones

2167 1301 2290 1369 Οσῳ
2322 1297 2431 1368 γὰρ
2462 1294 2772 1363 λυσσῶσαν
2807 1288 3072 1351 δεικνύεις
3118 1287 3217 1357 τὴν
3269 1284 3559 1354 ὠμότητα,
3604 1294 3736 1331 τοσ-

459 1416 727 1471 victorum
757 1409 1134 1467 fortitudinem
1175 1403 1466 1477 perspicuo
1491 1406 1747 1472 arguunt.

2167 1368 2283 1460 ιύτω
2320 1387 2484 1441 πλέον
2532 1385 2815 1455 στεφανοῖς
2856 1379 2965 1434 τῶν
3011 1376 3355 1432 ἀπελθόντων
3394 1370 3492 1442 τὴν
3542 1368 3731 1438 νίκην.

2879 1469 3012 1477 -..
3118 1465 3144 1476 -
3247 1464 3259 1477 .

2024 1526 2033 1534 .
2139 1481 2204 1533 Ai
2256 1457 2368 1551 γὰρ
2431 1477 2677 1546 γενναῖαι
2728 1469 3025 1543 προσϐολαὶ
3075 1465 3185 1518 τῶν
3236 1457 3732 1551 ἀντιτεταγμένων,

2142 1550 2444 1636 ἀποδείξεις
2477 1568 2722 1640 ἀκριϐεῖς
2761 1566 2859 1636 τῆς
2899 1559 3147 1633 ἀνδρείας
3178 1555 3285 1610 τῶν
3338 1550 3737 1624 κρατησάντων

2068 1676 2110 1731 Β
2139 1665 2406 1735 γίνονται.

535 1761 605 1811 At
658 1758 793 1828 quid
852 1756 1045 1828 longis
1079 1754 1371 1810 verborum
1402 1751 1728 1823 ambagibus
1786 1748 2035 1805 utimur?

2220 1754 2380 1809 Ἀλλά
2430 1753 2481 1807 τί
2514 1751 2701 1825 μακρά
2750 1746 3134 1819 διατρίϐομεν;
3186 1738 3447 1810 ’Βελέχθη
3500 1735 3576 1790 τά
3640 1733 3735 1789 σύμ

467 1846 766 1904 Combusta
841 1855 972 1903 sunt
1026 1860 1282 1916 corpora,
1309 1860 1482 1914 eaque
1545 1842 1761 1898 flamma
1799 1843 2033 1911 excepit.

2167 1865 2308 1914 ιατα,
2337 1846 2431 1902 καὶ
2457 1846 2519 1899 τὸ
2546 1844 2657 1915 πῦρ
2679 1841 2815 1897 αὑτά
2843 1838 3132 1903 διεδέξατο.
3154 1834 3267 1906 Τὴν
3292 1833 3349 1887 δὲ
3384 1831 3536 1885 κόνιν
3584 1828 3725 1882 Exsi-

465 1938 692 1995 Cineres
749 1953 880 1993 vero
937 1937 1019 1991 illi
1057 1945 1125 1992 'et
1159 1935 1397 1991 incendii
1456 1935 1701 2005 reliquiae
1731 1934 1787 1988 in
1851 1933 2038 1988 orbem

2167 1952 2259 2012 ην,
2286 1940 2382 1993 καὶ
2407 1938 2508 2009 τῆς
2530 1936 2760 2007 καμίνου
2781 1933 2848 1988 τὰ
2878 1931 3106 2001 λείψανα
3133 1930 3162 1982 ό
3212 1927 3415 1997 κόσμος
3435 1922 3722 1995 ἐμερίσθη-

470 2038 740 2083 terrarum
772 2029 845 2081 ita
879 2028 1071 2084 divisa:
1113 2036 1262 2093 sunt,
1294 2036 1355 2083 ut
1392 2024 1565 2083 ferme
1600 2025 1855 2097 quaelibet
1908 2034 2039 2094 pro-

2167 2011 2239 2085 :th
2273 2031 2424 2084 πάσα
2482 2028 2554 2097 γῆ
2593 2024 2777 2097 σχεδὸν
2826 2024 2939 2085 τοῖς
2992 2019 3296 2090 ἁγιάσμασι
3341 2014 3552 2078 τούτοις
3582 2011 3729 2065 stilo.

468 2118 654 2174 vincia
680 2118 1124 2176 benedictionem
1156 2118 1286 2175 inde
1310 2118 1622 2190 participet.
1659 2116 1846 2171 Habeo
1875 2122 2043 2186 etego

2167 2124 2344 2187 τεῖται.
2381 2119 2530 2190 Ἐχω
2556 2117 2712 2186 κάγὼ
2751 2114 2942 2187 μερίδα
2979 2112 3073 2168 τοῦ
3110 2112 3308 2185 δώρου,
3330 2107 3558 2163 καὶτῶν
3578 2106 3728 2177 ἐμῶν

456 2209 795 2282 .psrticulam
827 2207 1006 2281 hujus
1023 2208 1183 2266 sacri‘
1206 2210 1482 2265 muneris:
1512 2217 1567 2263 et
1582 2222 1813 2279 corpora
1845 2216 2045 2277 paren-

2167 2214 2401 2285 τατέρων
2436 2211 2506 2264 τὰ
2548 2202 2776 2281 σώματα
2800 2210 2913 2273 τοῖς
2955 2206 3062 2259 τῶν
3096 2201 3449 2275 στρατιωτῶν
3503 2197 3731 2270 παρεθέ-

469 2311 588 2356 tum
620 2314 866 2356 meorum
889 2299 1048 2371 juxta
1076 2301 1273 2356 borum
1303 2300 1539 2355 militum
1566 2299 1830 2370 reliquias
1864 2298 2044 2369 posui,

2167 2322 2259 2376 ιην
2280 2301 2553 2372 λειψάνοις
2572 2317 2586 2331 ’
2610 2300 2697 2353 ἵνα
2717 2299 2775 2352 ὲν
2796 2295 2871 2368 τῷ
2892 2293 3069 2368 καιρῷ
3094 2295 3192 2367 τῆς
3218 2292 3569 2355 ἀναστάσεως
3590 2289 3731 2360 μετὰ

469 2400 532 2447 ut
569 2399 817 2460 tempore
838 2389 1263 2446 resurrectionis
1290 2404 1415 2445 cum
1448 2389 1874 2460 opitulatoribus
1931 2388 2048 2459 spei

2167 2396 2258 2451 τῶν
2310 2392 2800 2467 εύπαρῤησιαστῶν
2839 2390 3048 2462 βοηθῶν
3078 2387 3398 2460 ὲγερθῶσιν.
3436 2381 3570 2439 Οἶδα
3601 2383 3726 2455 γὰρ,

470 2494 528 2541 et
567 2483 780 2539 fiducia:
806 2482 981 2552 plenis
1010 2492 1327 2555 resurgant.
1362 2480 1490 2538 Scio
1520 2481 1667 2537 enim
1692 2482 1818 2538 illos
1848 2496 2046 2551 posse,

2167 2490 2228 2555 bc;
2274 2489 2541 2561 ἰσχύουσι,
2591 2486 2688 2542 καὶ
2725 2486 2824 2556 τῆς
2875 2482 3187 2557 παρρησίας
3225 2480 3405 2535 αὐτῶν
3454 2479 3557 2550 τῆς
3598 2478 3730 2551 πρὸς

474 2582 529 2630 et
555 2589 664 2645 qua
704 2573 955 2627 libertate
984 2582 1039 2627 et
1067 2572 1268 2627 fiducia
1285 2571 1428 2643 apud
1449 2571 1620 2627 Deum
1645 2571 1885 2636 valeant,
1904 2570 2051 2630 dilu-

2167 2580 2286 2636 Θεὸν
2334 2582 2584 2653 ἐναργεῖς
2626 2577 2940 2646 ἐθεασάμην
2984 2574 3085 2638 τάς
3138 2571 3440 2637 ἀποδείξεις
3472 2587 3487 2601 ·
3527 2570 3621 2622 καὶ
3663 2568 3731 2638 δὴ

477 2665 604 2722 cida
639 2673 965 2738 argumenta
995 2665 1107 2722 vidi
1148 2684 1163 2722 :
1196 2681 1262 2723 ex
1303 2664 1504 2737 quibus
1525 2680 1693 2720 unum
1720 2677 2055 2721 commemo-

2167 2670 2416 2743 βούλομαι
2444 2670 2503 2723 ἐν
2531 2685 2586 2722 τι
2616 2669 2726 2721 τῶν
2748 2667 2827 2729 είς
2849 2662 3035 2735 θαῦμα
3063 2661 3361 2716 τελούντων
3389 2661 3488 2731 τῆς
3517 2658 3736 2712 ἐκείνων

478 2773 605 2813 rare
661 2758 835 2823 lubet,
899 2758 1110 2813 clarum
1159 2757 1415 2813 videlicet
1458 2757 1862 2824 testimonium,
1921 2756 2056 2829 quid

2167 2762 2435 2835 ἐνεργείας
2465 2760 2639 2814 εἰπεῖν
2661 2774 2675 2789 ’
2706 2755 2910 2831 Κώμης
2934 2757 3036 2826 τῆς
3063 2755 3189 2826 ἐμοὶ
3232 2750 3639 2825 προσηκούσης,
3678 2749 3737 2801 ὲν

479 2849 694 2905 efficere
730 2859 952 2919 queant.
989 2848 1093 2905 Est
1129 2848 1199 2903 ad
1221 2864 1309 2905 me
1339 2849 1626 2921 pertinens
1654 2849 1833 2917 vicus,
1865 2850 1921 2905 in
1947 2865 2056 2922 quo

2167 2846 2278 2929 ᾗτά
2303 2854 2410 2909 τῶν
2430 2851 2844 2926 τρισμακαρίων
2861 2849 3063 2904 τούτων
3089 2847 3471 2903 ἀναπέπαυται
3491 2843 3736 2914 λείψανα,

479 2940 927 2998 beatissimorum
995 2946 1298 3011 martyrum
1366 2938 1617 3010 reliquiae
1682 2940 2054 3011 requiescunt.

2158 2945 2275 3000 ἐστι
2315 2962 2400 3009 τις
2439 2944 2663 3015 πολίχνη
2703 2945 2737 3014 ή
2776 2941 2992 3012 γείτων,
3030 2940 3233 3012 Ἴϐωρα
3263 2937 3520 2993 καλοῦσιν
3548 2935 3737 3005 αὐτην.

480 3030 600 3087 Non
631 3031 820 3103 procul
847 3030 998 3087 abest
1027 3044 1197 3102 parva
1231 3030 1449 3098 civitas,
1476 3046 1642 3102 quam
1675 3032 1889 3087 lboram
1918 3033 2061 3088 voci-

2174 3036 2260 3092 Ἐν
2288 3034 2351 3109 δὴ
2386 3035 2580 3107 ταύτῃ,
2635 3034 2775 3089 κατά
2824 3032 2915 3087 τὸν
2948 3032 3151 3105 συνήθη
3205 3029 3499 3101 Ῥωμαίοις
3542 3027 3740 3097 νόμον,

483 3131 624 3179 tant.
656 3125 716 3179 in
750 3123 856 3177 hac
888 3136 1015 3178 cum
1054 3136 1123 3177 ex
1165 3129 1384 3192 recepta
1415 3119 1788 3178 Romanorum
1827 3138 2062 3181 consue-

480 3217 673 3272 tudine
703 3229 905 3271 census
929 3213 1161 3269 militum
1188 3208 1591 3281 institueretur,
1612 3215 1832 3285 quidam
1864 3231 1928 3272 ex
1960 3216 2065 3271 mi-

483 3308 673 3365 litibus
698 3306 767 3362 ad
794 3305 1114 3377 pmdictum
1145 3304 1327 3363 vicum
1362 3308 1532 3371 venit,
1562 3321 1593 3361 a
1626 3306 1845 3362 tribuno
1867 3306 1933 3361 ad
1969 3322 2065 3362 cu-

485 3401 718 3455 stodiam
749 3398 854 3454 vici
888 3397 1220 3464 destinatus,
1251 3405 1313 3454 ut
1345 3398 1784 3452 commilitonum
1836 3412 2063 3452 suorum

484 3491 798 3547 invasiones
822 3498 877 3546 et
903 3489 1136 3560 injurias
1159 3489 1529 3561 propulsaret,
1562 3504 1703 3559 quas
1731 3489 1933 3545 milites
1970 3504 2065 3543 ru-

485 3575 716 3630 sticanis
737 3574 995 3629 audacter
1042 3572 1246 3629 inferre
1283 3573 1483 3631 solent.
1514 3572 1838 3645 IEgrotabat
1883 3581 2065 3628 autem

488 3668 591 3721 iste
622 3667 794 3721 altero
839 3665 995 3737 pede,
1028 3672 1083 3720 et
1112 3665 1489 3721 claudicabat:
1583 3674 1807 3736 erat‘que
1852 3666 2066 3721 affectio

487 3759 747 3812 diuturna
775 3765 830 3814 et
860 3756 1298 3813 immedicabilis.
1329 3756 1502 3813 Porro
1529 3767 1819 3829 postquam
1851 3758 1907 3813 in
1923 3774 2069 3814 mar-

489 3848 630 3919 tyrio
657 3852 711 3904 et
732 3850 786 3904 in
811 3850 933 3904 loco
959 3849 1316 3918 requietionis
1335 3850 1664 3905 Sanctorum
1695 3848 1819 3917 fuit,
1851 3864 2069 3920 preces‘

488 3955 595 4009 que
622 3939 691 3994 ad
740 3941 906 3995 Deum
937 3939 1109 4007 fudit,
1143 3940 1471 3996 Sanctorum
1524 3955 1742 4012 quoque
1807 3941 2069 3996 interces-

488 4033 700 4089 sionem
752 4030 1085 4102 imploravit,
1145 4038 1200 4087 et
1230 4046 1359 4088 ecce
1417 4039 1584 4088 noctu
1623 4042 1851 4104 apparet
1895 4033 1946 4088 ei
1985 4033 2069 4089 vir

486 4123 799 4180 veneranda
833 4122 1034 4193 specie,
1064 4133 1117 4179 et
1145 4132 1271 4196 post
1294 4126 1421 4192 alia,
1439 4139 1560 4195 qua:
1575 4124 1734 4192 dixit,
1750 4125 2065 4192 Claudicas,

489 4215 588 4279 ait,
615 4230 649 4269 ο
673 4214 852 4282 miles,
895 4224 949 4271 et
977 4216 1261 4272 curatione
1303 4216 1470 4288 eges?
1505 4215 1600 4273 sed
1630 4216 1722 4283 da,
1758 4225 1819 4273 ut
1851 4227 2067 4289 tangam

490 4303 707 4403 pedem.
743 4303 815 4403 Et
836 4306 1235 4386 apprehensum
1271 4307 1330 4362 in
1369 4309 1577 4403 somnis
1628 4308 1816 4379 pedem
1853 4307 2069 4363 fortiter
2097 4347 2142 4403 υ

491 4395 737 4452 attraxit.
773 4394 840 4450 Et
873 4410 997 4454 cum
1050 4404 1319 4453 nocturna
1346 4397 1485 4454 visio
1515 4398 1620 4453 hoc
1673 4397 1894 4461 faceret,
1929 4397 2067 4468 vigi-

491 4483 732 4540 lantibus
762 4485 886 4539 talis
916 4485 1189 4540 excitatus
1210 4495 1293 4541 est
1323 4486 1559 4551 sonitus,
1592 4485 1774 4557 qualis
1802 4485 2069 4541 exsistere

489 4576 650 4643 solet,
705 4590 921 4633 esseea
980 4578 1219 4631 naturali
1249 4592 1350 4633 sua
1406 4579 1536 4635 sede
1571 4579 1806 4644 revulso,
1875 4577 2072 4635 deinde

489 4668 762 4723 violenter
783 4668 1035 4724 restituto
1069 4686 1085 4735 ;
1115 4677 1175 4722 ut
1205 4669 1379 4735 etilli,
1432 4671 1525 4742 qui
1557 4686 1664 4725 una
1697 4669 2063 4737 dormiebant,

489 4757 939 4829 expergefierent,
976 4765 1033 4813 et
1072 4758 1190 4828 ipse
1225 4761 1392 4814 etiam
1437 4761 1596 4817 miles
1640 4759 1931 4817 confestim
1977 4775 2068 4817 so-

491 4864 622 4906 mno
655 4850 983 4916 solveretur,
1016 4865 1294 4921 sanusque
1321 4864 1473 4908 more
1503 4853 1732 4909 aliorum
1766 4851 2067 4909 incederet.

491 4941 611 4997 iloc
645 4942 969 4998 miraculum
999 4957 1103 5014 ego
1139 4944 1259 5015 ipse
1286 4944 1420 5009 vidi,
1445 4958 1570 5000 cum
1597 4946 1718 5016 ipso
1751 4943 1923 5000 milite
1938 4961 2065 5001 ver-

492 5040 667 5098 satus,
708 5033 802 5102 qui
836 5032 1038 5104 ubique
1060 5042 1115 5089 et
1173 5034 1315 5105 apud
1342 5049 1531 5090 omnes
1579 5035 1683 5090 hoc
1738 5035 2065 5092 beneficium

491 5138 522 5176 a
559 5123 896 5194 martyribus
935 5132 1219 5195 acceptum
1265 5124 1596 5196 divulgabat,
1627 5133 1682 5180 et
1708 5127 2063 5195 prmdicabat,

491 5223 545 5271 ct
588 5216 1020 5273 commilitonum
1049 5231 1274 5273 suorum
1308 5217 1701 5289 benignitatem
1731 5218 2063 5275 celebrabat.

567 5396 627 5452 Si
654 5412 786 5452 vero
813 5398 964 5468 quid,
987 5393 1147 5467 'qnod
1181 5413 1266 5452 me
1313 5398 1576 5467 peculiari
1615 5399 1776 5454 modo
1809 5401 2063 5472 attingat,

493 5500 765 5558 apponere
826 5495 1071 5557 oportet,
1131 5488 1277 5542 haud
1327 5488 1597 5543 omittam.
1626 5488 1859 5555 Quando
1917 5492 2061 5546 enim

494 5578 731 5645 primum
761 5576 960 5634 festum
988 5578 1131 5634 diem
1157 5580 1227 5634 ob
1257 5580 1517 5649 reliquias
1545 5581 1721 5634 acturi
1749 5595 1990 5645 eramus,
2009 5592 2062 5638 et

494 5680 686 5721 urnam
724 5669 777 5723 in
811 5677 1056 5725 sanctam
1093 5670 1379 5726 ecclesiam
1412 5671 1652 5737 illaturi,
1704 5680 1875 5729 mater
1919 5690 2057 5741 mea,

2163 3128 2463 3197 καταλόγου
2498 3123 2845 3199 στρατιωτῶν
2869 3124 3165 3194 διάγοντος,
3215 3116 3295 3187 εἷς
3331 3139 3419 3185 τις
3458 3120 3563 3174 τῶν
3584 3118 3743 3173 ὁπλι-

2162 3216 2271 3273 τῶν
2292 3217 2384 3269 ὲπὶ
2422 3216 2518 3286 τὴν
2552 3215 2745 3287 κώμην
2764 3212 2862 3286 τὴν
2884 3210 3269 3285 προλεχθεῖσαν
3300 3212 3526 3282 ἀφίκετο
3546 3252 3561 3275 ,
3594 3209 3743 3281 πρὸς

2166 3305 2412 3379 φυλακὴν
2462 3304 2556 3359 τοῦ
2604 3302 2803 3377 χωρίου
2852 3303 3003 3375 παρά
3049 3301 3139 3356 τοῦ
3194 3300 3481 3372 ταξιάρχου
3524 3298 3702 3362 δοθείς
3726 3317 3742 3331 ο

2166 3400 2252 3453 ἵνα
2296 3398 2405 3452 τῶν
2458 3396 2871 3468 συστρατιωτῶν
2914 3393 3107 3448 ἑαυτοῦ
3139 3392 3241 3456 τὰς
3293 3393 3473 3464 ὁρμάς
3512 3391 3604 3445 καὶ
3642 3390 3748 3453 τὰς

2167 3488 2351 3563 ὕϐρεις
2384 3490 2646 3561 ἀνείργῃ,
2670 3486 2736 3553 ἃς
2772 3484 3026 3541 εἰώθασιν
3056 3485 3281 3554 ἐπάγειν
3311 3486 3425 3546 τοῖς
3462 3481 3749 3553 ἀγροίκοις

2168 3577 2272 3636 ὕπὸ
2300 3582 2533 3653 θράσους
2575 3585 2625 3635 οἱ
2669 3579 3062 3643 ὁπλιτεύοντες.
3117 3577 3317 3632 Ἐνόσει
3359 3576 3415 3630 δὲ
3452 3569 3607 3637 οὗτος
3652 3575 3749 3629 τὸν

2166 3672 2351 3746 ἕτερον
2382 3677 2494 3728 τοῖν
2540 3673 2739 3738 ποδοῖν,
2771 3675 2865 3727 καὶ
2889 3671 3154 3744 ὲχώλευε·
3187 3670 3273 3724 καὶ
3294 3668 3352 3720 τὺ
3381 3665 3549 3729 πάθος
3583 3666 3751 3736 αὐτῷ

2164 3765 2378 3837 χρόνιον
2408 3765 2502 3819 καὶ
2538 3764 2789 3817 δυσίατον
2812 3759 2901 3836 ἦν.
2949 3764 3102 3816 Ἐπεὶ
3147 3761 3200 3814 δὲ
3230 3759 3371 3822 ὲντὺς
3397 3756 3618 3826 ἐγένετο
3649 3756 3749 3809 τοῦ

2170 3856 2469 3929 μαρτυρίου
2494 3857 2587 3910 καὶ
2614 3857 2713 3928 τῆς
2737 3855 3097 3919 ἀναπαύσεως
3124 3853 3231 3907 τῶν
3259 3852 3451 3919 ἁγίων,
3487 3850 3583 3903 καί⁵
3620 3848 3751 3919 Θεῷ

2170 3947 2631 4019 προσευξάμενος,
2673 3948 2773 4019 τὴν
2809 3948 2917 4002 τῶν
2950 3947 3119 4016 ἁγίων
3149 3946 3444 4019 πρεσϐείαν
3476 3944 3746 3997 ἐπεκαλέ-

2170 4050 2302 4095 σατο
2326 4056 2340 4071 ·
2379 4039 2596 4113 νύκτωρ
2624 4039 2771 4111 αὐτῷ
2814 4038 3062 4110 φαίνεταί
3091 4056 3177 4102 τις
3206 4039 3348 4110 ἀνὴρ
3383 4037 3745 4108 ἀξιοπρεπὴς.

2170 4131 2262 4188 καί
2310 4148 2432 4185 τινα
2464 4130 2598 4187 ἄλλα
2647 4130 2970 4201 διαλεχθεὶς,
3010 4127 3360 4193 «Χωλεύεις,
3410 4147 3429 4180 ο
3462 4127 3584 4197 ἔφη,
3622 4146 3647 4177 ‹
3703 4121 3748 4179 ὦ

2172 4223 2496 4297 στρατιῶτα,
2547 4223 2642 4278 καὶ
2694 4222 2777 4277 δεῖ
2820 4240 2901 4277 σοι
2955 4221 3287 4295 θεραπείας;
3333 4220 3472 4276 ἀλλά
3520 4219 3603 4283 δός
3657 4235 3748 4290 μοι

2168 4315 2485 4386 ψηλαφῆσαι
2528 4314 2616 4369 τδν
2670 4312 2825 4368 πόδα.
2861 4333 2880 4366 ι
2928 4313 3239 4384 Λαϐόμενος
3277 4312 3335 4366 δὲ
3365 4313 3499 4384 ὄναρ
3543 4309 3745 4374 αὐτοῦ,

2172 4405 2413 4477 σφοδρῶς
2437 4402 2941 4475 ὲφειλκύσατο.Τῆς
2962 4403 3017 4456 δὲ
3042 4402 3361 4475 νυκτερινῆς
3385 4401 3560 4471 ὅψεως
3591 4401 3748 4455 τοῦτο

2166 4496 2427 4568 ποιούσης
2460 4536 2474 4561 ,
2502 4496 2648 4567 ῦπαρ
2690 4493 3006 4567 τηλικοῦτος
3057 4494 3275 4563 ἐγένετο
3315 4493 3509 4563 ψόφος,
3542 4488 3657 4556 οἶος
3683 4494 3745 4545 ἄν

2166 4587 2593 4656 γένοιτο,όστέου
2618 4588 2715 4659 τῆς
2739 4587 2974 4658 φυσικῆς
2995 4587 3260 4659 ἁρμονίας
3280 4585 3744 4656 ἐξολισθήσαντος,

2167 4672 2287 4731 εἶτα
2327 4678 2515 4749 βιαίως
2547 4678 2992 4751 ὲναρμοσθέντοςο
3016 4677 3157 4731 ὥστε
3187 4676 3493 4746 ἀφυπνίσαι
3514 4677 3610 4729 καὶ
3625 4673 3745 4736 τοὺέ

2172 4770 2635 4840 συγκαθεύδοντας
2675 4770 2769 4824 καὶ
2820 4770 2982 4825 αὐτὸν
3010 4768 3099 4823 τὸν
3144 4766 3483 4840 στρατιώτην
3504 4806 3521 4831 ,
3546 4768 3743 4837 διεγερ-

2167 4860 2324 4932 θῆναι
2374 4861 2430 4914 δὲ
2473 4861 2565 4914 τὸν
2615 4860 2900 4932 ἄνθρωπον
2954 4859 3136 4926 εὐθὺς,
3162 4860 3258 4913 καὶ
3311 4857 3554 4929 βαδίζειν
3587 4858 3740 4926 ὑγιεῖς

2167 4952 2308 5006 κατά
2336 4952 2517 5023 φύσιν,
2542 4951 2617 5016 ὡς
2640 4956 2659 4975 ⁶
2686 4951 2894 5006 εἴωθεν.
2918 4951 3134 5024 Ταύτην
3175 4951 3269 5024 τὴν
3303 4951 3736 5023 θαυματουργίαι

2167 5037 2307 5096 εἶδον
2336 5043 2475 5112 ἐγὼ,
2499 5043 2648 5116 αύτῷ
2694 5042 2774 5115 τῷ
2820 5043 3092 5116 ἀνθρώπῳ
3124 5042 3438 5116 περιτυχὼν
3494 5040 3744 5113 ἐξαγγέλ-

2165 5132 2311 5188 λοντι
2360 5134 2494 5205 πρὸς
2540 5136 2768 5199 πάντας,
2817 5136 2911 5189 καὶ
2967 5135 3289 5208 κηρύττοντι
3322 5136 3423 5206 τὴν
3457 5135 3745 5208 μαρτύρων

2165 5228 2504 5298 εὐεργεσίαν,
2527 5230 2621 5281 καὶ
2665 5230 2763 5298 τὴν
2795 5228 2903 5281 τῶν
2937 5228 3285 5300 στρατιωτῶν
3333 5228 3742 5303 φιλανθρωπίαν

2163 5318 2262 5372 ἅνυ
2273 5316 2509 5388 μνοῦντι.

2235 5408 2300 5462 El
2338 5409 2393 5463 δέ
2438 5427 2490 5463 τι
2523 5410 2627 5483 χρὴ
2678 5413 2992 5484 προσθεῖναι
3048 5413 3141 5466 καὶ
3176 5411 3284 5466 τῶν
3326 5415 3452 5466 κατ’
3478 5408 3753 5482 ἐξαίρετόν

2175 5515 2264 5570 μοι
2292 5500 2693 5570 προσηκόντων,
2720 5500 2853 5571 ἐρῶ.
2896 5502 3085 5556 Ἡνίκα
3123 5502 3232 5573 γὰρ
3260 5502 3358 5573 τὴν
3391 5505 3487 5557 ἐπὶ
3505 5504 3606 5564 τοῖς
3631 5500 3753 5554 λει-

2136 5672 2139 5675 _
2170 5590 2359 5659 ψάνοις
2392 5593 2697 5664 πανήγυριν
2723 5592 2818 5663 τὴν
2844 5593 3064 5664 πρώτην
3101 5593 3272 5647 τελεῖν
3297 5595 3613 5667 ἐμέλλομεν,
3639 5594 3760 5647 κὰν

2172 5682 2249 5755 τῷ
2278 5684 2415 5758 ἁγίῳ
2457 5685 2607 5757 σηκῷ
2653 5686 2947 5740 ἀναπαύειν
2984 5686 3082 5758 τὴν
3130 5687 3396 5757 λάρνακα,
3430 5691 3464 5761 ἡ
3499 5690 3679 5761 μήτηρ
3723 5689 3759 5759 ἡ
