3918 6204
1343 362 1411 418 ΙΝ
1441 364 1940 432 QUADRACINTA
1981 377 2383 438 MARTYRES.

3367 389 3463 446 786

196 459 358 561 gini--
392 457 535 572 αὔξη
565 458 817 572 ’γὰρ’ἦν.
844 465 1003 572 ἡ..τῷ
1033 467 1151 540 Θεῷ
1198 474 1502 544 συνάγουσα
1558 483 1651 536 καὶ
1695 502 1778 539 κο-

1893 490 2077 561 (hujus
2103 494 2247 548 enim
2284 496 2388 549 vita
2423 511 2546 552 cum
2587 498 2695 555 Deo
2727 508 2867 565 erat,
2899 516 3019 572 qua:
3049 499 3211 555 etiam
3248 514 3462 557 omnem

199 551 416 663 σμοῦῖα
433 551 533 663 τὴν
559 553 773 662 ἑορτήν·
794 558 851 627 ή’
870 558 929 610 δὲ
958 560 1112 632 ἥκειν
1132 580 1197 633 με
1222 566 1358 636 πρὸς
1379 568 1476 642 τὴν
1502 577 1778 643 μετουσίαν

1986 551 2003 561 .
2536 551 3018 572 νη-----,,,-η
3051 551 3166 555 ----
3258 551 3400 557 -

1893 580 2035 637 diem
2069 584 2265 640 festum
2291 587 2486 643 eximie
2507 592 2758 663 ornabat)
2808 591 2974 662 jussit
3032 605 3119 644 me
3172 589 3238 643 ad
3281 603 3464 649 rerum

194 642 306 695 τῶν
338 643 637 716 δρωμένων
663 647 938 715 ἐκέλευσε,
966 652 1156 724 πόρρω
1184 674 1242 709 τε
1282 658 1555 730 διάγοντα,
1588 668 1681 720 καὶ
1712 668 1791 723 ἔτι

196 734 317 786 νέον
341 734 493 798 ὄντα,
509 738 609 791 κάν
624 740 738 803 τοῖς
761 739 971 806 λαῖκοῖς
996 741 1422 818 ἀριθμούμενον.
1446 747 1546 807 Οἴα
1569 755 1623 809 δὲ
1648 759 1791 828 φιλεῖ

196 827 447 918 γίνεσθαι
481 829 573 882 ἐπὶ
604 832 895 903 πράγμασι
948 840 1399 907 κατεπείγουσιν,
1431 846 1657 918 ἄσχολος
1690 850 1787 917 ὢν,

198 915 503 1012 βαρύτερον
529 921 558 972 6
585 921 812 991 ἀνόητος
840 924 1109 998 ἐδεξάμην
1140 929 1237 1001 τὴν
1274 932 1484 1005 κλῆσιν,
1504 915 1788 1012 Πύπομεμέ

195 1008 442 1104 ψάμενος
462 1014 537 1104 τῇ
567 1013 756 1084 μητρὶ.
779 1015 860 1069 ὅτι
894 1018 969 1088 μὴ
998 1021 1078 1083 είς
1105 1020 1261 1077 ἄλλον
1284 1027 1474 1098 καιρὸν
1497 1008 1789 1104 ὑπερέθετο

194 1099 294 1196 την
330 1102 673 1196 πανήγυριν,
706 1105 843 1160 ἀλλά
874 1125 942 1178 με
983 1110 1192 1166 πολλῶν
1220 1099 1791 1196 ἀποκινήσασαψφρον-

195 1191 375 1255 τίδων,
408 1193 730 1262 μεθείλκυσε
763 1198 960 1271 ταύτῃ,
999 1203 1094 1256 καὶ
1131 1206 1238 1277 πρὸ
1267 1210 1395 1279 μιᾶς
1415 1212 1516 1283 τῆς
1548 1191 1785 1273 συνόδου.

209 1283 515 1355 Ἀφικόμην
563 1289 643 1352 είς
686 1288 746 1343 τό
794 1293 995 1364 χωρίον
1024 1312 1037 1325 ·
1077 1301 1403 1371 παννυχίδος
1434 1304 1490 1358 δὲ
1516 1305 1683 1380 οὔσης
1732 1312 1788 1364 ἐν

195 1376 360 1471 κήπῳ
385 1376 563 1471 ,ᾏένοα
624 1380 719 1433 καὶ
782 1382 850 1436 τὰ
902 1383 1129 1455 λείψανα
1166 1390 1275 1444 τῶν
1310 1394 1480 1463 ἁγίων
1524 1376 1787 1471 ἐτύγχανε

193 1465 537 1537 eameam;
571 1474 880 1542 τιμώμενα,
915 1477 1040 1547 ἐμοὶ
1100 1480 1325 1553 πλησίον
1369 1486 1461 1540 ὲπί
1493 1465 1784 1555 τινοςῧδω-

199 1555 389 1624 ματίου
450 1558 764 1615 καθεύδοντι
835 1565 1085 1632 φαίνεται
1141 1568 1275 1641 ὄναρ
1344 1572 1466 1643 ὄψις
1515 1577 1737 1650 τοιαύτη
1769 1595 1783 1610 ο

198 1644 451 1701 Ἐδόκουν
472 1648 996 1719 βούλεσθαιείσιέναι
1028 1660 1085 1713 ἐν
1108 1660 1187 1732 τῷ
1217 1664 1398 1735 κήπῳ,
1425 1665 1549 1720 ἔνθα
1582 1644 1786 1744 ὔπαρνή

194 1742 459 1811 παννυχὶς
492 1743 743 1802 ἐτελεῐτο.
767 1747 1047 1822 Γενομένῳ
1082 1753 1138 1806 δέ
1185 1772 1275 1826 μοι
1307 1759 1434 1830 περὶ
1455 1760 1554 1830 τὴν
1594 1742 1781 1831 Οὐραν,

190 1829 400 1927 πλῆθος
420 1832 574 1927 ῶφθη
602 1839 948 1906 στρατιωτῶν
984 1829 1437 1917 προσκαθήμενοι]
1465 1829 1531 1921 τῇ
1558 1829 1779 1927 εἰσόδῳ·
1819 1842 1857 1896 Β

187 1921 395 1993 ἀθρόον
416 1923 470 1977 δὲ
503 1928 551 1978 οί
582 1927 780 1993 πάντες
806 1930 1214 2006 διαναστάντες,
1244 1939 1473 2010 ῥάϐδους
1500 1921 1785 1998 ἐπανατει-

187 2015 445 2084 νόμενοι,
480 2020 572 2073 καὶ
604 2022 974 2094 ἀπειλητικῶς
1033 2030 1413 2104 ἐφορμῶντες,
1449 2035 1511 2089 οὖ
1547 2034 1784 2108 συνεχώ-

188 2122 324 2197 pem
357 2107 457 2176 τὴν
494 2110 697 2165 εἴσοδον
723 2129 737 2143 ·
763 2113 953 2169 ἔλαϐον
978 2117 1104 2172 δ’ἂν
1144 2122 1238 2175 καὶ
1270 2122 1504 2193 πληγάς,
1534 2126 1582 2177 εί
1612 2107 1784 2197 μήνμε

185 2192 290 2261 εἷς,
309 2198 389 2262 ὡς
409 2198 643 2265 ἐδόκουν,
668 2204 1076 2280 φιλανθρωπότε
1085 2229 1175 2285 ρος
1203 2192 1518 2287 ἐξῃτήσατο.
1537 2192 1625 2281 Ὠς
1642 2192 1697 2271 δέ
1716 2192 1783 2288 με

183 2289 214 2341 6
246 2288 421 2355 ὕπνος
449 2293 651 2365 ἀφῆκε,
680 2298 773 2350 καὶ
825 2294 987 2370 ἦλθον
1033 2305 1113 2381 είς
1152 2305 1520 2379 ἀναλογισμὸν
1549 2309 1646 2381 τῆς
1691 2311 1784 2363 ἐπὶ

184 2384 252 2455 τῇ
289 2382 488 2455 κλήσει
542 2387 934 2461 πλημμελείας,
967 2376 1215 2468 ᾐσθόμην
1254 2376 1355 2470 μὲν
1387 2376 1468 2464 είς
1497 2400 1547 2454 τί
1588 2376 1782 2471 ἐφερεν

183 2478 217 2544 ἡ
264 2476 378 2530 τῶν
430 2482 774 2550 στρατιωτῶν
827 2486 1088 2554 ἐπίφοϐος
1139 2492 1377 2553 όπτασία
1404 2510 1418 2523 ·
1466 2492 1680 2556 πολλοῖς
1725 2492 1782 2554 δὲ

188 2567 412 2640 Θρήνοες
428 2571 719 2646 ὡδυρόμην
739 2576 838 2646 τὴν
855 2579 1096 2649 ἐμαυτοῦ
1131 2584 1469 2655 ματαιότητα
1494 2601 1507 2613 '
1528 2583 1620 2640 ml
1646 2583 1778 2655 αὐτῇ

185 2675 247 2727 γε
267 2662 333 2731 τῇ
369 2661 512 2735 θήκῃ
540 2664 649 2720 τῶν
673 2664 940 2737 λειψάνων
967 2672 1164 2744 πικρὸν
1186 2674 1495 2746 ἐπέρρευσα
1525 2675 1778 2744 δάκρυον,

187 2752 274 2804 ἴνα
305 2770 402 2823 μοι
433 2757 463 2809 6
491 2756 624 2822 Θεός
654 2776 714 2812 τε
736 2761 982 2832 εὐμενῶς
1005 2763 1236 2837 ἐχῃ,καὶ
1266 2768 1315 2823 οἱ
1337 2769 1481 2838 ἅγιοι
1513 2765 1775 2838 στρατιῶο

186 2861 274 2899 ται
303 2846 408 2917 τὴν
438 2849 749 2921 ἀμνηστίαν
777 2855 1133 2931 χαρίσωνται.

253 3040 451 3097 Ταῦτα
477 3035 650 3111 εἷπον,
687 3044 775 3100 ἵνα
810 3049 1142 3119 πεισθῶμεν,
1167 3051 1248 3105 ὅτι
1282 3050 1449 3117 ζῶσιν
1496 3058 1543 3110 οί
1576 3057 1777 3131 μάρτυ-

1892 679 2253 745 gerendarum
2284 681 2754 750 participationem
2816 685 3022 739 venire.
3067 685 3135 737 At
3168 698 3291 737 cum
3338 695 3463 750 pro-

1890 766 1981 819 cul
2019 768 2290 834 abessem,
2349 772 2529 828 adhuc
2581 776 2826 844 juvenis,
2866 777 2996 832 etin
3053 775 3318 830 laicorum
3373 787 3463 825 or-

1889 858 2036 922 dine,
2069 870 2230 930 prout
2259 861 2374 917 fieri
2405 867 2691 921 consuevit
2716 867 2769 921 in
2798 867 2960 923 rebus
3002 865 3344 934 urgentibus,
3371 877 3463 915 oc-

1890 952 2276 1021 cupationibus
2320 953 2608 1021 distentus,
2653 959 2876 1028 gravius
2935 957 3273 1013 vocationem
3328 955 3464 1009 insi-

1888 1042 2046 1112 piens
2071 1047 2279 1116 accepi,
2307 1047 2684 1106 subaccusans
2720 1063 2969 1113 matrem,
2993 1048 3139 1120 quod
3166 1049 3307 1101 hanc
3320 1045 3459 1100 cele-

1889 1134 2141 1191 britatem
2170 1137 2223 1192 in
2251 1139 2395 1194 aliud
2431 1151 2643 1211 tempus
2691 1157 2799 1197 non
2851 1142 3199 1207 distulisset,
3229 1139 3324 1195 sed
3376 1152 3464 1191 me

1888 1242 1919 1282 a
1953 1229 2119 1283 variis
2170 1231 2403 1300 negotiis
2456 1233 2791 1290 abstractum
2845 1234 2953 1289 huc
3006 1233 3346 1294 abduxisset,
3407 1236 3462 1283 et

1887 1319 2105 1388 quidem
2140 1332 2264 1377 ante
2296 1324 2459 1379 ullam
2503 1326 2794 1396 synodum.
2832 1324 2966 1381 chi
3000 1340 3130 1395 ergo
3154 1325 3206 1377 in
3238 1338 3457 1392 pagum.

1887 1409 1955 1464 Et
1984 1428 2106 1466 eum
2136 1416 2479 1485 pervigilium
2524 1418 2769 1473 obiretur
2809 1419 2863 1473 in
2913 1418 3093 1479 horto,
3149 1415 3237 1469 ubi
3296 1415 3459 1468 etiam

1889 1499 2215 1577 Sanctorum
2258 1508 2502 1577 reliquiae
2552 1510 2777 1579 psalmis
2839 1509 3273 1570 honorabantur,
3325 1503 3458 1558 mihi

1886 1597 1942 1651 in
1974 1597 2158 1651 vicina
2187 1598 2417 1654 tedicula
2466 1601 2756 1656 dormienti
2794 1600 3107 1671 hujusmodi
3157 1596 3457 1654 secundum

1886 1689 2121 1759 quietem
2143 1692 2472 1747 visioohlata
2490 1702 2597 1749 est:
2632 1692 2872 1749 Videbar
2905 1693 3109 1747 intrare
3131 1691 3185 1745 in
3216 1690 3455 1750 hortum,

1888 1782 1979 1835 ubi
2029 1784 2370 1853 pervigilium
2414 1787 2694 1855 agebatur.
2741 1785 2805 1839 Et
2835 1801 2959 1839 cmn
2987 1784 3053 1838 ad
3087 1785 3229 1837 fores
3256 1795 3486 1848 essem,.

1887 1874 2138 1942 apparuit
2194 1873 2481 1929 multitudo
2534 1876 2761 1928 militum
2829 1874 2899 1929 ad
2954 1873 3235 1929 introitum
3295 1882 3459 1925 excu-

1887 1964 2157 2026 bantium,
2216 1965 2308 2034 qui
2368 1981 2398 2020 e
2455 1966 2685 2035 vestigio
2738 1973 3111 2032 assurgentes,
3170 1963 3460 2030 virgasque

1885 2054 2215 2123 quatientes,
2252 2062 2306 2108 et
2335 2055 2655 2109 minabundi
2692 2055 2745 2108 in
2790 2070 2877 2109 me
2910 2055 3200 2116 irruentes,
3251 2049 3457 2103 aditum

1884 2159 1994 2197 non
2022 2143 2429 2198 concedebant:
2467 2144 2601 2215 quin
2631 2153 2685 2199 et
2724 2146 2914 2215 plagas
2948 2143 3311 2212 accepissem,
3351 2138 3459 2194 nisi

1884 2232 2266 2302 deprecatione
2308 2236 2493 2299 unius,
2532 2235 2647 2305 qui,
2680 2244 2739 2289 ut
2770 2233 3077 2300 videbatur,
3118 2232 3332 2287 caeteris
3365 2230 3461 2284 hn-

1882 2324 2098 2397 manior
2133 2332 2272 2389 erat,
2324 2335 2545 2396 ereptus
2577 2326 2821 2381 fuissem.
2881 2323 2990 2379 Ubi
3059 2338 3190 2379 vero
3230 2336 3458 2378 somnus

1883 2432 1969 2472 me
1993 2418 2232 2487 reliquit,
2283 2419 2448 2488 inque
2478 2421 2797 2475 memoriam
2854 2416 3127 2481 revocavi,
3160 2431 3281 2485 qum
3307 2415 3459 2473 circa

1881 2512 2220 2565 vocationem
2254 2510 2616 2580 deliqueram,
2659 2520 2774 2564 tum
2823 2509 2957 2579 quid
3004 2508 3256 2568 terrilica,
3309 2507 3454 2561 mili»

1880 2609 1993 2654 tum
2020 2601 2292 2669 apparitio
2327 2601 2430 2655 sibi
2460 2601 2643 2665 vellet,
2705 2599 2983 2655 intellexi:
3039 2597 3225 2661 multis
3272 2605 3455 2655 autem

1878 2688 2135 2760 lacrymis
2167 2687 2358 2743 deﬂevi
2387 2704 2564 2744 meam
2603 2688 3004 2760 insipientiam,
3040 2688 3327 2758 ipsamque
3364 2699 3455 2739 sa-

1875 2794 2096 2843 crarum
2123 2780 2482 2851 reliquiarum
2509 2781 2720 2839 thecam
2751 2782 3007 2854 lacrymis
3034 2778 3237 2835 amaris
3266 2791 3454 2846 aSper-

1878 2873 1946 2936 si,
1980 2880 2040 2928 ut
2068 2882 2121 2927 et
2156 2872 2324 2929 Deum
2360 2874 2495 2928 mihi
2539 2873 2914 2944 propitiat-em,
2955 2879 3072 2935 et,a
3101 2870 3309 2933 sanctis
3352 2867 3456 2923 mi-

1878 2964 2068 3020 litibus
2089 2966 2369 3022 commissi
2403 2965 2733 3020 oblivionem
2768 2965 3097 3020 obtinerem.

1944 3054 2072 3111 Haec
2106 3056 2498 3123 recensuerim,
2535 3065 2594 3112 ut
2628 3056 2918 3112 credamus
2951 3062 3218 3127 martyres
3245 3053 3450 3118 vivere,

188 3148 299 3201 ρες,
329 3133 430 3241 καὶ
462 3134 570 3237 εἰσὶ
604 3136 753 3241 “Θεοῦ
792 3139 1079 3212 δορυφόροι
1099 3181 1112 3205 ,
1160 3142 1255 3196 καὶ
1285 3143 1563 3216 πάρεδροι,
1592 3148 1640 3201 οί
1682 3149 1778 3218 σή-

1881 3158 1931 3205 et
1963 3147 2058 3204 Dei
2089 3150 2248 3220 quasi
2282 3150 2577 3220 stipatores
2610 3158 2667 3204 et
2694 3162 3007 3205 assessores
3038 3162 3180 3213 esse,
3221 3147 3310 3217 qui
3357 3146 3453 3200 ho-

189 3240 356 3296 μερον
379 3225 538 3295 ἡμῶν
564 3226 664 3298 τὴν
696 3228 1023 3302 Ἐκκλησίαν
1052 3231 1429 3304 ὠφελήσαντες
1450 3237 1542 3290 καὶ
1572 3240 1778 3310 κοσμή-

188 3332 385 3380 σαντες
414 3334 429 3349 ·
474 3316 840 3393 λαμπροτέρα
887 3321 946 3376 δὲ
984 3324 1078 3378 καὶ
1112 3324 1313 3395 μείζων
1343 3326 1480 3399 αὕτη
1519 3331 1551 3400 ή
1585 3347 1778 3384 τεσσα-

189 3406 429 3479 palmi]
456 3408 567 3462 τῶν
594 3416 645 3480 μ’
684 3411 980 3484 μαρτύρων
1002 3414 1102 3487 τὴν
1126 3419 1346 3488 μνήμην
1374 3417 1592 3489 ἔχουσα,
1617 3420 1713 3474 καὶ
1748 3422 1777 3474 6

187 3498 297 3567 μὴν
339 3500 769 3574 ἐπιφανέστερος
798 3504 905 3557 τῶν
964 3505 1172 3578 μηνῶν,
1193 3508 1287 3562 καὶ
1307 3508 1336 3561 6
1371 3508 1638 3582 μοχθηρὸς
1662 3530 1776 3583 χει-

187 3589 307 3661 μὼν
331 3592 518 3646 οὐκέτι
551 3612 642 3665 μοι
673 3596 820 3650 δοκεῖ
848 3598 1081 3669 χαλεπός,
1109 3616 1122 3630 ·
1156 3600 1275 3655 οὐδὲ
1306 3601 1604 3672 σχετλιάζω
1634 3605 1775 3660 κατά

181 3682 287 3754 τῆς
316 3685 615 3749 ἐνεστῶτος
644 3690 840 3763 καιροῦ
892 3692 1235 3763 ἀγριότητος.
1282 3687 1450 3759 Οὗτος
1475 3695 1583 3769 γὰρ
1613 3697 1776 3755 ὅπλον

180 3774 282 3829 τοῦ
310 3774 544 3833 διώκτου
593 3782 903 3853 γενόμενος,
943 3782 1148 3856 ταύτην
1185 3802 1274 3856 μοι
1315 3785 1415 3857 τὴν
1464 3787 1615 3860 ίεράν
1662 3792 1777 3844 ἐτε-

178 3864 379 3921 λείωσε
404 3869 681 3940 φάλαγγα.
713 3873 825 3926 Καὶ
857 3872 1045 3946 ὥσπερ
1072 3873 1182 3928 τῶν
1226 3876 1368 3929 ἐπτά
1401 3877 1775 3935 Μακκαϐαίων

180 3962 219 4034 ἡ
266 3962 473 4032 μήτηρ,
504 3961 593 4015 διὰ
639 3963 702 4016 τὸ
748 3964 925 4035 ψυχὴν
982 3966 1128 4037 ἐχειν
1182 3967 1430 4036 φιλόθεον
1481 3968 1681 4039 μᾶλλον
1733 3971 1767 4044 ἢ

177 4051 537 4123 φιλόσαρκον,
573 4052 696 4109 οὐτε
724 4055 823 4127 τὴν
856 4057 1131 4128 Ἀντιόχου
1166 4056 1259 4111 τοῦ
1285 4059 1549 4131 τυράννου
1576 4061 1776 4134 Συρίας

176 4142 446 4213 ὠμότητα
471 4146 895 4218 κατεμέμψατο,
919 4148 1040 4202 οὐτε
1072 4150 1207 4222 πρὸς
1241 4149 1340 4215 τὰς
1395 4152 1645 4217 κολάσεις
1681 4155 1774 4208 καὶ

177 4234 283 4297 τὰς
340 4237 632 4308 συμφορὰς
676 4238 786 4294 τῶν
840 4239 971 4293 υἱῶν
1008 4240 1361 4313 ἐδυσχέρανεν
1405 4259 1418 4272 ·
1456 4240 1674 4308 ἐδέξατο
1718 4245 1775 4298 δὲ

175 4327 284 4398 τὴν
328 4329 588 4400 ἐρημίαν,
628 4330 704 4396 ὡς
732 4332 1073 4404 εὐεργεσίαν,
1118 4334 1212 4387 καὶ
1249 4334 1348 4405 τὴν
1382 4335 1660 4403 ἀπαιδίαν,
1698 4337 1774 4401 ὡς

174 4417 470 4488 βοήθειαν
503 4420 627 4475 οῦτε
670 4424 776 4496 μὴν
805 4425 833 4477 6
868 4426 1142 4495 Στέφανος
1175 4424 1526 4498 λιθαζόμενος
1554 4427 1771 4499 ἐνόμιζε

1879 3239 1975 3295 die
2011 3238 2272 3295 Ecclesia:
2314 3247 2369 3294 et
2412 3240 2782 3295 emolumento
2828 3251 2881 3294 et
2930 3245 3254 3293 ornamento
3294 3244 3451 3292 sunt.

1878 3328 1999 3399 lpsa
2029 3344 2160 3383 vero
2194 3327 2648 3399 Quadragesima,
2688 3343 2796 3398 qua
2842 3327 3202 3398 quadraginta
3249 3336 3454 3398 marty-

1878 3426 1999 3474 rum
2030 3420 2298 3476 memoria
2332 3420 2537 3484 obitur,
2572 3420 2913 3490 splendidior
2935 3428 2990 3477 et
3036 3418 3213 3489 major
3250 3431 3354 3485 est,
3397 3427 3452 3475 et

1876 3508 2087 3564 mensis
2118 3508 2406 3564 mensibus
2436 3508 2560 3564 aliis
2587 3509 2874 3576 illustrior,
2902 3524 3079 3579 neque
3102 3508 3243 3562 mala
3276 3508 3451 3564 hiems

1876 3608 2111 3678 amplius
2155 3607 2288 3662 mihi
2337 3606 2575 3663 difﬁcilis
2615 3613 2861 3676 apparet,
2909 3620 3088 3676 neque
3127 3603 3337 3674 amigor
3381 3605 3452 3660 ob

1874 3698 2141 3768 temporis
2166 3697 2424 3754 instantis
2452 3696 2883 3753 inclementiam.
2916 3693 3052 3749 Nam
3088 3695 3298 3749 immite
3324 3703 3455 3750 tem-

1875 3806 2003 3862 pus,
2035 3789 2330 3845 occasione
2363 3787 2703 3860 persecutori
2733 3785 3172 3850 subministrata,
3204 3787 3343 3841 hanc
3371 3801 3454 3841 sa-

1875 3892 2026 3934 cram
2060 3886 2337 3933 catervam
2370 3875 2628 3932 confecit.
2658 3877 2724 3931 Et
2752 3875 3211 3948 quemadmodum
3243 3884 3451 3947 septem
3490 3890 3497 3897 ο

1875 3968 2343 4024 Macchabazorum
2401 3974 2613 4030 mater,
2652 3982 2717 4024 eo
2737 3967 2882 4036 quod
2935 3968 3179 4023 animum
3230 3966 3454 4022 haberet

1874 4060 2050 4132 magis
2081 4061 2175 4116 Dei
2224 4074 2387 4131 quam
2419 4060 2608 4116 carnis
2638 4067 2936 4126 amantem,
2971 4075 3147 4131 neque
3197 4059 3454 4114 Antiochi

1877 4152 2096 4224 tyranni
2140 4151 2316 4223 Syriae
2355 4152 2738 4207 crudelitatem
2768 4152 3085 4219 accusavit;
3117 4166 3292 4220 neque
3324 4164 3452 4219 sup-

1873 4244 2034 4315 plicia
2060 4252 2114 4299 et
2139 4244 2483 4298 calamitates
2528 4241 2767 4296 ﬁliorum
2810 4242 3032 4310 indigne
3071 4243 3215 4306 tulit,
3258 4243 3457 4295 solitu-

1873 4333 2057 4390 dinem
2088 4349 2241 4399 vero,
2287 4341 2348 4387 ut
2396 4332 2743 4395 beneﬁcium,
2773 4338 2828 4386 et
2855 4331 3170 4394 orbitatem,
3208 4340 3264 4383 ut
3297 4331 3453 4386 auxi-

1871 4426 2007 4481 lium
2041 4426 2289 4503 accepit;
2333 4440 2510 4495 neque
2542 4423 2856 4494 Stephanus
2904 4421 3177 4492 lapidatus
3218 4423 3453 4477 arbitra-

170 4510 523 4581 βλάπ-τεσθαι
551 4554 566 4577 ,
598 4514 736 4569 ἀλλά
770 4516 968 4588 μᾶλλον
1006 4517 1416 4582 ζωοποιεῖσοαιο
1450 4517 1623 4583 οὕτως
1677 4522 1771 4583 καὶ

1881 4518 2036 4574 batur
2069 4533 2129 4574 se
2163 4517 2307 4584 laedi,
2346 4515 2443 4573 sed
2475 4517 2650 4588 magis
2674 4514 2940 4570 viviﬁcari
2969 4533 2982 4569 :
3018 4515 3092 4569 ita
3126 4522 3179 4569 ct
3223 4530 3323 4568 nos
3356 4513 3448 4570 Dei

168 4604 347 4675 ἡμεῖς
384 4606 497 4667 τοῖς
521 4604 809 4677 θεομάχοις
838 4607 1125 4680 ὀφείλομεν
1151 4609 1311 4679 χάριν
1343 4610 1407 4663 ἐκ
1432 4611 1530 4683 τῆς
1560 4610 1770 4681 ἀγαθῆς

168 4695 534 4762 ἀποϐάσεως,
562 4698 679 4752 ἀνθ’
705 4694 783 4754 ὧν
806 4701 937 4772 ἡμῖν
960 4701 1229 4755 τοσούτων
1260 4702 1483 4769 ἀγαθῶν
1504 4702 1771 4773 κατέστη-

166 4803 286 4840 σαν
326 4784 524 4854 αῐτιοι,
573 4788 622 4840 εί
650 4787 744 4842 καὶ⁵
787 4790 862 4860 μὴ
895 4786 1560 4861 σκοπῷἐύεργετούντων
1585 4829 1600 4855 ,
1637 4790 1774 4844 ἀλλά

166 4878 568 4948 πολεμούντων
596 4880 880 4951 ἐνήργουν.
914 4882 1275 4954 Εὐεργετοῦσι
1306 4883 1415 4955 γὰρ
1452 4883 1546 4938 καὶ
1586 4883 1773 4956 ἐχθροὶ

170 4974 257 5045 μὴ
315 4970 561 5035 θέλοντες
588 5012 603 5037 ,
638 4973 749 5027 τῶν
801 4973 1040 5044 γνησίων
1084 4974 1254 5043 φίλων
1296 4975 1399 5029 οὐκ
1451 4974 1769 5046 ἀτιμότερα.

182 5063 496 5132 Ὀφέλησεν
529 5066 558 5118 6
583 5063 832 5128 διάϐολος
869 5064 961 5119 τὸν
1010 5065 1131 5120 Ἰὼϐ
1179 5065 1401 5137 μᾶλλον,
1434 5065 1467 5138 ἢ
1519 5066 1770 5136 ἔϐλαψεν.

168 5158 499 5227 Εὐεργέτης
540 5158 570 5211 6
622 5156 878 5228 βασιλεὺς
926 5158 1036 5213 τῶν
1096 5159 1398 5231 Ἀσσυρίων
1443 5158 1537 5214 τοῦ
1577 5159 1775 5232 Δανιὴλ

168 5247 421 5314 ἐγένετο.
448 5248 559 5301 Καὶ
596 5249 647 5302 oi
670 5251 819 5322 τρεῖς
853 5249 1041 5313 παῖδες
1086 5252 1152 5321 τῇ
1189 5249 1406 5322 καμίνῳ
1452 5249 1613 5322 χάριν
1641 5250 1774 5321 ὁμο-

168 5339 547 5407 λογείτωσαν·
578 5341 672 5395 καὶ
716 5340 969 5413 πρισθεὶς
1001 5344 1029 5395 ὁ
1066 5342 1294 5406 Ἡσαΐας
1333 5341 1458 5405 τοὺς
1490 5341 1775 5411 Ἐϐραίους

170 5430 448 5501 ὕμνείτω,
496 5432 606 5486 Καὶ
654 5433 930 5505 Ζαχαρίας
980 5432 1181 5501 μεταξύ
1230 5432 1325 5486 τοῦ
1362 5432 1491 5486 ναοῦ
1533 5434 1627 5487 καὶ
1677 5432 1774 5487 τοῦ

176 5521 579 5595 θυσιαστηρίου
614 5526 845 5595 σφαγεὶς
875 5525 1088 5596 τιμάτω
1135 5526 1260 5588 τοὺς
1293 5523 1611 5596 αὐτόχειρας
1631 5540 1646 5555 ο
1683 5524 1777 5578 καὶ

188 5615 455 5686 Ἰωάννης
481 5616 579 5679 τὴν
601 5616 842 5689 κεφαλὴν
863 5616 1220 5688 ἀποτμηθεὶς,
1246 5616 1541 5687 εὐεργέτην
1570 5633 1776 5687 κηρυτ-

168 5706 324 5761 τιτω
362 5706 614 5779 Ἡρώδην
637 5724 648 5737 ·
686 5710 780 5763 καὶ
802 5709 848 5761 οἱ
880 5708 1164 5762 ἀπόστολοι
1210 5708 1335 5770 τοὺς
1364 5707 1632 5778 δήσαντας
1683 5706 1777 5760 καὶ

170 5797 562 5871 pas—iisan;
600 5819 613 5834 ο
657 5805 752 5856 καὶ
808 5800 1005 5865 πάντες
1075 5800 1351 5872 μάρτυρες
1408 5800 1776 5871 ἀγαπάτωσαν

1873 4606 2348 4680 oppugnatoribus
2385 4606 2617 4678 gratiam
2659 4605 2958 4669 debemus,
3010 4603 3083 4660 ob
3127 4619 3452 4675 prosperum

1873 4710 2169 4775 eventum,
2223 4716 2350 4757 cum
2406 4701 2568 4756 nobis
2618 4706 2900 4757 tantorum
2958 4698 3229 4763 bonorum
3284 4710 3451 4752 causa

1874 4792 2049 4849 ellecti
2091 4800 2243 4858 sunt,
2276 4791 2382 4848 etsi
2415 4789 2470 4845 id
2501 4789 2648 4861 quod
2689 4791 2944 4861 agebant,
2977 4806 3084 4843 non
3135 4789 3320 4843 animo
3359 4788 3454 4842 he-

1874 4882 2205 4946 nel‘aciendi,
2230 4882 2323 4937 sed
2347 4878 2697 4951 oppugnandi
2722 4879 2977 4950 agebant.
3005 4877 3141 4932 Nam
3163 4884 3217 4933 ct
3241 4877 3450 4941 hostes,

1877 4977 2007 5031 licet
2043 4975 2316 5037 nolentes,
2350 4972 2648 5042 aliquando
2688 4970 2955 5033 beneﬁcia
2989 4969 3322 5037 conferunt;
3354 4986 3454 5023 nee

1875 5067 2128 5124 diabolus
2152 5064 2291 5120 Jobo
2321 5065 2505 5119 minus
2550 5060 2779 5134 profuit,
2823 5075 2984 5131 quam
3033 5059 3255 5130 genuini
3292 5061 3452 5113 amici

1876 5158 2018 5228 ejus.
2042 5155 2364 5217 Benefactor
2391 5153 2632 5211 Danielis
2680 5152 2784 5208 fuit
2830 5167 2927 5207 rex
2982 5150 3357 5221 Assyriorum.
3390 5148 3456 5204 Et

1878 5253 1989 5300 tres
2020 5241 2174 5314 pueri
2208 5243 2449 5297 incensae
2477 5241 2687 5296 fornaci
2715 5240 2918 5312 gratias
2956 5247 3119 5309 agant
3148 5257 3162 5292 :
3193 5249 3248 5294 et
3276 5239 3447 5293 Isaias

1878 5350 2029 5391 serra
2076 5335 2350 5391 dissectus
2422 5332 2679 5388 Hebraeos
2728 5331 2991 5387 dilaudet.
3042 5329 3105 5384 Et
3156 5329 3454 5384 Zacharias

1878 5430 2024 5484 inter
2054 5427 2317 5497 templum
2353 5434 2407 5481 et
2442 5425 2615 5481 altare
2640 5434 2912 5493 mactatus
2944 5438 3077 5479 suos
3131 5422 3454 5478 interfecto-

1879 5537 1968 5577 res
2000 5531 2309 5584 veneretur,
2366 5526 2420 5572 et
2452 5516 2696 5572 Joannes
2742 5517 2919 5586 capite
2954 5524 3240 5571 truncatus
3285 5511 3457 5568 Hero-

1879 5612 2000 5668 dem
2038 5627 2138 5667 ceu
2171 5610 2578 5666 benefactorem
2616 5624 2777 5663 suum
2836 5609 3113 5678 praedicet,
3147 5601 3454 5677 etapostnli

1879 5720 1994 5771 eos,
2030 5719 2059 5757 a
2083 5702 2289 5774 quibus
2320 5702 2634 5772 Iigabantur
2654 5710 2707 5757 et
2734 5700 3235 5769 llagellabantur,et
3264 5714 3458 5753 omnes

1884 5805 2155 5867 martyres
2187 5812 2308 5863 eos,
2333 5810 2360 5848 a
2385 5796 2586 5865 quibus
2615 5795 3051 5865 persecutimem
3074 5792 3455 5864 patiebantur,
