3918 6204
428 267 528 325 787

1686 271 1742 325 S.
1782 269 2107 327 GREGORII
2144 271 2190 326 Ν
2196 269 2428 327 YSSENI

430 386 690 455 diligant:
729 387 834 443 nisi
872 387 1016 443 enim
1047 385 1124 442 illi
1145 386 1379 443 stadium
1409 389 1774 458 aperuissent,
1815 390 1993 446 haud-

2102 391 2220 454 τοῦς
2242 389 2529 450 διώκοντας
2546 403 2557 416 ·
2577 388 2624 441 εί
2654 386 2727 458 μὴ
2753 386 2860 458 γὰρ
2894 386 3086 439 ἐκεῖνοι
3112 384 3173 438 τὸ
3194 383 3405 438 στάδιον
3424 382 3665 453 ἧνοιξαν,

431 491 702 546 quaquam
736 470 954 533 athletaé
987 477 1362 534 fortitudinem
1392 494 1546 533 suam
1568 480 1743 550 palam
1771 480 1994 536 demon-

432 576 725 623 strasscnt.
770 566 909 637 Quid
943 585 1073 625 vero
1119 570 1243 640 quis
1282 571 1348 625 ad
1385 571 1600 625 laudem
1646 586 1858 637 eorum,
1902 573 1995 641 qui

432 658 593 713 nobis
623 673 725 729 pro
759 668 1081 730 argumento
1111 660 1380 730 propositi
1412 667 1573 726 sunt,
1610 661 1784 731 magis
1824 661 1996 716 admi-

432 758 604 815 retur,
634 765 704 804 an
735 750 1161 818 multitudinem,
1184 768 1251 806 an
1278 750 1676 816 fortitudinem,
1704 766 1775 807 an
1819 753 1997 808 since-

431 855 547 895 ram
590 848 642 895 et
673 856 781 894 non
812 839 1049 896 fucatam
1086 841 1472 898 concordiam?
1508 841 1587 897 Ne
1616 858 1745 898 vero
1775 851 1997 913 praeter-

433 946 623 986 eamus
654 930 865 1001 ingrate
898 933 1131 1002 primum
1170 947 1477 987 numerum.
1507 931 1641 986 Nam
1675 933 1768 1003 qui
1817 943 1997 990 tantos

435 1022 832 1079 intercessores
868 1023 1053 1087 habet,
1091 1023 1138 1079 is
1162 1039 1441 1095 nunquam
1474 1025 1655 1080 inanis
1685 1040 1715 1079 a
1745 1026 1997 1095 precibus

432 1120 486 1165 ct
509 1113 758 1166 oratione
795 1112 984 1177 abibit,
1020 1113 1147 1167 licet
1179 1114 1419 1182 peccatis
1447 1114 1738 1169 admodum
1769 1126 1998 1171 onustus

434 1204 528 1259 sit.
575 1202 745 1270 Cujus
780 1218 980 1281 sensus
1019 1213 1073 1258 et
1108 1205 1223 1274 spei
1270 1206 1429 1261 testis
1478 1212 1563 1261 est
1600 1206 1717 1275 ipse
1772 1206 1913 1262 Deus
1944 1207 1999 1261 in

433 1295 705 1364 colloquio
735 1308 858 1348 cum
918 1294 1250 1361 Abrahamo,
1304 1296 1523 1367 quando
1570 1312 1671 1368 pro
1702 1296 1999 1355 Sodomitis

433 1386 799 1456 supplicabat,
831 1401 955 1442 eum
997 1404 1107 1444 non
1145 1387 1525 1461 quadraginta,
1558 1391 1653 1446 sed
1687 1390 1876 1446 decem
1905 1406 1999 1448 so-

432 1475 711 1531 lummodo
730 1476 914 1547 justos
947 1478 1014 1533 ad
1054 1479 1293 1535 civitatis
1324 1480 1548 1550 iamiam
1583 1482 1837 1551 peritura:
1867 1497 2001 1537 cou-

432 1566 796 1623 servationem
819 1570 1124 1639 requisivit.
1146 1568 1431 1639 Nosvero,
1450 1572 1606 1642 juxta
1623 1573 1998 1644 Apostolum‘,

380 1724 381 1727 η
433 1666 640 1713 tantam
681 1661 900 1715 testium
939 1661 1140 1717 nubem
1162 1661 1554 1719 circumfusam
1588 1663 1869 1731 habentes,
1900 1678 2001 1719 nos

2095 482 2194 534 οὐκ
2244 480 2309 534 ἂν
2351 481 2397 533 oi
2452 477 2679 549 ἀθληταλ⁸
2725 476 2823 546 τὴν
2864 475 3109 546 ἀνδρείαν
3144 473 3556 544 ὲδημοσίευσαν.
3600 473 3667 524 Τί

2095 572 2139 625 δ’
2159 573 2222 626 ἄν
2250 588 2334 633 τις
2369 568 2529 622 πλέον
2576 566 2841 637 ἀγασθείη
2870 565 2977 620 τῶν
3004 564 3375 636 προκειμένων
3420 564 3551 634 ἡμῖν
3586 566 3670 628 είς

2097 663 2367 733 εὐφημίαν
2399 659 2636 731 ἀνδρῶν;
2669 659 2730 712 τὸ
2764 657 2986 729 πλῆθος,
3020 657 3054 727 ἢ
3081 657 3177 727 τὴν
3206 656 3476 726 ἀνδρείαν,
3504 656 3539 725 ἦ
3570 654 3669 725 τὴν

2097 753 2298 824 ἀψευδῆ
2322 770 2383 805 συ
2392 750 2669 823 μφωνίαν;
2693 748 2802 802 Καὶ
2829 748 2903 820 μὴ
2926 747 3280 820 παρέλθωμεν
3303 747 3668 817 ἀναισθήτως,

2102 843 2235 917 μηδὲ
2267 843 2577 916 ἀχαρίστως
2612 841 2835 914 ,πρῶτον
2876 841 2968 894 τὸν
3010 837 3259 911 ἀριθμόν.
3301 839 3356 892 '0
3390 838 3505 909 γὰρ
3548 853 3671 891 τοσ-

2097 935 2283 998 ούτους
2307 934 2445 1004 ἔχων
2479 929 3032 1004 πρεσϐευτὰς,οῦποτ⁹
3054 929 3119 984 ἂν
3146 930 3419 1001 ἄπρακτος
3438 927 3675 980 ἀπέλθοι

2099 1025 2403 1099 προσευχῆς
2459 1023 2554 1077 καὶ
2600 1023 2834 1095 δεήσεως
2862 1062 2877 1086 ,
2901 1021 3003 1076 κᾶν
3040 1021 3245 1092 σφόδρα
3298 1020 3675 1093 βεϐαρημένος

2100 1116 2318 1189 ὑπάρχῃ
2353 1116 2463 1179 τοῖς
2493 1113 2875 1185 ἁμαρτήμασι.
2908 1111 3019 1165 Καὶ¹
3047 1110 3250 1182 ταύτης
3296 1111 3394 1180 τῆς
3429 1108 3675 1173 διανοίας

2099 1209 2192 1263 καὶ
2224 1196 2452 1269 ἐλπίδος,
2468 1205 2675 1276 μάρτυς
2695 1203 2842 1257 ἐστὶν
2872 1204 2901 1256 ὁ
2927 1203 3077 1267 Θεὸς,
3096 1204 3154 1255 ὲν
3174 1205 3240 1273 τῇ
3256 1201 3390 1273 πρὸς
3417 1199 3674 1271 Ἀϐραὰμ

2099 1297 2329 1364 διαλέξει
2358 1338 2373 1364 ,
2399 1296 2559 1367 ἡνίκα
2604 1294 2703 1367 τὴν
2739 1294 2877 1366 ὑπὲρ
2934 1293 3233 1363 Σοδομιτῶν
3284 1292 3521 1348 ἱκετείαν
3559 1291 3673 1346 ἐδέ-

2101 1407 2224 1462 χετο
2243 1431 2256 1454 ,
2284 1390 2346 1442 ού
2378 1386 2783 1460 τεσσαράκοντα
2820 1385 3080 1451 δικαίους,
3108 1385 3242 1440 ἀλλά
3275 1385 3403 1439 δέκα
3427 1385 3673 1457 ζητήσας

2102 1482 2181 1545 είς
2233 1478 2560 1555 παραίτησιν
2623 1476 2832 1540 πόλεως
2884 1475 3183 1547 μελλούσης
3228 1474 3671 1544 ἐξαφανίζεσθαι.

2112 1573 2300 1642 Ἡμεῖς
2352 1570 2429 1638 δὲ,
2465 1570 2604 1624 κατά
2628 1568 2718 1623 τὸν
2777 1568 3117 1633 Ἀπόστολον,
3163 1567 3410 1621 τοσοῦτον
3450 1566 3677 1636 ἔχοντες

2104 1658 2483 1732 περικείμενον
2520 1660 2656 1729 ἡμῖν
2714 1658 2877 1727 νέφος
2922 1655 3235 1729 μαρτύρων,
3277 1656 3674 1727 μακαρίσωμεν

434 1750 585 1820 ipsos
615 1751 973 1820 praedicemus
1027 1752 1239 1819 beatos,
1274 1768 1368 1824 spe
1398 1754 1728 1825 gaudentes,
1762 1754 1994 1810 orationi

2102 1752 2325 1814 ἑαυτοὺς
2357 1752 2424 1822 τῇ
2460 1749 2635 1803 ἐλπίδι
2655 1749 2960 1822 χαίροντες,
2980 1751 3046 1820 τῇ
3086 1750 3360 1819 προσευχῇ
3389 1763 3673 1817 προσκαρ-

433 1840 735 1905 instantes,
799 1843 1079 1898 memoriis
1130 1854 1445 1900 sanctorum
1495 1846 1994 1901 communicantes:

432 1944 561 1985 nam
596 1932 953 2002 quadraginta
1001 1941 1267 2004 martyres
1305 1934 1467 1989 validi
1512 1943 1642 1990 sunt
1675 1944 1865 1990 contra
1905 1936 2004 1991 ad-

434 2022 714 2078 versarios
743 2032 1180 2093 propugnatores
1202 2064 1215 2090 ,
1246 2032 1301 2080 et
1332 2024 1437 2082 fide
1474 2025 1627 2096 digni
1653 2026 2002 2083 intercessio-

432 2111 523 2166 nis
557 2110 699 2181 apud
729 2126 1073 2168 communem
1119 2113 1406 2170 Dominum
1474 2100 1762 2183 advocati;
1807 2117 2001 2171 horum

433 2203 687 2274 praesidio
712 2211 888 2261 tectus
910 2203 1260 2262 Christianus
1287 2205 1554 2273 conﬁdat,
1593 2207 1720 2263 licet
1748 2207 2001 2265 diabolus

430 2295 762 2350 teutationes
781 2303 986 2360 nectat,
1005 2304 1059 2351 et
1086 2298 1335 2353 homines
1359 2297 1591 2369 improbi
1608 2298 1916 2370 insurgant,
1947 2307 2002 2353 et

431 2384 650 2453 tyranni
700 2385 886 2442 furore
928 2387 1360 2453 excandescant,
1402 2395 1456 2443 et
1495 2404 1655 2459 mare
1700 2390 1915 2455 saeviat,
1948 2396 2003 2444 et

430 2485 578 2532 terra
625 2491 735 2532 non
784 2477 943 2543 ferat,
989 2494 1110 2552 qum
1143 2481 1461 2537 hominibus
1492 2480 1636 2537 ferre
1674 2482 1832 2548 solet,
1880 2489 2000 2535 tan-

428 2570 666 2640 demque
701 2571 900 2625 caelum
932 2572 1111 2628 minas
1160 2572 1427 2628 intentet:
1483 2572 1551 2627 ad
1600 2588 1815 2629 omnem
1853 2574 1997 2628 enim

432 2660 815 2716 necessitatem
840 2668 895 2716 et
915 2669 1170 2717 eventum
1203 2664 1395 2718 horum
1420 2662 1649 2720 facultas
1671 2671 1725 2719 et
1757 2664 1999 2733 potentia

432 2749 647 2815 sullicit,
683 2758 736 2806 et
760 2752 980 2807 uberem
1020 2767 1051 2807 a
1084 2751 1309 2808 Christo
1338 2754 1567 2825 gratiam
1585 2755 1800 2827 accipit,
1836 2771 2027 2841 quem‘

430 2840 583 2898 decet
601 2846 778 2897 omnis
804 2842 978 2912 gloria
1003 2844 1059 2898 in
1092 2843 1311 2899 saecula.
1340 2845 1534 2900 Amen.

501 3067 522 3096 ⁸
569 3065 734 3123 Hebr.
776 3083 877 3132 xu,
919 3068 985 3140 1.,

2103 1841 2383 1914 τεροῦντες
2410 1882 2427 1907 ,
2452 1842 2573 1905 ταῖς
2628 1842 2866 1913 μνήμαις
2912 1840 3019 1893 τῶν
3056 1840 3224 1906 ἁγίων
3272 1838 3669 1901 κοινωνοῦντες.

2109 1933 2523 2005 Τεσσαράκοντα
2550 1931 2658 2005 γὰρ
2686 1923 2978 2005 μάρτυρες,
3014 1932 3220 2003 ἰσχυροὶ⁵
3263 1931 3359 2002 μὲν
3395 1931 3540 1989 κατὰ
3570 1930 3669 1983 τῶν

2108 2022 2316 2095 ἐχθρῶν
2351 2023 2709 2089 ὑπασπισταὶ,
2738 2022 3038 2088 ἀξιόπιστοι
3072 2023 3128 2077 δὲ
3156 2023 3254 2093 τῆς
3288 2021 3423 2093 πρὸς
3447 2022 3544 2074 τὸν
3576 2023 3671 2074 Δε-

2108 2113 2312 2185 σπότην
2340 2113 2550 2179 ἱκεσίας
2578 2113 2916 2187 παράκλητοι
2941 2130 2955 2145 ’
2990 2113 3129 2185 μετὰ
3158 2112 3256 2183 τῆς
3288 2111 3490 2166 τούτων
3516 2110 3664 2163 ἐλπί-

2105 2206 2193 2270 δος
2217 2204 2628 2278 καταθαρῤείτω
2654 2206 2998 2277 Χριστιανὸς,
3029 2205 3122 2260 καὶ
3157 2202 3249 2258 τοῦ
3277 2201 3519 2256 διαϐόλου
3551 2218 3668 2255 πι-

2108 2298 2350 2371 ρασμοὺς
2378 2298 2691 2370 ῥάπτοντος,
2722 2299 2817 2351 καὶ
2847 2296 3146 2369 ἀνθρώπων
3192 2295 3437 2368 πονηρῶν
3506 2295 3672 2347 ὲπανο

2108 2388 2413 2459 ισταμένων
2450 2430 2466 2455 ,
2507 2389 2602 2443 καὶ
2645 2389 2923 2460 τυράννων
2948 2388 3025 2460 τῷ
3068 2386 3225 2458 θυμῷ
3262 2386 3490 2451 ζεόντων
3532 2425 3547 2450 ,
3580 2386 3670 2439 καὶ

2107 2477 2381 2549 θαλάσσης
2430 2477 2862 2549 ἀγριαινούσης,
2892 2477 2985 2531 καὶ
3033 2477 3136 2546 γῆς
3184 2476 3256 2547 μὴ
3307 2474 3604 2547 φερούσης,
3632 2474 3669 2528 ἃ

2104 2570 2297 2640 γεννᾷν
2325 2567 2630 2640 ἀνθρώποις
2660 2566 2948 2632 τέτακται,
2997 2565 3092 2620 καὶ
3119 2562 3345 2635 ούρανοῦ
3391 2562 3671 2634 συμφορὰς

2104 2661 2470 2724 ἀπειλοῦντος.
2513 2660 2657 2734 Πρὸς
2689 2661 2869 2714 πᾶσαν
2914 2659 3022 2732 γὰρ
3056 2657 3262 2731 χρείαν,
3291 2657 3387 2710 καὶ
3415 2656 3676 2727 περίστα-

2106 2768 2190 2805 σιν
2220 2752 2254 2822 ἡ
2281 2749 2484 2804 τούτων
2524 2748 2752 2819 δύναμις
2794 2747 3045 2820 ἐξαρκεῖ,
3094 2746 3193 2801 καὶ
3222 2745 3481 2800 πλουσίαν
3521 2742 3675 2815 παρὰ

2101 2841 2338 2914 Χριστοῦ
2376 2840 2642 2910 λαμϐάνει
2676 2839 2774 2911 τὴν
2802 2840 2962 2913 χάριν
2985 2857 3000 2873 ·
3019 2832 3063 2908 ᾧ
3113 2839 3318 2910 πρέπει
3363 2838 3513 2891 πᾶσα
3545 2835 3676 2902 δόξα

2107 2934 2189 2995 είς
2208 2933 2334 2996 τοὺς
2356 2931 2577 2993 αἰῶνας.
2611 2929 2801 3001 Ἀμήν.

440 3212 3653 3255 W

3556 261 3762 321 788‘

1686 3384 1915 3470 ΤΟΥ
2035 3385 2410 3475 ΑΥΤΟΥ

1328 3524 2164 3715 ΕΠΙΤΑΦΙΟΣ
2272 3592 2794 3714 ΛΟΓΟΣ

1025 3841 1158 3895 ΕΙΣ
1189 3841 1348 3897 ΤΟΝ
1390 3842 1611 3897 ΙΛΙΟΝ
1645 3841 2037 3896 ΑΔΕΛΦΟΝ
2085 3840 2244 3893 ΤΟΝ
2294 3843 2579 3899 ΜΕΓΔΝ
2622 3839 3109 3897 ΒΛΣῙΛΕΙΟΝ.

1557 4308 1565 4314 θ
1784 4192 2322 4286 EJUSDEM

1390 4432 1917 4547 ORATIO
2020 4421 2714 4549 FUNEBRIS

745 4676 888 4745 QUA
927 4675 1231 4734 FRATRIS
1269 4676 1380 4735 SUI
1441 4677 1683 4734 BASILII
1722 4673 1938 4731 MAGNI
1977 4675 2250 4732 LAUDES
2290 4676 2378 4731 ET
2425 4674 2792 4732 MEMORIAM
2832 4674 3349 4733 CONCELEBRAT.

1682 4854 1943 4906 Laurentio
1969 4853 2134 4905 Sifano
2156 4854 2450 4919 interprete.

2008 5029 2078 5041 .-

498 5160 707 5216 Bonum
746 5158 1009 5231 imposuit
1031 5158 1174 5215 Deus
1197 5158 1443 5214 ordinem
1485 5158 1877 5215 anniversariis
1910 5158 1995 5216 his

2167 5158 2350 5231 Καλὴν
2398 5158 2662 5230 ἐπέθηκεν
2693 5161 2720 5213 ὁ
2752 5157 2882 5220 Geo;
2918 5155 3016 5227 τὴν
3046 5150 3207 5220 ’τάξιν
3256 5157 3378 5218 ταῖς
3434 5150 3666 5223 ἐτησίοις

427 5253 634 5307 nostris
698 5249 886 5316 feriis,
958 5264 1097 5321 quas
1161 5264 1259 5320 per
1331 5235 1640 5303 ordinatam
1700 5248 1989 5320 quamdam

2102 5250 2319 5314 ταύταις
2348 5251 2503 5322 ἡμῶν
2533 5251 2761 5323 ἑορταῖς,
2794 5250 2860 5312 ἀς
2887 5250 2974 5303 διά
2998 5266 3138 5311 τινος
3167 5247 3501 5317 τεταγμένης
3527 5244 3669 5296 ἁκο-

425 5342 859 5399 vieissitudinem
890 5348 945 5398 et
976 5340 1174 5398 seriem
1199 5340 1284 5396 his
1305 5340 1497 5397 diebus
1521 5348 1574 5397 et
1604 5341 1715 5411 jam
1746 5342 1993 5398 celebra-

2102 5341 2314 5403 λουθίας
2351 5342 2490 5397 κατά
2516 5343 2617 5407 τὰς
2660 5343 2870 5415 ἡμέρας
2893 5341 3093 5405 ταύτας
3122 5340 3222 5412 ἤδη
3259 5356 3332 5393 τε
3364 5340 3666 5410 ἠγάγομεν.

422 5434 630 5497 vimus,
661 5440 716 5489 et
764 5448 957 5490 rursus
1004 5434 1366 5489 celebramus.
1411 5431 1558 5489 Ordo
1598 5441 1778 5488 autem
1834 5434 1994 5490 nobis

2102 5433 2195 5486 mi.
2232 5433 2390 5488 πάλιν
2417 5435 2639 5506 ἄγομεν.
2696 5438 2756 5489 Ἦ
2787 5436 2843 5489 δὲ
2871 5434 3021 5499 τάξις
3048 5437 3179 5505 ἡμῖν
3213 5436 3329 5486 ἐστι
3364 5433 3467 5486 τῶν
3493 5445 3671 5481 πνευ-

420 5522 793 5594 Ipiritualium
821 5523 1199 5579 ceiebritatum
1236 5532 1399 5593 atque
1415 5531 1784 5577 conventuum
1805 5522 1852 5577 is
1882 5529 1989 5591 est,

2103 5524 2344 5594 ματικῶν
2389 5527 2766 5599 πανηγύρεων,
2808 5528 2873 5598 ἥν
2903 5527 2995 5580 καὶ
3034 5528 3062 5580 ό
3097 5524 3269 5596 μέγας
3300 5525 3497 5585 Παῦλος
3538 5519 3676 5574 ἐδει-

420 5623 586 5685 quem
615 5628 845 5685 magnus
873 5614 1036 5669 etiam
1062 5612 1266 5670 Paulus
1309 5613 1514 5678 docuit,
1559 5628 1795 5683 superne
1829 5621 1990 5684 atque

2102 5614 2270 5682 δαξεν,
2307 5615 2510 5671 ἄνωθεν
2536 5618 2645 5672 τῶν
2683 5618 2932 5672 τοιούτων
2970 5616 3069 5688 τὴν
3096 5616 3298 5685 γνῶσιν
3332 5616 3481 5685 ἔχων.
3511 5611 3680 5682 Φησὶ

420 5700 648 5762 mlius
681 5702 950 5777 ejusmodi
979 5719 1161 5761 rerum
1205 5704 1567 5782 cognitionem
1601 5704 1848 5776 adeptus.
1901 5706 1989 5761 Ait

2102 5709 2203 5780 γὰρ
2231 5712 2453 5765 ἐκεῖνος.
2494 5713 2550 5767 ἐν
2584 5713 2815 5786 πρώτοις
2846 5711 2943 5785 μὲν
2973 5713 3097 5776 τοὺς
3126 5708 3449 5772 ἀποστόλους
3473 5721 3525 5758 τε
3560 5706 3688 5761 καὶ
