3918 6204
234 311 339 368 789

1330 303 1394 359 IN
1437 304 1723 360 LAUDEM
1770 302 2071 362 FRATRIS
2110 305 2377 363 BASILII.

3387 309 3490 365 790

228 422 353 486 τοὺς
411 416 693 490 προφήτας
751 416 1030 487 τετάχθαι,
1096 420 1211 488 μετ’
1271 418 1511 482 ἐκείνους
1572 418 1628 472 δὲ
1681 420 1806 483 τοὺς

1912 420 2051 474 enim
2084 420 2191 488 ille,
2228 420 2280 474 in
2311 420 2499 490 primis
2529 418 2749 491 quidem
2785 419 3062 491 apostolos
3094 430 3147 474 et
3188 419 3488 492 prophetas

229 510 489 583 ποιμένας
521 510 614 563 καὶ
645 509 1015 572 διδασκάλους.
1048 509 1341 580 Συμὸαίνει
1365 510 1543 563 τοίνυν
1570 513 1635 581 τῇ
1672 511 1805 563 ἀπο-

231 605 451 676 στολικῇ
480 602 651 673 ταύτῃ
694 601 986 673 ἀκολουθία
1031 604 1062 673 ἡ
1108 602 1258 667 τάξις
1289 602 1399 655 τῶν
1440 602 1533 656 τοῦ
1563 602 1806 656 ἐνιαυτοῦ

227 694 605 767 πανηγύρεων.
652 692 813 747 Ἀλλά
845 692 943 765 τὴν
990 696 1209 765 πρώτην
1240 695 1301 747 οὑ
1339 694 1653 766 συναριθμῶ
1690 697 1809 758 ταῖς

226 786 433 849 ἄλλαις.
492 786 558 838 Ἠ
608 784 716 857 γὰρ
754 784 848 837 ἐπὶ
897 786 963 855 τῇ
1012 785 1298 857 θεοφανείᾳ
1347 785 1439 839 τοῦ
1490 786 1809 857 μονογενοῦς

226 877 357 932 Υίοῦ
386 879 568 949 χάρις,
610 879 644 949 ἡ
673 877 757 932 διὰ
787 878 885 950 τῆς
918 880 981 931 ἐκ
1021 877 1301 949 Παρθένου
1334 878 1639 949 γεννήσεως
1678 880 1809 933 ἁνα-

224 968 496 1041 δειχθεῖσα
527 966 606 1038 τῷ
636 968 846 1039 κόσμῳ,
880 969 977 1039 οὑχ
1001 968 1187 1033 ἁπλῶς
1212 970 1358 1023 ἐστιν
1402 967 1528 1037 ἁγία
1568 970 1808 1039 πανήγυ-

227 1077 330 1133 ρις,
385 1058 498 1113 ἀλλ’
542 1059 673 1128 ἁγία
708 1060 897 1128 ἁγίων,
942 1060 1036 1113 καὶ
1079 1062 1387 1133 πανήγυρις
1424 1062 1804 1132 πανηγύρεων.

226 1151 438 1205 Οὐκοῦν
476 1151 574 1215 τὰς
605 1152 719 1222 μετ’
754 1152 925 1221 αὑτὴν
957 1152 1350 1225 ἀριθμήσωμεν
1376 1168 1389 1181 ⁸
1433 1153 1653 1223 Πρῶτον
1680 1156 1808 1225 ἡμῖν

223 1240 513 1296 ἀπόστολοί
564 1259 624 1294 τε
659 1241 753 1295 καὶ
792 1245 1067 1313 προφῆται
1100 1243 1197 1313 τῆς
1240 1244 1612 1314 πνευματικῆς
1657 1262 1808 1316 χορο-

227 1332 456 1394 στασίας
485 1331 841 1404 κατήρξαντο,
876 1331 957 1384 Τά
1002 1331 1094 1385 δύο
1128 1332 1236 1403 γάρ
1265 1333 1480 1397 πάντως
1527 1335 1653 1406 περὶ
1682 1336 1808 1397 τοὺς

226 1424 422 1487 αὐτούς
454 1425 570 1478 ἐστι
608 1424 942 1495 χαρίσματα,
982 1422 1041 1476 τό
1084 1441 1140 1476 τε
1185 1424 1539 1478 άποστολικὺν
1572 1424 1805 1495 πνεῦμα,

224 1519 315 1569 καὶ
367 1516 426 1568 τὸ
477 1517 576 1586 τῆς
628 1517 983 1586 προφητείας.
1040 1517 1159 1569 Εἰσὶ
1197 1516 1251 1568 δὲ
1297 1511 1473 1569 οὗτοι·
1521 1518 1805 1586 Στέφανος,

224 1607 453 1677 Πέτρος,
487 1606 761 1671 Ἰάκωϐος,
806 1607 1073 1678 Ἰωάννης,
1097 1608 1337 1670 Παῦλος’
1372 1605 1489 1661 εἶτα
1527 1610 1661 1679 μετὰ
1685 1609 1808 1662 τοὺ-

221 1710 351 1758 τους
382 1694 620 1764 φυλάξας
659 1695 759 1765 τὴν
793 1694 983 1749 ἐαυτοῦ
1019 1696 1189 1762 τάξιν,
1228 1696 1444 1770 ἐξάρχει
1475 1701 1571 1769 τῆς
1602 1698 1806 1771 παρούο

225 1801 323 1857 σης
359 1788 491 1857 ήμῖν
523 1786 882 1859 πανηγύρεως
925 1790 951 1840 ό
980 1788 1182 1859 ποιμὴν
1210 1789 1301 1841 καὶ
1344 1789 1680 1854 διδάσκαλος.
1714 1789 1808 1854 Τίς

223 1870 419 1945 οὖτος;
463 1880 615 1933 Εἴπω
664 1879 724 1933 τὸ
774 1880 962 1951 ὄνομα,
999 1881 1032 1951 ἢ
1079 1881 1239 1954 ἀρκεῖ
1276 1882 1307 1952 ή
1351 1881 1508 1954 χάρις
1549 1881 1670 1933 ἀντὶ
1715 1880 1808 1935 τοῦ

222 1969 491 2040 ὀνόματος
524 1970 694 2037 δεῖξαι
725 1971 817 2025 τὸν
845 1972 1045 2042 ἀνδρα;
1070 1972 1397 2028 Διδάσκαλον
1428 1972 1534 2044 γάρ
1567 1974 1660 2026 καὶ
1693 1990 1809 2026 ποι-

227 2061 370 2133 μένα
421 2063 559 2134 μετά
603 2064 731 2127 τοὺς
757 2064 1085 2129 ἀποστόλους
1123 2064 1377 2129 ἀκούσας,
1417 2065 1643 2137 ἐνόησας
1678 2065 1810 2120 πάν-

222 2171 333 2218 τως
368 2155 459 2209 τὸν
492 2154 629 2227 μετά
661 2155 788 2220 τοὺς
835 2156 1166 2221 ἀποστόλους
1218 2157 1449 2228 ποιμένα
1496 2174 1554 2210 τε
1589 2158 1683 2211 καὶ
1729 2158 1808 2210 δι-

221 2245 491 2300 δάσκαλον
515 2261 530 2276 '
564 2247 752 2302 τοῦτον
780 2247 922 2317 λέγω
943 2288 959 2312 ,
993 2248 1054 2301 τὸ
1085 2247 1275 2312 σκεῦος
1308 2248 1407 2319 τῆς
1440 2247 1688 2320 ἐκλογῆς,
1719 2248 1809 2302 τὸν

223 2338 433 2408 ὑψηλὸν
466 2337 565 2410 βίῳ
607 2356 666 2392 τε
706 2340 800 2393 καὶ
845 2340 987 2409 λόγῳ
1020 2341 1318 2403 Βασίλειον,
1367 2341 1457 2393 τὸν
1494 2341 1706 2394 ἀστεῖον
1732 2338 1809 2410 τῷ

220 2427 344 2498 Θεῷ
372 2429 438 2480 ἐκ
458 2430 778 2499 γεννήσεως,
806 2429 897 2484 τὸν
919 2432 1031 2494 τοῖς
1060 2431 1212 2501 ἤθεσι
1247 2429 1425 2485 πολιὸν
1452 2432 1514 2484 ἐκ
1541 2431 1806 2497 νεότητος,

208 2520 309 2591 τὸν
340 2521 701 2575 παιδευθέντα
736 2525 833 2593 μὲν
868 2522 1008 2576 κατὰ
1035 2523 1274 2576 Μωὺσέα
1321 2522 1468 2595 πάσῃ
1516 2522 1675 2593 σοφίᾳ
1700 2522 1808 2575 τῶν

220 2612 426 2679 ἔξωθεν
458 2612 629 2683 λόγων
651 2657 666 2680 ,
697 2617 809 2677 τοῖς
836 2613 891 2667 δὲ
922 2616 1084 2685 ἱεροῖς
1116 2613 1437 2685 γράμμασιν
1474 2616 1537 2667 ἐκ
1577 2613 1808 2685 βρέφους

222 2702 312 2754 καὶ
355 2703 516 2774 μέχρι
547 2704 643 2775 τῆς
668 2703 997 2769 τελειώσεως
1029 2708 1395 2779 συντραφέντα
1428 2708 1519 2760 καὶ
1550 2708 1809 2781 συναυξη-

222 2792 390 2848 θέντα
440 2796 532 2849 καὶ
566 2797 989 2868 συνακμάσαντα
1010 2813 1023 2830 ·
1057 2797 1177 2852 ὅθεν
1210 2798 1471 2854 διδάσκων
1501 2803 1673 2855 πάντα
1713 2802 1808 2855 ἄν·

223 2886 446 2958 θρωπον
494 2889 552 2940 ἐν
586 2888 736 2962 πάσῃ
769 2890 930 2962 σοφίᾳ
962 2893 1027 2962 τῇ
1080 2891 1199 2963 θείᾳ
1230 2909 1287 2945 τε
1335 2893 1429 2945 καὶ
1472 2895 1537 2964 τῇ
1589 2892 1806 2959 ἔξωθεν,

221 2972 333 3030 οἷόν
367 2994 451 3041 τις
476 2979 730 3049 ἀριστεὺς
755 2981 1055 3052 περιδέξιος
1083 2982 1151 3035 δι’
1181 2983 1448 3053 ἑκατέρας
1478 2984 1808 3049 παιδεύσεως

223 3067 860 3167 τοῖςιάντιτεταγμένρις
902 3069 1093 3125 ἑαυτὸν
1135 3071 1490 3140 ἀνθοπλίζων,
1525 3074 1803 3146 ὑπεραίρει
1833 3104 1880 3167 C

221 3156 284 3210 δι’
340 3158 668 3229 ἀμφοτέρων
710 3160 835 3223 τοὺς
882 3162 1367 3231 προσπαλαίοντας,
1426 3164 1705 3237 ὑπερέχων
1750 3170 1808 3221 ἐν

225 3249 480 3321 ἐκατέρῳ
522 3253 649 3315 τοὺς
686 3253 743 3305 ἐν
796 3252 1007 3326 θατέρῳ
1051 3254 1170 3309 τινὰ
1228 3256 1368 3310 κατὰ
1413 3257 1512 3328 τῆς
1556 3260 1812 3330 ἀληθείας

230 3342 387 3412 ἰσχὺν
431 3341 575 3414 ἔχειν
624 3344 964 3415 νομίζοντας,
997 3348 1123 3411 τοὺς
1168 3348 1267 3419 μὲν
1314 3351 1378 3402 ἐκ
1408 3350 1505 3422 τῆς
1551 3351 1812 3420 αἱρέσεως

227 3433 323 3498 τὰς
356 3432 581 3506 Γραφάς
613 3436 1099 3506 προϐαλλομένους,
1148 3441 1266 3504 ταῖς
1308 3441 1549 3512 Γραφαῖς
1582 3443 1812 3515 ἀνατρέ-

232 3541 347 3577 πων
369 3565 385 3589 ,
417 3526 685 3598 Ἕλληνας
711 3528 769 3581 δέ
810 3528 899 3582 διὰ
942 3530 1040 3601 τῆς
1088 3530 1223 3593 ίδίας
1256 3531 1433 3585 αὑτῶν
1464 3533 1807 3604 συμποδίζων

231 3615 584 3695 παιδεύσεως.
650 3619 714 3671 Ἠ
761 3619 818 3672 δὲ
864 3621 1005 3676 κατά
1078 3621 1185 3677 τῶν
1227 3624 1534 3679 ἀντιπάλων
1566 3627 1688 3697 νίκη
1744 3629 1804 3682 οὑ

230 3707 441 3761 πτῶσιν
486 3710 658 3764 ἐποίει
696 3711 807 3765 τῶν
838 3714 1177 3785 ἡττημένων,
1225 3716 1340 3770 ἀλλ’
1375 3717 1688 3775 ἀνάστασιν.
1741 3723 1804 3774 0i

230 3801 340 3873 γὰρ
373 3802 674 3873 ἡττώμενοι
701 3805 799 3875 τῆς
825 3805 1101 3876 ἀληθείας,
1129 3809 1346 3879 νικηταὶ
1371 3810 1463 3863 καὶ
1495 3814 1807 3879 στεφανίται

1911 512 2238 568 constitutos
2270 520 2323 568 et
2346 510 2628 567 ordinatos
2648 526 2790 577 esse,
2820 522 2941 582 post
2972 513 3094 567 illos
3130 528 3261 568 vero
3301 523 3489 583 pasto-

1910 618 1999 658 res
2022 612 2074 658 et
2108 603 2360 659 doctores
2390 606 2427 656 ¹.
2480 602 2745 659 Convenit
2790 602 2955 675 igitur
2990 605 3126 659 ordo
3156 604 3486 660 solemnium

1911 703 2277 750 conventuum
2302 706 2354 750 et
2381 695 2757 751 celebritatum
2788 710 2912 749 cum
2938 696 3237 765 apostolica
3265 696 3366 752 hac
3403 712 3490 749 or-

1910 789 2208 843 dinatione.
2238 787 2341 842 Sed
2380 790 2609 859 primam
2650 788 3026 843 celebritatem
3064 805 3170 844 una
3201 805 3323 843 cum
3361 791 3486 843 aliis

1910 895 2017 934 non
2047 896 2294 935 numero.
2324 878 2457 932 Nam
2499 895 2619 951 qua:
2663 890 2887 950 propter
2933 878 3172 933 divinam
3225 880 3485 951 unigeniti

1909 968 2032 1023 Filii
2064 968 2459 1041 appa’ritioncm
2484 1012 2497 1034 ,
2543 985 2638 1041 per
2683 979 2899 1040 partum
2937 969 3173 1037 Virginis
3205 985 3234 1023 a
3283 970 3485 1026 mutulo

1911 1060 2183 1116 festivitas
2237 1062 2489 1117 instituta
2535 1067 2641 1124 est,
2674 1075 2736 1114 ea
2785 1076 2894 1115 non
2936 1061 3259 1131 simpliciter
3298 1070 3484 1114 sancta

1910 1150 2200 1204 celebritas
2229 1158 2332 1215 est,
2370 1150 2464 1206 sed
2497 1156 2688 1205 sancta
2718 1157 3060 1211 sanctarum,
3102 1159 3153 1204 et
3198 1149 3485 1203 celebritas

1911 1243 2307 1299 celebritatum.
2354 1243 2524 1313 Igitur
2562 1257 2654 1298 eas
2702 1257 2823 1312 quae
2864 1242 3003 1295 ha‘nc
3043 1249 3482 1308 consequuntur,

1911 1351 2285 1391 numeremus.
2328 1334 2572 1388 Primum
2633 1334 2794 1389 nobis
2834 1333 3065 1403 apostoli
3112 1343 3164 1387 et
3206 1333 3486 1403 preplietae

1912 1430 2213 1500 Spiritualis
2255 1437 2428 1485 coetus
2470 1428 2685 1481 initium
2730 1426 2997 1482 fecerunt.
3060 1424 3301 1495 Utraque
3338 1426 3482 1478 enim

1911 1535 2137 1591 prorsus
2178 1520 2324 1574 circa
2372 1520 2591 1574 eosdem
2651 1527 2778 1571 sunt
2834 1516 2998 1581 dona,
3048 1500 3099 1571 et
3152 1516 3483 1585 apostolicus

1913 1610 2160 1681 spiritus,
2206 1620 2260 1665 et
2310 1610 2538 1680 spiritus
2598 1608 2915 1677 prephetiae.
2957 1607 3096 1661 Sunt
3148 1617 3327 1661 autem
3388 1607 3481 1659 lii:

1914 1702 2242 1772 Stephanus,
2302 1701 2514 1765 Petrus,
2569 1701 2835 1761 Jacobus.
2908 1700 3178 1763 Joannes,
3235 1698 3480 1763 Paulus;

1909 1793 2105 1849 deinde
2146 1802 2268 1863 post
2299 1794 2400 1849 bos
2432 1804 2758 1849 conservato
2794 1794 2985 1848 ordine
3020 1808 3119 1848 suo
3147 1833 3160 1855 ,
3204 1799 3388 1862 pastor
3430 1799 3483 1846 et

1909 1884 2170 1956 magister
2197 1891 2515 1954 prtesentem
2552 1884 2710 1938 nobis
2740 1882 3111 1937 celebritatem
3146 1880 3480 1950 auspicatur.

1910 1975 2045 2041 Quis
2090 1982 2175 2030 est
2222 1974 2357 2028 hic?
2400 1973 2583 2027 Dicam
2632 1989 2852 2037 nomen,
2910 1987 2977 2024 an
3036 1971 3272 2025 nominis
3310 1970 3482 2024 vici-ni

1910 2066 2086 2137 gratia
2124 2074 2287 2135 atque
2319 2063 2589 2118 festivitas
2636 2063 2853 2133 supplet
2881 2062 2946 2116 ad
2980 2062 3157 2115 virum
3189 2059 3483 2113 ostenden-

1909 2157 2234 2213 dum?Cum
2269 2157 2412 2211 enim
2453 2156 2519 2210 de
2570 2155 2829 2225 magistro
2880 2159 3043 2224 atque
3089 2158 3306 2222 pastore
3364 2157 3485 2220 post

1909 2250 2185 2320 apostolos
2229 2247 2542 2310 audiveris,
2572 2244 2888 2301 intellexisti
2929 2258 3157 2314 prorsus
3210 2257 3334 2297 eum
3392 2242 3484 2310 qui

1910 2342 2187 2412 apostolos
2208 2341 2566 2410 consequitur
2596 2345 2782 2408 pastor
2814 2344 2867 2391 et
2898 2335 3109 2390 doctor.
3139 2336 3296 2387 Hunc
3335 2333 3481 2397 dico,

1908 2430 2002 2501 qui
2033 2445 2128 2485 vas
2172 2440 2258 2484 est
2309 2429 2615 2492 electionis,
2675 2427 2960 2481 sublimem
3001 2425 3154 2479 illum
3203 2433 3256 2479 et
3292 2424 3401 2475 vita
3432 2431 3483 2476 ct

1911 2534 2165 2576 sermone
2215 2519 2500 2583 Basilium,
2548 2527 2762 2588 gratum
2815 2526 2871 2572 et
2918 2522 3198 2584 acceptum
3268 2512 3377 2566 Deo
3454 2526 3482 2564 τι

1909 2613 2217 2675 nativitate,
2271 2612 2365 2683 qui
2400 2612 2645 2666 moribus
2685 2625 2857 2665 canus
2906 2610 2975 2662 ab
3012 2608 3343 2681 juventute,
3392 2605 3481 2673 qui

1910 2706 2053 2762 sicut
2080 2703 2288 2776 Moyses
2324 2714 2364 2770 ι,
2392 2703 2640 2757 eruditus
2684 2700 2786 2755 fuit
2816 2698 2965 2753 omni
3003 2696 3273 2767 sapientia
3323 2704 3484 2764 atque

1910 2795 2139 2852 scientia
2164 2803 2517 2849 externarum
2554 2790 2991 2860 disciplinarum,
3018 2789 3194 2842 sacris
3231 2801 3360 2840 vero
3388 2785 3477 2838 Iit-

1909 2889 2043 2945 teris
2072 2888 2141 2942 ab
2168 2887 2397 2942 infantia
2426 2900 2603 2955 usque
2632 2883 2697 2938 ad
2733 2880 3120 2954 perfectionem
3149 2888 3199 2934 et
3232 2893 3488 2933 consum-

1911 2981 2210 3035 mationem
2241 2977 2566 3039 innutritus,
2596 2991 2700 3030 una
2745 2975 2951 3039 crevit,
3003 2973 3057 3027 in
3095 2971 3279 3025 adulta
3327 2978 3489 3038 atque

1911 3071 2235 3128 confirmata
2266 3077 2425 3124 mtate
2473 3082 2580 3121 una
2629 3074 2881 3121 versatus
2927 3073 3032 3126 est,
3095 3062 3239 3116 unde
3280 3061 3487 3115 docens

1909 3177 2127 3218 omnem
2158 3160 2431 3215 hominem
2480 3160 2534 3213 in
2583 3156 2731 3212 omni
2782 3155 3047 3225 sapientia
3098 3163 3207 3207 tam
3263 3161 3484 3205 externa

1908 3271 2072 3327 quam
2108 3253 2317 3316 divina,
2346 3250 2510 3306 veluti
2544 3249 2630 3302 vir
2669 3247 2890 3317 quidam
2941 3245 3099 3300 fortis
3133 3254 3186 3299 et
3220 3252 3480 3298 strenuus

1909 3348 2142 3405 bellator
2175 3343 2538 3407 ambidexter,
2570 3348 2990 3418 penutramque
3014 3336 3378 3392 eruditionem
3429 3337 3482 3388 in

1908 3437 2254 3493 adversarios
2286 3450 2407 3491 sese
2430 3448 2675 3497 armans,
2700 3446 2798 3502 per
2825 3439 3114 3500 utramque
3138 3428 3483 3497 disciplinam

1911 3531 2085 3586 vincit
2112 3529 2470 3591 reluctantes,
2494 3536 2726 3595 utraque
2769 3530 3047 3577 armatura
3080 3522 3394 3592 prmcedcns
3435 3528 3487 3573 et

1915 3637 2182 3694 superans
2203 3636 2319 3685 eos,
2341 3619 2433 3690 qui
2463 3635 2558 3689 per
2576 3619 2895 3673 alterutram
2918 3616 3181 3669 adversus
3207 3613 3485 3666 veritatem

1914 3717 2129 3787 aliquas
2156 3714 2303 3769 vires
2324 3711 2525 3766 habere
2557 3725 2615 3765 se
2651 3708 2950 3780 putabant,
2997 3722 3093 3761 eos
3129 3705 3347 3776 quidem
3393 3705 3487 3774 qui

1915 3808 1983 3864 de
2032 3806 2411 3861 haereticorum
2460 3803 2732 3860 sententia
2787 3801 3090 3872 scripturas
3141 3786 3485 3870 proferrent.

229 3892 371 3944 κατὰ
400 3895 500 3962 τῆς
532 3893 735 3965 πλάνης
762 3896 856 3950 καὶ
892 3893 984 3949 τοῦ
1022 3896 1247 3967 ψεύδους
1265 3900 1521 3967 ἐγίνοντο.

1919 3898 2223 3969 Scripturis
2259 3906 2509 3953 evertens
2567 3903 2731 3965 atque
2764 3892 3058 3948 confutans
3079 3933 3094 3959 ,
3136 3891 3357 3947 Graecos
3389 3903 3505 3969 aur

230 3992 340 4036 tem
367 4000 432 4040 ac
462 3984 691 4053 gentiles
743 4002 838 4056 per
871 4003 1026 4043 suam
1068 3990 1310 4060 ipsorum
1343 3993 1597 4052 irretiens
1629 4006 1791 4068 atque
1824 3967 2130 4068 illaqueans
2176 3991 2566 4047 eruditionem.
2622 3986 2730 4043 Sed
2781 3986 3011 4041 victoria
3051 3986 3118 4039 de
3158 3967 3489 4039 adversariis

231 4087 342 4129 non
388 4076 608 4130 ruinam
646 4077 734 4141 iis,
774 4078 866 4148 qui
912 4080 1042 4134 victi
1092 4089 1297 4150 essent,
1356 4083 1653 4156 afferebat,
1716 4090 1812 4145 sed
1854 4084 2331 4145 resurrectionem.
2406 4081 2510 4148 Qui
2564 4080 2710 4136 enim
2777 4079 2993 4134 veritati
3063 4076 3491 4133 succumbebant

227 4166 515 4222 victoriam
574 4178 628 4224 et
662 4184 923 4225 coronam
962 4173 1029 4228 de
1074 4189 1263 4229 errore
1300 4181 1463 4247 atque
1506 4181 1791 4237 mendacio
1830 4178 2163 4237 referebant.

298 4254 501 4310 Τοῦτον
536 4251 632 4310 οὖν
680 4256 874 4329 ἔχομεν
909 4260 1002 4313 καὶ
1048 4262 1208 4331 ἡμεῖς
1236 4261 1332 4317 νῦν
1375 4263 1466 4318 τὸν
1505 4265 1811 4323 διατιθέντα

225 4350 363 4420 ἡμῖν
388 4349 489 4420 τὴν
515 4349 798 4422 παροῦσαν
824 4353 1147 4425 πανήγυριν,
1172 4354 1262 4408 τὸν
1287 4355 1506 4427 γνήσιον
1528 4357 1811 4431 ὑποφήτην

1987 4264 2142 4319 Hunc
2173 4261 2339 4333 igitur
2361 4259 2626 4314 habemus
2659 4271 2806 4312 nunc
2831 4256 2994 4311 etiam
3037 4270 3162 4320 nos,
3210 4257 3304 4327 qui
3352 4271 3490 4313 con-

1915 4355 2108 4411 stituat
2139 4351 2300 4408 nobis
2323 4356 2647 4421 praesentem
2682 4348 3079 4413 celebritatem,
3103 4350 3399 4419 genuinum
3436 4360 3490 4405 et

223 4439 323 4494 τοῦ
344 4439 677 4511 Πνεῦματος,
699 4441 791 4495 τὸν
810 4445 1054 4511 γενναῖον
1074 4445 1168 4497 τοῦ
1191 4443 1425 4518 Χριστοῦ
1454 4449 1808 4521 στρατιώτην,

1915 4461 2105 4503 verum
2130 4444 2441 4499 ministrum
2469 4449 2521 4496 et
2553 4441 2906 4511 interpretem
2929 4439 3178 4509 spiritus,
3203 4448 3487 4494 strenuum

220 4531 321 4584 τὸν
352 4531 734 4601 μεγαλόφωνον
761 4534 977 4605 κήρυκα
1008 4533 1100 4587 τοῦ
1138 4536 1403 4608 σωτηρίου
1433 4539 1804 4611 κηρύγματος,

220 4623 320 4674 τὸν
350 4623 658 4710 ἀγωνιστήν
692 4641 752 4677 τε
800 4624 896 4677 καὶ
930 4625 1212 4697 πρόμαχον
1259 4628 1359 4699 τῆς
1402 4630 1540 4702 ὑπὲρ
1571 4633 1807 4702 Χριστοῦ

223 4706 657 4784 παῤῥησίαςίῷ
688 4714 757 4767 τά
789 4714 1013 4785 δεύτερα
1049 4716 1186 4786 μετά
1235 4718 1360 4781 τοὺς
1408 4719 1736 4785 ἀποστόλους
1779 4724 1809 4775 ό

220 4802 420 4872 χρόνος
465 4802 647 4857 δίδωσι
700 4803 877 4874 μόνον.
929 4805 991 4857 Ei
1053 4804 1160 4876 γάρ
1197 4804 1335 4859 κατά
1375 4806 1466 4861 τὸν
1518 4808 1679 4861 αὑτὸν
1730 4809 1809 4880 τῷ

218 4892 430 4963 Παύλῳ
454 4894 642 4963 χρόνον
690 4895 951 4966 μετέσχεν
983 4894 1075 4948 τοῦ
1097 4896 1435 4967 ἀνθρωπίνου
1488 4898 1602 4968 βίον
1645 4901 1807 4953 Βασί-

211 4982 394 5045 λειος,
433 4982 604 5047 οὕτως
648 4984 714 5038 ἂν
759 4987 976 5051 πάντως
1021 4988 1334 5058 συνετράφη
1368 4988 1447 5060 τῷ
1496 4989 1693 5061 Παύλῳ
1739 4991 1814 5056 ὡς

216 5073 516 5138 Σιλουανδς
536 5076 631 5129 καὶ
649 5076 911 5148 Τιμόθεος
932 5093 947 5107 ο
970 5078 1063 5132 καὶ
1084 5079 1165 5131 ὅτι
1186 5078 1285 5131 οὑκ
1313 5077 1417 5144 ἔξω
1437 5080 1536 5150 τῆς
1560 5080 1813 5151 ἀληθείας

217 5163 585 5236 στοχάζομαι,
621 5168 819 5221 οὑτωσὶ
843 5169 933 5223 τὸν
965 5168 1123 5239 λόγον
1168 5171 1590 5242 κατανοήσωμεν
1616 5188 1629 5203 ·
1664 5174 1813 5246 Παρ-

215 5257 396 5312 είσθω
451 5257 514 5311 τὸ
565 5260 913 5331 προτερεύειν
954 5262 1082 5324 τοὺς
1129 5260 1315 5329 ἁγίους
1360 5260 1438 5331 τῷ
1484 5262 1678 5334 χρόνῳ.
1744 5266 1808 5318 Ἡ

215 5350 335 5420 γὰρ
384 5349 481 5404 τοῦ
532 5351 722 5422 χρόνον
778 5351 940 5422 φύσις
974 5353 1034 5405 ἐν
1081 5352 1159 5423 τῷ
1199 5354 1550 5423 παρῳχηκότι
1588 5355 1681 5409 καὶ
1729 5355 1807 5428 τῷ

222 5441 502 5508 μέλλοντι,
554 5443 688 5513 πρὸς
719 5444 921 5515 ἀρετήν
958 5460 1015 5497 τε
1061 5446 1154 5498 καὶ⁵
1203 5444 1397 5497 κακίαν
1443 5446 1641 5516 ὁμοίως
1674 5447 1804 5519 ἔχει,

215 5532 354 5587 οὔτε
375 5532 537 5587 τοῦτο
564 5532 715 5600 οὖσα,
747 5534 871 5589 οὒτε
898 5536 957 5589 τὺ
981 5536 1164 5608 ἕτερον
1190 5553 1205 5568 ·
1247 5538 1305 5590 ἐν
1344 5537 1451 5608 γάρ
1494 5541 1807 5612 προαιρέσει

307 5711 327 5745 ⁸
358 5709 377 5766 1
411 5710 545 5767 Cor.
580 5727 677 5775 xu,
706 5710 797 5767 28.
877 5716 894 5744 ¹
924 5712 1039 5768 Act.
1080 5730 1172 5777 vn,
1206 5713 1295 5768 "2'2.

1913 4537 2120 4595 Christi
2184 4536 2444 4598 militem,
2507 4549 2769 4588 sonorum
2824 4539 2878 4587 et
2932 4534 3174 4605 vocalem
3231 4533 3491 4586 salutaris

1914 4626 2174 4698 praaconii
2200 4636 2362 4695 atque
2393 4622 2807 4693 praedicationis
2834 4636 3165 4691 praeconem.
3186 4620 3355 4675 libere
3391 4635 3488 4690 pro

1912 4719 2137 4775 Christo
2175 4718 2452 4789 loquendo
2482 4716 2881 4779 decertantem,
2906 4723 2959 4768 et
2991 4714 3045 4767 in
3076 4713 3362 4783 principiis
3394 4729 3489 4783 pu-

1914 4824 2073 4878 gnam
2096 4809 2367 4863 cientem:
2398 4805 2485 4860 cui
2514 4804 2787 4860 secundas
2827 4810 2950 4873 post
2989 4802 3270 4871 apostolos
3303 4810 3485 4870 partes

1913 4909 2133 4973 tempus
2189 4901 2366 4956 solum
2390 4897 2501 4952 dat.
2551 4895 2688 4951 Nam
2741 4896 2787 4949 si
2842 4893 3032 4949 eodem
3068 4901 3335 4963 tempore.
3382 4912 3489 4966 quo

1911 4990 2151 5055 Paulus,
2196 4993 2320 5045 vita:
2358 4988 2638 5060 particeps
2685 4985 2937 5039 humanae
2991 4982 3187 5039 fuisset
3231 4982 3487 5049 Basilius,

1912 5085 2075 5139 sicuti
2116 5081 2388 5154 Sylvanus
2421 5090 2475 5136 et
2498 5079 2851 5135 Timotheus:
2874 5078 2947 5131 ita
2971 5091 3200 5147 prorsus
3231 5090 3338 5129 una
3364 5092 3487 5129 cum

1913 5175 2087 5229 Paulo
2155 5173 2461 5229 litterarum
2510 5169 2884 5226 monumentis
2949 5168 3262 5223 celebratus
3320 5175 3489 5221 esset.

1914 5266 2092 5337 Atque
2116 5274 2176 5320 ut
2206 5266 2566 5337 intelligatur,
2590 5261 2738 5335 quod
2772 5263 3147 5333 conjecturam
3180 5259 3429 5313 faciendo
3458 5275 3490 5312 ιι

1914 5361 2142 5414 veritate
2174 5372 2283 5412 non
2318 5358 2534 5423 aberro,
2580 5358 2684 5412 hoc
2722 5355 2884 5411 modo
2918 5355 3183 5409 rationem
3216 5352 3488 5407 ineamus.

1914 5451 2373 5508 Prwtermittatur
2404 5465 2466 5506 ea
2504 5451 2700 5513 oratio,
2734 5461 2840 5518 qua
2878 5445 3203 5516 explicetur,
3238 5442 3339 5515 qui.
3362 5458 3493 5497 san-

1915 5545 2007 5609 cti,
2043 5560 2180 5615 quos
2214 5552 2436 5600 sanctos
2483 5552 2724 5613 tempore
2770 5538 3163 5596 antecesserint
3201 5535 3491 5611 (temporis
