3918 6204
431 290 525 347 791

1668 283 1726 339 S.
1753 281 2081 341 GREGORli
2120 279 2410 336 NYSSEM

3571 283 3669 338 792

424 406 572 461 enim
593 410 787 460 natura
806 402 860 461 in
883 403 1158 474 prmterito
1177 411 1231 459 et
1259 402 1466 470 futuro,
1485 403 1633 475 quod
1657 404 1725 460 ad
1748 404 2004 459 virtutem

2109 404 2171 457 τὸ
2216 401 2440 473 ἀγαθὸν,
2491 400 2592 455 οὐκ
2640 401 2698 453 ὲν
2744 400 2938 473 χρόνῳ.
2985 397 3126 452 Ἀλλ’
3163 396 3498 464 ἐξεταζέσθω
3543 399 3670 470 πρὸς

424 506 480 550 cl
532 496 725 550 vitium
784 495 1002 561 attinet,
1034 496 1228 551 eodem
1266 494 1428 550 modo
1484 511 1606 552 sese
1656 495 1842 561 habet,
1879 510 2007 550 cum

426 604 608 657 neque
658 587 787 651 hoc,
819 603 999 658 neque
1037 587 1377 642 contrarium
1410 587 1515 644 sit:
1567 588 1623 642 in
1656 587 1828 643 libero
1861 588 2006 649 enim

427 680 660 733 arbitrio
690 686 857 749 atque
889 682 1173 750 proposito
1202 678 1522 742 voluntatis,
1544 694 1652 733 non
1682 678 1735 733 in
1764 688 2009 750 tempore

426 768 632 823 bomtm
664 769 965 837 consistit),
998 778 1054 823 at
1090 770 1227 825 ﬁdes
1268 785 1393 823 cum
1430 768 1566 836 ﬁde,
1594 785 1719 825 cum
1761 770 2010 826 oratione

428 858 609 911 oratio
632 857 971 913 conferatur.
1013 858 1149 914 Nam
1192 860 1238 914 si
1288 859 1413 930 quis
1457 859 1645 929 justus
1702 859 2009 916 aestimator

430 949 594 1002 luerit
624 948 679 1002 in
711 947 1063 1007 conferendis
1116 949 1259 1005 inter
1313 965 1372 1005 se
1415 950 1716 1014 miraculis,
1771 950 2009 1021 reperiet

429 1053 594 1091 uuam
631 1039 686 1093 in
718 1040 990 1094 ambobus
1012 1042 1268 1112 gratiam,
1302 1055 1425 1111 quae
1455 1058 1519 1096 ex
1564 1042 1755 1099 eodem
1810 1042 2007 1112 spiritu

424 1130 579 1198 juxta
632 1132 1071 1186 convenientiam
1112 1141 1277 1202 atque
1311 1134 1718 1204 proportionem
1755 1133 1878 1189 ﬁdei
1912 1150 2009 1189 ex-

430 1223 648 1276 sisteret
677 1223 731 1276 in
780 1232 1032 1292 utroque.
1073 1223 1230 1290 Quod
1270 1224 1316 1278 si
1354 1231 1599 1297 tempore
1630 1224 1834 1279 Paulus
1872 1241 2008 1295 pra:-

429 1313 599 1375 cedit,
630 1322 685 1367 et
718 1315 905 1369 multis
934 1316 1193 1371 aetatibus
1220 1327 1344 1389 post
1367 1317 1607 1373 Basilius
1629 1318 1907 1374 exhibitus
1946 1333 2011 1374 ac

428 1405 745 1473 designatus
786 1415 869 1461 est
896 1424 908 1460 :
931 1405 1147 1481 divina:
1182 1410 1681 1465 administrationis
1712 1426 1875 1481 quam
1912 1410 2013 1465 ho-

430 1496 637 1549 minum
669 1497 842 1566 gratia
875 1500 1142 1570 suscepit,
1186 1515 1324 1573 Opus
1355 1500 1517 1565 dicis,
1554 1517 1660 1555 non
1702 1501 1861 1558 aﬁ‘ers
1885 1517 2013 1572 pro-

432 1588 710 1645 bationem
741 1587 889 1642 circa
917 1589 1173 1644 virtutem
1198 1589 1606 1647 diminutionis.
1626 1590 1761 1645 Nam
1779 1601 1836 1645 et
1860 1590 2015 1664 Moy-

429 1694 519 1733 ses
550 1679 741 1738 multis
767 1680 1105 1752 temporibus
1127 1682 1399 1751 posterior
1420 1682 1763 1739 Abrahamo:
1792 1681 2014 1738 Samuel

2106 493 2204 567 τὴν
2251 494 2430 549 πίστιν
2456 495 2490 564 ἠ
2528 492 2731 559 πίστις,
2782 492 2876 545 καὶ
2919 491 3177 563 πρὸςτδν
3223 490 3382 559 λόγον
3421 491 3450 543 6
3490 489 3669 559 λόγος·

2107 584 2326 656 εὑρήσει
2341 580 2449 655 γὰρ
2468 584 2575 653 ὅγε
2604 581 2827 646 δικαίως
2851 583 2916 635 ὲκ
2948 580 3291 653 παραλλήλου
3320 578 3675 647 ἀντεξετάζων

2105 670 2175 725 τὰ
2203 672 2475 743 θαύματα,
2528 671 2657 743 μίαν
2698 673 2786 724 ἐπ’
2817 670 3142 743 ἀμφοτέρων
3185 670 3283 742 τὴν
3312 670 3470 742 χάριν
3498 671 3566 724 ὲκ
3593 670 3673 723 τοῦ

2107 763 2270 818 αὑτοῦ
2300 763 2615 834 Πνεύματος
2641 763 2997 834 ὲγγινομένην
3023 764 3083 816 ὲν
3120 762 3364 834 ἑκατέρῳ
3390 761 3533 816 κατά
3593 761 3674 833 τὴν

2107 855 2396 925 ἀναλογίαν
2444 857 2543 927 τῆς
2589 855 2846 919 πίστεως.
2902 855 2968 908 Εί
3011 854 3069 909 δὲ
3108 855 3339 926 προήκει
3382 853 3460 925 τῷ
3511 854 3675 925 χρόνῳ

2108 947 2338 1014 Παῦλος,
2369 947 2464 1001 κα)⁸
2508 946 2729 1011 πολλαῖς
2773 945 3001 1017 ὕστερον
3029 949 3242 1016 γενεαῖς
3276 946 3555 1017 ἀνεδείχθη
3587 945 3678 999 Ba-

2111 1039 2326 1104 σίλειος,
2376 1039 2476 1110 τῆς
2512 1039 2662 1103 θείας
2712 1038 2849 1110 ὑπὲρ
2892 1038 3000 1093 τῶν
3047 1037 3348 1109 ἀνθρώπων
3382 1037 3677 1109 οἰκονομίας

2108 1130 2286 1198 λέγεις
2341 1130 2403 1182 τὸ
2455 1128 2635 1200 ἔργον,
2689 1129 2789 1182 οὐκ
2837 1127 3108 1194 ἀπόδειξιν
3159 1128 3258 1199 τῆς
3309 1128 3428 1182 κατ’
3483 1128 3674 1199 ἀρετὴν

2110 1221 2454 1286 ἐλαττώσεως
2478 1238 2492 1253 ’
2543 1222 2665 1275 ἐπεὶ
2695 1220 2790 1275 καὶ
2821 1221 3052 1293 Μωῡσῆς
3076 1218 3169 1273 τοῦ
3210 1220 3457 1291 Ἀϐραὰμ
3476 1219 3676 1283 πολλοῖς

2110 1313 2321 1385 χρόνοις
2380 1314 2878 1384 μεταγενέστερος,
2933 1313 3027 1366 καὶ
3070 1312 3323 1383 Σαμουὴλ
3389 1312 3675 1379 Μωῦσέως,

2111 1404 2205 1458 καὶ
2245 1403 2435 1456 τούτου
2502 1403 2718 1467 Ἠλίας·
2782 1402 3034 1457 κάκείνου
3075 1404 3104 1456 ό
3162 1402 3336 1473 μέγας
3404 1402 3677 1472 Ἰωάννης,

2112 1497 2206 1551 καὶ
2261 1497 2397 1568 μετά
2466 1496 2717 1568 Ἰωάννην
2803 1494 3048 1559 Παῦλοςο
3125 1497 3223 1549 καὶ
3292 1494 3429 1567 μετά
3501 1493 3678 1549 τοῦτον

2112 1587 2411 1652 Βασίλειος.
2476 1587 2689 1658 Ὥσπερ
2749 1584 2843 1642 οὖν
2895 1589 2953 1643 ὲν
3001 1590 3113 1651 τοῖς
3162 1588 3492 1659 προάγουσιν
3541 1587 3676 1641 οὐδὲν

2113 1682 2143 1733 ό
2184 1679 2373 1754 χρόνος
2420 1679 2789 1750 δευτερεύων,
2851 1680 2932 1744 είς
2984 1677 3082 1751 τὴν
3125 1680 3264 1733 κατά
3332 1680 3460 1733 Θεὸν
3534 1679 3683 1746 δόξαν,

431 1771 638 1841 Moyse,
668 1780 722 1826 et
772 1772 876 1826 hoc
916 1771 1100 1829 Elias:
1136 1782 1190 1829 et
1229 1774 1325 1829 illo
1363 1790 1599 1846 magnus
1650 1774 1921 1840 Joannes,
1953 1784 2004 1831 et

2108 1773 2234 1836 τοὺς
2284 1773 2471 1840 ἁγίους
2508 1772 2850 1844 ἠλάττωσεν·
2898 1771 3041 1826 οὕτω
3090 1773 3186 1828 καὶ
3223 1771 3318 1828 νῦν
3360 1774 3417 1825 ἐν
3466 1770 3548 1843 τῷ
3593 1772 3677 1844 τῆς

429 1873 554 1931 post
578 1862 842 1919 Joannem
869 1862 1097 1931 Paulus,
1122 1875 1176 1923 et
1202 1878 1327 1937 post
1356 1867 1501 1923 hunc
1518 1868 1778 1925 Basilius.
1812 1868 2013 1936 Quem-

431 1954 726 2010 admodum
778 1954 947 2024 igitur
994 1957 1049 2010 in
1102 1958 1541 2027 praecedentibus
1595 1960 1737 2015 nihil
1795 1969 2011 2033 tempus

432 2047 728 2115 posterius,
763 2046 911 2116 quod
951 2047 1150 2103 attinet
1197 2049 1261 2105 ad
1302 2051 1530 2121 gloriam
1561 2067 1681 2122 quae
1720 2067 1848 2107 cum
1899 2052 2012 2109 Deo

429 2135 724 2209 conjuncta
774 2145 880 2202 est,
956 2140 1167 2194 sanctis
1214 2140 1673 2199 incommodavit:
1730 2145 1806 2199 ita
1846 2144 2011 2199 etiam

429 2243 579 2283 nunc
614 2229 671 2283 in
693 2228 1091 2300 disceptatione
1132 2231 1388 2299 virtutis,
1440 2234 1617 2290 aetatis
1663 2234 2011 2290 commodum

431 2320 655 2375 silentio
680 2325 1147 2391 praetermittatur.
1194 2324 1332 2379 Nam
1378 2326 1453 2391 id,
1496 2336 1557 2381 ut
1595 2326 1761 2383 modo
1789 2328 2012 2383 diceba-

428 2425 575 2477 mus,
610 2411 969 2480 providentia:
1002 2414 1222 2480 divinte,
1274 2431 1380 2486 qua
1429 2418 1740 2473 consulitur
1775 2419 2012 2474 homini-

425 2502 554 2560 bus.
584 2504 831 2565 continet
865 2504 1417 2564 demonstrationem.
1447 2509 1541 2565 Ille
1578 2511 1745 2577 enim,
1778 2510 1892 2582 qui,
1951 2518 2011 2565 ut

426 2594 606 2663 inquit
627 2594 891 2665 propheta
914 2635 928 2658 ,
955 2610 1045 2651 res
1083 2604 1277 2654 omnes
1308 2600 1461 2653 novit
1518 2612 1809 2671 antequam
1858 2602 2010 2657 exsi-

425 2684 634 2750 stant',
691 2695 748 2740 et
787 2686 1050 2741 malitiam
1094 2686 1297 2744 diaboli
1357 2690 1521 2745 simul
1576 2707 1703 2746 cum
1754 2693 2010 2749 aetatibus

425 2775 708 2835 hominum
736 2777 957 2832 extendi
990 2787 1154 2850 atque
1186 2780 1401 2835 traduci
1427 2788 1482 2837 et
1504 2780 1573 2836 ad
1598 2783 1759 2839 ﬁnem
1784 2797 2011 2854 pergere

425 2866 841 2935 animadvertit,
873 2871 1295 2929 convenientem
1336 2879 1391 2926 et
1422 2875 1893 2929 accommodatam
1939 2873 2010 2929 ad

425 2960 697 3031 cujusque
746 2962 927 3019 aetatis
981 2964 1232 3018 morbum
1292 2964 1623 3021 medicinam
1681 2974 1874 3038 parat,
1941 2982 2011 3022 ne

356 3107 367 3119 ,
424 3053 734 3110 curationis
764 3062 1043 3125 expertem
1077 3056 1223 3112 sinat
1256 3072 1379 3115 esse
1411 3059 1666 3114 morbum
1699 3060 2005 3125 hominum,

2113 1861 2312 1934 ἀρετῆς
2368 1861 2512 1932 λόγῳ
2559 1861 2854 1916 σιωπάσθω
2902 1862 2973 1916 τὰ
3017 1861 3283 1935 πρεσϐεῖα
3331 1863 3422 1917 τοῦ
3469 1865 3672 1935 χρόνον.

2113 1954 2188 2008 Τὸ
2212 1955 2320 2027 γὰρ
2361 1954 2620 2020 τοιοῦτον,
2667 1954 2849 2020 καθὼς
2877 1954 3107 2025 ἔφαμεν,
3150 1955 3251 2027 τῆς
3290 1956 3426 2028 ὑπὲρ
3455 1955 3571 2008 τῶν
3596 1955 3672 2010 ἀν’

2114 2047 2345 2120 θρὼπων
2375 2047 2470 2102 τοῦ
2497 2047 2631 2103 Θεοῦ
2658 2047 2998 2119 προμηθείας
3026 2048 3124 2119 τὴν
3154 2047 3424 2115 ἀπόδειξιν
3455 2046 3590 2118 ἔχει.
3627 2047 3673 2101 Ὀ

2112 2140 2222 2211 γὰρ
2269 2139 2424 2205 είδὼς
2468 2140 2537 2193 τά
2584 2140 2763 2194 πάντα
2810 2140 2938 2212 πρὶν
2965 2141 3231 2210 γενέσεως
3276 2139 3471 2203 αὐτῶν,
3508 2139 3667 2202 καθώς

2112 2249 2277 2302 φησιν
2308 2232 2336 2283 6
2369 2232 2653 2303 προφήτης
2678 2270 2692 2295 ,
2734 2231 2828 2285 καὶ
2866 2231 2966 2303 τὴν
3016 2231 3412 2299 συνδιεξιοῦσαν
3444 2234 3567 2294 ταῖς
3593 2231 3669 2285 ἀν-

2113 2324 2412 2395 θρωπίναις
2461 2326 2677 2393 γενεαῖς
2717 2324 2810 2378 τοῦ
2854 2324 3342 2380 διαϐόλουοκακίαν
3390 2323 3672 2388 κατανοῶν,

2112 2415 2420 2487 πρόσφορόν
2466 2432 2526 2468 τε
2576 2415 2668 2469 καὶ
2697 2415 3030 2487 κατάλληλον
3061 2415 3139 2487 τῷ
3172 2416 3294 2469 καθ’
3328 2415 3562 2485 ἑκάστην
3592 2430 3672 2483 γε·

2111 2506 2239 2561 νεάν
2271 2507 2665 2579 ἀρῤωστήματι
2696 2507 2787 2562 τὸν
2823 2508 3005 2579 ίατρὸν
3039 2506 3336 2579 ἐτοιμάζει,
3376 2506 3448 2570 ὡς
3488 2506 3557 2559 ἂν
3605 2504 3673 2575 μὴ

2110 2596 2483 2668 ἀθεράπευτον
2516 2597 2748 2669 περιίδοι
2779 2596 2889 2650 τῶν
2930 2594 3234 2667 ἀνθρώπων
3274 2596 3370 2667 τὴν
3413 2594 3581 2659 νόσον,
3610 2591 3675 2647 δι’

2111 2688 2346 2760 ἐρημίαν
2393 2687 2503 2742 τῶν
2540 2687 2934 2760 διορθουμένων
2971 2687 3413 2761 κατακρατοῦσαν
3457 2684 3552 2739 τοῦ
3582 2683 3671 2753 γέ-

2111 2796 2251 2844 νους.
2285 2779 2486 2833 Τούτου
2510 2779 2671 2851 χάριν
2694 2778 3095 2853 ἐπικρατούσης
3114 2778 3243 2833 ποτὲ
3261 2779 3360 2851 τῆς
3381 2773 3675 2845 Χαλδαῖκῆς

2111 2870 2451 2943 φιλοσοφίας,
2500 2872 2552 2927 οἶ
2594 2870 2693 2944 τὴν
2749 2871 2860 2926 τῶν
2901 2871 3069 2927 όντων
3116 2870 3295 2926 αἰτίαν
3350 2871 3408 2923 ὲν
3442 2870 3512 2941 τῇ
3561 2867 3679 2939 ποιᾷ

2110 2964 2323 3034 κινήσει
2363 2962 2472 3017 τῶν
2513 2962 2731 3036 ἄστρων
2770 2961 3065 3035 ὼρίζοντο,
3101 2960 3457 3032 ὑπερκεῖσθαι
3482 2959 3540 3014 δέ
3567 2974 3678 3012 τινα

2111 3053 2219 3109 τῶν
2265 3054 2604 3125 φαινομένων
2634 3053 2863 3125 δύναμιν
2894 3053 3181 3125 ποιητικὴν
3227 3052 3336 3106 τῶν
3375 3052 3543 3105 ὄντων
3586 3050 3677 3104 οὐκ

424 3149 520 3214 qui
551 3146 597 3203 si
637 3146 801 3212 desit,
842 3162 872 3202 a
902 3163 1011 3219 quo
1059 3158 1308 3217 sanetur,
1352 3152 1604 3222 subigere
1659 3151 1797 3208 solet
1835 3160 1890 3207 et
1947 3152 2004 3207 in

2113 3146 2281 3217 ᾤοντο
2300 3164 2313 3178 ⁸
2346 3148 2466 3200 τότε
2498 3146 2588 3200 τὸν
2627 3145 2877 3218 ’Δϐραάμ
2905 3145 3299 3209 ἀναδείκνυσιν,
3326 3144 3384 3210 ὅς
3417 3142 3680 3212 ἐπιϐάθρα

423 3245 753 3309 potestatem
790 3254 949 3295 suam
970 3240 1218 3311 redigere
1247 3258 1423 3312 genus
1465 3242 1788 3298 humanum.
1830 3242 2008 3314 llujus

422 3328 504 3385 rei
551 3328 751 3400 gratia,
802 3343 927 3383 cum
967 3329 1179 3401 vigeret
1230 3346 1295 3389 ac
1347 3333 1672 3406 praevaleret
1712 3332 2011 3403 aliquando

423 3421 778 3493 philosophia
804 3421 1207 3488 Chaldaeorum,
1237 3425 1331 3495 qui
1368 3440 1551 3481 rerum
1575 3418 1775 3482 causas
1798 3441 1829 3482 a
1859 3434 2010 3482 certe

432 3512 675 3581 quodam
689 3522 839 3570 motu
856 3514 1092 3571 siderum
1108 3516 1345 3588 pendere
1357 3518 1704 3587 statuebant,
1718 3535 1821 3574 nec
1834 3519 2007 3575 virtu-

426 3614 536 3659 tem
587 3603 880 3677 quamdam
913 3606 1191 3663 sideribus
1212 3608 1606 3680 apparentibus
1626 3610 1919 3679 praesidere
1943 3625 2007 3665 ac

420 3707 661 3763 przeesse
684 3696 969 3765 putabant,
994 3713 1116 3767 qua:
1144 3714 1329 3753 rerum
1360 3699 1733 3769 quarumlibet
1756 3700 2005 3757 eﬁ‘ectrix

421 3792 738 3839 essetztum
779 3786 1155 3849 Abrahamum
1210 3789 1453 3852 exhibet.
1499 3790 1592 3861 qui
1635 3791 1796 3862 quasi
1854 3793 2004 3848 scala

420 3890 557 3961 usus
602 3875 875 3951 ejusmodi
919 3878 1238 3952 disciplina,
1293 3881 1644 3953 investigavit
1688 3883 1863 3949 illum,
1908 3883 2003 3954 qui

420 3979 520 4033 per
554 3980 665 4029 res,
697 3982 820 4041 quae
851 3968 1127 4033 videntur,
1184 3970 1529 4042 intelligitur,
1569 3986 1633 4026 ac
1680 3971 1883 4043 (quasi)
1917 3972 2005 4026 via

422 4054 570 4122 ﬁdei,
598 4072 719 4127 quae
746 4065 831 4114 est
854 4059 911 4113 in
941 4075 1066 4116 eum
1094 4060 1187 4131 qui
1216 4077 1406 4116 revera
1447 4060 1593 4119 Deus
1621 4070 1725 4128 est,
1770 4064 2004 4135 posteris

419 4150 656 4216 exstitit,
689 4165 813 4205 eum
840 4154 960 4223 ipse
999 4154 1194 4209 relicto
1240 4154 1420 4225 patrio
1459 4170 1664 4221 errore,
1719 4164 1883 4226 atque
1915 4171 2000 4220 ea,

418 4253 542 4308 quae
562 4253 826 4295 sensuum
873 4241 1261 4298 instrumentis
1307 4257 1430 4299 esse
1480 4242 1684 4299 dicitur
1737 4259 1859 4299 cum
1915 4258 1999 4304 ea,

419 4346 543 4400 quae
567 4339 792 4403 apparet
820 4331 875 4386 in
906 4333 1071 4389 astris
1103 4345 1382 4402 creatura,
1416 4335 1765 4405 cognatione,
1800 4334 1907 4389 dux
1933 4335 2002 4388 ad

304 4434 305 4437 ‘
416 4436 538 4481 eam
572 4422 732 4483 ﬁdem
764 4423 980 4481 fuisset.
1013 4424 1217 4481 Deinde
1252 4441 1375 4480 cum
1407 4426 1652 4498 Aigyptii
1687 4443 1752 4482 ex
1799 4442 1997 4500 sugge—

2111 3240 2179 3308 τῇ
2205 3237 2426 3311 τοιαύτῃ
2456 3236 2733 3291 παιδεύσει
2758 3238 3121 3309 χρησάμενος,
3150 3238 3451 3309 ἀνεζήτησε
3487 3237 3580 3289 τὸν
3601 3234 3682 3288 διὰ

2110 3328 2220 3383 τῶν
2278 3330 2568 3401 ὁρωμένων
2625 3329 2932 3401 νοούμενον.
2996 3329 3107 3383 Καὶ
3150 3328 3266 3392 ὁδὸς
3328 3331 3442 3393 τοῖς
3491 3326 3683 3397 ἑφεξῆς

2110 3420 2327 3489 ἐγένετο
2358 3420 2592 3485 πίστεως
2620 3423 2719 3493 τῆς
2757 3423 2838 3484 είς
2882 3422 2973 3476 τὸν
2996 3422 3163 3486 ὅντως
3191 3421 3319 3475 δντα
3345 3420 3498 3484 Θεὸν,
3528 3418 3683 3482 αὐτὸς

2109 3512 2247 3584 πρὸς
2278 3512 2479 3584 ταύτην
2508 3512 2981 3586 καθηγησάμενος,
3012 3512 3100 3567 διά
3127 3512 3223 3567 τοῦ
3254 3512 3568 3568 καταλιπεῖν
3589 3510 3685 3581 τὴν

2108 3603 2365 3674 πατρῴαν
2392 3603 2628 3676 ἀπάτην,
2657 3604 2751 3658 καὶ
2772 3602 2869 3675 τὴν
2897 3602 3005 3657 τῶν
3028 3602 3397 3675 αίσθητηρίων
3430 3602 3563 3674 πρὸς
3586 3604 3683 3672 τὴν

2107 3693 2438 3765 φαινομένην
2468 3694 2642 3747 κτίσιν
2690 3693 3031 3762 συγγένειαν.
3070 3690 3202 3748 Εἶτα
3232 3694 3343 3747 τῶν
3375 3692 3682 3762 Αίγυπτίων

2104 3784 2384 3857 δαιμονίαν
2414 3784 2535 3839 τινὰ
2565 3787 2660 3839 καὶ
2696 3789 2959 3860 γοητικὴν
2986 3789 3176 3857 σοφίαν
3202 3786 3592 3859 ὲξευρηκότων,
3622 3785 3685 3849 ἐξ

2106 3876 2405 3947 ὑποθήκης,
2449 3872 2625 3947 οἶμαι,
2660 3877 2754 3932 τοῦ
2802 3880 3060 3944 ποικίλως
3088 3879 3155 3933 δι’
3186 3879 3402 3948 ἀπάτης
3449 3878 3688 3931 καταϐυ-

2105 3968 2362 4033 θίζοντος,
2398 3969 2637 4035 ἀνέδειξε
2666 3971 2759 4024 τὸν
2788 3972 3026 4026 Μωῦσέα
3059 3972 3135 4042 τῷ
3166 3972 3554 4043 ὑπερϐάλλοντι
3586 3972 3686 4042 τῆς

2107 4057 2297 4129 σοφίας
2335 4057 2434 4129 τὴν
2465 4059 2766 4128 Δίγυπτίαν
2815 4061 3032 4134 ἀπάτην
3073 4059 3475 4129 ἐξαφανίσοντα.
3532 4061 3688 4114 Ἐπι-

2102 4150 2357 4219 γινὼσκει
2388 4149 2443 4204 δὲ
2476 4150 2691 4215 πάντως
2718 4152 2810 4206 τὸν
2832 4153 2990 4223 λόγον
3015 4156 3044 4207 6
3070 4154 3169 4223 τὴν
3202 4154 3419 4225 Γραφὴν
3451 4152 3689 4206 ἐπιστά-

2105 4259 2283 4311 μενος,
2326 4242 2461 4307 πῶς,
2483 4244 3039 4315 ἀντετςιδεικνυμένων
3081 4247 3194 4309 τοῖς
3231 4245 3388 4306 θείοις
3427 4245 3687 4313 σημείοις

2100 4332 2209 4385 τῶν
2241 4335 2452 4407 γοήτων
2480 4336 2577 4398 τὰς
2600 4336 2732 4401 ἰδίας
2760 4337 2994 4402 ἀπάτας,
3020 4339 3286 4410 ὑπερέσχε
3314 4336 3451 4391 κατὰ
3475 4337 3688 4408 κράτος

2102 4425 2367 4495 Μωῦσῆς,
2405 4425 2493 4479 διά
2531 4426 2629 4497 τῆς
2666 4426 2869 4482 ἀνωθεν
2904 4429 3214 4500 συμμαχίας
3240 4429 3337 4498 τὴν
3379 4428 3687 4496 Αἰγυπτίαν

417 4515 619 4581 stione,
644 4516 861 4591 opinor,
892 4517 1035 4587 ejus,
1065 4519 1158 4591 qui
1188 4534 1283 4593 per
1311 4520 1494 4574 varias
1523 4518 1742 4576 fraudes
1772 4517 1791 4587 (
1821 4519 1995 4572 homi-

2107 4515 2257 4583 ίσχὺν
2288 4491 2468 4569 πᾶσαν
2508 4491 2854 4585 ἐξαφανίσας.
2890 4491 3050 4581 Net-si";
3175 4491 3335 4571 τοῦτο
3360 4491 3467 4571 διά⁷
3487 4535 3550 4570 τε
3579 4519 3685 4571 τῶν

415 4606 561 4685 nes)
597 4607 885 4680 demergit,
920 4608 1228 4664 mirabilem
1264 4611 1556 4679 quamdam
1594 4620 1649 4665 et
1678 4609 1989 4680 praestigia-

413 4701 607 4756 tricem
650 4701 1003 4755 calliditatem
1046 4701 1408 4768 invenissent,
1456 4702 1705 4757 exhibuit
1743 4700 1989 4775 Moysen,

420 4790 509 4860 qui
562 4790 847 4865 sapientiae
899 4792 1219 4848 excellentia
1299 4792 1682 4871 Egyptiorum
1739 4791 1986 4847 fraudem

416 4880 713 4949 expelleret
746 4888 801 4936 et
817 4880 1080 4936 aboleret.
1100 4881 1363 4952 Agnoscit
1396 4890 1575 4936 autem
1614 4893 1844 4950 prorsus
1871 4892 1987 4932 rem

414 4978 648 5038 gestam,
699 4971 767 5029 de
817 4987 925 5043 qua
981 4973 1196 5047 loquor,
1253 4975 1349 5044 qui
1408 4971 1748 5045 Scripturam
1802 4971 1985 5034 novit,

413 5062 690 5133 quomodo
729 5079 853 5118 eum
902 5066 1330 5138 praestigiatores
1364 5066 1445 5123 illi
1472 5064 1674 5120 divinis
1720 5063 1892 5135 signis
1921 5079 1989 5118 ex

413 5153 648 5209 adverso
706 5169 929 5210 suarum
986 5154 1239 5213 fraudum
1318 5155 1596 5231 specimen
1662 5155 1986 5225 praeberent,

413 5244 628 5317 Moyses
673 5246 931 5302 omnibus
962 5247 1137 5302 modis
1166 5247 1415 5318 superior
1448 5246 1641 5313 fuerit,
1668 5253 1722 5301 et
1758 5259 1992 5319 superne

411 5339 617 5393 auxilio
677 5320 848 5394 misso
910 5355 1102 5394 omnes
1165 5338 1457 5416 Egyptias
1516 5340 1663 5395 vires
1711 5337 1986 5394 deleverit.

2099 4603 2297 4667 ἄλλων,
2331 4608 2424 4660 καὶ
2457 4605 2536 4679 τῷ
2575 4607 2682 4662 τῶν
2712 4608 2923 4679 ῥάϐδων
2955 4610 3258 4681 αἰνίγματι.
3307 4611 3604 4681 Προϊόντος
3631 4610 3686 4662 δὲ

2097 4693 2192 4748 τοῦ
2244 4696 2457 4766 χρόνου,
2510 4698 2605 4755 καὶ
2664 4698 2771 4751 τῶν
2832 4700 3180 4771 Ἰσραηλιτῶν
3223 4701 3291 4755 δι’
3324 4699 3594 4772 ἀναρχίας
3630 4703 3686 4753 ὲν

2097 4786 2536 4861 δημοκρατορικῇ
2570 4790 2829 4861 συγχύσει
2872 4791 3209 4862 πλημμελῶς
3234 4792 3620 4862 διακειμένων,
3660 4793 3684 4844 6

2100 4877 2354 4953 Σαμουὴλ
2380 4878 2752 4947 ἀναφαίνεται,
2780 4879 2998 4951 κρατῶν
3023 4881 3089 4934 δι’
3115 4879 3308 4933 ἑαυτοῦ
3328 4879 3387 4931 τὸ
3415 4880 3677 4949 ὑπήκοον,

2100 4970 2194 5022 καὶ
2226 4970 2323 5041 τῆς
2365 4970 2502 5040 πρὸς
2531 4972 2658 5034 τοὺς
2687 4971 3016 5040 ἀλλοφύλους
3058 4971 3337 5042 ἐπιμιξίας
3362 4971 3675 5043 ἀπείργων·

2098 5048 2217 5116 εἶτα
2261 5062 2397 5133 πρὸς
2445 5062 2720 5133 βασιλείας
2766 5065 3099 5118 κατάστασιν
3144 5064 3242 5135 τὴν
3279 5063 3551 5135 ἀναρχίαν
3588 5079 3676 5133 με·

2097 5155 2460 5218 τασκευάσας,
2497 5155 2845 5227 συνήθροισεν
2875 5156 3007 5210 αὐτὸ
3046 5156 3173 5227 περὶ
3220 5155 3383 5210 ἑαυτὸ
3418 5155 3481 5209 τὸ
3522 5154 3675 5209 ἀλλό-

2098 5248 2298 5315 φυλον,
2340 5247 2439 5318 τῆς
2484 5247 2768 5321 βασιλικῆς
2812 5249 3129 5314 δυναστείας
3175 5249 3471 5320 νομοθέτης
3524 5247 3674 5319 γενό-

2102 5355 2280 5409 μενος.

3828 3974 3829 4017 l

3825 4408 3827 4489 ι

411 5427 676 5501 lntelligis
706 5440 886 5486 autem
920 5431 1025 5487 hoc
1057 5447 1179 5487 cum
1208 5447 1305 5505 per
1342 5432 1479 5487 alias
1513 5446 1617 5497 res,
1651 5441 1761 5485 tum
1796 5446 1891 5501 per
1918 5430 2194 5499 virgarum
2218 5431 2467 5504 aenigma.
2498 5431 2766 5490 Processu
2795 5433 2991 5491 deinde
3021 5435 3299 5506 temporis,
3340 5448 3469 5491 cum
3507 5434 3674 5490 etiam

410 5516 782 5577 lsraelitarum
829 5536 916 5576 res
956 5537 1052 5599 per
1084 5536 1207 5578 eum
1258 5528 1481 5589 statum,
1518 5536 1628 5599 quo
1666 5519 1866 5573 nullius
1911 5517 2044 5573 certi
2096 5520 2446 5591 magistratus
2494 5520 2723 5594 imperio
2773 5523 3213 5592 continebantur,
3263 5523 3316 5577 in
3355 5522 3674 5593 promiscua

482 5701 503 5735 ³
518 5701 656 5761 Dan.
685 5721 803 5772 χιιι,
840 5705 928 5763 42.
