3918 6204
323 280 437 339 793

1447 304 1514 359 IN
1554 306 1835 367 LAUDEM
1872 312 2177 373 FRATRIS
2222 318 2480 380 BASILII.

3491 342 3592 399 794

326 405 515 507 populi
561 413 724 478 atque
774 409 1005 468 confusa
1056 420 1327 512 potestate
1369 417 1509 475 male
1553 435 1675 478 sese
1711 423 2008 496 haberent,
2052 430 2285 504 Samuel.
2324 436 2558 502 exsistit,
2595 437 2689 509 qui
2737 457 2834 512 per
2885 459 3009 501 sese
3041 447 3292 505 subditos
3325 450 3381 506 in
3420 453 3595 512 olIicio

324 497 656 562 contineret,
689 509 740 555 et
780 506 1244 604 anconsuetudine
1288 515 1453 580 atque
1483 517 1814 574 commercio
1850 519 2277 595 alienigenarum
2324 530 2670 600 prohiberet,
2706 497 2902 592 deinde
2940 553 3065 594 cum
3102 541 3254 597 illum
3302 546 3592 604 confusum

322 599 554 697 statum,
585 608 697 697 quo
724 594 911 651 nullus
950 604 1137 657 certus
1177 600 1530 673 magistratus
1571 616 1711 675 erat,
1751 610 1820 666 ad
1857 594 2505 696 constitutionem—regni
2550 594 2904 697 traduxisset,
2945 594 3427 695 duodecim—tribus

320 688 573 757 gregavit
611 688 667 744 in
711 705 902 756 unum,
942 700 997 747 et
1032 696 1241 766 regium
1282 697 1571 770 imperium
1600 703 1718 774 lege
1754 707 1863 762 lata
1893 713 2096 769 sanxit.

402 780 554 834 Μετά
573 781 745 838 ταῦτα
763 785 820 841 δὲ
843 785 1062 852 πολλαῖς
1082 787 1307 862 ὕστερον
1328 797 1562 863 γενεαῖς,
1582 798 1673 851 ὅτε
1701 799 1906 871 ’Δχαὰδ

2080 809 2396 868 Secundum
2460 814 2576 870 haec
2637 816 2828 873 multis
2915 828 3042 889 post
3110 829 3407 890 aatattnus,
3463 843 3588 882 cum

322 873 555 941 ἐκεῖνος,
591 876 655 930 τὸ
711 882 1020 947 γυναικεῖον
1072 883 1424 956 ἀνδράποδον,
1485 890 1647 955 αύτός
1694 910 1755 946 τε
1803 895 1911 949 τῶν

323 968 601 1041 πατρῴων
626 971 836 1044 ἀπέστη
869 973 1105 1046 Θεσμῶν,
1136 980 1357 1047 γυναικὶ
1383 981 1618 1058 χλιδώσῃ
1659 986 1913 1042 δεδουλω-

326 1058 515 1130 μένος,
543 1061 637 1116 καὶ
665 1063 766 1135 τὴν
804 1064 914 1119 τῶν
946 1068 1180 1123 εἰδώλων
1208 1071 1418 1143 πλάνην
1445 1074 1515 1128 δι’
1542 1077 1758 1149 ἐκείνης
1788 1081 1912 1134 ἐπι-

325 1155 700 1225 σπασάμενος,
749 1160 1158 1232 συναπέστησεν
1208 1165 1386 1237 ἐαυτῷ
1433 1166 1526 1221 τὸν
1572 1170 1912 1242 Ἰσραηλίτην

323 1244 457 1297 λαόν
476 1261 490 1275 ·
513 1246 633 1299 τότε
655 1248 1032 1306 ἀναδείκνυσιν
1049 1254 1077 1305 ό
1098 1252 1230 1318 Θεὸς
1247 1256 1337 1309 τὸν
1372 1256 1556 1313 Ἦλίαν
1585 1259 1911 1333 ἀντίρροπον

325 1333 520 1423 έχοντα
570 1335 649 1407 τῷ
702 1338 921 1408 μεγέθει
966 1342 1068 1415 τῆς
1109 1344 1265 1398 νόσου
1312 1347 1419 1400 τῶν
1465 1348 1764 1421 ἀνθρώπων
1812 1352 1911 1423 τὴν

323 1422 736 1494 θεραπεύουσαν
773 1428 1023 1501 δύναμιν,
1052 1432 1242 1505 ἄνδρα,
1292 1437 1349 1491 ὲν
1380 1437 1651 1511 ὑπεροψίᾳ
1690 1441 1789 1513 τῆς
1821 1422 1910 1496 θε-

326 1515 566 1581 ραπείας
604 1517 699 1571 τοῦ
734 1518 1005 1591 σώματος,
1051 1524 1349 1596 αὐχμῶντα
1378 1527 1439 1581 τὸ
1467 1529 1777 1600 πρόσωπον,
1815 1535 1911 1589 καὶ

322 1604 407 1674 τῷ
437 1603 633 1676 πλήθει
662 1603 772 1661 τῶν
801 1608 944 1664 ίδίων
991 1608 1193 1684 τριχῶν
1240 1618 1616 1688 σκιαζόμενον,
1669 1620 1910 1694 ἰδιαστήν

322 1697 409 1768 τῷ
447 1697 570 1769 βίῳ,
611 1700 806 1771 σεμνὸν
840 1702 1116 1774 προσιδεῖν
1139 1706 1198 1760 ἐν
1235 1707 1445 1778 ἀμειδεῖ
1492 1710 1570 1782 τῷ
1610 1712 1908 1786 προσώπῳ,

326 1787 425 1842 καὶ
460 1792 884 1863 συννενευμὲνον
907 1794 987 1867 τῷ
1016 1795 1308 1870 βλέμματι,
1338 1799 1566 1873 δέρματι
1607 1806 1799 1878 αἰγείῳ
1821 1824 1909 1860 το-

326 1881 520 1936 σοῦτον
534 1883 628 1938 τοῦ
655 1885 905 1957 σώματος
932 1887 1304 1963 σκέπ[τ]οντα,
1323 1894 1446 1948 ὅσον
1473 1895 1908 1971 εὐπρεπέστερόν

324 1976 445 2029 ἐστι
470 1976 897 2050 καλυπτόμενον,
922 1982 1000 2053 τῷ
1022 1982 1078 2036 δὲ
1096 1983 1268 2056 λοιπῷ
1288 1984 1750 2060 διακαρτεροῦντα
1774 1991 1910 2062 πρὸς

322 2074 419 2127 τὸν
442 2073 600 2145 ἀέρα,
636 2073 729 2125 καὶ
755 2071 911 2126 οὐδὲν
941 2072 1077 2143 πρὸς
1099 2073 1197 2145 τὴν
1221 2076 1286 2129 ὲκ
1327 2076 1420 2130 τοῦ
1453 2077 1689 2143 θάλπους
1724 2097 1784 2133 τε
1815 2081 1909 2134 καὶ

2013 899 2259 967 Achaab,
2286 904 2536 962 mulieris
2566 907 2701 961 illud
2735 909 3095 980 mancipium,
3133 921 3187 967 et
3216 913 3334 983 ipse
3377 919 3590 988 patrios

2014 992 2158 1050 ritus
2210 1008 2495 1051 sacrorum
2555 998 2913 1068 deseruisset,
2954 1002 3172 1058 mulieri
3230 1005 3474 1063 delicata:
3528 1025 3590 1063 ac

2013 1085 2164 1143 molli
2201 1088 2474 1144 obnoxius
2513 1088 2712 1157 lactus,
2743 1102 2796 1146 et
2838 1107 2936 1163 per
2970 1095 3119 1149 illam
3160 1098 3334 1152 ascito
3360 1099 3588 1155 simula-

2014 1191 2234 1232 crorum
2289 1194 2493 1248 errore,
2566 1181 2635 1235 ad
2687 1184 2932 1239 eamdem
2990 1201 3176 1241 secum
3228 1189 3588 1246 defectionem

2012 1268 2375 1325 lsraeliticum
2408 1274 2670 1343 populum
2713 1276 2995 1342 traxisset,
3038 1288 3167 1333 tunc
3197 1279 3342 1337 Deus
3371 1283 3591 1337 exhibet

2012 1356 2210 1426 Eliam,
2246 1362 2339 1431 qui
2392 1364 2759 1434 magnitudini
2808 1366 3089 1423 hominum
3125 1372 3299 1426 morbi
3333 1387 3492 1443 pares
3520 1374 3588 1430 ad

2011 1450 2320 1506 sanandum
2350 1452 2501 1509 vires
2532 1454 2779 1523 haberet,
2807 1460 3010 1524 virum,
3035 1460 3128 1530 qui
3155 1462 3495 1518 curationem
3534 1472 3590 1520 et

2012 1541 2222 1596 cultum
2265 1544 2516 1613 corporis
2567 1540 2893 1618 despiceret,
2952 1549 3094 1607 facie
3152 1554 3446 1623 squalenti,
3491 1556 3585 1625 qui

2011 1632 2365 1691 multitudine
2405 1652 2634 1693 suorum
2679 1640 2916 1696 crinium
2974 1643 3429 1711 obumbraretur,
3490 1648 3584 1717 qui

2010 1726 2277 1795 peculiari
2303 1730 2465 1785 modo
2505 1731 2722 1787 vivendi
2758 1740 3025 1802 uteretur,
3056 1748 3284 1807 aspectu
3313 1753 3584 1795 veneran-

2011 1815 2163 1882 dum,
2198 1819 2353 1874 vultu
2387 1821 2533 1877 tristi
2579 1836 2646 1879 ac
2702 1825 2848 1880 risus
2905 1828 3136 1896 experti,
3171 1828 3364 1884 obtutu
3397 1829 3588 1886 oculo-

2010 1923 2132 1963 rum
2166 1919 2321 1966 recto
2351 1921 2407 1968 ct
2431 1912 2622 1969 eodem
2653 1930 2762 1984 quo
2793 1917 3119 1974 intendisset
3140 1922 3405 1991 vergenti,
3451 1921 3589 1990 pelle

2010 2000 2237 2071 caprina
2269 2009 2479 2059 tantum
2503 2004 2570 2061 de
2586 2021 2820 2077 corpore
2847 2016 3143 2079 tegentem,
3165 2021 3433 2082 quantum
3460 2014 3589 2068 abs-

2010 2093 2173 2148 condi
2208 2096 2382 2167 magis
2427 2097 2688 2153 decorum
2733 2108 2841 2167 est,
2889 2103 3099 2174 reliqua
3139 2113 3294 2174 parte
3339 2106 3588 2176 corporis

321 2166 530 2237 κρύους
556 2164 869 2235 ἀνωμαλίαν
899 2166 1376 2239 ἐπιστρεφόμενον.
1412 2170 1505 2231 ὐς
1522 2170 1817 2239 ἀναφανεὶς
1832 2169 1908 2241 τῷ

2013 2185 2080 2239 ad
2103 2200 2230 2240 aera
2265 2164 2673 2257 perdurantem,
2706 2199 2761 2248 et
2794 2164 2932 2248 nihil
2976 2164 3322 2266 iniquitatem
3354 2205 3409 2252 et
3439 2164 3591 2267 inju-

319 2254 458 2325 λαῷ,
492 2258 555 2326 τῇ
583 2272 641 2308 τε
685 2254 773 2308 διὰ
826 2255 920 2309 τοῦ
966 2254 1126 2328 λιμοῦ
1176 2257 1398 2330 μάστιγι
1451 2260 1772 2331 σωφρονίζει
1816 2260 1907 2315 τὸν

333 2348 579 2420 Ἰσραὴλ,
628 2346 879 2420 καθάπερ
919 2349 1026 2402 τινὶ
1085 2350 1324 2422 σκυτάλῃ
1369 2353 1434 2423 τῇ
1467 2352 1693 2426 τοιαύτῃ
1723 2353 1909 2426 πληγῇ

313 2439 428 2509 τῆς
457 2439 679 2504 ἀταξίας
714 2440 806 2493 τοῦ
844 2439 972 2493 λαοῦ
1003 2438 1414 2511 καθαπτόμενος
1434 2455 1448 2470 ⁸
1483 2442 1623 2512 μετά
1650 2443 1823 2498 ταῦτα
1850 2445 1907 2500 δὲ

316 2530 421 2583 καὶ
447 2529 526 2600 τῷ
556 2528 682 2600 θείῳ
727 2529 861 2599 πυρὶ
906 2527 984 2598 τῷ
1026 2528 1154 2600 περὶ
1201 2527 1301 2600 τὴν
1343 2531 1652 2602 ἱερουργίαν
1681 2549 1908 2605 γεγενηη

320 2618 474 2689 μένῳ
494 2617 785 2690 θεραπεύει
815 2617 912 2688 τὴν
941 2618 1071 2688 περὶ⁸
1096 2618 1166 2673 τά
1196 2619 1391 2673 εἴδωλα
1412 2620 1584 2676 νόσον.
1626 2617 1764 2677 Εἶτα
1786 2626 1905 2695 μετ’

316 2713 531 2764 ἐκεῖνον
566 2709 721 2773 ἄλλος
754 2711 961 2772 ἐκεῖνος
1002 2708 1216 2781 χρόνοις
1254 2709 1479 2782 ὕστερον
1509 2711 1749 2768 πλείοσιν
1774 2716 1908 2771 ἀνα-

316 2803 596 2875 φαίνεται,
645 2805 675 2858 ὁ
720 2806 779 2858 ἐν
826 2804 1096 2876 πνεύματι
1148 2804 1243 2858 καὶ
1292 2804 1518 2877 δυνάμει
1582 2790 1764 2863 Ἠλίου
1795 2808 1909 2880 ⁵διὰ

316 2898 594 2970 Ζαχαρίου
646 2898 743 2952 καὶ
808 2896 1088 2952 Ἐλισάδετ
1135 2896 1481 2969 ἐπιδημήσας
1524 2898 1604 2971 τῷ
1636 2898 1758 2971 βίῳ,
1811 2901 1908 2955 καὶ

318 2993 474 3046 ἅπαν
521 2990 586 3043 τὸ
641 2989 794 3054 ἔθνος
849 2988 1290 3060 ἐξεκκλησιάζων
1343 2992 1404 3045 ἐν
1453 2992 1519 3061 τῇ
1572 2993 1762 3064 ἐρήμῳ
1817 2991 1909 3047 διά

318 3082 701 3154 κηρύγματος,
754 3083 847 3136 καὶ
888 3082 950 3135 τὸ
980 3081 1072 3134 ἐπὶ
1114 3080 1192 3153 τῷ
1230 3082 1422 3152 αἵματι
1456 3081 1566 3136 τῶν
1611 3084 1908 3155 προφητῶν

316 3174 543 3245 λύθρον,
576 3174 669 3228 καὶ
697 3173 766 3227 τά
791 3173 1110 3229 παντοδαπὰ
1133 3174 1439 3245 μιάσματα,
1469 3174 1563 3229 καὶ
1588 3174 1660 3228 τὰ
1688 3175 1909 3231 ποικίλα

314 3267 422 3339 τῆς
447 3266 721 3338 ἁμαρτίας
739 3266 914 3338 δεσμά
932 3281 947 3295 ·
975 3262 1056 3330 οἷς
1081 3266 1445 3338 ὑποδημάτων
1468 3267 1625 3340 δίκην
1656 3268 1797 3329 κατὰ
1816 3270 1907 3324 τὸν

317 3358 517 3431 χρόνον
553 3360 755 3413 ἐκεῖνον
794 3358 939 3422 ἀπας
992 3359 1022 3412 ὁ
1066 3358 1193 3423 λαὸς
1245 3360 1547 3418 ἐνεδέδετο·
1607 3361 1789 3416 πάντα
1838 3363 1909 3418 τὰ

318 3448 548 3505 τοιαῦτα
582 3449 658 3520 τῷ
691 3467 751 3504 τε
777 3449 1091 3521 κηρύγματι
1118 3450 1219 3520 τῆς
1249 3449 1536 3520 μετανοίας
1555 3450 1782 3518 ἐκλύων,
1813 3454 1908 3506 καὶ

319 3542 404 3613 τῷ
431 3515 874 3617 περιρραντηρίῷ
921 3515 1073 3596 θδατι
1104 3515 1263 3596 κατὰ*
1282 3542 1375 3596 τὸν
1399 3542 1673 3614 Ἰορδάνην
1702 3515 1905 3597 ἐκπλύ-
1934 3515 1977 3574 C

322 3654 454 3703 νων,
474 3638 531 3690 ἐν
546 3635 721 3689 ούδενὶ
744 3634 809 3696 τὸ
827 3634 1046 3688 ἔλαττον
1065 3632 1182 3688 «τῶν
1204 3635 1263 3690 ὲν
1290 3634 1458 3705 ἀρετῇ
1481 3634 1904 3706 προωδευκότων

322 3733 385 3785 ἐν
414 3731 527 3793 τοῖς
559 3728 700 3784 κατά
733 3727 863 3782 Θεὸν
907 3726 1235 3794 ἐπεδείξατο.
1279 3727 1344 3781 Τί
1387 3725 1443 3781 δὲ
1489 3727 1625 3798 μετά
1660 3726 1848 3785 τοῦτον
1878 3731 1907 3784 δ

324 3819 540 3884 Παῦλος
568 3819 706 3891 πρὸς
735 3819 797 3873 τὸ
825 3818 1126 3891 ἀκρότατον
1154 3817 1255 3889 τῆς
1286 3817 1430 3872 κατά
1463 3818 1596 3873 Θεὸν
1623 3820 1905 3892 προκοπῆς

323 3914 662 3985 ἀναδραμεῖν
702 3911 947 3983 ἐκωλύθη
975 3909 1307 3983 δευτερεύων
1333 3909 1412 3981 τῷ
1446 3911 1659 3983 χρόνῳ;
1689 3912 1790 3966 οὐκ
1817 3914 1908 3967 εὑ-

324 4003 424 4068 θὺς
474 4002 708 4074 ἐραστὴς
758 3999 852 4057 τοῦ
897 3999 1044 4053 θείου
1101 3998 1331 4062 κάλλους
1370 3999 1605 4068 ἐγένετο,
1655 3999 1748 4053 τοῦ
1793 4002 1908 4064 τοῖς

322 4094 627 4166 ὀφθαλμοῖς
684 4091 1154 4164 ἐναστράψαντος,
1212 4088 1347 4161 ὁμοῦ
1403 4089 1481 4161 τῷ
1531 4091 1630 4155 τάς
1686 4091 1909 4155 λεπίδας

321 4187 618 4243 ἀποϐαλεῖν
668 4184 775 4239 τῶν
836 4182 1119 4254 ὀμμάτων,
1182 4182 1237 4235 αἶ
1302 4181 1566 4252 σύμὸολον
1621 4178 1762 4254 ἦσαν
1814 4181 1906 4237 τοῦ

324 4276 683 4351 περικαρδίου
710 4273 1099 4345 καλύμματος,
1135 4271 1164 4325 ὃ
1212 4272 1589 4343 περικείμενον
1621 4272 1699 4345 τῷ
1731 4273 1909 4345 διορα-

322 4368 462 4439 τικῷ
488 4366 598 4421 τῶν
630 4364 897 4419 Ἰουδαίων
918 4362 1128 4436 ψυχῶν,
1149 4362 1475 4432 τυφλώττειν
1496 4363 1691 4428 αὐτοὺς
1728 4382 1907 4437 παρα-

323 4458 581 4523 σκευάζει
603 4457 739 4528 πρδς
767 4456 865 4526 τὴν
886 4455 1143 4527 ἀλήθειαν
1162 4472 1177 4522 ;
1205 4454 1320 4507 Οὐκ
1338 4454 1524 4526 ἐπειδὴ
1546 4454 1625 4526 τῷ
1656 4456 1906 4527 μυστικῷ

321 4549 535 4623 λουτρῷ
559 4549 651 4603 τὸν
672 4549 771 4620 τῆς
804 4546 1026 4617 ἀγνοίας
1063 4563 1120 4599 τε
1156 4546 1250 4599 καὶ
1278 4546 1494 4618 ἀπάτης
1526 4547 1697 4619 ῥύπον
1739 4551 1908 4603 ἐναπ-

323 4642 496 4705 έθετο,
544 4639 705 4701 εὐθὺς
737 4636 875 4709 πρὸς
921 4637 981 4690 τὸ
1032 4635 1301 4708 θειότερον
1349 4639 1755 4712 μετεσκευάσθη
1809 4643 1911 4714 τὴν

323 4733 508 4803 φύσιν,
546 4730 641 4785 καὶ
669 4723 780 4784 οἷον
814 4728 973 4793 ἐκδὺς
1013 4728 1114 4800 τὴν
1147 4730 1380 4798 παχεῖαν
1415 4727 1619 4802 ταύτην
1652 4732 1746 4785 καὶ
1777 4750 1909 4817 σαρ-

325 4919 643 4990 εχωρίαζεν,
668 4916 820 4971 οὐδὲν
834 4915 999 4987 βαρού
1008 4933 1165 4986 μενος
1182 4914 1259 4987 τῷ
1271 4916 1505 4987 ἐφολκίῳ
1520 4916 1616 4970 τοῦ
1636 4917 1902 4989 σώματος,

326 5014 421 5067 καὶ
442 5012 594 5075 ἐντὸς
621 5010 839 5080 ἐγένετο
871 5010 970 5080 τῆς
1000 5008 1150 5073 θείας
1177 5008 1272 5061 τοῦ
1306 5008 1635 5081 παραδείσου
1657 5013 1902 5079 φυτείας,

323 5106 444 5158 ἐκεῖ
480 5103 579 5174 τὴν
619 5102 859 5175 ἄρρητον
892 5098 1280 5171 μυσταγωγίαν
1314 5098 1464 5169 παρά
1504 5098 1602 5169 τῆς
1649 5098 1904 5169 ἀληθείας

320 5195 720 5265 τελειούμενος,
761 5192 1013 5247 κάκεῖθεν
1040 5191 1333 5263 λαμϐάνων
1362 5191 1454 5245 τοῦ
1482 5190 1639 5261 λόγου
1671 5193 1770 5265 τὴν
1816 5194 1905 5248 δύ-

328 5304 491 5357 ναμιν
513 5288 594 5350 εἰς
618 5286 866 5359 ὑπακοὴν
884 5284 984 5355 τῆς
1012 5284 1248 5347 πίστεως
1274 5285 1333 5337 ἐν
1361 5285 1496 5338 πᾶσι
1521 5286 1633 5347 τοῖς
1657 5284 1864 5341 ἔθνεσιν
1885 5306 1901 5355 ;

319 5380 491 5434 Ὅθεν
517 5378 715 5451 μικροῦ
742 5379 852 5433 δεῖν
876 5379 973 5450 τῆς
1001 5376 1324 5448 οίκουμένης
1360 5376 1542 5448 πάσης
1567 5376 1745 5453 πατὴρ
1767 5378 1912 5448 γίνε-

320 5494 436 5541 ται,
485 5475 577 5530 διά
619 5475 729 5530 τῶν
772 5457 1159 5545 πνευματικῶν
1203 5474 1407 5529 ὠδίνων
1434 5477 1513 5540 είς
1549 5476 1664 5545 φῶς
1698 5479 1909 5545 ἐνάγων

320 5571 453 5631 τοὺς
476 5568 545 5623 δι’
577 5567 741 5622 αὐτοῦ
769 5568 1177 5641 μορφουμένους
1210 5566 1350 5622 κατά
1376 5569 1610 5640 Χριστὸν
1634 5570 1713 5633 είς
1750 5571 1907 5624 εύσὲ-

322 5661 502 5715 σειαν.
534 5659 597 5714 El
639 5660 823 5715 τοίνυν
851 5660 945 5714 ἐπὶ
973 5659 1082 5714 τῶν
1113 5659 1288 5716 ἀλλων
1330 5660 1520 5729 ἁγίων,
1553 5662 1587 5732 η
1633 5662 1773 5716 κατά
1817 5663 1908 5717 τὸν

324 5754 522 5827 χρόνον
553 5753 705 5824 τάξις
734 5754 885 5811 ούδὶν
915 5756 1011 5829 τῆς
1044 5752 1182 5808 κατὰ
1209 5752 1341 5808 Θεὸν
1366 5755 1648 5828 προκοπῆς
1674 5757 1916 5827 ἠλάττω-

2010 2276 2147 2332 riam
2174 2279 2260 2334 vel
2285 2288 2453 2337 aestus
2488 2282 2570 2338 vel
2598 2282 2823 2354 lrigoris
2850 2297 3155 2355 curantem,
3193 2288 3286 2359 qui
3316 2304 3439 2343 cum
3486 2302 3587 2359 po-

2008 2369 2137 2437 pulo
2165 2370 2447 2428 exhibitus
2476 2382 2645 2440 esset,
2693 2376 2930 2445 primum
2977 2378 3191 2449 ﬂagello
3222 2378 3383 2435 lamis
3414 2379 3589 2436 Israe-

2006 2459 2111 2516 lem
2144 2462 2212 2516 ad
2262 2463 2555 2519 sanitatem
2593 2465 2830 2533 reducit,
2870 2468 3041 2523 veluti
3084 2470 3299 2524 scutica
3348 2472 3584 2541 quadam

2006 2549 2277 2620 ejusmodi
2306 2554 2462 2627 plaga
2499 2564 2661 2628 atque
2700 2573 2863 2629 poena
2898 2559 3252 2617 insolentiam
3291 2563 3477 2634 populi
3521 2578 3588 2620 ac

2008 2645 2370 2715 petulantiam
2389 2648 2713 2719 incessens;
2744 2651 2943 2708 deinde
2970 2652 3378 2719 etiam,'divino
3408 2656 3462 2710 in
3493 2671 3587 2713 sa-

2005 2734 2218 2792 crificio
2268 2737 2381 2808 igni
2437 2740 2678 2797 excitato
2714 2780 2731 2807 ,
2777 2748 2936 2797 curat
2971 2743 3223 2799 morbum
3263 2745 3589 2803 simulacro-

2006 2841 2128 2882 rum
2158 2827 2361 2886 cultus.
2396 2828 2602 2887 Deinde
2628 2832 2933 2889 secundum
2957 2832 3111 2889 illum
3138 2834 3280 2891 alius
3317 2835 3410 2891 ille
3436 2851 3589 2892 com-

2008 2916 2262 2989 pluribus
2291 2919 2638 2991 temporibus
2661 2929 2787 2993 post
2815 2922 3057 2988 exsistit,
3088 2924 3184 2995 qui
3215 2924 3271 2980 in
3303 2924 3501 2996 spiritu
3533 2934 3590 2983 et

2007 3008 2213 3065 virtute
2243 3007 2375 3065 Elia:
2403 3026 2501 3081 per
2534 3010 2861 3068 Zachariam
2916 3019 2972 3069 et
3019 3012 3354 3077 Elisabetam
3386 3015 3589 3086 produ-

2008 3106 2155 3167 ctus,
2194 3108 2249 3157 et
2273 3101 2328 3157 in
2357 3102 2468 3157 vita
2494 3111 2747 3160 versatus
2770 3110 2877 3171 est,
2912 3112 3076 3175 atque
3119 3105 3430 3161 universam
3458 3122 3590 3177 gen-

2008 3199 2118 3247 tem
2154 3193 2209 3246 in
2247 3193 2546 3249 solitudine
2598 3209 2696 3264 per
2745 3194 3186 3265 praedicationem
3223 3196 3314 3267 (ad
3353 3196 3432 3267 se)
3462 3212 3589 3252 evo-

2007 3296 2141 3340 cans
2174 3300 2189 3338 :
2236 3289 2293 3339 et
2320 3284 2512 3340 sordes
2542 3284 2612 3339 ob
2644 3285 2965 3355 sanguinem
2995 3287 3388 3356 prophetarum
3430 3285 3590 3358 (ell'u-

2009 3374 2157 3445 sum)
2200 3381 2538 3440 contractas,
2568 3380 2624 3430 et
2662 3375 2992 3446 multiplicia
3023 3376 3261 3447 piacula,
3296 3377 3589 3448 variosque

2008 3465 2218 3537 peccati
2254 3465 2452 3533 nodos,
2492 3466 2696 3538 quibus
2728 3466 3225 3523 calceamentorum
3273 3467 3331 3522 in
3365 3466 3585 3522 modum

2010 3557 2066 3612 in
2128 3556 2224 3611 illo
2270 3565 2519 3627 tempore
2580 3557 2872 3613 universus
2921 3558 3159 3628 populus
3199 3557 3501 3628 implicitus
3532 3565 3589 3611 ct

2005 3647 2247 3718 illigatus
2275 3658 2391 3703 erat
2421 3665 2434 3701 :
2472 3646 2654 3703 omnia
2683 3645 2953 3716 ejusmodi
2983 3648 3146 3712 mala,
3172 3662 3296 3701 cum
3323 3646 3589 3716 praedica-

2006 3739 2155 3793 tione
2188 3738 2528 3809 paenitentiae
2559 3738 2902 3803 dissolveret,
2940 3748 2994 3794 et
3030 3754 3187 3810 aquze
3213 3739 3587 3810 circumsper-

2005 3829 2162 3885 sione
2192 3829 2259 3885 ad
2288 3828 2584 3886 Iordanem
2628 3831 2856 3897 clueret,
2894 3832 2948 3887 in
2994 3833 3143 3888 nulla
3182 3848 3243 3888 rc
3275 3832 3458 3889 divina
3486 3834 3590 3888 mi-

2006 3936 2112 3976 nus
2142 3921 2418 3991 praestitit,
2471 3935 2637 3992 quam
2685 3922 2764 3977 illi
2806 3923 2898 3993 qui
2953 3924 3008 3979 in
3058 3925 3322 3981 exercitio
3368 3925 3587 3981 virtutis

2009 4021 2139 4069 ante
2168 4030 2294 4069 eum
2321 4013 2561 4069 fuerunt.
2600 4011 2742 4079 Quid
2772 4014 2901 4069 item
2939 4026 3065 4085 post
3094 4016 3240 4070 hunc
3262 4015 3487 4084 Paulus,
3522 4032 3588 4071 eo

2007 4106 2152 4177 quod
2193 4115 2433 4176 tempore
2468 4105 2738 4175 posterior
2765 4117 2928 4170 esset,
2962 4107 3027 4160 ad
3056 4123 3329 4162 summum
3358 4108 3585 4177 gradum

2008 4196 2182 4253 divini
2216 4209 2543 4265 progressus
2569 4202 2625 4249 et
2656 4194 2982 4249 incrementi
3021 4195 3252 4250 evadere
3276 4196 3587 4265 prohibitus

2008 4288 2126 4343 est?
2156 4301 2341 4342 annon
2393 4286 2645 4357 protinus
2673 4286 2872 4341 divina:
2894 4286 3349 4355 pulchritudinis,
3377 4302 3497 4358 quae
3530 4288 3585 4343 in

2009 4380 2185 4437 oculis
2217 4379 2339 4450 ejus
2382 4376 2695 4447 refulserat,
2748 4386 2959 4433 amator
2979 4378 3211 4445 exstitit,
3257 4379 3588 4452 simulatque

2011 4473 2082 4529 ab
2115 4472 2291 4529 oculis
2332 4487 2592 4543 squamas
2636 4471 2864 4543 rcjccit?
2892 4488 3015 4543 qua:
3074 4486 3317 4542 squamae
3368 4473 3584 4543 signum

2011 4572 2174 4620 erant
2208 4563 2532 4636 tegumenti,
2570 4577 2680 4633 quo
2717 4577 2816 4618 cor
2846 4562 3010 4636 (ejus)
3037 4562 3334 4618 obductum
3366 4561 3583 4617 fuerat:

2013 4672 2125 4727 quo
2157 4664 2477 4727 tegumento
2536 4653 2850 4710 Judaeorum
2902 4655 3208 4711 animarum
3261 4655 3408 4709 acies
3463 4669 3588 4724 per-

1970 4782 1973 4785 λ
2011 4749 2255 4819 spectiva
2287 4748 2525 4802 obducta
2567 4754 2731 4818 atque
2770 4748 3031 4819 obligata,
3063 4763 3240 4804 caecos
3281 4761 3376 4802 eos
3407 4745 3588 4802 eﬂ‘ecit

318 4827 472 4896 κώδη
519 4823 830 4897 περιϐολὴν,
870 4824 1055 4886 αὐτοῖς
1098 4823 1211 4887 τοῖς
1248 4823 1517 4896 οὐρανίοις
1553 4824 1765 4889 ἀδύτοις
1810 4828 1910 4883 int-
1939 4865 1984 4922 Β

2012 4840 2081 4894 ad
2108 4838 2436 4894 veritatem?
2464 4854 2648 4893 nonne
2702 4848 3059 4909 posteaquam
3117 4838 3308 4894 sordes
3349 4853 3487 4909 quas
3519 4854 3584 4894 ex

2014 4930 2324 5002 ignorantia
2381 4939 2545 5001 atque
2589 4945 2778 4985 errore
2825 4938 3207 4996 contraxerat,
3243 4931 3299 4986 in
3350 4934 3589 5003 mystico

2014 5023 2235 5077 lavacro
2261 5021 2537 5091 deposuit,
2585 5022 2839 5091 protinus
2881 5021 2947 5076 ad
2984 5021 3359 5091 augustiorem
3396 5025 3587 5078 condi-

2013 5116 2217 5169 tionem
2259 5119 2456 5167 natura
2503 5112 2927 5170 trausl‘ormatus
2971 5123 3074 5179 est,
3134 5122 3187 5170 et
3242 5115 3390 5170 velut
3423 5122 3589 5171 exuto

2011 5206 2117 5261 hoc
2149 5219 2339 5261 crasso
2377 5212 2541 5275 atque.
2574 5218 2776 5261 carneo
2805 5206 3009 5261 amictu
3050 5205 3107 5261 in
3150 5205 3287 5277 ipsis
3319 5208 3585 5262 caelorum

2014 5299 2196 5371 adytis
2227 5296 2589 5354 versabatur?
2632 5293 2699 5351 Et
2745 5298 2883 5353 nihil
2925 5298 3176 5368 corporei
3212 5296 3587 5367 impedimenti

2014 5392 2257 5464 pondere
2310 5390 2576 5459 tardatus,
2626 5392 2794 5448 etiam
2851 5392 2997 5447 intra
3056 5392 3296 5448 divinam
3342 5389 3587 5461 paradisi

2011 5488 2375 5542 consitionem
2428 5486 2796 5557 perveniebat,
2828 5495 2884 5542 et
2911 5486 3024 5542 illic
3065 5499 3264 5540 arcana
3300 5497 3585 5539 sacrorum

2011 5579 2303 5650 disciplina
2365 5593 2395 5633 a
2452 5570 2684 5635 veritate
2725 5578 3066 5644 initiabatur,
3119 5586 3283 5651 atque
3336 5573 3488 5631 illinc
3517 5575 3587 5631 ad

2010 5671 2373 5729 obedientium
2411 5670 2533 5728 ﬁdei
2574 5672 2628 5727 in
2658 5672 2915 5728 omnibus
2941 5672 3196 5743 gentibus
3227 5670 3336 5724 vim
3369 5682 3586 5724 sermo-

2024 5764 2110 5822 nis
2139 5762 2474 5837 accipicbat?
2497 5761 2650 5822 Unde
2676 5763 2845 5822 totius
2875 5762 3268 5838 propemodum
3299 5760 3452 5819 orbis
3475 5767 3590 5817 ιρις
