3918 6204
303 307 417 368 797

1428 303 1495 359 IN
1543 303 1829 361 LAUDEM
1884 304 2190 363 FRATRIS
2228 306 2489 362 B.\SlLlI.

3473 318 3574 375 798

305 419 849 494 παρρησιαζόμενος,
878 417 965 473 ἐπ’
991 415 1308 489 ἐκκλησίαις
1332 417 1491 488 βοῶν,
1521 421 1648 484 τοὺς
1675 420 1893 493 πόῤῥωο

2008 425 2113 489 pto.
2150 427 2411 490 tanquam
2446 421 2747 484 lucernam,
2786 434 2909 489 quae
2952 417 3266 483 defecisset.
3303 421 3571 478 rationem

306 513 399 588 θεν
423 510 821 583 ἀφεστηκότας,
851 509 969 565 καθ’
996 509 1288 581 ὁμοιότητα
1318 508 1552 575 Παύλου,
1579 510 1646 563 δι’
1679 512 1889 564 ἐπιστο-

303 605 415 658 λῶν
443 602 854 676 προσαγόμενος
876 642 892 667 ,
921 602 1204 672 ἑκφεύγων
1228 602 1327 666 τάς
1363 602 1470 656 τῶν
1505 603 1887 673 συμπλεκομέ·

300 714 414 750 νων
440 695 641 759 λαϐὰς,
677 695 777 748 οὐκ
803 693 943 765 ἔχων
968 695 1100 748 ὅπου
1136 693 1382 766 κρατηθῇ
1429 694 1578 766 παρά
1600 695 1709 747 τῶν
1736 696 1886 750 ἀντι-

301 786 511 840 πάλων.
541 784 824 855 Κρείττων
860 784 958 855 μὲν
996 783 1106 856 γὰρ
1134 779 1202 855 ῆν
1233 784 1342 837 τῶν
1368 784 1713 855 δημευόντων
1732 824 1748 848 ,
1785 786 1884 839 αὐ-

300 877 396 941 τὸς
426 877 617 930 ἐαυτὸν
641 876 729 929 διὰ
766 877 866 946 τὴν
906 874 1095 929 ἐλπίδα
1132 876 1234 947 τῆς
1280 875 1556 946 βασιλείας
1585 876 1883 948 δημεύσας.

296 968 407 1021 Τοῦ
437 967 602 1021 κατὰο
621 966 721 1038 τὴν
766 966 981 1038 ἐξορίαν
1026 965 1191 1037 φόϐου
1222 967 1537 1037 ἀπήλλακτο
1560 1006 1576 1030 ,
1624 967 1755 1038 μίαν
1784 984 1888 1023 πα·-

293 1058 459 1129 τρίδα
486 1056 813 1131 ἀνθρώπιον,
838 1057 930 1112 τὸν
959 1058 1289 1131 παράδεισον
1315 1055 1454 1112 εἶναι
1487 1058 1676 1127 λέγων,
1706 1061 1889 1115 πᾶσαν

295 1149 356 1202 δὲ
409 1150 509 1220 τῆν
551 1149 656 1219 γῆν
703 1150 779 1214 ώς
808 1150 996 1222 κοινὴν
1033 1151 1133 1221 τῆς
1167 1150 1382 1220 φύσεως
1412 1150 1624 1222 ἐξορίαν
1651 1152 1881 1221 βλέπων.

310 1242 373 1297 '0
407 1243 465 1296 δὲ
514 1242 636 1296 καθ’
670 1243 883 1313 ἡμέραν
937 1241 1338 1313 ἀποθνήσκων,
1377 1243 1471 1297 καὶ
1520 1243 1747 1298 πάντοτε
1796 1243 1888 1298 διὰ

300 1335 627 1405 νεκρώσεως
645 1332 788 1388 ἐκὼν
818 1334 1207 1406 δαπανώμενος
1228 1376 1242 1400 ,
1279 1338 1407 1391 πότε
1430 1337 1496 1391 ἂν
1527 1338 1765 1409 ἐφοϐήθη
1793 1338 1885 1391 τὸν

299 1428 533 1483 θάνατον
578 1427 672 1481 τὸν
699 1429 852 1499 παρὰ
879 1428 988 1482 τῶν
1035 1428 1244 1501 ἐχθρῶν
1293 1428 1715 1500 ἀπειλούμενον;
1748 1422 1793 1497 ᾧ
1819 1447 1885 1498 γε

301 1520 561 1593 συμφορά
582 1516 653 1592 ἦν
683 1520 746 1575 τὸ
776 1520 849 1591 μὴ
888 1520 1146 1585 πολλάκις
1172 1520 1430 1576 δύνασθαι
1453 1521 1580 1585 τοὺς
1603 1522 1712 1575 τῶν
1742 1539 1886 1594 μαρ-

299 1615 484 1686 τύρων
529 1611 750 1681 ἀγῶνας
797 1612 939 1684 ὑπὲρ
966 1613 1067 1683 τῆς
1106 1611 1362 1683 ἀληθείας
1393 1613 1767 1684 μιμήσασθαι,
1804 1615 1886 1667 ἐνὶ

301 1705 523 1775 θανάτῳ
566 1702 979 1775 ὑπεζευγμένης
1028 1706 1128 1775 τῆς
1179 1703 1392 1773 φύσεως
1417 1721 1431 1736 ·
1487 1706 1546 1770 ὃς
1580 1723 1727 1774 ποτε,
1779 1706 1887 1760 τῶν

303 1799 565 1870 ὑπάρχων
597 1797 705 1851 τινὶ
728 1796 789 1850 τὸ
815 1791 969 1869 ἧπαρ
994 1796 1221 1861 ἐξοίσειν
1246 1797 1405 1851 αὑτοῦ
1429 1798 1536 1852 τῶν
1568 1800 1889 1872 σπλάγχνων

304 1887 769 1961 καταπληκτικῶς
796 1888 1150 1959 ἁπειλήσαντι
1173 1929 1189 1956 ,
1246 1889 1560 1960 μειδιάματι
1589 1891 1687 1961 τὴν
1724 1892 1883 1946 ἀπαί-

304 1984 493 2039 δευτον
516 1982 746 2054 ἀπειλὴν
776 1981 1198 2054 καταχλευάζων
1248 1984 1380 2055 φησί
1405 2001 1420 2016 ο
1459 1984 1633 2056 Χάριν
1671 1985 1889 2057 εἶσομαί

307 2093 391 2130 σοι
435 2076 533 2147 τῆς
584 2075 974 2147 προαιρέσεως.
1020 2076 1131 2129 Καὶ
1162 2074 1271 2146 γάρ
1313 2075 1374 2128 οὐ
1410 2078 1643 2148 μετρίως
1675 2079 1800 2151 ἀνιᾷ
1829 2080 1890 2133 τὸ

304 2161 463 2239 ἧπαρ
533 2168 646 2230 τοῖς
695 2165 1023 2236 σπλάγχνοις
1076 2165 1409 2236 ἐγκείμενον.
1470 2168 1746 2223 Ἐκϐαλὼν
1796 2166 1890 2225 οὖν

306 2260 465 2325 αὐτὸ,
492 2257 677 2322 καθὼς
701 2258 1005 2329 ἠπείλησας
1027 2297 1042 2323 ,
1069 2257 1164 2312 τοῦ
1192 2258 1486 2324 λυποῦντος
1509 2260 1891 2334 ἐλευθερώσεις

306 2351 371 2404 τὸ
405 2351 589 2423 σῶμα.

307 2420 505 2493 tyruui
549 2436 647 2492 pro
693 2427 919 2479 veritate
971 2420 1274 2477 certamina
1326 2420 1553 2488 imitari,
1604 2438 1729 2479 cum
1787 2428 1881 2482 uni
1922 2433 2084 2486 morti
2133 2433 2400 2489 duntaxat
2451 2444 2645 2487 natura
2685 2431 2925 2487 obnoxia
2971 2432 3043 2486 sit

1991 511 2113 566 ﬁdei
2148 527 2245 583 per
2264 513 2662 568 inbabitantem
2690 512 2745 566 in
2771 527 2830 566 se
2856 513 3086 582 gratiam
3116 513 3363 568 relucere
3391 514 3575 569 denuo

1991 600 2142 657 fecit.
2177 602 2241 656 Et
2268 616 2395 657 cum
2417 602 2583 657 veluti
2608 601 2692 655 fax
2724 609 2890 655 noctu
2916 600 3231 656 errantibus
3270 617 3364 671 per
3398 618 3570 664 mare,

1988 694 2249 751 Ecclesiae
2278 695 2424 750 bono
2462 693 2837 765 apparuisset,
2866 708 3058 748 omnes
3091 694 3156 748 ad
3191 702 3397 749 rectam
3428 696 3570 749 viain

1988 788 2280 851 convertit,
2309 801 2437 841 cum
2476 785 2750 856 praefectis
2794 793 2848 840 et
2891 785 3214 854 praesidibus
3248 784 3567 857 conﬂigens,

1987 893 2111 933 cum
2162 876 2487 932 ductoribus
2523 877 2807 946 copiarum
2836 875 3222 945 congrediens,
3276 878 3417 946 apud
3468 878 3566 930 im-

1987 980 2270 1040 peratores
2302 970 2475 1025 libere
2523 969 2774 1039 loquens,
2818 969 2873 1022 in
2918 967 3283 1023 concionibus
3308 976 3362 1021 ct
3395 968 3566 1021 cccle-

1988 1064 2088 1119 siis
2136 1064 2403 1127 clamans,
2458 1077 2576 1126 eos,
2640 1064 2734 1131 qui
2764 1062 2952 1130 procul
3001 1061 3279 1119 abessent.
3326 1060 3574 1128 exemplo

1988 1156 2143 1210 Pauli
2192 1170 2289 1226 per
2340 1154 2601 1225 epistolas
2666 1153 2969 1208 concilians
3025 1160 3190 1222 atque
3245 1151 3571 1221 adjuugens,

1986 1246 2254 1317 effugiens
2310 1254 2363 1302 et
2414 1246 2626 1301 evitans
2687 1243 3096 1313 conﬂigentium
3158 1244 3570 1313 prehensioncs,

1986 1354 2110 1394 cum
2148 1338 2285 1392 nihil
2320 1339 2375 1392 in
2414 1352 2474 1393 se
2506 1337 2749 1399 haberet,
2785 1351 2895 1405 quo
2930 1344 3207 1390 teneretur
3246 1343 3299 1389 et
3328 1337 3575 1389 vincere-

1986 1438 2079 1487 tur
2126 1430 2195 1485 ab
2234 1428 2591 1485 adversariis.
2626 1426 2843 1482 Fortior
2894 1426 3039 1480 enim
3086 1433 3139 1480 et
3189 1425 3396 1479 ﬁrmior
3430 1432 3571 1485 erat,

1986 1538 2151 1594 quam
2208 1532 2267 1577 ut
2316 1522 2387 1578 ab
2438 1522 2529 1587 iis,
2564 1520 2660 1592 qui
2689 1522 2830 1576 bona
2859 1521 2978 1589 ejus
3008 1518 3376 1588 publicarant,
3428 1516 3573 1571 vinci

1988 1630 2051 1669 ac
2086 1614 2265 1685 subigi
2294 1621 2502 1684 posset,
2546 1629 2671 1668 cum
2728 1613 2844 1683 ipse
2883 1627 2943 1667 se
2982 1612 3140 1666 bonis
3169 1619 3392 1680 propter
3420 1624 3572 1679 spem

1992 1707 2158 1762 futuri
2212 1708 2363 1779 regni
2401 1707 2741 1762 mulctassct.
2770 1706 2853 1759 Ab
2881 1706 3059 1761 exsilii
3091 1712 3236 1758 metu
3264 1704 3400 1757 liber
3433 1709 3572 1762 erat.

1992 1802 2137 1872 quod
2171 1799 2600 1870 unam‘patriam
2633 1798 2913 1852 hominum
2955 1802 3204 1851 censeret
3249 1808 3372 1849 esse
3418 1806 3578 1862 para-

1993 1891 2173 1944 disum
2198 1930 2212 1951 ,
2251 1896 2415 1959 atque
2449 1904 2665 1942 omnem
2699 1897 2899 1941 terram
2946 1886 3100 1956 quasi
3157 1898 3449 1937 commune
3481 1895 3579 1934 na-

1994 1987 2132 2034 tura:
2158 1978 2409 2034 exsilium
2441 1984 2737 2047 spectaret.
2774 1975 2876 2041 Qui
2907 1982 3089 2029 autem
3121 1973 3368 2045 quotidie
3398 1986 3589 2026 niore~.

1994 2078 2169 2133 retur,
2206 2084 2270 2123 ac
2297 2084 2393 2140 per
2427 2068 2902 2123 mortiﬁcationem
2935 2081 3156 2136 semper
3188 2066 3384 2119 lubens
3415 2063 3580 2118 absu-

1997 2170 2256 2226 meretur,
2311 2160 2532 2233 quando
2590 2160 2807 2215 tandem
2860 2165 3114 2221 mortem,
3153 2172 3315 2226 quam
3371 2156 3578 2211 inimici

1997 2252 2368 2317 minabantur,
2401 2259 2645 2306 metuere
2670 2248 2979 2320 potuisset?
3007 2247 3098 2303 cui
3140 2247 3363 2317 quidem
3397 2247 3579 2300 clades

1999 2354 2164 2414 atque
2198 2344 2485 2399 calamitas
2517 2351 2655 2409 erat,
2713 2341 2855 2412 quod
2885 2355 2993 2395 non
3036 2355 3179 2410 saepe
3214 2346 3401 2409 posset
3435 2352 3582 2391 mar-

3094 2446 3108 2481 :
3167 2432 3260 2500 qui
3322 2428 3580 2501 praefecto

307 2511 535 2567 cuidam
595 2511 889 2583 aliquando
946 2526 1008 2568 se
1058 2512 1217 2583 jecur
1278 2512 1399 2582 ejus
1482 2512 1550 2568 de
1615 2516 1924 2576 visceribus
1988 2532 2307 2597 erepturum
2354 2524 2595 2579 terrendi
2646 2538 2812 2580 causa
2861 2522 3088 2576 minanti
3121 2519 3577 2577 subridendoin~

309 2607 502 2662 snlsas
546 2613 711 2675 atque
763 2614 1051 2678 protervas
1105 2604 1284 2660 minas
1329 2605 1585 2661 diludens
1621 2647 1637 2673 ,
1684 2607 1928 2667 Gratiam
1963 2615 2083 2681 tibi,
2115 2616 2314 2685 inquit,
2334 2615 2500 2684 hujus
2522 2615 2818 2670 voluntatis
2842 2621 3006 2683 atque
3049 2611 3316 2683 propositi
3355 2610 3578 2666 nomine

309 2699 549 2755 habebo.
602 2698 815 2755 Etenim
871 2698 1020 2753 haud
1070 2698 1423 2754 mediocriter
1465 2701 1755 2757 molestum
1812 2713 1896 2762 est
1926 2706 2086 2777 jecur
2111 2709 2413 2765 visceribus
2440 2708 2784 2764 incumbens.
2816 2708 2873 2761 Si
2905 2706 3133 2776 ejeceris
3198 2718 3329 2775 ergo
3416 2704 3569 2770 illud,

311 2801 374 2848 ut
417 2791 671 2857 minaris,
727 2807 788 2848 re
820 2791 1049 2846 molesta
1099 2798 1265 2862 atque
1309 2792 1499 2848 odiosa
1524 2790 1727 2865 corpus
1757 2790 2099 2855 liberareris.

383 2888 454 2942 Τί
476 2886 653 2941 τοίνυν
681 2884 848 2941 αὐτοῦ
869 2885 933 2939 τὸ
965 2884 1083 2957 μεθ’
1106 2884 1324 2955 ἐτέρους
1347 2886 1536 2955 ἁγίους
1565 2889 1899 2961 ἐπιδημῆσαι

2076 2893 2217 2961 Quid
2252 2894 2419 2965 igitur
2452 2892 2601 2947 illius
2619 2893 2674 2946 in
2693 2891 2862 2947 rebus
2888 2890 3092 2945 divinis
3114 2888 3465 2960 Splendorem
3498 2897 3582 2943 at-

310 2978 393 3051 τῷ
434 2978 535 3050 βίῳ
580 2974 1013 3047 κατασμικρύνει
1060 2973 1161 3045 τὴν
1200 2974 1341 3029 κατὰ
1368 2975 1501 3030 Θεὸν
1526 2977 1898 3049 εὐδοκίμησιν,

2008 3001 2111 3057 que
2150 2984 2536 3040 claritudinem
2571 2981 2895 3046 imminuit,
2927 2980 3073 3051 quod
3109 2990 3233 3050 post
3278 2978 3419 3032 alios
3454 2993 3585 3034 san-

311 3068 391 3133 ώς
427 3067 516 3124 διὰ
543 3063 702 3121 τοῦτο
731 3067 839 3122 τῶν
867 3068 960 3121 ἐπὶ
989 3070 1100 3134 τοῖς
1133 3070 1308 3138 ἁγίοις
1338 3071 1538 3143 ἑορτῶν
1582 3074 1789 3129 ἐλάττω
1815 3076 1900 3129 δο-

314 3161 436 3213 κεῖν
462 3153 601 3212 εἶναι
631 3158 730 3227 τὴν
757 3158 852 3212 ἐπὶ
889 3159 1064 3231 τούτῳ
1090 3162 1426 3233 πανήγυριν;
1458 3163 1740 3235 Σκόπησον
1765 3167 1897 3237 γὰρ,

314 3249 365 3303 εί
403 3247 573 3313 δοκεῖ,
605 3248 741 3319 πρὸς
777 3248 875 3303 ἕνα
905 3251 1028 3304 τινὰ
1048 3251 1157 3305 τῶν
1187 3253 1565 3322 προλαϐόντων
1606 3254 1776 3324 ἁγίων
1795 3258 1903 3310 «τὸν

314 3340 513 3396 τούτου
544 3340 655 3411 βίον
680 3341 1066 3408 ἀντεξετάζων.
1108 3344 1396 3415 Ἠγάπησε
1427 3344 1518 3398 τὸν
1541 3346 1675 3399 Θεὸν
1703 3350 1731 3401 ὁ
1758 3348 1903 3401 Παῦ-

317 3436 433 3499 λος.
460 3433 618 3489 τοῦτο
645 3433 755 3506 γὰρ
790 3434 855 3506 δὴ
882 3434 992 3503 τῷν
1017 3434 1237 3505 ἀγαθῶν
1261 3437 1322 3490 τὸ
1350 3437 1681 3506 κεφάλαιον,
1709 3439 1773 3492 τὸ
1806 3440 1904 3509 τῆς

318 3525 547 3598 ἀγάπης
593 3525 736 3595 λέγω
764 3545 778 3557 ·
843 3526 936 3595 ἀφ’
989 3519 1058 3599 ἧς
1115 3528 1265 3582 πᾶσα
1330 3529 1512 3592 πίστις
1539 3569 1552 3593 ,
1609 3529 1702 3583 καὶ
1753 3531 1906 3594 ἐλπὶς

321 3621 497 3683 πᾶσα,
532 3619 626 3688 καὶ
669 3619 730 3672 τὸ
756 3618 817 3684 ἐξ
841 3618 1121 3690 ὑπομονῆς
1147 3620 1614 3692 προσδοκώμενον,
1650 3623 1741 3676 καὶ
1771 3623 1829 3676 τὸ
1850 3623 1907 3675 ἐν

323 3709 489 3762 παντὶ
518 3707 670 3780 καλῷ
688 3709 1080 3781 ἀμετάπτωτον
1105 3747 1120 3773 ,
1142 3712 1238 3764 καὶ
1265 3711 1324 3765 τὸ
1353 3711 1491 3783 μετά
1518 3713 1719 3776 παντὸς
1748 3731 1902 3766 πνευ-

328 3798 562 3871 ματικοῦ
604 3801 943 3872 χαρίσματος
980 3801 1042 3856 τὸ
1071 3800 1232 3857 πλέον
1262 3802 1428 3873 ἔχειν.
1479 3802 1616 3856 Ἀλλ’
1644 3801 1910 3867 ἐξετάσω-

330 3909 433 3963 μεν
461 3892 628 3947 πόσον
663 3889 732 3962 ἦν
763 3894 822 3947 ἐν
869 3893 1069 3966 Παύλῳ
1114 3894 1216 3965 τῆς
1262 3895 1399 3966 πρὸς
1428 3893 1562 3948 Θεὸν
1602 3889 1822 3965 ἀγάπης
1850 3895 1911 3949 τὸ

333 3984 552 4055 μέτρον.
591 3982 768 4054 Ἐρεῖς
799 3982 1039 4047 πάντως.
1072 3985 1156 4038 ὃτι
1209 3983 1269 4049 ἐξ
1297 3984 1426 4056 ὅλης
1459 3983 1688 4054 καρδίας
1730 3986 1824 4038 καὶ
1853 3986 1911 4051 ἐξ

331 4076 462 4146 ὅλης
481 4076 662 4147 ψυχῆς
683 4117 698 4142 ,
721 4078 816 4133 καὶ
841 4078 901 4143 ἐξ
924 4076 1053 4148 ὅλης
1077 4076 1177 4147 τῆς
1201 4075 1439 4139 διανοίας
1467 4077 1632 4130 αὐτοῦ
1658 4075 1913 4146 ἠγάπησε

332 4166 486 4222 Θεόν.
515 4167 718 4224 Τοῦτον
774 4167 884 4239 γὰρ
938 4167 1106 4222 ἔδωκε
1158 4166 1249 4220 τὸν
1298 4167 1598 4239 ἀκρότατον
1640 4170 1740 4237 τῆς
1779 4166 1916 4236 πρὸς

333 4259 469 4314 Θεὸν
496 4260 720 4332 ἀγάπης
749 4261 876 4333 ὅρον
922 4261 952 4313 ὁ
982 4259 1166 4330 νόμος.
1198 4258 1407 4312 Οὐκοῦν
1432 4260 1461 4311 ὁ
1511 4260 1692 4312 πᾶσαν
1720 4256 1914 4311 ἑαυτοῦ

2003 3083 2124 3130 ctos
2158 3075 2213 3129 in
2257 3074 2370 3128 vita
2419 3072 2561 3128 fuit?
2592 3078 2652 3125 ut
2682 3071 2891 3126 idcirco
2925 3069 3223 3125 celebritas
3253 3074 3417 3136 atque
3450 3081 3585 3122 con—
3682 3094 3685 3095 ν

2008 3176 2240 3231 ventus,
2272 3165 2382 3236 qui.
2409 3164 2559 3219 illius
2594 3163 2820 3217 nomine
2842 3161 3059 3231 agitur,
3100 3160 3283 3223 minor
3323 3159 3586 3213 habeatur

2007 3259 2161 3315 feriis
2185 3297 2200 3322 ,
2243 3273 2364 3328 qum
2395 3263 2715 3311 sanctorum
2745 3253 2978 3308 aliorum
3010 3252 3244 3307 honoris
3282 3258 3448 3321 atque
3474 3266 3586 3304 me-

2008 3352 2195 3406 morim
2224 3352 2398 3421 gratia
2427 3347 2824 3404 celebrantur?
2853 3344 3158 3401 Considera
3187 3345 3333 3398 enim
3358 3383 3372 3405 ,
3430 3343 3476 3398 si
3507 3343 3588 3395 vi-

2007 3439 2167 3495 detur
2192 3481 2208 3505 ,
2244 3447 2410 3509 atque
2454 3436 2733 3510 perpende
2762 3452 2908 3498 rem,
2961 3450 3086 3491 cum
3125 3449 3238 3489 uno
3273 3434 3461 3503 aliquo
3494 3448 3590 3487 su-

2009 3532 2244 3601 perioris
2297 3532 2476 3587 aetatis
2536 3538 2734 3586 sancto
2792 3527 2960 3597 hujus
3018 3527 3184 3582 vitam
3237 3539 3586 3596 comparans.

2012 3622 2210 3677 Dilexit
2240 3620 2410 3677 Deum
2470 3619 2700 3676 Paulus.
2756 3618 2813 3674 Id
2852 3618 2998 3673 enim
3028 3616 3288 3671 nimirum
3320 3618 3587 3685 bonorum

2010 3721 2174 3782 caput
2208 3720 2293 3768 est
2324 3730 2339 3766 :
2376 3712 2731 3777 dilectionis,
2788 3710 3012 3779 inquam
3037 3749 3066 3783 ,θ
3102 3708 3309 3764 bonum
3346 3726 3361 3763 :
3415 3721 3444 3760 a
3484 3722 3591 3776 qua

2012 3804 2304 3860 dilectione
2337 3803 2717 3874 proﬁciscitur
2744 3806 2926 3858 omnis
2953 3800 3090 3856 ﬁdes
3120 3808 3175 3856 et
3209 3801 3390 3856 omnis
3430 3814 3589 3869 spes,

2012 3903 2066 3952 et
2112 3897 2165 3951 id
2197 3896 2342 3981 quod
2372 3911 2470 3967 per
2495 3895 2817 3965 patientiam
2854 3900 3211 3965 eXSpectatur
3240 3894 3444 3948 bonum
3469 3932 3483 3957 ,
3539 3899 3594 3945 et

1986 3993 2070 4052 .in
2128 3991 2276 4046 omni
2314 3991 2461 4046 bono
2492 3990 2768 4046 stabilitas
2810 3996 2978 4058 atque
3026 3988 3379 4051 constantia,
3430 3991 3486 4040 et
3538 3986 3593 4039 in

2013 4076 2160 4137 emni
2193 4080 2464 4151 spirituali
2497 4078 2647 4135 dono
2670 4080 3019 4134 commodum
3053 4086 3216 4147 atque
3254 4076 3590 4146 praestantia.

2018 4172 2123 4228 Sed
2154 4181 2470 4228 scrutemur
2492 4211 2507 4234 ,
2558 4179 2799 4242 quantus
2841 4170 2895 4224 in
2927 4168 3094 4222 Paulo
3119 4168 3431 4223 dilectionis
3463 4181 3592 4234 erga

2019 4264 2189 4318 Deum
2226 4261 2444 4317 modus.
2486 4261 2646 4317 Dices
2670 4261 2933 4322 omnino,
2969 4258 3114 4328 quod
3146 4273 3212 4312 ex
3247 4267 3361 4311 toto
3397 4256 3594 4317 corde,

335 4352 434 4425 τὴν
463 4354 693 4425 καρδίαν
722 4370 784 4407 τε
824 4353 919 4407 καὶ
946 4352 1046 4424 τὴν
1073 4350 1250 4422 ψυχὴν
1277 4353 1369 4405 καὶ
1395 4351 1492 4422 τὴν
1518 4351 1755 4405 διάνοιαν
1780 4352 1904 4404 dva-

2018 4365 2076 4411 et
2101 4372 2177 4425 ex.
2219 4362 2334 4408 tota
2361 4355 2544 4408 anima
2572 4392 2586 4415 ,
2622 4360 2676 4409 et
2705 4367 2773 4407 ex
2824 4358 2939 4405 tota
2975 4356 3158 4405 mente
3213 4363 3312 4403 sua
3347 4347 3597 4417 diligeret

339 4445 451 4510 θεὶς
481 4446 560 4518 τῷ
600 4445 749 4517 Θεῷ,
795 4447 891 4499 καὶ
922 4446 1060 4517 πρὸς
1109 4444 1236 4500 ἄλλο
1280 4446 1446 4516 μηδὲν
1497 4444 1606 4498 τῶν
1639 4443 1779 4498 κατά
1825 4442 1917 4496 τὸν

342 4538 454 4609 βίον
476 4537 667 4592 τοῦτον
712 4538 1162 4607 σπουδαζομένων
1202 4536 1516 4609 ἐπιρῤεπῶς
1555 4535 1915 4604 διακείμενος,

340 4630 398 4683 ἐν
424 4627 503 4701 τῷ
530 4627 817 4700 ἀκροτάτῳ
851 4628 1058 4697 γίνεται
1082 4628 1184 4699 τῆς
1211 4626 1433 4698 ἀγάπης
1458 4627 1590 4697 ὅρῳ.
1615 4627 1678 4678 Εἰ
1703 4624 1801 4695 μὲν
1826 4619 1919 4677 οὖν

343 4723 454 4793 ἔχει
478 4740 563 4786 τις
603 4721 773 4789 δεῖξαι
800 4721 890 4775 τὸν
922 4720 1016 4775 τοῦ
1052 4720 1373 4775 διδασκάλου
1414 4719 1526 4789 βίον
1564 4718 1693 4789 περί
1721 4735 1773 4770 τι
1812 4717 1919 4770 τῶν

345 4815 483 4869 κατά
525 4814 617 4869 τὸν
646 4815 850 4886 κόσμον
879 4814 1067 4869 τοῦτον
1114 4812 1561 4883 σπουδαζομένων
1600 4812 1791 4881 ἔχοντα
1824 4809 1922 4881 τὴν

350 4907 553 4978 ῥοπὴν,
585 4902 698 4963 οἷον
746 4908 876 4980 περὶ
908 4907 1168 4973 πλοῦτον,
1204 4907 1254 4978 ζῆ
1288 4904 1602 4960 δυναστείαν
1631 4945 1646 4968 ,
1680 4904 1712 4973 ἢ
1761 4902 1922 4973 κενῆς

349 4997 504 5068 δόξης
556 4998 852 5070 ἐπιθυμίαν
891 4998 1020 5070 (τὰς
1048 4998 1155 5068 γὰρ
1209 4995 1783 5066 ἁνδραποδωδεστέρας
1835 4993 1922 5045 ἐπ’

350 5086 497 5158 αὐτῷ
523 5087 632 5142 τῶν
660 5087 883 5159 ἡδονῶν,
908 5087 1032 5142 οὐδέ
1056 5087 1235 5155 λέγειν
1254 5086 1402 5153 ἀξιον
1423 5084 1568 5147 εἰκός
1597 5082 1790 5154 ἐστιν),
1818 5085 1847 5136 ὃ
1874 5100 1925 5136 τι

349 5179 416 5236 ἂν
453 5180 659 5234 τούτων
712 5179 908 5251 εὐρεθῇ
943 5177 1373 5249 σπουδαζόμενον
1396 5218 1413 5242 ,
1461 5175 1813 5231 ἐλαττοῦσθαι
1840 5174 1927 5228 λέ-

349 5289 468 5341 γειν
494 5272 575 5326 δεῖ
619 5273 738 5326 κατ’
767 5273 942 5327 ἐκεῖνο
986 5272 1088 5342 τῆς
1136 5269 1273 5340 πρὸς
1310 5269 1400 5322 τὸν
1437 5267 1570 5320 Θεὸν
1618 5267 1839 5336 ἀγάπης
1866 5264 1928 5317 τδ

357 5363 556 5435 μέτρον
578 5404 594 5429 ,
623 5364 720 5435 τῆς
747 5363 1147 5435 ἐπιθυμητικῆς
1179 5360 1341 5415 αὑτοῦ
1377 5360 1669 5424 διαθέσεως
1702 5362 1809 5414 ἀπὸ
1832 5359 1925 5413 τοῦ

351 5452 492 5507 Θεοῦ
536 5453 671 5526 πρὸς
711 5453 780 5507 τὰ
827 5452 1000 5524 ὑλώδη
1037 5451 1454 5523 μεταρῤυείσης.
1492 5451 1555 5504 Εἰ
1605 5450 1662 5503 δὲ
1712 5451 1929 5504 πάντων

352 5549 559 5604 τούτων
578 5553 674 5603 καί
699 5547 805 5601 τῶν
832 5546 1088 5601 τοιούτων
1116 5545 1306 5616 ἐχθρός
1339 5561 1420 5608 τις
1452 5540 1518 5615 ῆν
1540 5544 1632 5598 καὶ
1652 5543 1928 5613 πολέμιος,

356 5641 623 5713 πρότερον
664 5639 761 5711 μὲν
791 5638 883 5693 τοῦ
912 5638 1040 5692 ίδίου
1073 5637 1185 5708 βίου
1209 5639 1389 5691 πᾶσαν
1423 5635 1679 5709 ἐξορίζων
1708 5636 1806 5706 τὴν
1842 5637 1934 5705 ἐμ-

360 5734 509 5806 παθῆ
538 5734 664 5806 περὶ
693 5732 866 5789 ταῦτα
893 5732 1159 5800 διάθεσιν,
1194 5730 1382 5786 ἔπειτα
1411 5731 1466 5785 δὲ
1501 5731 1590 5784 καὶ
1623 5730 1721 5801 τὴν
1754 5727 1936 5798 κοινὴν

2024 4445 2213 4502 Deum.
2247 4444 2405 4500 Hunc
2434 4445 2581 4499 enim
2629 4458 2905 4499 summum
2962 4440 3279 4496 dilectionis
3332 4438 3598 4492 adversus

2021 4539 2189 4593 Deum
2219 4537 2514 4592 terminum
2546 4535 2640 4590 dat
2676 4536 2781 4590 lex.
2815 4534 2957 4605 Ergo
2996 4534 3087 4605 qui
3116 4548 3279 4588 omne
3305 4547 3405 4587 cor
3434 4548 3596 4587 suum

2020 4642 2075 4687 et
2116 4629 2353 4683 animam
2387 4636 2441 4684 et
2469 4636 2708 4683 mentem
2744 4626 2850 4684 Deo
2896 4627 3126 4690 dicavit,
3172 4632 3227 4681 et
3260 4624 3327 4678 ad
3392 4624 3599 4677 nullam

2021 4737 2139 4778 rem
2172 4722 2333 4776 aliam
2365 4736 2555 4776 earum
2589 4736 2711 4791 qua:
2738 4736 2832 4791 per
2868 4720 3010 4774 hanc
3039 4720 3205 4771 vitam
3236 4727 3598 4786 expetuntur,

2025 4812 2256 4867 allectus
2299 4820 2466 4881 atque
2515 4826 2825 4882 prepensus
2883 4818 3006 4873 est,
3064 4810 3117 4862 in
3166 4823 3428 4878 supremo
3463 4806 3603 4862 dites

2024 4905 2224 4959 ctionis
2256 4904 2428 4974 gradu
2464 4905 2739 4960 consistit.
2783 4902 3076 4957 Enimvero
3115 4901 3161 4956 si
3211 4905 3337 4970 quis
3374 4899 3606 4955 demon-

2027 5005 2207 5053 slrare
2257 5003 2478 5065 potest,
2539 4995 2687 5065 quod
2747 5001 3054 5065 praeceptor
3096 4993 3329 5063 (noster)
3383 4992 3437 5047 in
3494 4993 3605 5046 vita

2029 5088 2095 5141 ad
2137 5103 2251 5142 rem
2304 5086 2546 5156 aliquam
2580 5102 2770 5143 earum
2811 5102 2933 5156 quae
2975 5101 3073 5155 per
3136 5085 3283 5140 hunc
3341 5084 3604 5138 mundqu

2027 5184 2390 5247 expetuntur,
2441 5192 2746 5248 propensus
2787 5183 2842 5232 et
2871 5176 3174 5231 inclinatus
3222 5183 3407 5239 esset,
3443 5184 3503 5228 ut
3539 5173 3607 5228 ad

2029 5268 2249 5324 divitias
2303 5274 2358 5322 et
2391 5268 2732 5337 potentiam,
2778 5276 2872 5322 aut
2916 5282 3071 5322 vana:
3122 5267 3312 5336 gloria:
3360 5264 3605 5319 studium

2034 5361 2232 5432 (magis
2270 5360 2416 5415 enim
2454 5360 2690 5416 serviles
2723 5360 2777 5415 in
2829 5376 2894 5416 eo
2924 5362 3236 5430 voluptates
3269 5374 3336 5412 ne
3366 5371 3609 5410 comme-

2032 5467 2250 5507 morare
2280 5450 2500 5522 quidem
2548 5467 2768 5521 arquum
2803 5467 2947 5514 esse,
2998 5458 3436 5507 consentaneum
3477 5448 3607 5515 est),

2033 5558 2425 5616 quamcunque
2456 5543 2652 5598 harum
2697 5558 2878 5597 rerum
2907 5545 3186 5613 expetisse
3234 5538 3611 5610 deprehende-

2036 5646 2161 5701 tur,
2193 5653 2259 5693 ea
2291 5638 2475 5693 dicere
2517 5652 2575 5693 re
2606 5635 2866 5691 convenit
2908 5634 3154 5689 imminui
3200 5629 3422 5686 modum
3478 5644 3606 5700 erga

2048 5729 2213 5784 Deum
2255 5728 2567 5785 dilectionis
2591 5766 2605 5792 ,
2642 5727 2787 5798 quod
2827 5725 2943 5794 ejus
2972 5724 3187 5782 aﬁ'cctio
3234 5719 3552 5792 cupiditatis
3577 5735 3608 5785 α
