3918 6204
317 304 421 361 799

1563 307 1620 361 S.
1646 305 1971 364 GREGORII
2004 309 2293 365 NYSSENI

3454 309 3559 364 800

315 413 428 468 Deo
473 412 539 469 ad
578 428 667 469 res
694 413 1005 468 materiales
1040 412 1290 468 traducta
1337 423 1505 471 esset.
1543 417 1642 471 Sin
1697 426 1876 495 aute/ni

1993 421 2137 494 ζωὴν
2190 422 2533 494 ἐκκαθαίρων
2583 422 2658 494 τῷ
2707 440 2766 475 τε
2810 423 3099 494 διδακτικῷ
3138 423 3282 492 λόγῳ
3345 419 3438 473 καὶ
3481 421 3557 477 τῶ

314 505 510 560 harum
544 512 597 559 et
629 503 900 574 ejusmodi
931 519 1113 558 rerum
1143 505 1404 561 inimicus
1437 515 1492 560 et
1523 507 1701 562 hostis
1726 520 1883 576 erat,

313 596 460 666 quod
497 595 650 666 prius
677 594 901 669 quidem
939 611 970 649 e
1012 595 1118 648 vita
1151 610 1250 648 sua
1286 610 1502 650 omnem
1549 597 1806 653 vitiosum
1832 609 1887 654 et

315 687 531 740 mollem
591 685 736 738 circa
779 684 880 740 has
937 701 1026 741 res
1064 685 1316 741 aﬂ’ectum
1369 687 1591 755 ejiceret
1622 728 1637 752 ,
1691 689 1886 744 deinde

314 792 656 832 communem
683 793 902 848 quoque
930 778 1095 832 vitam
1119 819 1133 841 ,
1169 787 1282 832 tum
1309 794 1563 835 sermone
1593 781 1882 848 doctrinm,

316 880 426 924 tum
453 884 552 924 suo
577 871 826 940 exemplo
856 880 1222 942 expurgarct:
1265 872 1615 942 perspicuum
1671 871 1881 939 fuerit,

313 960 456 1027 quod
492 960 642 1012 illum
675 976 802 1031 erga
843 961 1009 1016 Deum
1034 963 1347 1018 dilectionis
1403 963 1624 1018 modum
1657 964 1709 1018 in
1762 979 1884 1021 sese

315 1051 577 1115 habebat,
613 1067 724 1120 quo
777 1054 1013 1123 amplius
1071 1063 1268 1110 natura
1328 1071 1437 1110 non
1473 1056 1743 1126 capiebat.
1779 1056 1882 1123 Qui

312 1143 456 1196 enim
521 1159 587 1196 ex
650 1151 766 1196 toto
822 1146 1025 1210 corde,
1069 1154 1120 1200 et
1181 1163 1248 1201 ex
1309 1154 1422 1200 tota
1481 1148 1664 1202 anima
1720 1158 1884 1217 atque

313 1240 492 1288 mente
524 1233 693 1288 Deum
730 1235 943 1306 diligit,
989 1239 1081 1307 qui
1122 1239 1295 1307 possit
1338 1238 1405 1292 ad
1452 1239 1718 1309 majorem
1747 1239 1881 1294 dile-

313 1325 511 1379 ctionis
543 1328 786 1390 modum,
817 1329 909 1398 qui
949 1330 1128 1384 locum
1154 1346 1263 1385 non
1294 1331 1516 1394 haheat,
1544 1331 1882 1387 contendere

312 1426 474 1485 atque
508 1418 687 1470 eniti?
715 1417 952 1474 Proinde
983 1421 1028 1476 si
1062 1438 1231 1476 unum
1283 1420 1542 1492 perfecta:
1595 1421 1880 1477 charitatis

312 1519 476 1577 atque
497 1508 807 1565 dilectionis
835 1513 1131 1567 terminum
1161 1529 1286 1569 esse
1317 1514 1611 1568 didicimus
1639 1553 1654 1579 ,
1685 1527 1881 1583 nempe

311 1615 434 1652 eum
456 1639 471 1664 ,
505 1599 596 1669 qui
644 1617 710 1655 ex
751 1603 868 1656 toto
902 1603 1064 1658 corde
1099 1605 1208 1659 Deo
1240 1604 1455 1661 dicatus
1488 1613 1542 1658 et
1588 1619 1880 1660 consecra-

312 1695 398 1740 tas
453 1689 572 1742 sit:
633 1704 695 1743 ac
733 1690 1034 1760 diligebant
1096 1691 1294 1748 Paulus
1354 1701 1409 1748 et
1474 1694 1709 1749 Basilius
1764 1701 1879 1748 toto

1990 513 2110 564 καθ’
2141 512 2331 565 ἑαυτὸν
2374 513 2760 583 ὑποδείγματιο
2793 513 2950 582 δῆλον
2998 513 3062 566 ἀν
3111 514 3195 583 εἴη
3221 554 3236 575 ,
3261 513 3341 564 ὅτι
3391 513 3558 562 ἐκεῖνο

1987 603 2086 672 τῆς
2111 603 2242 674 πρὸς
2266 603 2356 657 τὸν
2385 604 2517 659 Θεὸν
2543 605 2764 676 ἀγάπης
2791 605 2850 658 τὸ
2883 605 3076 677 μέτρον
3103 601 3248 675 εἶχεν
3281 605 3338 656 ἐν
3363 603 3553 671 ἐαυτῷ,

1987 687 2046 747 οὖ
2067 693 2128 746 τὸ
2155 694 2313 748 πλέον
2339 696 2437 748 οὐκ
2469 695 2664 766 ἐχώρει
2698 697 2730 765 ἠ
2756 695 2937 764 φύσις.
2966 696 3025 749 '0
3055 696 3161 766 γὰρ
3192 696 3250 759 ἐξ
3277 696 3405 764 ὅλης
3434 710 3558 764 καρο

1985 783 2102 846 δίας
2141 802 2200 838 τε
2239 786 2330 838 καὶ
2378 785 2554 856 ψυχῆς
2595 786 2688 838 καὶ
2721 785 2954 848 διανοίας
2993 785 3084 840 τὸν
3127 784 3258 838 Θεὸν
3308 783 3555 852 ἀγαπῶν,

1987 873 2104 938 πῶς
2137 875 2200 928 ἂν
2231 877 2543 948 ὑπερτιθείη
2578 877 2714 946 πρὸς
2753 878 2813 931 τὸ
2857 879 3016 931 πλέον
3068 877 3165 946 τῆς
3198 877 3414 947 ἀγάπης
3461 876 3556 946 μέ-

1984 979 2128 1031 τρον,
2163 963 2192 1016 ὂ
2222 962 2399 1034 χώραν
2428 963 2526 1017 ούκ
2559 964 2671 1034 ἔχει
2699 981 2714 1028 ;
2749 966 2955 1018 Οὐκοῦν
3001 966 3048 1017 εί
3082 966 3174 1017 ἕνα
3219 965 3319 1034 τῆς
3350 965 3559 1027 τελείας

1985 1051 2202 1121 ἀγάπης
2227 1053 2350 1124 ὅρον
2378 1051 2674 1122 ἐμάθομεν,
2706 1053 2795 1104 τὸν
2846 1051 2904 1117 ἐξ
2933 1053 3060 1122 ὅλης
3095 1051 3320 1122 καρδίας
3349 1051 3426 1121 τῷ
3442 1050 3558 1118 Θεῷ

1985 1142 2372 1212 ἀνακείμενον,
2416 1143 2645 1212 ἠγάπων
2684 1142 2741 1195 δὲ
2779 1143 2990 1205 Παῦλος
3047 1143 3139 1195 καὶ
3180 1142 3460 1203 Βασίλειος
3503 1143 3558 1192 ἐν

1984 1231 2078 1302 ὅλῃ
2110 1232 2302 1303 καρδίᾳ
2323 1231 2400 1303 τῷ
2425 1232 2544 1302 Θεῷ
2572 1232 2917 1303 ἀνακείμενοι
2943 1274 2957 1298 ,
2989 1231 3044 1286 ἓν
3073 1233 3268 1302 μέτρον
3299 1227 3436 1284 εἶναι
3461 1232 3558 1301 τῆς

1983 1321 2204 1392 ἀγάπης
2236 1321 2294 1374 ἐν
2329 1321 2658 1392 ἀμφοτέροις
2689 1324 2862 1375 εἰπεῖν
2891 1339 2973 1386 τις
3019 1321 3293 1391 τολμήσας
3320 1361 3335 1384 ,
3367 1322 3466 1373 οὐκ
3494 1322 3559 1372 ἂν

1985 1411 2219 1482 ἁμάρτοι
2257 1412 2357 1482 τῆς
2378 1411 2656 1482 ἀληθείας.
2704 1411 2863 1466 Ἀλλά
2899 1413 3004 1483 μὴν
3030 1412 3248 1464 πάντων
3283 1412 3392 1464 τῶν
3425 1413 3560 1479 ἀγα-

1984 1499 2090 1553 θῶν
2114 1500 2334 1572 μείζονα
2361 1499 2457 1570 τὴν
2485 1500 2705 1570 ἀγάπην
2749 1501 2777 1554 ὃ
2808 1517 2868 1552 τε
2907 1501 3226 1564 Ἀπὸστολος
3253 1499 3399 1568 λέγει
3421 1538 3438 1564 ,
3469 1503 3559 1553 καὶ

1981 1591 2302 1662 ἐπιψηφίζει
2336 1591 2396 1645 τὸ
2422 1591 2625 1663 ὑψηλὸν
2651 1592 3000 1660 Εὑαγγέλιον.
3040 1593 3100 1645 '0
3131 1591 3228 1663 μὲν
3268 1587 3359 1645 οὖν
3401 1593 3559 1645 Ἀπὸ-

1984 1684 2170 1749 στολος
2203 1683 2536 1754 προφητείας
2562 1683 2732 1754 αὐτὴν
2763 1685 2859 1736 καὶ
2881 1682 3132 1752 γνώσεως
3161 1684 3560 1753 προτιμοτέραν

307 1777 472 1832 corde
507 1777 617 1833 Deo
645 1779 809 1834 dicati
847 1790 1010 1850 atque
1043 1781 1248 1837 addicti
1285 1783 1372 1837 :si
1413 1783 1538 1854 quis
1589 1783 1736 1838 ausit
1795 1783 1876 1838 di-

1980 1776 2172 1844 λέγων,
2213 1777 2447 1837 πίστεως
2476 1774 2531 1826 δὲ
2565 1765 2911 1846 παγῖωτέραν
2938 1814 2952 1840 ,
2978 1774 3070 1825 mi.
3096 1773 3309 1836 ἐλπίδος
3341 1773 3560 1844 διαρκε-

307 1883 468 1933 cere,
520 1870 664 1938 quod
724 1886 867 1926 unus
930 1880 1078 1927 esset
1133 1874 1190 1927 in
1231 1874 1499 1930 ambobus
1564 1875 1877 1929 dilectionis

307 1960 502 2016 modus
539 1970 702 2032 atque
729 1978 1011 2029 mensura,
1056 1978 1087 2018 a
1137 1966 1368 2021 veritate
1428 1983 1538 2021 non
1575 1967 1874 2023 aberrabit.

306 2046 596 2103 Enimvero
633 2050 782 2119 quod
834 2050 1079 2107 charitas
1113 2062 1277 2122 atque
1309 2053 1534 2109 dilectio
1587 2055 1764 2125 major
1807 2057 1879 2112 sit

305 2139 557 2194 omnibus
581 2141 740 2195 bonis
762 2182 778 2206 ,
811 2157 935 2195 cum
963 2143 1258 2212 Apostolus
1283 2143 1418 2198 dicit
1443 2144 1464 2176 ⁸
1486 2185 1500 2210 ,
1547 2152 1664 2200 tum
1701 2131 1880 2200 subli~

307 2229 410 2284 mis
461 2230 736 2301 Evangelii
798 2233 1050 2288 doctrina
1112 2236 1432 2304 comprobat
1462 2244 1629 2306 atque
1678 2237 1878 2291 conﬁr-

307 2331 438 2376 mat.
469 2321 535 2375 Et
562 2323 862 2392 Apostolus
918 2325 1139 2396 quidem
1174 2328 1459 2397 pr0phetia
1492 2336 1657 2398 atque
1695 2329 1874 2384 scien-

306 2415 383 2465 tia
419 2416 858 2483 przestantiorem
893 2432 956 2470 ac
986 2417 1378 2482 praeferendam
1422 2435 1541 2474 eam
1570 2435 1694 2476 esse
1721 2420 1873 2486 dicit,

309 2504 575 2561 lide-vero
626 2508 942 2563 solidiorem
976 2509 1420 2580 ﬁrmioremque,
1455 2519 1508 2565 et
1558 2528 1654 2582 spe
1713 2512 1878 2566 dura-

303 2597 551 2653 hiliorem
579 2599 864 2669 magisque
895 2600 1253 2656 sullicientem
1289 2643 1305 2670 ,
1336 2611 1390 2657 et
1434 2619 1651 2676 semper
1681 2605 1736 2659 in
1778 2620 1875 2659 eo-

303 2691 423 2746 dem
459 2699 605 2746 statu
640 2702 1048 2762 permanentem
1073 2733 1089 2758 ,
1149 2695 1268 2748 sine
1295 2710 1404 2765 qua
1451 2697 1717 2767 quidquid
1776 2712 1877 2768 pro

303 2783 448 2838 bono
471 2793 820 2854 exspectatur
853 2825 868 2851 ,
911 2786 1107 2841 inutile
1138 2786 1280 2841 sit':
1332 2786 1598 2844 Dominus
1649 2797 1832 2844 autem
1857 2828 1874 2854 ,

301 2888 518 2928 omnem
565 2875 734 2944 legem
788 2884 842 2931 et
876 2877 1060 2930 omnia
1123 2878 1383 2950 mysteria
1431 2878 1751 2948 praphetica
1809 2894 1874 2934 ex

305 2964 410 3018 hoc
439 2964 585 3018 dono
622 2965 860 3034 pendere
913 2967 1104 3023 dicens
1127 2969 1148 3000 °
1173 3008 1188 3033 ,
1247 2968 1571 3023 charitatem
1630 2969 1874 3024 omnium

301 3052 572 3106 bonorum
608 3054 815 3124 primas
869 3065 1058 3112 tenere
1113 3057 1279 3112 etiam
1336 3061 1454 3128 ipse
1497 3060 1763 3113 censet'.
1817 3059 1874 3114 Si

1979 1868 2174 1939 στέραν
2198 1907 2212 1932 ,
2246 1868 2340 1922 καὶ
2386 1865 2612 1920 πάντοτε
2646 1868 2702 1920 ἐν
2727 1865 2804 1936 τῷ
2861 1865 3007 1934 αὐτῷ
3049 1864 3406 1933 διαμένουσαν
3434 1903 3448 1925 ,
3491 1859 3560 1935 ἦς

1978 1960 2107 2014 ἀνευ
2156 1959 2412 2030 ἀνόνητον
2446 1955 2582 2012 εἶναι
2634 1959 2742 2011 πᾶν
2790 1957 2851 2010 τὸ
2884 1957 2969 2009 ἐπ’
3003 1956 3208 2025 ἀγαθοῦ
3256 1955 3557 2016 σπουδαζό-

1981 2067 2142 2121 μενον
2162 2068 2173 2078 ·
2206 2053 2234 2104 6
2265 2050 2320 2121 δὲ
2353 2049 2558 2120 Κύριος
2602 2050 2778 2102 πάντα
2806 2050 3001 2118 νόμον,
3035 2048 3132 2100 καὶ
3162 2048 3337 2100 πάντα
3365 2046 3431 2099 τὰ
3459 2063 3558 2115 μυλ-

1981 2119 2178 2211 στήρια
2215 2119 2301 2194 τά⁸
2335 2139 2648 2212 προφητικά
2699 2138 2792 2192 τοῦ
2857 2139 3098 2190 τοιούτου
3162 2138 3408 2202 ἐξάπτων
3461 2153 3558 2206 χα-

1982 2233 2244 2304 ρίσματος
2265 2272 2279 2294 ,
2313 2233 2528 2286 πάντων
2563 2231 2862 2302 πρωτεύειν
2887 2230 2985 2302 τὴν
3019 2231 3236 2300 ἀγάπην
3273 2231 3368 2282 καί
3393 2231 3553 2293 αὐτὸς

1976 2325 2351 2392 ἀποφαίνεται.
2374 2325 2435 2376 Ei
2463 2319 2555 2376 οὖν
2586 2325 2644 2376 ἐν
2667 2321 2744 2393 τῷ
2767 2323 3080 2392 ὑπερέχοντι
3111 2323 3203 2374 καὶ
3239 2321 3556 2390 περιληπτιο
3594 2334 3604 2342 ’

1978 2414 2059 2485 κῷ
2087 2415 2194 2468 τῶν
2227 2414 2670 2486 κατορθωμάτων
2714 2415 2813 2468 οὐκ
2861 2414 3210 2468 ἀπολείπεται
3243 2412 3338 2466 τοῦ
3392 2415 3550 2482 μεγά-

1977 2508 2070 2560 λου
2105 2507 2316 2560 Παύλου
2343 2525 2356 2537 ⁸
2385 2508 2493 2578 ἄρα
2549 2507 2640 2560 καὶ
2690 2508 2746 2558 ἐν
2798 2508 2911 2568 τοῖς
2952 2504 3130 2568 ἄλλοις
3182 2507 3348 2558 πᾶσιν
3371 2545 3386 2568 ,
3417 2499 3493 2558 ὧν
3523 2506 3553 2572 ἠ

1977 2599 2164 2669 ἀγάπη
2214 2598 2569 2669 καθηγεῖται,
2617 2598 2711 2651 καὶ
2749 2598 2849 2650 ὅσα
2900 2600 2964 2651 ἐκ
3017 2597 3220 2666 ταύτης
3270 2597 3552 2666 ἐκφύεται,

1977 2692 2192 2755 πάντως
2215 2692 2315 2745 οὐκ
2344 2690 2564 2745 ἔλαττον
2588 2689 2724 2761 ἔχων
2751 2691 3174 2761 ἀναφανήσεται.
3221 2689 3436 2760 Ὠσπερ
3451 2688 3556 2759 γάρ

1975 2785 2005 2836 6
2031 2783 2130 2854 τῆς
2156 2782 2502 2854 ἀνθρωπίνης
2531 2781 2744 2850 φύσεως
2779 2781 3018 2852 μετέχων
3045 2819 3060 2844 ,
3112 2782 3169 2832 ὲν
3218 2780 3390 2833 πᾶσίν
3439 2782 3555 2832 ἐστι

1975 2878 2087 2939 τοῖς
2133 2876 2235 2946 τῆς
2266 2875 2482 2944 φύσεως
2514 2874 2795 2944 ίδιώμασιν
2819 2887 2832 2902 ·
2865 2872 3038 2937 οὕτως
3079 2873 3172 2926 καὶ
3203 2873 3231 2925 6
3265 2872 3326 2925 τὸ
3354 2871 3556 2924 τέλειον

1975 2969 2073 3037 τῆς
2098 2967 2317 3038 ἀγάπης
2354 2967 2414 3020 ἐν
2444 2965 2620 3036 ἐαυτῷ
2659 2963 3008 3035 κατορθώσας
3031 3006 3046 3031 ,
3092 2964 3269 3017 πάντα
3299 2965 3401 3016 ὅσα
3436 2980 3552 3015 συνο

1978 3055 2258 3127 θεωρεῖται
2283 3055 2454 3128 ταύτῃ
2487 3054 2596 3108 τῶν
2636 3053 2854 3122 ἀγαθῶν
2880 3055 3015 3125 εῐδη,
3054 3055 3190 3125 μετά
3213 3054 3307 3106 τοῦ
3345 3071 3554 3124 πρωτο-

301 3144 470 3215 igitnr
498 3146 550 3199 in
578 3161 643 3200 eo
674 3149 816 3217 quod
883 3149 1028 3203 inter
1055 3165 1142 3205 res
1190 3151 1486 3220 praeclaras
1537 3157 1592 3205 et
1639 3152 1872 3208 eximias

1979 3147 2144 3204 τύπου
2187 3147 2295 3199 τῶν
2353 3145 2791 3216 κατορθωμάτων
2837 3145 2968 3216 ἔχει,
3031 3147 3153 3198 Εἴτε
3202 3146 3310 3216 γὰρ
3375 3145 3554 3206 πίστις

300 3235 505 3290 eminet
559 3246 725 3307 atque
779 3239 1050 3304 excellit,
1109 3256 1174 3295 ac
1214 3241 1457 3310 reliquas
1509 3241 1876 3312 comprehen-

1979 3238 2121 3292 ἐστὶν
2168 3239 2200 3309 ἡ
2252 3236 2525 3302 σώζουσα,
2559 3238 2668 3290 εἴτε
2726 3237 2816 3291 διὰ
2856 3237 2956 3307 τῆς
2997 3237 3208 3300 ἐλπίδος
3249 3236 3552 3306 σωζόμεθα,

301 3325 465 3380 dendi
495 3327 603 3381 vim
643 3327 839 3393 habet,
879 3327 1048 3384 Paulo
1094 3345 1204 3386 non
1255 3330 1482 3386 inferior
1535 3341 1667 3388 est:
1712 3332 1876 3386 nimi-

1979 3330 2086 3389 εἴτε
2117 3329 2184 3383 δι’
2212 3329 2488 3399 ὑπομονῆς
2522 3327 2618 3399 τὴν
2648 3329 2806 3400 χάριν
2842 3328 3272 3399 ἀπεκδεχόμεθα,
3307 3329 3339 3397 ἡ
3367 3328 3552 3396 ἀγάπη

301 3432 422 3471 rum
452 3419 617 3474 etiam
647 3420 701 3474 in
728 3422 851 3477 aliis
885 3423 1142 3478 omnibus
1199 3423 1361 3479 bonis
1383 3464 1396 3487 ,
1460 3439 1694 3494 quorum
1747 3423 1876 3480 cha-

1979 3421 2156 3474 πάντα
2180 3421 2439 3485 πιστεύει,
2468 3419 2561 3472 καὶ
2592 3418 2768 3472 πάντα
2806 3419 3014 3483 ἐλπίζει
3039 3458 3053 3482 ,
3085 3419 3178 3472 καὶ
3205 3419 3384 3471 πάντα
3421 3419 3552 3470 ὑπο·

302 3508 437 3564 t'itas
463 3511 666 3579 primas
701 3520 880 3575 tenet,
911 3528 973 3566 ac
999 3529 1358 3584 quaecumque
1387 3530 1455 3569 ex
1507 3514 1613 3569 hac
1640 3513 1876 3584 pendent

1985 3512 2152 3582 μένει,
2172 3510 2353 3574 καθώς
2377 3527 2538 3579 φησιν
2564 3512 2591 3562 6
2617 3509 2954 3574 Ἀπόστολος.
2973 3511 3081 3563 Καὶ
3105 3509 3175 3562 τά
3200 3509 3332 3563 ἄλλα
3356 3510 3552 3570 πάντα,

301 3607 357 3652 et
383 3600 682 3664 exsistunt,
713 3604 940 3658 omnino
969 3605 1304 3673 posteriores
1329 3612 1513 3674 partes
1531 3603 1675 3658 ferre
1701 3611 1756 3659 et
1787 3603 1875 3658 in-

1979 3604 2062 3655 ἵνα
2099 3602 2173 3673 μὴ
2201 3603 2270 3655 τά
2317 3602 2439 3655 καθ’
2470 3602 2695 3655 ἕκαστον
2735 3602 2983 3669 λέγοντες
3023 3601 3381 3671 διατρίϐωμεν
3403 3639 3418 3660 ,
3452 3599 3553 3667 τῆς

303 3689 472 3744 ferior
498 3705 623 3745 esse
675 3707 784 3746 non
815 3693 1113 3749 videbitur.
1142 3694 1610 3760 Quemadmodum
1642 3694 1788 3750 enim
1828 3695 1875 3750 is

1979 3691 2116 3759 κατά
2160 3690 2257 3761 τὴν
2291 3691 2511 3761 ἀγάπην
2547 3688 2702 3760 ῥίζης
2739 3689 3025 3760 βλάστημα
3052 3690 3291 3757 γίνεται,
3325 3690 3421 3741 ὅσα
3468 3685 3549 3754 τῷ

304 3779 394 3844 qui
432 3779 681 3834 humanae
711 3790 917 3837 natura:
947 3785 1220 3853 particeps
1251 3791 1355 3848 est,
1386 3799 1576 3841 omnes
1615 3783 1872 3838 humana:

1979 3785 2074 3854 τῆς
2119 3781 2322 3852 ἀρετῆς
2375 3783 2518 3850 λόγῳ
2570 3781 2972 3845 σπουδάζεταιο
3029 3780 3168 3835 ὥστε
3215 3781 3302 3833 τὸν
3346 3778 3552 3848 ταύτην

305 3878 513 3924 naturas
542 3871 906 3941 proprietates
942 3875 1149 3931 habet:
1188 3876 1266 3930 ita
1313 3877 1482 3930 etiam
1532 3876 1580 3930 is
1621 3876 1712 3946 qui
1748 3891 1875 3946 per—

1979 3872 2162 3943 Ξχοντα
2181 3911 2195 3937 ,
2231 3870 2454 3941 μηδενὸς
2482 3871 2673 3934 ἐνδεῶς
2711 3871 2857 3941 ἔχειν
2892 3872 2998 3926 τῶν
3024 3873 3217 3928 ἄλλων.

303 3958 499 4014 rectam
544 3960 864 4016 charitatem
914 3963 970 4017 in
1007 3979 1128 4018 sese
1190 3963 1427 4019 conl‘ecit
1474 3973 1527 4020 et
1570 3973 1858 4021 assecutus
1919 3971 2004 4018 est
2037 4004 2051 4027 ,
2109 3975 2298 4015 ontnos
2351 3976 2695 4031 quiscunque
2732 3978 2841 4016 una
2902 3978 3026 4016 cum
3069 3963 3170 4018 hac
3236 3972 3558 4032 Spectantur

299 4057 355 4103 et
423 4051 1010 4119 comprehenduntur,
1063 4054 1333 4108 bonorum
1381 4054 1587 4110 formas
1633 4073 1760 4111 cum
1817 4055 2085 4126 primario
2159 4052 2558 4122 principalique
2612 4054 2756 4108 bono
2802 4061 2972 4109 tcnet.
3024 4053 3151 4108 Sive
3217 4055 3364 4108 cnim
3420 4053 3556 4105 lides

301 4148 383 4195 est
411 4158 529 4210 quaz
551 4152 762 4210 servat,
786 4145 900 4200 sive
924 4159 1021 4215 per
1052 4161 1202 4216 spem
1232 4161 1515 4202 servamur
1543 4187 1558 4212 ,
1602 4149 1717 4203 sive
1747 4163 1845 4218 per
1899 4146 2220 4218 patientiam
2271 4146 2504 4215 gratiam
2572 4155 2990 4216 exspectamus,
3062 4147 3306 4202 charitas
3368 4147 3556 4200 omnia

301 4235 507 4299 credit,
542 4243 594 4290 ct
625 4236 808 4291 omnia
835 4247 1049 4307 sperat,
1099 4246 1155 4294 et
1231 4241 1415 4295 omnia
1468 4241 1701 4306 suffert,
1755 4250 1816 4295 ut
1844 4241 2018 4308 inquit
2067 4237 2363 4308 Apostolus
2390 4237 2430 4291 ⁸.
2494 4238 2673 4307 Atque
2735 4238 2942 4307 reliqua
3015 4238 3196 4291 omnia
3242 4253 3310 4291 ne
3362 4238 3555 4306 singu-

302 4328 452 4382 latim
486 4329 669 4381 omnia
698 4331 1074 4386 enumerando
1136 4341 1353 4401 tempus
1416 4339 1696 4398 teramus,
1742 4331 2031 4410 charitatis
2085 4329 2290 4383 radicis
2333 4345 2554 4398 germen
2613 4339 2667 4384 ct
2729 4331 2989 4384 surculus
3062 4332 3360 4392 exsistunt,
3404 4346 3558 4398 quat:-

300 4435 520 4490 cunque
557 4422 766 4477 ratione
798 4424 1022 4480 virtutis
1061 4435 1391 4495 expetuntur
1421 4445 1433 4480 :
1477 4426 1613 4481 adeo
1653 4433 1713 4480 ut
1739 4425 1832 4494 qui
1871 4425 2012 4478 hanc
2038 4422 2256 4484 habeat,
2298 4423 2450 4476 nullo
2479 4423 2586 4475 alio
2620 4423 2765 4476 bono
2789 4429 2992 4477 careat.

374 4513 525 4568 lianc
559 4514 723 4584 igitur
769 4531 892 4569 cum
929 4533 1159 4588 magnus
1194 4519 1429 4576 Basilius
1474 4521 1735 4584 haberet,
1785 4534 1876 4588 per

2053 4515 2266 4585 Ταύτην
2300 4515 2437 4586 ἔχων
2469 4519 2495 4570 ὁ
2529 4516 2699 4587 μέγας
2738 4515 3043 4578 Βασίλειος,
3077 4513 3285 4576 οὐδενὸς
3315 4514 3423 4584 ἄρα
3447 4515 3563 4569 τῶν

299 4621 419 4662 eam
451 4607 658 4662 nullius
691 4609 819 4663 boni
847 4625 1045 4678 expers
1065 4621 1201 4665 erat.
1241 4613 1397 4679 Quod
1434 4614 1479 4671 si
1511 4614 1692 4668 omnia
1711 4613 1871 4667 habe-

301 4699 430 4764 hat,
482 4699 536 4753 in
572 4701 720 4754 nulla
769 4715 828 4755 re
888 4717 1113 4771 prorsus
1144 4704 1369 4760 inferior
1397 4715 1532 4761 erat.
1569 4704 1678 4760 Sed
1725 4704 1870 4758 dicet

301 4791 498 4860 aliquis
532 4809 780 4862 prorsus,
817 4795 967 4862 quod
997 4795 1214 4850 tertium
1246 4799 1444 4853 cmlum
1489 4797 1682 4853 viderit
1731 4796 1820 4849 ille
1849 4835 1864 4860 ,

298 4890 352 4935 ct
387 4891 576 4951 raptus
604 4884 676 4938 sit
705 4886 757 4938 in
785 4887 1124 4955 paradisum,
1148 4897 1199 4943 et
1228 4890 1496 4944 audiverit
1529 4903 1726 4942 arcana
1755 4902 1870 4942 ver-

303 4975 393 5035 ba,
430 4989 546 5042 quae
578 4975 782 5030 homini
815 4993 919 5031 non
956 4978 1121 5033 liceat
1169 4981 1466 5048 proferre”.
1517 4981 1585 5033 At
1639 4994 1740 5033 nec
1779 4978 1872 5033 ille

302 5064 555 5134 quidem,
585 5065 728 5134 quod
765 5078 996 5136 constet,
1029 5086 1123 5140 per
1154 5087 1374 5126 carnem
1437 5073 1577 5126 hanc
1599 5070 1871 5140 ejusmodi

300 5156 532 5224 gratiam
581 5158 828 5226 accepit;
888 5177 996 5214 non
1041 5162 1184 5215 enim
1239 5163 1381 5216 celat
1417 5163 1869 5233 ambiguitatem,

299 5247 428 5300 dum
470 5247 640 5303 dicit:
671 5250 791 5306 Sive
821 5253 872 5306 in
901 5270 1136 5321 corpore,
1174 5256 1369 5318 nescio,
1425 5255 1529 5308 sive
1557 5265 1711 5308 extra
1750 5271 1870 5308 cor-

294 5350 415 5402 pus,
458 5339 685 5408 ignoro;
731 5341 870 5395 Deus
899 5348 1059 5399 novit.
1116 5344 1290 5399 Etiam
1332 5346 1400 5400 de
1455 5348 1558 5401 hoc
1607 5347 1868 5401 audacter

299 5429 497 5497 aliquis
531 5434 712 5488 dicere
741 5438 914 5505 possit
935 5440 1109 5508 ,quod
1143 5440 1197 5494 in
1231 5455 1459 5510 corpore
1487 5441 1705 5512 quidem
1733 5441 1866 5495 nihil

299 5519 566 5585 eiusmodi
599 5525 814 5593 viderit,
848 5529 942 5584 sed
971 5530 1293 5602 incorporea
1347 5542 1401 5588 et
1431 5549 1493 5589 ca
1527 5547 1647 5603 quae
1686 5540 1868 5586 mente

371 5624 390 5655 ⁸
419 5625 591 5711 LCor.
621 5649 738 5702 xm,
779 5638 861 5692 l5.
941 5641 961 5672 ⁸
990 5639 1120 5695 ibid.
1153 5641 1170 5695 Ι
1205 5655 1325 5711 sqq.
1403 5642 1422 5672 ’³
1459 5641 1652 5696 Μειιῑδ·
1687 5656 1822 5706 “"t
1854 5639 1876 5695 ’ί

2019 5639 2038 5670 ⁷
2083 5635 2269 5691 Matth.
2307 5633 2519 5697 xxv,35
2550 5649 2670 5703 sqq.
2747 5631 2809 5684 ⁸1
2843 5633 2967 5688 Cor.
3009 5649 3127 5699 xm,
3162 5633 3215 5686 7.

303 5710 398 5761 χιι,
425 5696 460 5750 2
488 5713 608 5770 sqq.

1977 4606 2195 4675 ἀγαθῶν
2221 4607 2287 4660 δι’
2321 4609 2488 4678 αὐτῆς
2527 4594 2870 4662 ἀπελείπετο.
2902 4609 2966 4661 Εἰ
2994 4608 3048 4660 δὲ
3078 4606 3255 4658 πάντα
3284 4602 3431 4675 εἶχεν
3451 4648 3464 4671 ,
3497 4610 3561 4660 ἐν

1975 4701 2148 4756 οὐδενὶ
2181 4701 2396 4762 πάντως
2437 4700 2734 4769 ἠλάττωτο.
2777 4699 2916 4752 Ἀλλ’
2950 4700 3066 4769 ἐρεῖ
3087 4715 3170 4760 τις
3193 4696 3410 4759 πάντως
3429 4738 3441 4758 ,
3469 4697 3561 4750 ὅτι

1974 4789 2153 4860 τρίτον
2194 4788 2418 4859 οὐρανὸν
2453 4784 2590 4841 εἶδεν
2637 4791 2840 4850 ἐκεῖνος
2864 4827 2879 4853 ,
2923 4787 3016 4840 καὶ
3051 4787 3274 4857 ἡρπάγη
3331 4787 3410 4847 είς
3459 4785 3561 4838 τὸν

1976 4881 2322 4952 παράδεισον,
2353 4881 2446 4934 καὶ
2473 4881 2702 4950 ἤκουσεν
2729 4880 2942 4951 ἄρρητα
2967 4882 3205 4950 ῥήματα,
3239 4877 3274 4930 ἃ
3302 4879 3402 4930 οὐκ
3433 4876 3562 4940 ἐξὸν

1971 4971 2239 5043 ἀνθρώπῳ
2283 4971 2532 5039 λαλῆσαι.
2585 4971 2723 5022 Ἀλλ’
2780 4970 2900 5023 οὐδὲ
2951 4971 3154 5030 ἐκεῖνος
3184 4968 3433 5038 φανερῶς
3466 4967 3563 5021 διὰ

1971 5070 2070 5137 τῆς
2116 5064 2316 5136 σαρκὸς
2353 5063 2553 5131 ταύτης
2584 5063 2680 5132 τὴν
2709 5060 2965 5132 τοιαύτην
2999 5061 3156 5131 χάριν
3200 5059 3444 5125 ἐδέξατο.
3476 5062 3559 5113 υύ

1972 5159 2078 5230 γάρ
2127 5157 2521 5226 ἐπικρύπτεται
2567 5155 2665 5227 τὴν
2714 5155 3041 5228 ἀμφιϐολίαν
3073 5156 3242 5224 λέγων
3268 5173 3281 5186 ·
3317 5157 3460 5209 Εἴτε
3485 5157 3562 5209 ἐν

1971 5249 2196 5319 σώματι
2233 5251 2344 5302 οὐκ
2395 5244 2563 5312 οἴδα,
2615 5248 2735 5301 εἴτε
2763 5249 2938 5314 ἐκτὸς
2985 5249 3088 5302 τοῦ
3121 5247 3398 5318 σώματος
3443 5252 3558 5303 οὐκ

1973 5339 2123 5398 οἶδασ
2149 5344 2180 5394 ό
2207 5341 2350 5406 Θεὸς
2374 5341 2556 5394 οἶδεν.
2587 5340 2698 5394 Καὶ
2731 5341 2856 5412 περὶ
2883 5341 3073 5394 τούτου
3107 5341 3383 5412 τολμήσας
3409 5343 3554 5392 εἴποι

1973 5451 2055 5496 τις
2094 5432 2192 5496 ἂν,
2231 5432 2310 5484 ὅτι
2339 5433 2396 5484 ἐν
2428 5430 2638 5500 σώματι
2682 5431 2922 5484 τοιοῦτον
2955 5436 3053 5502 μὲν
3101 5432 3250 5484 οὐδὲν
3285 5427 3458 5493 εἶδεν,
3485 5433 3547 5500 τῇ

1974 5525 2030 5578 δὲ
2061 5523 2334 5593 ἀσωμάτῳ
2376 5521 2470 5574 καὶ
2499 5523 2662 5592 νοητῇ
2697 5521 2901 5590 θεωρίᾳ
2942 5521 3041 5573 ούκ
3080 5519 3225 5573 ἐστιν
3271 5520 3300 5572 ὅ
3329 5537 3380 5573 τι
3428 5517 3546 5572 τού-

3294 5633 3316 5664 ⁹
3343 5629 3388 5686 ll
3418 5632 3543 5686 Cor.
