3918 6204
365 284 462 340 801

1448 291 1468 307 ⁶
1493 289 1557 345 ΙΝ
1594 285 1879 345 LAUDEM
1922 281 2228 342 FRATRIS
2264 288 2536 347 BASILII.

3535 296 3641 355 802

362 418 471 455 των
501 400 717 472 ἀφῆκεν
749 400 993 457 ἀθέατον.
1023 403 1251 475 Μάρτυς
1282 403 1340 458 δέ
1381 403 1588 459 τούτων
1639 407 1669 459 6
1698 405 1829 477 παρ’
1857 403 1952 457 αὑ-

2055 407 2356 476 peragitur,
2392 409 2851 480 contemplatione
2885 411 3020 467 nihil
3068 411 3260 469 harum
3297 429 3477 469 rerum
3529 415 3639 484 sit,

360 494 458 550 τοῦ
489 494 675 563 λόγος,
699 495 759 548 ὃν
780 512 839 548 τε
871 496 956 565 ἐφ’
987 495 1179 551 ἐαυτοῦ
1209 496 1428 569 διεξῄει,
1453 498 1547 551 καὶ
1568 496 1628 551 ὃν
1658 496 1952 551 κατέλιπεν

358 589 421 641 ἐν
451 588 899 657 συγγράμμασιν.
950 589 1187 652 Ἐκεῖνος
1213 588 1322 643 ἀπὸ
1364 587 1749 660 Ἰεροσολύμων
1777 588 1871 643 ἐπὶ
1892 588 1954 641 τὸ

376 678 672 749 Ἰλλυρικὸν
705 680 766 732 ἐν
799 678 986 752 κύκλῳ
1024 679 1347 751 περιελθὼν,
1378 683 1514 735 πᾶσι
1538 683 1650 744 τοῖς
1673 680 1761 734 διὰ
1789 680 1953 751 μέσου

359 772 457 824 τὸν
484 769 837 839 εύαγγελικὸν
879 770 1114 841 ἐκήρυξε
1158 771 1317 841 λόγον
1341 788 1355 803 ·
1389 772 1485 826 καὶ
1511 774 1541 826 6
1575 771 1768 827 τούτου
1798 771 1955 841 λόγος

359 862 461 916 καὶ
487 862 548 915 16
577 863 839 934 κήρυγμα
877 865 1062 917 πᾶσαν
1118 864 1318 935 μικροῦ
1346 865 1459 920 δεῖν
1500 864 1600 937 τὴν
1628 866 1954 936 οἰκουμένην

356 952 640 1021 διέλαϐεν,
689 954 776 1007 ἐπ’
814 954 937 1024 ῐσης
961 957 1074 1019 τοῖς
1106 954 1322 1009 Παύλου
1348 955 1528 1025 λόγοις
1554 957 1707 1028 παρά
1736 957 1953 1011 πάντων

358 1046 459 1101 καὶ
484 1047 617 1100 αὐτὸ
655 1045 1110 1118 σπουδαζόμενον.
1149 1048 1440 1120 Παρείσθω
1472 1049 1530 1103 δὲ
1578 1049 1649 1103 τά
1675 1048 1838 1103 λοιπά
1884 1050 1953 1102 δι’

357 1132 438 1192 ὧν
475 1140 503 1193 6
534 1139 650 1210 βίος
680 1136 871 1192 τούτου
908 1139 1045 1208 πρὸς
1069 1137 1161 1192 τὸν
1207 1138 1417 1193 ἐκείνου
1448 1139 1812 1212 συμφέρεται,
1842 1131 1954 1192 οἷον

358 1229 686 1302 ἐσταυρώθη
717 1228 797 1301 τῷ
826 1230 1018 1301 κόσμῳ
1057 1230 1265 1294 ἐκεῖνος
1287 1273 1302 1298 ,
1348 1232 1443 1285 καὶ
1469 1231 1643 1301 τούτῳ
1673 1233 1702 1285 6
1726 1230 1950 1301 κόσμος.

376 1320 678 1392 Ἑνέκρωσε
723 1322 785 1374 τὸ
813 1321 972 1392 σῶμα
1001 1322 1207 1385 ἐκεῖνος
1224 1363 1241 1387 ,
1274 1321 1557 1377 ἐτελείωσε
1585 1323 1679 1377 καὶ
1708 1316 1862 1387 οὗτος
1893 1324 1953 1378 ἐν

358 1413 619 1486 ἀσθενείᾳ
638 1414 739 1486 τὴν
764 1414 1012 1486 δύναμιν.
1036 1414 1272 1488 Χριστὸς
1293 1411 1361 1488 ἦν
1391 1417 1453 1470 τὸ
1479 1417 1578 1488 ζῇν
1597 1417 1952 1489 ἀμφοτέροις,

358 1510 460 1561 καὶ
504 1505 709 1577 ὁμοίως
738 1507 986 1578 ἐκατέρῳ
1034 1506 1224 1579 κέρδος
1253 1509 1281 1561 6
1322 1507 1585 1576 θάνατος,
1616 1508 1711 1562 καὶ
1760 1524 1951 1581 προτι-

363 1597 571 1667 μοτέρα
601 1595 698 1650 τοῦ
724 1595 1143 1667 πεπλανημένου
1175 1595 1293 1666 βίου
1320 1598 1353 1668 ή
1389 1596 1525 1669 πρὸς
1559 1597 1650 1651 τὸν
1675 1596 1952 1668 Δεσπότην

357 1687 643 1751 ἀνάλυσις.
694 1687 766 1740 Ἦ
805 1686 898 1741 καὶ
940 1686 1035 1740 τὸν
1084 1687 1336 1759 Ἰωάννην
1382 1687 1827 1760 ἀντιπαραδεῖξαι
1873 1686 1951 1759 τῷ

2054 498 2200 567 quod
2250 500 2609 571 contemplari
2637 511 2801 573 atque
2833 506 3185 563 considerare
3210 508 3636 578 praetermiserit.

2056 589 2234 649 Testis
2274 592 2466 647 harum
2522 610 2706 650 rerum
2742 606 2828 653 est
2878 598 3050 669 ipsius
3094 601 3311 667 oratio,
3359 610 3471 656 tum
3524 617 3586 655 ea
3623 641 3640 666 ,

2056 698 2221 754 quam
2281 684 2397 753 ipse
2448 686 2782 756 proferebat,
2825 699 2939 745 tum
2989 706 3053 745 ea
3099 708 3262 762 quam
3299 692 3519 763 reliquit
3585 694 3640 747 in

2056 772 2304 843 scriptis.
2344 773 2436 829 Ille
2465 775 2535 830 ab
2575 774 2934 848 Jerosolymis
2960 796 3134 851 usque
3181 782 3246 835 ad
3290 781 3639 853 Illyricumin

2057 863 2247 918 orbem
2278 864 2611 921 circumiens
2645 869 2899 924 omnibus
2950 870 3004 924 in
3038 871 3217 925 medio
3265 871 3643 927 habitantibus

2056 954 2439 1026 Evangelicum
2464 973 2769 1015 sermonem
2805 963 3143 1031 prmdicavit,
3186 972 3242 1019 et
3275 964 3437 1032 hujus
3464 966 3643 1019 oratio

2056 1056 2221 1114 atque
2248 1047 2564 1115 pradicatio
2590 1063 2805 1104 omnem
2842 1053 3231 1122 propemodum
3258 1062 3526 1107 terrarum
3548 1068 3644 1107 0r-

2055 1138 2179 1192 bem
2215 1139 2464 1207 amplexa
2495 1147 2598 1203 est,
2639 1156 2765 1195 cum
2796 1145 2963 1196 etiam
3014 1144 3129 1213 ipsa
3176 1159 3330 1215 aeque
3375 1159 3439 1200 ac
3487 1143 3641 1198 Pauli

2055 1242 2339 1283 sermones
2384 1230 2452 1285 ab
2486 1230 2741 1285 omnibus
2795 1232 3122 1301 probaretur
3166 1244 3222 1289 et
3273 1243 3641 1304 expeteretur.

2055 1318 2392 1375 Omittantur
2445 1321 2655 1391 reliqua
2688 1361 2703 1386 ,
2737 1324 2939 1392 quibus
2969 1325 3136 1394 hujus
3166 1326 3277 1379 vita
3330 1341 3455 1383 cum
3494 1327 3644 1382 illius

2054 1411 2167 1464 vita
2212 1412 2468 1466 convenit
2511 1421 2676 1483 atque
2720 1414 3056 1479 concordat,
3113 1415 3371 1472 videlicet
3439 1416 3643 1472 mundo

2056 1500 2350 1556 cruciﬁxus
2382 1509 2464 1556 est
2510 1502 2638 1569 ille,
2687 1512 2739 1557 et
2776 1502 2904 1558 huic
2948 1504 3208 1561 mundus.
3268 1506 3483 1576 Corpus
3552 1507 3643 1561 ille

2057 1590 2430 1654 mortificavit,
2462 1594 2872 1648 consummavit
2912 1601 3077 1664 atque
3099 1595 3332 1665 perfecit
3356 1596 3519 1651 etiam
3554 1597 3643 1651 hic

2054 1680 2202 1737 vires
2230 1697 2328 1752 per
2361 1678 2759 1740 infirmitatem.
2800 1684 3057 1743 Christus
3090 1686 3312 1756 utrique
3338 1688 3447 1742 vita
3480 1678 3635 1744 erat:

358 1780 667 1851 διδασκάλῳ
701 1779 882 1845 δοκεῖς
926 1777 1087 1832 Ἀλλά
1124 1779 1183 1833 16
1219 1780 1317 1851 μὲν
1340 1779 1692 1853 προτερεύειν
1716 1780 1948 1843 ἐκεῖνον,

2054 1781 2109 1829 et
2151 1774 2370 1845 utrique
2402 1776 2654 1833 similiter
2684 1792 2782 1843 pro
2834 1778 2991 1835 luero
3064 1794 3239 1847 mors,
3266 1789 3321 1837 et
3347 1779 3418 1835 ad
3449 1779 3640 1836 Domi-

358 1874 442 1945 τῷ
488 1874 549 1927 ἐν
594 1873 874 1944 γεννητοῖς
923 1872 1198 1941 γυναικῶν
1248 1873 1342 1926 καὶ
1392 1873 1778 1944 περισσότερον
1809 1871 1953 1944 ἔχειν

357 1966 458 2019 τοῦ
494 1966 773 2037 προφήτου
803 1963 902 2034 τῆς
949 1962 1100 2027 θείας
1151 1964 1335 2034 φωνῆς
1373 1962 1795 2036 μαρτυρούσης,
1852 1981 1956 2035 μα-

359 2057 485 2120 νίας
512 2055 579 2109 ἂν
610 2056 697 2126 είη
730 2054 826 2109 καὶ
856 2053 1113 2120 ἀσεϐείας
1155 2053 1274 2126 ἅμα
1305 2054 1464 2109 ἄλλον
1510 2055 1945 2129 ἀντιπαρεξαγα-

358 2152 482 2217 γεῖν
514 2146 593 2218 τῷ
628 2146 853 2217 τοιούτῳ
902 2146 1002 2219 βίῳ
1030 2146 1118 2201 διά
1146 2147 1489 2219 συγκρίσεως
1516 2165 1530 2178 ⁸
1577 2148 1713 2203 ἀλλά
1741 2149 1836 2203 τοῦ
1862 2166 1955 2204 το-

362 2242 563 2295 σούτου
589 2242 684 2296 καὶ
706 2241 950 2296 τοιούτου
976 2241 1071 2295 καὶ
1102 2240 1163 2295 τὸ
1190 2242 1422 2297 κατόπιν
1458 2242 1632 2297 ἐλθεῖν
1649 2285 1664 2310 ,
1690 2244 1787 2314 τῆς
1815 2245 1957 2298 ἀνω-

354 2337 513 2390 τάτω
548 2337 947 2407 μακαριότητος
992 2335 1093 2406 τὴν
1145 2335 1421 2401 ἀπόδειξιν
1470 2334 1606 2407 ἔχει.
1636 2336 1851 2391 Οὑτωσὶ
1896 2336 1954 2390 δέ

354 2428 457 2482 16v
486 2427 646 2496 λόγον
674 2429 1101 2498 κατανοήσωμεν
1124 2443 1138 2457 ·
1169 2426 1284 2480 οὐκ
1335 2421 1405 2496 ἦν
1435 2425 1562 2479 οὔτε
1600 2426 1660 2480 ἐν
1692 2425 1955 2496 μαλακοῖς

361 2518 607 2590 ἱματίοις
636 2521 665 2573 6
701 2517 989 2588 Ἰωάννης.
1039 2515 1164 2571 οὔτε
1223 2516 1469 2587 κάλαμος
1510 2511 1579 2589 ἦν
1611 2516 1833 2587 ἀνέμοις
1864 2519 1954 2572 ἐν·

360 2610 743 2681 σαλευόμενος.
796 2608 1106 2673 Ἥσπὰξετο
1131 2608 1187 2663 δέ
1219 2607 1326 2681 πρὸ
1356 2608 1464 2663 τῶν
1496 2609 1833 2681 οἰκουμένων
1854 2610 1955 2681 τὴν

296 2728 315 2741 ι
358 2700 591 2774 Ιρημον,
619 2700 716 2756 καὶ
743 2700 906 2756 πάλιν
948 2702 1062 2766 τοῖς
1082 2701 1420 2773 οίκουμένοις
1444 2702 1838 2774 ἐπεχωρίαζεν.
1861 2703 1953 2776 Μή

358 2811 450 2858 τις
478 2793 586 2866 ἄρα
615 2783 912 2865 ἐπισκήψει
936 2792 1015 2866 τῷ
1038 2793 1182 2866 λόγῳ
1202 2834 1220 2860 ,
1253 2795 1303 2849 εί
1330 2793 1491 2849 τοῦτο
1518 2785 1952 2868 προσμαρτυρή-

362 2904 450 2941 σει
485 2886 580 2941 καὶ
604 2886 683 2959 τῷ
708 2887 1016 2958 διδασκάλῳ
1049 2885 1263 2960 ήμῶνή
1290 2886 1538 2959 ἀλήθεια,
1564 2886 1641 2952 ὡς
1669 2888 1730 2942 ἐν
1744 2886 1956 2952 τούτοις

357 2981 526 3035 αὐτὸν
549 2979 644 3034 τοῦ
693 2979 930 3051 μεγάλου
969 2980 1218 3035 Ἰωάννου
1264 2980 1340 3052 μὴ
1396 2979 1820 3048 ἀπολείπεσθαι;
1858 2979 1957 3045 Τίς

360 3073 467 3128 οὸκ
497 3068 637 3127 οἶδεν
680 3072 830 3136 ὅπως
880 3072 1132 3143 μαλακήν
1174 3090 1237 3127 τε
1280 3071 1375 3127 καὶ
1427 3070 1814 3145 τεθρυμμένην
1860 3073 1954 3127 τοῦ
1982 3104 2024 3162 C

364 3164 486 3237 βίου
514 3164 719 3219 δίαιταν
749 3163 1015 3236 πολεμίαν
1044 3165 1292 3237 ἡγήσατο
1309 3204 1325 3231 ,
1371 3165 1430 3219 ἐν
1459 3164 1624 3219 παντὶ
1657 3163 1722 3218 16
1756 3182 1953 3237 καρτε-

365 3256 520 3331 ρικὸν
550 3256 642 3312 καὶ
670 3255 938 3330 ἀνδρῶδες
969 3257 1077 3329 πρὸ
1108 3257 1216 3311 τῶν
1238 3256 1411 3328 ήδέων
1441 3256 1757 3328 θηρώμενος
1775 3296 1789 3320 ,
1815 3256 1953 3328 ήλίῳ

362 3346 704 3418 θαλπόμενος
733 3385 749 3409 ,
783 3345 942 3417 κρύει
981 3345 1499 3418 παραϐαλλόμενος,
1545 3345 1823 3417 νηστείαις
1857 3348 1952 3400 καὶ

361 3436 718 3511 ἐγκρατείαις
760 3437 1197 3509 καταγυμνάζων
1247 3438 1309 3491 16
1343 3437 1538 3508 σῶμα,
1567 3438 1690 3501 ταῖς
1735 3437 1952 3493 πόλεσιν

361 3530 441 3594 ὡς
470 3530 530 3584 ἐν
558 3529 790 3600 ἐρήμοις
815 3528 1169 3599 ἐνδιατρίϐων
1199 3527 1369 3600 (οὐδὲν
1407 3530 1489 3592 εἰς
1521 3528 1724 3601 ἀρετὴν
1763 3530 1830 3583 ἐκ
1852 3529 1952 3599 τῆς

364 3619 656 3691 συντυχίας
693 3618 1220 3691 παραϐλαπτόμενος
1243 3618 1261 3689 )
1283 3660 1299 3686 ,
1340 3620 1435 3672 καὶ
1467 3608 1653 3683 πόλεις
1681 3618 1778 3683 τάς
1823 3619 1953 3691 ἐρηο

367 3714 497 3783 μίας
526 3712 973 3785 ἀπεργαζόμενος
1000 3728 1014 3777 ;
1046 3710 1183 3765 Οΰτε
1212 3710 1322 3782 γὰρ
1354 3712 1388 3782 ή
1440 3710 1580 3783 μετὰ
1609 3710 1718 3765 τῶν
1742 3710 1952 3766 πολλῶν

362 3803 613 3875 διαγωγὴ
670 3804 772 3875 τῆς
810 3801 1076 3876 ἀκριϐοῦς
1121 3821 1175 3857 τι
1226 3803 1323 3857 καὶ
1370 3801 1648 3872 ἀσφαλοῦς
1678 3803 1952 3868 πολιτείας

362 3896 708 3968 παρέτρεψεν
733 3913 747 3928 ·
782 3892 930 3962 οὔτε,
962 3895 1012 3948 εί
1041 3893 1178 3964 πρὸς
1213 3893 1404 3947 ἑαυτὸν
1437 3894 1530 3948 ἐπὶ⁸
1561 3894 1661 3965 τὴν
1693 3895 1952 3967 ἐσχατιάν

360 3986 643 4059 ἐχώρησεν
670 4026 685 4051 ,
743 3984 1096 4058 γυμνωθῆναι
1144 3983 1255 4039 τῶν
1285 3984 1377 4038 ἐπ’
1416 3984 1654 4058 ὠφελείᾳ
1688 3986 1952 4042 συνόντων

358 4074 473 4143 οἷός
498 4096 558 4132 τε
586 4074 656 4150 ἦν
674 4095 686 4110 ·
720 4078 862 4133 ὥστε
882 4077 976 4131 καὶ
1012 4076 1106 4131 ἐπὶ
1138 4075 1353 4143 τούτου,
1383 4077 1505 4132 καθ’
1539 4077 1831 4150 ὁμοιότητα
1857 4078 1951 4133 τοῦ

362 4171 672 4224 Βαπτιστοῦ
727 4168 883 4224 πόλιν
922 4169 1022 4240 τὴν
1052 4168 1259 4241 ἔρημον
1285 4168 1539 4239 γενέσθαι
1581 4186 1950 4243 στενοχωρου-

282 4290 291 4297 -
363 4263 534 4335 μένην
576 4267 692 4326 τοῖς
728 4262 1097 4335 ἐπιρρέουσιν.
1141 4261 1217 4315 T6
1265 4259 1325 4316 δέ
1375 4260 1451 4333 μὴ
1500 4260 1746 4331 κάλαμον
1787 4262 1951 4317 αὑτὸν

360 4353 498 4410 εἶναι
564 4356 634 4409 δι’
691 4355 941 4420 εὐκολίας
995 4353 1135 4427 πρὸς
1198 4352 1299 4418 τὰς
1361 4353 1609 4419 ἐναντίας
1656 4353 1951 4426 ὑπολήψεις

2055 1883 2187 1923 num
2226 1870 2494 1926 resolutio
2538 1870 2690 1926 falsae
2729 1872 2856 1928 vitae
2879 1872 3292 1942 praeferebatur.
3358 1874 3441 1930 An
3472 1876 3640 1931 etiam

2054 1957 2322 2016 Joannem
2355 1976 2480 2018 cum
2528 1964 2792 2033 magistro
2814 1964 3071 2021 conferre
3107 1973 3272 2036 atque
3321 1981 3644 2037 comparare

2056 2052 2372 2122 placetiAt
2402 2068 2527 2109 cum
2552 2054 2738 2111 divina
2770 2072 2871 2112 vox
2915 2064 3168 2123 testetur,
3203 2057 3348 2127 quod
3376 2058 3466 2112 ille
3488 2059 3643 2127 prin-

2056 2145 2294 2215 cipatum
2331 2154 2554 2213 teneat,
2604 2155 2894 2219 propterea
2938 2148 3087 2220 quod
3136 2150 3280 2203 inter
3326 2160 3487 2205 natos
3526 2166 3644 2205 mu-

2055 2236 2253 2293 lierum
2291 2238 2454 2294 etiam
2485 2240 2722 2309 amplius
2750 2250 2807 2295 et
2860 2241 3221 2296 excellentius
3270 2241 3402 2312 quid
3447 2242 3644 2297 habeat

2056 2342 2220 2399 quam
2260 2329 2549 2399 propheta,
2582 2329 2800 2386 insania
2841 2331 3003 2386 simul
3051 2341 3109 2386 et
3162 2332 3414 2401 impietas
3477 2331 3645 2388 fuerit

2057 2420 2226 2474 alium
2261 2435 2329 2475 ex
2358 2421 2591 2477 adverso
2623 2421 2999 2491 comparando
3052 2436 3333 2491 opponere
3366 2422 3639 2492 ejusmodi

2053 2512 2201 2569 vitae.
2230 2511 2338 2569 Sed
2374 2514 2510 2568 tanti
2543 2527 2606 2569 ac
2634 2513 2758 2570 talis
2786 2513 2892 2568 viri
2922 2513 3007 2569 vel
3035 2528 3066 2568 a
3095 2523 3249 2585 tergo
3270 2516 3508 2578 venisse.
3549 2532 3642 2571 su-

2058 2620 2264 2676 prema:
2292 2604 2650 2661 beatitudinis
2687 2605 2936 2661 continet
2971 2604 3519 2664 demonstrationem.
3544 2607 3642 2663 At-

2054 2711 2161 2768 que
2192 2696 2297 2753 hoc
2347 2694 2511 2751 modo
2550 2696 2820 2752 rationem
2862 2696 3103 2753 ineundo
3129 2736 3145 2762 ,
3181 2713 3296 2754 rem
3317 2700 3637 2756 considere-

2053 2803 2179 2845 mus
2207 2797 2375 2858 atque
2415 2788 2842 2859 perpendamus.
2876 2787 3069 2861 Neque
3094 2790 3353 2846 mollibus
3395 2791 3644 2848 vestibus

2053 2879 2294 2939 Joannes
2318 2890 2437 2938 erat
2460 2881 2719 2946 amictus,
2752 2897 2929 2952 neque
2950 2882 3165 2939 arundo
3191 2891 3331 2951 erat,
3357 2897 3480 2954 quae
3510 2899 3644 2939 ven-

2056 2975 2130 3032 tis
2175 2974 2497 3047 agitaretur.
2529 2972 2865 3032 Praeferebat
2920 2976 3051 3033 item
3098 2976 3452 3035 solitudinem
3508 2976 3643 3032 locis

2061 3068 2226 3124 cultis
2268 3076 2324 3124 et
2354 3066 2617 3123 habitatis
2643 3107 2660 3133 ,
2688 3075 2743 3122 et
2764 3076 2958 3122 contra
2990 3067 3046 3122 in
3086 3067 3349 3123 habitatis
3383 3077 3439 3123 et
3478 3068 3643 3123 cultis

2056 3161 2194 3217 locis
2217 3161 2559 3216 versabatur.
2578 3156 2718 3213 Num
2739 3158 2865 3230 quis
2890 3158 3058 3229 igitur
3077 3158 3289 3215 refellet
3314 3158 3640 3224 orationem,

2054 3251 2101 3306 si
2140 3250 2343 3306 veritas
2369 3250 2536 3304 etiam
2573 3249 2677 3305 hoc
2702 3249 2967 3321 magistro
2994 3258 3192 3305 nostro
3239 3257 3551 3316 attestctur,
3578 3256 3644 3305 ut

2055 3343 2113 3395 in
2152 3339 2240 3396 his
2284 3354 2486 3410 magno
2512 3337 2725 3394 Joanne
2753 3353 2865 3393 non
2895 3337 3122 3392 inferior
3156 3338 3274 3394 sit?
3303 3338 3440 3404 Quis
3493 3338 3638 3393 enim

2054 3436 2292 3505 ignorat,
2326 3431 2787 3503 quemadmodum
2824 3431 3039 3487 mollem
3085 3442 3138 3487 et
3174 3431 3467 3486 delicatum
3517 3429 3642 3484 vita:

2053 3527 2261 3581 cultum
2294 3525 2517 3581 noxium
2551 3531 2606 3579 et
2638 3523 2899 3580 infestum
2933 3523 3258 3594 judicaret?
3294 3523 3349 3578 in
3401 3521 3551 3578 omni
3580 3536 3641 3577 re

2054 3617 2436 3673 fortitudinem
2479 3625 2646 3687 atque
2682 3616 2928 3670 laborum
2987 3623 3042 3670 et
3071 3615 3448 3672 molestiarum
3504 3614 3642 3671 tole-

2054 3710 2294 3766 rantiam
2324 3709 2500 3780 magis
2533 3723 2697 3779 quam
2732 3724 2823 3764 res
2843 3707 3120 3778 iucundas
3143 3715 3381 3771 sectans.
3409 3707 3479 3763 ad
3507 3706 3640 3763 solis

2052 3814 2244 3861 aestum
2275 3802 2528 3867 duratus,
2550 3801 2737 3875 frigori
2761 3817 2821 3858 se
2844 3806 3148 3873 exponens,
3170 3800 3398 3872 jejuniis
3422 3807 3477 3855 et
3504 3807 3642 3855 tem-

2053 3900 2300 3966 perantia
2357 3914 2559 3970 corpus
2606 3896 2917 3954 exercendo
2964 3897 3257 3969 subigens,
3304 3897 3360 3952 in
3410 3895 3638 3951 urbibus

2054 3990 2214 4062 quasi
2280 3990 2337 4045 in
2394 3989 2791 4046 solitudinibus
2823 4002 3054 4045 versans
3102 3984 3294 4058 (quod
3352 3986 3637 4042 hominum

2053 4098 2387 4155 congressus
2419 4082 2568 4137 illius
2600 4083 2857 4138 virtutem
2886 4081 3026 4137 nihil
3060 4079 3321 4150 laederet)
3356 4088 3406 4136 el
3442 4095 3509 4135 ex
3548 4093 3641 4136 so-

2054 4169 2380 4226 litudinibus
2436 4170 2603 4226 urbes
2643 4170 2904 4226 efficiens.
2952 4168 3141 4241 Neque
3174 4170 3318 4225 enim
3382 4169 3588 4224 idcirco
3621 4211 3637 4234 ,

2052 4261 2199 4334 quod
2227 4277 2350 4318 cum
2373 4261 2725 4317 multitudine
2765 4270 3206 4324 conversaretur,
3239 4260 3539 4331 quidquam
3569 4261 3639 4316 de

2054 4359 2249 4408 exacto
2278 4359 2334 4408 et
2364 4360 2527 4407 cauto
2568 4351 2695 4406 vitae
2740 4350 2997 4407 instituto
3039 4349 3411 4418 immutabat;
3460 4365 3639 4421 neque

361 4450 850 4521 μετακλινόμενον,
889 4449 1128 4502 δείκνυσι
1166 4447 1228 4501 16
1263 4448 1321 4504 ἐν
1358 4448 1494 4502 πᾶσι
1530 4449 1636 4511 τοῖς
1671 4446 1822 4518 παρὰ
1858 4447 1950 4500 τὸν

2059 4442 2106 4498 si
2144 4457 2395 4498 seorsum
2437 4443 2495 4497 in
2557 4441 2905 4497 solitudinem
2946 4440 3298 4507 secessisset,
3347 4440 3543 4497 nudari
3575 4456 3640 4496 ac

359 4542 474 4612 βίον
502 4541 848 4613 κεκριμένοις
880 4540 1029 4612 αὐτῷ
1057 4539 1467 4611 ἀμετάπτωτον.
1510 4539 1744 4609 Ἥρεσεν
1774 4540 1833 4607 ἐξ
1851 4542 1955 4614 ἀρα

356 4633 463 4703 χῆς
486 4634 520 4704 ἡ
553 4630 906 4703 άκτημοσύνη
924 4647 939 4662 ο
967 4630 1141 4701 πέτρα
1166 4646 1252 4691 τις
1282 4630 1532 4692 άσειστος
1559 4631 1593 4701 ή
1621 4629 1801 4701 κρίσις
1832 4630 1954 4701 ἐγέ-

356 4740 498 4776 νετο.
553 4722 848 4794 Ἐπεθύμει
907 4721 995 4776 διὰ
1032 4720 1402 4791 καθαρότητος
1440 4719 1828 4792 προσεγγίζειν
1872 4722 1951 4794 τῷ

356 4814 483 4885 Θεῷ
560 4815 683 4886 ὅρος
714 4809 785 4885 ἦν
814 4817 847 4884 ἡ
888 4812 1153 4884 ἐπιθυμία
1186 4810 1326 4882 αὕτη
1351 4850 1367 4875 ,
1393 4811 1456 4865 οὐ
1489 4810 1754 4883 κάλαμος.
1788 4812 1951 4867 Οὐδέ-

360 4921 491 4959 ποτε
521 4905 628 4977 γάρ
660 4906 797 4977 πρὸς
838 4905 937 4969 τάς
971 4904 1285 4968 ἀντιπνοίας
1320 4903 1430 4956 τῶν
1476 4903 1801 4975 πειρασμῶν
1847 4905 1952 4959 ὑπ-

357 4997 620 5053 εκλίνετο.
660 4998 773 5068 Τῆς
817 4996 873 5050 δὲ
911 4997 1048 5069 πρὸς
1083 4996 1176 5051 τὸν
1210 4995 1344 5050 Θεὸν
1386 4995 1607 5067 ἀγάπης
1660 4997 1721 5051 16
1760 4997 1957 5068 πάγιον

359 5088 523 5158 μόνου
560 5084 630 5158 ἧν
667 5087 763 5141 τοῦ
803 5088 1128 5142 Ἀποστόλου
1162 5086 1251 5141 διά
1269 5086 1378 5140 τῶν
1407 5087 1554 5141 ίδίων
1584 5087 1761 5157 λόγων
1789 5089 1955 5145 ἐνδεί-

355 5177 553 5243 ξασθαι
582 5220 595 5241 ,
629 5179 708 5250 τῷ
740 5180 877 5251 μήτε
916 5180 1015 5251 τὴν
1052 5178 1226 5251 ζωὴν,
1272 5178 1407 5250 μήτε
1441 5178 1532 5232 16v
1555 5179 1784 5234 θάνατον
1814 5221 1830 5246 ,
1874 5181 1949 5255 μὴ

351 5270 667 5334 ἐνεστῶτα,
719 5271 793 5344 μὴ
831 5271 1127 5343 μέλλοντα,
1177 5273 1316 5342 μήτε
1357 5270 1479 5324 τινὰ
1527 5270 1704 5326 κτίσιν
1754 5274 1948 5346 ἐτέραν

300 5356 305 5367 ’
347 5360 617 5415 δύνασθαι
654 5363 820 5417 αὑτοῦ
852 5364 950 5435 τὴν
981 5360 1209 5434 καρδίαν
1233 5362 1342 5416 άπὸ
1380 5362 1478 5433 τῆς
1516 5362 1655 5433 πρὸς
1684 5362 1776 5417 τὸν
1813 5364 1947 5419 Θεὸν

350 5450 582 5523 ἀγάπης
617 5451 997 5524 παρώσασθαι.
1049 5453 1206 5509 Οὕτω
1236 5454 1331 5507 καὶ
1384 5454 1444 5507 ἐν
1492 5454 1627 5507 πᾶσι
1674 5457 1789 5519 τοῖς
1824 5457 1942 5510 κατ’

352 5541 560 5612 ἀρετὴν
591 5543 740 5614 αύτῴ
785 5545 1164 5616 κεκριμένοις,
1194 5542 1446 5615 οὐδαμῶς
1494 5543 1824 5618 καλαμώδης
1863 5563 1949 5610 τις

349 5629 423 5705 ἦν
474 5634 572 5688 καὶ
603 5636 853 5701 ἀϐέϐαιος
902 5638 998 5709 τὴν
1041 5638 1280 5693 διάνοιαν
1305 5678 1321 5704 ,
1374 5636 1513 5691 ἀλλὰ
1555 5636 1643 5691 διὰ
1676 5638 1891 5692 πάντων
1920 5642 1948 5694 6

353 5727 471 5799 βίος
507 5724 621 5799 εἶχε
666 5729 727 5782 16
781 5730 839 5783 ἐν
885 5733 994 5796 τοῖς
1043 5732 1223 5796 καλοῖς
1264 5729 1676 5803 ἀμετάπτωτον.
1721 5730 1946 5804 Παρρη-

2056 4534 2240 4589 deseri
2271 4542 2488 4605 poterat
2525 4537 2594 4589 ab
2623 4534 2692 4591 iis
2735 4534 2828 4605 qui
2870 4534 3123 4591 utilitatis
3153 4534 3323 4605 gratia
3347 4572 3365 4600 ,
3406 4548 3640 4591 consue-

2055 4621 2247 4678 tudine
2295 4632 2459 4693 atque
2510 4623 2768 4680 convictu
2839 4624 2961 4694 ejus
3001 4626 3331 4691 utebantur,
3384 4623 3520 4679 adeo
3581 4634 3642 4680 ut

2051 4714 2218 4769 etiam
2253 4715 2420 4786 hujus
2459 4725 2726 4786 tempore,
2772 4715 3237 4786 quemadmodum
3279 4716 3334 4771 in
3382 4714 3492 4771 vita
3537 4712 3641 4769 Ba-

2052 4810 2339 4881 ptistae,ex
2369 4811 2667 4867 solitudine
2684 4812 2820 4867 urbs
2839 4810 3164 4875 efliceretur,
3186 4824 3309 4878 quae
3335 4807 3640 4888 confluente

2056 4901 2411 4957 multitudine
2437 4912 2836 4958 coarctaretur.
2869 4902 3028 4969 Quod
3057 4909 3240 4958 autem
3275 4901 3489 4957 arundo
3524 4918 3637 4958 non

2054 5001 2224 5057 esset,
2256 5008 2378 5063 quae
2406 4993 2565 5051 facile
2609 4996 2676 5051 ad
2709 4996 3017 5052 contrarias
3063 4996 3349 5068 opiniones
3396 4996 3639 5065 impelle-

2053 5094 2229 5151 retur,
2261 5096 2587 5157 argumento
2627 5096 2714 5147 est
2738 5104 2824 5154 ea,
2854 5104 3019 5162 quam
3046 5089 3237 5144 habuit
3276 5090 3331 5144 in
3380 5088 3638 5144 omnibus

2051 5178 2247 5241 rebus.
2277 5193 2418 5250 quas
2446 5195 2547 5251 per
2603 5182 2772 5237 vitam
2807 5197 2929 5238 cum
2958 5181 3166 5251 judicio
3211 5180 3550 5249 suscepisset
3584 5187 3640 5235 et

2049 5270 2407 5335 instituisset,
2442 5275 2756 5330 constantia
2816 5284 2980 5345 atque
3018 5273 3316 5329 firmitudo.
3352 5272 3640 5327 Placuerat

2052 5360 2122 5417 ab
2147 5360 2306 5416 initio
2353 5362 2493 5417 nihil
2520 5366 2818 5435 quidquam
2872 5365 3154 5437 possidere
3186 5406 3203 5431 ,
3234 5374 3290 5422 et
3341 5379 3635 5437 pauperem

2051 5470 2223 5511 esse:
2284 5464 2545 5527 tanquam
2613 5466 2764 5528 petra
2818 5458 3042 5513 immota
3083 5469 3249 5529 atque
3306 5460 3637 5513 inconcussa

2052 5545 2253 5601 stabile
2293 5561 2357 5601 ac
2389 5546 2606 5602 firmum
2641 5546 2694 5602 id
2737 5547 3004 5619 judicium
3034 5548 3157 5604 fuit.
3194 5546 3635 5618 Concupiscebat

2053 5654 2147 5709 per
2192 5638 2485 5708 puritatem
2537 5640 2982 5712 appropinquare
3020 5640 3175 5697 Deo:
3214 5654 3373 5695 mons
3406 5646 3526 5694 erat
3569 5653 3635 5693 ea

2058 5731 2351 5805 cupiditas,
2404 5747 2513 5787 non
2540 5732 2773 5791 arundo.
2809 5733 3099 5807 Nunquam
3136 5733 3283 5791 enim
3339 5730 3407 5788 ad
3457 5738 3635 5787 tenta-
