3918 6204
339 286 447 343 803

1613 275 1668 329 S.
1705 267 2031 327 GREGORH
2070 270 2365 328 NYSSENI

3503 285 3605 345 804

340 404 549 456 tionum
586 400 816 472 spiritus
870 400 1131 455 adversos
1171 397 1517 453 ﬂectebatur.
1568 394 1743 448 Porro
1784 392 1920 449 dile-

2030 392 2270 457 σιάζεται
2301 393 2435 465 πρὸς
2461 394 2547 449 τὸν
2585 394 2828 469 Ἡρώδην
2864 400 3114 473 Ἰωάννης
3132 445 3144 467 ,
3173 403 3267 456 καὶ
3297 394 3449 469 οὗτος
3471 406 3609 477 πρὸς

342 494 541 550 ctionis
574 510 704 565 erga
746 493 916 549 Deum
952 496 1096 564 (qua:
1129 492 1185 545 in
1233 491 1433 546 Basiiio
1476 489 1602 559 fuit)
1661 498 1920 543 constan~

343 587 472 641 tiam
502 592 557 640 et
591 585 987 650 ﬁrmitudinem
1038 584 1190 642 solus
1238 582 1537 654 Apostolus
1572 580 1690 637 suis
1734 579 1921 635 verbis

342 678 652 748 exprimere
708 685 762 732 et
831 676 1078 733 indicare
1136 682 1342 747 posset,
1414 680 1703 743 propterea
1776 670 1922 742 quod

343 784 522 838 neque
551 769 681 834 vita,
712 785 888 839 neque
928 784 1076 824 mors
1104 808 1118 833 ,
1170 781 1347 836 neque
1390 764 1700 835 praesentia,
1744 779 1922 833 neque

343 858 549 925 futura,
592 875 768 930 neque
803 861 909 914 alia
946 861 1129 930 aliqua
1158 866 1410 912 creatura
1437 871 1466 910 a
1502 855 1799 910 dilectione
1827 855 1920 910 Dei

344 968 443 1007 cor
471 955 593 1023 ejus
616 954 896 1008 dimovere
929 961 1092 1022 atque
1126 950 1420 1006 deturbare
1455 956 1641 1019 posset
1674 949 1736 1002 ¹⁰.
1767 948 1920 1004 Adeo

344 1026 507 1099 etiam
543 1044 598 1098 in
621 1044 877 1100 omnibus
906 1083 921 1107 ,
953 1058 1075 1113 qua:
1103 1056 1227 1097 cum
1281 1041 1484 1096 virtute
1545 1038 1876 1094 instituisset
1907 1081 1921 1105 ,

346 1149 410 1189 ac
451 1134 557 1189 sibi
583 1134 844 1189 sectanda
875 1148 995 1188 esse
1018 1131 1344 1201 judicasset,
1372 1142 1721 1198 nequaquam
1756 1128 1923 1183 arun-

346 1228 543 1282 dinetis
568 1227 815 1297 quidam,
861 1234 915 1279 et
952 1224 1137 1278 animo
1181 1222 1368 1277 mobili
1410 1236 1473 1274 ac
1510 1228 1696 1275 mente
1733 1221 1927 1275 incon-

346 1322 516 1375 stanti
557 1328 675 1375 erat
707 1337 719 1373 ε
754 1319 851 1374 sed
902 1334 998 1388 per
1045 1316 1227 1371 omnia
1278 1315 1390 1369 vita
1421 1313 1590 1385 (ejus)
1645 1312 1699 1367 in
1760 1312 1927 1366 rebus

344 1412 626 1481 przeclaris
648 1410 1016 1466 constantiam
1040 1409 1099 1464 in
1122 1424 1181 1465 se
1203 1407 1441 1462 habebat
1468 1413 1521 1461 et
1549 1404 1925 1459 stabilitatem.

346 1504 541 1559 Libere
567 1512 622 1557 et
658 1504 893 1573 ingenue
932 1501 1174 1571 loquitur
1204 1499 1347 1569 apud
1372 1497 1639 1553 Herodem
1663 1495 1925 1561 Joannes,

348 1597 476 1650 item
529 1596 618 1649 hie
646 1595 789 1666 apud
834 1593 1138 1649 Valentem.
1182 1591 1577 1662 Comparemus
1611 1596 1793 1644 autem
1829 1587 1928 1642 ad-

346 1688 579 1742 invicem
625 1687 820 1741 horum
872 1686 1114 1739 virorum
1184 1683 1502 1754 dignitates.
1563 1681 1661 1736 Ille
1703 1680 1922 1751 quidem

346 1781 519 1850 partis
575 1779 864 1849 cujusdam
896 1777 1203 1833 Palaestina:
1262 1775 1489 1831 decreto
1544 1773 1916 1829 Romanorum

345 1872 673 1942 permissum
722 1872 828 1928 sibi
864 1871 1230 1941 principatum
1280 1870 1514 1940 adeptus
1572 1876 1715 1932 erat,
1757 1867 1920 1937 hujus

347 1979 473 2018 vero
507 1965 717 2033 imperii
748 1964 1015 2019 terminus
1043 1973 1162 2018 erat
1198 1970 1349 2018 totus
1378 1960 1774 2034 propemodum
1797 1975 1924 2016 cur-

345 2070 441 2109 sus
490 2055 623 2110 solis
663 2070 693 2108 a
744 2055 944 2110 ﬁnibus
991 2053 1235 2110 Persidis
1279 2053 1349 2108 ad
1398 2052 1693 2108 Britannos
1751 2067 1955 2122 usque,

345 2149 628 2218 pertinens
670 2157 725 2202 et
781 2157 1083 2203 extremam
1113 2145 1318 2202 Oceani
1370 2161 1546 2201 oram.
1612 2148 1687 2200 Ac
1725 2146 1923 2217 linguae

344 2240 560 2309 quidem
591 2241 814 2295 libertas
844 2240 1106 2297 adversus
1138 2239 1404 2295 Herodem
1436 2239 1489 2293 id
1521 2240 1714 2309 agebat
1756 2246 1923 2308 atque

342 2348 408 2388 co
425 2333 730 2402 spectabat,
757 2349 822 2386 ne
841 2339 1035 2385 contra
1062 2330 1209 2402 leges
1229 2330 1318 2385 ille
1347 2339 1595 2401 peccaret
1623 2332 1678 2383 in
1703 2330 1923 2384 mulier-

343 2425 464 2478 cula
477 2423 736 2493 quadam,
751 2422 842 2477 sed
861 2421 1235 2492 cupiditatem,
1249 2428 1437 2491 utpote
1453 2421 1664 2491 legibus
1683 2420 1923 2486 vetitam,

344 2516 403 2569 in
439 2530 497 2569 se
534 2522 837 2570 coerceret.
859 2513 929 2566 At
962 2512 1227 2567 adversus
1256 2511 1539 2567 Valentem
1573 2511 1925 2582 prmeeptoris

344 2608 541 2678 lingua:
590 2608 814 2661 libertas
860 2620 1110 2675 quaenam
1143 2605 1313 2661 erat?
1363 2604 1433 2659 Ut
1482 2604 1730 2668 illaesam,
1779 2604 1926 2658 inta-

342 2710 486 2755 ctam
520 2708 574 2754 et
596 2699 939 2768 impollutam
972 2700 1181 2755 sineret
1205 2714 1329 2754 esse
1363 2698 1542 2762 ﬁdem,
1571 2698 1660 2752 cui
1695 2698 1741 2753 si
1771 2696 1924 2751 ﬁeret

346 2794 551 2864 injuria
576 2832 591 2857 ,
625 2794 797 2848 totius
826 2792 979 2849 orbis
1025 2803 1298 2848 terrarum
1329 2792 1514 2848 scelus
1540 2798 1704 2863 atque
1731 2793 1924 2862 piacu-

343 2888 456 2940 lum
485 2883 795 2941 exsisteret.
839 2883 1099 2939 Conferat
1138 2884 1308 2954 igitur
1344 2899 1535 2953 aaquus
1565 2898 1748 2938 rerum
1782 2883 1927 2946 aesti-

344 2984 523 3032 mator
562 2986 615 3033 et
668 2977 1037 3047 principatum
1074 2989 1200 3030 cum
1230 2977 1542 3046 principatu
1576 3014 1593 3039 ,
1637 2982 1693 3031 et
1725 2975 1924 3045 lingua:

2024 485 2318 539 Οὐάλεντα.
2357 487 2828 560 Ἀντεξετάσωμεν
2859 491 2915 544 δὲ
2955 493 3089 564 πρὸς
3125 493 3332 564 ἄλληλα
3373 496 3482 551 τῶν
3512 498 3608 553 ἀν-

2021 576 2164 644 δρῶν
2189 577 2392 632 τούτων
2419 578 2487 633 τὰ
2517 579 2822 651 ἀξιώματα.
2860 582 2920 635 '0
2958 583 3055 653 μὲν
3104 585 3307 657 μέρους
3329 588 3476 652 τινὸς
3505 588 3607 660 τῆς

2023 666 2387 740 Παλαιστίνης
2424 669 2590 742 ψήφῳ
2627 672 2910 743 Ῥωμαίων
2937 674 3036 745 τὴν
3062 676 3376 731 δυναστείαν
3409 679 3607 751 κεκλή-

2027 775 2185 829 ρωτο·
2211 758 2402 812 τούτου
2434 760 2491 814 δὲ
2537 762 2637 832 τῆς
2665 763 2842 834 ἀρχῆς
2873 765 2999 836 ὄρος
3025 761 3092 836 ἦν
3116 766 3235 830 ὅλος
3267 769 3465 839 μικροῦ
3496 770 3608 825 δετν

2022 850 2051 900 ὁ
2076 848 2170 902 τοῦ
2197 850 2350 919 ἡλίου
2389 851 2588 922 δρόμος
2610 896 2624 920 ,
2673 855 2740 907 ἐκ
2775 854 2883 909 τῶν
2925 858 3025 926 τῆς
3050 858 3307 928 Περσίδος
3331 860 3495 931 ὅρων,
3524 863 3610 926 είς

2024 938 2357 1010 Βρεττανούς
2388 957 2449 994 τε
2496 941 2589 994 καὶ
2639 942 2709 995 τά
2754 942 2959 1012 ἔσχατα
2993 942 3090 995 τοῦ
3131 944 3385 998 Ὠκεανοῦ
3422 964 3607 1019 παρα-

2023 1029 2235 1083 τείνων.
2276 1031 2387 1084 Καὶ
2414 1031 2513 1103 τῆς
2564 1033 2663 1102 μὲν
2701 1032 2837 1104 πρὸς
2881 1033 2974 1087 τὸν
3011 1032 3255 1106 Ἡρώδην
3293 1038 3608 1109 παρρησίας

2023 1117 2091 1192 ἦν
2140 1124 2169 1176 ό
2222 1124 2459 1187 σκοπὸς,
2511 1124 2586 1195 μὴ
2637 1129 2976 1197 παρανομεῖν
3012 1127 3152 1181 κατὰ
3184 1129 3407 1197 γυναίου
3436 1129 3601 1196 τινὸς,

2027 1213 2162 1267 ἀλλά
2196 1213 2444 1279 κολάζειν
2472 1215 2556 1286 ἐφ’
2592 1217 2786 1270 ἐαυτοῦ
2809 1218 2906 1289 τὴν
2929 1218 3244 1289 ἐπιθυμίαν,
3270 1219 3346 1285 ὡς
3373 1222 3607 1293 ἀπειρη-

2030 1307 2199 1377 μένην
2232 1307 2312 1378 τῷ
2357 1307 2527 1379 νόμῳ.
2561 1309 2626 1362 Ἦ
2656 1309 2714 1363 δὲ
2751 1310 2887 1383 πρὸς
2923 1310 3197 1365 Οὐάλεντα
3228 1311 3323 1365 τοῦ
3353 1312 3607 1368 διδασκά-

2026 1397 2119 1451 λου
2150 1400 2430 1470 παρρησία
2476 1399 2560 1463 τίς
2587 1394 2655 1470 ἦν
2680 1417 2696 1467 ;
2731 1399 2964 1455 ΙἈσυλόν
3009 1418 3070 1455 τε
3096 1402 3189 1455 καὶ
3218 1402 3483 1471 ἀμίαντον
3505 1403 3607 1474 τὴν

2029 1489 2213 1543 πίστιν
2248 1491 2364 1560 ἐᾷν,
2402 1485 2471 1562 ἦς
2516 1493 2549 1561 ἡ
2581 1492 2894 1562 παρανομία
2932 1493 3114 1564 πάσης
3145 1494 3247 1565 τῆς
3283 1495 3605 1566 οἰκουμένης

2027 1584 2159 1654 ἆτος
2205 1586 2434 1655 ἐγίνετο.
2481 1588 2767 1643 Ἀντιθέτω
2791 1589 2969 1644 τοίνυν
2997 1592 3026 1643 ό
3064 1592 3272 1658 δίκαιος
3303 1593 3413 1648 τῶν
3462 1612 3606 1666 πρα-

2027 1678 2253 1748 γμάτων
2282 1680 2573 1752 ἐξεταστὴς
2615 1684 2716 1753 τήν
2757 1699 2818 1736 τε
2844 1682 3164 1739 δυναστείαν
3190 1688 3259 1756 τῇ
3291 1687 3601 1760 δυναστείᾳ,

2029 1774 2123 1825 καὶ
2172 1772 2263 1826 τὸν
2316 1773 2517 1828 σκοπὸν
2560 1775 2662 1846 τῆς
2706 1777 3019 1847 παρρησίας
3069 1777 3273 1851 ταύτης
3319 1780 3453 1852 πρὸς
3503 1782 3607 1851 τὴν

2025 1865 2334 1936 παρρησίαν
2370 1866 2603 1938 ἐκείνην.
2648 1867 2792 1921 Ἐκεῖ
2814 1868 2912 1939 μὲν
2930 1868 3039 1940 γὰρ
3071 1871 3131 1923 ἐν
3168 1869 3246 1940 τῷ
3275 1871 3488 1942 σώματι
3512 1873 3604 1926 τοῦ

2036 1954 2274 2027 Ἡρώδου
2317 1957 2380 2011 τὺ
2422 1957 2552 2026 ἄγος
2603 1958 2961 2029 περιωρίζετο
2985 1975 2999 1992 ⁸
3050 1960 3286 2015 ἐνταῦθα
3316 1961 3374 2015 δὲ
3422 1963 3604 2035 πάσης

2024 2042 2092 2117 ἦν
2123 2046 2306 2101 ἀδικία
2328 2047 2430 2119 τῆς
2457 2048 2801 2119 ἀνθρωπίνης
2828 2050 3040 2118 φύσεως
3057 2092 3072 2117 ,
3100 2053 3133 2123 ἡ
3162 2052 3478 2122 παρανομία
3503 2052 3602 2123 τῆς

2026 2138 2282 2203 πίστεως.
2313 2139 2549 2204 Ἐκεῖνος
2583 2140 2742 2211 μέχρι
2774 2141 3003 2196 θανά-του
3033 2140 3259 2213 ἐμμένει
3290 2145 3357 2213 τῇ
3389 2146 3599 2215 παρρηο

2028 2232 2120 2305 atq.
2142 2250 2156 2264 ·
2191 2233 2288 2288 καὶ
2321 2233 2498 2305 τούτῳ
2552 2234 2724 2305 πέρας
2769 2235 2869 2305 τῆς
2898 2235 3210 2306 παρρησίας
3244 2233 3429 2305 ἐξορία
3455 2235 3599 2304 γίνε-

2025 2342 2115 2378 ται
2137 2364 2152 2389 ,
2180 2324 2335 2379 τοῦτο
2362 2325 2457 2379 τοῦ
2491 2325 2751 2396 βασιλέως
2774 2325 2895 2379 ἀντὶ
2921 2326 3021 2396 τῆς
3051 2325 3396 2380 ἐπιθανατίου
3419 2326 3598 2397 ψήφου

2027 2416 2507 2481 καταδικάσαντος.
2560 2417 2721 2472 Ἀλλά
2753 2418 2847 2472 καὶ
2893 2418 3145 2488 Ἰωάννης
3177 2417 3465 2472 ἀποθανὼν
3502 2418 3600 2491 ζῇν

2027 2508 2342 2564 ἐπιστεύετο
2360 2526 2375 2540 ο
2403 2511 2495 2564 καὶ
2520 2509 2783 2582 Βασιλείῳ
2813 2512 2943 2581 παρ’
2977 2510 3155 2564 αὐτῶν
3197 2510 3307 2564 τῶν
3330 2511 3536 2582 ἐχθρῶν
3559 2514 3592 2583 η

2025 2602 2128 2673 τῆς
2153 2593 2368 2673 ἕξορίας
2406 2602 2695 2657 ἀναλύεται
2726 2602 2905 2672 ψῆφος
2922 2641 2938 2667 ,
2966 2601 3117 2656 οὐδὲν
3142 2600 3230 2654 διὰ
3248 2602 3347 2672 τῆς
3371 2600 3596 2672 ἀπειλῆς

2030 2695 2415 2768 μαλακισθέντι
2453 2696 2581 2766 περὶ
2630 2692 2729 2767 τὴν
2759 2693 3026 2749 ἔνστασιν.
3057 2690 3205 2779 ’Δρα
3229 2694 3627 2767 τολμήσαιμεν

2026 2788 2120 2840 καὶ
2150 2787 2243 2840 ἐπὶ
2276 2786 2366 2839 τὸν
2394 2786 2598 2857 ὑψηλὸν
2640 2783 2823 2838 Ἠλίαν
2872 2784 3136 2855 ἀναϐῆναι
3168 2784 3247 2855 τῷ
3294 2784 3437 2854 λόγῳ
3462 2827 3479 2852 ,
3508 2786 3598 2839 καὶ

2025 2877 2194 2942 δεῖξαι
2222 2876 2314 2930 τὸν
2357 2875 2480 2930 καθ’
2513 2876 2663 2946 ἡμᾶς
2709 2874 3027 2929 διδάσκαλον
3076 2874 3212 2945 πρὸς
3242 2875 3343 2946 τὴν
3391 2877 3597 2931 ἐκείνου

2027 2970 2187 3041 χάριν
2214 2967 2292 3039 τῷ
2340 2968 2439 3039 βίῳ
2486 2966 2564 3038 τῷ
2602 2966 2722 3022 καθ’
2763 2967 2956 3021 ἐαυτὸν
3002 2966 3393 3038 ὁμοιούμενον;
3442 2968 3601 3023 Ἀλλά

341 3071 610 3126 libertatis
642 3070 806 3139 hujus
856 3068 1199 3141 propositum
1229 3082 1356 3122 cum
1402 3068 1495 3123 illa
1534 3076 1817 3137 comparet
1851 3069 1915 3123 li-

2025 3063 2124 3134 τὴν
2181 3061 2282 3133 μὲν
2329 3061 2423 3114 ἐπὶ
2471 3058 2565 3113 τοῦ
2605 3060 2858 3129 φλογίνου
2904 3059 3147 3131 ἅρματος
3179 3058 3428 3130 διφρείαν
3450 3102 3466 3127 ,
3507 3060 3599 3114 καὶ

340 3161 573 3216 bertate.
622 3158 756 3214 Nam
790 3159 902 3214 illic
938 3156 1159 3228 quidem
1210 3171 1445 3227 corpore
1487 3156 1721 3212 Herodis
1744 3158 1924 3214 scelus

342 3251 905 3308 circumscribebatur
927 3268 940 3305 :
962 3250 1053 3305 hic
1082 3264 1214 3305 vero
1243 3248 1467 3303 violatio
1498 3247 1624 3303 ﬁdei
1651 3247 1721 3302 ad
1750 3248 1923 3304 totius

342 3344 594 3399 humanae
622 3350 833 3419 naturae
864 3341 1126 3411 injuriam
1162 3338 1524 3394 redundabat.
1551 3339 1647 3393 Ille
1676 3337 1742 3393 ad
1771 3354 1923 3394 mor-

341 3442 454 3490 tem
503 3449 683 3504 usque
740 3437 1055 3503 perseverat
1100 3430 1157 3484 in
1196 3430 1447 3486 libertate
1498 3431 1813 3495 sermonis,
1870 3438 1925 3486 et

343 3527 473 3582 huic
506 3526 632 3581 ﬁnis
661 3526 859 3595 linguae
880 3522 1154 3578 libertatis
1204 3522 1459 3577 exsilium
1492 3522 1710 3577 exsistit
1740 3562 1755 3587 ,
1798 3537 1922 3577 cum

343 3619 640 3690 imperator
672 3618 816 3670 hanc
867 3628 1086 3686 poenam
1163 3614 1219 3669 in
1272 3630 1397 3668 eum
1452 3614 1575 3668 loco
1631 3614 1925 3670 mortifera:

344 3711 631 3767 sententia:
663 3708 966 3764 statuisset.
996 3707 1065 3759 At
1093 3706 1237 3762 enim
1260 3704 1502 3762 Joannes
1537 3717 1662 3776 post
1693 3717 1923 3762 mortem

342 3802 527 3857 vivere
581 3798 1173 3855 credebaturzﬂasilio
1224 3797 1354 3852 item
1400 3797 1469 3861 ab
1507 3797 1749 3851 inimicis
1786 3796 1923 3866 ipsis

344 3892 617 3949 sententia
675 3890 855 3945 exsilii
909 3889 1249 3944 rescinditur
1276 3928 1292 3954 ,
1322 3903 1445 3943 cum
1476 3897 1703 3960 propter
1741 3889 1921 3945 minas

344 3984 519 4039 nihilo
548 3980 835 4037 remissior
861 3988 916 4036 et
936 3980 1158 4050 segnior
1181 3979 1362 4034 factus
1393 3987 1538 4036 esset
1563 3980 1631 4035 ad
1664 3981 1925 4037 resisten-

343 4075 498 4130 dum.
533 4072 615 4126 An
646 4070 809 4125 etiam
837 4069 1161 4125 audebimus
1194 4070 1260 4124 ad
1289 4069 1577 4124 sublimem
1613 4070 1785 4126 Eliam
1809 4089 1925 4129 ser-

344 4179 507 4219 mone
538 4162 833 4217 ascendere
857 4200 873 4226 ,
913 4168 968 4215 et
995 4158 1290 4215 ostendere
1341 4166 1591 4214 nostrum
1644 4161 1923 4218 doctorem

344 4271 458 4312 suae
490 4257 615 4310 vita:
666 4253 920 4308 instituto
964 4252 1113 4308 illius
1155 4252 1345 4324 gratia:
1378 4252 1712 4308 assimilari?
1743 4253 1927 4310 Enim-

346 4363 476 4404 vero
504 4357 564 4401 ut
602 4348 659 4402 in
702 4347 953 4402 ﬂammeo
1001 4360 1168 4401 curru
1216 4345 1402 4400 sedeat
1437 4354 1604 4416 atque
1652 4347 1920 4412 vehatur,

343 4449 398 4495 et
431 4443 616 4511 igneos
651 4455 820 4511 equos
864 4439 1175 4494 moderetur
1196 4479 1211 4506 ,
1245 4447 1299 4494 et
1323 4440 1391 4493 ad
1415 4454 1531 4493 eam
1571 4448 1917 4507 potestatem,

344 4549 466 4604 qua:
499 4548 708 4602 supera:
744 4533 1003 4603 praesidet
1032 4547 1216 4587 rerum
1248 4542 1479 4600 naturae,
1523 4537 1874 4604 transmigret
1902 4576 1917 4602 ,

1954 4406 2001 4462 D

2025 3153 2123 3225 τὴν
2156 3152 2263 3207 τῶν
2308 3152 2546 3223 πυρίνων
2578 3152 2861 3222 ἡνιόχησιν
2908 3152 3124 3219 ἵππων,
3186 3153 3283 3205 καὶ
3312 3151 3409 3223 τὴν
3463 3153 3599 3223 πρὸς

2023 3246 2086 3299 τὸ
2120 3244 2511 3316 ὑπερκείμενον
2541 3243 2640 3313 τῆς
2672 3244 2784 3297 ἄνω
2812 3241 3022 3313 λήξεως
3047 3243 3426 3315 μεταχώρησιν
3448 3285 3464 3309 ,
3498 3262 3601 3317 μη-

2025 3338 2137 3401 δεὶς
2185 3337 2483 3391 ἀπαιτείτω
2526 3336 2626 3408 τὴν
2670 3334 3017 3407 ἀνθρωπίνην
3069 3336 3249 3405 φύσιν.
3299 3336 3437 3390 Οὐδὲ
3491 3329 3619 3408 γὰρ’

1975 3417 1979 3422 ’
2026 3431 2232 3493 ἐκεῖνος
2279 3431 2338 3483 ἐν
2383 3431 2498 3491 τοῖς
2545 3428 2695 3499 ὅροις
2733 3428 2909 3499 μένων
2954 3427 3055 3498 τῆς
3103 3428 3350 3496 φύσεως,
3387 3429 3603 3500 ἀπαθὴς

2025 3525 2084 3576 ἐν
2116 3522 2194 3593 τῷ
2228 3522 2363 3593 πυρὶ
2404 3520 2724 3586 διεσώζετο,
2777 3520 2912 3591 πρὸς
2957 3520 3017 3573 τὸ
3060 3520 3340 3590 ἀνωφερές
3393 3538 3454 3573 τε
3506 3522 3602 3573 καὶ

2025 3615 2226 3683 κοῦφον
2259 3594 2390 3685 θείᾳ.
2412 3612 2639 3682 δυνάμει
2677 3609 3096 3682 μετασκευάζων
3145 3610 3207 3662 τὺ
3246 3610 3498 3681 ἐμϐριθές
3536 3627 3598 3663 τε

2025 3707 2119 3760 καὶ
2147 3707 2354 3777 γήϊνον,
2391 3703 2515 3776 μήθ’
2537 3704 2620 3757 ὅτι
2650 3701 2742 3756 τὸν
2764 3701 2955 3755 ἑαυτοῦ
2990 3701 3148 3769 λόγον
3176 3694 3282 3754 οἷόν
3303 3717 3418 3755 τινα
3446 3699 3599 3754 κλεῖν

2025 3800 2261 3852 ἐποιεῖτο
2305 3797 2403 3867 τῆς
2458 3796 2516 3862 ἐξ
2565 3794 2794 3866 οὐρανοῦ
2850 3792 3152 3866 χορηγίας,
3204 3792 3367 3855 ἀνιείς
3411 3809 3472 3844 τε
3506 3793 3601 3846 ὅτε

2026 3889 2268 3962 βούλοιτο
2293 3927 2308 3951 ,
2343 3889 2437 3943 καὶ
2482 3887 2788 3942 ἀποκλείων
2820 3886 2982 3941 πάλιν
3031 3877 3152 3940 κατ’
3195 3884 3441 3951 ἐξουσίαν
3460 3925 3476 3950 ,
3508 3886 3603 3938 ὅτε

2024 3983 2183 4037 τοῦτο
2208 3981 2472 4058 πράττειν
2511 3981 2733 4050 ἄμεινον
2758 3979 2915 4049 ῷετο.
2967 3978 3129 4032 Ἀλλά
3155 3978 3251 4032 καὶ
3279 3977 3342 4030 τὸ
3387 3980 3466 4041 είς
3500 3994 3606 4030 πο-

2024 4077 2118 4131 λὺν
2156 4075 2316 4129 αὑτὸν
2354 4073 2635 4145 διαρκέσαι
2685 4071 2879 4143 χρόνον
2933 4070 3228 4134 ἀπόσιτον,
3273 4071 3374 4140 μιᾷ
3426 4072 3601 4141 τροφῇ

2024 4166 2117 4220 τοῦ
2155 4165 2449 4238 ἐγκρυφίου
2483 4162 2690 4216 ἐκείνου
2723 4159 2969 4232 ὀλυρίτου
3012 4160 3069 4212 ἐν
3100 4158 3270 4229 ὁμοίῳ
3304 4159 3406 4228 τὴν
3441 4157 3606 4210 δύνα-

2029 4276 2120 4331 μιν
2146 4258 2310 4312 αὐτοῦ
2333 4253 2664 4319 διασώζοντα
2687 4253 2879 4324 μέχρις
2902 4251 3126 4323 ἡμερῶν
3150 4250 3567 4319 τεσσαράκοντα
3587 4268 3603 4281 ο

2028 4349 2306 4422 παρείσθω
2353 4347 2448 4403 καὶ
2491 4346 2648 4400 τοῦτο
2672 4386 2687 4411 ,
2722 4346 2798 4408 ὡς
2829 4346 3010 4416 μεῖζον
3041 4344 3074 4414 ἢ
3108 4343 3250 4397 κατά
3290 4342 3602 4413 ἄνθρωπον.

2032 4443 2268 4510 ’Λπορος
2294 4441 2402 4510 γὰρ
2432 4442 2496 4511 τῇ
2525 4437 2840 4510 ἀνθρωπίνῃ
2878 4436 3035 4505 φύσει
3059 4435 3169 4487 τῶν
3200 4433 3340 4504 ὑπὲρ
3371 4433 3535 4504 φύσιν
3570 4438 3607 4506 ἡ

2022 4536 2274 4606 μίμησις.
2308 4532 2558 4601 Σιγάσθω
2578 4530 2638 4584 δὲ
2683 4531 2819 4600 μετά
2842 4529 3049 4582 τούτων
3070 4531 3099 4581 ὃ
3127 4544 3186 4581 τε
3228 4527 3436 4599 βραχὺς
3460 4530 3612 4582 ἐκεῖ-

344 4637 506 4678 nemo
557 4623 794 4692 postulet
842 4622 912 4674 ab
964 4621 1203 4675 humana
1251 4630 1447 4676 natura
1509 4623 1657 4694 (nam
1694 4640 1794 4679 nec
1832 4626 1923 4680 ille

2025 4643 2107 4691 νος
2133 4626 2227 4679 τοῦ
2265 4624 2495 4696 ἀλεύρου
2545 4622 2787 4694 κέραμος
2807 4664 2821 4688 ,
2855 4621 2949 4674 καὶ
2996 4622 3024 4673 ό
3048 4619 3141 4673 τοῦ
3167 4619 3349 4674 ἐλαίου
3379 4622 3611 4691 καμψάο

344 4716 566 4785 quidem
600 4716 742 4775 intra
771 4714 1035 4769 terminos
1080 4722 1136 4768 et
1180 4715 1381 4772 limites
1429 4724 1642 4771 naturae
1688 4732 1919 4773 manens

2025 4735 2151 4790 κης’
2179 4718 2417 4788 διαρκῶν
2465 4715 2725 4783 ἑκάτερος
2757 4712 2893 4783 πρὸς
2924 4712 3024 4779 τὴν
3072 4712 3260 4781 χρείαν
3305 4713 3363 4763 ἐν
3392 4713 3457 4781 τῇ
3501 4715 3610 4783 τῆς

345 4809 551 4881 illzesus
600 4808 654 4862 in
688 4807 801 4879 igni
838 4808 1274 4863 conservabatur
1298 4847 1314 4872 ,
1357 4825 1481 4865 cum
1536 4822 1773 4866 terreum
1812 4810 1919 4865 hoc

2025 4811 2225 4882 τροφῆς
2251 4807 2503 4880 χορηγίᾳ,
2535 4808 2630 4860 καὶ
2663 4805 2828 4859 παντὶ
2851 4803 2946 4858 τοῦ
2975 4802 3133 4873 λιμοῦ
3162 4800 3241 4871 τῷ
3265 4802 3443 4873 χρόνῳ
3470 4818 3610 4871 συμ-

346 4898 562 4968 pondus
585 4897 769 4953 divina
796 4898 847 4952 vi
874 4898 941 4953 ad
969 4913 1088 4954 eam
1121 4900 1421 4966 levitatem,
1452 4918 1575 4972 quae
1600 4902 1654 4957 in
1685 4902 1920 4958 sublime

2025 4902 2361 4974 παρατείνων
2394 4899 2491 4970 τὴν
2517 4899 2696 4970 χάριν,
2729 4897 2808 4959 είς
2827 4893 2920 4965 ἐτη
2946 4897 3073 4965 τρία
3100 4893 3195 4947 καὶ
3220 4893 3393 4963 μῆνας
3413 4893 3495 4957 EE:
3523 4893 3610 4949 Τὰ

346 4988 601 5053 ferretur,
621 4988 1054 5059 tranl‘ormaret),
1076 5005 1252 5060 neque
1273 4992 1442 5063 (vero)
1465 4994 1608 5063 quod
1631 5010 1733 5050 suo
1753 4995 1923 5051 verbo

2025 4996 2133 5066 γὰρ
2156 4994 2253 5065 τῆς
2285 4991 2489 5046 ἀνωθεν
2516 4988 2794 5060 ἐνεργείας
2836 4985 3107 5056 θαύματα,
3152 4982 3458 5047 ἰδιάζουσαν
3510 4987 3607 5040 ἐπὶ

345 5075 515 5130 veluti
549 5075 688 5130 clavi
720 5084 967 5132 uteretur
988 5079 1109 5148 ejus
1161 5078 1438 5137 facultatis
1461 5121 1476 5146 ,
1507 5098 1629 5153 quae
1666 5085 1734 5141 de
1777 5087 1919 5142 caelo

2025 5089 2132 5144 τῶν
2161 5087 2335 5158 ἔργων
2361 5084 2473 5155 ἔχει
2498 5082 2596 5154 τὴν
2630 5081 2878 5152 δύναμιν.
2910 5080 3021 5132 Καὶ
3042 5080 3139 5133 οὐκ
3163 5078 3228 5132 ἄν
3251 5095 3333 5141 τις
3361 5079 3608 5147 εὐλόγως

346 5168 817 5239 suppeditabatur,
856 5178 911 5227 et
941 5172 1195 5242 aperiens
1226 5175 1447 5246 quando
1478 5178 1677 5242 vellet,
1715 5187 1768 5234 et
1800 5196 1923 5235 rur-

2027 5181 2342 5255 ἀνθρωπίνῃ
2375 5178 2533 5248 φύσει
2569 5175 2670 5239 τὰς
2703 5174 2958 5238 τοιαύτας
2983 5172 3409 5245 θαυματοποιίας
3455 5171 3607 5240 λογίυ

345 5258 442 5319 Sus
467 5261 749 5327 claudens,
780 5278 903 5319 cum
933 5265 984 5318 id
1034 5264 1217 5321 facere
1249 5269 1593 5325 commodius
1618 5286 1741 5327 esse
1770 5273 1919 5330 vide-
2028 5290 2199 5330 σαιτο.
2617 5282 2627 5293 ’
3332 5329 3344 5345 .

345 5362 518 5409 retur.
561 5354 895 5422 Quinetiam,
928 5356 1077 5426 quod
1100 5357 1168 5413 ad
1201 5359 1434 5415 multum
1468 5361 1562 5418 ille
1595 5371 1811 5437 tempus
1850 5366 2093 5424 inediam
2161 5365 2456 5424 toleraret,
2509 5375 2619 5416 uno
2664 5358 2790 5413 cibo
2857 5356 3207 5414 subcinericii
3262 5355 3415 5411 illius
3472 5355 3599 5409 lior-

344 5448 529 5507 deacei
564 5453 725 5522 panis
764 5452 819 5506 in
849 5456 967 5523 pari
988 5455 1322 5512 habitudine
1353 5457 1501 5515 vires
1553 5475 1685 5517 suas
1738 5463 1804 5517 ad
1867 5462 2233 5535 quadraginta
2281 5473 2456 5529 usque
2505 5457 2622 5512 dies
2670 5469 3007 5512 conservans
3059 5493 3076 5521 ,
3153 5454 3600 5524 praetermittatur

345 5544 509 5602 etiam
548 5549 673 5613 hoc,
729 5558 918 5621 utpote
965 5555 1183 5625 majus,
1221 5571 1383 5625 quam
1433 5556 1671 5613 humana
1737 5560 1920 5629 capiat
1982 5568 2203 5616 natura.
2247 5556 2449 5612 Earum
2484 5555 2629 5611 enim
2663 5551 2881 5623 rerumi,
2932 5564 3069 5628 quas
3121 5556 3383 5620 superant
3444 5558 3601 5601 natu-

422 5725 467 5759 ⁸ο
503 5727 665 5784 Rom.
689 5748 810 5793 viti.
842 5736 932 5789 '58.
