3918 6204
371 290 480 344 805

1458 266 1523 341 I‘N
1560 283 1844 342 LAUDEM
1884 280 2185 338 FRATIHS
2227 283 2493 338 BASlLll.

3504 286 3607 343 806

353 414 496 471 ratu,
527 404 762 461 imitatio
788 403 1039 458 humanae
1078 409 1287 458 natum
1317 402 1576 473 impedita
1622 409 1727 458 est.
1756 399 1986 455 Silentio
2029 408 2381 470 prmtcreatur
2440 404 2569 459 item
2630 418 2754 458 cum
2787 405 2873 459 his
2901 391 2911 400 ’
2937 411 2992 459 et
3042 404 3277 475 exiguus
3321 404 3410 460 illc
3472 405 3606 461 farr-

352 512 435 552 uae
475 512 700 561 urceus,
731 505 786 551 et
815 510 933 560 vas,
978 510 1090 564 quo
1130 495 1311 552 oleum
1346 495 2025 564 continebatur:quorum
2079 501 2377 575 utrumque
2423 506 2532 550 tam
2557 497 2682 561 hoc,
2714 512 2876 567 quam
2949 496 3059 562 ille,
3127 495 3275 567 quod
3343 496 3412 551 ad
3476 511 3608 565 sup-

350 588 744 658 peditationem
780 588 979 642 attinet
1011 587 1278 650 alimenti,
1310 587 1378 643 ad
1423 588 1809 643 necessitatem
1873 585 2194 652 suﬂieiebat,
2239 603 2335 656 per
2383 604 2545 644 omne
2592 596 2806 657 tempus
2844 588 3004 643 famis
3064 588 3389 644 beneﬁcium
3443 589 3606 643 simul

352 697 673 752 prorogatus,
711 689 766 734 et
806 681 1109 736 extendens
1149 681 1216 735 ad
1254 695 1428 735 annos
1459 688 1570 735 tres
1609 687 1665 734 et
1715 694 1931 734 menses
1968 693 2083 733 sex.
2121 678 2253 732 Nam
2319 696 2531 751 superae
2576 681 2906 751 operationis
2936 680 3199 735 miracula
3270 681 3604 750 peculiarem

355 782 408 831 in
446 775 704 844 operibus
749 774 859 827 vim
903 773 1123 828 habent.
1166 771 1277 829 Nec
1327 781 1473 828 recte
1518 773 1644 843 quis
1686 772 1959 843 ejusmodi
1999 772 2259 827 miriﬂcas
2303 774 2650 842 operationes
2691 774 3055 845 assignaverit
3085 772 3336 827 humana:
3369 781 3603 827 natura.

423 866 557 918 Τίνα
588 861 681 918 οῦν
714 865 862 917 ἐστιν
889 866 988 918 ὅσα
1017 863 1112 917 τοῦ
1155 864 1472 920 διδασκάλου
1507 865 1661 936 ήμῶν
1691 865 1825 937 πρὸς
1857 863 1926 917 τά

2098 864 2229 930 Quae
2268 874 2397 920 sunt
2450 866 2615 935 igitur
2641 866 2816 921 nostri
2866 865 3221 936 praeceptoris
3255 865 3418 931 bona,
3482 881 3605 935 qua:

347 960 408 1009 ἐν
453 956 532 1025 τῷ
578 956 830 1025 προφήτῃ
884 954 1232 1026 θεωρούμενα
1286 954 1401 1025 τὴνι
1437 955 1719 1008 κοινωνίαν
1778 953 1929 1024 ἔχει;

349 1049 517 1118 Ζῆλος
536 1048 793 1110 πίστεως,
816 1047 1108 1117 δυσμένεια
1130 1046 1271 1100 κατά
1286 1045 1395 1100 τῶν
1416 1046 1765 1111 ἀθετούντων,
1797 1048 1933 1122 ἁγὰέ

351 1158 427 1209 πη
448 1140 583 1209 πρὸς
604 1141 694 1193 τὸν
717 1139 870 1202 Θεὸν,
893 1138 1153 1209 ἐπιθυμία
1168 1137 1261 1192 τοῦ
1279 1138 1431 1202 ὄντος
1448 1138 1613 1203 ὅντως
1631 1139 1764 1210 πρὸς
1784 1140 1931 1193 οὐδὲν

346 1232 458 1285 τῶν
479 1231 680 1285 ύλικῶν
703 1231 1069 1303 ἀπορρέουσα,
1093 1229 1204 1301 ζωὴ
1223 1231 1310 1285 διὰ
1331 1232 1544 1286 πάντων
1566 1232 1927 1304 ἐξητασμένη,

351 1324 466 1393 βίος
499 1321 911 1394 κατεσκληκὼς,
944 1322 1161 1394 βλέμμα
1188 1326 1266 1396 τῷ
1295 1326 1431 1396 τόνῳ
1460 1325 1559 1397 τῆς
1590 1324 1767 1395 ψυχῆς
1804 1341 1931 1378 συν-

345 1417 678 1486 τεινόμενον,
722 1415 988 1486 σεμνότης
1036 1416 1448 1487 ἀνεπιτήδευτος
1476 1434 1489 1448 ·
1542 1418 1740 1489 ἡσυχία
1771 1417 1928 1485 λόγου

347 1508 735 1578 ἐνεργεστέρα,
785 1508 1006 1578 φροντὶς
1038 1508 1168 1580 περὶ
1192 1508 1302 1562 τῶν
1331 1508 1716 1581 ἐλπιζομένων,
1760 1526 1930 1563 κατα-

348 1597 613 1668 φρόνησις
651 1597 757 1650 τῶν
789 1598 1097 1669 ὁρωμένων,
1122 1600 1383 1671 ὁμοτιμία
1413 1602 1550 1673 πρὸς
1582 1603 1690 1657 πᾶν
1719 1601 1781 1656 τὸ
1810 1618 1931 1670 φαι-

343 1688 594 1758 νόμενον,
642 1687 750 1741 εἴτε
774 1705 858 1754 τις
886 1688 995 1743 τῶν
1021 1691 1342 1763 ὑπερόγκων
1369 1694 1427 1746 ἐν
1457 1692 1728 1764 ἀξιώματι
1754 1694 1928 1765 τύχοι,

346 1782 458 1835 εἴτε
476 1780 585 1849 τῶν
611 1780 880 1836 ταπεινῶν
897 1799 959 1836 τε
983 1783 1078 1837 καὶ
1101 1784 1530 1857 ἀπερριμμένων
1552 1788 1925 1857 προφαίνοιτο.

348 1872 538 1927 Ταῦτά
579 1873 696 1925 ἐστι
741 1872 935 1927 καὶτὰ
977 1873 1233 1940 τοιαῦτα,
1281 1876 1339 1928 ἐν
1368 1873 1450 1939 οἷς
1480 1880 1729 1948 μιμεῖται
1760 1880 1789 1933 6
1830 1880 1925 1933 τοῦ

347 1962 666 2016 διδασκάλου
704 1962 817 2032 βίος
848 1964 915 2016 τά
942 1962 1035 2016 τοῦ
1085 1963 1267 2017 Ἠλίου
1310 1963 1579 2036 θαύματα.
1636 1969 1698 2021 Ei
1744 1968 1802 2022 δέ
1843 1986 1928 2032 τις

349 2054 613 2125 προφέρει
635 2052 744 2108 τῶν
773 2054 1177 2126 τεσσαράκοντα
1205 2056 1426 2127 ήμερῶν
1446 2056 1545 2128 τὴν
1569 2058 1804 2124 ἀσιτίαν,
1833 2061 1925 2113 καὶ

349 2147 510 2215 ἡμεῖς
534 2145 625 2199 τοῦ
647 2145 966 2200 διδασκάλου
988 2145 1087 2216 τὴν
1115 2145 1202 2199 διὰ
1231 2148 1432 2212 παντὸς
1457 2148 1551 2203 τοῦ
1589 2148 1704 2219 βίου
1745 2151 1923 2219 ὀλιγο-

351 2236 528 2290 σιτίαν
558 2236 1061 2308 ἁντιπροσοίσομεν.
1093 2237 1391 2302 Γειτνιάζει
1420 2239 1529 2309 γάρ
1561 2256 1678 2303 πως
1702 2240 1780 2310 τῷ
1807 2241 1926 2295 ἀσί-

345 2346 427 2399 τῳ
457 2329 517 2382 τὸ
546 2328 860 2397 ὀλιγόσιτον,
906 2329 999 2382 καὶ
1029 2324 1260 2398 μάλιστα
1296 2329 1423 2383 ὅταν
1449 2331 1508 2383 τὸ
1544 2331 1644 2400 μὲν
1675 2333 1733 2385 ἐν
1760 2331 1925 2402 ὀλίγῳ

344 2421 581 2490 γένηται
612 2420 804 2492 χρόνῳ,
833 2420 896 2473 τὸ
932 2420 989 2473 δὲ
1016 2420 1153 2493 πρὸς
1182 2420 1355 2475 πάντα
1378 2421 1636 2495 διαρκέσῃ
1662 2422 1753 2475 τὸν
1788 2421 1919 2491 βίον.

352 2512 568 2574 Ἀλλως
610 2528 670 2564 τε
710 2512 869 2564 κάκεῖ
914 2511 1013 2581 μὲν
1051 2513 1080 2564 6
1109 2510 1359 2583 όλυρίτης
1390 2513 1594 2575 ἐκεῖνος
1621 2500 1923 2583 ἐγκρυφίας

344 2602 621 2673 διεκράτει
673 2602 766 2656 τοῦ
800 2603 1079 2673 προφήτου
1128 2600 1218 2656 τὸν
1260 2602 1432 2665 τόνον,
1468 2602 1605 2671 ἔχων
1628 2620 1680 2656 τι
1708 2602 1923 2667 πάντως

349 2697 408 2747 ἐν
440 2692 619 2763 ἐαυτῷ
661 2693 920 2756 τοιοῦτον,
960 2685 1006 2761 ᾧ
1034 2694 1376 2763 συνετηρεῖτο
1420 2691 1514 2745 τοῦ
1559 2710 1924 2763 προσενεγκα-

353 2784 518 2854 μένου
551 2783 651 2854 τὴν
680 2784 886 2855 τροφήν
929 2782 1132 2854 ταύτην
1161 2785 1194 2854 ή
1228 2781 1474 2854 δύναμις.
1508 2784 1814 2854 Τεκμήριον
1841 2784 1918 2849 δὲ,

348 2876 431 2928 ὅτι
475 2875 595 2945 ούχὶ
640 2874 750 2929 τῶν
792 2875 1077 2945 ὁμοφύλων
1117 2891 1201 2938 τις
1249 2874 1398 2945 αύτῷ
1440 2876 1788 2945 σιτοποιήσας
1825 2875 1923 2947 τὴν

348 2965 552 3039 τροφὴν
573 2965 938 3037 παρεθήκατο,
988 2964 1101 3019 ἀλλ’
1130 2964 1426 3037 ἀγγελικῆς
1450 2966 1802 3037 παρασκευῆς
1834 2968 1922 3019 ἐν-

350 3058 614 3131 εφορήθη.
639 3055 800 3111 Ὅθεν
820 3055 965 3129 αύτῷ
998 3057 1210 3130 πλήρης
1234 3075 1294 3111 τε
1326 3058 1422 3113 καὶ
1446 3058 1828 3122 ἀδιάπνευστος
1854 3054 1924 3131 ῆν

348 3150 382 3217 ή
422 3148 512 3203 διὰ
551 3150 649 3220 τῆς
695 3148 904 3219 τροφῆς
953 3149 1168 3220 ἐκείνης
1210 3150 1533 3222 ἐγγινομένη
1578 3150 1657 3222 τῷ
1709 3151 1921 3222 σώματι

347 3240 599 3310 δύναμις.
670 3239 934 3294 Ἐνταῦθα
982 3240 1039 3294 δὲ
1091 3241 1241 3295 οὐδὲν
1292 3242 1773 3313 καινοτομηθείσης
1822 3242 1923 3311 τῆς

353 3329 662 3400 συνηθείας,
696 3332 891 3404 μέτρον
924 3333 1023 3403 τῆς
1051 3332 1261 3403 τροφῆς
1286 3335 1315 3386 6
1340 3334 1594 3404 λογισμὸς
1624 3328 1712 3404 ἦν,
1737 3332 1924 3386 τοσοῦ-

350 3437 443 3474 τον
471 3420 727 3491 παρέχων
758 3421 836 3492 τῷ
869 3420 1100 3493 σώματι,
1131 3423 1229 3493 ούχ
1257 3424 1378 3477 ὅσον
1404 3426 1438 3493 ή
1463 3422 1621 3491 φύσις
1649 3423 1918 3488 ἐϐούλετο,

348 3511 467 3565 ἀλλ’
496 3512 619 3565 ὅσον
647 3513 675 3566 6
700 3513 799 3583 τῆς
827 3513 1148 3585 ἐγκρατείας
1177 3513 1516 3567 ἐνεκελεύετο
1551 3513 1732 3584 νόμος.
1776 3513 1841 3568 Ἦ
1864 3513 1922 3567 δὲ

354 3601 621 3673 ἱερωσύνη
644 3602 739 3657 τοῦ
762 3603 1104 3669 διδασκάλου,
1136 3607 1381 3675 μιμεῖται
1408 3604 1476 3659 τὰ
1505 3605 1604 3675 τῆς
1631 3604 1925 3677 ἱερωσύνης

351 3692 446 3747 τοῦ
480 3695 760 3765 προφήτου
788 3695 1080 3764 αἰνίγματα
1100 3734 1115 3759 ,
1163 3694 1251 3749 διά
1295 3695 1390 3748 τοῦ
1432 3696 1735 3766 τρισσεύειν
1763 3696 1822 3749 ἐν
1848 3696 1927 3767 τῷ

353 3787 496 3855 λόγῳ
521 3787 622 3857 τῆς
650 3785 906 3851 πίστεως,
934 3786 995 3840 τὸ
1025 3787 1272 3858 οὐράνιον
1296 3786 1405 3858 πῦρ
1430 3787 1566 3860 πρὸς
1590 3788 1690 3849 τὰς
1720 3789 1929 3858 ἱερουρ-

353 3877 480 3943 γίας
514 3876 888 3955 ἐφελκομένη..
925 3875 1043 3948 Πῦρ
1069 3876 1126 3929 δέ
1158 3876 1255 3947 τὴν
1287 3876 1382 3929 τοῦ
1429 3878 1582 3946 ἁγίου
1616 3876 1929 3948 Πνεύματος

352 3968 582 4037 δύναμιν
614 3967 893 4022 καλεῖσθαι
925 3967 1163 4039 πολλαχῆ
1198 3967 1347 4038 παρά
1385 3968 1483 4037 τῆς
1509 3970 1731 4039 Γραφῆς
1758 3968 1929 4022 ἐδιδά-

355 4059 587 4129 χθημεν.
622 4058 839 4130 Αύχμδν
884 4059 939 4112 δὲ
975 4062 1076 4130 γῆς
1121 4061 1149 4111 6
1189 4059 1500 4123 διδάσκαλος
1550 4058 1673 4112 οὔτε
1718 4058 1926 4124 ἔλυσεν,

354 4150 481 4204 οὗτε
514 4151 808 4220 ἐπήγαγεν.
855 4151 1001 4203 Ἐκεῖ
1026 4150 1082 4203 δὲ
1120 4152 1150 4203 6
1191 4150 1363 4219 μέγας
1392 4151 1695 4221 προφήτης,
1723 4149 1929 4221 πλήξας

354 4245 421 4312 τῇ
458 4241 680 4311 μάστιγι
718 4240 818 4310 τῆς
856 4240 1154 4312 ἀνομϐρίας
1186 4241 1285 4311 τὴν
1323 4241 1447 4310 γῆν,
1477 4243 1506 4294 6
1536 4240 1697 4304 αὐτὸς
1721 4241 1814 4294 καὶ
1847 4240 1932 4293 ία-

357 4335 485 4403 τρὸς
512 4333 607 4387 τοῦ
634 4333 948 4404 τραύματος
976 4332 1205 4401 γίνεται,
1240 4333 1538 4403 ἐφάμιλλον
1579 4336 1645 4404 τῇ
1677 4330 1929 4403 ἀλγηδόνι

357 4425 458 4493 τῆς
505 4425 767 4495 μάστιγος
813 4423 911 4495 τὴν
944 4426 1007 4477 ἐκ
1037 4423 1136 4493 τῆς
1183 4422 1479 4493 θεραπείας
1518 4424 1699 4477 ἄνεσιν
1748 4424 1929 4488 αὐτοῖς

360 4515 735 4586 χαριζόμενος.
795 4516 854 4568 Et
881 4515 938 4569 δὲ
982 4518 1085 4584 χρή
1124 4532 1176 4568 τι
1207 4515 1299 4568 καὶ
1332 4515 1465 4586 πρὸς
1494 4514 1651 4568 τοῦτο
1678 4514 1770 4569 τοῦ
1806 4514 1927 4569 καθ’

360 4608 508 4675 ἡμᾶς
547 4605 727 4658 Ἡλίου
757 4603 938 4675 θαῦμα
964 4606 1138 4657 εἰπεῖν
1165 4620 1178 4634 ·
1210 4603 1332 4675 θεία
1359 4603 1604 4674 βουλήσει
1629 4604 1727 4673 τῆς
1754 4604 1932 4658 τοιαύ-

359 4715 459 4766 της
486 4696 615 4749 ποτέ
645 4696 926 4766 συμφορεῖς
965 4693 1367 4765 ἀπειληθείσης,
1411 4695 1507 4748 καὶ
1537 4694 1701 4764 ξηροῦ
1732 4694 1931 4759 παντὸς

360 4786 454 4839 τοῦ
498 4786 775 4856 χειμερίου
808 4784 998 4857 καιροῦ
1034 4784 1499 4855 παραδραμόντος,
1542 4786 1635 4838 καὶ
1663 4786 1930 4855 μηδεμιᾶς

2032 972 2156 1011 cum
2181 957 2269 1021 iis,
2299 972 2421 1026 quae
2450 959 2501 1011 in
2525 958 2786 1027 propheta
2815 966 3135 1020 cernuntur,
3157 958 3601 1014 communionem

2032 1058 2087 1102 et
2120 1049 2432 1104 societatem
2462 1050 2740 1104 habeant?
2766 1050 2933 1103 Amor
2958 1058 3010 1104 et
3034 1050 3277 1104 studium
3306 1049 3601 1104 vehemens

2031 1153 2159 1211 erga
2189 1140 2374 1204 fidem,
2402 1140 2587 1195 odium
2618 1141 2881 1196 adversus
2920 1151 3280 1210 aspernantes
3313 1149 3365 1193 et
3414 1155 3604 1209 repro-

2031 1234 2244 1295 bantes,
2278 1232 2498 1289 dilectio
2524 1248 2653 1304 erga
2683 1232 2873 1297 Deum,
2907 1232 3153 1289 studium"
3189 1240 3243 1287 et
3267 1231 3602 1287 desiderium

2029 1326 2169 1397 ejus,
2203 1327 2295 1395 qui
2326 1341 2451 1381 vere
2471 1333 2633 1395 atque
2673 1324 2849 1393 reipsa
2882 1333 2985 1388 est,
3016 1324 3082 1379 ad
3113 1324 3314 1378 nullam
3346 1337 3457 1378 rem
3488 1337 3604 1377 ma-

2031 1417 2273 1472 terialem
2303 1416 2529 1471 elﬂuens
2563 1422 2723 1485 atque
2765 1414 3090 1481 deﬂectens;
3125 1414 3237 1468 vita
3283 1428 3378 1483 per
3418 1413 3601 1467 omnia

2029 1518 2221 1564 exacta
2251 1516 2416 1576 atque
2441 1507 2734 1577 exquisita,
2763 1508 2944 1561 victus
2977 1505 3186 1572 aridus,
3229 1507 3376 1560 acies
3409 1505 3603 1559 oculo-

2029 1616 2149 1655 rtnn
2187 1610 2242 1655 et
2295 1599 2517 1655 obtutus
2546 1598 2740 1653 animae
2789 1599 2960 1667 vigori
3017 1612 3137 1668 par,
3189 1597 3429 1668 gravitas
3492 1611 3599 1651 non

2028 1691 2298 1754 aﬂ'ectata,
2332 1690 2606 1746 silentium
2653 1704 2905 1744 sermone
2931 1687 3222 1751 eﬂicacius,
3257 1702 3389 1743 cura
3439 1697 3603 1758 atquc

2027 1782 2411 1851 contemplatio
2443 1797 2623 1837 rerum
2654 1796 2839 1837 earum
2868 1796 2988 1851 qurc
3012 1789 3324 1850 sperantur,
3359 1790 3604 1835 contem-

2027 1878 2153 1941 plus
2180 1885 2367 1924 earum
2416 1885 2537 1939 qua:
2570 1870 2842 1932 videntur,
2900 1884 3024 1924 cum
3079 1870 3335 1939 quisquis
3386 1870 3603 1925 oblatus

2027 1969 2192 2026 esset,
2222 1959 2337 2016 sive
2374 1960 2430 2015 in
2464 1959 2749 2017 excellenti
2778 1959 3042 2029 dignitate
3076 1959 3214 2014 forte
3238 1961 3598 2021 constitutus.

2026 2055 2142 2111 sive
2164 2068 2231 2109 ex
2263 2052 2563 2107 humilibus
2586 2064 2639 2107 et
2667 2051 2896 2122 abjectis
2924 2066 3047 2107 esse
3072 2063 3380 2122 appareret,
3411 2050 3599 2107 eadem

2026 2144 2339 2216 dignatione
2365 2145 2660 2216 exciperet,
2710 2153 2767 2200 et
2799 2144 2853 2199 in
2882 2125 3073 2200 eodem
3120 2144 3327 2199 honore
3354 2144 3597 2200 haberet.

2032 2236 2157 2292 Haec
2187 2246 2240 2291 et
2276 2235 2548 2305 ejusmodi
2578 2242 2727 2302 sunt,
2776 2235 2833 2291 in
2871 2236 3073 2306 quibus
3115 2235 3462 2306 praeceptoris
3493 2236 3600 2290 vita

2030 2328 2293 2383 miracula
2327 2328 2457 2383 Eliae
2496 2328 2759 2382 imitatur.
2797 2326 2953 2392 Quod
2985 2326 3029 2381 si
3060 2327 3185 2397 quis
3229 2326 3438 2396 profert
3466 2341 3603 2396 qua-

2027 2417 2280 2487 draginta
2304 2416 2511 2471 dierum
2539 2416 2800 2481 inediam,
2832 2422 2886 2470 et
2914 2431 3018 2471 nos
3047 2430 3144 2485 per
3177 2430 3396 2471 omnem
3432 2417 3597 2471 vitam

2029 2507 2276 2579 magistri
2330 2507 2383 2560 in
2429 2507 2553 2561 cibo
2584 2506 2976 2576 parcimoniam
3015 2495 3208 2560 contra
3266 2507 3320 2560 in
3360 2507 3597 2562 medium

2030 2599 2337 2654 aﬂ‘eremus.
2374 2596 2565 2653 Vicina
2622 2598 2767 2654 enim
2821 2596 3225 2667 quodammodo
3268 2607 3353 2655 est
3406 2599 3600 2654 inediae

2029 2689 2136 2743 cibi
2187 2690 2456 2759 exiguitas
2500 2699 2556 2744 et
2601 2689 2940 2759 parcimonia
2973 2690 3173 2753 victus,
3239 2703 3304 2744 ac
3340 2689 3597 2753 maxime.

2028 2797 2153 2838 cum
2186 2781 2318 2836 illud
2345 2781 2563 2852 quidem
2603 2782 2798 2852 exiguo
2842 2790 3081 2853 tempore
3115 2781 3323 2845 factum,
3348 2783 3440 2848 sit,
3495 2783 3602 2838 hoc

2027 2888 2158 2928 vero
2197 2888 2294 2943 per
2337 2888 2553 2928 omnem
2597 2873 2765 2928 vitam
2794 2873 3095 2929 duraverit.
3121 2873 3388 2929 Praeterea
3436 2875 3600 2930 etiam

2028 2965 2142 3020 illic
2193 2965 2411 3035 quidem
2463 2963 2801 3021 hordeaceus
2834 2964 2926 3020 ille
2983 2965 3388 3023 subcinericius
3443 2966 3601 3036 panis

2029 3056 2307 3127 propheta:
2338 3055 2576 3126 vigorem
2631 3064 2684 3112 et
2709 3056 2854 3113 vires
2903 3058 3284 3122 conservabat,
3333 3072 3401 3112 eo
3453 3059 3601 3129 quod

2028 3163 2257 3219 prorsus
2286 3146 2490 3218 aliquid
2524 3146 2791 3216 ejusmodi
2822 3148 2877 3202 in
2908 3162 3030 3204 sese
3061 3148 3306 3212 haberet,
3338 3164 3447 3220 quo
3478 3151 3602 3219 qui-

2029 3254 2245 3309 cunque
2275 3239 2457 3293 cibum
2490 3238 2636 3293 hunc
2669 3238 3012 3307 sumpsisset,
3040 3240 3187 3295 vires
3220 3237 3340 3309 ejus
3372 3254 3599 3295 conser-

2028 3337 2306 3386 varentur.
2342 3330 2510 3398 Cujus
2558 3330 2634 3384 rei
2685 3337 3062 3401 argumentum
3114 3338 3222 3394 est,
3283 3331 3427 3402 quod
3488 3346 3600 3387 non

2029 3422 2370 3491 popularium
2415 3421 2613 3489 aliquis
2657 3419 2705 3475 ei
2746 3435 2938 3491 panem
2990 3420 3297 3476 confectum
3346 3437 3444 3493 pro
3476 3424 3600 3480 cibo

2030 3517 2374 3576 apposuerat,
2404 3508 2498 3563 sed
2529 3508 2598 3564 ab
2627 3508 2835 3579 angelis
2864 3520 3056 3579 parato
3086 3511 3213 3566 cibo
3238 3512 3469 3569 satiatus
3490 3523 3597 3573 est.

2028 3600 2186 3655 Unde
2219 3600 2383 3655 etiam
2423 3600 2597 3669 plenae
2624 3607 2787 3671 atque
2814 3601 3036 3671 integra:
3057 3603 3367 3668 manebant,
3411 3612 3464 3659 et
3489 3620 3597 3661 non

2026 3689 2317 3745 eﬂluebaut
2354 3698 2517 3762 atque
2558 3692 2911 3762 exspirabant
2936 3707 3032 3758 ea),
3065 3709 3186 3764 quae
3208 3709 3303 3765 per
3333 3695 3485 3750 illum
3516 3696 3596 3752 ci-

2026 3784 2154 3838 bum
2191 3788 2407 3853 corpori
2459 3783 2605 3839 vires
2654 3784 3121 3856 ingenerarentur.
3166 3786 3266 3842 ilic
3295 3802 3425 3843 vero
3472 3803 3596 3843 cum
3650 3778 3660 3790 ’

2027 3872 2163 3925 nihil
2190 3871 2257 3927 de
2281 3872 2558 3928 consuetis
2590 3873 2946 3930 innovaretur
2981 3883 3036 3931 et
3061 3876 3465 3941 immutaretur,
3506 3893 3589 3932 ra-

2027 3963 2106 4017 tio
2144 3962 2323 4018 cibum
2365 3964 2765 4031 moderabatur,
2818 3976 3027 4023 tantum
3062 3969 3278 4039 corpori
3328 3970 3595 4040 praebens,

2026 4068 2138 4110 non
2169 4063 2433 4124 quantum
2485 4066 2681 4113 natura
2714 4058 2893 4125 vellet,
2940 4059 3036 4115 sed
3083 4069 3349 4130 quantum
3392 4070 3599 4132 tempe-

2031 4147 2221 4201 rantia:
2250 4148 2335 4201 lex
2360 4148 2596 4215 juberet.
2630 4147 2802 4203 Porro
2849 4151 3214 4205 sacerdotium
3248 4155 3599 4222 praeceptoris

2028 4238 2305 4309 prophetae
2353 4238 2641 4293 sacerdotii
2691 4224 2977 4308 mnigmata
3019 4243 3284 4307 imitatur,
3342 4259 3440 4313 per
3492 4244 3599 4301 hoc

2028 4330 2172 4400 quod
2202 4338 2314 4385 tres
2341 4344 2601 4399 personas
2624 4330 2678 4383 in
2706 4329 2917 4384 ratione
2941 4329 3063 4384 tidei
3095 4331 3283 4396 tradit,
3316 4333 3598 4389 ccelestem

2030 4422 2208 4492 ignem
2244 4421 2309 4476 ad
2365 4421 2632 4478 sacrificia
2684 4421 2927 4477 eliciens.
2962 4420 3141 4492 ignem
3193 4431 3371 4479 autem
3421 4426 3596 4482 sancti

2031 4513 2268 4584 Spiritus
2298 4513 2552 4567 virtutem
2584 4512 2765 4567 vocari
2811 4511 2867 4566 in
2911 4512 3099 4567 multis
3126 4512 3424 4584 Scriptura:
3463 4517 3599 4573 locis

2029 4606 2347 4661 didicimus.
2383 4604 2673 4660 Uredinem
2719 4619 2850 4660 vero
2882 4612 3044 4676 atque
3090 4603 3390 4661 siccitatem
3441 4617 3602 4662 terra:

2029 4698 2289 4766 magister
2316 4711 2493 4765 neque
2524 4695 2765 4759 sustulit,
2798 4710 2973 4765 neque
3008 4695 3243 4750 induxit.
3268 4695 3381 4750 lllic
3417 4704 3598 4751 autem

2031 4804 2260 4859 magnus
2316 4788 2578 4858 prepheta
2632 4803 2752 4842 cum
2805 4788 3061 4842 imbrium
3108 4789 3349 4858 penuria:
3391 4787 3602 4859 ﬂagello

362 4877 590 4949 καρπῶν
616 4877 1053 4947 ὑποφαινομένης
1081 4875 1289 4940 ἐλπίδος
1314 4893 1329 4908 ·
1363 4874 1482 4929 τότε
1512 4875 1832 4946 προσπεσὼν
1852 4876 1927 4947 τῷ

2035 4888 2236 4936 terram
2265 4880 2630 4942 verberasset,
2682 4881 2796 4948 ipso
2828 4895 3045 4949 quoque
3076 4879 3317 4935 medicus
3361 4881 3603 4939 vulneris

363 4965 481 5035 Θεῷ
510 4969 539 5020 6
579 4965 935 5030 διδάσκαλος,
989 4967 1151 5037 μέχρι
1197 4965 1297 5035 τῆς
1344 4965 1576 5036 ἀπειλῆς
1619 4966 1712 5021 τὸν
1768 4967 1929 5037 φόϐον

364 5060 607 5127 ἔστησεν,
644 5058 817 5121 λιταῖς
854 5057 914 5111 τὸ
935 5058 1086 5111 Θεῖον
1118 5058 1498 5127 ἱλεωσάμενος,
1530 5058 1623 5112 καὶ
1650 5058 1816 5121 λύσας
1843 5058 1931 5112 διὰ

362 5148 680 5219 προσευχῶν
710 5148 807 5218 τὴν
838 5148 938 5218 τῆς
968 5148 1268 5219 ἀνομϐρίας
1295 5151 1614 5221 κατήφειαν.
1649 5149 1810 5203 Ἀλλά
1838 5152 1933 5207 καὶ

360 5242 462 5310 τῆς
510 5241 604 5293 τοῦ
646 5239 805 5309 λιμοῦ
854 5240 1227 5311 παραμυθίας,
1262 5242 1329 5311 ἢν
1361 5242 1453 5296 ἐπὶ
1481 5242 1608 5312 μιᾶς
1636 5241 1934 5309 ἐνεδείξατο

360 5337 535 5402 χήρας
564 5332 593 5384 ὁ
629 5330 799 5400 μέγας
844 5330 1048 5396 Ἠλίας,
1078 5331 1189 5401 ἔχει
1224 5350 1274 5386 τι
1315 5334 1409 5388 καὶ
1440 5334 1469 5387 6
1493 5333 1616 5387 καθ’
1641 5334 1790 5405 ἡμᾶς
1823 5333 1933 5404 βίος

360 5423 457 5475 ἐπὶ
487 5419 578 5474 τοῦ
606 5419 924 5475 διδασκάλου
953 5420 1224 5493 ὁμοίωμα.
1259 5422 1434 5493 Λιμοῦ
1470 5424 1577 5494 γάρ
1610 5439 1738 5476 ποτε
1780 5422 1938 5494 χαλε-

360 5510 471 5564 ποῦ
510 5510 935 5574 καταπονοῦντος
972 5511 1142 5582 αὐτήν
1167 5529 1226 5565 τε
1256 5513 1356 5585 τὴν
1389 5512 1540 5567 πόλιν
1567 5515 1626 5566 ἐν
1724 5511 1939 5567 διαιτώ-

365 5618 529 5672 μενος
563 5602 887 5671 ἐτύγχανεν,
938 5604 1032 5655 καὶ
1078 5605 1258 5658 πᾶσαν
1302 5605 1400 5675 τὴν
1454 5606 1817 5659 ύποτελοῦσαν
1869 5607 1937 5675 τῇ

365 5693 521 5746 πόλει
570 5690 769 5763 χώραν,
815 5692 911 5755 τὰς
953 5694 1143 5747 ἑαυτοῦ
1193 5697 1411 5765 κτήσεις
1453 5697 1802 5768 ἀποδόμενος,
1848 5697 1939 5748 καὶ

2032 4973 2267 5036 exsistit,
2306 4973 2573 5027 cruciatui
2622 4972 2814 5042 ﬂagelli
2854 4988 2955 5041 par
2999 4979 3053 5027 et
3097 4973 3453 5043 mquipollens
3497 4974 3606 5029 lar—

2033 5064 2186 5132 giens
2211 5062 2292 5118 eis
2330 5062 2635 5116 curationis
2684 5063 2926 5117 levamen
2979 5069 3142 5132 atque
3183 5064 3599 5134 mitigationem.

2034 5153 2191 5220 Quod
2241 5152 2287 5207 si
2338 5152 2501 5207 etiam
2547 5151 2813 5208 adversus
2846 5153 2948 5207 hoc
3002 5155 3176 5208 nostri
3211 5154 3339 5210 Elia
3384 5156 3603 5225 aliquod

2036 5241 2360 5297 miraculum
2387 5240 2632 5311 proferre
2676 5248 2912 5312 oportet,
2957 5258 3081 5297 cum
3119 5244 3301 5299 divina
3325 5246 3606 5300 voluntate

2035 5333 2302 5403 ejusmodi
2328 5333 2613 5390 calamitas
2641 5335 2936 5405 aliquando
2960 5337 3082 5390 coeli
3117 5337 3279 5391 minis
3302 5334 3604 5407 signiﬁcata

2034 5424 2344 5480 immineret
2396 5425 2632 5496 (quippe
2678 5436 2852 5482 totum
2904 5436 3120 5498 tempus
3171 5428 3454 5483 hibernum
3509 5445 3607 5499 per

2033 5515 2333 5570 siccitatem
2366 5515 2727 5583 praeterierat)
2759 5526 2814 5572 et
2861 5516 3010 5571 nulla
3046 5532 3172 5587 spes
3200 5518 3413 5588 frugum
3438 5534 3606 5589 appa-

2034 5613 2199 5669 reret,
2233 5613 2362 5660 tunc
2410 5606 2669 5675 magister
2720 5607 2827 5661 Deo
2872 5609 3188 5678 supplicans
3234 5610 3374 5662 ultra
3433 5611 3608 5667 minas

2036 5707 2297 5753 terrorem
2351 5698 2598 5769 progredi
2656 5714 2853 5769 passus
2885 5715 2991 5753 non
3040 5712 3143 5764 est,
3194 5715 3316 5754 cum
3355 5703 3609 5769 precibus
