3918 6204
360 275 462 331 807

1660 274 1720 329 S.
1761 272 2087 330 GREGORII
2120 274 2417 331 NYSSENI

3507 273 3606 327 808

360 391 605 451 divinum
638 403 837 445 numen
874 389 1166 469 placasset,
1216 394 1270 441 et
1300 401 1397 457 per
1424 386 1703 443 orationes
1733 403 1938 443 moero-

2042 391 2119 456 είς
2143 390 2349 462 τροφὰς
2388 388 2679 461 διαμείψας
2705 387 2775 443 τὰ
2804 389 3081 461 χρήματα,
3128 388 3217 441 ὅτε
3264 384 3486 440 σπάνιον
3519 381 3607 458 ἧν-

358 497 497 544 rem,
551 482 644 550 qui
706 489 927 550 propter
982 478 1238 534 imbrium
1297 478 1580 547 penuriam
1628 478 1940 552 (homines)

361 574 660 636 invaserat,
714 570 1047 627 sustulisset.
1100 568 1410 635 Quinetiam
1459 570 1851 627 consolationis
1887 579 1941 627 et
1992 625 1998 631 .

362 662 647 716 levaminis
681 662 734 715 in
766 659 927 726 fame,
956 660 1099 732 quod
1134 662 1188 714 in
1219 675 1325 714 una
1350 660 1512 715 vidua
1544 676 1772 731 magnus
1801 678 1940 731 pra:-

361 752 499 803 stitit
530 749 698 815 Elias,
747 750 912 805 habet
944 751 1108 805 etiam
1144 758 1332 804 nostra
1356 756 1490 804 aetas
1517 750 1753 821 aliquam
1784 753 1940 807 simi-

362 841 645 895 litudinem
692 840 746 894 in
788 840 1071 909 magistro.
1103 837 1236 893 Nam
1265 855 1390 893 cum
1426 839 1599 895 fames
1640 841 1936 910 aliquando

362 932 547 999 gravis
569 941 623 987 et
653 948 795 988 θωνα
831 940 940 984 tam
971 932 1143 1001 ipsam
1171 931 1383 994 urbem,
1418 930 1473 984 in
1503 945 1607 1000 qua
1636 931 1932 995 habitabat.

364 1036 527 1089 quam
559 1038 776 1077 omnem
812 1021 1314 1092 ubiqueosubditam
1347 1022 1617 1091 regionem
1656 1021 1933 1093 amigeret,

363 1115 598 1171 venditis
634 1117 750 1171 suis
781 1115 997 1184 praediis
1031 1122 1085 1169 et
1134 1114 1599 1183 possessionibus,
1649 1124 1811 1184 atque
1841 1131 1936 1185 pe-

363 1206 543 1259 cuniis
597 1206 653 1259 in
693 1206 951 1259 alimenta
1004 1204 1309 1268 conversis,
1360 1219 1483 1259 cum
1541 1205 1706 1259 etiam
1745 1219 1934 1258 rarum

367 1303 534 1361 esset,
564 1304 622 1349 ut
644 1296 743 1363 illi,
775 1297 866 1366 qui
896 1296 1051 1351 valde
1074 1296 1178 1350 sibi
1210 1296 1575 1367 providissent
1597 1304 1652 1351 et
1683 1296 1938 1352 instructi

2038 477 2134 531 xu).
2165 478 2293 540 τοὺς
2336 476 2539 548 σφόδρα
2580 477 3127 549 παρεσκευασμένους
3166 474 3445 547 τράπεζαν
3480 474 3605 529 ἑαυ-

2037 570 2148 631 τοῖς
2179 568 2653 638 παραστήσασθαι,
2686 568 2972 639 διήρκεσεν
3005 568 3210 629 ἐκεῖνος
3250 567 3309 617 ἐν
3341 565 3506 618 παντὶ
3531 564 3611 635 τῷ

2037 656 2211 727 χρόνῳ
2234 655 2326 709 τοῦ
2373 654 2532 726 λιμοῦ
2563 656 2799 726 τρέφων,
2848 655 2973 719 τούς
2998 672 3057 707 τε
3103 654 3437 724 πανταχόθεν
3478 656 3604 726 συρ-

2039 748 2280 818 ῥέοντας,
2316 748 2412 800 καὶ
2442 746 2540 817 τὴν
2576 747 2792 800 νεολέαν
2832 745 3031 808 παντὸς
3062 744 3155 797 τοῦ
3185 744 3357 814 δήμου
3384 742 3487 813 τῆς
3512 741 3605 797 τώ-

2039 839 2194 903 λεως,
2239 838 2315 903 ὡς
2343 838 2438 892 καὶ
2467 841 2580 902 τοῖς
2606 836 2717 890 τῶν
2755 836 3023 890 Ἰουδαίων
3056 835 3241 888 παισὶν
3282 836 3345 887 ὲκ
3368 833 3463 887 τοῦ
3494 834 3611 887 ῐσου

2041 930 2353 1002 προτιθέναι
2378 931 2476 1001 τῆς
2508 928 2915 1000 φιλανθρωπίας
2942 927 3147 997 ταύτης
3173 927 3268 999 τὴν
3300 926 3613 1011 μετουειτίανς

2040 1021 2293 1091 Διαφέρει
2314 1021 2370 1073 δὲ
2400 1022 2615 1081 πάντως
2635 1017 2807 1080 οὐδὲν,
2835 1017 2868 1085 ἣ
2897 1016 2985 1070 διὰ
3016 1015 3304 1085 καμψάκου
3334 1015 3431 1085 τὴν
3461 1014 3612 1068 θεῖον

2041 1110 2279 1181 ἐντολὴν,
2312 1110 2345 1181 ἢ
2373 1110 2461 1164 διά
2486 1126 2629 1173 τινος
2655 1108 2819 1178 ἄλλης
2847 1106 3101 1177 ἀφορμῆς
3127 1106 3499 1176 ἐκπληρῶσαι.
3546 1106 3610 1160 Ἠ

2041 1201 2150 1273 γὰρ
2173 1200 2492 1272 παραμυθία
2512 1199 2619 1253 τῶν
2641 1199 2906 1269 δεομένων
2930 1198 2992 1251 οὐ
3020 1194 3172 1269 ζητεῖ
3192 1196 3253 1250 τὸ
3272 1195 3455 1256 πόθεν,
3477 1196 3615 1252 ἀλλὰ

2045 1294 2180 1366 πρὸς
2204 1292 2265 1346 τὸ
2293 1292 2571 1364 γινόμενον
2599 1291 2801 1361 βλέπει.

364 1398 570 1468 essent,
600 1406 663 1447 ea
685 1406 806 1460 quae
836 1389 904 1445 ad
936 1404 1180 1445 mensam
1208 1397 1263 1445 et
1290 1390 1493 1444 victum
1547 1391 1841 1460 pertinent,
1886 1388 1992 1444 sibi
2053 1388 2325 1444 coniicere
2374 1395 2429 1444 et
2468 1387 2814 1456 suppeditare
2868 1392 3111 1455 possent,
3165 1385 3254 1440 ille
3303 1400 3401 1457 per
3451 1398 3613 1439 omne

363 1493 580 1553 tempus
628 1483 813 1550 famis,
867 1498 993 1538 cum
1028 1497 1123 1537 eos
1159 1483 1252 1550 qui
1307 1470 1548 1554 undique
1578 1482 1936 1547 conﬂuerent,
1977 1490 2090 1536 tum
2136 1482 2479 1551 juventutem
2512 1480 2680 1535 totius
2738 1478 2962 1534 urbanae.
3000 1479 3172 1551 plebis
3217 1481 3363 1533 alere
3425 1492 3614 1548 perse-

362 1580 595 1644 veravit,
675 1578 814 1633 adeo
868 1584 929 1632 ut
986 1579 1150 1633 etiam
1200 1576 1513 1631 Iudaeorum
1566 1576 1770 1633 liberos
1821 1576 1986 1646 hujus
2019 1575 2371 1646 benignitatis
2423 1582 2478 1630 et
2509 1571 2853 1628 liberalitatis
2890 1587 2959 1628 ex
2996 1588 3151 1643 aequo
3181 1571 3476 1642 participes
3534 1570 3616 1626 fa-

362 1680 533 1730 ceret.
557 1670 703 1726 Nihil
734 1678 917 1726 autem
948 1685 1179 1741 prorsus
1202 1670 1452 1735 interest,
1493 1676 1813 1738 utrum'per
1843 1682 1939 1722 vas
1975 1665 2241 1723 olearium
2266 1667 2413 1737 quis,
2468 1680 2537 1720 an
2578 1679 2677 1736 per
2720 1663 2959 1734 aliquam
2994 1665 3157 1718 aliam
3217 1665 3501 1719 materiam
3559 1673 3611 1718 et

361 1767 709 1824 occasionem
752 1765 996 1820 divinum
1027 1762 1343 1820 mandatum
1381 1769 1735 1835 exsequatur.
1760 1761 2076 1819 Consolatio
2138 1761 2284 1818 enim
2326 1759 2712 1832 indigentium-
2732 1773 2845 1814 non
2907 1757 3100 1828 qumrit
3154 1756 3299 1813 unde
3337 1756 3612 1828 (sumas),

365 1859 464 1916 sed
493 1860 561 1915 ad
595 1859 671 1924 id,
705 1858 850 1929 quod
885 1857 961 1922 ﬁt,
995 1864 1228 1928 spectat.

436 1949 592 2017 Quod
621 1950 667 2004 si
707 1947 958 2005 sublimis
987 1954 1180 2018 raptus
1217 1955 1304 2003 est
1332 1946 1502 2011 Elias,
1530 1945 1780 2001 mirabile
1817 1944 1938 2016 qui-

2109 1942 2172 1994 Εί
2202 1940 2258 1994 δὲ
2282 1931 2568 2011 ἀύωφερὴς
2604 1941 2634 1992 6
2675 1937 2855 2002 Ἠλίας
2900 1938 3133 2005 ἐγένετο,
3169 1934 3481 2005 θαυμαστὸν
3516 1936 3609 2006 μὲν

364 2035 487 2089 dem
519 2040 604 2088 est
630 2030 792 2086 etiam
824 2030 928 2085 hoc
954 2038 1009 2086 et
1038 2030 1216 2101 majus
1251 2030 1599 2095 miraculum,
1627 2044 1789 2099 qttam
1813 2029 1936 2099 quis

367 2125 451 2180 vel
487 2124 735 2179 oratione
771 2122 1065 2193 explicare,
1112 2122 1199 2177 vel
1228 2122 1439 2177 ratione
1489 2123 1708 2193 assequi
1740 2120 1933 2192 possit.

366 2215 749 2270 Verumtamen
776 2229 877 2268 nec
901 2214 1072 2269 altera
1099 2212 1380 2283 (quidem)
1409 2212 1621 2283 species
1647 2211 1715 2266 ad
1738 2224 1938 2282 supera
1976 2201 1987 2212 ’

364 2321 564 2362 cursus
615 2305 949 2374 repudianda
1006 2311 1169 2374 atque
1212 2304 1609 2359 contemnenda
1637 2313 1761 2359 est:
1809 2317 1936 2358 cum

363 2398 490 2469 quis
524 2412 622 2468 per
668 2396 920 2467 spiritum
954 2394 1250 2452 virtutibus
1298 2412 1397 2467 pro
1430 2412 1599 2452 curru
1627 2413 1783 2460 usus,
1839 2412 1939 2467 per

364 2488 597 2544 sublime
619 2488 743 2542 vitae
773 2487 1083 2542 institutum
1110 2495 1310 2543 eterra
1336 2488 1618 2559 (sursum)
1654 2489 1712 2550 in
1739 2489 1937 2545 caelum

368 2578 583 2649 migrat.
619 2576 777 2643 Quod
827 2579 1015 2649 utique
1064 2579 1389 2649 magistrum
1436 2591 1751 2639 assecutum
1793 2596 1936 2645 esse,

365 2671 681 2742 quicunque
736 2684 920 2726 rerum
980 2670 1049 2726 ab
1099 2685 1166 2727 eo
1207 2680 1484 2743 gestarum
1534 2689 1725 2745 aequus
1775 2674 1941 2730 fuerit

365 2761 688 2828 aestimator,
725 2776 836 2817 non
864 2762 1102 2832 negabit.
1134 2762 1218 2817 An
1244 2764 1405 2819 etiam
1429 2765 1693 2822 adversus
1715 2767 1940 2824 Samue-

368 2853 474 2907 lem
505 2850 751 2907 oratione
787 2851 1098 2907 audendum
1123 2853 1253 2909 est?
1282 2852 1427 2910 Sane
1455 2854 1513 2911 in
1541 2855 1664 2912 aliis
1686 2858 1939 2914 omnibus

369 2941 576 3010 primas
620 2940 896 3011 prephetze
927 2948 1111 3011 partes
1138 2943 1519 3011 concedentes,
1565 2960 1692 3000 cum
1725 2946 1939 3002 duobus

368 3031 717 3101 quibusdam,
769 3046 891 3100 quae
933 3033 1001 3086 de
1052 3032 1143 3087 illo
1172 3032 1449 3098 dicuntur,
1487 3035 1651 3090 etiam
1701 3051 1765 3090 ea
1819 3051 1940 3106 qua:

322 3188 327 3191 _
372 3119 517 3177 circa
540 3123 859 3192 magistrum
902 3130 1151 3178 nostrum
1202 3132 1379 3189 erant,
1423 3126 1716 3181 convenire
1745 3134 1937 3182 osten-

367 3212 582 3269 demus.
619 3213 889 3270 Divinitus
936 3215 1065 3270 data
1124 3223 1291 3286 atque
1337 3212 1601 3273 concessa
1653 3217 1939 3288 utriusque

371 3306 628 3361 nativitas
668 3315 806 3362 erat.
865 3307 939 3364 Ut
989 3307 1136 3364 enim
1198 3309 1353 3364 illum
1394 3316 1588 3373 mater,
1648 3310 1722 3362 ita
1774 3295 2012 3365 etiamc

372 3398 516 3451 hunc
554 3407 707 3468 pater
746 3414 777 3452 a
808 3397 918 3455 Deo
944 3400 1179 3470 petitum
1234 3402 1558 3470 procreavit.
1592 3400 1839 3470 Cumque
1865 3402 1941 3458 le-

370 3489 466 3543 tali
502 3491 694 3545 morbo
723 3492 999 3560 quondam
1027 3500 1314 3563 correptus
1336 3500 1484 3548 esset
1512 3494 1676 3547 etiam
1707 3510 1850 3549 nunc
1885 3494 1939 3548 in

367 3588 529 3636 aetate
558 3581 810 3650 juvenili,
843 3598 941 3652 per
976 3584 1241 3640 visionem
1290 3584 1345 3638 in
1375 3584 1585 3639 somnis
1620 3593 1772 3653 pater
1802 3585 1941 3639 vidit

374 3670 682 3739 Dominum,
714 3673 807 3743 qui
838 3673 892 3727 in
924 3672 1219 3744 Evangelio
1244 3674 1433 3744 regqu
1464 3675 1540 3727 illi
1567 3673 1735 3727 [illum
1764 3675 1939 3729 dona-

278 3770 289 3780 '
338 3750 343 3759 ’
371 3763 470 3825 vit,
494 3764 594 3818 sibi
616 3778 902 3834 apparere,
929 3772 984 3821 et
1006 3766 1096 3821 illa
1120 3766 1303 3821 dicere
1324 3765 1390 3819 ad
1424 3781 1502 3832 se,
1541 3780 1662 3837 quae
1693 3767 1756 3820 ad
1784 3768 1937 3821 illum

375 3850 636 3908 Dominus
655 3854 887 3921 dixerat,
909 3871 1125 3926 nempe,
1155 3855 1316 3924 Vade,
1337 3857 1481 3926 ﬁlius
1509 3867 1629 3910 tuus
1653 3856 1773 3910 vivit
1800 3858 1938 3914 ¹¹·¹’.

372 3945 539 4014 Cujus
576 3946 735 4002 (idem
776 3955 831 4003 et
879 3949 994 4017 ipse
1037 3948 1282 4005 imitatus
1308 3989 1323 4014 ,
1370 3948 1618 4004 eumdem
1655 3965 1813 4020 quem
1849 3950 1941 4006 ille

375 4035 494 4092 lidei
527 4036 765 4092 fructum
816 4038 1079 4109 percepit,
1126 4037 1459 4110 benignitate
1500 4037 1716 4095 Domini
1763 4041 1943 4099 salute

371 4129 467 4183 lilii
501 4138 738 4199 recepta.

439 4219 618 4290 Atque
651 4219 756 4276 hoc
786 4220 1005 4290 quidem
1043 4235 1211 4275 unum
1239 4235 1365 4276 cum
1397 4221 1681 4279 miraculis
1713 4221 1942 4281 Samue-

371 4310 438 4365 lis
467 4324 872 4380 comparamus.
901 4313 1145 4367 Alterum
1179 4328 1326 4378 vero,
1373 4314 1537 4384 quod-
1566 4315 1740 4369 forma
1769 4316 1942 4371 sacri-

373 4400 479 4453 ﬁcii
509 4401 697 4455 eadem
721 4402 790 4456 ab
822 4403 1087 4458 ambobus
1120 4405 1370 4460 instituta
1401 4415 1563 4476 atque
1587 4415 1807 4476 peracta
1832 4415 1935 4462 est.

372 4490 632 4547 Paciﬁcas
672 4493 816 4547 enim
852 4504 1078 4562 uterque
1120 4494 1230 4550 Deo
1257 4496 1465 4553 hostias
1503 4497 1844 4563 obtulerunt,
1878 4505 1939 4552 ut

372 4584 558 4639 hostes
610 4584 1052 4655 proﬂigarentur,
1108 4594 1160 4640 et
1206 4587 1497 4647 interirent
1538 4589 1935 4653 sacriﬁcantes,

2043 2033 2134 2086 καὶ
2160 2031 2337 2099 τοῦτο,
2366 2032 2462 2086 καὶ
2487 2031 2624 2101 ὑπὲρ
2652 2030 2808 2100 λόγον
2840 2033 2901 2082 τὸ
2939 2027 3143 2098 θαῦμα.
3175 2025 3319 2097 Πλὴν
3346 2026 3451 2079 οὐκ
3476 2025 3613 2081 ἀπό-

2043 2122 2239 2193 ϐλητον
2282 2122 2376 2176 καὶ
2407 2121 2470 2175 τὸ
2500 2123 2685 2193 ἕτερον
2730 2118 2867 2185 εἶδος
2895 2120 2997 2190 τῆς
3025 2117 3117 2172 ἐπὶ
3145 2116 3205 2169 τὸ
3249 2116 3361 2170 ἄνω
3400 2120 3571 2188 φορᾶς
3591 2159 3606 2184 ,

2042 2215 2169 2269 ὅταν
2209 2231 2293 2277 τις
2338 2213 2428 2267 διὰ
2468 2216 2569 2285 τῆς
2611 2212 2819 2283 ὑψηλῆς
2847 2211 3117 2274 πολιτείας
3150 2210 3256 2264 ἀπὸ
3283 2209 3390 2280 γῆς
3415 2210 3500 2272 είς
3527 2210 3607 2262 οὐ·

2045 2305 2202 2377 ρανὸν
2228 2305 2584 2375 ἀνοικίζηται,
2611 2303 2698 2357 διὰ
2725 2302 2820 2356 τοῦ
2848 2301 3162 2372 Πνεύματος
3185 2301 3338 2372 ἅρμα
3361 2299 3462 2364 τὰς
3484 2302 3611 2372 ἀρε-

2044 2394 2143 2459 τὰς
2190 2396 2571 2466 ποιησάμενος.
2607 2394 2783 2464 Ὅπερ
2812 2391 2876 2464 δὴ
2920 2390 3308 2461 κατωρθῶσθαι
3346 2390 3428 2461 τῷ
3470 2390 3611 2445 διδα-

2048 2486 2229 2557 σκάλῳ
2261 2487 2370 2549 πᾶσς
2398 2487 2427 2538 6
2473 2486 2828 2556 εὐγνωμόνως
2866 2485 2939 2539 τὰ
2984 2486 3101 2539 κατ’
3147 2481 3308 2536 αὑτὸν
3344 2481 3606 2547 ἐξετάζων

2047 2578 2384 2651 συνθήσεται.
2405 2574 2554 2649 ’Δρα
2573 2577 2677 2649 χρὴ
2699 2579 2792 2631 καὶ
2818 2577 2910 2630 τοῦ
2934 2576 3184 2647 Σαμουὴλ
3207 2575 3606 2645 κατατώμῆσαι

2043 2666 2123 2737 τῷ
2164 2667 2340 2738 λόγῳ;
2383 2668 2522 2722 Ἀλλ’
2551 2669 2608 2721 ὲν
2638 2670 2752 2730 τοῖς
2794 2667 2974 2731 ἄλλοις
3018 2669 3152 2720 πᾶσι
3195 2666 3301 2719 τῶν
3330 2664 3609 2736 πρωτείων

2042 2759 2122 2830 τῷ
2166 2759 2419 2834 προφήτῃ
2466 2760 2991 2830 παραχωρήσαντες,
3036 2760 3173 2830 πρὸς
3208 2757 3303 2812 δύο
3346 2757 3468 2812 τινὰ
3505 2757 3610 2812 et?"

2044 2851 2172 2923 περὶ
2209 2850 2370 2905 αὐτοῦ
2415 2850 2746 2922 λεγομένων,
2795 2851 2889 2905 καὶ
2917 2850 2986 2904 τὰ
3018 2851 3146 2921 περὶ
3184 2848 3276 2903 τὸν
3298 2849 3611 2904 διδάσκαλον

2042 2943 2200 3016 ἡμῶν
2225 2943 2439 3006 οἰκείως
2466 2942 2656 3013 ἔχοντα
2684 2941 2951 3012 δείξομεν·
2978 2940 3265 3005 Θεόσδοτος
3292 2940 3613 3011 ἀμφοτέρων

2043 3037 2078 3107 ἡ
2119 3036 2370 3106 γέννησις
2400 3030 2483 3105 ἦν.
2544 3034 2630 3097 Ὠς
2657 3034 2766 3106 γὰρ
2794 3036 2997 3087 ἐκεῖνον
3024 3035 3057 3104 ἡ
3095 3034 3304 3106 μήτηρ,
3343 3034 3488 3088 οὕτω
3516 3035 3611 3088 καὶ

2043 3127 2231 3181 τοῦτον
2259 3126 2318 3191 ἐξ
2364 3126 2628 3196 αἰτήσεως
2661 3124 2808 3187 θείας
2841 3126 2870 3176 6
2909 3123 3089 3194 πατὴρ
3116 3123 3470 3180 ἐτεκνώσατο.
3499 3126 3610 3179 Καὶ

2042 3216 2322 3290 ἀρρωστίᾳ
2376 3215 2506 3269 ποτὲ
2560 3215 2908 3285 συσχεθέντος
2960 3214 3289 3286 ὲπιθανατίῳ
3333 3215 3413 3269 ἔτι
3444 3217 3501 3268 ἐν
3530 3216 3609 3284 τῷ

2042 3309 2147 3381 νέῳ
2186 3309 2283 3379 τῆς
2322 3306 2533 3379 ἡλικίας
2559 3347 2573 3369 ,
2620 3302 2756 3359 εἶδεν
2797 3309 2825 3360 6
2876 3306 3058 3378 πατὴρ
3101 3306 3427 3376 ἐπιφανέντα
3462 3306 3609 3377 αὐτῷ

2042 3400 2181 3454 κατὰ
2212 3401 2308 3471 τὴν
2338 3398 2586 3452 ἐνύπνιον
2609 3398 2727 3467 δψιν
2759 3398 2849 3450 τὸν
2877 3396 3097 3469 Κύριον,
3125 3397 3215 3450 τὸν
3246 3398 3305 3449 ὲν
3330 3399 3408 3469 τῷ
3435 3399 3614 3461 Ebur-

2040 3488 2203 3561 γελίῳ
2231 3491 2322 3544 τὸν
2361 3490 2523 3543 παῖδα
2547 3474 2622 3561 τῷ
2653 3488 2913 3559 βασιλικῷ
2960 3489 3345 3558 χαρισάμενον,
3385 3491 3614 3543 κάκεῖνα

2039 3581 2259 3635 εἰπόντα
2284 3582 2417 3653 πρὸς
2437 3580 2642 3644 τοῦτον,
2668 3580 2703 3633 ἃ
2736 3580 2869 3652 πρὸς
2907 3581 3111 3633 ἐκεῖνον
3155 3576 3306 3633 εἶπεν
3328 3581 3357 3632 ὁ
3381 3581 3605 3651 Κύριος,

2038 3674 2120 3727 ὅτι
2146 3674 2430 3741 Πορεύου,
2458 3675 2491 3727 d
2523 3673 2651 3738 υἱός
2678 3686 2793 3726 σου
2822 3669 2906 3740 ζῇ.
2957 3663 3032 3724 Ub
3061 3670 3159 3743 τὴν
3183 3671 3360 3725 πίστιν
3386 3672 3476 3724 καὶ
3502 3672 3609 3724 αὐ-

2039 3763 2129 3826 τὸς
2180 3766 2586 3835 μιμησάμενος,
2634 3763 2726 3816 τὸν
2769 3762 2929 3816 αὐτὸν
2958 3764 3051 3816 ἐπὶ
3087 3767 3153 3836 τῇ
3195 3764 3366 3817 πίστει
3392 3764 3609 3833 καρπὸν

2039 3855 2348 3926 ἐκομίσατο,
2385 3855 2483 3926 τὴν
2513 3854 2603 3908 τοῦ
2641 3853 2757 3907 υἱοῦ
2785 3854 3058 3928 σωτηρίαν
3079 3856 3144 3909 ἐκ
3174 3855 3276 3927 τῆς
3306 3855 3612 3927 φιλανθρω-

2042 3946 2175 4011 πίας
2202 3946 2294 4001 τοῦ
2323 3946 2529 4018 Κυρίου
2563 3946 2872 4018 δεξάμενος.

2117 4217 2213 4270 Ἐν
2240 4216 2337 4287 μὲν
2364 4216 2428 4288 δὴ
2464 4190 2629 4271 ’τοῦτο
2651 4218 2764 4280 τοῖς
2794 4215 3035 4287 θαύμασι
3062 4216 3159 4269 τού
3192 4215 3447 4289 Σαμουὴλ
3481 4215 3611 4271 dva-

2039 4313 2277 4384 τίθεμεν.
2311 4311 2532 4382 Ἕτερον
2559 4310 2639 4376 δὲ,
2680 4310 2762 4362 ὅτι
2805 4309 2865 4362 τὸ
2914 4305 3049 4373 εἶδος
3086 4310 3186 4379 τῆς
3212 4309 3523 4380 ἱερουργίας
3546 4308 3614 4363 τὸ

2038 4406 2171 4457 αὐτὸ
2198 4408 2309 4468 τοῖς
2335 4402 2427 4456 δύο
2456 4400 2908 4469 συνεσπουδάσθη.
2939 4399 3228 4470 Εἰρηνικὰς
3263 4402 3615 4472 προσήγαγον

2038 4497 2337 4568 ἀμῴότεροι
2367 4494 2447 4565 τῷ
2478 4493 2597 4564 Θεῷ
2626 4495 2723 4556 τὰς
2754 4493 2962 4559 θυσίας,
3008 4492 3147 4563 ὑπὲρ
3178 4493 3279 4562 τῆς
3312 4493 3422 4545 τῶν
3452 4492 3608 4545 πολε-

2042 4589 2179 4660 μίων
2205 4588 2532 4660 ἀναιρέσεως
2563 4585 2968 4657 ἱερουργοῦντες
2991 4625 3005 4646 ,
3051 4586 3080 4637 6
3111 4584 3208 4654 μὲν
3235 4586 3327 4637 ἐπὶ
3352 4587 3418 4655 τῇ
3443 4602 3613 4638 κατα-

371 4676 461 4731 hic
494 4676 714 4746 quidem
763 4691 862 4745 pro
892 4676 1176 4732 eversione
1212 4678 1516 4746 haereseon,
1547 4680 1640 4735 ille
1680 4695 1812 4736 vero
1840 4680 1937 4736 ad-

2042 4679 2187 4733 λύσει
2217 4678 2324 4732 τῶν
2346 4678 2631 4749 αἱρέσεων,
2663 4679 2691 4729 6
2721 4676 2778 4728 δὲ
2809 4674 2950 4729 κατὰ
2979 4675 3086 4729 τῶν
3116 4675 3427 4744 ἀλλοφύλων
3448 4675 3611 4730 τοῦτο

369 4783 561 4823 versus
617 4767 950 4838 alienigenas
993 4767 1048 4823 id
1103 4783 1293 4840 agens.
1343 4770 1517 4827 Porro
1562 4788 1791 4843 magnus
1846 4774 1937 4830 ille

2042 4769 2224 4825 ποιῶν.
2260 4768 2499 4839 Μωῦσῆς
2537 4768 2595 4822 δὲ
2622 4769 2650 4820 6
2679 4766 2852 4837 μέγας
2873 4806 2888 4831 ,
2936 4766 3109 4820 κοινὸν
3152 4767 3433 4838 πρόκειται
3471 4769 3611 4821 πᾶσι

370 4858 583 4928 Moyses
616 4875 906 4917 commune
937 4861 1216 4929 omnibus,
1273 4864 1370 4935 qui
1418 4864 1488 4919 ad
1527 4866 1780 4921 virtutem
1809 4881 1936 4936 spe-

2042 4863 2146 4926 τοῖς
2178 4860 2315 4933 πρὸς
2346 4858 2543 4931 ἀρετὴν
2570 4859 2768 4932 ὁρῶσιν
2796 4859 3099 4927 ὑπόδειγμα
3123 4873 3137 4887 ·
3172 4858 3267 4911 καὶ
3295 4858 3395 4911 οὐκ
3429 4858 3495 4912 ἄν
3522 4875 3612 4923 τις

369 4955 538 5013 ctant,
567 4952 907 5020 propositum
944 4959 1029 5008 est
1056 4954 1388 5024 exemplum.
1422 4952 1534 5009 Nec
1571 4953 1860 5024 deliquerit
1887 4953 1934 5009 si

2042 4952 2406 5024 πλημμελοίη,
2456 4951 2551 5005 τοῦ
2590 4951 2721 5005 ίδίου
2768 4950 2880 5022 βίου
2912 4950 3111 5003 σκοπὸν
3138 4949 3236 5020 τὴν
3281 4950 3483 5022 ἀρετὴν
3513 4950 3611 5005 τοῦ

368 5042 493 5114 quis
534 5041 790 5098 virtutem
847 5044 1175 5117 legislatoris
1235 5055 1494 5117 tanquam
1551 5062 1778 5119 scopum
1826 5047 1933 5103 sibi

2042 5043 2321 5116 νομοθέτου
2352 5042 2690 5114 ποιούμενος.
2747 5042 2955 5097 Οὐκοῦν
3003 5041 3357 5111 ἀνεπίφθονον
3389 5042 3610 5106 πάντως

368 5141 658 5205 proponat,
688 5135 755 5190 ad
787 5151 948 5206 quem
973 5138 1098 5194 vitae
1133 5154 1249 5195 sua:
1275 5138 1473 5210 dirigat
1496 5139 1763 5196 actiones.
1789 5138 1929 5195 Pro-

366 5225 494 5282 inde
516 5241 678 5284 nemo
711 5242 938 5298 prorsus
986 5229 1268 5294 invidebit,
1306 5231 1352 5286 si
1386 5232 1726 5295 ostendatur,
1783 5231 1930 5301 quod

367 5318 627 5390 magister
652 5326 860 5388 noster,
908 5320 965 5375 in
988 5322 1187 5391 quibus
1217 5330 1423 5392 posset,
1465 5323 1828 5393 legislatorem
1872 5324 1930 5378 in

365 5411 478 5465 vita
518 5414 846 5469 imitaretur.
892 5414 951 5469 In
989 5415 1188 5485 quibus
1236 5415 1398 5486 igitur
1430 5414 1658 5488 (rebus)
1697 5415 1930 5471 imitatio

366 5501 757 5558 consistebat?
810 5500 1005 5559 Mulier
1064 5503 1310 5573 quaedam
1369 5503 1655 5578 Egyptios
1711 5520 1929 5578 regens,

439 5676 556 5710 ⁸¹·¹¹
576 5676 732 5733 Joan.
772 5694 844 5743 tv,
877 5679 967 5733 50.

2039 5137 2123 5208 εῐη
2156 5136 2323 5203 δεῖξαι
2347 5135 2439 5189 τὸν
2459 5134 2772 5191 διδάσκαλον
2789 5134 2970 5206 ἡμῶν,
3000 5136 3058 5188 ὲν
3081 5128 3161 5198 οἷς
3185 5129 3295 5198 οἶός
3315 5151 3376 5187 τε
3404 5130 3494 5206 ἦν,
3517 5134 3606 5189 τὸν

2039 5228 2334 5301 νομοθέτην
2360 5229 2451 5282 ἐπὶ
2477 5227 2571 5281 τοῦ
2598 5227 2712 5296 βίου
2749 5227 3100 5298 μιμούμενον.
3155 5227 3245 5281 Ἐν
3279 5227 3391 5280 τίσι
3430 5228 3605 5281 τοίνυν

2041 5324 2074 5393 ἡ
2107 5321 2334 5392 μίμησις
2367 5315 2436 5391 ἦν
2463 5337 2477 5386 ;
2519 5319 2791 5390 Ἀρχουσά
2836 5334 2919 5383 τις
2969 5319 3077 5372 τῶν
3108 5320 3452 5386 Αἰγυπτίων.
3500 5321 3601 5372 εἰσι

2042 5411 2380 5483 ποιησαμένη
2445 5411 2534 5464 τὸν
2599 5410 2836 5464 Μωῦσέα
2897 5410 3139 5464 παιδεύει
3187 5410 3288 5482 τὴν
3342 5410 3601 5483 ἐγχώριον

2041 5506 2338 5571 παίδευσιν,
2371 5505 2470 5558 οὐκ
2502 5504 2814 5571 ἀποστάντα
2840 5502 2932 5556 τοῦ
2977 5501 3226 5574 μητρῴου
3263 5500 3461 5573 μαζεῦ,
3500 5504 3603 5563 ἕως
