3918 6204
291 333 404 390 809

1396 325 1463 380 IN
1503 321 1788 384 LAUDEM
1825 322 2125 380 FRATRIS
2163 320 2427 379 BASlLll.

3436 327 3539 380 8l0

293 445 405 498 ἔδει
433 442 533 515 τὴν
565 441 790 514 πρώτην
837 441 1053 514 ἠλικίαν
1083 444 1150 514 τῇ
1193 442 1417 517 τοιαύτῃ
1442 445 1614 515 τροφῇ
1645 443 1868 516 τιθηνή-

1984 441 2194 514 Moysen
2223 443 2542 512 adoptatum
2575 441 2880 498 domestica
2914 441 3202 514 disciplina
3251 443 3540 500 instituen-

296 534 515 589 σασθαι.
546 532 715 587 Τοῦτο
737 533 831 587 καὶ
859 533 936 605 τῷ
957 533 1258 606 διδασκάλῳ
1286 537 1600 606 μαρτυρεῖή
1625 535 1869 606 ἀλήθεια.

310 625 773 698 ’Δνατρεφόμενος
819 626 930 699 γὰρ
973 627 1079 680 ὑπὸ
1109 627 1208 698 τῆς
1256 626 1361 692 ἐξω
1407 627 1616 696 σοφίας,
1668 628 1754 681 ἀεὶ
1780 627 1873 681 τοῦ

299 716 478 788 μαζοῢ
526 716 626 785 τῆς
664 715 995 786 Ἐκκλησίας
1025 717 1230 786 εἴχετο,
1276 719 1390 780 τοίς
1439 717 1686 785 ἐντεῦθεν
1727 717 1874 771 διδά-

295 825 472 879 γμασι
501 809 598 879 τὴν
627 807 804 879 ψυχὴν
832 806 1010 872 αὔξων
1036 808 1130 860 καὶ
1154 806 1531 879 ἀδρυνόμενος.
1575 809 1874 880 Ἠρνήσατο

298 899 441 970 μετὰ
471 898 644 952 ταῦτα
691 900 720 950 6
751 899 991 969 Μωῦσῆς
1033 898 1134 969 τῆς
1162 899 1514 968 ψευδωνύμου
1548 901 1750 970 μητρὸς
1776 902 1875 970 τὴν

241 1001 248 1008 ‘
298 991 698 1060 σεσοφισμένην
744 989 1080 1060 συγγένειαν.
1143 991 1278 1045 Οὐδὲ
1338 986 1490 1056 οὗτος
1549 993 1874 1062 παρέμεινεν

295 1083 526 1136 ἐπιπολὺ
555 1080 870 1151 νομίζεσθαι
901 1081 1060 1135 τοῦτο
1085 1075 1129 1150 ᾧ
1161 1082 1515 1156 ἐπῃσχύνετο.
1555 1084 1741 1138 Πᾶσαν
1767 1083 1874 1154 γὰρ

294 1171 396 1241 τὴν
414 1171 475 1224 ὲκ
499 1170 607 1227 τῶν
628 1171 825 1236 ἔξωθεν
847 1171 1018 1239 λόγων
1033 1169 1189 1236 δόξαν
1210 1173 1664 1241 ἀποσεισάμενος,
1689 1171 1876 1244 ὥσπερ

292 1264 394 1333 τὴν
422 1264 694 1333 βασιλείαν
725 1265 952 1330 ἐκεῖνος,
985 1264 1118 1334 πρὸς
1149 1263 1240 1317 τὸν
1275 1263 1528 1318 ταπεινὸν
1559 1263 1874 1334 ἀπηυτομό-

297 1356 430 1424 λησε
473 1355 619 1424 βίον,
665 1355 916 1426 καθάπερ
959 1355 1052 1410 καὶ
1096 1356 1222 1418 τοὺς
1258 1355 1538 1427 Ἐϐραίους
1575 1359 1602 1409 6
1637 1356 1875 1427 Μωῦσῆς

298 1446 730 1518 προτιμοτέρους
766 1446 874 1501 τῶν
912 1447 1222 1514 Αἰγυπτίων
1249 1447 1532 1518 θησαυρῶν
1561 1432 1870 1518 ἐποιήσατο.

298 1538 413 1606 Τῆς
454 1538 509 1591 δὲ
557 1537 772 1607 φύσεως
819 1539 904 1608 ἐφ’
949 1539 1180 1592 ἑκάστου
1217 1537 1278 1592 τὸ
1319 1539 1516 1609 ἐαυτῆς
1548 1539 1876 1610 ἐνεργούσης

297 1628 558 1698 (ἑκάστου
589 1629 696 1701 γάρ
724 1631 756 1699 ή
786 1629 922 1700 σὰρξ
956 1629 1213 1700 ἐπιθυμεῖ
1239 1630 1378 1684 κατὰ
1403 1629 1494 1683 τοῦ
1522 1629 1872 1701 πνεύματος),

297 1719 419 1772 οὐδὲ
444 1714 596 1783 οὗτος
625 1720 781 1784 ἐκτὸς
812 1716 880 1793 ἦν
906 1721 1005 1790 τῆς
1036 1721 1129 1774 τοῦ
1157 1721 1452 1791 Αἰγυπτίου
1483 1720 1742 1793 λογισμοῦ
1773 1724 1876 1794 μά-

301 1827 426 1880 χης,
457 1810 523 1881 ἢν
551 1811 722 1880 ἐπῆγε
752 1811 832 1882 τῷ
877 1812 1230 1884 καθαρεύοντι
1255 1828 1270 1844 ·
1318 1812 1451 1867 ἀλλὰ
1472 1814 1773 1884 συμμαχῶν
1797 1815 1875 1886 τῷ

303 1901 552 1970 βελτίονι,
601 1904 790 1974 νεκρὸν
822 1904 996 1957 ἐποίει
1043 1905 1132 1958 τὸν
1172 1905 1358 1969 κακῶς
1396 1906 1474 1977 τῷ
1517 1905 1750 1978 Ἑϐραίῳ
1779 1907 1876 1959 ἐπ-

301 1994 668 2065 εγειρόμενον.
686 1995 935 2066 Ἐϐραῖος
963 1995 1019 2048 δὲ
1042 1995 1319 2065 λογισμὸς,
1350 2000 1378 2050 6
1405 1997 1876 2068 ἐκκεκαθαρμένος

301 2085 398 2137 καὶ
425 2085 740 2154 άμόλυντος,
799 2087 857 2140 Ὀ
886 2086 995 2157 γὰρ
1023 2087 1109 2139 διὰ
1141 2086 1234 2140 τοῦ
1260 2088 1529 2156 νεκρῶσαι
1557 2088 1624 2142 τὰ
1658 2089 1750 2141 ἐπὶ
1777 2089 1877 2159 τῆς

300 2177 406 2247 γῆς
434 2177 571 2247 μέλη
600 2181 666 2248 τῇ
699 2178 846 2249 ψυχῇ
875 2177 1178 2249 συμμαχῶν
1207 2181 1452 2249 μιμεῖται
1481 2179 1574 2232 τοῦ
1601 2181 1878 2243 Μωῦσέως

299 2267 401 2338 τὴν
443 2267 739 2338 ἀριστείαν,
789 2270 855 2339 ἢν
889 2268 1031 2321 κατά
1070 2269 1164 2322 τοῦ
1206 2270 1502 2338 Αἰγυπτίου
1553 2272 1874 2341 ἐνήργησεν.

302 2359 691 2429 Παραδραμεῖν
724 2359 779 2412 δὲ
825 2361 1090 2430 προσήκει
1131 2360 1198 2413 τὰ
1248 2361 1418 2414 πολλά
1468 2363 1568 2430 τῆς
1617 2362 1874 2432 ίστορίας,

299 2449 378 2512 ὠς
404 2451 471 2503 ἂν
505 2450 580 2522 μὴ
613 2449 774 2503 πολὺν
807 2450 962 2521 ὄχλον
1006 2452 1201 2519 ἐπάγοι
1223 2453 1288 2522 τῇ
1321 2452 1478 2521 ἀκοῇ,
1525 2451 1584 2504 τὸ
1617 2452 1790 2506 πάντα
1811 2453 1876 2507 δι’

300 2540 586 2610 ἀκριϐείας
617 2540 790 2594 θέλειν
819 2542 1161 2606 ἐκτίθεσθαι,
1205 2543 1306 2596 ὅσα
1339 2560 1398 2595 τε
1433 2543 1525 2596 ἐπδ⁹
1551 2544 1827 2608 Μωῦσέως
1851 2545 1879 2597 6

299 2629 456 2699 λόγος
482 2631 722 2702 κατέχει,
775 2633 870 2686 καὶ
911 2634 968 2685 ἐν
994 2627 1072 2696 οἷς
1103 2633 1319 2702 ἐγένετο
1357 2633 1452 2687 τοῦ
1493 2633 1810 2688 διδασκάλου
1845 2637 1878 2705 ἡ

300 2723 440 2793 πρὸς
459 2723 549 2776 τὸν
581 2723 874 2796 νομοθέτην
895 2724 1170 2795 ὁμοίωσις.
1201 2724 1470 2778 Κατέλιπε
1491 2725 1588 2796 τὴν
1605 2725 1880 2794 Αίγύπτον

301 2815 444 2886 μετὰ
471 2814 562 2868 τὸν
594 2813 820 2869 θάνατον
846 2813 939 2867 τοῦ
981 2814 1278 2883 Αἰγυπτίου
1326 2815 1355 2868 6
1393 2815 1618 2884 Μωσῆς,
1653 2817 1748 2869 καὶ
1782 2831 1881 2870 πο-

299 2906 399 2959 λὺν
430 2907 487 2959 ἐν
513 2905 592 2976 τῷ
623 2905 772 2977 μέσῳ
817 2905 1002 2976 διῆγεν
1050 2907 1241 2977 χρόνον
1281 2907 1367 2975 ἐφ’
1414 2907 1606 2961 ἑαυτοῦ
1641 2907 1878 2974 ίδιάζων.

293 2997 577 3051 Κατέλιπε
605 2999 701 3052 καὶ
733 2991 890 3062 οὗτος
915 2999 1043 3063 τοὺς
1073 2999 1130 3052 ἐν
1164 2998 1314 3052 ἀστει
1347 2996 1626 3072 θορύϐους,
1660 3001 1755 3054 καὶ
1784 3003 1882 3068 τὰς

1973 534 2103 591 dum
2135 543 2313 602 curat,
2359 550 2389 590 a
2418 534 2681 589 maternis
2714 533 2992 602 uberibus,
3038 535 3277 606 quandiu
3308 537 3539 605 primam

1974 633 2184 681 aetatem
2211 625 2478 696 ejusmodi
2506 625 2764 681 alimento
2798 624 2996 680 nutriri
3025 625 3400 691 conveniebat,
3432 643 3542 682 non
3615 695 3618 698 ξ

1976 720 2338 773 recedentem.
2394 715 2508 771 Hoc
2559 717 2687 772 item
2732 716 2994 787 magistro
3043 717 3248 773 veritas
3287 725 3541 773 testatur.

1974 807 2110 863 Cum
2143 807 2474 862 educaretur
2495 808 2639 861 enim
2674 807 2741 860 ab
2760 815 2981 862 externa
3011 805 3297 876 sapientia,
3329 824 3544 878 semper

1976 899 2238 956 uberibus
2258 897 2514 954 Ecclesia:
2536 898 2864 963 adhaerebat,
2895 899 3042 954 illius
3067 898 3332 955 doctrinis
3361 901 3543 954 animo

1975 1004 2230 1046 crescens
2280 998 2443 1061 atque
2481 988 2868 1061 grandescens.
2917 990 3220 1061 Abnegarit
3269 998 3433 1061 atque
3459 1006 3544 1045 re-

1975 1083 2223 1153 pudiavit
2270 1092 2457 1153 postea
2491 1081 2705 1154 Moyses
2738 1081 2875 1137 falso
2921 1083 3082 1137 dictae
3126 1083 3318 1138 matris
3360 1084 3542 1138 fictam

1975 1181 2029 1228 ct
2057 1171 2488 1227 commentitiam
2521 1173 2921 1240 cognationem.
2949 1170 3028 1226 Ne
3067 1173 3156 1226 hic
3196 1173 3412 1243 quidem
3450 1174 3546 1228 diti

1974 1267 2274 1334 permansit
2307 1265 2361 1320 in
2388 1280 2454 1320 eo
2498 1273 2666 1332 statu,
2706 1273 2766 1319 ut
2793 1265 2912 1333 ejus
2944 1266 3109 1320 studii
3146 1267 3367 1321 nomine
3403 1268 3544 1322 cele-

1975 1357 2228 1412 braretur
2256 1366 2418 1426 atque
2463 1356 2715 1420 clareret,
2748 1357 2905 1425 cujus
2939 1371 3060 1411 eum
3112 1357 3366 1427 pudebat.
3409 1358 3542 1412 Cum

1974 1448 2118 1503 enim
2149 1463 2365 1503 omnem
2400 1463 2466 1504 ex
2494 1449 2693 1503 litteris
2722 1456 2775 1504 et
2804 1449 3110 1518 disciplinis
3142 1450 3386 1505 externis
3419 1465 3544 1519 par-

1974 1548 2086 1595 tam
2103 1539 2328 1611 gloriam
2344 1539 2699 1610 repudiasset,
2717 1540 3170 1608 quemadmodum
3190 1539 3280 1595 ille
3293 1555 3543 1610 regnum,

1976 1631 2044 1687 ad
2064 1632 2268 1688 humile
2283 1633 2408 1687 vita:
2441 1649 2499 1688 se
2521 1634 2800 1689 transtulit
2819 1633 3126 1687 institutum
3151 1650 3163 1686 :
3187 1632 3544 1702 quemadmo-

1976 1725 2106 1780 dum
2137 1726 2296 1781 etiam
2321 1724 2532 1796 Moyses
2560 1725 2827 1797 IEgyptiis
2865 1725 3139 1779 thesauris
3169 1725 3400 1794 praetulit
3433 1723 3540 1776 lle-

1976 1817 2170 1870 braaos.
2188 1817 2353 1870 Porro
2370 1833 2492 1870 cum
2515 1828 2705 1874 natura
2728 1819 2783 1870 in
2798 1832 3120 1886 unoquoque
3136 1832 3292 1871 suum
3310 1817 3542 1871 ollicium

1979 1907 2140 1962 faciat
2157 1909 2610 1978 (uniuscujusque
2626 1909 2768 1961 enim
2788 1921 2914 1962 caro
2931 1907 3266 1977 concupiscit
3286 1907 3546 1963 adversus

1977 1998 2325 2070 spiritum”)
2362 2015 2430 2054 ne
2459 1999 2544 2052 hic
2576 1999 2792 2068 quidem
2825 2013 3020 2068 expers
3054 1999 3232 2067 prmlii
3267 2008 3402 2062 erat,
3438 2013 3546 2068 quo

1977 2089 2120 2143 ratio
2153 2103 2288 2159 pura
2318 2089 2385 2143 ab
2405 2089 2660 2160 Egyptia
2685 2088 2898 2142 ratione
2927 2087 3233 2158 petebatur,
3267 2086 3360 2141 sed
3387 2102 3544 2156 opem

1978 2180 2160 2236 ferens
2195 2181 2425 2245 meliori,
2453 2191 2720 2235 mortuam
2753 2179 2988 2236 faciebat
3017 2195 3158 2242 eam,
3195 2194 3317 2249 quae
3356 2179 3538 2232 adver-

1978 2289 2073 2327 sus
2097 2272 2375 2326 llebraaam
2398 2272 2542 2327 haud
2576 2282 2722 2328 recte
2754 2272 3092 2342 insurgebat.
3122 2270 3343 2324 llebraea
3367 2281 3544 2324 autem

1975 2366 2138 2428 ratio,
2168 2373 2468 2435 expurgata
2493 2371 2576 2419 cst
2601 2371 2655 2418 et
2685 2363 3133 2419 incontaminata.
3169 2359 3302 2414 Nam
3330 2362 3421 2431 qui
3453 2377 3548 2431 per

1980 2456 2450 2512 mortificationem
2512 2456 2881 2510 membrorum
2951 2462 3294 2509 terrenorutn
3355 2455 3548 2507 an’mae

1979 2546 2241 2600 auxilium
2291 2545 2414 2610 fert,
2455 2545 2810 2600 excellentem
2843 2541 3218 2598 fortitudinem
3252 2550 3414 2612 atque
3441 2543 3552 2597 vir-

1979 2645 2152 2693 tutem
2183 2637 2384 2709 Moysis
2433 2651 2596 2708 quam
2633 2637 2898 2710 adversus
2926 2635 3242 2706 Egyptium
3274 2635 3547 2704 przestitit,

1983 2727 2244 2782 imitatur.
2281 2727 2572 2783 Praeterire
2593 2736 2776 2782 autem
2807 2741 3056 2796 magnam
3080 2735 3290 2795 partem
3314 2725 3552 2779 historia:

1981 2822 2259 2884 convenit,
2300 2835 2369 2876 ne
2400 2821 2445 2877 si
2478 2820 2604 2890 quis
2633 2820 2816 2874 omnia
2840 2820 2998 2889 plene
3025 2829 3188 2888 atque
3210 2826 3398 2873 exacte
3425 2819 3554 2872 velit

1981 2927 2276 2984 exponere,
2315 2927 2436 2983 qua:
2485 2921 2538 2967 ct
2567 2911 2637 2966 de
2671 2910 2857 2982 Moyse
2889 2909 3176 2981 Scriptura
3219 2911 3462 2964 continet
3484 2911 3552 2972 ιδ,

1982 3013 2036 3061 et
2089 3005 2147 3060 in
2187 3003 2387 3076 quibus
2419 3003 2660 3073 magistri
2692 3001 2795 3056 fuit
2841 3016 2963 3058 cum
3006 3001 3188 3073 Moyse
3230 3000 3552 3064 similitudo,

299 3089 496 3152 ὑλικὰς
524 3090 728 3154 ταύτας
757 3090 1132 3162 περιηχήσεις,
1167 3090 1263 3144 καὶ
1287 3085 1354 3160 ἦν
1382 3090 1475 3144 ἐπὶ
1501 3091 1601 3162 τῆς
1626 3093 1880 3163 ἐσχατιᾶς

1986 3112 2238 3168 magnam
2293 3095 2637 3152 auditoribus
2689 3093 2878 3149 afferat
2929 3095 3256 3150 molestiam.
3313 3091 3554 3162 Reliquit

298 3181 758 3251 προσφιλοσοφῶν
815 3181 895 3252 τῷ
925 3180 1064 3252 Θεῷ.
1111 3181 1488 3252 Κατελάμφθη
1518 3182 1596 3253 τῷ
1631 3182 1766 3252 φωτὶ
1799 3183 1888 3237 διὰ

299 3275 402 3342 τῆς
430 3272 593 3342 βάτου
620 3273 842 3336 ἐκεῖνος.
869 3270 1106 3342 Ἐχομέν
1133 3288 1186 3325 τι
1213 3271 1470 3340 συγγενὲς
1497 3271 1596 3342 τῆς
1627 3273 1886 3337 ὀπτασίας

299 3363 504 3434 ταύτης
531 3363 621 3417 καὶ
648 3363 742 3416 ἐπὶ
775 3361 964 3417 τούτου
995 3364 1166 3416 εἰπεῖν
1192 3380 1208 3396 ο
1239 3362 1320 3416 ὅτι
1361 3362 1552 3426 νυκτὸς
1584 3359 1771 3432 οὔσης,
1803 3362 1886 3430 γίο

302 3473 454 3511 νεται
485 3455 634 3527 αὐτῷ
667 3456 846 3525 φωτὸς
877 3455 1144 3527 ἐλλαμψις
1178 3455 1320 3510 κατὰ
1349 3454 1438 3509 τὸν
1470 3452 1618 3509 οίκον
1651 3471 1887 3527 προσευ-

304 3549 520 3619 χομένῳ
543 3564 558 3578 ⁶
603 3549 766 3603 ἀῦλον
794 3548 850 3601 δέ
874 3565 927 3601 τι
949 3547 1012 3601 τὸ
1041 3546 1157 3617 φῶς
1187 3542 1254 3618 ἦν
1279 3548 1474 3612 ἐκεῖνο,
1505 3545 1626 3616 θείᾳ
1657 3545 1880 3617 δυνάμει

305 3641 682 3710 καταφωτίζον
738 3641 798 3694 τὺ
857 3641 1097 3710 οἴκημα,
1157 3639 1247 3692 ὑπ’
1297 3638 1509 3702 οὐδενὸς
1561 3637 1884 3709 πράγματος

306 3730 493 3785 ὑλικοῦ
522 3731 907 3802 ἐξαπτόμενον.
942 3731 1110 3794 Σώζει
1137 3729 1226 3783 τὸν
1255 3728 1381 3783 λαὸν
1408 3729 1437 3781 6
1467 3730 1670 3800 Μωσῆς
1699 3731 1763 3782 ἐκ
1789 3729 1883 3782 τοῦ

304 3822 573 3894 τυράννου
635 3823 958 3894 ῥυσάμενος.
1025 3820 1312 3892 Μαρτυρεῖ
1357 3820 1426 3873 τά
1479 3820 1568 3873 ῐσα
1619 3818 1714 3872 τοῦ
1760 3819 1883 3873 καθ’

305 3912 457 3982 ἡμᾶς
481 3913 773 3984 νομοθέτου
805 3915 834 3966 6
865 3911 992 3975 λαὸς
1034 3905 1188 3974 οὗτος
1207 3950 1222 3975 ,
1253 3903 1314 3964 οὗ
1343 3908 1431 3962 διὰ
1455 3911 1553 3980 τῆς
1584 3906 1883 3979 ίερωσύνης

306 4007 446 4077 πρὸς
472 4008 572 4078 τὴν
596 4006 927 4077 ἐπαγγελίαν
956 4004 1050 4060 τοῦ
1081 4004 1217 4058 Θεοῦ
1251 4003 1619 4074 καθηγήσατο.

1987 3188 2280 3260 Egyptum
2312 3186 2526 3257 Moyses
2561 3194 2686 3256 post
2724 3199 2911 3241 necem
2962 3183 3224 3256 Egyptii,
3275 3185 3556 3255 multoque

1987 3278 2278 3347 interjecto
2305 3285 2546 3347 tempore
2571 3288 2820 3330 seorsum
2843 3289 2938 3344 per
2959 3289 3017 3329 se
3039 3275 3283 3343 privatus
3303 3274 3552 3343 degebat.

1989 3367 2234 3437 Reliquit
2261 3367 2425 3422 etiam
2455 3365 2545 3420 hic
2574 3365 2816 3422 urbanos
2846 3365 3132 3431 tumultus,
3164 3373 3217 3419 et
3247 3365 3555 3419 materiales

1989 3453 2091 3509 hos
2129 3453 2390 3524 strepitus
2439 3453 2683 3522 undique
2720 3453 3218 3517 circumsonantes,
3262 3461 3315 3508 et
3352 3461 3469 3507 erat
3501 3455 3554 3507 in

1991 3547 2290 3602 solitudine
2331 3545 2529 3600 divinae
2574 3544 2930 3615 pltilOSOpltiae
2980 3544 3228 3599 addictus
3251 3545 3314 3598 ¹⁸.
3350 3543 3554 3598 Lumen

1987 3637 2064 3691 illi
2093 3651 2188 3706 per
2211 3636 2405 3690 rubum
2431 3635 2646 3688 alluxit.
2670 3633 2943 3690 Habemus
2969 3635 3172 3705 aliquid
3205 3636 3328 3690 huic
3360 3637 3554 3691 visioni

1986 3736 2277 3799 cognatum
2309 3729 2471 3782 etiam
2509 3726 2563 3780 in
2603 3725 2731 3790 hoc,
2773 3725 2915 3796 quod
2957 3727 3228 3783 dicamus.
3267 3726 3403 3782 Nam
3431 3745 3555 3783 cum

1985 3835 2096 3875 nox
2146 3827 2315 3886 esset,
2369 3818 2567 3873 accidit
2613 3819 2662 3872 ei
2719 3818 3012 3874 illustratio
3050 3829 3211 3890 atque
3243 3820 3555 3891 allulgentia

1985 3910 2209 3966 luminis
2237 3910 2384 3964 domi
2409 3909 2586 3963 oranti
2613 3929 2626 3963 :
2662 3923 2858 3978 expers
2889 3917 3068 3965 autem
3113 3911 3355 3965 materiae
3384 3911 3557 3980 quod-

1997 4001 2124 4055 dam
2174 4000 2357 4055 lumen
2402 4007 2521 4054 erat
2569 3999 2722 4065 illud,
2764 4000 2944 4055 divina
2986 4002 3186 4055 virtute
3223 4001 3554 4055 domicilium

307 4098 648 4162 illuminans,
694 4113 725 4151 a
755 4097 906 4152 nulla
956 4111 1013 4151 rc
1048 4094 1315 4150 materiali
1361 4107 1674 4147 accensum.
1734 4088 1928 4145 Servat
1986 4089 2244 4162 populum
2294 4089 2504 4160 Moyses
2555 4103 2583 4142 a
2633 4098 2865 4160 tyranno
2914 4091 3221 4144 liberatum.
3277 4089 3433 4143 Paria
3490 4088 3557 4142 de

307 4199 500 4246 nostro
552 4188 859 4259 legislatore
911 4194 1144 4242 testatur
1205 4183 1293 4238 hic
1342 4182 1597 4252 populus,
1659 4196 1817 4251 quem
1876 4195 1971 4252 per
2007 4178 2370 4237 sacerdotium
2398 4179 2551 4233 duxit
2581 4178 2646 4232 ad
2676 4177 2770 4233 Dei
2803 4178 3238 4248 promissionem.

379 4285 489 4337 Καὶ
509 4282 563 4334 τί
589 4281 696 4353 χρὴ
719 4281 788 4335 τά
813 4279 934 4334 καθ’
958 4279 1186 4332 ἕκαστον
1213 4278 1414 4348 λέγειν,
1457 4278 1615 4339 ὅσους
1651 4275 1878 4346 διήγαγε

2056 4273 2121 4328 Et
2155 4273 2296 4345 quid
2343 4272 2482 4342 opus
2530 4281 2615 4327 est
2658 4272 2843 4326 omnia
2897 4269 3207 4339 singulatim
3263 4286 3555 4342 exponere,

306 4374 405 4428 καὶ
447 4367 598 4436 οὗτος
645 4371 733 4426 διὰ
779 4369 872 4424 τοῦ
916 4370 1124 4434 ὓδατος,
1163 4369 1302 4431 ὅσοις
1346 4366 1431 4420 διὰ
1463 4365 1555 4419 τοῦ
1605 4365 1762 4434 λόγου
1789 4365 1879 4418 τὸν

1984 4382 2144 4439 quam
2170 4366 2371 4420 multos
2399 4365 2563 4421 etiam
2597 4365 2682 4420 hic
2711 4379 2806 4436 per
2824 4377 3017 4433 aquam
3049 4363 3370 4428 traduxerit,
3395 4381 3556 4436 quam

307 4466 502 4521 στύλον
531 4463 625 4518 τοῦ
671 4463 839 4535 πυρὸς
882 4461 1260 4532 ἐδᾳδούχησεν,
1303 4461 1460 4522 ὅσους
1492 4461 1559 4528 τῇ
1589 4457 1680 4511 τοῦ
1715 4455 1885 4510 Πνεύ-

310 4573 482 4628 ματος
533 4555 728 4625 νεφέλῃ
779 4553 1058 4612 διέσωσεν,
1108 4551 1263 4614 ὅσους
1309 4549 1500 4622 ἔθρεψε
1541 4551 1608 4619 τῇ
1660 4545 1887 4617 οὐρανίᾳ

306 4650 506 4718 τροφῇ,
555 4647 703 4709 ὅπως
747 4645 995 4714 ἐμιμεῖτο
1036 4642 1135 4714 τὴν
1178 4632 1442 4712 πέτραν
1473 4655 1600 4691 ποτε
1632 4638 1712 4707 τῷ
1745 4637 1885 4707 ξύλῳ

309 4736 666 4808 ἀνεστομώθη
705 4737 766 4789 τὸ
789 4735 951 4806 ὕδωρ,
984 4734 1280 4796 τουτέστιν,
1372 4747 1502 4784 ποτε
1526 4731 1555 4782 6
1583 4729 1676 4782 τοῦ
1724 4745 1886 4782 σταυ-

309 4828 414 4900 poi
447 4828 614 4892 τύπος
663 4827 755 4881 τοῦ
787 4828 1048 4897 στόματος
1094 4825 1293 4893 ἔθιγεν,
1341 4823 1490 4885 ὅπως
1522 4817 1734 4883 ἐπότιζε
1761 4819 1888 4881 τοὺς

304 4919 583 4988 διψῶντας
626 4917 718 4973 τοῦ
748 4917 938 4980 ὓδατος
983 4915 1214 4980 ἐκείνου,
1248 4913 1325 4984 τῷ
1367 4912 1558 4982 πλήθει
1585 4912 1684 4981 τῆς
1730 4911 1888 4982 ἐπιρ-

305 5011 448 5085 ροῆς
479 5013 576 5072 τάς
604 5009 870 5071 ἀϐύσσους
897 5006 1248 5078 μιμούμενος,
1278 5004 1395 5058 οἷαν
1427 5002 1725 5074 μαρτυρίου
1755 5017 1890 5072 σκηο

303 5103 445 5172 νῆν,
497 5103 590 5155 καὶ
645 5099 968 5171 σωματικῶς
1024 5099 1122 5168 μὲν
1169 5099 1228 5150 ἐν
1274 5095 1352 5166 τῷ
1405 5093 1712 5165 προαστείῳ
1758 5109 1890 5146 κατ-

301 5193 670 5256 σσκευάσατο,
715 5193 840 5254 τοὺς
870 5191 1116 5260 πτωχοὺς
1145 5187 1223 5257 τῷ
1256 5185 1487 5254 σώματι,
1531 5183 1779 5253 πτωχοὺς
1811 5181 1890 5253 τῷ

304 5283 585 5354 πνεύματι
611 5283 695 5336 διὰ
723 5283 824 5354 τῆς
849 5281 1058 5351 ἀγαθῆς
1088 5278 1428 5340 διδασκαλίας
1457 5273 1594 5331 εἶναι
1637 5276 1912 5355 ποιήσαςη

302 5375 456 5428 ὥστε
486 5375 664 5438 αὐτοῖς
697 5373 950 5443 γενέσθαι
988 5370 1330 5444 μακαριστὴν
1358 5370 1457 5440 τὴν
1488 5368 1760 5438 πτωχείαν
1791 5367 1888 5436 τῆς

301 5465 577 5536 ἀληθινῆς
615 5466 887 5536 βασιλείας
921 5462 1283 5536 προξενοῦσαν
1311 5461 1411 5532 τὴν
1443 5459 1628 5531 χάρινς
1679 5458 1890 5529 Σκηνὴν

302 5559 369 5613 δὲ
404 5557 583 5629 ἀληθῆ
608 5559 743 5630 πρὸς
768 5558 866 5630 τὴν
897 5557 992 5611 τοῦ
1021 5556 1154 5610 Θεοῦ
1187 5555 1504 5626 κατοίκησιν
1535 5552 1630 5624 τὴν
1659 5553 1888 5606 ἑκάστου

427 5738 470 5770 ⁸³
505 5736 684 5792 Calat.
722 5752 775 5801 ν,
816 5738 902 5791 17.
941 5736 1246 5798 "Exod",
1283 5735 1306 5788 l
1343 5750 1462 5806 sqq.

599 5828 869 5891 Pnaoc.
903 5830 1020 5890 Gtt.
1059 5831 1106 5888 Χ
1123 5829 1273 5888 LVI.

1990 4460 2176 4516 multis
2210 4475 2303 4530 per
2337 4473 2643 4514 sermonem
2693 4457 3004 4513 columnam
3048 4455 3190 4528 ignis
3226 4458 3561 4526 praetulerit?

1989 4565 2154 4620 quam
2192 4550 2394 4605 multos
2436 4549 2583 4604 nube
2629 4548 2856 4619 spiritus
2900 4547 3342 4611 conservaverit,
3397 4563 3559 4618 quam

1991 4642 2193 4696 multos
2225 4640 2432 4696 cmlesti
2481 4642 2606 4696 cibo
2655 4640 2892 4695 aluerit?
2945 4640 3217 4710 quomodo
3258 4640 3560 4694 imitaretur

1989 4740 2219 4802 petram,
2265 4733 2318 4787 in
2363 4748 2468 4802 qua
2512 4731 2787 4802 quondam
2838 4732 2984 4803 ligno
3018 4747 3172 4802 aqua:
3219 4747 3281 4787 os
3329 4742 3384 4786 et
3424 4749 3561 4787 vena

1989 4831 2175 4893 aperta
2206 4835 2311 4888 est,
2338 4825 2441 4879 hoc
2467 4832 2572 4890 est,
2605 4823 2764 4892 cujus
2790 4821 3064 4893 quondam
3093 4838 3155 4877 os
3179 4823 3363 4878 crucis
3392 4823 3560 4894 figura

1989 4915 2204 4985 tetigit?
2245 4915 2701 4984 quemadmodum
2739 4913 2987 4969 sitientes
3021 4927 3161 4984 aqua
3203 4915 3296 4970 illa
3329 4923 3561 4985 potaret,

1989 5007 2366 5078 magnitudine
2421 5006 2766 5061 abundantia:
2816 5006 3038 5061 imitans
3086 5006 3350 5078 abyssos,
3406 5007 3564 5077 quale

1989 5099 2399 5155 tabernaculum
2437 5098 2758 5163 testimonii,
2785 5106 2838 5153 et
2863 5098 3079 5170 quidem
3120 5101 3475 5170 corporaliter
3509 5099 3561 5151 in

1991 5192 2256 5248 suburhio
2279 5191 2578 5247 fabricatus
2606 5191 2699 5254 sit,
2731 5205 2997 5263 pauperes
3023 5206 3274 5261 corpore,
3297 5206 3564 5262 pauperes

1991 5282 2189 5353 spiritu
2225 5289 2285 5334 ut
2315 5290 2520 5346 essent,
2557 5295 2652 5350 per
2698 5281 2897 5336 bonam
2952 5280 3257 5336 doctrinam
3304 5279 3562 5339 eiliciens,

1993 5372 2132 5429 adeo
2156 5380 2214 5426 ut
2240 5387 2428 5427 eorum
2461 5379 2676 5441 egestas
2714 5371 2784 5426 ob
2816 5372 3207 5426 beatitudinem
3238 5369 3565 5425 memorabi-

1992 5463 2059 5518 lis
2089 5461 2400 5526 exsisteret,
2434 5468 2619 5530 utpote
2646 5460 2757 5515 veri
2789 5461 2939 5531 regni
2981 5461 3187 5516 donum
3226 5459 3566 5530 gratiamque

1991 5550 2328 5605 concilians!
2382 5547 2816 5605 Tabernaculum
2862 5561 3041 5606 autem
3100 5564 3304 5616 verum,
3355 5549 3412 5603 in
3457 5561 3568 5619 quo

1547 5731 1778 5788 "Exod.
1813 5745 1896 5793 Ill,
1941 5729 1964 5782 1
1999 5745 2121 5801 sqq.

3176 5824 3254 5883 .‘26
