3918 6204
399 381 494 438 811

400 591 686 657 alliciebat,
715 588 880 645 etiam
918 588 1201 643 columnas
1251 583 1519 656 quasdam
1560 590 1851 638 exstruens
1910 581 1967 637 in

399 699 500 739 eo:
537 681 896 752 cogitationes
944 686 999 735 et
1042 679 1285 737 rationes
1339 676 1464 732 dico
1502 675 1810 741 columnas,
1848 688 1969 744 qua:

400 773 678 829 laboribus
739 785 1058 843 oppressam
1119 770 1372 827 virtutem
1433 765 1747 823 suﬂ‘ulciant
1807 773 1970 837 atque

399 871 727 931 sustentent,
755 871 915 935 atque
943 862 1106 918 etiam
1135 861 1318 931 pelves
1336 854 1675 930 (conﬁciens)
1699 855 1767 911 ad
1790 857 1969 911 eluen-

400 955 529 1009 dum
571 953 766 1008 animze
805 952 1129 1023 pollutiones
1181 957 1238 1004 et
1286 947 1720 1019 inquinamenta,
1767 945 1967 1015 quibus

401 1061 538 1118 aqua
571 1061 636 1100 ex
670 1046 845 1100 oculis
879 1049 1166 1099 emanante
1200 1042 1374 1095 liturae
1410 1046 1463 1094 et
1495 1038 1724 1093 macula:
1761 1038 1967 1092 abster-

399 1145 677 1207 gcrentur.
699 1134 870 1202 Quam
896 1133 1064 1186 multa
1094 1130 1423 1186 candelabra
1452 1129 1508 1183 in
1536 1125 1969 1195 uniuscujusque

400 1229 580 1283 anima
631 1226 977 1296 imponebat,
1031 1237 1281 1279 sermone
1341 1221 1656 1275 illuminans
1709 1216 1964 1273 occulta!

400 1321 598 1389 Quales
647 1321 954 1375 orationum
1007 1331 1226 1371 acerras
1260 1322 1313 1371 et
1357 1314 1629 1369 thuribula
1667 1309 1964 1367 eﬂiciebatl

399 1411 589 1483 quales
621 1410 1012 1466 exstruebatex
1041 1423 1177 1477 puro
1208 1421 1363 1469 auro,
1388 1413 1443 1462 et
1466 1405 1520 1459 in
1550 1419 1660 1475 quo
1691 1402 1841 1460 fraus
1871 1401 1968 1455 ad-

400 1501 568 1555 hibita
598 1514 705 1554 non
736 1508 898 1561 esset,
925 1498 1028 1551 hoc
1047 1505 1147 1559 est,
1173 1510 1239 1549 ex
1273 1508 1398 1550 vera
1423 1504 1472 1550 et
1495 1508 1632 1563 pura
1661 1491 1965 1554 allectioue,

400 1594 490 1649 ubi
529 1606 693 1663 grave
732 1606 885 1645 vanae
936 1587 1124 1661 gloria:
1170 1586 1447 1657 plumbum
1494 1597 1835 1655 nequaquam
1871 1596 1967 1636 eo-

400 1699 544 1747 rum,
594 1697 716 1754 quae
767 1681 975 1745 ﬁerent,
1024 1679 1364 1751 splendorem
1416 1678 1772 1733 obscuraret!
1827 1672 1969 1740 Quid

398 1790 536 1846 opus
576 1783 661 1830 est
697 1785 1125 1829 commemorare
1176 1770 1462 1841 mysticam
1512 1781 1719 1829 arcam,
1750 1764 1969 1836 qualem

401 1834 694 1935 unicuique
750 1863 1047 1918 fabricatus
1076 1862 1167 1925 sit,
1198 1834 1412 1915 tabulas
1453 1834 1973 1914 testamentivdivino
2005 1834 2049 1889 Β

399 1958 571 2028 digito
630 1955 922 2025 inscriptas
984 1953 1179 2006 animae
1230 1949 1555 2020 imponens?
1614 1947 1739 2028 llree
1790 1954 1974 2002 autem

400 2047 524 2101 dico
557 2046 648 2100 illo
681 2044 1002 2114 respiciens,
1024 2041 1170 2111 quod
1196 2040 1628 2110 uniuscujusque
1658 2022 1756 2093 cor
1791 2051 1972 2093 arcam

400 2138 686 2203 elﬁcicbat,
722 2152 841 2207 qua:
891 2133 1196 2206 spiritualia
1227 2133 1483 2204 mysteria
1512 2129 1975 2203 comprehendere

401 2237 615 2301 posset,
676 2227 963 2282 continens
1000 2226 1171 2297 legem
1215 2224 1515 2294 scriptam,
1569 2239 1690 2293 qua:
1738 2221 1975 2292 Spiritus

400 2321 715 2392 operatione
767 2333 863 2388 per
913 2331 1081 2388 opera
1130 2316 1564 2372 dcscriberetur:
1598 2314 1653 2370 id
1698 2316 1844 2371 enim
1879 2329 1976 2386 per

400 2411 624 2480 digitum
658 2408 750 2464 Dei
784 2407 1122 2479 signillcatur
1154 2424 1168 2461 :
1203 2407 1257 2460 in
1292 2422 1396 2477 qua
1426 2420 1551 2461 arca
1585 2406 1749 2461 etiam
1789 2420 1969 2461 sacer-

402 2503 534 2561 dotii
564 2502 713 2572 virga
742 2514 843 2557 suo
874 2513 1088 2569 semper
1123 2496 1303 2552 fructu
1333 2496 1703 2553 elllorescebat
1730 2511 1824 2566 per
1853 2511 1978 2566 par-

402 2594 773 2666 ticipationem
802 2590 1292 2648 sanctiﬁcationum
1336 2590 1649 2659 germinans
1693 2597 1748 2643 et
1792 2587 1974 2657 repul-

405 2690 604 2751 lulans,
655 2692 708 2739 et
760 2696 900 2738 urna
937 2697 967 2736 a
1014 2696 1212 2736 manna
1261 2696 1535 2756 nunquam
1570 2694 1744 2735 vacua
1794 2678 1974 2735 ﬁebat.

403 2778 559 2833 Tunc
588 2776 733 2831 enim
767 2775 962 2829 animm
993 2788 1091 2828 vas
1120 2786 1153 2825 a
1191 2772 1400 2826 cwlesti
1454 2772 1579 2825 cibo
1610 2785 1842 2825 vacuum
1883 2770 1974 2835 sit,

403 2885 527 2924 cum
579 2876 861 2939 peccatum
918 2879 979 2920 se
1028 2863 1318 2919 insinuans
1364 2862 1701 2915 inﬂuentiam
1767 2873 1980 2915 manna

398 2955 764 3032 prohibuerit.
793 2954 990 3010 Manna
1015 2963 1196 3008 autem
1228 2951 1385 3023 panis
1426 2950 1668 3007 caelestis
1695 2957 1799 3006 est.
1835 2948 1976 3016 Quid

403 3065 544 3121 opus
569 3055 653 3103 est
684 3058 1111 3103 commemorare
1137 3057 1246 3114 quo
1286 3050 1444 3113 pacto
1482 3040 1808 3096 sacerdotali
1840 3040 1980 3094 stola

406 3153 530 3193 cum
580 3132 697 3206 ipse
740 3134 1010 3205 exquisite
1042 3140 1097 3189 et
1134 3141 1293 3186 caute
1337 3145 1396 3186 se
1429 3128 1815 3194 circumdaret,
1863 3136 1977 3184 tum

407 3236 633 3283 caeteros
662 3241 762 3281 suo
794 3222 1042 3295 exemplo
1073 3233 1385 3287 exornaret,
1435 3237 1650 3292 semper
1696 3221 1875 3278 ferens
1921 3220 1978 3276 in

409 3326 628 3389 pectore
655 3317 807 3372 illum
838 3323 1113 3379 ornatum,
1141 3314 1230 3368 cui
1258 3327 1454 3368 nomen
1480 3320 1564 3367 est
1594 3320 1646 3367 et
1674 3312 1977 3377 oraculum,

408 3416 463 3463 ct
503 3409 802 3474 decretum,
849 3412 904 3462 et
945 3404 1169 3469 veritas,
1203 3418 1325 3474 qua:
1358 3402 1540 3458 omnia
1571 3401 1821 3471 relinquo
1851 3400 1979 3454 dili-

409 3501 746 3572 gentioribus
787 3506 843 3554 ct
881 3497 1055 3568 magis
1112 3496 1421 3565 industriis,
1452 3505 1512 3550 ut
1557 3510 1620 3551 ea
1665 3509 1762 3565 per
1809 3493 1982 3564 tropi-

408 3608 527 3648 cam
554 3602 609 3650 et
639 3590 986 3663 allegoricam
1033 3588 1486 3661 signiﬁcationem
1533 3586 1853 3658 praeceptori
1886 3601 1980 3640 ac-

400 3684 752 3740 commodent
777 3701 790 3736 :
826 3698 921 3753 per
952 3697 1074 3753 qua}
1103 3696 1226 3737 cum
1255 3680 1373 3751 ipse
1396 3679 1520 3736 talis
1545 3688 1682 3744 erat,
1708 3688 1823 3733 tum
1855 3692 1977 3732 cum

406 3776 532 3832 aliis
589 3782 843 3830 ornatum
906 3788 1032 3829 eum
1086 3771 1541 3828 communicabat.
1598 3768 1981 3841 Saepenumero

400 3865 893 3923 animadvertimus
919 3878 1043 3918 eum
1073 3864 1234 3919 etiam
1266 3863 1407 3917 intra
1439 3862 1724 3933 caliginem
1753 3860 1979 3928 versari,

411 3959 502 4015 ubi
546 3956 692 4013 Deus
737 3964 875 4010 erat.
907 3952 1043 4009 Nam
1073 3954 1219 4025 quod
1263 3953 1352 4008 alii
1385 3967 1613 4008 cernere
1659 3960 1821 4023 atque
1853 3966 1983 4007 con-

409 4048 657 4119 templari
684 4062 794 4104 non
820 4054 1093 4118 poterant,
1124 4039 1178 4101 id
1224 4044 1301 4099 illi
1328 4042 1579 4100 doctrina
1611 4043 1838 4113 spiritus
1875 4058 1982 4114 qua

409 4143 464 4197 in
488 4140 664 4197 sacris
694 4140 976 4196 institutus
995 4144 1134 4204 erat,
1161 4134 1651 4206 comprehensibile
1674 4134 1981 4193 elliciebat:

408 4236 545 4291 adeo
575 4242 634 4289 ut
680 4233 825 4289 intra
864 4231 1170 4302 amplexum
1221 4228 1471 4299 caliginis
1518 4243 1643 4285 esse
1683 4229 1982 4295 videretur,

1596 374 1653 431 S.
1695 370 2021 429 GREGORII
2060 370 2354 432 NYSSENI

304 555 309 559 ,
403 500 544 555 Deus
577 496 927 560 inbabitaret,
952 494 1389 566 uniuscujusque
1430 492 1666 547 animam
1722 503 1972 546 sermone

2077 491 2252 564 ψυχὴν
2280 492 2629 566 ἐδημιούργει
2677 494 2754 567 τῷ
2801 495 2963 569 λόγῳ,
3003 500 3097 555 καὶ
3149 499 3377 564 στύλους
3403 501 3553 566 τινας
3587 507 3647 558 ἐν

3539 383 3648 442 8η

2073 584 2211 655 αὐτῇ
2258 585 2682 651 κατασκευάζων
2705 600 2721 617 ⁶
2771 587 3061 660 λογισμοὺς
3092 590 3238 661 λέγω
3269 592 3399 656 τούς
3426 592 3646 657 στύλους

2071 676 2199 739 τοὺς
2252 676 2314 731 τὸ
2359 677 2616 733 ἐπίπονον
2666 682 2767 752 τῆς
2817 681 3018 752 ἀρετῆς
3071 683 3455 756 ὐπερείδοντας
3489 701 3503 716 ·
3553 690 3643 740 καὶ

2072 766 2339 839 λουτῆρας
2367 768 2627 834 ὡσαύτως
2674 771 2812 843 πρὸς
2841 771 2903 826 τὸ
2938 773 3225 829 ἐκπλύνειν
3250 777 3347 846 τῆς
3375 776 3557 847 ψυχῆς
3583 779 3646 831 τὰ

2077 861 2379 932 μιάσματα,
2408 861 2486 933 τῷ
2517 864 2585 918 ἐκ
2621 864 2730 918 τῶν
2757 865 3051 937 ὀφθαλμῶν
3079 866 3228 922 ὕδατι
3255 868 3343 922 τὸν
3373 869 3644 940 μολυσμὸν

2073 949 2491 1016 ἀποκλύζοντας.
2534 952 2707 1017 Ὅσας
2753 954 2976 1025 λυχνίας
3025 956 3249 1011 ἐνετίθει
3293 960 3362 1030 τῇ
3415 959 3645 1013 ἑκάστου

2071 1045 2239 1116 ψυχῇ,
2267 1046 2657 1114 καταφωτίζων
2675 1048 2753 1118 τῷ
2780 1048 2926 1120 λόγῳ
2946 1051 3014 1104 τά
3042 1050 3284 1123 κρύφιαί
3315 1047 3419 1106 Οἷα
3445 1052 3515 1106 τὰ
3540 1054 3643 1105 τῶν

2075 1136 2391 1207 προσευχῶν
2440 1137 2772 1210 θυμιατήριά
2825 1158 2886 1195 τε
2948 1143 3044 1197 καὶ
3101 1145 3460 1216 θυσιαστήρια
3517 1162 3673 1199 κατ-,

2075 1227 2390 1294 ἐσκεύασεν,
2413 1229 2476 1282 ἐκ
2494 1228 2737 1301 καθαροῦ
2767 1232 2860 1285 καὶ
2888 1232 3077 1287 ἀδόλου
3104 1235 3348 1305 χρυσίου,
3370 1236 3645 1289 τουτέστιν

2078 1318 2137 1385 ἐξ
2165 1318 2424 1390 ἀληθινῆς
2465 1337 2527 1373 τε
2570 1321 2667 1375 καὶ
2695 1322 2941 1395 καθαρᾶς
2974 1325 3286 1390 διαθέσεως,
3333 1320 3395 1381 οὗ
3424 1325 3589 1398 μηδὲν
3617 1328 3646 1379 6

2078 1410 2247 1482 βαρὺς
2278 1412 2376 1481 τῆς
2417 1412 2717 1478 κενοδοξίας
2750 1415 3008 1484 μόλυϐδος
3056 1417 3151 1488 τὴν
3194 1417 3514 1489 λαμπηδόνα
3541 1418 3648 1471 τῶν

2075 1501 2371 1573 γινομένων
2401 1503 2763 1573 ὴμαύρωσενί
2822 1506 2888 1560 Τί
2931 1507 3013 1560 δεῖ
3051 1507 3229 1577 λέγειν
3258 1509 3356 1580 τὴν
3386 1509 3649 1581 μυστικὴν

2076 1595 2326 1659 κιϐωτὸν,
2373 1596 2492 1650 οἷαν
2535 1596 2749 1667 ἐκάστῳ
2799 1599 3143 1670 ἐτεκτήνατο,
3175 1600 3275 1664 τὰς
3306 1599 3522 1664 πλάκας
3552 1600 3651 1670 τῆς

2075 1685 2359 1758 διαθήκης,
2386 1686 2486 1751 τὰς
2508 1685 2588 1759 τῷ
2617 1688 2746 1760 θείῳ
2774 1689 3023 1761 δακτύλῳ
3066 1692 3524 1763 ἐγγεγραμμένας
3566 1692 3650 1744 ἐν·

2075 1778 2244 1842 τιθεὶς
2270 1781 2335 1849 τῇ
2362 1779 2508 1851 ψυχῇ
2535 1796 2550 1846 ;
2579 1781 2735 1847 Λέγω
2763 1781 2819 1835 δέ
2846 1782 3017 1838 ταῦτα
3049 1784 3186 1856 πρὸς
3215 1787 3389 1838 ἐκεῖνο
3414 1783 3647 1854 βλέπων,

2074 1871 2155 1925 ὅτι
2173 1869 2271 1942 τὴν
2304 1872 2536 1926 ἑκάστου
2560 1873 2786 1945 καρδίαν
2815 1875 2987 1929 ἐποίει
3018 1876 3278 1941 κιϐωτὸν,
3297 1876 3650 1947 περιεκτικὴν

2074 1960 2183 2014 τῶν
2216 1960 2603 2030 πνευματικῶν
2638 1963 2983 2035 μυστηρίων,
3028 1964 3273 2035 γραπτὸν
3303 1964 3536 2034 ἔχουσαν
3562 1964 3649 2017 τὸν
3716 1978 3727 1985 ‘

2074 2052 2238 2121 νόμον
2280 2051 2369 2105 διὰ
2413 2052 2520 2107 τῶν
2579 2052 2756 2125 ἔργων
2788 2054 3274 2126 καταγραφόμενον
3303 2058 3370 2126 τῇ
3401 2055 3646 2126 ἐνεργείᾳ

2075 2140 2168 2196 τοῦ
2201 2142 2517 2214 Πνεύματος
2563 2142 2725 2214 (οὐτω
2773 2145 2882 2216 γὰρ
2917 2147 2946 2198 6
2972 2145 3231 2210 δάκτυλος
3268 2146 3362 2199 τοῦ
3389 2144 3526 2199 Θεοῦ
3559 2146 3643 2213 ἐρο

2079 2238 2412 2311 μηνεύεται)·
2440 2241 2498 2293 ἐν
2526 2232 2559 2315 ᾖ
2588 2242 2683 2294 καὶ
2707 2241 2807 2311 τῆς
2838 2242 3190 2315 ἱερωσύνηςή
3225 2241 3415 2313 ῥάϐδος
3440 2242 3531 2295 ἀεὶ
3558 2238 3647 2295 τόν

2079 2329 2208 2382 [διον
2238 2330 2448 2401 καρπὸν
2477 2330 2730 2402 ἐξήνθει,
2777 2331 2864 2385 διὰ
2893 2333 2991 2403 τῆς
3021 2333 3306 2402 μετουσίας
3351 2332 3459 2386 τῶν
3494 2333 3648 2399 ἁγια-

2078 2422 2296 2493 σμάτων
2318 2423 2792 2477 ἀναϐλαστάνουσα
2811 2441 2824 2455 ·
2854 2422 2998 2494 καὶὴ
3025 2423 3259 2495 στάμνος
3278 2423 3376 2477 οὐκ
3402 2421 3648 2477 ἐκενούτο

2075 2515 2166 2568 τοῦ
2196 2514 2392 2585 μάννα.
2420 2516 2553 2570 Τότε
2584 2515 2692 2587 γὰρ
2720 2519 2875 2569 κενὸν
2899 2516 3107 2586 γίνεται
3132 2517 3230 2587 τῆς
3260 2516 3437 2586 ψυχῆς
3462 2515 3525 2568 τὸ
3548 2516 3646 2583 ἀγ-

2076 2608 2221 2673 γεῖον
2248 2607 2346 2677 τῆς
2377 2608 2635 2679 οὐρανίας
2661 2608 2886 2681 τροφῆς,
2935 2607 3063 2662 ὅταν
3091 2608 3336 2678 ἁμαρτία
3362 2623 3649 2678 παρεμπεο

2080 2697 2244 2751 σοῦσα
2276 2698 2373 2770 τὴν
2407 2699 2670 2771 ἐπιρῤοὴν
2717 2700 2811 2754 τοῦ
2863 2699 3036 2770 μάννα
3082 2699 3321 2771 κωλύσῃ.
3373 2699 3561 2752 Μάννα
3592 2696 3651 2751 δέ

2079 2786 2223 2840 ἐστιν
2256 2788 2419 2859 ἄρτος
2443 2788 2710 2859 οὐράνιος.
2760 2788 2823 2841 Τί
2866 2788 2973 2860 χρὴ
3013 2788 3191 2857 λέγειν
3220 2789 3368 2851 ὅπως
3397 2787 3464 2840 δι’
3491 2788 3649 2856 ἀκρι-

2076 2876 2232 2941 ϐείας
2253 2878 2351 2948 τὴν
2379 2880 2655 2952 ἱερατικὴν
2688 2879 2879 2952 στολὴν
2902 2881 3063 2944 αὐτός
3100 2898 3159 2934 τε
3182 2879 3534 2953 περιετίθετο,
3558 2876 3653 2930 καὶ

2078 2968 2407 3039 κατεκόσμει
2425 2970 2551 3034 τοὺς
2579 2970 2771 3036 ἄλλους
2798 2972 2876 3043 τῷ
2907 2972 3029 3026 καθ’
3057 2971 3246 3025 ἐαυτὸν
3275 2968 3654 3039 ὑποδείγματι,

2081 3059 2167 3114 ἀεὶ
2201 3059 2379 3131 φέρων
2406 3060 2495 3114 τὸν
2519 3062 2611 3115 ἐπὶ
2635 3062 2727 3115 τοῦ
2762 3062 2994 3134 στήθους
3020 3064 3243 3133 κόσμον,
3284 3055 3329 3131 ᾧ
3358 3062 3526 3132 δνομα
3564 3060 3658 3113 λο-

2005 3176 2048 3235 c
2082 3150 2227 3220 γεῖόν
2248 3168 2307 3205 τε
2334 3152 2427 3205 καὶ
2453 3152 2705 3224 δήλωσις,
2729 3155 2824 3209 καὶ
2850 3153 3073 3226 ἀλήθεια
3098 3168 3112 3219 ;
3152 3154 3219 3205 Ἀ
3247 3153 3424 3207 πάντα
3458 3150 3658 3221 παρίηο

2086 3259 2145 3314 μι
2173 3244 2286 3306 τοῖς
2313 3242 2763 3315 φιλοπονωτέροις
2789 3245 2929 3299 κατά
2961 3245 3057 3317 τῆν
3088 3244 3353 3317 τροπικὴν
3385 3243 3660 3315 σημασίαν

2080 3336 2410 3407 ἐφαρμόζειν
2437 3336 2514 3407 τῷ
2545 3336 2849 3409 διδασκάλῳ
2870 3356 2885 3370 ο
2931 3338 2998 3391 δι’
3028 3330 3103 3392 ὧν
3144 3337 3305 3401 αὐτός
3330 3354 3391 3391 τε
3419 3336 3661 3400 τοιοῦτος

2077 3421 2169 3497 ἦν,
2199 3427 2293 3481 καί
2324 3429 2436 3491 τοῖς
2485 3417 2665 3490 ἄλλοις
2706 3429 2981 3482 ἐκοινώνει
3010 3428 3103 3482 τοῦ
3131 3429 3356 3499 κόσμου.
3395 3428 3665 3491 Πολλάκις

2081 3517 2326 3589 ἔγνωμεν
2369 3518 2530 3574 αὐτὸν
2576 3519 2667 3574 καί
2715 3519 2863 3583 ἐντὸς
2907 3519 3001 3573 τοῦ
3026 3521 3225 3590 γνόφου
3254 3519 3556 3591 γενόμενον,
3592 3511 3664 3573 οὗ

2079 3603 2150 3679 ἦν
2192 3610 2222 3662 6
2264 3608 2415 3673 Θεός.
2473 3609 2548 3664 Τὸ
2573 3608 2683 3682 γὰρ
2710 3613 2824 3676 τοῖς
2869 3611 3049 3675 ἄλλοις
3085 3611 3410 3682 ἀθεώρητον,
3456 3609 3670 3681 ἐκείνῳ

2080 3698 2283 3770 ληπτὸν
2315 3700 2487 3754 ἐποίει
2515 3702 2548 3772 ή
2582 3702 2938 3772 μυσταγωγία
2962 3702 3053 3756 τοῦ
3082 3702 3420 3773 Πνεύματος,
3450 3701 3526 3763 ὡς
3565 3700 3668 3753 δο-

2081 3792 2197 3843 κεῖν
2236 3790 2386 3854 ἐντὸς
2410 3791 2514 3861 τῆς
2544 3792 2806 3863 περιοχῆς
2832 3787 2971 3847 εἶναι
3004 3792 3099 3845 τοῦ
3128 3793 3349 3862 γνόφου,
3391 3784 3434 3859 ᾧ
3457 3792 3486 3843 6
3524 3791 3671 3862 περὶ

2080 3879 2175 3934 τοῦ
2216 3881 2352 3935 Θεοῦ
2392 3882 2549 3953 λόγος
2577 3883 3066 3956 ἐναποκρύπτεται.
3100 3884 3365 3945 Πολλάκις
3391 3881 3669 3953 ἀντέστη-

2084 3990 2172 4028 σεν
2220 3974 2410 4029 ἐαυτὸν
2435 3979 2548 4040 τοῖς
2591 3977 2995 4049 Ἀμαληκίταις,
3041 3977 3191 4049 ὅπλῳ
3216 3975 3558 4048 χρησάμενος
3591 3976 3665 4045 τῇ

2084 4068 2375 4137 προσευχῇ.
2431 4060 2506 4121 Οὐ
2554 4070 2655 4132 τὰς
2699 4071 2886 4141 χεῖρας
2937 4069 3285 4141 ἐπαίροντος,
3331 4069 3361 4122 6
3413 4064 3666 4137 ἀληθινὸς

2094 4156 2301 4228 Ἰησοῦς
2330 4157 2731 4229 κατηγωνίξετο
2773 4159 2882 4214 τῶν
2911 4160 3203 4230 πολεμίων.
3259 4156 3475 4212 Πολλῶν
3516 4153 3667 4209 κατὰ

2082 4247 2176 4301 τὸν
2196 4248 2424 4321 Βαλαὰμ
2445 4250 2648 4305 ἐκεῖνον
2667 4251 2876 4322 γοήτων
2899 4252 2998 4316 τὰς
3025 4250 3360 4322 μαγγανείας
3381 4248 3628 4303 διέλυσεν
3645 4263 3661 4276 ο

400 4328 463 4381 .in
496 4341 605 4396 qua
655 4340 835 4382 sermo
880 4324 947 4380 de
995 4322 1105 4379 Deo
1131 4321 1456 4377 occultatur.
1501 4318 1886 4391 Saepenumero
1925 4336 1972 4375 sc

2083 4338 2133 4391 οἳ
2157 4339 2276 4410 οὐχὶ
2303 4318 2397 4394 τοι
2424 4318 2688 4412 ἀληθινοο
2698 4318 2857 4411 λόγου
2882 4318 3192 4406 ἀκούοντες,
3213 4340 3350 4395 ἀλλὰ
3369 4342 3435 4411 τῇ
3472 4336 3665 4391 subest

408 4416 665 4487 opposuit
706 4415 1021 4472 Amalecitis
1064 4429 1162 4484 pro
1206 4422 1364 4469 scuto
1398 4426 1531 4468 usus
1562 4412 1832 4475 oratione.
1862 4412 1972 4477 Que

2083 4427 2400 4502 διδασκαλίᾳ
2446 4433 2556 4487 τῶν
2600 4432 2870 4504 δαιμόνων
2918 4432 3250 4504 πειθόμενοι,
3300 4430 3666 4502 ἀνενέργητον

409 4522 602 4562 manus
662 4506 887 4562 tollente
953 4519 1114 4560 verus
1176 4502 1335 4559 Jesus
1394 4502 1581 4558 hostes
1639 4500 1972 4558 devincebat.

2089 4511 2235 4586 εἶχον
2259 4521 2339 4582 είς
2370 4500 2566 4574 κακίαν
2589 4521 2651 4574 τὸ
2685 4500 2879 4593 στόμα,
2907 4524 3005 4593 τῆς
3031 4500 3124 4576 τοῦ
3148 4500 3475 4577 διδασκάλου
3498 4520 3667 4589 εὐχῆς

409 4597 699 4655 Multorum
729 4594 1181 4668 praestigiatorum
1229 4603 1284 4650 et
1311 4594 1712 4649 incantatorum
1757 4593 1972 4652 Balaam

2080 4607 2170 4669 εἰς
2194 4608 2443 4678 εὐλογίαν
2470 4611 2566 4683 τὴν
2592 4610 2838 4682 κατάραν
2867 4612 3269 4685 μετατιθείσης.

409 4691 558 4748 illius
608 4690 870 4747 similium
916 4687 1247 4759 imposturas
1300 4686 1558 4752 discussit
1598 4693 1763 4756 atque
1802 4689 1989 4749 irritas
2040 4692 2170 4753 fecit
2204 4717 2219 4754 :
2256 4702 2347 4771 qui
2397 4716 2525 4758 vero
2571 4706 2813 4760 sermoni
2860 4721 2968 4761 non
3014 4704 3352 4769 obedientes,
3409 4700 3505 4758 sed
3550 4699 3670 4754 asi-

409 4783 551 4839 ιιῖῐιω
612 4781 919 4837 ἀωηιοηιιω
977 4777 1241 4834 docui“:
1295 4777 1738 4848 οίιῐειηρθτείηιθε
1775 4790 1955 4851 eram.
2002 4784 2247 4846 ineﬂicax
2275 4793 2342 4849 ad
2374 4794 2637 4852 malitiam
2664 4811 2727 4853 os
2759 4797 3050 4865 habebant,
3110 4795 3358 4868 magistri
3406 4793 3668 4865 precibus

410 4874 847 4931 maledictionem
879 4868 1323 4927 convcrtentibus
1357 4869 1410 4924 in
1443 4868 1895 4947 benedictionem.

372 5038 376 5045 ἱ
479 4968 746 5024 Caeterum
783 4966 896 5021 haec
943 4979 975 5019 a
1021 4963 1181 5020 nobis
1219 4978 1315 5033 per
1349 4973 1724 5020 transcursum
1757 4972 1812 5019 et
1839 4980 1972 5022 com'

2157 4968 2341 5023 Ταῦτα
2366 4970 2426 5025 δὲ
2462 4973 2591 5045 παρ’
2616 4973 2777 5046 ήμῶν
2807 4973 3020 5045 λέγεται
3048 4975 3116 5029 δι’
3144 4975 3444 5050 ἐπιδρομῆς
3478 4997 3541 5034 τε
3575 4982 3665 5037 καὶ

410 5056 667 5130 pendium
700 5056 997 5112 dicuntur:
1030 5070 1151 5125 quae
1192 5054 1507 5125 singulatim
1552 5054 1866 5126 quicunque
1910 5056 1972 5111 vit

2091 5060 2380 5130 συντομίας
2408 5075 2424 5092 ·
2468 5062 2767 5135 ἐφαρμόσει
2793 5064 2851 5119 δέ
2876 5066 2943 5136 τῇ
2969 5063 3197 5137 ἀληθείᾳ
3225 5065 3335 5119 τῶν
3360 5070 3663 5135 γεγονότων

410 5159 521 5208 tam
563 5149 750 5205 Sancti
795 5163 906 5204 non
940 5148 1171 5218 ignorat,
1217 5146 1653 5202 accommodabit
1686 5148 1754 5202 ad
1811 5164 1972 5204 rerun

2087 5147 2156 5202 τὰ
2184 5147 2307 5202 καθ’
2336 5148 2570 5206 ἕκαστον
2607 5155 2637 5207 6
2688 5153 2762 5225 μὴ
2789 5154 2998 5224 ἀγνοῶν
3037 5153 3132 5209 τοῦ
3191 5155 3372 5225 Ἀγίου
3408 5159 3501 5213 τὸν
3533 5160 3660 5231 βίον,

412 5252 687 5315 gestarum
736 5241 1038 5307 veritatem,
1069 5252 1234 5308 quam
1287 5238 1442 5294 multi
1488 5239 1581 5310 qui
1626 5241 1905 5298 veneliciis
1940 5256 1972 5297 e

2086 5236 2202 5292 ὅσοι
2224 5239 2311 5294 διὰ
2337 5242 2687 5312 φαρμακείας
2716 5260 2777 5297 τε
2807 5245 2902 5299 καὶ
2930 5245 3181 5317 γοητείας
3211 5246 3505 5313 ἐπιϐουλὰς
3529 5249 3666 5303 κατὰ

412 5334 876 5391 incantationibus
941 5332 1204 5387 adversus
1278 5331 1546 5399 quosdam
1617 5330 1848 5389 insidias
1905 5332 1972 5387 int

2087 5343 2251 5385 τινων
2275 5333 2723 5400 συσκευάσαντες,
2756 5335 3038 5408 ἄπρακτον
3068 5337 3223 5409 ἔσχον
3243 5339 3345 5409 τὴν
3380 5341 3663 5411 πονηρίαν,

410 5428 760 5493 strinxissent,
805 5426 1138 5486 ineﬂicacem
1195 5423 1598 5493 improbitatem
1653 5424 1972 5482 habuerunt.

2096 5419 2173 5491 μὴ
2207 5424 2650 5495 συγχωρηθέντες
2678 5424 2782 5479 ὐπὸ
2810 5426 2911 5497 τῆς
2956 5426 3049 5481 τοῦ
3080 5427 3399 5482 διδασκάλου
3431 5428 3668 5490 πίστεως

410 5533 535 5573 cum
582 5510 689 5573 non
734 5518 921 5572 liceret
961 5516 1041 5573 eis
1081 5530 1176 5586 per
1210 5515 1369 5571 (idem
1399 5517 1747 5586 praeceptoris
1784 5517 1972 5573 malum

2095 5516 2427 5583 προαγαγεῖν
2467 5515 2530 5569 τὸ
2561 5516 2726 5571 κακὸν
2750 5519 2833 5583 είς
2855 5518 3153 5573 τελείωσιν.
3209 5517 3370 5572 Ἀλλά
3399 5519 3572 5572 πάντα
3595 5517 3666 5572 τὰ

411 5609 712 5678 producere
741 5607 807 5664 ad
833 5608 1104 5666 effectum.
1157 5608 1264 5664 Sed
1310 5607 1517 5665 relictis
1561 5608 1836 5675 omnibus,
1868 5625 1972 5679 qua

2092 5604 2179 5659 διὰ
2225 5606 2388 5677 μέσου
2423 5608 2737 5663 καταλιπὼν
2760 5649 2776 5674 ,
2824 5609 2919 5664 τοῦ
2963 5610 3151 5675 τέλους
3182 5610 3507 5681 ἀμφοτέρων
3542 5608 3671 5661 ἐτη·-

411 5700 590 5755 medio
639 5708 884 5771 tempore
932 5709 1052 5754 acta
1088 5706 1241 5762 sunt.
1271 5700 1337 5756 de
1382 5699 1488 5754 line
1515 5698 1800 5771 utriusque
1837 5715 1972 5756 com-

2100 5699 2498 5770 μνησθήσομαι·
2542 5701 2746 5772 ’Δφῆκε
2776 5701 2873 5772 μὲν
2902 5702 2992 5755 τὸν
3035 5702 3148 5773 βίον
3189 5702 3483 5772 ἑκάτεροςθ
3532 5716 3677 5771 μνη·

412 5791 747 5846 memorabo.
796 5789 1037 5861 Reliquit
1098 5790 1317 5861 quidem
1385 5800 1610 5859 uterque
1686 5791 1945 5846 sarculum

2099 5795 2324 5865 μόσυνον
2353 5794 2407 5848 δὲ
2432 5795 2532 5865 τῆς
2579 5797 2716 5860 ίδίας
2758 5797 2883 5851 πεοὶ
2915 5797 3010 5851 τὴν
3058 5796 3232 5868 σάρκα
3272 5793 3530 5865 σχέσεως,
3578 5792 3676 5847 οὖα
