3918 6204
339 284 448 386 ets

1452 329 1520 384 IN
1559 328 1844 386 LAUDEM
1881 324 2184 383 FRATRIS
2222 325 2486 382 BASILII.

3495 336 3598 391 8M

339 448 562 519 θέτερος
590 446 768 501 αὑτῶν
806 448 884 519 τῷ
917 449 1016 520 βίῳ
1061 448 1370 504 κατέλιπεν.
1421 451 1558 504 Οὔτε
1605 450 1713 521 γὰρ
1755 451 1918 506 Μωῦ-

2031 455 2432 503 monumentum
2467 460 2598 501 vero
2641 446 2726 502 sui
2769 447 2917 503 circa
2959 463 3180 505 carnem
3210 449 3430 508 habitus
3467 469 3604 510 neu-

341 541 480 604 σέως
508 539 677 609 τάφος
729 541 1076 612 εὑρίσκεται,
1118 542 1240 596 οὔτε
1283 534 1438 606 οὗτος
1483 543 1769 614 περιουσίᾳ
1813 543 1922 598 τινὶ

339 633 503 702 ὑλικῇ
530 631 820 701 ὑπεχώσθη
843 649 858 664 θ
885 633 1000 686 ἀλλ’
1025 633 1158 704 ὁμοῦ
1191 651 1250 687 τε
1279 633 1524 705 παρῆλθε
1552 634 1644 688 τὸν
1669 634 1802 704 βίον,
1827 635 1922 688 καὶ⁸

345 721 740 792 συμπαρῆλθεν
767 722 918 793 αὑτῷ
944 725 1140 788 πάντα,
1183 724 1250 778 δι’
1275 718 1350 778 ὧν
1375 727 1403 778 ὁ
1433 725 1546 795 βίος
1573 726 1681 778 τῶν
1713 725 1922 796 ἀνθρώ-

339 829 463 865 πων
489 812 602 881 ἔχει
633 812 732 883 τὴν
765 811 1045 878 σύστασιν,
1079 815 1155 879 ὡς
1205 815 1367 886 μηδὲν
1394 815 1680 888 εὑρεθῆναι
1706 816 1799 870 τοῦ
1827 818 1920 870 ἀν-

334 901 465 971 δρὸς
517 900 703 956 ὑλικὸν
748 905 1012 974 μνημεῖον
1069 903 1134 956 ἐκ
1184 905 1282 975 τῆς
1329 905 1438 958 τῶν
1490 905 1921 975 ὑπολειφθέντων

336 994 664 1065 περιουσίας
691 985 1068 1066 καταχωννὺον
1100 998 1264 1052 αὑτοῦ
1307 997 1404 1070 τὴν
1428 999 1564 1069 πρὸς
1589 1001 1650 1053 τὸ
1680 1003 1921 1070 κρεῖττον

339 1086 630 1157 ὑπόληψιν.
661 1087 872 1159 Ὠσπερ
895 1090 986 1143 ἐπὶ
1006 1088 1100 1142 τοῦ
1123 1090 1363 1154 Μωσέως
1392 1093 1425 1162 ἡ
1457 1092 1662 1163 ἱστορία
1691 1092 1923 1161 λέγουσα

337 1177 516 1241 τοῦτο,
543 1178 627 1230 ὅτι
657 1178 756 1248 οὑχ
789 1178 986 1249 εὑρέθη
1019 1181 1184 1234 αὑτοῦ
1215 1181 1385 1251 τάφος
1413 1182 1517 1246 ἕως
1545 1183 1644 1253 τῆς
1684 1185 1922 1254 σήμερον

341 1267 574 1339 ἡμέρας.
610 1268 672 1322 Εἰ
714 1264 806 1322 οὑν
833 1269 1074 1334 τοιοῦτος
1118 1271 1225 1324 ἀπὸ
1262 1271 1355 1325 τοῦ
1389 1271 1546 1341 λόγου
1577 1275 1708 1343 ἡμῖν
1737 1273 1924 1326 ἀναδέ-

335 1355 549 1410 δεικται
601 1359 630 1409 ό
658 1358 850 1426 Μέγας
901 1360 1216 1427 Βασίλειος,
1269 1363 1409 1416 ὥστε
1457 1363 1530 1435 μὴ
1579 1364 1766 1434 πόρῤω
1813 1364 1921 1418 τῶν

337 1447 514 1515 ἁγίων
560 1442 702 1500 εἶναι
747 1449 906 1503 αὑτὸν
953 1451 1042 1505 διὰ
1078 1445 1172 1505 τοῦ
1222 1451 1336 1522 βίου
1370 1453 1507 1524 πρὸς
1548 1453 1775 1508 ἕκαστον
1818 1454 1921 1506 τῶν

339 1538 596 1608 μεγάλων
621 1540 1072 1610 παρατιθέμενον,
1096 1543 1275 1606 καλῶς
1297 1545 1426 1614 ἡμῖν
1451 1546 1483 1615 ἡ
1506 1544 1791 1598 ἀκολουθία
1814 1543 1923 1598 τῶν

339 1633 546 1702 ἑορτῶν
595 1634 689 1686 ἐπὶ
739 1633 928 1688 τοῦτον
974 1635 1098 1703 ἄγει
1147 1637 1244 1690 νῦν
1287 1639 1386 1709 τὴν
1432 1639 1736 1693 ἐνεστῶσαν
1786 1657 1922 1693 παν-

338 1725 566 1794 ήγυριν.
615 1725 776 1778 Ἀλλὰ
834 1727 940 1796 μὴν
969 1727 1056 1780 διὰ
1113 1727 1219 1781 τῶν
1263 1730 1670 1801 κεχαρισμένων
1731 1731 1922 1801 ἐκείνῳ

340 1819 713 1885 προσαγαγεῖν
760 1818 969 1888 πρέπον
1015 1818 1081 1872 ἂν
1137 1821 1220 1890 εἴη
1273 1819 1372 1890 τὴν
1425 1822 1666 1892 μνήμην.
1716 1822 1923 1876 Οὐκοῦν

342 1907 609 1958 σκεπτέον
653 1907 800 1970 ὅπως
830 1907 1101 1972 διαθέντες
1131 1909 1228 1980 τὴν
1257 1910 1468 1980 ἑορτὴν,
1518 1913 1922 1983 κεχαρισμένως

338 1997 422 2068 τῷ
450 1997 588 2067 ἁγίῳ
635 1998 1097 2069 πανηγυρίσομεν.
1149 1995 1294 2071 *Λρά
1338 2018 1419 2062 τις
1462 2003 1778 2074 ἐπιζητήσει
1832 2004 1922 2057 τὸν

341 2090 707 2144 ἐπιδεικτικὸν
750 2091 836 2144 ἐπ’
887 2091 1052 2145 αὑτοῦ
1085 2093 1177 2145 καὶ
1209 2093 1470 2164 κομπώδη
1498 2095 1606 2148 τῶν
1633 2096 1922 2166 ἐγκωμίων

339 2181 584 2251 τρόπον;
622 2181 862 2252 Πατρίδα
891 2183 982 2234 καὶ
1010 2183 1185 2250 γένος,
1220 2184 1314 2237 καὶ
1349 2183 1446 2254 τὴν
1473 2186 1536 2238 ἐκ
1565 2185 1764 2254 γονέων
1795 2187 1922 2240 ἀνα-

339 2270 574 2340 τροφὴν,
607 2269 700 2322 καὶ
731 2269 800 2323 τὰ
828 2269 952 2322 καθ’
984 2271 1210 2325 ἕκαστον
1239 2271 1332 2324 τοῦ
1358 2272 1472 2342 βίου
1496 2274 1918 2344 ἐπιτηδεύματα.

338 2354 426 2422 οἷς
464 2358 769 2430 συνηυξήθη
812 2376 872 2412 τε
920 2360 1014 2412 καὶ
1061 2361 1374 2433 συνήκμασε
1405 2403 1420 2428 ,
1477 2365 1568 2417 καὶ
1617 2364 1682 2416 δι’
1748 2358 1822 2418 ὧν
1865 2364 1923 2418 τὸ

342 2451 650 2524 περιφανές
692 2469 749 2506 τε
792 2453 888 2506 καὶ
918 2453 1274 2524 περίϐλεπτον
1304 2453 1461 2529 ἔσχεν
1497 2457 1554 2509 ἐν
1579 2455 1802 2527 ἀνδράσι
1833 2473 1925 2523 γε·

342 2545 541 2614 γονὼς.
583 2543 741 2598 Ἀλλὰ
769 2544 1104 2616 παρωθεῖται
1135 2547 1314 2599 πᾶσαν
1349 2547 1446 2618 τὴν
1491 2548 1752 2620 κομπώδη
1790 2549 1922 2602 ταύ-

341 2655 447 2709 την
475 2636 774 2706 ὑψηγορίαν
804 2636 865 2690 τὸ
898 2625 1126 2706 μέγεθος
1154 2637 1262 2690 τῶν
1307 2639 1436 2708 περὶ
1484 2637 1645 2692 αὑτὸν
1693 2637 1925 2709 θεωρουο

349 2728 528 2800 μένων
557 2725 757 2791 καλῶν,
797 2726 880 2780 ὅτι
911 2726 1046 2796 πρὸς
1072 2725 1375 2781 τοὺναντίον
1407 2726 1642 2780 ἐκϐαίνει
1672 2726 1734 2779 τὸ
1761 2744 1927 2780 σπου-

344 2817 660 2889 δαζόμενον,
693 2817 771 2887 τῷ
803 2818 878 2888 μὴ
909 2813 1047 2871 εἶναι
1084 2817 1310 2888 δύναμιν
1352 2819 1409 2870 ἐν
1442 2817 1618 2886 λόγοις
1645 2816 1922 2888 τοιαύτην,

345 2911 472 2979 ἥτις
499 2908 591 2962 τοῦ
643 2907 905 2978 μεγέθους
948 2908 1056 2960 τῶν
1100 2907 1392 2977 θαυμάτων
1445 2907 1580 2979 πρὸς
1622 2907 1778 2972 ἀξίαν
1817 2895 1925 2978 ’ἐφ-

347 2997 569 3066 ἁυᾷεται.
610 2997 696 3061 Ὧς
721 2997 786 3051 ἂν
813 2992 905 3049 οὖν
955 2995 1028 3067 μὴ
1053 2998 1118 3065 τῇ
1151 2997 1451 3068 μικροφυῖᾳ
1479 2997 1572 3051 τοῦ
1605 2997 1762 3066 λόγου
1795 3014 1925 3066 συγ-

348 3088 705 3159 καθαιρεθείη
749 3087 810 3141 τὸ
841 3087 1048 3158 θαῦμα,
1076 3089 1168 3141 καὶ
1194 3088 1294 3158 τῆς
1326 3090 1383 3142 ἐν
1410 3089 1624 3160 ἑκάστῳ
1662 3089 1756 3143 νῦν
1797 3092 1924 3162 περὶ

348 3154 704 3246 αὑτοῦ-δόξης.
723 3175 930 3244 γένοιτό
951 3154 1047 3239 τις
1071 3175 1159 3229 διὰ
1184 3154 1291 3231 τῶν
1323 3178 1563 3232 ἐπαινεῖν
1594 3154 1929 3250 ἐπιχειρούν-
1955 3154 1996 3212 C

347 3287 461 3323 των
494 3268 802 3330 ἐλάττωσις,
853 3270 1098 3338 κρεῖττον
1149 3267 1214 3321 ἂν
1257 3269 1342 3339 εἴη
1389 3271 1453 3339 τῇ
1503 3272 1680 3339 σιωπῇ
1732 3269 1928 3339 μᾶλλον

349 3358 538 3423 αὔξειν
567 3359 624 3411 ἐν
654 3358 863 3420 ἑαυτοῖς
895 3357 955 3409 τὸ
985 3355 1198 3426 θαῦμα,
1243 3358 1276 3430 ἢ
1311 3358 1399 3412 διὰ
1446 3357 1538 3412 τοῦ
1572 3358 1727 3427 λόγου
1762 3375 1931 3413 καταο
1966 3414 1976 3422 ,

354 3447 676 3520 σμικρύνειν
723 3449 814 3502 τὸν
843 3447 1082 3505 ἔπαινον.
1135 3448 1200 3502 Τί
1232 3447 1341 3520 γὰρ
1366 3450 1431 3504 ἄν
1477 3467 1560 3514 τις
1590 3450 1830 3504 τοιοῦτον
1859 3453 1932 3505 εἰ·

353 3539 494 3601 πιῖδν,
523 3539 844 3610 σεμνότερον
873 3539 1033 3592 αὑτὸν
1073 3541 1446 3610 ἀπεργάσαιτο
1474 3557 1488 3605 ;
1536 3537 1682 3612 *Αρα
1725 3542 1934 3608 δέξαιτο

352 3631 418 3685 ἂν
447 3632 656 3694 ἐκεῖνος
681 3630 779 3701 τήν
808 3630 896 3684 διὰ
925 3631 1127 3702 σαρκός
1156 3648 1216 3684 τε
1249 3633 1344 3685 καὶ
1375 3633 1601 3703 αἵματος
1636 3633 1933 3704 λεγομένην

353 3724 671 3794 εὑγένειαν;
713 3725 817 3780 Καὶ
853 3725 936 3789 τίς
959 3728 1058 3780 οὑκ
1089 3725 1230 3781 οἶδεν
1257 3727 1351 3782 τοῦ
1383 3727 1620 3798 μεγάλου
1657 3727 1756 3798 τὴν
1806 3727 1935 3798 περὶ

354 3818 455 3888 τὴν
487 3818 664 3889 σάρκα
690 3818 949 3880 διάθεσιν.
983 3819 1059 3882 ὡς
1103 3819 1358 3885 ἐναντίως
1398 3821 1535 3891 πρὸς
1563 3820 1734 3891 αὑτὴν
1767 3815 1932 3891 εἶχεν,

356 3907 611 3978 καθάπερ
644 3908 975 3978 ἀνδράποδόν
1007 3926 1058 3961 τι
1090 3909 1415 3979 δραπετικὸν
1463 3911 1552 3963 ἀεὶ
1582 3913 1693 3972 τοῖς
1738 3911 1802 3962 ἐκ
1827 3909 1934 3962 τῶν

355 3996 634 4067 λογισμῶν
661 3996 877 4067 δεσμοῖς
906 3997 1265 4067 περιϐάλλων,
1309 3998 1404 4051 καὶ
1433 3998 1522 4051 διὰ
1565 3999 1662 4068 τῆς
1699 3998 1933 4068 ἀκροτά-

355 4102 457 4155 της
485 4085 856 4148 κακοπαθείας
878 4102 935 4138 τε
958 4085 1049 4140 καὶ
1078 4085 1423 4156 ἐγκρατείας.
1459 4085 1734 4157 μαστίζων
1761 4105 1818 4140 τε
1843 4088 1936 4141 καὶ

359 4177 634 4249 στρεϐλῶν
662 4176 753 4230 τὸν
775 4177 1063 4247 μαστιγίαν
1093 4179 1296 4231 ἐκεῖνον
1323 4178 1505 4232 δοῦλον
1531 4179 1592 4231 τὸ
1620 4178 1798 4249 σῶμα,
1826 4174 1936 4232 οἷόν

356 4285 442 4329 τις
476 4265 849 4337 ἀπαραίτητος
890 4265 1176 4334 δεσπότης,
1221 4266 1473 4336 οὐδεμίαν
1500 4267 1681 4322 ἄνεσιν
1705 4268 1935 4332 ἐνδιδοὺς

358 4358 438 4427 τῷ
461 4357 750 4430 δεσμώτῃ;
782 4357 885 4411 Τὸν
917 4354 1009 4412 οὖν
1038 4357 1208 4422 οὑτως
1241 4357 1430 4428 ἔχοντα
1459 4359 1587 4431 περὶ
1609 4359 1706 4430 τὴν
1738 4361 1933 4430 σάρκα,

358 4449 450 4503 διὰ
490 4450 589 4520 τῆς
636 4450 957 4520 σωματικῆς
989 4451 1304 4520 εὐεργεσίας
1353 4450 1780 4521 ἀποσεμνύνειν,
1826 4453 1936 4506 τῶν

360 4542 721 4610 ἀλογωτάτων
765 4541 830 4596 ἂν
862 4541 969 4610 εἴη.
1003 4542 1124 4604 Πῶς
1152 4541 1258 4611 γὰρ
1299 4541 1404 4595 ὑπὸ
1434 4542 1624 4596 τούτου
1653 4542 1748 4597 νῦν
1774 4561 1936 4613 τιμη-

361 4632 608 4703 θήσεται,
636 4626 682 4700 ᾧ
714 4634 864 4704 παρᾶ
896 4632 994 4704 τὴν
1031 4632 1174 4702 ζωὴν
1205 4633 1574 4703 ἐπῃσχύνετος
1628 4635 1856 4705 Ὁμοίως
1882 4634 1938 4686 δέ

362 4725 458 4778 καὶ
484 4725 588 4794 τῆς
621 4723 878 4796 πατρίδος
907 4727 941 4796 ἠ
972 4726 1179 4796 μνήμη,
1208 4724 1287 4794 τῷ
1314 4726 1441 4796 περὶ
1474 4725 1566 4779 τοῦ
1600 4726 1788 4793 γένους
1816 4744 1938 4779 συνο

363 4815 683 4869 εκϐάλλεται
731 4814 892 4886 λόγῳ.
955 4816 1013 4869 'O
1053 4815 1162 4886 γὰρ
1195 4815 1392 4878 παντὸς
1439 4815 1692 4887 ὑπερθεὶς
1746 4818 1938 4871 ἑαυτὸν

361 4906 458 4959 τοῦ
488 4906 716 4976 κόσμου,
737 4931 746 4942 ι
769 4907 860 4960 καί
901 4903 1012 4960 οἷον
1056 4907 1554 4979 στενοχωρούμενος
1602 4909 1660 4962 ἐν
1694 4909 1839 4979 πάσῃ
1869 4912 1934 4979 τῇ

361 4995 598 5067 αἰσθητῇ
629 4997 740 5050 τῶν
771 4998 1047 5068 στοιχείων
1081 4997 1260 5066 φύσει,
1308 4997 1383 5060 ὡς
1413 4999 1545 5069 μηδέ
1581 4999 1672 5052 τὸν
1711 5000 1936 5069 οὐρανὸν

361 5088 550 5159 φέρειν
603 5088 796 5142 ἐαυτοῦ
842 5089 1233 5160 ὑπερκείμενον
1271 5106 1284 5119 ·
1337 5089 1449 5143 ἀλλ’
1490 5090 1570 5152 είς
1600 5089 1660 5142 τὸ
1685 5090 1936 5143 ἐπέκεινα

357 5179 541 5233 ἵεσθαι
564 5182 630 5250 τῇ
661 5180 832 5251 ψυχῇ,
865 5182 958 5234 καὶ
990 5181 1405 5253 ὑπερκύπτοντα
1433 5181 1530 5253 τὴν
1554 5181 1814 5252 αἰσθητὴν
1843 5181 1936 5234 τοῦ

355 5271 572 5339 κόσμου
619 5271 879 5342 περιοχὴν
917 5272 1004 5324 ἀεὶ
1047 5275 1159 5335 τοῖς
1202 5275 1412 5342 νοητοῖς
1447 5273 1802 5342 ἐμϐατεύειν,
1845 5275 1938 5326 καὶ

357 5364 913 5434 συμμετεωροπορεῖν
949 5365 1068 5428 ταῖς
1107 5362 1278 5427 θείαις
1319 5365 1614 5435 δυνάμεσι,
1657 5365 1822 5435 μηδὲν
1863 5365 1940 5435 τῷ

359 5452 664 5523 σωματικῷ
695 5452 930 5524 ἐφολκίῳ
956 5453 1090 5524 πρὸς
1114 5453 1211 5526 τὴν
1231 5453 1326 5508 τοῦ
1353 5455 1441 5510 νοῦ
1467 5456 1690 5528 πορείαν
1723 5457 1940 5527 ἐμποδι-

357 5548 590 5612 ζόμενος
616 5564 628 5579 ·
677 5546 807 5600 πότε
844 5546 910 5600 ἂν
950 5547 1157 5614 δέξαιτο
1194 5549 1347 5620 μέρει
1369 5549 1474 5604 τινὶ
1498 5550 1596 5621 τῆς
1619 5553 1720 5622 γῆς
1750 5553 1938 5605 ἑαυτὸν

442 5723 485 5754 ³⁸
515 5721 667 5778 Deut.
731 5736 908 5790 xxxiv,
940 5727 989 5781 6.

2021 546 2106 594 ter
2158 554 2348 595 eorum
2412 540 2618 594 saeculo
2672 539 2910 610 reliquit.
2964 540 3150 612 Neque
3201 543 3346 598 enim
3398 543 3599 616 Moysis

2022 631 2333 701 sepulcrum
2366 638 2565 696 exstat,
2585 645 2764 700 neque
2785 630 2874 685 hic
2899 633 3054 702 c0pia
3082 634 3316 702 quadam
3335 639 3599 692 materiali

2024 721 2280 775 humatus
2311 729 2429 786 est;
2465 718 2560 775 sed
2586 721 2748 774 simul
2775 729 2830 776 et
2857 721 3021 774 vitam
3052 723 3286 789 transiit,
3309 733 3364 780 et
3393 728 3599 790 omnia,
3645 741 3648 744 ’

2021 812 2220 881 quibus
2246 811 2525 865 hominum
2553 811 2660 864 vita
2684 820 3059 878 conservatur,
3084 829 3190 868 una
3213 815 3420 886 dilapsa
3439 829 3598 874 sunt:

2023 903 2158 958 adeo
2191 911 2250 958 ut
2293 904 2503 958 nullum
2535 911 2711 959 exstet
2746 904 3030 960 materiale
3061 906 3161 959 viri
3193 920 3598 963 monumentum

2022 1011 2089 1052 ex
2132 997 2290 1067 cepia
2341 997 2656 1051 relictarum
2704 995 3023 1051 facultatum
3084 1007 3442 1065 exstructum,
3492 1018 3601 1070 quo

2022 1087 2356 1142 existimatio
2403 1087 2522 1155 ejus
2576 1088 2642 1140 ad
2699 1088 2932 1157 speciem
2980 1089 3350 1159 augustiorem
3407 1092 3600 1149 obruta

2023 1188 2275 1236 teneatur
2314 1199 2325 1233 :
2371 1181 2827 1249 quemadmodum
2888 1181 3115 1236 historia
3164 1182 3231 1238 de
3273 1183 3456 1255 Moyse
3497 1186 3603 1240 hoc

2024 1273 2190 1337 dicit,
2231 1271 2374 1342 quod
2401 1287 2505 1327 non
2537 1273 2813 1326 inventum
2839 1272 2911 1326 sit
2934 1273 3054 1342 ejus
3088 1276 3398 1344 sepulcrum
3429 1292 3605 1347 usque

2023 1362 2446 1418 in'hodiernum
2490 1363 2634 1418 diem
2673 1364 2735 1418 “.
2795 1361 2852 1416 Si
2897 1364 3064 1434 igitur
3105 1367 3230 1419 talis
3277 1368 3529 1423 oratione
3573 1383 3603 1421 a

2024 1455 2184 1512 nobis
2215 1456 2622 1510 demonstratus
2656 1463 2740 1510 est
2771 1471 2893 1511 esse
2925 1455 3160 1513 Basilius
3199 1457 3443 1528 Magnus,
3485 1460 3601 1530 qui,

2024 1548 2069 1602 si
2100 1563 2224 1602 cum
2266 1563 2593 1618 unoquoque
2634 1548 2970 1618 magnatium
3007 1551 3150 1605 inter
3190 1551 3338 1605 viros
3386 1560 3606 1606 sanctos

2024 1638 2137 1692 vita
2161 1637 2282 1708 ejus
2309 1646 2680 1708 comparetur,
2714 1653 2822 1692 non
2857 1640 3046 1709 procul
3078 1641 3145 1693 ab
3177 1641 3286 1695 illis
3315 1640 3604 1697 ahfuturus

2025 1729 2115 1792 sit,
2171 1733 2320 1784 recte
2370 1742 2401 1781 a
2454 1728 2613 1783 nobis
2674 1727 2932 1783 feriarum
2977 1731 3357 1786 vicissitudine
3386 1739 3607 1802 propter

1957 1807 1998 1862 Β
2027 1823 2176 1877 hunc
2201 1836 2444 1892 praesens
2471 1835 2615 1875 nunc
2647 1821 2826 1890 agitur
2859 1829 3180 1876 conventus.
3206 1821 3443 1878 Proinde
3475 1838 3606 1878 con-

2027 1911 2250 1967 veniens
2303 1918 2358 1965 et
2407 1910 2752 1964 commodum
2799 1909 2961 1964 fuerit
3009 1912 3324 1966 memoriam
3362 1911 3464 1966 viri
3512 1927 3609 1981 per

2029 2019 2118 2060 res
2155 2003 2231 2057 illi
2272 2010 2460 2073 gratas
2506 2001 2912 2056 concelebrare.
2962 1999 3149 2070 Itaque
3206 2003 3606 2072 dispiciendum

2027 2102 2082 2148 et
2133 2091 2591 2148 considerandum
2642 2098 2745 2155 est,
2793 2105 2900 2160 qua
2961 2093 3172 2147 ratione
3218 2091 3417 2148 festum
3463 2092 3609 2146 hunc

2028 2182 2172 2238 diem
2207 2183 2605 2238 constituentes
2649 2181 2724 2234 ita
2762 2188 3090 2235 conventum
3123 2196 3372 2252 agamus,
3402 2189 3460 2235 ut
3490 2196 3610 2236 san-

2028 2283 2119 2329 cto
2169 2275 2322 2329 cordi
2365 2281 2467 2328 est.
2520 2272 2604 2326 An
2655 2271 2856 2341 aliquis
2906 2272 3394 2326 demonstrativum
3441 2274 3494 2326 in
3543 2287 3609 2328 eo

2027 2365 2241 2422 dicendi
2281 2379 2451 2434 genus
2492 2372 2657 2432 atque
2703 2361 2948 2416 inﬂatum
2995 2362 3368 2417 laudationum
3401 2377 3605 2418 morem

2027 2459 2307 2530 requiret?
2333 2458 2462 2524 Qum
2486 2457 2660 2525 patria
2696 2455 2880 2518 fuerit,
2913 2470 3023 2525 quo
3047 2470 3242 2525 genere
3263 2463 3439 2518 ortus,
3469 2471 3609 2526 quo—

2028 2550 2192 2604 modo
2231 2565 2262 2603 a
2295 2548 2611 2618 parentibus
2649 2545 2938 2608 educatus,
2980 2561 3100 2616 quae
3140 2547 3450 2617 singulatim
3485 2549 3609 2603 vitae

2028 2642 2206 2696 studia
2263 2640 2498 2704 fuerint,
2544 2639 2870 2709 quibuscum
2943 2638 3104 2692 simul
3172 2645 3227 2693 et
3277 2639 3510 2693 creverit
3557 2647 3610 2693 et

2029 2729 2282 2802 viguerit,
2322 2737 2376 2784 et
2427 2730 2570 2784 inter
2592 2728 2740 2783 viros
2789 2727 2995 2790 clarus,
3042 2725 3358 2795 spectabilis
3389 2735 3445 2782 et
3484 2727 3608 2782 illu-

2029 2821 2163 2876 stris
2199 2817 2473 2874 evaserit?
2517 2818 2586 2870 At
2637 2815 2956 2885 magnitudo
2999 2815 3272 2870 bonorum
3307 2829 3427 2884 qua:
3465 2815 3611 2870 circa

2030 2925 2155 2966 eum
2183 2915 2522 2979 spectantur,
2555 2921 2718 2961 omne
2751 2905 2854 2960 hoc
2884 2903 3128 2960 inﬂatum
3169 2912 3222 2960 et
3262 2905 3496 2960 sublime
3522 2920 3613 2975 ge-

2031 3016 2136 3056 nus
2173 2998 2390 3054 dicendi
2431 2995 2692 3066 repudiat‘
2723 3002 2778 3050 et
2820 3003 3124 3059 aversatur,
3172 2995 3300 3065 quia
3337 2995 3610 3065 negotium

2032 3093 2088 3148 in
2120 3090 2460 3148 contrarium
2489 3087 2774 3158 redigitur,
2807 3101 2873 3142 eo
2907 3086 3052 3157 quod
3093 3101 3204 3142 non
3247 3088 3318 3142 sit
3343 3086 3610 3156 ejusmodi

2032 3184 2113 3239 vis
2145 3183 2201 3237 in
2233 3181 2433 3243 verbis,
2461 3194 2582 3248 qua:
2617 3177 3004 3232 miraculorum
3044 3177 3474 3246 magnitudinem
3515 3193 3614 3246 pro

2031 3273 2296 3343 dignitate
2320 3277 2667 3339 assequatur.
2715 3265 2794 3322 Ne
2841 3267 3006 3337 igitur
3034 3281 3144 3321 una
3187 3283 3310 3321 cum
3345 3267 3613 3322 orationis

2031 3365 2275 3420 exilitate
2299 3361 2624 3417 miraculum
2657 3358 2997 3429 deprimatur
3016 3365 3071 3414 et
3097 3365 3439 3425 extenuetur,
3466 3360 3613 3430 ejus-

2018 3461 2139 3523 ‘qne
2169 3467 2332 3522 quam
2365 3466 2510 3504 nunc
2549 3448 2926 3518 unusquisque
2964 3448 3033 3504 de
3070 3463 3136 3503 eo
3165 3457 3481 3520 conceptam
3514 3451 3612 3505 ba-

2032 3545 2123 3600 bet
2150 3543 2482 3613 opinionem,
2507 3555 2605 3610 per
2631 3555 2726 3595 eos
2751 3541 2843 3609 qui
2887 3539 3113 3594 laudare
3157 3541 3335 3595 conati
3387 3539 3611 3606 fuerint,

2034 3635 2214 3703 aliqua
2259 3631 2548 3687 diminutio
2590 3630 2682 3684 llat
2721 3647 2736 3684 :
2775 3628 3120 3684 commodius
3173 3629 3338 3684 fuerit
3396 3629 3616 3687 silentio

2035 3725 2216 3793 potius
2261 3722 2316 3776 in
2353 3721 2514 3775 nobis
2556 3734 2755 3790 augere
2793 3719 3139 3783 miraculum,
3171 3735 3334 3790 quam
3369 3720 3617 3777 oratione

2035 3816 2246 3870 laudem
2305 3813 2629 3868 imminuere
2683 3819 2847 3880 atque
2894 3818 3205 3866 extenuare.
3258 3809 3416 3878 Quali
3467 3812 3614 3867 enim

2034 3910 2284 3966 oratione
2313 3907 2438 3977 quis
2481 3919 2606 3960 eum
2648 3903 3018 3974 augustiorem
3062 3902 3347 3958 eﬂ'ecerit?
3392 3902 3476 3956 An
3523 3903 3616 3960 ille

2033 4013 2178 4062 eam,
2223 4011 2345 4068 quae
2393 4011 2492 4065 per
2535 4007 2756 4048 carnem
2798 3998 2854 4047 et
2891 3992 3208 4063 sanguinem
3252 3991 3614 4062 (contingere)

2033 4089 2236 4145 dicitur
2262 4087 2597 4144 nobilitatem
2639 4100 2704 4140 ac
2742 4086 2962 4156 generis
3005 4085 3390 4139 claritudinem
3418 4098 3613 4152 appro-

2033 4181 2284 4237 baverit?
2316 4179 2381 4233 Et
2406 4179 2531 4249 quis
2557 4178 2772 4248 ignorat
2815 4175 2997 4244 magni
3047 4175 3195 4229 illius
3233 4189 3360 4244 erga
3393 4188 3614 4228 carnem

2034 4271 2393 4334 all'ectionem,
2435 4281 2597 4337 quam
2655 4264 2705 4320 ei
2756 4261 3104 4317 adversarius
3149 4271 3314 4324 esset,
3353 4268 3612 4330 tanquam

2036 4362 2310 4431 mancipio
2340 4358 2556 4414 cuidam
2589 4355 2813 4426 fugitivo
2835 4366 3051 4423 semper
3091 4353 3308 4407 vincula
3340 4354 3613 4405 rationum

2041 4454 2318 4526 injiciens,
2343 4466 2406 4506 ac
2441 4465 2535 4521 per
2567 4462 2836 4504 summam
2885 4444 3226 4500 aillictionem
3256 4452 3417 4513 atque
3439 4442 3616 4498 conti-

2039 4547 2279 4603 nentiam
2326 4543 2608 4615 llagellans
2651 4548 2705 4595 et
2754 4546 3016 4607 torquens
3057 4537 3406 4592 verberonem
3462 4535 3614 4588 illum

2041 4653 2258 4695 servum
2289 4651 2512 4708 corpus,
2540 4632 2695 4706 quasi
2733 4631 2954 4702 quidam
2989 4629 3336 4686 inexorabilis
3361 4625 3617 4681 dominus

2041 4731 2244 4784 nullam
2268 4728 2452 4783 vincto
2489 4725 2879 4781 relaxationem
2916 4720 3243 4791 indulgens?
3270 4717 3402 4771 Eum
3430 4717 3616 4787 igitur,

2041 4822 2135 4891 qui
2172 4821 2245 4874 ita
2295 4818 2520 4873 aﬂectus
2559 4826 2698 4872 esset
2743 4830 2872 4884 erga
2901 4828 3144 4877 carnem,
3184 4819 3403 4879 propter
3423 4825 3617 4877 corpo-

2044 4909 2155 4963 rale
2204 4907 2523 4962 beneﬁcium
2555 4896 2831 4958 celebrare
2887 4911 2941 4956 et
2990 4899 3176 4955 verbis
3215 4899 3497 4961 extollere,
3532 4914 3621 4954 res

2045 4998 2438 5055 absurdissima
2472 4995 2653 5050 fuerit.
2683 4993 2818 5048 Nam
2847 4993 2942 5063 qui
2988 5006 3130 5046 nunc
3167 4991 3236 5044 ab
3272 5005 3336 5044 ea
3363 5005 3421 5044 re
3451 4990 3622 5044 hono—

2045 5093 2278 5154 rabitur,
2309 5089 2466 5159 cujus
2494 5103 2620 5143 eum
2649 5089 2702 5142 in
2735 5088 2842 5140 vita
2868 5084 3141 5155 pudebat?
3168 5083 3344 5152 Atque
3369 5082 3622 5136 similiter

2048 5199 2154 5236 una
2187 5198 2313 5237 cum
2345 5180 2643 5250 quaestione
2669 5177 2904 5248 generis,
2941 5174 3128 5244 patria:
3169 5186 3386 5242 quoque
3418 5174 3624 5225 mentio

2046 5270 2281 5341 ejicitur.
2309 5278 2360 5323 et
2416 5269 2750 5337 repudiatur.
2780 5265 2880 5333 Qui
2908 5266 3052 5319 enim
3101 5279 3158 5317 se
3210 5276 3376 5332 supra
3406 5275 3622 5315 onmem

2048 5361 2310 5416 mundum
2357 5368 2634 5431 posuerat,
2681 5367 2734 5414 et
2774 5357 2927 5428 quasi
2972 5355 3354 5411 coarctabatur
3387 5353 3439 5405 in
3475 5353 3622 5406 omni

2048 5454 2294 5510 sensibili
2339 5453 2726 5507 elementorum
2786 5459 2999 5512 natura,
3045 5447 3181 5503 adeo
3221 5454 3280 5501 ut
3319 5459 3386 5500 ne
3424 5445 3623 5497 eadem

2047 5547 2261 5616 quidem
2307 5561 2470 5615 supra
2521 5559 2579 5598 se
2624 5543 2855 5614 positum
2894 5540 3076 5606 ferret,
3117 5539 3211 5595 sed
3264 5541 3329 5593 ad
3366 5537 3624 5593 ulteriora
