3918 6204
374 378 480 434 815

1645 368 1705 424 S.
1745 368 2070 427 GBEGORII
2106 369 2396 428 NYSSENI

3499 373 3605 430 ’816

372 491 558 546 anima
595 487 970 555 contenderet,
1017 494 1070 542 et
1107 483 1418 542 sensibilem
1457 483 1646 539 mundi
1679 500 1923 555 superans

2046 487 2415 560 ἐπονομάζειν,
2458 486 2550 539 καὶ
2590 486 2677 541 διά
2715 485 2816 556 τῆς
2851 482 2946 538 τοῦ
2981 483 3145 538 τόπου
3175 482 3404 553 εὐφυτας
3435 485 3605 556 ἐαυτῷ

373 580 702 650 amplexum,
732 593 948 648 semper
979 577 1034 632 in
1067 577 1133 633 iis
1155 591 1277 647 qua:
1308 575 1642 645 cogitatione
1673 591 1738 630 ac
1767 585 1923 632 menti

2043 581 2166 642 τοὺς
2204 579 2453 643 ἐπαίνους
2507 575 2986 649 συνερανίζεσθαις
3035 575 3234 646 ’Υὸρις
3279 574 3389 645 γάρ
3426 574 3493 628 ἀν
3523 578 3601 646 εἴη

372 669 934 741 comprehenduntur,
963 668 1343 730 inambularet,
1373 675 1427 720 et
1449 675 1750 736 occupatus
1778 676 1944 734 esset,

370 771 532 831 atque
555 775 662 816 una
690 775 814 818 cum
847 761 1045 816 divinis
1068 759 1364 814 virtutibus
1403 758 1458 812 in
1505 758 1724 813 sublimi
1756 775 1942 816 versa-

371 860 540 915 retur,
592 859 646 907 et
699 852 834 906 nihil
882 851 1246 921 impedimenti
1298 849 1600 918 corporalis
1651 864 1817 905 onere
1877 849 1943 904 ad

369 943 566 998 mentis
621 941 726 996 iter
785 940 1137 1011 impediretur
1180 957 1194 994 :
1232 938 1450 1008 quando
1496 940 1762 994 sustineat
1805 956 1864 996 se
1910 957 1940 994 a

323 1098 325 1100 η
368 1041 520 1103 parte
553 1034 920 1103 aliquaterraz
948 1031 1351 1102 cognominare,
1376 1038 1430 1085 et
1452 1045 1548 1100 per
1577 1031 1680 1084 loci
1706 1031 1938 1086 felicita-

366 1133 470 1178 tetu
520 1132 681 1194 atque
728 1121 1168 1177 commoditatem
1226 1121 1330 1176 sibi
1376 1121 1563 1176 laudes
1605 1122 1941 1190 corrogare?

365 1215 704 1269 Contumelia
735 1214 875 1268 enim
917 1212 1081 1267 fuerit
1121 1219 1174 1267 et
1209 1226 1460 1266 verarum
1500 1212 1720 1266 laudum
1756 1214 1937 1266 immi-

363 1307 536 1368 nutio,
569 1307 840 1360 si.virtute
867 1303 933 1358 ad
962 1303 1416 1358 considerandum
1446 1305 1746 1372 proposita,
1771 1319 1932 1374 aqua,

2041 669 2261 721 καὶτῶν
2294 669 2560 740 ἀληθινῶν
2590 669 2827 722 ἐπαίνων
2863 666 3172 728 ἐλάττωσις,
3206 667 3255 717 εί
3281 667 3379 735 τῆς
3409 667 3602 736 ἀρετῆς

2041 761 2405 831 προκειμένης
2433 763 2498 830 τῇ
2527 759 2747 830 θεωρίᾳ,
2774 758 2939 828 ὕδωρ,
2967 758 3059 811 καὶ
3083 757 3272 824 φύλλα,
3300 759 3391 810 καὶ
3413 757 3601 826 βῶλος,

2041 851 2130 902 καὶ
2172 851 2240 904 τὰ
2271 852 2489 904 τοιαῦτα
2538 849 2888 920 θαυμάζοιτο.
2959 847 3170 910 Ἀλλως
3214 865 3271 902 τε
3311 850 3415 901 πᾶν
3457 849 3487 900 ὃ
3532 850 3603 917 μὴ

2047 944 2418 1014 προαιρέσεως
2445 944 2653 1011 γίνεται
2695 943 2902 1012 κτῆμα,
2931 942 3035 995 κᾶν
3066 943 3146 994 ὅτι
3177 941 3406 1011 μάλιστα
3443 942 3603 994 καλὲν

2043 1028 2100 1107 ᾖ,
2130 1034 2384 1104 οὐδεμίαν
2419 1034 2692 1103 εὐφημίαν
2722 1033 2914 1102 ἐκείνῳ
2945 1033 3118 1103 φέρει,
3149 1026 3193 1099 ᾧ
3221 1036 3360 1084 κατὰ
3387 1032 3446 1084 τὸ
3477 1031 3605 1082 αὐτὸ

2046 1124 2364 1194 συνηνέχθη.
2393 1123 2601 1176 Οὐκοῦν
2632 1123 2926 1176 σιωπάσθω
2965 1123 3162 1192 πατρὶς
3191 1122 3284 1173 καὶ
3317 1123 3493 1188 γένος,
3517 1124 3603 1172 καί

2044 1217 2151 1268 πᾶν
2175 1216 2234 1268 τὸ
2254 1214 2511 1278 τοιοῦτον,
2542 1213 2571 1266 ὃ
2602 1216 2667 1284 τῇ
2705 1213 2997 1283 αὐτομάτῳ
3020 1214 3276 1282 συντυχίᾳ
3296 1217 3406 1275 τοῖς
3429 1214 3604 1264 ἐπιτυ-

2041 1305 2194 1376 χοῦσι
2223 1306 2573 1375 συμφέρεται.
2612 1305 2855 1373 Ἐκείνης
2879 1304 2922 1357 δ’
2953 1305 3018 1359 ἄν
3044 1321 3126 1366 τις
3154 1303 3375 1366 εἰκότως
3401 1305 3489 1355 ἐπ’
3513 1305 3605 1355 αὐο

362 1394 600 1458 frondes,
645 1401 699 1449 et
747 1393 932 1456 ﬂores,
980 1399 1035 1448 et
1081 1392 1252 1462 gleba:
1307 1401 1468 1462 atque
1502 1393 1815 1461 hujusmodi
1845 1409 1923 1449 ret

2041 1395 2136 1449 τοῦ
2163 1395 2420 1467 μνησθείη
2452 1395 2703 1466 πατρίδος
2729 1411 2786 1446 τε
2809 1395 2902 1447 καὶ
2921 1394 3213 1463 εὐγενείας,
3243 1397 3278 1465 ἢ
3305 1394 3394 1447 διά
3423 1411 3607 1464 προαιο

361 1485 709 1540 admirationi
755 1484 884 1546 sint,
921 1497 1045 1538 cum
1091 1483 1296 1554 alioqui
1343 1482 1608 1554 quidquid
1636 1485 1820 1540 libera:
1845 1500 1923 1540 vo-

2046 1486 2254 1558 ρέσεως
2276 1489 2386 1550 τοῖς
2417 1485 2775 1540 ἐσπουδακόσι
2801 1485 3168 1556 προσγίνεται.

360 1573 586 1629 luntatis
616 1574 818 1629 bonum
847 1589 955 1628 non
984 1582 1089 1637 est,
1119 1575 1332 1630 etiamsi
1363 1590 1523 1644 quam
1556 1577 1790 1632 maxime
1819 1578 2131 1646 pulchrum,
2201 1579 2548 1633 commodum
2617 1588 2673 1634 et
2714 1579 2990 1648 egregium
3035 1579 3126 1638 sit,
3179 1577 3378 1630 nullam
3450 1578 3608 1632 fama:

358 1679 412 1724 et
441 1669 678 1724 nominis
715 1667 1238 1746 commendationem
1273 1667 1463 1723 atferat
1505 1669 1603 1734 illi,
1644 1671 1731 1724 cui
1768 1672 1930 1726 simul
1963 1674 2272 1744 contigerit.
2341 1673 2578 1728 Proinde
2625 1674 2846 1728 silentio
2896 1679 3246 1742 praetereatur
3299 1673 3469 1742 patria
3541 1691 3605 1729 :uc

359 1777 551 1831 genus,
600 1769 654 1816 et
703 1759 967 1830 quidquid
1007 1759 1278 1829 ejusmodi
1324 1767 1429 1827 est,
1462 1767 1521 1814 ut
1553 1759 1777 1816 fortuita
1809 1764 2171 1818 concursione
2227 1773 2282 1820 et
2325 1779 2456 1819 casu
2517 1764 2806 1835 quibusvis
2857 1763 3157 1833 contingat.
3217 1761 3367 1817 Illius
3424 1778 3604 1818 autem

359 1855 551 1908 merito
591 1850 716 1922 quis
747 1851 799 1905 in
843 1865 910 1906 eo
940 1851 1129 1920 patria:
1171 1859 1332 1922 atque
1360 1851 1666 1910 nobilitatis
1696 1854 2024 1910 mentionem
2051 1854 2262 1923 fecerit,
2301 1871 2424 1928 quae
2463 1856 2644 1911 libera:
2707 1854 3002 1910 voluntatis
3072 1852 3298 1906 arbitrio
3362 1854 3449 1915 iis,
3509 1854 3603 1923 qui

356 1958 474 1997 eam
506 1941 888 2012 expetiverint,
922 1943 1214 2011 contingit.

427 2035 558 2098 Quae
594 2041 678 2089 est
711 2034 876 2104 igitur
917 2033 1104 2088 Basilii
1141 2037 1398 2093 nobilitas
1435 2047 1489 2093 et
1536 2037 1806 2092 claritudo
1838 2052 1923 2108 ge-

2097 2037 2194 2101 Τίς
2221 2033 2313 2090 οὖν
2340 2039 2373 2107 ἠ
2414 2032 2696 2088 Βασιλείου
2735 2030 3015 2099 εὐγένεια;
3043 2028 3152 2080 Καὶ
3191 2025 3273 2089 τίς
3298 2027 3333 2097 ή
3362 2027 3560 2096 πατρίς
3586 2045 3600 2092 ;

357 2126 540 2179 neris?
581 2140 702 2194 quae
743 2125 957 2196 patria?
990 2127 1068 2182 Ac
1101 2141 1274 2198 genus
1309 2129 1528 2199 quidem
1580 2129 1658 2183 illi
1695 2129 1923 2183 familia-

2029 2132 2190 2194 Γένος
2219 2130 2315 2201 μέν
2355 2125 2504 2196 αὐτῷ
2541 2127 2574 2196 ἡ
2606 2124 2739 2196 πρὸς
2787 2123 2848 2176 τὸ
2879 2120 3030 2175 Θεῖον
3067 2119 3368 2180 οἰκείωσις·
3404 2120 3601 2189 πατρὶς

357 2215 494 2268 ritas
531 2220 585 2268 et
614 2213 966 2268 necessitudo
995 2229 1118 2270 cum
1156 2214 1264 2270 Deo
1292 2234 1304 2270 :
1338 2217 1515 2286 patria
1546 2231 1694 2282 vero,
1728 2217 1923 2272 virtus.

2028 2222 2106 2289 δὲ,
2130 2224 2163 2292 ἡ
2194 2221 2382 2292 ἀρετή.
2426 2219 2484 2272 '0
2509 2218 2617 2287 γὰρ
2645 2216 2735 2269 τὸν
2763 2213 2894 2268 Θεὸν
2915 2211 3224 2282 δεξάμενος,
3259 2208 3440 2271 καθώς
3467 2225 3597 2278 φησι

357 2303 461 2370 Qui
503 2303 646 2357 enim
682 2302 847 2358 Deum
893 2305 1115 2373 recepit,
1171 2312 1230 2358 ttt
1264 2305 1439 2375 inquit
1490 2300 1927 2376 Evangelium”,

356 2402 680 2465 potestatem
721 2393 898 2460 habet,
935 2403 993 2448 ut
1025 2395 1167 2450 filius
1209 2395 1301 2450 Dei
1351 2397 1464 2450 ttat.
1499 2397 1638 2462 Quid
1668 2413 1797 2452 vero
1831 2412 1930 2452 no-

355 2487 522 2542 bilius
550 2493 604 2541 et
651 2484 972 2556 generosius
1005 2485 1335 2554 cognatione
1373 2503 1496 2542 cum
1545 2487 1652 2542 Deo
1683 2489 1806 2558 quis
1840 2503 1927 2544 re-

355 2580 574 2650 quirat?
616 2578 720 2644 Qui
773 2584 954 2632 autem
999 2577 1198 2632 virtute
1238 2579 1500 2648 praeditus
1531 2588 1637 2643 est,
1683 2589 1737 2634 et
1788 2581 1930 2637 hanc

355 2672 507 2736 colit,
552 2679 606 2726 et
652 2686 720 2724 cx
767 2669 870 2723 hac
903 2668 1007 2723 sibi
1053 2669 1264 2724 reditus
1293 2669 1535 2736 coniicit,
1565 2678 1619 2725 et
1658 2682 1926 2741 quaestum

357 2764 504 2827 facit,
535 2762 766 2832 patriam
800 2775 952 2816 suam
983 2776 1210 2830 prorsus
1245 2761 1417 2817 efﬁcit
1447 2763 1498 2816 id
1535 2763 1589 2816 in
1626 2779 1736 2832 quo
1777 2765 1925 2819 vivit.

355 2854 640 2909 Sobrietas
681 2853 759 2906 illi
813 2867 912 2923 pro
971 2851 1258 2906 domicilio
1297 2863 1433 2917 erat,
1489 2855 1754 2922 sapientia
1808 2857 1928 2911 loco

355 2943 578 3013 prandii;
623 2943 839 3013 justitia
887 2950 1066 2997 autem
1115 2951 1169 2998 et
1197 2945 1400 2998 veritas
1445 2953 1499 2998 et
1553 2945 1785 3013 puritas,
1828 2961 1926 3015 pro

356 3034 681 3105 splendidis,
714 3033 1020 3103 magnificis
1053 3043 1217 3104 atque
1246 3034 1492 3089 visendis
1520 3043 1575 3090 et
1605 3036 1922 3106 conspicuis

352 3123 707 3179 mdificiorum
749 3124 1088 3178 ornamentis
1115 3140 1128 3174 :
1154 3125 1207 3178 in
1238 3124 1440 3194 quibus
1466 3124 1720 3180 habitans
1754 3127 1926 3197 magis

353 3216 442 3272 his
478 3213 851 3270 delectabatur
895 3228 959 3268 ac
986 3215 1090 3268 sibi
1137 3215 1410 3284 placebat,
1457 3231 1620 3286 quam
1659 3219 1751 3286 qui
1783 3232 1926 3270 mar-

353 3304 557 3361 moreis
588 3311 643 3360 et
679 3304 889 3360 auratis
917 3303 1138 3359 uadibus
1176 3305 1504 3375 gloriantur.
1555 3304 1614 3359 Si
1637 3305 1762 3375 quis
1801 3321 1923 3360 eum

2028 2316 2088 2369 τὸ
2126 2312 2475 2381 Εύαγγέλιον,
2511 2308 2755 2374 ἐξουσίαν
2797 2306 2908 2376 ἔχει
2938 2305 3125 2357 τέκνον
3151 2302 3285 2355 Θεοῦ
3325 2301 3594 2370 γενέσθαι.

2029 2405 2095 2456 Τί
2127 2405 2182 2458 δὲ
2212 2406 2308 2474 τῆς
2341 2401 2474 2471 πρὸς
2505 2399 2636 2452 Θεὸν
2663 2396 2980 2465 συγγενείας
3016 2393 3393 2463 εὐγενέστερον
3425 2393 3491 2446 ἂν
3519 2408 3602 2453 τις

2029 2493 2441 2562 ἐπιζητήσειεν;
2499 2491 2557 2542 '0
2593 2488 2650 2540 δὲ
2705 2488 2764 2539 ἐν
2799 2489 2864 2556 τῇ
2905 2486 3070 2557 ἀρετῇ
3117 2483 3212 2547 ὢν,
3253 2484 3346 2537 καὶ
3395 2482 3595 2549 ταύτην

2027 2582 2306 2655 γεωργῶν,
2355 2582 2448 2634 καὶ
2495 2581 2558 2632 ἐκ
2591 2576 2794 2648 ταύτης
2842 2577 3317 2647 προσοδευόμενος,
3368 2574 3595 2647 πατρίδα

2029 2675 2244 2736 πάντως
2274 2670 2469 2726 ἐαυτοῦ
2500 2671 2726 2724 ποιεῖται
2765 2667 2922 2721 τοῦτο
2950 2661 2995 2735 ᾧ
3023 2667 3344 2737 ἐμϐιοτεύει.
3378 2668 3600 2737 Σωφρο-

2029 2765 2160 2836 σύνη
2189 2761 2256 2835 ἦν
2280 2763 2428 2834 αὐτῷ
2451 2763 2512 2815 τδ
2549 2761 2816 2831 ἐφέστιον,
2847 2761 3006 2830 σοφία
3045 2760 3104 2813 τὸ
3136 2760 3321 2830 κτῆμα
3344 2777 3358 2792 ο
3398 2759 3600 2812 δικαιοο

2029 2854 2163 2925 σύνη
2186 2854 2242 2907 δὲ
2265 2852 2360 2907 καὶ
2403 2851 2626 2922 ἀλήθεια
2649 2851 2744 2903 καὶ
2786 2850 3112 2921 καθαρότης,
3136 2851 3204 2904 τὰ
3237 2850 3468 2920 λαμπρά
3505 2851 3600 2903 καὶ

2027 2946 2363 3018 περίϐλεπτα
2386 2941 2495 2996 τῶν
2515 2941 2956 3015 οἰκοδομημάτων
2989 2941 3156 3011 κάλλη
3176 2959 3189 2970 ·
3217 2936 3298 3004 οἷς
3324 2942 3599 2996 ἐνδιαιτώ-

2029 3056 2186 3110 μενος
2215 3034 2549 3108 ἐπηγάλλετο
2577 3033 2755 3094 πλέον,
2800 3033 2834 3103 ἢ
2861 3034 2985 3086 ὅσον
3017 3034 3065 3086 οἱ
3098 3037 3208 3096 τοῖς
3236 3035 3600 3105 μαρμαρίνοις

2026 3147 2083 3182 τε
2113 3130 2206 3183 καὶ
2230 3128 2626 3199 χρυσοπάστοις
2648 3126 2815 3188 οἴκοις
2840 3123 3273 3194 ἐναὸρυνόμενοι.
3304 3126 3372 3177 Et
3386 3142 3468 3187 τις
3491 3126 3598 3178 ἀπὸ

1981 3266 1984 3269 .
2025 3221 2280 3292 τοιαύτης
2297 3219 2456 3272 αὐτὸν
2474 3218 2807 3288 ἐγκωμιάζοι
2827 3217 3100 3288 πατρίδος,
3119 3218 3211 3269 καὶ
3233 3216 3342 3270 ἀπὸ
3356 3219 3597 3271 τοιούτου

2027 3312 2277 3383 σεμνύνοι
2301 3311 2509 3380 γένους,
2527 3309 2704 3379 ἀληθῆ
2723 3325 2782 3361 τε
2813 3306 2977 3372 λέξει,
3003 3308 3094 3360 καὶ
3114 3307 3219 3360 ἀπὸ
3234 3307 3341 3359 τῶν
3375 3325 3595 3376 κεχαρι-

354 3395 425 3450 ob
472 3397 632 3451 talem
675 3396 905 3466 patriam
960 3394 1166 3458 laudet,
1224 3403 1279 3450 et
1326 3395 1396 3450 ob
1443 3395 1714 3466 ejusmodi
1753 3413 1923 3468 genus

2030 3405 2242 3476 σμένων
2252 3404 2400 3475 αὐτῷ
2410 3406 2534 3466 τοὺς
2551 3402 2802 3465 ἐπαίνους
2817 3403 3117 3471 ποιήσεται·
3135 3401 3236 3470 γῆν
3247 3400 3420 3459 δέ,κα“ι
3437 3397 3596 3471 αἷμα,

354 3487 606 3545 oratione
633 3487 872 3542 celebret
921 3495 1084 3556 atque
1114 3486 1389 3550 honestet,
1424 3501 1548 3541 cum
1583 3503 1712 3543 vera
1740 3489 1922 3560 dieet;

353 3585 470 3634 tum
502 3578 568 3634 ad
606 3593 696 3635 res
734 3579 786 3634 ei
817 3585 1024 3648 gratas,
1073 3578 1270 3634 laudes
1303 3579 1738 3635 accommodabit
1767 3600 1780 3635 :
1809 3589 1921 3637 ter-

352 3684 470 3725 ram
515 3676 718 3733 autem,
758 3675 813 3724 et
847 3667 1190 3738 sanguinem,
1214 3675 1268 3722 et
1309 3683 1552 3735 carnem,
1601 3676 1656 3723 et
1683 3669 1918 3738 divitias,

351 3768 407 3815 et
433 3760 794 3830 principatus,
841 3767 896 3816 et
944 3759 1028 3815 his
1062 3759 1222 3814 rebus
1274 3759 1628 3830 conjunctum
1667 3761 1925 3830 splendo-

352 3865 465 3903 rem
498 3859 554 3904 et
587 3849 836 3918 gloriam,
881 3851 1068 3903 mundi
1099 3849 1313 3913 amicis,
1355 3850 1450 3919 qui
1483 3851 1687 3915 volent,
1728 3851 1922 3908 adesse

353 3939 650 4010 prmdicent
689 3946 852 4008 atque
899 3947 1190 3994 testentur.
1245 3940 1302 3994 Si
1339 3941 1506 4011 igitur
1531 3943 1920 3999 convenientes

351 4029 428 4084 illi
465 4028 686 4084 laudum
717 4029 1119 4085 celebrationes
1159 4031 1335 4086 oratio
1364 4040 1550 4087 nostra
1578 4049 1773 4104 capere
1811 4049 1917 4088 non

349 4129 530 4192 potest
561 4140 575 4177 :
605 4120 876 4192 ejusmodi
911 4121 1095 4177 studia
1122 4122 1428 4178 recusanda
1457 4122 1683 4190 fuerint,
1719 4133 1774 4181 et
1802 4126 1919 4179 lau-

349 4214 630 4267 dationum
679 4219 824 4268 artes
874 4211 1202 4283 rejiciendte.
1249 4211 1535 4278 Quomodo
1585 4213 1754 4284 igitur
1807 4232 1918 4272 me-

349 4307 576 4358 moriam
605 4304 728 4374 ejus
753 4319 999 4375 agemus,
1029 4302 1230 4374 aliquis
1259 4302 1491 4359 fortasse
1518 4303 1684 4368 dicet,
1714 4306 1761 4361 si
1793 4323 1916 4362 cum

350 4396 575 4449 laudum
623 4396 1088 4452 celebrationibus
1120 4395 1176 4450 id
1227 4410 1339 4449 non
1391 4394 1529 4451 fiet?
1557 4410 1664 4465 qua
1705 4398 1918 4452 ratione

348 4488 432 4542 lex
481 4485 778 4558 Seripturae
829 4486 1161 4556 implebitur,
1209 4501 1332 4556 quae
1362 4486 1495 4543 dicit
1519 4486 1562 4518 “
1597 4488 1915 4543 memoriam

343 4577 616 4647 iustorum
673 4592 796 4631 cum
848 4576 1068 4630 laudum
1125 4576 1590 4634 celebrationibus
1633 4580 1717 4649 agi
1756 4595 1918 4650 opor-

348 4675 480 4729 tere,
517 4667 563 4721 si
595 4680 692 4735 per
717 4679 876 4720 veras
910 4664 1131 4734 quidem
1165 4663 1359 4721 laudes
1391 4682 1574 4723 sermo
1611 4683 1916 4722 accommo-

345 4758 461 4813 dari
488 4773 596 4814 non
627 4764 825 4828 potest,
857 4771 1178 4812 communes
1215 4765 1396 4812 autem
1429 4759 1549 4814 sine
1583 4761 1912 4814 contumelia

345 4849 759 4904 commemorari
810 4848 999 4905 laudes
1047 4864 1160 4904 non
1199 4853 1467 4921 possunt?
1515 4852 1621 4908 Sed
1677 4852 1911 4911 fortasse

345 4939 485 4992 ratio
532 4940 714 5008 aliqua
762 4956 873 4995 non
920 4939 1116 5007 deerit,
1145 4956 1254 5012 qua
1305 4943 1394 4997 ille
1431 4951 1740 4997 nostrarum
1795 4944 1911 4997 lau-

343 5032 470 5085 dum
517 5031 740 5088 boneris
777 5041 832 5088 et
876 5033 1084 5103 praemii
1116 5050 1228 5089 non
1257 5035 1474 5104 penitus
1517 5051 1713 5106 expers
1737 5037 1904 5110 relin-

2029 3498 2124 3550 καὶ
2159 3497 2355 3568 σάρκα,
2387 3496 2480 3548 καί⁵
2517 3493 2766 3557 πλοῦτον,
2803 3494 2894 3546 καὶ
2917 3493 3261 3554 δυναστείας,
3292 3493 3384 3543 καὶ
3415 3491 3512 3552 τὰς
3539 3494 3600 3542 ἐν

2026 3585 2233 3650 τούτοις
2253 3585 2606 3657 περιφανείας
2622 3583 3208 3654 προσμαρτυρείτωσαν
3224 3582 3272 3633 oi
3286 3581 3594 3650 βουλόμενοι

2026 3679 2137 3737 τοῖς
2158 3675 2250 3728 τοῦ
2275 3676 2477 3745 κόσμου
2503 3674 2696 3744 φίλοις.
2724 3675 2786 3726 Ei
2811 3669 2903 3726 οὖν
2931 3671 3211 3742 ἀχώρητον
3236 3670 3312 3738 τῷ
3337 3669 3592 3739 ἡμετέρῳ

2026 3767 2167 3836 λόγῳ
2209 3767 2268 3820 τὸ
2298 3764 2538 3837 ἁρμόζον
2580 3765 2772 3835 ἐκείνῳ
2815 3762 3106 3832 ἐγκώμιον,
3136 3761 3488 3833 παραιτητέον
3520 3761 3592 3812 ἂν

2027 3855 2108 3923 εἴη
2145 3853 2244 3916 τὰς
2280 3853 2534 3916 τοιαύτας
2582 3852 2835 3916 σπουδὰς,
2873 3853 2964 3905 καὶ
2995 3849 3443 3921 παραγράφεσθαι
3482 3849 3596 3900 τῶν

2025 3945 2314 4016 ἐγκωμίων
2340 3944 2440 4007 τάς
2483 3944 2696 4014 τέχνας.
2733 3943 2860 4006 Πῶς
2887 3939 2978 3997 οὖν
3010 3943 3109 4013 τὴν
3154 3945 3240 3996 ἐπ’
3265 3941 3413 4011 αὐτῷ
3453 3944 3597 4011 μνή-

2028 4053 2134 4106 μην
2161 4035 2474 4105 ἀγάγωμεν,
2499 4036 2629 4098 ἷσως
2666 4035 2783 4105 ἐρεῖ
2819 4051 2924 4098 τις,
2959 4036 3006 4086 εί
3049 4034 3123 4104 μὴ
3157 4033 3271 4102 μετ’
3306 4033 3599 4102 ἐγκωμίων

2024 4125 2182 4179 τοῦτο
2221 4127 2550 4195 ποιήσομεν;
2586 4124 2710 4187 Πῶς
2739 4126 2768 4177 ό
2796 4123 2957 4193 νόμος
2982 4125 3080 4192 τῆς
3120 4123 3158 4174 Γ
3165 4122 3340 4192 ραφῆς
3373 4121 3596 4191 πληρωο

2027 4219 2274 4290 θήσεται,
2325 4218 2385 4281 ὃς
2422 4234 2575 4289 φησι,
2628 4215 2725 4288 τὴν
2777 4216 2996 4286 μνήμην
3043 4214 3150 4267 τῶν
3197 4213 3421 4266 δικαίων
3475 4213 3596 4282 μετ’

2024 4311 2313 4381 ἐγκωμίων
2343 4309 2423 4363 δεῖ
2463 4309 2729 4378 γενέσθαι,
2773 4309 2821 4360 εί
2856 4307 2947 4360 τὸν
2991 4306 3088 4378 μέν
3114 4305 3203 4358 διὰ
3236 4304 3345 4357 τῶν
3376 4303 3596 4373 ἀληθῶν

2023 4404 2259 4457 ἐπαίνων
2287 4403 2379 4456 τὸν
2418 4401 2576 4470 λόγον
2615 4399 2911 4471 προσάγειν
2949 4398 3095 4450 ἐστὶν
3119 4398 3421 4468 ἀμήχανον,
3449 4395 3512 4447 τὸ
3534 4395 3594 4448 δὲ

2022 4494 2108 4546 διὰ
2136 4494 2242 4547 τῶν
2261 4492 2580 4565 κοινοτέρων
2603 4492 2960 4561 ἐφύδριστον;
2995 4489 3131 4542 Ἀλλ’
3162 4489 3308 4541 ἐστιν
3337 4488 3467 4549 ἴσως
3490 4488 3597 4540 οὐκ

2021 4580 2293 4650 ἀπορῆσαί
2317 4598 2459 4644 τινος
2486 4581 2743 4643 ἐπινοίας,
2769 4581 2844 4643 ὡς
2878 4579 2952 4650 μὴ
2974 4579 3146 4648 πάντη
3173 4577 3282 4630 τῶν
3305 4577 3596 4647 ἡμετέρων

2022 4670 2181 4723 αὐτὸν
2233 4671 2471 4727 ἐπαίνων
2518 4670 2943 4739 καταλειφθῆναι
2989 4668 3308 4738 ἀγέραστον.
3356 4667 3449 4729 Τίς
3495 4662 3594 4719 οὖν

2017 4763 2163 4814 ἐστιν
2203 4763 2236 4832 ἠ
2271 4762 2517 4826 ἐπίνοια;
2569 4761 2664 4824 Τίς
2689 4761 2790 4815 οὐκ
2831 4756 2986 4820 οἶδεν,
3026 4760 3106 4812 ὅτι
3139 4760 3248 4820 πᾶς
3293 4758 3447 4825 λόγος
3479 4758 3592 4810 τῶν

2016 4852 2190 4925 ἔργων
2208 4853 2604 4924 διεζευγμένος,
2636 4852 2860 4924 μάταιος
2893 4850 3012 4904 καθ’
3046 4849 3236 4902 ἐαυτὸν
3262 4851 3356 4902 καὶ
3389 4835 3595 4900 ἀνυπό-

2017 4961 2241 5008 στατος;
2281 4945 2346 4997 Ἠ
2391 4944 2448 4997 δέ
2492 4944 2599 4996 τῶν
2646 4943 2820 5014 ἔργων
2859 4941 3018 5010 φύσις
3063 4942 3122 4994 ἐν
3154 4939 3450 4993 ὑποστάσει
3497 4940 3592 4991 καὶ

2015 5035 2241 5107 ἀληθείᾳ
2264 5035 2324 5088 τὸ
2349 5034 2641 5106 λεγόμενον
2669 5035 2958 5087 δείκνυσιν.

343 5127 724 5198 quatur.Qua:
753 5129 922 5201 igitur
964 5138 1050 5186 est
1078 5132 1266 5186 ratio?
1295 5130 1430 5197 Quis
1472 5133 1706 5202 ignorat,
1752 5133 1900 5204 quod
1952 5134 2135 5189 omnis
2177 5135 2355 5189 oratio
2433 5133 2501 5188 ab
2545 5132 2806 5202 operibus
2875 5131 3148 5200 disiuncta
3200 5144 3338 5182 vana
3392 5141 3489 5196 per
3533 5142 3590 5178 se

341 5224 432 5290 sit,
499 5232 552 5278 et
599 5239 706 5279 non
755 5224 1062 5280 subsistat?
1111 5225 1179 5278 At
1231 5232 1423 5279 natura
1469 5242 1695 5297 operum
1744 5227 1800 5283 in
1857 5229 2164 5286 substantia
2217 5237 2381 5298 atque
2427 5229 2661 5284 veritate
2734 5227 2789 5281 id
2843 5227 2990 5296 quod
3048 5224 3272 5289 dicitur,
3346 5223 3584 5276 ostendit

339 5331 393 5373 et
426 5328 796 5391 repraesentat.

408 5413 580 5486 Igitur
613 5417 860 5472 oratione
906 5415 1084 5486 potior
1132 5417 1296 5473 fuerit
1343 5434 1404 5474 ea
1451 5418 1591 5487 laus,
1645 5438 1768 5492 quae
1811 5437 1908 5493 per

339 5521 502 5574 opera
550 5518 840 5577 praestetur
882 5518 936 5563 ct
971 5515 1412 5579 repraesentetur.
1462 5509 1574 5566 Hoc
1621 5529 1749 5569 vero
1779 5515 1906 5584 quid

338 5598 458 5649 est?
497 5597 563 5652 Ut
601 5616 699 5669 per
743 5602 1062 5658 memoriam
1118 5602 1264 5656 illius
1309 5603 1420 5656 vita
1469 5610 1665 5660 nostra
1716 5604 1910 5659 melior

407 5769 448 5802 "’
472 5767 629 5824 Juan.
664 5772 814 5833 t,12.
893 5775 932 5805 ¹³
973 5773 1116 5827 Eccl.
1146 5784 1294 5838 ur,
1330 5773 1411 5827 11.

2085 5419 2292 5473 Οὐκοῦν
2325 5417 2713 5490 προτιμότερος
2752 5415 2820 5468 ἂν
2853 5415 2937 5484 εἴη
2977 5411 3070 5466 τοῦ
3117 5410 3276 5479 λόγου
3304 5410 3333 5462 ό
3365 5409 3452 5462 διά
3477 5408 3578 5460 τῶν

2015 5512 2191 5582 ἔργων
2220 5509 2590 5580 πληρούμενος
2614 5507 2852 5569 ἔπαινος.
2879 5503 3046 5557 Τοῦτο
3073 5503 3129 5555 δέ
3149 5503 3263 5554 ἐστι
3285 5502 3339 5552 τί
3355 5517 3369 5565 ;
3401 5499 3472 5552 Τὸ
3495 5498 3574 5550 διὰ

2014 5602 2110 5669 τῆς
2145 5601 2362 5672 μνήμης
2388 5599 2595 5653 ἐκείνου
2623 5597 2714 5653 τὸν
2746 5596 2858 5669 βίον
2887 5597 3020 5667 ἡμῖν
3047 5592 3296 5664 γενέσθαι
3326 5594 3426 5662 τῆς
3457 5607 3574 5642 συνο
