3918 6204
314 263 436 319 81⁷

1438 271 1506 327 ΙΝ
1544 271 1846 332 LAUDEM'
1873 273 2176 331 FRATRIS
2213 273 2474 330 BASlLll.

3474 275 3533 327 Si
3545 276 3578 327 8

315 382 514 478 ηθείας
547 382 807 478 βελτίονα.
842 387 1111 461 Καθάπερ
1166 390 1274 463 γὰρ
1308 394 1401 446 ἐπὶ
1427 394 1712 449 δακτυλίου
1743 414 1902 466 σφεν-

2025 408 2165 464 luam
2210 409 2336 450 esse
2384 393 2546 460 solet,
2602 392 2884 450 elliciatur.
2927 393 3396 462 Quemadmodum
3432 395 3578 449 enim

315 472 502 540 δόνης,
525 475 815 545 καλλίστης
835 476 980 541 τινὸς
1004 480 1062 530 ὲν
1079 478 1296 548 γλυφίδι
1319 483 1756 552 προφαινομένης
1779 499 1903 552 μορο

321 563 454 633 φῆς,
485 565 514 617 6
541 562 870 630 ὲντυπωθεὶς
909 571 976 640 τῇ
1013 571 1267 640 σφραγῖδι
1305 572 1473 642 κηρὸς
1505 573 1584 636 εἰς
1625 574 1816 626 ἑαυτὸν
1845 574 1906 626 τὺ

321 653 645 725 ἐγκείμενον
683 660 749 728 τῇ
777 658 995 728 γλυφίδι
1038 661 1233 726 κάλλος
1277 664 1629 734 μετήνεγκεν,
1663 663 1783 717 ὅλον
1813 664 1905 718 τὸν

324 747 648 818 χαρακτῆρα
688 751 789 819 τῆς
820 752 1116 821 σφραγῖδος
1151 753 1301 817 ἰδίοις
1327 754 1519 817 τύποις
1549 755 1907 825 ἀναμαξάμε-

325 855 452 899 νοςο
484 839 577 892 καὶ
604 839 702 892 οὑκ
729 839 795 894 ἄν
823 859 908 904 τις
941 841 1082 897 οὓτω
1117 843 1206 897 διὰ
1237 845 1330 898 τοῦ
1345 845 1514 914 ,λόγου
1538 845 1636 917 τὴν
1668 844 1910 899 εὑδιάθεο

325 945 424 980 τον
454 929 552 998 τῆς
583 929 794 1002 γλυφῆς
827 929 976 1002 ὥραν
1008 935 1088 997 είς
1125 935 1448 1006 ὑπογραφὴν
1475 935 1693 1006 ἀγάγοι,
1722 935 1796 1000 ὡς
1817 937 1910 989 ἐπὶ

325 1018 426 1072 τοῦ
473 1021 645 1092 κηροῦ
677 1022 936 1076 δεικνύων
983 1027 1409 1097 μεμορφωμένον
1438 1027 1500 1080 τὸ
1546 1026 1740 1090 κάλλος
1766 1044 1778 1058 ο
1820 1027 1912 1079 τὸν

326 1111 494 1165 αὑτὸν
519 1113 738 1185 τρόπον,
769 1117 818 1168 εί
842 1117 870 1168 6
898 1116 997 1186 μὲν
1018 1116 1160 1188 λόγῳ
1187 1118 1326 1190 ψιλῷ
1355 1117 1447 1171 τοῦ
1471 1118 1786 1172 διδασκάλου
1814 1118 1912 1188 τὴν

328 1205 534 1276 ἀρετήν
562 1207 946 1276 ἀποσεμνύνοι,
974 1209 1158 1279 ἕτερος
1192 1209 1249 1263 δὲ
1292 1209 1384 1264 τὸν
1409 1209 1602 1264 ἑαυτοῦ
1646 1209 1757 1280 βίον
1783 1209 1913 1263 καλ-

327 1295 578 1363 λωπίζοι,
617 1296 702 1350 διὰ
729 1298 830 1366 τῆς
866 1300 1004 1369 πρὸς
1027 1300 1230 1353 ἐκεῖνον
1262 1302 1544 1373 μιμήσεως
1566 1302 1912 1373 ἐνεργότερος

327 1387 401 1440 ἂν
431 1388 514 1458 εἴη
537 1387 631 1442 τοῦ
659 1389 866 1460 ὑψηλοῦ
897 1389 1076 1460 λόγου,
1109 1394 1137 1446 6
1157 1391 1245 1445 διὰ
1280 1392 1370 1446 τοῦ
1400 1392 1516 1462 βίου
1543 1393 1915 1465 πληρούμενος

329 1480 574 1544 ἔπαινος.
607 1481 796 1546 Οὕτως
834 1478 946 1547 οὖν,
983 1483 1222 1552 ἀδελφοὶ,
1264 1485 1357 1538 καὶ
1396 1487 1558 1558 ἡμεῖς
1594 1485 1918 1556 μιμησάμε-

329 1591 414 1626 νοι
446 1576 513 1644 τῇ
567 1575 890 1647 σωφροσύνῃ
919 1574 1010 1628 τὸν
1042 1575 1317 1647 σώφρονα,
1360 1571 1442 1638 οἷς
1483 1574 1764 1646 ποιοῦμεν,
1797 1577 1914 1630 κατ’

330 1667 494 1732 ἀξίαν
539 1667 637 1736 τὴν
676 1667 878 1738 ἀρετὴν
911 1667 1310 1738 ὲπαινέσωμεν,
1335 1669 1430 1721 καὶ
1459 1667 1528 1722 τὰ
1563 1669 1698 1723 ἄλλα
1738 1669 1917 1722 πάντα

2005 499 2131 540 cum
2190 485 2247 540 in
2308 485 2428 554 pala
2495 486 2683 540 annuli
2739 487 2943 557 optima
3000 485 3251 556 quaedam
3307 484 3583 554 insculpta

2009 577 2182 631 forma
2218 585 2468 648 apparet,
2503 578 2683 650 sigillo
2705 578 2970 649 impressa
3003 594 3130 634 cera
3173 578 3400 633 insitum
3435 577 3584 632 scul-

2008 679 2182 740 pturze
2221 669 2476 725 decorem
2529 670 2585 724 in
2621 685 2742 726 sese
2778 669 3058 736 transfert,
3093 677 3263 724 totam
3309 668 3583 740 signaculi

2009 759 2242 831 efﬁgiem
2275 761 2393 816 suis
2419 775 2736 831 expressam
2779 761 3026 816 referens
3072 760 3298 832 ﬁguris;
3328 775 3392 814 ac
3425 773 3586 813 neno

2008 852 2148 907 bene
2170 852 2502 922 dispositum
2527 859 2582 907 et
2615 851 2976 907 artificiosum
3003 852 3297 921 sculptura:
3331 850 3586 904 decorem

2012 941 2264 996 oratione
2300 941 2375 996 ita
2415 941 2755 1011 descriptum
2801 941 3058 996 exhibere
3081 941 3278 1010 possit,
3312 947 3371 993 ut
3409 940 3457 993 is
3493 936 3587 1007 qui

2012 1033 2066 1086 in
2099 1047 2225 1086 cera
2260 1031 2496 1088 effictam
2537 1040 2702 1102 atque
2745 1029 3090 1085 eﬂ‘ormatam
3121 1027 3590 1099 pulchritudinem

2013 1121 2256 1176 ostendit
2291 1141 2304 1176 :
2335 1122 2525 1177 eodem
2573 1120 2737 1177 modo
2772 1121 2818 1175 si
2849 1121 2992 1174 alius
3023 1119 3242 1190 quidem
3281 1117 3426 1173 nuda
3463 1131 3590 1171 ora-

2015 1213 2165 1269 tione
2194 1214 2434 1268 celebret
2481 1214 2742 1268 virtutem
2786 1212 3059 1282 magistri,
3096 1211 3239 1266 alius
3271 1225 3404 1264 vero
3435 1223 3592 1264 suam

2014 1305 2200 1374 ipsius-
2233 1305 2396 1358 vitam
2444 1303 2594 1358 illius
2635 1303 2944 1358 imitatione
2996 1308 3246 1365 exornet,
3295 1299 3591 1361 efficacior,

2016 1410 2182 1466 quam
2210 1395 2392 1450 oratio
2428 1394 2706 1459 sublimis,
2759 1394 2924 1449 fuerit
2952 1410 3014 1449 ea
3052 1395 3193 1456 laus,
3233 1408 3354 1465 qua:
3379 1408 3476 1462 per
3509 1393 3591 1446 vi-

2017 1493 2128 1539 tam
2178 1491 2622 1556 reprmseutetur.
2674 1483 2766 1539 Sic
2805 1485 2996 1555 igitur.
3029 1485 3255 1549 fratres,
3288 1485 3454 1540 etiam
3493 1500 3592 1540 nos

2019 1577 2315 1632 sobrietate
2359 1575 2605 1630 sobrium
2645 1576 2920 1632 imitantes
2967 1576 3131 1632 factis
3167 1578 3393 1640 nostris,
3423 1577 3590 1630 virtu-

2019 1674 2127 1720 tem
2164 1681 2263 1736 pro
2308 1666 2576 1736 dignitate
2621 1667 2930 1731 laudemus,
2967 1677 3022 1722 et
3070 1667 3256 1723 itidem
3291 1667 3348 1721 in
3385 1667 3594 1722 caeteris

332 1757 601 1820 ὡσαύτως
635 1758 697 1811 τὸ
748 1758 934 1829 θαῦμα
975 1758 1068 1812 τοῦ
1114 1758 1277 1828 σοφοῦ
1313 1761 1369 1812 ὲν
1411 1762 1476 1830 τῇ
1532 1759 1918 1831 μετουσίᾳτῆς

2025 1759 2277 1814 omnibus
2334 1760 2662 1815 miraculum
2714 1761 2976 1831 sapientis
3033 1761 3452 1830 participatione
3509 1774 3599 1815 sa-

334 1851 532 1920 σοφίας
574 1850 932 1923 πληρούσθω·
965 1851 994 1902 6
1033 1850 1135 1920 τῆς
1167 1849 1551 1921 ἀκτημοσύνης
1592 1850 1831 1914 ἔπαινος,
1860 1852 1916 1903 ὲν

332 1942 415 2013 τῷ
448 1942 540 1995 καὶ
571 1943 716 2012 ἡμᾶς
747 1941 998 2010 γενέσθαι
1035 1942 1134 2011 τῆς
1167 1941 1357 2011 ὑλικῆς
1390 1941 1707 2013 περιουσίας
1743 1941 1918 2011 ἀκτή-

338 2049 544 2102 μοναςσ
589 2036 623 2104 ή
659 2033 926 2102 ὑπεροψία
969 2032 1060 2086 τοῦ
1095 2033 1297 2102 κόσμου
1328 2031 1517 2084 τούτου
1563 2031 1637 2102 μὴ
1680 2030 1919 2100 λεγέσθω

339 2117 524 2186 μόνον,
547 2119 626 2172 ὅτι
659 2118 775 2172 ὲστί
800 2136 884 2183 τις
906 2120 1166 2190 ἐπαινετὴ
1190 2121 1284 2173 καὶ
1311 2119 1555 2186 ἐπίδοξος
1575 2136 1590 2150 ·
1623 2118 1759 2172 ἀλλὰ
1789 2118 1922 2190 μάρο

333 2223 436 2268 τυς
464 2207 563 2278 τῆς
601 2207 898 2280 ὑπεροψίας
924 2209 1032 2262 τῶν
1075 2208 1216 2263 κατὰ
1242 2208 1331 2263 τὸν
1366 2209 1569 2280 κόσμον
1621 2205 1920 2270 σπουδαζο-

340 2299 520 2370 μένων
552 2302 580 2353 6
603 2299 714 2370 βίος
741 2300 898 2354 ἔστω.
922 2300 1014 2372 Μὴ
1034 2299 1159 2368 λέγε
1186 2299 1345 2370 μόνον
1366 2299 1448 2352 ᾶτι
1471 2295 1549 2369 τῷ
1576 2295 1694 2367 9εῷ
1716 2297 1921 2361 ἐκεῖνος

335 2392 610 2456 ἀνέκειτο,
648 2392 784 2446 ἀλλὰ
817 2392 1016 2455 ἁνάθες
1044 2393 1138 2446 καὶ
1169 2392 1232 2444 σὺ
1262 2389 1487 2446 σεαυτὸν
1509 2388 1586 2459 τῷ
1613 2388 1751 2458 Θεῷ·
1792 2387 1920 2459 μήθ’

333 2484 420 2536 ὃτι
452 2483 613 2554 μόνον
653 2479 720 2556 ἦν
759 2484 908 2556 αὑτῷ
942 2483 1130 2554 κτῆμα
1163 2485 1196 2554 ή
1227 2481 1555 2553 ἐλπιζομένη
1589 2481 1918 2545 ἀνάπαυσις,

335 2576 478 2630 ἀλλὰ
506 2579 600 2631 καὶ
639 2560 702 2630 σὺ
733 2575 1063 2649 θησαύρισον
1097 2573 1306 2644 σεαυτῷ
1351 2573 1539 2627 τοῦτον
1567 2572 1659 2626 τὸν
1692 2571 1922 2624 πλοῦτον

335 2669 531 2740 ὥσπερ
571 2670 778 2733 ἐκεῖνος
799 2685 812 2698 ‘
845 2669 1022 2734 ἔξεστι
1048 2669 1188 2738 γάρ’
1235 2665 1531 2738 μετέθηκεν
1578 2666 1783 2729 ἐκεῖνος
1817 2665 1924 2718 ἀπὸ

336 2765 444 2833 γῆς
475 2763 554 2826 εἰς
594 2762 822 2834 οὐρανὸν
857 2761 917 2814 τὸ
941 2761 1261 2832 πολίτευμα,
1299 2757 1527 2831 μετάθες
1549 2757 1642 2812 καὶ
1677 2757 1762 2810 σύ.
1800 2758 1924 2820 Τοῖς

338 2855 561 2919 ἀσύλοις
581 2855 674 2909 τοῦ
699 2854 930 2926 ούρανοῦ
961 2852 1517 2926 θησαυροφυλακείοις
1542 2851 1633 2905 τὸν
1669 2850 1797 2905 ῐδιον
1841 2851 1926 2903 ὲν-

339 2945 577 3000 απέθετο
610 2945 836 3000 πλοῦτον
854 2963 870 2977 ο
909 2945 1146 3016 μίμησαι
1173 2943 1261 2997 διὰ
1289 2943 1490 3000 τούτων
1520 2941 1613 2996 καὶ
1639 2943 1703 2996 σὺ
1731 2940 1822 2996 τὸν
1843 2940 1922 2998 διε

338 3037 631 3091 δάσκαλον.
685 3034 1132 3108 Κατηρτισμένος
1169 3032 1277 3106 γὰρ
1310 3032 1464 3087 ἔσται
1519 3031 1766 3103 μαθητὴς
1795 3029 1870 3094 ὡς
1899 3031 1928 3084 6

339 3129 665 3192 διδάσκαλος
697 3125 884 3181 αὑτοῦ.
920 3125 1032 3180 Καὶ
1061 3125 1251 3196 γὰρέν
1280 3127 1390 3189 τοῖς
1417 3125 1624 3187 λοιποῖς
1650 3120 1927 3193 ὲπιτηδεύ·

344 3236 535 3292 μασιν,
564 3220 593 3272 6
627 3217 795 3289 ίατρῷ
841 3217 1208 3289 μαθητεύσας,
1241 3216 1274 3286 ἢ
1301 3216 1609 3288 γεωμέτρῃ,
1638 3214 1672 3287 ἢ
1716 3215 1926 3286 ῥήτορι,

339 3311 726 3378 ἁναξιόπιστος
779 3309 1069 3380 ἐπαινέτης
1095 3309 1195 3380 τῆς
1236 3307 1330 3362 τοῦ
1375 3307 1695 3364 διδασκάλου
1736 3306 1929 3377 τέχνης

345 3407 661 3477 γενήσεται,
692 3405 740 3458 εί
776 3402 855 3474 τῷ
885 3403 984 3475 μὲν
1014 3401 1156 3473 λόγῳ
1186 3399 1454 3472 θαυμάζοι
1482 3399 1576 3453 τοῦ
1614 3395 1929 3469 καθηγητοῦ

344 3499 446 3569 τὴν
490 3497 824 3568 ἐπιστήμην,
871 3496 956 3565 ἐφ’
990 3493 1183 3548 ἑαυτοῦ
1237 3493 1296 3548 δὲ
1330 3491 1563 3546 δεικνύοι
1622 3488 1788 3561 μηδὲν
1836 3484 1931 3540 τοῦ

347 3591 626 3662 θαύματος
651 3590 816 3656 ἄξιον.
861 3589 1008 3662 Ἐρεῖ
1031 3590 1138 3660 γάρ
1169 3605 1254 3651 τις
1293 3587 1430 3658 πρὸς
1457 3585 1618 3640 αὑτόν
1639 3599 1652 3612 ⁸
1688 3581 1813 3646 Πῶς
1839 3579 1930 3633 λέ·

350 3700 469 3751 γεις
509 3682 693 3754 ίατρὸν
717 3682 809 3735 τὸν
841 3681 1033 3736 ἑαυτοῦ
1073 3679 1412 3746 διδάσκαλον,
1439 3677 1602 3740 αὑτὸς
1643 3673 1934 3745 ἀνιάτρευ-

349 3791 442 3836 τος
470 3773 580 3839 div;
608 3773 679 3826 Ἦ
712 3773 830 3836 πῶς
874 3772 1119 3843 μαθητὴν
1151 3767 1487 3840 σεαυτὸν.τῷ
1528 3765 1820 3838 γεωμέτρῃ
1848 3762 1937 3816 λέ-

354 3879 494 3932 γεις,
527 3861 770 3933 ἀπείρως
798 3861 895 3932 τῆς
928 3859 1268 3931 γεωμετρίας
1296 3858 1467 3929 ἔχων;
1511 3856 1652 3911 Ἀλλ’
1687 3855 1845 3916 εἴτις
1878 3853 1936 3905 ἐν

354 3951 532 4024 ἑαυτῷ
563 3952 800 4008 δείκνυσι
834 3952 933 4023 τὴν
970 3951 1166 4022 τέχνην
1269 3949 1634 4020 ἐμαθήτευσε,
1684 3945 1938 4011 σεμνύνει

353 4048 421 4117 τῇ
458 4045 580 4100 καθ’
613 4045 802 4099 ἑαυτὸν
832 4046 1110 4117 ἐπιστήμῃ
1137 4043 1227 4096 τὸν
1263 4045 1362 4113 τῆς
1391 4043 1582 4112 τέχνης
1622 4037 1941 4109 καθηγησά-

359 4153 540 4206 μενον.
591 4135 778 4200 Οὕτως
811 4136 907 4190 καὶ
945 4137 1105 4206 ἡμεῖς
1139 4135 1189 4187 οἱ
1221 4131 1499 4187 Βασίλειον
1531 4128 1821 4200 αὐχοῦντες
1860 4127 1940 4179 δι-

358 4225 648 4291 δάσκαλον,
693 4225 772 4297 τῷ
813 4226 912 4297 βίῳ
943 4224 1206 4296 δείξωμεν
1243 4224 1342 4294 τὴν
1393 4221 1713 4292 μαθητείαν,
1767 4219 1942 4270 ἐκεῖνο

360 4319 657 4389 γινόμενοι,
685 4318 824 4391 ὅπερ
852 4318 1014 4372 αὑτὸν
1056 4317 1353 4388 ὀνομαστόν
1394 4331 1453 4368 τε
1495 4313 1590 4366 καὶ
1621 4311 1794 4383 μέγαν
1823 4307 1943 4378 Θεῷ

2020 1849 2238 1919 νίειιιίαξ
2289 1861 2752 1918 repraesentetur:
2787 1853 2905 1905 laus
2938 1851 3298 1921 paupertatis,
3351 1865 3448 1920 per
3473 1849 3595 1914 hoc,

2019 1950 2077 1994 ut
2107 1940 2270 1994 etiam
2302 1955 2404 1996 nos
2433 1941 2835 2011 superfluarum
2870 1943 3192 1997 facultatum
3231 1941 3596 1996 materialium

2019 2040 2270 2101 expertes
2321 2032 2495 2087 simus
2539 2051 2554 2098 ;
2606 2043 2953 2104 contemptus
3015 2034 3205 2088 mundi
3269 2034 3434 2104 hujus
3491 2049 3597 2086 nou

2021 2125 2185 2179 modo
2229 2124 2448 2181 dicatur
2486 2127 2631 2196 quod
2677 2127 2750 2186 sit
2803 2127 3100 2184 laudabilis
3153 2135 3316 2196 atque
3363 2123 3598 2195 gloriosa

2022 2215 2269 2285 quaedam
2308 2231 2396 2272 res
2429 2235 2441 2270 :
2476 2217 2569 2274 sed
2601 2232 2788 2275 earum
2825 2233 3032 2280 rerum,
3069 2233 3192 2287 qua:
3214 2232 3310 2286 per
3339 2214 3599 2269 mundum

2024 2309 2330 2378 probantur
2378 2316 2433 2364 et
2485 2319 2846 2380 expetuntur,
2907 2307 3337 2378 contemptionis
3389 2321 3453 2361 ac
3508 2307 3599 2361 de-

2024 2399 2326 2467 spicientia:
2373 2403 2528 2456 testis
2579 2403 2652 2457 sit
2711 2403 2839 2456 vita.
2873 2399 2951 2456 Ne
2996 2400 3152 2454 dicas
3207 2399 3410 2462 solum,
3454 2398 3601 2467 quod

2027 2486 2116 2540 ille
2177 2485 2288 2542 Deo
2342 2487 2662 2550 dedicatus.
2713 2496 2768 2543 et
2819 2487 3072 2542 addictus
3118 2495 3302 2547 esset,
3357 2484 3486 2548 sed,
3543 2492 3601 2536 tu

2025 2594 2261 2649 quoque,
2303 2589 2356 2635 te
2406 2582 2583 2651 ipsum
2635 2581 2745 2636 Deo
2799 2580 2990 2636 dedica
3047 2587 3215 2649 atque
3261 2577 3442 2641 addic,
3503 2592 3602 2631 nec

2026 2669 2172 2738 quod
2220 2671 2398 2726 solum
2438 2673 2488 2727 ei
2531 2673 2734 2727 bonmn
2789 2679 2955 2741 atque
3004 2669 3284 2738 possessio
3310 2679 3476 2730 eset,
3516 2685 3601 2728 ea.

2028 2775 2151 2829 qlae
2189 2771 2465 2830 speratur,
2511 2761 2895 2832 requieszsed
2947 2761 3112 2814 etiam
3167 2761 3283 2828 ipse
3333 2773 3603 2828 congroga

2028 2853 2129 2908 tibi
2177 2853 2288 2908 has,
2314 2853 2558 2919 divitias,
2597 2852 3058 2925 quemadmodum
3091 2850 3202 2905 ille.
3232 2847 3382 2902 Licet
3414 2849 3557 2901 enim
3589 2865 3602 2900 :

2031 2941 2314 2997 transtulit
2364 2943 2454 2998 ille
2507 2943 2576 2998 de
2627 2951 2770 2998 terra
2821 2940 2948 2994 vita:
3010 2939 3327 2994 institutum
3390 2936 3444 2988 in
3491 2949 3606 2989 cce-

2031 3029 2172 3094 lum,
2205 3028 2445 3084 transfer
2482 3030 2607 3084 item
2646 3038 2723 3084 tu.
2762 3027 2818 3082 ln
2865 3025 3236 3083 sacrosanctis
3274 3030 3329 3078 et
3361 3039 3389 3076 a
3426 3022 3607 3076 furum

2030 3119 2236 3188 injuria
2282 3117 2416 3172 tutis
2451 3117 2575 3170 caeli
2625 3113 2841 3170 aerariis
2887 3129 3019 3169 suas
3053 3112 3277 3172 divitias
3305 3109 3562 3179 deposuit
3591 3126 3606 3161 :

2031 3204 2248 3260 imitare
2289 3217 2386 3274 per
2439 3203 2555 3256 haec
2606 3201 2772 3256 etiam
2831 3206 2890 3253 tu
2938 3198 3289 3268 magistrum.
3328 3193 3612 3248 Perfectus

2030 3300 2176 3353 enim
2229 3297 2338 3353 erit
2383 3293 2712 3364 discipulus,
2764 3291 2809 3346 si
2848 3292 2919 3347 sit
2957 3290 3104 3344 sicut
3159 3287 3421 3357 magister
3468 3283 3608 3354 ejus.

2033 3389 2245 3444 Etenim
2289 3387 2344 3442 in
2382 3385 2611 3455 reliquis
2636 3397 2858 3454 quoque
2885 3381 3007 3435 vitae
3035 3378 3236 3435 studiis
3270 3385 3435 3446 atque
3461 3392 3542 3430 ex:
3565 3391 3611 3428 r-

2033 3481 2180 3536 citiis
2209 3479 2302 3550 qui
2336 3477 2537 3533 medici
2565 3475 2872 3545 discipulus
2907 3472 3029 3536 fuit,
3061 3480 3156 3526 aut
3181 3479 3493 3541 geometrae,
3519 3475 3612 3520 aut

2034 3575 2294 3639 rhetoris,
2325 3571 2586 3644 indignus
2617 3569 2706 3626 cui
2743 3568 2879 3624 fides
2906 3567 3173 3622 habeatur
3202 3562 3448 3633 magistri
3478 3561 3613 3615 artis

2034 3667 2290 3724 laudator
2331 3664 2459 3730 erit,
2511 3662 2559 3718 si
2605 3662 2857 3718 oratione
2895 3658 3112 3730 quidem
3155 3655 3440 3713 scientiam
3477 3668 3615 3724 ρηο-

2037 3757 2282 3828 ceptoris
2312 3755 2657 3820 admiretur;
2695 3751 2750 3806 in
2798 3751 2984 3821 seipso
3013 3762 3146 3803 vero
3193 3745 3326 3803 nihil
3375 3745 3614 3802 admira:

2036 3848 2186 3901 tione
2211 3845 2435 3915 dignum
2461 3841 2735 3897 ostendat.
2768 3840 2920 3894 Dicet
2949 3839 3095 3894 enim
3117 3835 3321 3906 aliquis
3352 3834 3421 3889 ad
3447 3849 3570 3888 eum
3601 3851 3613 3886 :

2039 3939 2143 4004 Qui
2179 3937 2320 3992 dicis
2357 3935 2628 3990 medicum
2667 3941 2822 3988 tuum
2873 3931 3046 3988 fuisse
3097 3931 3444 4001 magistrum,
3491 3939 3616 3980 cum

2041 4030 2160 4100 ipse
2190 4027 2478 4084 medicina:
2512 4027 2742 4096 ignarus
2783 4025 2894 4082 sis?
2937 4023 3046 4084 Aut
3074 4018 3349 4091 quomodo
3379 4025 3432 4072 te
3454 4016 3622 4070 disci-

2041 4121 2226 4192 pulum
2269 4127 2560 4190 geometrae
2594 4116 2760 4181 dicis,
2803 4131 2928 4172 cum
2980 4111 3293 4184 geometriae
3335 4108 3620 4176 imperitus

2043 4214 2160 4270 sis?
2192 4210 2390 4268 Verum
2421 4211 2468 4264 si
2501 4209 2624 4280 quis
2659 4209 2712 4262 in
2744 4207 2926 4276 seipso
2959 4203 3237 4272 specimen
3267 4199 3423 4261 artis,
3455 4211 3621 4267 quam

2043 4303 2320 4367 didicerit,
2343 4301 2491 4365 edat,
2527 4315 2626 4356 sua
2665 4297 2896 4354 scientia
2931 4296 3069 4349 artis
3099 4299 3488 4365 praaceptorem
3527 4304 3622 4343 or—

362 4381 456 4466 καὶ
476 4381 1080 4483 άνθρῶποιςέποίησεν,
1103 4381 1164 4463 ἐν
1180 4405 1402 4481 Χριστῷ
1437 4381 1720 4478 ἰησοῦήτῷ
1749 4400 1922 4472 Κυρίᾳ

2044 4407 2139 4453 nat
2191 4404 2357 4465 atque
2403 4393 2676 4448 honestat.
2737 4387 2813 4444 Ita
2859 4387 3026 4443 etiam
3086 4401 3223 4448 nos,
3264 4384 3358 4454 qui
3423 4381 3626 4436 Basilio

363 4501 538 4570 ἡμῶν,
567 4495 614 4571 ᾧ
642 4502 676 4572 ἡ
703 4501 830 4565 δόξα
864 4499 960 4555 καὶ
984 4499 1044 4554 τὸ
1083 4498 1304 4570 κράτος,
1335 4498 1414 4561 είς
1439 4497 1566 4561 τοὺς
1603 4494 1808 4557 αίῶνας
1830 4490 1940 4546 τῶν

363 4593 596 4647 αἰώνων.
642 4593 698 4645 ’Δ
706 4593 835 4664 μήν.

2047 4487 2312 4559 magistro
2353 4500 2455 4540 nos
2474 4485 2749 4554 iactamus
2785 4488 2838 4537 et
2876 4479 3201 4552 gloriamur,
3233 4476 3346 4529 vita
3379 4472 3628 4542 discipli-

2047 4595 2174 4637 nam
2205 4577 2564 4635 ostendamus
2597 4593 2612 4630 :
2643 4573 2712 4629 ad
2749 4571 2883 4628 illud
2920 4570 3191 4626 enitentes
3225 4576 3279 4623 et
3308 4565 3626 4623 evadentes,

364 4683 512 4754 quod
555 4655 736 4754 ipsum
767 4655 992 4738 'clarum
1043 4688 1097 4736 et
1141 4694 1400 4750 magnum
1465 4677 1577 4733 Deo
1623 4683 1788 4744 atque
1839 4670 2160 4728 hominibus
2211 4669 2360 4737 fecit,
2403 4683 2498 4740 per
2569 4665 2851 4722 Christum
2899 4659 3085 4718 Iesum
3163 4655 3452 4713 Dominum
3530 4665 3629 4705 no-

370 4791 564 4846 strum,
599 4781 686 4838 cui
731 4780 902 4852 gloria
947 4787 1000 4834 et
1034 4776 1322 4848 imperium
1371 4777 1427 4831 ln
1461 4773 1661 4832 secula
1699 4769 2050 4826 saeculorum.
2095 4766 2287 4821 Amen.
