3918 6204
315 280 418 339 8ι9

1531 271 1588 324 S.
1631 269 1671 324 Ο
1685 265 1963 324 REGORJI
2003 265 2044 318 N
2056 265 2301 322 YSSENI

3447 256 3545 312 826

1607 581 1834 666 ΤΟΥ
1905 575 2284 666 ΑΥΤΟΥ

1407 769 2514 947 ΕΓΚΩΜΙΟΝ,

1108 999 1245 1056 ΕΙΣ
1299 1001 1456 1055 TON
1508 1001 1751 1058 ΟΣΙΟΝ
1800 1000 2130 1057 ΠΔΤΕΡΑ
2183 997 2412 1054 ΗΜΩΝ
2465 994 2790 1051 ΕΦΡΔΙΜ.

1358 1443 1362 1447 _
1670 1321 2207 1416 EJUSDEM

1021 1540 1406 1659 VITA
1466 1537 1978 1673 ATQUE
2037 1534 2868 1653 ENCOMIUM

1208 1760 1457 1818 SANCTI
1486 1759 1742 1819 PATRIS
1776 1701 2027 1817 nosrnt
2067 1755 2374 1815 Epitan
2417 1753 2694 1826 svum).

1543 1938 1760 1992 Gerardo
1783 1935 1961 1987 Vossio
1988 1935 2286 1999 interprete.

402 2230 704 2287 Recondita
730 2229 793 2284 in
811 2227 1014 2284 divinis
1038 2227 1345 2300 Evangeliis
1371 2229 1693 2297 similitudo,
1720 2247 1808 2288 me
1829 2232 1897 2288 ad
1927 2280 1935 2296 Α

2073 2236 2227 2288 Κινεῖ
2277 2251 2343 2304 με
2372 2233 2508 2304 πρὸς
2535 2234 2651 2306 τὴν
2680 2231 2961 2304 παροῦσαν
3002 2233 3256 2288 ὑπόθεσιν
3299 2235 3332 2306 ἡ
3368 2234 3426 2288 ἐν
3457 2239 3569 2298 τοῖς

335 2323 672 2394 propositum
704 2321 1327 2390 dicendiargumentum
1368 2322 1513 2376 serio
1553 2326 1896 2389 cohortatur,

336 2419 680 2487 linguamque
705 2413 911 2469 silentii
950 2412 1104 2468 freno
1129 2415 1480 2468 constrictum
1504 2415 1688 2479 solvit,
1718 2429 1782 2469 ac
1806 2431 1900 2470 co-

337 2509 660 2580 gitationum
703 2506 928 2562 semitas
965 2506 1110 2560 velut
1148 2506 1417 2574 spatiosos
1451 2505 1720 2575 quosdam
1754 2521 1900 2560 cam-

338 2615 437 2669 pos
469 2602 716 2666 exaequat
753 2605 918 2665 atque
955 2595 1219 2658 adornat,
1261 2610 1595 2664 currumque
1634 2594 1901 2649 orationis

338 2691 403 2744 ad
438 2690 540 2743 iter
577 2685 998 2757 aggrediendum
1039 2693 1350 2755 promptum
1392 2686 1569 2741 reddit
1602 2694 1655 2740 et
1680 2686 1904 2754 expedi-

341 2791 451 2830 tum
473 2815 487 2838 ,
521 2775 649 2828 dum
685 2774 833 2828 clara
857 2789 992 2829 voce
1025 2774 1174 2828 hisce
1202 2774 1605 2843 quodammodo
1634 2776 1904 2829 exclamat

341 2867 558 2922 verbis:
602 2863 782 2934 Neque
817 2864 1106 2918 accendunt
1141 2863 1414 2917 lucernam
1435 2905 1450 2927 ,
1479 2874 1529 2918 et
1560 2874 1759 2932 ponunt
1787 2882 1902 2918 eam

341 2955 436 3010 sub
466 2954 673 3019 modio,
703 2952 793 3007 sed
822 2969 978 3021 super
1007 2951 1414 3019 candelabrum,
1445 2962 1502 3006 ut
1532 2954 1703 3008 luceat
1731 2955 1904 3008 omni—

342 3045 435 3098 bus
459 3044 549 3113 qui
576 3043 628 3096 in
659 3043 814 3096 domo
843 3051 964 3096 sunt
995 3041 1034 3095 ί.
1071 3041 1212 3106 Quid
1239 3057 1368 3096 vero
1398 3058 1462 3097 ex
1497 3043 1563 3096 iis
1600 3043 1907 3114 intelligen~

341 3135 472 3188 dum
509 3133 608 3197 sit,
651 3133 935 3202 subjungit
983 3133 1214 3187 dicens:
1255 3130 1343 3186 Sic
1383 3132 1552 3187 luceat
1595 3134 1686 3187 lux
1733 3145 1906 3188 vestra

344 3243 522 3280 coram
548 3224 862 3291 hominibus,
885 3233 941 3276 ut
964 3225 1172 3278 uideant
1197 3240 1353 3294 opera
1375 3234 1546 3279 vestra
1571 3225 1725 3280 bona.
1755 3224 1907 3280 Nun-

345 3320 475 3390 quid
505 3319 673 3390 igitur
706 3316 1137 3387 reprehendendi
1165 3317 1358 3371 merito
1382 3317 1620 3383 erimus.
1655 3317 1700 3371 si
1737 3317 1910 3388 negli-

346 3416 533 3480 gentes
562 3416 726 3477 atque
755 3407 938 3476 ignavi
968 3405 1187 3460 silentio
1218 3405 1612 3460 involverimus
1643 3405 1777 3459 illud
1798 3445 1813 3469 ,
1851 3404 1908 3459 in

346 3513 456 3569 quo
481 3497 813 3554 celebrando
845 3511 1070 3566 magnos
1104 3511 1321 3551 sumere
1355 3496 1568 3552 animos
1600 3495 1718 3566 ipse
1750 3511 1908 3549 man-

346 3591 496 3646 davit
525 3587 836 3645 Dominus?
869 3588 1006 3642 Cum
1037 3587 1182 3643 enim
1215 3587 1391 3643 sancti
1427 3586 1591 3656 hujus
1625 3585 1803 3642 Patris
1830 3587 1914 3640 vi--
1943 3577 1984 3631 Β

347 3693 455 3737 tam
497 3691 758 3751 tanquam
796 3680 1066 3736 illustrem
1105 3695 1169 3734 ac
1208 3681 1324 3734 sole
1359 3678 1785 3751 splendidiorem
1829 3678 1913 3733 fa-

347 3790 465 3830 cem
504 3774 623 3828 orbi
663 3772 1012 3836 accenderit,
1053 3771 1542 3842 exponendamque
1582 3772 1742 3827 nobis
1781 3786 1913 3842 pro-

348 3863 634 3936 posuerit,
668 3878 774 3917 non
807 3861 945 3926 fert,
976 3870 1036 3915 ut
1058 3861 1212 3915 illam
1247 3862 1464 3916 silentio
1500 3868 1912 3932 przetereuntcs,

349 3956 455 4011 sub
494 3954 676 4008 modio
713 3953 1055 4008 occultemus
1088 3971 1100 4005 :
1142 3968 1330 4006 verum
1374 3953 1428 4006 in
1469 3953 1689 4008 sublimi
1731 3953 1914 4022 potius

346 4046 607 4102 Ecclesia:
634 4045 840 4100 vertice
871 4057 1220 4113 reponamus,
1249 4052 1307 4098 ut
1339 4044 1556 4099 cunctis
1585 4044 1796 4099 eluceat
1821 4043 1914 4113 qui

350 4139 405 4192 in
447 4137 550 4192 hac
587 4137 755 4191 totius
795 4135 946 4191 orbis
987 4142 1257 4190 terrarum
1293 4144 1586 4192 versantur
1620 4136 1820 4191 domo:
1863 4141 1917 4190 et

348 4229 441 4299 qui
495 4244 562 4284 ex
606 4228 697 4282 illa
752 4227 934 4282 lumen
994 4228 1336 4297 acceperint,
1385 4228 1662 4284 caelestem
1705 4227 1916 4284 Patrem

349 4320 651 4391 gloriﬁcent
672 4361 686 4384 ,
718 4327 882 4389 atque
910 4317 1241 4373 collaudem.

421 4409 788 4476 Quamobrem
820 4424 929 4464 non
958 4411 1038 4465 sic
1069 4416 1357 4479 paternum
1386 4409 1534 4464 illius
1564 4409 1917 4463 metuendum

349 4509 436 4558 cst
471 4501 751 4556 vinculum
777 4541 792 4564 ,
834 4508 894 4555 ut
935 4499 1110 4568 ipsius
1149 4497 1366 4552 Domini
1407 4498 1722 4552 mandatum
1764 4513 1918 4568 sper-

351 4599 555 4646 natur:
592 4593 725 4662 quin
762 4590 927 4644 etiam
961 4589 1136 4658 ipsius
1172 4588 1502 4642 laudationis
1538 4588 1752 4642 initium
1790 4589 1917 4644 inde

301 4704 305 4707 '
350 4682 671 4755 capiendum
700 4680 831 4744 fuit,
859 4679 1075 4733 tametsi
1104 4679 1158 4731 in
1181 4686 1478 4733 extremam
1505 4678 1770 4734 orationis
1794 4695 1918 4749 par-

351 4784 458 4832 tem
497 4792 599 4831 nos
639 4775 782 4830 istud
813 4772 1183 4842 rejecerimus.
1219 4769 1350 4825 Rem
1383 4769 1530 4823 enim
1562 4771 1735 4838 ipsam
1770 4780 1917 4828 recte

353 4869 662 4939 inspicienti
689 4909 705 4932 ,
732 4866 865 4922 illud
892 4865 1035 4920 haud
1069 4879 1298 4935 prorsus
1328 4862 1574 4917 videatur
1604 4862 1878 4917 vinculum
1900 4906 1916 4929 ,

2003 2325 2168 2389 Θείοις
2203 2325 2552 2394 Εὑαγγελίοις
2593 2305 2910 2397 παραϐολὴ,
2961 2325 3118 2396 ἡτοῦ
3163 2305 3354 2396 λύχνου
3403 2343 3567 2397 μυστ⁸

2003 2418 2238 2486 αγωγία,
2268 2417 2361 2471 καὶ
2378 2415 2476 2488 τὴν
2493 2415 2735 2486 γλῶτταν
2759 2416 2920 2487 κημῷ
2940 2415 3036 2484 τῆς
3057 2415 3295 2484 ἀφωνίας
3314 2414 3430 2467 λύει
3454 2415 3571 2467 δου-

2003 2507 2280 2571 λεύουσαν,
2317 2508 2410 2561 καὶ
2441 2507 2540 2571 τὰς
2559 2508 2707 2571 ὁδοὺς
2736 2509 2844 2561 τῶν
2873 2508 3178 2578 νοημάτων,
3207 2507 3282 2570 ὡς
3323 2505 3569 2577 ἱππηλά-

2004 2617 2129 2662 τους
2153 2597 2372 2671 τρί6ους
2400 2599 2772 2670 προομαλίζει,
2804 2599 2897 2652 καὶ
2936 2599 2996 2652 τὸ
3031 2599 3124 2652 τοῦ
3157 2599 3314 2666 λόγου
3356 2597 3566 2650 πολυει-

2006 2690 2257 2745 δέστατον
2279 2691 2348 2761 ἂρ
2355 2708 2428 2760 μα
2448 2691 2539 2743 ἐπὶ
2554 2690 2826 2761 λεωφόρον
2843 2691 3054 2760 τρέχειν
3069 2683 3182 2742 ὁδὸν
3205 2687 3568 2760 ἑτοιμάζεται,

2006 2774 2109 2835 ὧδέ
2143 2799 2216 2850 πη
2265 2780 2599 2852 διαπρυσίως
2635 2779 2846 2850 βοῶσαο
2903 2783 2984 2834 Ob
3037 2785 3276 2834 καίουσι
3321 2781 3571 2848 λύχνον,

2007 2869 2108 2924 καὶ
2139 2870 2404 2925 τιθέασιν
2436 2870 2554 2924 ὐπὸ
2606 2869 2711 2923 τὸν
2736 2869 2967 2939 μόδιον,
3017 2871 3152 2924 ἀλλ’
3193 2871 3291 2924 ἐπὶ
3326 2869 3440 2937 τὴν
3465 2872 3574 2922 λυ-

2008 2963 2208 3033 χνίαν,
2243 2961 2340 3016 καὶ
2366 2960 2585 3029 λάμπει
2621 2959 2771 3016 πᾶσι
2809 2961 2934 3027 τοῖς
2961 2960 3032 3014 ἐν
3055 2959 3130 3030 τῇ
3166 2959 3342 3026 οἰκίᾳ.
3382 2960 3490 3011 Καὶ
3516 2958 3576 3010 τὸ

2009 3057 2073 3108 ἐκ
2097 3053 2289 3108 τούτου
2319 3053 2378 3106 ἐν
2413 3051 2564 3122 βάθει
2596 3053 2882 3122 νοούμενον
2931 3052 3122 3120 ἐπάγει
3166 3051 3431 3119 λέγουσα·
3464 3049 3576 3102 Οὓ-

2008 3163 2122 3210 τως
2152 3141 2545 3213 laud-draco
2575 3141 2700 3210 φῶς
2745 3141 2910 3211 ὑμῶν
2951 3141 3290 3211 ἔμπροσθεν
3317 3137 3435 3194 τῶν
3477 3139 3581 3193 ἁν-

2013 3233 2259 3301 θρώπων
2278 3272 2292 3297 ,
2322 3231 2481 3296 ὅπως
2510 3231 2680 3285 ἴδωσι
2711 3231 2785 3286 τὰ
2813 3230 2968 3284 καλὰ
2997 3228 3140 3300 ἔργα
3164 3227 3349 3298 ὑμῶν.
3381 3229 3493 3281 Οὐκ
3513 3225 3581 3281 ἂν

2011 3323 2258 3377 ὑπαίτιον
2279 3322 2406 3392 γοῦν
2430 3322 2887 3392 ἐγκαλύπτεσθαι,
2917 3322 3010 3374 καὶ
3034 3321 3256 3391 δειλιᾷν,
3285 3322 3343 3372 ἐν
3376 3313 3457 3382 οἷς
3489 3319 3586 3371 a6-

2011 3413 2102 3476 τὸς
2141 3415 2172 3467 ό
2217 3413 2488 3484 Δεσπότης
2537 3412 2756 3483 θαρρεῖν
2800 3410 3226 3482 παρηγγύησενς
3285 3411 3382 3471 Ὃς
3424 3408 3586 3460 οἱονεὶ

2013 3503 2243 3575 φαιδρὰν
2278 3503 2491 3572 καὶτῆς
2528 3502 2759 3572 ἡλιακῆς
2794 3500 3180 3572 λαμπροτέραν
3206 3498 3416 3567 ἀνάψεις
3441 3498 3586 3567 λαμ·-

2015 3595 2179 3660 πάδα,
2201 3594 2299 3665 τὴν
2338 3592 2433 3646 τοῦ
2469 3592 2829 3664 προκειμένου
2855 3591 3018 3646 ηοείου
3068 3591 3278 3663 Πατρὸς
3304 3588 3459 3657 ἡμῶν
3498 3588 3586 3648 εἰς

2013 3689 2263 3760 διήγησιν
2315 3686 2627 3752 πολιτείαν,
2683 3685 2780 3755 οὐχ
2808 3683 2912 3737 ὑπὸ
2943 3683 3035 3736 τὸν
3076 3683 3176 3753 τῆς
3219 3680 3371 3749 σιγῆς·
3411 3696 3585 3732 κατα-

2015 3779 2350 3853 κρύπτεσθαι
2380 3778 2583 3848 ταύτην
2619 3777 2864 3848 βούλεται
2905 3777 3115 3847 μόδιον,
3153 3775 3265 3828 ἀλλ’
3305 3773 3414 3826 ἄνω
3445 3787 3587 3840 προ-

2018 3870 2226 3924 κεῖσθαι
2275 3871 2362 3921 ἐπ’
2403 3870 2574 3939 αὐτῆς
2621 3868 2719 3939 τῆς
2778 3863 3270 3934 Ἐκκλησιαστικῆς
3318 3859 3588 3930 κορυφῆς,

2015 3963 2154 4018 ὥστε
2185 3961 2393 4033 φαίνειν
2420 3964 2553 4015 πᾶσι
2576 3962 2687 4023 τοῖς
2715 3959 2773 4014 ἐν
2806 3961 2872 4030 τῇ
2905 3957 3141 4029 κοσμικῇ
3164 3949 3598 4024 περιστρεφομέ-

2016 4072 2128 4118 νοις
2155 4054 2301 4125 οῑκίᾳ
2322 4070 2336 4084 ·
2370 4055 2433 4106 ἐκ
2475 4051 2677 4121 ταύτης
2711 4067 2771 4104 τε
2799 4050 2923 4113 τοὺς
2955 4048 3196 4120 ὁρῶντας
3222 4045 3469 4114 δοξάζειν
3495 4041 3594 4096 τὸν

2017 4147 2236 4218 Πατέρα
2263 4146 2355 4200 τὸν
2387 4148 2444 4198 ἐν
2467 4146 2581 4208 τοῖς
2601 4143 2869 4214 οὐρανοῖς.

2089 4401 2206 4454 Οὐκ
2230 4401 2337 4471 ἄρα
2369 4400 2460 4453 τὸν
2489 4399 2752 4470 πατρικὸν
2782 4394 3109 4468 εὐλαϐητέον
3134 4395 3343 4449 ἐκείνου
3367 4395 3594 4464 δεσμὸν,

2019 4496 2101 4548 ὅτι
2125 4494 2448 4557 Δεσποτικὸς
2479 4495 2726 4546 πατεῖται
2747 4491 2946 4562 θεσμός
2970 4505 2983 4520 ·
3012 4490 3224 4559 ἀνάγκη
3250 4487 3360 4558 γὰρ
3382 4486 3560 4540 ἐκεῖθε
3576 4505 3601 4540 φ

2018 4585 2129 4639 τῶν
2156 4585 2389 4638 ἐπαίνων
2421 4584 2604 4638 λαϐεῖν
2630 4583 2730 4647 τὰς
2749 4583 2942 4653 ἀρχὰς,
2967 4581 3068 4636 κᾶν
3102 4584 3135 4651 ἡ
3164 4580 3259 4634 νῦν
3279 4578 3600 4649 παράληψις

2019 4680 2084 4749 τῇ
2109 4676 2257 4730 Θέσει
2301 4677 2529 4730 κατόπιν
2561 4675 2671 4729 τῶν
2706 4674 2995 4745 ἐγκωμίων
3033 4671 3360 4743 ἀφώρισται.
3404 4667 3598 4721 Ἐπει-

2020 4767 2194 4839 δήπερ
2224 4767 2300 4838 τῷ
2340 4768 2520 4832 καλῶς
2551 4767 2846 4837 διακρίνειν
2873 4769 3034 4822 είδότι
3071 4767 3139 4820 τὰ
3180 4765 3501 4836 πράγματα,
3530 4762 3597 4814 οὺ

2021 4857 2216 4926 δεσμὸς
2241 4861 2448 4921 ἐκεῖνος
2470 4857 2674 4924 ἁπλῶς,
2701 4858 2978 4928 ἀπείργων
3000 4856 3296 4926 ἐγκωμίοις
3321 4851 3598 4906 καταστέο

351 4959 498 5030 quod
533 4959 829 5014 humanam
859 4958 1086 5030 gloriam
1111 4965 1450 5012 aversantem
1476 4962 1622 5009 vetet
1651 4969 1918 5012 exornare

2023 4967 2142 5019 φειν
2177 4951 2273 5020 τὴν
2322 4951 2667 5022 ἀνθρωπίνην
2709 4927 2865 5014 δόξαν
2904 4948 3411 5020 ἀποστρεφόμενον·
3455 4943 3602 4998 ἀλλὰ

349 5048 638 5104 laudibus:
675 5056 768 5102 aut
799 5063 932 5104 sane
959 5047 1241 5102 vinculum
1273 5046 1340 5100 ad
1370 5046 1691 5101 solvendum
1724 5045 1884 5102 facile
1907 5088 1920 5112 ,

349 5139 725 5210 obligatioque
761 5137 1072 5208 ejusmodi,
1112 5153 1233 5207 quae
1268 5136 1336 5191 ad
1376 5138 1478 5191 hoc
1519 5137 1696 5207 ipsum
1738 5138 1924 5207 potius

350 5233 719 5302 praestandum
759 5230 1006 5301 impellat
1038 5237 1306 5284 amantes.
1341 5226 1476 5282 Nam
1507 5244 1575 5285 ex
1608 5229 1806 5301 quibus
1835 5231 1925 5286 ille

351 5321 540 5379 laudes
566 5338 626 5378 se
658 5321 989 5378 evitaturum
1021 5318 1321 5374 arbitratus
1351 5327 1464 5386 est,
1501 5320 1779 5376 interdicti
1806 5323 1925 5376 vin-

423 5457 441 5488 ⁸
483 5457 672 5514 Matth.
711 5473 766 5522 ν,
803 5455 897 5522 15,
934 5454 1038 5522 16;
1073 5453 1206 5508 Luc.
1233 5469 1362 5518 vnt,
1405 5452 1492 5507 16.

2019 5043 2216 5113 δεσμὸς
2270 5043 2522 5112 ἄδεσμος,
2577 5043 2672 5096 καὶ
2714 5041 2918 5112 κατοχὴ
2959 5040 3280 5102 ἀκάθεκτος,
3333 5037 3474 5108 πρὸς
3531 5035 3594 5087 τὸ

2019 5136 2259 5189 ἐναντίον
2280 5137 2405 5197 τοὺς
2428 5135 2664 5206 ἐραστὰς
2692 5133 3022 5188 συνωθοῦσα.
3045 5131 3120 5184 Δι’
3148 5125 3224 5185 ὧν
3244 5130 3353 5199 γὰρ
3383 5129 3593 5190 ἐκεῖνος

2019 5229 2145 5291 τοὺς
2183 5229 2482 5300 ἡμετέρους
2533 5230 2792 5297 ἐκφυγεῖν
2834 5227 3084 5288 ἐπαίνους
3129 5221 3586 5292 κατεστοχάσατο,

2020 5321 2203 5392 δεσμῷ
2225 5322 2322 5394 τὴν
2357 5322 2667 5394 ἐγχείρησιν
2690 5319 3060 5390 ἀποτειχίσας,
3083 5316 3173 5371 διὰ
3198 5314 3406 5368 τούτων
3430 5312 3587 5384 ἡμεῖς

424 5615 502 5683 (l)
565 5615 1077 5696 lianc_orationem
1120 5612 1325 5670 frustra
1372 5611 1540 5683 aliqui
1611 5619 1668 5668 ut
1711 5610 1933 5696 dubiam
1956 5609 2308 5680 habuerunt;
2367 5612 2440 5668 cl.
2495 5611 2783 5669 Assemani
2828 5610 3045 5682 Prolcg.
3092 5610 3312 5683 intem.
3370 5606 3413 5678 l,
3460 5617 3584 5677 opp.

353 5683 524 5742 Cra-0.
564 5687 620 5739 S.
656 5685 921 5755 Ephrwnt.
