3918 6204
327 210 439 272 821

1408 203 1496 261 DE
1533 203 1694 261 VlTA
1734 203 1793 264 S.
1834 201 2084 259 PATRIS
2120 198 2432 256 EPHRIEM
2473 196 2649 253 SYRI.

3477 191 3585 248 8'22

330 325 439 389 τὰς
479 321 731 393 ἀφορμὰς
761 319 869 374 τῶν
904 320 1193 390 ἐγκωμίων
1235 319 1603 393 λαμϐάνομεν.
1647 323 1914 376 Ἕκαστον

2028 319 2140 375 eulo
2170 324 2390 372 nostros
2422 321 2656 370 conatus
2689 312 3018 369 subvertens
3048 317 3214 382 alque
3247 309 3591 379 impediens,

337 414 443 487 μὲν
465 409 559 466 οὖν
592 410 756 466 αὐτοῦ
809 409 1187 482 πλεονέκτημα
1236 410 1371 482 πρὸς
1402 412 1655 484 ἀφορμὴν
1693 412 1912 465 ἐπαίνου

333 505 567 570 τελείου,
603 503 840 574 μάλιστα
862 503 921 557 δὲ
948 504 1008 557 τὸ
1036 504 1111 575 μὴ
1137 503 1346 574 χαίρειν
1375 502 1598 574 ἐπαίνῳ.
1637 503 1915 557 Ἐϐούλετο

334 597 455 667 γὰρ
475 597 534 650 οὐ
564 595 763 658 δοκεῖν,
796 594 911 648 ἀλλ’
935 589 1074 649 εἶναι
1102 593 1356 666 χρηστός.
1381 595 1459 646 Δι’
1480 593 1611 648 αὐτὸ
1630 593 1916 664 τοιγαροῦν

335 692 443 745 καὶ
473 689 650 761 μόνον,
677 688 783 742 κᾶν
816 686 984 759 μηδὲν
1027 686 1214 757 ἕτερον
1255 685 1404 751 ἄξιον
1434 685 1715 758 πέπραχεν
1762 685 1919 739 ὲπαί-

334 800 473 848 νων,
521 777 965 853 ἐγκωμιάζεσθαι
1009 779 1249 843 δίκαιον,
1285 778 1368 832 ὅτι
1415 779 1666 833 τοσοῦτον
1708 778 1918 850 χαίρειν

334 870 463 926 εἷπε
498 874 610 935 τοῖς
656 869 976 941 ἐγκωμίοις,
1004 869 1080 931 ὡς
1120 868 1214 922 καὶ
1244 866 1428 939 δεσμῷ
1476 865 1776 938 σφραγίσαι
1821 866 1918 936 τὴν

335 966 433 1018 ἐπ’
452 965 636 1026 aerei;
664 962 1001 1033 ἐπιτίμησιν.
1051 959 1213 1030 Ἦμῖν
1245 959 1301 1013 δὲ
1328 958 1484 1013 τοῦτο
1525 957 1742 1030 πρῶτον
1771 958 1918 1018 ἀνοία

335 1072 432 1124 γει
462 1053 558 1111 τοῦ
583 1055 740 1123 λόγου
767 1054 827 1107 τὸ
855 1052 1065 1107 στάδιον
1085 1092 1100 1116 ,
1138 1051 1233 1105 καὶ
1258 1051 1594 1122 πληροφορεῖ
1616 1049 1691 1122 μὴ
1718 1049 1918 1119 βαίνειν

336 1146 623 1211 ἀσκόπως,
661 1146 798 1217 μηδὲ
842 1144 983 1202 κατὰ
1012 1144 1258 1216 κρημνοῦ
1285 1142 1565 1213 φέρεσθαι,
1599 1142 1736 1198 ἀλλὰ
1765 1142 1918 1213 βασι-

336 1236 500 1308 λικὴν
522 1236 728 1290 ὁδεύειν
757 1234 894 1302 ὁδὸν,
928 1232 1106 1296 καλῶς
1130 1233 1626 1304 ἀναλογιζομένοις,
1652 1234 1840 1305 ὅτιπερ
1871 1235 1918 1287 εί

340 1329 425 1400 μὴ
450 1328 601 1395 ἀξιον
638 1327 875 1381 ἐπαίνων
906 1326 1097 1380 ἑαυτὸν
1124 1326 1153 1380 6
1191 1323 1493 1396 θαυμάσιος
1514 1323 1606 1378 τοῦ
1638 1324 1772 1379 Θεοῦ
1804 1341 1922 1377 συν-

337 1420 515 1492 εώρα,
562 1420 662 1474 οὐκ
693 1419 760 1474 ἂν
803 1418 1070 1490 εὐφημεῖν
1114 1417 1279 1474 αὐτὸν
1310 1419 1541 1491 ἀπεῖργε
1570 1420 1695 1483 τοὺς
1740 1417 1921 1472 θέλον-

340 1528 465 1575 τας.
492 1510 682 1572 Οὐδεὶς
712 1508 822 1581 γὰρ
867 1509 942 1581 μὴ
977 1506 1408 1580 θαυμαζόμενος,
1439 1508 1520 1562 ἔτι
1561 1507 1786 1582 περιὼν,
1828 1509 1920 1562 ἐπὶ

344 1601 629 1672 μεγίστοις
654 1600 1093 1671 πλεονεκτήμασι
1131 1601 1418 1672 παρεγγυᾷ
1465 1601 1577 1664 τοῖς
1604 1600 1917 1671 μετέπειτα,

2015 426 2079 467 ea
2129 411 2288 465 nobis
2333 410 2449 479 ipsa
2498 406 2752 461 laudandi
2807 405 3155 461 occasionem
3213 401 3582 472 suppeditant.

2016 501 2151 557 Cum
2182 501 2327 555 enim
2376 497 2602 569 singulm
2653 497 2927 566 praeclarae
2980 496 3149 550 animi
3205 497 3379 564 ipsius
3429 492 3589 549 dotes

2017 589 2242 644 uberem
2294 586 2362 643 ad
2405 586 2739 642 laudandum
2788 586 3068 640 materiam
3115 585 3435 645 exhibeant,
3472 592 3587 637 tum

2018 679 2152 735 illud
2182 694 2305 735 cum
2337 678 2567 749 primis,
2619 676 2767 748 quod
2823 675 3075 743 laudibus
3132 691 3243 731 non
3296 674 3584 728 eliciatur.

2018 771 2252 843 Optabat
2277 773 2477 842 quippe
2507 785 2617 825 non
2655 769 2858 834 videri,
2895 767 2989 824 sed
3018 768 3195 823 bonus
3232 768 3411 838 potius
3441 780 3584 820 esse.
3644 812 3650 821 .

2019 863 2097 919 Ex
2131 878 2240 935 quo
2270 863 2488 933 quidem
2521 861 2606 917 vel
2652 860 2808 923 solo,
2867 859 2996 915 licet
3043 857 3191 913 aliud
3250 858 3385 911 nihil
3430 856 3588 911 laude

2018 958 2244 1027 dignum
2293 953 2668 1025 praestitisset,
2710 950 3006 1007 collaudari
3060 948 3307 1020 profecto
3350 963 3588 1005 merere-

2019 1061 2147 1106 tur:
2184 1048 2322 1104 adeo
2355 1046 2501 1102 enim
2541 1042 2796 1100 laudibus
2829 1057 2890 1099 se
2919 1041 3177 1098 delectari
3215 1040 3414 1103 aiebat,
3443 1048 3588 1121 ιιι.οο

2019 1141 2240 1198 vinculo
2294 1137 2748 1209 vituperationem
2796 1150 2858 1190 ex
2914 1134 3022 1190 illis
3079 1141 3390 1188 manantem
3440 1132 3590 1186 obsi—

2020 1248 2190 1306 gnare
2230 1229 2483 1285 maluerit
2521 1234 2683 1298 atque
2726 1226 2950 1283 evitare.
2992 1223 3141 1279 Istud
3185 1237 3314 1279 vero
3355 1222 3592 1292 primum

2019 1333 2221 1382 nostra:
2271 1320 2505 1377 orationi
2560 1319 2797 1375 stadium
2839 1316 3050 1387 aperit,
3097 1313 3341 1371 et-clare
3393 1322 3593 1367 metam

2018 1416 2298 1481 ostendit,
2336 1413 2402 1469 ad
2434 1425 2597 1483 quam
2636 1410 2872 1481 dirigere
2917 1422 3142 1464 cursum
3187 1413 3470 1476 oporteat:
3523 1417 3593 1457 ne

2021 1517 2227 1564 temere
2258 1503 2675 1577 progredientes
2712 1501 2952 1557 feramur
2987 1498 3324 1571 praecipites,
3361 1494 3459 1552 sed
3494 1508 3592 1565 per

2020 1601 2166 1655 viam
2213 1598 2531 1653 incedentes
2581 1594 2819 1665 regiam,
2850 1592 3265 1648 consideremus
3315 1587 3593 1643 admiran-

340 1691 513 1763 λήθης
554 1690 805 1762 πτώματι
845 1690 941 1762 τὴν
984 1688 1177 1745 ἑαυτοῦ
1233 1693 1453 1763 μνήμην
1500 1689 1916 1764 παραφανίζειν.

2028 1693 2151 1748 dum
2183 1690 2335 1746 illum
2370 1687 2466 1742 Dei
2505 1686 2682 1741 virum
2722 1683 3126 1754 prohibiturum
3167 1696 3276 1738 non
3319 1679 3486 1736 fuisse
3523 1693 3593 1733 ne

346 1781 492 1853 Πρὸς
514 1782 578 1854 δὴ
614 1781 824 1847 τούτοις
853 1781 969 1837 ἔστι
1005 1784 1101 1837 καὶ
1127 1782 1284 1837 τοῦτο
1328 1786 1501 1838 εἰπεῖν
1519 1802 1532 1815 ⁸
1563 1786 1645 1839 ὅτι
1672 1785 1922 1855 καθάπερ

344 1874 561 1938 Παῦλος
584 1876 613 1928 6
639 1875 823 1948 ῥήτωρ
843 1874 941 1944 τῆς
963 1876 1202 1946 χάριτος,
1225 1876 1254 1929 6
1278 1878 1643 1945 νυμφοστόλος
1659 1877 1759 1947 τῆς
1797 1878 1918 1931 Ἐκε-

2021 1790 2359 1852 laudaretur,
2399 1786 2508 1842 nisi
2548 1783 2805 1840 laudibus
2847 1796 2907 1837 se
2945 1779 3171 1852 dignum
3221 1777 3589 1849 cognovisset.

2019 1880 2155 1936 Nam
2191 1881 2413 1943 nullus,
2453 1876 2563 1932 nisi
2604 1875 2762 1931 valde
2804 1873 3035 1944 insignis
3082 1880 3247 1942 atque
3287 1868 3595 1938 suspicien-

344 1965 596 2036 κλησίας,
626 1966 686 2019 τὸ
714 1966 806 2020 τοῦ
830 1965 1066 2038 Χριστοῦ
1100 1967 1291 2037 στόμα,
1324 1967 1424 2021 οὐκ
1456 1967 1702 2021 ἀπώλεσε
1733 1969 1793 2022 τὸ
1825 1986 1923 2023 και

2028 1973 2153 2037 dus,
2189 1986 2314 2027 cum
2354 1969 2536 2025 adhuc
2571 1969 2627 2022 in
2664 1968 2775 2023 vita
2817 1965 3075 2020 maximis
3112 1961 3414 2018 virtutibus
3454 1973 3594 2030 pra:-

342 2054 553 2110 λεῖσθαι
597 2055 936 2121 ’Δπόστολος,
977 2057 1065 2111 διά
1104 2057 1166 2110 τὸ
1214 2060 1408 2126 εἰπεῖν,
1443 2061 1565 2114 Οὐκ
1595 2060 1717 2128 ειμι
1755 2060 1923 2127 ἄξιος

2028 2064 2182 2121 eellat
2204 2103 2220 2129 ,
2258 2063 2579 2120 memoriam
2612 2061 2698 2118 sui
2729 2059 3008 2116 oblivione
3037 2054 3178 2127 apud
3210 2060 3464 2126 posteros
3495 2052 3594 2106 de-

342 2147 658 2202 ωλεῖσθαι
696 2149 1095 2215 Ἀπόστολος’
1135 2148 1335 2219 μᾶλλον
1384 2151 1483 2220 μὲν
1513 2147 1604 2205 οὖν
1632 2151 1718 2206 διὰ
1760 2152 1919 2206 τοῦτο

2028 2156 2120 2211 leri
2151 2156 2360 2225 jubeat.
2397 2154 2463 2209 Et
2493 2150 2953 2224 quemadmodum
2995 2148 3233 2213 Paulus,
3270 2144 3595 2217 praedicator

342 2236 480 2289 αὐτὸ
506 2236 568 2289 τὸ
600 2238 1075 2309 μετριοφρονῆσαι,
1111 2241 1298 2309 μεῖζον
1341 2242 1689 2312 ἀπηνέγκατο
1738 2242 1915 2307 κλέος.

2028 2247 2249 2317 gratiae,
2284 2260 2491 2317 auspex
2530 2243 2817 2307 Ecclesiae,
2846 2230 2917 2297 ‘os
2951 2240 3157 2296 Christi
3181 2278 3197 2304 ,
3248 2238 3377 2293 licet
3418 2237 3489 2292 de
3535 2250 3597 2291 se

342 2323 505 2377 Οὕτω
541 2323 604 2397 δὴ
644 2326 737 2379 καὶ
772 2329 801 2380 6
824 2326 996 2397 μέγας
1026 2328 1217 2400 Πατὴρ
1254 2329 1434 2400 ήμῶν,
1479 2331 1697 2397 ἀνάξιον
1730 2332 1920 2386 ἑαυτὸν

2028 2339 2144 2408 ipse
2174 2339 2376 2394 dixerit
2405 2355 2418 2393 :
2468 2334 2591 2392 Non
2619 2351 2737 2391 sum
2772 2334 2964 2405 dignus
2997 2332 3198 2386 vocari;
3221 2330 3494 2401 apostolus
3530 2329 3592 2393 ²;

342 2416 588 2471 ἐπαίνων
635 2418 700 2472 δι’
752 2418 1035 2473 εὐλάϐειαν
1091 2419 1303 2491 κρίνας,
1368 2420 1515 2488 ἄξιος
1567 2422 1919 2495 εὑρεθήσεται

2029 2446 2136 2485 non
2171 2439 2353 2486 tamen
2386 2428 2510 2485 ideo
2542 2426 2752 2493 eﬂ‘ecit,
2783 2441 2882 2482 cur
2909 2426 3092 2481 minus
3121 2422 3401 2493 apostolus
3433 2435 3593 2476 voca-

342 2512 489 2563 κατᾰ
514 2510 575 2563 τὸ
600 2511 910 2567 ἀκόλουθον.
1578 2512 1583 2517 ’

2028 2528 2219 2576 retur:
2256 2520 2366 2573 imo
2397 2524 2604 2588 quanto
2645 2517 2764 2587 ipse
2803 2514 3133 2571 submissius
3178 2510 3247 2567 de
3283 2526 3344 2567 se
3383 2511 3592 2575 sensit,

343 2609 503 2657 tanto
530 2604 791 2673 majorem
822 2617 1153 2664 consecutus
1179 2617 1262 2666 est
1295 2609 1548 2680 gloriam.
1577 2610 1780 2683 Sicque
1808 2629 2038 2686 magnus
2067 2622 2255 2682 noster
2277 2614 2371 2670 hic
2417 2612 2597 2680 Pater,
2660 2610 2918 2681 quoniam
2960 2608 3260 2681 prudenter
3312 2621 3379 2661 ac
3434 2613 3596 2662 cauto

350 2698 594 2763 seipsum
622 2697 883 2756 laudibus
917 2701 1199 2773 indignum
1238 2704 1486 2771 censuit,
1527 2706 1648 2763 ideo
1676 2708 1935 2780 deinceps
1976 2709 2232 2766 laudibus
2266 2708 2533 2767 celebrari
2566 2714 2934 2779 promeretur.

432 2792 582 2846 Ἐπεὶ
612 2788 705 2849 οὖν
748 2794 1017 2866 ήμέτερος
1056 2797 1155 2869 τῆς
1186 2798 1517 2871 Ἐκκλησίας
1562 2802 1745 2874 νόμος,
1798 2806 1923 2872 τούς

343 2883 448 2953 τῆς
492 2884 696 2956 ἀρετῆς
727 2887 976 2958 ζηλωτὰς
1004 2890 1068 2943 ἐκ
1100 2889 1193 2944 τοῦ
1241 2891 1443 2964 ταύτης
1474 2895 1545 2948 τά
1572 2895 1690 2967 εἴδη
1733 2899 1926 2972 μετέρ-

345 2973 541 3044 χετθαι
574 2977 875 3045 στεφανοῦν
902 2973 1009 3031 οἶδε
1033 2995 1048 3011 ο
1074 2981 1170 3034 καὶ
1204 2980 1406 3037 τούτων
1431 2983 1545 3038 ὅσοι
1586 2986 1821 3056 μάλιστα
1847 2988 1923 3060 τῷ
1949 2971 1991 3030 c

346 3065 591 3136 ταπεινῷ
636 3067 730 3121 τοῦ
776 3070 1120 3141 φρονήματος
1178 3073 1359 3146 μέτρῳ
1401 3080 1786 3148 πνευματικῶς
1832 3082 1926 3136 ἀν-

347 3154 674 3227 υςρὼθησαν,
708 3157 848 3212 κατὰ
883 3159 944 3212 τὸ
979 3158 1072 3213 τοῦ
1115 3161 1321 3235 Κυρίου
1354 3166 1411 3219 ὲν
1440 3166 1793 3238 Εὐαγγελίοις
1825 3163 1926 3226 ὧδέ

348 3264 469 3311 πως
498 3249 788 3320 εἰρημένον
808 3267 821 3280 ·
860 3251 923 3305 '0
950 3252 1244 3308 ταπεινῶν
1275 3255 1492 3311 ἑαυτὸν
1516 3259 1924 3328 ὑψωθήσεται*

346 3337 457 3403 ἔξω
514 3342 789 3407 παντελῶς
851 3343 1019 3415 ψόγου
1069 3346 1165 3399 καὶ
1223 3347 1554 3418 σκώμματος
1610 3352 1704 3406 καί⁹
1755 3354 1927 3426 αὐτῆς

344 3434 675 3503 τυγχάνουσι
723 3437 1118 3510 κατακρίσεως,
1151 3441 1199 3493 oi
1239 3441 1332 3495 τοῦ
1368 3443 1630 3514 παρόντος
1667 3444 1926 3518 θεοφόρου

345 3524 563 3594 Πατρὺς
586 3525 685 3590 τὰς
715 3528 914 3596 ἀρετὰς
958 3530 1383 3602 ἀναγράφοντες,
1420 3535 1512 3589 καὶ
1536 3531 1646 3590 οἷον
1680 3539 1758 3603 είς
1798 3540 1927 3611 στή-

342 3611 448 3684 λην
477 3612 717 3684 ἔμπνουν
738 3616 833 3670 καὶ
858 3616 1036 3682 ζῶσαν
1067 3620 1157 3674 τὸν
1181 3622 1389 3677 ἐκείνου
1419 3624 1533 3695 βίον
1561 3629 1695 3699 ἡμῖν
1718 3630 1929 3699 ἀνεγεί-

347 3720 557 3773 ροντες.
606 3706 713 3760 Καὶ
756 3707 864 3761 τῶν
907 3710 1353 3780 ἐπαγγελθέντων
1395 3717 1424 3768 6
1454 3717 1615 3787 σοφὸς
1652 3719 1927 3793 ἀκροατής

347 3794 545 3864 ἑπάξει
590 3797 650 3849 τὸ
685 3797 935 3869 ἀψευδὲς,
971 3802 1202 3857 κατόπιν
1239 3804 1331 3858 τοῦ
1359 3805 1518 3876 λόγου
1544 3808 1643 3874 τὰς
1680 3811 1927 3876 ποικίλας

348 3884 518 3938 αὐτοῦ
539 3886 647 3941 τῶν
675 3888 884 3960 ἀρετῶν
914 3892 1056 3958 ίδὲας
1071 3894 1485 3967 ἀναλεγόμενος,
1510 3891 1585 3955 ὧν
1612 3902 1774 3972 ἡμεῖς
1800 3903 1929 3957 καθ-

350 3977 499 4049 άπερ
531 3978 629 4034 ἕνα
664 3982 785 4036 τινά
823 3986 1251 4058 χρυσοκόλλητον
1296 3989 1579 4060 στέφανον,
1612 3993 1929 4065 πολυτίμοις

351 4068 449 4121 καὶ
490 4068 768 4144 διαφόροις
813 4076 1265 4150 περιηνθισμένον
1304 4086 1810 4157 χρυσουργήσαντες
1846 4085 1929 4139 λί-

350 4162 487 4228 θοις,
504 4167 570 4236 τῇ
595 4165 783 4240 νύμφῃ
809 4169 1044 4241 Χριστοῦ
1081 4170 1375 4246 Ἐκκλησία
1399 4175 1570 4247 δῶρον
1599 4177 1929 4249 ποθούμενον

2098 2806 2235 2863 Cum
2264 2820 2396 2878 ergo
2424 2819 2487 2861 ea
2512 2802 2770 2860 Ecclesiae
2802 2808 3008 2856 nostra:
3036 2796 3377 2855 consuetudo
3409 2796 3483 2851 sit
3510 2803 3595 2849 at-

2030 2914 2135 2971 que
2184 2899 2529 2965 institutum,
2588 2904 2648 2952 ut
2704 2895 2924 2951 virtutis
2980 2893 3256 2955 cultores,
3312 2896 3599 2960 prepterea

2025 2991 2169 3061 quod
2202 2990 2322 3061 ejus
2361 3000 2547 3061 partes
2579 2986 2815 3059 amplexi
2847 2986 2960 3042 sint
2981 3025 2996 3049 ,
3025 2989 3399 3049 coronentur;
3433 2989 3599 3052 atque

2029 3082 2106 3136 illi
2144 3082 2485 3151 potissimum
2507 3122 2522 3146 ,
2553 3080 2647 3150 qui
2685 3079 2755 3134 ob
2787 3077 3048 3133 humilem
3086 3075 3153 3131 de
3183 3074 3380 3144 seipsis
3409 3073 3599 3129 existi-

2000 3175 2324 3239 ,mationem
2368 3173 2566 3243 spiritu
2609 3170 2871 3227 sublimes
2901 3168 3219 3234 evaserint;
3254 3181 3376 3223 cum
3420 3165 3598 3235 ipsum

2027 3264 2174 3319 dicat
2220 3262 2614 3333 Evangelium:
2649 3260 2755 3326 Qui
2805 3276 2860 3314 se
2911 3258 3194 3325 humiliat,
3229 3255 3599 3311 exaltabitur:

2027 3355 2171 3409 haud
2218 3367 2491 3425 quaquam
2541 3366 2674 3407 sane
2718 3348 3102 3420 vituperandi,
3166 3350 3249 3404 \el
3297 3345 3596 3409 irridendi,

2029 3455 2125 3501 aut
2161 3442 2588 3516 reprehendendi
2646 3450 2801 3504 sunt,
2836 3441 2930 3512 qui
2979 3439 3156 3496 sancti
3209 3437 3372 3508 hujus
3416 3435 3609 3492 Patris

2029 3539 2263 3595 virtutes
2294 3543 2460 3605 atque
2491 3533 2741 3589 encomia
2775 3533 3153 3589 describentes
3174 3572 3190 3598 ,
3224 3531 3404 3600 ipsius
3437 3527 3599 3584 nobis

2026 3630 2195 3684 vitam
2232 3639 2491 3699 tanquam
2531 3610 2833 3697 spirantem
2859 3663 2873 3685 ,
2908 3631 2964 3680 et
3009 3624 3304 3677 animatam
3355 3620 3596 3689 aliquam

2028 3721 2337 3775 columnam
2387 3718 2623 3789 erigunt.
2666 3717 2797 3784 Quae
2839 3731 2968 3771 vero
3007 3714 3597 3779 commemoravimus,

2028 3824 2373 3880 nequaquam
2411 3808 2550 3863 falsa
2584 3822 2707 3863 esse
2740 3805 2980 3877 prudens
3017 3804 3235 3860 auditor
3269 3809 3595 3874 cognoscet,

2028 3901 2075 3954 si
2103 3900 2195 3953 ubi
2229 3906 2543 3969 peroratum
2578 3896 2746 3952 fuerit
2767 3936 2781 3960 ,
2814 3896 2963 3951 varia
2999 3895 3174 3966 ipsius
3211 3895 3475 3949 virtutum
3509 3906 3602 3964 ge-

2028 4006 2161 4046 nera
2191 3990 2500 4061 collegerit,
2546 4003 2613 4046 ex
2651 3988 2857 4058 quibus
2900 4003 2999 4044 nos
3041 3987 3191 4043 velut
3238 3984 3493 4058 pretiosis
3536 3997 3601 4037 ac

2030 4084 2264 4140 diversis
2309 4082 2548 4153 lapillis,
2594 4095 2841 4150 auroque
2878 4079 3197 4135 distinctam
3244 4085 3602 4135 contexentes

2030 4189 2325 4239 coronam,
2362 4181 2575 4244 gratum
2612 4180 2777 4240 atque
2810 4180 3055 4240 optatum
3088 4169 3293 4226 Christi
3343 4167 3602 4222 Ecclesiae

351 4257 831 4372 xeo-:xopioopsv'
876 4262 1058 4333 χαίρει
1090 4264 1199 4336 γὰρ
1229 4267 1341 4330 τοῖς
1383 4265 1643 4332 τοιούτοις
1676 4268 1923 4342 φιλοφρο-

2031 4267 2233 4322 donum
2262 4265 2576 4321 olferemus.
2601 4261 2777 4318 Gestit
2800 4261 3001 4332 quippe
3024 4260 3115 4313 illa
3140 4274 3205 4315 ac
3227 4258 3427 4329 gaudet
3447 4257 3601 4327 ejus-

2145 4357 2175 4372 .-
2243 4371 2251 4372 ,
2298 4371 2323 4372 κν
2937 4349 3367 4372 ___-_-.--_-____.-
3399 4350 3565 4372 --.μ

352 4346 562 4402 νεῖσθαι
604 4351 958 4423 χαρίσμασιν,
1002 4356 1092 4409 ὅτε
1142 4356 1329 4429 μνήμη
1359 4356 1581 4412 δικαίων
1628 4359 1930 4433 ἀπαντήσει

352 4440 591 4511 ὲτήσιος.
649 4443 888 4517 Ἐφραῖμ
937 4446 994 4499 δὲ
1036 4446 1131 4501 νῦν
1177 4449 1259 4513 εἰς
1297 4449 1573 4522 εὐφημίαν
1624 4453 1930 4525 περιήγαγε

351 4532 563 4604 τρέχων
608 4534 637 4587 6
669 4536 860 4606 χρόνος
880 4552 896 4568 ο
931 4539 1026 4591 καὶ
1055 4539 1171 4604 πῶς
1199 4541 1260 4594 οὐ
1303 4543 1613 4615 περιχαρῶς
1650 4544 1710 4598 τὸ
1738 4544 1930 4599 τούτου

359 4626 705 4699 μνημόσυνον
739 4630 1082 4698 ὐποδέξεται;

437 4897 677 4971 Ἐφραῖμ
701 4900 926 4964 ἐκεῖνον,
951 4900 1040 4956 τὸν
1075 4903 1133 4956 ὲν
1166 4904 1299 4958 πᾶσι
1326 4904 1664 4975 Χριστιανῶν
1697 4922 1927 4976 περιφε-

355 4986 582 5057 ρόμενον
608 4988 891 5060 στόμασιν.
930 4990 1167 5063 Ἐφραίμ
1196 4992 1339 5062 λέγω
1371 4994 1462 5047 τὸν
1494 4993 1663 5065 Σύρον
1686 5011 1700 5025 ·
1728 4994 1789 5048 οὐ
1819 4996 1929 5067 γὰρ

352 5077 414 5130 τὸ
441 5079 601 5148 γένος
642 5081 1061 5155 ἐπαισχύνομαι,
1092 5076 1154 5137 οὐ
1188 5086 1301 5149 τοῖς
1342 5086 1562 5157 τρόποις
1590 5085 1929 5154 ἐγκαλλωπί-

349 5170 536 5242 ζομαι.
579 5174 837 5247 Ἐφραίμ,
863 5170 923 5231 οῦ
957 5177 1037 5241 είς
1060 5176 1240 5232 πᾶσαν
1270 5175 1368 5248 τὴν
1386 5177 1489 5246 γῆν
1516 5176 1576 5230 τὸ
1610 5175 1811 5246 φέγγος
1830 5177 1924 5231 τοῦ

349 5262 473 5336 βιου
496 5264 592 5319 καὶ
611 5265 713 5337 τῆς
736 5266 966 5339 θεωρίας
992 5266 1291 5339 ἐξέλαμψεν
1315 5285 1330 5299 ·
1358 5268 1387 5321 6
1408 5266 1557 5341 πάσῃ
1584 5270 1650 5339 τῇ
1676 5268 1765 5338 ὐφ’
1790 5267 1925 5339 ἡλίῳ

346 5353 540 5425 σχεδὸν
576 5357 998 5431 γινωσκόμενος,
1031 5358 1182 5431 παρά
1205 5358 1482 5423 τοσούτοις
1526 5376 1587 5413 τε
1624 5358 1924 5429 ἀγνοούμε-

343 5461 462 5511 νος,
496 5449 627 5520 παρ’
657 5448 805 5516 ὅσοις
838 5451 869 5505 6
892 5450 1067 5524 μέγας
1084 5452 1184 5525 τῆς
1224 5450 1551 5523 Ἐκκλησίας
1569 5451 1796 5523 φωστὴρ
1818 5450 1923 5505 Βα-

470 5619 493 5677 1
518 5623 644 5683 Cor.
672 5641 764 5696 xv,
793 5624 848 5681 9.

2033 4357 2177 4412 modi
2202 4371 2261 4411 se
2284 4353 2604 4410 muneribus
2630 4351 2905 4409 decorari.
2930 4349 3370 4421 quandocuuque
3397 4350 3601 4405 solem-

2033 4446 2119 4502 nis
2152 4444 2412 4500 memoria
2438 4442 2572 4513 justi
2604 4441 2931 4498 celebranda
2953 4440 3219 4496 occurrit.
3255 4439 3602 4509 Quapropter

2032 4553 2157 4591 cum
2182 4536 2259 4591 ita
2288 4535 2529 4590 circulus
2562 4533 2696 4588 ferat
2732 4532 2893 4595 anni,
2925 4540 2985 4586 ut
3020 4529 3180 4585 hodie
3204 4527 3602 4585 eollaudandus

2033 4642 2098 4681 ae
2128 4623 2487 4681 celebrandus
2522 4622 2593 4677 sit
2618 4622 2775 4676 nobis
2801 4631 3026 4677 sanctus
3051 4617 3301 4691 Ephrzem
3322 4658 3337 4683 ,
3368 4617 3481 4671 lleri
3511 4632 3605 4672 ne-

2034 4720 2187 4791 quit.
2213 4717 2346 4789 quin
2374 4716 2576 4786 ingenti
2602 4730 2725 4769 cum
2748 4714 2951 4785 gaudio
2977 4720 3389 4767 monumentum
3422 4708 3567 4765 istud
3586 4750 3602 4775 ,

2037 4815 2344 4885 pignusque
2370 4810 2575 4864 amoris
2598 4809 2864 4878 suscipiat
2884 4848 2900 4871 ,
2928 4814 2981 4861 et
3010 4807 3390 4877 amplectatur.

2106 4904 2351 4973 Ephraem
2379 4901 2541 4971 igitur
2563 4900 2651 4953 ille
2681 4897 2812 4951 mihi
2831 4897 3191 4952 cclcbrandus
3219 4903 3323 4958 est,
3349 4895 3442 4965 qui
3472 4909 3608 4949 cun-

2033 4996 2136 5051 ctis
2162 4991 2493 5049 Christianis
2536 4997 2784 5045 versatur
2811 4988 2865 5042 in
2895 5002 3007 5043 ore.
3042 4988 3289 5057 Ephraam
3310 5029 3327 5054 ,
3361 4987 3605 5057 inquam,

2036 5086 2209 5158 Syrus
2238 5104 2252 5139 :
2284 5098 2461 5154 neque
2489 5081 2634 5137 enim
2664 5081 2810 5135 illius
2845 5093 2947 5133 nos
2979 5078 3142 5149 pudet
3181 5078 3416 5150 generis,
3444 5076 3604 5146 cujus

2032 5181 2369 5235 illustramur
2418 5174 2682 5228 moribus.
2740 5170 3007 5242 prrann,
3066 5168 3224 5238 cujus
3275 5168 3399 5223 vitae
3445 5177 3609 5237 atque
3654 5211 3669 5223 .

2032 5268 2295 5324 doctrinae
2324 5263 2583 5336 splendor
2616 5262 2872 5317 universo
2917 5272 3186 5315 terrarum
3218 5258 3398 5315 illuxit
3451 5257 3604 5314 orbi:

2031 5370 2156 5409 nam
2207 5355 2261 5408 in
2294 5351 2444 5406 omni
2478 5351 2589 5405 lere
2620 5350 2758 5412 loco,
2792 5348 2883 5419 qui
2936 5347 3243 5403 illustratur
3271 5363 3302 5401 a
3330 5344 3473 5413 sole,
3506 5359 3607 5399 co-

2026 5448 2339 5521 gnoscitur;
2364 5445 2577 5515 illisque
2602 5441 2978 5498 tantummodo
3006 5440 3317 5513 incognitus
3343 5442 3606 5503 remanet,
