3918 6204
334 199 436 254 823

1543 196 1600 252 S.
1647 193 1976 252 GREGORII
2023 193 2318 252 NYSSENI

3489 195 3585 252 δυ

333 318 428 388 qui
448 327 716 388 magnum
742 317 996 375 Ecclesia:
1023 317 1206 374 lumen
1234 317 1290 372 S.
1321 316 1582 374 Basilium
1631 317 1916 387 ignorant;

2036 315 2218 378 πίλειος
2243 331 2256 344 ⁸
2307 314 2565 387 Ἐφραίμ,
2614 316 2644 368 6
2684 314 2871 385 νοητὸς
2915 313 3086 378 ὄντως
3128 313 3228 384 τῆς
3269 309 3590 380 Ἐκκλησίας

335 407 612 479 Εριιτπῐη,
643 417 804 464 notus
830 408 925 464 ille
952 423 1142 464 revera
1174 407 1434 465 Ecclesia:
1465 405 1789 477 Euphrates,
1823 421 1918 460 cu-

327 499 417 568 jus
449 513 608 570 aquts
637 498 864 570 irrigata
888 498 1327 555 Christianorum
1363 497 1678 564 multitudo,
1723 506 1910 552 centu-

332 592 482 661 plum
519 589 644 646 ﬁdei
674 589 910 646 fructum
951 591 1224 662 producit.
1255 590 1529 661 Ephraem,
1567 589 1764 646 fertilis
1823 589 1914 643 i!la

335 681 428 736 Dei
462 681 616 747 vitis,
655 698 779 752 qua:
807 682 1048 738 dulcium
1069 683 1244 739 instar
1263 698 1626 750 racemorum,
1655 681 1918 738 doctrina:

334 773 548 829 fructus
581 772 836 840 aﬂerens,
889 773 1144 831 Ecclesiae
1201 774 1344 830 ﬁlios
1409 773 1593 829 divina
1651 775 1917 830 charitate

336 867 584 922 nutriens
606 869 960 938 explensque,
990 868 1163 924 reﬁcit
1185 875 1346 936 atque
1360 867 1614 922 oblectat.
1641 867 1915 938 Ephrmm,

338 957 514 1014 bonus
545 967 597 1014 et
627 958 803 1014 ﬁdelis
831 959 1088 1014 Ecclesiae
1117 958 1484 1028 dispensator,
1521 960 1614 1029 qui
1648 961 1916 1014 virtutum

338 1051 580 1105 rationes
629 1051 912 1120 aequaliter
938 1050 1218 1106 conservis
1260 1049 1618 1111 distribuens,
1648 1049 1740 1104 Dei
1766 1047 1922 1102 lami—

338 1143 465 1196 liam
485 1142 912 1212 prudentissime
929 1142 1297 1198 administrat.
1315 1140 1489 1213 Cujus
1506 1141 1725 1214 quidem
1747 1156 1920 1213 genus

339 1241 499 1301 atque
512 1232 846 1289 nobilitatem
863 1237 974 1286 tum
993 1230 1061 1287 ab
1076 1232 1195 1302 ipso
1210 1241 1561 1302 partam,tum
1577 1247 1608 1289 a
1621 1231 1923 1302 majoribus

339 1332 670 1394 susceptam,
694 1321 1090 1396 parentumque
1105 1325 1355 1396 gloriam,
1373 1341 1437 1382 ac
1448 1332 1650 1393 ortum,
1664 1334 1718 1382 et
1729 1325 1792 1382 ed
1801 1340 1926 1381 uca-

339 1419 570 1484 tionem,
587 1427 640 1474 et
656 1418 833 1476 aetatis
847 1418 1268 1485 incrementum,
1286 1427 1343 1476 et
1379 1419 1628 1491 corporis
1666 1418 1920 1487 formam,

338 1510 800 1577 etconditionem,
824 1516 878 1567 et
909 1517 1078 1578 artes,
1113 1517 1168 1567 et
1195 1510 1404 1581 reliqua
1430 1526 1551 1582 qua:
1577 1510 1645 1566 ab
1663 1509 1903 1567 externis

341 1602 700 1673 scriptoribus
715 1609 973 1674 tanquam
988 1602 1209 1658 maximi
1227 1603 1484 1659 momenti
1498 1604 1553 1658 in
1565 1601 1817 1660 laudibus
1834 1617 1922 1660 re-

2016 407 2326 478 Εύφράτης,
2351 407 2409 474 ἐξ
2438 402 2498 462 οὗ
2519 408 2579 460 τὸ
2603 407 2712 463 τῶν
2742 405 2949 460 πιστῶν
2972 403 3438 476 καταρδευόμενον
3465 402 3597 473 πλή-

2017 518 2177 571 ρωμα
2209 502 2289 563 εἰς
2317 500 2510 555 ἑκατὸν
2538 501 2828 554 ἀποδίδωσι
2857 500 2946 553 τὸν
2970 499 3168 570 σπόρον
3197 497 3296 567 τῆς
3319 495 3550 556 πίστεως
3575 510 3590 524 ·

2027 591 2286 664 Ἐφραῒμ,
2318 594 2351 663 ἡ
2397 593 2700 664 πολύφορος
2740 592 2836 646 τοῦ
2889 590 3025 645 Θεοῦ
3063 589 3328 661 ἄμπελος,
3367 589 3400 658 ή
3442 587 3594 656 δίκην

2019 682 2260 753 βοτρύων
2314 681 2593 753 γλυκερῶν
2640 681 2887 753 καρποὺς
2936 677 3173 735 ἀνθοῦσα
3230 675 3592 737 διδασκαλίας,

2017 774 2110 826 καὶ
2151 774 2276 836 τοὺς
2330 774 2429 844 τῆς
2479 772 2804 844 Ἐκκλησίας
2845 770 3144 844 τροφίμους
3172 768 3248 839 τῷ
3297 768 3443 838 κόρῳ
3498 765 3598 835 τῆς

2018 863 2168 927 θείας
2188 865 2408 935 ἀγάπης
2429 864 2816 935 εὑιρραίνουσαο
2855 862 3117 933 Ἐφραῖμ,
3145 863 3174 914 6
3198 861 3355 923 καλὸς
3382 860 3478 914 καὶ
3503 875 3595 912 πι-

2022 956 2144 1020 στὸς
2173 957 2455 1028 οἰκονόμος
2483 956 2583 1027 τῆς
2615 957 2858 1028 χάριτος,
2888 959 2917 1011 6
2950 956 3077 1018 τοὺς
3109 954 3297 1022 λόγους
3329 952 3437 1005 τῶν
3469 951 3596 1022 ἀρε-

2021 1048 2128 1102 τῶν
2159 1048 2436 1117 ἀναλόγως
2477 1051 2592 1112 τοῖς
2625 1048 2934 1119 ὁμοδούλοις
2981 1043 3336 1116 σιτομετρῶν,
3365 1042 3462 1095 καὶ
3501 1041 3598 1111 τὴν

2019 1140 2346 1211 δεσποτικὴν
2371 1141 2548 1194 οίκίαν
2586 1140 3036 1211 οίκονομούμενος
3061 1139 3276 1208 ἄριστα.
3321 1129 3396 1190 Oh
3428 1135 3489 1188 τὸ
3513 1134 3602 1202 γέ-

2013 1251 2112 1298 νος
2137 1235 2233 1286 καὶ
2254 1233 2352 1304 τὴν
2377 1233 2750 1304 ὲνεγκαμένην
2784 1233 2878 1288 καὶ
2911 1232 3191 1302 προγόνων
3221 1229 3599 1301 περιφάνειαν,

2024 1325 2120 1380 καὶ
2147 1324 2483 1396 γεννητόρων
2509 1323 2778 1389 εὔκλειαν,
2818 1323 2914 1378 καὶ
2948 1322 3219 1394 γέννησιν,
3246 1320 3341 1373 καὶ
3372 1320 3603 1388 ἀνατρο-

2027 1417 2156 1488 φὴν,
2185 1420 2279 1472 καὶ
2309 1419 2534 1490 αὔξησιν
2563 1418 2799 1489 ἡλικίας,
2835 1418 2930 1472 καὶ
2959 1415 3272 1488 σωματικὴν
3299 1413 3604 1484 ἐπιτηδειό-

2027 1525 2187 1579 τητα,
2219 1509 2312 1562 καὶ
2343 1508 2533 1580 τύχην,
2565 1509 2658 1563 καὶ
2691 1509 2906 1580 τέχνας,
2938 1507 3033 1561 καὶ
3062 1505 3131 1560 τά
3174 1504 3338 1559 λοιπά
3368 1504 3476 1557 τῶν
3503 1501 3606 1566 ἔξω

2027 1601 2382 1674 λογογράφων
2425 1601 2787 1674 ὲρανιζόμενα
2829 1602 2940 1665 τοῖς
2991 1598 3234 1662 ἐπαίνοις
3279 1595 3598 1667 σεμνολογή-

340 1671 552 1748 censeri
589 1692 788 1759 solent,
819 1671 920 1750 nos
947 1693 1038 1750 hic
1065 1694 1119 1750 in
1145 1693 1381 1750 medium
1416 1692 1666 1765 proferre
1723 1707 1919 1764 super-

2036 1671 2207 1766 ματα,
2231 1671 2483 1765 περιττὸν
2525 1695 2605 1758 είς
2641 1671 2804 1765 μέσον
2841 1693 2993 1761 ἄγειν
3023 1691 3494 1760 ὑποτοπήσαντεςο
3523 1687 3607 1739 ὅτι

340 1797 639 1839 vacaneum
667 1785 1038 1840 arbitramur:
1073 1800 1196 1842 cum
1235 1800 1414 1856 neque
1468 1793 1688 1841 sanctos
1741 1784 1920 1840 homi—

340 1891 440 1931 nes
468 1876 536 1931 ab
594 1875 864 1947 ejusmodi
899 1876 1124 1932 laudare
1162 1877 1328 1932 rebus
1384 1885 1648 1932 statutum
1707 1877 1798 1933 sit.
1855 1875 1922 1932 Et

340 1979 655 2035 quanquam
679 1965 745 2019 ad
762 1964 908 2020 hunc
929 1966 1374 2032 collaudandum,
1407 1967 1534 2024 inde
1551 1967 1714 2022 etiam
1747 1968 1922 2023 abun-

344 2057 410 2112 de
448 2057 609 2112 nobis
665 2066 984 2128 argumenta
1031 2065 1346 2130 suppetant,
1402 2073 1516 2114 non
1563 2059 1687 2116 aliis
1732 2067 1916 2115 tamen

340 2148 446 2206 viis
483 2163 547 2204 ac
577 2149 906 2217 rationibus,
934 2163 1098 2218 quam
1146 2149 1348 2220 quibus
1395 2150 1514 2220 ipse
1557 2150 1668 2204 vita
1702 2157 1756 2205 et
1812 2149 1912 2204 do-

341 2242 517 2298 ctrina
537 2241 806 2297 illustrem
831 2256 889 2297 se
916 2241 1172 2306 reddidit,
1205 2255 1464 2296 coronam
1488 2240 1756 2296 orationis
1784 2253 1918 2296 con-

340 2341 615 2390 texamus.
679 2331 834 2387 Vera:
886 2334 1087 2403 quippe
1123 2331 1311 2387 laudes
1349 2332 1404 2385 in
1458 2330 1526 2387 iis
1586 2330 1914 2397 consistunt,

343 2439 465 2495 quae
495 2424 550 2479 in
590 2423 753 2479 nobis
784 2421 919 2493 ipsis
949 2429 1078 2477 sunt
1110 2421 1326 2492 posita;
1360 2429 1523 2491 atque
1557 2419 1668 2478 illis
1714 2419 1919 2475 deben-

2031 1785 2106 1857 μὴ
2136 1787 2260 1850 τοὺς
2291 1786 2464 1849 θείους
2507 1785 2706 1857 ἄνδρας
2740 1787 2902 1858 ἡμεῖς
2941 1786 3005 1838 ὲκ
3034 1782 3142 1836 τῶν
3167 1781 3423 1836 τοιούτων
3449 1781 3606 1833 ἐπαι-

2027 1879 2138 1932 νεῖν
2167 1876 2612 1949 παρειλήφαμεν·
2638 1877 2741 1932 κᾶν
2775 1878 2839 1930 ὲκ
2865 1875 3179 1947 περιουσίας
3204 1873 3351 1944 αύτῷ
3380 1869 3610 1925 κάντεῦ-

2028 1967 2119 2022 θεν
2142 1969 2376 2040 ὑπάρχει
2417 1968 2478 2022 τὸ
2514 1969 2846 2036 ἀξιέπαινον,
2879 1968 2938 2034 ἐξ
2976 1961 3052 2021 ὧν
3079 1965 3238 2030 αὐτὸς
3275 1964 3469 2019 ἑαυτὸν
3508 1979 3608 2015 πει

2023 2060 2222 2130 ριφανῆ
2253 2060 2352 2132 βίῳ
2375 2078 2431 2114 τε
2461 2061 2555 2115 καὶ
2579 2061 2721 2132 λόγῳ
2742 2059 3167 2125 κατεσκεύασεν,
3192 2059 3256 2110 ὲκ
3278 2056 3484 2110 τούτων
3509 2054 3602 2107 καὶ

2018 2149 2181 2220 ἡμεῖς
2205 2149 2352 2221 αὑτῷ
2376 2148 2465 2204 τδν
2487 2148 2579 2203 τοῦ
2607 2149 2766 2220 λόγου
2793 2151 3052 2220 στέφανον
3077 2147 3242 2218 ἀναδή
3252 2164 3452 2216 σωμεν.
3479 2144 3599 2198 Τῶν

2019 2240 2104 2310 ἐφ’
2125 2242 2256 2312 ἡμῖν
2277 2241 2384 2313 γὰρ
2403 2242 2452 2294 οί
2476 2241 2707 2305 ἔπαινοι,
2731 2241 2949 2296 καὶτῶν
2970 2237 3330 2306 αὑτεξουσίων
3349 2235 3416 2288 τά
3440 2235 3605 2305 γέρα.

2020 2332 2143 2386 Τῶν
2181 2333 2652 2406 ἀπηριθμημένων
2682 2333 2760 2401 δὲ,
2811 2333 2907 2387 καὶ
2948 2331 3105 2402 ψόγοι
3155 2328 3476 2400 παράλογοι,
3507 2326 3603 2379 καὶ

2020 2423 2286 2494 εὐφημίαι
2317 2425 2670 2498 ἀνάρμοστοι.

342 2527 433 2573 tur
457 2517 854 2587 prtemia,quae
880 2531 949 2572 ex
989 2521 1180 2571 nostra
1241 2511 1671 2583 proﬁciscuntur
1731 2512 2034 2571 voluntate.
2107 2514 2305 2575 Earum
2353 2527 2534 2575 autem
2589 2533 2798 2582 rerum,
2850 2529 2990 2588 quas
3046 2513 3602 2573 commemoravimus

343 2617 402 2664 ct
434 2608 863 2679 vituperationes
892 2614 1021 2663 sunt
1047 2605 1220 2670 falsa,
1247 2613 1300 2660 et
1333 2605 1521 2662 laudes
1545 2607 1759 2677 ineptae.

416 2706 536 2773 Quo
581 2706 730 2761 enim
761 2714 924 2775 pacto
977 2721 1043 2760 ex
1077 2719 1277 2775 genere
1339 2703 1553 2758 laudari
1611 2704 1776 2770 volet,
1831 2703 1927 2773 qui

346 2813 562 2856 omnem
622 2797 811 2852 mundi
862 2796 1203 2852 nobilitatem
1239 2810 1304 2851 ac
1358 2809 1615 2866 pompam
1651 2795 1926 2866 despexit,

2103 2707 2227 2770 Πῶς
2263 2707 2373 2779 γάρ
2415 2699 2570 2770 οὗτος
2613 2705 2722 2761 ἀπὸ
2761 2705 2953 2776 γένους
2993 2703 3435 2776 ἐγκωμιάζεσθαι
3476 2719 3613 2756 κατ-

2030 2795 2266 2864 εδέξατο,
2299 2800 2329 2852 6
2361 2799 2543 2852 πᾶσαν
2584 2798 2854 2869 κοσμικὴν
2900 2797 3173 2866 εὐγένειαν
3200 2795 3613 2867 βδελυξάμενος,

347 2899 404 2947 et
449 2905 546 2960 per
573 2889 780 2960 optima
833 2903 1018 2959 opera,
1056 2887 1152 2943 Dei
1187 2887 1332 2943 illius
1395 2887 1512 2942 ﬁeri
1573 2886 1929 2957 concupivit?

2036 2892 2128 2945 καὶ
2156 2889 2344 2944 τέκνον
2381 2889 2516 2943 Θεοῦ
2543 2890 2610 2943 δι’
2637 2889 2958 2958 ἀναλήψεως
2988 2888 3161 2959 ἔργων
3196 2888 3434 2958 ἀρίστων
3461 2885 3616 2956 γενέ-

347 2980 636 3049 Quomodo
704 2981 774 3035 ob
799 2980 1029 3050 patriam
1087 2994 1146 3035 se
1193 2977 1437 3048 patiatur
1486 2977 1780 3044 celebrari,
1834 2979 1928 3048 qui

2036 2982 2158 3036 σθαι
2187 2984 2711 3052 κατασπασάμενος;
2752 2982 2824 3034 Ἦ
2853 2979 2972 3044 πῶς
2994 2981 3100 3033 ἀπὸ
3124 2979 3382 3050 πατρίδος
3411 2977 3616 3050 σεμνύ-

349 3081 522 3128 totum
553 3071 818 3126 mundum
847 3071 912 3126 ad
947 3087 1006 3126 se
1035 3071 1308 3142 pertinere
1339 3085 1447 3125 non
1509 3071 1744 3134 censuit,
1808 3071 1929 3141 qui-

2036 3073 2237 3136 νεσθαι,
2262 3076 2290 3127 6
2317 3075 2498 3128 πᾶσαν
2539 3073 2638 3143 τὴν
2667 3073 2769 3144 γῆν
2802 3073 3088 3144 ἀλλοτρίαν
3114 3071 3308 3126 ἑαυτοῦ
3332 3071 3620 3142 λογιζόμε-

349 3181 458 3236 que
472 3165 811 3220 materialem
827 3171 1137 3218 creaturam
1168 3172 1428 3233 tanquam
1457 3161 1740 3216 inimicam
1764 3176 1926 3218 aver-

2036 3185 2122 3227 νος
2139 3209 2155 3233 ,
2181 3168 2278 3221 καὶ
2306 3168 2380 3231 ὼς
2406 3167 2603 3238 ἔχθραν
2629 3167 2726 3238 τὴν
2757 3167 2947 3237 ὑλικὴν
2983 3166 3159 3220 κτίσιν
3204 3167 3621 3237 ἀποστρεφόμεο

351 3268 506 3314 satus
534 3265 640 3323 est,
669 3255 1268 3327 propterimmortalem
1295 3255 1488 3324 quaein
1508 3254 1664 3310 caelis
1695 3254 1929 3324 reposita

2036 3277 2144 3323 νος.
2192 3259 2280 3315 διὰ
2312 3257 2408 3330 τὴν
2446 3260 2504 3312 ἐν
2547 3260 2793 3330 οὐρανοῖς
2825 3259 3193 3331 ἀποκειμένην
3234 3259 3405 3313 ἀΐδιον
3438 3277 3620 3330 μακα-

350 3357 457 3414 est,
492 3347 935 3404 beatitudinem?
973 3345 1083 3400 Aut
1113 3345 1389 3416 quomodo
1417 3346 1688 3416 majorum
1729 3361 1929 3416 paren-

2040 3353 2292 3424 ριότητα;
2327 3351 2451 3413 Πῶς
2483 3351 2540 3404 δὲ
2579 3344 2739 3405 πάλιν
2777 3353 2870 3405 ἐπὶ
2901 3352 3178 3424 προγόνων
3208 3353 3240 3423 ἢ
3273 3352 3617 3425 γεννητόρων

351 3454 543 3502 tumve
573 3441 895 3498 celebritate
925 3439 1252 3503 delectetur,
1279 3439 1374 3508 qui
1417 3438 1664 3509 corporis
1694 3439 1929 3494 alIectio-

2037 3441 2286 3513 ἡδυνθείη
2319 3441 2556 3514 εὐκλείᾳ,
2584 3442 2612 3494 6
2648 3441 2967 3513 σωματικὴν
3006 3441 3191 3505 ἁπλῶς
3219 3441 3621 3510 καταπατήσας

353 3551 500 3603 nem,
530 3534 815 3606 ipsamque
848 3531 1142 3587 animalem
1201 3529 1388 3585 carnis
1441 3531 1768 3594 tuniculam,
1812 3541 1935 3585 tan-

353 3639 519 3696 quam
549 3625 870 3680 celerrimos
897 3623 962 3678 ad
990 3622 1247 3676 virtutem
1274 3635 1474 3678 cursus
1527 3621 1936 3690 impedientem,

355 3730 581 3784 prorsus
620 3713 1035 3786 pessumdedit?
1063 3728 1173 3784 quo
1216 3712 1452 3781 denique
1504 3719 1686 3783 pacto,
1715 3721 1810 3766 aut
1871 3728 1937 3766 ex

356 3808 604 3878 corporis
639 3807 1002 3869 incremento,
1045 3811 1138 3858 aut
1177 3804 1522 3868 educatione,
1563 3814 1655 3858 aut
1682 3819 1746 3858 ex
1801 3803 1939 3856 arti-

358 3901 482 3961 bus,
517 3897 710 3951 aliisve
741 3896 862 3964 ejus
891 3893 1108 3966 generis
1148 3892 1273 3946 vitae
1311 3892 1508 3947 studiis
1569 3890 1819 3960 abjectis,
1880 3906 1940 3946 se

357 3987 614 4044 exornari
641 3987 823 4054 sinat;
863 3985 952 4056 qui
978 3985 1092 4055 jam
1129 3981 1255 4057 inde
1277 3998 1306 4036 a
1329 3983 1627 4052 pueritiain
1654 3997 1939 4038 sacrarum

361 4082 772 4153 Scripturarum
805 4077 1161 4134 meditatione
1195 4077 1486 4142 educatus,
1519 4083 1940 4142 etexcrescens,

360 4185 524 4245 atque
553 4189 617 4229 ex
639 4171 967 4243 perennibus
991 4172 1177 4242 gratia:
1204 4170 1444 4226 fontibus
1461 4169 1678 4235 bibens,
1706 4169 1773 4225 ad
1793 4187 1944 4227 meno

360 4281 544 4324 suram
568 4266 742 4322 aetatis
756 4263 984 4330 Christi,
1009 4272 1068 4319 ut
1092 4278 1214 4320 cum
1230 4263 1491 4335 Apostolo
1516 4263 1729 4334 loquar,
1748 4279 1943 4334 perve-

361 4361 480 4414 nire
496 4358 705 4415 studuit
722 4357 891 4412 ?Cum
907 4373 1037 4428 ergo
1051 4358 1367 4413 noverimus
1379 4371 1634 4427 magnum
1654 4356 1800 4410 hunc
1845 4371 1946 4409 no-

2037 3533 2432 3604 προσπάθειαν,
2487 3535 2581 3587 καὶ
2633 3534 2764 3587 αὐτὸ
2810 3533 2872 3586 τὸ
2915 3533 3146 3605 ψυχικὸν
3191 3532 3450 3604 χιτώνιον,
3486 3533 3618 3601 ἦτοι

2041 3625 2260 3696 σαρκίον
2318 3624 2671 3696 βαρούμενος,
2707 3625 2781 3690 ὡς
2831 3625 3081 3696 ἐμποδὼν
3133 3624 3281 3696 αὐτῷ
3319 3625 3450 3694 πρὸς
3475 3624 3620 3686 τοὺς

2039 3717 2138 3786 τῆς
2180 3717 2383 3787 ἀρετῆς
2427 3717 2716 3781 ὀξυτάτους
2766 3716 3150 3788 εὑρισκόμενον
3191 3717 3442 3788 δρόμους;
3477 3715 3620 3780 Πῶς

2037 3808 2095 3861 δὲ
2128 3807 2265 3870 ὅλως
2291 3809 2355 3861 ὲκ
2401 3808 2714 3878 σωματικῆς
2742 3807 3022 3878 αὐξήσεως
3054 3810 3146 3863 καὶ
3184 3811 3544 3880 ἀναστροφῆς.
3579 3808 3625 3880 ἢ

2041 3898 2492 3969 ἐπιτηδειότητος,
2519 3898 2551 3966 ἦ
2581 3897 2794 3968 τέχνης,
2821 3899 2854 3969 ἦ
2879 3915 3022 3960 τινος
3054 3898 3218 3969 ἄλλης
3239 3896 3631 3952 καταπτύστου

2043 3991 2320 4062 θελήσειεν
2345 3990 2681 4043 ἐπαινεῖσθαι
2709 3989 2836 4061 περὶ
2865 3990 2955 4043 τὸν
2983 3990 3096 4060 βίον
3129 3989 3401 4060 ἀσχολίας,
3429 3989 3458 4039 6
3485 4006 3635 4058 τρα-

2044 4084 2165 4154 φεὶς
2206 4082 2304 4152 μὲν
2327 4083 2390 4136 ὲκ
2420 4080 2640 4153 πρώτης
2667 4083 2900 4153 ἡλικίας,
2934 4085 3028 4136 καὶ
3054 4083 3308 4154 αὐξηθεὶς
3337 4085 3392 4135 ἐν
3412 4085 3477 4152 τῇ
3510 4082 3636 4135 τῶν

2045 4173 2204 4228 θείων
2239 4170 2434 4242 μελέτῃ
2467 4172 2505 4222 Γ
2510 4171 2718 4240 ραφῶν,
2752 4172 3026 4236 ποτισθεὶς
3049 4173 3104 4226 δὲ
3133 4175 3244 4236 τοῖς
3270 4173 3367 4244 τῆς
3396 4173 3641 4242 χάριτος

2045 4266 2293 4330 ἀεννάοις
2330 4265 2555 4336 ὀχετοῖς,
2579 4267 2670 4319 καὶ
2702 4265 2834 4337 πρὸς
2859 4266 3055 4337 μέτρον
3082 4266 3318 4337 ἡλικίας,
3343 4264 3643 4319 ἀποστολιο

2047 4359 2157 4422 κῶς
2187 4361 2380 4422 εἰπεῖν,
2417 4358 2627 4428 φθάσας
2665 4357 2937 4428 Χριστοῦ;
2982 4357 3198 4422 Είδότες
3240 4353 3334 4411 οὖν
3361 4359 3522 4427 ἡμεῖς
3545 4357 3643 4422 ὡς

361 4460 535 4507 strum
564 4448 780 4503 Patrem
807 4447 1058 4503 ridiculis
1087 4447 1155 4502 iis
1186 4447 1460 4510 laudibus,
1511 4445 1713 4515 quibus
1764 4445 1929 4500 homi-

2046 4449 2105 4503 οὐ
2139 4449 2318 4518 χαίρει
2349 4451 2462 4510 τοῖς
2485 4448 2744 4512 τοιούτοις
2780 4451 2809 4503 6
2835 4449 3008 4521 μέγας
3038 4449 3228 4520 Πατὴρ
3259 4448 3409 4519 ἡμῶν
3445 4465 3646 4518 μέγα-

361 4555 462 4596 nes
494 4538 680 4596 sensui
716 4552 782 4592 ac
814 4535 1033 4606 corpori
1086 4535 1255 4590 dediti
1297 4535 1611 4604 capiuntur,
1669 4535 1942 4590 cumulari

364 4631 542 4699 nolle;
567 4645 634 4686 ex
666 4627 902 4698 propriis
931 4640 1056 4680 eum
1087 4623 1375 4678 laboribus
1405 4623 1598 4679 saltem
1643 4623 1936 4679 mediocri.

364 4734 448 4779 ter
469 4721 749 4778 celebrare
780 4717 1104 4772 conabimur
1133 4733 1146 4768 :
1203 4730 1383 4785 neque
1421 4717 1564 4770 enim
1603 4715 1782 4770 oratio
1817 4729 1938 4768 eam

363 4814 529 4871 habet
550 4821 826 4877 naturam,
859 4817 920 4864 ut
955 4824 1120 4881 supra
1157 4799 1302 4864 vires
1358 4808 1694 4864 intendatur.
1734 4807 1941 4873 Quam-

364 4907 552 4962 obrem
617 4905 948 4967 adnitemur,
1005 4909 1066 4956 ut
1125 4915 1305 4973 neque
1354 4899 1585 4955 infantia
1636 4900 1940 4970 praepediti,

319 5014 322 5022 τ
364 5010 486 5066 qua:
523 4994 590 5048 de
622 5007 687 5048 eo
716 4991 946 5047 dicenda
975 4999 1126 5056 sunt,
1153 4990 1374 5046 silentio
1406 4991 1793 5056 involvatuus;
1846 5005 1942 5044 ne-

364 5103 472 5158 que
495 5102 590 5157 per
623 5084 871 5141 semitam
901 5083 1140 5154 aliquam
1172 5099 1200 5137 a
1233 5083 1458 5137 Patrum
1490 5081 1761 5138 institutis
1811 5081 1936 5137 alie-

365 5197 491 5235 nam
528 5177 865 5243 incedentes,
898 5191 929 5230 a
983 5177 1068 5230 \ia
1115 5175 1469 5231 deﬁectamus
1515 5174 1701 5246 regia:
1755 5189 1942 5230 verum

329 5273 512 5327 Iinter
558 5280 849 5340 utramque
907 5275 1370 5334 transcurrentes,
1425 5265 1761 5322 conveniens
1819 5279 1947 5318 ora-

365 5367 503 5422 tioni
532 5373 734 5420 nostrae
760 5367 1249 5432 temperamentum
1281 5358 1662 5414 adhibeamus.

437 5456 762 5528 Cujusmbdi
789 5462 969 5509 autem
1022 5463 1150 5508 sunt
1208 5451 1320 5516 illa,
1374 5465 1496 5520 qua:
1524 5448 1592 5504 ad
1647 5455 1948 5504 contexen-

367 5549 493 5604 dam
537 5549 658 5618 ejus
712 5547 1080 5602 laudationem
1132 5543 1292 5600 nobis
1345 5540 1734 5614 proposuimus
1783 5550 1947 5610 atque

371 5638 758 5711 subjecimus?
787 5639 962 5716 Actio”
987 5649 1201 5723 nempe
1251 5641 1307 5693 et
1329 5631 1740 5706 contemplatio,
1803 5645 1943 5704 quas

2044 4539 2316 4606 λύνεσθαι,
2345 4535 2538 4614 οἷσπερ
2567 4543 2616 4594 οί
2660 4543 2980 4612 σωματικοὶ,
3013 4541 3427 4610 καταγελάστοις
3464 4540 3644 4594 ἐπαε-

2044 4646 2176 4696 νοις,
2207 4632 2272 4684 ὲκ
2301 4631 2412 4685 τῶν
2439 4633 2656 4685 οἰκείων
2676 4632 2837 4687 αὐτὸν
2863 4632 3061 4695 πόνων,
3092 4631 3193 4685 κᾶν
3221 4631 3350 4700 γοῦν
3385 4630 3648 4700 μετρίως

2045 4723 2396 4794 πειραθῶμεν
2429 4724 2830 4795 ἀποσεμνῦναι·
2871 4725 2932 4778 οὑ
2970 4724 3079 4797 γάρ
3111 4724 3224 4794 ἔχει
3273 4722 3429 4792 φύσιν
3463 4723 3493 4774 ὁ
3529 4721 3646 4774 λόο

2046 4832 2140 4885 γος
2177 4817 2289 4878 τοῖς
2342 4815 2483 4887 ὑπὲρ
2525 4814 2751 4887 δύναμιν
2805 4814 3230 4869 ἑπεκτείνεσθαι.
3281 4815 3364 4876 Ὠς
3400 4810 3465 4864 ἂν
3528 4806 3651 4864 οὖν

2051 4907 2189 4977 μήτε
2215 4907 2307 4960 τὸν
2352 4908 2618 4979 ἡμέτερον
2663 4907 2827 4962 πόθον
2867 4908 2899 4977 ἡ
2948 4906 3160 4975 ἀφωνία
3207 4905 3438 4974 πεδήσῃ,
3493 4904 3648 4974 μήτ’

2044 4993 2112 5052 αὖ
2149 4999 2306 5052 πάλιν
2337 4997 2492 5069 ξένην
2517 4997 2702 5069 τρίϐον
2731 4997 2840 5051 τῶν
2865 4996 3122 5066 Πατέρων
3158 4994 3443 5059 ὁδεύοντες,
3478 4990 3652 5061 βασι-

2046 5091 2200 5160 λικῆς
2227 5090 2672 5161 παρασφαλῶμεν
2700 5089 2841 5156 ὁδοῦ,
2886 5088 2953 5142 τὰ
2980 5087 3346 5161 παρεκτρίὸια
3379 5084 3647 5140 διαθέον-

2048 5197 2157 5244 τες,
2187 5179 2262 5250 τῷ
2289 5179 2497 5251 μετρίῳ
2521 5181 2614 5234 τὸν
2639 5179 2794 5248 λόγον
2825 5179 3302 5250 φιλοτεχνήσομεν.

2122 5443 2187 5496 Τί
2223 5443 2280 5496 δὲ
2317 5443 2386 5498 τά
2410 5442 2620 5509 τούτου,
2661 5443 2726 5496 δι’
2755 5436 2830 5498 ὧν
2855 5443 3120 5514 ὲξυφᾶναι
3149 5442 3241 5496 τὸν
3277 5443 3501 5495 ἔπαινον
3526 5441 3643 5495 ὑπ-

2050 5533 2315 5606 εθέμεθα;
2360 5535 2563 5606 Πρᾶξις
2605 5535 2698 5589 καὶ
2724 5536 2946 5608 θεωρία,
2982 5531 3072 5599 αἷς
3097 5537 3126 5589 6
3151 5535 3293 5590 κατά
3323 5535 3488 5606 μέρος
3517 5533 3640 5590 τῶν

2049 5625 2259 5698 ἀρετῶν
2307 5626 2469 5700 ἐσμὸς
2513 5627 2889 5698 ἐπακολουθεῖ,
2942 5627 3140 5696 πίστις,
3188 5626 3362 5695 ἐλπὶς,
3411 5626 3641 5700 ἀγάπη,
