3918 6204
208 249 317 305 8ἓό
1229 257 1314 314 DE
1354 259 1519 316 VlTA
1563 263 1620 319 S.
1661 262 1914 322 PATRIS
1952 263 2261 322 EPHBEM
2301 264 2480 324 SYRI.
3365 279 3468 335 826

207 366 454 467 εὐσέϐεια
484 369 565 433 εἰς
594 369 746 436 Θεὸν,
789 374 986 446 μελέτη
1019 377 1127 432 τῶν
1156 378 1314 436 θείων
1346 382 1600 454 Γραφῶν,
1624 387 1758 455 ἀγνι

1882 387 2150 443 virtutum
2177 403 2407 445 examen
2430 392 2810 463 consequitur,
2845 393 3000 466 ﬁdes,
3027 411 3174 467 spes,
3197 397 3464 464 Charitas,

207 459 342 559 σμδς
369 460 671 559 ψυχῆςᾼκαὶ
701 464 970 559 σώματος,
1008 470 1218 543 δάκρυα
1257 473 1502 546 διηνεκῆ,
1543 478 1758 549 ὲρημικέ

1885 479 2058 547 pietas
2085 494 2214 549 erga
2247 479 2438 549 Deum,
2465 497 2752 540 sacrarum
2788 485 3211 559 Scripturarum
3239 490 3468 546 medita-

203 550 498 647 διαὸίωσις,
545 555 686 647 ἐκ
727 558 894 612 τόπου
925 561 1004 624 είς
1031 563 1194 619 τόπον
1237 561 1606 636 ἀναχώρησις,
1637 568 1758 636 φυγὶ

1885 568 1981 629 tio,
2011 568 2177 621 animi
2211 577 2264 622 et
2292 572 2540 641 corporis
2562 573 2796 642 puritas,
2831 575 3194 647 lacrymarum
3227 577 3466 633 assidui-

201 641 309 695 τῶν
340 644 671 711 ὲπιὸλαόῶν,
707 648 1021 705 διδασκαλία
1059 653 1304 720 ἁένναος,
1335 659 1612 729 προσευχὴ
1641 660 1781 713 ἀκα-

200 732 530 799 τάπαυστος,
566 741 787 808 νηστεία
824 743 918 796 καί¹
958 745 1234 815 ἀγρυπνία
1271 749 1467 821 μέτρον
1497 750 1596 804 οὐκ
1629 750 1782 822 ἔχου-

201 842 312 891 σαι,
355 830 622 898 χαμευνία
667 833 1190 914 καὶῦσκληραγωγία
1225 839 1382 910 λόγον
1422 842 1783 913 ὑπερϐαίνου-

199 933 309 983 cat,
337 919 691 994 άκτημοσύνη
713 926 808 978 καὶ
846 929 1173 994 ταπείνωσις
1199 933 1275 995 είς
1305 931 1472 1004 ἄκρον
1496 932 1777 997 ἐλάσασαι,

197 1007 534 1082 ἐλεημοσύνη
557 1013 656 1084 τῆς
686 1017 900 1084 φύσεως
937 1020 1100 1074 αὐτὸν
1125 1021 1225 1092 τῆς
1257 1023 1602 1096 ἀνθρωπίνης
1629 1025 1777 1092 ἐξαί-

200 1116 390 1170 ρουσα,
437 1103 599 1174 ζῆλος
637 1106 818 1171 ἔνθεος
844 1110 952 1165 τῶν
1000 1112 1144 1167 κατὰ
1187 1115 1287 1186 τῆς
1324 1115 1604 1180 εὐσεϐείας
1654 1115 1780 1170 λυτ-

194 1189 412 1245 τὼντων
436 1210 448 1223 ·
481 1195 597 1260 καὶ,
628 1197 816 1263 ἁπλῶς
841 1203 1037 1268 εἰπεῖν,
1066 1206 1174 1258 πᾶν
1207 1206 1236 1259 ὅ
1259 1223 1310 1259 τι
1339 1207 1482 1262 κατὰ
1510 1207 1643 1261 Θεὸν
1666 1203 1776 1262 οῐδε

194 1287 620 1358 χαρακτηρίζειν
670 1290 975 1363 ἄνθρωπον.
1010 1297 1136 1360 Τοῖς
1178 1297 1440 1362 τοιούτοις
1483 1299 1722 1364 ἐπαίνοις
1748 1302 1775 1354 ό

191 1378 462 1450 ἡμέτερος
495 1381 684 1454 Πατὴρ
729 1383 1047 1456 ὡραΐζεται,
1081 1389 1176 1442 καὶ
1217 1389 1478 1458 γινώσκει
1519 1391 1589 1444 τὰ
1619 1390 1776 1460 λεγό-

193 1486 352 1539 μενα,
404 1473 498 1526 καὶ
547 1473 616 1528 τὰ
662 1477 837 1531 οἰκεῖα
886 1478 1172 1535 ἐπίσταται
1225 1485 1636 1556 προτερήματα,
1677 1487 1773 1555 καὶ

191 1561 408 1633 στέργει
454 1565 582 1629 τοὺς
622 1566 834 1637 λόγους,
867 1569 944 1634 ὡς
992 1571 1261 1640 ὠφελείας
1315 1576 1628 1645 προξένους,
1672 1579 1773 1632 οὐκ

189 1653 360 1725 αὐτῷ,
395 1655 512 1709 ἀλλ’
544 1659 675 1728 ἡμῖν
696 1675 710 1689 θ
743 1660 864 1713 ἐπεὶ
897 1662 992 1716 καὶ
1020 1663 1150 1734 ψιλὴ
1189 1665 1376 1720 τούτου
1405 1671 1766 1741 προσηγορία,

1883 666 1992 726 tas,
2025 661 2148 714 vitae
2175 661 2436 725 solitudo,
2474 665 2650 719 eloco
2677 666 2730 721 in
2766 667 2943 722 locum
2996 674 3258 734 secessio,
3291 671 3467 725 malo-

1881 766 2004 804 rum
2065 750 2218 822 fuga,
2270 753 2522 808 doctrina
2575 767 2860 828 perpetua,
2898 762 3142 829 precatio
3173 764 3460 829 continua,

1876 843 2148 914 jejunium
2178 853 2232 900 et
2266 846 2466 917 vigilia:
2520 850 2914 916 immoderatae,
2958 854 3107 908 humi
3139 855 3378 919 cubatio,
3409 863 3464 910 et

1881 936 2007 991 vitae
2045 938 2346 994 austeritas
2393 955 2532 1009 pene
2583 943 2944 1010 incredibilis,
2982 946 3290 999 voluntaria
3326 961 3464 1015 pau-

1879 1035 2066 1096 pertas
2123 1045 2247 1084 cum
2328 1031 2638 1089 humilitate
2707 1035 2999 1106 singulari,
3085 1037 3462 1092 misericordia

1878 1119 2173 1202 humanam
2260 1124 2631 1182 conditionem
2706 1143 2998 1198 superans,
3089 1131 3241 1186 zelus
3324 1129 3464 1185 divi-

1877 1228 1984 1268 nus
2021 1205 2077 1268 in
2105 1229 2201 1271 eos
2230 1217 2325 1287 qui
2357 1219 2509 1274 rabie
2554 1219 2814 1275 adversus
2844 1222 3099 1290 pietatem
3149 1234 3312 1292 atque
3377 1239 3464 1279 re-

1876 1303 2134 1375 ligionem
2165 1306 2595 1378 inveherentur;
2629 1321 2826 1366 cuncta
2861 1313 3119 1383 denique,
3153 1314 3354 1383 quibus
3391 1313 3460 1367 ad

1876 1393 1973 1451 Dei
2011 1397 2304 1468 imaginem
2339 1398 2504 1455 homo
2559 1401 2877 1472 insignitur.
2937 1400 3065 1460 Istis
3121 1411 3306 1457 noster
3368 1402 3461 1456 hic

1876 1486 2036 1543 Pater
2089 1489 2386 1545 decoratur
2432 1490 2718 1558 laudibus;
2778 1507 2898 1562 quae
2963 1506 3458 1546 commemoramus

1873 1580 2145 1650 agnoscit,
2178 1582 2574 1652 praerOgativas
2603 1583 2702 1638 has
2735 1598 2860 1638 esse
2886 1584 3162 1654 proprias,
3194 1599 3317 1639 eum
3345 1598 3458 1638 non

1871 1670 2024 1738 latet;
2051 1686 2115 1727 ac
2140 1687 2421 1729 sermones
2441 1673 2626 1741 hosce,
2659 1683 2720 1730 ut
2756 1676 2935 1740 nobis,
2968 1691 3074 1731 non
3112 1676 3216 1730 sibi
3266 1676 3454 1738 utiles,

190 1745 445 1839 υπόθεσις
475 1750 677 1821 ἀρετῆς
697 1754 812 1816 τοῖς
836 1755 1144 1820 σπουδαίοις
1181 1734 1519 1816 καθίσταται.
1654 1734 1758 1835 γὰρ

1874 1779 1985 1818 non
2016 1766 2343 1821 contemnit.
2366 1765 2504 1820 Nam
2538 1767 2620 1822 vel
2649 1768 2847 1838 exigua
2873 1769 2940 1824 de
2992 1770 3112 1839 ipso
3149 1769 3452 1832 enarratio,

186 1837 408 1893 ἄλλοθεν
446 1840 806 1913 δεδιδάγμεθα
835 1846 1084 1918 ταῦτα,ἢ
1118 1849 1176 1916 ἐξ
1217 1847 1292 1904 ὦν
1333 1852 1496 1915 αὐτὸς
1537 1853 1604 1907 τὰ
1639 1855 1768 1925 περὶ

186 1927 383 1982 ἑαυτοῦ
403 1930 581 2000 λόγοις
605 1936 980 2008 κατέσπειρεν.
1028 1939 1143 2009 Ἀφ’
1164 1935 1240 1996 ὧν
1267 1944 1426 2014 ἡμεῖς
1455 1944 1530 2008 ὡς
1553 1948 1586 2018 ἡ
1616 1948 1770 2001 ἐπαι-

183 2019 310 2090 νετὴ
345 2020 594 2090 μέλισσα,
653 2027 718 2079 ἐκ
769 2028 982 2083 πολλῶν
1031 2031 1237 2087 ἀνθέων
1295 2035 1646 2104 συλλέξαντες
1696 2041 1765 2094 τὰ

182 2113 453 2184 χρήσιμα,
490 2116 552 2169 τὸ
587 2120 954 2190 πνευματικὸν
981 2123 1138 2178 τοῦτο
1179 2127 1370 2198 κηρίον
1398 2133 1764 2203 κατειργασά-

185 2203 343 2273 μεθα.
379 2206 486 2259 Καὶ
525 2207 586 2261 οὐ
617 2209 833 2281 χολανεῖ
858 2213 1077 2280 πάντως
1110 2217 1243 2288 ἡμῖν
1272 2218 1360 2272 διὰ
1386 2221 1485 2292 τὴν
1512 2223 1764 2296 ἐγχείρη-

183 2311 282 2358 σιν,
326 2297 410 2350 ὅτι
440 2299 516 2370 μὴ
562 2300 729 2356 δέδιεν
773 2303 854 2358 ἔτι
883 2305 976 2360 τὸν
1018 2309 1254 2381 πονηρὸν
1290 2311 1538 2382 δαίμονα,
1574 2315 1662 2368 διὰ
1701 2316 1762 2368 τὸ

181 2389 271 2440 καὶ
305 2390 448 2460 πρὸς
479 2392 628 2464 αὑτῷ
658 2395 766 2450 τῶν
807 2397 1035 2466 ἀγώνων
1063 2400 1144 2471 τῷ
1183 2402 1324 2456 τέλει
1367 2405 1596 2470 πολλοὺς
1629 2408 1761 2461 ὑετο-

181 2479 448 2546 σκε).ίσαι,
476 2483 621 2551 ἅπαξ
642 2487 735 2541 καὶ
764 2489 845 2553 είς
872 2490 1001 2554 τοὺς
1028 2490 1373 2564 ἀκυμάντους
1398 2497 1506 2550 τῶν
1538 2498 1762 2569 ἀσωμά-

178 2588 281 2625 των
337 2573 550 2643 φθάσας
598 2577 842 2649 λιμένας,
880 2581 985 2647 ἔξω
1026 2585 1284 2656 τυγχάνει
1333 2587 1430 2640 καὶ
1464 2589 1632 2661 ζάλης
1666 2591 1762 2644 καὶ

180 2663 465 2730 κλύδωνος.
506 2669 675 2741 Δεῦρο
702 2671 766 2743 δὴ
801 2667 914 2738 οὗν,
947 2673 1070 2730 καθ’
1095 2675 1192 2730 ἕνα
1230 2677 1340 2733 τῶν
1364 2680 1761 2753 ἀπηριθμημέ-

178 2773 278 2809 νων
315 2760 518 2831 μικρὸν
557 2763 999 2836 ἐνδιατρίψαντες
1030 2768 1109 2840 τῷ
1142 2769 1304 2842 λόγῳ,
1335 2767 1448 2836 οἷος
1480 2773 1704 2843 γέγονεν
1733 2777 1762 2828 ό

178 2847 500 2921 θαυμάσιος,
532 2856 625 2908 καὶ
648 2857 729 2920 είς
749 2858 873 2912 ὅσον
903 2860 1100 2931 μέτρον
1131 2868 1503 2936 πνευματικῆς
1526 2865 1762 2936 ἔφθασεν

177 2937 516 3004 ἀναϐάσεως.
551 2945 666 3007 τοῖς
697 2948 1130 3019 συνειλεγμένοις
1157 2954 1650 3027 καθυποδείξωμεν.

1872 1856 2135 1912 studiosis
2151 1871 2318 1912 causa
2342 1858 2769 1928 complectendae
2787 1860 3006 1915 exsistit
3023 1861 3258 1914 virtutis.
3275 1860 3457 1928 Atque

1870 1949 1978 2005 ista
2010 1965 2119 2003 nun
2143 1949 2386 2014 aliunde,
2423 1949 2518 2004 sed
2542 1965 2610 2004 ex
2641 1951 2730 2017 iis,
2763 1966 2885 2021 quae
2916 1952 2970 2006 in
2990 1952 3158 2006 variis
3190 1953 3308 2021 ipse
3335 1951 3453 2006 suis

1869 2039 2839 2112 disseminavitscriptis,didicimus.
2866 2043 2941 2097 Ex
2970 2044 3450 2114 quibus,inquam,

1869 2135 2074 2190 sedulae
2109 2135 2284 2190 instar
2313 2135 2454 2205 apis,
2487 2151 2555 2192 ex
2581 2136 2838 2207 plurimis
2871 2134 3100 2191 ﬂoribus
3137 2136 3290 2190 utilia
3339 2136 3455 2214 col-

1863 2227 2121 2298 ligentes,
2154 2225 2337 2281 favum
2365 2227 2513 2282 hunc
2533 2228 2874 2298 spiritualem
2905 2228 3265 2283 confecimus.
3284 2227 3454 2284 Nobis

1863 2333 1994 2372 vero
2026 2317 2140 2372 haec
2175 2318 2295 2387 ipse
2350 2320 2683 2375 conantibus
2728 2333 3082 2390 nequaquam
3129 2319 3448 2374 subirasce—

1864 2417 1976 2474 tur,
2002 2409 2225 2478 quando
2259 2410 2550 2465 scelestum
2604 2411 2927 2477 damonem,
2986 2411 3081 2480 qui
3111 2411 3315 2464 multos
3365 2411 3452 2464 vel

1863 2499 1920 2554 in
1950 2507 2196 2554 extremo
2223 2514 2399 2570 agone
2426 2501 2786 2570 supplantare
2818 2501 2978 2564 solet,
3026 2515 3136 2554 non
3191 2500 3450 2569 pertime-

1865 2589 1972 2646 scit
1995 2589 2264 2660 amplius;
2287 2590 2400 2660 jam
2433 2591 2577 2646 enim
2611 2591 2678 2646 ad
2712 2591 3066 2660 tranquillum
3097 2591 3342 2661 pervenit
3363 2590 3448 2644 in-

1865 2693 2259 2751 corporearum
2319 2689 2563 2750 portum,
2618 2680 2710 2734 ubi
2756 2681 2939 2736 nullas
2972 2681 3194 2735 omnino
3244 2681 3451 2750 procel~

1865 2773 1949 2830 las
1978 2773 2303 2828 reformidat
2351 2781 2516 2842 atque
2545 2780 2920 2843 tempestates.
2958 2772 3071 2843 Age
3113 2771 3300 2842 igitur,
3337 2771 3451 2825 sin-

1865 2866 2010 2938 gulis
2038 2881 2252 2929 eorum,
2295 2881 2416 2934 quae
2441 2875 2758 2920 enumerata
2799 2871 2950 2930 sunt,
3005 2864 3291 2934 paululum
3346 2861 3450 2915 im-

1867 2965 2171 3025 morantes,
2201 2959 2382 3028 qualis
2449 2957 2686 3011 eximius
2726 2957 2830 3011 iste
2867 2956 2954 3010 vir
2988 2956 3244 3021 evaserit,
3277 2961 3333 3010 et
3392 2953 3448 3008 in

177 3045 335 3099 quem
370 3033 600 3101 gradum
639 3037 941 3106 spiritualis
965 3043 1342 3100 sanctimoniae
1375 3048 1615 3117 seipsum
1651 3051 2074 3119 provexerithis
2102 3051 2193 3120 qui
2229 3056 2608 3104 convenerunt
2635 3047 3017 3103 ostendamus.

240 3124 490 3190 Πίστεως
539 3128 637 3197 μὲν
661 3128 770 3201 γάρ
798 3126 909 3202 εἶχε
951 3132 1070 3186 λίαν
1101 3135 1296 3206 ὀρθῶς,
1334 3140 1395 3192 οὐ
1432 3140 1623 3212 πόρρω
1653 3159 1755 3195 που

1930 3142 2013 3197 Ad
2047 3143 2207 3198 ﬁdem
2243 3157 2372 3213 ergo
2405 3141 2552 3212 quod
2582 3139 2798 3207 attinet,
2844 3139 2993 3194 nulla
3038 3154 3103 3194 ex
3134 3145 3289 3208 parte
3315 3151 3446 3207 pro--

175 3213 344 3267 νεύων
376 3215 478 3285 τῆς
518 3217 800 3283 εὐσεϐείας
823 3237 837 3250 ·
877 3222 1059 3287 καθὼς
1083 3223 1149 3279 ἔκ
1195 3244 1253 3280 τε
1278 3230 1386 3283 τῶν
1425 3231 1590 3284 αὐτοῦ
1632 3249 1761 3300 συγ-

177 3307 542 3377 γραμμάτων.
574 3309 637 3362 ἐκ
665 3329 723 3364 τε
752 3313 853 3382 τῆς
879 3317 1006 3388 περὶ
1037 3319 1200 3372 αὐτὸν
1243 3321 1350 3376 ὑπὸ
1379 3324 1479 3390 τῆς
1528 3325 1760 3396 Ἐκκλη-

179 3399 288 3463 aia;
326 3402 750 3472 παρειλήφαμεν
785 3404 940 3478 δόξης
967 3425 981 3437 ·
1013 3409 1072 3474 ἐξ
1115 3411 1230 3465 ἴσου
1279 3413 1390 3485 γάρ
1423 3416 1761 3486 ἐμυσάττετο

179 3491 267 3562 τὴν
316 3493 416 3546 τοῦ
470 3495 760 3548 Σαϐελλίου
814 3499 1124 3569 παράλογον
1176 3503 1456 3574 σύγχυσιν,
1507 3507 1602 3560 καὶ
1659 3507 1757 3578 τὴν

190 3584 396 3656 Ἀρείου
439 3585 680 3657 μανιώδη
709 3586 990 3660 διαίρεσιν.
1029 3591 1243 3646 Ἴστατο
1267 3594 1322 3646 δὲ
1345 3594 1454 3647 τῶν
1473 3597 1574 3666 τῆς
1603 3597 1757 3649 εὐσε-

178 3674 325 3740 6είας
353 3678 496 3748 ὅρων
525 3678 676 3740 ἐντός
695 3695 709 3709 ·
739 3678 960 3750 διαιρῶν
983 3681 1081 3751 μὲν
1103 3683 1180 3754 τῷ
1205 3684 1442 3756 ἀριθμῷ.
1469 3687 1756 3740 συνάπτων

176 3767 227 3820 δὲ
366 3769 524 3840 οὐσίᾳ
559 3770 660 3842 τὴν
710 3771 836 3840 μίαν
865 3773 960 3826 καὶ
998 3773 1301 3846 ἀσύγχυτον
1339 3779 1433 3832 καὶ
1486 3781 1756 3848 παναγίαν

175 3860 408 3929 Τριάδα·
432 3861 506 3925 ὠς
535 3861 604 3917 ἂν
635 3864 772 3934 μήτε
797 3865 985 3918 πενίαν
1013 3867 1262 3939 θεότητος
1299 3870 1599 3935 Ἰουδαϊκῶς
1617 3874 1755 3926 ὀνειο

173 3952 392 4021 δίζοιτο,
430 3956 569 4026 μήτε
599 3956 757 4026 δήμῳ
789 3955 939 4010 Θεῶν
982 3957 1306 4030 Ἑλληνικῶς
1340 3961 1748 4032 ἐκϐακχεύοιτο’

172 4046 209 4100 ἃ
241 4047 432 4101 παθεῖν
471 4049 520 4100 οἱ
550 4049 677 4119 περὶ
715 4049 814 4120 τὴν
851 4049 1234 4120 ἀκατάληπτον
1257 4053 1465 4122 Τριάδα
1487 4056 1749 4124 παροινή-

174 4154 366 4202 σαντες
415 4138 808 4210 ἐξελέγχονται.
867 4141 1245 4212 Ἀπολιναρίου
1293 4143 1350 4195 δὲ
1399 4143 1650 4196 τοσοῦτον
1689 4145 1752 4198 τὸ

171 4231 364 4301 ἄλογον
394 4233 755 4302 ἀπεπέμπετο
791 4232 987 4304 δόγμα,
1037 4235 1110 4298 ὡς
1151 4237 1330 4289 πᾶσαν
1365 4235 1550 4289 θέσθαι
1587 4254 1751 4291 σπου-

167 4323 265 4394 δὴν
294 4328 359 4378 ἐκ
388 4325 571 4395 πάσης
601 4325 732 4378 αὐτὸ
759 4325 1145 4397 Χριστιανικῆς
1174 4326 1402 4393 egeam
1426 4327 1620 4398 ψυχῆς.

1861 3236 1950 3291 cul
1981 3250 2011 3288 a
2047 3235 2251 3305 pietate
2279 3233 2598 3297 deﬂectens,
2632 3232 2925 3286 admodum
2959 3239 3109 3286 recte
3139 3230 3444 3285 sentiebat:

1858 3328 2006 3400 quod
2036 3342 2160 3382 cum
2185 3326 2306 3395 ejus
2336 3340 2402 3380 ex
2433 3325 2678 3394 scriptis,
2712 3331 2827 3378 tum
2859 3338 2926 3377 ex
2948 3322 3208 3378 Ecclesiae
3237 3321 3304 3376 de
3328 3320 3448 3390 ipso

1856 3417 2262 3474 existimatione
2286 3414 2455 3485 probe
2488 3415 2882 3485 cognovimus;
2917 3427 3042 3468 nam
3076 3428 3233 3483 aeque
3259 3419 3316 3468 et
3346 3413 3447 3465 fal-

1856 3523 1972 3562 sam
2009 3507 2233 3563 Sabellii
2265 3506 2670 3574 confusionem,
2698 3514 2754 3561 et
2785 3505 3034 3562 insanam
3061 3505 3174 3558 Arii
3219 3503 3446 3558 divisio-

1860 3617 1986 3656 nem
2020 3599 2466 3655 abominabatur.
2500 3597 2768 3652 Constitit
2799 3603 2978 3650 autem
3010 3595 3066 3649 in
3099 3593 3298 3648 ﬁnibus
3324 3593 3441 3662 pie-

1857 3693 1988 3747 tatis
2019 3700 2181 3760 atque
2214 3690 2493 3761 religionis
2527 3707 2540 3744 :
2585 3689 2665 3743 sic
2700 3688 2904 3758 quippe
2933 3700 3120 3748 unam,
3167 3699 3274 3739 non
3302 3698 3440 3738 con-

1856 3785 2073 3847 fusam,
2126 3788 2648 3850 sacrosanctamque
2691 3777 3054 3839 Trinitatem,
3109 3785 3162 3831 et
3212 3788 3442 3829 numero

1860 3887 2222 3944 personarum
2272 3869 2576 3934 dividebat,
2620 3875 2676 3924 et
2709 3870 2919 3924 unitate
2952 3866 3278 3924 substantiae
3307 3879 3443 3919 con-

1855 3967 2119 4036 jungebat
2162 3981 2175 4017 :
2229 3970 2290 4017 ut
2342 3977 2520 4032 neque
2566 3961 2873 4017 divinitatis
2923 3960 3163 4030 inopiam
3214 3957 3443 4012 Judaice

1858 4054 2190 4112 contumelia
2241 4052 2500 4115 aliiceret,
2543 4067 2727 4122 neque
2779 4051 3008 4105 deorum
3062 4048 3439 4112 multitudine,

1859 4160 2012 4200 more
2048 4143 2332 4214 gentilium
2360 4156 2423 4195 ac
2447 4155 2786 4211 paganorum
2808 4139 3259 4194 debaccharetur.
3285 4134 3442 4201 Quod

1858 4237 1967 4291 illis
1998 4234 2324 4304 contingere
2366 4231 2830 4302 deprehendimus
2852 4269 2868 4295 ,
2912 4230 3006 4299 qui
3039 4230 3096 4282 in
3127 4229 3442 4295 incompre-

1856 4327 2183 4383 hensihilem
2201 4324 2522 4379 Trinitatem
2557 4324 2864 4394 petulanter
2885 4319 3265 4376 contumeliosi
3286 4326 3433 4373 sunt.
3493 4325 3500 4332 '

166 4421 640 4475 Absurdissimam
667 4435 829 4490 porro
853 4421 1170 4491 Apollinarii
1195 4423 1508 4492 opinionem
1539 4424 1621 4478 sic
1653 4423 2049 4489 detestabatur,
2068 4431 2128 4476 ut
2155 4419 2308 4475 omni
2348 4425 2550 4475 conatu
2587 4425 2752 4489 atque
2788 4416 3161 4473 sollicitudine
3185 4414 3433 4470 eamdem

164 4528 232 4565 cx
272 4510 596 4580 quorumvis
622 4509 1064 4564 Christianorum
1096 4513 1296 4568 animis
1324 4513 1556 4568 evellere
1586 4513 1850 4569 studeret.

248 4601 410 4654 Ἀλλὰ
449 4599 556 4671 μὴν
602 4601 697 4654 καὶ
749 4600 858 4654 τῶν
908 4602 1201 4672 Ἀνομοίων
1249 4603 1334 4656 διὰ
1369 4604 1576 4658 πολλῶν
1609 4581 1744 4658 ἀτέο-

1922 4601 2068 4670 Quin
2102 4609 2158 4659 et
2194 4601 2382 4657 futiles
2403 4640 2417 4666 ,
2448 4600 2852 4671 elfrenatasque
2883 4601 3277 4654 Anomceorum
3328 4599 3435 4653 lin-

159 4691 452 4745 δεικτικῶν
478 4707 538 4743 τε
569 4690 661 4744 καὶ
689 4691 983 4761 Γραφικῶν
1021 4691 1214 4761 λόγων,
1253 4694 1322 4747 τὰ
1363 4694 1621 4748 ἀπύλωτα
1663 4696 1752 4748 ὲν-

159 4784 373 4854 έφραξε
411 4783 676 4854 στόματα,
704 4784 968 4854 μεγίστην
1002 4783 1298 4853 ἀσφάλειαν
1327 4786 1458 4855 ἡμῖν
1488 4785 1555 4839 τὰ
1583 4786 1750 4840 αὐτοῦ

157 4877 482 4932 θεοδίδακτα
517 4876 690 4930 λιπὼν
719 4877 895 4945 λόγια.
929 4876 1174 4930 Νουάτου
1212 4877 1270 4931 δὲ
1315 4879 1363 4931 εί
1397 4877 1638 4948 βούλοιτό
1665 4897 1750 4943 τις

151 4968 257 5025 τοῦ
293 4969 630 5039 θρασυτάτου
668 4970 888 5041 ἥττημα
917 4970 1177 5034 κατιδεῖν,
1213 4971 1272 5023 ἐν
1304 4973 1371 5042 τῇ
1397 4970 1484 5024 διὰ
1525 4971 1634 5024 τῶν
1664 4971 1752 5023 λό-

153 5081 276 5130 γων
300 5061 398 5114 τοῦ
441 5060 682 5134 Ἐφρατμ
712 5061 857 5133 πάλῃ
904 5061 966 5113 τὸ
991 5060 1086 5115 τοῦ
1131 5061 1369 5116 ἐναντίου
1400 5062 1600 5132 πτῶμα
1631 5063 1753 5133 βλε-

155 5156 335 5220 πέτω,
392 5149 514 5229 ὲνῇ
554 5155 804 5208 τοσοῦτον
855 5155 1076 5226 εὑρήσει
1107 5154 1168 5208 τὸ
1213 5154 1402 5227 περιὸν
1442 5156 1540 5226 τῆς
1589 5155 1749 5210 δυνά-

157 5264 313 5316 μεως
353 5245 451 5299 τοῦ
501 5246 770 5318 ἡμετέρου
825 5246 1156 5300 Διδασκάλου
1209 5247 1267 5300 ἐν
1314 5249 1380 5318 τῇ
1436 5245 1531 5300 τοῦ
1589 5246 1746 5316 λόγου

154 5339 532 5410 παραστάσει,
561 5337 693 5408 ὅσην
741 5336 932 5408 ἀνδρὸς
960 5335 1402 5407 παγκρατιαστοῦ
1433 5335 1526 5390 καὶ
1561 5337 1748 5402 παιδὸς

151 5429 256 5482 οὐκ
308 5427 598 5493 εὐσθενοῦς
637 5429 705 5484 δι’
736 5429 1070 5500 ἁπαλότητα.
1104 5430 1178 5484 Οὐ
1223 5431 1382 5501 μόνον
1412 5430 1468 5484 δὲ
1500 5430 1597 5494 τὰς
1625 5433 1748 5485 κατ’

155 5522 344 5576 έκεῖνο
375 5521 566 5594 καιροῦ
596 5523 643 5594 ἢ,
668 5523 760 5576 καὶ
788 5523 1022 5594 πρόσθεν
1045 5523 1376 5592 άναφυείσας
1405 5523 1509 5577 ὑπὸ
1532 5522 1624 5577 τοῦ
1650 5523 1748 5594 τῆς

156 5612 366 5676 κακίας
417 5613 661 5683 σπορέως
690 5613 1024 5679 ζιζανιώδεις
1051 5613 1311 5686 αἱρέσεις,
1343 5610 1422 5683 τῷ
1449 5611 1593 5684 ὀροῷ
1642 5613 1743 5682 τῆς

157 5703 402 5770 πίστεως
450 5703 702 5778 ἐξήλεγξε
748 5705 924 5777 λόγῳο
970 5705 1104 5761 ἀλλὰ
1143 5707 1236 5762 καὶ
1270 5705 1367 5770 τὰς
1400 5708 1476 5770 εἰς
1513 5705 1739 5777 ὕστερον

1854 4712 1991 4769 guas
2023 4694 2193 4751 variis
2233 4695 2575 4767 argumentis
2601 4735 2617 4760 ,
2669 4692 3074 4764 Scriptttrteque
3107 4693 3438 4748 testimoniis

1854 4789 2076 4859 penitus
2105 4789 2394 4858 repressit,
2428 4801 2753 4856 summeque
2783 4785 2938 4839 utilia
2968 4800 3033 4839 ac
3062 4785 3244 4839 divina
3279 4785 3438 4840 nobis

1853 4881 2146 4936 adversum
2193 4896 2289 4937 eos
2334 4887 2687 4934 monumenta
2733 4877 2973 4947 reliquit.
3039 4874 3096 4930 Si
3149 4877 3275 4948 quis
3307 4893 3437 4933 vero

1854 4975 1908 5029 in
1951 4972 2009 5028 S.
2049 4973 2302 5043 Ephraem
2351 4971 2791 5041 disputationum
2837 4985 2960 5024 cum
3009 4967 3255 5036 Novato,
3294 4985 3434 5025 con-

1853 5066 2024 5130 ﬂictu,
2080 5066 2266 5135 cupiat
2314 5061 2670 5116 audacissimi
2721 5061 2841 5131 ejus
2886 5061 3138 5116 contueri
3174 5073 3432 5133 stragem,

1853 5157 2153 5213 adversarii
2187 5170 2376 5210 casum
2422 5153 2684 5224 respiciat
2715 5160 2950 5223 Oportet.
2986 5152 3061 5205 lbi
3093 5153 3238 5206 enim
3261 5166 3436 5221 usque

1851 5249 1990 5303 adeo
2019 5246 2333 5318 superiores
2368 5244 2423 5299 in
2471 5245 2592 5315 ipso
2627 5242 2949 5299 certaminis
2996 5257 3295 5312 congressu
3333 5256 3434 5294 no-

1850 5341 1949 5398 stri
1980 5316 2223 5396 doctoris
2251 5339 2397 5392 vires
2425 5335 2690 5398 inveniet.
2729 5342 2790 5388 ut
2833 5335 2979 5389 hunc
3007 5335 3434 5404 pancratiastem
3457 5316 3474 5330 ’

1857 5443 2020 5504 atque
2059 5438 2387 5487 ccrtatorem
2422 5428 2724 5491 invictum,
2773 5427 2932 5482 illum
2981 5434 3161 5482 autem
3213 5425 3431 5480 mollem

1854 5541 1918 5580 ac
1953 5532 2208 5594 tanquam
2238 5536 2466 5593 puerum
2498 5519 2740 5576 nondum
2781 5526 2941 5576 aetate
2981 5519 3255 5574 ﬁrmatum
3281 5517 3434 5570 dixe-

1849 5615 1940 5670 rit.
1978 5612 2166 5684 Neque
2203 5626 2332 5668 vero
2375 5611 2500 5667 illas
2549 5612 2843 5676 duntaxat,
2889 5626 3011 5681 qum
3042 5611 3128 5666 vel
3155 5621 3307 5673 tunc,
3343 5608 3430 5662 vel

1850 5717 2006 5763 antea
2043 5705 2377 5762 zizaniorum
2412 5703 2652 5763 haereses
2685 5720 2748 5762 ex
2785 5701 3006 5760 malitia:
3056 5702 3262 5760 semine
3309 5699 3430 5756 luc-
