3918 6204
425 271 530 327 8‘27

1688 258 1745 315 S.
1787 257 2112 316 GBEGORII
2154 257 2443 315 NYSSENI

3568 246 3667 303 828

427 396 550 442 rant
579 392 807 450 exortae,
852 382 977 439 fidei
1018 379 1346 439 rectitudine
1391 378 1733 451 propulsavit
1764 395 1779 431 :
1814 393 2001 435 verum
2033 423 2040 439 η

2142 378 2289 443 ακῶς
2312 377 2647 448 ἀναθαλῆσαι
2693 372 2991 447 μελλούσας
3030 368 3356 442 προφητικῷ
3408 367 3673 438 βλέμματι

428 488 482 533 et
506 493 602 534 eas
622 493 744 549 quae
772 477 828 531 in
864 476 1104 530 futurum
1137 471 1442 544 perniciose
1465 470 1745 542 pullulare,
1756 477 2006 540 poterant

431 569 769 639 propheticis
822 566 1001 622 oculis
1051 564 1358 635 praevidens
1403 563 1669 634 praecidit.
1731 561 2009 631 Quotquot

434 661 579 714 enim
610 661 679 715 ab
711 674 778 715 eo
812 657 1124 727 conscripta
1173 663 1302 712 sunt
1339 653 1635 718 volumina,
1667 653 2011 709 demonstra-

435 751 678 806 tionibus
728 756 858 806 sunt
909 749 1087 818 plena.
1139 747 1427 816 Nunquam
1472 759 1602 816 ergo
1645 744 1891 800 veritatis
1925 744 2013 800 hic

437 842 602 906 ﬁlius,
628 843 696 896 ab
724 842 841 911 ipsa
869 838 1148 894 deﬂexerit
1175 839 1403 893 veritate
1430 855 1443 891 :
1468 851 1619 907 spem
1643 852 1773 892 vero
1794 851 2013 892 omnem

439 935 493 989 in
530 934 652 990 solo
696 932 804 988 Deo
853 931 1084 987 deﬁxam
1117 930 1326 996 habuit,
1365 929 1421 983 in
1463 943 1575 999 quo
1603 930 1698 1000 qui
1729 944 1858 985 suas
1889 936 2014 999 spes

440 1027 804 1091 constituunt,
843 1024 1066 1094 praemia
1098 1021 1361 1078 referunt.
1405 1020 1750 1091 Quapropter
1775 1029 1831 1077 et
1878 1022 2015 1078 illud

439 1116 642 1172 Psalmi
694 1116 750 1171 in
798 1115 1014 1170 cunctis
1059 1113 1175 1170 suis
1234 1111 1396 1169 factis
1441 1112 1718 1184 dictisque
1746 1128 2016 1183 usurpare

442 1210 689 1265 solebat:
714 1207 780 1262 In
809 1209 923 1278 ipso
940 1205 1170 1275 speravit
1200 1222 1290 1260 car
1318 1221 1510 1269 meum,
1536 1214 1584 1261 et
1614 1204 1833 1274 adjutus
1852 1205 2013 1262 sum‘.

445 1300 709 1366 Quoniam
750 1306 1043 1368 sperantem
1084 1298 1138 1351 in
1188 1296 1469 1351 Dominum
1504 1297 1872 1352 misericordia
1911 1298 2017 1351 air-‘-

444 1390 772 1447 cumdabit‘.
819 1389 885 1444 Et
917 1388 1116 1445 fiducia
1143 1389 1198 1443 in
1227 1388 1539 1453 Dominum,
1570 1389 1743 1444 monti
1775 1387 1907 1443 Sion
1944 1389 2019 1444 si-

445 1483 626 1538 milem
649 1480 859 1537 reddit:
888 1485 1050 1551 inque
1074 1496 1340 1536 summam
1366 1480 1756 1536 beatitudinem
1779 1496 1904 1537 eum
1925 1480 2021 1552 qui
2058 1490 2065 1496 '

447 1572 709 1643 possidet,
744 1573 1051 1637 constituit,
1093 1572 1236 1627 sicut
1268 1587 1335 1627 ex
1383 1571 1518 1642 ipsis
1560 1570 1844 1627 addiscere
1895 1571 2021 1627 licet

446 1664 755 1735 prophetis,
786 1679 911 1720 cum
958 1664 1105 1720 dicat
1140 1661 1307 1717 David
1341 1680 1354 1717 :
1396 1662 1594 1717 Beatus
1625 1663 1726 1726 vir,
1760 1662 1914 1732 cujus
1942 1672 2021 1718 est

449 1770 636 1809 nomen
668 1754 882 1808 Domini
932 1769 1046 1821 spes
1080 1751 1252 1822 ejus'.
1299 1749 1565 1808 Jeremias
1615 1766 1744 1809 vero
1784 1769 1803 1805 :
1850 1752 2018 1807 Bene.
2051 1735 2093 1790 Β

450 1845 619 1899 dictus
665 1844 744 1899 vir
785 1843 876 1914 qui
915 1841 1128 1910 conﬁdit
1168 1841 1223 1895 in
1264 1841 1515 1906 Domino,
1547 1852 1597 1895 et
1635 1843 1733 1896 erit
1768 1842 2024 1898 Dominus

451 1935 651 2005 ﬁducia
682 1935 794 2004 ejus
814 1936 854 1988 ⁸.
892 1933 957 1987 Et
986 1934 1090 1987 crit
1109 1932 1269 2002 quasi
1300 1933 1506 2003 lignum
1543 1934 1688 2003 quod
1715 1936 2027 2007 transplan-

454 2036 600 2081 tatur
625 2040 790 2096 super
823 2039 1030 2094 aquas,
1064 2023 1211 2095 quod
1244 2025 1311 2078 ad
1353 2025 1634 2080 humorem
1670 2025 1835 2080 mittit
1880 2027 2030 2082 radi-

455 2133 549 2174 ces
576 2133 726 2182 suas,
753 2126 808 2173 et
837 2134 944 2172 non
975 2117 1206 2181 timebit,
1231 2133 1356 2172 cum
1380 2119 1589 2173 venerit
1614 2120 1834 2175 :estus".
1863 2117 2032 2175 isaias

457 2206 638 2264 autem
676 2208 973 2267 :Daminus
1007 2224 1101 2263 rex
1133 2218 1331 2274 noster,
1374 2209 1631 2264 Dominus
1672 2220 1909 2266 servator
1936 2228 2030 2265 no-

458 2309 565 2356 ster
598 2315 618 2354 :
656 2302 765 2371 ipse
791 2300 1018 2354 salvabit
1045 2300 1194 2355 nos'.
1236 2300 1369 2356 Ecce
1396 2301 1534 2356 Deus
1575 2301 1825 2357 Salvator
1863 2319 2030 2367 meus,

460 2391 783 2461 ﬁducialiler
810 2409 988 2462 agam,
1020 2401 1071 2447 et
1102 2409 1205 2447 non
1236 2393 1423 2447 timebo
1446 2394 1488 2449 ⁹.
1536 2392 1678 2460 Quin
1727 2407 1780 2450 et
1829 2394 2037 2452 Paulus

462 2498 565 2539 nos
600 2482 877 2549 admonet,
909 2483 1098 2539 dicens
1134 2500 1149 2538 :
1206 2487 1490 2539 Teneamus
1531 2486 1640 2553 spei
1668 2497 1865 2541 nostrw
1910 2503 2032 2542 con-

463 2576 745 2645 [essionem
776 2590 795 2629 :
840 2575 1009 2644 ﬁdelis
1037 2577 1176 2630 enim
1205 2584 1304 2640 est,
1332 2578 1421 2647 qui
1444 2578 1820 2646 repromisit”.

538 2666 729 2723 Divina
777 2669 942 2740 igitur
976 2670 1101 2736 hac,
1146 2679 1201 2727 et
1247 2672 1487 2740 reposita
1520 2686 1617 2740 spe
1658 2676 1932 2727 enutritus
1974 2672 2033 2727 S.

467 2759 737 2830 Ephrazm,
783 2760 1020 2816 humana
1050 2777 1115 2817 ac
1146 2762 1460 2817 transitoria
1506 2778 1844 2833 quaecunque
1889 2779 2041 2834 sper-

467 2869 626 2917 nens,
661 2854 1051 2924 sempiternam
1085 2854 1305 2911 assiduc
1333 2857 1564 2927 gloriam
1594 2859 2037 2927 concupiscebat.

467 2943 724 2999 Amorem
757 2959 887 3001 vero
921 2946 973 2998 in
1001 2945 1170 3000 Deum
1200 2953 1256 3000 et
1287 2947 1596 3016 proximum
1632 2946 1770 3003 adeo
1800 2951 2041 3003 servavit

2107 466 2358 532 κατιδὼν,
2416 465 2847 539 προεξεθέρισεν.
2898 463 3010 519 Καὶ
3049 462 3256 516 τούτων
3304 460 3519 531 πλήρης
3570 458 3676 512 τῶν

2108 559 2432 625 ἀποδείξεων
2476 559 2627 612 πᾶσα
2648 556 2836 610 τούτου
2885 554 3171 625 συγγραφή
3210 570 3270 607 τε
3305 552 3400 605 καὶ
3442 552 3674 621 ποίησις.

2109 651 2295 715 Οὕτως
2320 650 2381 704 οὐ
2418 649 2636 704 πώποτε
2669 648 2768 717 τῆς
2804 645 3063 717 ἀληθείας
3089 648 3117 698 ὁ
3144 644 3243 714 τῆς
3279 642 3539 713 ἀληθείας
3567 643 3678 706 υίὸς

2110 742 2493 815 ὲξεφρόνησεν·
2516 739 2668 803 ἐλπὶς
2693 738 2751 790 δὲ
2772 735 2948 806 τούτῳ
2968 739 3002 806 ἠ
3025 738 3104 798 είς
3128 734 3259 788 Θεὸν
3288 734 3446 805 μόνη,
3474 732 3538 797 ἐξ
3561 734 3678 786 ὅτου

2113 836 2177 887 ἃν
2205 832 2580 903 ἀποκειμένων
2624 829 2854 883 ἐλπίδων
2881 830 2995 892 τοῖς
3038 825 3211 892 ἀξίοις
3251 827 3307 879 αἱ
3341 825 3585 895 χάριτες.
3612 824 3682 876 To

2112 927 2221 999 γὰρ
2248 924 2517 996 ψαλμικδν
2544 923 2632 978 διὰ
2676 921 2791 993 βίου
2814 920 2957 991 λόγῳ
2995 935 3055 973 τε
3094 917 3190 972 καὶ
3226 916 3418 989 πράξει
3445 915 3683 988 μελετῶν

2114 1018 2366 1087 ἔφασκεν·
2408 1016 2527 1068 Ἐπ’
2570 1011 2731 1079 αὐτῷ
2768 1012 3032 1081 ἤλπισεν
3075 1010 3114 1078 ἡ
3155 1008 3366 1077 καρδία
3408 1025 3555 1077 μου,
3589 1007 3684 1061 και

2114 1094 2468 1178 ἐϐοηθήθην.
2498 1106 2600 1160 Διὰ
2644 1103 2917 1159 τοιοῦτον
2944 1101 3312 1165 ἐλπίσαντος
3358 1095 3548 1152 αὑτοῦ
3591 1096 3689 1150 ἐπὶ

2116 1201 2353 1268 Κύριον,
2386 1198 2559 1265 ἕλεος
2600 1194 2789 1252 αὑτὸν
2814 1192 3137 1249 κυκλώσει.
3167 1190 3279 1245 Καὶ
3317 1192 3350 1260 ἡ
3398 1191 3481 1251 είς
3528 1188 3686 1241 αὑτὸν

2119 1291 2460 1363 πεποίθησις,
2489 1291 2606 1361 ὄρει
2647 1287 2835 1343 τοῦτον
2880 1284 3020 1339 Σιὼν
3059 1281 3379 1349 ἀπεικάζει·
3424 1279 3566 1335 ἀλλά
3599 1279 3691 1333 καὶ

2120 1384 2456 1458 ὑψηλοτάτου
2493 1378 2842 1454 μακαρισμοῦ
2871 1377 3022 1441 ἐντὸς
3047 1376 3137 1431 τὸν
3178 1373 3517 1445 κεκτημένον
3557 1371 3690 1426 καθ-

2122 1478 2324 1551 ίστησι,
2370 1476 2446 1541 ὡς
2476 1475 2624 1529 ἔστιν
2659 1472 2720 1539 ἐξ
2766 1471 2945 1527 αὐτῶν
2976 1470 3087 1525 τῶν
3123 1467 3417 1539 προφητῶν
3441 1482 3694 1536 καταμα-

2122 1571 2255 1635 θεῖν,
2288 1567 2451 1624 Δαϐὶδ
2485 1567 2583 1638 μὲν
2612 1565 2888 1635 λέγοντος·
2920 1560 3220 1631 Μακάριος
3251 1559 3428 1626 ἀνὴρ,
3459 1553 3535 1613 οὗ
3562 1558 3693 1610 ἐστι

2122 1662 2189 1718 τὸ
2211 1661 2397 1731 ὄνομα
2425 1660 2643 1729 Κυρίου
2666 1655 2842 1722 ἐλπὶς
2866 1651 3072 1710 αὑτοῦ.
3112 1651 3373 1722 Ἱερεμίου
3397 1648 3480 1703 δέ·
3506 1650 3695 1702 Εὐλο-

2124 1752 2381 1824 γημένος
2401 1751 2728 1819 ἄνθρωπος,
2751 1746 2922 1813 ὅστις
2941 1744 3223 1799 πέποιθεν
3243 1739 3342 1796 ἐπὶ
3373 1739 3455 1806 τῷ
3479 1739 3694 1807 Κυρίῳ,

2126 1844 2225 1897 καί
2268 1842 2439 1897 ἔσται
2474 1840 2689 1908 Κύριος
2717 1836 2893 1902 ἐλπὶς
2924 1833 3142 1890 αὐτοῦ·
3179 1831 3277 1887 καὶ
3306 1831 3481 1885 ἔσται
3512 1829 3598 1896 ὡς
3634 1828 3697 1883 τὸ

2128 1933 2321 1999 ξύλον
2346 1930 2643 2000 εὐθηνοῦν
2662 1929 2799 1997 παρ’
2826 1926 3036 1989 ﬁdam,
3069 1923 3167 1978 καὶ
3190 1923 3289 1977 ἐπὶ
3325 1920 3552 1990 liquida
3587 1919 3697 1984 ,ϐαι

2126 2022 2225 2078 λεῖ
2255 2020 2427 2091 ρίᾰιν
2469 2018 2672 2075 αὐτοῦ.
2710 2017 2821 2072 Καὶ
2860 2015 3113 2069 Ἡσαΐου·
3144 2011 3358 2079 Κύριος
3398 2006 3699 2073 Βασιλεὺς

2130 2114 2318 2184 ἡμῶν,
2360 2113 2574 2181 Κύριος
2612 2109 2815 2177 Σωτὴρ
2854 2104 3044 2177 ἡμῶν,
3082 2103 3264 2184 αὐτὸς
3294 2099 3481 2154 σώσει
3520 2094 3692 2168 ἡμᾶς.

2143 2182 2287 2265 ’ίδοὺ
2317 2208 2350 2260 ό
2390 2204 2535 2270 Θεὸς
2558 2206 2591 2258 ὁ
2617 2200 2820 2270 Σωτήρ
2840 2217 2957 2270 μου
2984 2182 3215 2266 Κύριοςῗ,
3246 2190 3545 2257 πεποιθὼς
3564 2190 3694 2244 ἔσο-

2128 2314 2233 2368 μαι
2281 2294 2376 2349 ἐπ’
2417 2293 2577 2359 αὐτῷ
2618 2292 2717 2347 καὶ
2752 2289 3151 2359 θαρσήσομαι.
3194 2286 3301 2339 Τοῦ
3336 2282 3611 2355 μακαρίου
3644 2280 3699 2333 δὲ

2133 2389 2343 2443 Παύλου
2372 2386 2759 2461 παραινοῦντος
2786 2382 2880 2437 καὶ
2908 2382 3159 2449 λέγοντος
3177 2395 3190 2409 ·
3225 2375 3570 2444 Κατέχομεν
3594 2371 3701 2439 τὴν

2135 2481 2496 2551 ἐπαγγελίαν
2522 2476 2633 2547 τῆς
2669 2473 2917 2542 ἐλπίδος
2939 2489 2953 2505 ·
2984 2470 3199 2538 πιστὸς
3224 2468 3337 2539 γὰρ
3369 2470 3402 2523 ό
3435 2466 3701 2535 ἐπαπει-

2135 2572 2396 2642 λάμενος
2422 2568 2585 2638 ἡμῖν.

2208 2661 2395 2734 Ταύτῃ
2434 2663 2502 2731 τῇ
2541 2659 2660 2730 θείᾳ
2703 2657 2797 2711 καὶ
2838 2652 3176 2726 ἀποκειμένη
3213 2649 3390 2704 ἐλπίδι
3430 2645 3707 2720 είστρεφό-

2143 2769 2323 2826 μενος,
2351 2749 2457 2805 τῶν
2484 2747 2763 2819 κοσμικῶν
2799 2746 3055 2801 ἁπάντων
3083 2740 3448 2815 περιεφρόνει,
3487 2738 3582 2791 καὶ
3609 2737 3707 2806 τῆς

2141 2846 2358 2901 αἰωνίου
2387 2842 2545 2913 δόξης
2575 2841 2810 2911 ἑκάστης
2842 2836 3100 2909 ἱμείρετο.
3146 2833 3392 2903 ’Δγάπην
3420 2828 3480 2883 δὲ
3506 2827 3603 2900 τὴν
3629 2828 3714 2891 εἰς

2144 2940 2276 2994 Θεόν
2303 2953 2363 2991 τε
2392 2937 2486 2990 καὶ
2527 2935 2619 2989 τὸν
2647 2932 2873 3004 πλησίον
2901 2929 3072 2992 οὕτως
3098 2924 3346 2998 ἀκριϐῶς
3388 2921 3711 2993 ἐφυλάξατο,

470 3036 733 3102 studiose,
766 3044 825 3089 ut
849 3052 916 3090 ex
949 3037 1049 3091 hoc
1075 3035 1347 3092 decedens
1373 3038 1595 3104 saeculo,
1629 3037 1743 3093 haec
1772 3041 1913 3094 inter
1942 3054 2037 3109 po-

2145 3032 2220 3097 ὡς
2246 3029 2407 3087 αὑτὸν
2433 3029 2604 3083 εἰπεῖν
2630 3026 2848 3091 οὑτωσὶ,
2884 3022 2979 3077 τοῦ
3027 3020 3142 3092 βίου
3182 3018 3520 3087 ἀπαίροντα·
3551 3013 3719 3067 καλὸν

2194 3125 2205 3133 .
2325 3125 2339 3133 .
2392 3122 2404 3133 .
2486 3122 2498 3133 .
2552 3122 2599 3133 ..
2844 3117 2927 3133 ε...
3039 3111 3399 3133 .-ηπ-μὶ-
3442 3108 3717 3133 Jun...

468 3135 674 3184 strema
708 3126 936 3183 referret
974 3146 986 3182 :
1019 3143 1115 3199 par
1142 3128 1289 3184 enim
1314 3140 1400 3186 est
1423 3129 1542 3201 ipsa
1573 3130 1738 3185 verba
1771 3133 1946 3187 sancti
1976 3133 2042 3185 il-

469 3219 581 3277 lius
617 3219 817 3287 Patris,
852 3229 1111 3291 tanquam
1143 3221 1293 3276 omni
1324 3220 1793 3277 demonstratione
1830 3223 2045 3291 potiora

472 3312 529 3369 in
561 3313 799 3368 tnedium
828 3308 1149 3382 producere.
1183 3312 1344 3369 Nullo
1374 3313 1532 3368 modo
1559 3313 1614 3367 in
1642 3321 1752 3367 tota
1772 3329 1889 3369 mea
1912 3302 2044 3379 vita,

473 3404 670 3473 inquit,
721 3403 989 3460 adversus
1037 3403 1327 3459 Dominum
1372 3404 1802 3459 contumeliosus
1841 3406 2046 3472 exstiti,

476 3512 578 3552 nec
622 3498 806 3552 sermo
834 3498 1037 3553 stultus
1065 3512 1097 3552 e
1142 3496 1306 3552 labiis
1339 3496 1476 3551 meis
1507 3511 1763 3567 egressus
1794 3502 1902 3552 est.
1944 3495 2050 3552 Ne-

476 3590 680 3645 minem
715 3589 770 3644 in
802 3590 949 3645 omni
981 3590 1091 3645 vita
1124 3604 1243 3646 mea
1274 3589 1580 3644 maledictis
1624 3588 1847 3644 oneravi
1876 3605 1891 3654 ;
1947 3604 2050 3644 nec

476 3693 603 3734 cum
627 3681 738 3736 ullo
767 3681 925 3750 plane
947 3680 1264 3736 Christiano
1289 3679 1510 3734 homine
1536 3680 1936 3736 contentiosum
1967 3695 2052 3735 me

480 3773 706 3843 pnebui.
769 3775 811 3827 0
846 3772 1055 3831 felicem
1088 3771 1354 3846 linguam,
1389 3787 1512 3843 quae
1543 3771 1878 3828 confidenter
1902 3772 2051 3842 ejus-

481 3861 627 3917 modi
654 3878 842 3918 vocem
874 3864 1077 3932 emisit,
1108 3880 1231 3934 qua:
1267 3864 1400 3919 solis
1432 3864 1779 3933 potissimum
1821 3863 2050 3933 angelis,

482 3962 706 4026 propter
750 3955 918 4009 vitam
950 3956 1020 4011 ab
1064 3956 1217 4010 omni
1254 3955 1486 4010 materia
1528 3954 1937 4025 mutationeque
1964 3970 2057 4010 re-

484 4054 709 4110 motam,
733 4046 1012 4117 congruit!
1049 4045 1118 4100 At
1141 4045 1300 4101 nobis
1325 4044 1477 4100 carni
1503 4043 1888 4110 servientibus,
1912 4044 2054 4099 haud

486 4138 562 4194 ita
591 4139 874 4205 convenit,
923 4145 1235 4209 nostraeque
1266 4144 1476 4192 natura:
1517 4136 1664 4193 vires
1690 4136 1868 4208 magis
1893 4153 2058 4194 exsu-

484 4238 664 4302 perat,
692 4246 857 4302 quam
896 4239 955 4287 ut
987 4230 1147 4288 facile
1174 4229 1449 4300 exaequari
1478 4226 1638 4284 factis
1666 4237 1851 4298 queat.

416 4324 428 4335 '
562 4323 631 4380 Et
662 4332 722 4379 ut
753 4324 1050 4396 plurimum
1084 4323 1344 4386 labores,
1398 4322 1650 4391 vitasque
1698 4320 1917 4375 illorum
1964 4332 2060 4373 ex-

2145 3125 2254 3198 γὰρ
2281 3122 2418 3179 αὐτὰ
2445 3122 2511 3176 sit
2540 3122 2760 3193 ῥήματα
2780 3117 2873 3172 τοῦ
2899 3114 3156 3185 θεοφόρου
3183 3111 3400 3183 Πατρὸς
3438 3111 3520 3173 εἰς
3551 3108 3719 3180 μέσον

2145 3218 2391 3287 ἀγαγεῖν,
2432 3214 2717 3286 κρείττονα
2765 3210 2947 3277 πάσης
2990 3204 3316 3270 ἀποδείξεως
3358 3201 3716 3272 τυγχάνοντα.

2146 3307 2429 3379 Οὐδαμῶς.
2477 3305 2662 3376 φησὶν,
2705 3304 2764 3356 ὲν
2807 3302 2955 3372 πάσῃ
2984 3301 3050 3369 τῇ
3099 3296 3210 3366 ζωῇ
3257 3312 3363 3365 μου
3403 3291 3724 3362 ἐλοιδόρησα

2147 3400 2371 3471 Κύριον,
2402 3398 2493 3453 καὶ
2540 3396 2697 3467 λόγος
2744 3395 2933 3465 ἄφρων
2971 3391 3032 3446 ού
3073 3387 3317 3459 παρῆλθε
3343 3386 3456 3439 τῶν
3493 3383 3726 3455 χειλέων

2152 3510 2276 3563 μου.
2324 3491 2414 3546 Ἐν
2462 3488 2612 3560 πάσῃ
2642 3489 2709 3558 τῇ
2743 3486 2855 3556 ζωῇ
2906 3500 3008 3554 μου
3056 3477 3454 3549 κατηρασάμην
3495 3474 3597 3528 οὐκ
3632 3474 3731 3526 ού-

2148 3583 2294 3648 δένα,
2324 3580 2445 3636 καθ’
2474 3580 2595 3634 ὅλου
2633 3595 2693 3631 τε
2721 3577 2837 3647 μετ’
2869 3572 3080 3635 οὐδενος
3108 3569 3301 3624 πιστοῦ
3329 3565 3728 3638 ὲμαχησάμην.

2148 3669 2221 3726 Ὦ
2254 3672 2500 3744 μακαρία
2543 3669 2784 3739 γλῶσσα,
2820 3667 2943 3738 ἥτις
2980 3664 3301 3736 θαρῤήσασα
3336 3657 3587 3727 τοιαύτην
3622 3655 3737 3728 ἔρ-

2154 3765 2281 3835 ρηξε
2316 3765 2519 3834 φωνὴν,
2555 3763 2588 3833 ἢ
2639 3760 2821 3831 μόνοις
2867 3759 2979 3820 τοῖς
3011 3754 3263 3823 ἀγγέλοις
3291 3748 3735 3824 πρεπωδεστάτη

2151 3848 2430 3926 τυγῇίάνει,
2474 3853 2564 3907 διὰ
2594 3852 2658 3905 τὸ
2695 3851 2857 3906 άῦλον
2894 3849 2989 3902 xa‘t
3025 3843 3386 3901 ἀστασίαστον
3423 3841 3521 3912 τῆς
3549 3839 3736 3912 ζωῆς.

2165 3946 2324 4016 Ἡμῖν
2350 3944 2408 3997 δὲ
2427 3945 2537 4008 τοῖς
2562 3945 2628 4014 τῇ
2660 3941 2822 4012 σαρκὶ
2847 3937 3175 4001 δουλεύουσι,
3204 3935 3328 4005 ξένη
3353 3933 3447 3987 καὶ
3466 3932 3609 4002 ὑπὲρ
3629 3930 3739 4001 τὴν

2154 4037 2337 4108 φύσιν.
2369 4036 2464 4090 καὶ
2491 4034 2722 4107 χαλεπὸν
2744 4029 3170 4103 κατορθωθῆναι.

2228 4302 2339 4356 Καὶ
2369 4298 2538 4355 πολλά
2578 4297 2676 4369 μὲν
2724 4296 2919 4367 κάμοις
2962 4292 3107 4365 βίους
3150 4288 3452 4363 ἀνερευνιῖΝ
3495 4285 3611 4340 τῶν
3654 4286 3743 4340 ἐπ’

563 4375 629 4380 --
668 4375 719 4379 ρ
756 4375 1049 4396 rm---”—
1086 4375 1300 4379 --τ-μ--
1330 4375 1343 4386 ,
1436 4375 1449 4377 τ
1632 4375 1641 4377 ἡ

487 4417 695 4487 plores,
733 4415 826 4486 qui
855 4414 1154 4471 virtutibus
1198 4413 1331 4469 clari
1361 4412 1612 4475 fuerunt;
1641 4408 1730 4466 vix
1757 4418 1934 4463 tamen
1970 4408 2040 4460 ul-

2159 4392 2379 4464 ἀρεταῖς
2418 4388 2775 4461 περιϐοήτων,
2811 4382 3046 4455 ούδαμοῦ
3081 4381 3137 4435 δέ
3177 4398 3230 4435 τι
3259 4377 3497 4433 τοιοῦτον
3529 4375 3743 4448 εὕροις,

490 4509 602 4563 lum
635 4507 763 4563 huic
810 4506 987 4562 simile
1038 4520 1189 4577 purae
1233 4505 1570 4574 sincerteque
1601 4499 1889 4555 charitatis
1919 4497 2059 4551 indi-

489 4600 636 4656 cium
692 4598 959 4669 reperias.
1023 4596 1085 4651 Si
1137 4597 1285 4652 enim
1346 4595 1490 4650 inter
1543 4598 1772 4648 cunctas
1829 4590 2060 4643 virtutes

489 4691 729 4747 maxime
775 4688 1033 4759 praecellit
1082 4686 1363 4753 charitas,
1411 4685 1555 4740 hanc
1603 4683 1680 4737 ita
1729 4689 1916 4737 noster
1971 4679 2062 4733 hic

490 4785 731 4841 excoluit
763 4782 1034 4853 Ephrazm,
1086 4787 1147 4834 ut
1186 4778 1372 4834 nullus
1400 4765 1541 4831 a'lius
1570 4773 1746 4845 magis
1787 4788 1852 4827 ex
1881 4769 2061 4825 Patri-

492 4878 618 4934 bus.
652 4876 758 4933 Sed
790 4876 1049 4948 quoniam
1077 4872 1240 4944 digna
1270 4870 1504 4942 quisque
1532 4865 1770 4938 propriis
1796 4863 1955 4918 factis
1979 4877 2066 4915 ac-

493 4978 754 5041 cepturus
787 4980 870 5027 est
894 4967 1199 5039 praemia“,
1246 4980 1316 5021 ne
1346 4964 1540 5019 Patres
1572 4960 1829 5016 Patribus
1874 4956 2064 5013 videa-

496 5079 621 5119 mur
650 5063 919 5128 conferre,
963 5062 1066 5118 ista
1095 5061 1218 5116 aliis
1246 5053 1642 5113 consideranda
1688 5052 1873 5123 potius
1900 5049 2068 5106 relin-

496 5169 751 5229 quemus.
794 5152 979 5224 Neque
1001 5153 1166 5207 etiam
1199 5150 1314 5204 haec
1343 5150 1461 5219 ipsa
1487 5142 1913 5216 comparationis
1933 5157 2067 5198 cauo

498 5264 560 5306 sa
587 5246 805 5302 anobis
853 5250 983 5300 sunt
1015 5242 1184 5306 dicta,
1217 5239 1309 5296 sed
1343 5248 1402 5294 ut
1428 5237 1629 5309 populo
1658 5235 1808 5289 clare
1834 5238 2067 5297 constet,

454 5322 463 5329 ’
498 5348 751 5395 nostrum
783 5336 951 5398 hunc,
981 5339 1075 5388 aut
1122 5329 1306 5386 verius
1350 5326 1621 5384 universae
1665 5322 1925 5380 Ecclesiae
1966 5320 2069 5376 do-

499 5440 707 5486 ctorem
747 5428 803 5482 S.
835 5425 1109 5497 Ephrem,
1161 5422 1229 5478 ad
1257 5433 1578 5491 supremum
1616 5416 1846 5489 gradum
1876 5412 1931 5469 in
1958 5411 2072 5483 spi-

504 5523 647 5579 ritaii
681 5523 942 5577 virtutum
968 5519 1118 5576 scala
1144 5513 1482 5590 pervenisse.

2161 4479 2271 4538 οἷον
2303 4483 2396 4536 ἐπὶ
2421 4480 2498 4553 τῷ
2532 4477 2871 4552 προκειμένῳ
2896 4473 3088 4547 Πατρὶ,
3115 4474 3194 4537 είς
3228 4471 3474 4543 διήγησιν
3509 4470 3747 4539 σημεῖον

2166 4574 2411 4646 καθαρᾶς
2436 4573 2528 4628 καὶ¹
2551 4569 2882 4642 ἀκηλιδώτου
2907 4567 3146 4639 ἀγάπης.
3185 4565 3249 4618 Εἰ
3283 4559 3373 4617 οὖν
3398 4561 3607 4632 μείζων
3645 4577 3747 4614 me

2167 4667 2275 4721 σῶν
2301 4666 2408 4719 τῶν
2436 4663 2646 4737 ἀρετῶν
2670 4664 2703 4729 ἡ
2734 4659 2919 4730 ἀγάπη
2938 4675 2952 4688 ·
2992 4656 3197 4727 ταύτην
3233 4655 3290 4707 δὲ
3329 4654 3404 4717 ὡς
3437 4651 3538 4704 οὐκ
3579 4650 3748 4715 ἄλλος

2164 4776 2248 4824 τις
2274 4758 2383 4813 τῶν
2409 4756 2664 4829 Πατὲρων
2699 4752 3056 4825 κατώρθωσεν
3096 4747 3336 4820 Ἐφραῖμ
3356 4747 3385 4799 ὁ
3434 4741 3746 4815 μακάριος·

2168 4850 2505 4923 ἀπολήψεται
2544 4849 2603 4902 δὲ
2631 4847 2859 4909 ἕκαστος
2896 4843 3040 4899 κατὰ
3069 4841 3139 4895 τὰ
3172 4840 3308 4911 ἔργα
3347 4834 3545 4891 αὐτοῦ·
3575 4835 3655 4889 τὸ
3688 4837 3746 4889 ὲκ

2164 4944 2369 4999 τούτων
2393 4942 2571 5005 ἄλλοις
2606 4936 2987 5011 συμπεραίνειν
3025 4931 3518 5004 παραχωρήσομεν.
3545 4927 3646 4981 ἵνα
3676 4926 3745 4997 μὴ

2165 5036 2404 5107 δόξωμεν
2458 5031 2823 5104 παραϐάλλειν
2872 5027 3120 5101 Πατράσι
3174 5021 3443 5092 Πατέρας.
3494 5019 3575 5073 Οὐ
3644 5018 3743 5088 γὰρ

2169 5127 2502 5202 συγκρίσεως
2553 5124 2710 5196 χάριν
2751 5121 2812 5175 τὸ
2864 5118 3025 5192 ῥηθὲν
3070 5115 3519 5185 παρειλήφαμεν,
3558 5108 3640 5174 ὡς
3682 5107 3747 5202 ἀν

2168 5222 2224 5277 δὲ
2262 5221 2419 5293 μόνον
2452 5219 2544 5273 ὑπ’
2583 5215 2706 5286 ὄψιν
2747 5216 2860 5277 τοῖς
2903 5210 3117 5273 πολλοῖς
3165 5206 3633 5278 παραστήσωμεν,

2172 5292 2452 5372 ἐπ’ναύτοῦ
2495 5309 2590 5364 τοῦ
2634 5308 2803 5381 ἀκρου
2848 5304 3047 5375 ἔφθασε
3085 5302 3181 5372 τῆς
3221 5297 3597 5369 πνευματικῆς
3635 5292 3747 5345 τῶν

2167 5405 2374 5478 ἀρετῶν
2418 5403 2682 5473 κλίμακος
2728 5400 2759 5453 ὁ
2796 5397 3080 5468 ἡμέτερος,
3113 5391 3311 5466 μᾶλλον
3336 5389 3396 5444 δὲ
3439 5388 3541 5460 τῆς
3566 5388 3749 5441 οἰκου-

2175 5499 2340 5570 μένης
2368 5492 2684 5556 διδάσκαλος
2722 5488 2981 5561 Ἐφρατμ.

577 5654 766 5711 'Psal.
807 5669 980 5708 an.
1026 5652 1081 5704 7.
1155 5651 1177 5682 ⁸
1212 5647 1356 5705 Psal.
1386 5660 1539 5706 xxxv,
1598 5643 1684 5703 10.
1758 5639 1956 5711 ³Ρςτι1.
1989 5653 2040 5690 οι

2142 5652 2188 5699 π,
2219 5635 2282 5711 ι..
2318 5633 2369 5711 ’ξ
2400 5630 2543 5711 Psal.
2570 5642 2756 5711 xxxii,
2911 5625 2934 5657 "
2971 5622 3274 5711 Jenmxvu,
3328 5619 3383 5687 ἲς
3417 5612 3554 5673 Psal.
3604 5628 3647 5677 t,
3688 5611 3753 5667 5.

577 5726 597 5758 ⁸
638 5726 952 5793 lsa.xnttt,
984 5722 1073 5777 22.
1185 5722 1205 5753 ⁹
1241 5722 1343 5777 lsa.
1379 5731 1488 5784 xu,
1530 5715 1585 5769 ‘2.

1697 5711 1739 5746 ⁸ο
1769 5710 1933 5767 llebr.
1960 5724 2014 5779 ι,
2043 5708 2132 5763 25.

2246 5706 2283 5738 ι’
2316 5701 2503 5759 Matth.
2538 5714 2649 5768 xw,
2671 5696 2759 5751 27.
2792 5694 2948 5753 Rom.
2986 5711 3045 5761 ll,
3084 5690 3171 5747 16.
