3918 6204
250 277 363 337 859

1271 290 1360 347 DE
1404 291 1565 349 VITA
1602 296 1660 351 S.
1702 297 1957 359 PATRIS
1991 303 2301 363 ΕΡΠΒΑΞΜ
2345 309 2524 368 ΒῩΙὶῐ.

3401 311 3504 369 850

322 400 625 507 Εὐσέϐειαν
739 408 798 460 ὲν
824 411 915 507 ’τῇ
960 409 1058 481 τῆς
1082 414 1250 477 ὄντως
1280 416 1471 486 κτήσει
1503 419 1698 489 σοφίας
1738 423 1811 494 ἐμ

2009 427 2275 488 Pietatem
2304 449 2435 489 vero
2476 442 2641 505 atque
2689 434 3007 507 religionem
3044 434 3100 490 ni
3128 448 3257 491 vera
3290 435 3508 504 sapien-

246 494 658 566 πορευσάμενος
684 495 848 568 (κατά
872 499 934 553 τὸ
963 503 1020 554 ἐν
1063 502 1183 557 Ἰὼϐ
1207 506 1491 577 είρημένον
1510 526 1524 540 °
1565 510 1710 567 Ἰδοὺ
1734 515 1836 571 εὑ-

242 585 454 640 σέόειά
495 587 627 642 ἐστι
657 591 864 660 σοφία)
913 591 981 646 δι’
1012 595 1218 665 αὐτῆς,
1262 597 1338 662 ὡς
1384 601 1580 672 μικρὸν
1629 605 1837 659 ἀνωθεν

240 676 616 751 ἐδηλώσαμεν,
642 680 744 752 τῆς
775 683 1011 748 πίστεως
1042 685 1205 740 αὐτοῦ
1243 688 1301 741 τὸ
1334 691 1572 763 καθαρὸν
1603 694 1834 767 διαγρά-

239 788 461 839 φοντες,
494 773 573 836 είς
608 774 839 846 οὐρανὸν
872 778 971 848 μὲν
999 779 1200 851 τρίτον,
1232 781 1377 836 κατά
1404 784 1635 849 Παῦλον,
1671 786 1833 859 ἀνῆλ-

236 861 373 929 θεν,
415 863 680 921 ἀθάνατον
722 867 779 921 δὲ
809 868 909 940 τὴν
953 875 1173 943 μνήμην
1215 875 1310 928 καὶ
1358 874 1556 949 διαρκῆ
1598 877 1698 949 τὴν
1745 879 1834 934 εὖ·

236 955 431 1009 κλειαν
463 956 617 1028 παρά
649 960 716 1031 τῇ
759 960 1052 1035 Ἐκκλησία
1096 966 1508 1040 πεπλούτηκεν⁶
1549 971 1584 1041 ἡ
1635 971 1832 1044 μελέτη

236 1045 300 1099 δὲ
329 1047 506 1119 τούτῳ
525 1048 634 1103 τῶν
662 1049 821 1105 θείων
841 1053 1070 1126 Γραφῶν
1101 1055 1165 1110 ἐκ
1199 1058 1298 1129 τῆς
1323 1058 1613 1131 Δαϐιδικῆς
1658 1062 1831 1133 ἀνῆψε

236 1134 548 1207 λαμπάδος,
584 1136 690 1194 Ἐν
716 1139 792 1211 τῇ
811 1142 1038 1215 μελέτῃ
1078 1163 1217 1215 μου,
1263 1149 1581 1217 φάσκοντος,
1614 1150 1831 1206 ἐκκαυ-

234 1226 491 1294 θήσεται
516 1229 656 1300 πῦρ.
694 1231 873 1305 Ἔρως
906 1236 1012 1307 γάρ
1049 1237 1210 1292 αὑτὸν
1255 1239 1495 1311 πολήσας
1532 1257 1831 1312 πνευματι-

234 1320 350 1391 κῆς
374 1320 627 1393 θεωρίας,
643 1326 725 1390 είς
746 1326 918 1396 φλόγα
941 1330 1213 1400 μετέωρον
1234 1330 1326 1384 τὸν
1355 1331 1519 1386 πόθον
1548 1333 1825 1404 ἀνήγειρε.

233 1411 435 1467 Πᾶσαν
481 1414 591 1485 γὰρ
646 1416 891 1471 Παλαιάν
937 1434 998 1471 τε
1053 1419 1148 1473 καὶ
1196 1420 1405 1491 Καινήν
1457 1420 1831 1493 ἐκμελετήσας

230 1503 486 1577 Γραφὴν,
519 1506 615 1561 καὶ
636 1507 711 1572 ὡς
732 1508 832 1593 οὐκ
855 1509 1011 1575 ἄλλος
1039 1527 1124 1574 τις
1163 1513 1276 1575 τοῖς
1321 1511 1582 1576 τοιούτοις
1622 1511 1824 1585 θεωρήο

234 1611 409 1664 μασιν
452 1599 903 1671 ἐμφιλοχωρήσας
926 1640 941 1667 ,
995 1601 1124 1673 ὅλην
1170 1601 1412 1676 ἀκριϐῶς
1477 1603 1613 1676 πρὸς
1680 1604 1827 1671 λέξιν

226 1686 606 1757 ἡρμήνευσεν,
634 1690 743 1744 ἀπό
775 1708 835 1745 τε
863 1692 961 1763 τῆς
983 1693 1391 1764 κοσμογενείας,
1416 1694 1511 1749 καὶ
1540 1693 1699 1766 μέχρι
1725 1694 1828 1767 τῆς

1937 521 2026 576 tiae
2055 523 2405 591 possessione
2437 526 2798 596 comparavit,
2838 526 3140 583 secundum
3186 525 3321 581 illud
3348 524 3452 582 Job
3490 546 3503 581 :

1937 610 2071 666 Ecce
2104 614 2276 669 cultus
2306 614 2406 669 Dei
2438 626 2515 671 est
2550 619 2888 687 sapientia".
2919 617 3023 674 Per
3052 619 3222 685 illam,
3256 628 3315 674 ut
3346 620 3509 690 paulo

1935 711 2083 768 aute,
2136 704 2283 760 illius
2329 708 2627 777 puritatem
2672 708 2796 764 lidei
2841 708 3235 775 describentes,
3267 709 3510 765 ostendi-

1933 809 2076 857 mus,
2106 797 2382 865 quomodo
2423 796 2482 856 S.
2513 797 2716 856 Paulus
2744 800 2800 855 iu
2849 800 3066 854 tertium
3107 800 3353 856 ascendit
3394 815 3508 855 cm—

1934 885 2043 940 lum
2066 886 2128 951 ¹³,
2164 896 2534 958 aeternamque
2564 890 2667 945 sibi
2693 891 2929 947 nominis
2957 891 3186 962 gloriam
3229 892 3283 946 in
3316 890 3506 947 Eccle-

1932 977 2068 1032 siam
2093 980 2323 1049 paravit.
2362 979 2655 1036 Sacr-arum
2696 997 2914 1053 quoque
2947 982 3355 1052 Scripturarum
3376 982 3507 1038 huic

1929 1084 1995 1123 ex
2031 1069 2289 1126 Davidica
2315 1071 2537 1129 lucerna
2584 1089 2816 1131 accensa
2853 1082 2938 1131 est
2968 1073 3271 1138 meditatio,
3305 1088 3507 1129 secun-

1930 1160 2059 1217 dum
2094 1162 2242 1219 istud
2281 1183 2294 1219 :
2335 1163 2403 1219 1η
2432 1166 2776 1221 meditatione
2804 1183 2922 1221 mea
2953 1165 3254 1221 exardescet
3284 1167 3418 1237 ignis
3439 1166 3505 1223 ’³.

1931 1250 2210 1322 Siquidem
2232 1268 2409 1323 amor,
2427 1255 2666 1313 caelestis
2684 1257 3157 1326 contemplationis
3183 1257 3306 1328 igne
3327 1260 3501 1326 ipsum

1929 1346 2236 1402 accendens
2259 1386 2275 1413 ,
2332 1347 2650 1403 sublimium
2685 1362 2867 1405 rerum
2918 1348 3171 1404 ardorem
3207 1348 3493 1404 excitabat.

1926 1434 2061 1491 Nam
2088 1451 2303 1493 omnem
2331 1448 2384 1494 et
2409 1437 2702 1509 Antiquam
2725 1447 2779 1495 et
2800 1439 3004 1495 Novam
3037 1437 3380 1509 Scripturam
3409 1453 3485 1493 as:

1928 1527 2089 1583 siduo
2116 1528 2317 1594 studio,
2352 1538 2411 1584 ut
2447 1529 2631 1601 quivis
2655 1530 2819 1595 alius,
2852 1529 3099 1587 studiose
3131 1529 3395 1592 versavit,
3422 1542 3507 1583 ae-

1926 1627 2228 1691 curateque
2275 1620 2343 1676 ad
2370 1622 2598 1676 verbum
2628 1628 2712 1677 cst
2759 1621 3172 1692 interpretatus,
3199 1631 3254 1676 et
3282 1619 3353 1675 ab
3382 1619 3503 1691 ipsa

1926 1712 2308 1782 procreatioue
2358 1712 2571 1780 mundi,
2614 1727 2790 1783 usque
2838 1711 2905 1767 ad
2938 1722 3278 1784 postremum
3310 1711 3503 1781 gratiae

227 1776 551 1881 τελευταίας
571 1783 670 1851 τῆς
700 1781 916 1855 χάριτος
949 1782 1154 1854 βίϐλου,
1184 1784 1252 1839 τὰ
1283 1784 1423 1856 βάθη
1448 1785 1555 1842 τῶν
1587 1802 1818 1857 κεκρυμι

1925 1776 2147 1869 librum,
2196 1818 2318 1875 quae
2350 1776 2566 1881 abdita,
2598 1776 2826 1877 quaeque
2862 1776 3063 1862 arcana
3108 1820 3175 1862 ac
3218 1776 3502 1861 recondita

229 1867 421 1938 μένων
452 1870 536 1967 είς
570 1872 880 1967 τούμφανὲς
922 1872 1146 1945 ἀγαγὼν
1197 1874 1568 1947 θεωρημάτων
1593 1915 1609 1943 ,
1645 1875 1818 1948 λύχνῳ

1925 1904 2103 1959 erant,
2134 1874 2363 1967 spiritus
2394 1896 2616 1967 adjutus
2655 1898 2882 1965 lumine,
2921 1896 3330 1954 commentariis
3373 1895 3499 1951 illu-

231 1958 583 2030 κεχρημένος
615 1960 693 2032 τῷ
725 1962 1029 2035 Πνεύματι.

307 2053 385 2107 Οὐ
418 2052 578 2124 μόνον
605 2054 663 2108 δὲ
686 2054 891 2126 ταύτης
917 2056 1018 2127 τῆς
1046 2055 1321 2128 ἡμετέρας
1347 2057 1441 2110 καὶ
1466 2054 1821 2111 θεοπνεύστου

225 2145 432 2215 σοφίας
481 2147 602 2201 ὅλον
653 2145 747 2200 τὸν
797 2148 1165 2219 πνευματικὸν
1210 2148 1462 2220 κρατῆρα
1508 2148 1818 2215 ὲκπέπωκε,

222 2237 327 2291 καὶ
352 2239 464 2302 τοῖς
492 2237 672 2302 ἄλλοις
706 2239 1007 2310 μετέδωκεν
1031 2255 1047 2271 ’
1074 2239 1209 2293 ἀλλὰ
1250 2240 1344 2294 καὶ
1374 2240 1474 2311 τῆς
1502 2240 1606 2307 ἔξω
1631 2256 1822 2310 κοσμιτ-

220 2331 358 2401 κῆς,
386 2330 485 2403 ὅση
510 2347 571 2385 τε
606 2331 735 2403 περὶ
759 2330 819 2385 τὺ
846 2331 1381 2403 κατεγλωττισμένον
1408 2333 1503 2385 καὶ
1540 2333 1698 2403 ὀρθὸν
1726 2331 1833 2387 τοῦδ

222 2423 413 2491 λόγου,
440 2423 542 2494 ὅση
572 2440 630 2477 τε
658 2424 786 2496 περὶ
814 2423 876 2478 τὸ
898 2423 1008 2479 τῶν
1038 2424 1325 2496 νοημάτων
1353 2423 1533 2495 βάθος,
1561 2425 1643 2477 ὅτι
1675 2423 1819 2494 μάλα

222 2512 560 2585 ἐξασκήσας,
602 2514 727 2570 ὅσον
778 2513 878 2585 μὲν
939 2515 1211 2586 χρήσιμον
1254 2512 1620 2582 προσελάϐετο
1643 2530 1657 2544 ·
1695 2513 1820 2567 ὅσον

219 2605 269 2660 δ’
303 2606 586 2678 ἀνόνητον,
630 2604 955 2673 ἀπεϐάλετο,
984 2604 1151 2677 ζυγῷ.
1175 2604 1518 2676 δικαιοσύνης
1544 2604 1640 2659 καὶ¹
1676 2606 1819 2676 πρᾶ-

222 2696 312 2763 ξιν
358 2698 454 2752 καὶ
485 2697 721 2770 Θεωρίαν
761 2698 1265 2771 ἐμπορευσάμενος.
1311 2698 1559 2767 Ἀγνείαν
1591 2697 1649 2750 δὲ
1687 2714 1817 2751 κατ-

218 2789 453 2862 ώρθωσε
484 2790 664 2861 ψυχῆς
699 2807 760 2845 τε
809 2790 905 2845 καὶ
939 2788 1208 2862 σώματος,
1241 2791 1374 2861 ὅσην
1406 2790 1440 2860 ή
1478 2788 1641 2859 φύσις
1680 2780 1818 2859 ἐχώ-

223 2899 344 2956 ρει·
383 2882 585 2956 μᾶλλον
611 2882 669 2937 δὲ
700 2881 796 2937 καὶ
832 2882 974 2953 ὑπὲρ
1007 2883 1107 2954 τὴν
1146 2881 1327 2952 φύσιψ
1359 2881 1579 2953 χάριτος
1612 2879 1720 2952 γὰρ
1755 2879 1817 2933 τὸ

218 2977 417 3047 δῶρον.
471 2975 610 3029 Οὔτε
666 2975 775 3048 γάρ
828 2974 927 3047 τὴν
963 2974 1141 3046 ψυχὴν
1186 2976 1284 3045 τῆς
1325 2974 1467 3028 κατά
1510 2974 1601 3027 τὸν
1656 2973 1816 3044 ὀρθὸν

218 3067 382 3135 λόγον
409 3066 576 3135 ἕξεως
598 3067 828 3121 ἐνεδίδου
865 3065 1311 3139 παρασφαλῆναι,
1337 3064 1449 3119 ἀλλ’
1477 3059 1545 3136 ἦν
1574 3062 1650 3128 ὡς
1677 3064 1813 3135 ἀλη-

1994 2076 2183 2149 Ncque
2239 2095 2370 2135 vero
2426 2079 2699 2135 duntaxat
2755 2078 2923 2149 hujus
2982 2087 3189 2134 nostrae
3234 2075 3505 2132 divinitus

1923 2182 2199 2227 concessa:
2232 2171 2516 2240 sapientiae
2548 2170 2740 2227 latices
2791 2169 2995 2233 hausit,
3030 2168 3260 2240 aliisque
3294 2167 3502 2238 imper-

1924 2260 2056 2315 titus
2097 2271 2204 2326 est,
2257 2262 2355 2317 sed
2400 2262 2565 2317 etiam
2601 2275 2717 2327 eas,
2748 2276 2871 2331 qua:
2900 2259 2969 2314 ad
3004 2272 3151 2315 reete
3199 2267 3505 2329 ornateque

1921 2352 2142 2409 dicendi
2172 2354 2466 2419 rationem,
2499 2369 2564 2410 ac
2593 2353 2660 2408 ad
2695 2353 2959 2409 doctrina:
2982 2352 3340 2409 subtilitatem
3374 2364 3501 2420 per-

1919 2445 2116 2513 tinent,
2169 2455 2316 2503 artes
2368 2454 2533 2518 atque
2577 2446 2897 2518 disciplinas
2948 2454 3220 2516 quatenus
3264 2441 3499 2496 ducebat

1920 2538 2085 2594 utiles
2109 2580 2125 2604 ,
2168 2539 2387 2608 rejectis
2425 2538 2584 2595 vanis
2624 2539 2920 2607 stultisquc
2963 2537 3128 2592 rebus
3155 2574 3171 2600 ,
3217 2532 3499 2605 aequitatis

1918 2628 2075 2683 lance
2131 2629 2399 2685 actionem
2453 2630 3080 2701 coutemplatiouemque
3141 2625 3494 2698 ponderans.

1917 2718 2180 2774 exercuit.
2227 2718 2406 2774 Animi
2454 2735 2617 2791 porro
2655 2719 3011 2790 corporisque
3046 2717 3347 2783 munditia,
3393 2732 3495 2786 pro

1918 2808 2156 2865 hominis
2198 2817 2418 2875 natura,
2470 2812 2581 2865 imo
2614 2818 2670 2866 et
2698 2823 2865 2879 supra
2914 2808 3287 2864 conditionem
3333 2808 3497 2878 quasi

1918 2899 2211 2953 humanam
2245 2896 2391 2970 (cum
2417 2899 2496 2956 'sit
2528 2899 2717 2970 gratia:
2742 2897 2964 2971 donum)
2985 2897 3260 2954 excelluit.
3285 2895 3498 2952 Revera

1916 2990 2062 3043 enim
2091 2990 2277 3046 animo
2306 2991 2528 3061 quidem
2560 2991 2885 3062 imperabat,
2916 3004 3148 3061 corpore
3191 2996 3372 3044 autem
3402 3003 3496 3043 re-

1917 3082 2255 3153 splendehat,
2286 3083 2869 3155 perturbationemque
2895 3083 3172 3138 dominam
3198 3079 3496 3136 circumfe-

219 3160 357 3227 θῶς,
379 3161 528 3233 ψυχῇ
574 3160 673 3233 μὲν
709 3160 1006 3232 βασιλεύων
1024 3200 1040 3227 ,
1095 3158 1308 3232 σώματι
1349 3158 1408 3212 δὲ
1457 3157 1816 3228 ἀγλαοφανῶς

1923 3176 2093 3230 rebat.
2128 3174 2283 3242 Quod
2329 3190 2395 3231 ex
2428 3174 2667 3239 insidiis,
2700 3190 2820 3245 qua:
2845 3174 2917 3239 ei,
2945 3173 3087 3229 sicut
3112 3171 3386 3226 memoriae
3411 3177 3498 3225 est

219 3252 635 3325 ἐξαστράπτων.
668 3253 781 3308 Καὶ
831 3254 1100 3326 μαρτυρεῖ
1149 3254 1262 3316 τοῖς
1303 3251 1616 3323 λεγομένοις
1645 3251 1679 3321 ἢ
1714 3250 1815 3320 τῆς

223 3345 617 3417 ἱστορουμένης
644 3345 851 3419 πόρνης
891 3344 1186 3418 μεταϐολὴ,
1216 3344 1283 3417 ήν
1327 3342 1463 3416 πρὸς
1494 3342 1693 3406 κακίας
1727 3341 1815 3395 δὲ-

222 3437 355 3509 λεαρ
404 3437 433 3490 ὁ
462 3436 809 3509 βροτοκτόνος
856 3438 1201 3510 χρησάμενος
1235 3436 1433 3507 Βελίαρ
1478 3436 1559 3499 είς
1598 3433 1816 3503 ἀπάτην

222 3526 314 3580 τοῦ
343 3529 759 3601 πεφωτισμένου
785 3530 1001 3602 ἀνδρὸς,
1031 3529 1284 3584 τοσοῦτον
1305 3528 1511 3599 ἀπέσχε
1541 3526 1635 3580 τοῦ
1664 3525 1817 3581 ἐλπι-

228 3618 479 3687 σθέντος,
507 3621 583 3686 ὡς
633 3621 728 3675 καὶ
777 3622 946 3694 αὐτὴν
982 3622 1081 3696 τὴν
1129 3619 1440 3693 μοιχαλιδὴν
1483 3620 1603 3673 κατ’
1649 3615 1813 3671 αὐτοῦ

221 3715 434 3771 ἐκείνου
481 3713 577 3769 τοῦ
624 3714 1022 3788 ὑπερϐαλόντος
1075 3712 1489 3787 παρατάξασθαι
1542 3707 1808 3781 Πονηροῦ,

223 3809 318 3861 καὶ
367 3804 724 3877 παραινέσεσι
778 3805 871 3860 καὶ
917 3807 1184 3877 τροπαῖς,
1240 3806 1360 3867 ταῖς
1408 3820 1469 3857 τε
1509 3801 1618 3855 τῶν
1656 3798 1815 3854 θείων

95 3898 105 3919 ⁸
222 3898 400 3968 λόγων
420 3896 654 3967 ἐπῳδαῖς
687 3896 1133 3967 μεταϐληθεῖσαν,
1177 3894 1272 3950 καὶ
1315 3893 1451 3967 πρὸς
1474 3892 1535 3947 τὺ
1568 3894 1815 3966 κρεῖττον

226 3986 723 4060 μεταπλασθεῐσαν,
759 3985 1011 4059 σώφρονα
1055 3986 1155 4057 μὲν
1195 3984 1317 4039 ἀντὶ
1360 3982 1681 4046 ἀκολάστου,
1722 3998 1812 4035 σε·

224 4079 356 4150 μνὺν
383 4079 442 4132 δὲ
464 4076 587 4133 ἀντὶ
623 4078 882 4148 ἀσέμνου,
907 4076 1004 4132 καὶ
1036 4072 1284 4146 καθαρὰν
1312 4074 1435 4130 ἀντὶ
1471 4071 1813 4145 μεμολυσμὲ-

221 4187 322 4242 νης
358 4168 771 4240 ἀποδειχθῆναι.

291 4369 543 4441 Δάκρυον
562 4366 621 4421 δὲ
644 4366 707 4422 τὸ
736 4366 959 4422 ἀένναον
984 4366 1158 4421 είπεῖν
1191 4363 1400 4419 ἐκείνου
1431 4363 1644 4437 ῥεῖθρον
1678 4380 1812 4435 προ-

218 4460 523 4533 θυμηθέντι
578 4477 690 4532 μοι,
732 4459 988 4531 δακρύειν
1029 4457 1199 4522 ὅντως
1235 4456 1561 4562 ἐπέρχεταιζ
1612 4456 1692 4510 ὅτι
1734 4456 1808 4528 μὴ
1843 4507 1886 4562 D

212 4553 343 4624 δίχα
363 4551 583 4620 τούτου,
617 4552 679 4606 τὸ
724 4551 822 4622 μὲν
846 4550 953 4605 τῶν
996 4548 1246 4622 δακρύων
1274 4547 1437 4602 αὑτοῦ
1474 4546 1708 4616 πέλαγος
1732 4547 1810 4618 τῷ

214 4647 366 4717 λόγῳ
415 4662 503 4709 τις
551 4644 944 4699 διαπλεύσειεν.
994 4643 1083 4707 Ὧς
1132 4642 1243 4713 γὰρ
1298 4642 1464 4695 πᾶσιν
1501 4640 1809 4712 ἀνθρώποις

217 4737 506 4809 σύμφυτον
534 4736 597 4791 τὸ
623 4738 900 4800 ἀναπνεῖν,
938 4735 1033 4790 καὶ
1060 4735 1147 4789 ἀεὶ
1184 4733 1573 4806 ἐνεργούμενον
1591 4750 1606 4765 ·
1636 4731 1808 4797 οὕτως

228 4828 478 4900 Ἕφραῒμ
502 4828 565 4882 τὸ
604 4829 979 4901 δακρυρροεῖν.
1010 4827 1085 4881 Οὐ
1117 4827 1226 4899 γάρ
1255 4826 1458 4898 ἡμέρα,
1498 4824 1561 4878 οὐ
1599 4824 1717 4890 νὺξ,
1743 4823 1805 4878 οὐ

214 4917 597 4989 μεσονύκτιον,
630 4919 729 4989 οὐχ
771 4916 911 4989 ὥρα,
960 4916 1022 4971 οὐ
1074 4918 1306 4987 στιγμῆς
1350 4915 1411 4969 τὸ
1459 4915 1806 4980 λεπτότατον,

209 5010 309 5063 ϐτε
339 5008 504 5081 ξηρὸς
527 5011 558 5063 ό
585 5009 773 5063 τούτου
804 5009 1139 5073 ἀνύστακτος
1173 5006 1450 5079 ὀφθαλμὸς
1490 5007 1805 5079 καθωρᾶτοο

209 5102 297 5170 πῆ
334 5100 435 5172 μὲν
465 5100 533 5155 τά
562 5105 736 5175 κοινῇ,
768 5102 845 5173 πῆ
881 5101 939 5156 δὲ
978 5100 1047 5155 τὰ
1078 5101 1222 5166 ἰδίως
1256 5098 1705 5170 ἀποκλαιόμενος,
1733 5098 1809 5163 ὡς

210 5193 427 5263 ἔλεγεν,
456 5194 814 5267 ἀτοπήματα·
849 5196 1172 5266 στεναγμοῖς
1199 5194 1255 5247 δὲ
1299 5194 1369 5248 τά
1407 5192 1517 5247 τῶν
1548 5192 1810 5263 ὀμμάτων

210 5286 404 5357 σοςρῶς
428 5287 737 5358 ἐποχετεύει
759 5287 979 5360 ῥεῖθραο
1007 5286 1207 5359 μᾶλλον
1233 5285 1291 5340 δὲ
1320 5285 1585 5357 χεύμασιν
1605 5280 1805 5354 ὀφθαλ-

212 5376 338 5446 μῶν
377 5377 505 5443 τοὺς
540 5379 875 5449 στεναγμοὺς
901 5378 1226 5444 ἐξεκαλεῖτο.
1268 5378 1379 5432 Καὶ
1409 5372 1478 5449 ἦν
1506 5374 1808 5449 παράδοξος

208 5465 548 5537 ἀμφοτέρων
578 5469 611 5540 ή
639 5468 884 5539 πρόοδος,
931 5467 1026 5522 τοῦ
1070 5467 1255 5539 ἐτέρου
1299 5466 1448 5520 αίτία
1482 5467 1576 5520 τοῦ
1618 5465 1805 5537 ἐτέρου

211 5559 568 5631 φαινομένων
585 5558 795 5618 ἔτικτον
818 5559 926 5632 γὰρ
955 5560 1041 5615 ἐπ’
1071 5558 1218 5630 αὐτῷ
1245 5558 1453 5630 δάκρυα
1482 5559 1601 5631 μὲν,
1621 5575 1808 5613 στενα-

328 5738 373 5772 ¹³
396 5736 501 5795 Job
530 5754 604 5794 xu
627 5782 641 5806 ,
670 5739 767 5809 l3;
802 5755 992 5813 mvnt,
1032 5741 1123 5800 28.
1204 5742 1245 5775 ”
1275 5742 1318 5799 ll
1342 5740 1468 5800 Cor.
1508 5756 1602 5808 xu,
1634 5741 1667 5795 ἓ
1708 5757 1829 5812 sqq.

165 5834 231 5869 ν

1917 3265 2218 3338 proditum,
2250 3266 2318 3321 ab
2360 3266 2635 3336 impudica
2665 3273 2886 3320 structa:
2916 3270 3046 3321 sunt
3077 3261 3326 3326 muliere,
3358 3259 3496 3317 satis

1917 3361 2299 3416 continuatur.
2344 3358 2481 3413 Nam
2527 3375 2650 3415 cum
2688 3374 2753 3415 ea
2804 3367 3061 3430 tauquam
3098 3371 3226 3413 esca
3259 3355 3494 3427 quadam

1918 3451 2163 3516 malitia),
2193 3451 2260 3505 ad
2294 3450 2587 3506 fallendum
2621 3451 2888 3523 insignem
2924 3465 2989 3506 ac
3014 3464 3199 3505 rarum
3234 3448 3383 3503 hunc
3412 3446 3497 3503 vl-

1916 3558 2037 3598 rum
2066 3542 2340 3598 homicida
2366 3540 2535 3597 Belial
2566 3557 2703 3599 usus
2735 3550 2883 3600 esset
2915 3562 2928 3598 :
2960 3550 3167 3597 tantum
3197 3539 3391 3604 abfuit,
3435 3546 3497 3594 ut

1915 3633 2060 3704 quod
2099 3642 2370 3703 sperarat,
2415 3642 2864 3705 consequeretur,
2896 3640 2956 3687 ut
3011 3634 3176 3689 etiam
3227 3631 3496 3687 adversus

1921 3725 2102 3793 ipsum
2144 3724 2550 3790 insidiatorem,
2575 3739 2692 3779 eam
2734 3724 2852 3795 ipse
2874 3722 3244 3779 decertantem
3279 3721 3335 3776 iu
3361 3735 3497 3777 cou-

1914 3814 2066 3871 llictu
2116 3817 2466 3871 constituerit
2500 3832 2514 3869 :
2560 3816 2832 3886 siquidem
2870 3813 3365 3881 cohortationibus,
3408 3819 3496 3866 at-

1916 3924 2021 3978 que
2053 3907 2542 3972 admonitionibus,
2580 3905 2999 3977 divinarumque
3027 3905 3302 3960 rationum
3336 3903 3497 3975 quasi
3539 3931 3562 3939 —

1919 3998 2412 4064 incantationibus,
2472 3998 2647 4069 ipsam
2700 4013 3023 4054 conversam
3084 3996 3154 4052 ad
3210 3996 3494 4051 meliorem

1914 4087 2127 4160 frugem
2160 4086 2416 4159 perduxit
2450 4106 2464 4142 :
2499 4095 2555 4142 et
2581 4103 2649 4143 ex
2698 4086 2977 4158 impudica
3008 4084 3286 4157 pudicam,
3321 4097 3387 4138 ex
3414 4082 3491 4135 la-

1914 4182 2065 4238 sciva
2101 4195 2344 4253 gravem,
2378 4194 2446 4236 ex
2478 4180 2762 4250 inquinata
2796 4193 2987 4249 puram
3018 4184 3339 4245 castamque
3377 4171 3494 4229 red-

1914 4272 2074 4328 didit.

1982 4364 2105 4419 Jam
2133 4377 2264 4420 vero
2292 4361 2598 4419 dilllueutes
2630 4373 2695 4415 ac
2749 4367 3045 4439 perpetuas
3092 4353 3267 4426 ipsius
3318 4350 3495 4425 ιπη-

1914 4472 2031 4514 mas
2061 4454 2265 4512 referre
2297 4454 2523 4517 volenti,
2550 4467 2678 4509 vere
2702 4450 3030 4507 oboriuntur
3055 4447 3334 4519 lacrymm,
3365 4462 3492 4503 cum

1914 4548 2004 4603 vix
2041 4548 2249 4618 absque
2285 4546 2542 4618 lacrymis
2580 4544 2703 4613 ejus
2746 4543 3113 4615 lacrymarum
3163 4540 3389 4611 pelagus
3425 4538 3493 4592 li-

1914 4647 2035 4696 ceat
2070 4640 2430 4695 transfretare
2475 4655 2489 4692 :
2543 4652 2667 4691 nam
2720 4636 2865 4691 sicut
2914 4632 3131 4689 cunctis
3176 4630 3493 4686 hominibus

1914 4731 2056 4787 citra
2082 4730 2547 4787 intermissionem
2572 4728 2826 4801 spiritum
2847 4725 3047 4781 ducere
3068 4732 3152 4780 est
3178 4721 3488 4795 proprium:

1917 4827 1992 4879 ita
2050 4823 2211 4879 beato
2244 4823 2496 4894 Ephrmm
2548 4820 2768 4877 assidue
2816 4820 3089 4889 lacrymas
3136 4813 3488 4885 profundere,

1916 4922 2115 4970 natura
2167 4912 2573 4984 quodammodo
2647 4909 2935 4965 videbatur
3008 4907 3251 4964 insitum.
3330 4902 3491 4959 Nulla

1915 5007 2119 5078 quippe
2152 5005 2294 5068 dies,
2333 5005 2484 5059 nulla
2513 5019 2646 5068 uox,
2680 5002 2831 5058 nulla
2860 5000 2968 5055 dici
3016 5000 3305 5070 noctisque
3337 5012 3489 5069 pars,

1914 5098 2240 5167 nullumque
2272 5094 2582 5150 brevissimi
2617 5093 2881 5164 temporis
2908 5100 3319 5147 monumentum
3366 5089 3489 5156 'uit,

1913 5189 1971 5244 in
1998 5204 2109 5257 quo
2143 5201 2254 5242 non
2286 5185 2480 5256 vigiles
2511 5185 2687 5256 ipsius
2724 5184 2872 5240 oculi
2906 5183 3164 5255 lacrymis
3200 5181 3489 5253 conspice-

1913 5288 2106 5337 rentur
2134 5277 2346 5350 profusi
2395 5294 2409 5331 :
2456 5293 2605 5333 nunc
2633 5276 2779 5333 enim
2810 5290 3154 5340 communes,
3195 5288 3344 5329 nunc
3375 5273 3490 5347 pri-

1912 5382 2093 5433 valas.
2131 5379 2189 5426 ut
2222 5371 2422 5438 aiebat,
2445 5370 2782 5425 calamitates
2803 5367 3279 5440 absurditatesque
3304 5367 3491 5439 deplo-

1914 5465 2070 5520 rabat
2102 5478 2117 5516 :
2156 5462 2411 5533 suspiriis
2435 5476 2601 5532 porro
2627 5460 2913 5518 oculorum
2940 5459 3162 5517 ﬂumina
3191 5460 3490 5532 prudenter

1913 5555 2214 5623 inhibebat,
2247 5561 2341 5610 aut
2367 5555 2548 5626 potius
2581 5552 2866 5611 oculorum
2894 5551 3215 5612 ﬂuminibus
3249 5552 3489 5631 suspiria

1911 5740 1951 5772 ιδ
1993 5736 2139 5793 Psal.
2177 5751 2398 5803 xxxvtn,
2436 5736 2485 5790 εἰ.
