3918 6204
411 266 508 318 831
605 303 612 311 .

1675 275 1733 330 S.
1773 274 2100 332 CREGORII
2140 278 2428 335 NYSSENI

3553 277 3658 332 852

412 381 684 434 excitabat
740 381 977 454 Eratque
1027 386 1100 440 rei
1139 389 1420 458 utrimque
1451 404 1775 459 progressus
1811 392 1981 445 admi-

2091 394 2257 464 γμοὺς
2277 433 2291 456 ,
2316 399 2605 468 στεναγμοὶ
2621 397 2676 451 δὲ
2702 397 2857 452 πάλιν
2879 397 3102 471 δόικρυα.⁹
3129 399 3222 451 καὶ
3255 397 3315 450 τὸ
3347 397 3515 448 αἴτιον
3553 398 3662 458 τοῖς

413 470 624 533 rabilis,
658 472 783 526 licet
815 474 1055 543 alioquin
1107 484 1398 547 utrumque
1449 480 1674 532 alterius
1704 479 1978 533 videretur

412 575 601 616 causa.
638 561 984 619 Proﬂuebant
1015 567 1213 637 quippe
1243 569 1346 638 ipsi
1376 569 1647 638 lacrytnat,
1685 571 1982 640 multisque

413 651 691 722 incognita
745 662 860 709 erat
914 671 1104 714 causa.
1183 659 1318 714 Cum
1382 660 1524 715 enim
1583 669 1799 731 tempus
1858 664 1981 718 illas

413 757 522 796 non
572 743 832 810 auferret,
865 749 957 802 sed
988 757 1176 804 mutua
1205 751 1438 820 quadam
1493 752 1891 817 vicissitudine,
1931 764 1984 808 et

411 836 667 906 lacrymae
696 840 954 910 suspiria,
989 849 1041 895 et
1071 844 1306 912 suspiria
1335 844 1606 916 lacrymas
1646 845 1981 915 exciperent,

413 929 728 985 alterutrius
782 947 948 988 causa
1008 934 1226 990 latebat.
1292 933 1429 991 lllud
1480 953 1609 992 vero
1669 946 1981 1009 cognoscet,

412 1021 666 1091 quisquis
697 1023 871 1093 ipsius
903 1027 1109 1096 scripta
1143 1028 1424 1083 evolverit.
1471 1029 1656 1100 Neque
1683 1033 1828 1086 enim
1864 1040 1986 1087 tan-

413 1114 719 1177 tummodo,
759 1116 850 1170 uhi
899 1117 966 1171 de
1006 1119 1344 1186 pmnitentia,
1381 1120 1450 1175 de
1494 1123 1760 1188 moribus,
1798 1124 1866 1180 de
1901 1141 1986 1180 re-

412 1205 517 1260 ctis
549 1206 669 1259 vitae
702 1208 968 1263 institutis
1003 1210 1134 1278 agit,
1185 1211 1361 1280 ipsum
1393 1212 1738 1284 plaugentcm
1784 1231 1847 1272 ac
1893 1235 1989 1273 su-

414 1293 710 1364 spiran’tem
743 1297 1008 1367 inveniet;
1033 1316 1219 1375 verum
1245 1312 1295 1357 et
1323 1304 1376 1357 in
1404 1303 1534 1375 ipsis
1560 1305 1986 1373 laudationibus,

412 1399 550 1454 quas
586 1387 906 1460 plerumque
937 1364 1128 1446 omnes
1155 1364 1322 1448 ιῆιιίιο
1365 1364 1657 1464 aspergere
1691 1397 1868 1452 solent
1903 1399 1987 1452 1ιί-

414 1475 647 1531 laritate.
680 1476 776 1532 Hic
805 1495 937 1534 vero
966 1481 1218 1536 eumdem
1247 1499 1306 1537 se
1348 1483 1550 1555 ubique
1572 1487 1824 1555 praebuit,
1857 1490 1991 1544 assi-

411 1566 625 1637 dueque
656 1570 871 1640 lugendi
903 1588 1122 1640 munus,
1156 1581 1214 1626 ut
1248 1574 1468 1632 divitias
1500 1578 1779 1646 expetivit.
1833 1578 1989 1634 Unde

412 1666 466 1712 et
492 1675 634 1713 nunc
664 1661 775 1716 fere
807 1672 1036 1720 cunctos
1068 1665 1240 1734 ipsius
1271 1682 1582 1722 sermonum
1612 1671 1889 1725 auditores
1919 1673 1984 1728 ad

2084 482 2294 546 πολλοῖς
2315 485 2692 556 ἀγνοούμενον.
2727 489 2930 560 Χρόνου
2959 490 3064 561 γὰρ
3087 489 3262 543 ταῦτα
3295 490 3374 557 μὴ
3402 487 3665 558 διαιροῦνο

2082 589 2191 639 τος,
2211 574 2324 626 ἀλλ’
2343 574 2430 627 ἀεὶ
2447 576 2555 631 τῶν
2572 580 2889 648 στεναγμῶν
2903 580 3109 651 δάκρυα
3123 578 3533 649 διαδεχομένων,
3546 576 3666 632 εἶτα

2083 665 2244 719 πάλιν
2275 669 2477 723 τούτων
2511 673 2864 742 στεναγμοὺς,
2895 672 2990 725 καὶ⁵
3020 671 3220 724 κύκλου
3256 671 3395 735 τινὸς
3420 671 3668 740 γιγνομὲ-

2083 774 2197 820 νου,
2229 758 2424 830 ἄδηλος
2462 757 2530 832 ἦν
2564 763 2596 832 ἡ
2627 762 2788 832 ἁρχὴ,
2820 763 2914 815 καὶ
2945 761 3172 833 θατέρου
3223 761 3284 814 τὸ
3335 764 3528 814 αἴτιον.
3563 762 3668 813 Καὶ

2084 848 2239 902 τοῦτό
2283 869 2366 916 τις
2399 854 2686 923 κατόψεται
2731 857 2841 917 τοῖς
2885 854 3048 907 αὐτοῦ
3092 854 3497 922 προσομιλήσας
3543 870 3669 919 συγ-

2086 948 2424 1019 γράμμασιν.
2461 947 2536 999 Ού
2580 945 2738 1016 μόνον
2783 946 2891 1017 γάρ
2932 945 3358 1015 ἀποκλαιόμενον
3401 944 3566 997 αὑτὸν
3611 944 3670 996 ὲν

2085 1042 2196 1102 τοῖς
2241 1039 2367 1110 περὶ
2403 1039 2688 1110 μετανοίας
2732 1040 2825 1092 καὶ
2873 1037 3036 1110 ηθους
3078 1038 3179 1112 καὶ,
3224 1037 3495 1099 πολιτείας
3535 1053 3670 1106 χρη-

2091 1130 2220 1200 στῆς
2247 1131 2467 1202 εὑρήσει
2509 1130 2718 1199 λόγοις,
2759 1129 2893 1184 ἀλλὰ
2936 1130 3032 1184 καὶ
3073 1131 3132 1183 ὲν
3174 1129 3353 1191 αὐτοῖς
3387 1131 3499 1191 τοῖς
3541 1145 3671 1180 πανο

2089 1223 2369 1293 ηγυρικοῖς
2415 1221 2580 1274 αὐτοῦ
2629 1221 2827 1290 λόγοις,
2879 1221 3008 1275 ἔνθα
3071 1218 3270 1290 πολλὴν
3319 1219 3574 1272 εἰώθασιν
3620 1220 3671 1271 οἱ

2090 1313 2329 1366 πλεῖστοι
2374 1312 2725 1384 περιχάρειαν
2766 1315 2824 1366 ὲν
2871 1315 2985 1375 τοῖς
3022 1311 3204 1379 λόγοις
3243 1311 3572 1363 δείκνυσθαι.
3616 1310 3673 1362 '0

2088 1402 2145 1455 δὲ
2180 1400 2451 1470 πανταχοῦ
2479 1401 2676 1464 ταύτὸς
2717 1397 2806 1472 ἧν,
2849 1400 2943 1454 καὶ
2983 1401 3081 1470 τῆς
3122 1397 3460 1462 κατανύξεως
3497 1396 3673 1463 διηνε-

2090 1492 2202 1556 κῶς
2247 1491 2495 1545 ἐπλούτει
2538 1491 2599 1545 τὸ
2645 1493 2909 1564 χάρισμα.
2945 1491 3135 1545 Ἔνθεν
3187 1491 3278 1543 καὶ
3330 1487 3424 1541 νῦν
3493 1485 3677 1556 σχεδὸν

2090 1584 2300 1648 πάντας
2342 1584 2506 1637 αὑτοῦ
2543 1585 2664 1648 τοὺς
2708 1585 2816 1637 τῶν
2855 1585 3027 1651 λόγων
3073 1582 3349 1654 ἀκροατὰς
3398 1579 3535 1651 πρὸς
3582 1579 3676 1648 τὴν

2091 1675 2260 1738 ὅντως
2285 1674 2635 1728 ἀνακαλεῖται
2683 1675 2846 1745 ζωήν.
2891 1673 3369 1746 Τοσαύτηνλίσχὺν
3411 1673 3441 1724 ὁ
3489 1670 3674 1723 τούτου

413 1765 596 1804 veram
627 1752 1057 1821 amplectendam
1086 1755 1251 1809 vitam
1289 1765 1506 1812 revocat
1537 1777 1551 1813 :
1582 1766 1787 1813 tantam
1812 1761 1985 1832 ipsius

2095 1733 2352 1837 κέκτηται
2380 1766 2732 1830 θεόπνευστος
2755 1733 2910 1835 λόγος
2950 1733 3177 1837 δάκρυσι.
3210 1762 3673 1832 συγκεκραμένος.

413 1841 573 1896 mista
600 1841 855 1914 lacrymis
888 1845 997 1899 vim
1043 1847 1284 1902 continet
1319 1849 1516 1902 oratio.
1567 1849 1704 1915 Quis
1733 1853 1876 1906 enim
1911 1854 1987 1909 ita

411 1931 553 1984 duro
583 1941 636 1986 et
687 1934 1038 1990 adamantina
1067 1945 1151 1991 est
1183 1939 1368 2004 corde,
1405 1940 1496 2009 qui
1537 1941 1656 2009 ejus
1685 1942 1846 1997 verba
1890 1959 1987 1998 au-

411 2023 590 2085 diens,
639 2039 749 2078 non
780 2027 1122 2092 mansueﬁat,
1157 2043 1479 2099 morumque
1518 2034 1814 2102 asperitate
1841 2037 1989 2104 abje-

411 2122 499 2168 eta
528 2154 543 2178 ,
604 2117 720 2171 suis
755 2115 929 2186 ipsius
975 2119 1214 2188 peccatis
1261 2135 1328 2174 ex
1373 2122 1555 2176 animo
1607 2139 1714 2177 non
1766 2124 1990 2180 doleat?

412 2204 545 2271 Quis
576 2207 710 2262 adeo
741 2207 888 2264 ferus
919 2219 1002 2266 est
1049 2218 1102 2264 et
1136 2210 1382 2276 immitis,
1420 2213 1513 2281 qui
1545 2213 1839 2270 salutarem
1868 2217 1989 2286 ejus

411 2299 716 2353 doctrinam
749 2301 974 2356 auribus
1006 2303 1314 2372 percipiens
1349 2305 1587 2376 (tempus
1611 2322 1722 2361 non
1745 2308 1992 2377 deploret

411 2392 556 2462 quod
589 2408 870 2463 perperam
921 2397 1225 2466 transegit?
1273 2397 1407 2464 Quis
1445 2400 1581 2455 adeo
1617 2401 1872 2457 immanis
1906 2411 1989 2455 at-

411 2499 518 2553 que
547 2485 785 2541 crudelis
811 2503 824 2538 :
854 2488 944 2558 qui
984 2489 1148 2544 simul
1175 2505 1238 2545 ac
1263 2492 1428 2546 verba
1457 2492 1577 2562 ejus
1607 2495 1801 2562 quovis
1830 2494 1990 2549 melle

412 2574 657 2629 dulciora
687 2579 1029 2646 gustaverit),
1061 2597 1168 2635 non
1204 2597 1262 2636 se
1288 2597 1409 2636 mox
1448 2574 1632 2637 mitem
1669 2583 1988 2640 amabilem-

412 2679 516 2734 que
547 2667 770 2721 omnino
799 2669 1086 2724 exhibeat?
1126 2670 1260 2736 Quis
1289 2672 1593 2728 abhorrens
1627 2689 1658 2727 a
1701 2675 1979 2746 lacrymis,

411 2757 484 2810 ita
518 2773 576 2812 se
605 2761 826 2815 tradidit
857 2761 1251 2830 voluptatibus,
1283 2765 1416 2833 quin
1454 2765 1537 2820 vel
1567 2765 1796 2822 modicis
1835 2767 1982 2823 illius

2090 1860 2247 1922 Ποῖος
2277 1859 2384 1928 γὰρ
2441 1859 2780 1928 ἀμείλικτος,
2831 1859 2864 1929 ἢ
2918 1862 2982 1930 τῇ
3027 1857 3218 1928 καρδίᾳ
3268 1855 3520 1926 λιθώδης,
3573 1853 3674 1930 τῶν

2089 1947 2277 2001 τούτου
2328 1927 2588 2018 ῥημάτων
2635 1927 2979 2009 ἐπακούσας,
3010 1944 3070 1996 ού
3100 1927 3555 2012 ίμαλαχθήσεται,
3587 1927 3673 1990 καὶ

2089 2040 2150 2094 τὸ
2183 2039 2415 2109 σκληρὸν
2443 2037 2536 2092 τοῦ
2566 2037 2729 2108 ἤθους
2757 2035 3063 2096 ἀποϐαλὼν,
3086 2035 3206 2095 ταῖς
3230 2029 3422 2084 ἑαυτοῦ
3458 2030 3671 2091 κακίαις

2091 2129 2517 2198 ὲπιστυγνάσεις
2573 2130 2731 2191 Ποῖος
2777 2126 2966 2197 ἄγριος
3011 2125 3072 2177 τὸ
3113 2120 3262 2194 ἦθος,
3312 2122 3347 2191 ἦ
3404 2118 3668 2190 θηριώδης

2089 2220 2180 2273 τὸν
2213 2220 2410 2290 τρόπον
2440 2218 2538 2290 τὴν
2573 2218 2864 2289 ψυχωφελῆ
2904 2215 3249 2271 διδασκαλίαν
3289 2210 3456 2266 αὑτοῦ
3495 2213 3670 2262 ἑνωτι-

2092 2311 2258 2377 σθεὶς,
2287 2314 2387 2366 οὐκ
2418 2312 2579 2376 εὐθὺς
2606 2311 2837 2383 χρηστὸς
2879 2310 2971 2363 κα)⁸
3004 2306 3272 2378 ἐπιεικὴς,
3296 2305 3388 2358 καὶ
3417 2305 3530 2365 τοῖς
3555 2301 3672 2371 τρότ

2089 2421 2210 2466 ποις
2240 2403 2389 2456 ἔσται
2424 2404 2752 2474 φιλάγαθος;
2791 2403 2947 2466 ίιοῖος
2978 2401 3188 2471 χαίρειν
3214 2395 3530 2467 ὲμμελετῶν
3563 2395 3672 2455 ταῖς

2087 2493 2180 2549 τοῦ
2208 2495 2322 2566 βίου
2353 2495 2728 2566 ἡδυπαθείαις,
2766 2495 2861 2549 καὶ
2888 2495 2949 2547 τὸ
2977 2491 3228 2564 δακρύειν
3259 2486 3670 2557 ἀποστρεφόμε-

2089 2604 2197 2652 νος,
2228 2587 2423 2656 ὀλίγων
2458 2589 2696 2651 ἀκούσας
2740 2588 2948 2642 ἐκείνου
2991 2585 3270 2658 ῥημάτων,
3315 2581 3376 2634 ού
3421 2579 3674 2650 θρηνήτει

2089 2679 2183 2732 καὶ
2225 2678 2539 2746 κλαύσεται,
2579 2680 2673 2734 καὶ¹
2712 2681 2791 2743 είς
2835 2679 3137 2749 ὑπόμνησιν
3176 2675 3306 2747 ἔλθῃ
3343 2672 3450 2726 τῶν
3490 2669 3668 2740 βεϐιω-

2093 2771 2272 2840 μένων
2309 2771 2606 2843 μελλούσης
2635 2771 3077 2834 άνταποδόσεως;

414 2852 595 2906 verbis
626 2853 849 2921 auditis,
883 2856 1298 2912 retributionem
1338 2858 1505 2926 illam,
1535 2873 1700 2930 quam
1743 2875 1843 2930 pro
1877 2861 1986 2915 vita
2025 2871 2277 2920 anteacta
2306 2868 2583 2936 accepturi
2629 2880 2842 2930 sumus,
2873 2866 2930 2920 in
2990 2861 3309 2918 memoriam
3385 2857 3673 2913 reducens.

416 2957 522 2997 non
555 2945 884 3000 lamentetur
917 2962 980 3001 ac
1009 2949 1228 3018 lugeat?

483 3033 540 3088 ln
583 3037 750 3092 rebus
791 3037 905 3092 [ieri
933 3040 1358 3108 nequeuntibus,
1404 3042 1539 3096 illud
1583 3044 1788 3112 passim
1821 3062 1984 3101 usur—

2097 3067 2099 3072 ·
2157 3045 2339 3101 Λίθον
2370 3045 2561 3114 suam
2598 3045 2630 3116 ἡ
2664 3044 2770 3098 τῶν
2801 3043 2905 3111 ἔξω
2939 3042 3204 3113 παροιμία
3231 3043 3326 3095 ἐπὶ
3353 3042 3462 3097 τῶν
3485 3043 3668 3096 ἀδυνὰ-

412 3133 546 3196 pant
584 3128 895 3196 proverbii:
928 3128 1184 3200 Lapidem
1213 3148 1452 3203 coquere
1480 3134 1694 3190 niteris.
1737 3135 1808 3190 At
1840 3137 1985 3192 istud

417 3219 532 3273 tieri
565 3234 728 3288 posse
751 3236 851 3278 nos
888 3225 1264 3293 experimento
1295 3226 1473 3281 edocti
1500 3226 1817 3285 didicimus.
1852 3231 1981 3285 San-

415 3317 540 3364 ctus
569 3311 771 3382 quippe
800 3313 888 3368 hic
920 3330 1112 3383 senex,
1139 3317 1352 3374 animos
1386 3335 1522 3388 quos
1555 3320 1623 3374 ob
1651 3323 1847 3376 malam
1891 3325 1988 3376 ob-

417 3401 787 3474 stinatamque
818 3406 1072 3462 duritiem
1105 3409 1314 3479 lapides
1347 3411 1571 3474 dixeris,
1609 3415 1770 3482 plane
1816 3416 1990 3470 emol-

418 3493 535 3546 livit
563 3509 628 3549 ac
665 3494 844 3566 fregit,
879 3497 1136 3569 ﬂexitque
1172 3509 1231 3555 ut
1263 3503 1456 3557 voluit.
1507 3503 1642 3570 Quis
1692 3507 1836 3560 enim
1871 3508 1990 3576 ejus

415 3584 482 3639 de
513 3585 818 3644 humilitate
849 3592 1155 3648 orationem
1196 3594 1402 3665 legens,
1453 3612 1563 3650 non
1615 3613 1830 3654 onmem
1866 3616 1990 3656 mox

416 3674 484 3728 de
521 3691 579 3731 se
618 3680 1102 3750 existimationem,
1139 3693 1193 3740 et
1228 3687 1452 3742 stultam
1485 3692 1853 3760 arrogantiam
1895 3695 1991 3746 de-

415 3775 604 3834 ponat,
633 3785 697 3824 ac
746 3787 806 3827 se
853 3775 1098 3828 omnium
1152 3777 1581 3848 abjectissimum
1614 3782 1988 3837 conﬁteatur?

417 3856 554 3922 Quis
586 3875 669 3926 ea,
701 3878 822 3931 quae
875 3864 941 3920 de
991 3866 1262 3924 charitate
1309 3872 1660 3942 conscripsit,
1713 3873 1988 3936 lectitatis,

420 3967 528 4005 non
563 3954 643 4008 sic
678 3958 1034 4027 accendatur,
1067 3970 1125 4016 ut
1171 3963 1238 4018 ad
1287 3964 1519 4034 quodvis
1551 3969 1710 4021 etiam
1753 3970 1991 4024 subeun-

418 4042 548 4097 dum
600 4048 902 4114 periculum
959 4061 1183 4121 paratus
1241 4056 1354 4111 sit?
1396 4057 1532 4122 Quis
1579 4059 1670 4114 illa
1711 4061 1989 4129 evolvens,

417 4134 620 4204 quibus
669 4138 1035 4209 virginitatem
1085 4144 1291 4212 laudat,
1346 4163 1455 4202 non
1509 4165 1568 4204 se
1616 4148 1726 4206 Deo
1778 4162 1990 4208 castum

417 4241 650 4297 corpore
687 4232 976 4305 animoque
1012 4236 1207 4294 oﬂ‘erre
1236 4241 1574 4296 contendat?
1610 4242 1742 4310 Quis
1767 4247 1993 4301 audiens

417 4317 500 4370 vel
527 4318 712 4389 legens
744 4324 863 4393 ejus
902 4343 1210 4391 sermones,
1251 4332 1453 4402 quibus
1495 4331 1764 4402 judicium
1813 4346 1992 4389 extre-

2087 3155 2195 3192 των
2240 3136 2590 3207 παρείληφεν.
2645 3137 2803 3207 ’Ῑίμῖν
2847 3135 2905 3188 δὲ
2947 3135 3103 3188 τοῦτο
3146 3135 3388 3206 ἐναργῶς
3429 3137 3463 3206 ἡ
3514 3138 3684 3200 πεῖρα

2091 3229 2419 3302 παρέστησε.
2473 3228 2585 3292 Τάς
2635 3228 2743 3299 γὰρ
2814 3227 3109 3296 ἀτέγκτους
3168 3228 3261 3280 καὶ
3321 3227 3688 3287 άνυπείκτους

2088 3320 2285 3390 ψυχὰς,
2325 3319 2420 3373 καὶ
2459 3319 2819 3388 φυλάττεσθαι
2869 3321 2962 3372 καὶ
2995 3320 3224 3390 ὑπήκειν
3265 3320 3293 3372 ό
3339 3317 3481 3381 θεῖος
3525 3314 3686 3382 οὗτος

2093 3410 2403 3482 πρεσϐύτης
2442 3410 2789 3481 παρέπειθεν.
2820 3410 2915 3474 Τίς
2953 3409 3189 3480 ἐντυχὼν
3223 3409 3388 3462 αὑτοῦ
3431 3411 3507 3480 τῷ
3548 3413 3689 3481 περὶ

2091 3501 2590 3573 ταπεινοφροσύνης
2626 3503 2790 3572 λόγῳ,
2832 3503 2891 3556 ού
2940 3505 3119 3556 πᾶσαν
3166 3502 3263 3572 μὲν
3308 3502 3469 3564 εὐθὺς
3499 3502 3693 3570 οἴησιν

2091 3592 2417 3663 ὲκμισήσει,
2465 3594 2578 3647 ἀλλ’
2627 3595 2747 3648 οὐδὲ
2808 3595 3005 3656 παντὸς
3053 3595 3428 3662 ταπεινότερον
3476 3593 3693 3645 ἑαυτὸν

2091 3685 2418 3756 ἐκκηρύξει;
2474 3686 2569 3750 Τίς
2607 3689 2717 3750 τοῖς
2779 3687 2903 3757 περὶ
2952 3686 3170 3756 ἀγάπης
3217 3684 3515 3749 ἐπιϐαλὼν,
3574 3685 3694 3755 οὐχ

2092 3777 2233 3847 ὑπὲρ
2291 3779 2512 3848 ἀγάπης
2565 3779 3010 3850 προκινδυνεῦσαι
3054 3779 3368 3841 σπουδάσεις
3410 3777 3506 3840 Τίς
3558 3782 3696 3842 τοῖς

2093 3870 2222 3940 napi.
2271 3870 2569 3940 παρθενίας
2621 3873 3064 3942 προσομιλήσας,
3116 3872 3214 3940 οὐχ
3273 3869 3434 3939 άγνὺν
3482 3869 3696 3922 ἑαυτὸν

2091 3961 2236 4034 ψυχῇ
2278 3981 2336 4016 τε
2375 3964 2469 4017 καὶ
2500 3962 2712 4033 σώματι
2753 3963 2872 4034 Θεῷ
2911 3962 3235 4030 ἀγωνίσεται
3289 3960 3692 4031 παραστῆσαι;

2093 4054 2188 4118 Τίς
2227 4057 2336 4118 τοῖς
2385 4055 2515 4126 περὶ
2548 4054 2798 4126 κρίσεως,
2829 4055 2944 4124 ἦτοι
2978 4054 3233 4123 δευτέρας
3261 4051 3492 4123 Χριστοῦ
3527 4052 3699 4105 sies-

2096 4163 2230 4210 σεως
2255 4145 2519 4217 ἐγκύψας,
2561 4147 2622 4199 οὐ
2657 4146 3022 4218 παρίστασθαι
3059 4146 3136 4216 τῷ
3163 4147 3369 4201 ἐκεῖθεν
3407 4146 3696 4217 κριτηρέῳ

2092 4237 2330 4307 νομίσει,
2387 4238 2481 4290 καὶ
2517 4237 2812 4309 σύντρομος
2855 4239 3176 4308 γενόμενος,
3220 4240 3318 4310 τὴν
3360 4239 3694 4292 τελευταίαν

2093 4329 2193 4398 ἤδη
2238 4328 2510 4397 ἀπόφασιν
2551 4331 2670 4382 κατ’
2709 4329 2872 4382 αὑτοῦ
2926 4330 3366 4400 ἐξενεχθήσεσθαι
3411 4330 3692 4400 δοκήσεις

419 4420 586 4473 mum,
628 4412 742 4468 sive
773 4418 1075 4472 secundum
1109 4420 1258 4474 illmn
1300 4423 1501 4478 Christi
1551 4424 1842 4479 adventum
1894 4427 1986 4480 de-

2093 4421 2278 4485 Ούτως
2306 4421 2414 4491 γὰρ
2448 4422 2754 4493 παρέστησε
2789 4423 2849 4475 τὸ
2887 4423 3077 4494 μέλλον
3117 4422 3212 4476 τοῦ
3259 4423 3390 4476 Θεοῦ
3417 4423 3696 4494 δικαστή-

415 4499 605 4555 scribit
630 4543 644 4570 ,
673 4520 780 4560 non
810 4509 883 4560 ita
911 4509 1074 4564 corde
1109 4519 1160 4564 et
1191 4512 1374 4566 animo
1405 4515 1690 4582 atliciatur,
1731 4515 1885 4585 quasi
1918 4517 1986 4571 ad

415 4591 549 4646 iilud
590 4593 857 4662 judicium
903 4597 1128 4666 jamjam
1179 4600 1458 4658 sistendus
1503 4605 1690 4658 esset?
1734 4613 1990 4674 metuque

414 4694 638 4755 repente
669 4688 749 4742 sic
776 4689 1150 4756 exhorrescat,
1185 4707 1248 4744 ac
1271 4693 1315 4747 si
1344 4693 1611 4751 adversus
1639 4696 1814 4765 ipsum
1856 4712 1982 4751 sen-

2097 4527 2210 4580 ριον
2241 4512 2270 4564 ό
2307 4513 2547 4583 ἀοίδιμος
2579 4513 2672 4566 καὶ
2709 4513 3187 4585 προφητικώτατος
3215 4505 3366 4578 οὗτος
3394 4512 3542 4583 ἀνὴρ
3565 4557 3582 4573 ,
3621 4515 3698 4576 ὡς

2098 4603 2268 4675 μηδὲν
2308 4604 2407 4674 μὲν
2443 4605 2627 4675 ἕτερον
2665 4605 3049 4658 ὑπολείπεσθαι
3093 4605 3364 4673 γνώσεως,
3407 4605 3587 4675 μόνον
3642 4606 3695 4658 δὲ

2089 4695 2168 4765 τῷ
2200 4695 2346 4766 ἔργῳ
2372 4695 2547 4766 τούτῳ
2580 4697 2674 4750 καὶ
2703 4699 2768 4766 τῇ
2802 4697 2967 4767 πείρᾳ
3000 4696 3350 4766 καταμαθεῖν.

414 4779 580 4834 tentia
607 4780 811 4851 judicis
837 4784 1082 4838 feratur?
1106 4784 1240 4838 Nam
1279 4786 1350 4839 ita
1405 4792 1644 4843 t‘uturum
1680 4789 1826 4844 istud
1887 4789 1979 4844 Dei
2014 4790 2284 4859 judicium
2328 4800 2586 4846 accurate
2615 4806 2679 4844 ac
2711 4793 2870 4861 plene
2894 4792 3186 4861 expressit,
3236 4798 3291 4844 et
3349 4789 3417 4843 ob
3482 4791 3696 4845 oculos

413 4873 658 4927 omnium
686 4875 878 4929 statuit
913 4877 1206 4946 praeclarus
1238 4894 1303 4932 ac
1334 4888 1561 4936 sanctus
1586 4881 1674 4935 hic
1697 4881 1796 4943 vir,
1828 4893 1885 4933 ut
1919 4883 1986 4935 ad
2026 4881 2146 4952 ejus
2176 4883 2540 4952 cognitionem
2567 4882 2715 4937 aliud
2781 4883 2919 4939 nihil
2974 4881 3224 4937 videatur
3280 4883 3471 4937 deesse
3496 4920 3511 4944 .
3585 4886 3691 4940 nisi

415 4973 587 5022 utres
622 4967 738 5036 ipsa
769 4977 961 5040 agatur
999 4985 1065 5026 ac
1102 4986 1286 5026 coram
1319 4972 1431 5027 ﬁat.

483 5058 617 5113 Cum
672 5073 803 5126 ergo
851 5063 904 5114 in
940 5061 1141 5118 talibus
1174 5063 1241 5118 de
1287 5063 1498 5133 judicio
1554 5063 1980 5134 cogitationibus

416 5151 612 5207 beatus
643 5150 759 5220 ipse
791 5165 1006 5223 semper
1040 5163 1426 5225 occuparetur,
1459 5155 1722 5210 mundum
1749 5163 1802 5212 et
1831 5172 1982 5227 quae-

415 5257 634 5313 cunque
657 5242 711 5296 in
736 5258 801 5299 eo
833 5251 982 5307 sunt,
1015 5243 1219 5315 cﬂ‘ugit.
1253 5244 1450 5300 Procul
1479 5261 1607 5302 vero
1642 5249 1869 5304 recessit
1900 5248 1985 5302 fu-

417 5333 592 5404 giens,
630 5334 774 5388 sicut
806 5334 1074 5404 scriptum
1101 5336 1395 5405 reperitur,
1425 5346 1478 5392 et
1519 5338 1723 5392 mansit
1755 5338 1809 5392 in
1858 5338 1988 5392 soli-

415 5424 624 5488 tudine,
654 5409 764 5480 Deo
792 5433 846 5480 et
895 5424 1000 5481 sibi
1051 5425 1156 5497 ipsi
1197 5441 1422 5494 vacans,
1457 5428 1691 5500 indeque
1727 5429 1984 5483 virtutum

415 5517 637 5583 praemia
673 5515 937 5573 referens.
974 5516 1145 5576 Recte
1172 5519 1317 5575 enim
1338 5520 1456 5589 jam
1493 5533 1741 5587 noverat,
1766 5539 1862 5580 eos
1893 5523 1986 5593 qui

421 5605 722 5661 solitariam
760 5606 1170 5678 amplectuntur
1208 5608 1400 5676 vitam,
1431 5624 1498 5666 ex
1533 5610 1863 5667 turbulentis
1894 5627 1988 5667 sa:-

418 5693 528 5748 culi
557 5694 722 5768 hujus
751 5697 1258 5769 perturbationibus
1283 5708 1447 5773 atque
1466 5702 1720 5773 procellis
1747 5703 1985 5769 liberari,

2159 5064 2290 5126 Ταῖς
2321 5062 2595 5129 τοιαύταις
2621 5065 2707 5117 ἀεὶ
2757 5066 2884 5137 περὶ
2929 5067 3162 5140 κρίσεως
3192 5069 3220 5122 ὁ
3250 5069 3525 5141 μακάριος
3573 5091 3691 5128 συν-

2092 5157 2344 5226 εχόμενος
2372 5157 2712 5226 φαντασίαις,
2738 5157 2934 5229 ἔφευγε
2976 5161 3072 5231 μὲν
3100 5162 3192 5215 τὸν
3237 5163 3438 5233 κόσμον
3476 5166 3585 5220 καὶ
3624 5168 3692 5219 τὰ

2095 5249 2152 5300 ἐν
2192 5247 2406 5317 κόσμῳ·
2451 5248 2726 5320 ὲμάκρυνε
2757 5249 2815 5303 δὲ
2854 5250 3188 5320 φυγαδεύων,
3309 5269 3443 5324 φησι
3489 5256 3568 5308 τὰ
3607 5256 3692 5308 ld-

2093 5354 2204 5406 για,
2235 5338 2329 5392 καὶ
2351 5337 2599 5408 ηὐλίζετο
2621 5340 2679 5395 ὲν
2707 5342 2772 5411 τῇ
2798 5341 3011 5412 ἐρήμῳ,
3042 5343 3218 5413 ἑαυτῴ
3253 5343 3398 5413 μόνῳ
3437 5347 3534 5400 καὶ
3562 5348 3689 5417 θεῷ

2095 5427 2393 5498 προσέχων,
2422 5429 2673 5483 κάκεῖθεν
2705 5429 2811 5483 τῶν
2839 5431 3050 5502 ἀρετῶν
3093 5431 3191 5496 τὰς
3233 5433 3508 5498 ἐπιδόσεις
3528 5437 3692 5505 651(6-

2098 5536 2272 5590 μενος.
2303 5521 2456 5593 ’ῌδει
2477 5521 2585 5593 γὰρ
2619 5523 2861 5593 ἀκριϐῶς
2888 5524 2964 5588 ὡς
2992 5525 3228 5596 ὲρημικὴ
3259 5526 3537 5590 διαόίωσις
3571 5531 3690 5582 τῶν

2094 5611 2370 5681 κοσμικῶν
2395 5612 2493 5683 μὲν
2523 5613 2795 5685 ἐλευθεροῖ
2834 5614 2923 5667 τὸν
2967 5616 3284 5687 βουλόμενον
3313 5617 3588 5689 θορύὸων,
3616 5627 3693 5694 τῇ

2094 5701 2292 5772 ἡσυχίᾳ
2333 5702 2391 5757 δὲ
2437 5703 2718 5775 συνόμιλον
2766 5708 2876 5770 τοῖς
2921 5707 3169 5782 ἀγγέλοις
3214 5713 3372 5768 ποιεῖ.
3423 5713 3518 5766 καὶ
3561 5718 3695 5774 ταῖς
