3918 6204
200 363 302 417 833

1215 354 1303 410 DE
1343 353 1506 410 VITA
1542 357 1602 411 S.
1650 353 1900 411 PATRIS
1936 351 2247 409 EPIIREM
2282 349 2464 408 SYRI.

3349 352 3452 407 856

201 479 327 550 περὶ
353 472 489 528 Θεοῦ
529 473 778 545 θεωρίαις
803 474 895 528 τὸν
933 475 1056 529 νοῦν
1097 477 1219 529 ὅσον
1264 477 1412 531 ἐστὶν
1453 477 1671 547 ἐφικτὸν
1701 479 1786 534 άν-

1893 484 1944 532 et
1994 476 2061 531 ad
2112 475 2314 545 quietis
2367 472 2888 544 tranquillitatisque
2950 478 3168 542 portum
3225 469 3455 527 feliciter

201 567 338 636 υψοῖ.
375 567 470 618 Ἐκ
492 566 672 620 τόπων
693 566 750 619 δὲ
779 567 977 630 τόπους
999 567 1265 636 ἀμείϐειν,
1290 569 1380 621 ὅτε
1413 567 1596 622 κινοῦν
1621 569 1783 622 αὐτὸν

201 655 423 724 Πνεῦμα
465 654 598 726 πρὸς
643 655 930 726 οἰκοδομὴν
969 657 1076 708 τῶν
1121 657 1328 710 πολλῶν
1365 658 1652 729 ᾠκονόμει,
1685 658 1784 710 οὐκ

198 747 442 815 ἠπείθει,
485 745 593 798 οὐδ’
640 747 955 799 ἀντέτεινεν.
992 744 1098 800 Ἦν
1142 749 1240 818 γὰρ
1294 749 1573 803 κελεύσεσι
1615 749 1782 813 θείαις

200 837 495 907 πειθήνιος,
529 839 578 889 εί
605 838 700 889 καί
725 855 808 901 τις
845 837 1022 901 ἄλλος.
1061 840 1336 894 Ἐντεῦθεν
1362 841 1460 912 τὴν
1487 841 1783 911 ἐνεγκαμέ-

201 945 315 998 νην,
366 927 441 990 ὠς
478 929 506 979 6
549 927 702 990 Θεῖος
747 929 951 991 ἐκεῖνος
997 928 1308 993 κελευσθεὶς
1359 931 1639 1001 Ἀϐραὰμ,
1685 931 1782 1000 τὴν

213 1014 494 1068 Ἐδεσινῶν
525 1015 789 1068 κατέλαϐε
834 1015 1014 1068 πόλιν
1047 1017 1252 1070 δίκαιον
1287 1019 1394 1090 γὰρ
1421 1020 1520 1072 οὐκ
1565 1014 1634 1090 ἦν
1676 1019 1781 1071 ὑπὸ

201 1107 305 1175 γῆν
346 1108 510 1177 μέχρι
540 1105 734 1159 πολλοῦ
764 1106 854 1159 τὸν
883 1107 1032 1177 ἥλιον
1067 1109 1562 1180 κατακρύπτεσθαι.
1592 1110 1695 1162 Δύο
1723 1111 1780 1163 δὲ

203 1200 360 1268 χάριν
391 1199 599 1262 αἰτιῶν,
630 1198 723 1251 τοῦ
752 1217 811 1251 τε
847 1199 914 1252 τὰ
946 1201 1122 1252 ἐκεῖσε
1169 1201 1597 1272 περιπτύξασθαι
1624 1202 1777 1270 ἅγια,

1888 569 2196 637 pervenire,
2248 568 2339 620 ubi
2383 563 2780 620 consuetudine
2822 563 3171 635 perfruamur
3230 565 3452 634 angelo-

1887 675 2050 724 rum;
2095 657 2482 725 mentibusque
2512 654 2797 720 sublimes,
2837 661 3108 722 ,quantum
3150 653 3297 716 licet,
3335 653 3452 722 rapi

1888 751 1955 803 ad
2009 748 2523 817 contemplationem
2571 746 2692 799 Dei.
2731 745 2960 810 Quando
2993 759 3156 814 porro
3214 741 3453 813 Spiritus

1888 843 2040 895 illum
2072 839 2589 903 conunonefaciens,
2625 837 2692 890 ad
2721 837 3012 890 multorum
3039 835 3450 889 aedilicationmn

1890 931 1971 985 sic
2002 930 2349 999 disponebat,
2384 936 2442 981 ut
2498 928 2620 980 loca
2673 935 2932 988 mutaret,
2989 940 3098 980 non
3140 927 3448 988 resistebat,

1888 1022 1985 1078 sed
2057 1022 2336 1075 httmilitcr
2400 1020 2843 1089 obsequebatur:
2897 1028 3017 1074 erat
3076 1021 3219 1074 enim
3284 1021 3455 1088 jussis

1888 1111 2270 1181 mandatisque
2294 1111 2406 1173 Dei,
2434 1111 2478 1166 si
2511 1111 2635 1179 quis
2666 1111 2826 1172 alius,
2860 1112 3266 1179 obtemperans.
3300 1109 3456 1163 Unde

1886 1204 2141 1272 patriam,
2209 1204 2349 1258 sicut
2383 1216 2612 1271 magnus
2650 1202 2740 1256 ille
2790 1202 3085 1265 Abraham,
3147 1202 3454 1270 relinquere

199 1291 291 1342 καὶ
343 1289 450 1358 πρό
488 1305 550 1356 γε
589 1288 778 1340 τούτου
830 1288 996 1358 λογίῳ
1039 1293 1370 1360 περιτυχεῖν,
1419 1292 1514 1346 καὶ
1568 1293 1780 1363 καρπὸν

1893 1294 2076 1363 iussus
2101 1296 2166 1359 ¹⁸,
2198 1294 2597 1348 Edessenorum
2633 1293 2820 1346 urbem
2858 1293 3010 1361 petiit
3045 1311 3058 1346 :
3099 1309 3274 1360 neque
3310 1293 3451 1346 enim

201 1381 451 1450 γνώσεως
482 1382 514 1452 ἢ
546 1381 747 1445 λαϐεῖν,
779 1380 812 1451 ἢ
846 1380 1183 1451 μεταδοῦναι.

1892 1384 2275 1448 conveniebat,
2309 1393 2368 1437 ut
2399 1384 2502 1438 sub
2529 1394 2673 1437 terra
2703 1382 2910 1436 diutius
2947 1382 3029 1436 sol
3058 1384 3452 1437 occultaretur.

202 1477 367 1530 Hisce
398 1490 526 1530 vero
555 1474 623 1530 de
654 1475 844 1530 causis
874 1490 942 1530 eo
972 1477 1266 1539 concessit,
1300 1485 1361 1530 ut
1391 1477 1514 1534 loca
1543 1478 1617 1535 ibi
1649 1485 1840 1534 sancta
1877 1479 2161 1542 inviseret,
2221 1485 2337 1532 tum
2396 1485 2456 1531 ut
2487 1476 2786 1546 sapientem
2829 1475 3065 1545 aliquem
3142 1478 3454 1530 conveniret

201 1572 402 1635 virum,
439 1585 503 1624 ac
530 1570 862 1640 cognitionis
893 1569 1010 1639 ipse
1042 1571 1280 1626 fructum
1311 1573 1394 1627 vel
1428 1584 1668 1642 caperet,
1704 1575 1788 1629 vel
1817 1573 1942 1630 aliis
1969 1574 2251 1642 praeberet.

280 1662 372 1714 Ἐν
402 1655 504 1724 οἷς,
538 1661 613 1723 ῶς
655 1661 954 1733 ἱστόρηται,
985 1665 1049 1733 τῇ
1105 1663 1254 1716 πόλει
1297 1663 1648 1733 παραϐαλὼν,
1679 1671 1779 1736 τήν

201 1771 259 1808 τε
309 1753 467 1806 πόλιν
518 1753 926 1823 ὑπερχόμενος,
979 1755 1154 1827 πόρνῃ
1201 1756 1308 1808 τινὶ
1369 1758 1783 1828 συναπήντηκεν

1958 1663 2040 1718 Ad
2067 1679 2186 1719 eam
2220 1663 2385 1734 igitur
2412 1662 2540 1717 dum
2574 1661 2874 1732 appulisset
2907 1660 3204 1723 civitatem,
3237 1667 3291 1715 et
3339 1659 3451 1729 jam

1889 1765 2097 1827 portam
2131 1756 2402 1818 introiret,
2431 1755 2552 1808 loco
2581 1753 2844 1822 sapientis
2873 1752 2996 1817 viri,
3020 1767 3184 1822 quem
3213 1760 3452 1820 optarat,

200 1846 314 1899 ἀνθ’
346 1841 407 1898 οὗ
442 1842 721 1913 φιλολόγου
761 1844 1032 1915 ἐπηύχετο
1078 1849 1432 1918 προστυχεῖνσ
1473 1849 1548 1912 ὡς
1581 1849 1640 1902 δὲ
1685 1849 1782 1919 τῆς

1893 1852 2132 1903 scortum
2165 1845 2270 1901 sibi
2301 1845 2522 1899 obvium
2553 1843 2776 1897 habuit:
2821 1843 2874 1896 in
2904 1843 3049 1912 quod
3084 1843 3454 1912 spectaculum

201 1938 528 2009 προσδοκίας
560 1937 744 2006 ἕτερον
775 1932 843 2008 ἦν
883 1938 944 1990 τὺ
981 1938 1168 2008 φανὲν,
1199 1939 1444 2011 θλιϐερὸν
1487 1941 1633 2011 αὐτῷ
1678 1942 1786 1994 άπ-

203 2028 299 2098 έϐη
327 2028 393 2081 τὸ
425 2026 779 2096 συναντῆσαν.
812 2027 902 2080 Διὸ
934 2029 1028 2081 καὶ
1077 2030 1471 2100 προσατενίσας
1501 2031 1575 2100 τῲ
1603 2047 1788 2102 πορνι-

201 2119 317 2188 δίῳ,
343 2119 421 2182 ὡς
454 2119 551 2189 τῆς
583 2118 792 2182 ἐλπίδος
819 2118 1073 2188 ψευσθεὶς
1104 2121 1346 2190 ἀπήγετο
1366 2127 1381 2143 ⁶
1405 2138 1419 2153 ο
1445 2125 1479 2194 ὴ
1512 2123 1567 2176 δὲ
1599 2123 1786 2175 τοῦτον

203 2210 450 2281 θεωμένη
491 2210 942 2281 προσατενίζοντα
978 2211 1170 2285 ταύτῃ,
1209 2215 1302 2267 καὶ
1341 2213 1476 2286 αὑτὴ
1515 2214 1788 2286 ἐπιμελῶς

203 2302 364 2356 αὑτὸν
399 2301 668 2371 βλέπουσα
723 2302 1068 2357 κατεσκόπει.
1124 2305 1201 2374 Τῇ
1248 2304 1304 2357 δὲ
1348 2307 1376 2358 6
1415 2306 1606 2375 σοφός·
1647 2306 1786 2374 Λέγε

207 2415 308 2468 μοι,
350 2397 531 2466 γύναι,
569 2395 712 2460 τίνος
748 2397 906 2467 χάριν
961 2397 1157 2469 μικρὸν
1203 2399 1545 2462 άπατενίζεις
1577 2417 1687 2469 μοι.
1721 2399 1786 2451 Ἦ

203 2491 274 2553 δὲ,
320 2488 655 2551 Ἀκολούθως
687 2488 796 2556 ἐγὼ
827 2489 922 2541 καὶ
955 2489 1272 2560 πρεπόντως
1291 2507 1304 2522 ο
1334 2492 1400 2543 ἐκ
1449 2489 1541 2542 σοῦ
1567 2489 1672 2560 γὰρ
1703 2489 1788 2541 λέ·-

202 2582 420 2653 λημμαι
446 2581 539 2635 τοῦ
566 2581 777 2652 ἀνδρὸς,
811 2581 874 2634 σὺ
899 2581 955 2634 δὲ
986 2583 1057 2652 μή
1088 2600 1153 2652 με
1177 2581 1530 2647 κατασκόπει,
1560 2582 1656 2651 τὴν
1680 2582 1786 2651 γῆν

202 2675 253 2727 δὲ
286 2673 510 2743 μᾶλλον,
540 2672 597 2738 ἐξ
632 2669 699 2743 ἧς
731 2671 990 2744 ἐλήφθης.
1024 2673 1194 2726 Τοῦτο
1223 2673 1376 2744 παρά
1405 2673 1730 2747 προσδοκίαν
1759 2675 1788 2726 6

206 2767 365 2834 σοφὸς
399 2763 728 2827 ἐπακούσας,
772 2763 1023 2834 μεγάλως
1060 2765 1158 2836 μὲν
1203 2765 1468 2836 ὡμολόγει
1498 2764 1786 2835 ὠφεληθῆ-

204 2873 312 2910 var
349 2853 447 2908 τοῦ
475 2855 608 2907 θεοῦ
636 2855 692 2907 δὲ
725 2855 824 2924 τὴν
851 2855 1230 2926 ἀκατάληπτον
1260 2855 1618 2927 ὑπερεδόξασε
1638 2856 1788 2910 δύνα-

207 2963 312 3014 μιν,
353 2944 416 3009 ὃς
445 2945 515 3000 τά
548 2945 647 3016 τῆς
671 2944 883 3009 ἐλπίδος
911 2945 1006 2998 καὶ
1041 2946 1128 2999 διά
1172 2945 1281 3000 τῶν
1309 2948 1438 3017 παρ’
1472 2946 1660 3000 ἐλπίδα
1689 2964 1786 3017 χα-

207 3032 435 3104 ρίξεται.

269 3126 450 3190 Δύσας
471 3143 532 3179 τε
571 3124 777 3179 ἐκεῖθεν
814 3126 908 3179 ἐπὶ
945 3126 1044 3198 τὴν
1091 3131 1190 3199 τῆς
1222 3129 1610 3195 Καππαδοκίας
1651 3131 1787 3185 Και-

1891 1937 2277 2008 permolestum
2302 1950 2425 1990 cum
2450 1944 2642 2004 praeter
2663 1935 3124 2004 exspectationem
3151 1935 3454 1998 incidisset,

1889 2038 2145 2100 tanquam
2180 2043 2276 2100 spe
2330 2042 2430 2082 sua
2470 2027 2740 2096 dejectus,
2791 2026 2982 2080 oculos
3040 2026 3339 2081 avertebat.
3388 2025 3458 2078 At

1887 2128 2104 2184 contra,
2135 2118 2385 2189 improba
2420 2117 2620 2172 femina
2645 2116 2840 2172 defixis
2872 2116 2927 2170 in
2972 2131 3095 2170 eum
3143 2115 3316 2170 oculis
3372 2117 3457 2170 in-

1887 2212 2171 2282 Spiciebat.
2205 2211 2304 2266 Cui
2331 2211 2618 2282 Epitrazm:
2647 2209 2691 2264 Ο
2721 2209 2935 2270 mulier,
2970 2209 3167 2278 inquit,
3193 2207 3280 2260 dic
3306 2207 3456 2274 mihi,

1889 2318 1990 2357 cur
2020 2319 2107 2358 me
2142 2303 2454 2373 usqueadeo
2490 2301 2761 2356 intueris?
2787 2301 2855 2352 At
2882 2299 2974 2353 illa
3001 2307 3280 2369 prompte:
3312 2299 3459 2364 Quo-

1889 2395 2059 2459 niam,
2093 2393 2300 2462 iitquit,
2339 2407 2405 2446 ex
2432 2399 2488 2446 te
2517 2392 2638 2444 viro
2671 2404 2772 2459 ego
2795 2405 2913 2443 sum
2940 2407 2952 2442 :
2978 2396 3034 2442 tu
3065 2396 3245 2442 autem
3275 2404 3360 2442 tne
3389 2404 3458 2443 ne

1887 2483 2119 2553 respicis
2151 2483 2393 2553 quidem,
2429 2482 2523 2537 sed
2558 2480 2612 2536 in
2643 2489 2842 2535 terram
2869 2496 2933 2535 ex
2959 2495 3066 2549 qua
3095 2489 3344 2549 sumptus
3371 2496 3454 2546 es,

1887 2575 2078 2630 oculos
2117 2584 2242 2630 tuos
2286 2581 2593 2644 retorques.
2629 2571 2803 2638 Quam
2849 2571 3068 2641 quidem
3117 2573 3456 2641 inexspecta-

1885 2673 1997 2720 tam
2027 2666 2440 2736 responsionem
2496 2665 2850 2719 vehementer
2891 2663 2995 2718 sibi
3041 2664 3336 2734 profuisse,
3371 2665 3456 2718 vir

1885 2767 2110 2813 sanctus
2135 2772 2197 2811 ac
2223 2757 2460 2827 prudens
2490 2756 2885 2811 confitebatur:
2909 2763 3244 2826 quapropter
3270 2756 3455 2810 inlini-

1887 2859 1998 2902 tam
2032 2847 2128 2903 Dei
2162 2850 2461 2920 potentiam
2497 2849 2758 2910 laudavit,
2787 2847 2880 2918 qui
2911 2849 3188 2903 interdum
3215 2864 3299 2913 ea,
3335 2864 3457 2918 qua:

1887 2955 2194 3011 speramus,
2223 2950 2420 3010 pra-ter
2447 2954 2598 3010 spem
2630 2939 2791 2994 nobis
2820 2938 3102 3009 elargitur.

1959 3117 2088 3174 lude
2121 3117 2425 3173 Caesaream
2455 3113 2819 3186 Cappadocia:
2860 3114 3049 3169 divino
3096 3113 3294 3169 ductus
3343 3117 3456 3184 Spi-

209 3219 455 3291 σάρειαν,
504 3218 608 3271 ὑπὸ
648 3217 742 3270 τοῦ
794 3217 1110 3290 Πνεύματος
1155 3219 1250 3273 τοῦ
1291 3221 1444 3289 ἁγίου
1482 3223 1785 3294 ὁδηγηθεὶς,

1893 3212 1999 3266 ritu
2030 3226 2153 3263 cum
2194 3209 2498 3278 petivisset,
2531 3207 2711 3276 ipsum
2735 3205 2808 3260 ibi
2835 3220 2898 3260 os
2921 3205 3199 3271 Ecclesiae,
3233 3221 3454 3259 auream

207 3309 291 3362 τὸν
323 3307 505 3379 μέγαν
531 3307 777 3362 κατεῖδεν
803 3309 1101 3372 Βασίλειον,
1134 3310 1193 3364 τὸ
1227 3312 1400 3382 στόμα
1424 3313 1522 3382 τῆς
1564 3313 1789 3386 Ἐκκλη-

213 3400 348 3465 σίας,
380 3402 484 3469 τὴν
515 3399 624 3452 τῶν
661 3400 945 3471 δογμάτων
983 3402 1194 3472 χρυσῆν
1237 3391 1436 3472 ἀηδόνα
1458 3421 1471 3432 ·
1499 3405 1559 3456 δν
1594 3405 1789 3459 θεασά-

217 3508 369 3560 μενος
398 3492 427 3543 6
474 3491 808 3561 πρεσϐύτης,
860 3491 1079 3556 πολλαῖς
1127 3494 1543 3565 καταγεραίρειν
1588 3496 1790 3566 ἤρξατο

215 3581 525 3652 εὐφημίαις.
578 3581 877 3653 Διορατικῷ
905 3581 1014 3653 γάρ
1038 3583 1138 3653 τῆς
1170 3583 1347 3654 ψυχῆς
1383 3585 1608 3656 δμματι,
1637 3602 1790 3656 περι-

216 3674 407 3744 στερὰν
436 3672 752 3743 άγλαοφανῆ
801 3674 1134 3745 ἐφεζομένην
1173 3675 1305 3745 πρὸς
1337 3675 1428 3729 τὸν
1467 3675 1637 3741 δεξιὸν
1669 3675 1790 3730 τού-

213 3781 298 3818 του
321 3763 547 3818 ἔϐλεπεν
575 3759 746 3835 ὦμον,
772 3765 964 3833 λόγους
988 3765 1136 3836 αὐτῷ
1162 3765 1506 3831 διδασκαλίας
1531 3766 1790 3840 χορηγοῦο

216 3869 327 3919 σαν,
355 3855 606 3909 κάκεῖνον
636 3853 856 3918 τούτους
903 3855 1370 3928 διαπορθμεύοντα
1408 3857 1488 3928 τῷ
1528 3857 1658 3929 λαῷ.
1695 3858 1791 3921 Ὃς

214 3945 313 4000 ὑπὸ
362 3947 463 4017 τῆς
509 3945 865 4018 διδασκούσης
909 3947 1059 4018 αύτῷ
1111 3949 1312 4020 σεπτῆς
1365 3949 1592 4019 μυηθεὶς
1631 3966 1788 4019 περιο

213 4038 427 4108 στερᾶς,
457 4038 553 4108 τῆς
584 4055 645 4090 τε
670 4038 962 4109 ἐπιδημίας
988 4037 1202 4109 ᾔσθετο,
1231 4039 1328 4092 καὶ
1363 4038 1598 4109 Ἐφραῖμ
1629 4039 1790 4091 αὐτὸν

211 4123 346 4184 εἶναι
380 4132 473 4184 τὸν
505 4131 673 4204 Σύρον
702 4135 1002 4203 ἐπέγνωκε.
1040 4134 1149 4187 Καὶ
1183 4135 1244 4206 δὴ
1273 4137 1640 4206 πνευματικῆς
1673 4137 1791 4189 ἐπι-

211 4221 404 4292 καίρου
450 4222 617 4294 ἄμφω
663 4225 950 4289 συναυλίας
986 4225 1280 4295 ἠξίωνται·
1308 4225 1480 4289 οῦτως
1525 4227 1625 4280 οὐκ
1672 4227 1791 4279 ἐπι-

212 4310 407 4383 ζήμιος
442 4313 520 4384 τῷ
555 4316 791 4387 Ἐφρατμ
819 4319 848 4370 6
877 4316 1113 4387 σκυλμὸς
1147 4317 1533 4388 ἐχρημάτισεν.

293 4406 358 4460 Ἦ
387 4407 443 4460 δὲ
466 4407 560 4462 τοῦ
594 4408 708 4478 βίου
739 4411 939 4481 φυσικὴ
972 4412 1319 4482 άκεραιότης,
1343 4411 1452 4465 τῶν
1481 4411 1790 4465 ἐπιϐλαϐῶν

206 4494 308 4566 τὴν
341 4497 521 4567 φυγὴν
564 4499 712 4570 αὐτῷ
756 4501 1110 4571 παρεδείκνυε
1137 4519 1151 4534 ι
1183 4502 1244 4554 τό
1284 4519 1342 4555 τε
1379 4502 1473 4556 τοῦ
1506 4502 1787 4574 κρείττους

208 4589 591 4657 προορατικὸν,
622 4591 714 4642 καὶ
755 4591 814 4643 τὸ
842 4591 934 4645 τοῦ
966 4592 1182 4663 χείρους
1224 4594 1554 4662 φυλακτικὸν
1577 4595 1786 4649 ἐκδιδάο

209 4683 437 4733 σκουσα,
463 4671 702 4734 ἐκείνους
734 4690 792 4726 τε
824 4673 931 4726 τῶν
985 4674 1260 4745 λογισμῶν
1288 4677 1627 4747 προσίεσθαι,
1659 4680 1785 4743 τοὺς

207 4759 501 4830 ἐγκρίτους
530 4763 624 4816 καὶ
657 4763 950 4834 καθαροὺς,
987 4765 1082 4818 καὶ
1113 4767 1248 4838 πρὸς
1276 4768 1486 4837 αἵρεσιν
1514 4767 1786 4821 λυσιτελε-

206 4849 437 4919 στέρους
458 4850 644 4917 καλοῦ,
673 4853 787 4906 ὅσοι
804 4854 1036 4925 μάλιστα
1064 4856 1200 4926 πρὸς
1218 4856 1316 4926 τὴν
1329 4859 1427 4928 τῆς
1438 4857 1784 4922 διδασκαλίας

203 4939 562 5007 ἐμποδίζουσι
591 4943 796 5014 χρείαν.
831 4945 1076 5015 Δαψιλῶς
1102 4945 1211 5018 γάρ
1233 4947 1410 5001 δέδοτο
1456 4948 1608 5018 παρὰ
1647 4950 1784 5019 Χρι-

203 5030 340 5083 στοῦ
369 5031 446 5102 τῷ
500 5033 630 5104 θείῳ
682 5036 962 5109 πρεσϐύτῃ
1012 5037 1079 5088 τὸ
1109 5037 1202 5090 τοῦ
1246 5039 1404 5107 λόγου
1448 5040 1727 5106 τάλαντον,
1756 5040 1786 5094 6

200 5119 569 5176 καταϐάλλειν
594 5124 652 5175 ἐν
673 5127 792 5188 ταῖς
824 5125 931 5178 τῶν
969 5127 1180 5181 πολλῶν
1215 5130 1314 5200 τῆς
1339 5129 1564 5200 καρδίας
1583 5130 1787 5200 spems-

202 5209 333 5274 ζαις
358 5212 468 5282 πρὸ
494 5214 706 5268 πάντων
737 5216 886 5287 αὑτῷ
921 5219 1029 5270 τῶν
1076 5220 1250 5275 ἄλλων
1292 5220 1639 5289 ἐπωφείλετο.
1678 5221 1788 5274 Καὶ

200 5301 373 5356 τοῦτο
400 5304 497 5373 μὲν
519 5307 676 5369 αὐτὸς
708 5307 837 5376 περὶ
868 5309 1061 5362 ἐαυτοῦ
1103 5311 1349 5379 φαίνεται
1376 5311 1570 5378 λέγων,
1597 5312 1788 5382 ὅτιπερ

142 5462 158 5484 ⁸
200 5393 330 5464 ἄρτι
359 5392 459 5463 τῆς
493 5396 749 5467 παιδικῆς
769 5399 982 5469 ἡλικίας
1007 5401 1067 5453 τὸ
1088 5401 1292 5455 άπαλὸν
1322 5401 1583 5472 ὑπερϐάς,
1610 5402 1786 5455 τεθέα-

201 5501 292 5538 ται
338 5488 620 5556 μυστικῶς
651 5491 788 5560 πρδς
813 5493 878 5560 τῇ
904 5491 1124 5564 γλώσσῃ
1142 5493 1218 5556 ὡς
1237 5493 1465 5564 ἀνῆλθεν
1480 5491 1642 5546 αὑτοῦ
1668 5491 1787 5546 λίαν

201 5574 491 5646 εὖκαρπος
516 5578 778 5648 ἄμπελος,
809 5580 1102 5651 αὐξηθεῖσα
1141 5581 1395 5638 τοσοῦτον
1418 5625 1433 5652 ,
1471 5583 1595 5637 ὅσον
1646 5582 1800 5652 πλη-κ

301 5751 357 5782 ¹³
381 5748 516 5806 Gen.
549 5769 645 5817 ιιι,
676 5753 697 5806 Ι
727 5769 848 5824 sqq.

1816 4549 1866 4609 D

1890 3301 2101 3356 scilicet
2139 3298 2286 3350 illam
2334 3294 2602 3349 doctrina:
2656 3293 2972 3358 lusciniam,
3009 3292 3269 3349 Basilium
3321 3295 3457 3348 vidit

1889 3400 2056 3460 atque
2087 3385 2381 3457 cognovit:
2420 3400 2582 3455 quem
2615 3399 2780 3440 senex
2818 3384 3068 3450 intuitus,
3097 3385 3282 3438 multis
3338 3385 3457 3438 fau-

1890 3481 1991 3534 stis
2021 3477 2189 3546 ctepit
2221 3473 2472 3529 venerari
2523 3474 2777 3529 vocibus.
2822 3471 3103 3543 Siquidem
3158 3475 3456 3545 perspicaci

1888 3563 2089 3618 tuentis
2133 3562 2325 3627 oculo,
2385 3561 2673 3629 conspexit
2730 3559 3086 3631 refulgentem
3149 3563 3455 3616 columbam

1888 3655 2120 3710 humero
2168 3653 2342 3724 ipsius
2380 3651 2705 3708 insidentem
2754 3651 3002 3719 dextero,
3049 3653 3324 3723 verbaque
3378 3669 3459 3708 sa.

1889 3747 2107 3818 pientiae
2145 3747 2678 3810 subministrantem,
2727 3753 2891 3816 atque
2935 3745 3112 3814 ipsum
3162 3760 3224 3800 ea
3258 3746 3459 3816 popqu

1890 3840 2318 3907 depromentem.
2349 3834 2427 3889 Ex
2469 3849 2532 3889 ea
2571 3833 2789 3904 quidem
2830 3833 2999 3888 ardua
3033 3848 3099 3888 ac
3149 3835 3456 3889 veneranda

1891 3929 2140 3984 columba
2168 3928 2474 3982 instructus
2509 3926 2622 3989 ille,
2655 3926 2834 3982 sancti
2866 3925 3028 3995 hujus
3061 3925 3240 3981 Patris
3257 3940 3461 3996 cogno-

1889 4029 2043 4077 verat
2083 4021 2596 4091 peregrinationem,
2619 4035 2854 4090 eumque
2876 4034 2998 4074 esse
3021 4018 3272 4090 Ephraem
3304 4020 3456 4073 illum

1892 4110 2112 4182 Syrum.
2148 4109 2564 4180 Peropportune
2604 4111 2772 4182 igitur
2799 4109 2959 4164 ambo
3004 4119 3192 4163 mutua
3229 4110 3371 4163 inter
3399 4125 3459 4162 se

1891 4200 2216 4257 fruebantur
2267 4201 2708 4266 consuetudine;
2764 4202 2836 4254 ita
2908 4208 2968 4254 ut
3025 4201 3296 4254 laboriosa
3367 4199 3456 4251 illa

1891 4291 2261 4363 peregrinatio
2294 4290 2397 4360 ipsi
2451 4289 2701 4360 Ephrem
2755 4288 2965 4342 inutilis
2994 4301 3104 4341 non
3161 4286 3456 4341 exstiterit.

1961 4384 2242 4440 Naturalis
2272 4397 2438 4453 porro
2491 4384 2619 4436 vitae
2652 4380 2986 4442 innocentia,
3038 4377 3307 4432 malorum
3353 4377 3458 4447 ipsi

1894 4477 2219 4533 ostendebat
2250 4475 2433 4546 fugam
2460 4492 2474 4528 :
2505 4488 2632 4528 nam
2662 4488 2727 4528 ex
2760 4487 2825 4527 ea
2856 4470 3105 4526 discebat
3134 4477 3190 4525 et
3235 4470 3458 4524 meliora

1891 4567 2205 4638 prospicere
2231 4573 2286 4620 et
2307 4563 2586 4619 deteriora
2618 4562 2844 4627 evitare,
2881 4569 3048 4631 atque
3078 4560 3199 4615 illas
3236 4568 3459 4614 senten-

1891 4659 1998 4714 tias
2027 4673 2088 4713 ac
2120 4657 2366 4713 rationes
2406 4657 2630 4728 eligere,
2662 4670 2783 4726 quae
2821 4669 2969 4725 pura:
2992 4662 3198 4717 essent,
3228 4665 3458 4722 quaeque

1892 4749 1959 4804 ad
1985 4749 2341 4804 excolendam
2383 4748 2725 4803 honestatem
2766 4743 3100 4810 conferrent,
3133 4752 3188 4800 et
3225 4743 3456 4798 docendi

1892 4856 2054 4896 usum
2084 4855 2427 4911 nequaquam
2465 4837 2814 4909 impedirent.
2869 4836 3223 4890 Abundanter
3257 4833 3458 4904 quippe

1892 4940 2084 4988 sancto
2134 4931 2250 4986 seni
2299 4944 2622 4985 consessum
2668 4943 2699 4980 a
2750 4925 2968 4982 Christo
3009 4932 3129 4980 erat
3185 4926 3458 4980 sermonis

1893 5025 2176 5084 talentum,
2213 5019 2358 5090 quod
2399 5034 2522 5073 cum
2563 5017 2631 5071 ad
2663 5030 2880 5072 mensas
2917 5016 3163 5070 cordium
3209 5016 3458 5086 plurimis

1892 5115 2290 5186 impertiretur,
2328 5111 2378 5166 ei
2412 5120 2589 5164 tamen
2619 5124 2740 5163 cum
2774 5107 2966 5177 primis
2997 5106 3222 5176 profuit.
3265 5106 3462 5161 Fertur

1895 5216 2074 5262 autem
2096 5205 2210 5258 haec
2244 5203 2360 5273 ipse
2399 5200 2466 5255 de
2489 5216 2548 5256 se
2582 5200 2826 5254 dixisse:
2876 5196 3016 5260 Sibi,
3052 5212 3176 5251 cum
3224 5198 3459 5266 primum

1893 5315 1925 5356 e
1956 5308 2140 5354 tenera
2165 5296 2255 5350 illa
2275 5293 2566 5349 excederet
2596 5299 2754 5346 aetate
2783 5290 3052 5360 pueritiae,
3089 5303 3290 5344 arcana
3315 5288 3463 5357 ejus-

1892 5392 2039 5447 modi
2073 5389 2370 5459 contigisse
2399 5386 2538 5441 visa.
2575 5384 2682 5454 Ipsi
2733 5384 2932 5440 etenim
2977 5383 3132 5453 juxta
3193 5383 3458 5452 linguam,

1892 5484 2186 5540 admodum
2238 5479 2521 5537 fructifera
2569 5477 2754 5534 enasci
2799 5476 3090 5532 videbatur
3127 5476 3282 5539 vitis,
3340 5489 3463 5544 qua:

1891 5577 2109 5648 quidem
2151 5576 2226 5631 ita
2279 5570 2654 5637 excrescebat,
2713 5579 2773 5627 ut
2828 5570 3146 5626 universum
3190 5577 3461 5623 terrarum
