3918 6204
498 316 608 372 835

1684 318 1743 375 s.
1784 280 2108 380 Cnsconu
2145 323 2441 384 NYSSENI

3633 335 3734 389 836

498 433 735 503 repleret
780 431 991 487 orbem.
1023 431 1233 487 Cuncta
1283 441 1467 489 autem
1500 435 1624 492 coeli
1682 438 1924 495 volatilia
1960 442 2064 497 ad-

2171 445 2338 515 ρῶσαι
2369 447 2468 517 τὴν
2492 446 2617 518 γῆν,
2652 447 2760 501 πᾶν
2780 433 2844 501 δὲ
2870 449 3111 502 πετεινδν
3138 448 3234 503 τοῦ
3254 447 3492 519 ούρανοῦ
3517 451 3739 521 ἐρχόμε-

500 523 814 590 ventabant,
841 532 896 578 et
925 521 993 578 de
1025 522 1206 579 fructu
1237 525 1357 594 ejus
1390 526 1750 583 comedebant
1775 547 1790 586 :
1824 532 1942 601 ipsa
1971 546 2071 586 au~

498 626 605 671 tem
644 615 791 679 vilis,
829 622 1037 684 quanto
1070 615 1257 687 plures
1281 619 1534 674 volucres
1576 619 1928 691 decerpentes
1956 621 2071 678 fru-

497 715 620 761 ctus
642 707 975 777 excipiebat,
1017 716 1170 763 tanto
1202 709 1438 779 amplius
1474 710 1712 767 racemis
1735 705 2071 769 abundabat.

498 797 632 853 illud
663 807 925 870 prmterea
950 801 1095 870 quod
1121 800 1191 855 ad
1222 802 1400 871 ipsum
1428 802 1747 873 pertineret,
1770 806 1911 862 alius
1946 806 2071 877 qui-

497 890 647 955 dam,
674 892 840 946 homo
872 893 1181 964 perspicax,
1215 907 1275 948 se
1296 894 1655 964 conspexisse
1682 904 1916 955 testatus
1945 908 2028 957 est
2053 916 2070 957 :

500 983 824 1054 angelorum
869 983 1083 1039 scilicet
1126 983 1341 1054 copiam
1376 984 1801 1043 descendentem
1833 1005 1864 1045 e
1907 991 2070 1059 coelo,

498 1076 756 1132 volumen
788 1077 941 1132 intus
975 1092 1040 1131 ac
1077 1076 1213 1132 foris
1259 1079 1633 1150 conscriptum
1669 1081 1921 1140 detinere
1962 1099 2073 1140 ma-

499 1168 684 1225 nibus.
719 1168 809 1223 Sic
838 1184 963 1224 vero
993 1177 1237 1225 sanctam
1270 1169 1418 1224 illam
1462 1173 1699 1244 colloqui
1739 1176 1911 1230 visam
1948 1191 2073 1234 esse

499 1263 693 1318 aciem.
726 1259 884 1328 Quis,
918 1270 1101 1332 putas,
1136 1262 1390 1318 volumen
1424 1264 1570 1320 istud
1603 1266 1658 1321 in
1693 1282 1891 1325 manus
1929 1270 2073 1325 acci-

497 1353 611 1423 piet
636 1354 659 1406 ?
687 1351 754 1407 Et
786 1352 888 1409 llos
915 1353 1136 1423 quidem
1174 1354 1340 1418 hunc,
1370 1356 1513 1412 alios
1543 1356 1720 1424 illum,
1753 1360 1895 1416 alios
1939 1375 2071 1416 vero

499 1444 664 1499 alium
713 1460 779 1499 ex
823 1446 1299 1513 praestantioribus
1328 1463 1394 1503 eo
1455 1458 1704 1520 tempore
1756 1449 2071 1508 hominibus

498 1533 871 1604 respondisse.
903 1532 1107 1589 Deinde
1138 1543 1320 1591 autem
1343 1545 1464 1606 post
1488 1540 1734 1594 omnium
1768 1540 2073 1611 subjecisse

500 1624 878 1695 probationem
904 1642 919 1678 :
946 1642 965 1676 ι
986 1623 1081 1680 Isti
1107 1625 1326 1695 quidem
1360 1627 1570 1690 sancti,
1604 1642 1668 1683 ac
1706 1629 1943 1685 ministri
1973 1629 2071 1687 Dei

499 1725 662 1770 sunt:
724 1715 818 1771 sed
861 1714 965 1771 hoc
1028 1716 1282 1771 volumen
1329 1716 1385 1771 in
1431 1732 1627 1774 manus
1669 1719 1919 1789 accipere
1973 1736 2071 1777 ne-

2175 555 2264 593 νον
2318 538 2375 604 ἐξ
2428 538 2600 610 αὐτῆς
2648 538 3067 609 ἐμπίμπλασθαι
3096 540 3323 611 τροφῆς.
3362 539 3541 611 Δύτὴν
3567 542 3739 614 δὲτὴν

2173 628 2415 700 ἄμπελον
2436 630 2492 684 ὲν
2520 629 2595 701 τῷ
2626 630 3035 703 ἀποκείρεσθαι,
3063 631 3157 684 καὶ
3181 632 3291 685 πᾶν
3315 631 3518 702 πτηνὸν
3549 632 3740 696 δεξιοῦ·

2173 721 2318 785 σθαι,
2373 722 2574 792 μᾶλλον
2618 723 2864 777 πλουτεῖν
2910 724 3022 777 τῶν
3055 723 3313 796 βοτρύων.
3356 722 3530 778 Τοῦτο
3572 724 3632 778 δὲ
3658 726 3742 779 καὶ

2171 812 2328 876 ἄλλος
2358 814 2486 886 περὶ
2514 813 2678 868 αύτοῢ
2727 815 2838 869 τῶν
2866 816 3009 870 πάνυ
3055 814 3375 888 διορατικῶν
3414 817 3539 870 τότε
3585 832 3741 887 προσ-

2171 903 2553 977 εμαρτύρησεν
2572 922 2587 937 ⁸
2638 906 2840 961 ἰδέσθαι
2867 907 3043 976 λέγων
3078 908 3323 977 ἀγγέλων
3354 908 3590 979 πληθὺν,
3624 924 3742 961 κατα

2174 996 2357 1050 ιοῦσαν
2387 996 2447 1062 ἐξ
2475 998 2729 1070 ούρανοῦ,
2779 998 2942 1069 τόμον
2973 999 3065 1052 ἐπὶ
3113 1002 3301 1071 χεῖρας
3348 1000 3737 1069 βαστάζουσαι),

2171 1087 2368 1154 ἔξωθέν
2404 1107 2463 1144 τε
2497 1090 2593 1144 καὶ
2638 1090 2838 1145 ἔσωθεν
2883 1089 3352 1163 ἐγγεγραμμένον.
3387 1092 3585 1159 Ἔλεγε
3628 1091 3678 1143 δὲ
3709 1093 3740 1162 ἡ

2171 1183 2400 1249 φανεῖσα
2451 1181 2572 1235 θεία
2618 1182 2803 1252 ἐκείνη
2854 1182 2992 1252 πρὸς
3043 1182 3240 1254 ἑαυτὴν
3294 1182 3623 1253 παράταξις.
3655 1182 3741 1247 Τις

2171 1272 2281 1344 ἄρα
2333 1272 2535 1341 ὀφείλει
2567 1273 2717 1327 τόνδε
2747 1272 2838 1326 τὸν
2881 1274 3045 1344 τόμον
3072 1273 3509 1345 ἐγχειρισθῆναις
3549 1273 3642 1336 Ἐξ
3674 1266 3740 1327 ὧν

2171 1365 2579 1437 ἀποκριθέντες,
2611 1366 2661 1419 οἱ
2684 1365 2785 1437 μὲν
2799 1365 2947 1419 τόνδε
2968 1366 3316 1436 προέκριναν,
3344 1366 3394 1419 οί
3424 1365 3481 1419 δὲ
3511 1365 3630 1419 τὸν.
3655 1366 3738 1417 καὶ

2171 1456 2320 1510 ἀλλοι
2345 1456 2551 1529 ἕτερον,
2584 1457 2677 1522 οὒς
2704 1459 2734 1511 ὁ
2752 1459 2942 1530 χρόνος
2966 1459 3172 1522 ἐκεῖνος
3198 1454 3311 1529 εἷχε
3339 1458 3597 1527 λογάδαςο
3622 1452 3739 1512 Εἶτα

2173 1547 2315 1619 μετά
2328 1547 2425 1617 τὴν
2440 1547 2668 1620 δοκιμὴν
2689 1549 2895 1613 πάντας
2910 1551 3102 1604 εἰπεῖν’
3127 1567 3148 1601 ι
3178 1549 3419 1619 Ἀληθῶς
3439 1548 3589 1618 ἅγιοι
3608 1542 3737 1603 οὗτοι

2170 1638 2262 1692 καὶ
2304 1638 2479 1694 δοῦλοι
2524 1640 2657 1695 Θεοῦ
2680 1655 2697 1672 ·
2748 1640 2885 1712 πλὴν
2912 1642 2973 1695 ού
3008 1640 3262 1697 δύνανται
3280 1641 3428 1695 τόνδε
3463 1642 3556 1694 τὸν
3587 1644 3739 1713 τόμον

2170 1720 2595 1803 ἐγχειρισθῆναι.
2635 1750 2655 1786 ι
2701 1733 2789 1797 Ὠς
2817 1733 2873 1786 δὲ
2900 1732 3130 1798 πολλοὺς
3158 1732 3269 1788 τῶν
3286 1734 3408 1788 τότε
3429 1734 3604 1802 ἁγίων
3628 1736 3736 1788 ἔπιε

498 1814 730 1874 queunt.
770 1826 788 1860 ι
825 1806 1071 1878 Cumque
1116 1808 1232 1878 jam
1280 1806 1464 1865 varios
1494 1825 1563 1865 ex
1598 1820 1728 1865 tunc
1760 1811 2066 1868 viventibus

2173 1800 2523 1894 μνήσθέντες,
2554 1824 2613 1879 ὲν
2636 1825 2818 1887 αὐτοῖς
2847 1824 2946 1878 οὐκ
2967 1825 3265 1896 εύδόκησαν
3281 1842 3297 1857 ο
3326 1800 3501 1889 τέλος,
3521 1843 3735 1896 συμφω-

497 1900 901 1964 nominassent,
950 1914 1127 1968 neque
1172 1898 1463 1969 quisquam
1515 1915 1583 1957 ex
1633 1900 1704 1956 iis
1751 1902 2069 1972 placuisset,

497 1991 716 2046 demum
739 1991 1018 2045 communi
1053 1991 1297 2046 omnium
1328 2006 1602 2049 consensu
1637 1994 1691 2048 in
1715 2009 1834 2050 eam
1869 1996 2072 2065 pariter

497 2092 878 2138 convenerunt
919 2081 1271 2150 sententiam,
1310 2090 1368 2136 ut
1397 2082 1665 2151 dicerent,
1706 2101 1737 2141 a
1772 2087 1924 2141 nullo
1964 2086 2071 2144 alio

497 2176 643 2233 istud
667 2176 926 2231 volumen
958 2175 1016 2230 in
1071 2192 1265 2231 manus
1297 2192 1457 2247 posse
1493 2179 1667 2245 sumi,
1709 2188 2069 2252 praeterquam

495 2269 566 2323 ab
596 2267 845 2337 Ephrazm
882 2266 1041 2336 Syro.
1066 2266 1333 2339 Tuncque
1365 2270 1623 2328 caelestes
1665 2273 1888 2341 angelos
1928 2273 2069 2329 idem

495 2358 852 2430 conspexisse
886 2357 1079 2422 fertur,
1116 2358 1364 2429 Eplirmm
1397 2363 1650 2417 volumen
1698 2364 1935 2426 tradere.
1970 2380 2072 2418 no-

496 2457 696 2519 ctuque
735 2464 966 2519 surgens
1002 2448 1067 2502 ad
1098 2448 1413 2517 ecclesiam,
1461 2450 1637 2504 visum
1686 2451 1817 2507 illud
1859 2454 2073 2523 conspi-

494 2542 687 2606 ciens,
734 2541 1085 2609 perrexisse,
1138 2540 1437 2610 auditoque
1489 2542 1609 2611 ipso
1656 2541 1928 2612 Ephrem,
1979 2545 2068 2614 qui

496 2640 632 2687 tunc
680 2630 957 2702 insignem
999 2631 1287 2702 gratiaque
1324 2632 1538 2702 plenam
1575 2634 1811 2690 habebat
1862 2636 2071 2691 oratio-

494 2739 645 2787 nem,
695 2723 827 2792 quid
880 2723 1057 2779 visum
1108 2722 1244 2778 illud
1315 2723 1674 2795 designaret,
1725 2728 2069 2798 cognovisse,

496 2814 775 2883 Deumque
823 2813 1188 2879 collaudasse,
1234 2824 1289 2869 et
1322 2823 1431 2870 tam
1483 2816 1807 2885 praeclarum
1853 2817 2069 2873 dicendi

494 2904 697 2958 donum
725 2904 843 2957 viro
873 2913 1067 2959 sancto
1093 2904 1280 2959 datum
1315 2904 1646 2961 admiratum
1682 2906 1876 2963 fuisse.
1917 2907 2071 2963 Tan-

493 3001 605 3050 tam
632 2996 777 3051 enim
808 2996 1090 3066 sapientia:
1117 2992 1502 3052 abundantiam
1551 2998 1781 3070 largitus
1814 3001 1893 3056 illi
1928 3001 2070 3059 Deus

496 3086 692 3152 fuerat,
728 3098 787 3142 ut
819 3088 1168 3157 quantumvis
1196 3088 1248 3143 ei
1285 3090 1528 3159 perpetui
1574 3093 1733 3161 quasi
1778 3094 2066 3150 verborum

496 3177 674 3233 fontes
708 3184 1080 3248 suppeterent,
1108 3178 1273 3233 rebus
1309 3185 1488 3234 tamen
1534 3181 1872 3251 explicandis
1907 3198 2068 3253 pares

494 3283 837 3339 nequaquam
870 3278 1072 3324 essent.
1109 3268 1355 3339 llludque
1385 3284 1492 3324 non
1520 3278 1628 3325 tam
1663 3272 1864 3343 lingua:
1898 3274 2069 3329 tardi-

496 3367 626 3424 tate,
653 3375 813 3430 quam
843 3359 1191 3429 cogitationis
1231 3361 1510 3417 celeritate
1532 3363 1816 3418 accidebat
1842 3383 1854 3418 :
1881 3365 2067 3437 lingua

493 3449 638 3504 enim
670 3448 950 3520 cogitandi
1010 3448 1244 3502 aliorum
1300 3447 1408 3502 vim
1444 3450 1791 3519 exaequabat,
1826 3460 2065 3507 attamen

495 3540 703 3595 tardior
732 3546 851 3596 erat
883 3554 1046 3611 quam
1079 3548 1139 3594 ut
1169 3538 1344 3609 ipsius
1363 3541 1664 3597 sententias
1686 3542 1904 3613 assequi
1935 3557 2066 3611 pos-

495 3641 599 3690 set.
630 3632 786 3690 Unde
816 3647 1047 3704 magnus
1079 3647 1266 3696 senex,
1291 3631 1568 3701 singulare
1593 3633 1865 3702 quoddam
1894 3649 1925 3687 a
1956 3632 2066 3687 Deo

487 3724 785 3795 eloquendi
805 3724 1007 3780 donum
1031 3724 1378 3795 elllagitabat,
1403 3723 1556 3779 hisce
1574 3724 1793 3780 verbis:
1819 3724 2064 3796 Largire,

496 3814 748 3883 Domine,
802 3814 1027 3871 ﬂumina
1066 3815 1254 3885 gratiae
1288 3822 1414 3870 tute.
1468 3812 1750 3884 Siquidem
1805 3815 2066 3871 doctrinae

496 3906 863 3977 profunditas,
895 3906 1133 3976 linguam
1174 3905 1346 3974 ipsius
1391 3904 1743 3970 absorbebat,
1789 3914 1849 3960 ut
1903 3920 2066 3963 sensa

496 3998 662 4054 animi
716 3997 907 4054 ellerre
949 3999 1231 4068 nequiret,
1278 4014 1403 4053 cum
1444 4000 1657 4056 muneri
1705 4001 2064 4057 concionandi

496 4091 864 4147 instrumenta
913 4091 980 4146 ad
1014 4090 1218 4148 diserte
1249 4091 1548 4148 dicendum
1586 4099 1894 4164 opportuna
1931 4093 2066 4150 deﬁ-

496 4193 708 4240 cerent.
1120 4194 1123 4197 ‘
1700 4175 1705 4180 ’

562 4275 870 4333 Conciones
896 4290 1059 4347 porro
1087 4275 1282 4347 ipsius,
1317 4275 1467 4333 aliud
1508 4276 1647 4333 nihil
1683 4276 1791 4333 nisi
1820 4275 2068 4348 precatio

496 4364 921 4435 interpellabat:
969 4369 1444 4440 precationemque
1490 4367 1686 4425 iterum
1746 4358 2061 4430 conciones,

2171 1914 2435 1983 νήσαντες
2462 1910 2634 1971 εἷπον.
2664 1914 2854 1980 Οὐδεὶς
2880 1916 3100 1971 δύναται
3127 1916 3315 1984 τοῦτον
3344 1917 3733 1989 ἐγχειρισθῆναι

2170 2003 2260 2057 τὸν
2281 2004 2467 2075 τόμον,
2501 2004 2552 2057 εί
2586 2004 2661 2075 μὴ
2713 2004 2972 2076 Ἐφραίμ..
3004 1995 3117 2059 Κᾶὶ
3151 2004 3216 2078 δὴ
3250 2005 3527 2061 καὶτοῦτο
3552 2006 3735 2061 θεάσα-

2173 2092 2296 2146 σθαι
2327 2094 2355 2146 ό
2390 2093 2603 2164 βλέπων
2630 2096 2837 2158 ἐκεῖνος
2858 2094 3080 2164 λέγεται
3127 2097 3254 2159 τοὺς
3281 2095 3459 2165 θείους
3485 2097 3729 2165 ἀγγέλους

2170 2182 2502 2246 ἐπιδιδόντας
2538 2182 2631 2236 τὸν
2683 2183 2849 2254 τόμον
2893 2182 2972 2255 τῷ
3016 2185 3285 2256 Ἐφραῒμο
3329 2186 3655 2240 ’Δναστάντα
3676 2188 3729 2239 ὲν

2171 2271 2396 2343 νυχαλίᾳ
2420 2274 2509 2342 είς,
2540 2272 2865 2343 Ἐκκλησίαν
2908 2274 3204 2345 ἀφικέσθαι
3253 2275 3346 2330 τὸν
3383 2295 3731 2348 μυσταγωγη-

2172 2360 2333 2416 θέντα
2358 2362 2454 2434 τὴν
2498 2363 2709 2433 ὅρασιν,
2742 2364 2971 2418 ἀκοῦσαι
2998 2365 3340 2431 διδάσκοντος
3372 2367 3467 2421 τοῦ
3514 2366 3733 2439 Ἐφραίμ

2172 2452 2229 2504 ἐν
2261 2451 2404 2522 λόγῳ
2442 2451 2655 2522 δαψιλεί
2699 2452 2794 2507 καὶ
2819 2453 3000 2525 χάριτι
3032 2455 3318 2526 ἠρτυμένῳ
3342 2472 3358 2486 ⁸
3394 2456 3493 2527 τὴν
3522 2458 3581 2511 δὲ
3606 2459 3733 2529 όρα-

2172 2543 2354 2596 θεῖσαν
2385 2543 2649 2598 ὀπτασίαν
2677 2545 2878 2601 ἐκεῖνον
2916 2547 3284 2617 ἐπικρίνοντα,
3324 2548 3545 2615 δοξάσαι
3575 2566 3627 2602 τε
3646 2549 3734 2602 τὸν

2170 2633 2322 2698 Θεὸν,
2356 2634 2450 2689 καὶ
2480 2633 2577 2705 τὴν
2602 2634 2845 2689 δοθεῖσαν
2864 2636 2942 2707 τῷ
2967 2638 3105 2708 ἁγίῳ
3124 2638 3459 2711 ἐκπλαγῆναι
3482 2640 3736 2695 πλουσίαν

2169 2724 2263 2777 τού
2291 2723 2448 2794 λόγου
2480 2725 2706 2797 δωρεάν.
2737 2728 3001 2782 Τοσοῦτον
3030 2729 3140 2801 γὰρ
3160 2730 3221 2784 τὸ
3250 2732 3438 2802 περιὸν
3470 2732 3617 2803 αύτῷ
3640 2734 3735 2803 τῆς

2173 2817 2362 2886 σοφίας
2413 2820 2724 2890 κεχάριστο,
2781 2818 2858 2884 ὡς
2896 2820 3155 2885 ἀεννάους
3190 2823 3291 2893 μὲν
3311 2819 3451 2878 εἶναι
3480 2828 3606 2889 τοὺς
3634 2826 3755 2879 τῶν

2169 2908 2342 2977 λόγων
2402 2910 2624 2979 ὀχετούς
2642 2927 2655 2941 ⁸
2697 2911 2911 2983 βραδεῖς
2940 2913 2997 2966 δὲ
3029 2913 3165 2985 πρὸς
3194 2914 3292 2985 τὴν
3321 2916 3429 2970 τῶν
3459 2918 3737 2989 νοημάτων

2171 2998 2498 3070 φανέρωσιν,
2534 3000 2595 3054 ού
2625 3003 2688 3072 τῇ
2727 3001 2825 3072 τῆς
2874 3001 3118 3074 γλώττης
3152 3005 3480 3077 ναρκότητι,
3516 3008 3651 3063 ἀλλὰ
3674 3011 3739 3080 τῇ

2167 3092 2277 3146 τῶν
2296 3092 2694 3164 ἐνθυμημάτων
2718 3095 3043 3168 πυκνότητι·
3071 3095 3211 3151 ὥστε
3232 3099 3330 3169 τὴν
3353 3099 3607 3167 γλῶσσαν
3630 3098 3741 3155 ἴσον

2175 3184 2273 3255 μὲν
2306 3183 2563 3239 δύνασθαι
2605 3184 2684 3256 τῷ
2709 3185 2863 3257 τάχει
2912 3188 3023 3242 τῶν
3061 3188 3192 3261 παρ’
3227 3189 3406 3255 ἄλλοις
3432 3191 3745 3264 ἐνθυμημά-

2171 3291 2302 3341 των,
2329 3268 2491 3347 ἦττον
2514 3270 2572 3329 δὲ
2599 3275 2706 3329 τῶν
2737 3277 2952 3332 οἰκείων
2985 3278 3378 3351 θεωρημάτων.
3406 3283 3502 3335 Διὸ
3529 3285 3625 3337 καὶ
3647 3285 3745 3337 αύο

2171 3366 2261 3431 τὸς
2298 3370 2426 3439 περὶ
2445 3367 2640 3422 ἑαυτοῦ
2660 3371 2689 3423 ό
2718 3370 2893 3441 μέγας
2920 3371 3234 3445 πρεσϐύτης
3270 3373 3404 3427 Θεὸν
3432 3375 3748 3447 ἐξαιτούμε-

2173 3476 2282 3523 νος,
2315 3459 2407 3513 ἐπὶ
2431 3462 2497 3532 τῇ
2528 3461 2692 3533 ἀνοχῇ
2725 3461 2828 3532 τῆς
2846 3462 3216 3535 ἀκατασχέτου
3240 3466 3349 3521 τῶν
3377 3468 3622 3537 λογάδων
3647 3470 3751 3525 δω-

2174 3556 2303 3624 ρεᾶς
2320 3554 2539 3610 τοιαῦτα
2555 3557 2771 3626 λέγεται
2790 3558 2976 3627 φάναι·
3002 3562 3181 3626 ’Λνες,
3212 3556 3256 3615 ὦ
3278 3563 3543 3626 Δέσποτα,
3565 3563 3638 3618 τὰ
3650 3563 3752 3637 τῆς

2172 3645 2392 3715 χάριτός
2433 3663 2525 3700 σου
2577 3647 2816 3720 κύματα.
2859 3651 2994 3704 Ὑπὸ
3025 3652 3134 3723 γὰρ
3162 3652 3261 3724 τὴν
3303 3654 3556 3721 γλῶσσαν
3584 3658 3619 3727 ἠ
3650 3657 3755 3726 τῆς

2170 3735 2515 3801 διδασκαλίας
2567 3738 2800 3805 ἄϐυσσος
2837 3741 3219 3811 πελαγίζουσα,
3266 3744 3456 3815 φέρειν
3485 3745 3640 3817 αὐτῷ
3679 3747 3755 3800 τὰ

2170 3825 2277 3878 τῶν
2309 3827 2596 3897 νοημάτων
2620 3829 2720 3883 οὐκ
2761 3831 3060 3903 ἐπέτρεπεν
3086 3832 3464 3907 ἀλλεπάλληλα
3493 3836 3750 3910 κύματα,

2169 3920 2237 3989 τῇ
2262 3922 2772 3995 κατεσπουδασμένῃ
2818 3925 3126 4000 λειτουργίᾳ
3161 3929 3271 3985 τῶν
3297 3931 3447 4004 ’πρὸς
3482 3930 3544 3993 τὸ
3568 3933 3756 4004 λέγειν

2170 4008 2414 4082 ὀργάνων
2437 4014 2535 4084 οὐχ
2566 4015 2998 4086 ὑπουργούντων.

2254 4278 2584 4333 Ἐπέκοπτεν
2617 4279 2673 4335 δὲ
2697 4282 2822 4348 τοὺς
2848 4282 3038 4354 λόγους
3064 4285 3251 4357 ἕτερον
3279 4287 3375 4359 μὲν
3397 4286 3574 4354 οὒδέν,
3613 4291 3756 4363 εὐχὴ

2169 4369 2225 4425 δὲ
2260 4369 2416 4443 μόνη,
2450 4373 2542 4427 καὶ
2566 4374 2771 4447 ταύτην
2796 4378 2846 4431 οί
2872 4378 3038 4447 λόγοι,
3072 4382 3165 4434 καὶ¹
3189 4381 3409 4445 τούτους
3425 4384 3752 4457 τὰδάκρυα.

494 4452 598 4510 has
626 4454 902 4527 lacrymaa,
927 4456 1198 4528 lacrymas
1218 4472 1437 4514 rursum
1464 4473 1656 4528 preces
1680 4457 2065 4527 excipiebant;

2171 4461 2263 4514 καὶ
2315 4461 2486 4518 ταῦτα
2530 4465 2690 4521 πάλιν
2723 4468 2878 4539 εύχή.
2928 4472 3039 4524 Καὶ
3074 4466 3143 4542 ἦν
3181 4473 3211 4525 ὁ
3243 4473 3400 4542 λόγος
3428 4475 3522 4529 τοῦ
3558 4452 3750 4545 λόγου.

494 4552 724 4616 eratque
770 4562 955 4602 sermo
1000 4549 1311 4615 sermonis;
1346 4558 1461 4612 aut,
1508 4557 1568 4603 ut
1617 4549 1792 4618 magis
1842 4548 2063 4618 proprie

493 4639 695 4702 dicam,
731 4638 787 4693 in
830 4653 1102 4701 sermone,
1143 4639 1365 4696 assidue
1411 4640 1467 4694 in
1518 4640 1827 4695 divinarum
1881 4654 2060 4694 rerum

493 4728 953 4799 contemplatione
1010 4736 1329 4798 occupatus.
1391 4729 1527 4784 Nam
1595 4730 1774 4800 ipsum
1838 4728 2061 4798 quidem

492 4834 696 4890 corpus
725 4819 799 4874 ita
831 4817 1165 4881 confecerat,
1197 4828 1256 4873 ut
1289 4818 1487 4875 rationi
1515 4822 1672 4890 quasi
1703 4820 1938 4874 dominae
1963 4819 2061 4874 ob-

492 4916 825 4978 temperans,
857 4924 966 4964 nou
1014 4910 1209 4981 magis,
1242 4925 1404 4980 quam
1436 4910 1482 4965 si
1534 4919 1841 4966 emortuum
1890 4918 2058 4974 esset,

492 5000 791 5069 voluptatis
842 5001 1011 5055 ullum
1060 5016 1283 5057 sensum
1332 5002 1574 5057 haberet.
1610 5002 1857 5072 Cumque
1897 5003 2062 5057 adea

492 5106 614 5160 qua:
641 5105 751 5146 non
776 5090 993 5153 decent,
1023 5092 1297 5157 obeunda,
1324 5093 1502 5148 inedia
1533 5103 1695 5163 atque
1730 5094 2058 5149 abstinentia

494 5181 646 5252 prius
671 5180 956 5242 domitum,
988 5181 1265 5236 immobile
1291 5182 1688 5251 languesceret,
1722 5183 1827 5240 illis
1880 5192 2060 5239 tamen

492 5288 614 5344 quae
635 5273 939 5329 animarum
965 5274 1257 5328 conferunt
1282 5273 1467 5337 saluti,
1499 5275 1844 5342 perﬁciendis
1861 5276 2061 5332 robore

493 5366 801 5437 prastabat.
844 5365 1030 5432 Quid?
1054 5364 1201 5435 quod
1231 5381 1300 5420 ne
1328 5374 1519 5421 noctes
1547 5367 1795 5436 quidem,
1820 5368 2062 5423 somnio-

491 5473 612 5512 rum
662 5457 974 5514 simulacris
1030 5465 1195 5527 alque
1239 5457 1568 5528 imaginibus
1609 5474 1753 5524 same
1781 5459 2059 5529 decipien-

492 5555 594 5614 tes,
625 5548 675 5603 ei
706 5548 923 5604 virtutis
957 5562 1020 5603 ac
1050 5548 1266 5618 pietatis
1295 5563 1519 5605 cursum
1553 5550 1606 5604 in
1642 5550 1748 5605 ullo
1774 5552 2060 5606 interrum-

493 5639 732 5707 pebant?
779 5654 903 5694 nam
940 5654 1104 5709 quem
1153 5639 1532 5709 aggredientes
1578 5650 1908 5711 exceperant
1966 5658 2057 5699 so-

491 5725 710 5791 brium,
761 5729 1007 5783 eumdem
1053 5729 1368 5785 recedentes
1424 5729 1734 5796 vigilantem
1788 5731 2058 5804 relinque~

2167 4552 2343 4606 εἰπεῖν
2369 4554 2426 4608 δὲ
2448 4556 2646 4627 μᾶλλον
2670 4559 3015 4631 οἰκειότερον,
3050 4563 3109 4617 ὲν
3132 4563 3292 4635 λόγῳ,
3309 4568 3430 4628 ταῖς
3459 4568 3593 4639 περὶ
3617 4568 3753 4622 Θεοῦ

2166 4642 2254 4695 διά
2281 4643 2497 4700 πάντων
2519 4648 2722 4704 τούτων
2763 4649 3015 4723 θεωρίαις
3043 4655 3281 4725 συνεχῶς
3324 4657 3751 4728 ἀσχολούμενος.

2167 4735 2240 4789 Τὸ
2264 4736 2373 4807 γὰρ
2401 4739 2558 4811 σῶμα
2582 4743 2861 4812 νεκρὼσας
2889 4746 3027 4816 μετά
3052 4746 3160 4800 τῶν
3179 4748 3403 4819 ἡδονῶν,
3435 4751 3533 4804 καὶ
3565 4751 3753 4807 δοῦλον

2166 4827 2232 4881 δι’
2246 4829 2570 4900 ἐγκρατείας
2595 4832 2672 4903 τῷ
2705 4835 2934 4906 ἡγεμόνι
2954 4839 3433 4910 κατεργασάμενος
3463 4841 3749 4914 λογισμῷ.

2167 4919 2418 4991 ἀκίνητον
2446 4923 2547 4992 μὲν
2576 4921 2689 4994 εἶχε
2733 4926 2868 4997 πρὸς
2903 4929 2971 4982 τὰ
3006 4930 3080 4999 μὴ
3117 4930 3302 4983 δέοντα
3333 4932 3522 5003 ἀσιτίᾳ
3544 4935 3748 5006 προδα-

2170 5009 2372 5079 μασθὲν
2391 5051 2406 5075 ,
2466 5015 2693 5086 στερρὸν
2741 5016 2797 5070 δὲ
2844 5019 2981 5088 πρὸς
3007 5018 3076 5072 τά
3103 5020 3357 5090 λυσιτελῆ
3384 5022 3482 5075 καὶ
3510 5023 3749 5093 ψυχικὴν

2169 5100 2442 5170 σωτηρίαν
2470 5103 2778 5174 πορίζοντα.
2814 5107 2951 5160 Ἀλλ’
2971 5109 3091 5163 οὐδὲ
3120 5109 3312 5170 νύκτες
3340 5112 3496 5182 αύτῷ
3525 5114 3625 5167 τὸν
3655 5114 3748 5181 τῆς

2166 5190 2366 5263 ἀρετῆς
2392 5194 2591 5265 δρόμον
2620 5197 2929 5265 ὲνέκοπτον,
2975 5204 3094 5265 ταῖς
3127 5201 3185 5266 ἐξ
3222 5201 3392 5277 ύπνου
3419 5207 3749 5273 φαντασίαις

2166 5281 2327 5335 αὐτὸν
2365 5285 2768 5351 φενακίζουσαι.
2821 5289 3076 5361 Νήφοντα
3105 5290 3211 5364 γὰρ
3248 5293 3309 5357 ἐξ
3339 5294 3569 5367 ἡμερῶν
3596 5296 3749 5364 δεχόο

2169 5384 2352 5439 μεναι,
2382 5375 2761 5444 γρηγοροῦντα
2820 5378 3220 5449 κατελίμπανον
3273 5384 3751 5455 παρατρέχουσαι,

2163 5462 2320 5518 τοῦτο
2342 5470 2877 5540 πραγματευόμενον,
2928 5473 3015 5527 ῐνα
3062 5475 3135 5546 μὴ
3175 5474 3457 5548 καταλάϐῃ
3485 5477 3680 5530 τοῦτον
3716 5478 3751 5543 ή

2165 5556 2287 5628 χεὶρ
2316 5557 2411 5610 τοῦ
2449 5559 2707 5630 ἄρχοντος
2738 5562 2832 5616 τοῦ
2874 5564 3097 5629 σκότους
3144 5566 3334 5621 τούτου
3390 5567 3751 5623 καθεύδοντα.

2166 5648 2376 5702 ’Ύπνου
2402 5649 2457 5702 δὲ
2486 5652 2860 5723 μετελάμϐανε
2906 5656 3179 5723 τοσοῦτον,
3217 5658 3341 5713 ὅσον
3388 5659 3525 5729 πρὸς
3550 5659 3619 5712 τὸ
3650 5659 3759 5729 ζῇν

2169 5737 2346 5791 ἱκανόν
2373 5756 2385 5769 ·
2418 5739 2563 5803 ὅπως
2595 5740 2669 5811 μὴ
2707 5742 2806 5811 τῆς
2845 5745 3075 5816 φυσικῆς
3108 5746 3383 5816 πανηελῶς
3423 5746 3763 5817 ἀκολουθίας
