3918 6204
291 331 395 386 837

1279 337 1368 392 ne
1406 338 1574 396 VITA
1612 303 1668 396 ε.
1709 341 1958 400 parans
1995 345 2302 406 EPllIUEM
2340 349 2521 407 εγω.

3436 365 3538 420 338

288 449 715 522 ἀνατραπείσης,
768 450 922 506 λύσιν
975 452 1146 523 βίαιον
1199 454 1466 528 ὑπομείνῃ
1513 455 1574 510 τὸ
1621 459 1844 531 σαρκίον

1971 463 2136 532 bant;
2182 463 2423 535 illudque
2457 466 2646 523 sedulo
2669 480 2971 538 curantem,
3010 489 3078 530 ne
3102 490 3299 532 manus
3335 478 3540 548 princi~

301 540 590 611 Ἀνέτρεπε
641 541 698 594 δὲ
748 541 958 607 τοῦτον,
988 544 1082 597 καὶ
1131 542 1238 597 τῶν
1281 545 1572 616 ὀφθαλμῶν
1615 548 1866 613 ὲξεδίωκε

289 630 461 684 πολλά
488 632 586 702 μὲν
614 631 709 685 καὶ
730 630 890 700 ἄλλα,
912 634 1145 704 μάλιστα
1171 635 1227 688 δὲ
1256 639 1524 708 χαμευνία
1546 641 1641 693 καὶ
1672 643 1869 714 σκληρ-

285 725 524 793 ανωγία,
557 725 654 808 καὶ
695 726 731 796 ἡ
773 725 1003 779 παντοία
1029 726 1122 780 τοῦ
1158 727 1407 799 σώματος
1437 731 1702 798 κάκωσις.
1727 734 1865 788 Τού-

287 834 401 880 τοις
440 815 548 886 γὰρ
588 814 825 887 μάλιστα
864 816 925 870 τὸ
953 816 1046 870 τοῦ
1100 818 1268 873 ὕπνου
1317 821 1485 886 πάθος
1531 823 1864 896 ἑξορίξεσθαι

1969 556 2053 624 pis
2103 556 2262 611 istius
2331 559 2675 614 tenebrarum
2727 561 2902 631 ipsum
2972 581 3165 621 somno
3215 583 3537 639 Oppressum

1968 647 2419 716 deprehenderet.
2460 649 2695 706 Tantum
2740 670 2870 710 vero
2915 659 3178 727 temporis
3228 659 3401 730 quieti
3436 662 3538 734 tri-

1969 738 2192 802 buebat,
2230 750 2500 809 quantum
2534 744 2655 797 vita:
2684 745 2936 815 degendae
2972 751 3338 805 necessarium
3368 757 3538 810 duce-

1968 828 2084 894 hat,
2114 845 2185 885 ne
2220 831 2458 885 naturali
2485 834 2705 902 penitus
2733 838 2945 892 sublata
2983 840 3380 910 vicissitudine,
3405 859 3535 897 caro

282 908 548 981 πέφυκεν,
600 908 1010 981 Ἀκτημοσύνην
1037 911 1094 964 δὲ
1133 912 1396 985 τοσαύτην
1426 916 1711 987 ἐκτήσατο,
1734 920 1848 991 ὅσηι

1965 921 2261 976 violentam
2317 922 2737 981 dissolutionem
2792 929 3111 985 sustineret.
3152 931 3286 984 Cum
3349 908 3531 986 autem

277 998 426 1069 ἔχειν
457 1001 586 1064 τοὺς
615 1000 792 1066 θείους
821 1002 1150 1068 ἀποστόλους
1175 1005 1414 1070 ἀκούεις.
1448 1008 1538 1060 Διὸ
1569 1009 1664 1063 καὶ⁸
1694 1010 1748 1063 εί
1779 1029 1848 1075 τις

1965 1009 2118 1063 varia
2154 1019 2340 1066 essent
2373 1028 2492 1080 quae
2534 1015 2602 1069 ab
2634 1018 2810 1071 oculis
2841 1019 2960 1088 ejus
3003 1039 3253 1077 somnum
3296 1025 3530 1094 depelle-

275 1092 468 1146 τοῦτον
487 1094 938 1164 ἀκτημονούντων
964 1097 1269 1166 ἀρχέτυπον
1297 1099 1534 1165 καλέσει,
1553 1101 1650 1171 οὐχ
1682 1102 1863 1174 ἀμαρ-

273 1182 438 1253 τήσει
457 1182 552 1236 τοῦ
586 1183 814 1247 δέοντος.
845 1185 1022 1238 Αὐτοῦ
1047 1186 1154 1258 γὰρ
1171 1187 1377 1240 ἐκείνου
1404 1189 1499 1259 τὴν
1518 1190 1862 1264 γλυκυτάτην

276 1274 377 1326 καὶ
404 1273 676 1345 μακαρίαν
697 1273 892 1344 ἔχομεν
927 1277 1130 1347 φωνὴν,
1167 1279 1340 1350 ἤνπερ
1374 1281 1581 1350 μέλλων
1609 1283 1861 1353 ἀπαίρειν

277 1364 420 1434 πρὸς
450 1364 518 1417 τὰ
532 1363 777 1436 οὐράνια,
810 1367 941 1434 ἡμῖν
969 1367 1178 1435 ἀφῆκεν
1208 1368 1592 1441 ἀκτημοσύνης
1614 1373 1862 1427 διδασκα-

272 1453 391 1522 λον,
423 1448 526 1510 ὧδέ
559 1473 676 1518 πως
710 1455 958 1526 ἔχουσαν·
998 1459 1110 1528 Ούχ
1137 1458 1344 1534 ὑπῆρξε
1376 1460 1707 1534 τῷἙφραῖμ
1730 1482 1858 1518 ποτε

274 1545 580 1616 βαλάντιον,
613 1547 675 1600 ού
710 1548 923 1618 ρἀδος,
966 1549 1028 1601 οὐ
1058 1550 1228 1620 πήρα.
1255 1530 1403 1604 γοῦτε
1573 1530 1853 1626 ἀργύριον,

268 1638 400 1693 οὔτε
427 1640 670 1710 χρυσίον,
720 1641 834 1694 ἀλλ’
869 1641 989 1695 οὐδέ
1022 1658 1143 1695 τινα
1191 1643 1383 1712 κτῆσιν
1412 1644 1604 1715 ἑτέραν
1641 1647 1732 1699 ἐπὶ
1758 1648 1857 1718 τῆς

270 1731 379 1801 γῆς
409 1732 747 1802 ἐκτησάμην.
776 1731 881 1786 Τοῦ
911 1734 1018 1805 γὰρ
1044 1733 1245 1802 ἀγαθοῦ
1276 1735 1546 1799 Βασιλέως
1575 1737 1782 1807 ἥκουσα
1798 1741 1855 1792 ἐν

1966 1100 2118 1166 bant,
2151 1108 2264 1156 tum
2297 1104 2429 1159 illud
2463 1107 2753 1177 imprimis,
2780 1113 2924 1180 quod
2958 1130 3205 1183 asperam
3241 1130 3303 1169 ac
3337 1118 3530 1169 duram

1962 1191 2128 1246 vitam
2157 1208 2345 1262 agens,
2392 1197 2687 1267 multisque
2733 1202 2909 1256 modis
2967 1219 3165 1272 corpus
3203 1221 3360 1259 suum
3394 1206 3532 1259 ami-

1963 1296 2116 1350 gens,
2151 1282 2304 1338 humi
2349 1285 2512 1338 etiam
2545 1287 2810 1342 cubaret:
2845 1305 2968 1342 nam
3003 1291 3153 1344 hisee
3189 1292 3528 1361 potissimum

1962 1371 2290 1438 rationibus,
2328 1375 2506 1428 somni
2535 1375 2750 1431 affectio
2796 1380 2974 1432 excuti
3031 1381 3188 1434 solet.
3233 1380 3528 1450 Pauperta-

1963 1465 2071 1514 tem
2103 1475 2270 1530 porro
2310 1469 2519 1516 tantam
2546 1467 2818 1529 servabat,
2859 1475 3122 1535 quantam
3176 1469 3260 1522 vel
3320 1470 3526 1524 sanctis

1961 1551 2096 1620 ipsis
2149 1553 2312 1608 audis
2358 1555 2529 1610 fuisse
2577 1558 2860 1626 apostolis.
2915 1557 3256 1628 Quapropter
3304 1559 3349 1614 si
3400 1559 3526 1629 quis

1959 1658 2083 1697 cum
2115 1651 2491 1713 paupertatem
2538 1647 2833 1701 colentium
2875 1642 3160 1718 exemplar
3216 1649 3522 1718 appellarit,

1960 1735 2378 1806 haudquaquam
2397 1752 2426 1790 a
2447 1738 2674 1793 veritate
2692 1740 2979 1795 aherrarit.
2994 1739 3375 1796 Dulcissimam
3393 1756 3524 1796 sane

269 1825 388 1885 τοῖς
421 1823 774 1892 Εὐαγγελίοις
825 1802 1092 1896 φήσαντος
1156 1829 1267 1889 τοῖς
1308 1827 1500 1881 ἑαυτοῦ
1563 1802 1848 1899 μαθηταῖς,

1959 1841 2296 1904 prorsusque
2323 1830 2532 1883 beatam
2583 1830 2726 1884 illam
2775 1831 2934 1886 nobis
2963 1847 3172 1898 vocem,
3215 1832 3358 1887 velut
3389 1847 3522 1901 pau-

271 1916 444 1985 μηδὲν
474 1917 568 1969 ἐπὶ
604 1917 701 1986 τῆς
737 1917 838 1987 γῆς
888 1917 1210 1988 κτήσασθαι.
1243 1918 1404 1972 Ὅθεν
1440 1919 1560 1972 ούδὲ
1591 1920 1852 1990 ἐμπαθῶς

267 2007 434 2076 ἔσχον
460 2008 598 2079 πρός
626 2026 678 2061 τι
702 2007 959 2063 τοιοῦτον.
992 2009 1178 2074 Οὕτως
1206 2006 1297 2063 οὖν
1326 2010 1483 2082 δόξης
1521 2029 1579 2064 τε
1610 2012 1700 2063 καὶ
1727 2029 1857 2081 χρη-

270 2099 461 2168 μάτων
507 2099 784 2170 ὀλίγωρος,
831 2101 1032 2164 παντὸς
1089 2100 1146 2154 δὲ
1187 2102 1386 2172 μᾶλλον
1423 2101 1516 2154 τοῦ
1568 2102 1854 2172 ἀμείνονος

247 2191 529 2261 ἐραστὴς.
559 2191 638 2262 τῷ
659 2193 763 2260 ἴσῳ
800 2191 1093 2247 κάντεῦθεν
1133 2196 1245 2258 τοῖς
1268 2194 1585 2258 ἀποστόλοις
1618 2190 1854 2265 ἁμιλλώ-

267 2302 435 2355 μενος
459 2285 665 2357 δρόμῳ.

1959 1919 2186 1986 pertatis
2235 1921 2573 1990 magistram,
2617 1922 2747 1976 hinc
2784 1923 2838 1976 in
2890 1924 3089 1978 ccelum
3133 1925 3519 1994 emigraturus,

1957 2009 2196 2079 reliquit,
2225 2025 2332 2080 qua
2370 2012 2546 2067 aiebat
2580 2032 2592 2068 :
2627 2013 2739 2069 Nec
2787 2030 3070 2080 crumena,
3122 2031 3223 2072 nec
3269 2016 3520 2082 baculus,

1955 2117 2057 2158 nec
2087 2119 2216 2174 pera
2231 2103 2479 2174 Ephrarm
2499 2122 2738 2176 unquam
2772 2107 2955 2163 fuit”.
2987 2108 3275 2178 Nunquam
3303 2123 3521 2172 aurum,

1953 2205 2049 2251 aut
2107 2209 2414 2269 argentum,
2463 2209 2558 2253 aut
2600 2201 2767 2256 ullam
2829 2217 2944 2257 rem
3017 2201 3180 2255 aliam
3252 2202 3304 2255 in
3377 2211 3522 2255 terra

1949 2288 2192 2357 possedi.
2225 2289 2360 2343 Nam
2393 2290 2597 2346 bonum
2631 2307 2815 2362 regem
2867 2293 2936 2348 ad
2964 2309 3096 2348 suos
3123 2294 3396 2349 dicentem
3425 2293 3524 2346 di—

276 2383 534 2451 scipulos
567 2381 750 2436 audivi
787 2382 842 2436 in
876 2380 1381 2452 Evangeliozh'ihil
1452 2381 1507 2435 in
1575 2391 1724 2437 terra
1780 2383 2160 2453 possederitis.
2229 2386 2599 2452 Quamobrem
2647 2389 2796 2442 nulla
2865 2404 2951 2444 me
3001 2404 3183 2442 rerum
3248 2389 3517 2458 ejusmodi

265 2474 420 2543 cepit
447 2473 741 2542 cupiditas.
769 2472 969 2527 Gloria:
998 2473 1187 2543 igitur,
1218 2482 1272 2528 et
1305 2475 1551 2545 pecuniae
1599 2481 1944 2543 contemptor
1983 2490 2107 2528 cum
2134 2484 2303 2542 esset,
2369 2492 2433 2532 ac
2495 2479 2871 2548 prazslantiora
2941 2487 3185 2546 amaret;
3252 2479 3319 2533 ad
3369 2479 3518 2548 ipsos

262 2565 554 2634 apostolos
588 2565 644 2618 in
669 2579 734 2619 eo
765 2579 865 2619 suo
898 2579 1064 2618 cursu
1108 2580 1272 2634 quam
1312 2565 1557 2634 proxime
1584 2567 1849 2622 accedere
1882 2566 2176 2620 nitebatur.

335 2656 406 2708 Τί
439 2657 495 2709 δὲ
543 2657 674 2728 περὶ
713 2657 1207 2730 ταπεινοφροσύνης
1240 2657 1389 2728 αὐτῷ
1422 2660 1849 2731 προσμαρτυρή-

265 2762 491 2816 σωμενο
529 2747 666 2800 ὅπου
723 2763 788 2815 γε
833 2747 1128 2820 διαρρήδην
1186 2748 1331 2811 ἄπας
1367 2749 1531 2802 αὐτοῦ
1574 2749 1728 2818 λόγος
1752 2749 1848 2803 καὶ

264 2841 612 2911 σύγγραμμα
640 2840 840 2910 ταύτην
887 2840 1000 2910 ἔχει
1048 2839 1147 2911 τὴν
1171 2840 1370 2911 ἀρετὴν
1413 2842 1845 2912 κηρυττομένην,

262 2933 474 3001 καίπερ
498 2931 646 3002 αύτῷ
687 2931 1019 3002 διωκομένην
1049 2933 1114 2985 ὲκ
1161 2932 1355 2986 πολλοῦ
1391 2933 1484 2986 τοῦ
1527 2934 1844 3005 περιόντος;

262 3025 406 3078 Πότε
439 3025 547 3097 γὰρ
575 3028 604 3078 ό
625 3026 834 3097 δάκρυα
862 3026 1336 3098 προσκαλούμενος
1373 3027 1624 3099 δάκρυσι,
1656 3029 1848 3084 σποδόν

259 3133 321 3168 τε
346 3115 482 3168 ὡσεὶ
514 3116 675 3186 ἄρτον
708 3115 922 3179 ἐσθίων,
940 3116 1001 3170 τὺ
1019 3117 1190 3188 τραχὺ
1206 3117 1303 3187 τῆς
1327 3116 1554 3188 διαίτης,
1590 3119 1683 3172 καὶ
1711 3119 1846 3188 ἀνή-

2029 2658 2169 2723 Quid
2201 2674 2332 2714 vero
2365 2659 2532 2713 animi
2582 2659 2755 2730 ipsius
2808 2659 3229 2716 submissionem
3279 2665 3518 2715 eamme-

1958 2766 2162 2805 morem
2189 2762 2352 2821 atque
2383 2753 2779 2819 humilitatem;
2805 2769 2929 2808 cum
2961 2770 3021 2810 ea
3054 2755 3171 2824 ipsa
3200 2753 3374 2806 virtus
3398 2767 3521 2820 pas-

1955 2841 2058 2896 sim
2103 2843 2158 2896 in
2193 2844 2410 2898 cunctis
2451 2844 2572 2914 ejus
2622 2846 2966 2901 sermonibus
3021 2859 3084 2900 ac
3133 2843 3352 2913 scriptis
3400 2857 3523 2897 sese

1955 2931 2310 3001 singulariter
2345 2935 2412 2989 ab
2460 2949 2526 2990 eo
2581 2935 2752 2991 fuisse
2801 2936 3072 2990 exeultam
3119 2932 3521 3004 quodammodo

1954 3021 2242 3077 clamitet?
2290 3023 2520 3089 Quando
2569 3026 2714 3080 enim
2763 3039 3004 3096 unquam
3059 3025 3125 3080 ad
3172 3025 3520 3095 arrogantiae.

1953 3115 2324 3186 elationisque
2362 3117 2596 3188 lapidem
2630 3133 2726 3187 pes
2772 3118 2893 3188 ejus
2923 3116 3168 3183 oﬂ‘endit,
3199 3118 3292 3187 qui
3345 3118 3521 3186 lacry—

260 3207 438 3270 δῦνον,
467 3181 629 3261 καίτδ
655 3207 803 3278 πόμα
835 3206 1035 3279 κιρνῶν
1057 3181 1209 3278 ’μετά
1229 3181 1528 3279 κλαυθμοῦ,
1617 3227 1748 3279 φησι
1780 3181 1848 3263 τὰ

1955 3223 2072 3264 mas
2095 3210 2355 3280 lacrymis
2389 3211 2740 3278 provocabat,
2775 3223 2839 3264 ac
2869 3210 3105 3264 cinerem
3132 3216 3391 3279 tanquam
3427 3223 3524 3276 pa-

259 3296 446 3365 λόγια,
510 3296 643 3367 πρὸς
701 3297 984 3367 ὲπάρσεως
1011 3298 1044 3368 ἢ
1071 3299 1299 3368 οἰήσεως
1330 3299 1464 3369 λίθῳ
1498 3299 1589 3352 τὸν
1620 3300 1848 3369 ψυχικὸν

261 3385 405 3438 πόδα
468 3387 926 3456 προσκρούσειενς
959 3389 1030 3440 ’Ἡ
1067 3389 1096 3440 ὁ
1135 3388 1234 3459 τὴν
1264 3389 1608 3460 ἀνθρωπίνην
1634 3389 1848 3442 ἅπασαν

262 3479 743 3548 ἀποστρεφόμενος
765 3477 940 3542 δόξαν,
974 3479 1067 3530 καὶ
1111 3480 1316 3550 περιὼν
1352 3482 1451 3550 μὲν
1474 3481 1553 3533 ἔτι
1590 3481 1732 3534 κατὰ
1758 3481 1847 3534 τὸν

265 3566 405 3634 βίον,
429 3567 573 3630 τινὸς
605 3567 971 3633 ἐπαινοῦντος,
1016 3569 1289 3639 ἀσχαλῶν,
1317 3569 1410 3622 κα)⁸
1436 3569 1563 3622 ἀλλο
1586 3587 1645 3622 τε
1680 3570 1846 3640 ἄλλην

261 3659 546 3713 ἀλλάττων
593 3660 803 3730 χροιὰν,
860 3659 1082 3713 κύπτων
1130 3678 1188 3712 τε
1219 3661 1298 3724 εἰς
1348 3662 1470 3732 γῆν,
1503 3661 1596 3713 καὶ
1636 3661 1845 3726 στάζων

262 3751 455 3821 ίδρῶτι
481 3750 682 3820 λεπτῷ,
717 3751 810 3804 καὶ
837 3751 980 3820 δεινῇ
1000 3749 1366 3822 κρατούμενος
1391 3751 1624 3821 ἀφωνία,
1659 3751 1844 3823 ὥσπερ

261 3842 369 3912 τῆς
391 3842 648 3912 αἰσχύνης
669 3842 834 3896 αὑτοῦ
859 3841 957 3913 τὴν
986 3842 1234 3910 γλῶσσαν
1262 3842 1557 3913 ἀργούσηςδ

355 4107 630 4178 ’Δπαίρων
676 4107 732 4159 δὲ
802 4105 938 4177 πρὸς
983 4105 1083 4174 τὴν
1151 4105 1424 4175 μακαρίαν
1471 4105 1568 4157 καὶ
1612 4103 1844 4174 ἄληκτον

262 4199 434 4270 ζωὴν,
469 4199 600 4253 αὐτὸ
625 4197 782 4251 τοῦτο
813 4198 974 4251 πάλιν
1008 4196 1144 4267 μετά
1168 4195 1402 4266 σφοδρᾶς
1422 4195 1698 4266 ἀπείργων
1720 4197 1842 4248 ἐπι-

261 4292 561 4361 τιμήσεως,
590 4290 684 4342 καὶ
709 4288 884 4356 λέγων
904 4304 917 4318 ·
953 4287 1044 4358 Μὴ
1088 4287 1255 4357 ᾷσητε
1289 4282 1440 4356 ᾆσμα
1467 4287 1558 4340 ἐπὶ
1582 4287 1840 4358 Ἐφραῒμ,

267 4384 345 4452 μὴ
370 4379 772 4449 ὲγκωμιάσητε,
813 4379 886 4449 μή
929 4395 997 4448 με
1038 4376 1319 4430 πολυτελεῖ
1357 4376 1624 4448 ὲνθάψητε
1663 4379 1844 4448 ίματια

265 4473 412 4543 σμῴ,
475 4472 549 4542 μὴ
605 4471 710 4543 ἰδία
760 4469 837 4540 τῷ
872 4469 1083 4540 σώματί
1142 4487 1245 4538 μου
1285 4469 1456 4536 τάφον
1492 4468 1836 4539 ἐργάσησθε’
1873 4510 1914 4564 D

263 4563 423 4630 λόγον
452 4564 561 4633 γὰρ
589 4563 698 4632 ἔχω
725 4562 863 4633 μετά
917 4559 1072 4622 Θεοῦ,
1109 4560 1426 4630 αὐλισθῆναί
1485 4577 1552 4630 με
1598 4562 1694 4613 σὺν
1725 4563 1838 4623 τοῖς

265 4656 458 4721 ξένοις.
483 4655 667 4719 Ξένος
699 4653 814 4723 ἐγὼ
836 4652 933 4707 καὶ
953 4651 1380 4720 παρεπίδτυιος,
1401 4653 1593 4715 καθὼς
1616 4650 1838 4718 πάντες

261 4750 320 4802 οἱ
347 4746 597 4814 πατέρες
623 4762 763 4813 μου.
791 4744 971 4813 Ἔχεις
991 4741 1278 4812 τοιγαροῦν
1309 4744 1372 4794 ὲκ
1401 4740 1714 4811 περιουσίας
1746 4743 1839 4796 καὶ

258 4838 468 4907 ταύτης
489 4837 584 4907 τῆς
612 4837 830 4906 ἀρετῆς,
865 4833 1006 4887 καθά
1033 4833 1096 4902 δὴ
1126 4833 1218 4885 καὶ
1246 4831 1354 4884 τῶν
1378 4831 1599 4895 λοιπῶν,
1633 4833 1838 4903 ἐναργῆ

260 4930 337 4983 τὰ
387 4929 680 4998 τεκμήρια.
726 4929 836 4998 Τῆς
875 4925 1243 4996 ὲλεημοσύνης
1269 4925 1325 4977 δὲ
1366 4925 1459 4978 καὶ
1498 4925 1841 4994 συμπαθείας

256 5021 327 5074 ού
354 5020 579 5090 ποιητὴν
609 5019 788 5089 μόνον,
813 5015 946 5072 ἀλλά
969 5017 1060 5070 καὶ
1087 5015 1402 5069 διδάσκαλον
1429 5015 1617 5068 τοῦτον
1645 5017 1842 5087 ἐπιφη-

259 5115 478 5184 φιεῖται
508 5112 537 5164 ὁ
561 5111 659 5181 τῆς
684 5109 942 5180 ἀληθείας
960 5109 1082 5178 ὄρος
1109 5108 1202 5160 καὶ
1221 5106 1403 5177 νόμος.
1427 5107 1504 5176 Τῇ
1532 5106 1639 5176 γὰρ
1661 5108 1842 5180 τελείει⁵

254 5203 643 5276 ἀκτημοσύνῃ,
689 5202 752 5255 τὸ
795 5200 1053 5271 παρέχειν
1085 5201 1195 5261 τοῖς
1232 5198 1506 5266 δεομένοις
1545 5199 1645 5251 οὑκ
1679 5199 1840 5268 ἔχων,

251 5303 321 5354 ἐν
375 5295 454 5366 τῷ
519 5296 643 5357 τοὺς
676 5293 871 5356 ἀλλους
903 5292 1188 5361 διεγείρειν
1233 5289 1369 5363 πρὸς
1417 5290 1563 5344 ἔλεον
1611 5296 1838 5360 πυκναξς

252 5389 639 5462 παραινέσεσι,
691 5386 790 5455 τὴν
831 5383 1198 5455 ἰλεημοσύνην
1241 5383 1560 5452 μετήρχετο.
1589 5378 1697 5437 Ἦν
1726 5384 1838 5455 γὰρ

249 5482 333 5545 ὡς
367 5478 582 5549 ἀληθῶς
603 5481 632 5533 ὁ
660 5477 849 5531 τούτου
868 5477 1043 5544 λόγος,
1071 5476 1164 5529 καὶ
1193 5474 1314 5543 δίχα
1342 5474 1439 5544 τῆς
1468 5474 1663 5544 ὅψεως,
1693 5476 1840 5538 κλεὶς

253 5571 674 5642 θεοχάλκευτος,
708 5571 835 5633 τοὺς
866 5568 974 5624 τῶν
1008 5567 1278 5622 πλουσίων
1308 5566 1613 5638 θησαυροὺς
1643 5567 1839 5620 διανοί-

343 5747 385 5780 ¹⁶
413 5745 599 5800 Matth.
630 5763 682 5813 χ,
707 5748 759 5811 9,
810 5746 904 5810 l0;

983 5745 1110 5801 Luc.
1148 5762 1220 5809 Ix,
1258 5747 1309 5799 4.
1391 5745 1432 5776 ¹⁷
1473 5743 1616 5799 Psal.
1652 5760 1737 5809 Cl,
1779 5743 1861 5797 l0.

1951 3312 2073 3350 nem
2118 3297 2509 3362 manducabat,
2544 3304 2600 3351 et
2642 3311 2835 3366 aspera
2890 3304 3052 3365 atque
3092 3297 3364 3350 inamatua
3408 3299 3519 3349 vita

1949 3394 2009 3440 ut
2047 3401 2205 3442 sacra
2245 3387 2336 3440 illa
2367 3395 2667 3456 personant
2705 3387 2891 3453 verba,
2929 3386 3184 3456 poculum
3225 3400 3349 3440 cum
3389 3385 3517 3440 ﬂetu

1948 3476 2211 3533 miscebat
2240 3460 2586 3548 "?°Quique
2638 3477 2708 3532 ab
2750 3477 2897 3532 omni
2940 3492 3101 3542 vana,
3153 3485 3315 3547 atque
3352 3493 3517 3531 mun-

1947 3570 2088 3624 dana
2111 3570 2415 3626 abhorrens
2433 3571 2626 3640 gloria,
2643 3585 2766 3626 cum
2800 3571 2855 3625 in
2887 3570 2987 3624 hac
3001 3569 3176 3624 adhuc
3199 3570 3517 3640 peregrina-

1949 3671 2098 3716 retur
2125 3664 2256 3727 vita,
2283 3663 2326 3719 si
2350 3678 2378 3716 a
2405 3678 2680 3734 quoquam
2712 3677 2769 3718 se
2792 3662 3003 3717 laudari
3027 3662 3516 3729 animadvertebat,

1944 3770 2090 3825 aegro
2112 3756 2294 3809 animo
2328 3756 2532 3819 ferens,
2556 3756 2832 3826 aliumque
2851 3756 2988 3812 alias
3009 3757 3245 3811 colorem
3271 3757 3515 3827 capiens,

1946 3852 2111 3914 atque
2141 3846 2332 3900 oculos
2362 3846 2416 3899 in
2446 3855 2646 3901 terram
2688 3846 3006 3913 demittens,
3042 3847 3194 3902 tenui
3225 3861 3290 3903 ac
3331 3848 3516 3903 subtili

1946 3936 2199 3991 madebat
2219 3939 2441 4003 sudore,
2477 3939 2698 4009 altoque
2721 3939 3218 4010 silentiotanquam
3248 3955 3515 3998 verecun-

1945 4024 2034 4076 dia
2062 4024 2302 4096 linguam
2341 4026 2727 4098 praepediente,
2755 4029 3177 4098 corripiebatur.

2014 4113 2133 4168 Jam
2178 4117 2531 4172 autein'hiuc
2577 4117 2642 4172 ad
2687 4118 2902 4172 beatam
2943 4119 3335 4189 ecclestemque
3364 4121 3511 4173 illam

1945 4206 2311 4276 cmigraturus
2339 4206 2531 4271 vitam,
2572 4208 2720 4276 gravi
2761 4208 3000 4276 quodam
3045 4208 3340 4264 interdicto
3379 4210 3512 4264 illud

1945 4297 2126 4368 ipsum
2160 4304 2372 4358 vetans,
2413 4296 2671 4350 dicebat:
2710 4295 2866 4348 Nulla
2904 4294 3153 4364 Ephrmm
3203 4297 3512 4353 cecineritis

1945 4389 2220 4450 carmina,
2263 4389 2577 4458 nullamque
2616 4387 2983 4442 laudationem
3020 4386 3402 4453 adhibueritis,
3446 4405 3514 4444 ne

1944 4496 2031 4535 me
2061 4496 2185 4534 cum
2213 4480 2453 4550 pretioso
2480 4479 2841 4550 sepeliveritis
2864 4479 3212 4543 vestimento,
3237 4497 3374 4537 neve
3402 4474 3515 4552 p'ri-

1945 4572 2110 4625 vatim
2159 4571 2377 4641 corpori
2420 4587 2541 4625 meo
2576 4571 2975 4628 constitueritis
3025 4572 3337 4626 tumulum:
3379 4574 3511 4628 mihi

1943 4662 2088 4717 enim
2125 4677 2250 4715 cum
2285 4661 2396 4716 Deo
2435 4661 2710 4729 convenit,
2746 4671 2804 4716 ut
2837 4663 2981 4718 inter
3014 4663 3335 4734 peregrinos
3364 4678 3514 4718 com-

1945 4767 2147 4807 morer.
2183 4753 2393 4807 Advena
2418 4755 2619 4824 quippe
2651 4771 2765 4807 sum
2793 4771 2908 4824 ego,
2936 4765 2985 4810 ct
3018 4757 3341 4826 peregrinus,
3375 4758 3512 4811 sicut

1945 4860 2124 4898 omnes
2150 4853 2330 4911 patres
2380 4846 2478 4899 mei
2512 4847 2575 4898 ".
2609 4845 2762 4900 Sicut
2791 4862 2922 4916 ergo
2958 4847 3186 4900 aliarum
3221 4847 3510 4916 virtutum,

1947 4935 2024 4990 ita
2059 4935 2223 5004 hujus
2250 4938 2414 4990 etiam
2451 4937 2648 4991 eximia
2683 4945 2848 5006 atque
2887 4939 3148 5008 praeclara
3175 4939 3342 4996 habes
3370 4941 3516 4996 indi-

1946 5009 2069 5081 cia.'
2091 5024 2290 5080 Eorqu
2324 5027 2469 5085 enim
2501 5043 2622 5097 quae
2652 5028 2717 5080 ad
2749 5029 3169 5100 eleemosynam,
3207 5043 3260 5087 et
3290 5036 3517 5089 commi-

1947 5115 2240 5172 serationis
2267 5116 2518 5171 affectum
2564 5120 2861 5188 pertinent,
2891 5120 3038 5175 hunc
3069 5137 3173 5176 non
3206 5123 3514 5180 eﬂ‘ectorem

1948 5208 2235 5271 duntaxat,
2265 5208 2361 5262 sed
2386 5216 2440 5262 et
2470 5209 2746 5265 doctorem
2769 5211 3070 5276 exstitisse,
3103 5213 3351 5268 veritatis
3377 5229 3517 5285 pra:-

1945 5299 2193 5368 scriptio,
2234 5298 2430 5368 lexque
2472 5300 2590 5369 ipsa
2621 5300 2926 5356 confirmat.
2959 5300 3094 5356 Nam
3145 5317 3268 5358 cum
3301 5319 3364 5358 ex
3394 5321 3516 5375 per-

1949 5391 2109 5454 fecta,
2141 5404 2303 5456 quam
2335 5390 2616 5461 amplexus
2639 5390 2836 5456 fuerat,
2868 5401 3208 5463 paupertate,
3246 5397 3514 5464 reliquum

1948 5479 2081 5532 nihil
2112 5479 2356 5544 haberet,
2393 5481 2537 5550 quod
2569 5483 2756 5551 egenis
2785 5482 3188 5552 impertiretur;
3216 5483 3516 5554 frequenti.

1949 5571 2049 5623 bus
2103 5578 2284 5624 tamen
2317 5571 2790 5628 cohortationibus
2825 5573 2964 5630 alios
3007 5576 3073 5630 ad
3123 5575 3515 5632 misericordia:

1947 5747 1988 5778 ¹⁸
2028 5747 2170 5803 Psal.
2205 5764 2442 5812 uuln,
2479 5748 2563 5802 15.
