1959 3102
231 167 283 195 8'59

793 153 796 157 ’
821 166 850 195 s.
871 166 1034 196 GREGORII
1052 167 1196 196 NYSSENI

1794 173 1847 200 8&0

230 229 312 257 opera
333 221 540 255 commovendo,
567 222 755 258 elecmosynas
782 224 921 258 erogabat.
951 224 1014 251 Erat

1067 234 1131 259 γων,
1146 226 1193 253 καὶ
1209 227 1263 258 τοῖς
1277 226 1396 262 μετρίοις
1417 225 1451 253 τὰ
1467 227 1559 253 δέοντα
1573 215 1700 263 χορηγῶν
1710 235 1717 242 ·
1732 227 1750 262 ἡ
1759 227 1787 254 δὲ
1801 228 1849 262 ἁγ-

229 268 331 302 quippe
348 267 435 302 ipsius
457 268 557 299 oratio,
574 268 639 296 licet
655 269 747 296 vultus
764 276 819 296 non
841 269 1015 304 conspicere-

229 318 283 345 tur,
300 319 429 348 tauquam
450 314 582 342 divinitus
607 314 756 343 fabrefacta
776 316 899 350 quaedam
919 316 1013 347 clavis,

228 360 342 387 divitum
368 360 512 388 thesauros
539 362 694 395 recludens,
713 365 740 389 et
758 361 942 396 indigentibus
965 369 1015 388 ne-

228 407 349 433 cessaria
373 406 549 441 suppeditans
562 428 569 439 ,
590 412 773 443 aspectusque
798 408 859 442 ejus
875 408 1015 443 angelicus

229 451 366 478 suliieiens
383 457 451 485 erat,
469 452 516 487 qui
539 460 587 488 per
604 460 634 480 se
652 453 755 488 absque
768 453 823 480 ulla
835 453 959 481 oratione
972 454 1015 479 in—

228 500 337 525 tuenles
359 498 441 524 etiam
457 503 579 533 agrestes
593 502 620 526 et
639 499 804 526 inhumanos
819 498 853 526 ad
868 499 1022 526 commise:

1065 270 1202 306 γελοειδὴς
1228 270 1328 306 θεωρία
1347 272 1428 307 ἤρκει
1454 272 1500 299 καὶ
1521 273 1590 307 μόνη
1613 272 1768 307 βλεπομένη
1785 273 1848 306 πρὸς

1067 314 1237 349 συμπάθειαν
1262 316 1310 342 καὶ
1335 317 1501 351 οῑκτιρμοὺς,
1514 317 1562 343 καὶ
1582 317 1646 348 τοὺς
1662 316 1733 350 ἄγαν
1748 316 1849 351 ἀμειλί-

1065 368 1145 391 κτους
1161 360 1282 394 κινῆσαι,
1299 360 1440 395 ἁπλότητι,
1461 361 1508 388 καὶ
1526 360 1675 396 ἐπιεικείᾳ,
1700 361 1747 387 καὶ
1769 361 1848 395 «om;

1067 405 1225 441 κεκραμένη
1240 405 1437 441 καλοκάγαθίᾳ.
1455 406 1510 433 Καὶ
1521 406 1563 437 τίς
1579 405 1665 437 οὕτως
1681 399 1715 441 ἦν
1731 405 1850 440 ἀναιδείᾳ

1068 451 1300 487 προ[σ]κείμενος,
1319 452 1348 483 ὃς
1364 452 1535 488 προσϐλέψας
1547 452 1637 484 αὑτὸν,
1657 452 1706 478 οὐκ
1722 451 1849 487 ἠρυθρία,

1068 497 1115 524 καί
1130 506 1188 529 πως
1206 497 1287 529 αὐτὸς
1303 497 1402 524 ἑαυτοῦ
1418 497 1601 533 κοσμιώτερος
1617 497 1735 531 ἐγεγόνει
1748 505 1756 530 ;

228 545 361 571 talionem
384 550 565 579 permoveret,
583 550 658 572 tanta
688 546 716 572 in
743 553 776 573 eo
793 545 1018 580 conspiciebatur
1041 548 1098 572 tum
1126 545 1301 580 simplicitas,
1335 549 1393 572 tum
1419 544 1609 577 mansuetudo,
1638 548 1696 571 tum
1717 544 1848 578 probitas.

227 590 378 627 Nullusque
407 592 476 619 adeo
507 593 693 628 reperiebazur
720 593 883 628 impudens,
917 593 965 627 qui
991 600 1045 619 non
1066 592 1156 627 ipsum
1181 592 1343 627 inspiciens,
1370 592 1471 620 rubore
1495 591 1613 627 quodam
1642 592 1849 627 perfunderetur

228 642 309 673 atque
325 639 502 673 verecundia,
518 648 549 666 ac
565 640 657 674 seipso
669 641 764 667 melior
775 648 829 668 non
846 640 1007 668 redderetur
1026 644 1108 675 atque
1123 640 1284 668 modestior.

262 685 296 711 Et
312 685 437 719 quamvis
456 685 494 711 ita
509 686 594 712 multa
613 686 640 712 in
656 686 707 713 hoc
723 686 782 713 viro
798 686 918 720 perfecta
934 686 1016 713 exsti-

227 731 320 761 terint,
337 738 371 757 ne
391 731 453 765 quis
466 731 501 758 ob
519 731 544 757 id
562 731 698 759 existimet
713 732 866 758 absolutam
883 731 907 758 ei
923 738 1014 758 rerum

227 777 476 805 ecclesiasticarum
503 777 624 804 defuisse
645 777 839 812 cognitionem.
858 777 926 808 Quid
943 778 1013 803 enim

228 823 277 849 otii
292 827 447 857 suppeteret
466 823 530 857 ipsi,
547 823 650 850 diceret
671 823 734 850 talis
749 822 858 857 aliquis,
877 826 904 848 ut
926 823 958 849 ad
976 826 1014 849 tot

228 869 362 895 virtutum
380 868 470 895 studia
485 868 675 895 divideretur?
688 868 760 896 Sane
775 869 885 903 quidem
903 877 956 895 non
980 868 1014 895 le-

228 915 299 941 viter
323 921 414 941 rerum
438 914 592 940 divinarum
621 913 778 949 cognitione
797 917 856 941 erat
882 914 1013 940 imbutus.

228 959 321 995 Neque
335 959 408 987 enim
427 963 539 987 eatenus
560 959 692 986 duntaxat
710 960 783 986 illam
807 959 908 993 attigit,
927 963 955 985 ut
973 959 1014 985 di-

229 1006 316 1033 cendo
331 1006 399 1032 alios
413 1005 522 1032 erudire
541 1009 654 1040 posset;
671 1004 718 1032 sed
734 1008 789 1031 tam
807 1005 916 1039 pietatis
935 1008 1016 1039 atque

229 1053 368 1087 religionis
388 1053 523 1085 instituta,
538 1060 619 1088 quam
637 1060 679 1084 ea,
698 1059 759 1087 quae
782 1052 837 1080 illis
853 1056 1015 1087 repugnant,

228 1098 341 1126 omnino
355 1103 500 1126 assecutus
515 1102 557 1125 est
571 1107 577 1125 :
602 1098 647 1125 illa
661 1098 770 1133 quidem
781 1097 815 1124 ad
827 1097 1016 1125 instruendum

230 1143 370 1178 populum,
395 1144 452 1170 luce
484 1144 517 1171 ad
547 1143 735 1178 coarguendos
761 1144 915 1171 haereticos.
942 1143 1017 1171 Bono

229 1191 330 1225 quippe
346 1190 405 1217 zelo
422 1190 448 1217 in
463 1189 524 1218 illas
548 1190 656 1224 pietatis
679 1190 807 1218 inimicas
822 1190 926 1218 bestias
945 1190 1014 1217 fere-

229 1235 319 1263 batur.
335 1234 474 1270 Siquidem
493 1242 619 1262 sermone
634 1234 763 1269 quodam,
779 1235 825 1269 qui
841 1234 913 1261 fama
933 1234 1016 1262 etiam

230 1281 403 1315 puliusquam
427 1279 537 1315 scriptis
562 1279 596 1307 ad
618 1287 669 1307 nos
693 1279 811 1312 devenit,
829 1280 901 1308 unde
926 1279 1017 1316 ipsum

229 1327 352 1355 veritatis
374 1325 607 1354 studiosissimum
630 1325 779 1357 exstitisse,
796 1325 877 1354 facile
901 1326 1017 1361 intelligi

230 1376 350 1408 poterat;
367 1372 565 1406 Apollinarium
584 1371 681 1403 levem,
696 1371 751 1398 imo
766 1372 919 1399 dementem
935 1375 1018 1405 atque

230 1420 355 1445 insanum
373 1417 557 1451 nuncupabat,
573 1417 619 1452 qui
633 1424 678 1444 res
692 1425 777 1445 novas
789 1417 916 1449 moliens,
931 1417 1017 1443 multa

230 1464 330 1498 impia,
362 1463 565 1498 Scripturaeque
594 1470 679 1490 sacrae
711 1463 884 1490 adversantia
909 1463 1017 1491 duobus

230 1509 427 1544 comprehensa
455 1509 543 1540 libris,
561 1516 576 1536 e
593 1516 644 1536 suo
660 1513 789 1536 eructans
806 1514 910 1541 ventre,
924 1509 1018 1536 admo-

230 1555 295 1581 dum
313 1555 415 1582 insulse
440 1561 472 1581 ac
495 1558 596 1581 temere
622 1555 841 1589 prol0queretur.
867 1554 930 1581 illos
950 1561 1016 1581 vero

231 1600 327 1631 libros,
342 1600 449 1626 cuidam
461 1607 541 1634 quam
555 1599 582 1626 in
602 1599 708 1627 deliciis
718 1599 850 1627 habuisse
865 1598 1013 1630 ferebatur,

231 1646 338 1674 feminae
353 1645 536 1674 asservandos
551 1646 736 1673 commiserat.
753 1645 819 1678 Quae
834 1653 896 1673 cum
917 1652 1016 1680 magno

230 1691 416 1719 innotuissent
441 1691 577 1726 Eplirzem,
598 1691 656 1725 ipse
679 1690 802 1726 ejusdem
825 1699 855 1718 se
878 1690 1016 1725 opinionis

230 1745 291 1765 esse
311 1737 480 1772 conﬁngens,
501 1737 641 1768 feminam,
658 1745 718 1771 qua:
734 1737 819 1764 libros
833 1737 901 1765 istos
925 1736 1016 1772 profa-

231 1790 282 1810 nos
298 1782 481 1814 custodiebat,
499 1782 586 1816 adiit;
605 1786 632 1810 et
646 1782 680 1809 de
695 1790 734 1815 se,
750 1783 813 1817 quis
828 1783 873 1815 sit,
894 1788 921 1810 et
933 1790 1014 1817 quam

231 1829 319 1855 fausta
340 1832 367 1855 et
383 1836 414 1855 ex
436 1835 528 1855 eremo
547 1827 654 1858 afferat,
674 1827 810 1862 patefecit,
832 1827 1016 1861 nonnullaque

231 1873 301 1900 forte
315 1873 342 1900 id
357 1880 442 1907 genus
454 1872 506 1899 alia
521 1872 665 1907 adjiciens.
677 1871 797 1899 Tandem
810 1877 897 1907 rogat,
911 1876 939 1899 ut
950 1879 1016 1907 pra:-

230 1918 350 1952 ccptoris
365 1917 416 1944 sibi
432 1918 535 1952 scripta
556 1918 671 1952 publica:
691 1917 816 1945 utilitatis
838 1925 921 1945 causa
936 1918 1014 1945 exhi-

230 1963 302 1995 beat,
321 1967 350 1989 ut
373 1963 451 1990 nobis
467 1963 582 1995 scilicet,
604 1971 674 1998 quos
692 1968 757 1990 tunc
777 1963 920 1991 haereticos
935 1971 1015 1990 voca-

229 2007 286 2039 bat,
312 2014 464 2042 repugnare
482 2008 655 2034 commodius
682 2012 784 2042 posset.
809 2007 916 2041 Quibus
936 2014 1014 2043 capta

230 2050 321 2078 verbis
345 2049 456 2080 femina,
474 2058 591 2085 eulnque
612 2059 644 2078 ex
668 2052 722 2078 illis
739 2060 833 2084 unum,
851 2054 896 2088 qui
913 2053 1015 2087 Apolli-

230 2096 300 2122 nalii
322 2095 488 2123 sustinerent
504 2101 604 2130 partes,
629 2101 757 2131 reputans
781 2098 865 2126 libros
887 2100 1014 2133 praebuit,

230 2149 278 2169 eos
292 2147 381 2168 tamen
400 2141 452 2168 sibi
473 2142 597 2169 celeriter
616 2143 724 2170 restitui
746 2144 905 2178 deprecans.
930 2144 1015 2172 Caete-

230 2194 291 2214 rum
301 2195 415 2222 magnus
425 2187 569 2221 hicJacob,
579 2188 730 2216 dementem
741 2190 919 2224 supplautans
929 2191 1014 2221 Esau.

230 2240 262 2259 ac
281 2232 414 2268 ﬂagitiosa
437 2234 483 2260 illa
508 2235 689 2270 primogenita
714 2237 835 2270 rapiens,
865 2236 1014 2270 prudenter

230 2279 383 2314 oppressit;
405 2287 466 2306 nam
486 2280 569 2313 piscis
591 2281 696 2315 glutino
718 2289 814 2309 omnes
840 2282 959 2313 illinens,
976 2282 1012 2309 ita

231 2325 326 2352 folium
342 2326 407 2352 folio
428 2326 586 2358 connexuit,
603 2331 632 2353 ut
646 2335 708 2353 cum
730 2335 793 2362 pars
812 2335 865 2355 una
877 2328 912 2355 ab
928 2328 1013 2355 altera

229 2371 265 2398 ob
283 2371 386 2398 firmam
403 2371 624 2405 coniunctionem
645 2372 723 2406 plane
746 2374 851 2408 sejungi
875 2373 1011 2408 nequiret,

230 2416 258 2444 in
275 2425 354 2444 unam
371 2417 448 2452 quasi
469 2418 590 2445 tabulam
608 2418 706 2453 singuli
724 2418 785 2445 libri
798 2423 960 2454 apparerent
969 2427 1013 2447 re-

230 2461 313 2489 dacti.
326 2462 424 2497 SiCque
442 2470 490 2490 eos
514 2464 632 2495 mulieri,
649 2472 664 2490 a
681 2471 734 2498 qua
748 2464 919 2491 commodata
938 2472 1014 2492 acce-

230 2511 317 2541 perat,
332 2508 448 2535 reddidit
462 2518 468 2535 :
484 2516 544 2543 qua:
558 2508 667 2543 quidem
682 2509 791 2535 artificii
813 2509 958 2543 ejusmodi,
973 2512 1012 2538 uti

1103 687 1181 721 Τάχα
1192 687 1282 713 τοίνυν
1311 685 1437 712 τοσοῦτόν
1448 694 1490 717 τις
1506 684 1607 720 πλῆθος
1625 684 1745 715 ἀκούσας
1757 692 1851 720 κατορ-

1068 732 1211 765 θωμάτων,
1224 731 1294 763 δόξει
1309 731 1346 762 ὡς
1358 731 1407 757 οὑκ
1421 731 1449 757 ὲν
1463 730 1539 765 βάθει
1552 730 1606 757 τῶν
1621 730 1850 765 ὲκκλησιαστικῶν

1068 778 1190 813 ἐχώρησε
1209 777 1351 812 δογμάτων
1366 778 1380 803 ὸ
1397 776 1467 808 θεῖος
1490 774 1567 808 οὗτος
1595 777 1674 812 ἀνὴρ.
1695 777 1780 804 Ποίαν
1799 778 1849 812 γὰρ

1067 822 1123 859 εἶχε
1142 823 1249 858 σχολὴν,
1261 822 1344 857 φαίην
1365 823 1407 854 ἂν,
1426 823 1440 848 ὀ
1461 822 1590 855 τοιοῦτος,
1607 822 1753 854 τοσαύταις
1776 831 1851 858 μερι-

1067 870 1179 904 ζόμενος
1202 868 1327 903 ἀρεταίς;
1355 867 1401 903 Τῷ
1427 867 1453 893 δὲ
1477 868 1526 894 οὐκ
1546 868 1695 900 ἐπεπόλαζε
1707 868 1764 895 τῶν
1774 869 1850 896 Θείων

1065 915 1206 950 δογμάτων
1226 915 1241 950 ἡ
1268 914 1375 948 γνῶσις.
1391 913 1430 940 Οὐ
1445 914 1500 949 γὰρ
1514 914 1575 940 ὅσον
1599 915 1684 941 εἰπεῖν
1697 915 1744 941 καὶ
1758 924 1850 950 παραι-

1066 962 1140 987 νὲσαι
1156 962 1211 991 τοῖς
1228 959 1326 992 ἄλλοις,
1342 959 1442 994 ταύτην
1462 959 1574 995 μετῄει·
1588 960 1644 986 ἀλλ’
1657 960 1741 995 ἄμφω
1763 961 1849 993 καλῶς

1066 1004 1224 1040 ἐπαιδεύθη,
1233 1005 1269 1032 τά
1278 1014 1307 1032 τε
1319 1005 1442 1041 δόγματα
1451 1006 1499 1040 τῆς
1516 1005 1679 1041 Ἐκκλησίας
1691 1006 1772 1037 αὐτὰ,
1780 1007 1814 1033 τά
1823 1015 1848 1032 τε

1065 1050 1170 1082 τούτοις
1185 1050 1333 1085 ἀντιλέγειν
1344 1051 1541 1086 ὲπιχειροῦντω
1556 1051 1590 1077 τὰ
1607 1051 1666 1086 μὲν,
1683 1052 1745 1079 ὅσον
1757 1052 1846 1087 ἐπιτηο

1066 1095 1155 1122 δεύσει
1187 1095 1296 1131 μαθών·
1323 1095 1359 1123 τὰ
1380 1096 1408 1123 δὲ
1431 1096 1499 1131 πρὸς
1513 1096 1620 1132 ἔλεγχον
1630 1097 1684 1124 τῶν
1696 1097 1845 1133 αἱρετικῶν.

1066 1141 1151 1176 Ζῆλος
1166 1141 1220 1178 γὰρ
1232 1142 1312 1169 αὑτὸν
1325 1142 1396 1170 κατά
1406 1142 1461 1169 τῶν
1470 1142 1519 1178 τῆς
1534 1142 1695 1178 Ἐκκλησίας
1708 1143 1792 1169 ἐκίνει
1805 1143 1849 1177 θη⁸

1068 1188 1144 1224 ρῶνη
1158 1188 1217 1215 ὅθεν
1231 1189 1277 1215 καὶ
1293 1189 1332 1221 εἰς
1343 1189 1418 1224 ἡμᾶς
1429 1188 1529 1223 ἔφθασέ
1538 1197 1568 1215 τε
1579 1197 1620 1219 τις
1628 1189 1751 1223 ἄγραφος
1764 1188 1846 1222 λόγος,

1066 1234 1111 1261 τὸν
1125 1234 1193 1270 πρὸς
1215 1236 1249 1270 τῇ
1268 1234 1379 1269 ἀληθείᾳ
1398 1234 1493 1261 τούτου
1509 1234 1587 1270 ζῆλον
1598 1235 1663 1269 ἡμῖν
1681 1234 1847 1266 ἀποδεικνὺς,

1067 1280 1136 1315 ἔχων
1152 1279 1247 1312 οὓτως,
1262 1280 1299 1312 ὡς
1312 1281 1326 1307 δ
1338 1280 1494 1315 κουφόνους,
1513 1280 1612 1316 μᾶλλον
1635 1280 1714 1312 ἄνους
1731 1280 1777 1307 καὶ
1792 1280 1849 1306 ἀλο-

1066 1334 1114 1360 γος
1135 1325 1330 1362 Ἀπολινάριος,
1353 1326 1438 1353 πολλὰ
1458 1326 1657 1361 καινοτομήσας
1672 1326 1719 1352 καὶ
1732 1325 1785 1352 ἀπὸ
1800 1334 1850 1351 κοι-

1066 1372 1126 1403 λίας
1140 1371 1329 1408 ἐρευξάμενος,
1345 1372 1435 1399 ἄδικον
1445 1372 1494 1407 τῆς
1504 1372 1643 1404 εὐσεϐείας
1652 1371 1762 1406 Γραφὴν
1776 1372 1849 1406 ὲσχε-

1066 1417 1167 1449 δίασεν,
1187 1419 1215 1445 ἐν
1236 1418 1296 1445 δυσὶ
1318 1418 1429 1454 βιϐλίοις
1456 1418 1558 1453 ταύτην
1576 1417 1716 1450 συντάξας.
1737 1417 1850 1452 Ἐνεχεί-

1068 1472 1126 1500 ρισε
1138 1464 1166 1491 δὲ
1175 1464 1275 1496 ταύτας
1286 1464 1354 1499 πρὸς
1372 1463 1495 1499 φυλακὴν
1507 1463 1552 1490 καί
1568 1472 1633 1495 τινι,
1644 1465 1677 1499 τῇ
1689 1463 1737 1495 τὰς
1750 1463 1850 1490 ἐκείνου

1066 1507 1174 1541 ἡδονὰς,
1191 1506 1230 1539 ὡς
1254 1507 1403 1542 ἐφημίσθη,
1426 1506 1624 1543 θεραπευούσῃ.
1646 1506 1690 1538 Ὧς
1702 1506 1730 1532 δὲ
1744 1505 1781 1540 τῷ
1796 1507 1850 1532 Hs-

1029 1568 1050 1598 c
1068 1553 1143 1598 γάλῳ
1156 1552 1420 1598 τὰτῆςσυγγραφῆς
1433 1552 1595 1598 εγνωρίσθη,
1607 1552 1656 1586 τῆς
1668 1551 1852 1586 ὲκείνουδόξης

1067 1597 1160 1631 σχῆμα
1173 1596 1345 1631 πλασάμενος
1363 1598 1377 1624 ὁ
1391 1597 1483 1631 σοφὸς,
1497 1597 1679 1632 προσέρχεται
1693 1598 1727 1632 τῇ
1742 1597 1851 1631 γυναικὶ

1065 1643 1099 1677 τῇ
1111 1641 1160 1673 τὰς
1171 1641 1278 1676 βίϐλους
1291 1642 1461 1677 φυλαττούσῃ
1480 1642 1529 1674 τὰς
1544 1642 1684 1678 βεϐήλους,
1704 1642 1851 1677 ἀναγνωρι-

1066 1686 1189 1722 ζόμενος,
1207 1687 1254 1714 καὶ
1268 1688 1392 1722 εὐλογίας
1411 1689 1480 1724 αὐτῇ
1500 1688 1538 1720 ὡς
1550 1688 1605 1716 ἀπὺ
1623 1689 1673 1723 τῆς
1688 1689 1790 1724 ἐρήμου
1804 1697 1850 1715 κο-

1067 1733 1164 1768 μίζων,
1175 1732 1246 1768 τάχα
1258 1733 1287 1760 δὲ
1302 1734 1350 1760 καὶ
1364 1734 1447 1769 ἕτερά
1460 1743 1520 1761 τινα
1535 1734 1740 1769 τεχναζόμενος.
1758 1734 1853 1761 Ὕστε-

1067 1786 1113 1814 ρον
1127 1776 1173 1805 οὖν
1200 1779 1315 1805 ἱκετεύει
1340 1779 1451 1814 δοθῆναι
1465 1779 1539 1815 αὐτῷ
1560 1780 1641 1815 χάριν
1659 1780 1799 1813 ὠφελείας,
1813 1780 1852 1811 ὡς

1066 1823 1152 1858 ἔλεγε,
1168 1823 1203 1850 τὰ
1216 1824 1262 1851 τοῦ
1288 1825 1446 1852 διδασκάλου
1463 1825 1676 1860 συγγράμματα,
1691 1826 1729 1859 ὠς
1745 1825 1777 1852 ἂν
1796 1826 1853 1856 τοῖς

1065 1871 1220 1905 αίρετικοῖς,
1233 1871 1307 1906 ἡμᾶς
1326 1870 1397 1897 οὕτω
1412 1870 1490 1906 δῆθεν
1497 1871 1651 1902 ἀποκαλῶν,
1663 1870 1852 1906 ἀντιφέρεσθαι

1065 1916 1188 1947 εὐπετῶς
1200 1916 1266 1951 έχοι.
1283 1916 1317 1942 ’Π
1328 1916 1356 1942 δὲ
1367 1916 1413 1943 τὸν
1427 1915 1489 1942 νοῦν
1502 1916 1552 1943 οὐκ
1560 1917 1795 1953 ἑμφω[τισ]θεῖοα,
1804 1917 1854 1943 καὶ

1064 1962 1119 1989 τῶν
1129 1962 1179 1997 τῆς
1195 1962 1382 1998 Ἀπολιναρίου
1396 1962 1549 1998 συμμορίας
1559 1963 1606 1989 καὶ
1615 1962 1709 1989 τοῦτον
1721 1960 1789 1989 εἶναι
1803 1970 1854 1995 φε-

1064 2008 1233 2040 νακισθεῖσα.
1243 2009 1292 2039 τὰς
1303 2008 1409 2044 βίϐλους
1420 2009 1581 2044 παρέσχετο,
1592 2009 1703 2044 ταχινὴν
1713 2007 1854 2041 ἀξιώσασα

1065 2054 1114 2090 τὴν
1125 2054 1226 2081 τούτων
1242 2054 1370 2088 γενέσθαι
1393 2054 1575 2090 ἀποστροφήν.
1591 2053 1620 2081 '0
1630 2054 1657 2080 δὲ
1672 2054 1756 2089 μέγας
1772 2051 1854 2084 οὗτος

1072 2101 1179 2132 Ἰακὼϐ,
1195 2100 1239 2127 τδν
1255 2101 1366 2136 βέϐηλον
1380 2100 1628 2136 πτερνίσαςἭσαῦ,
1641 2101 1685 2127 καὶ
1699 2099 1732 2126 τά
1743 2099 1854 2135 πονηρά

1065 2147 1225 2182 πρωτότοκα
1247 2146 1302 2173 τῶν
1329 2146 1423 2173 τούτου
1454 2147 1596 2182 νοημάτων
1628 2144 1730 2177 λαϐὼν,
1759 2146 1853 2179 σοφῶς

1065 2190 1202 2228 ὑπεξῆλθε
1213 2202 1221 2208 ·
1235 2192 1332 2227 φύλλον
1345 2193 1399 2229 γὰρ
1415 2192 1506 2227 φύλλῳ
1521 2191 1704 2228 προσπτύξας,
1717 2191 1807 2226 ἰχθύος
1821 2200 1851 2217 τε

1066 2238 1148 2274 κόλλῃ
1163 2238 1193 2264 τὸ
1210 2239 1262 2265 πᾶν
1275 2238 1454 2273 καταχρίσας,
1469 2238 1507 2270 ὡς
1520 2237 1548 2265 ἓν
1566 2238 1680 2264 πυκτίον
1694 2237 1723 2264 τὸ
1738 2237 1791 2263 πᾶν
1803 2236 1851 2271 τῆς

1066 2283 1157 2319 βίϐλου
1172 2284 1382 2319 κατειργάσατο,
1393 2284 1506 2320 θάτερον
1522 2286 1602 2320 μέρος
1612 2283 1726 2319 θατέρου
1739 2283 1851 2310 διασπα-

1067 2330 1162 2364 σθῆναι
1170 2330 1222 2356 ὑπὸ
1234 2330 1280 2356 τοῦ
1290 2330 1404 2366 σφοδροῦ
1413 2330 1560 2366 συνδέσμου
1571 2330 1609 2365 μὴ
1618 2329 1848 2364 συγχωρούμενον.

1066 2374 1158 2407 Οὕτως
1170 2376 1229 2406 ταῖς
1249 2375 1309 2402 δυσὶ
1325 2376 1523 2411 τεχνασάμενος
1538 2375 1638 2410 βίϐλοις
1648 2395 1655 2406 ,
1675 2377 1708 2410 τῇ
1727 2375 1850 2410 χρησάσῃ

1067 2421 1147 2447 πάλιν
1171 2421 1378 2448 ἀνταπέδωκεν·
1402 2422 1431 2457 ἢ,
1457 2420 1502 2448 οἷα
1527 2422 1606 2457 γυνὴ.
1623 2421 1740 2448 καὶτῶν
1763 2420 1848 2455 σοφῶν

1065 2467 1177 2501 ἄπειρος
1192 2467 1345 2502 νοημάτων,
1358 2467 1408 2503 τὴν
1433 2467 1563 2503 πρόσοψιν
1577 2467 1679 2493 τούτων
1695 2466 1769 2493 σώαν
1789 2466 1847 2492 θεα-

1066 2512 1180 2547 σαμένη,
1197 2512 1317 2548 περὶτοῦ
1338 2512 1435 2548 βάθους
1449 2513 1499 2539 οὐκ
1511 2513 1733 2548 ἡκριϐολόγησεν.

230 2553 337 2585 mulier,
352 2553 526 2588 ignara,cum
544 2554 659 2582 formam
677 2555 835 2583 eorumdem
849 2557 1012 2585 exteriorem
1044 2559 1146 2586 salvam
1165 2563 1302 2592 cerneret,
1327 2560 1394 2595 quid
1420 2559 1588 2588 intrinsecus
1619 2563 1714 2593 esset,
1733 2558 1844 2593 diligen-

231 2599 285 2626 tius
301 2599 436 2634 inspicere
452 2601 579 2635 neglexit.

267 2643 329 2670 Dles
342 2652 406 2671 vero
416 2645 487 2671 haud
504 2638 540 2672 ita
552 2645 629 2672 multi
642 2646 727 2680 elapsi
743 2650 831 2679 erant,
848 2654 911 2675 cum
922 2649 1015 2676 ortho-

230 2688 311 2716 doris
325 2689 489 2724 quibusdam
507 2690 595 2718 defert
613 2695 727 2719 sanctus
746 2699 843 2726 senex,
864 2699 894 2721 ut
913 2694 1016 2729 Apolli-

230 2732 337 2758 narium
361 2733 495 2765 accirent,
511 2738 538 2761 et
552 2742 615 2762 cum
634 2742 667 2763 eo
686 2743 829 2765 sermones
846 2738 1012 2767 conferrent.

230 2775 259 2804 In
271 2777 404 2811 judicium
425 2779 518 2814 itaque
534 2785 657 2814 vocatus,
681 2781 771 2817 impiis
787 2783 842 2811 illis
866 2784 942 2813 libris
960 2785 1015 2812 fre-

270 2868 292 2884 ¹⁹
308 2867 375 2897 Gen.
390 2879 451 2903 xxv,
469 2872 615 2905 25;xnu,
640 2872 647 2898 l
664 2881 724 2906 sqq.

1105 2647 1231 2683 Ἠμερῶν
1243 2648 1270 2673 δὲ
1290 2648 1320 2674 οὐ
1335 2648 1406 2675 πάνυ
1423 2647 1528 2683 συχνῶν
1541 2647 1713 2679 διελθουσῶν,
1730 2648 1786 2675 τισὶ
1797 2647 1844 2674 τῶν

1063 2693 1209 2729 όρθοδόξων
1227 2693 1387 2729 ὑποτίθησιν
1401 2694 1415 2721 ὸ
1428 2693 1499 2725 θεῖος
1513 2693 1668 2729 πρεσϐύτης
1680 2713 1688 2725 ,
1701 2694 1749 2722 τὸν
1766 2693 1844 2726 ἀσεϐῆ

1063 2739 1175 2766 καλέσαι
1195 2739 1379 2775 ’Λπολινάριον
1392 2740 1593 2776 διαλεξόμενον.
1611 2741 1639 2767 '0
1652 2740 1679 2767 δὲ
1699 2741 1750 2776 τὴν
1766 2740 1846 2775 πρόσ-

1064 2784 1159 2820 κλησιν
1179 2784 1339 2820 δεξάμενος,
1362 2787 1409 2813 καὶ
1440 2787 1500 2818 ταῖς
1523 2786 1614 2819 ἀθέοις
1642 2787 1726 2814 αὺτοῦ
1749 2787 1847 2823 βίϐλοις
