3918 6204
252 452 353 511 841

1279 445 1369 501 ΒΕ
1403 445 1565 504 VlTA
1607 442 1664 501 S.
1706 438 1960 497 PATRIS
1998 436 2300 496 EPIIR.~E.\I
2338 438 2519 495 SYRI.

3400 435 3507 496 8&2

254 560 496 638 θαρρῶν,
527 562 607 628 είς
637 561 735 635 τὴν
766 560 958 635 κυρίαν
987 562 1266 633 ἀπήντησε
1297 602 1314 628 ,
1360 564 1454 616 καὶ
1490 560 1833 628 διαλέγεσθαι

1952 566 2050 622 ius,
2081 555 2148 611 ad
2201 563 2403 610 statum
2430 554 2572 610 diem
2607 545 2773 617 venit,
2813 568 2876 608 ac
2918 555 3102 611 dicere
3142 555 3361 626 quidem
3407 574 3508 630 pro

256 656 358 730 μὲν
396 654 563 719 αὐτὸς
591 656 667 719 ὡς
702 656 852 727 γήρα
880 654 1199 726 τρυχωθείς,
1239 655 1558 725 ἀπηνήνατο
1579 669 1592 683 ·
1626 652 1723 716 τὰς
1748 653 1827 704 oi-

256 747 415 811 κείας
461 747 682 818 βίϐλους
735 747 1207 819 προκομισθῆναι,
1242 746 1337 800 καὶ
1375 746 1442 799 δι’
1479 745 1659 799 αὐτῶν
1695 746 1834 799 ἀπο-

255 843 543 913 κρίνασθαι
578 839 674 894 καὶ
729 839 1034 908 ἀντιλέγειν
1065 839 1241 909 ἠξίου.
1284 840 1372 902 Ὠς
1419 833 1513 891 οὖν
1554 840 1603 890 οί
1642 836 1833 890 τούτου

257 931 575 1004 συμμύσται
618 932 718 995 τὰς
752 931 967 1002 βίϐλους
1004 932 1288 1002 ἐκόμισαν,
1330 931 1579 1002 μεγάλως
1612 929 1697 982 ἐπ’
1737 929 1834 981 αὐ-

255 1026 376 1085 ταίς
422 1021 840 1093 βρενθυόμενοι·
873 1019 1052 1074 λαϐὼν
1089 1022 1293 1085 ἐκεῖνος
1324 1023 1352 1073 6
1384 1016 1836 1086 πεπαλαιωμένος

258 1114 445 1169 κακῶν
471 1113 695 1186 ἡμερῶν
726 1114 825 1183 τῆς
852 1112 1065 1175 ἀδικίας
1090 1112 1302 1183 κριτὴς,
1334 1110 1431 1181 τὴν
1474 1110 1602 1180 μίαν
1639 1107 1835 1177 βίϐλων

255 1204 565 1269 ἀναπτύξαι
597 1204 892 1275 ἐπεχείρει.
937 1204 1027 1266 Ὠς
1069 1203 1127 1256 δὲ
1157 1203 1258 1255 οὐκ
1292 1200 1523 1256 ἐνεδίδου
1561 1203 1628 1270 τῇ
1672 1199 1835 1269 κόλλῃ

257 1297 567 1361 πιεσθεῖσα,
590 1297 718 1366 περὶ
738 1294 800 1348 τὸ
829 1294 992 1366 μέσον
1022 1291 1225 1365 ταύτης
1241 1293 1339 1365 τὴν
1362 1292 1536 1364 ὁρμὴν
1565 1293 1797 1345 ἐποιεῖτο
1819 1306 1831 1317 ·

258 1390 295 1461 ἡ
321 1388 380 1444 δέ
409 1385 613 1458 ὁμοίως
644 1380 714 1457 ἢν
752 1385 1159 1456 ἀνεπτυγμένη.
1203 1386 1291 1447 Ὦς
1326 1383 1457 1452 γοῦν
1481 1383 1580 1452 τῆς
1613 1381 1836 1452 πρώτης

258 1477 583 1552 ἠστόχησεν,
609 1477 706 1532 ἐπὶ
728 1477 828 1547 τὴν
853 1476 1113 1548 δευτέραν
1139 1475 1323 1529 λοιπὸν
1356 1473 1624 1544 ἐχώρησε,
1651 1473 1743 1525 καί
1773 1470 1837 1541 δὴ

259 1572 356 1626 καὶ
387 1569 559 1641 αὐτὴν
598 1568 727 1639 ὃλην
770 1567 1079 1639 ἀδιαίρετον
1124 1566 1220 1620 καὶ
1262 1565 1484 1626 πάντως
1513 1563 1838 1617 ἀνύπεικτον

261 1659 516 1726 κατιδὼν,
554 1660 623 1731 τῇ
655 1659 754 1730 μὲν
776 1657 1006 1729 αἰσχύνη
1037 1656 1101 1712 τὸ
1127 1655 1420 1729 πρόσωπον
1445 1652 1740 1725 ὴλλοιιίιθη·
1772 1655 1835 1723 τῇ

259 1750 468 1824 ἀπορίᾳ
509 1745 567 1804 δέ
589 1790 605 1815 ,
632 1749 734 1820 τὴν
761 1747 938 1819 ψυχὴν
979 1746 1275 1817 ἐξεπλάγη,
1305 1746 1401 1799 καὶ
1432 1744 1524 1798 τοῦ
1563 1741 1837 1813 συνεδρίου

263 1842 552 1918 χωρισθεὶς
582 1842 613 1894 ὅ
641 1840 936 1921 παραπλῂξ
978 1838 1187 1911 ἀθυμίᾳ
1229 1839 1323 1892 καὶ
1351 1837 1492 1907 νόσῳ
1514 1875 1530 1898 ,
1574 1835 1664 1889 καὶ
1686 1833 1840 1896 τέλος

263 1934 482 2007 θανάτῳ
518 1934 882 2004 προσήγγισε,
916 1932 1017 2004 τὴν
1051 1930 1207 2002 ὓϐριν
1232 1930 1333 1983 οὐκ
1362 1926 1621 1996 ἐνεγκὼν.

1936 660 2015 708 se,
2056 644 2203 714 quod
2245 645 2396 713 gravi
2430 644 2542 713 jam
2584 651 2921 713 premeretur
2957 646 3131 708 senio,
3164 647 3379 713 renuit;
3408 662 3507 717 po-

1937 736 2274 805 stulavitque
2302 735 2426 790 ideo
2465 735 2570 791 sibi
2609 735 2839 804 proferri
2867 736 3055 800 libros,
3089 747 3151 792 ιιι
3175 753 3241 793 ex
3281 739 3391 794 illis
3415 755 3506 795 re-

1937 829 2207 899 spondere
2254 834 2474 896 posset,
2520 837 2682 895 atque
2736 828 3134 883 contradicere.
3192 830 3329 884 Cum
3377 846 3509 901 ergo

1940 921 2106 975 istius
2143 919 2408 974 delatoris
2464 919 2599 973 socii
2641 918 2935 974 frementes
2968 919 3021 973 in
3061 919 3299 974 medium
3337 921 3508 976 libros

1939 1010 2351 1081 produxissent,
2392 1009 2729 1064 inveteratus
2760 1011 2848 1065 ille
2884 1010 3094 1075 dierum
3128 1013 3395 1066 malorum
3425 1014 3511 1067 in-

1934 1103 2167 1172 justitire
2194 1101 2383 1171 iudex,
2416 1116 2584 1154 unum
2615 1115 2680 1154 ex
2708 1102 2776 1155 iis
2803 1102 2861 1155 in
2882 1117 3077 1157 manus
3108 1118 3352 1169 sumens,
3386 1118 3510 1172 ape-

1938 1195 2050 1248 rire
2102 1203 2265 1263 atque.
2301 1192 2573 1261 explicare
2614 1192 2910 1246 nitebatur.
2954 1191 3058 1248 Sed
3104 1194 3249 1265 quod
3300 1195 3511 1264 glutino

1941 1292 2140 1338 unctus
2173 1299 2282 1338 non
2328 1283 2564 1349 cederet,
2599 1284 2664 1337 ad
2706 1293 2916 1354 partem
2954 1284 3074 1353 ejus
3105 1285 3336 1339 mediam
3380 1301 3512 1356 ape-

1942 1375 2189 1429 riendam
2225 1382 2310 1430 est
2344 1388 2667 1443 aggressus;
2701 1389 2931 1445 eamque
2962 1377 3134 1446 ipsam
3160 1376 3349 1431 eodem
3382 1392 3513 1431 conn

1943 1467 2267 1537 glutinatam
2306 1468 2471 1521 modo
2514 1468 2740 1521 invenit.
2773 1465 2956 1533 Quare
2991 1484 3089 1523 sua
3115 1469 3204 1522 illa
3239 1480 3304 1525 ex
3332 1469 3514 1539 priore

1940 1558 2085 1612 libro
2115 1557 2417 1613 frustratus
2446 1573 2563 1629 spe,
2601 1559 2668 1613 ad
2714 1560 2944 1614 alterum
2977 1576 3036 1616 se
3067 1561 3319 1626 contulit,
3349 1576 3510 1631 quem

1944 1651 2160 1720 quidem
2206 1656 2380 1704 totum
2423 1650 2498 1704 ita
2548 1651 2780 1706 ﬁrmiter
2814 1665 3122 1707 connexum
3169 1668 3424 1718 cernens,
3457 1667 3517 1707 ιιι

1944 1759 2175 1813 prorsus
2208 1744 2469 1813 explicari
2506 1745 2791 1815 nequiret,
2820 1754 2974 1802 tanto
3003 1748 3200 1803 rubore
3229 1756 3391 1818 atque
3414 1762 3516 1818 pu-

1946 1834 2080 1890 dore
2107 1835 2353 1892 sun‘usus
2381 1844 2485 1900 est,
2520 1839 2814 1908 animoque
2843 1854 3016 1909 usque
3052 1840 3189 1895 adeo
3228 1841 3515 1911 perturba-

1865 1922 1907 1978 B
1939 1931 2051 1989 tus,
2085 1934 2144 1979 ut
2181 1940 2251 1980 ex
2287 1940 2354 1982 eo
2379 1941 2642 1983 consessu
2672 1929 2882 1995 abiens,
2916 1931 3074 2000 quasi
3115 1932 3315 1987 mentis
3354 1940 3518 2002 atque

263 2027 483 2084 consilii
513 2025 699 2097 inops,
730 2037 786 2081 et
804 2025 1172 2085 exanimatus.
1202 2022 1527 2078 inmorbum
1556 2019 1847 2090 prolapsus
1883 2016 1977 2080 sit,
2016 2019 2272 2090 illamque
2300 2020 2614 2091 ignominiae
2641 2029 2827 2078 notam
2866 2022 2941 2077 ita
2992 2038 3134 2095 aegre
3176 2038 3241 2079 ac
3290 2026 3519 2082 moleste

266 2123 416 2188 tulit,
440 2130 501 2177 ut
535 2136 727 2192 parum
763 2121 1055 2177 admodum
1095 2119 1353 2184 abfuerit,
1383 2118 1515 2188 quin
1550 2125 1664 2170 tum
1696 2124 1925 2170 mortem
1950 2115 2147 2171 obiret.

336 2212 595 2277 Τοιοῦτος
627 2208 698 2285 ἦν
738 2214 834 2266 καὶ
866 2213 1005 2285 πρὸς
1048 2212 1141 2266 τὸν
1172 2212 1271 2282 τῆς
1309 2209 1591 2272 εὐσεϐείας
1619 2206 1779 2277 ζῆλον
1811 2208 1840 2260 6

267 2299 443 2371 μέγας
491 2299 675 2374 πατὴρ
709 2300 870 2371 ἡμῶν
930 2300 1025 2355 καὶ
1072 2299 1390 2364 διδάσκαλος
1439 2298 1679 2369 Ἐφραῖμ
1711 2314 1726 2329 ι
1785 2298 1843 2350 ἐν

262 2392 449 2457 ἀλλοις
474 2393 573 2463 μὲν
611 2393 674 2445 τὸ
704 2393 884 2465 πρᾶον
911 2393 1007 2446 καὶ
1037 2393 1278 2455 ἐπιεικὲς
1305 2390 1730 2459 ἐνδεικνύμενος,
1753 2387 1842 2441 ὅτε

267 2486 344 2556 μὴ
377 2484 542 2555 χρεία
576 2482 805 2554 πολέμου
833 2498 848 2513 ⁸
883 2485 941 2537 ἐν
975 2483 1157 2546 ἀλλοις
1191 2482 1249 2536 δέ
1292 2481 1353 2535 τὸ
1380 2480 1581 2550 στῦφον
1618 2480 1713 2533 καὶ
1743 2478 1841 2533 αύ-

264 2577 487 2647 στηρὸν,
537 2576 629 2629 ὅτε
669 2575 904 2645 μάλιστα
943 2576 1073 2646 περὶ
1115 2576 1214 2646 τὴν
1258 2576 1439 2626 πίστιν
1492 2574 1521 2625 ὁ
1561 2570 1840 2633 κίνδυνος,

262 2665 445 2720 πάντα
478 2681 661 2735 σοφως
691 2664 1114 2737 μετερχόμενος,
1155 2665 1252 2718 καὶ
1276 2662 1351 2727 ὡς
1376 2665 1406 2715 6
1430 2661 1622 2733 καιρὸς
1650 2660 1837 2713 ἐδεῖτο.

263 2758 379 2812 Καὶ
405 2758 516 2828 γὰρ
550 2758 647 2811 καὶ
687 2756 848 2811 τοῦτο
873 2756 983 2810 τῶν
1018 2756 1228 2810 πολλῶν
1260 2754 1425 2809 αὐτοῦ
1459 2752 1720 2825 νηστειῶν
1749 2753 1843 2805 καί.

263 2846 540 2917 δακρύων,
574 2848 667 2901 καί
690 2847 1127 2901 ἀκαταπαύστων
1147 2848 1246 2901 οὐκ
1267 2846 1485 2899 ἔλαττον
1507 2842 1840 2916 προσευχῶν·

260 2939 291 2991 6
349 2936 493 2990 κατά
536 2935 670 2991 Θεὸν
717 2937 861 3007 λέγω
908 2936 1102 3008 ζῆλος,
1155 2938 1354 3008 μᾶλλον
1412 2937 1469 2990 δὲ
1492 2979 1507 3003 ,
1566 2937 1659 2993 καὶ
1704 2937 1845 3007 ὑπὲρ

262 3031 450 3083 ἐκεῖνα
469 3045 484 3061 ο
510 3029 636 3084 ὅσον
662 3030 802 3085 αὐτά
833 3030 932 3102 μὲν
953 3031 1035 3094 είς
1066 3029 1226 3101 μόνον
1259 3030 1349 3084 τὸν
1390 3028 1662 3101 δράσαντα
1683 3045 1845 3102 περι-

268 3120 449 3193 ορίζει
482 3120 580 3193 τὴν
625 3121 815 3192 δνησιν
839 3137 855 3154 ·
908 3123 1084 3176 ἐκεῖνο
1105 3121 1162 3176 δέ
1194 3121 1331 3192 πρὸς
1363 3121 1546 3192 κοινὴν
1580 3120 1844 3176 διαϐαίνει
1871 3115 1915 3172 C

260 3211 556 3283 ὠφέλειαν.
606 3210 824 3284 Ἐπειδὴ
851 3211 943 3266 τδν
972 3211 1137 3267 καλὸν
1166 3210 1436 3285 θηρευτὴν
1460 3215 1489 3266 6
1514 3212 1721 3283 ἀληθὴς
1756 3212 1842 3265 λό-

259 3320 364 3374 γος
386 3303 524 3375 πρὸς
549 3303 618 3359 τά
642 3304 855 3375 μάχιμα
883 3303 1164 3375 δοκιμάζει
1193 3302 1377 3374 θηρία,
1403 3304 1491 3356 καὶ
1518 3303 1610 3356 τὸν
1643 3301 1847 3371 ἀγαθὸν

261 3393 613 3464 κυϐερνήτην
646 3392 783 3463 πρὸς
824 3391 1210 3455 ἀντιπνέοντας
1241 3390 1321 3461 τῷ
1364 3390 1532 3461 πλοίῳ
1569 3390 1804 3460 ἀνέμους
1828 3430 1844 3457 ,

264 3486 366 3539 καὶ
391 3484 484 3538 τὸν
519 3483 680 3554 σοφὸν
708 3484 889 3555 ἰατρὸν
925 3483 1061 3556 πρὸς
1086 3483 1155 3537 τά
1176 3482 1403 3537 δυσίατα
1431 3480 1599 3552 πάθη,
1634 3482 1729 3535 καὶ
1756 3482 1847 3536 τὸν

265 3577 519 3645 γενναῖον
557 3575 897 3647 στρατιώτην
920 3574 1057 3645 πρὸς
1081 3574 1460 3645 ἀντικειμένην
1488 3573 1710 3644 βαρεῖαν
1739 3591 1847 3626 πα-

270 3666 519 3741 ράταξιν,
556 3670 653 3722 καὶ
687 3667 782 3721 τὸν
824 3667 1112 3723 σπουδαῖον
1141 3667 1234 3721 καὶ
1259 3666 1505 3738 ζηλωτὴν
1534 3665 1811 3729 εὐσεϐείας
1830 3705 1845 3727 ,

270 3760 330 3811 ἐν
360 3759 513 3828 ἀκμῇ
542 3757 804 3812 κινδύνων
835 3761 929 3812 καὶ
956 3757 1265 3821 δυσκολίας,
1292 3758 1441 3821 ὅπως
1461 3758 1650 3811 ἑαυτόν
1673 3772 1733 3810 τε
1757 3758 1851 3810 καὶ

270 3850 400 3913 τοὺς
443 3849 637 3913 ἀλλους
675 3850 924 3921 ἐκσπάσῃ
956 3852 1020 3903 ἐκ
1052 3852 1151 3921 τῆς
1178 3848 1496 3918 ἐπιϐουλῆς.
1539 3850 1655 3902 υύκ
1704 3848 1850 3901 ἔστιν

273 3936 374 3994 οὖν
403 3934 544 4003 εἶδος
566 3940 746 4011 εύρεῐν
766 3941 975 4011 ἀρετῶν
997 3941 1146 4011 παρά
1160 3956 1270 3993 τισι
1286 3939 1452 3993 πάλαι
1474 3939 1849 4010 φιλοπονηθέν,

274 4032 336 4085 τὸ
366 4033 443 4102 μὴ
475 4033 570 4085 καὶ
595 4033 654 4085 ἐν
680 4033 856 4103 τούτῳ
883 4032 1245 4103 κατορθωθὲν.
1278 4033 1511 4088 Είκάσαι
1537 4031 1595 4084 δὲ
1622 4031 1721 4101 τὴν
1751 4032 1851 4084 αύ-

274 4121 368 4174 τοῦ
401 4121 584 4191 ψυχὴν
624 4120 742 4175 ἐστι
769 4122 952 4192 πηγὴν
982 4122 1253 4185 παντοίοις
1297 4122 1564 4193 βρύουσαν
1598 4104 1851 4191 νάμασιν,

271 4207 518 4281 ὠφελείᾳ
543 4210 638 4264 καὶ
665 4210 962 4282 γλυκύτητι
992 4212 1084 4264 καὶ
1111 4211 1302 4282 τέρψει
1344 4210 1814 4282 καθωραῖσμένοις
1836 4225 1850 4240 ·

275 4301 309 4371 ἢ
337 4300 580 4371 λειμῶνα
611 4302 947 4374 κυπρίζοντα
984 4301 1244 4367 ποικίλοις
1267 4301 1722 4372 ἀρωματίζουσαν
1751 4302 1852 4357 ἄν·

276 4390 427 4444 θεσιν
451 4407 465 4421 °
501 4390 533 4463 ἢ
572 4392 798 4463 οὐρανὸν
838 4392 1078 4460 ἐπίγειον
1102 4393 1378 4464 διαφόροις
1404 4392 1721 4463 λαμπτῆρσι
1759 4407 1855 4444 πε-

277 4478 654 4553 ποικιλμένον,
706 4482 740 4553 ἢ
790 4482 1149 4555 παράδεισον·
1205 4477 1318 4536 οἷον
1365 4482 1582 4545 ἀκούεις
1622 4482 1712 4535 τὸν
1755 4482 1855 4553 τῆς

291 4568 458 4640 ἰὖδέμ
493 4572 741 4644 ἀπείροις
788 4575 1087 4645 ἐγκάρποις
1141 4575 1530 4647 ἀγλαῖζόμενον
1578 4576 1816 4648 δένδροις
1842 4592 1855 4606 ι

274 4659 419 4729 πλὴν
453 4659 530 4733 μὴ
573 4661 732 4732 βατδν
779 4663 901 4733 δςρει
942 4664 1293 4736 πονηροτάτῳ
1315 4704 1330 4729 ,
1374 4666 1467 4719 καὶ
1498 4665 1597 4735 τῆς
1645 4665 1859 4735 ἐξορίας

273 4750 525 4823 προξένῳ
546 4769 561 4785 ·
596 4753 629 4823 ἢ
656 4755 705 4807 εί
728 4754 856 4809 ἀλλο
891 4772 944 4809 τι
975 4754 1083 4809 τῶν
1114 4755 1291 4809 καλῶν
1321 4756 1415 4810 καὶ
1442 4755 1691 4827 τερπνῶν
1728 4756 1860 4809 πολ-

271 4840 393 4904 λοῖς
426 4844 521 4895 καὶ
547 4844 822 4914 διαςοδροις
853 4846 1077 4915 ἀγαθοῖς
1102 4848 1135 4917 ὴ
1166 4846 1327 4915 φύσις
1354 4846 1617 4917 τετίμηκε
1643 4862 1657 4876 ⁸
1679 4845 1859 4899 τοιαύ-

269 4948 383 5002 την
420 4928 558 4987 εἶναι
592 4934 806 5004 λογίζου
837 4938 937 5007 τὴν
971 4936 1065 4991 τοῦ
1096 4936 1331 5007 μεγάλου
1392 4937 1632 5008 Ἐφραῒμ
1687 4952 1866 5008 μακα-

270 5019 413 5093 ρίαν
438 5020 635 5092 ψυχὴν,
667 5023 889 5088 πολλαῖς
914 5026 1123 5096 ἀρετῶν
1152 5025 1317 5089 ἰδέαις
1339 5025 1602 5080 πάντοθεν
1632 5026 1865 5079 κυκλου-

271 5109 480 5182 μένην.
516 5113 762 5185 Μελέτην
809 5115 919 5186 γὰρ
947 5118 976 5169 6
1019 5115 1322 5187 θαυμάσιος
1368 5116 1458 5170 διὰ
1504 5116 1620 5187 βίου
1664 5116 1865 5180 παντὸς

267 5187 552 5270 θέμενος,
583 5205 683 5275 τὴν
731 5205 915 5276 ὁλικὴν
970 5206 1273 5277 κτήσασθαι
1318 5207 1539 5279 ἀρετὴν,
1571 5208 1640 5261 τὰ
1684 5207 1861 5262 πάντα

268 5291 586 5347 ἐσπούδασε
623 5296 780 5365 μόνος
813 5297 1129 5369 περιλαϐεῖν
1164 5300 1575 5371 προτερήματα.

2017 2206 2167 2264 Talis
2198 2217 2378 2265 autem
2411 2209 2631 2280 pietatis
2666 2212 2784 2267 zelo
2822 2212 3034 2266 exstitit
3065 2222 3294 2284 magnus
3328 2224 3519 2270 noster

1939 2306 2100 2367 pater
2122 2308 2177 2354 et
2222 2299 2420 2356 doctor
2444 2301 2503 2355 S.
2531 2301 2805 2371 Epltrzem,
2847 2316 2970 2355 nam
3001 2302 3137 2357 alias
3171 2313 3515 2359 mansuetum

1940 2404 2001 2444 se
2031 2391 2279 2459 praebens
2308 2406 2371 2446 ac
2404 2394 2612 2458 mitem,
2639 2408 2763 2447 cum
2788 2395 2937 2448 nulla
2965 2394 3280 2449 decertandi
3324 2411 3517 2451 neces-

1939 2479 2075 2535 sitas
2107 2489 2326 2551 urgeret
2356 2500 2370 2536 :
2399 2482 2539 2537 alias
2574 2483 2830 2536 acerbum
2862 2498 2925 2536 ac
2960 2497 3202 2552 gravem,
3230 2499 3354 2537 cum
3391 2485 3514 2539 fidei

1942 2571 2248 2640 periculum
2296 2572 2626 2639 immineret,
2662 2585 2859 2628 cuncta
2906 2574 3202 2643 prudenter
3245 2590 3344 2645 pro
3380 2584 3515 2631 tem-

1940 2660 2091 2729 poris
2123 2664 2334 2717 ratione
2363 2664 2772 2720 moderabatur.
2812 2666 2876 2720 Et
2904 2681 2969 2720 ex
2998 2666 3105 2721 hoc
3136 2667 3356 2737 quidem
3387 2683 3516 2738 erga

1940 2750 2109 2806 Deum
2152 2753 2289 2816 zelo,
2318 2768 2427 2807 non
2467 2756 2650 2809 minus
2687 2770 2850 2825 quam
2883 2757 2951 2809 ob
2983 2757 3149 2810 multa
3184 2755 3419 2826 jejunia,
3452 2771 3518 2810 ac

1941 2843 2232 2913 lacrymas,
2257 2846 2659 2916 continuasque
2684 2862 2873 2916 preces
2902 2847 3371 2902 commendandus
3393 2856 3477 2903 est
3502 2866 3515 2900 :

1942 2945 2107 3006 atque
2141 2938 2282 2991 hami
2314 2940 2454 3002 scio,
2484 2955 2554 2993 an
2597 2949 2883 3009 propterea
2925 2940 3091 2994 etiam
3135 2939 3331 3009 magis,
3371 2939 3517 3009 quod

1951 3030 2056 3086 ista
2101 3032 2153 3084 in
2198 3046 2263 3086 eo
2293 3048 2405 3087 uno
2450 3034 2929 3097 concludereutur,
2979 3031 3069 3086 ille
3122 3031 3187 3085 ad
3229 3031 3518 3084 utilitatem

1945 3138 2163 3194 quoque
2239 3139 2587 3180 communem
2658 3123 2988 3194 pertinebat.
3049 3121 3518 3189 Quemadmodum

1944 3213 2090 3267 enim
2124 3228 2314 3268 verum
2368 3214 2603 3283 insignis
2646 3212 2880 3281 alicujus
2927 3211 3204 3267 venatoris
3244 3210 3520 3280 specimen

1945 3302 2255 3368 exhibetur,
2283 3318 2406 3357 cum
2431 3303 2720 3358 bellicosas
2760 3302 3068 3371 insequitur
3091 3299 3256 3366 feras,
3285 3301 3521 3369 bonique

1945 3392 2328 3463 gubernatoris
2355 3392 2530 3448 virtus
2561 3409 2618 3449 se
2637 3393 2820 3464 prodit
2843 3394 2895 3447 in
2921 3400 3246 3462 tempestate
3266 3392 3521 3455 adversa,

1946 3482 2144 3537 medici
2201 3482 2488 3552 prudentis
2538 3483 2591 3535 in
2644 3482 2992 3553 gravioribus
3050 3482 3274 3545 morbis,
3330 3481 3522 3535 militis

1948 3575 2156 3630 strenui
2189 3576 2243 3630 in
2279 3575 2400 3645 ipso
2436 3590 2633 3645 pugna:
2666 3574 2986 3629 discrimine
3013 3591 3026 3627 :
3061 3575 3135 3627 ita
3165 3588 3383 3643 quoque
3414 3572 3525 3641 pie-

1948 3667 2078 3721 tatis
2107 3681 2170 3721 ac
2191 3666 2474 3736 religionis
2504 3666 2810 3723 studiosum
2845 3667 3044 3729 virum,
3072 3679 3265 3736 magna
3293 3680 3359 3719 ac
3387 3664 3525 3719 dilli-

1951 3756 2077 3810 cilia
2108 3757 2351 3826 pericula
2380 3756 2697 3821 ostendunt,
2734 3771 2857 3810 cum
2895 3764 2947 3810 et
2987 3770 3067 3821 se,
3097 3762 3151 3810 et
3180 3755 3318 3810 alios
3344 3770 3410 3810 ex
3444 3756 3526 3809 in-

1954 3848 2112 3903 sidiis
2165 3849 2534 3920 periculisque
2584 3850 2795 3904 eximit.
2847 3846 3067 3903 Nullum
3125 3863 3259 3904 sane
3309 3847 3526 3902 virtutis

1952 3955 2126 4010 genus
2160 3956 2190 3993 a
2238 3941 2512 3996 veteribus
2551 3941 2823 3996 excultum
2866 3949 2969 4006 est,
2999 3940 3054 3995 in
3091 3956 3200 4010 quo
3232 3939 3319 3994 hic
3362 3940 3525 4000 etiam

1953 4045 2061 4084 non
2085 4032 2423 4086 cxcelluerit.
2457 4031 2637 4098 Quare
2682 4041 2736 4086 et
2767 4033 3006 4087 animum
3045 4033 3237 4102 ipsius,
3274 4031 3525 4093 utilitate,

1952 4119 2263 4183 dulcedine.
2290 4122 2636 4189 jucunditate
2672 4122 3079 4183 scaturientem,
3121 4120 3255 4173 fonti
3284 4134 3530 4188 quacun-

1954 4226 2060 4281 que
2082 4225 2344 4280 aquarum
2372 4211 2704 4266 abundantia
2728 4210 2914 4265 fluenti
2942 4209 3173 4264 similem
3198 4209 3379 4262 dicere
3402 4223 3530 4276 pos-

1956 4318 2169 4367 sumus,
2221 4303 2305 4357 vel
2361 4309 2518 4373 prato
2578 4301 2814 4356 diversis
2875 4300 3248 4370 fragrantibus
3300 4301 3529 4355 floribus

1959 4393 2347 4463 resplendenti,
2380 4394 2461 4448 vel
2511 4393 2650 4447 cmlo
2684 4393 2850 4447 variis
2895 4393 3177 4448 stellarum
3231 4392 3532 4447 luminibus

1960 4484 2241 4549 distincto,
2274 4486 2356 4540 vel
2384 4483 2657 4555 paradiso,
2685 4500 2846 4554 quem
2879 4485 2929 4537 in
2964 4483 3127 4538 Edem
3157 4482 3325 4537 fuisse
3350 4484 3529 4546 audis,

1957 4577 2344 4633 innumerabili
2401 4577 2809 4633 fructiferarum
2864 4578 3123 4633 arborum
3168 4576 3324 4647 capia
3369 4575 3526 4629 deco-

1958 4675 2081 4721 rato
2130 4666 2243 4736 (ita
2295 4673 2476 4721 tamen
2507 4675 2565 4721 ut
2609 4668 2849 4739 serpenti
2896 4667 3155 4738 maligno,
3196 4665 3533 4720 communis-

1960 4772 2070 4828 que
2102 4757 2283 4812 exsilii
2324 4757 2561 4823 auctori,
2594 4760 2779 4813 nullus
2818 4762 3042 4813 omnino
3077 4758 3130 4810 in
3183 4771 3306 4811 eum
3352 4754 3534 4810 aditus

1961 4848 2180 4916 detur):
2216 4859 2309 4902 aut
2349 4849 2395 4903 si
2437 4849 2567 4918 quid
2600 4849 2744 4903 aliud
2795 4858 3103 4910 venustum,
3149 4861 3536 4916 amaznumque

1963 4941 2153 4994 multis
2191 4942 2467 5009 variisque
2506 4940 2668 4994 bonis
2704 4941 3083 4995 cobonestavit
3112 4944 3337 5005 natura;
3371 4938 3533 4992 talem

1963 5045 2180 5101 quoque
2214 5031 2430 5085 beatum
2456 5029 2606 5084 illum
2640 5031 2817 5101 magni
2848 5028 3095 5099 Epitraem
3121 5030 3386 5094 animum,
3417 5028 3539 5099 plu-

1965 5123 2122 5178 rimis
2154 5122 2395 5192 undique
2416 5122 2680 5176 virtutum
2704 5123 2993 5193 generibus
3026 5131 3349 5176 exornatum
3384 5127 3535 5191 puta.

1969 5212 2107 5266 Nam
2139 5224 2354 5280 semper
2406 5210 2491 5265 vir
2528 5209 2619 5265 ille
2669 5209 3029 5264 admiratione
3066 5209 3286 5279 dignus,
3322 5208 3374 5260 in
3417 5219 3539 5260 eam

1969 5302 2219 5358 incubuit
2251 5315 2463 5366 curam,
2512 5309 2572 5355 ut
2622 5301 2922 5371 perfectum
2980 5282 3534 5368 absolutumque'cu.

258 5383 461 5451 jnsvis
481 5386 700 5454 generis
736 5388 996 5442 virtutum
1027 5390 1254 5445 chorum
1293 5389 1616 5458 possideret,
1654 5404 1717 5444 ac
1746 5390 1946 5461 quibus
1986 5393 2178 5463 reliqui
2212 5390 2444 5461 singulis
2481 5392 2934 5455 antecelluerunt,
3002 5407 3065 5447 ea
3126 5399 3325 5445 cuncta
3389 5387 3544 5444 solus

268 5480 403 5550 ipse
440 5488 846 5548 assequeretur.

354 5568 469 5624 Τοῦ
498 5570 608 5642 γὰρ
638 5572 696 5624 ἐν
739 5570 968 5636 δικαίοις
999 5572 1215 5645 πρώτου
1251 5572 1416 5627 ’Λϐελ
1452 5574 1550 5644 τὴν
1588 5574 1864 5629 θεὸλεκτον

284 5662 372 5725 ὡς
404 5662 585 5732 ἱερεὺς
619 5661 1067 5732 ἐκμιμησάμενος
1117 5664 1430 5735 προσφορὰν
1451 5705 1464 5728 ,
1513 5664 1613 5717 οὐκ
1650 5666 1714 5716 ἐκ
1749 5682 1867 5719 ποι-

279 5753 463 5822 μνίων
488 5751 728 5822 θύματα,
760 5753 879 5806 οὐδὲ
910 5754 1077 5826 στέαρ
1098 5755 1285 5826 Κυρίῳ
1308 5758 1698 5826 προσήνεγκεν,
1732 5756 1867 5810 ἀλλά

277 5841 484 5897 ουσίαν
506 5843 864 5914 ἀναίμακτον,
884 5845 983 5916 τὴν
1009 5845 1230 5917 λογικὴν
1257 5846 1529 5918 λατρείαν,
1557 5848 1669 5917 βίου
1702 5850 1869 5903 καθα-

628 5936 899 5997 ΡΑτιιοι..
948 5937 1066 5999 Gn.
1118 5938 1330 5998 XLVI.

2045 5569 2323 5641 Siquidem
2361 5580 2417 5624 ut
2453 5571 2731 5635 sacerdos,
2762 5585 2887 5626 eum
2919 5572 3011 5643 qui
3055 5570 3197 5628 inter
3221 5571 3403 5642 justos
3435 5575 3548 5643 pri-

1975 5678 2100 5718 mus
2144 5672 2483 5728 recensetur,
2516 5662 2648 5717 Abel
2676 5663 2941 5728 imitatus,
2972 5680 3078 5719 non
3110 5682 3174 5720 ex
3210 5665 3393 5720 ovium
3423 5681 3548 5736 gre-

1971 5757 2152 5827 gibus,
2200 5771 2376 5826 neque
2424 5771 2491 5811 ex
2534 5756 2694 5827 adipe
2736 5758 3003 5812 sacrificia
3051 5757 3282 5812 Domino
3323 5756 3549 5825 obtulit,

1975 5860 2161 5903 verum
2186 5847 2392 5918 absque
2416 5848 2698 5918 sanguine,
2731 5850 3051 5905 rationabile
3078 5848 3400 5917 obsequium
3421 5859 3546 5903 vita:

3154 5942 3230 5999 9.7
