3918 6204
292 456 303 467 ,
391 378 496 437 eis

1620 370 1678 423 S.
1737 364 2063 423 GRECORII
2112 360 2400 418 NYSSENI

3523 368 3629 424 8.5!

390 494 629 565 puritate
659 488 1009 554 sacrificavit,
1057 501 1121 542 ca
1156 486 1423 541 duntavat
1465 500 1522 539 re
1558 484 1692 538 Abel
1730 481 1966 537 dissimi-

2080 480 2262 550 ρότητι
2285 478 2770 550 όλοκαυτονμένην,
2805 478 3052 533 τοσοῦτον
3077 479 3266 551 ἐκείνῳ
3293 481 3633 554 ἁμιλληθεὶς,

392 586 481 649 lis,
513 580 656 652 quod
686 597 713 633 a
746 580 953 633 nefario
983 577 1257 631 homicida
1292 583 1350 629 ut
1383 575 1471 629 ille
1514 581 1824 643 peremptus
1855 587 1962 625 non

390 672 578 733 fuerit,
604 670 700 725 sed
736 668 942 722 inimici
983 665 1246 720 dmmonis
1275 662 1489 717 evitans
1519 661 1760 729 laqueos,
1804 670 1965 726 supe-

390 763 527 817 ratis
566 759 801 820 insidiis,
832 756 898 809 ad
929 757 1094 809 vitam
1135 755 1281 807 omni
1335 752 1438 807 line
1485 759 1783 814 carentem,
1824 750 1965 803 sicut

392 856 506 920 ille,
536 850 869 924 pervenerit.
914 847 1101 900 Enoch
1136 859 1302 914 porro
1346 856 1494 911 spem
1550 840 1631 894 sic
1677 838 1966 892 aemulatus

391 953 498 1008 est,
529 951 589 997 ut
620 956 727 995 non
755 938 929 992 solum
959 934 1166 989 domini
1192 932 1286 986 Dei
1320 933 1406 986 sui
1436 944 1633 984 nomen
1676 928 1968 982 invocave-

391 1036 483 1099 rit,
507 1047 696 1087 verum
725 1038 782 1084 et
809 1028 969 1090 alios,
1001 1032 1061 1079 ut
1092 1025 1235 1077 idem
1265 1020 1401 1076 illud
1430 1019 1808 1089 implorarent,
1837 1018 1966 1072 cdo—

391 1121 590 1176 cuerit.
634 1117 818 1172 Enoch
850 1122 1031 1168 autem
1066 1119 1124 1165 ut
1155 1110 1350 1165 similis
1378 1108 1713 1170 redderetur,
1745 1120 1963 1176 Operam

391 1212 561 1273 dedit,
595 1224 703 1263 non
739 1206 958 1274 quidem
997 1203 1373 1257 admirandam
1408 1199 1528 1267 ejus
1558 1213 1588 1252 e
1619 1207 1762 1252 terra
1783 1197 1840 1250 in
1873 1210 1968 1265 pa-

390 1302 640 1356 radisum
671 1296 1087 1351 translationem
1119 1299 1284 1361 atque
1312 1304 1611 1350 secessum,
1642 1288 1736 1344 sed
1764 1301 1828 1341 ex
1863 1301 1967 1340 ma-

390 1394 543 1449 teria:
584 1388 997 1462 perturbatione
1041 1387 1095 1439 in
1134 1383 1385 1453 spiritum
1427 1381 1773 1441 transitione,
1800 1393 1968 1432 acinu-

393 1484 577 1539 lando.
607 1482 719 1536 Noe
742 1480 905 1536 etiam
937 1476 1134 1533 similis
1174 1471 1415 1536 exsistit,
1455 1487 1565 1526 non
1598 1469 1816 1541 quidem
1851 1484 1967 1525 mo.

392 1578 572 1630 dicam
617 1574 674 1629 in
710 1586 839 1627 arca
877 1572 1052 1641 lignea
1098 1567 1313 1639 generis
1352 1565 1857 1625 conservationem,
1913 1569 1968 1614 at

392 1682 550 1725 suam
598 1668 782 1739 potius
824 1666 995 1721 animi
1043 1664 1477 1720 incolumitatem
1531 1674 1857 1731 procurans,
1912 1666 1971 1710 ut

392 1763 519 1816 vitae
547 1759 813 1831 procellas
841 1758 1016 1812 tutius
1042 1754 1470 1824 subterfugiens,
1502 1751 1712 1806 nullum
1751 1747 1969 1804 virtutis

2070 572 2194 626 ὅσον
2238 569 2310 640 μὴ
2342 570 2447 623 ὑπὸ
2473 570 2566 623 τοῦ
2597 570 2833 642 πονηροῦ
2868 572 3071 640 φονέως
3097 573 3471 643 ἀναιρεθῆναι,
3504 575 3637 629 ἀλλὰ

2069 660 2354 731 διαδράντα
2380 661 2477 723 τὰς
2504 662 2735 736 παγίδας
2749 661 2841 714 τοῦ
2875 661 3253 732 μισανθρώπου
3275 664 3526 735 δαίμονος
3553 667 3637 718 ὲκ-

2071 756 2281 820 φυγεῐν,
2305 753 2397 805 καὶ
2418 754 2554 823 πρδς
2581 753 2949 822 ἀτελεύτητον,
2967 753 3042 817 ὡς
3059 756 3282 817 ἐκεῖνος,
3303 756 3636 825 μεταστῆναι

2081 842 2246 912 ζωὴν,
2300 845 2397 913 τῆς
2445 844 2736 914 ἐπιϐουλῆς
2783 845 3016 912 φανέντα
3073 843 3359 915 ἀνώτερον.
3415 845 3523 897 Τοῦ
3585 846 3638 899 δὲ

2093 933 2263 1003 Ἑνὼχ
2296 934 2392 1004 τὴν
2434 934 2622 987 ὲλπίδα
2664 933 2937 1004 ζηλώσας,
2968 935 3449 1006 ούκ,ὲπικέκ).ηται
3480 938 3638 1007 μόνον

2072 1024 2132 1076 τὸ
2160 1023 2331 1093 δνομα
2361 1025 2565 1097 Κυρίου
2594 1023 2687 1076 τοῦ
2709 1024 2863 1089 Θεοῦ,
2885 1025 3020 1079 ἀλλὰ
3047 1026 3143 1077 καὶ
3169 1029 3280 1087 τοῖς
3309 1027 3487 1090 ἄλλοις
3512 1045 3634 1081 συν-

2076 1113 2453 1168 επικαλεῖσθαι
2512 1114 2766 1179 ἐδίδαξεν.
2815 1114 3004 1185 Ἑνὼχ,
3035 1117 3097 1168 οὐ
3124 1116 3221 1186 τὴν
3251 1116 3404 1187 ξένην
3444 1119 3508 1170 ἐκ
3537 1121 3636 1190 γῆς

2072 1207 2210 1277 πρὸς
2252 1208 2345 1260 τὸν
2380 1207 2705 1278 παράδεισον
2751 1206 3033 1277 μετάθεσιν
3078 1209 3457 1279 ἐπετήδευσεν,
3500 1212 3634 1267 ἀλλά

2071 1299 2169 1369 τὴν
2186 1298 2243 1366 ἐξ
2271 1298 2460 1369 ὑλικῆς
2487 1299 2858 1369 προσπαθείας
2880 1298 2970 1351 ἐπὶ
2988 1298 3048 1351 τὸ
3074 1299 3289 1369 πνεῦμα
3317 1301 3634 1369 μετάϐασιν.

2073 1390 2228 1452 Νῶε,
2270 1392 2331 1443 οὐ
2359 1391 2457 1460 τὴν
2491 1392 2548 1444 ἐν
2581 1390 2764 1461 ξυλίνῃ
2812 1390 3041 1461 λάρνακι
3084 1390 3286 1461 μικράν
3316 1392 3409 1444 τοῦ
3447 1394 3635 1460 γένους

2071 1481 2327 1534 διάσωσιν
2350 1523 2363 1543 ,
2402 1481 2536 1535 ἀλλὰ
2576 1480 2669 1534 τοῦ
2710 1480 2807 1550 τὴν
2849 1481 3041 1533 ἑαυτοῦ
3082 1481 3258 1552 ψυχὴν
3286 1484 3637 1552 πανταχόθεν

2074 1569 2469 1641 ἀσφαλῖσασθαι
2491 1609 2505 1634 ,
2540 1570 2678 1624 ὥστε
2713 1570 3000 1640 παρελθεῖν
3032 1570 3284 1635 ἀϐλαϐῶς
3305 1572 3367 1624 τὸ
3395 1573 3490 1625 τοῦ
3522 1573 3634 1642 βίου

2077 1660 2382 1725 κλυδώνιον,
2425 1661 2516 1714 καὶ
2550 1662 2618 1715 τὰ
2658 1662 2755 1728 τῆς
2786 1663 2986 1732 ἀρετῆς
3015 1661 3089 1730 μὴ
3118 1661 3465 1733 ζημιωθῆναι
3492 1664 3636 1730 άγώο

2074 1768 2232 1823 γιμα.
2265 1753 2369 1804 Τοῦ
2410 1751 2655 1821 Ἀϐρααμ
2684 1753 2740 1804 ὲν
2762 1751 2973 1814 πολλοῖς
3001 1751 3099 1821 μὲν
3123 1753 3214 1805 καὶ
3242 1745 3421 1816 ἄλλοις
3448 1754 3635 1822 γέγονε

393 1850 740 1920 naufragium
771 1856 1070 1917 pateretur.
1107 1845 1163 1899 In
1196 1845 1447 1915 plurimis
1478 1857 1714 1912 quoque,
1737 1840 1966 1895 Abrahae

2071 1841 2309 1912 μιμητὴς
2333 1884 2346 1903 ,
2379 1845 2443 1912 τῇ
2484 1842 2663 1894 πίστει
2695 1842 2788 1894 καὶ
2830 1841 3119 1913 πραότητι,
3159 1844 3255 1896 καὶ
3293 1847 3358 1914 τῇ
3395 1845 3477 1906 είς
3505 1844 3633 1897 Θεὸν

390 1942 676 1998 aemulator
707 1940 843 2003 fuit;
887 1947 1050 2007 atque
1083 1944 1143 1991 ut
1175 1937 1357 2000 fidem,
1399 1934 1891 1996 mansuetudinem,
1916 1940 1971 1986 et

392 2046 635 2086 amorem
674 2031 727 2084 in
760 2029 925 2085 Deum
970 2038 1202 2093 taceam,
1228 2028 1280 2083 in
1326 2043 1392 2082 eo
1422 2026 1791 2097 potissimum,
1825 2025 1970 2096 quod

390 2120 857 2195 quemadmodum
882 2118 1158 2190 propriam
1183 2126 1385 2174 terram
1406 2126 1568 2189 atque
1590 2116 1967 2184 cognationem

391 2214 503 2280 ille,
538 2212 613 2266 ita
648 2227 863 2282 quoque
897 2212 986 2265 hic
1034 2219 1222 2266 noster
1256 2210 1504 2280 Ephrarm
1547 2206 1805 2261 mundum
1836 2205 1973 2261 etfu—

389 2305 488 2375 git,
521 2310 574 2358 et
606 2303 660 2357 in
696 2317 798 2357 suo
828 2317 1058 2372 corpore
1092 2301 1360 2372 unigeniti
1384 2299 1714 2355 sacrilicium
1746 2311 1970 2366 expres-

392 2397 484 2461 sit,
514 2395 627 2450 Deo
660 2395 900 2464 seipsum
925 2408 1282 2454 consecrans.
1303 2401 1358 2446 et
1387 2391 1627 2445 membra
1654 2405 1775 2460 qua:
1806 2403 1972 2453 super

392 2493 594 2540 terram
610 2491 759 2547 sunt,
782 2476 1141 2538 mo‘rtiﬁcans.
1156 2482 1311 2538 Isaac
1330 2496 1459 2537 vero
1476 2481 1719 2535 imitator
1735 2481 1969 2546 exstitit,

392 2584 621 2647 propter
658 2583 886 2629 mortem
928 2591 1089 2645 quam
1120 2581 1371 2645 prompto
1398 2572 1806 2642 tranquilloque
1837 2571 1971 2627 sub-

392 2668 473 2720 ire
515 2673 737 2733 paratus
781 2671 899 2719 erat
932 2665 1139 2726 animo,
1179 2680 1285 2717 non
1331 2672 1513 2717 tamen
1559 2662 1832 2717 inferente
1881 2677 1970 2731 pa-

394 2765 499 2810 tre.
534 2754 675 2822 Quin
701 2762 755 2809 et
778 2754 1041 2824 quotidie,
1068 2755 1243 2808 instar
1275 2753 1542 2821 Apostoli,
1584 2767 1814 2822 corpore
1843 2754 1969 2821 qni-

394 2846 521 2903 dem
551 2847 811 2911 fructum,
839 2845 985 2916 quod
1042 2846 1235 2898 attinet
1275 2845 1340 2896 ad
1390 2845 1750 2913 propositum,
1793 2844 1970 2914 perci-

396 2938 600 3008 piebat,
624 2936 819 3007 spiritu
849 2945 1031 2990 autem
1061 2919 1193 2996 beo,
1217 2933 1287 2988 oh
1311 2941 1522 2988 castum
1549 2933 1799 3002 corporis
1822 2934 1968 2988 velut

396 3032 452 3085 iu
489 3031 659 3085 ariete
689 3027 1041 3089 sacrificium,
1077 3027 1309 3081 vivebat.
1345 3025 1515 3081 Jacob
1548 3041 1711 3096 porro
1739 3025 1967 3080 aemula-

399 3131 486 3176 tor
518 3119 641 3185 fuit,
673 3118 1075 3189 supplautando
1107 3118 1281 3188 ipsum
1312 3115 1476 3180 Esau,
1516 3117 1618 3172 hoc
1661 3125 1765 3181 est,
1797 3118 1969 3173 luere-

398 3225 518 3265 sum
563 3216 865 3278 parentem,
908 3221 971 3261 ac
1008 3206 1391 3277 primogenita,
1440 3205 1492 3260 id
1532 3213 1636 3271 est,
1683 3212 1833 3261 recta
1862 3204 1962 3261 Ec-

397 3300 579 3355 elesi:e
629 3300 871 3362 decreta,
926 3285 1261 3367 accipiendo.
1317 3297 1374 3352 In
1408 3312 1472 3352 co
1509 3307 1787 3367 praeterea,
1817 3298 1964 3368 quod

401 3407 506 3445 non
541 3391 746 3446 scalam
777 3404 807 3443 a
834 3396 980 3444 terra
1011 3389 1079 3442 ad
1109 3389 1307 3442 cmlum
1337 3404 1510 3458 usque
1539 3393 1960 3460 pertingcntem,

398 3480 493 3538 sed
524 3480 595 3536 ob
622 3482 836 3550 longam
864 3479 1006 3553 ignis
1030 3480 1335 3539 columnam
1368 3480 1737 3549 pulchriorem
1766 3488 1968 3551 myste-

398 3573 464 3625 rii
495 3570 918 3640 profunditatem
946 3569 1275 3623 indicantem
1306 3570 1676 3639 conspexerit,
1709 3571 1966 3640 quodque

398 3662 488 3716 hic
518 3662 821 3731 discipulis,
852 3661 1305 3729 quemadmodum
1331 3661 1420 3716 ille
1448 3662 1596 3727 filiis,
1618 3677 1682 3716 ex
1713 3663 1814 3717 hac
1834 3664 1969 3717 emi-

398 3761 654 3822 graturus
698 3753 829 3816 vita,
885 3752 1295 3806 benedictioues
1333 3752 1645 3821 impartitus
1691 3753 1783 3821 sit,
1827 3767 1967 3824 quas

399 3842 493 3912 qui
526 3856 732 3911 pronus
771 3841 1095 3911 excipiebat,
1133 3842 1313 3911 magni
1349 3842 1496 3897 illius
1524 3841 1694 3898 Jacob
1722 3859 1844 3900 esse
1876 3859 1967 3897 ar-

398 3934 722 3989 bitrabatur.
757 3932 954 3987 Verum
988 3933 1160 4001 ipsius
1181 3931 1380 4004 Joseph
1420 3934 1853 4001 similitudinem,
1879 3936 1962 3990 vel

2067 1934 2278 2004 ἀγάπῃ,
2313 1933 2546 2003 μάλιστα
2580 1933 2635 1985 δὲ
2676 1937 2743 2004 τῇ
2764 1933 2856 1986 τοῦ
2891 1933 3094 2004 κόσμου
3129 1937 3295 2003 φυγῇ,
3329 1935 3402 1997 ὠς
3431 1935 3533 2004 τῆς
3560 1937 3633 1987 οἶδ

2069 2026 2221 2089 κείας
2250 2027 2353 2094 γῆς
2396 2026 2488 2079 καὶ
2524 2026 2620 2093 τῆς
2660 2026 2977 2093 συγγενείας
3012 2028 3216 2088 ἐκεῖνος
3256 2027 3514 2095 ἠμείϐετο
3548 2028 3628 2094 φί-

2067 2117 2176 2182 λον,
2210 2119 2301 2171 καί
2336 2118 2433 2187 τὴν
2467 2115 2558 2169 τοῦ
2583 2115 2917 2184 Move-{suom};
2953 2115 3142 2169 θυσίαν
3171 2119 3251 2179 εἰς
3281 2118 3381 2185 τὴν
3411 2117 3506 2169 τοῦ

2072 2227 2237 2281 ματος
2281 2209 2490 2262 ἐκείνου
2550 2208 2941 2281 προαιρετικὴν
2996 2207 3084 2261 διὰ
3135 2208 3267 2260 Θεὸν
3316 2208 3626 2261 ὲκλαϐἐσθαι

2070 2300 2402 2370 προσφορὰν,
2430 2297 2760 2370 νεκρώσάντι
2790 2299 2857 2352 τὰ
2880 2300 3014 2369 μέλη
3040 2300 3108 2353 τά
3137 2302 3229 2354 ὲπὶ
3258 2302 3356 2370 τῆς
3384 2304 3508 2373 γῆς.
3531 2301 3624 2355 Τοῦ

2080 2392 2284 2452 Ἰσαὰκ,
2318 2393 2374 2445 ὲν
2405 2391 2481 2461 τῷ
2524 2391 2756 2462 ἑκουσίῳ
2786 2393 2880 2446 καὶ⁹
2909 2393 3166 2463 άταράχῳ
3215 2393 3463 2465 θανάτῳ,
3497 2396 3625 2465 πλὴν

2065 2483 2163 2552 οὐχ
2208 2482 2310 2535 ὑπὸ
2342 2483 2542 2553 πατρὸς
2580 2485 2802 2545 ἐκεῖνος.
2846 2477 3012 2545 Οὗτος
3041 2484 3148 2555 γὰρ
3181 2486 3481 2555 ίερουργῶν
3505 2486 3622 2538 ἑαυ-

2066 2573 2155 2627 τὸν
2172 2574 2427 2629 ἑκάστοθι
2451 2574 2839 2638 ἀποστολικῶς,
2865 2573 3077 2642 σώματι
3103 2574 3202 2644 μὲν
3230 2575 3621 2646 ὡλοκαρποῦτο,

2067 2664 2187 2718 ὅσον
2217 2663 2295 2726 εἰς
2328 2662 2603 2733 πρόθεσιν,
2642 2662 2911 2733 πνεύματι
2940 2664 2997 2716 δὲ
3035 2663 3151 2733 ἔζη,
3181 2663 3277 2715 καὶ
3317 2662 3383 2735 ζῇ
3411 2662 3490 2733 τῷ
3517 2663 3626 2732 Θεῷ

2065 2754 2152 2810 διὰ
2187 2752 2285 2825 τὴν
2315 2754 2389 2816 ὡς
2416 2756 2473 2807 ὲν
2508 2752 2645 2825 κριῷ
2676 2752 2769 2806 τοῦ
2807 2751 3056 2823 σώματος
3091 2755 3261 2824 ἁγνὴν
3299 2754 3620 2825 προσφοράν.

2065 2845 2169 2918 Τὸν
2212 2844 2433 2909 Ἰακὼϐ,
2485 2847 2542 2897 ὲν
2580 2842 2658 2914 τῷ
2701 2845 2983 2915 πτερνίσαι
3026 2845 3116 2898 τὸν
3149 2844 3372 2915 βέϐηλον
3428 2844 3624 2907 Ἡσαῦ,

2068 2937 2183 3006 ἢτοι
2236 2936 2325 2989 τὸν
2373 2935 2478 2988 τῶν
2530 2936 2793 3007 αἱρέσεων
2828 2939 3159 3008 γεννήτορά,
3219 2939 3313 2990 καὶ
3355 2937 3537 2989 λαϐεῖν
3562 2937 3627 2988 τὰ

2069 3028 2408 3099 πρωτότοκα,
2441 3029 2508 3080 τὰ
2525 3027 2659 3098 ὀρθὰ
2679 3028 2780 3097 τῆς
2813 3028 3134 3099 Ἐκκλησίας
3163 3028 3428 3098 δόγματα,
3456 3028 3545 3081 καὶ
3572 3029 3627 3081 ἐν

2070 3120 2147 3190 τῷ
2191 3120 2426 3172 κατιδεῖν
2470 3121 2531 3173 οὺ
2578 3119 2822 3189 κλίμακα
2860 3119 2956 3189 μὲν
3003 3118 3112 3171 ἀπὸ
3156 3110 3257 3187 γῆς
3293 3121 3373 3182 εἰς
3410 3119 3627 3190 οὐρανὸν

2070 3211 2487 3283 ὲστηριγμένην,
2518 3210 2708 3263 στύλον
2739 3210 2797 3262 δὲ
2824 3210 2994 3279 πυρὸς
3017 3212 3392 3282 οὐρανομήκη,
3425 3212 3625 3279 γλαφυ-

2072 3303 2306 3375 ρώτερὸν
2345 3320 2461 3364 πως
2508 3301 2808 3372 μυστηρίου
2843 3301 3003 3372 βάθος
3030 3302 3380 3372 ἐμφαίνοντα.
3417 3303 3531 3355 Ἔτι
3566 3317 3627 3369 γε

2073 3396 2179 3466 μὴν
2206 3396 2299 3448 καὶ
2334 3395 2391 3447 ὲν
2408 3393 2482 3464 τῷ
2509 3396 2620 3455 τοῖς
2664 3392 2932 3463 μαθηταῖς
2969 3394 3043 3457 ὡς
3086 3397 3200 3456 τοῖς
3224 3394 3400 3446 υίέσιν
3428 3395 3627 3456 ἐκεῖνος

2068 3484 2128 3537 ὲν
2155 3484 2232 3554 τῷ
2265 3484 2509 3554 μέλλοντι
2537 3484 2789 3554 ἀπαίρειν
2818 3483 2912 3537 τοῦ
2938 3483 3206 3554 σώματος,
3241 3485 3507 3555 διανεῖμαι
3531 3485 3630 3548 τάς

2069 3574 2316 3642 εὐλογίας
2334 3592 2347 3604 ·
2376 3568 2460 3638 αἶς
2491 3591 2575 3638 τις
2601 3574 2900 3643 φιλοπόνως
2927 3575 3192 3644 ἐγκύψας,
3220 3575 3377 3628 αὐτοῦ
3406 3577 3619 3629 ἐκείνου

2071 3664 2164 3718 τοῦ
2210 3666 2444 3735 μεγάλου
2505 3665 2699 3719 Ἰακὼϐ
2740 3666 2940 3730 ταύτας
2970 3662 3110 3721 εἶναι
3150 3667 3468 3740 οίηθήσεται.
3513 3665 3626 3721 Τοῦ

2084 3754 2299 3826 Ἰωσὴφ,
2333 3755 2564 3826 μάλιστα
2596 3756 2694 3826 μὲν
2722 3758 2779 3809 ὲν
2809 3759 2874 3827 τῇ
2905 3757 2996 3811 τοῦ
3037 3756 3282 3828 σώματος
3312 3758 3501 3830 ἁγνεία
3532 3758 3629 3811 καὶ⁵

2071 3845 2405 3915 καθαρότητι
2429 3863 2443 3876 ο
2478 3846 2611 3900 πολὺ
2668 3847 2728 3900 δὲ
2782 3847 2941 3903 πλέον
2971 3851 3028 3902 ἐν
3061 3852 3127 3921 τῇ
3156 3849 3248 3903 τοῦ
3277 3851 3435 3919 λόγου
3467 3868 3632 3921 μετα-

2069 3936 2231 3999 δόσει,
2262 3937 2337 3999 ὡς
2371 3939 2577 4001 ἐκεῖνος
2602 3938 2696 3991 τοῦ
2725 3938 2895 3995 σίτου.

398 4028 633 4083 maxime
653 4028 923 4098 expressit
943 4029 1064 4082 vita:
1092 4027 1408 4097 integritate
1437 4038 1491 4083 et
1521 4030 1769 4099 corporis
1795 4030 2080 4085 castitate:
2112 4032 2284 4086 multo
2335 4039 2515 4086 autem
2548 4031 2722 4101 magis
2768 4048 2867 4102 per
2935 4032 3059 4097 hoc,
3123 4034 3269 4105 quod
3345 4035 3486 4091 sicut
3539 4034 3632 4090 ille

397 4116 663 4181 triticum,
696 4116 766 4170 ita
799 4117 886 4170 hic
907 4116 1131 4172 verbum
1168 4116 1364 4172 salutis
1392 4120 1842 4176 communicavit.

466 4211 525 4265 In
576 4227 684 4267 non
729 4213 917 4281 paucis
965 4226 1183 4281 quoque
1232 4211 1401 4283 Moysi
1453 4213 1790 4269 simillimum
1844 4230 1966 4271 sese

395 4304 664 4373 prmbuit:
696 4319 818 4357 nam
871 4312 925 4358 et
970 4304 1082 4373 ipse
1116 4303 1450 4360 Pharaonem
1483 4306 1757 4361 diabolum
1793 4308 1962 4378 fugit,

396 4404 450 4448 et
479 4401 853 4447 commoratus
883 4401 966 4448 est
1002 4394 1055 4447 in
1100 4395 1426 4459 solitudine,
1464 4394 1744 4466 Deumque
1786 4397 1954 4459 vidit,

2133 4209 2501 4274 T05~chéto~z
2529 4211 2561 4282 ἦ
2593 4214 2650 4265 ὲν
2678 4213 2894 4284 πᾶσινῆ
2920 4214 2976 4265 ὲν
3003 4212 3271 4278 πλείστοις
3300 4218 3593 4287 παρόμοιος
3613 4234 3625 4246 ·

2061 4302 2229 4371 ἔφυγε
2250 4302 2358 4373 γὰρ
2382 4303 2472 4356 καὶ
2495 4298 2647 4367 οὗτος
2674 4306 2763 4358 τὸν
2787 4306 2979 4376 γοητὸν
3005 4304 3226 4378 Φαραὼ,
3251 4308 3346 4361 καὶ
3371 4310 3429 4362 ὲν
3445 4310 3631 4382 ἐρήμῳ

2062 4392 2290 4462 ηὐλίσθη
2318 4433 2333 4457 ,
2367 4393 2461 4447 καὶ
2489 4394 2620 4446 Θεὸν
2652 4390 2810 4457 εἶδεν,
2846 4397 2969 4448 ὅσον
3009 4396 3227 4465 ἐφικτὸν
3257 4397 3464 4470 θεωρία
3486 4440 3501 4463 ,
3533 4408 3629 4452 καὶ

360 4504 365 4531 ;
397 4493 668 4553 quatenus
698 4483 1155 4550 contemplatione
1187 4484 1353 4539 videri
1390 4493 1565 4554 potest
1592 4501 1607 4550 ;
1641 4500 1837 4555 resque
1863 4485 1959 4541 ad-

2070 4481 2317 4551 θαύματα
2345 4484 2666 4554 εἰργάσατο,
2695 4486 2788 4538 καὶ
2816 4486 2945 4539 λαοῦ
2978 4487 3329 4557 καθηγήσατο
3362 4490 3631 4560 χρηματί-

400 4577 680 4632 mirandas
707 4576 948 4647 peregit,
978 4590 1041 4629 ac
1071 4577 1317 4631 doctrina
1352 4595 1411 4634 se
1437 4580 1628 4633 ducem
1661 4587 1822 4648 atque
1849 4593 1964 4633 ma-

398 4670 630 4739 gistrum
681 4666 880 4738 pupulo
928 4666 1211 4734 exhibuit,
1264 4667 1661 4739 Egyptiosque
1709 4669 1960 4740 decepit,

398 4777 591 4815 eorum
643 4760 863 4815 divitias
919 4759 1263 4829 surripiens,
1319 4760 1699 4815 haereticorum
1752 4760 1965 4815 scilicet

397 4852 603 4916 libros,
632 4854 698 4906 de
720 4852 921 4922 quibus
955 4851 1072 4921 ipse
1102 4851 1474 4923 triumphavit.
1509 4852 1721 4907 Salsum
1736 4866 1964 4921 quoque

400 4958 465 4998 ac
496 4943 647 5012 potui
689 4943 915 4998 minime
955 4943 1290 4998 conveniens
1329 4943 1668 4999 infidelitatis
1697 4958 1845 4998 mare
1876 4943 1964 4996 di-

400 5036 562 5102 visit,
598 5035 966 5105 populumque
1000 5035 1208 5088 fidelcm
1241 5034 1294 5087 in
1325 5048 1520 5103 magno
1550 5048 1773 5089 numero
1802 5034 1968 5103 traje—

401 5128 494 5183 cit.
541 5125 844 5182 Pharaonis
884 5139 1012 5180 vero
1061 5124 1391 5184 exercitum,
1440 5124 1661 5194 impiam
1708 5124 1965 5180 nimirum

402 5216 858 5272 calumniatorom
909 5213 1259 5283 progeniem,
1315 5214 1612 5283 prostravit
1657 5222 1820 5284 atque
1869 5228 1968 5283 op-

402 5308 625 5379 pressit.
663 5306 730 5359 Et
777 5304 1001 5359 Amalec
1050 5304 1135 5374 (si
1168 5319 1327 5373 quem
1362 5303 1738 5359 hazreticorum
1774 5319 1840 5360 eo
1870 5319 1969 5358 no-

401 5399 551 5454 mine
587 5396 860 5467 appellare
891 5394 1063 5463 velis)
1101 5394 1155 5447 in
1201 5393 1382 5464 fugam
1421 5394 1615 5460 vertit,
1665 5409 1732 5451 ac
1778 5395 1964 5464 profli-

404 5489 572 5557 gavit.
618 5485 814 5557 Legem
852 5486 989 5538 bene
1032 5484 1456 5554 Christianeque
1505 5485 1720 5540 vivendi
1775 5500 1807 5539 a
1857 5484 1968 5541 Deo

406 5576 613 5643 accepit
635 5615 650 5640 ,
684 5583 738 5630 et
770 5575 930 5628 nobis
957 5572 1231 5628 universis
1264 5587 1384 5626 eam
1418 5572 1658 5627 tradidit.
1690 5570 1968 5627 Taberna-

403 5660 512 5715 culi
567 5662 846 5729 exemplar
897 5661 950 5713 in
998 5668 1184 5716 monte
1230 5665 1635 5730 contemplatus
1681 5668 1803 5718 est:
1858 5677 1966 5716 non

401 5747 629 5822 Moysis,
658 5747 755 5803 sed
800 5747 1064 5805 horrendi
1108 5746 1257 5805 illius
1297 5750 1493 5818 judicii
1544 5750 1734 5805 futuri.
1770 5749 1967 5808 Sacer-

2066 4591 2166 4640 σας
2193 4574 2512 4640 διδάσκαλος
2536 4594 2549 4607 ·
2574 4577 2668 4629 καὶ
2695 4577 2822 4639 τοὺς
2860 4577 3189 4645 Αἰγυπτίους
3214 4581 3626 4649 κατεσοφίσατο,

2063 4663 2153 4719 τὸν
2196 4665 2424 4720 πλοῦτον
2469 4668 2692 4720 ἐκείνων
2733 4668 3023 4737 ἁρπάσας,
3059 4670 3156 4732 τὰς
3197 4670 3304 4722 τῶν
3344 4672 3631 4742 αίρετικῶν

2067 4756 2281 4827 βίϐλους
2305 4759 2711 4829 αἰχμαλωτίσας
2742 4761 2837 4813 καὶ
2863 4759 3255 4831 θριαμϐεύσας,
3292 4762 3388 4814 καὶ
3408 4761 3503 4831 τὴν
3536 4761 3631 4816 θά-

2063 4847 2266 4923 λασσαν
2292 4849 2562 4921 διέρρηξε,
2594 4849 2691 4919 τὴν
2725 4850 2973 4923 ἁλμυρὰν
2997 4852 3088 4904 καὶ
3117 4851 3318 4905 ἄποτον
3352 4853 3623 4916 ἀπιστίαν,

2064 4939 2157 4992 καὶ
2188 4938 2281 4993 τὸν
2318 4938 2445 4993 λαὸν
2471 4940 2741 4993 διεϐίϐασε
2766 4980 2781 5003 ,
2818 4942 2878 4994 τὸ
2912 4940 3187 5012 ὀρθόδοξον
3219 4942 3491 5014 σύστημα.
3522 4943 3621 4997 Καὶ

2065 5029 2187 5093 τοὺς
2227 5030 2574 5103 Φαραωνίτας
2608 5032 2854 5085 ἐπόντισε
2874 5071 2891 5094 ,
2925 5034 2994 5086 τά
3031 5035 3140 5087 τῶν
3172 5034 3466 5105 αἱρετικῶν
3502 5035 3619 5103 ἄθεα

2066 5124 2391 5192 γεννήματα.
2426 5122 2534 5176 Καὶ
2568 5121 2659 5175 τὸν
2698 5123 2945 5194 ’Δμαλὴκ
2991 5125 3339 5194 ὲτροπὼσατο
3387 5127 3478 5197 (et
3516 5140 3620 5178 τινα

2064 5211 2170 5263 τῶν
2191 5211 2478 5282 αίρετικῶν
2501 5211 2671 5281 τούτῳ
2694 5212 2871 5281 βούλει
2902 5215 3126 5269 καλέσαι
3152 5216 3229 5287 τῷ
3254 5217 3519 5287 όνόματι)·
3539 5215 3619 5268 τόν

2066 5298 2225 5368 νόμον
2250 5301 2315 5352 ὲκ
2351 5299 2483 5352 Θεοῦ
2509 5304 2609 5371 τῆς
2642 5301 2950 5371 ὀρθοδοξίας
2988 5303 3168 5367 ἔλαϐε,
3205 5307 3301 5359 καὶ
3330 5308 3464 5377 ἡμῖν
3500 5307 3620 5358 πᾶσι

2070 5388 2360 5460 μετέδωκε.
2394 5389 2507 5459 Τῆς
2556 5390 2762 5460 σκηνῆς
2802 5392 2859 5445 ὲν
2900 5392 2977 5462 τῷ
3012 5392 3126 5464 ὄρει
3162 5392 3253 5447 τὸν
3285 5397 3454 5450 τύπον
3482 5392 3624 5449 ἐθεά-

2068 5496 2215 5543 σατο,
2244 5480 2305 5534 οὐ
2348 5481 2446 5550 τῆς
2475 5480 2566 5534 ἐπὶ
2594 5482 2857 5546 Μωσέως,
2887 5482 3023 5537 ἀλλὰ
3046 5483 3149 5554 τῆς
3186 5485 3480 5555 μελλούσης
3505 5500 3625 5555 φρι-

2066 5574 2197 5643 κτῆς
2228 5570 2457 5643 κρίσεώς
2490 5589 2550 5624 τε
2575 5574 2671 5627 καὶ
2699 5574 3110 5639 καταστάσεως.
3137 5576 3279 5639 Τοὺς
3314 5578 3494 5648 ἱερέας
3511 5578 3629 5628 ἐτε-

2063 5663 2274 5726 λείωσε,
2307 5661 2374 5715 τά
2401 5662 2527 5733 περὶ
2550 5662 2848 5735 ίερωσύνης
2872 5664 3198 5735 νομοθετῶν.
3233 5666 3420 5738 ’Υδωρ
3448 5668 3509 5719 ὲκ
3533 5662 3633 5717 πέρ

2065 5768 2198 5822 τρας
2227 5752 2493 5822 ὲπήγασε,
2520 5752 2619 5815 τὰς
2647 5750 2890 5818 λιθώδεις
2915 5755 3144 5826 καρδίας
3181 5754 3399 5821 στάζειν
3424 5756 3635 5827 δάκρυα
