3918 6204
592 278 621 289 λ

311 344 413 404 8ίῖ

616 290 653 364 -)
1526 344 1587 401 s.
1642 343 1970 402 enroonu
2003 344 2299 404 msssm

3454 351 3556 408 81.8

312 467 496 522 obrem
546 479 674 519 mox
718 478 748 518 a
793 462 1032 534 maligno
1078 473 1364 535 correptus
1414 463 1688 530 dazmone,
1739 463 1875 534 quod

1986 465 2294 537 δράγματα,
2326 467 2512 521 ἑαυτὸν
2542 467 2647 540 πρὸ
2671 465 2771 538 τῆς
2796 466 2982 537 κλίνης
3012 465 3103 520 τοῦ
3132 465 3281 521 όσίου
3318 468 3559 538 σπαράτ-

314 555 586 610 mandatis
615 570 721 609 non
755 554 1052 624 paruisset,
1085 555 1440 627 gravissimas
1474 568 1665 623 pinnas
1694 555 1881 619 dabat,

314 661 483 716 seque
512 653 636 699 ante
674 643 955 711 lectulum,
989 645 1042 700 in
1089 662 1198 717 quo
1238 650 1323 702 vir
1351 656 1574 702 sanctus
1603 647 1885 702 decumbe-

314 739 430 799 bat,
470 751 565 790 ore
613 734 887 791 ferventes
939 752 1107 808 agens
1145 753 1399 808 spumas,
1447 738 1764 793 dilaniabat.
1804 737 1886 791 Ad

313 843 475 900 quem
510 827 595 881 vir
632 825 726 883 Dei
756 828 1220 886 clementissimus
1247 830 1624 885 calamitosum
1657 845 1887 885 conver-

313 933 453 976 sus:
486 918 759 985 Quidnam
786 960 801 984 ,
841 921 1048 990 inquit,
1086 921 1393 988 admisisti,
1440 938 1473 977 ο
1513 924 1694 989 homo,
1727 934 1785 977 ut
1829 924 1886 977 in

308 1011 413 1065 ltoe
446 1010 746 1082 periculum
778 1012 1165 1081 eoujiccreris?
1189 1013 1283 1067 Ille
1302 1029 1430 1069 vero
1460 1017 1607 1071 senis
1631 1015 1886 1069 mandato

309 1104 620 1168 excitatus,
673 1104 802 1158 licet
848 1104 969 1172 ejus
1021 1105 1190 1160 menti
1233 1106 1487 1162 tenebras
1534 1107 1883 1162 cacodannun

311 1194 595 1251 offudisset
617 1234 630 1258 ,
665 1202 962 1260 secretum,
991 1196 1135 1265 quod
1165 1198 1306 1268 apud
1339 1215 1397 1255 se
1418 1210 1746 1270 conceperat
1777 1218 1882 1256 non

310 1286 724 1357 obteinperandi
773 1287 946 1357 jussis
1003 1287 1213 1357 ipsius,
1262 1293 1553 1348 consilium
1605 1293 1881 1363 patefecit.

309 1378 480 1445 Quem
500 1376 850 1433 conﬁtentem
881 1379 1311 1450 benignissimus
1334 1383 1416 1437 vir
1444 1385 1881 1451 conuniseratus,

312 1484 569 1525 manuum
599 1476 912 1523 sanctarum
948 1469 1302 1540 impositione
1334 1482 1386 1526 et
1422 1475 1676 1543 precibus
1710 1475 1885 1528 homi-

310 1577 433 1615 nem
460 1560 712 1631 protinus
736 1560 804 1615 ab
828 1560 919 1614 illa
944 1560 1229 1617 aﬂ‘ectione
1257 1564 1528 1630 liberavit,
1558 1573 1613 1620 et
1639 1566 1885 1635 pristinae

309 1651 535 1707 sanitati
562 1649 1072 1720 restituit,eumque
1099 1653 1178 1707 sic
1203 1661 1286 1708 est
1311 1654 1584 1712 allocutus
1608 1672 1624 1711 :
1655 1655 1880 1725 Perﬁce,

308 1744 494 1806 homo,
528 1757 650 1813 qua:
682 1741 889 1797 dudum
928 1743 1253 1813 promisisti.

1991 575 2098 610 των
2120 598 2133 621 ,
2184 560 2275 614 καὶ
2316 560 2406 613 τὸν
2435 560 2606 631 ἀφρὸν
2645 561 2710 613 ὲκ
2752 559 2845 612 τοῦ
2881 561 3142 631 στόματος
3177 559 3557 631 ἀναδράσσων.

2002 650 2060 703 '0
2106 650 2162 702 δὲ
2195 651 2642 721 συμπαθέστατος
2680 650 2773 704 τοῦ
2800 650 2939 704 Θεοῦ
2967 651 3249 723 ἄνθρωπος
3292 651 3438 719 λέγει
3483 650 3561 723 τῷ

1992 742 2327 795 πεπονθόντι·
2391 742 2629 815 Ἐπειδὴ,
2661 737 2705 797 ὦ
2740 743 3014 814 ἄνθρωπε,
3065 742 3118 794 τί
3145 760 3225 795 σοι
3256 743 3564 814 παράλογον

1990 834 2329 904 πέπρακται,
2377 837 2471 889 καὶ
2507 835 2642 907 πρὸς
2672 834 2858 889 τοῦτον
2900 835 2989 888 τὸν
3020 835 3261 888 κίνδυνον
3298 835 3561 906 ἔρῤιῲενς

2002 924 2059 977 '0
2088 925 2144 979 δὲ
2175 929 2239 997 τῇ
2268 925 2512 979 κελεύσει
2540 926 2849 992 διαναστάς,
2884 927 3086 997 καίπερ
3117 928 3220 980 ὑπὸ
3252 926 3340 980 τοῦ
3371 928 3589 1007 δαίμοη

1989 1033 2073 1080 νος
2112 1016 2201 1070 τὸν
2237 1018 2361 1071 νοῦν
2394 1017 2703 1082 σκοτωθεὶς,
2732 1019 2822 1073 τὶν
2857 1019 3240 1089 κεκρυμμένον
3270 1018 3443 1082 ἐξεῖπε
3472 1018 3562 1073 λο-

1987 1108 2203 1179 γισμὸν,
2238 1109 2332 1162 καὶ
2356 1109 2453 1180 τὴν
2479 1110 2759 1180 παρακοὴν
2782 1110 3146 1181 ἐφανέρωσεν.
3184 1113 3280 1164 Ὃν
3308 1110 3563 1180 ἐξομολο-

1986 1199 2293 1269 γησάμενον
2342 1200 2370 1252 ὁ
2428 1198 2874 1268 συμπαθέστατος
2927 1198 3105 1270 γέρων
3154 1197 3279 1265 ὑγιῆ
3323 1200 3565 1251 ἀποκατ-

1986 1291 2234 1360 έστησεν,
2284 1289 2524 1343 ἐπιθέσει
2583 1290 2751 1359 ἁγίων
2796 1289 2994 1361 χειρῶν
3058 1290 3154 1342 καὶ
3201 1289 3333 1359 εὐχῇ
3374 1289 3563 1342 τοῦτον

1985 1383 2301 1450 ἀπαλλάξας
2334 1383 2427 1437 τοῦ
2474 1382 2677 1445 πάθους
2707 1398 2720 1412 ⁸
2751 1377 2868 1436 εἶτα
2899 1383 2992 1435 καὶ
3023 1380 3333 1453 προσειπών
3359 1397 3373 1410 θ
3416 1380 3561 1449 Πλή-

1989 1492 2080 1547 ρου
2117 1493 2209 1528 σου
2256 1475 2352 1546 τὴν
2382 1476 2704 1546 ὑπόσχεσιν,
2760 1474 3046 1547 ἄνθρωπε,
3113 1475 3179 1545 ἣν
3230 1475 3396 1528 πάλαι
3424 1491 3560 1545 προ-

1984 1568 2289 1640 ενενόησας.

377 1833 498 1901 Quo
540 1833 761 1903 quidem
813 1832 1191 1889 demonstrato
1250 1836 1550 1901 miraculo,
1602 1854 1725 1894 cum
1765 1839 1875 1908 jam

2052 1831 2277 1887 Τοιοῦτο
2318 1832 2601 1904 τεράστιον
2646 1832 2784 1903 πρὸς
2831 1831 2968 1906 [τὰ]
3003 1831 3078 1903 τῷ
3128 1831 3271 1886 τέλει
3316 1832 3411 1885 τοῦ
3441 1832 3558 1903 βίου

306 1926 430 1980 vitae
459 1924 580 1979 linis
610 1923 943 1988 immineret,
974 1939 1090 1991 eos,
1119 1927 1214 1995 qui
1250 1935 1382 1982 tunc
1415 1929 1660 1995 aderant,
1694 1932 1878 1987 multis

306 2017 411 2089 piis
459 2015 981 2072 commonitionibus
1028 2017 1097 2073 ad
1152 2018 1374 2075 virtutis
1433 2021 1673 2075 studium
1720 2031 1883 2092 atque

304 2122 547 2164 amorem
597 2099 1059 2174 cohortatus,jut
1108 2118 1384 2179 postrema
1429 2111 1550 2181 ejus
1600 2112 1884 2167 declarant

302 2200 492 2265 verba,
517 2198 585 2253 ad
615 2199 971 2269 tranquillum
1000 2200 1189 2255 aeterni
1222 2201 1374 2272 regni
1403 2210 1617 2272 portum
1651 2202 1884 2259 feliciter

303 2293 609 2364 emigravit,
651 2300 948 2363 sanctaque
974 2306 1038 2347 ac
1067 2292 1178 2347 Deo
1222 2303 1376 2363 grata
1412 2295 1744 2359 accessione,
1779 2312 1883 2349 nu-

303 2399 515 2441 merum
549 2385 856 2448 beatorum,
889 2384 983 2455 qui
1011 2384 1080 2438 ab
1110 2384 1267 2441 initio
1298 2385 1515 2440 fuerant
1546 2388 1752 2449 saeculi.
1783 2403 1881 2442 eu-

303 2478 551 2536 mulavit.
588 2476 725 2531 Nam
763 2477 820 2533 in
861 2477 1182 2532 coelestibus
1212 2478 1391 2535 anima
1430 2478 1602 2547 ipsius
1634 2479 1883 2533 consedit

300 2569 693 2635 tabernaculis,
735 2567 827 2622 ubi
861 2568 1178 2638 angelorum
1213 2577 1343 2622 sunt
1386 2569 1630 2634 ordines,
1662 2570 1752 2623 ubi
1786 2585 1883 2639 pa-

303 2664 673 2719 triarcharum
690 2660 898 2731 pepuli,
918 2659 1012 2714 ubi
1032 2661 1421 2729 prophetarum
1445 2661 1621 2723 ebori,
1643 2661 1734 2715 ubi
1760 2676 1885 2730 apo-

301 2753 565 2808 stolorum
589 2748 771 2810 sedes,
800 2747 893 2802 ubi
912 2756 1210 2818 martyrum
1237 2747 1521 2819 gaudium,
1549 2748 1640 2802 ubi
1666 2749 1880 2818 piorum

300 2843 518 2907 lmtilim,
539 2839 925 2894 ubidoctorum
946 2838 1222 2908 splendor,
1242 2838 1329 2891 ubi
1352 2838 1593 2893 celebres
1619 2840 1883 2908 primoge-

302 2934 540 2987 nitorum
558 2936 755 2992 cretus,
776 2928 869 2983 ubi
893 2943 1041 2998 pura:
1058 2927 1449 2983 exsultantium
1472 2943 1652 2993 voces,
1680 2929 1770 2982 ubi
1793 2929 1897 2983 illa.

300 3025 439 3079 bona
458 3028 701 3093 patent,q
711 3034 791 3076 ua:
807 3018 983 3089 angeli
1001 3016 1315 3088 prospicere
1330 3023 1539 3087 Optant,
1562 3018 1612 3070 in
1630 3027 1880 3071 sanctum

300 3116 451 3171 illum
476 3115 656 3170 locum
679 3112 993 3170 felicissima
1016 3109 1160 3164 beati
1185 3108 1430 3178 clarique
1452 3109 1618 3179 patris
1633 3109 1879 3179 lipbrzem

1983 1921 2486 1991 κατεργασάμενος,
2537 1921 2758 1984 πολλαῖς
2800 1939 2860 1974 τε
2889 1921 3239 1993 παραινέσεσι
3276 1923 3400 1986 τοὺς
3433 1940 3561 1976 συνο

1983 2011 2141 2074 όντας
2180 2012 2314 2083 πρὸς
2344 2013 2433 2065 τὸν
2465 2012 2564 2082 τῆς
2595 2013 2795 2084 ἀρετῆς
2818 2011 2982 2083 ζῆλον
3026 2013 3403 2085 διαναστήσας,
3432 2014 3506 2075 ὼς
3528 2014 3558 2064 ό

1982 2101 2289 2164 τελευταῖος
2310 2101 2475 2156 αὐτοῦ
2509 2102 2666 2171 λόγος
2707 2102 2891 2173 δηλοῖ,
2923 2104 3000 2165 είς
3028 2104 3119 2156 τὸν
3148 2102 3456 2173 ἀκύμαντον
3479 2101 3558 2154 λι-

1987 2192 2121 2262 μένα
2149 2194 2245 2264 τῆς
2276 2194 2496 2248 αἰωνίου
2539 2193 2813 2264 βασιλείας
2847 2194 3133 2262 ἐξέπνευσε
3178 2194 3271 2246 καὶ
3298 2193 3556 2246 εύαπόδε-

1985 2299 2127 2344 κτος.
2155 2283 2265 2337 Ποῦ
2287 2284 2343 2337 δὲ
2383 2284 2482 2355 τὴν
2504 2285 2710 2339 ἐκείνου
2734 2286 2909 2357 ψυχὴν
2931 2286 3163 2356 ἀλλαχοῦ
3188 2286 3421 2349 εἰκάζειν
3452 2285 3557 2356 χρὴ

1983 2374 2307 2439 καταλῦσαι,
2332 2375 2364 2446 ἢ
2386 2375 2543 2447 δῆλον
2565 2378 2622 2429 ὲν
2650 2380 2875 2446 σκηναῖς
2897 2378 3189 2447 οὐρανίοις,
3216 2378 3349 2431 ὅπου
3376 2375 3557 2442 τάξεις

1985 2465 2251 2533 ἀγγέλων,
2302 2467 2437 2520 ὅπου
2480 2468 2631 2539 χοροὶ
2664 2470 2976 2540 προφητῶν,
3024 2470 3159 2523 ὅπου
3202 2468 3381 2541 θρόνοι
3418 2471 3556 2523 ἀπο-

1986 2556 2208 2620 στόλων,
2255 2557 2387 2609 ὅπου
2419 2559 2562 2627 χαρά
2600 2557 2708 2610 τῶν
2741 2557 3053 2629 μαρτύρων,
3108 2559 3242 2612 ὅπου
3279 2559 3438 2611 ὁσίων
3466 2558 3555 2610 εύσ

1987 2649 2252 2721 φροσύνη,
2285 2649 2418 2702 ὅπου
2447 2649 2778 2703 διδασκάλων
2805 2649 3145 2721 λαμπρότης,
3177 2650 3311 2702 ὅπου
3348 2666 3556 2720 πρωτο-

1982 2742 2157 2795 τόκων
2200 2742 2537 2811 πανήγυρις,
2586 2742 2678 2794 καὶ
2724 2737 2856 2812 ἦχος
2906 2740 3141 2812 καθαρὸς
3191 2742 3298 2793 τῶν
3348 2738 3555 2793 ἐκεῖθεν

1984 2832 2369 2904 ἑορταζόντων.
2408 2833 2506 2894 Εἰς
2548 2833 2730 2885 ἐκεῖνα
2762 2829 2830 2884 τά
2874 2831 3083 2900 ἀγαθά,
3130 2830 3167 2885 ὃ.
3200 2830 3557 2901 ἐπιθυμοῦσιν

1984 2920 2204 2989 ἄγγελοι
2250 2920 2612 2991 παρακύψαι,
2655 2923 2734 2984 εἰς
2761 2923 2966 2974 ἐκεῖνον
3002 2921 3089 2974 τὸν
3118 2922 3261 2995 ἱερὸν
3301 2923 3555 2994 ἐφοίτησε

1984 3011 2159 3081 χῶρον
2206 3012 2240 3081 ἡ
2288 3009 2381 3064 τοῦ
2420 3008 2688 3082 μακαρίου
2737 3010 2827 3063 καὶ
2869 3010 3109 3080 ἀοιδίμου
3145 3011 3358 3081 Πατρός
3403 3014 3555 3083 ἡμῶν

1985 3102 2461 3173 πολυμακάριστος
2488 3103 2581 3155 καὶ
2608 3103 2736 3171 ἀγία
2763 3103 2929 3174 ψυχή.
2967 3103 3236 3174 Ἥγοῦμαι
3258 3104 3313 3157 δὲ
3338 3107 3402 3175 τῇ
3421 3105 3553 3175 arpi);

299 3208 478 3261 anima
507 3203 775 3275 pervenit.
807 3201 1059 3254 Arbitror
1085 3213 1216 3253 vero
1253 3212 1377 3251 eum
1419 3198 1473 3250 in
1513 3198 1713 3252 coelum
1759 3198 1875 3267 ipsa

1982 3194 2208 3266 οὐρανὸν
2234 3194 2402 3265 αύτῆς
2432 3194 2690 3248 ἀναϐάσει
2720 3195 2973 3266 ἡγεῖσθαι
3004 3195 3102 3259 τὰς
3129 3196 3281 3263 παρὰ
3322 3198 3415 3250 τὸν
3443 3196 3553 3267 βίον

298 3295 653 3359 ascenderet,
705 3292 951 3364 singulas
998 3304 1139 3360 quas
1173 3288 1226 3343 in
1273 3288 1378 3342 hac
1420 3288 1530 3341 vita
1561 3288 1878 3343 excoluerat

299 3390 531 3444 virtutes
564 3385 930 3457 praecessisse,
958 3397 1022 3435 ae
1054 3395 1143 3436 res
1174 3380 1294 3433 illas
1326 3379 1636 3434 reconditas
1663 3388 1717 3434 et
1754 3395 1878 3449 spe-

297 3479 658 3545 eiosissimas,
686 3490 808 3547 quae
833 3471 1165 3528 mortalibus
1190 3469 1342 3525 cerni
1364 3477 1645 3539 nequeunt
1674 3469 1873 3535 oculis,

296 3569 744 3632 demonstrasse;
771 3562 1123 3631 omniumque
1152 3558 1665 3615 excellentissimam
1691 3558 1874 3612 chari-

296 3668 458 3713 tatem
496 3657 578 3712 sic
627 3656 695 3710 ad
747 3668 868 3709 eam
928 3651 1275 3707 accedentem
1312 3651 1519 3706 dixisse
1565 3670 1578 3705 :
1620 3651 1871 3717 Intuere,

295 3750 493 3804 dilecta
528 3749 709 3801 anima
730 3786 745 3813 ,
774 3743 1270 3815 pulchritudinem,
1303 3758 1466 3814 quam
1501 3742 1600 3796 tibi
1647 3758 1871 3814 compa-

294 3842 443 3905 ravi,
476 3838 746 3908 simulque
775 3836 1002 3892 delicias
1050 3835 1377 3890 ostendisse.
1413 3833 1645 3904 Moxque
1674 3850 1868 3889 accur-

292 3939 502 3987 rentem
531 3929 911 3991 humilitatem,
942 3928 1019 3981 ita
1049 3942 1167 3981 eam
1208 3927 1570 3997 compellasse
1600 3945 1612 3980 :
1652 3927 1869 3996 Aspice,

294 4025 476 4078 anima
502 4022 611 4078 Deo
639 4020 826 4083 chara,
858 4018 1174 4091 cujusmodi
1200 4034 1299 4089 ego
1324 4019 1421 4074 tibi
1453 4020 1635 4073 locum
1669 4019 1871 4089 quietis

291 4114 573 4171 exornavi.
591 4112 729 4169 Tum
752 4121 977 4169 emteras
998 4127 1189 4168 omnes
1207 4111 1482 4183 sigillatim
1505 4112 1867 4176 recensuisse,

291 4209 807 4277 demonstrasseque
848 4206 1068 4276 praemia
1096 4245 1110 4270 ,
1145 4220 1268 4275 quae
1303 4203 1412 4274 jam
1447 4203 1603 4270 inde,
1637 4219 1761 4258 cum
1804 4204 1872 4259 ab

292 4302 411 4372 ipsa
448 4293 627 4354 adhuc
655 4299 708 4352 in
738 4313 969 4369 corpore
1016 4297 1408 4353 excolerentur
1447 4306 1612 4366 atque
1648 4312 1871 4352 exerce-

290 4398 499 4455 rentur,
531 4390 584 4444 in
618 4388 860 4444 futurum
902 4388 1313 4459 comparabant.
1354 4387 1399 4442 Ο
1421 4388 1785 4453 decantanda,
1817 4393 1872 4443 et

288 4483 502 4537 imitatu
535 4481 852 4553 dignissima
896 4480 1217 4550 emigratiol
1266 4479 1310 4533 Ο
1367 4495 1552 4545 mors,
1612 4479 1869 4549 lacrymis

1978 3285 2141 3339 αὐτοῦ
2169 3285 2389 3356 ἀρετάς,
2415 3287 2508 3340 καὶ
2528 3287 2792 3341 δεικνύειν
2818 3290 2954 3360 αὐτῇ
2978 3290 3219 3360 ἑκάστην
3246 3289 3314 3342 τά
3340 3289 3554 3362 ἄρρητα

1978 3380 2161 3432 ἐκεῖνα
2195 3380 2288 3432 καὶ
2330 3380 2535 3433 ἀθέατα
2586 3380 2788 3450 κάλλη,
2838 3382 2946 3433 καὶ¹
2979 3382 3381 3453 προσελθοῦσαν
3415 3384 3549 3453 τάχα

1976 3468 2073 3540 τὴν
2119 3470 2337 3540 μείζονα
2374 3471 2560 3523 πασῶν
2594 3471 2701 3524 τῶν
2735 3472 2946 3543 ἀρετῶν
2980 3474 3220 3543 ἀγάπην,
3270 3473 3439 3537 οὕτως
3469 3477 3546 3527 εἰ·

1976 3566 2098 3616 πεῖν
2117 3578 2130 3592 ·
2166 3562 2326 3633 Ὅρα,
2357 3562 2590 3632 φιλτάτη
2612 3562 2776 3633 ψυχὴ,
2808 3560 2917 3616 οἶόν
2949 3581 3028 3616 σοι
3065 3565 3391 3636 προεξένησα
3419 3566 3545 3619 κάλ-

1975 3653 2066 3718 λος
2089 3671 2103 3687 ·
2144 3655 2239 3707 καὶ
2283 3655 2379 3707 σὺν
2417 3654 2496 3725 τῷ
2531 3655 2673 3726 λόγῳ
2706 3654 3088 3720 καθυποδεῖξαι
3122 3657 3181 3709 τδ
3208 3658 3536 3729 ὲντρύφημα.

1974 3747 2084 3798 Καὶ
2146 3745 2244 3817 τὴν
2307 3747 2807 3818 ταπεινοφροσύνην
2862 3746 3268 3818 ὲπιδραμοῦσαν
3315 3749 3539 3817 φράσαι·

1974 3837 2193 3902 Σκόπει,
2224 3838 2577 3909 πεποθημένη
2598 3837 2715 3909 Θεῷ
2755 3838 2923 3908 ψυχὴ,
2956 3833 3066 3892 οἷον
3090 3838 3245 3908 κάγώ
3285 3856 3366 3892 σοι
3386 3840 3548 3892 τόπον

1974 3930 2329 3993 ἀναπαύσεως
2369 3928 2657 4000 ἡτοίμασα.
2716 3930 2825 3983 Καὶ
2853 3927 2992 3983 κατὰ
3027 3931 3192 4000 μέρος
3238 3928 3336 3993 τὰς
3374 3925 3550 3992 πάσας

1973 4024 2146 4077 εἰπεῖν
2174 4040 2231 4076 τε
2267 4023 2360 4076 καὶ
2392 4022 2794 4086 καθυποδεῖξαι,
2823 4023 2941 4086 οἵας
2968 4024 3103 4093 αὐτῇ
3133 4022 3231 4086 τὰς
3257 4023 3549 4085 ἀντιδόσεις
3644 4070 3645 4073 η

1974 4114 2236 4187 πρότερον
2289 4114 2729 4185 φιλοπονηθεῖσαι
2775 4114 3142 4185 προεξένησαν
3182 4113 3427 4185 ὕστερον.
3486 4115 3549 4167 Ὢ

1977 4209 2355 4279 πολυυμνήτου
2395 4209 2488 4259 καὶ
2532 4206 2774 4277 ζηλωτῆς
2823 4206 3131 4278 ἀποδημίας
3168 4208 3179 4260 l
3231 4206 3277 4259 ὣ
3318 4207 3546 4261 θανάτου

1972 4300 2222 4371 δακρύων
2259 4300 2332 4371 μὴ
2367 4299 2618 4369 δεομένου
2655 4299 2667 4350 !
2700 4298 2744 4351 ὣ
2773 4298 3052 4370 χωρισμοῦ
3077 4338 3091 4362 ,
3145 4300 3241 4369 τὴν
3276 4298 3545 4368 ποθουμέ-

1972 4406 2070 4459 νην
2122 4390 2508 4461 προξενοῦντος
2552 4390 2895 4459 συνάφειανι
2958 4389 3002 4442 ὣ
3055 4389 3438 4460 μεταστάσεως
3486 4389 3545 4441 οὗ

1972 4480 2317 4552 παρεχούσης
2371 4481 2447 4553 τῷ
2514 4482 2841 4553 μεταστάντι
2921 4480 3277 4551 μετάμελονί
3358 4479 3406 4534 ὣ
3452 4498 3547 4550 κη-

288 4586 395 4626 non
423 4570 702 4641 indigens!
734 4568 780 4624 Ο
813 4568 1084 4639 separatio
1108 4575 1349 4637 Optatam
1382 4569 1704 4624 societatem
1739 4584 1865 4621 con-

1980 4567 2114 4632 Ξείας
2157 4569 2217 4622 οὐ
2261 4570 2606 4642 κεκτημένης
2648 4569 2982 4641 μετάμελονί
3039 4570 3126 4635 Ἐξ
3158 4564 3232 4624 ὧν
3272 4570 3381 4641 γὰρ
3424 4571 3545 4626 τοὺς

287 4664 522 4719 eiliansl
576 4660 621 4715 Ο
674 4661 974 4724 transitus,
1021 4657 1181 4728 cujus
1227 4667 1604 4713 transeuntem
1637 4659 1863 4714 minime

285 4754 547 4824 paenitet!
575 4751 619 4808 Ο
649 4751 835 4813 funus,
864 4750 1041 4805 omnis
1063 4749 1268 4805 doloris
1294 4758 1457 4820 atque
1487 4750 1745 4804 molestia:
1764 4765 1861 4801 ex-

285 4847 441 4916 pers!
470 4844 607 4899 Dum
634 4844 784 4899 enim
807 4843 980 4913 ipsius
1008 4856 1191 4896 mores
1219 4841 1574 4910 suspicimus,
1600 4837 1860 4892 consola-

283 4934 486 4988 tionem
519 4931 643 4985 inde
672 4931 1025 5001 percipimus.
1060 4929 1303 4983 Aliorum
1340 4931 1541 4999 quippe
1572 4928 1855 4981 hominum

282 5039 470 5089 mors,
528 5020 638 5075 illis
685 5021 777 5091 qui
831 5021 1236 5092 relinquuntur,
1283 5012 1617 5091 lacrymandi
1661 5021 1859 5092 praebet

281 5128 505 5170 causam
554 5133 568 5168 :
615 5123 934 5172 sanctorum
975 5122 1158 5166 autem
1220 5111 1465 5166 laetitiam
1525 5112 1685 5166 nobis
1723 5112 1865 5166 cele-

281 5209 645 5277 britatemque
666 5206 959 5262 conciliat:
990 5218 1160 5274 quare
1179 5204 1280 5259 ista
1305 5218 1413 5258 non
1432 5202 1663 5258 dicenda
1690 5219 1860 5267 mors,

280 5296 376 5351 sed
410 5296 593 5366 potius
629 5295 930 5358 transitus,
977 5301 1032 5347 et
1071 5291 1138 5347 ad
1185 5290 1348 5346 vitam
1403 5291 1534 5347 hinc
1583 5291 1862 5347 meliorem

279 5389 590 5458 emigratio.

350 5479 477 5536 Hac
517 5489 667 5546 sunt,
703 5494 825 5550 qua:
860 5478 981 5542 tibi,
1030 5476 1252 5531 Patrum
1287 5476 1491 5546 Optime
1514 5515 1528 5542 ,
1561 5476 1860 5547 mundique

276 5570 471 5624 doctor
502 5571 829 5636 clarissime,
874 5568 1094 5625 laudum
1129 5568 1403 5639 praeconia
1438 5568 1618 5622 audax
1652 5569 1856 5638 lingua,

276 5669 339 5717 ut
364 5661 494 5717 vilia
525 5663 875 5730 munuscula,
921 5659 1080 5715 offert
1109 5677 1124 5715 :
1157 5675 1266 5715 non
1291 5673 1354 5714 ea
1389 5658 1612 5730 quidem
1639 5675 1739 5730 pro
1776 5658 1860 5713 di-

279 5754 511 5829 gnitate,
547 5767 727 5823 neque
759 5762 820 5809 ut
848 5751 1112 5823 indigenti
1136 5749 1234 5806 tibi
1258 5767 1273 5805 :
1301 5765 1467 5823 quam
1492 5750 1637 5805 enim
1666 5751 1860 5807 aliene

1970 4662 2177 4715 ἐκείνου
2206 4663 2438 4735 τρόπους
2469 4663 2849 4734 θαυμάζομεν,
2900 4665 2963 4716 ἐκ
2994 4662 3195 4716 τούτων
3231 4661 3329 4733 τὴν
3365 4678 3535 4733 παρα.

1972 4755 2167 4825 μυθίαν
2213 4755 2578 4826 λαμϐάνομεν.
2652 4755 2773 4807 Ἐπὶ
2808 4756 2906 4825 μὲν
2940 4754 3048 4825 γάρ
3093 4752 3199 4805 τῶν
3237 4751 3414 4805 ἀλλων
3448 4753 3539 4804 ἀν·-

1967 4848 2220 4921 θρὼπων,
2259 4851 2287 4900 ὁ
2335 4848 2560 4912 θάνατος
2604 4850 2775 4912 αἴτιος
2807 4847 3057 4919 δακρύων
3087 4849 3199 4909 τοῖς
3231 4844 3539 4916 περιλειποι

1969 4936 2149 5005 μένοις
2190 4936 2512 5007 γνωρίζεται
2537 4954 2549 4968 ο
2604 4937 2697 4990 ὲπὶ
2735 4936 2792 4990 δὲ
2825 4936 2932 4989 τῶν
2974 4936 3163 5004 ἁγίων,
3201 4932 3535 5003 εὐφροσύνης

1968 5029 2058 5082 καὶ
2090 5027 2446 5100 πανηγύρεως
2479 5027 2799 5082 καθίσταται
2832 5027 3089 5099 πρόξενος
3112 5043 3126 5057 ο
3181 5026 3264 5078 ὅτι
3291 5025 3353 5078 οὐ
3379 5024 3537 5077 θάνα·

1962 5138 2054 5183 τος
2088 5120 2115 5170 ὁ
2141 5120 2398 5186 τοιοῦτος,
2434 5120 2568 5173 ἀλλὰ
2601 5120 2932 5190 μετάστασις
2963 5116 3161 5189 μᾶλλον
3188 5118 3284 5170 καὶ
3311 5114 3446 5187 πρὸς
3470 5112 3533 5165 τὰ

1964 5212 2194 5284 κρείττω
2236 5214 2548 5285 μετάϐασις.

2029 5474 2212 5530 Ταῦτά
2242 5492 2322 5528 σοι
2368 5476 2496 5548 παρ’
2523 5474 2681 5545 ἡμῶν
2702 5515 2714 5538 ,
2753 5474 2859 5528 τῶν
2892 5474 3150 5544 Πατέρων
3187 5471 3401 5542 ἄριστε,
3447 5467 3525 5522 καὶ

1956 5566 2056 5638 τῆς
2080 5564 2404 5637 οἰκουμένης
2428 5565 2734 5631 διδάσκαλε,
2761 5564 2931 5634 τολμη
2943 5562 3008 5635 ρά
3030 5561 3271 5632 γλώσση,
3300 5561 3377 5624 ὡς
3394 5558 3525 5626 δῶρα

1958 5658 2086 5728 παρ’
2106 5657 2281 5724 ἀξίαν,
2310 5657 2644 5727 προσάγεται
2668 5654 2736 5709 τὰ
2770 5654 3021 5724 ἐγκώμια.
3039 5670 3054 5685 ·
3075 5653 3173 5722 οὐχ
3194 5652 3271 5715 ὡς
3285 5649 3526 5721 χρῄζοντι

1959 5749 2142 5817 (ποίαν
2163 5748 2273 5820 γὰρ
2301 5746 2548 5801 εὔκλειαν
2565 5747 2843 5818 χαρίζεται
2869 5746 3049 5814 λόγος,
3072 5744 3247 5798 ὀπίσω
3262 5745 3360 5814 τῆς
3382 5740 3528 5806 ἀξίας
