3918 6204
397 265 503 324 843

1392 276 1476 332 os
1530 277 1692 333 VlTA
1732 278 1788 333 s.
1829 275 2081 333 PATRIS
2119 276 2424 332 spumat
2465 256 2642 331 SYRl.

3543 269 3653 329 850

398 380 493 434 τοῦ
527 381 918 452 ἐπαινουμένου
972 387 1256 462 βαδίζων),
1292 391 1425 464 πρὸς
1465 395 1649 467 ὄνησιν
1681 396 1735 449 δέ
1778 395 1976 466 μᾶλλον

2085 403 2242 465 queat
2273 393 2501 464 gloriam
2565 391 2780 456 oratio,
2839 404 2960 461 quae
3006 386 3210 443 laudati
3260 382 3467 442 meritis
3490 386 3652 455 plane

399 474 511 527 τῶν
534 472 752 537 ζώντων
776 493 789 505 ’
823 478 902 531 ὅτι
932 482 1158 553 μεγίστη
1188 486 1300 548 τοῖς
1328 485 1539 547 πολλοῖς
1569 488 1660 540 ἐπὶ
1684 487 1750 540 τὰ
1782 486 1975 557 βελτίω

403 566 748 637 παράκλησίς
768 586 827 621 τε
858 571 952 623 καὶ
982 575 1281 645 προτροπὴ,
1332 578 1365 647 ή
1387 577 1493 630 τῶν
1520 578 1739 646 ἀγαθῶν
1765 579 1977 651 ἀνδρῶν

405 656 666 726 εὐφημία.
722 659 971 729 Ἐκίνησε
1004 663 1060 715 δὲ
1101 664 1235 735 πρὸς
1273 666 1496 730 τούτους
1539 671 1686 739 ἡμᾶς
1738 670 1863 731 τοὺς
1890 668 1979 721 λό-

407 764 534 815 γους
566 753 659 802 καὶ
691 751 990 825 τολμητίας
1015 756 1328 825 εἰργάσατο,
1366 759 1537 812 πολλά
1573 761 1670 829 μὲν
1699 761 1792 814 καὶ
1823 761 1976 815 ἄλλα.

420 836 523 889 Ἐῶ
552 838 661 911 γὰρ
690 839 801 909 ἐγὼ
834 841 902 895 τά
935 843 1185 917 πολυειδῆ
1214 851 1627 920 προτερήματα,
1669 851 1761 904 καὶ
1798 850 1857 903 τὸ
1885 850 1977 904 τοῦ

408 928 525 999 βίου
558 931 654 984 καί⁸
682 931 839 1000 λόγου
873 934 1063 1006 κόσμῳ
1105 940 1265 992 παντὶ
1291 940 1608 1012 διαλάλητον
1630 960 1643 972 '
1691 943 1894 995 τούτων
1922 943 1979 995 δὲ

405 1021 569 1076 πλέον
603 1024 635 1094 ἡ
667 1024 954 1096 θαυμαστή
1000 1046 1092 1083 σου
1127 1032 1435 1097 ἐπιστασία,
1483 1034 1576 1088 καὶ
1605 1035 1980 1106 ἀπολύτρωσις

405 1114 440 1182 ἠ
466 1115 545 1177 εἰς
578 1114 668 1167 τὸν
717 1116 800 1169 σοὶ
837 1121 1200 1189 γεγενημένον
1238 1122 1548 1194 ὁμώνυμον,
1590 1126 1682 1179 τὸν
1719 1126 1813 1179 καὶ
1845 1123 1980 1195 πρὸς

405 1206 630 1269 τούτους
669 1208 815 1277 ἡμᾶς
846 1209 1218 1266 ἀποδύσασθαι
1254 1216 1380 1279 τοὺς
1423 1216 1638 1284 ἀγῶνας
1671 1217 1979 1288 προτρεψά-

411 1312 591 1365 μενον,
630 1296 688 1360 ὃς
722 1299 823 1352 ὑπὸ
852 1299 1143 1373 βαρϐάρων
1183 1306 1423 1373 ἐκγόνων
1456 1307 1550 1361 τοῦ
1576 1308 1800 1379 Ἰσμαὴλ
1834 1309 1983 1380 δορυ-

409 1383 613 1446 altera;
633 1386 921 1456 ἀπαχθεὶς,
943 1392 1035 1443 καὶ
1054 1395 1152 1463 τῆς
1169 1395 1535 1466 ἐνεγκαμένης
1553 1398 1613 1450 ού
1640 1398 1835 1469 μικρὸν
1857 1399 1979 1469 χρό-

409 1492 499 1527 νον
532 1478 841 1547 χωρισθεὶς,
884 1481 1016 1551 πρὸς
1044 1484 1113 1536 τὰ
1153 1485 1326 1539 οἰκεῖα
1354 1487 1720 1553 παλινοστῶν,
1762 1490 1981 1561 καὶτῆς

405 1565 528 1619 ὁδοῦ
560 1568 656 1639 τὴν
682 1570 1015 1627 λυσιτέλειαν
1053 1576 1263 1643 ἀγνοῶν
1282 1618 1296 1642 ,
1345 1578 1446 1649 τῆς
1484 1581 1582 1650 σῆς
1612 1581 1769 1651 ἔτυχε
1801 1596 1981 1651 παρα-

407 1655 560 1721 δόξου
593 1660 933 1726 ἐπιστασίας,
981 1665 1075 1717 καὶ
1128 1667 1225 1737 τὴν
1272 1668 1390 1722 ὁδὸν
1422 1670 1671 1741 ἐδιδάχθη
1716 1671 1815 1741 τὴν
1846 1671 1979 1741 πρὸς

406 1747 665 1804 διάσωσιν
687 1754 886 1822 μᾶλλον
915 1757 1245 1828 ἐπιτηδείαν,
1263 1762 1356 1814 καὶ
1390 1761 1483 1815 τοῦ
1520 1763 1726 1816 σκοποῦ
1752 1738 1826 1826 ῶς
1850 1738 1981 1833 άλη-
2015 1738 2055 1792 Β

407 1839 521 1904 θῶς
546 1841 606 1893 ού
634 1841 935 1916 διήμαρτε.
975 1847 1083 1901 Ναὶ
1114 1850 1221 1920 μὴν
1254 1851 1347 1904 καὶ
1371 1853 1450 1914 εἰς
1482 1852 1613 1906 αὐτὸ
1643 1853 1983 1923 καταντήσας

408 1931 516 1984 τῶν
547 1933 804 1989 κινδύνων
829 1936 890 1989 τὸ
912 1937 1096 2009 ἄκρον,
1121 1940 1213 1993 καὶ
1237 1940 1460 1997 θάνατον
1479 1944 1848 2014 ἐκδεχόμενος,
1879 1944 1983 1997 ὑπὸ

410 2025 674 2095 ἐπηρείας
698 2027 835 2080 κατά
853 2029 950 2098 τήν
970 2030 1087 2083 όδδν
1110 2031 1445 2104 βαρϐαρικῆς
1462 2035 1747 2099 στενωθεὶς
1762 2076 1775 2098 ,
1800 2035 1874 2097 ὡς
1896 2036 1987 2106 μό-

409 2134 498 2168 νον
521 2116 617 2186 τῆς
645 2118 744 2187 σῆς
768 2121 1083 2191 ἐπεμνήσθη
1114 2124 1478 2195 προσηγορίας
1494 2167 1507 2188 ,
1530 2127 1798 2180 ἐπειπὼν
1829 2128 1983 2195 ’Ἄγιε

423 2206 682 2279 Ἐ’ρραῒμ,
717 2208 900 2280 βοήθει
936 2229 1047 2281 μοι.
1086 2215 1195 2267 Καὶ
1218 2214 1316 2285 τὴν
1344 2215 1549 2287 πλάνην
1581 2218 1689 2272 τῶν
1726 2217 1983 2271 κινδύνων

408 2300 659 2363 ἀϐλαϐῶς
684 2302 955 2374 ὑπερέϐη,
1003 2306 1096 2358 καὶ
1127 2305 1220 2359 τοῦ
1256 2306 1418 2376 φόϐου
1451 2309 1820 2380 κατεφρόνησε
1840 2350 1854 2374 ,
1890 2310 1984 2363 καὶ

410 2391 683 2461 σωτηρίας
714 2393 852 2464 ὑπὲρ
881 2394 1005 2449 νοῦν
1027 2396 1310 2467 τετύχηκε,
1351 2399 1444 2452 καὶ
1475 2402 1541 2470 τῇ
1588 2400 1810 2470 πατρίδι
1851 2402 1983 2471 παρ’

409 2484 600 2536 ἐλπίδα
643 2485 746 2538 ὑπὸ
788 2486 883 2557 τῆς
934 2488 1031 2557 σῆς
1099 2490 1353 2559 προνοίας
1399 2491 1801 2563 φρουρούμενος
1859 2492 1986 2545 ἀπο-

407 2573 639 2633 δέδοται.
701 2574 800 2629 Διά
846 2578 1032 2641 τοῦτο,
1090 2581 1172 2644 εἰς
1204 2580 1273 2634 τά
1304 2583 1679 2654 προειρημένα
1707 2585 1984 2655 προτεῖναι

410 2664 838 2736 ἐκτατικώτερον
873 2667 1270 2742 ἐτολμήσαμεν,
1324 2672 1417 2726 καὶ
1457 2673 1565 2726 τῶν
1615 2673 1851 2738 ἐπαίνων
1892 2676 1986 2743 ἐφ-

411 2754 652 2823 άψασθαι
701 2757 1033 2830 ἀκαθάρτοις
1078 2761 1451 2833 ἐτολμήσαμεν
1483 2763 1735 2834 χείλεσιν.
1786 2766 1897 2818 Καὶ
1936 2767 1985 2820 εί

412 2843 513 2914 μὲν
537 2844 687 2916 παρὰ
716 2847 849 2902 πολὺ
886 2851 978 2903 τοῦ
1019 2850 1230 2915 δέοντος
1256 2832 1584 2923 ήλθομεννέν
1636 2832 1748 2917 τοῖς
1788 2854 1983 2922 λόγοις,

410 2934 582 2988 αἴτιον
611 2936 670 2989 σὲ
716 2940 1041 3016 γεγενῆσθαι
1076 2942 1176 3013 τῆς
1216 2942 1500 3013 ἐπιτυχίας
1546 2943 1984 3016 στηλογραςήσοο

2080 485 2424 555 superatur?
2468 481 2668 538 Verum
2704 492 2928 552 propter
2963 481 3264 535 viventium
3300 477 3482 547 p0tius
3508 476 3653 531 utili-

2080 583 2243 628 tatem
2276 589 2292 636 ;
2329 588 2454 627 nam
2496 574 2765 627 bonorum
2818 577 2980 640 atque
3026 568 3467 638 praestantiorum
3503 565 3651 619 viro-

2079 678 2201 717 rum
2240 662 2513 721 encomia.
2550 661 2842 715 maximam
2893 658 3168 728 plerisque
3222 655 3653 711 consolationem

2078 761 2133 808 et
2165 752 2597 807 cohortationem
2653 750 2720 805 ad
2776 749 3001 805 meliora
3026 748 3283 802 afferunt.
3317 745 3468 801 lianc
3521 760 3653 800 vero

2079 843 2336 900 laudandi
2377 843 2717 914 provinciam
2750 840 2987 895 alacrius
3016 839 3378 909 suscepimus,
3410 851 3535 891 cum
3565 851 3655 889 va-

2079 937 2178 991 riis
2204 935 2328 990 aliis
2361 934 2578 988 adducti
2617 932 2925 986 rationibus
2945 972 2957 991 ,
2986 937 3181 1002 praeter
3212 930 3334 983 vita:
3362 927 3653 983 doctrinae-

2079 1042 2185 1096 que
2213 1035 2321 1079 tuae
2350 1024 2545 1077 famam
2574 1030 2688 1077 toto
2730 1031 2999 1077 terrarum
3037 1022 3170 1075 orbe
3198 1018 3609 1074 celeberrimam
3637 1033 3652 1083 ;

2079 1128 2194 1171 tum
2229 1132 2358 1172 cura
2400 1117 2491 1171 illa
2521 1158 2536 1182 ,
2584 1130 2745 1185 quam
2779 1115 2832 1167 in
2880 1114 3100 1167 homine
3124 1111 3368 1180 ejusdem
3420 1109 3656 1165 nominis

2080 1208 2367 1262 liberaudo
2402 1205 2720 1261 adhibuisti.
2781 1204 2876 1259 llle
2917 1201 3189 1273 siquidem
3255 1216 3356 1255 nos
3407 1200 3473 1254 ad
3525 1198 3657 1254 sub-

2080 1300 2319 1355 eundum
2363 1299 2468 1352 hoc
2494 1313 2635 1352 onus
2661 1296 2895 1366 impulit,
2931 1296 3023 1365 qui
3059 1309 3087 1346 a
3123 1292 3357 1363 posteris
3388 1290 3655 1347 lsmaelin

2080 1394 2224 1448 bello
2254 1400 2468 1462 captus,
2502 1399 2556 1446 et
2588 1390 2805 1459 longius
2838 1404 2869 1442 a
2916 1388 3090 1458 patria
3132 1386 3224 1440 diu
3260 1391 3655 1447 commoratus,

2081 1501 2203 1540 cum
2225 1486 2335 1553 jam
2366 1484 2430 1537 ad
2460 1497 2579 1538 eam
2625 1473 2802 1537 redire
2839 1479 3193 1541 desideraret,
3226 1477 3479 1546 viamque
3508 1488 3658 1529 com-

2083 1578 2296 1631 modam
2327 1576 2622 1646 ignoraret,
2662 1571 2927 1642 singulari
2975 1585 3077 1639 ope
3124 1577 3216 1622 tua
3245 1577 3423 1637 aptam
3469 1564 3535 1619 ad
3566 1578 3656 1619 sa-

2082 1669 2248 1721 lutem
2283 1666 2552 1720 rationem
2583 1664 2813 1727 invenit,
2848 1669 2902 1716 et
2939 1659 3084 1730 quod
3127 1659 3221 1714 diu
3245 1654 3656 1725 concupiverat.

2084 1760 2311 1828 adeptus
2343 1765 2447 1813 est.
2484 1756 2619 1811 Cum
2650 1755 2794 1811 enim
2856 1754 2913 1807 in
2959 1752 3255 1805 maximum
3298 1748 3421 1802 vitae
3465 1744 3659 1801 discri-

2084 1867 2205 1906 men
2235 1849 2503 1903 adductus
2532 1856 2677 1903 esset
2720 1845 2899 1916 (quod
2927 1859 3120 1899 omnes
3166 1843 3265 1897 viae
3297 1840 3658 1896 barbarorum

2084 1942 2393 1998 interclusa:
2426 1940 2600 2009 copiis
2629 1938 3006 2005 tenerentur),
3045 1945 3097 1990 te
3127 1934 3346 1989 nomine
3396 1931 3663 1985 duntaxat

2084 2034 2376 2099 invocavit,
2418 2031 2608 2087 dicens
2636 2047 2649 2085 :
2673 2029 2872 2084 Sancte
2902 2027 3173 2097 Ephraem,
3202 2037 3462 2080 succurre
3501 2020 3656 2074 mihi.

2087 2125 2286 2195 Sicque
2319 2132 2436 2178 tuto
2476 2122 2842 2193 periculorum
2876 2120 3101 2189 laqueos
3134 2115 3329 2179 evasit,
3366 2128 3430 2168 ac
3465 2109 3662 2166 mortis

2085 2229 2288 2275 metum
2334 2217 2590 2287 neglexit,
2634 2215 3085 2284 inopinatamque
3128 2215 3461 2264 consecutus
3512 2204 3663 2259 salu-

2087 2320 2213 2374 tem,
2254 2308 2443 2377 patriae
2473 2315 2568 2361 tuo
2592 2305 2835 2359 munitus
2873 2301 3129 2373 prtesidio
3158 2306 3355 2369 praeter
3384 2310 3535 2365 spem
3574 2300 3664 2350 est

2083 2402 2390 2458 reSIitutus.
2423 2399 2602 2465 Quare
2648 2397 2716 2451 ad
2752 2397 2856 2451 ista
2895 2393 3226 2457 enarranda,
3269 2388 3533 2444 audacius
3567 2401 3663 2456 ag-

2084 2494 2293 2566 gressi,
2328 2492 2518 2547 laudes
2575 2498 2699 2545 tuas
2749 2487 2981 2559 impuris
3022 2486 3289 2555 attingere
3322 2481 3485 2536 labiis
3548 2493 3661 2534 non

2086 2603 2276 2645 sumus
2309 2584 2489 2641 veriti.
2541 2583 2659 2648 Qua
2683 2580 2905 2652 quidem
2940 2580 2993 2634 in
3028 2593 3088 2634 re
3112 2617 3127 2641 ,
3172 2577 3219 2631 si
3251 2574 3382 2645 quid
3419 2570 3663 2644 profece-

2085 2681 2280 2744 rimus,
2320 2678 2371 2734 id
2408 2685 2500 2731 tuo
2532 2690 2635 2730 nos
2688 2682 2975 2729 assecutos
3008 2669 3213 2725 auxilio
3246 2665 3563 2727 fatebimur,
3596 2661 3663 2716 ti-

2085 2771 2250 2841 bique
2274 2774 2555 2838 acceptum
2608 2766 2865 2820 feremus.
2914 2761 3009 2816 Sin
3068 2773 3198 2815 vero
3247 2764 3342 2811 tua
3401 2754 3664 2823 dignitate

2087 2864 2263 2917 multo
2298 2859 2588 2915 inferiores
2624 2857 2734 2912 sint
2762 2861 2965 2909 nostra
3000 2849 3342 2905 laudationes
3376 2887 3391 2912 ,
3434 2852 3490 2899 te
3529 2857 3663 2914 quio-

2056 2939 2195 3026 .que
2230 2954 2389 3025 (licet
2439 2950 2581 3007 forte
2608 2936 2874 3003 audacius
2898 2946 3005 3000 hoc
3041 2944 3249 2999 dictum
3289 2938 3578 3005 videatur)
3608 2936 3662 2991 in

414 3042 536 3127 μεν,
586 3028 679 3125 καὶ
713 3011 805 3135 0'01,
831 3032 927 3103 τὴν
979 3011 1153 3104 χάριν”
1180 3011 1603 3107 ὁμολογήσομεν.
1632 3011 1640 3014 ⁷
1668 3038 1727 3089 Et
1751 3011 1807 3091 δὲ
1837 3011 1984 3110 παρὰ

2091 3060 2260 3101 causa
2295 3043 2467 3099 fuisse
2500 3043 2767 3105 dicemus,
2802 3039 2894 3109 qui
2929 3045 2983 3092 et
3006 3038 3196 3093 vivens
3222 3074 3236 3099 ,
3264 3040 3319 3090 et
3347 3031 3662 3093 defunctus,

413 3112 551 3165 πολὺ
580 3114 681 3185 τῆς
717 3117 873 3182 ἀξίας
905 3123 952 3173 οί
987 3121 1218 3189 ἔπαινοι,
1266 3125 1359 3177 καὶ
1405 3124 1578 3189 οὕτως
1623 3126 1784 3180 πάλιν
1819 3129 1989 3183 αἴτιον

414 3201 478 3256 σὲ
526 3204 625 3275 τῆς
684 3208 983 3280 ἀποτυχίας
1029 3215 1491 3286 καταιτιασόμεθα
1518 3257 1532 3280 ,
1585 3215 1685 3270 κᾶν
1722 3218 1991 3289 τολμηρός

414 3310 535 3367 πως
566 3296 595 3347 ό
628 3297 801 3367 λόγος.
863 3302 932 3355 Σὺ
969 3302 1076 3374 γὰρ
1105 3305 1325 3374 φεύγειν
1357 3307 1481 3370 τοὺς
1524 3306 1775 3371 ἐπαίνους
1807 3307 1991 3377 βουλό⁶

417 3404 601 3459 μενος.
649 3391 745 3445 καὶ
769 3391 844 3455 ὡς
890 3393 1013 3473 ζῶν.
1038 3397 1095 3448 ἐν
1134 3397 1257 3467 βίῳ,
1300 3396 1443 3450 οὕτω
1470 3398 1563 3451 καὶ
1606 3401 1878 3468 μεταστάς
1902 3417 1992 3453 τα-

415 3482 791 3548 πεινοφρονεῖν
834 3481 1233 3553 ἀσπαζόμενος,
1285 3487 1711 3556 παρεμποδίζεις
1734 3490 1859 3553 τοὺς
1893 3491 1986 3558 ἐγ-

412 3570 720 3638 κωμιάζειν
750 3588 805 3626 σε
831 3568 1097 3640 θέλοντας.
1132 3576 1276 3648 Πλὴν
1297 3576 1397 3631 κάν
1424 3595 1482 3631 τε
1508 3579 1683 3642 τοῦτο,
1715 3580 1818 3634 κάν
1845 3599 1902 3634 τε
1930 3582 1989 3635 τὸ

416 3659 527 3732 πρὸ
551 3663 760 3728 αὐτῶν,
804 3669 966 3737 ἡμεῖς
999 3668 1058 3720 τὸ
1096 3670 1272 3740 χρέος,
1324 3670 1446 3723 ὅσον
1480 3671 1560 3733 εἰς
1606 3670 1864 3741 δύναμιν,
1892 3671 1993 3740 ἁφ-

417 3752 734 3824 οσιούμεθα,
792 3759 886 3810 καὶ
925 3759 1271 3830 πιστεύομεν,
1300 3761 1391 3824 ὡς
1437 3762 1544 3814 οὐδ’
1595 3763 1991 3834 ἀποστραφήσῃ

419 3846 570 3915 ἡμᾶς
616 3847 742 3911 τοὺς
783 3847 1016 3921 θερμοὺς
1062 3851 1469 3926 φιλοπάτορας·
1527 3854 1639 3907 ἀλλ’
1668 3854 1744 3917 ὡς
1792 3854 1993 3907 παίδων

420 3936 691 4009 προσφιλῆ
732 3939 947 4007 γονεῦσι
988 3941 1115 4013 δέξῃ
1144 3942 1503 4016 ψελλίσματα.
1556 3946 1629 3998 Σὺ
1670 3944 1726 3998 δὲ
1758 3944 1836 4015 τῷ
1865 3944 1993 4014 θείῳ

420 4029 827 4100 παριστάμενος
879 4032 1275 4106 θυσιαστηρίῳ,
1327 4037 1421 4088 καὶ
1461 4037 1525 4105 τῇ
1571 4034 1851 4105 ζωαρχικῇ
1904 4034 1995 4088 καὶ

421 4119 700 4191 ὑπεραγία
736 4121 1060 4192 λειτουργῶν
1092 4124 1187 4177 σὺν
1213 4125 1465 4192 ἀγγέλοις
1488 4124 1680 4196 Τριάδι
1702 4167 1715 4189 ,
1748 4124 1995 4195 μέμνησο

420 4210 642 4263 πάντων
668 4213 700 4281 ή
710 4211 845 4281 μῶν,
863 4212 1177 4282 αἰτούμενος
1196 4215 1329 4284 ἡμῖν
1347 4214 1757 4287 ἁμαρτημάτων
1776 4212 1991 4281 ἄφεσιν,

421 4300 642 4353 αἰωνίου
672 4318 729 4354 τε
764 4301 1040 4372 βασιλείας
1084 4303 1416 4370 ἀπόλαυσιν,
1450 4307 1508 4359 ἐν
1547 4304 1767 4375 Χριστῷ
1818 4301 1991 4373 Ἰησοῦ

2095 3136 2354 3191 modestia
2386 3132 2819 3201 humilitatisque
2849 3128 3031 3185 studio
3054 3165 3069 3191 ,
3104 3134 3157 3181 te
3201 3122 3515 3180 collaudare
3566 3135 3666 3175 cu-

2091 3229 2302 3297 pientes
2340 3225 2589 3295 impedis.
2635 3221 3024 3276 Verumtamen
3046 3257 3062 3282 ,
3097 3218 3213 3272 sive
3246 3212 3394 3269 istud
3419 3213 3511 3278 sit,
3548 3211 3665 3265 sive

2092 3317 2258 3381 illud,
2290 3332 2390 3372 nos
2434 3323 2697 3386 quantum
2748 3312 2993 3367 tulerunt
3019 3309 3163 3363 vires
3189 3345 3203 3371 ,
3245 3304 3464 3376 pietatis
3489 3302 3664 3358 oﬂicio

2091 3409 2498 3468 satisfecimus:
2530 3416 2691 3476 teque
2728 3404 2835 3460 hoc
2864 3404 3039 3473 ipsum
3074 3400 3297 3455 minime
3337 3396 3496 3451 nobis
3539 3409 3665 3449 ευσ-

2092 3516 2408 3564 rensurum,
2455 3512 2630 3569 neque
2669 3496 2745 3550 tui
2778 3493 3189 3549 amantissimos
3235 3493 3613 3543 aversaturum
3645 3501 3661 3550 ;

2093 3608 2279 3648 verum
2310 3606 2463 3661 a‘quo
2484 3588 2855 3657 benevoloque
2886 3585 3070 3638 animo
3101 3582 3332 3636 filiorum
3360 3576 3666 3633 balbutien-

2094 3687 2227 3738 tium
2269 3683 2459 3736 laudes
2504 3679 2872 3734 admissurum
2901 3717 2917 3742 ,
2978 3671 3323 3730 confidimus.
3369 3666 3450 3721 Tu
3485 3676 3662 3722 autem

2093 3776 2277 3830 divino
2305 3774 2417 3843 jam
2468 3773 2734 3827 assistens
2780 3768 2971 3833 altari,
3019 3768 3251 3836 vitaeque
3283 3761 3517 3834 principi
3550 3801 3564 3825 ,
3602 3774 3665 3814 ac

2095 3866 2453 3924 sanctissima:
2480 3879 2589 3918 una
2634 3878 2758 3918 cum
2789 3860 2997 3932 angelis
3030 3856 3349 3914 sacriﬁcans
3378 3851 3663 3913 Trinitati,

2094 3959 2337 4012 omnium
2405 3962 2654 4011 nostrum
2731 3952 3085 4014 memineris,
3124 3949 3448 4015 veniamque
3506 3942 3667 3998 nobis

2094 4057 2441 4121 peccatorum
2471 4048 2703 4116 impetra
2728 4064 2742 4100 :
2768 4052 2828 4098 ut
2858 4043 3191 4112 sempiterna
3223 4034 3468 4092 emlestis
3514 4032 3663 4101 regni

2095 4141 2430 4197 beatitudine
2480 4138 2684 4209 perfrui
2718 4134 3010 4205 possimus.
3045 4132 3103 4185 ln
3156 4129 3372 4184 Christo
3402 4124 3531 4179 Jcsu
3569 4122 3667 4176 Do-

2097 4232 2244 4285 mino
2271 4236 2498 4283 nostro:
2540 4227 2628 4281 cui
2663 4224 2837 4295 gloria
2887 4236 3012 4276 cum
3059 4219 3221 4273 Patre
3270 4214 3539 4287 principio
3571 4227 3663 4267 ca-

2096 4334 2271 4385 rente,
2296 4327 2348 4376 et
2410 4325 2600 4375 saneto
2656 4330 2720 4371 ac
2769 4314 3080 4370 viviﬁcante
3127 4309 3367 4379 Spiritu,
3409 4321 3553 4361 nunc
3610 4310 3664 4359 et

421 4389 503 4461 τῷ
532 4386 723 4463 Κυρίῳ
761 4393 939 4464 ήμῶν,
989 4386 1033 4462 ᾧ
1066 4396 1098 4466 ἡ
1153 4395 1278 4462 δόξα
1309 4397 1405 4450 σὺν
1456 4396 1530 4468 τῷ
1571 4396 1791 4468 ἀνάρχῳ
1818 4396 1984 4465 “arpi

2104 4429 2335 4484 semper,
2367 4419 2419 4469 et
2458 4412 2512 4466 in
2542 4408 2740 4466 srecula
2784 4406 3129 4463 saeculorum.
3163 4404 3354 4456 Amen.

420 4484 520 4537 mi.
544 4484 622 4555 τῷ
650 4484 779 4556 θείῳ
806 4486 897 4540 καὶ
920 4486 1168 4559 ξωοποιῷ
1191 4489 1488 4559 Πνεύματι,
1515 4490 1610 4545 νῦν
1639 4490 1732 4544 καὶ
1752 4489 1860 4554 ἀεὶ,
1897 4491 1989 4543 καὶ

419 4575 507 4640 εἰς
536 4578 662 4642 τοὺς
689 4578 885 4643 αἰῶνας
913 4579 1019 4633 τῶν
1049 4579 1277 4637 αἰώνων.
1315 4583 1369 4635 Ἀ
1383 4585 1505 4656 μήν.
