  <div class='ocr_page' id='page_1' title='image "/cluster/home/n/w/nwhite01/storage/ocr_20150623/46/hvd.32044054112198/441.png"; bbox 0 0 3918 6204; ppageno 0'>
   <div class='ocr_carea' id='block_1_1' title="bbox 305 346 402 406">
    <p class='ocr_par' dir='ltr' id='par_1_1' title="bbox 305 346 402 406">
     <span class='ocr_line' id='line_1_1' title="bbox 305 346 402 406; baseline 0.021 -2"><span class='ocrx_word' id='word_1_1' title='bbox 305 346 402 406; x_wconf 70' lang='grc'><strong>851</strong></span> 
     </span>
    </p>
   </div>
   <div class='ocr_carea' id='block_1_2' title="bbox 322 505 1603 536">
    <p class='ocr_par' dir='ltr' id='par_1_2' title="bbox 322 505 1603 536">
     <span class='ocr_line' id='line_1_2' title="bbox 322 505 1603 536; baseline 0.005 -6"><span class='ocrx_word' id='word_1_2' title='bbox 322 505 1603 536; x_wconf 57' lang='lat' dir='ltr'><strong>mm</strong></span> 
     </span>
    </p>
   </div>
   <div class='ocr_carea' id='block_1_3' title="bbox 391 515 1740 536">
    <p class='ocr_par' dir='ltr' id='par_1_3' title="bbox 391 515 1740 536">
     <span class='ocr_line' id='line_1_3' title="bbox 391 515 1740 536; baseline 0.004 -6"><span class='ocrx_word' id='word_1_3' title='bbox 391 515 1740 536; x_wconf 39' lang='lat' dir='ltr'><strong>xm</strong></span> 
     </span>
    </p>
   </div>
   <div class='ocr_carea' id='block_1_4' title="bbox 1542 352 2289 412">
    <p class='ocr_par' dir='ltr' id='par_1_4' title="bbox 1542 352 2289 412">
     <span class='ocr_line' id='line_1_4' title="bbox 1542 352 2289 412; baseline 0.004 -5"><span class='ocrx_word' id='word_1_4' title='bbox 1542 352 1597 407; x_wconf 89' lang='lat' dir='ltr'><strong>S.</strong></span> <span class='ocrx_word' id='word_1_5' title='bbox 1640 352 1964 410; x_wconf 76' lang='lat' dir='ltr'><strong>GREGOBII</strong></span> <span class='ocrx_word' id='word_1_6' title='bbox 1997 354 2289 412; x_wconf 72' lang='lat' dir='ltr'><strong>NYSSENI</strong></span> 
     </span>
    </p>
   </div>
   <div class='ocr_carea' id='block_1_5' title="bbox 3451 352 3558 408">
    <p class='ocr_par' dir='ltr' id='par_1_5' title="bbox 3451 352 3558 408">
     <span class='ocr_line' id='line_1_5' title="bbox 3451 352 3558 408; baseline 0 0"><span class='ocrx_word' id='word_1_7' title='bbox 3451 352 3558 408; x_wconf 73' lang='lat'><strong>8&#39;52</strong></span> 
     </span>
    </p>
   </div>
   <div class='ocr_carea' id='block_1_6' title="bbox 1570 663 2268 751">
    <p class='ocr_par' dir='ltr' id='par_1_6' title="bbox 1570 663 2268 751">
     <span class='ocr_line' id='line_1_6' title="bbox 1570 663 2268 751; baseline 0.006 -4"><span class='ocrx_word' id='word_1_8' title='bbox 1570 663 1798 749; x_wconf 89' lang='grc' dir='ltr'><strong>ΤΟΥ</strong></span> <span class='ocrx_word' id='word_1_9' title='bbox 1894 664 2268 751; x_wconf 89' lang='grc' dir='ltr'>ΑΥΤΟΥ</span> 
     </span>
    </p>
   </div>
   <div class='ocr_carea' id='block_1_7' title="bbox 1196 791 2673 973">
    <p class='ocr_par' dir='ltr' id='par_1_7' title="bbox 1196 791 2673 973">
     <span class='ocr_line' id='line_1_7' title="bbox 1196 791 2673 973; baseline 0.001 -3"><span class='ocrx_word' id='word_1_10' title='bbox 1196 791 2033 970; x_wconf 77' lang='grc' dir='ltr'><strong>ΕΠΙΤΑΦΙΟΣ</strong></span> <span class='ocrx_word' id='word_1_11' title='bbox 2143 849 2673 973; x_wconf 81' lang='grc' dir='ltr'><strong>ΛΟΓΟΣ</strong></span> 
     </span>
    </p>
   </div>
   <div class='ocr_carea' id='block_1_8' title="bbox 933 1066 1910 1137">
    <p class='ocr_par' dir='ltr' id='par_1_8' title="bbox 933 1068 1910 1137">
     <span class='ocr_line' id='line_1_8' title="bbox 933 1068 1910 1137; baseline -0.004 -12"><span class='ocrx_word' id='word_1_12' title='bbox 933 1070 1043 1125; x_wconf 78' lang='grc' dir='ltr'><strong>ΕΙΣ</strong></span> <span class='ocrx_word' id='word_1_13' title='bbox 1094 1070 1230 1123; x_wconf 88' lang='lat' dir='ltr'><strong>TUN</strong></span> <span class='ocrx_word' id='word_1_14' title='bbox 1282 1070 1518 1125; x_wconf 76' lang='lat' dir='ltr'><strong>MEI‘AN</strong></span> <span class='ocrx_word' id='word_1_15' title='bbox 1580 1068 1910 1137; x_wconf 70' lang='lat' dir='ltr'><strong>MEAETIOI‘</strong></span> 
     </span>
    </p>
   </div>
   <div class='ocr_carea' id='block_1_9' title="bbox 1987 1066 2898 1137">
    <p class='ocr_par' dir='ltr' id='par_1_9' title="bbox 1994 1066 2898 1135">
     <span class='ocr_line' id='line_1_9' title="bbox 1994 1066 2898 1135; baseline 0.009 -12"><span class='ocrx_word' id='word_1_16' title='bbox 1994 1070 2394 1125; x_wconf 81' lang='grc' dir='ltr'><strong>ΕΠΙΣΚΟΠΟΝ</strong></span> <span class='ocrx_word' id='word_1_17' title='bbox 2455 1066 2898 1135; x_wconf 54' lang='grc' dir='ltr'><strong>ΑΝΤΙΟΧΕΙΑΣ,</strong></span> 
     </span>
    </p>
   </div>
   <div class='ocr_carea' id='block_1_10' title="bbox 1299 1358 2315 1474">
    <p class='ocr_par' dir='ltr' id='par_1_10' title="bbox 1299 1358 2315 1474">
     <span class='ocr_line' id='line_1_10' title="bbox 1299 1358 2315 1474; baseline -0.005 -25"><span class='ocrx_word' id='word_1_18' title='bbox 1299 1365 1329 1392; x_wconf 64' lang='grc' dir='ltr'><em>θ</em></span> <span class='ocrx_word' id='word_1_19' title='bbox 1660 1358 2195 1449; x_wconf 89' lang='lat' dir='ltr'><strong>EJUSDEM</strong></span> <span class='ocrx_word' id='word_1_20' title='bbox 2306 1464 2315 1474; x_wconf 39' lang='grc'><em>,</em></span> 
     </span>
    </p>
   </div>
   <div class='ocr_carea' id='block_1_11' title="bbox 1268 1561 2594 1688">
    <p class='ocr_par' dir='ltr' id='par_1_11' title="bbox 1268 1561 2594 1688">
     <span class='ocr_line' id='line_1_11' title="bbox 1268 1561 2594 1688; baseline -0.005 0"><span class='ocrx_word' id='word_1_21' title='bbox 1268 1571 1800 1688; x_wconf 81' lang='lat' dir='ltr'><strong>ORATIO</strong></span> <span class='ocrx_word' id='word_1_22' title='bbox 1895 1561 2594 1686; x_wconf 79' lang='lat' dir='ltr'><strong>FUNEBRIS</strong></span> 
     </span>
    </p>
   </div>
   <div class='ocr_carea' id='block_1_12' title="bbox 1093 1793 2757 1866">
    <p class='ocr_par' dir='ltr' id='par_1_12' title="bbox 1093 1793 2757 1866">
     <span class='ocr_line' id='line_1_12' title="bbox 1093 1793 2757 1866; baseline 0 -17"><span class='ocrx_word' id='word_1_23' title='bbox 1093 1794 1160 1853; x_wconf 68' lang='lat' dir='ltr'><strong>1N</strong></span> <span class='ocrx_word' id='word_1_24' title='bbox 1193 1793 1482 1853; x_wconf 71' lang='lat' dir='ltr'><strong>MAGNUM</strong></span> <span class='ocrx_word' id='word_1_25' title='bbox 1524 1796 1879 1855; x_wconf 76' lang='lat' dir='ltr'><strong>MELETIUM</strong></span> <span class='ocrx_word' id='word_1_26' title='bbox 1918 1795 2307 1853; x_wconf 71' lang='lat' dir='ltr'><strong>EPISCOPUM</strong></span> <span class='ocrx_word' id='word_1_27' title='bbox 2340 1797 2757 1866; x_wconf 50' lang='lat' dir='ltr'><strong>ANTIOCIIIIE.</strong></span> 
     </span>
    </p>
   </div>
   <div class='ocr_carea' id='block_1_13' title="bbox 1469 1955 2300 2023">
    <p class='ocr_par' dir='ltr' id='par_1_13' title="bbox 1469 1955 2300 2023">
     <span class='ocr_line' id='line_1_13' title="bbox 1469 1955 2300 2023; baseline 0.005 -18"><span class='ocrx_word' id='word_1_28' title='bbox 1469 1955 1734 2007; x_wconf 87' lang='lat' dir='ltr'><strong>Laurentio</strong></span> <span class='ocrx_word' id='word_1_29' title='bbox 1760 1958 1976 2022; x_wconf 82' lang='lat' dir='ltr'><strong>Siphano</strong></span> <span class='ocrx_word' id='word_1_30' title='bbox 2000 1959 2300 2023; x_wconf 74' lang='lat' dir='ltr'><strong>interprete.</strong></span> 
     </span>
    </p>
   </div>
   <div class='ocr_carea' id='block_1_14' title="bbox 1909 2132 1984 2149">
    <p class='ocr_par' dir='ltr' id='par_1_14' title="bbox 1909 2132 1984 2149">
     <span class='ocr_line' id='line_1_14' title="bbox 1909 2132 1984 2149; baseline 0 0"><span class='ocrx_word' id='word_1_31' title='bbox 1909 2132 1984 2149; x_wconf 70' lang='lat'><strong><em>—</em></strong></span> 
     </span>
    </p>
   </div>
   <div class='ocr_carea' id='block_1_15' title="bbox 318 2276 1910 2355">
    <p class='ocr_par' dir='ltr' id='par_1_15' title="bbox 318 2276 1883 2351">
     <span class='ocr_line' id='line_1_15' title="bbox 318 2276 1883 2351; baseline 0.002 -20"><span class='ocrx_word' id='word_1_32' title='bbox 318 2290 323 2295; x_wconf 71' lang='lat'><em>‘</em></span> <span class='ocrx_word' id='word_1_33' title='bbox 380 2276 548 2333; x_wconf 77' lang='lat' dir='ltr'><strong>Auxit</strong></span> <span class='ocrx_word' id='word_1_34' title='bbox 593 2277 748 2332; x_wconf 89' lang='lat' dir='ltr'><strong>nobis</strong></span> <span class='ocrx_word' id='word_1_35' title='bbox 809 2291 1091 2332; x_wconf 76' lang='lat' dir='ltr'><strong>numerum</strong></span> <span class='ocrx_word' id='word_1_36' title='bbox 1122 2278 1489 2344; x_wconf 73' lang='lat' dir='ltr'><strong>apostolorum</strong></span> <span class='ocrx_word' id='word_1_37' title='bbox 1535 2293 1710 2335; x_wconf 77' lang='lat' dir='ltr'><strong>novus</strong></span> <span class='ocrx_word' id='word_1_38' title='bbox 1751 2294 1883 2351; x_wconf 89' lang='lat' dir='ltr'><strong>apo-</strong></span> 
     </span>
    </p>
   </div>
   <div class='ocr_carea' id='block_1_16' title="bbox 1987 2276 3557 2355">
    <p class='ocr_par' dir='ltr' id='par_1_16' title="bbox 2056 2280 3557 2355">
     <span class='ocr_line' id='line_1_16' title="bbox 2056 2280 3557 2355; baseline 0.001 -19"><span class='ocrx_word' id='word_1_39' title='bbox 2056 2282 2303 2354; x_wconf 78' lang='grc' dir='ltr'>Ηθξησεν</span> <span class='ocrx_word' id='word_1_40' title='bbox 2339 2285 2469 2355; x_wconf 81' lang='grc' dir='ltr'>ἡμῖν</span> <span class='ocrx_word' id='word_1_41' title='bbox 2499 2283 2590 2336; x_wconf 76' lang='grc' dir='ltr'><strong>τὸν</strong></span> <span class='ocrx_word' id='word_1_42' title='bbox 2630 2280 2860 2355; x_wconf 72' lang='grc' dir='ltr'>ἀριθμὸν</span> <span class='ocrx_word' id='word_1_43' title='bbox 2890 2282 2998 2337; x_wconf 83' lang='grc' dir='ltr'><strong>τῶν</strong></span> <span class='ocrx_word' id='word_1_44' title='bbox 3040 2281 3351 2336; x_wconf 75' lang='grc' dir='ltr'><strong>ἀποστόλων</strong></span> <span class='ocrx_word' id='word_1_45' title='bbox 3380 2283 3408 2336; x_wconf 86' lang='grc' dir='ltr'><strong>ό</strong></span> <span class='ocrx_word' id='word_1_46' title='bbox 3433 2284 3557 2347; x_wconf 78' lang='grc' dir='ltr'>νέος</span> 
     </span>
    </p>
   </div>
   <div class='ocr_carea' id='block_1_17' title="bbox 312 2369 1881 2441">
    <p class='ocr_par' dir='ltr' id='par_1_17' title="bbox 312 2369 1881 2441">
     <span class='ocr_line' id='line_1_17' title="bbox 312 2369 1881 2441; baseline 0.002 -17"><span class='ocrx_word' id='word_1_47' title='bbox 312 2369 506 2432; x_wconf 85' lang='lat' dir='ltr'><strong>stoles,</strong></span> <span class='ocrx_word' id='word_1_48' title='bbox 557 2369 651 2439; x_wconf 86' lang='lat' dir='ltr'><strong>qui</strong></span> <span class='ocrx_word' id='word_1_49' title='bbox 682 2376 971 2439; x_wconf 85' lang='lat' dir='ltr'><strong>coeptatus</strong></span> <span class='ocrx_word' id='word_1_50' title='bbox 997 2378 1083 2424; x_wconf 87' lang='lat' dir='ltr'><strong>est</strong></span> <span class='ocrx_word' id='word_1_51' title='bbox 1131 2370 1184 2423; x_wconf 92' lang='lat' dir='ltr'><strong>in</strong></span> <span class='ocrx_word' id='word_1_52' title='bbox 1215 2370 1461 2425; x_wconf 92' lang='lat' dir='ltr'><strong>ordinem</strong></span> <span class='ocrx_word' id='word_1_53' title='bbox 1491 2373 1881 2441; x_wconf 73' lang='lat' dir='ltr'><strong>apostolorum.</strong></span> 
     </span>
    </p>
   </div>
   <div class='ocr_carea' id='block_1_18' title="bbox 312 2457 1885 2531">
    <p class='ocr_par' dir='ltr' id='par_1_18' title="bbox 312 2457 1885 2531">
     <span class='ocr_line' id='line_1_18' title="bbox 312 2457 1885 2531; baseline 0.004 -18"><span class='ocrx_word' id='word_1_54' title='bbox 312 2457 620 2521; x_wconf 80' lang='lat' dir='ltr'><strong>Traxerunt</strong></span> <span class='ocrx_word' id='word_1_55' title='bbox 649 2461 791 2516; x_wconf 90' lang='lat' dir='ltr'><strong>enim</strong></span> <span class='ocrx_word' id='word_1_56' title='bbox 823 2461 997 2515; x_wconf 84' lang='lat' dir='ltr'><strong>sancti</strong></span> <span class='ocrx_word' id='word_1_57' title='bbox 1032 2460 1099 2515; x_wconf 88' lang='lat' dir='ltr'><strong>ad</strong></span> <span class='ocrx_word' id='word_1_58' title='bbox 1130 2476 1189 2516; x_wconf 91' lang='lat' dir='ltr'><strong>se</strong></span> <span class='ocrx_word' id='word_1_59' title='bbox 1220 2463 1486 2524; x_wconf 87' lang='lat' dir='ltr'><strong>moribus,</strong></span> <span class='ocrx_word' id='word_1_60' title='bbox 1514 2465 1885 2531; x_wconf 85' lang='lat' dir='ltr'><strong>consimilem;</strong></span> 
     </span>
    </p>
   </div>
   <div class='ocr_carea' id='block_1_19' title="bbox 312 2552 1889 2622">
    <p class='ocr_par' dir='ltr' id='par_1_19' title="bbox 312 2552 1889 2622">
     <span class='ocr_line' id='line_1_19' title="bbox 312 2552 1889 2622; baseline 0.003 -15"><span class='ocrx_word' id='word_1_61' title='bbox 312 2552 589 2618; x_wconf 82' lang='lat' dir='ltr'><strong>athletam,</strong></span> <span class='ocrx_word' id='word_1_62' title='bbox 622 2554 869 2620; x_wconf 63' lang='lat' dir='ltr'><strong>athletae;</strong></span> <span class='ocrx_word' id='word_1_63' title='bbox 894 2562 1237 2620; x_wconf 88' lang='lat' dir='ltr'><strong>coronatum,</strong></span> <span class='ocrx_word' id='word_1_64' title='bbox 1261 2556 1505 2610; x_wconf 83' lang='lat' dir='ltr'><strong>coronati</strong></span> <span class='ocrx_word' id='word_1_65' title='bbox 1531 2572 1547 2622; x_wconf 88' lang='lat'><strong>;</strong></span> <span class='ocrx_word' id='word_1_66' title='bbox 1570 2555 1749 2611; x_wconf 82' lang='lat' dir='ltr'><strong>animo</strong></span> <span class='ocrx_word' id='word_1_67' title='bbox 1765 2572 1889 2612; x_wconf 88' lang='lat' dir='ltr'><strong>cas-</strong></span> 
     </span>
    </p>
   </div>
   <div class='ocr_carea' id='block_1_20' title="bbox 312 2643 1888 2714">
    <p class='ocr_par' dir='ltr' id='par_1_20' title="bbox 312 2643 1888 2714">
     <span class='ocr_line' id='line_1_20' title="bbox 312 2643 1888 2714; baseline 0.004 -17"><span class='ocrx_word' id='word_1_68' title='bbox 312 2652 460 2707; x_wconf 88' lang='lat' dir='ltr'><strong>tum,</strong></span> <span class='ocrx_word' id='word_1_69' title='bbox 500 2643 666 2699; x_wconf 90' lang='lat' dir='ltr'><strong>corde</strong></span> <span class='ocrx_word' id='word_1_70' title='bbox 703 2646 865 2713; x_wconf 90' lang='lat' dir='ltr'><strong>puri;</strong></span> <span class='ocrx_word' id='word_1_71' title='bbox 906 2660 1212 2713; x_wconf 79' lang='lat' dir='ltr'><strong>praeconem</strong></span> <span class='ocrx_word' id='word_1_72' title='bbox 1269 2648 1541 2703; x_wconf 89' lang='lat' dir='ltr'><strong>sermonis</strong></span> <span class='ocrx_word' id='word_1_73' title='bbox 1572 2689 1587 2714; x_wconf 92' lang='lat'><strong>,</strong></span> <span class='ocrx_word' id='word_1_74' title='bbox 1647 2648 1888 2703; x_wconf 85' lang='lat' dir='ltr'><strong>ministri</strong></span> 
     </span>
    </p>
   </div>
   <div class='ocr_carea' id='block_1_21' title="bbox 312 2733 1886 2810">
    <p class='ocr_par' dir='ltr' id='par_1_21' title="bbox 312 2733 1886 2810">
     <span class='ocr_line' id='line_1_21' title="bbox 312 2733 1886 2810; baseline 0.002 -20"><span class='ocrx_word' id='word_1_75' title='bbox 312 2736 602 2790; x_wconf 82' lang='lat' dir='ltr'><strong>sermonis.</strong></span> <span class='ocrx_word' id='word_1_76' title='bbox 640 2733 839 2790; x_wconf 78' lang='lat' dir='ltr'><strong>Verum</strong></span> <span class='ocrx_word' id='word_1_77' title='bbox 866 2778 873 2783; x_wconf 94' lang='lat'><strong>.</strong></span> <span class='ocrx_word' id='word_1_78' title='bbox 899 2743 1053 2807; x_wconf 88' lang='lat' dir='ltr'><strong>pater</strong></span> <span class='ocrx_word' id='word_1_79' title='bbox 1091 2738 1309 2806; x_wconf 81' lang='lat' dir='ltr'><strong>quidem</strong></span> <span class='ocrx_word' id='word_1_80' title='bbox 1364 2747 1552 2794; x_wconf 85' lang='lat' dir='ltr'><strong>noster</strong></span> <span class='ocrx_word' id='word_1_81' title='bbox 1598 2740 1886 2810; x_wconf 85' lang='lat' dir='ltr'><strong>apostolici</strong></span> 
     </span>
    </p>
   </div>
   <div class='ocr_carea' id='block_1_22' title="bbox 311 2825 1887 2889">
    <p class='ocr_par' dir='ltr' id='par_1_22' title="bbox 311 2825 1887 2889">
     <span class='ocr_line' id='line_1_22' title="bbox 311 2825 1887 2889; baseline 0.005 -10"><span class='ocrx_word' id='word_1_82' title='bbox 311 2825 679 2889; x_wconf 86' lang='lat' dir='ltr'><strong>contubernii,</strong></span> <span class='ocrx_word' id='word_1_83' title='bbox 719 2834 775 2881; x_wconf 91' lang='lat' dir='ltr'><strong>et</strong></span> <span class='ocrx_word' id='word_1_84' title='bbox 801 2827 869 2882; x_wconf 92' lang='lat' dir='ltr'><strong>ad</strong></span> <span class='ocrx_word' id='word_1_85' title='bbox 923 2827 1200 2882; x_wconf 85' lang='lat' dir='ltr'><strong>Christum</strong></span> <span class='ocrx_word' id='word_1_86' title='bbox 1247 2831 1599 2885; x_wconf 82' lang='lat' dir='ltr'><strong>resolutionis</strong></span> <span class='ocrx_word' id='word_1_87' title='bbox 1661 2832 1887 2887; x_wconf 87' lang='lat' dir='ltr'><strong>nomine</strong></span> 
     </span>
    </p>
   </div>
   <div class='ocr_carea' id='block_1_23' title="bbox 312 2915 1887 2977">
    <p class='ocr_par' dir='ltr' id='par_1_23' title="bbox 312 2915 1887 2977">
     <span class='ocr_line' id='line_1_23' title="bbox 312 2915 1887 2977; baseline 0.003 -6"><span class='ocrx_word' id='word_1_88' title='bbox 312 2915 505 2971; x_wconf 82' lang='lat' dir='ltr'><strong>beatus</strong></span> <span class='ocrx_word' id='word_1_89' title='bbox 535 2915 818 2972; x_wconf 86' lang='lat' dir='ltr'><strong>habendus</strong></span> <span class='ocrx_word' id='word_1_90' title='bbox 837 2926 954 2972; x_wconf 88' lang='lat' dir='ltr'><strong>est:</strong></span> <span class='ocrx_word' id='word_1_91' title='bbox 982 2933 1081 2972; x_wconf 92' lang='lat' dir='ltr'><strong>nos</strong></span> <span class='ocrx_word' id='word_1_92' title='bbox 1114 2933 1242 2973; x_wconf 83' lang='lat' dir='ltr'><strong>vero</strong></span> <span class='ocrx_word' id='word_1_93' title='bbox 1272 2920 1636 2976; x_wconf 84' lang='lat' dir='ltr'><strong>miserabiles.</strong></span> <span class='ocrx_word' id='word_1_94' title='bbox 1666 2921 1887 2977; x_wconf 87' lang='lat' dir='ltr'><strong>Orbitas</strong></span> 
     </span>
    </p>
   </div>
   <div class='ocr_carea' id='block_1_24' title="bbox 312 3002 1907 3076">
    <p class='ocr_par' dir='ltr' id='par_1_24' title="bbox 312 3002 1907 3076">
     <span class='ocr_line' id='line_1_24' title="bbox 312 3002 1907 3076; baseline 0.007 -16"><span class='ocrx_word' id='word_1_95' title='bbox 312 3006 457 3065; x_wconf 86' lang='lat' dir='ltr'><strong>enim</strong></span> <span class='ocrx_word' id='word_1_96' title='bbox 506 3015 835 3076; x_wconf 66' lang='lat' dir='ltr'><strong>praematura</strong></span> <span class='ocrx_word' id='word_1_97' title='bbox 877 3023 986 3064; x_wconf 89' lang='lat' dir='ltr'><strong>non</strong></span> <span class='ocrx_word' id='word_1_98' title='bbox 1024 3002 1176 3073; x_wconf 80' lang='lat' dir='ltr'><strong>sinit,</strong></span> <span class='ocrx_word' id='word_1_99' title='bbox 1215 3020 1273 3065; x_wconf 92' lang='lat' dir='ltr'><strong>ut</strong></span> <span class='ocrx_word' id='word_1_100' title='bbox 1320 3027 1385 3067; x_wconf 89' lang='lat' dir='ltr'><strong>eo</strong></span> <span class='ocrx_word' id='word_1_101' title='bbox 1428 3013 1651 3069; x_wconf 88' lang='lat' dir='ltr'><strong>nomine</strong></span> <span class='ocrx_word' id='word_1_102' title='bbox 1699 3004 1907 3071; x_wconf 35' lang='lat' dir='ltr'><strong>beatos-</strong></span> 
     </span>
    </p>
   </div>
   <div class='ocr_carea' id='block_1_25' title="bbox 312 3098 1886 3175">
    <p class='ocr_par' dir='ltr' id='par_1_25' title="bbox 312 3098 1886 3175">
     <span class='ocr_line' id='line_1_25' title="bbox 312 3098 1886 3175; baseline 0.007 -25"><span class='ocrx_word' id='word_1_103' title='bbox 312 3110 415 3161; x_wconf 81' lang='lat' dir='ltr'><strong>nos</strong></span> <span class='ocrx_word' id='word_1_104' title='bbox 448 3098 716 3164; x_wconf 87' lang='lat' dir='ltr'><strong>dicamus,</strong></span> <span class='ocrx_word' id='word_1_105' title='bbox 757 3100 900 3169; x_wconf 92' lang='lat' dir='ltr'><strong>quod</strong></span> <span class='ocrx_word' id='word_1_106' title='bbox 929 3110 1036 3154; x_wconf 86' lang='lat' dir='ltr'><strong>tam</strong></span> <span class='ocrx_word' id='word_1_107' title='bbox 1068 3102 1269 3156; x_wconf 90' lang='lat' dir='ltr'><strong>bonum</strong></span> <span class='ocrx_word' id='word_1_108' title='bbox 1297 3112 1351 3158; x_wconf 89' lang='lat' dir='ltr'><strong>et</strong></span> <span class='ocrx_word' id='word_1_109' title='bbox 1390 3104 1738 3159; x_wconf 89' lang='lat' dir='ltr'><strong>commodum</strong></span> <span class='ocrx_word' id='word_1_110' title='bbox 1787 3122 1886 3175; x_wconf 89' lang='lat' dir='ltr'><strong>pa-</strong></span> 
     </span>
    </p>
   </div>
   <div class='ocr_carea' id='block_1_26' title="bbox 314 3191 1887 3266">
    <p class='ocr_par' dir='ltr' id='par_1_26' title="bbox 314 3191 1887 3266">
     <span class='ocr_line' id='line_1_26' title="bbox 314 3191 1887 3266; baseline 0.009 -26"><span class='ocrx_word' id='word_1_111' title='bbox 314 3196 452 3244; x_wconf 90' lang='lat' dir='ltr'><strong>trem</strong></span> <span class='ocrx_word' id='word_1_112' title='bbox 481 3191 629 3244; x_wconf 91' lang='lat' dir='ltr'><strong>nacti</strong></span> <span class='ocrx_word' id='word_1_113' title='bbox 661 3207 881 3246; x_wconf 81' lang='lat' dir='ltr'><strong>eramus</strong></span> <span class='ocrx_word' id='word_1_114' title='bbox 903 3233 917 3247; x_wconf 93' lang='lat'><strong>.</strong></span> <span class='ocrx_word' id='word_1_115' title='bbox 971 3193 1053 3246; x_wconf 86' lang='lat' dir='ltr'><strong>llli</strong></span> <span class='ocrx_word' id='word_1_116' title='bbox 1089 3196 1287 3250; x_wconf 88' lang='lat' dir='ltr'><strong>melius</strong></span> <span class='ocrx_word' id='word_1_117' title='bbox 1319 3203 1437 3250; x_wconf 91' lang='lat' dir='ltr'><strong>erat</strong></span> <span class='ocrx_word' id='word_1_118' title='bbox 1473 3212 1568 3266; x_wconf 92' lang='lat' dir='ltr'><strong>per</strong></span> <span class='ocrx_word' id='word_1_119' title='bbox 1596 3200 1887 3254; x_wconf 88' lang='lat' dir='ltr'><strong>resolutio-</strong></span> 
     </span>
    </p>
   </div>
   <div class='ocr_carea' id='block_1_27' title="bbox 312 3283 1889 3345">
    <p class='ocr_par' dir='ltr' id='par_1_27' title="bbox 312 3283 1889 3345">
     <span class='ocr_line' id='line_1_27' title="bbox 312 3283 1889 3345; baseline 0.004 -6"><span class='ocrx_word' id='word_1_120' title='bbox 312 3296 436 3339; x_wconf 86' lang='lat' dir='ltr'><strong>nem</strong></span> <span class='ocrx_word' id='word_1_121' title='bbox 469 3297 592 3337; x_wconf 91' lang='lat' dir='ltr'><strong>esse</strong></span> <span class='ocrx_word' id='word_1_122' title='bbox 620 3297 745 3337; x_wconf 92' lang='lat' dir='ltr'><strong>cum</strong></span> <span class='ocrx_word' id='word_1_123' title='bbox 785 3283 1006 3339; x_wconf 84' lang='lat' dir='ltr'><strong>Christo</strong></span> <span class='ocrx_word' id='word_1_124' title='bbox 1037 3302 1052 3339; x_wconf 87' lang='lat'><strong>:</strong></span> <span class='ocrx_word' id='word_1_125' title='bbox 1088 3292 1144 3338; x_wconf 90' lang='lat' dir='ltr'><strong>at</strong></span> <span class='ocrx_word' id='word_1_126' title='bbox 1176 3286 1336 3341; x_wconf 88' lang='lat' dir='ltr'><strong>nobis</strong></span> <span class='ocrx_word' id='word_1_127' title='bbox 1374 3289 1631 3343; x_wconf 91' lang='lat' dir='ltr'><strong>acerbum</strong></span> <span class='ocrx_word' id='word_1_128' title='bbox 1673 3298 1727 3344; x_wconf 91' lang='lat' dir='ltr'><strong>et</strong></span> <span class='ocrx_word' id='word_1_129' title='bbox 1767 3307 1889 3345; x_wconf 91' lang='lat' dir='ltr'><strong>mo-</strong></span> 
     </span>
    </p>
   </div>
   <div class='ocr_carea' id='block_1_28' title="bbox 313 3370 1885 3449">
    <p class='ocr_par' dir='ltr' id='par_1_28' title="bbox 313 3370 1885 3449">
     <span class='ocr_line' id='line_1_28' title="bbox 313 3370 1885 3449; baseline 0.008 -24"><span class='ocrx_word' id='word_1_130' title='bbox 313 3370 509 3427; x_wconf 84' lang='lat' dir='ltr'><strong>lestum</strong></span> <span class='ocrx_word' id='word_1_131' title='bbox 572 3382 801 3443; x_wconf 89' lang='lat' dir='ltr'><strong>paterno</strong></span> <span class='ocrx_word' id='word_1_132' title='bbox 881 3376 1137 3445; x_wconf 66' lang='lat' dir='ltr'><strong>praesidio</strong></span> <span class='ocrx_word' id='word_1_133' title='bbox 1209 3379 1621 3449; x_wconf 86' lang='lat' dir='ltr'><strong>patrocinioque</strong></span> <span class='ocrx_word' id='word_1_134' title='bbox 1675 3396 1885 3438; x_wconf 83' lang='lat' dir='ltr'><strong>carere.</strong></span> 
     </span>
    </p>
   </div>
   <div class='ocr_carea' id='block_1_29' title="bbox 313 3458 1889 3534">
    <p class='ocr_par' dir='ltr' id='par_1_29' title="bbox 313 3458 1889 3534">
     <span class='ocr_line' id='line_1_29' title="bbox 313 3458 1889 3534; baseline 0.011 -21"><span class='ocrx_word' id='word_1_135' title='bbox 313 3458 455 3516; x_wconf 87' lang='lat' dir='ltr'><strong>Ecce</strong></span> <span class='ocrx_word' id='word_1_136' title='bbox 484 3463 629 3517; x_wconf 89' lang='lat' dir='ltr'><strong>enim</strong></span> <span class='ocrx_word' id='word_1_137' title='bbox 660 3471 877 3534; x_wconf 84' lang='lat' dir='ltr'><strong>tempus</strong></span> <span class='ocrx_word' id='word_1_138' title='bbox 910 3467 1128 3523; x_wconf 88' lang='lat' dir='ltr'><strong>consilii</strong></span> <span class='ocrx_word' id='word_1_139' title='bbox 1162 3477 1246 3524; x_wconf 82' lang='lat' dir='ltr'><strong>est</strong></span> <span class='ocrx_word' id='word_1_140' title='bbox 1272 3508 1287 3533; x_wconf 96' lang='lat'><strong>,</strong></span> <span class='ocrx_word' id='word_1_141' title='bbox 1319 3478 1375 3525; x_wconf 90' lang='lat' dir='ltr'><strong>et</strong></span> <span class='ocrx_word' id='word_1_142' title='bbox 1431 3474 1722 3529; x_wconf 89' lang='lat' dir='ltr'><strong>consilium</strong></span> <span class='ocrx_word' id='word_1_143' title='bbox 1757 3476 1889 3532; x_wconf 89' lang='lat' dir='ltr'><strong>dare</strong></span> 
     </span>
    </p>
   </div>
   <div class='ocr_carea' id='block_1_30' title="bbox 316 3553 1886 3631">
    <p class='ocr_par' dir='ltr' id='par_1_30' title="bbox 316 3553 1886 3631">
     <span class='ocr_line' id='line_1_30' title="bbox 316 3553 1886 3631; baseline 0.01 -24"><span class='ocrx_word' id='word_1_144' title='bbox 316 3553 511 3609; x_wconf 88' lang='lat' dir='ltr'><strong>solitus</strong></span> <span class='ocrx_word' id='word_1_145' title='bbox 546 3564 708 3610; x_wconf 76' lang='lat' dir='ltr'><strong>tacet.</strong></span> <span class='ocrx_word' id='word_1_146' title='bbox 746 3556 954 3613; x_wconf 85' lang='lat' dir='ltr'><strong>Bellum</strong></span> <span class='ocrx_word' id='word_1_147' title='bbox 988 3576 1091 3615; x_wconf 91' lang='lat' dir='ltr'><strong>nos</strong></span> <span class='ocrx_word' id='word_1_148' title='bbox 1121 3562 1484 3631; x_wconf 90' lang='lat' dir='ltr'><strong>circumstat,</strong></span> <span class='ocrx_word' id='word_1_149' title='bbox 1537 3566 1741 3621; x_wconf 87' lang='lat' dir='ltr'><strong>bellum</strong></span> <span class='ocrx_word' id='word_1_150' title='bbox 1777 3569 1886 3623; x_wconf 76' lang='lat' dir='ltr'><strong>ha:-</strong></span> 
     </span>
    </p>
   </div>
   <div class='ocr_carea' id='block_1_31' title="bbox 1983 2373 3549 2445">
    <p class='ocr_par' dir='ltr' id='par_1_31' title="bbox 1983 2373 3549 2445">
     <span class='ocr_line' id='line_1_31' title="bbox 1983 2373 3549 2445; baseline -0.001 -17"><span class='ocrx_word' id='word_1_151' title='bbox 1983 2376 2297 2439; x_wconf 76' lang='grc' dir='ltr'><strong>ἀπόστολος,</strong></span> <span class='ocrx_word' id='word_1_152' title='bbox 2321 2377 2350 2429; x_wconf 88' lang='grc' dir='ltr'>ὁ</span> <span class='ocrx_word' id='word_1_153' title='bbox 2380 2375 2916 2445; x_wconf 42' lang='grc' dir='ltr'>συγκαταῂφισθεὶς</span> <span class='ocrx_word' id='word_1_154' title='bbox 2939 2373 3075 2445; x_wconf 85' lang='grc' dir='ltr'><strong>μετὰ</strong></span> <span class='ocrx_word' id='word_1_155' title='bbox 3103 2373 3549 2427; x_wconf 81' lang='grc' dir='ltr'>τῶνὰποστόλων.</span> 
     </span>
    </p>
   </div>
   <div class='ocr_carea' id='block_1_32' title="bbox 1984 2467 3546 2541">
    <p class='ocr_par' dir='ltr' id='par_1_32' title="bbox 1984 2467 3546 2541">
     <span class='ocr_line' id='line_1_32' title="bbox 1984 2467 3546 2541; baseline -0.003 -20"><span class='ocrx_word' id='word_1_156' title='bbox 1984 2469 2253 2522; x_wconf 82' lang='grc' dir='ltr'>Εῑλκυσαν</span> <span class='ocrx_word' id='word_1_157' title='bbox 2281 2470 2389 2541; x_wconf 81' lang='grc' dir='ltr'>γὰρ</span> <span class='ocrx_word' id='word_1_158' title='bbox 2426 2472 2475 2522; x_wconf 79' lang='grc' dir='ltr'>οἱ</span> <span class='ocrx_word' id='word_1_159' title='bbox 2518 2472 2660 2537; x_wconf 80' lang='grc' dir='ltr'>ᾰγιοι</span> <span class='ocrx_word' id='word_1_160' title='bbox 2687 2469 2822 2540; x_wconf 78' lang='grc' dir='ltr'>πρὸς</span> <span class='ocrx_word' id='word_1_161' title='bbox 2849 2469 3073 2530; x_wconf 72' lang='grc' dir='ltr'>ἑαυτοὺς</span> <span class='ocrx_word' id='word_1_162' title='bbox 3104 2467 3193 2520; x_wconf 74' lang='grc' dir='ltr'><strong>τὸν</strong></span> <span class='ocrx_word' id='word_1_163' title='bbox 3229 2468 3546 2537; x_wconf 76' lang='grc' dir='ltr'>όμότροπον,</span> 
     </span>
    </p>
   </div>
   <div class='ocr_carea' id='block_1_33' title="bbox 1984 2556 3549 2633">
    <p class='ocr_par' dir='ltr' id='par_1_33' title="bbox 1984 2556 3549 2633">
     <span class='ocr_line' id='line_1_33' title="bbox 1984 2556 3549 2633; baseline -0.004 -19"><span class='ocrx_word' id='word_1_164' title='bbox 1984 2561 2072 2615; x_wconf 70' lang='grc' dir='ltr'><strong>τδν</strong></span> <span class='ocrx_word' id='word_1_165' title='bbox 2101 2562 2332 2633; x_wconf 81' lang='grc' dir='ltr'>ἀθλητὴν</span> <span class='ocrx_word' id='word_1_166' title='bbox 2355 2562 2445 2615; x_wconf 65' lang='grc' dir='ltr'><strong>τὸν</strong></span> <span class='ocrx_word' id='word_1_167' title='bbox 2475 2562 2795 2629; x_wconf 68' lang='grc' dir='ltr'><strong>στεφανίτην</strong></span> <span class='ocrx_word' id='word_1_168' title='bbox 2832 2562 2879 2614; x_wconf 78' lang='lat' dir='ltr'><strong>oi</strong></span> <span class='ocrx_word' id='word_1_169' title='bbox 2911 2562 3244 2629; x_wconf 83' lang='grc' dir='ltr'>στεφανῖται,</span> <span class='ocrx_word' id='word_1_170' title='bbox 3273 2559 3363 2612; x_wconf 81' lang='grc' dir='ltr'><strong>τὸν</strong></span> <span class='ocrx_word' id='word_1_171' title='bbox 3391 2556 3549 2626; x_wconf 68' lang='grc' dir='ltr'>ἁγνὸν</span> 
     </span>
    </p>
   </div>
   <div class='ocr_carea' id='block_1_34' title="bbox 1984 2646 3549 2722">
    <p class='ocr_par' dir='ltr' id='par_1_34' title="bbox 1984 2646 3549 2722">
     <span class='ocr_line' id='line_1_34' title="bbox 1984 2646 3549 2722; baseline -0.004 -19"><span class='ocrx_word' id='word_1_172' title='bbox 1984 2653 2033 2703; x_wconf 83' lang='grc' dir='ltr'>οἱ</span> <span class='ocrx_word' id='word_1_173' title='bbox 2064 2651 2308 2722; x_wconf 69' lang='grc' dir='ltr'>ἀθληταὶ,</span> <span class='ocrx_word' id='word_1_174' title='bbox 2347 2653 2412 2721; x_wconf 78' lang='grc' dir='ltr'>τῇ</span> <span class='ocrx_word' id='word_1_175' title='bbox 2432 2650 2576 2721; x_wconf 80' lang='grc' dir='ltr'>ψυχῇ</span> <span class='ocrx_word' id='word_1_176' title='bbox 2602 2652 2650 2703; x_wconf 76' lang='grc' dir='ltr'><strong>οἱ</strong></span> <span class='ocrx_word' id='word_1_177' title='bbox 2674 2649 2897 2720; x_wconf 72' lang='grc' dir='ltr'>καθαροὶ</span> <span class='ocrx_word' id='word_1_178' title='bbox 2916 2652 2981 2720; x_wconf 74' lang='grc' dir='ltr'>τῇ</span> <span class='ocrx_word' id='word_1_179' title='bbox 3000 2646 3318 2719; x_wconf 71' lang='grc' dir='ltr'>καρδία,τὸν</span> <span class='ocrx_word' id='word_1_180' title='bbox 3341 2651 3549 2716; x_wconf 75' lang='grc' dir='ltr'>κήρυκα</span> 
     </span>
    </p>
   </div>
   <div class='ocr_carea' id='block_1_35' title="bbox 1983 2740 3551 2813">
    <p class='ocr_par' dir='ltr' id='par_1_35' title="bbox 1983 2740 3551 2813">
     <span class='ocr_line' id='line_1_35' title="bbox 1983 2740 3551 2813; baseline -0.002 -18"><span class='ocrx_word' id='word_1_181' title='bbox 1983 2742 2076 2796; x_wconf 76' lang='grc' dir='ltr'>τοῦ</span> <span class='ocrx_word' id='word_1_182' title='bbox 2095 2743 2251 2811; x_wconf 87' lang='grc' dir='ltr'>λόγου</span> <span class='ocrx_word' id='word_1_183' title='bbox 2268 2744 2316 2795; x_wconf 80' lang='grc' dir='ltr'>οἱ</span> <span class='ocrx_word' id='word_1_184' title='bbox 2333 2743 2599 2813; x_wconf 78' lang='grc' dir='ltr'>ὑπηρέται</span> <span class='ocrx_word' id='word_1_185' title='bbox 2615 2742 2708 2795; x_wconf 85' lang='grc' dir='ltr'>τοῦ</span> <span class='ocrx_word' id='word_1_186' title='bbox 2728 2742 2901 2810; x_wconf 83' lang='grc' dir='ltr'>λόγου.</span> <span class='ocrx_word' id='word_1_187' title='bbox 2921 2741 3079 2794; x_wconf 76' lang='grc' dir='ltr'>Ἀλλὰ</span> <span class='ocrx_word' id='word_1_188' title='bbox 3099 2741 3428 2811; x_wconf 70' lang='grc' dir='ltr'>μακαριστός</span> <span class='ocrx_word' id='word_1_189' title='bbox 3454 2740 3551 2809; x_wconf 73' lang='grc' dir='ltr'>μὲν</span> 
     </span>
    </p>
   </div>
   <div class='ocr_carea' id='block_1_36' title="bbox 1984 2828 3550 2902">
    <p class='ocr_par' dir='ltr' id='par_1_36' title="bbox 1984 2828 3550 2902">
     <span class='ocr_line' id='line_1_36' title="bbox 1984 2828 3550 2902; baseline -0.001 -18"><span class='ocrx_word' id='word_1_190' title='bbox 1984 2833 2012 2884; x_wconf 86' lang='grc' dir='ltr'><strong>ό</strong></span> <span class='ocrx_word' id='word_1_191' title='bbox 2026 2832 2175 2902; x_wconf 78' lang='grc' dir='ltr'>Πατὴ</span> <span class='ocrx_word' id='word_1_192' title='bbox 2184 2848 2214 2901; x_wconf 90' lang='grc' dir='ltr'><strong>ρ</strong></span> <span class='ocrx_word' id='word_1_193' title='bbox 2237 2833 2269 2900; x_wconf 81' lang='grc' dir='ltr'>ἡ</span> <span class='ocrx_word' id='word_1_194' title='bbox 2281 2830 2415 2900; x_wconf 83' lang='grc' dir='ltr'>μῶν,</span> <span class='ocrx_word' id='word_1_195' title='bbox 2433 2831 2531 2899; x_wconf 72' lang='grc' dir='ltr'>τῆς</span> <span class='ocrx_word' id='word_1_196' title='bbox 2544 2847 2606 2883; x_wconf 82' lang='grc' dir='ltr'><strong>τε</strong></span> <span class='ocrx_word' id='word_1_197' title='bbox 2630 2831 2987 2901; x_wconf 83' lang='grc' dir='ltr'>ἀποστολικῆς</span> <span class='ocrx_word' id='word_1_198' title='bbox 3005 2831 3318 2900; x_wconf 80' lang='grc' dir='ltr'>συσκηνίας,</span> <span class='ocrx_word' id='word_1_199' title='bbox 3348 2831 3439 2881; x_wconf 69' lang='grc' dir='ltr'><strong>καὶ</strong></span> <span class='ocrx_word' id='word_1_200' title='bbox 3454 2828 3550 2895; x_wconf 71' lang='grc' dir='ltr'><strong>τῆῖ</strong></span> 
     </span>
    </p>
   </div>
   <div class='ocr_carea' id='block_1_37' title="bbox 1987 2918 3550 2994">
    <p class='ocr_par' dir='ltr' id='par_1_37' title="bbox 1987 2918 3550 2994">
     <span class='ocr_line' id='line_1_37' title="bbox 1987 2918 3550 2994; baseline -0.004 -19"><span class='ocrx_word' id='word_1_201' title='bbox 1987 2923 2121 2994; x_wconf 79' lang='grc' dir='ltr'>πρὸς</span> <span class='ocrx_word' id='word_1_202' title='bbox 2149 2923 2238 2975; x_wconf 83' lang='grc' dir='ltr'><strong>τὸν</strong></span> <span class='ocrx_word' id='word_1_203' title='bbox 2269 2922 2502 2994; x_wconf 74' lang='grc' dir='ltr'>Χριστὸν</span> <span class='ocrx_word' id='word_1_204' title='bbox 2531 2923 2841 2985; x_wconf 74' lang='grc' dir='ltr'>ἀναλύσεως</span> <span class='ocrx_word' id='word_1_205' title='bbox 2865 2939 2879 2952; x_wconf 92' lang='grc'><strong>·</strong></span> <span class='ocrx_word' id='word_1_206' title='bbox 2923 2922 3145 2975; x_wconf 71' lang='grc' dir='ltr'>ὲλεεινοὶ</span> <span class='ocrx_word' id='word_1_207' title='bbox 3172 2921 3226 2973; x_wconf 76' lang='grc' dir='ltr'>δὲ</span> <span class='ocrx_word' id='word_1_208' title='bbox 3250 2922 3428 2990; x_wconf 71' lang='grc' dir='ltr'>ἡμεῖς.</span> <span class='ocrx_word' id='word_1_209' title='bbox 3477 2918 3550 2970; x_wconf 71' lang='grc' dir='ltr'><strong>Οὐ</strong></span> 
     </span>
    </p>
   </div>
   <div class='ocr_carea' id='block_1_38' title="bbox 1986 3011 3550 3085">
    <p class='ocr_par' dir='ltr' id='par_1_38' title="bbox 1986 3011 3550 3085">
     <span class='ocr_line' id='line_1_38' title="bbox 1986 3011 3550 3085; baseline -0.006 -18"><span class='ocrx_word' id='word_1_210' title='bbox 1986 3015 2094 3085; x_wconf 72' lang='grc' dir='ltr'>γὰρ</span> <span class='ocrx_word' id='word_1_211' title='bbox 2123 3016 2186 3085; x_wconf 80' lang='grc' dir='ltr'><strong>ἐᾷ</strong></span> <span class='ocrx_word' id='word_1_212' title='bbox 2215 3013 2538 3085; x_wconf 73' lang='grc' dir='ltr'>μακαρίζειν</span> <span class='ocrx_word' id='word_1_213' title='bbox 2568 3015 2715 3084; x_wconf 78' lang='grc' dir='ltr'>ἡμᾶς</span> <span class='ocrx_word' id='word_1_214' title='bbox 2752 3012 2844 3066; x_wconf 79' lang='grc' dir='ltr'>τοῦ</span> <span class='ocrx_word' id='word_1_215' title='bbox 2880 3014 3092 3085; x_wconf 71' lang='grc' dir='ltr'>Πατρός</span> <span class='ocrx_word' id='word_1_216' title='bbox 3116 3012 3211 3082; x_wconf 79' lang='grc' dir='ltr'>τὴν</span> <span class='ocrx_word' id='word_1_217' title='bbox 3238 3011 3550 3080; x_wconf 76' lang='grc' dir='ltr'>εὖκληρίαν,</span> 
     </span>
    </p>
   </div>
   <div class='ocr_carea' id='block_1_39' title="bbox 1986 3100 3552 3177">
    <p class='ocr_par' dir='ltr' id='par_1_39' title="bbox 1986 3100 3552 3177">
     <span class='ocr_line' id='line_1_39' title="bbox 1986 3100 3552 3177; baseline -0.004 -18"><span class='ocrx_word' id='word_1_218' title='bbox 1986 3108 2019 3176; x_wconf 88' lang='grc' dir='ltr'>ἡ</span> <span class='ocrx_word' id='word_1_219' title='bbox 2044 3107 2217 3177; x_wconf 82' lang='grc' dir='ltr'>ἁωρῖα</span> <span class='ocrx_word' id='word_1_220' title='bbox 2253 3108 2351 3173; x_wconf 74' lang='grc' dir='ltr'>τῆς</span> <span class='ocrx_word' id='word_1_221' title='bbox 2400 3104 2682 3175; x_wconf 82' lang='grc' dir='ltr'>ὀρφανίας.</span> <span class='ocrx_word' id='word_1_222' title='bbox 2734 3106 2955 3175; x_wconf 78' lang='grc' dir='ltr'>Ἑκείνῳ</span> <span class='ocrx_word' id='word_1_223' title='bbox 2995 3108 3239 3176; x_wconf 82' lang='grc' dir='ltr'>κρεῖττον</span> <span class='ocrx_word' id='word_1_224' title='bbox 3270 3100 3335 3173; x_wconf 81' lang='grc' dir='ltr'>ἦν</span> <span class='ocrx_word' id='word_1_225' title='bbox 3366 3102 3425 3154; x_wconf 78' lang='grc' dir='ltr'><strong>τὸ</strong></span> <span class='ocrx_word' id='word_1_226' title='bbox 3461 3103 3552 3153; x_wconf 77' lang='grc' dir='ltr'><strong>σὺν</strong></span> 
     </span>
    </p>
   </div>
   <div class='ocr_carea' id='block_1_40' title="bbox 1987 3193 3552 3268">
    <p class='ocr_par' dir='ltr' id='par_1_40' title="bbox 1987 3193 3552 3268">
     <span class='ocr_line' id='line_1_40' title="bbox 1987 3193 3552 3268; baseline -0.002 -18"><span class='ocrx_word' id='word_1_227' title='bbox 1987 3197 2206 3268; x_wconf 78' lang='grc' dir='ltr'>Χριστῷ</span> <span class='ocrx_word' id='word_1_228' title='bbox 2234 3193 2368 3249; x_wconf 77' lang='grc' dir='ltr'>εἶναι</span> <span class='ocrx_word' id='word_1_229' title='bbox 2401 3197 2487 3249; x_wconf 77' lang='grc' dir='ltr'>διὰ</span> <span class='ocrx_word' id='word_1_230' title='bbox 2524 3198 2619 3268; x_wconf 80' lang='grc' dir='ltr'>τῆς</span> <span class='ocrx_word' id='word_1_231' title='bbox 2661 3193 2991 3263; x_wconf 78' lang='grc' dir='ltr'>ἀναλύσεως,</span> <span class='ocrx_word' id='word_1_232' title='bbox 3022 3197 3136 3250; x_wconf 82' lang='grc' dir='ltr'>ἀλλ’</span> <span class='ocrx_word' id='word_1_233' title='bbox 3170 3199 3300 3266; x_wconf 73' lang='grc' dir='ltr'>ἡμῖν</span> <span class='ocrx_word' id='word_1_234' title='bbox 3324 3194 3552 3265; x_wconf 59' lang='grc' dir='ltr'>χαλεπὸν</span> 
     </span>
    </p>
   </div>
   <div class='ocr_carea' id='block_1_41' title="bbox 1985 3285 3553 3359">
    <p class='ocr_par' dir='ltr' id='par_1_41' title="bbox 1985 3285 3553 3359">
     <span class='ocr_line' id='line_1_41' title="bbox 1985 3285 3553 3359; baseline -0.003 -19"><span class='ocrx_word' id='word_1_235' title='bbox 1985 3287 2046 3340; x_wconf 84' lang='grc' dir='ltr'><strong>τὸ</strong></span> <span class='ocrx_word' id='word_1_236' title='bbox 2077 3287 2455 3358; x_wconf 68' lang='grc' dir='ltr'><strong>διαζευχθῆναι</strong></span> <span class='ocrx_word' id='word_1_237' title='bbox 2480 3288 2578 3356; x_wconf 79' lang='grc' dir='ltr'>τῆς</span> <span class='ocrx_word' id='word_1_238' title='bbox 2608 3288 2877 3359; x_wconf 76' lang='grc' dir='ltr'>πατρικῆς</span> <span class='ocrx_word' id='word_1_239' title='bbox 2900 3287 3249 3359; x_wconf 70' lang='grc' dir='ltr'>προστασίας.</span> <span class='ocrx_word' id='word_1_240' title='bbox 3289 3286 3420 3338; x_wconf 69' lang='grc' dir='ltr'>Ἰδοὺ</span> <span class='ocrx_word' id='word_1_241' title='bbox 3449 3285 3553 3355; x_wconf 70' lang='grc' dir='ltr'>γὰρ</span> 
     </span>
    </p>
   </div>
   <div class='ocr_carea' id='block_1_42' title="bbox 1991 3379 3554 3452">
    <p class='ocr_par' dir='ltr' id='par_1_42' title="bbox 1991 3379 3554 3452">
     <span class='ocr_line' id='line_1_42' title="bbox 1991 3379 3554 3452; baseline -0.003 -18"><span class='ocrx_word' id='word_1_242' title='bbox 1991 3380 2183 3452; x_wconf 79' lang='grc' dir='ltr'>βουλῆς</span> <span class='ocrx_word' id='word_1_243' title='bbox 2232 3380 2448 3451; x_wconf 70' lang='grc' dir='ltr'>καιρὸς,</span> <span class='ocrx_word' id='word_1_244' title='bbox 2481 3381 2575 3433; x_wconf 72' lang='grc' dir='ltr'>καὶ</span> <span class='ocrx_word' id='word_1_245' title='bbox 2615 3381 2643 3432; x_wconf 88' lang='grc' dir='ltr'><strong>ό</strong></span> <span class='ocrx_word' id='word_1_246' title='bbox 2685 3380 3061 3450; x_wconf 79' lang='grc' dir='ltr'>συμϐουλεύων</span> <span class='ocrx_word' id='word_1_247' title='bbox 3108 3380 3255 3449; x_wconf 80' lang='grc' dir='ltr'>σιγᾷ.</span> <span class='ocrx_word' id='word_1_248' title='bbox 3315 3379 3554 3447; x_wconf 75' lang='grc' dir='ltr'><strong>Πόλεμος</strong></span> 
     </span>
    </p>
   </div>
   <div class='ocr_carea' id='block_1_43' title="bbox 1989 3469 3553 3543">
    <p class='ocr_par' dir='ltr' id='par_1_43' title="bbox 1989 3469 3553 3543">
     <span class='ocr_line' id='line_1_43' title="bbox 1989 3469 3553 3543; baseline -0.002 -20"><span class='ocrx_word' id='word_1_249' title='bbox 1989 3474 2136 3543; x_wconf 75' lang='grc' dir='ltr'>ἡμᾶς</span> <span class='ocrx_word' id='word_1_250' title='bbox 2183 3472 2676 3542; x_wconf 81' lang='grc' dir='ltr'>περιεστοίχισται,</span> <span class='ocrx_word' id='word_1_251' title='bbox 2731 3471 2967 3542; x_wconf 71' lang='grc' dir='ltr'>πόλεμος</span> <span class='ocrx_word' id='word_1_252' title='bbox 3006 3471 3279 3541; x_wconf 81' lang='grc' dir='ltr'>αἱρετικός</span> <span class='ocrx_word' id='word_1_253' title='bbox 3308 3486 3322 3499; x_wconf 86' lang='grc'><strong>·</strong></span> <span class='ocrx_word' id='word_1_254' title='bbox 3386 3469 3477 3522; x_wconf 78' lang='grc' dir='ltr'>καὶ</span> <span class='ocrx_word' id='word_1_255' title='bbox 3525 3469 3553 3519; x_wconf 84' lang='grc' dir='ltr'><strong>ό</strong></span> 
     </span>
    </p>
   </div>
   <div class='ocr_carea' id='block_1_44' title="bbox 1992 3561 3552 3636">
    <p class='ocr_par' dir='ltr' id='par_1_44' title="bbox 1992 3561 3552 3636">
     <span class='ocr_line' id='line_1_44' title="bbox 1992 3561 3552 3636; baseline -0.004 -20"><span class='ocrx_word' id='word_1_256' title='bbox 1992 3564 2308 3635; x_wconf 75' lang='grc' dir='ltr'>στρατηγῶν</span> <span class='ocrx_word' id='word_1_257' title='bbox 2362 3565 2462 3617; x_wconf 79' lang='grc' dir='ltr'><strong>οὐκ</strong></span> <span class='ocrx_word' id='word_1_258' title='bbox 2510 3564 2645 3617; x_wconf 81' lang='grc' dir='ltr'>ἔστι.</span> <span class='ocrx_word' id='word_1_259' title='bbox 2709 3564 2925 3636; x_wconf 81' lang='grc' dir='ltr'>Κάμνει</span> <span class='ocrx_word' id='word_1_260' title='bbox 2960 3566 3078 3625; x_wconf 85' lang='grc' dir='ltr'>ταῖς</span> <span class='ocrx_word' id='word_1_261' title='bbox 3128 3561 3453 3635; x_wconf 66' lang='grc' dir='ltr'>ἀρρωστίαις</span> <span class='ocrx_word' id='word_1_262' title='bbox 3494 3561 3552 3611; x_wconf 72' lang='grc' dir='ltr'>τὸ</span> 
     </span>
    </p>
   </div>
   <div class='ocr_carea' id='block_1_45' title="bbox 314 3633 1910 3729">
    <p class='ocr_par' dir='ltr' id='par_1_45' title="bbox 314 3647 1879 3723">
     <span class='ocr_line' id='line_1_45' title="bbox 314 3647 1879 3723; baseline 0.012 -26"><span class='ocrx_word' id='word_1_263' title='bbox 314 3647 578 3713; x_wconf 88' lang='lat' dir='ltr'><strong>reticum;</strong></span> <span class='ocrx_word' id='word_1_264' title='bbox 604 3655 657 3701; x_wconf 90' lang='lat' dir='ltr'><strong>et</strong></span> <span class='ocrx_word' id='word_1_265' title='bbox 696 3649 790 3717; x_wconf 90' lang='lat' dir='ltr'><strong>qui</strong></span> <span class='ocrx_word' id='word_1_266' title='bbox 817 3650 1009 3705; x_wconf 90' lang='lat' dir='ltr'><strong>ducem</strong></span> <span class='ocrx_word' id='word_1_267' title='bbox 1039 3668 1098 3708; x_wconf 91' lang='lat' dir='ltr'><strong>se</strong></span> <span class='ocrx_word' id='word_1_268' title='bbox 1127 3654 1400 3723; x_wconf 61' lang='lat' dir='ltr'><strong>prtebeat,</strong></span> <span class='ocrx_word' id='word_1_269' title='bbox 1438 3658 1597 3712; x_wconf 75' lang='lat' dir='ltr'><strong>nobis</strong></span> <span class='ocrx_word' id='word_1_270' title='bbox 1631 3675 1738 3713; x_wconf 88' lang='lat' dir='ltr'><strong>non</strong></span> <span class='ocrx_word' id='word_1_271' title='bbox 1774 3668 1879 3716; x_wconf 86' lang='lat' dir='ltr'><strong>est.</strong></span> 
     </span>
    </p>
   </div>
   <div class='ocr_carea' id='block_1_46' title="bbox 1987 3633 3547 3729">
    <p class='ocr_par' dir='ltr' id='par_1_46' title="bbox 1987 3639 3547 3729">
     <span class='ocr_line' id='line_1_46' title="bbox 1987 3639 3547 3729; baseline -0.005 -22"><span class='ocrx_word' id='word_1_272' title='bbox 1987 3646 2163 3708; x_wconf 54' lang='grc' dir='ltr'>ποινὸν</span> <span class='ocrx_word' id='word_1_273' title='bbox 2202 3639 2358 3725; x_wconf 76' lang='grc' dir='ltr'>σῶμα</span> <span class='ocrx_word' id='word_1_274' title='bbox 2409 3657 2501 3722; x_wconf 82' lang='grc' dir='ltr'>τῆς</span> <span class='ocrx_word' id='word_1_275' title='bbox 2541 3655 2896 3725; x_wconf 81' lang='grc' dir='ltr'>Ἐκκλησίας,</span> <span class='ocrx_word' id='word_1_276' title='bbox 2948 3653 3042 3707; x_wconf 74' lang='grc' dir='ltr'><strong>καὶ</strong></span> <span class='ocrx_word' id='word_1_277' title='bbox 3092 3653 3180 3706; x_wconf 76' lang='grc' dir='ltr'>τὸν</span> <span class='ocrx_word' id='word_1_278' title='bbox 3236 3651 3407 3721; x_wconf 72' lang='grc' dir='ltr'>ἰατρόν</span> <span class='ocrx_word' id='word_1_279' title='bbox 3451 3651 3547 3729; x_wconf 52' lang='grc' dir='ltr'>οὐχ</span> 
     </span>
    </p>
   </div>
   <div class='ocr_carea' id='block_1_47' title="bbox 314 3736 1883 3820">
    <p class='ocr_par' dir='ltr' id='par_1_47' title="bbox 314 3736 1883 3820">
     <span class='ocr_line' id='line_1_47' title="bbox 314 3736 1883 3820; baseline 0.01 -27"><span class='ocrx_word' id='word_1_280' title='bbox 314 3736 557 3793; x_wconf 88' lang='lat' dir='ltr'><strong>Laborat</strong></span> <span class='ocrx_word' id='word_1_281' title='bbox 590 3740 1000 3799; x_wconf 76' lang='lat' dir='ltr'><strong>inﬁrmitatibus</strong></span> <span class='ocrx_word' id='word_1_282' title='bbox 1027 3759 1316 3803; x_wconf 88' lang='lat' dir='ltr'><strong>commune</strong></span> <span class='ocrx_word' id='word_1_283' title='bbox 1349 3764 1547 3820; x_wconf 87' lang='lat' dir='ltr'><strong>corpus</strong></span> <span class='ocrx_word' id='word_1_284' title='bbox 1576 3750 1832 3807; x_wconf 66' lang='lat' dir='ltr'><strong>Ecclesia:</strong></span> <span class='ocrx_word' id='word_1_285' title='bbox 1868 3793 1883 3818; x_wconf 96' lang='lat'><strong>,</strong></span> 
     </span>
    </p>
   </div>
   <div class='ocr_carea' id='block_1_48' title="bbox 315 3830 1887 3911">
    <p class='ocr_par' dir='ltr' id='par_1_48' title="bbox 315 3830 1887 3911">
     <span class='ocr_line' id='line_1_48' title="bbox 315 3830 1887 3911; baseline 0.01 -27"><span class='ocrx_word' id='word_1_286' title='bbox 315 3839 370 3891; x_wconf 84' lang='lat' dir='ltr'><strong>et</strong></span> <span class='ocrx_word' id='word_1_287' title='bbox 401 3830 674 3885; x_wconf 88' lang='lat' dir='ltr'><strong>medicum</strong></span> <span class='ocrx_word' id='word_1_288' title='bbox 712 3849 818 3895; x_wconf 88' lang='lat' dir='ltr'><strong>non</strong></span> <span class='ocrx_word' id='word_1_289' title='bbox 871 3836 1200 3893; x_wconf 83' lang='lat' dir='ltr'><strong>invenimus.</strong></span> <span class='ocrx_word' id='word_1_290' title='bbox 1234 3838 1428 3895; x_wconf 77' lang='lat' dir='ltr'><strong>Videte</strong></span> <span class='ocrx_word' id='word_1_291' title='bbox 1458 3858 1568 3911; x_wconf 91' lang='lat' dir='ltr'><strong>quo</strong></span> <span class='ocrx_word' id='word_1_292' title='bbox 1626 3845 1749 3898; x_wconf 89' lang='lat' dir='ltr'><strong>loco</strong></span> <span class='ocrx_word' id='word_1_293' title='bbox 1777 3846 1887 3899; x_wconf 91' lang='lat' dir='ltr'><strong>sint</strong></span> 
     </span>
    </p>
   </div>
   <div class='ocr_carea' id='block_1_49' title="bbox 316 3924 1887 4000">
    <p class='ocr_par' dir='ltr' id='par_1_49' title="bbox 316 3924 1887 4000">
     <span class='ocr_line' id='line_1_49' title="bbox 316 3924 1887 4000; baseline 0.009 -25"><span class='ocrx_word' id='word_1_294' title='bbox 316 3935 406 3979; x_wconf 86' lang='lat' dir='ltr'><strong>res</strong></span> <span class='ocrx_word' id='word_1_295' title='bbox 435 3929 663 3976; x_wconf 86' lang='lat' dir='ltr'><strong>nostrae:</strong></span> <span class='ocrx_word' id='word_1_296' title='bbox 685 3924 898 3990; x_wconf 83' lang='lat' dir='ltr'><strong>vellem,</strong></span> <span class='ocrx_word' id='word_1_297' title='bbox 919 3925 1093 3996; x_wconf 83' lang='lat' dir='ltr'><strong>siquo</strong></span> <span class='ocrx_word' id='word_1_298' title='bbox 1119 3929 1280 3983; x_wconf 91' lang='lat' dir='ltr'><strong>modo</strong></span> <span class='ocrx_word' id='word_1_299' title='bbox 1307 3929 1423 3984; x_wconf 84' lang='lat' dir='ltr'><strong>ﬁeri</strong></span> <span class='ocrx_word' id='word_1_300' title='bbox 1454 3941 1662 4000; x_wconf 87' lang='lat' dir='ltr'><strong>posset,</strong></span> <span class='ocrx_word' id='word_1_301' title='bbox 1684 3938 1887 3989; x_wconf 75' lang='lat' dir='ltr'><strong>contir~</strong></span> 
     </span>
    </p>
   </div>
   <div class='ocr_carea' id='block_1_50' title="bbox 316 4014 1887 4091">
    <p class='ocr_par' dir='ltr' id='par_1_50' title="bbox 316 4014 1887 4091">
     <span class='ocr_line' id='line_1_50' title="bbox 316 4014 1887 4091; baseline 0.008 -23"><span class='ocrx_word' id='word_1_302' title='bbox 316 4021 463 4068; x_wconf 86' lang='lat' dir='ltr'><strong>mata</strong></span> <span class='ocrx_word' id='word_1_303' title='bbox 494 4028 612 4068; x_wconf 88' lang='lat' dir='ltr'><strong>mea</strong></span> <span class='ocrx_word' id='word_1_304' title='bbox 646 4014 922 4073; x_wconf 85' lang='lat' dir='ltr'><strong>debilitate</strong></span> <span class='ocrx_word' id='word_1_305' title='bbox 953 4033 1061 4072; x_wconf 92' lang='lat' dir='ltr'><strong>una</strong></span> <span class='ocrx_word' id='word_1_306' title='bbox 1097 4035 1219 4073; x_wconf 92' lang='lat' dir='ltr'><strong>cum</strong></span> <span class='ocrx_word' id='word_1_307' title='bbox 1253 4023 1630 4091; x_wconf 76' lang='lat' dir='ltr'><strong>magnitudine</strong></span> <span class='ocrx_word' id='word_1_308' title='bbox 1661 4026 1887 4080; x_wconf 84' lang='lat' dir='ltr'><strong>calami-</strong></span> 
     </span>
    </p>
   </div>
   <div class='ocr_carea' id='block_1_51' title="bbox 316 4102 1887 4185">
    <p class='ocr_par' dir='ltr' id='par_1_51' title="bbox 316 4102 1887 4185">
     <span class='ocr_line' id='line_1_51' title="bbox 316 4102 1887 4185; baseline 0.007 -24"><span class='ocrx_word' id='word_1_309' title='bbox 316 4105 445 4161; x_wconf 86' lang='lat' dir='ltr'><strong>tatis</strong></span> <span class='ocrx_word' id='word_1_310' title='bbox 468 4102 785 4168; x_wconf 81' lang='lat' dir='ltr'><strong>ascendcre,</strong></span> <span class='ocrx_word' id='word_1_311' title='bbox 811 4115 866 4161; x_wconf 89' lang='lat' dir='ltr'><strong>et</strong></span> <span class='ocrx_word' id='word_1_312' title='bbox 898 4107 1135 4178; x_wconf 88' lang='lat' dir='ltr'><strong>aliquam</strong></span> <span class='ocrx_word' id='word_1_313' title='bbox 1154 4124 1405 4179; x_wconf 86' lang='lat' dir='ltr'><strong>rumpere</strong></span> <span class='ocrx_word' id='word_1_314' title='bbox 1425 4126 1634 4181; x_wconf 86' lang='lat' dir='ltr'><strong>vocem,</strong></span> <span class='ocrx_word' id='word_1_315' title='bbox 1654 4130 1777 4185; x_wconf 65' lang='lat' dir='ltr'><strong>qua:</strong></span> <span class='ocrx_word' id='word_1_316' title='bbox 1806 4117 1887 4171; x_wconf 84' lang='lat' dir='ltr'><strong>in-</strong></span> 
     </span>
    </p>
   </div>
   <div class='ocr_carea' id='block_1_52' title="bbox 317 4196 1884 4268">
    <p class='ocr_par' dir='ltr' id='par_1_52' title="bbox 317 4196 1884 4268">
     <span class='ocr_line' id='line_1_52' title="bbox 317 4196 1884 4268; baseline 0.004 -18"><span class='ocrx_word' id='word_1_317' title='bbox 317 4196 606 4251; x_wconf 88' lang='lat' dir='ltr'><strong>commodo</strong></span> <span class='ocrx_word' id='word_1_318' title='bbox 653 4196 1011 4265; x_wconf 88' lang='lat' dir='ltr'><strong>responderet</strong></span> <span class='ocrx_word' id='word_1_319' title='bbox 1053 4215 1068 4253; x_wconf 91' lang='lat'><strong>:</strong></span> <span class='ocrx_word' id='word_1_320' title='bbox 1113 4199 1577 4268; x_wconf 85' lang='lat' dir='ltr'><strong>quemadmodum</strong></span> <span class='ocrx_word' id='word_1_321' title='bbox 1632 4204 1724 4258; x_wconf 90' lang='lat' dir='ltr'><strong>isti</strong></span> <span class='ocrx_word' id='word_1_322' title='bbox 1782 4204 1884 4257; x_wconf 71' lang='lat' dir='ltr'><strong>viri</strong></span> 
     </span>
    </p>
   </div>
   <div class='ocr_carea' id='block_1_53' title="bbox 318 4286 1889 4361">
    <p class='ocr_par' dir='ltr' id='par_1_53' title="bbox 318 4286 1889 4361">
     <span class='ocr_line' id='line_1_53' title="bbox 318 4286 1889 4361; baseline 0.007 -20"><span class='ocrx_word' id='word_1_323' title='bbox 318 4287 523 4355; x_wconf 81' lang='lat' dir='ltr'><strong>egregii</strong></span> <span class='ocrx_word' id='word_1_324' title='bbox 578 4286 876 4352; x_wconf 81' lang='lat' dir='ltr'><strong>fecerunt,</strong></span> <span class='ocrx_word' id='word_1_325' title='bbox 928 4289 1022 4359; x_wconf 89' lang='lat' dir='ltr'><strong>qui</strong></span> <span class='ocrx_word' id='word_1_326' title='bbox 1085 4306 1277 4361; x_wconf 80' lang='lat' dir='ltr'><strong>magna</strong></span> <span class='ocrx_word' id='word_1_327' title='bbox 1329 4307 1461 4348; x_wconf 79' lang='lat' dir='ltr'><strong>voce</strong></span> <span class='ocrx_word' id='word_1_328' title='bbox 1520 4294 1889 4351; x_wconf 90' lang='lat' dir='ltr'><strong>calamitatem</strong></span> 
     </span>
    </p>
   </div>
   <div class='ocr_carea' id='block_1_54' title="bbox 319 4378 1889 4455">
    <p class='ocr_par' dir='ltr' id='par_1_54' title="bbox 319 4378 1889 4455">
     <span class='ocr_line' id='line_1_54' title="bbox 319 4378 1889 4455; baseline 0.006 -25"><span class='ocrx_word' id='word_1_329' title='bbox 319 4378 505 4437; x_wconf 82' lang='lat' dir='ltr'><strong>amissi</strong></span> <span class='ocrx_word' id='word_1_330' title='bbox 559 4379 731 4447; x_wconf 89' lang='lat' dir='ltr'><strong>patris</strong></span> <span class='ocrx_word' id='word_1_331' title='bbox 766 4379 1207 4448; x_wconf 87' lang='lat' dir='ltr'><strong>deploraverunt.</strong></span> <span class='ocrx_word' id='word_1_332' title='bbox 1247 4380 1353 4436; x_wconf 83' lang='lat' dir='ltr'><strong>Sed</strong></span> <span class='ocrx_word' id='word_1_333' title='bbox 1382 4383 1514 4451; x_wconf 89' lang='lat' dir='ltr'><strong>quid</strong></span> <span class='ocrx_word' id='word_1_334' title='bbox 1554 4398 1710 4454; x_wconf 82' lang='lat' dir='ltr'><strong>agam</strong></span> <span class='ocrx_word' id='word_1_335' title='bbox 1740 4385 1763 4437; x_wconf 88' lang='lat'><strong>?</strong></span> <span class='ocrx_word' id='word_1_336' title='bbox 1792 4385 1889 4455; x_wconf 89' lang='lat' dir='ltr'><strong>qui</strong></span> 
     </span>
    </p>
   </div>
   <div class='ocr_carea' id='block_1_55' title="bbox 243 4449 1887 4545">
    <p class='ocr_par' dir='ltr' id='par_1_55' title="bbox 243 4449 1887 4545">
     <span class='ocr_line' id='line_1_55' title="bbox 243 4449 1887 4545; baseline 0.004 -22"><span class='ocrx_word' id='word_1_337' title='bbox 243 4449 251 4455; x_wconf 55' lang='grc'><strong>’</strong></span> <span class='ocrx_word' id='word_1_338' title='bbox 320 4482 513 4539; x_wconf 77' lang='lat' dir='ltr'><strong>cogam</strong></span> <span class='ocrx_word' id='word_1_339' title='bbox 559 4469 796 4539; x_wconf 78' lang='lat' dir='ltr'><strong>linguam</strong></span> <span class='ocrx_word' id='word_1_340' title='bbox 825 4470 895 4523; x_wconf 92' lang='lat' dir='ltr'><strong>ad</strong></span> <span class='ocrx_word' id='word_1_341' title='bbox 924 4472 1327 4528; x_wconf 75' lang='lat' dir='ltr'><strong>inserviendum</strong></span> <span class='ocrx_word' id='word_1_342' title='bbox 1358 4475 1595 4529; x_wconf 85' lang='lat' dir='ltr'><strong>orationi</strong></span> <span class='ocrx_word' id='word_1_343' title='bbox 1628 4486 1887 4545; x_wconf 90' lang='lat' dir='ltr'><strong>tanquam</strong></span> 
     </span>
    </p>
   </div>
   <div class='ocr_carea' id='block_1_56' title="bbox 318 4559 1889 4632">
    <p class='ocr_par' dir='ltr' id='par_1_56' title="bbox 318 4559 1889 4632">
     <span class='ocr_line' id='line_1_56' title="bbox 318 4559 1889 4632; baseline 0.006 -21"><span class='ocrx_word' id='word_1_344' title='bbox 318 4559 470 4629; x_wconf 77' lang='lat' dir='ltr'><strong>gravi</strong></span> <span class='ocrx_word' id='word_1_345' title='bbox 512 4560 727 4615; x_wconf 72' lang='lat' dir='ltr'><strong>vinculo</strong></span> <span class='ocrx_word' id='word_1_346' title='bbox 762 4601 776 4623; x_wconf 91' lang='lat'><strong>,</strong></span> <span class='ocrx_word' id='word_1_347' title='bbox 841 4561 1150 4615; x_wconf 84' lang='lat' dir='ltr'><strong>calamitate</strong></span> <span class='ocrx_word' id='word_1_348' title='bbox 1204 4562 1518 4632; x_wconf 85' lang='lat' dir='ltr'><strong>impeditam</strong></span> <span class='ocrx_word' id='word_1_349' title='bbox 1550 4565 1573 4618; x_wconf 86' lang='lat'><strong>?</strong></span> <span class='ocrx_word' id='word_1_350' title='bbox 1603 4565 1889 4632; x_wconf 83' lang='lat' dir='ltr'><strong>Quomodo</strong></span> 
     </span>
    </p>
   </div>
   <div class='ocr_carea' id='block_1_57' title="bbox 318 4653 1889 4727">
    <p class='ocr_par' dir='ltr' id='par_1_57' title="bbox 318 4653 1889 4727">
     <span class='ocr_line' id='line_1_57' title="bbox 318 4653 1889 4727; baseline 0.007 -25"><span class='ocrx_word' id='word_1_351' title='bbox 318 4653 556 4718; x_wconf 88' lang='lat' dir='ltr'><strong>aperiam</strong></span> <span class='ocrx_word' id='word_1_352' title='bbox 584 4666 647 4706; x_wconf 78' lang='lat' dir='ltr'><strong>os</strong></span> <span class='ocrx_word' id='word_1_353' title='bbox 688 4653 1061 4709; x_wconf 78' lang='lat' dir='ltr'><strong>taciturnitate</strong></span> <span class='ocrx_word' id='word_1_354' title='bbox 1120 4664 1283 4722; x_wconf 89' lang='lat' dir='ltr'><strong>atque</strong></span> <span class='ocrx_word' id='word_1_355' title='bbox 1343 4656 1566 4711; x_wconf 86' lang='lat' dir='ltr'><strong>silentio</strong></span> <span class='ocrx_word' id='word_1_356' title='bbox 1614 4659 1889 4727; x_wconf 79' lang='lat' dir='ltr'><strong>captum?</strong></span> 
     </span>
    </p>
   </div>
   <div class='ocr_carea' id='block_1_58' title="bbox 318 4745 1890 4813">
    <p class='ocr_par' dir='ltr' id='par_1_58' title="bbox 318 4745 1890 4813">
     <span class='ocr_line' id='line_1_58' title="bbox 318 4745 1890 4813; baseline 0.006 -18"><span class='ocrx_word' id='word_1_357' title='bbox 318 4757 424 4812; x_wconf 87' lang='lat' dir='ltr'><strong>qua</strong></span> <span class='ocrx_word' id='word_1_358' title='bbox 462 4745 670 4799; x_wconf 88' lang='lat' dir='ltr'><strong>ratione</strong></span> <span class='ocrx_word' id='word_1_359' title='bbox 703 4759 890 4813; x_wconf 77' lang='lat' dir='ltr'><strong>vocem</strong></span> <span class='ocrx_word' id='word_1_360' title='bbox 924 4745 1168 4799; x_wconf 87' lang='lat' dir='ltr'><strong>emittam</strong></span> <span class='ocrx_word' id='word_1_361' title='bbox 1203 4747 1269 4799; x_wconf 93' lang='lat' dir='ltr'><strong>ad</strong></span> <span class='ocrx_word' id='word_1_362' title='bbox 1300 4747 1636 4803; x_wconf 86' lang='lat' dir='ltr'><strong>calamitates</strong></span> <span class='ocrx_word' id='word_1_363' title='bbox 1671 4759 1725 4804; x_wconf 89' lang='lat' dir='ltr'><strong>et</strong></span> <span class='ocrx_word' id='word_1_364' title='bbox 1775 4751 1890 4806; x_wconf 88' lang='lat' dir='ltr'><strong>luc-</strong></span> 
     </span>
    </p>
   </div>
   <div class='ocr_carea' id='block_1_59' title="bbox 319 4835 1889 4911">
    <p class='ocr_par' dir='ltr' id='par_1_59' title="bbox 319 4835 1889 4911">
     <span class='ocr_line' id='line_1_59' title="bbox 319 4835 1889 4911; baseline 0.006 -24"><span class='ocrx_word' id='word_1_365' title='bbox 319 4843 407 4890; x_wconf 90' lang='lat' dir='ltr'><strong>tus</strong></span> <span class='ocrx_word' id='word_1_366' title='bbox 440 4851 503 4890; x_wconf 63' lang='lat' dir='ltr'><strong>ex</strong></span> <span class='ocrx_word' id='word_1_367' title='bbox 536 4836 936 4904; x_wconf 82' lang='lat' dir='ltr'><strong>consuetudine</strong></span> <span class='ocrx_word' id='word_1_368' title='bbox 964 4835 1309 4911; x_wconf 89' lang='lat' dir='ltr'><strong>delabentem</strong></span> <span class='ocrx_word' id='word_1_369' title='bbox 1339 4840 1362 4892; x_wconf 81' lang='lat'><strong>?</strong></span> <span class='ocrx_word' id='word_1_370' title='bbox 1389 4842 1666 4910; x_wconf 89' lang='lat' dir='ltr'><strong>quomodo</strong></span> <span class='ocrx_word' id='word_1_371' title='bbox 1720 4843 1889 4897; x_wconf 91' lang='lat' dir='ltr'><strong>animi</strong></span> 
     </span>
    </p>
   </div>
   <div class='ocr_carea' id='block_1_60' title="bbox 1986 3741 3548 3816">
    <p class='ocr_par' dir='ltr' id='par_1_60' title="bbox 1986 3741 3548 3816">
     <span class='ocr_line' id='line_1_60' title="bbox 1986 3741 3548 3816; baseline -0.005 -17"><span class='ocrx_word' id='word_1_372' title='bbox 1986 3746 2328 3815; x_wconf 72' lang='grc' dir='ltr'>εὑρίσκομεν.</span> <span class='ocrx_word' id='word_1_373' title='bbox 2375 3744 2568 3816; x_wconf 76' lang='grc' dir='ltr'>Ὁρᾶτε</span> <span class='ocrx_word' id='word_1_374' title='bbox 2602 3746 2660 3797; x_wconf 81' lang='grc' dir='ltr'><strong>ἐν</strong></span> <span class='ocrx_word' id='word_1_375' title='bbox 2689 3749 2949 3809; x_wconf 80' lang='grc' dir='ltr'>ποταποίς</span> <span class='ocrx_word' id='word_1_376' title='bbox 2979 3744 3046 3797; x_wconf 69' lang='grc' dir='ltr'>τὰ</span> <span class='ocrx_word' id='word_1_377' title='bbox 3076 3745 3334 3814; x_wconf 74' lang='grc' dir='ltr'>ἡμέτερα.</span> <span class='ocrx_word' id='word_1_378' title='bbox 3372 3741 3548 3793; x_wconf 77' lang='grc' dir='ltr'>Ἑῧου-</span> 
     </span>
    </p>
   </div>
   <div class='ocr_carea' id='block_1_61' title="bbox 1984 3829 3549 3907">
    <p class='ocr_par' dir='ltr' id='par_1_61' title="bbox 1984 3829 3549 3907">
     <span class='ocr_line' id='line_1_61' title="bbox 1984 3829 3549 3907; baseline -0.003 -18"><span class='ocrx_word' id='word_1_379' title='bbox 1984 3836 2155 3906; x_wconf 83' lang='grc' dir='ltr'>λόμην</span> <span class='ocrx_word' id='word_1_380' title='bbox 2180 3835 2349 3899; x_wconf 80' lang='grc' dir='ltr'>εἴπως</span> <span class='ocrx_word' id='word_1_381' title='bbox 2382 3829 2493 3888; x_wconf 74' lang='grc' dir='ltr'>οἷόν</span> <span class='ocrx_word' id='word_1_382' title='bbox 2536 3853 2595 3888; x_wconf 87' lang='grc' dir='ltr'><strong>τε</strong></span> <span class='ocrx_word' id='word_1_383' title='bbox 2628 3832 2696 3907; x_wconf 78' lang='grc' dir='ltr'>ἦν</span> <span class='ocrx_word' id='word_1_384' title='bbox 2738 3835 2974 3899; x_wconf 81' lang='grc' dir='ltr'>τονὼσας</span> <span class='ocrx_word' id='word_1_385' title='bbox 3003 3834 3241 3905; x_wconf 73' lang='grc' dir='ltr'>ἐμαυτοῦ</span> <span class='ocrx_word' id='word_1_386' title='bbox 3273 3833 3368 3903; x_wconf 73' lang='grc' dir='ltr'><strong>τὴν</strong></span> <span class='ocrx_word' id='word_1_387' title='bbox 3398 3832 3549 3886; x_wconf 61' lang='lat' dir='ltr'><strong>sane.</strong></span> 
     </span>
    </p>
   </div>
   <div class='ocr_carea' id='block_1_62' title="bbox 1984 3926 3557 3998">
    <p class='ocr_par' dir='ltr' id='par_1_62' title="bbox 1984 3926 3557 3998">
     <span class='ocr_line' id='line_1_62' title="bbox 1984 3926 3557 3998; baseline -0.003 -17"><span class='ocrx_word' id='word_1_388' title='bbox 1984 3944 2153 3990; x_wconf 86' lang='grc' dir='ltr'>νειαν,</span> <span class='ocrx_word' id='word_1_389' title='bbox 2177 3926 2533 3997; x_wconf 79' lang='grc' dir='ltr'>συναναϐἧναι</span> <span class='ocrx_word' id='word_1_390' title='bbox 2556 3928 2633 3996; x_wconf 80' lang='grc' dir='ltr'>τῷ</span> <span class='ocrx_word' id='word_1_391' title='bbox 2664 3927 2812 3997; x_wconf 74' lang='grc' dir='ltr'>ὄγκῳ</span> <span class='ocrx_word' id='word_1_392' title='bbox 2843 3929 2939 3998; x_wconf 83' lang='grc' dir='ltr'><strong>τῆς</strong></span> <span class='ocrx_word' id='word_1_393' title='bbox 2980 3928 3279 3996; x_wconf 75' lang='grc' dir='ltr'>συμφορᾶς,</span> <span class='ocrx_word' id='word_1_394' title='bbox 3314 3926 3404 3978; x_wconf 81' lang='grc' dir='ltr'>καί</span> <span class='ocrx_word' id='word_1_395' title='bbox 3439 3941 3557 3977; x_wconf 76' lang='grc' dir='ltr'>τινα</span> 
     </span>
    </p>
   </div>
   <div class='ocr_carea' id='block_1_63' title="bbox 1987 4016 3554 4097">
    <p class='ocr_par' dir='ltr' id='par_1_63' title="bbox 1987 4016 3554 4097">
     <span class='ocr_line' id='line_1_63' title="bbox 1987 4016 3554 4097; baseline -0.003 -25"><span class='ocrx_word' id='word_1_396' title='bbox 1987 4019 2147 4090; x_wconf 70' lang='grc' dir='ltr'>ῥῆξαι</span> <span class='ocrx_word' id='word_1_397' title='bbox 2200 4017 2380 4089; x_wconf 79' lang='grc' dir='ltr'>φωνὴν</span> <span class='ocrx_word' id='word_1_398' title='bbox 2430 4019 2551 4071; x_wconf 78' lang='grc' dir='ltr'>κατ’</span> <span class='ocrx_word' id='word_1_399' title='bbox 2585 4018 2741 4084; x_wconf 76' lang='grc' dir='ltr'>ἀξίαν</span> <span class='ocrx_word' id='word_1_400' title='bbox 2780 4017 2874 4071; x_wconf 83' lang='grc' dir='ltr'>τοῦ</span> <span class='ocrx_word' id='word_1_401' title='bbox 2923 4017 3126 4080; x_wconf 74' lang='grc' dir='ltr'>πάθους</span> <span class='ocrx_word' id='word_1_402' title='bbox 3152 4033 3164 4046; x_wconf 89' lang='grc'><strong>·</strong></span> <span class='ocrx_word' id='word_1_403' title='bbox 3224 4016 3474 4097; x_wconf 76' lang='grc' dir='ltr'>καθάπερ</span> <span class='ocrx_word' id='word_1_404' title='bbox 3508 4017 3554 4067; x_wconf 69' lang='lat' dir='ltr'><strong>ei</strong></span> 
     </span>
    </p>
   </div>
   <div class='ocr_carea' id='block_1_64' title="bbox 1986 4102 3556 4181">
    <p class='ocr_par' dir='ltr' id='par_1_64' title="bbox 1986 4102 3556 4181">
     <span class='ocr_line' id='line_1_64' title="bbox 1986 4102 3556 4181; baseline -0.004 -18"><span class='ocrx_word' id='word_1_405' title='bbox 1986 4114 2222 4180; x_wconf 80' lang='grc' dir='ltr'>γενναῖοι</span> <span class='ocrx_word' id='word_1_406' title='bbox 2269 4112 2632 4181; x_wconf 73' lang='grc' dir='ltr'>πεποιήκασιν</span> <span class='ocrx_word' id='word_1_407' title='bbox 2665 4102 2845 4173; x_wconf 68' lang='grc' dir='ltr'>οὗτοι,</span> <span class='ocrx_word' id='word_1_408' title='bbox 2897 4106 3296 4179; x_wconf 81' lang='grc' dir='ltr'>μεγαλοφὼνως</span> <span class='ocrx_word' id='word_1_409' title='bbox 3342 4107 3440 4177; x_wconf 78' lang='grc' dir='ltr'>τὴν</span> <span class='ocrx_word' id='word_1_410' title='bbox 3470 4106 3556 4158; x_wconf 72' lang='grc' dir='ltr'><strong>ἐπὶ</strong></span> 
     </span>
    </p>
   </div>
   <div class='ocr_carea' id='block_1_65' title="bbox 1986 4197 3553 4273">
    <p class='ocr_par' dir='ltr' id='par_1_65' title="bbox 1986 4197 3553 4273">
     <span class='ocr_line' id='line_1_65' title="bbox 1986 4197 3553 4273; baseline -0.003 -19"><span class='ocrx_word' id='word_1_411' title='bbox 1986 4201 2064 4271; x_wconf 78' lang='grc' dir='ltr'>τῷ</span> <span class='ocrx_word' id='word_1_412' title='bbox 2110 4200 2284 4273; x_wconf 80' lang='grc' dir='ltr'>Πατρὶ</span> <span class='ocrx_word' id='word_1_413' title='bbox 2336 4200 2618 4271; x_wconf 74' lang='grc' dir='ltr'>συμφορὰν</span> <span class='ocrx_word' id='word_1_414' title='bbox 2661 4199 2994 4272; x_wconf 80' lang='grc' dir='ltr'>ὀδυρόμενοι.</span> <span class='ocrx_word' id='word_1_415' title='bbox 3048 4197 3208 4251; x_wconf 69' lang='grc' dir='ltr'>Ἀλλὰ</span> <span class='ocrx_word' id='word_1_416' title='bbox 3260 4198 3312 4250; x_wconf 87' lang='grc' dir='ltr'><strong>τί</strong></span> <span class='ocrx_word' id='word_1_417' title='bbox 3361 4198 3553 4262; x_wconf 56' lang='lat' dir='ltr'><strong>addito;</strong></span> 
     </span>
    </p>
   </div>
   <div class='ocr_carea' id='block_1_66' title="bbox 1989 4290 3554 4365">
    <p class='ocr_par' dir='ltr' id='par_1_66' title="bbox 1989 4290 3554 4365">
     <span class='ocr_line' id='line_1_66' title="bbox 1989 4290 3554 4365; baseline -0.004 -18"><span class='ocrx_word' id='word_1_418' title='bbox 1989 4294 2113 4357; x_wconf 82' lang='grc' dir='ltr'><strong>Πῶς</strong></span> <span class='ocrx_word' id='word_1_419' title='bbox 2154 4292 2409 4363; x_wconf 75' lang='grc' dir='ltr'>βιάσομαι</span> <span class='ocrx_word' id='word_1_420' title='bbox 2452 4291 2701 4360; x_wconf 81' lang='grc' dir='ltr'>γλῶσσαν</span> <span class='ocrx_word' id='word_1_421' title='bbox 2755 4292 2834 4353; x_wconf 91' lang='grc' dir='ltr'><strong>είς</strong></span> <span class='ocrx_word' id='word_1_422' title='bbox 2883 4291 3184 4361; x_wconf 71' lang='grc' dir='ltr'>ὑπηρεσίαν</span> <span class='ocrx_word' id='word_1_423' title='bbox 3235 4290 3329 4342; x_wconf 68' lang='grc' dir='ltr'>τοῦ</span> <span class='ocrx_word' id='word_1_424' title='bbox 3378 4290 3554 4365; x_wconf 67' lang='grc' dir='ltr'>λόγου,</span> 
     </span>
    </p>
   </div>
   <div class='ocr_carea' id='block_1_67' title="bbox 1988 4382 3554 4457">
    <p class='ocr_par' dir='ltr' id='par_1_67' title="bbox 1988 4382 3554 4457">
     <span class='ocr_line' id='line_1_67' title="bbox 1988 4382 3554 4457; baseline -0.001 -20"><span class='ocrx_word' id='word_1_425' title='bbox 1988 4385 2238 4457; x_wconf 83' lang='grc' dir='ltr'>καθάπερ</span> <span class='ocrx_word' id='word_1_426' title='bbox 2266 4387 2372 4439; x_wconf 73' lang='grc' dir='ltr'>τινὶ</span> <span class='ocrx_word' id='word_1_427' title='bbox 2410 4385 2542 4455; x_wconf 71' lang='grc' dir='ltr'>πέδη</span> <span class='ocrx_word' id='word_1_428' title='bbox 2580 4384 2772 4455; x_wconf 66' lang='grc' dir='ltr'>βαρείᾳ</span> <span class='ocrx_word' id='word_1_429' title='bbox 2809 4387 2874 4454; x_wconf 80' lang='grc' dir='ltr'>τῇ</span> <span class='ocrx_word' id='word_1_430' title='bbox 2904 4385 3159 4454; x_wconf 74' lang='grc' dir='ltr'>συμφορᾷ</span> <span class='ocrx_word' id='word_1_431' title='bbox 3191 4382 3554 4453; x_wconf 76' lang='grc' dir='ltr'>πεδηθεῖσανς</span> 
     </span>
    </p>
   </div>
   <div class='ocr_carea' id='block_1_68' title="bbox 1989 4473 3558 4557">
    <p class='ocr_par' dir='ltr' id='par_1_68' title="bbox 1989 4473 3558 4557">
     <span class='ocr_line' id='line_1_68' title="bbox 1989 4473 3558 4557; baseline -0.004 -28"><span class='ocrx_word' id='word_1_432' title='bbox 1989 4477 2114 4540; x_wconf 82' lang='grc' dir='ltr'><strong>Πῶς</strong></span> <span class='ocrx_word' id='word_1_433' title='bbox 2143 4475 2335 4540; x_wconf 81' lang='grc' dir='ltr'>ἀνοίξω</span> <span class='ocrx_word' id='word_1_434' title='bbox 2374 4477 2545 4546; x_wconf 83' lang='grc' dir='ltr'>στόμα</span> <span class='ocrx_word' id='word_1_435' title='bbox 2584 4478 2649 4545; x_wconf 77' lang='grc' dir='ltr'>τῇ</span> <span class='ocrx_word' id='word_1_436' title='bbox 2692 4476 2898 4546; x_wconf 71' lang='grc' dir='ltr'>ἀφασία</span> <span class='ocrx_word' id='word_1_437' title='bbox 2937 4475 3384 4557; x_wconf 69' lang='grc' dir='ltr'>κεκρατημένον;</span> <span class='ocrx_word' id='word_1_438' title='bbox 3436 4473 3558 4535; x_wconf 78' lang='grc' dir='ltr'><strong>Πῶς</strong></span> 
     </span>
    </p>
   </div>
   <div class='ocr_carea' id='block_1_69' title="bbox 1988 4565 3557 4637">
    <p class='ocr_par' dir='ltr' id='par_1_69' title="bbox 1988 4565 3557 4637">
     <span class='ocr_line' id='line_1_69' title="bbox 1988 4565 3557 4637; baseline 0.001 -19"><span class='ocrx_word' id='word_1_439' title='bbox 1988 4565 2244 4635; x_wconf 85' lang='grc' dir='ltr'>πρόωμαι</span> <span class='ocrx_word' id='word_1_440' title='bbox 2275 4566 2485 4637; x_wconf 85' lang='grc' dir='ltr'>φωνὴν,</span> <span class='ocrx_word' id='word_1_441' title='bbox 2531 4567 2610 4629; x_wconf 79' lang='grc' dir='ltr'>εἰς</span> <span class='ocrx_word' id='word_1_442' title='bbox 2659 4566 2802 4636; x_wconf 74' lang='grc' dir='ltr'>πάθη</span> <span class='ocrx_word' id='word_1_443' title='bbox 2846 4566 2939 4619; x_wconf 79' lang='grc' dir='ltr'><strong>καὶ</strong></span> <span class='ocrx_word' id='word_1_444' title='bbox 2974 4566 3202 4635; x_wconf 80' lang='grc' dir='ltr'>θρήνους</span> <span class='ocrx_word' id='word_1_445' title='bbox 3249 4566 3392 4619; x_wconf 75' lang='grc' dir='ltr'>κατὰ</span> <span class='ocrx_word' id='word_1_446' title='bbox 3438 4583 3557 4619; x_wconf 84' lang='grc' dir='ltr'>συν-</span> 
     </span>
    </p>
   </div>
   <div class='ocr_carea' id='block_1_70' title="bbox 1989 4655 3553 4726">
    <p class='ocr_par' dir='ltr' id='par_1_70' title="bbox 1989 4655 3553 4726">
     <span class='ocr_line' id='line_1_70' title="bbox 1989 4655 3553 4726; baseline 0.001 -19"><span class='ocrx_word' id='word_1_447' title='bbox 1989 4655 2176 4726; x_wconf 85' lang='grc' dir='ltr'>ηθείας</span> <span class='ocrx_word' id='word_1_448' title='bbox 2224 4655 2770 4723; x_wconf 85' lang='grc' dir='ltr'>κατολισθαίνουσαν;</span> <span class='ocrx_word' id='word_1_449' title='bbox 2812 4657 2936 4720; x_wconf 82' lang='grc' dir='ltr'><strong>Πῶς</strong></span> <span class='ocrx_word' id='word_1_450' title='bbox 2984 4656 3271 4726; x_wconf 61' lang='grc' dir='ltr'><strong>ἀναϐλέψω</strong></span> <span class='ocrx_word' id='word_1_451' title='bbox 3307 4660 3419 4720; x_wconf 81' lang='grc' dir='ltr'>τοῖς</span> <span class='ocrx_word' id='word_1_452' title='bbox 3461 4657 3553 4726; x_wconf 78' lang='grc' dir='ltr'>τῆς</span> 
     </span>
    </p>
   </div>
   <div class='ocr_carea' id='block_1_71' title="bbox 1986 4745 3553 4819">
    <p class='ocr_par' dir='ltr' id='par_1_71' title="bbox 1986 4745 3553 4819">
     <span class='ocr_line' id='line_1_71' title="bbox 1986 4745 3553 4819; baseline -0.001 -19"><span class='ocrx_word' id='word_1_453' title='bbox 1986 4745 2161 4819; x_wconf 77' lang='grc' dir='ltr'>ψυχῆς</span> <span class='ocrx_word' id='word_1_454' title='bbox 2183 4747 2497 4818; x_wconf 71' lang='grc' dir='ltr'>ὀφθαλμοῖς,</span> <span class='ocrx_word' id='word_1_455' title='bbox 2534 4748 2612 4818; x_wconf 81' lang='grc' dir='ltr'>τῷ</span> <span class='ocrx_word' id='word_1_456' title='bbox 2642 4750 2740 4819; x_wconf 84' lang='grc' dir='ltr'>τῆς</span> <span class='ocrx_word' id='word_1_457' title='bbox 2758 4750 3041 4819; x_wconf 81' lang='grc' dir='ltr'>συμφορᾶς</span> <span class='ocrx_word' id='word_1_458' title='bbox 3069 4748 3250 4819; x_wconf 83' lang='grc' dir='ltr'>γνόφῳ</span> <span class='ocrx_word' id='word_1_459' title='bbox 3284 4748 3553 4817; x_wconf 80' lang='grc' dir='ltr'>κεκαλυμ-</span> 
     </span>
    </p>
   </div>
   <div class='ocr_carea' id='block_1_72' title="bbox 1992 4833 3553 4908">
    <p class='ocr_par' dir='ltr' id='par_1_72' title="bbox 1992 4833 3553 4908">
     <span class='ocr_line' id='line_1_72' title="bbox 1992 4833 3553 4908; baseline -0.001 -20"><span class='ocrx_word' id='word_1_460' title='bbox 1992 4835 2177 4907; x_wconf 83' lang='grc' dir='ltr'>μένος;</span> <span class='ocrx_word' id='word_1_461' title='bbox 2210 4837 2304 4899; x_wconf 90' lang='grc' dir='ltr'>Τίς</span> <span class='ocrx_word' id='word_1_462' title='bbox 2335 4854 2425 4906; x_wconf 78' lang='grc' dir='ltr'><strong>μοι</strong></span> <span class='ocrx_word' id='word_1_463' title='bbox 2454 4833 2689 4907; x_wconf 82' lang='grc' dir='ltr'>διασχὼν</span> <span class='ocrx_word' id='word_1_464' title='bbox 2722 4838 2817 4908; x_wconf 80' lang='grc' dir='ltr'><strong>τὴν</strong></span> <span class='ocrx_word' id='word_1_465' title='bbox 2846 4836 3065 4905; x_wconf 86' lang='grc' dir='ltr'>βαθεῖαν</span> <span class='ocrx_word' id='word_1_466' title='bbox 3094 4838 3292 4908; x_wconf 82' lang='grc' dir='ltr'>ταύτην</span> <span class='ocrx_word' id='word_1_467' title='bbox 3319 4838 3415 4890; x_wconf 74' lang='grc' dir='ltr'>καὶ</span> <span class='ocrx_word' id='word_1_468' title='bbox 3432 4853 3553 4887; x_wconf 68' lang='lat' dir='ltr'><strong>axo-</strong></span> 
     </span>
    </p>
   </div>
   <div class='ocr_carea' id='block_1_73' title="bbox 317 4927 1910 5016">
    <p class='ocr_par' dir='ltr' id='par_1_73' title="bbox 317 4927 1885 5000">
     <span class='ocr_line' id='line_1_73' title="bbox 317 4927 1885 5000; baseline 0.007 -22"><span class='ocrx_word' id='word_1_469' title='bbox 317 4927 494 4981; x_wconf 85' lang='lat' dir='ltr'><strong>ueulis</strong></span> <span class='ocrx_word' id='word_1_470' title='bbox 528 4930 846 4996; x_wconf 83' lang='lat' dir='ltr'><strong>suspiciam,</strong></span> <span class='ocrx_word' id='word_1_471' title='bbox 882 4929 974 5000; x_wconf 91' lang='lat' dir='ltr'><strong>qui</strong></span> <span class='ocrx_word' id='word_1_472' title='bbox 1003 4929 1237 5000; x_wconf 83' lang='lat' dir='ltr'><strong>caligine</strong></span> <span class='ocrx_word' id='word_1_473' title='bbox 1280 4932 1612 4989; x_wconf 87' lang='lat' dir='ltr'><strong>calamitatis</strong></span> <span class='ocrx_word' id='word_1_474' title='bbox 1644 4934 1885 4988; x_wconf 91' lang='lat' dir='ltr'><strong>circum-</strong></span> 
     </span>
    </p>
   </div>
   <div class='ocr_carea' id='block_1_74' title="bbox 1987 4927 3554 5016">
    <p class='ocr_par' dir='ltr' id='par_1_74' title="bbox 1989 4927 3554 5000">
     <span class='ocr_line' id='line_1_74' title="bbox 1989 4927 3554 5000; baseline 0.003 -20"><span class='ocrx_word' id='word_1_475' title='bbox 1989 4928 2170 4999; x_wconf 84' lang='grc' dir='ltr'>τεινὴν</span> <span class='ocrx_word' id='word_1_476' title='bbox 2194 4927 2292 4998; x_wconf 81' lang='grc' dir='ltr'>τῆς</span> <span class='ocrx_word' id='word_1_477' title='bbox 2316 4928 2490 4999; x_wconf 86' lang='grc' dir='ltr'>λύπης</span> <span class='ocrx_word' id='word_1_478' title='bbox 2512 4928 2758 5000; x_wconf 82' lang='grc' dir='ltr'>νεφέλην,</span> <span class='ocrx_word' id='word_1_479' title='bbox 2791 4929 2951 4982; x_wconf 82' lang='grc' dir='ltr'>πάλιν</span> <span class='ocrx_word' id='word_1_480' title='bbox 2979 4928 3037 4995; x_wconf 70' lang='grc' dir='ltr'><strong>ἐξ</strong></span> <span class='ocrx_word' id='word_1_481' title='bbox 3059 4928 3274 4999; x_wconf 78' lang='grc' dir='ltr'>αἰθρίας</span> <span class='ocrx_word' id='word_1_482' title='bbox 3299 4927 3554 4999; x_wconf 70' lang='grc' dir='ltr'>λαμπρὰν</span> 
     </span>
    </p>
   </div>
   <div class='ocr_carea' id='block_1_75' title="bbox 316 5015 1935 5094">
    <p class='ocr_par' dir='ltr' id='par_1_75' title="bbox 316 5015 1935 5094">
     <span class='ocr_line' id='line_1_75' title="bbox 316 5015 1935 5094; baseline 0.007 -24"><span class='ocrx_word' id='word_1_483' title='bbox 316 5015 477 5073; x_wconf 81' lang='lat' dir='ltr'><strong>fusus</strong></span> <span class='ocrx_word' id='word_1_484' title='bbox 534 5020 697 5093; x_wconf 74' lang='lat' dir='ltr'><strong>sum?</strong></span> <span class='ocrx_word' id='word_1_485' title='bbox 742 5019 877 5087; x_wconf 88' lang='lat' dir='ltr'><strong>Quis</strong></span> <span class='ocrx_word' id='word_1_486' title='bbox 907 5022 1039 5075; x_wconf 87' lang='lat' dir='ltr'><strong>mihi</strong></span> <span class='ocrx_word' id='word_1_487' title='bbox 1073 5022 1175 5077; x_wconf 90' lang='lat' dir='ltr'><strong>hac</strong></span> <span class='ocrx_word' id='word_1_488' title='bbox 1224 5024 1394 5089; x_wconf 86' lang='lat' dir='ltr'><strong>densa</strong></span> <span class='ocrx_word' id='word_1_489' title='bbox 1434 5031 1598 5094; x_wconf 90' lang='lat' dir='ltr'><strong>atque</strong></span> <span class='ocrx_word' id='word_1_490' title='bbox 1651 5027 1887 5082; x_wconf 85' lang='lat' dir='ltr'><strong>obscura</strong></span> <span class='ocrx_word' id='word_1_491' title='bbox 1925 5019 1935 5028; x_wconf 82' lang='grc'><strong>’</strong></span> 
     </span>
    </p>
   </div>
   <div class='ocr_carea' id='block_1_76' title="bbox 320 5101 1890 5180">
    <p class='ocr_par' dir='ltr' id='par_1_76' title="bbox 320 5101 1890 5180">
     <span class='ocr_line' id='line_1_76' title="bbox 320 5101 1890 5180; baseline 0.008 -19"><span class='ocrx_word' id='word_1_492' title='bbox 320 5108 558 5165; x_wconf 63' lang='lat' dir='ltr'><strong>tristitiae</strong></span> <span class='ocrx_word' id='word_1_493' title='bbox 615 5105 811 5165; x_wconf 82' lang='lat' dir='ltr'><strong>nebula</strong></span> <span class='ocrx_word' id='word_1_494' title='bbox 869 5101 1157 5180; x_wconf 83' lang='lat' dir='ltr'><strong>discussa,</strong></span> <span class='ocrx_word' id='word_1_495' title='bbox 1219 5129 1413 5170; x_wconf 89' lang='lat' dir='ltr'><strong>rursus</strong></span> <span class='ocrx_word' id='word_1_496' title='bbox 1468 5129 1535 5179; x_wconf 62' lang='lat' dir='ltr'><strong>ex,</strong></span> <span class='ocrx_word' id='word_1_497' title='bbox 1594 5118 1890 5174; x_wconf 89' lang='lat' dir='ltr'><strong>serenitate</strong></span> 
     </span>
    </p>
   </div>
   <div class='ocr_carea' id='block_1_77' title="bbox 319 5201 1889 5273">
    <p class='ocr_par' dir='ltr' id='par_1_77' title="bbox 319 5201 1889 5273">
     <span class='ocr_line' id='line_1_77' title="bbox 319 5201 1889 5273; baseline 0.005 -21"><span class='ocrx_word' id='word_1_498' title='bbox 319 5202 527 5263; x_wconf 81' lang='lat' dir='ltr'><strong>clarum</strong></span> <span class='ocrx_word' id='word_1_499' title='bbox 563 5201 717 5273; x_wconf 81' lang='lat' dir='ltr'><strong>pacis</strong></span> <span class='ocrx_word' id='word_1_500' title='bbox 751 5202 965 5269; x_wconf 86' lang='lat' dir='ltr'><strong>radium</strong></span> <span class='ocrx_word' id='word_1_501' title='bbox 996 5202 1318 5258; x_wconf 80' lang='lat' dir='ltr'><strong>exhibebit?</strong></span> <span class='ocrx_word' id='word_1_502' title='bbox 1350 5204 1494 5259; x_wconf 90' lang='lat' dir='ltr'><strong>unde</strong></span> <span class='ocrx_word' id='word_1_503' title='bbox 1547 5221 1677 5260; x_wconf 78' lang='lat' dir='ltr'><strong>vero</strong></span> <span class='ocrx_word' id='word_1_504' title='bbox 1703 5206 1889 5261; x_wconf 91' lang='lat' dir='ltr'><strong>radius</strong></span> 
     </span>
    </p>
   </div>
   <div class='ocr_carea' id='block_1_78' title="bbox 320 5293 1889 5369">
    <p class='ocr_par' dir='ltr' id='par_1_78' title="bbox 320 5293 1889 5369">
     <span class='ocr_line' id='line_1_78' title="bbox 320 5293 1889 5369; baseline 0.004 -24"><span class='ocrx_word' id='word_1_505' title='bbox 320 5293 484 5346; x_wconf 89' lang='lat' dir='ltr'><strong>etiam</strong></span> <span class='ocrx_word' id='word_1_506' title='bbox 516 5293 809 5369; x_wconf 81' lang='lat' dir='ltr'><strong>eluceseet,</strong></span> <span class='ocrx_word' id='word_1_507' title='bbox 838 5309 962 5349; x_wconf 91' lang='lat' dir='ltr'><strong>cum</strong></span> <span class='ocrx_word' id='word_1_508' title='bbox 999 5294 1153 5363; x_wconf 77' lang='lat' dir='ltr'><strong>stella</strong></span> <span class='ocrx_word' id='word_1_509' title='bbox 1188 5294 1347 5351; x_wconf 89' lang='lat' dir='ltr'><strong>nobis</strong></span> <span class='ocrx_word' id='word_1_510' title='bbox 1373 5295 1637 5351; x_wconf 86' lang='lat' dir='ltr'><strong>occiderit</strong></span> <span class='ocrx_word' id='word_1_511' title='bbox 1664 5296 1687 5351; x_wconf 84' lang='lat'>?</span> <span class='ocrx_word' id='word_1_512' title='bbox 1712 5296 1756 5352; x_wconf 93' lang='grc' dir='ltr'><strong>Ο</strong></span> <span class='ocrx_word' id='word_1_513' title='bbox 1777 5314 1889 5353; x_wconf 75' lang='lat' dir='ltr'><strong>ma~</strong></span> 
     </span>
    </p>
   </div>
   <div class='ocr_carea' id='block_1_79' title="bbox 321 5382 1884 5456">
    <p class='ocr_par' dir='ltr' id='par_1_79' title="bbox 321 5382 1884 5456">
     <span class='ocr_line' id='line_1_79' title="bbox 321 5382 1884 5456; baseline 0.005 -21"><span class='ocrx_word' id='word_1_514' title='bbox 321 5382 426 5435; x_wconf 83' lang='lat' dir='ltr'><strong>lam</strong></span> <span class='ocrx_word' id='word_1_515' title='bbox 456 5393 672 5441; x_wconf 88' lang='lat' dir='ltr'><strong>noctem</strong></span> <span class='ocrx_word' id='word_1_516' title='bbox 714 5385 1008 5455; x_wconf 77' lang='lat' dir='ltr'><strong>obscuram</strong></span> <span class='ocrx_word' id='word_1_517' title='bbox 1037 5425 1054 5452; x_wconf 92' lang='lat'><strong>,</strong></span> <span class='ocrx_word' id='word_1_518' title='bbox 1092 5401 1214 5456; x_wconf 72' lang='lat' dir='ltr'><strong>qua:</strong></span> <span class='ocrx_word' id='word_1_519' title='bbox 1264 5395 1443 5441; x_wconf 91' lang='lat' dir='ltr'><strong>ortum</strong></span> <span class='ocrx_word' id='word_1_520' title='bbox 1505 5388 1729 5443; x_wconf 82' lang='lat' dir='ltr'><strong>luminis</strong></span> <span class='ocrx_word' id='word_1_521' title='bbox 1777 5404 1884 5443; x_wconf 93' lang='lat' dir='ltr'><strong>non</strong></span> 
     </span>
    </p>
   </div>
   <div class='ocr_carea' id='block_1_80' title="bbox 321 5476 1888 5545">
    <p class='ocr_par' dir='ltr' id='par_1_80' title="bbox 321 5476 1888 5545">
     <span class='ocr_line' id='line_1_80' title="bbox 321 5476 1888 5545; baseline 0.004 -18"><span class='ocrx_word' id='word_1_522' title='bbox 321 5487 503 5541; x_wconf 88' lang='lat' dir='ltr'><strong>sperat</strong></span> <span class='ocrx_word' id='word_1_523' title='bbox 536 5478 549 5530; x_wconf 74' lang='grc' dir='ltr'>Ξ</span> <span class='ocrx_word' id='word_1_524' title='bbox 593 5476 768 5545; x_wconf 83' lang='lat' dir='ltr'><strong>Quam</strong></span> <span class='ocrx_word' id='word_1_525' title='bbox 803 5478 1078 5545; x_wconf 87' lang='lat' dir='ltr'><strong>contrario</strong></span> <span class='ocrx_word' id='word_1_526' title='bbox 1117 5479 1279 5533; x_wconf 85' lang='lat' dir='ltr'><strong>modo</strong></span> <span class='ocrx_word' id='word_1_527' title='bbox 1309 5492 1340 5532; x_wconf 91' lang='lat' dir='ltr'><strong>a</strong></span> <span class='ocrx_word' id='word_1_528' title='bbox 1372 5480 1529 5539; x_wconf 91' lang='lat' dir='ltr'><strong>nobis</strong></span> <span class='ocrx_word' id='word_1_529' title='bbox 1556 5480 1660 5534; x_wconf 88' lang='lat' dir='ltr'><strong>hoc</strong></span> <span class='ocrx_word' id='word_1_530' title='bbox 1687 5481 1810 5536; x_wconf 85' lang='lat' dir='ltr'><strong>loco</strong></span> <span class='ocrx_word' id='word_1_531' title='bbox 1834 5491 1888 5535; x_wconf 89' lang='lat' dir='ltr'><strong>et</strong></span> 
     </span>
    </p>
   </div>
   <div class='ocr_carea' id='block_1_81' title="bbox 319 5569 1888 5641">
    <p class='ocr_par' dir='ltr' id='par_1_81' title="bbox 319 5569 1888 5641">
     <span class='ocr_line' id='line_1_81' title="bbox 319 5569 1888 5641; baseline 0.006 -23"><span class='ocrx_word' id='word_1_532' title='bbox 319 5581 466 5641; x_wconf 76' lang='lat' dir='ltr'><strong>pune</strong></span> <span class='ocrx_word' id='word_1_533' title='bbox 498 5570 665 5625; x_wconf 85' lang='lat' dir='ltr'><strong>verba</strong></span> <span class='ocrx_word' id='word_1_534' title='bbox 694 5569 849 5636; x_wconf 81' lang='lat' dir='ltr'><strong>ﬁunt,</strong></span> <span class='ocrx_word' id='word_1_535' title='bbox 880 5579 933 5625; x_wconf 88' lang='lat' dir='ltr'><strong>et</strong></span> <span class='ocrx_word' id='word_1_536' title='bbox 960 5585 1137 5640; x_wconf 87' lang='lat' dir='ltr'><strong>nuper</strong></span> <span class='ocrx_word' id='word_1_537' title='bbox 1190 5570 1339 5626; x_wconf 78' lang='lat' dir='ltr'><strong>facta</strong></span> <span class='ocrx_word' id='word_1_538' title='bbox 1380 5577 1507 5627; x_wconf 89' lang='lat' dir='ltr'><strong>sunt</strong></span> <span class='ocrx_word' id='word_1_539' title='bbox 1535 5572 1549 5626; x_wconf 88' lang='grc' dir='ltr'><strong>ι</strong></span> <span class='ocrx_word' id='word_1_540' title='bbox 1582 5571 1740 5628; x_wconf 90' lang='lat' dir='ltr'><strong>Tunc</strong></span> <span class='ocrx_word' id='word_1_541' title='bbox 1768 5585 1888 5629; x_wconf 87' lang='lat' dir='ltr'><strong>tan-</strong></span> 
     </span>
    </p>
   </div>
   <div class='ocr_carea' id='block_1_82' title="bbox 320 5645 1886 5731">
    <p class='ocr_par' dir='ltr' id='par_1_82' title="bbox 320 5645 1886 5731">
     <span class='ocr_line' id='line_1_82' title="bbox 320 5645 1886 5731; baseline 0.006 -23"><span class='ocrx_word' id='word_1_542' title='bbox 320 5645 495 5729; x_wconf 81' lang='lat' dir='ltr'><strong>quam</strong></span> <span class='ocrx_word' id='word_1_543' title='bbox 521 5657 577 5713; x_wconf 90' lang='lat' dir='ltr'><strong>in</strong></span> <span class='ocrx_word' id='word_1_544' title='bbox 608 5661 812 5731; x_wconf 90' lang='lat' dir='ltr'><strong>nuptiis</strong></span> <span class='ocrx_word' id='word_1_545' title='bbox 846 5646 1294 5730; x_wconf 11' lang='lat' dir='ltr'><strong>atripndiabamus</strong></span> <span class='ocrx_word' id='word_1_546' title='bbox 1333 5668 1388 5717; x_wconf 85' lang='lat' dir='ltr'><strong>et</strong></span> <span class='ocrx_word' id='word_1_547' title='bbox 1431 5662 1662 5718; x_wconf 89' lang='lat' dir='ltr'><strong>choreas</strong></span> <span class='ocrx_word' id='word_1_548' title='bbox 1717 5662 1886 5719; x_wconf 83' lang='lat' dir='ltr'><strong>duce-</strong></span> 
     </span>
    </p>
   </div>
   <div class='ocr_carea' id='block_1_83' title="bbox 322 5750 1881 5841">
    <p class='ocr_par' dir='ltr' id='par_1_83' title="bbox 322 5750 1881 5841">
     <span class='ocr_line' id='line_1_83' title="bbox 322 5750 1881 5841; baseline 0.004 -37"><span class='ocrx_word' id='word_1_549' title='bbox 322 5751 551 5830; x_wconf 75' lang='lat' dir='ltr'><strong>bamus:</strong></span> <span class='ocrx_word' id='word_1_550' title='bbox 581 5765 727 5806; x_wconf 90' lang='lat' dir='ltr'><strong>nunc</strong></span> <span class='ocrx_word' id='word_1_551' title='bbox 760 5750 1145 5808; x_wconf 81' lang='lat' dir='ltr'><strong>miserabiliter</strong></span> <span class='ocrx_word' id='word_1_552' title='bbox 1174 5752 1421 5841; x_wconf 76' lang='lat' dir='ltr'><strong>lugentes</strong></span> <span class='ocrx_word' id='word_1_553' title='bbox 1456 5751 1881 5830; x_wconf 79' lang='lat' dir='ltr'><strong>ingemiscimus.</strong></span> 
     </span>
    </p>
   </div>
   <div class='ocr_carea' id='block_1_84' title="bbox 1988 5019 3552 5090">
    <p class='ocr_par' dir='ltr' id='par_1_84' title="bbox 1988 5019 3552 5090">
     <span class='ocr_line' id='line_1_84' title="bbox 1988 5019 3552 5090; baseline -0.003 -16"><span class='ocrx_word' id='word_1_554' title='bbox 1988 5019 2256 5084; x_wconf 79' lang='grc' dir='ltr'>ἀναδείξει</span> <span class='ocrx_word' id='word_1_555' title='bbox 2278 5019 2375 5088; x_wconf 80' lang='grc' dir='ltr'>τὴν</span> <span class='ocrx_word' id='word_1_556' title='bbox 2405 5019 2504 5089; x_wconf 82' lang='grc' dir='ltr'>τῆς</span> <span class='ocrx_word' id='word_1_557' title='bbox 2530 5021 2752 5090; x_wconf 78' lang='grc' dir='ltr'>εἰρήνης</span> <span class='ocrx_word' id='word_1_558' title='bbox 2782 5021 3008 5085; x_wconf 75' lang='grc' dir='ltr'>ἀκτῖνας</span> <span class='ocrx_word' id='word_1_559' title='bbox 3036 5019 3205 5072; x_wconf 86' lang='grc' dir='ltr'>Πόθεν</span> <span class='ocrx_word' id='word_1_560' title='bbox 3227 5019 3282 5071; x_wconf 84' lang='grc' dir='ltr'><strong>δὲ</strong></span> <span class='ocrx_word' id='word_1_561' title='bbox 3306 5020 3400 5071; x_wconf 74' lang='grc' dir='ltr'>καὶ</span> <span class='ocrx_word' id='word_1_562' title='bbox 3426 5021 3552 5072; x_wconf 68' lang='grc' dir='ltr'>ἀνα-ρ</span> 
     </span>
    </p>
   </div>
   <div class='ocr_carea' id='block_1_85' title="bbox 1986 5109 3550 5185">
    <p class='ocr_par' dir='ltr' id='par_1_85' title="bbox 1986 5109 3550 5185">
     <span class='ocr_line' id='line_1_85' title="bbox 1986 5109 3550 5185; baseline -0.012 -5"><span class='ocrx_word' id='word_1_563' title='bbox 1986 5111 2188 5182; x_wconf 63' lang='grc' dir='ltr'>λάμψει</span> <span class='ocrx_word' id='word_1_564' title='bbox 2217 5112 2250 5185; x_wconf 72' lang='grc' dir='ltr'>ἢ</span> <span class='ocrx_word' id='word_1_565' title='bbox 2291 5112 2448 5174; x_wconf 73' lang='grc' dir='ltr'>ἀκτὶς</span> <span class='ocrx_word' id='word_1_566' title='bbox 2465 5150 2479 5173; x_wconf 78' lang='grc' dir='ltr'><strong>ο</strong></span> <span class='ocrx_word' id='word_1_567' title='bbox 2514 5109 2608 5165; x_wconf 73' lang='grc' dir='ltr'><strong>τοῦ</strong></span> <span class='ocrx_word' id='word_1_568' title='bbox 2641 5112 2927 5182; x_wconf 73' lang='grc' dir='ltr'>φωστῆρος</span> <span class='ocrx_word' id='word_1_569' title='bbox 2956 5114 3091 5181; x_wconf 81' lang='grc' dir='ltr'>ἡμῖν</span> <span class='ocrx_word' id='word_1_570' title='bbox 3118 5111 3550 5175; x_wconf 70' lang='grc' dir='ltr'>καταδὺναντος;</span> 
     </span>
    </p>
   </div>
   <div class='ocr_carea' id='block_1_86' title="bbox 1991 5201 3551 5273">
    <p class='ocr_par' dir='ltr' id='par_1_86' title="bbox 1991 5201 3551 5273">
     <span class='ocr_line' id='line_1_86' title="bbox 1991 5201 3551 5273; baseline -0.001 -18"><span class='ocrx_word' id='word_1_571' title='bbox 1991 5204 2053 5255; x_wconf 87' lang='grc' dir='ltr'><strong>Ὢ</strong></span> <span class='ocrx_word' id='word_1_572' title='bbox 2084 5204 2257 5273; x_wconf 82' lang='grc' dir='ltr'>κακῆς</span> <span class='ocrx_word' id='word_1_573' title='bbox 2295 5203 2650 5272; x_wconf 81' lang='grc' dir='ltr'>σκοτομήνης,</span> <span class='ocrx_word' id='word_1_574' title='bbox 2679 5201 2940 5273; x_wconf 81' lang='grc' dir='ltr'>ἀνατολὴν</span> <span class='ocrx_word' id='word_1_575' title='bbox 2969 5203 3251 5273; x_wconf 77' lang='grc' dir='ltr'>φωστῆρος</span> <span class='ocrx_word' id='word_1_576' title='bbox 3287 5202 3390 5256; x_wconf 78' lang='grc' dir='ltr'>οὐκ</span> <span class='ocrx_word' id='word_1_577' title='bbox 3418 5202 3551 5254; x_wconf 80' lang='grc' dir='ltr'>ὲλπι·</span> 
     </span>
    </p>
   </div>
   <div class='ocr_carea' id='block_1_87' title="bbox 1989 5291 3549 5366">
    <p class='ocr_par' dir='ltr' id='par_1_87' title="bbox 1989 5291 3549 5366">
     <span class='ocr_line' id='line_1_87' title="bbox 1989 5291 3549 5366; baseline 0 -21"><span class='ocrx_word' id='word_1_578' title='bbox 1989 5292 2186 5362; x_wconf 80' lang='grc' dir='ltr'>ζούσης</span> <span class='ocrx_word' id='word_1_579' title='bbox 2221 5294 2233 5346; x_wconf 88' lang='lat' dir='ltr'><strong>l</strong></span> <span class='ocrx_word' id='word_1_580' title='bbox 2280 5293 2355 5355; x_wconf 86' lang='grc' dir='ltr'>ὼς</span> <span class='ocrx_word' id='word_1_581' title='bbox 2384 5292 2702 5348; x_wconf 86' lang='grc' dir='ltr'>ἀπεναντίον</span> <span class='ocrx_word' id='word_1_582' title='bbox 2737 5296 2869 5366; x_wconf 79' lang='grc' dir='ltr'>ἡμῖν</span> <span class='ocrx_word' id='word_1_583' title='bbox 2903 5295 2960 5346; x_wconf 77' lang='grc' dir='ltr'>ἐν</span> <span class='ocrx_word' id='word_1_584' title='bbox 2996 5294 3075 5365; x_wconf 80' lang='grc' dir='ltr'>τῷ</span> <span class='ocrx_word' id='word_1_585' title='bbox 3113 5293 3343 5364; x_wconf 83' lang='grc' dir='ltr'>παρόντι</span> <span class='ocrx_word' id='word_1_586' title='bbox 3385 5291 3549 5359; x_wconf 81' lang='grc' dir='ltr'>τόπῷ,</span> 
     </span>
    </p>
   </div>
   <div class='ocr_carea' id='block_1_88' title="bbox 1987 5382 3547 5457">
    <p class='ocr_par' dir='ltr' id='par_1_88' title="bbox 1987 5382 3547 5457">
     <span class='ocr_line' id='line_1_88' title="bbox 1987 5382 3547 5457; baseline -0.001 -18"><span class='ocrx_word' id='word_1_587' title='bbox 1987 5386 2081 5440; x_wconf 79' lang='grc' dir='ltr'>νῦν</span> <span class='ocrx_word' id='word_1_588' title='bbox 2106 5402 2165 5438; x_wconf 81' lang='grc' dir='ltr'><strong>τε</strong></span> <span class='ocrx_word' id='word_1_589' title='bbox 2199 5385 2290 5438; x_wconf 76' lang='grc' dir='ltr'>καὶ</span> <span class='ocrx_word' id='word_1_590' title='bbox 2328 5382 2517 5457; x_wconf 81' lang='grc' dir='ltr'>πρώην</span> <span class='ocrx_word' id='word_1_591' title='bbox 2553 5388 2601 5439; x_wconf 80' lang='grc' dir='ltr'>οἱ</span> <span class='ocrx_word' id='word_1_592' title='bbox 2633 5385 2781 5455; x_wconf 90' lang='grc' dir='ltr'>λόγοι</span> <span class='ocrx_word' id='word_1_593' title='bbox 2825 5386 3093 5454; x_wconf 76' lang='grc' dir='ltr'>γίνονταιῑ</span> <span class='ocrx_word' id='word_1_594' title='bbox 3137 5387 3270 5440; x_wconf 85' lang='grc' dir='ltr'>Τότε</span> <span class='ocrx_word' id='word_1_595' title='bbox 3304 5384 3547 5455; x_wconf 74' lang='grc' dir='ltr'>γαμικὼς</span> 
     </span>
    </p>
   </div>
   <div class='ocr_carea' id='block_1_89' title="bbox 1988 5477 3541 5549">
    <p class='ocr_par' dir='ltr' id='par_1_89' title="bbox 1988 5477 3541 5549">
     <span class='ocr_line' id='line_1_89' title="bbox 1988 5477 3541 5549; baseline -0.002 -18"><span class='ocrx_word' id='word_1_596' title='bbox 1988 5479 2335 5549; x_wconf 79' lang='grc' dir='ltr'>ἑχορεύομεν,</span> <span class='ocrx_word' id='word_1_597' title='bbox 2360 5477 2453 5531; x_wconf 84' lang='grc' dir='ltr'>νῦν</span> <span class='ocrx_word' id='word_1_598' title='bbox 2479 5478 2727 5542; x_wconf 74' lang='grc' dir='ltr'>ἐλεεινῶς</span> <span class='ocrx_word' id='word_1_599' title='bbox 2754 5479 2846 5531; x_wconf 70' lang='grc' dir='ltr'>ἐπὶ</span> <span class='ocrx_word' id='word_1_600' title='bbox 2874 5477 2954 5549; x_wconf 84' lang='grc' dir='ltr'>τῷ</span> <span class='ocrx_word' id='word_1_601' title='bbox 2983 5477 3168 5532; x_wconf 78' lang='grc' dir='ltr'>πένθει</span> <span class='ocrx_word' id='word_1_602' title='bbox 3204 5479 3541 5548; x_wconf 79' lang='grc' dir='ltr'>στενάζομεν.</span> 
     </span>
    </p>
   </div>
   <div class='ocr_carea' id='block_1_90' title="bbox 1989 5568 3540 5642">
    <p class='ocr_par' dir='ltr' id='par_1_90' title="bbox 1989 5568 3540 5642">
     <span class='ocr_line' id='line_1_90' title="bbox 1989 5568 3540 5642; baseline -0.002 -20"><span class='ocrx_word' id='word_1_603' title='bbox 1989 5570 2120 5622; x_wconf 86' lang='grc' dir='ltr'>Τότε</span> <span class='ocrx_word' id='word_1_604' title='bbox 2147 5570 2523 5638; x_wconf 76' lang='grc' dir='ltr'>ἐπιθαλάμιον,</span> <span class='ocrx_word' id='word_1_605' title='bbox 2554 5568 2649 5624; x_wconf 77' lang='grc' dir='ltr'>νῦν</span> <span class='ocrx_word' id='word_1_606' title='bbox 2680 5571 2965 5638; x_wconf 79' lang='grc' dir='ltr'>ἐπιτάφιον</span> <span class='ocrx_word' id='word_1_607' title='bbox 2998 5570 3215 5642; x_wconf 70' lang='grc' dir='ltr'>ᾄδομεν.</span> <span class='ocrx_word' id='word_1_608' title='bbox 3258 5568 3540 5639; x_wconf 84' lang='grc' dir='ltr'>Μέμνησθε</span> 
     </span>
    </p>
   </div>
   <div class='ocr_carea' id='block_1_91' title="bbox 1988 5660 3539 5733">
    <p class='ocr_par' dir='ltr' id='par_1_91' title="bbox 1988 5660 3539 5733">
     <span class='ocr_line' id='line_1_91' title="bbox 1988 5660 3539 5733; baseline -0.002 -20"><span class='ocrx_word' id='word_1_609' title='bbox 1988 5660 2096 5731; x_wconf 78' lang='grc' dir='ltr'><strong>γὰρ</strong></span> <span class='ocrx_word' id='word_1_610' title='bbox 2128 5662 2215 5713; x_wconf 84' lang='grc' dir='ltr'>ὅτε</span> <span class='ocrx_word' id='word_1_611' title='bbox 2246 5660 2335 5714; x_wconf 85' lang='grc' dir='ltr'><strong>τὸν</strong></span> <span class='ocrx_word' id='word_1_612' title='bbox 2379 5661 2743 5731; x_wconf 77' lang='grc' dir='ltr'>πνευματικὸν</span> <span class='ocrx_word' id='word_1_613' title='bbox 2787 5661 2930 5732; x_wconf 69' lang='grc' dir='ltr'>ὑμᾶς</span> <span class='ocrx_word' id='word_1_614' title='bbox 2972 5663 3149 5733; x_wconf 83' lang='grc' dir='ltr'>γάμον</span> <span class='ocrx_word' id='word_1_615' title='bbox 3176 5664 3539 5732; x_wconf 72' lang='grc' dir='ltr'>είστιάσαμεν,</span> 
     </span>
    </p>
   </div>
   <div class='ocr_carea' id='block_1_92' title="bbox 1988 5750 3543 5829">
    <p class='ocr_par' dir='ltr' id='par_1_92' title="bbox 1988 5750 3543 5829">
     <span class='ocr_line' id='line_1_92' title="bbox 1988 5750 3543 5829; baseline 0.002 -23"><span class='ocrx_word' id='word_1_616' title='bbox 1988 5754 2065 5825; x_wconf 84' lang='grc' dir='ltr'>τῷ</span> <span class='ocrx_word' id='word_1_617' title='bbox 2100 5754 2247 5825; x_wconf 81' lang='grc' dir='ltr'>καλῷ</span> <span class='ocrx_word' id='word_1_618' title='bbox 2288 5754 2506 5826; x_wconf 80' lang='grc' dir='ltr'>νυμφίῳ</span> <span class='ocrx_word' id='word_1_619' title='bbox 2553 5751 2933 5818; x_wconf 72' lang='grc' dir='ltr'>εἰσοικίζοντες</span> <span class='ocrx_word' id='word_1_620' title='bbox 2979 5755 3079 5829; x_wconf 79' lang='grc' dir='ltr'>τὴν</span> <span class='ocrx_word' id='word_1_621' title='bbox 3116 5753 3405 5828; x_wconf 78' lang='grc' dir='ltr'>παρθένον,</span> <span class='ocrx_word' id='word_1_622' title='bbox 3456 5750 3543 5809; x_wconf 74' lang='grc' dir='ltr'><strong>καὶ</strong></span> 
     </span>
    </p>
   </div>
  </div>
