3918 6204
348 215 460 273 εστ

1546 223 1634 278 DE
1673 222 1976 281 MELETIO
2015 223 2366 282 EPISCOPO.
3070 216 3099 229 Γ

3499 233 3607 291 854

349 338 425 392 τὰ
465 336 576 390 τῶν
602 335 776 405 λόγων
815 337 941 392 ἕδνα
982 339 1122 393 κατὰ
1152 339 1377 411 δύναμιν
1405 342 1559 415 ἡμῶν
1601 346 1925 415 είσηνεγκά-
1956 395 1962 412 ,

2042 344 2185 401 l‘unc
2228 345 2485 415 nuptiale,
2521 359 2670 399 nunc
2711 346 3015 417 sepulcrale
3068 360 3290 403 carmen
3323 349 3597 404 canimus.

356 428 529 499 μεθα,
560 428 940 501 εὐφραίνοντες
969 432 1027 483 ἐν
1055 430 1132 501 τῷ
1164 432 1318 502 μέρει
1353 435 1446 486 καὶ
1488 435 1925 507 εὐφραινόμενοι.

318 574 332 611 ὶ
366 518 529 611 Ἀλλά
569 518 665 611 νῦν
694 520 774 611 είς
801 519 998 591 θρῆνον
1035 523 1166 591 ἡμῖν
1192 523 1224 592 ἡ
1253 523 1398 594 χαρά
1424 524 1804 597 μεθηρμόσθη,
1837 528 1930 581 καὶ

358 612 392 682 ἡ
423 610 519 681 τῆς
540 609 879 682 εὐφροσύνης
905 613 1185 684 περιϐολὴ,
1210 614 1411 678 σάκκος
1435 616 1672 684 ἐγένετο.
1703 619 1773 670 Ἢ
1788 618 1929 689 τάχα

361 702 568 772 σιωπᾷν
599 700 704 754 ἔδει
730 702 792 755 τὸ
821 702 1010 768 πάθος,
1035 705 1126 757 καὶ
1156 705 1302 758 ἔνδον
1334 707 1642 761 ἀποκλείειν
1661 710 1727 780 τῇ
1751 712 1926 779 σιωπῇ

362 793 459 863 τὴν
484 793 771 864 ἀλγηδόνα,
800 794 877 857 ὡς
918 794 984 848 ἂν
1018 795 1091 866 μὴ
1118 796 1459 867 διοχλοίημεν
1489 800 1617 863 τοὺς
1660 801 1810 864 υἱοὺς
1833 799 1928 853 τοῦ

358 901 421 937 νυ
428 883 666 953 μφῶνος.
690 884 790 937 οὐκ
810 885 1025 955 ἔχοντες
1057 886 1116 939 τὸ
1136 887 1357 958 φαιδρὸν
1378 888 1472 941 τοῦ
1501 890 1680 961 γάμου
1705 890 1927 960 ἔνδυμα,

360 975 494 1029 ἀλλά
521 975 1032 1047 μελανειμονοῦντες
1067 978 1147 1049 τῷ
1194 979 1376 1050 λόγῳ;
1426 981 1645 1051 Ἐπειδὴ
1679 981 1789 1053 γάρ
1822 984 1932 1034 ἀττ-

355 1065 499 1136 ήρθη
536 1067 630 1134 ἀφ’
660 1067 692 1136 ἡ
703 1066 818 1134 μῶν
858 1068 887 1120 ὁ
915 1068 1078 1131 καλὸς
1120 1070 1370 1138 νυμφίος,
1403 1070 1614 1142 ἀθρόως
1638 1070 1717 1142 τῷ
1748 1071 1929 1125 πένθει

358 1155 878 1226 κατεμελάηθημεν,
933 1159 1026 1211 καὶ
1071 1158 1170 1211 οὐκ
1217 1158 1331 1211 ἐστι
1374 1153 1625 1230 συνήθως
1660 1177 1929 1229 καταφαι-

357 1244 550 1315 δρῦναι
580 1246 671 1300 τὸν
701 1246 885 1314 λόγον,
931 1247 1029 1319 τὴν
1077 1251 1387 1319 κοσμοῦσαν
1415 1253 1563 1321 ἡμᾶς
1605 1251 1797 1320 στολὴν
1836 1250 1928 1303 τοῦ

362 1336 558 1406 φθόνου
586 1336 1048 1408 ἀποσυλήσαντος.
1112 1341 1345 1411 Ιιλήρεις
1380 1342 1598 1410 ἀγαθῶν
1626 1343 1761 1413 πρὸς
1788 1343 1930 1413 ὑμᾶς

360 1428 786 1499 ἀπηντήκαμεν
831 1431 1029 1500 γυμνοὶ
1074 1432 1169 1484 καὶ
1199 1432 1427 1502 πένητες
1469 1433 1562 1501 ἀρ’
1603 1433 1755 1503 ὑμῶν
1799 1434 1930 1486 ὐπο-

363 1518 700 1588 στρέφομεν·
756 1519 922 1590 ὀρθὴν
960 1521 1177 1591 εἴχομεν
1223 1523 1363 1594 ὑπὲρ
1402 1523 1641 1595 κεφαλῆς
1669 1522 1766 1594 τὴν
1793 1524 1931 1594 λαμ-

366 1608 542 1672 πάδα,
590 1609 830 1681 πλουσίῳ
869 1610 948 1681 τῷ
998 1615 1138 1682 φωτὶ
1173 1615 1668 1685 καταλάμπουσαψ
1728 1616 1930 1686 ταύτην

2032 436 2357 491 Meministis
2373 437 2516 491 enim
2541 437 2689 491 illius
2720 438 2851 504 diei,
2881 453 3004 493 cum
3032 439 3087 492 in
3112 439 3320 509 nuptiis
3347 440 3605 509 spiritua-

2031 528 2176 584 libus
2205 529 2468 598 praeclaro
2498 543 2701 599 sponso
2730 529 2988 600 virginem
3017 530 3237 585 domum
3273 531 3608 587 deducentes

2029 618 2278 673 convivio
2301 633 2396 672 vos
2421 619 2755 687 excepimus,
2781 627 2835 673 et
2866 621 3154 675 verborum
3178 623 3457 691 sponsalia
3483 638 3605 676 mu-

2030 725 2162 764 nera
2188 725 2284 779 pro
2311 709 2519 764 viribus
2544 711 2750 765 nostris
2774 711 3076 775 intulimus,
3098 713 3295 782 gaudio
3312 711 3605 768 afficientes

2028 802 2260 857 invicem
2282 811 2336 856 et
2356 801 2678 872 gaudentes.
2704 802 2906 857 Verum
2932 819 3078 858 nunc
3104 804 3155 857 in
3211 804 3416 857 luctum
3448 804 3607 859 nobis

2029 892 2284 963 gaudium
2311 908 2639 947 conversum
2660 903 2765 958 est,
2792 909 2857 948 ac
2899 895 3099 949 latitia:
3129 895 3359 949 amictus
3410 910 3606 950 saccus

2028 984 2223 1040 evasit.
2248 984 2329 1038 An
2355 985 2583 1040 forsitan
2615 986 2844 1041 reticere
2870 989 3232 1043 calamitatem
3257 996 3418 1058 atque
3442 991 3606 1044 silen-

2034 1078 2112 1128 tio
2133 1077 2280 1132 inttts
2297 1076 2627 1132 concludere
2646 1093 2932 1133 mmrorem
2950 1080 3255 1148 oportebat,
3272 1095 3338 1134 ne
3363 1081 3607 1135 molestia

2032 1166 2168 1221 filios
2207 1167 2430 1220 thalami
2457 1169 2729 1237 sponsalis
2758 1168 3083 1231 afficiamus,
3121 1186 3244 1224 cum
3279 1186 3385 1225 non
3412 1171 3608 1225 habea-

2031 1267 2150 1308 mus
2192 1254 2395 1307 lautum
2426 1269 2490 1308 ac
2523 1256 2862 1323 splendidum
2912 1260 3153 1327 nuptiale
3191 1259 3605 1322 indumentum,

2030 1345 2125 1395 sed
2158 1349 2337 1395 atrum
2364 1357 2429 1396 ac
2464 1345 2669 1413 pullum
2704 1347 2971 1402 orationis
2990 1349 3236 1402 habitum
3268 1347 3610 1405 aﬂ‘eramus?

2031 1427 2394 1499 Posteaquam
2426 1431 2571 1486 enim
2597 1435 2894 1503 praeclarus
2945 1450 3181 1504 sponsus
3212 1452 3241 1489 a
3288 1436 3449 1492 nobis
3493 1437 3608 1492 dis-

2031 1521 2221 1585 cessit,
2273 1522 2421 1576 luctu
2454 1534 2676 1592 repente
2715 1526 2876 1579 atrati
2907 1542 3122 1593 sumus,
3159 1542 3259 1583 nec
3301 1528 3427 1583 licet
3458 1544 3609 1583 more

2034 1612 2198 1666 solito
2239 1612 2493 1668 festivum
2527 1624 2580 1670 et
2626 1616 2931 1685 jucundum
2992 1619 3194 1673 inferre
3247 1634 3556 1674 sermonem
3590 1659 3605 1682 ,

366 1703 703 1775 ἓσϐεσμένην
722 1704 1144 1774 ἀνακομίζομεν,
1178 1708 1256 1770 είς
1290 1704 1492 1760 καπνὸν
1526 1706 1618 1759 καὶ
1651 1706 1799 1760 κόνιν
1824 1706 1938 1759 δια-

2042 1715 2159 1753 cum
2191 1718 2299 1771 qua
2339 1705 2674 1759 ornabantur
2706 1707 2845 1760 stola
2878 1748 2892 1773 ,
2934 1721 3034 1763 nos
3086 1708 3285 1762 invidia
3334 1709 3606 1778 spoliarit.

364 1795 616 1859 λυθέντος
643 1794 736 1848 τοῦ
777 1796 1033 1865 φέγγους.
1084 1798 1353 1867 Ἐσχομεν
1392 1797 1484 1851 τὸν
1531 1798 1801 1869 θησαυρὸν
1846 1800 1938 1853 τὸν

368 1886 544 1954 μέγαν
582 1886 640 1938 ὲν
668 1887 971 1956 όστρακίνῳ
1026 1885 1229 1941 σκεύει.
1300 1887 1441 1940 Ἀλλ’
1472 1890 1501 1941 ό
1529 1889 1626 1958 μὲν
1669 1888 1941 1959 θησαυρὸς

363 1976 614 2045 ἀφανής·
661 1975 805 2029 τὸδὲ
836 1977 1154 2043 ὀστράκινον
1208 1977 1419 2043 σκεῦος,
1469 1976 1624 2032 κενὸν
1650 1979 1741 2032 τοῦ
1777 1979 1940 2033 πλού-

364 2080 485 2132 του,
502 2067 612 2129 τοῖς
629 2065 913 2120 δεδωκόσιν
939 2067 1365 2132 ἐπανασώζεται.
1391 2069 1456 2121 Τί
1476 2068 1709 2140 ἐροῦμεν
1731 2073 1778 2124 οἱ
1805 2072 1941 2125 ἀπο-

370 2158 706 2224 στείλαντεςς
765 2160 816 2213 τί
858 2160 1355 2231 ἀποκρινοῦνταιοί
1389 2162 1818 2233 ἀπαιτούμενοις
1875 2166 1939 2217 Ὦ

367 2251 607 2321 πονηροῦ
632 2253 887 2320 ναυαγίου
911 2254 923 2306 !
956 2253 1080 2316 Πῶς
1103 2254 1161 2307 ὲν
1190 2255 1339 2325 μέσῳ
1366 2254 1443 2324 τῷ
1468 2255 1647 2325 λιμένι
1666 2258 1763 2326 τῆς
1788 2256 1939 2308 ἐλπί-

364 2340 455 2404 δος
486 2341 642 2411 ἡμῶν
685 2343 1138 2414 ὲναυαγήσαμενς
1182 2345 1306 2409 Πῶς
1343 2347 1376 2415 ἡ
1420 2346 1748 2417 μυριοφόρος
1775 2347 1940 2410 ὁλκὰς

364 2432 520 2503 αὐτῷ
555 2433 633 2505 τῷ
666 2434 991 2506 πληρώματι
1029 2437 1332 2503 καταδῦσα,
1356 2440 1594 2508 γυμνοὺς
1643 2440 1787 2509 ἡμᾶς
1813 2439 1939 2501 τοῦς

365 2541 500 2577 ποτε
524 2511 882 2589 πλοῦτοῦντας
905 2528 1195 2581 κατέλιπεν
1216 2546 1229 2595 ;
1267 2528 1373 2582 Ποῦ
1400 2528 1460 2580 ὀδ
1484 2522 1741 2598 λαμπρὸν
1771 2529 1937 2582 ἱστίον

368 2618 565 2681 ἐκεῖνο,
589 2616 652 2670 τὸ
671 2617 750 2689 τῷ
777 2619 916 2689 ἀγίῳ
943 2617 1218 2689 Πνεῦματι
1253 2619 1341 2672 διά
1365 2619 1564 2682 παντὸς
1589 2619 1898 2690 ίθυνόμενον
1920 2636 1935 2685 ;

369 2707 482 2760 Ποῦ
517 2707 579 2759 τὺ
609 2708 849 2775 ἀσφαλὲς
880 2709 985 2761 τῶν
1013 2707 1200 2778 ψυχῶν
1240 2712 1273 2778 ἠ
1284 2708 1397 2779 μῶν
1430 2709 1718 2781 πηδάλιον,
1762 2710 1829 2763 δι’
1878 2705 1939 2765 οῦ

367 2800 471 2861 τὰς
500 2800 793 2870 τρικυμίας
823 2799 922 2862 τὰς
954 2799 1233 2870 αἱρετικάς
1262 2799 1489 2863 ἀπαθῶς
1523 2800 1937 2871 παρεπλέομενς

370 2889 485 2943 Ποῦ
520 2892 554 2958 ἡ
585 2890 917 2961 ἀμετάθετος
947 2891 1045 2962 τῆς
1080 2889 1303 2960 γνώμης
1334 2892 1571 2963 ἄγκυρα,
1671 2891 1806 2962 μετά
1837 2891 1943 2944 πά-

373 2998 477 3053 σης
515 2982 816 3050 ἀσφαλείας
875 2982 1243 3052 πεπονηκότες
1284 2983 1664 3053 ἀνεπαυόμεθα
1695 3000 1709 3048 ;
1767 2984 1877 3037 Ποῦ
1912 2984 1940 3037 ὁ

371 3070 537 3134 καλὸς
566 3071 904 3143 κυϐερνήτης
922 3112 935 3136 ,
961 3073 990 3123 ό
1020 3071 1154 3141 πρὸς
1179 3071 1270 3124 τὸν
1293 3071 1404 3124 ἄνω
1427 3071 1626 3125 σκοπὸν
1651 3072 1943 3125 διευθύνων

369 3164 434 3217 τὸ
466 3165 710 3232 σκάφος;
756 3160 906 3232 τΑρα
952 3164 1123 3235 μικρά
1163 3164 1231 3218 τὰ
1274 3164 1580 3235 συμϐάντα,
1628 3165 1721 3217 καὶ
1768 3165 1945 3235 μάτην

371 3255 742 3327 παθαίνομαις
788 3255 821 3326 ἢ
856 3256 1053 3326 μᾶλλον
1084 3256 1181 3310 οὐκ
1224 3254 1551 3325 ὲφικνοῦμαι
1585 3254 1679 3308 τοῦ
1718 3256 1941 3321 πάθους,

370 3350 481 3402 κᾶν
513 3349 892 3419 ὑπερφωνήσω
920 3347 996 3417 τῷ
1028 3347 1170 3417 λόγῳ
1194 3364 1208 3411 ;
1237 3348 1491 3417 Χρὴσατε
1519 3349 1670 3419 ἡμῖν,
1703 3346 1942 3416 ἀδελφοὶ,

370 3440 614 3509 χρήσατε
650 3440 711 3493 τὸ
758 3441 821 3492 ὲκ
867 3439 1211 3508 συμπαθείας
1250 3438 1503 3509 δάκρυον.
1555 3439 1661 3491 Καὶ
1705 3439 1812 3510 γὰρ
1857 3439 1946 3492 ὅτε

373 3534 533 3601 ὑμεῖς
554 3532 904 3603 εὐφραίνεσθε
925 3574 939 3595 ,
964 3532 1124 3602 ἡμεῖς
1142 3531 1240 3600 τῆς
1273 3530 1609 3600 εὐφροσύνης
1635 3530 1788 3598 ὑμῶν
1807 3532 1948 3582 ἐκοι-

373 3623 711 3693 νωνήσαμεν.
741 3620 949 3676 Οὐκοῦν
993 3622 1218 3675 ἀπόδοτε
1248 3624 1380 3691 ἡμῖν
1422 3621 1481 3673 τὸ
1525 3622 1759 3692 πονηρὸν
1790 3620 1948 3674 τοῦτο

373 3712 745 3782 ἀντάλλαγμα.
774 3713 1014 3778 Χαίρειν
1038 3713 1189 3781 μετὰ
1218 3714 1544 3779 χαιρόντων
1565 3728 1578 3741 ·
1611 3711 1767 3765 τοῦτο
1790 3714 1947 3782 ἡμεῖς

374 3803 735 3872 ἐποιήσαμεν.
767 3804 1015 3855 κλαίειν
1043 3806 1191 3871 μετὰ
1223 3803 1582 3856 κλαιόντων·
1602 3803 1758 3855 τοῦτο
1792 3804 1948 3873 ὑμεῖς

372 3894 722 3948 ἀνταπόδοτε.
796 3892 1090 3963 Ἐδάκρυσέ
1157 3910 1284 3946 ποτε
1337 3892 1484 3957 ξένος
1532 3892 1659 3955 λαὸς
1711 3893 1802 3945 ἐπὶ
1854 3893 1946 3946 τοῦ

376 3979 716 4049 πατριάρχου
771 3977 999 4043 Ἰακὼϐ,
1054 3979 1148 4033 καὶ
1192 3978 1291 4049 τὴν
1335 3979 1618 4051 ἀλλοτρίαν
1665 3982 1948 4051 συμφορὰν

372 4070 708 4141 ᾠκειώσατο,
743 4071 830 4123 ὅτε
862 4070 951 4123 τὸν
981 4071 1195 4141 Πατέρα
1225 4072 1284 4135 ἐξ
1308 4071 1579 4140 Αἰγύπτου
1608 4074 1656 4125 οἱ
1683 4073 1778 4126 ἀπ’
1808 4073 1950 4126 ὲκεί-

374 4179 467 4215 νου
499 4163 984 4231 μετακομίσαντες,
1014 4161 1284 4230 πανδημεὶ
1316 4161 1412 4232 τὴν
1447 4162 1533 4213 ἐπ’
1564 4162 1709 4232 αὐτῷ
1740 4180 1950 4233 συμφο-

378 4252 480 4320 ράν
502 4253 595 4305 ἐπὶ
624 4253 719 4323 τῆς
743 4251 1027 4323 ἀλλοτρίας
1047 4252 1518 4323 κατωλοφύραντο,
1545 4255 1776 4324 ἡμέραις
1800 4256 1949 4326 τριά-

2042 1792 2191 1848 l‘leni
2225 1795 2492 1850 bonorum
2523 1797 2590 1851 ad
2618 1814 2714 1854 vos
2745 1801 3115 1868 accessimus;
3146 1801 3276 1855 nudi
3308 1815 3373 1855 ac
3406 1816 3610 1871 paupe-

2041 1898 2130 1939 res
2166 1900 2196 1937 a
2226 1885 2383 1941 vobis
2413 1886 2720 1943 recedimus
2750 1905 2765 1955 ;
2798 1896 3038 1943 erectam
3077 1903 3245 1959 supra
3266 1897 3430 1959 caput
3453 1890 3609 1958 largo

2041 1975 2246 2032 lumine
2307 1978 2743 2057 resplendentem
2796 1980 2971 2035 facem
3032 1982 3406 2045 habebamus,
3471 1981 3614 2036 hanc

2039 2069 2368 2123 exstinctam
2399 2070 2454 2124 in
2485 2068 2692 2124 fumum
2727 2080 2781 2125 ct
2813 2071 3049 2126 cinerem
3072 2072 3337 2142 dissipato
3357 2072 3615 2142 splendo-

2039 2177 2097 2216 re
2153 2171 2519 2232 reportamus.
2554 2162 2859 2220 Habuimus
2914 2180 3171 2235 magnum
3205 2166 3354 2219 illum
3386 2168 3615 2220 thesau-

2039 2271 2159 2310 rum
2208 2261 2263 2311 in
2308 2273 2436 2313 vase
2470 2266 2731 2315 testaceo.
2791 2259 2860 2313 At
2892 2249 3189 2316 thesaurus
3241 2262 3460 2331 quidem
3511 2263 3618 2319 iste

2039 2346 2394 2403 absconditus
2427 2356 2532 2413 est,
2570 2359 2623 2404 et
2662 2352 2838 2404 visunt
2870 2350 3007 2421 fugit
3041 2371 3052 2405 :
3087 2368 3182 2406 vas
3229 2361 3408 2407 autem
3444 2361 3615 2408 testa-

2039 2451 2194 2491 ceum
2231 2437 2300 2491 ab
2348 2439 2544 2507 opibus
2573 2455 2837 2503 vacuum,
2869 2442 2940 2495 ab
2971 2442 3037 2496 iis
3070 2443 3160 2511 qui
3190 2442 3451 2497 dederant
3478 2484 3493 2507 ,
3523 2458 3613 2500 re-

2039 2537 2308 2584 servatur.
2360 2524 2498 2596 Q'uid
2556 2531 2802 2588 dicemus
2850 2534 2940 2602 qui
3000 2534 3315 2589 emisimus?
3341 2535 3483 2601 Quid
3527 2551 3621 2592 tae-

2038 2620 2381 2688 spondebunt
2417 2636 2446 2675 a
2482 2623 2683 2692 quibus
2713 2625 3017 2694 repetitur?
3055 2623 3100 2681 Ο
3134 2625 3336 2679 malum
3395 2626 3614 2682 naufra-

2040 2713 2185 2779 gium
2213 2712 2537 2778 lQuomodo
2570 2716 2623 2768 in
2664 2717 2840 2771 medio
2886 2727 3043 2787 portu
3078 2719 3192 2789 spei
3232 2727 3433 2774 nostra:
3481 2735 3612 2774 nau-

2041 2803 2277 2873 fragium
2319 2805 2585 2861 fecimus?
2620 2806 2905 2873 Quomodo
2964 2811 3268 2866 innumeris
3338 2813 3615 2866 mercibus

2043 2904 2242 2950 unusta
2284 2900 2441 2952 navis
2471 2913 2593 2953 cum
2630 2900 2750 2968 ipso
2809 2915 2978 2955 onere
3032 2903 3279 2957 demersa
3326 2916 3427 2957 nos
3480 2903 3612 2960 olim

2032 2980 2243 3044 divites
2287 2990 2464 3045 nudos
2488 2990 2905 3047 destituit?Ubi
2960 2992 3301 3063 splendidum
3348 2994 3477 3049 illud
3526 3009 3617 3049 ve-

2048 3078 2153 3133 lunt
2189 3081 2333 3149 quod
2377 3080 2581 3150 Spiritu
2629 3091 2822 3137 saneto
2873 3098 3088 3153 semper
3118 3082 3617 3153 dirigebatttrY'ubl

2045 3179 2221 3224 tutum
2251 3187 2315 3225 ac
2344 3172 2560 3226 tinuum
2619 3173 2927 3228 animarum
2977 3183 3293 3229 nostrarum
3350 3175 3620 3245 guberna-

2045 3263 2250 3327 culum,
2282 3279 2391 3331 quo
2422 3270 2775 3331 tempestates
2825 3265 3091 3320 maximas
3128 3265 3409 3320 lneretieas
3469 3266 3619 3320 nullo

2047 3360 2269 3421 accepto
2299 3352 2644 3407 ineonnnodo
2680 3352 3209 3422 praetervehebamus
3243 3357 3266 3410 ?
3298 3355 3396 3411 Ubi
3427 3358 3619 3410 immo-

2045 3445 2169 3499 bilis
2210 3452 2263 3500 ct
2300 3445 2459 3497 firma
2505 3446 2791 3500 sentcntiae
2844 3445 3149 3516 judiciiquc
3215 3448 3476 3510 anchora,
3529 3449 3617 3502 cui

2046 3549 2170 3588 cum
2213 3548 2423 3589 summa
2468 3535 2760 3590 securitate
2801 3544 2923 3604 post
2971 3537 3182 3592 labores
3234 3537 3620 3606 acquiesceba-

2048 3626 2218 3679 mus?
2254 3624 2352 3679 Ubi
2384 3625 2562 3679 bonus
2598 3627 2687 3681 ilic
2720 3628 3079 3697 gubernator,
3120 3629 3212 3698 qui
3254 3631 3320 3681 ad
3361 3643 3618 3698 superum

2048 3716 2330 3785 scopulum
2360 3717 2632 3784 navigium
2660 3715 2925 3786 dirigebat
2952 3716 2975 3769 ?
3000 3715 3190 3771 Utrum
3232 3717 3444 3771 modica
3494 3728 3621 3773 sunt

2047 3820 2133 3868 ea,
2157 3820 2276 3874 quae
2304 3806 2644 3868 acciderunt.
2678 3820 2741 3859 ac
2766 3805 3128 3877 nequicquam
3160 3820 3466 3876 conqueror
3493 3808 3623 3861 iaut

2049 3891 2231 3965 potius
2256 3896 2620 3951 calamitatem
2649 3895 2929 3965 querendo
2958 3912 3065 3950 non
3096 3910 3393 3968 assequar,
3428 3897 3623 3951 etiam-

2050 3986 2096 4041 si
2154 4002 2318 4056 supra
2348 3987 2567 4043 modum
2596 3986 2831 4043 dicendo
2884 4003 3071 4042 vocem
3099 3988 3376 4043 intendant
3407 3988 3430 4041 ?
3455 3988 3622 4043 Com-

2051 4076 2267 4131 motlate
2312 4078 2490 4141 nobis,
2529 4078 2747 4140 fratres.
2792 4078 3134 4133 commodate
3162 4094 3229 4132 ex
3270 4076 3625 4132 condolentia

2049 4167 2320 4238 lacrymas
2352 4167 2626 4236 profusas.
2658 4166 2867 4221 Etenim
2903 4167 3125 4236 quando
3156 4183 3254 4222 vos
3284 4167 3623 4231 laetabimini,

2051 4273 2153 4312 nos
2189 4257 2391 4311 laetitia:
2431 4264 2629 4311 vestra:
2668 4257 2802 4311 socii
2847 4270 3087 4310 eramus.
3136 4255 3373 4310 Proinde
3413 4256 3627 4310 reddite

374 4362 540 4398 κοντα
570 4345 665 4398 καὶ
688 4344 977 4406 τοσαύταις
1018 4344 1136 4408 νυξὶ
1169 4345 1258 4397 τὸν
1292 4345 1378 4397 ἐπ’
1405 4344 1553 4414 αὐτῷ
1582 4346 1775 4417 θρῆνον
1808 4364 1945 4417 συμ-

2052 4349 2211 4405 nobis
2237 4362 2459 4418 pravam
2492 4346 2653 4402 istam
2695 4344 2853 4399 oﬂicii
2886 4344 3345 4399 vicissitudinem.
3375 4343 3628 4399 Gauden-

376 4436 794 4506 παρατείνοντες
824 4454 837 4466 ο
912 4435 1221 4506 μιμήσασθε
1282 4437 1407 4499 τοὺς
1462 4436 1831 4505 ἀλλοφύλους,
1900 4439 1949 4490 oi

374 4503 595 4598 ἀδελφοὶ
619 4503 721 4582 καί
738 4503 1014 4598 ὁμόφυλοι.
1043 4503 1237 4581 Kmva
1264 4525 1331 4599 ἦν
1377 4529 1497 4582 τότε
1520 4503 1628 4581 τῶν
1656 4527 1819 4593 ξένων
1854 4530 1949 4582 καὶ

372 4622 484 4676 τῶν
504 4621 782 4692 ἐγχωρίων
809 4621 869 4673 τὸ
890 4621 1123 4691 δάκρυον
1150 4638 1162 4650 ο
1192 4620 1367 4673 κοινὸν
1400 4620 1539 4673 ἔστω
1563 4622 1653 4672 καὶ
1673 4618 1766 4671 νῦν
1791 4637 1805 4651 ·
1827 4621 1949 4673 ἐπεὶ

375 4715 473 4770 καὶ
498 4714 560 4766 τὸ
600 4714 768 4775 πάθος
804 4712 1001 4766 κοινόν.
1069 4712 1261 4783 Ὁρᾶτε
1294 4712 1419 4775 τοὺς
1452 4711 1795 4782 πατριάρχας
1827 4712 1943 4763 tati-

372 4818 502 4865 τους
530 4818 543 4832 ·
572 4801 773 4865 πάντες
798 4796 941 4856 οὗτοι
966 4802 1130 4855 τέκνα
1158 4802 1251 4854 τοῦ
1275 4801 1544 4871 ἡμετέρου
1569 4800 1704 4853 εἰσὶν
1732 4799 1945 4855 Ἰακώϐ.

389 4892 481 4958 Ἐξ
510 4892 801 4965 ἐλευθέρας
831 4894 881 4945 οἱ
910 4892 1129 4955 πάντες.
1160 4892 1346 4953 Οὐδεὶς
1374 4889 1525 4953 νόθος
1556 4890 1676 4943 οὐδὲ
1708 4890 1947 4961 ὑπόϐλη-

372 5002 484 5049 τος.
521 4985 655 5037 Οὐδὲ
684 4986 792 5055 γὰρ
816 4981 885 5055 ἦν
912 4983 1070 5053 θέμις
1108 4982 1297 5052 ἐκείνῳ
1328 4981 1577 5051 δουλικὴν
1629 4980 1949 5049 συγγένειαν

373 5076 687 5143 ἐπεισάγειν
727 5080 791 5145 τῇ
832 5075 1079 5145 εὐγενείᾳ
1122 5075 1221 5144 τῆς
1268 5073 1522 5134 πίστεως.
1593 5072 1801 5125 οὐκοῦν
1857 5074 1950 5125 καὶ

373 5169 641 5240 ἡμέτερος
689 5170 892 5232 ἐκεῖνος
931 5166 1146 5238 πατὴρ,
1190 5166 1322 5218 διότι
1365 5164 1457 5217 τοῦ
1489 5164 1700 5234 Πατρός
1742 5159 1811 5236 ἦν
1852 5164 1946 5217 τοῦ

374 5260 647 5331 ἡμετέρου
680 5263 882 5331 πατήρ.

2056 4441 2186 4494 dum
2244 4455 2351 4493 una
2398 4453 2521 4493 cum
2572 4436 2937 4508 gaudentibus
2985 4454 2998 4490 :
3051 4435 3156 4490 hoc
3217 4452 3318 4490 nos
3374 4435 3622 4490 fecimus.

2055 4529 2321 4585 Flendttnt
2346 4542 2471 4582 cum
2508 4525 2762 4581 ﬂentibus
2802 4545 2815 4581 :
2853 4525 2956 4580 hoc
3000 4540 3100 4581 vos
3129 4525 3357 4579 invicem
3393 4521 3624 4578 reddite.

2053 4617 2412 4691 Lacrymatus
2440 4625 2527 4673 est
2560 4617 2688 4672 olim
2715 4625 2973 4672 externus
3006 4616 3236 4687 populus
3255 4630 3362 4685 quo
3386 4622 3628 4683 tempore

2054 4710 2361 4777 patriarcha
2412 4707 2583 4762 Jacob
2630 4708 2773 4761 diem
2804 4723 2962 4762 suum
3013 4708 3240 4771 obierat,
3289 4712 3342 4758 et
3394 4703 3624 4757 alienam

2053 4800 2417 4855 calamitatem
2458 4815 2613 4854 suam
2668 4814 2791 4853 esse
2819 4797 3008 4861 duxit,
3060 4812 3183 4849 cum
3238 4805 3514 4864 parentem
3561 4809 3627 4847 ex

2056 4892 2293 4963 Egypto
2337 4892 2491 4946 liberi
2536 4897 3008 4958 transportautcs,
3045 4888 3205 4954 vulgo
3233 4902 3425 4942 omnes
3477 4885 3628 4941 nullo

2054 4985 2138 5036 vel
2175 4998 2338 5036 sexus
2368 4981 2449 5033 vel
2480 4981 2658 5034 anatis
2700 4979 2883 5033 habito
2913 4977 3252 5041 discrimine,
3283 4990 3466 5030 casum
3507 4973 3629 5042 ejus

2056 5074 2110 5128 in
2143 5074 2363 5142 regione
2397 5073 2574 5125 aliena
2634 5069 3015 5141 deplorabant,
3057 5067 3176 5123 dies
3224 5068 3447 5137 triginta
3500 5066 3622 5119 toti-
3663 5107 3671 5125 .

2054 5167 2286 5235 denique
2345 5172 2532 5220 noctes
2601 5164 2807 5217 luctum
2862 5176 2925 5213 ac
2979 5161 3423 5214 lamentationem
3481 5158 3629 5212 illius

2053 5256 2241 5311 amissi
2275 5254 2498 5309 nomine
2529 5254 2936 5309 continuantes.
2972 5248 3079 5305 Vos
3111 5252 3206 5321 qui
3235 5251 3429 5307 fratres
3450 5257 3505 5303 et
3534 5263 3626 5318 po-

374 5354 600 5424 pulares
647 5353 802 5420 estis,
850 5352 1142 5408 imitamini
1195 5351 1530 5422 alienigenas
1589 5358 1643 5405 et
1691 5359 1968 5406 externos.
2008 5351 2340 5406 Communes
2381 5358 2512 5402 tunc
2544 5357 2699 5402 erant
2747 5348 3158 5417 peregrinorum
3222 5346 3628 5414 indigenarum-

374 5448 795 5520 quelacrymaa;
824 5462 1143 5503 communes
1170 5446 1284 5502 sint
1314 5445 1476 5501 etiam
1511 5460 1676 5507 nime.
1702 5446 1959 5516 quoniam
2011 5445 2176 5500 etiam
2239 5445 2524 5499 calamitas
2567 5443 2875 5497 communis
2937 5449 3038 5497 est.
3088 5441 3277 5496 Videte
3327 5441 3491 5497 hosce
3532 5456 3629 5511 pa-

375 5537 674 5606 triarchas,
717 5553 907 5615 omnes
950 5538 1045 5595 isti
1086 5537 1178 5594 lilii
1218 5538 1391 5594 nostri
1423 5534 1609 5592 Jacobi
1659 5546 1807 5594 sunt.
1863 5537 1937 5591 Ex
1981 5535 2147 5592 libera
2183 5534 2453 5608 procreati
2475 5549 2688 5591 omnes.
2714 5531 2882 5589 Nemo
2905 5534 3129 5604 spurius
3176 5539 3231 5589 et
3281 5532 3631 5604 “legitimus,
