3918 6204
1601 223 1657 276 s.
1695 224 2021 280 cneconn
2059 215 2371 287 svssem'

3509 252 3615 311 856

364 351 528 393 nemo
558 338 889 395 subdiiitius.
932 340 1114 412 Neque
1173 343 1317 397 enim
1350 343 1425 395 illi
1491 342 1572 398 fas
1638 351 1758 398 erat
1823 344 2143 413 ingenuitati
2194 350 2320 406 tidei
2380 352 2633 409 servilem
2698 356 2939 413 inserere
2998 360 3407 429 cognationem.
3477 363 3617 436 Ergo

361 427 527 484 etiam
575 439 762 486 noster
820 432 911 487 ille
961 446 1189 502 parens,
1235 445 1521 505 prapterea
1559 436 1706 505 quod
1758 436 1934 506 patris
1966 442 2138 494 nostri
2175 451 2329 509 pater
2357 456 2497 499 erat.

432 520 682 578 Audistis
734 524 897 591 paul)
947 532 1075 580 ante
1123 543 1189 581 ex
1243 528 1499 599 Ephraim
1559 538 1614 584 et
1660 528 1931 592 Manasse,
1962 532 2009 589 Α

362 611 567 678 qualia,
611 627 885 682 quamque
931 617 1102 672 multa
1145 618 1213 674 de
1256 631 1408 689 patre
1442 636 1748 690 narrarent,
1796 627 1931 684 adeo

362 707 423 754 ut
445 701 704 755 miracula
738 705 914 759 oratio
956 709 1173 779 assequi
1217 726 1327 765 non
1364 721 1569 780 posset.
1618 712 1749 770 Date
1796 717 1929 774 mihi

360 806 578 862 quoque
607 802 666 850 ut
699 793 767 850 de
795 796 882 854 bis
925 799 1088 856 rebus
1121 802 1318 856 dicam.
1353 804 1565 861 Etenim
1600 808 1750 864 nullo
1779 812 1928 880 peri-

358 882 486 938 culo
518 883 773 957 deinceps
812 887 1177 948 beatitudines
1205 910 1477 966 exponere
1517 898 1680 959 licet:
1714 918 1816 958 nec
1842 906 1930 961 in-

357 974 561 1030 vidiam
595 986 800 1035 metuo.
832 978 1079 1047 Quonam
1110 986 1254 1042 enim
1286 1004 1371 1043 me
1402 992 1546 1048 malo
1572 992 1778 1064 majore
1807 996 1926 1053 θαί-

357 1066 511 1122 ciet?
551 1068 786 1127 Proinde
830 1077 1141 1144 cognoscite
1169 1080 1261 1149 qui
1290 1081 1371 1136 vir
1396 1084 1489 1150 sit,
1545 1101 1848 1155 generosus
1872 1103 1926 1146 et

355 1157 560 1215 nobilis
606 1161 675 1216 ab
724 1171 845 1218 ortu
898 1166 1052 1233 solis,
1101 1168 1432 1241 inculpatus,
1474 1175 1680 1244 justus,
1734 1194 1920 1247 verax,

356 1248 481 1316 pius
504 1259 556 1304 et
579 1253 887 1323 religiosus,
920 1258 1201 1316 abstinens
1225 1263 1294 1318 ab
1315 1267 1462 1319 omni
1484 1269 1627 1323 malo
1657 1269 1919 1331 facinore.

353 1338 473 1396 Non
504 1344 646 1398 enim
691 1346 881 1416 utique
923 1349 1185 1406 invidebit
1215 1369 1444 1426 magnus
1482 1358 1575 1413 ille
1610 1358 1735 1423 Job.
1776 1364 1820 1419 si
1853 1364 1921 1421 iis

353 1433 702 1500 testimoniis,
747 1452 868 1506 quae
897 1440 966 1496 de
1014 1441 1133 1511 ipso
1160 1443 1430 1512 feruntur,
1480 1449 1644 1505 etiam
1680 1452 1921 1510 imitator

350 1522 495 1579 illius
523 1532 767 1580 ornetur.
805 1525 910 1585 Sed
936 1546 1056 1600 quae
1088 1548 1278 1590 omnes
1306 1551 1394 1593 res
1422 1541 1715 1608 praeclaras
1741 1546 1920 1600 intue-

349 1621 443 1668 tur
477 1615 704 1682 invidia,
762 1619 924 1675 etiam
976 1630 1223 1680 nostrum
1268 1626 1471 1683 bonum
1511 1633 1709 1691 acerbo
1757 1638 1917 1694 oculo

348 1707 594 1761 contuita
634 1716 761 1765 est:
812 1725 876 1766 ac
911 1729 1031 1783 qua!
1070 1730 1165 1784 per
1209 1718 1392 1774 orbem
1423 1728 1690 1780 terrarum
1730 1727 1916 1782 obam-

346 1793 519 1860 bulat,
562 1800 728 1854 etiam
783 1817 880 1871 per
908 1819 1009 1861 nos
1058 1808 1378 1872 ambulavit.
1420 1812 1587 1869 latum
1627 1819 1911 1890 vestigium

2121 533 2415 589 Ἠκούσατε
2442 539 2646 608 ἀρτίως
2673 538 2768 592 τοῦ
2809 540 3047 611 Ἐφραῖμ
3078 544 3170 596 καὶ
3197 544 3293 598 τοῦ
3326 547 3608 619 Μανασσῆ,

2036 617 2124 676 οἷα
2156 626 2244 677 καὶ
2269 626 2367 679 ὅσα
2400 631 2527 699 περί
2558 628 2652 685 τοῦ
2693 631 2905 702 Πατρὸς
2942 633 3286 705 διηγήσαντο.
3314 638 3393 700 ὡς
3435 617 3607 710 ὑπεργ·

2036 714 2240 770 ϐαίνειν
2267 719 2423 787 λόγον
2465 721 2534 775 τὰ
2576 721 2847 792 θαύματα.
2880 725 3010 778 Δότε
3053 727 3219 796 κάμοί
3251 730 3378 799 περὶ
3405 730 3612 785 τούτοιν

2036 805 2229 861 εἰπεῖν.
2282 809 2394 861 Καὶ
2444 810 2552 881 γὰρ
2598 812 2875 866 ἀκίνδυνον
2926 814 2989 870 τὸ
3031 816 3352 886 μακαρίζειν
3389 817 3609 871 λοιπόνο

2034 896 2158 951 οὐτε
2199 900 2470 972 φοϐοῦμαι
2502 903 2594 957 τὸν
2646 903 2860 973 φθόνον.
2890 905 2955 957 Τί
2982 906 3092 976 γάρ
3121 925 3187 977 με
3220 910 3395 978 χεῖρον
3432 909 3611 980 ἔργά-

2035 1006 2217 1056 σεται;
2251 992 2459 1047 Οὐκοῦν
2505 995 2675 1062 γνῶτε
2699 995 2783 1059 τίς
2824 997 2851 1050 6
2880 996 3018 1068 ἀνήρ
3041 1014 3057 1030 ο
3090 997 3332 1069 Εὐγενὴς
3360 1001 3467 1073 τεῶν
3509 1003 3608 1071 ἀφ’

2031 1080 2181 1148 ήλίου
2210 1082 2501 1150 ἀνατολῶν,
2526 1086 2835 1155 ἄμεμπτος,
2868 1087 3093 1153 δίκαιος,
3125 1089 3395 1160 ἀληθινὸς.
3423 1092 3610 1149 θεοσε-

2031 1166 2151 1237 ϐὴς,
2198 1170 2537 1242 ἀπεχόμενος
2579 1172 2686 1226 άπὸ
2736 1174 2935 1238 παντὸς
2976 1174 3212 1246 πονηροῦ
3256 1178 3600 1248 πράγματος.

2029 1258 2101 1311 Οὐ
2134 1259 2243 1329 γὰρ
2289 1261 2352 1331 δὴ
2387 1259 2746 1332 ζηλοτυπήσει
2775 1264 2805 1316 6
2837 1264 3009 1334 μέγας
3052 1264 3192 1328 Ἰὼϐ,
3240 1269 3291 1319 εί
3314 1270 3435 1330 ταῖς
3472 1272 3604 1339 περὶ

2028 1347 2191 1400 αὐτοῦ
2218 1352 2543 1422 μαρτυρίαις
2568 1354 2662 1407 καὶ
2686 1357 2714 1408 6
2743 1354 2985 1426 μιμητής
3015 1356 3226 1410 ἐκείνου
3259 1357 3604 1425 ἐγκαλλωπίο

2026 1437 2190 1501 ζοιτο.
2234 1440 2371 1493 Ἀλλ’
2402 1442 2431 1494 6
2468 1442 2533 1495 τὰ
2578 1444 2716 1499 καλὰ
2748 1446 2923 1499 πάντα
2956 1446 3169 1515 βλέπων
3218 1449 3433 1520 φθόνος,
3486 1449 3597 1507 εἶδε

2026 1528 2118 1580 καὶ
2148 1528 2207 1581 τὸ
2242 1530 2506 1603 ἡμέτερον
2552 1533 2753 1601 ἀγαθὸν
2795 1536 2977 1608 πικρῷ
3011 1538 3089 1608 τῷ
3120 1540 3382 1611 ὀφθαλμῷ
3402 1560 3413 1572 ο
3449 1545 3543 1596 καὶ
3565 1545 3597 1599 6

2025 1620 2414 1690 ἐμπεριπατῶν
2443 1624 2508 1693 τῇ
2536 1624 2851 1699 οἰκουμένῃ,
2905 1627 2997 1680 καὶ
3043 1628 3109 1682 δι’
3138 1630 3292 1700 ήμῶν
3331 1633 3595 1703 περιεπά-

2021 1728 2203 1781 τησεν,
2238 1712 2412 1767 πλατύ
2449 1713 2510 1767 τὸ
2540 1714 2682 1784 ἴχνος
2711 1716 2808 1786 τῆς
2850 1717 3080 1787 θλίψεως
3116 1722 3236 1782 ταῖς
3267 1722 3594 1793 εὐπραγίαις

2023 1802 2178 1873 ήμῶν
2219 1805 2593 1877 ὲναπερείσας.
2627 1806 2702 1859 Οὐ
2742 1806 2878 1876 βοῶν
2926 1810 3018 1863 καὶ
3056 1810 3339 1881 προϐάτων
3394 1814 3591 1882 ἀγέλας

346 1884 654 1946 ainictionis
700 1893 866 1948 rebus
914 1898 1170 1954 secundis
1225 1905 1430 1958 nostris
1473 1905 1700 1964 inﬁxum
1745 1910 1897 1965 relin-

2017 1892 2399 1964 διελυμήνατο·
2437 1895 2573 1965 πλὴν
2611 1896 2660 1948 εἰ
2703 1897 2775 1967 μὴ
2827 1898 2936 1968 ἄρα
2966 1917 3049 1964 τις
3083 1901 3223 1955 κατὰ
3248 1901 3310 1956 τὸ
3332 1905 3590 1973 μυστικὸν

343 1991 539 2044 quens.
579 1979 698 2036 Non
755 1982 919 2037 boum
965 1994 1019 2039 et
1063 1988 1247 2043 ovium
1304 2008 1495 2064 greges
1548 1995 1908 2067 disperdidit:

341 2068 451 2132 nisi
501 2072 551 2126 si
593 2073 718 2142 quis
769 2076 959 2146 utique
1003 2082 1306 2138 secundum
1353 2089 1642 2157 mysticum
1686 2107 1910 2150 sensum

340 2176 558 2233 gregem
583 2166 651 2221 ad
687 2165 986 2226 Ecclesiam
1031 2175 1300 2232 traducat.
1329 2177 1528 2236 Verum
1571 2198 1679 2239 non
1714 2187 1768 2242 in
1822 2188 1908 2245 bis

337 2255 498 2311 nobis
530 2255 737 2313 invidia
785 2260 1045 2319 damnum
1074 2263 1262 2334 ‘dedit,
1318 2286 1496 2343 neque
1543 2276 1597 2330 in
1650 2280 1823 2335 asinis
1853 2288 1909 2336 et

257 2404 263 2409 ,
336 2347 563 2408 camelis
593 2364 792 2406 noxam
824 2357 1136 2425 commisit;
1168 2374 1345 2429 neque
1380 2365 1500 2434 ipso
1532 2367 1754 2425 vulnere
1786 2386 1907 2426 car-

334 2435 425 2492 nis
473 2453 669 2496 sensus
700 2444 898 2500 acerbo
956 2447 1147 2505 dolore
1200 2451 1417 2511 aﬂccit:
1454 2458 1549 2513 sed
1581 2474 1684 2516 nos
1727 2464 1907 2533 capite

333 2528 588 2600 privavit.
622 2531 759 2589 Cum
788 2536 968 2607 capite
997 2550 1177 2599 autem
1218 2560 1326 2601 una
1355 2547 1608 2622 adempta
1644 2563 1774 2609 sunt
1795 2528 1905 2610 bo-

331 2630 528 2677 norata
565 2638 629 2680 ac
661 2626 924 2696 dignitate
956 2635 1271 2701 praestantia
1298 2652 1560 2697 sensuum
1586 2653 1902 2704 nostrorum

332 2713 719 2773 instrumenta.
744 2718 865 2777 Non
896 2726 1132 2795 amplius
1165 2737 1249 2785 est
1282 2732 1494 2797 oculus,
1527 2736 1619 2805 qui
1655 2739 1899 2795 coelestia

330 2816 690 2879 contueatur;
730 2828 907 2884 neque
959 2818 1131 2884 auris,
1166 2836 1287 2891 quae
1316 2838 1504 2881 vocem
1535 2827 1773 2885 divinam
1801 2848 1901 2893 ex-

328 2899 517 2955 audiat
543 2920 557 2957 :
586 2918 762 2974 neque
781 2907 965 2978 lingua
990 2911 1080 2965 illa
1098 2929 1294 2983 purum
1319 2918 1563 2976 veritatis
1584 2922 1895 2987 donarium.

327 2987 433 3046 Ubi
473 2991 652 3051 dulcis
695 2996 787 3051 illa
826 3001 1114 3058 oculorum
1158 3010 1472 3066 serenitas?
1501 3014 1590 3070 ubi
1615 3017 1895 3086 jucundus

324 3079 418 3135 ille
449 3096 514 3137 ac
543 3083 756 3154 lepidus
784 3090 840 3145 in
875 3091 1035 3150 labiis
1066 3096 1252 3153 risus?
1296 3100 1386 3155 ubi
1419 3106 1590 3162 comis
1616 3079 1714 3163 illa
1742 3118 1798 3166 et
1827 3113 1894 3167 ad

325 3174 675 3233 salutandum
706 3179 887 3240 facilis
913 3184 1160 3253 dextera,
1207 3207 1330 3261 quin
1356 3210 1461 3250 una
1492 3211 1617 3252 cum
1652 3203 1766 3258 oris
1798 3203 1890 3259 be-
1920 3229 1967 3292 ο

325 3266 634 3292 κΑΔζΑιΞΑ..-
673 3271 851 3292 12_s._,
896 3278 907 3288 -
956 3286 966 3292 .
1052 3290 1057 3292 .
1274 3284 1285 3292 .
1327 3285 1341 3292 -
1441 3288 1457 3292 -
1493 3288 1519 3292 _

322 3266 638 3327 ncdictione
666 3271 864 3345 digitos
892 3278 1159 3337 intentare
1207 3284 1460 3341 solebat?
1488 3288 1766 3348 Provehor
1794 3311 1890 3352 au-

323 3362 455 3422 tem,
509 3361 653 3416 sicut
700 3363 754 3418 in
806 3381 992 3433 scena,
1051 3373 1118 3426 ad
1149 3374 1518 3434 calamitatem
1569 3386 1718 3438 clara
1759 3400 1891 3441 voce

321 3447 808 3516 proclamandam:
850 3456 1115 3517 Misereor
1146 3465 1245 3527 tui,
1295 3475 1486 3522 sancta
1512 3469 1793 3541 Ecclesia;
1839 3488 1891 3533 te

323 3537 593 3611 alloquor,
617 3559 652 3600 o
679 3546 872 3604 civitas
898 3551 1182 3608 Antiochi!
1218 3555 1439 3614 Miseret
1467 3576 1553 3618 me
1575 3565 1674 3628 tui,
1702 3537 1890 3637 repen-

319 3630 451 3687 tinae
478 3647 543 3689 ac
573 3636 769 3692 subita:
793 3638 958 3710 hujus
980 3644 1298 3704 mutationis
1327 3651 1565 3708 nomine.
1607 3653 1676 3710 Ut
1704 3630 1889 3712 adem-

318 3730 449 3793 ptus
483 3732 568 3781 est
598 3726 804 3783 decor?
841 3740 899 3787 ut
925 3733 1205 3793 detractus
1257 3747 1345 3796 est
1381 3748 1655 3802 ornatus?
1708 3756 1767 3804 ut
1798 3766 1887 3807 re-

316 3823 483 3885 pente
512 3817 614 3874 llos
647 3819 910 3878 deﬂuxit?
953 3824 1116 3897 plane
1163 3844 1386 3900 gramen
1429 3840 1663 3903 exaruit,
1702 3851 1757 3898 et
1783 3844 1884 3902 llos

318 3906 542 3962 decidit.
573 3907 708 3974 Quis
750 3913 946 3970 oculus
977 3918 1197 3974 malus?
1226 3938 1348 3992 quae
1386 3926 1710 3989 fascinatrix
1740 3936 1881 3992 invi-

315 3997 406 4052 dia
433 4000 576 4053 mala
606 4000 661 4057 in
686 4000 983 4062 Eccleslam
1011 4010 1158 4067 illam
1190 4014 1516 4076 debacchata
1544 4033 1706 4095 atque
1728 4044 1883 4098 gras-

316 4095 436 4146 sata
481 4093 607 4146 est?
648 4109 770 4164 quae
806 4097 1004 4167 quibus
1050 4112 1443 4165 commutavit?
1488 4093 1695 4172 Deiecit
1731 4093 1876 4179 l‘ons.

313 4178 750 4243 Exaruitamnis.
781 4187 993 4249 Rursus
1025 4194 1078 4250 in
1109 4201 1427 4269 sanguinem
1449 4219 1588 4278 aqua
1616 4224 1879 4271 conversa

310 4282 417 4329 est.
475 4274 827 4339 Oini'elicem
886 4289 1137 4345 nuntium
1196 4291 1369 4363 illum,
1433 4274 1540 4369 quo
1595 4304 1876 4362 calamitas

309 4361 571 4423 Ecclesiae
600 4370 930 4431 indicabitur
954 4381 966 4432 ι
997 4379 1131 4447 Quis
1157 4383 1283 4441 ﬁliis
1311 4361 1473 4456 dicer,
1494 4395 1648 4465 quod
1680 4412 1877 4465 paren-

309 4455 459 4512 tibus
516 4459 695 4516 orbati
743 4478 809 4519 ac
862 4467 1107 4525 destituti
1165 4473 1317 4529 sint?
1359 4455 1874 4542 Quis-renuntiabit

2019 1987 2097 2048 εἰς
2124 1985 2219 2055 τὴν
2254 1986 2577 2056 Ἐκκλησίαν
2608 1988 2899 2058 μεταλάϐοι
2928 1991 2989 2043 τὸ
3019 1991 3287 2062 ποίμνιον.
3317 1994 3462 2065 Πλὴν
3485 1997 3585 2049 οὐκ

2017 2077 2074 2131 ὲν
2117 2077 2323 2139 τούτοις
2353 2079 2482 2148 ήμίν
2528 2078 2679 2150 παρὰ
2706 2078 2798 2132 τοῦ
2843 2080 3034 2148 φθόνου
3068 2084 3102 2152 ή
3145 2083 3314 2155 βλάϐη
3336 2100 3350 2116 ·
3380 2086 3499 2140 οὐδὲ
3525 2088 3583 2140 ὲν

2016 2165 2155 2228 ὄνοις
2205 2169 2297 2220 καὶ
2356 2168 2621 2238 καμήλοις
2675 2170 2774 2240 τήν
2823 2171 3024 2240 ζημίαν
3074 2174 3395 2244 εἰργάσατο·
3464 2176 3581 2231 οὐδὲ

2012 2256 2285 2327 τραύματι
2344 2259 2545 2329 σαρκὸς
2594 2258 2693 2323 τάς
2749 2260 3031 2331 αἰσθήσεις
3084 2264 3402 2335 ὲδρίμυξεν·
3465 2266 3578 2320 ἀλλ’

2011 2346 2156 2416 ήμάς
2192 2347 2291 2418 τῆς
2331 2347 2573 2419 κεφαλῆς
2612 2350 2941 2421 άπεσύλησε.
2977 2353 3055 2422 Τῇ
3097 2353 3153 2407 δὲ
3202 2355 3409 2427 κεφαλῇ
3458 2375 3578 2412 συν-

2010 2437 2216 2507 απῆλθε
2265 2437 2333 2491 τά
2381 2438 2536 2509 τίμια
2594 2441 2751 2510 ἡμῶν
2796 2440 3141 2513 αἰσθητήρια.
3187 2445 3384 2499 Οὐκέτι
3430 2448 3573 2502 ἐστὶν

2008 2526 2303 2599 ὀφθαλμὸς,
2329 2528 2358 2580 6
2379 2530 2447 2583 τά
2484 2531 2709 2601 οὐράνια
2731 2530 2960 2601 βλέπων.
2984 2533 3104 2587 οὐδὲ
3125 2535 3285 2607 ἀκοὴ,
3308 2537 3406 2606 τῆς
3425 2537 3567 2602 θείας

2007 2616 2189 2687 φωνῆς
2234 2618 2520 2681 ἑπαῖουσα,
2554 2620 2673 2674 οὐδὲ
2719 2622 2752 2690 ή
2795 2620 3012 2690 γλῶσσα
3051 2624 3254 2695 ἐκείνη,
3305 2625 3367 2680 τὸ
3414 2628 3565 2695 ἁγνὸν

2005 2707 2259 2779 ἀνάθημα
2293 2710 2391 2780 τῆς
2421 2709 2695 2781 ἀληθείας.
2727 2712 2833 2766 Ποῦ
2863 2714 2895 2784 ή
2921 2714 3143 2782 γλυκεῖα
3174 2716 3283 2771 τῶν
3311 2719 3565 2789 ὀμμάτων

2004 2797 2242 2868 γαλήνης
2277 2800 2387 2853 Ποῦ
2414 2801 2471 2854 τὸ
2513 2802 2735 2874 φαιδρὸν
2764 2804 2856 2857 snt
2891 2802 2984 2856 τοῦ
3029 2804 3238 2874 χείλους
3279 2808 3561 2878 μειδίαμας

2006 2884 2114 2939 Ποῦ
2144 2886 2598 2961 ήεύπροσήγορος
2632 2889 2801 2957 δεξιὰ,
2831 2894 2897 2963 τῇ
2922 2891 3017 2944 τοῦ
3049 2892 3313 2963 στόματος
3357 2895 3567 2967 εὐλογίᾳ.

2002 2977 2125 3039 τοὺς
2151 2977 2442 3043 δακτύλους
2473 2983 2915 3045 συνεπισείουσα;
2947 2984 3264 3056 Προάγομαι
3292 2986 3347 3040 δὲ
3375 2987 3450 3051 ὡς
3479 2988 3567 3040 ἐπὶ

2003 3068 2206 3137 σκηνῆς
2248 3068 2547 3140 ἀναϐοῆσαι
2580 3070 2677 3143 τὴν
2704 3072 3015 3143 συμφοράν⁸
3060 3073 3224 3127 Ἐλεῶ
3253 3093 3331 3142 σε,
3362 3070 3407 3129 ὦ
3444 3077 3561 3131 Ἐκ-

2001 3156 2225 3229 κλησία·
2265 3159 2397 3227 πρὸς
2430 3160 2489 3214 σὲ
2514 3160 2677 3231 λέγω,
2699 3163 2798 3235 τὴν
2839 3165 3105 3236 Ἀντιόχου
3164 3168 3341 3224 πόλιν.
3403 3170 3562 3224 Ἐλεῶ

2000 3264 2059 3299 σε
2094 3249 2190 3318 τῆς
2221 3249 2421 3321 ἀθρόας
2450 3251 2652 3323 ταύτης
2682 3256 3002 3328 μεταϐολῆς.
3034 3256 3156 3320 Πῶς
3205 3260 3560 3332 άπεκοσμήθη

1995 3340 2056 3393 τὸ
2092 3340 2318 3409 κάλλος;
2347 3343 2467 3407 Πῶς
2492 3346 2802 3420 ἀπεσυλήθη
2836 3350 2863 3401 ὁ
2891 3350 3126 3420 κόσμος;
3157 3351 3279 3415 Πῶς
3311 3353 3559 3422 ἐξαίφνης

1995 3433 2244 3504 ἀπερρύη
2264 3435 2323 3487 τὸ
2350 3435 2540 3504 άνθοςς
2569 3439 2772 3502 Ὄντως
2791 3438 3057 3513 ἐξηράνθη
3085 3445 3113 3495 6
3139 3443 3349 3514 χόρτος,
3383 3446 3477 3497 καὶ
3503 3443 3560 3499 τὸ

1994 3520 2153 3584 ἄνθος
2177 3523 2451 3590 ἐξέπεσεν.
2492 3527 2587 3590 Τίς
2618 3527 2889 3599 ὀφθαλμὸς
2920 3532 3151 3603 πονηρὸς
3173 3575 3188 3599 ,
3229 3535 3315 3598 τίς
3359 3535 3557 3604 βασκα-

1992 3614 2079 3668 νία
2105 3615 2247 3685 κακὴ
2282 3616 2420 3669 κατὰ
2460 3617 2556 3689 τῆς
2611 3619 2933 3691 Ἐκκλησίας
2983 3622 3198 3695 ἐκείνης
3243 3624 3553 3696 ὲκώμασενς

1992 3698 2095 3759 Οἷα
2118 3705 2233 3759 ἀνθ’
2258 3706 2384 3762 οἴων
2408 3708 2698 3777 ήλλάξατοί
2737 3712 3007 3777 Ἐξέλιπεν
3037 3716 3068 3784 ή
3095 3715 3265 3787 πηγὴ,
3290 3717 3555 3789 ἐξηράνθη

1989 3795 2018 3847 6
2048 3796 2309 3867 ποταμός.
2345 3798 2511 3853 Πάλιν
2551 3801 2629 3864 εἰς
2658 3796 2799 3872 αἷμα
2841 3806 3169 3877 μετεποιήθη
3204 3808 3265 3861 τὸ
3294 3807 3457 3881 ὕδωρ.
3494 3812 3555 3864 Ὢ

1987 3885 2281 3957 δυστυχοῦς
2320 3889 2578 3957 ἀγγελίας
2625 3892 2858 3964 ἐκείνης,
2891 3895 2989 3965 τῆς
3028 3895 3444 3970 διαγγελλούσης
3488 3902 3552 3972 τῇ

2001 3983 2295 4055 Ἐκκλησία
2350 3984 2410 4037 τὸ
2467 3974 2681 4051 πάθοςί
2737 3988 2816 4052 τίς
2866 3991 2981 4061 ἐρεῖ
3021 3994 3134 4055 τοῖς
3181 3994 3410 4058 τέκνοις,
3472 3995 3551 4048 ὅτι

1986 4073 2515 4145 άπωρφανίσθησανς
2577 4077 2673 4140 Τίς
2718 4078 3019 4148 ἀπαγγελεῖ
3063 4083 3128 4152 τῇ
3199 4081 3416 4155 νύμφῃ,
3465 4085 3544 4137 ὅτι

1984 4162 2310 4233 ἐχήρευσενς
2349 4165 2411 4216 Ὢ
2458 4164 2564 4218 τῶν
2608 4167 2826 4220 κακῶνῐ
2878 4168 2943 4220 Τί
2977 4168 3318 4240 ἐξέπεμψαν,
3362 4171 3451 4224 καὶ
3489 4169 3541 4222 τί

1985 4255 2361 4323 ὐποδέχονταις
2391 4255 2635 4309 Κιϐωτὸν
2679 4257 3056 4329 προέπεμψαν,
3105 4262 3199 4314 καὶ
3229 4261 3375 4331 σορὸν
3411 4262 3539 4314 ὐποο

1982 4343 2239 4413 δέχονται.
2265 4343 2509 4408 Κιϐωτὸς
2531 4340 2618 4416 ἦν,
2651 4346 2884 4415 ἀδελφοὶ,
2913 4349 2942 4400 6
2961 4346 3055 4402 τοῦ
3078 4349 3214 4402 Θεοῦ
3243 4349 3541 4421 ἄνθρωπος,

1984 4431 2210 4495 κιϐωτὸς
2266 4434 2532 4504 περιέχων
2589 4438 2649 4489 ὲν
2710 4436 2887 4508 ἑαυτῷ
2940 4438 3008 4490 τὰ
3068 4438 3183 4491 θεῖα
3241 4442 3540 4511 μυστήρια·

307 4559 543 4615 sponsae,
585 4553 732 4620 quod
759 4555 921 4610 vidua
953 4524 1105 4614 facta,
1133 4524 1315 4621 sit
1345 4524 1494 4624 nisi:
1507 4573 1519 4625 l

2004 4525 2099 4576 ικεῖ
2138 4524 2170 4592 ή
2218 4524 2452 4593 στάμνος
2498 4528 2529 4596 ή
2574 4528 2748 4596 χρυσῆ
2786 4529 2996 4601 πλήρης
3036 4530 3129 4583 τοῦ
3160 4530 3304 4585 θείου
3340 4532 3542 4602 μάννα,

2004 4613 2189 4639 δέ---
2218 4616 2315 4639 ,3,
2355 4616 2598 4639 “tu..-”
2643 4619 2846 4639 ,μην
2918 4621 2974 4639 ιη
3045 4622 3058 4639 .
3143 4622 3155 4639 ρ
3306 4625 3319 4639 .
3386 4623 3443 4639 «ο

306 4642 618 4698 serunt?et
644 4645 776 4713 quid
809 4650 1119 4718 recipiunt?
1145 4655 1340 4712 Arcam
1380 4664 1779 4735 praemiserunt,
1818 4679 1871 4726 et

306 4732 581 4802 rccipiunt
641 4740 1058 4811 sarc0pbagum.
1091 4744 1252 4810 Area,
1309 4750 1528 4822 fratres,
1580 4758 1741 4815 homo
1779 4762 1870 4818 ille

303 4819 404 4877 Dei
441 4834 577 4892 erat,
637 4843 765 4885 arca
811 4836 1097 4894 continens
1146 4839 1201 4894 in
1249 4856 1308 4896 se
1349 4843 1531 4902 divina
1569 4855 1863 4922 mysteria:

304 4914 419 4971 illic
456 4933 591 4972 urna
619 4935 784 4979 aurea
832 4927 989 4995 plena
1029 4945 1242 4988 marinae
1289 4936 1507 5006 divinae,
1568 4943 1725 5011 plena
1759 4945 1867 5002 cibi

302 5009 453 5066 illius
477 5010 737 5069 caelestis.
775 5017 831 5072 ln
865 5017 956 5072 illa
984 5023 1176 5079 tabulae
1209 5033 1541 5097 testamenti,
1569 5009 1629 5088 in
1665 5038 1866 5096 tabulis

301 5103 483 5161 cordis
504 5105 697 5176 spiritu
722 5107 815 5166 Dei
837 5112 1086 5180 viventis,
1112 5133 1219 5173 non
1241 5128 1546 5180 atramento
1568 5127 1864 5200 inscriptae.

296 5197 487 5271 Neque
526 5202 670 5258 enim
716 5204 794 5260 illi
832 5210 1059 5276 puritati
1085 5213 1268 5270 cordis
1306 5217 1639 5286 caliginosus
1664 5232 1719 5276 ct
1740 5197 1866 5283 ater

298 5291 607 5352 intellectus
637 5297 852 5356 inustus
880 5310 933 5356 et
959 5303 1263 5373 impressus
1287 5319 1423 5364 erat.
1456 5310 1509 5365 ln
1543 5313 1631 5367 illa
1658 5319 1864 5373 colum-

293 5397 398 5444 nae.
422 5386 584 5444 bases
619 5397 673 5445 et
706 5400 1157 5461 sustentamenta,
1189 5401 1458 5469 capitella,
1495 5404 1854 5477 tliuribulum,

296 5476 703 5548 candelabrum,
732 5484 1189 5555 propitiatorium,
1220 5493 1424 5561 pelves,
1455 5497 1521 5551 ad
1551 5500 1729 5555 aditus
1758 5476 1857 5558 ob?

1976 4613 2189 4683 πλήρης
2218 4616 2315 4683 τῆς
2353 4616 2601 4686 οὐρανίου
2640 4619 2868 4689 τροφῆς.
2918 4621 3007 4674 Ἐν
3042 4622 3222 4693 ἐκείνῃ
3265 4625 3321 4677 αί
3346 4623 3545 4688 πλάκες

1976 4704 2074 4772 τῆς
2100 4702 2379 4775 διαθήκης,
2413 4709 2469 4759 ὲν
2505 4711 2624 4771 ταῖς
2649 4709 2809 4775 πλαξὶ
2840 4711 2939 4782 τῆς
2964 4713 3186 4784 καρδίας
3228 4716 3543 4787 ἐγγεγραμ-

1979 4794 2135 4863 μέναι
2161 4795 2430 4867 πνεύματι
2473 4800 2606 4852 θεοῦ
2643 4801 2863 4869 ζῶντος,
2901 4806 2960 4857 οὐ
2993 4805 3197 4875 μέλανι.
3235 4806 3401 4861 Οὐδὲν
3434 4808 3541 4880 γὰρ

1973 4888 2039 4956 τῇ
2069 4887 2394 4958 καθαρότητι
2432 4890 2531 4961 τῆς
2577 4893 2799 4963 καρδίας
2843 4894 3077 4964 ζοφῶδες
3114 4897 3205 4950 καὶ
3242 4898 3407 4968 μέλαν
3454 4902 3540 4953 ὲν-

1974 4975 2236 5028 εκέκαυτο
2266 4976 2461 5047 νόημα.
2511 4979 2597 5032 Ἐν
2628 4982 2811 5055 ἐκείνῃ
2852 4984 2898 5035 οἰ
2934 4983 3136 5048 στύλοι,
3160 4986 3214 5038 ai
3249 4986 3457 5055 βάσεις,
3482 4991 3535 5043 αἰ

1974 5062 2276 5131 κεφαλίδες,
2300 5065 2361 5117 τὸ
2392 5066 2765 5139 θυμιατήριον,
2800 5072 2833 5141 ή
2867 5072 3076 5140 λυχνία,
3110 5073 3169 5126 τὸ
3204 5074 3531 5149 ἱλαστήριον,

1969 5154 2017 5204 οἰ
2067 5151 2350 5223 λουτῆρες,
2406 5155 2476 5208 τὰ
2518 5156 2625 5211 τῶν
2673 5160 2890 5215 εἰσόδων
2924 5163 3418 5235 καταπετάσματα·
3479 5168 3535 5221 ἐν

1968 5239 2149 5312 ἐκείνῃ
2178 5242 2208 5311 ή
2249 5241 2440 5311 ῥάϐδος
2466 5247 2562 5315 τῆς
2591 5247 2906 5319 ἱερωσύνης,
2938 5251 2972 5321 ή
2997 5252 3055 5304 ὲν
3077 5255 3197 5316 ταῖς
3226 5256 3382 5325 χερσὶ
3412 5258 3533 5320 ταῖς

1964 5330 2172 5383 ἐκείνου
2221 5332 2587 5406 βλαστήσασα.
2630 5338 2741 5390 Καὶ
2789 5339 2844 5390 εἴ
2894 5357 2947 5392 τι
2990 5340 3118 5394 ἄλλο
3172 5343 3269 5412 τὴν
3301 5344 3531 5399 κιϐωτὸν

1961 5418 2103 5489 ἔχειν
2149 5420 2435 5494 ἀκούομεν,
2470 5425 2647 5481 πάντα
2678 5430 2743 5499 τῇ
2790 5429 2935 5502 ψυχῇ
2965 5431 3059 5484 τοῦ
3106 5432 3296 5504 ἀνδρὸς
3325 5437 3528 5507 περιεί-

1958 5506 2148 5578 ληπτο.

296 5572 453 5620 ῑυηεα
484 5571 600 5625 vela
649 5582 823 5646 eatque
882 5578 1084 5646 aulaea;
1133 5581 1188 5634 in
1224 5584 1333 5652 illa,
1382 5588 1528 5658 virga
1562 5594 1852 5650 sacerdotii
1892 5614 2012 5668 qua:
2046 5599 2098 5653 in
2132 5601 2379 5661 manibus
2420 5606 2565 5665 illius
2598 5609 2943 5681 germinavit.
2979 5611 3046 5673 Et
3093 5613 3141 5672 si
3205 5614 3335 5693 quid
3376 5616 3521 5677 aliud

306 5670 484 5693 qui-noun
535 5662 589 5693 :n
626 5680 684 5693 1.-
719 5667 970 5693 hama---
1005 5671 1252 5693 “num---
1342 5690 1407 5693 -,,,
1465 5680 1475 5690 ι
1618 5681 1630 5693 .
1790 5686 1802 5693 .
1842 5687 1853 5693 -
2024 5691 2030 5693 ,
2115 5692 2123 5693 ,

305 5670 485 5715 arcam
535 5662 591 5716 in
625 5680 684 5720 se
716 5667 972 5726 habuisse
1004 5671 1274 5742 audimus,
1331 5680 1510 5737 omnia
1543 5681 1725 5741 animo
1755 5686 1856 5748 viri
1891 5691 2325 5753 continebantur.

3528 5819 3573 5843 σὲ
