3918 6204
211 268 328 325 857

1416 259 1505 314 ne
1535 225 1838 316 iiELsTto
1874 259 2225 317 EPISCOPO.

3342 258 3463 314 858.

303 381 438 436 Ἀλλ’
473 380 589 435 ἀντ’
621 377 841 433 ὲκεξνων
871 380 955 447 si;
997 378 1262 433 Σιαεπάτω
1295 382 1323 433 6
1345 358 1786 449 λόγοςίΣινδόνες

1961 380 2065 436 Sed
2094 394 2191 450 pro
2216 377 2325 432 illis
2350 375 2524 446 quid?
2557 375 2724 430 Sileat
2753 373 2950 429 oratio.
2991 373 3260 429 Sindoncs
3292 388 3453 427 mun-

211 471 476 542 καθαραὶ,
528 470 623 523 καὶ
658 468 728 523 τὰ
758 470 823 522 ὲκ
869 467 1051 539 σηρῶν
1081 468 1401 539 ὑφάσματα·
1457 470 1644 540 μύρων
1692 469 1785 523 καὶ

209 561 529 637 ἀρωμάτων
559 561 829 632 δαψίλεια,
861 561 1117 629 γυναικὸς
1161 560 1438 632 φιλοτιμία
1469 560 1699 630 κοσμίας
1725 577 1784 615 τε

212 654 317 709 καὶ
340 654 695 724 εὐσχήμονος.
733 652 1024 723 Εἰρήσεται
1050 651 1159 722 γὰρ
1181 651 1256 715 ὡς
1284 651 1350 705 ἂν
1376 651 1467 704 καὶ
1497 649 1667 704 ταῦτα
1691 651 1786 719 γέ-

211 761 368 799 νοιτο
390 746 468 808 είς
491 743 790 823 μαρτύριον
809 744 969 814 αὐτῇ,
1003 742 1031 795 ὃ
1060 743 1186 814 περὶ
1216 742 1306 795 τὸν
1336 742 1481 813 ίερέα
1510 741 1783 811 ἐποίησεν,

209 835 457 905 δαψιλῶς
495 834 592 905 τὴν
617 833 954 904 ἀλάβαστρον
985 831 1080 888 τοῦ
1129 833 1303 904 μύρου
1331 833 1431 903 τῆς
1466 830 1561 884 τοῦ
1600 831 1788 902 ἱερέως

212 926 462 998 κεφαλῆς
510 925 845 996 καταχέασα.
898 923 1059 979 ’Δλλά
1096 923 1157 978 τὸ
1194 926 1252 978 ὲν
1283 923 1492 986 τούτοις
1531 922 1789 986 διασωζό-

214 1030 404 1084 μενον,
443 1013 530 1081 τίς
570 1013 732 1066 ὀστέα
776 1012 965 1085 νεκρὰ,
1010 1014 1106 1068 καὶ
1137 1012 1244 1084 πρὸ
1281 1012 1375 1067 τοῦ
1414 1012 1642 1068 θανάτου
1691 1030 1790 1084 μευ

214 1106 558 1177 μελετηκότα
578 1106 675 1177 τὴν
700 1106 965 1178 νέκρωσιν
983 1122 997 1138 ·
1022 1105 1093 1160 τὰ
1120 1104 1338 1177 λυπηρά
1363 1105 1473 1160 τῶν
1498 1105 1788 1178 συμφορῶν

208 1196 379 1268 ⁴ἡμῶν
439 1195 780 1267 μνημόσυνα.
833 1196 898 1249 Ὦ
946 1196 1033 1250 οἶα
1060 1195 1222 1267 φωνὴ
1269 1195 1429 1250 πάλιν
1476 1197 1536 1249 ὲν
1609 1195 1789 1265 Ῥαμὰ

211 1288 656 1360 ἀκουσθήσεταιί
703 1288 902 1360 Ῥαχὴλ
942 1288 1204 1342 κλαίουσα
1230 1287 1350 1359 οὐχὶ
1380 1286 1449 1342 τὰ
1495 1287 1659 1342 τέκνα
1687 1287 1789 1340 αύ-

209 1382 339 1452 τῆς,
367 1380 501 1435 ἀλλά
527 1380 619 1435 τὸν
648 1380 835 1454 ἀνδρα,
873 1381 969 1434 καὶ
1013 1381 1073 1435 οὐ
1128 1380 1459 1453 προσιεμένη
1502 1379 1789 1452 παράκλη·

215 1488 324 1525 σιν.
364 1473 564 1541 Ἄφετε
584 1512 602 1536 ,
654 1471 706 1525 oi
757 1470 1231 1542 παρακαλοῦντες,
1276 1471 1463 1540 ἄφετε.
1512 1469 1603 1541 Μὴ
1658 1485 1789 1522 κατ-

214 1561 479 1633 ισχύσητε
516 1560 914 1634 παρακαλέσαι.
941 1561 1090 1632 Βαρὺ
1125 1561 1388 1615 πενθείτω
1431 1562 1654 1633 ήχήρα.
1695 1562 1789 1615 Αί-

216 1653 432 1709 σθέσθω
450 1653 551 1724 τῆς
586 1653 788 1724 ζημίας
811 1650 878 1724 ἦς
905 1654 1227 1725 ὲζημίωται.
1262 1652 1454 1707 Καίτοι
1474 1655 1572 1707 οὐκ
1593 1653 1789 1725 ἀμελέ-

212 1743 380 1814 τητός
416 1713 546 1797 ἐστιί
570 1713 673 1797 τού¹
696 1713 1084 1817 χώρᾶμούϊὲν
1120 1746 1231 1809 τοῖς
1267 1743 1441 1812 ἀγῶσι
1497 1743 1589 1798 τοῦ
1624 1713 1788 1816 ἀθλη-
1815 1713 1863 1774 Β

210 1835 313 1889 τοῦ
367 1834 750 1906 προεθισθεῖσα
800 1836 984 1907 φέρειν
1028 1835 1125 1908 τὴν
1180 1836 1434 1907 μόνωσιν.
1492 1837 1787 1908 Μέμνησθε

212 1926 439 1990 πάντως
466 1926 613 1990 ὅπως
644 1926 773 1998 ύμῖν
805 1929 834 1981 6
872 1926 979 1999 πρὸ
1025 1927 1181 1999 ἡμῶν
1212 1927 1368 1996 λόγος
1403 1930 1530 1992 τοὺς
1571 1929 1788 1998 ἀγῶνας

211 2015 312 2069 τοῦ
357 2014 548 2087 ἀνδρὸς
576 2015 907 2087 διηγήσατο,
957 2016 1039 2070 ὅτι
1084 2015 1172 2069 διὰ
1206 2016 1421 2071 πάντων
1471 2016 1646 2087 τιμῶν
1688 2018 1787 2090 τὴν

212 2107 384 2176 ἀγίαν
420 2107 641 2178 Τριάδα,
672 2108 767 2161 καὶ
808 2110 866 2161 ὲν
905 2107 984 2179 τῷ
1026 2107 1242 2178 ἀριθμῷ
1269 2107 1376 2161 τῶν
1413 2108 1636 2178 ἀγώνων
1690 2111 1788 2181 τὴν

200 2199 384 2271 ,τιμὴν
434 2199 760 2266 διεσώσατο,
817 2201 962 2271 τρισὶ
1000 2201 1322 2271 πειρασμῶν
1352 2201 1674 2272 προσϐολαῖς
1702 2203 1789 2255 ὲν-

211 2293 481 2363 αθλήσας.
518 2291 812 2346 Ἠκούσατε
844 2292 942 2364 τὴν
966 2293 1285 2348 ἀκολουθίαν
1319 2294 1428 2348 τῶν
1459 2295 1655 2360 πόνων,
1677 2291 1787 2360 οἷος

210 2387 271 2438 ὲν
320 2384 580 2456 πρώτοις,
610 2380 720 2449 οἷος
761 2386 819 2437 ἐν
852 2385 1056 2455 μέσοις,
1091 2387 1149 2439 ὲν
1190 2385 1517 2449 τελευταίοις
1558 2383 1667 2451 οἷος
1695 2383 1783 2459 ἦν.

211 2476 488 2547 Περιττὴν
533 2477 700 2547 κρίνω
738 2475 840 2548 τὴν
872 2477 1186 2549 παράληψιν
1213 2477 1323 2532 τῶν
1355 2478 1657 2549 εἰρημένων
1690 2497 1788 2533 κα-

209 2564 345 2629 λῶς.
392 2565 553 2620 Ἀλλὰ
593 2564 846 2619 τοσοῦτον
877 2568 1048 2620 εἰπεῖν
1093 2568 1222 2630 tam;
1245 2567 1345 2620 οὐκ
1374 2567 1621 2640 ἄκαιρον·
1656 2568 1786 2623 Ὅτε

206 2655 274 2709 τδ
331 2656 545 2728 πρῶτον
591 2652 731 2710 εἶδεν
775 2660 810 2729 ἡ
857 2656 1087 2728 σώφρων
1140 2660 1433 2730 Ἐκκλησία
1481 2661 1662 2733 ἐκείνη
1694 2662 1786 2717 τὸν

207 2747 408 2819 ἄνδρα,
456 2743 593 2801 είδεν
637 2747 927 2820 πρόσωπον
975 2748 1193 2822 ἀληθῶς
1220 2754 1278 2805 ὲν
1318 2752 1486 2807 είκόνι
1529 2753 1662 2807 Θεοῦ
1697 2771 1788 2825 με·

211 2839 575 2912 μορφωμένον
596 2856 611 2872 ·
643 2836 782 2893 εἶδεν
807 2839 1027 2911 ἀγάπην
1052 2841 1403 2913 ηγάζουσαν
1422 2861 1437 2877 ο
1463 2839 1604 2898 εἶδεν
1628 2844 1787 2917 χάριν

209 2929 657 3002 περικεχυμένην
701 2933 814 2996 τοῖς
863 2931 1095 3002 χείλεσι·
1150 2933 1645 3008 ταπεινοφροσύνης
1696 2936 1787 2991 τὸν

1885 472 1988 534 ἁτε,
2043 479 2097 526 et
2135 468 2300 538 panni
2350 466 2551 531 serici;
2600 471 2999 534 unguentorum
3054 470 3109 518 et
3147 468 3451 517 aromatum

1886 564 2109 635 largitas
2157 569 2211 618 et
2244 559 2599 624 abundantia,
2649 555 2945 612 liberalitas
2976 554 3223 610 mulieris
3273 560 3328 608 et
3358 569 3452 608 or-

1886 663 2028 709 nata:
2067 661 2123 708 et
2160 652 2424 707 honestze.
2461 648 2681 703 Dicetur
2719 648 2886 709 enim,
2943 654 3004 700 ut
3036 646 3200 700 etiam
3247 644 3363 698 hac
3400 642 3452 698 ei

1887 744 2200 801 testimonio
2241 745 2372 806 sint,
2426 755 2548 810 quae
2588 753 2716 809 erga
2750 736 3089 793 sacerdotem
3139 734 3285 799 fecit,
3324 748 3449 787 eum

1887 837 2217 892 alabastrum
2261 834 2523 903 unguenti
2571 832 2793 902 largiter
2836 830 2892 885 in
2935 836 3100 897 caput
3147 825 3451 882 sacerdotis

1886 928 2098 985 etiudit.
2115 926 2221 983 Sed
2238 926 2382 998 quod
2403 926 2459 981 in
2479 925 2563 980 his
2585 932 2859 989 servatur,
2878 921 3009 992 quid
3026 921 3049 975 ?
3069 935 3193 975 ossa
3214 925 3449 980 mortua,

1887 1034 2009 1092 quae
2033 1027 2087 1075 et
2120 1026 2249 1074 ante
2280 1025 2533 1081 mortem,
2566 1015 2951 1070 mortalitatem
2982 1011 3240 1066 meditata
3258 1015 3449 1062 erant:
3491 1034 3501 1048 ο

1888 1112 2118 1167 molesta
2173 1108 2545 1165 calamitatum
2611 1113 2921 1160 nostrarum
2982 1107 3351 1155 monumenta.
3406 1095 3454 1152 0

1887 1203 2065 1273 qualis
2087 1217 2190 1256 vox
2215 1214 2408 1255 rursus
2430 1198 2488 1252 in
2518 1196 2683 1249 Rama
2706 1195 2957 1250 audietur
2982 1195 2994 1247 !
3022 1192 3221 1246 Rachel
3250 1188 3453 1244 deﬂens

1888 1307 1998 1347 non
2035 1290 2175 1347 filios
2201 1306 2351 1353 suos,
2391 1288 2486 1344 sed
2515 1289 2689 1341 virum
2719 1300 2901 1351 suum,
2939 1295 2993 1339 et
3019 1298 3129 1337 non
3161 1281 3455 1335 admittens

1888 1380 2341 1436 consolationem.
2381 1378 2647 1438 Omittite,
2692 1392 2725 1430 ο
2768 1374 3139 1438 consolantes,
3180 1370 3450 1426 omittite:

1888 1472 2055 1527 nolite
2079 1471 2409 1527 contendere
2438 1477 2495 1522 ut
2523 1466 2903 1522 consolemini.
2929 1463 3180 1519 Graviter
3207 1461 3365 1523 ferat,
3400 1468 3455 1514 et

1889 1564 2070 1635 lugeat
2115 1562 2299 1617 vidua.
2333 1562 2544 1618 Sentiat
2589 1559 2847 1613 damnum
2890 1557 3034 1628 quod
3090 1555 3237 1610 fecit.
3266 1554 3455 1619 Quan-

1888 1669 2051 1724 quam
2082 1668 2191 1708 non
2236 1652 2489 1723 imperita
2543 1649 2899 1706 discessionis
2949 1657 3053 1712 cst,
3106 1655 3165 1700 ut
3192 1660 3312 1716 qum
3340 1645 3450 1713 jam

1891 1754 2047 1801 antea
2073 1745 2128 1801 in
2166 1744 2448 1813 laboribus
2479 1741 2986 1808 certaminibusque
3014 1736 3231 1792 atbletze
3263 1735 3455 1789 solitu-

1888 1835 2069 1891 dinem
2100 1850 2164 1889 ac
2188 1834 2599 1891 destitutionem
2640 1831 2784 1886 ferre
2809 1826 3114 1885 assuefacta
3146 1825 3236 1881 sit.
3268 1822 3455 1888 Memi-

1888 1926 2049 1983 nistis
2080 1927 2323 1990 omnino,
2364 1920 2816 1994 quemadmodum
2842 1919 2998 1974 vobis
3033 1923 3159 1972 ante
3185 1915 3328 1968 bane
3356 1927 3457 1967 no-

1888 2023 2057 2070 stram
2112 2013 2296 2069 habita
2343 2010 2520 2066 oratio
2553 2009 2770 2064 labores
2816 2013 2980 2077 atque
3009 2003 3312 2059 certamina
3351 2000 3457 2054 viri

1886 2103 2162 2176 exposuit,
2198 2104 2343 2177 quod
2368 2118 2490 2157 cum
2527 2116 2626 2172 per
2652 2100 2837 2155 omnia
2863 2104 3111 2153 sanctam
3131 2093 3457 2148 Trinitatem

1887 2197 2203 2261 honoraret,
2234 2196 2398 2251 etiam
2439 2194 2494 2248 in
2528 2207 2757 2247 numero
2793 2186 3154 2244 certaminum
3192 2185 3457 2240 honorem

1887 2287 2317 2352 conservaverit,
2346 2292 2406 2339 ut
2444 2284 2537 2355 qui
2574 2284 2628 2337 in
2659 2281 2834 2336 tribus
2874 2278 3235 2334 tentationum
3267 2276 3458 2330 incur-

1888 2378 2136 2434 sionibus
2208 2376 2523 2433 decertarit.
2588 2371 2890 2427 Audivistis
2959 2366 3455 2428 continuationem,

1887 2477 2198 2526 contextum
2250 2475 2305 2522 et
2352 2466 2546 2523 seriem
2590 2463 2857 2523 laborum,
2919 2459 3096 2530 qualis
3140 2459 3194 2511 in
3244 2455 3455 2527 primis,

1886 2559 2067 2631 qualis
2096 2559 2151 2614 in
2181 2558 2395 2625 mediis,
2424 2555 2604 2627 qualis
2638 2560 2787 2609 esset
2829 2550 2883 2605 in
2907 2547 3216 2620 postremis.
3249 2545 3456 2616 Super-

1886 2664 2113 2704 vacuam
2161 2648 2350 2716 judico
2405 2645 2789 2717 repetitionem
2827 2640 2966 2696 bene
3021 2638 3314 2693 dictorum.
3350 2633 3459 2691 Sed

1886 2749 2097 2797 tantum
2126 2739 2311 2795 dicere
2360 2738 2594 2794 fortasse
2635 2751 2745 2791 non
2788 2734 3231 2805 intempestivum
3269 2728 3455 2784 fuerit.

1885 2832 2022 2888 Cum
2050 2831 2284 2901 primum
2316 2830 2457 2885 bene
2484 2834 2697 2883 morata
2726 2841 2791 2881 ac
2820 2823 3062 2879 modesta
3087 2822 3179 2877 illa
3214 2819 3459 2875 Ecclesia

1887 2922 2062 2977 virum
2113 2920 2272 2989 vidit,
2326 2920 2523 2977 faciem
2566 2919 2701 2974 vidit
2742 2916 2811 2972 ad
2861 2915 3151 2986 imaginem
3195 2912 3287 2968 Dei
3331 2924 3463 2967 vere

206 3000 512 3091 ἀκρότατον
567 3000 722 3091 ὅρον·
777 3000 895 3091 μεθ⁴
943 3020 1003 3074 ὃν
1046 3021 1147 3074 οὐκ
1193 3020 1339 3076 ἐστιν
1385 3000 1677 3095 -ὲνπινοῆσαι
1723 3026 1783 3079 τὸ

1890 3014 2173 3069 formatam
2201 3029 2216 3078 ;
2244 3012 2379 3067 vidit
2400 3011 2751 3067 dilectionem
2784 3005 2951 3061 fontis
2972 3002 3134 3059 modo
3161 3000 3466 3059 scaturien-

210 3111 413 3164 πλέον·
472 3109 615 3164 κατὰ
657 3109 748 3164 τδν
796 3109 978 3175 Δαὸὶδ,
1011 3114 1111 3182 τὴν
1158 3111 1472 3183 πραότητα·
1523 3115 1663 3169 κατὰ
1693 3116 1782 3171 τὸν

209 3203 679 3276 Σολομῶντα,τὴν
707 3204 921 3258 σύνεσιν
944 3222 958 3238 ·
996 3205 1136 3259 κατά
1158 3206 1248 3260 τὸν
1275 3207 1499 3274 Μωσὲα,
1524 3210 1622 3281 τὴν
1652 3211 1786 3280 ἀγα-

211 3291 446 3362 θότητα·
482 3292 624 3345 κατὰ
642 3292 732 3346 τὸν
759 3293 1030 3364 Σαμουὴλ,
1066 3293 1165 3366 τὴν
1191 3295 1503 3365 ἀκρίϐειαν·
1532 3299 1672 3351 κατά
1695 3299 1788 3354 τὸν

223 3379 463 3451 Ἰωσὴφ,
508 3380 608 3451 τὴν
661 3381 1046 3451 σωφροσύνην·
1088 3381 1228 3435 κατά
1272 3384 1366 3436 τὸν
1418 3385 1634 3456 Δανιὴλ,
1688 3386 1787 3458 τὴν

217 3471 413 3539 σοφίαν
434 3488 448 3501 ·
488 3469 629 3524 κατά
653 3471 742 3524 τὸν
771 3472 942 3541 μέγαν
981 3473 1185 3534 Ἠλίαν,
1218 3476 1274 3526 ἐν
1303 3473 1380 3539 τῷ
1408 3474 1553 3545 ζήλῳ
1573 3476 1670 3545 τῆς
1699 3478 1789 3530 πίο

216 3577 424 3623 στεως·
460 3560 602 3615 κατὲ
645 3561 736 3615 τὸν
785 3563 987 3633 ὑψηλὸν
1044 3565 1316 3635 Ἰωάννην,
1346 3566 1404 3617 ἐν
1440 3568 1506 3637 τῇ
1554 3567 1789 3640 ἀφθορία

216 3650 312 3705 τοῦ
340 3649 593 3723 σώματος
614 3668 628 3684 ·
674 3652 814 3709 κατά
856 3653 947 3707 τὸν
978 3653 1208 3718 Παῦλον,
1244 3656 1301 3707 ὲν
1338 3657 1405 3724 τῇ
1441 3655 1789 3728 ἅνυπερθέτῳ

214 3742 430 3815 ἀγάπῃ.
459 3740 612 3797 Εἷδεν
633 3743 897 3798 τοσούτων
925 3744 1141 3813 ἀγαθῶν
1171 3744 1472 3818 συνδρομὴν
1502 3748 1629 3818 περὶ
1658 3747 1790 3817 μίαν

216 3832 426 3907 ψυχήν·
472 3832 686 3905 apqu
730 3834 807 3905 τῷ
836 3836 1090 3907 μακαρίῳ
1123 3834 1307 3907 ἔρωτι,
1336 3838 1393 3889 ἐν
1421 3839 1487 3909 τῇ
1527 3837 1665 3908 ἁγνῇ
1697 3839 1789 3892 καὶ

217 3920 398 3993 ἀγαθῇ
423 3921 787 3994 φιλοφροσύνῃ
828 3922 920 3976 τὸν
948 3924 1179 3994 νυμφίον
1209 3924 1410 3994 ἑαυτῆς
1436 3926 1786 3998 ἀγαπήσασα.

231 4013 393 4068 Ἀλλὰ
422 4014 551 4084 πρὶν
571 4013 669 4086 τὴν
692 4012 982 4084 ἐπιθυμίαν
1008 4015 1302 4085 ἐμπλῆσαι,
1330 4016 1459 4085 πρὶν
1480 4016 1791 4071 ἀναπαῦσαι

215 4104 311 4160 τὸν
342 4105 529 4171 πόθον,
554 4104 634 4159 ἔτι
661 4104 740 4176 τῷ
769 4104 977 4177 φίλτρῳ
1010 4104 1225 4169 ζέουσα,
1268 4105 1594 4178 κατελείφθη
1629 4108 1789 4178 μόνη,

212 4198 326 4252 τῶν
370 4198 696 4270 πειρασμῶν
732 4198 825 4252 τὸν
876 4197 1113 4269 ἀθλητὴν
1158 4198 1250 4251 ἐπὶ
1281 4199 1407 4262 τοὺς
1442 4199 1657 4267 ἀγῶνας
1693 4218 1792 4253 κα-

216 4288 472 4343 λούντων.
513 4288 622 4342 Καὶ
650 4290 678 4343 6
706 4288 803 4358 μὲν
841 4287 1053 4359 ὲνήθλει
1084 4290 1195 4350 τοῖς
1226 4288 1363 4359 ὑπὲρ
1391 4289 1490 4358 τῆς
1513 4289 1791 4353 εὐσεϐείας

1885 3116 2029 3175 tem;
2066 3105 2199 3159 vidit
2230 3104 2461 3174 gratiam
2496 3102 2655 3156 labiis
2690 3095 3121 3161 circumfusam;
3164 3091 3332 3148 animi
3362 3090 3464 3147 de-

1886 3196 2168 3252 missionis
2197 3208 2469 3250 summum
2510 3191 2780 3263 gradum;
2834 3195 2959 3258 post
3010 3202 3171 3258 quem
3224 3183 3463 3253 amplius

1887 3288 2182 3358 quidquam
2222 3283 2451 3355 cogitari
2507 3297 2615 3337 non
2648 3289 2868 3352 potest:
2920 3277 3055 3333 vidit
3084 3272 3463 3332 mansuetudi-

1888 3393 2010 3433 nem
2038 3388 2202 3444 atque
2233 3372 2601 3436 clementiam,
2633 3371 2813 3442 qualis
2836 3371 2891 3425 in
2922 3368 3125 3424 Davide
3159 3366 3294 3421 fuit:
3327 3380 3466 3436 qua-

1889 3469 1957 3523 lis
1982 3469 2037 3523 in
2079 3466 2394 3529 Solomone,
2434 3464 2846 3536 intelligentiam
2879 3472 3042 3533 atque
3077 3459 3460 3531 prudentiam;

1887 3559 2065 3630 qualis
2119 3560 2175 3614 in
2207 3557 2409 3629 Moyse,
2462 3556 2797 3621 bonitatem;
2847 3554 3028 3625 qualis
3082 3552 3139 3606 in
3187 3548 3461 3610 Samuele,

1888 3652 2315 3723 perfectionem;
2377 3648 2559 3721 qualis
2624 3648 2680 3702 in
2741 3645 3002 3716 Josepho.
3062 3640 3461 3701 continentiam

1889 3743 2355 3814 pudicitiamque;
2418 3739 2599 3812 qualis
2673 3740 2729 3794 in
2786 3737 3026 3801 Daniele,
3097 3733 3463 3804 sapientiam;

1890 3834 2347 3908 quemadmodum
2376 3847 2609 3903 magnus
2640 3828 2809 3893 Elias,
2840 3827 2957 3883 zelo
2984 3825 3106 3881 ﬁdei
3136 3824 3461 3897 praeditum;

1887 3926 2049 3982 sicuti
2080 3925 2332 3982 sublimis
2359 3923 2625 3986 Joannes,
2660 3919 2974 3991 integritate
3015 3916 3265 3987 corporis
3295 3928 3465 3970 orna-

1891 4026 2038 4083 tum;
2100 4016 2261 4073 sicuti
2297 4014 2503 4070 Paulus
2539 4010 2964 4080 inexsuperabili
2998 4008 3286 4081 praeditum
3323 4005 3464 4060 dile-

1890 4108 2092 4162 ctione.
2153 4103 2306 4159 Vidit
2356 4111 2437 4159 tot
2489 4104 2759 4159 bonorum
2804 4103 2952 4154 circa
3002 4112 3167 4152 unam
3225 4096 3462 4148 animam

1890 4212 2221 4254 concursum
2251 4213 2264 4249 :
2288 4210 2476 4250 amore
2502 4195 2662 4249 beato
2688 4191 2968 4246 vulnerata
2990 4197 3095 4251 est,
3123 4195 3276 4241 casto
3301 4187 3467 4241 bono-

1891 4305 1996 4360 que
2020 4303 2282 4360 sponsum
2309 4302 2469 4343 suum
2502 4298 2687 4339 amore
2713 4290 2878 4350 atque
2922 4277 3297 4334 benevolentia
3336 4289 3464 4344 pro.

220 4380 469 4451 ἱδρῶσιν·
512 4382 545 4451 ἡ
591 4380 648 4433 δὲ
695 4378 962 4449 ὑπέμενεν
1007 4380 1065 4432 ὲν
1112 4378 1431 4452 σωφροσύνῃ
1481 4380 1572 4433 τὸν
1614 4380 1788 4451 γάμον

1894 4386 2082 4436 secuta
2129 4379 2361 4433 dilexit.
2435 4374 2543 4430 Sed
2597 4371 2914 4444 priusquam
2960 4369 3311 4438 cupiditatem
3365 4383 3464 4421 ex-

218 4470 580 4541 φυλάττουσα.
608 4471 811 4542 Χρόνος
838 4464 907 4540 ἦν
934 4472 989 4523 ἐν
1031 4469 1180 4539 μέσῳ
1211 4470 1396 4534 πολὺς,
1441 4471 1534 4523 καί
1558 4488 1642 4534 τις
1674 4489 1792 4542 μοι·

217 4560 389 4632 χικῶς
433 4558 811 4630 κατεπεχείρει
855 4558 953 4628 τῆς
982 4557 1251 4628 ἁχράντου
1300 4558 1586 4623 παστάδος.
1651 4559 1790 4613 Ἀλλ’

218 4653 255 4723 ἡ
292 4651 478 4723 νύμφη
525 4651 626 4703 οὐκ
658 4650 962 4720 ἐμιαίνετο,
1002 4650 1092 4702 καὶ
1138 4650 1299 4703 πάλιν
1357 4651 1647 4714 ἐπάνοδος,
1698 4651 1794 4705 καὶ

220 4743 385 4796 πάλιν
431 4742 612 4813 φυγή·
645 4741 740 4795 καὶ
778 4743 841 4795 ἐκ
879 4740 1060 4813 τρίτου
1098 4740 1386 4805 ὡσαύτως,
1416 4741 1520 4805 ἕως
1559 4741 1792 4813 διασχὼν

218 4835 316 4890 τὸν
348 4835 618 4908 αἱρετικὸν
671 4833 830 4903 ζόφον
868 4836 896 4887 6
943 4832 1172 4905 Κύριος,
1219 4835 1311 4887 καὶ
1350 4833 1447 4906 τὴν
1476 4833 1669 4888 ἀκτῖνα
1694 4834 1792 4906 τῆς

218 4929 444 4999 είρήνης
485 4926 776 4990 ἔπιὸαλὼν,
810 4924 1007 4978 ἔδωκεν
1054 4923 1356 4978 ἀνάπαυσίν
1393 4940 1513 4977 τινα
1546 4925 1655 4977 τῶν
1690 4942 1794 4995 μα-

217 5019 375 5091 κρῶν
414 5019 589 5073 πόνων
623 5017 861 5081 ἐλπίζειν
884 5032 897 5046 ·
939 5015 1052 5069 ἀλλ’
1080 5014 1265 5085 ἐπειδὴ
1288 5015 1446 5068 πάλιν
1472 5011 1608 5070 εἶδον
1634 5016 1794 5087 ἀλλή-

214 5110 370 5175 λους,
407 5110 500 5165 καὶ
545 5108 817 5180 ἀνενεώθη
850 5108 918 5162 τὰ
960 5109 1056 5179 τῆς
1092 5107 1473 5179 σωφροσύνης,
1501 5108 1593 5161 καὶ
1619 5107 1793 5180 θυμη-

212 5201 330 5255 δίαι
385 5198 776 5270 πνευματικαί·
833 5199 927 5252 καὶ
969 5197 1129 5251 πάλιν
1173 5195 1477 5266 ἀνεφλέχθη
1521 5197 1550 5248 6
1594 5196 1790 5260 πόθος·

214 5292 385 5355 εὐθὺς
416 5291 694 5345 διακόπτει
725 5290 824 5361 τὴν
862 5289 1157 5345 ἀπόλαυσιν
1186 5289 1219 5360 ἡ
1248 5290 1448 5360 ὲσχάτη
1479 5288 1615 5360 αῦτη
1658 5288 1792 5342 ἀπο-

213 5382 283 5452 δη
292 5381 414 5453 μία.

1895 4471 2088 4542 pleret,
2140 4482 2431 4540 antequam
2477 4466 2812 4523 desiderium
2857 4470 3129 4519 recrearet
3169 4470 3333 4529 atque
3378 4475 3466 4514 se-

1893 4564 2072 4627 daret,
2100 4562 2264 4617 etiam
2298 4576 2444 4616 nunc
2471 4559 2676 4614 amoris
2707 4558 2760 4613 vi
2802 4556 3036 4622 fervens,
3072 4550 3465 4607 tentationibus

1894 4655 2153 4709 athletam
2185 4650 2252 4706 ad
2284 4652 2582 4708 certamina
2614 4649 2953 4711 vocantibus,
3001 4644 3115 4703 sola
3146 4642 3331 4699 relicta
3358 4649 3461 4696 est.

1894 4747 2071 4816 Atque
2098 4745 2187 4799 ille
2215 4743 2432 4815 quidem
2458 4744 2512 4797 in
2537 4740 2929 4797 certaminibus
2948 4753 3046 4810 pro
3065 4737 3265 4808 pietate
3281 4746 3469 4789 susce-

1899 4839 2005 4908 ptis
2060 4835 2395 4901 desudabat;
2465 4833 2580 4888 bzec
2631 4846 2759 4888 vero
2810 4830 3040 4884 durabat
3103 4827 3158 4881 in
3214 4823 3468 4880 castitate

1899 4926 2308 4983 matrimonium
2363 4938 2716 4979 conservans.
2757 4920 2875 4975 Jam
2930 4918 3158 4972 multum
3205 4916 3466 4986 temporis

1898 5019 2309 5079 intercesserat,
2347 5029 2471 5069 cum
2523 5011 2746 5082 quidam
2775 5005 3113 5064 adulterandi
3155 5007 3337 5061 animo
3366 5006 3468 5060 im-

1900 5110 2231 5164 maculatum
2305 5106 2504 5160 lectum
2562 5101 2901 5172 conjugalcm
2960 5097 3293 5170 aggreditur.
3359 5093 3467 5151 Sed

1901 5213 2102 5269 sponsa
2132 5212 2243 5252 non
2275 5201 2491 5266 poterat
2523 5192 2822 5263 corrumpi,
2856 5205 2921 5246 ac
2948 5189 3127 5245 denuo
3157 5188 3384 5252 reditus,
3414 5193 3470 5242 et

1898 5303 2094 5345 rursus
2138 5287 2425 5343 exsilium:
2467 5283 2631 5355 idque
2659 5283 2881 5339 tertium
2912 5279 3132 5341 accidit.
3156 5279 3329 5335 donec
3358 5276 3470 5331 ba:-

1896 5380 2065 5435 retica
2094 5377 2325 5450 caligine
2351 5376 2601 5432 discussa
2625 5372 2910 5437 Dominus,
2935 5380 2989 5426 et
3016 5370 3169 5426 radio
3192 5368 3344 5442 pacis
3373 5366 3471 5423 ad-

213 5483 396 5538 moto,
434 5474 697 5546 requietis
728 5474 1014 5544 aliquama
1038 5473 1315 5530 diuturnis
1343 5473 1620 5531 laboribus
1645 5489 1794 5545 spem
1829 5474 1991 5541 fecit;
2049 5472 2142 5529 sed
2177 5480 2530 5544 posteaquam
2566 5485 2625 5526 se
2655 5477 2846 5524 mutuo
2876 5482 3069 5523 rursus
3100 5465 3377 5528 viderunt,
3414 5471 3470 5517 et

219 5577 421 5622 castus
443 5582 595 5623 amor
625 5568 1053 5637 spiritualesque
1102 5568 1269 5622 animi
1299 5567 1698 5623 oblectationes
1731 5575 2003 5623 renovata:
2060 5573 2212 5627 sunt,
2271 5578 2335 5619 ac
2385 5577 2582 5618 rursus
2644 5560 2979 5617 desiderium
3032 5570 3321 5615 accensum
3362 5564 3468 5620 cst,

221 5664 414 5723 statim
447 5664 850 5735 perceptionem
879 5663 1176 5734 voluptatis
1200 5661 1314 5718 lucc
1346 5662 1530 5719 ultima
1566 5661 1926 5734 peregrinatio
1956 5658 2161 5717 dirimit
2187 5666 2238 5712 ct
2270 5654 2637 5724 interrumpit.
