3918 6204
472 286 596 346 ’859

563 403 726 458 Venit
754 412 814 458 ut
842 417 938 457 vos
981 411 1240 469 tanquam
1287 413 1547 469 sponsam
1585 406 1830 464 ornaret,
1880 407 1934 453 et
1964 414 2069 452 nu-
2097 399 2150 458 Α

491 497 639 570 ptias
673 497 988 556 instrueret,
1023 508 1123 548 nec
1168 493 1218 546 id
1248 490 1451 548 frustra
1498 489 1764 560 suscepit.
1798 489 2072 546 Praeclare

495 586 756 656 couijugio
789 583 1188 638 benedictionis
1214 595 1450 635 coronas
1485 580 1747 650 imposuit
1774 597 1790 646 ;
1828 579 2098 662 imitatus.

496 692 580 735 est
622 679 934 740 Dominum,
989 685 1049 730 ut
1085 675 1139 729 in
1183 673 1331 728 Cana
1373 673 1610 728 Galilzea:
1656 673 1941 737 Dominus,
1997 674 2072 728 ita

497 773 662 825 etiam
705 770 794 824 hic
829 769 1068 823 imitator
1101 767 1330 821 Christi.
1378 763 1636 819 Judaicas
1667 764 1812 818 enim
1854 763 2074 835 hydrias

499 860 755 917 haeretica
786 874 925 928 aqua
956 858 1213 928 repletas,
1260 857 1464 911 virtute
1495 854 1618 910 fidei
1653 855 1939 908 immutata
1973 869 2073 908 na-

499 959 646 1016 tura,
677 951 787 1005 vini
833 952 1030 1021 integri
1071 958 1125 1004 et
1160 947 1465 1017 incorrupti
1511 947 1700 1017 plenas
1740 945 1886 1001 fecit.
1922 945 2077 1016 Saepe

501 1045 648 1099 dulci
689 1059 790 1100 sua
827 1059 963 1096 voce
1007 1042 1230 1110 largiter
1274 1039 1442 1094 aﬂ‘usa
1485 1039 1681 1110 gratia,
1737 1037 1981 1093 sobrium
2019 1037 2074 1090 in

499 1135 656 1191 vobis
701 1141 915 1190 cratera
969 1133 1197 1196 statuit;
1268 1145 1644 1200 saepenumero
1691 1131 1846 1186 vobis
1896 1131 2076 1186 omnis

502 1226 716 1298 generis
755 1224 1104 1278 rationalium
1145 1223 1394 1277 ciborum
1435 1222 1656 1292 epulum
1704 1223 1951 1292 praebuit.
1984 1221 2078 1278 Ille

503 1316 720 1383 quidem
765 1314 1139 1370 benedicendo
1189 1314 1432 1382 pr:eibat,
1473 1314 1715 1384 przcclari
1749 1323 1928 1368 autem
1986 1314 2075 1369 isti

502 1407 756 1475 discipuli
800 1421 1111 1461 sermonem
1159 1405 1466 1458 minutatim
1520 1417 1854 1473 exponentes
1903 1405 2078 1462 turbis

503 1500 918 1554 ministrabant.
951 1499 1028 1554 Ac
1056 1515 1154 1554 nos
1205 1498 1474 1562 lmtamur,
1521 1498 1736 1566 generis
1765 1499 1931 1552 vestri
1965 1499 2079 1568 glo-

501 1587 638 1641 riam
672 1588 946 1656 propriam
977 1589 1258 1642 ducentes.
1290 1586 1464 1653 Quam
1503 1588 1778 1657 praeclara:
1809 1587 2075 1642 hactenus

501 1680 868 1744 narrationes,
915 1695 1078 1749 quam
1130 1680 1348 1734 beatum
1387 1687 1440 1732 et
1481 1678 1779 1748 optandum
1825 1689 1969 1734 esset
2019 1680 2072 1732 in

501 1769 588 1823 his
635 1771 884 1825 desinere
935 1779 1099 1839 atque
1137 1771 1279 1824 finiri
1333 1771 1688 1825 sermonem!
1745 1769 1850 1825 Sed
1889 1781 2075 1840 postca

500 1860 676 1929 quid?
715 1859 906 1914 Vocate
935 1861 1350 1926 lamentatrices,
1387 1862 1565 1932 inquit
1591 1859 1856 1916 Jercmias
1882 1864 1920 1914 '.
1958 1860 2076 1917 Non

501 1951 644 2004 enim
675 1953 834 2007 aliter
865 1966 960 2006 eor
991 1953 1191 2007 ardens
1225 1967 1288 2006 ac
1319 1968 1428 2022 prae
1459 1953 1648 2007 dolore
1677 1953 2074 2016 intumescens,

498 2039 656 2092 leniri
685 2055 745 2092 ac
781 2040 1014 2110 mitigari
1048 2048 1249 2109 potest,
1283 2042 1386 2095 nisi
1419 2042 1713 2111 gemitibus
1737 2053 1792 2095 et
1817 2041 2078 2112 lacrymis

501 2131 830 2184 sublevetur.
865 2130 1019 2186 Tunc
1056 2131 1452 2188 discessionem
1482 2148 1608 2202 spes
1641 2133 1850 2189 reditus
1880 2149 2080 2188 conso-

501 2223 748 2276 labatur:
788 2237 932 2276 nunc
965 2232 1204 2277 extrema
1232 2239 1260 2275 a
1289 2223 1448 2278 nobis
1474 2225 1818 2279 discessione
1853 2225 2078 2282 avulsus

501 2322 604 2367 est.
636 2313 864 2384 Magnus
905 2314 1088 2368 hiatus
1128 2314 1272 2368 inter
1305 2330 1430 2382 eum
1462 2324 1514 2368 et
1549 2314 1848 2369 Ecclesiam
1884 2317 1939 2369 in
1966 2331 2080 2370 me-

501 2406 595 2460 dio
620 2405 864 2460 firmatus
895 2415 996 2461 est.
1031 2405 1121 2459 Ille
1143 2405 1362 2474 quidem
1389 2407 1442 2458 in
1469 2406 1590 2460 sinu
1619 2404 1850 2460 Abrahae
1872 2409 2082 2476 requie-

503 2495 642 2560 scit;
677 2505 730 2546 at
759 2495 849 2564 qui
886 2503 1093 2566 guttam
1131 2510 1306 2562 aquae,
1337 2509 1441 2564 qua
1474 2509 1686 2557 eorum,
1713 2495 1804 2564 qui
1831 2497 2081 2549 crucian-

505 2593 610 2648 tur,
655 2586 836 2655 lingua
874 2585 1248 2654 refrigeretur,
1307 2592 1660 2655 transportct,
1713 2601 1818 2639 non
1847 2594 1948 2642 est.
1979 2586 2079 2642 Pe-

503 2679 594 2730 riit
626 2677 713 2730 ille
733 2678 918 2740 decor,
951 2677 1074 2732 silet
1099 2693 1225 2740 vox,
1257 2677 1476 2732 occlusa
1501 2685 1632 2732 sunt
1659 2676 1820 2738 labia,
1847 2677 2080 2731 avolavit

503 2768 698 2838 gratia.
734 2766 806 2822 Ut
846 2769 923 2822 rei
963 2772 1250 2836 prmteritaa
1288 2770 1555 2832 narratio,
1600 2769 1830 2824 felicitas
1881 2771 2076 2825 evasit.

502 2858 788 2916 Molestum
821 2870 941 2914 crat
965 2861 1093 2913 olim
1125 2862 1288 2915 etiam
1335 2859 1637 2914 Israelitico
1668 2861 1888 2929 populo,
1933 2861 2077 2932 quod

501 2949 649 3004 Elias
682 2966 711 3003 a
752 2958 896 3005 terra
941 2951 1006 3004 ad
1036 2950 1202 3005 Deum
1243 2951 1576 3005 subvotaret.
1619 2951 1722 3004 Sed
1769 2951 2074 3006 discessum

1720 279 1780 334 S.
1817 273 2146 333 GREGORII
2179 269 2474 332 NYSSENI

3633 262 3733 318 860

2243 391 2414 448 *Ηλθε
2445 387 2882 462 νυμφοστολίσων
2917 385 3059 456 ὑμᾶς
3078 423 3093 448 ,
3121 381 3218 436 καὶ
3257 379 3320 432 οὐ
3352 377 3616 448 διήμαρτε
3645 374 3730 430 τοῦ

2177 486 2624 556 σπουδάσματοςυ
2672 479 2911 549 ἐπέθηκε
2947 479 3013 546 τῇ
3060 472 3198 544 καλῇ
3231 467 3466 536 συζυγίᾳ
3500 467 3624 528 τυῦς
3647 467 3736 535 τῆς

2175 555 2433 645 εὐλογίας
2447 573 2741 643 στεφάνους
2759 586 2774 600 ο
2806 568 3114 640 ἐμιμήσατο
3135 563 3226 618 τὸν
3246 559 3529 626 Δεσπότην
3549 573 3562 585 ·
3591 555 3664 619 ὡς
3683 557 3734 608 ὲν

2177 669 2333 723 Κανᾶ
2360 668 2459 738 τῆς
2486 663 2774 727 Γαλιλαίας
2811 663 2840 716 ὁ
2881 658 3105 730 Κύριος,
3141 653 3314 715 οὕτως
3344 650 3440 704 καὶ
3464 647 3734 701 ἐνταῦθαό

2179 760 2419 832 μιμητὴς
2452 757 2548 812 τοῦ
2602 753 2860 828 Χριστοῦ.
2904 752 3018 815 Τὰς
3052 749 3161 818 γὰρ
3213 742 3510 805 Ἰουδαῖκάς
3565 741 3735 832 ὑδρίας

2173 831 2267 902 τοῦ
2307 845 2584 919 αἱρετικοῦ
2631 845 2823 908 ὓδατος
2871 836 3338 910 πεπληρωμένας,
3395 833 3626 902 πλήρεις
3655 831 3734 883 τοῦ

2173 939 2450 1012 ἀκηράτου
2479 939 2620 992 οἴνου
2643 937 2919 1008 ἐποίησεν,
2951 935 3010 987 ὲν
3033 935 3099 1002 τῇ
3124 928 3350 998 δυνάμει
3380 929 3477 996 τῆς
3508 923 3736 986 πίστεως

2179 1033 2548 1102 μεταποιήσας
2581 1029 2678 1100 τὴν
2729 1027 2910 1098 φύσιν.
2938 1027 3203 1092 Ἔστησεν
3230 1022 3288 1073 ὲν
3325 1019 3452 1088 ὑμῖν
3487 1014 3735 1077 πολλάκις

2176 1124 2429 1196 κρατῆρα
2468 1121 2750 1193 νηφάλιον,
2791 1121 2858 1191 τῇ
2881 1115 3109 1187 γλυκείᾳ
3141 1110 3306 1166 αὑτοῦ
3336 1111 3488 1178 φωνῇ
3514 1104 3736 1174 δαψιλῶς

2175 1219 2488 1288 οίνοχοήσας
2537 1215 2636 1285 τὴν
2686 1211 2880 1284 χάρινο
2935 1206 3194 1268 πολλάκις
3250 1203 3380 1272 ὑμῖν
3412 1196 3738 1270 προεθήκατο

2174 1311 2272 1381 τὴν
2300 1309 2523 1378 λογικὴν
2554 1303 2894 1359 πανδαισίαν.
2939 1301 2997 1352 ’0
3031 1297 3130 1368 μὲν
3153 1291 3393 1360 εὐλογῶν
3421 1289 3735 1358 καθηγεῖτο’

2175 1378 2240 1454 δι’
2254 1401 2310 1454 δὲ
2337 1400 2494 1454 καλοὶ
2529 1391 2674 1452 οὗτοι
2709 1392 2964 1466 μαθηταὶ,
2997 1387 3278 1460 διηκόνουν
3302 1385 3415 1446 τοῖς
3442 1381 3626 1451 ὄχλοις
3649 1395 3738 1449 μυ-

2178 1491 2516 1554 θοποιοῦντες
2544 1491 2634 1543 τὸν
2661 1488 2839 1556 λόγον.
2865 1485 2975 1538 Καὶ
3005 1483 3162 1554 ἡμεῖς
3193 1473 3620 1548 εὐφραινόμεθα,
3650 1472 3736 1540 τὴν

2177 1583 2269 1638 τοῦ
2325 1583 2513 1652 γένους
2562 1581 2715 1650 ὑμῶν
2777 1575 2957 1642 δόξαν,
3001 1571 3208 1626 οἰκείαν
3262 1565 3602 1636 ποιούμενοι.
3661 1562 3737 1652 ’ρς

2181 1646 2523 1744 καλὰνμὲχρι
2562 1646 2748 1723 τούτου
2779 1668 2847 1722 τὰ
2881 1664 3227 1734 διηγήματα·
3262 1657 3338 1720 ὡς
3372 1654 3644 1726 μακάριον
3682 1646 3738 1721 ἦν

2178 1767 2386 1829 τούτοις
2415 1763 2740 1828 ἐναπολῆξαι
2762 1759 2852 1815 τὸν
2879 1759 3061 1826 λόγον.
3097 1751 3256 1806 Ἀλλὰ
3291 1747 3433 1820 μετὰ
3463 1744 3638 1798 ταῦτα
3661 1744 3734 1807 τί;

2179 1858 2485 1914 Καλέσατε
2509 1857 2617 1920 τὰς
2644 1839 3009 1923 θρηνούσας,
3058 1848 3086 1900 ὁ
3123 1839 3394 1914 Ἱερεμίας
3432 1835 3621 1908 φησίν.
3671 1835 3732 1888 0-5

2177 1951 2287 2022 γὰρ
2314 1949 2462 2002 ἔστιν
2493 1945 2666 2009 ἄλλως
2701 1941 3038 2014 φλεγομένην
3061 1934 3286 2008 καρδίαν
3313 1927 3733 2022 καταπεφθῆναι,

2178 2020 2282 2098 ὐπδ
2331 2041 2423 2096 τοῦ
2481 2039 2686 2100 πάθους
2741 2035 3107 2092 οίδαίνουσαν,
3166 2027 3240 2098 μὴ
3289 2023 3612 2092 στεναγμοῖς
3657 2020 3736 2072 καὶ

2177 2131 2431 2205 δακρύοις
2458 2125 2876 2199 κουφιζομένην.
2911 2122 3046 2176 Τότε
3075 2113 3445 2205 παρεμυθεῖτο
3468 2111 3561 2205 τὸν
3587 2126 3732 2178 χωρι-

2181 2202 2314 2295 σμὸν
2364 2225 2398 2295 ή
2439 2222 2540 2292 τῆς
2584 2217 2843 2273 ἐπανόδου
2890 2213 3070 2276 ἑλπίςο
3125 2209 3220 2264 νῦν
3274 2206 3330 2260 δὲ
3375 2204 3470 2256 τὸν
3522 2202 3729 2295 ἔσχατον

2179 2293 2336 2389 ἡμῶν
2387 2293 2666 2387 χωρισμὸν
2709 2305 3034 2377 ἁπεσχίσθη.
3094 2303 3294 2389 Χάσμα
3353 2296 3500 2389 μέγα
3537 2293 3734 2389 ,μεταξὺ

2179 2384 2342 2462 αύτοῦ
2464 2384 2558 2458 καὶ
2587 2402 2686 2472 τῆς
2717 2395 3039 2467 Ἐκκλησίας
3074 2390 3216 2446 κατὰ
3242 2388 3304 2442 τὸ
3337 2386 3502 2457 μέσον
3535 2384 3737 2452 ἐστήριο

2179 2516 2304 2554 κται
2327 2516 2342 2530 ·
2377 2499 2404 2550 ό
2437 2495 2534 2568 μὲν
2568 2497 2626 2548 ὲν
2669 2495 2780 2555 τοῖς
2810 2491 3031 2550 κόλποις
3058 2483 3152 2538 τοῦ
3194 2478 3447 2568 Ἀϐραὰμ
3478 2473 3735 2568 ἀναπαύε-

2177 2608 2298 2646 ται’
2332 2592 2360 2643 ὁ
2389 2565 2448 2642 δέ
2477 2585 2806 2656 διακομίζων
2847 2581 2948 2652 τήν
2998 2576 3232 2645 σταγόνα
3274 2567 3368 2626 τοῦ
3416 2569 3624 2628 ὕδατος,
3659 2565 3737 2616 ἵνα

2179 2681 2463 2752 καταψύξῃ
2492 2679 2597 2732 τῶν
2635 2673 2986 2745 ὀδυνωμένιον
3017 2671 3116 2740 τὴν
3145 2666 3419 2736 γλῶσσαν,
3457 2667 3556 2719 οὐκ
3584 2666 3739 2716 ἔστιν.

2179 2777 2395 2846 Οἲχεται
2423 2773 2482 2826 τὸ
2519 2769 2713 2832 κάλλος
2755 2767 2949 2829 ἐκεῖνο,
2990 2763 3116 2832 σιγᾷ
3150 2763 3183 2830 ἡ
3217 2761 3402 2830 φωνή·
3445 2760 3654 2828 μέμυκε
3683 2757 3743 2807 τὰ

2185 2868 2334 2938 χείλη
2354 2906 2368 2928 ,
2410 2863 2629 2932 ἁπέπτη
2657 2863 2689 2929 ἡ
2719 2861 2896 2930 χάρις.
2947 2856 3200 2923 Διήγημα
3235 2851 3462 2918 γέγονεν
3494 2853 3526 2918 ή
3556 2848 3745 2938 εύκλη·

2184 2937 2292 3030 ρία.
2328 2937 2560 3010 Ἒλύπει
2592 2951 2719 3005 ποτε
2749 2948 2842 3002 καὶ
2881 2946 2972 2999 τὸν
3025 2941 3364 3011 Ἰσραηλίτην
3400 2939 3526 2991 λαὸν
3571 2937 3744 2997 Ἠλίας

503 3041 736 3104 Eliseus,
767 3043 1008 3112 magistri
1044 3043 1208 3112 pallio
1241 3043 1470 3112 pellieeo
1495 3052 1722 3098 ornatus
1751 3045 2074 3097 consolaba-

2181 3029 2286 3104 απὸ
2321 3048 2426 3117 γῆς
2478 3045 2618 3114 πρὸς
2663 3041 2793 3095 Θεὸν
2845 3035 3228 3104 ἀνιπτάμενος.
3301 3029 3460 3084 Ἀλλὰ
3508 3046 3750 3100 παρεμυο

501 3141 612 3187 tur.
675 3133 830 3187 Nunc
877 3149 1010 3188 vero
1052 3135 1251 3188 vulnus
1309 3143 1530 3204 superat
1587 3143 1761 3187 artem
1811 3136 2072 3191 em'andi:

503 3226 760 3296 quoniam
789 3233 841 3280 et
873 3225 1016 3282 Elias
1043 3235 1386 3296 assumptus,
1416 3235 1470 3281 et
1498 3226 1710 3282 Eliscus
1747 3243 1854 3280 non
1882 3237 1966 3282 est
1993 3244 2077 3282 re-

501 3321 684 3374 lictus.
717 3319 913 3374 Audite
952 3335 1019 3374 ex
1049 3316 1282 3373 Jeremia
1319 3319 1504 3374 tristes
1550 3334 1613 3372 ac
1677 3319 1881 3374 flebiles
1911 3337 2079 3390 quas-

501 3409 628 3464 dam
658 3425 838 3471 voces,
871 3410 1073 3480 quibus
1103 3421 1158 3465 ut
1195 3409 1464 3464 desertam
1502 3409 1690 3464 urbem
1721 3391 2080 3482 Jerosolymi-

502 3509 756 3556 tanorum
821 3499 1091 3572 deplorat,
1162 3503 1255 3573 qui
1309 3520 1433 3557 cum
1494 3503 1596 3556 alia
1647 3502 1894 3572 quaedam
1955 3519 2078 3557 cum

503 3593 984 3648 commiseratione
1037 3593 1372 3662 pronuntiat,
1423 3604 1536 3647 tum
1583 3594 1725 3646 hoc:
1777 3591 1888 3646 Via:
1925 3592 2078 3657 Sion,

507 3681 742 3752 inquit’,
775 3683 968 3752 lugent.
1001 3681 1124 3737 llaec
1153 3691 1282 3737 tunc
1303 3683 1517 3752 quidem
1543 3681 1709 3744 dicta,
1733 3697 1875 3734 nunc.
1899 3691 2080 3735 autem

507 3773 734 3843 impleta
762 3781 910 3828 sunt.
946 3773 1077 3827 Nam
1121 3775 1213 3829 ubi
1261 3773 1404 3827 fama
1436 3773 1760 3828 calamitatis
1802 3753 2082 3844 divulgata

507 3862 692 3928 fuerit,
745 3873 872 3918 tunc
908 3865 1005 3918 via?
1043 3875 1097 3919 et
1127 3867 1300 3936 plenae
1345 3865 1642 3936 lugentium
1681 3873 1863 3929 erunt,
1909 3873 1963 3920 et
2001 3866 2083 3918 cf-

507 3951 807 4007 fundentur
847 3955 939 4024 qui
991 3960 1056 4009 ab
1095 3972 1161 4010 eo
1195 3959 1576 4028 pascebantur,
1625 3955 1990 4010 Ninivitarum
2027 3956 2080 4010 in

509 4045 821 4099 calamitate
867 4061 1051 4100 vocezn
1090 4048 1404 4102 imitantes:
1439 4050 1546 4103 imo
1578 4064 1706 4102 vero
1739 4049 1904 4102 etiam
1959 4061 2082 4116 gra-

507 4135 630 4189 vius
657 4146 711 4190 ct
741 4137 989 4191 acerbius
1044 4153 1206 4207 quam
1243 4139 1318 4191 illi
1362 4137 1630 4193 dolentes.
1672 4139 1803 4192 Nam
1860 4139 2080 4194 illorum

508 4229 728 4298 quidem
758 4231 1074 4286 lamentatio
1107 4242 1308 4286 metum
1346 4233 1545 4298 solvit;
1579 4232 1665 4286 his
1711 4248 1840 4286 vero
1872 4233 2082 4286 nullum

507 4321 812 4376 remedium
864 4325 1132 4379 malorum
1168 4325 1237 4378 ab
1283 4324 1772 4380 lamentationibus
1803 4334 2079 4396 speratur.

2182 3142 2324 3194 θεῖτο
2355 3139 2447 3220 ξὺν
2491 3132 2769 3208 χωρισμὸν
2829 3127 3148 3188 Ἐλισσαῖος,
3201 3122 3518 3220 τῇᾂμηλωτῇ
3545 3119 3644 3220 τού
3677 3119 3750 3220 διο

2177 3211 2446 3288 δασκάλῖου
2495 3225 2886 3296 κοσμούμενος.
2949 3218 3081 3272 Νυνὶ
3133 3216 3190 3269 δὲ
3245 3214 3306 3268 τὸ
3357 3213 3576 3284 τραῦμα
3621 3211 3753 3279 ὑπὲρ

2177 3321 2470 3394 θεραπείαν
2527 3318 2706 3372 ἐστίν·
2753 3317 2833 3368 ὅτι
2895 3311 2988 3365 καὶ⁸
3051 3309 3236 3369 Ἠλίας
3300 3303 3612 3372 ἀνελήφθη,
3665 3303 3756 3354 καὶ

2190 3415 2492 3475 Ἐλισσαῖος
2514 3411 2612 3480 οὐχ
2643 3405 2962 3476 ὑπελείφθη.
3005 3401 3306 3456 Ἠκούσατε
3346 3396 3438 3452 τοῦ
3489 3395 3760 3466 Ἰερεμίου

2179 3508 2362 3576 φωνάς
2391 3521 2544 3566 τινας
2578 3499 2903 3570 σκυθρωπᾶς
2933 3496 3025 3550 καὶ
3056 3492 3296 3563 γοὼδεις,
3337 3489 3402 3552 ἃς
3429 3489 3505 3552 ὡς
3532 3489 3760 3558 ἐρημωο

2183 3574 2369 3651 θεῖσαν
2413 3596 2512 3666 τὴν
2546 3593 2700 3647 πόλιν
2736 3585 3176 3661 Ἱεροσολυμιτῶν
3219 3581 3662 3651 κατεθρήνησενο
3703 3574 3762 3639 ὃς

2181 3690 2315 3744 ἄλλα
2336 3670 2393 3742 τέ
2427 3705 2548 3742 τινα
2587 3682 2900 3757 περιπαθῶς
2928 3676 3199 3748 διεξῆλθεν
3235 3675 3328 3728 καὶ
3364 3671 3519 3727 τοῦτό
3549 3684 3726 3740 φησιν
3748 3687 3762 3698 ο

2193 3779 2349 3834 Ὀδοὶ
2398 3775 2548 3832 Σιὼν
2594 3772 2939 3829 πενθοῦσιν.
2983 3767 3166 3822 Ταῦτα
3210 3764 3329 3817 τότε
3379 3763 3476 3832 μὲν
3517 3761 3764 3829 εἴρηται,

2181 3871 2274 3924 νῦν
2297 3870 2353 3922 δὲ
2397 3867 2771 3939 πεπλήρωται.
2806 3863 2975 3915 Ὅταν
2996 3858 3104 3929 γὰρ
3130 3853 3498 3928 περιαγγελθῇ
3525 3851 3626 3904 τοῦ
3659 3851 3770 3902 πα.

2183 3963 2308 4026 θους
2335 3964 2368 4032 ἡ
2393 3961 2570 4031 φήμη,
2603 3958 2723 4011 τότε
2757 3955 2983 4026 πλήρεις
3013 3951 3222 4004 ἔσονται
3264 3949 3320 4002 αἱ
3346 3946 3452 4000 ὁδοὶ
3483 3943 3598 3997 τῶν
3631 3961 3767 3997 πενι-

2183 4054 2436 4112 θούντων,
2489 4050 2580 4103 καὶ
2628 4045 3055 4119 προχεθήσονται
3098 4041 3148 4094 οἱ
3176 4039 3268 4092 ὑπ’
3310 4035 3486 4090 αὐτῶν
3524 4051 3770 4104 ποιμαι-

2183 4147 2426 4218 νόμενοι,
2457 4142 2555 4212 τὴν
2583 4139 2692 4193 τῶν
2735 4135 3032 4192 Νινευῖτῶν
3063 4132 3247 4203 φωνὴν
3283 4129 3369 4182 ἐπὶ
3399 4125 3488 4178 τοῦ
3536 4125 3771 4188 πάθους

2187 4236 2509 4311 μιμούμενοι
2533 4249 2546 4264 ’
2588 4231 2788 4302 μᾶλλον
2823 4229 2880 4282 δὲ
2915 4225 3184 4280 κάκείνων
3226 4219 3597 4311 ἀλγεινότερον
3640 4218 3771 4271 68o-

2185 4306 2434 4401 vtbpevm.
2469 4326 2593 4386 Τοῖς
2629 4323 2727 4392 μὲν
2759 4319 2867 4390 γὰρ
2897 4320 2926 4372 ό
2977 4316 3176 4388 θρῆνος
3215 4315 3299 4366 τὸν
3327 4307 3485 4401 φόϐον
3518 4306 3766 4401 Querar

508 4410 643 4464 Novi
677 4415 968 4482 quamdam
1005 4416 1170 4471 etiam
1203 4416 1362 4469 aliam
1388 4415 1637 4472 Jeremiat
1667 4433 1878 4483 vocem,
1929 4419 2079 4472 libris

2185 4392 2298 4482 τοῖς
2343 4418 2399 4470 δὲ
2428 4415 2578 4477 λύσις
2625 4412 2850 4482 οὐδεμία
2891 4409 3000 4462 τῶν
3037 4405 3223 4460 κακῶν
3255 4403 3360 4458 ἀπὸ
3398 4399 3506 4452 τῶν
3537 4399 3769 4470 θρήνων

509 4500 848 4557 Psalmorum
882 4516 1316 4568 aunumeratam,
1352 4522 1515 4575 quam
1544 4507 1878 4576 captivitatis
1911 4507 2084 4560 Isme-

508 4595 672 4650 liticaa
719 4597 938 4650 nomine
970 4597 1160 4650 edidit.
1195 4595 1373 4652 Verba
1432 4606 1611 4652 autem
1663 4596 1960 4668 Scripturac
2008 4597 2082 4652 ita

507 4703 630 4743 sese
665 4687 864 4742 habent
889 4707 901 4740 ε
954 4686 1019 4740 In
1047 4689 1300 4744 salicibus
1329 4691 1699 4760 suspendintus
1729 4691 2080 4743 instrumenta

508 4790 694 4836 nostra
717 4779 756 4844 ³,
781 4779 1002 4835 silentio
1019 4795 1140 4834 cum
1167 4782 1554 4852 nosmetipsos,
1577 4791 1688 4836 tum
1711 4781 2076 4835 instrumenta

509 4870 960 4928 condemnantes.
999 4870 1104 4926 I’ro
1134 4887 1254 4928 mea
1305 4872 1450 4928 hanc
1477 4886 1686 4943 usurpo
1725 4872 2076 4928 cantilenam.

507 4957 644 5012 Nam
697 4961 743 5016 si
787 4963 976 5018 videro
1034 4962 1346 5018 lizereticam
1393 4964 1771 5018 confusionem
1808 4961 2079 5033 (Babylon

509 5058 690 5104 autem
718 5047 958 5122 confusio
993 5054 1132 5124 est),
1181 5063 1233 5108 et
1267 5055 1311 5109 si
1351 5054 1536 5108 videro
1572 5052 1919 5115 tentationcs,
1961 5067 2082 5122 quae

508 5158 608 5214 per
643 5143 1024 5201 confusionem
1055 5147 1232 5200 ﬂuunt
1259 5165 1272 5200 :
1309 5145 1422 5200 haec
1449 5145 1538 5198 illa
1578 5159 1702 5198 esse
1732 5143 1822 5198 aio
1851 5143 2081 5214 Babylo-

509 5237 596 5288 nia
631 5233 875 5302 flumina,
929 5238 1132 5309 quibus
1177 5236 1481 5293 assidentes
1525 5237 1742 5299 ﬂemus,
1788 5237 1932 5307 quod
1969 5251 2077 5290 non

509 5324 830 5390 habeamus,
859 5327 952 5400 qui
981 5345 1078 5400 per
1103 5342 1167 5382 ea
1197 5343 1298 5383 nos
1323 5328 1582 5396 trajieiat.
1619 5326 1775 5394 Quod
1810 5327 1856 5381 si
1883 5327 2082 5382 salices

507 5418 900 5483 nominari-ris,
929 5421 1063 5475 etin
1087 5421 1156 5476 iis
1183 5435 1451 5490 suspensa
1484 5419 1868 5484 instrumenta,
1896 5433 2076 5472 meum

507 5507 671 5562 etiam
709 5510 810 5564 hoc
841 5511 1068 5582 :enigma
1128 5511 1312 5575 fuerit,
1363 5525 1490 5566 vere
1522 5525 1757 5580 namque
1798 5511 1932 5563 salix
1994 5515 2079 5563 est

582 5681 598 5711 ¹
639 5679 746 5738 Jer.
799 5699 872 5748 Ix,
931 5683 1012 5738 l7.

2184 4508 2480 4574 ὲλπίζεται.
2512 4503 2643 4561 Οἶδά
2663 4521 2784 4558 τινα
2815 4500 2907 4556 τοῦ
2943 4499 3208 4570 Ἱερεμίου
3235 4497 3330 4550 καὶ
3358 4493 3522 4564 ἄλλην
3548 4493 3764 4560 φωνὴν,

2181 4605 2301 4665 ταῖς
2332 4601 2531 4671 βίϐλοις
2560 4595 2724 4651 οὖσαν
2758 4595 2865 4648 τῶν
2903 4591 3151 4662 Ψαλμῶν
3183 4585 3517 4658 ἐναρίθμιον,
3567 4583 3649 4654 ἦν
3683 4582 3767 4635 ἐπὶ

2181 4696 2247 4764 τῇ
2295 4677 2642 4762 αἰχμαλωσᾷ
2675 4685 2770 4740 τοῦ
2824 4683 3040 4756 Ἰσραὴλ
3085 4680 3400 4750 ἐποιήσατο.
3647 4675 3766 4764 aee

2180 4762 2364 4853 λόγος,
2415 4782 2497 4834 ὅτι
2553 4781 2657 4833 Ἔν
2715 4775 2893 4840 ίτέαις
2947 4769 3360 4842 ἐκρεμάσαμεν
3404 4763 3654 4820 ἑαυτῶν
3706 4762 3766 4816 τὰ

2185 4873 2436 4942 ὄργανα,
2476 4869 2684 4939 σιωπὴν
2734 4864 2942 4920 ἑαυτῶν
2973 4880 3032 4915 τε
3060 4861 3154 4914 καὶ
3181 4858 3291 4912 τῶν
3314 4856 3565 4928 ὀργάνων
3600 4871 3765 4908 κατα-

2183 4964 2518 5024 δικάσαντες.
2559 4957 2728 5030 Ἐμὴν
2755 4955 3012 5024 ποιοῦμαι
3039 4951 3138 5022 τὴν
3177 4948 3318 5020 ᾠδὴν
3355 4943 3591 5015 ταύτην.
3647 4944 3760 4996 Ἐὰν

2183 5056 2290 5128 γὰρ
2321 5057 2415 5110 ἴδω
2453 5052 2551 5124 τὴν
2585 5047 2866 5122 αἱρετικὴν
2899 5045 3160 5126 σύγχυσιν
3193 5036 3488 5114 (Βαϐυλὼν
3519 5036 3582 5128 δέ
3627 5038 3760 5128 ἐστιν

2189 5147 2226 5214 ἡ
2262 5125 2644 5214 σύγχυσις),
2691 5139 2785 5192 κα)⁸
2817 5137 2910 5190 ἐὰν
2946 5135 3040 5188 ἴδω
3072 5133 3196 5196 τοὺς
3245 5125 3604 5200 πειρασμοῦς
3649 5125 3761 5183 τεὺς

2183 5235 2271 5290 διὰ
2296 5235 2395 5305 τῆς
2439 5232 2747 5303 συγχύσεως
2781 5229 3028 5300 ρἐντας’
3080 5223 3252 5278 ταῦτα
3281 5218 3470 5275 ἐκεῖνά
3509 5235 3668 5288 φημι
3702 5214 3762 5265 τὰ

2185 5322 2500 5378 Βαϐυλώνια
2539 5321 2803 5394 ῥεύματα,
2853 5309 2934 5379 οἷς
2982 5312 3423 5386 προσκαθήμενοι
3473 5306 3762 5394 κλαίομεν.

2185 5415 2266 5468 ὅτι
2293 5413 2384 5468 τὸν
2421 5390 2672 5482 διάγοντα
2717 5408 2864 5476 ἡμᾶς
2899 5404 2985 5458 διὰ
3013 5402 3217 5456 τούτων
3245 5401 3346 5452 οὐκ
3388 5396 3620 5466 ἔχομεν.
3653 5390 3767 5482 Ed»

2183 5507 2280 5570 τὰς
2311 5505 2456 5568 ἰτέας
2499 5480 2680 5576 εἴπῃς,
2715 5498 2808 5552 καὶ
2839 5495 2910 5563 τὰ
2954 5493 3046 5548 ἐπὶ
3077 5491 3282 5546 τούτων
3325 5489 3538 5560 ὄργανα
3559 5501 3577 5515 ·
3635 5480 3767 5552 ὲμδν

1091 5687 1110 5716 ⁸
1137 5683 1334 5739 Thrcn.
1369 5699 1408 5751 ι,
1441 5683 1490 5736 ι.
1569 5683 1588 5714 ³
1615 5683 1755 5738 l'sal.
1788 5695 2008 5747 cxszvt,
2043 5681 2078 5734 9.
2110 5695 2270 5750 seqq.
