3918 6204
223 304 320 363 861

1446 307 1532 362 DE
1570 302 1874 362 MELETIO
1916 301 2264 359 EPISCOPO.

3364 302 3469 356 88?.

221 419 316 472 καὶ
346 417 508 475 τοῦτο
539 417 600 472 τὸ
643 418 890 491 αἴνιγμα.
933 422 1139 485 Ὄντως
1170 420 1278 493 γὰρ
1308 423 1367 474 ἐν
1401 422 1568 485 ίτέαις
1609 423 1637 474 6
1667 421 1798 490 βίος.

1906 418 2034 471 vita.
2064 416 2198 471 Nam
2240 417 2403 471 arbor
2439 417 2638 472 sterilis
2688 417 2827 472 salix
2878 425 2961 473 est
2988 435 3002 471 ι
3033 432 3062 471 a
3094 415 3255 472 nobis
3291 423 3471 471 autem

220 509 453 580 Δένδρον
492 508 602 581 γὰρ
639 511 888 582 ἄκαρπον
914 513 947 584 ἠ
974 512 1087 567 ἰτέα
1118 513 1264 565 ἐστίν
1283 531 1294 543 ·
1327 516 1359 583 ἡ
1371 512 1486 587 μῶν
1538 513 1594 572 δὲ
1625 514 1798 585 ἁπερ-

221 600 328 672 ρὑ
360 601 462 671 τῆς
497 600 643 672 ζωῆς
685 604 714 655 ὁ
742 603 945 672 γλυκὺς
995 603 1223 674 καρπός.
1276 601 1483 658 Οὑκοῦν
1540 604 1676 656 ἰτέαι
1710 620 1801 673 γε-

219 695 466 761 γόναμεν
497 693 754 764 ἄκαρποι,
790 696 936 765 ἀργὰ
970 697 1063 749 καὶ
1093 696 1323 765 ἀκίνητα
1351 694 1418 748 τὰ
1446 696 1542 765 τῆς
1579 695 1799 765 ἀγάπης

219 781 437 853 ὄργανα
467 784 558 836 ἐπὶ
585 783 692 837 τῶν
723 783 894 848 ξύλων
918 786 1311 857 κρεμάσαντες.
1350 788 1490 841 Ἐὰν
1515 787 1800 840 ἐπιλάθω-

213 875 327 942 μαί
355 891 497 940 σου,
529 876 712 946 φησὶν,
762 877 1542 948 Ἰερουσαλὴμ,ἑπιλησθείη
1570 880 1605 945 ἡ
1633 875 1800 941 δεξιά

216 984 357 1035 μου.
396 967 528 1020 Δότε
579 985 668 1038 μοι
720 969 915 1039 μικρὸν
962 969 1261 1036 ὑπαλλάξαι
1292 970 1351 1023 τὸ
1395 969 1796 1041 γεγραμμένον,

219 1060 301 1112 ὅτι
330 1060 433 1129 οὑχ
476 1061 633 1131 ἡμεῖς
669 1061 770 1130 τῆς
814 1060 1012 1125 δεξιᾶς,
1041 1060 1152 1114 ἀλλ’
1188 1063 1221 1132 ἠ
1253 1060 1401 1128 δεξιὰ
1430 1061 1587 1132 ἡμῶν
1617 1060 1799 1113 ἐπιλέ-

221 1151 453 1221 λησται·
482 1153 574 1207 καὶ
608 1154 640 1222 ἡ
672 1152 890 1220 γλῶσσα
923 1152 1002 1222 τῷ
1034 1151 1148 1222 ἰδίῳ
1186 1151 1420 1222 λάρυγγι
1456 1151 1795 1221 κολληθεῖσα,

226 1240 327 1303 τὰς
380 1241 481 1312 τῆς
528 1240 711 1310 φωνῆς
752 1240 1015 1306 διεξόδους
1061 1239 1406 1312 ἀπέφραξεν,
1462 1241 1548 1293 ἴνα
1603 1241 1800 1312 μηκέτι

220 1333 387 1401 ἡμεῖς
440 1332 538 1402 τῆς
592 1332 850 1400 γλυκείας
889 1334 1100 1403 ἐκείνης
1136 1333 1315 1403 φωνῆς
1364 1332 1524 1386 πάλιν
1554 1332 1801 1386 ἀκοόσω-

224 1439 346 1491 μεν.
410 1423 546 1477 Ἀλλ’
579 1423 934 1493 ἀποψήσασθέ
974 1441 1062 1495 μοι
1090 1424 1158 1476 τὰ
1203 1424 1446 1495 δάκρυα·
1479 1423 1800 1495 αἰσθάνομαι

221 1515 333 1586 γὰρ
356 1516 503 1587 τιὲρα
540 1514 633 1568 τοῦ
667 1516 878 1578 δέοντος
914 1516 1007 1569 ἐπὶ
1032 1516 1108 1586 τῷ
1143 1515 1304 1570 πάθει
1334 1516 1797 1585 γυναικιζόμενος.

223 1608 340 1669 Οὐκ
399 1606 649 1678 ἀφῃρέθη
696 1608 788 1675 ἀφ’
841 1606 997 1678 ήμῶν
1045 1609 1073 1659 6
1129 1608 1393 1678 νυμφίος·
1442 1608 1605 1678 μέσος
1647 1606 1801 1678 ἡμῶν

222 1698 479 1767 ἕστηκεν,
506 1697 605 1751 κᾶν
635 1699 794 1769 ἡμεῖς
822 1698 896 1769 μὴ
929 1698 1232 1768 βλέπωμεν.
1271 1699 1358 1751 Ἑν
1381 1702 1491 1762 τοῖς
1522 1698 1736 1761 ἀδύτοις
1773 1701 1798 1752 6

226 1790 442 1860 ἱερεύς·
489 1790 568 1851 είς
595 1789 663 1841 τὰ
693 1789 941 1860 ἐνδότερα
970 1788 1061 1841 τοῦ
1096 1788 1611 1859 καταπετάσματος,
1660 1790 1793 1842 ὅπου
1829 1765 1873 1820 Β

221 1880 537 1954 πρόδρομος
590 1880 728 1953 ὑπὲρ
776 1881 929 1951 ἡμῶν
977 1880 1191 1951 εἰσῆλθε
1230 1881 1490 1949 Χριστός·
1540 1880 1797 1933 κατέλιπε

220 1972 281 2025 τὺ
322 1972 430 2042 τῆς
476 1972 675 2043 σαρκδς
718 1972 1145 2043 παραπέτασμα.
1194 1972 1389 2025 Οὐκέτι
1436 1970 1795 2040 ὑποδείγματι

219 2060 315 2113 καὶ
350 2062 479 2131 σκιᾷ
499 2060 866 2133 λατρεύειτῶν
886 2060 1240 2132 ἐπουρανίων,
1264 2060 1380 2112 ἀλλ’
1399 2061 1477 2115 είς
1493 2060 1662 2132 αὐτὴν
1679 2061 1799 2131 βλέ-

220 2166 313 2203 πει
348 2150 453 2221 τὴν
478 2150 585 2203 τῶν
616 2152 957 2222 πραγμάτων
992 2151 1175 2204 εἰκόνα
1194 2167 1207 2179 ·
1237 2149 1418 2204 οὑκέτι
1445 2148 1510 2203 δι’
1533 2151 1797 2221 ἐσόπτρου

220 2243 314 2295 καὶ
359 2242 697 2311 αἰνίγματος,
737 2242 849 2295 ἀλλ’
890 2242 1327 2312 αὑτοπροσώπως
1369 2243 1679 2312 ἐντυγχάνει
1720 2241 1798 2311 τῷ

219 2333 364 2403 Θεῷ·
431 2334 747 2402 ἐντυγχάνει
786 2333 841 2386 δὲ
873 2332 1010 2403 ὑπὲρ
1044 2332 1198 2403 ἡμῶν
1258 2333 1351 2386 καὶ
1390 2334 1499 2386 τῶν
1525 2334 1616 2386 τοῦ
1668 2334 1796 2386 λαοῦ

220 2426 614 2495 ἀγνοημάτων.
672 2424 930 2477 Ἀπέθετο
976 2425 1100 2487 τοὺς
1142 2424 1492 2496 δερματίνους
1535 2424 1794 2494 χιτῶνας·

217 2516 339 2568 οὐδὲ
377 2516 485 2585 γάρ
519 2515 635 2568 ἐστι
663 2514 820 2585 χρεία
844 2517 957 2577 τοῖς
984 2516 1039 2565 ἐν
1066 2514 1374 2585 παραδείσῳ
1398 2515 1662 2583 διάγουσι,
1689 2515 1797 2567 τῶν

215 2607 481 2661 τοιούτων
510 2606 770 2677 χιτώνων.
816 2607 953 2659 Ἀλλ’
986 2606 1275 2677 ἐνδύματα,
1305 2606 1340 2660 ὃ.
1369 2609 1434 2677 τῇ
1468 2606 1797 2677 καθαρότητι

215 2700 311 2755 τοῦ
371 2698 484 2769 βίου
544 2698 708 2752 αὑτοῦ
758 2699 1061 2769 ὲξυφήνας.
1124 2698 1561 2770 ἐπεκοσμήσατο.
1606 2698 1799 2769 Τίμιος

217 2791 470 2845 ἐναντίον
513 2791 716 2860 Κυρίου
760 2790 852 2843 τοῦ
887 2790 1129 2844 τοιούτου
1157 2793 1184 2844 ὁ
1218 2789 1464 2853 θάνατος.
1502 2790 1714 2843 Μᾶλλον
1741 2790 1797 2843 δὲ

215 2883 343 2952 οὐχὶ
387 2881 647 2946 θάνατος,
699 2881 832 2934 ἀλλὰ
886 2882 1038 2951 page;
1086 2883 1199 2939 ἐστι
1249 2880 1445 2951 μελῶν.
1478 2881 1797 2949 Διέρῤηξας

216 2974 357 3043 γὰρ,
392 2974 546 3043 φησι,
576 2972 717 3037 τοὺς
739 2971 1002 3040 δεσμούς
1022 2989 1161 3041 μου.
1211 2971 1477 3043 Ἀπελύθη
1502 2975 1529 3025 ό
1552 2973 1795 3042 Συμεὼν,

214 3066 571 3137 ἠλευθερώθη
609 3068 674 3118 ἐκ
696 3065 804 3118 τῶν
832 3064 1170 3135 δεσμῶν.τοῦ
1213 3063 1481 3134 σώματος.
1525 3066 1589 3117 Ἦ
1632 3068 1796 3133 παγ¹ις

217 3158 548 3229 συνετρίϐη·
600 3158 660 3210 τὸ
698 3157 754 3209 δὲ
804 3156 1083 3227 στρουθίον
1113 3156 1354 3227 ἁπέπτη.
1401 3157 1674 3211 Κατέλιπε
1701 3160 1800 3228 τὴν

215 3252 519 3320 Αἴγυπτον.
560 3252 652 3304 τὸν
681 3249 855 3320 ὑλώδη
877 3249 988 3320 βίον
1014 3267 1027 3280 ·
1050 3250 1316 3321 ἐπέρασεν
1353 3252 1473 3320 οὐχὶ
1502 3250 1600 3321 τὴν
1646 3252 1800 3320 Ἐρυ-

218 3343 362 3413 θρὰν
394 3342 619 3413 ταύτην,
653 3342 788 3395 ἀλλᾶ
810 3342 909 3413 τὴν
943 3340 1196 3411 μέλαιναν
1222 3340 1435 3411 ἐκείνην
1463 3342 1555 3393 καὶ
1586 3340 1797 3411 ζουώδη

219 3436 315 3490 τοῦ
347 3436 464 3506 βίου
511 3435 812 3489 θάλασσαν·
857 3433 1102 3504 εἰσῆλθεν
1131 3435 1211 3496 είς
1239 3432 1337 3503 τὴν
1368 3433 1471 3502 γῆν
1505 3433 1603 3501 τῆς
1630 3434 1800 3500 ἐπαγ-

219 3528 411 3598 γελίας
432 3545 444 3557 ·
479 3528 571 3581 ἐπὶ⁵
600 3526 693 3581 τοῦ
735 3526 893 3597 ὅρους
934 3525 1357 3595 προσφιλοσοφεῖ
1385 3523 1464 3593 τῷ
1490 3523 1607 3594 Θεῷ
1627 3541 1639 3554 ·
1681 3524 1801 3578 ἐλύ-

223 3639 360 3675 σατο
393 3621 456 3673 τὸ
482 3620 737 3689 ὑπόδημα
771 3618 870 3688 τῆς
911 3618 1109 3687 ψυχῆς,
1160 3617 1247 3670 ἵνα
1287 3616 1502 3688 καθαρᾷ
1544 3621 1608 3688 τῇ
1646 3617 1799 3687 βάσει

222 3716 326 3782 τῆς
367 3713 606 3774 διανοίας
646 3712 744 3782 τῆς
791 3711 948 3779 ἁγίας
986 3689 1089 3781 γῆς
1131 3707 1567 3776 ἐπιϐατεύσειεν,
1670 3711 1800 3763 καθ-

222 3822 286 3874 ορ
294 3807 418 3858 εἷται
447 3804 600 3868 Θεός.

297 3896 516 3964 Ταύτην
552 3894 785 3964 ἔχοντες,
826 3892 1065 3961 ἀδελφοὶ.
1098 3893 1196 3962 τὴν
1233 3891 1595 3964 παράκλησιν,
1645 3894 1800 3961 ὑμεῖς
1861 3950 1873 3962 ,

223 3990 274 4041 oi
317 3987 389 4040 τὰ
432 3986 565 4040 ὀστᾶ
592 3986 687 4039 τοῦ
735 3985 932 4055 Ἰωσὴφ
968 3986 1057 4037 ἐπὶ
1083 3984 1182 4054 τὴν
1210 3983 1391 4054 χώραν
1426 3985 1524 4055 τῆς
1552 3984 1801 4052 εὑλογίας

230 4078 710 4150 μετακομίζοντες,
747 4076 1015 4129 ἀκούσατε
1042 4074 1137 4127 τοῦ
1181 4074 1392 4128 Παύλου
1444 4075 1799 4146 παρεγγυῶν-

222 4187 347 4233 τος·
405 4170 501 4236 Μὴ
556 4166 848 4221 λυπεῖσθε
908 4166 987 4231 ὡς
1047 4166 1145 4217 καὶ
1205 4169 1259 4218 οἱ
1308 4165 1545 4229 λοιποὶ,
1608 4168 1662 4218 οι
1710 4165 1797 4234 μὴ

222 4259 472 4328 ἔχοντες
502 4257 737 4311 ἐλπίδα.
788 4256 988 4309 Εἴπατε
1034 4253 1112 4325 τῷ
1146 4256 1260 4309 ἐκεῖ
1297 4254 1428 4323 λαῷ,
1470 4255 1799 4326 διηγήσασθε

222 4350 296 4402 τὰ
341 4347 484 4401 καλὰ
522 4345 856 4415 διηγήματα.
906 4342 1109 4396 Εἴπατε
1136 4343 1195 4395 τὸ
1224 4342 1617 4412 ἀπιστούμενον
1671 4342 1798 4395 θαῦ-

227 4456 327 4511 μα·
360 4438 477 4501 πῶς
524 4439 605 4500 εἰς
639 4436 915 4504 θαλάσσης
940 4434 1062 4504 ὅφιν
1087 4434 1601 4498 καταπυκνωθέντες
1636 4437 1664 4489 6
1696 4452 1799 4505 μυ-

224 4530 570 4602 ριανθρωπος
613 4530 815 4599 δῆμος,
862 4528 920 4580 ἒν
956 4524 1092 4599 ἦσαν
1124 4527 1264 4581 κατὰ
1297 4527 1356 4580 τὸ
1388 4529 1607 4598 συνεχὲς
1642 4529 1800 4598 σῶμα

220 4625 275 4677 οἱ
318 4625 553 4686 πάντες,
590 4617 699 4675 οἷόν
728 4639 781 4675 τι
813 4620 957 4692 ὕδωρ
1002 4622 1128 4692 περὶ
1166 4621 1263 4691 τὴν
1307 4619 1400 4675 τοῦ
1447 4620 1801 4691 σκηνώματός

223 4713 451 4783 πομπὴν
482 4712 883 4799 πελαγίζοχτες.
908 4712 1030 4773 Πῶς
1056 4714 1082 4764 6
1107 4710 1269 4774 καλὸς
1292 4711 1454 4765 Δαὸὶδ
1484 4712 1802 4783 πολυμερῶς

222 4806 323 4858 καὶ
356 4804 706 4874 πολυτρόπως
751 4804 829 4865 είς
880 4802 1077 4872 μυρίας
1124 4801 1303 4866 τάξεις
1341 4803 1530 4856 ἐαυτὸν
1566 4821 1803 4874 καταμε-

225 4895 409 4967 ρίσας,
458 4896 516 4948 ἐν
566 4893 985 4965 ἑτερογλώσσοις
1034 4894 1126 4946 καὶ
1173 4892 1540 4964 όμογλώσσοις
1582 4896 1708 4967 περὶ
1740 4895 1803 4948 τὸ

222 4986 426 5057 σκῆνος
459 4987 764 5057 ἐχόρευσεν.
819 4985 944 5048 Πῶς
992 4985 1332 5055 ἑκατέρωθεν
1387 4986 1435 5037 οί
1485 4984 1578 5038 τοῦ
1631 4988 1803 5056 πυρὸς

220 5077 463 5147 ποταμοὶ
492 5079 558 5148 τῇ
599 5076 849 5146 συνεχείᾳ.
878 5074 985 5128 τῶν
1030 5075 1324 5145 λαμπάδων
1347 5075 1502 5139 ὁλκὸς
1536 5076 1800 5131 ἀδιάσπα-

216 5184 350 5229 στος
382 5165 616 5238 ῥέοντες,
656 5165 762 5228 ἒως
795 5156 855 5218 οὗ
886 5163 1112 5219 δυνατὸν
1158 5160 1226 5235 ἦν
1277 5164 1540 5235 ὀφθαλμῷ
1581 5166 1798 5231 λαϐεῖν,

215 5258 626 5328 παρετείνοντο.
665 5257 869 5310 Εἴπατε
909 5255 1003 5308 τοῦ
1051 5254 1181 5308 λαοῦ
1217 5255 1416 5318 παντὸς
1457 5256 1554 5327 τὴν
1596 5257 1799 5327 προθυ-

220 5349 382 5418 μίαν,
414 5347 521 5401 τῶν
556 5347 870 5402 ἀποστόλων
910 5346 1006 5417 τὴν
1036 5346 1349 5416 συσκηνίαν.
1390 5347 1511 5410 Πῶς
1559 5348 1626 5401 τὰ
1674 5366 1798 5402 cou-

216 5441 385 5512 ἴάρια
428 5440 537 5494 τῶν
590 5440 896 5513 προσώπων
937 5438 1121 5501 αὐτοῦ,
1181 5441 1260 5503 είς
1299 5439 1639 5511 φυλακτήρια
1691 5443 1798 5495 τῶν

214 5531 435 5586 πιστῶν
478 5532 791 5596 διετίλὶετοζ
818 5531 1165 5604 ῐίροσκείσθω
1207 5531 1286 5603 τῷ
1315 5532 1613 5604 διηγήματι
1646 5534 1798 5605 βασιι

294 5705 316 5740 ⁸
350 5705 496 5763 i'sal.
524 5723 678 5777 eam,
716 5709 794 5765 Π.
874 5709 893 5740 ³
923 5706 1094 5764 Exod.
1129 5722 1211 5776 ιιι,
1252 5708 1304 5767 5.

1383 5708 1403 5738 ⁸
1434 5709 1453 5764 l
1482 5708 1671 5769 Thess.
1709 5726 1781 5779 iv,
1809 5711 1891 5767 l2.

1900 509 2078 563 dulcis
2115 509 2236 562 vitae
2287 508 2498 563 fructus
2541 508 2788 563 deﬂuxit.
2821 508 2960 580 Ergo
3012 509 3212 564 salices
3244 507 3475 578 infringi-

1902 599 2028 653 l‘crae
2072 600 2197 653 facti
2241 616 2452 662 smnus,
2501 616 2563 655 ex
2601 616 2710 671 quo
2749 601 2920 655 otiosa
2965 609 3126 670 atque
3160 601 3383 654 immota
3416 598 3475 654 in

1900 692 2061 764 lignis
2101 691 2488 761 saspeudimus
2536 692 2845 746 dilectionis
2874 691 3253 746 instrumenta.
3290 690 3351 745 Si
3382 688 3475 743 ob-

1901 782 2049 847 litus,
2084 783 2279 850 inquit,
2312 782 2459 849 [uero
2492 781 2588 840 tui,
2618 779 2917 834 Jerusalem
2948 820 2963 844 ,
3010 780 3259 834 oblivioni
3292 779 3475 833 trada-

1902 883 1989 927 tur
2014 874 2231 929 dextera
2261 891 2394 928 mea.
2435 873 2730 927 Concedite
2762 873 2914 939 mihi,
2944 881 3001 926 ut
3040 873 3305 942 scriptum
3342 886 3476 942 pau-

1900 966 2073 1019 lulum
2132 966 2398 1025 invertant
2446 973 2608 1033 atque
2655 964 2956 1026 immutem,
3012 964 3155 1033 quod
3214 980 3321 1017 non
3375 979 3478 1021 nos

1901 1056 2156 1121 dexterae,
2207 1056 2301 1111 sed
2337 1056 2559 1111 dextera
2590 1058 2765 1110 nostri
2804 1056 2970 1110 oblita
3024 1065 3149 1123 est;
3183 1063 3238 1110 et
3287 1056 3473 1125 lingua

1900 1152 2105 1223 gutturi
2142 1167 2243 1207 suo
2273 1151 2652 1207 adlimrescens
2689 1159 2901 1206 meatus
2933 1150 3082 1204 vocis
3117 1150 3393 1204 obstruxit
3424 1157 3480 1203 et

1902 1245 2201 1310 obturavit,
2232 1251 2292 1298 ut
2348 1260 2416 1300 ne
2446 1244 2679 1313 amplius
2712 1259 2812 1298 nos
2860 1243 3074 1297 dulcem
3107 1244 3256 1297 illam
3289 1258 3477 1299 vocem

1900 1352 2095 1392 rursus
2122 1336 2430 1392 audiamus.
2469 1334 2671 1389 Verum
2705 1336 3000 1405 abstergite
3029 1334 3160 1388 mihi
3190 1336 3476 1405 laerymas.

1903 1424 2035 1479 Nam
2070 1426 2251 1481 sentio
2304 1442 2390 1480 me
2444 1425 2589 1479 ultra
2640 1440 2802 1495 quam
2850 1425 3063 1486 deceat,
3110 1423 3476 1476 calamitatem

1902 1517 2241 1571 muliebriter
2277 1515 2497 1570 deﬂere.
2529 1514 2648 1570 Non
2685 1515 2901 1570 ablatus
2932 1522 3015 1568 est
3057 1528 3087 1565 a
3120 1513 3280 1567 nobis
3310 1526 3479 1580 spon-

1901 1622 2019 1672 sus,
2057 1607 2111 1662 in
2135 1607 2315 1662 medio
2343 1616 2592 1662 nostrum
2620 1614 2750 1667 stat,
2785 1606 3001 1660 etiamsi
3033 1619 3132 1659 nos
3161 1619 3270 1657 non
3301 1604 3482 1657 vidcao

1903 1715 2049 1755 niis.
2092 1698 2149 1753 In
2176 1700 2353 1771 adytis
2380 1717 2443 1755 ac
2482 1699 2855 1769 penetralibus
2886 1698 3145 1752 sacerdos
3175 1706 3279 1760 est,
3311 1698 3365 1748 in
3395 1696 3480 1748 in-

1902 1792 2198 1847 terioribus
2230 1794 2356 1860 veli,
2388 1807 2497 1862 quo
2534 1805 2841 1861 pl‘tBCttl‘SUl‘
2868 1804 2966 1859 pro
3008 1790 3163 1843 nobis
3195 1789 3478 1857 ingressus

1900 1891 1979 1938 est
2034 1884 2327 1948 Christus,
2386 1883 2606 1951 reliquit
2665 1881 2848 1936 carnis
2907 1887 3302 1949 tegumentum.
3360 1876 3476 1932 Non

1901 1977 2138 2046 amplius
2167 1978 2323 2046 signo
2353 1985 2405 2030 et
2459 1974 2661 2027 umbra:
2710 1973 3012 2027 cwlestium
3062 1971 3250 2033 servit,
3288 1968 3381 2023 sed
3421 1967 3479 2023 in

1901 2067 2077 2145 ipsum
2142 2082 2327 2123 rerum
2386 2065 2678 2132 imaginem
2734 2067 3015 2126 intuetur;
3074 2076 3182 2114 non
3242 2059 3479 2128 amplius

1900 2174 1996 2228 per
2021 2159 2303 2227 speculum
2338 2167 2501 2225 atque
2526 2172 2621 2225 per
2648 2166 2996 2209 transennam
3023 2162 3075 2207 et
3100 2153 3351 2221 mnigma,
3384 2149 3480 2203 sed

1900 2252 2017 2321 ipse
2047 2249 2187 2305 facie
2217 2266 2338 2305 cum
2372 2250 2509 2303 facie
2540 2249 2737 2302 collata
2783 2247 3068 2302 intercedit
3099 2246 3237 2314 apud
3288 2242 3478 2297 Deum.

1899 2341 2196 2397 lntercedit
2232 2349 2412 2396 autem
2453 2356 2551 2410 pro
2585 2340 2767 2402 nobis,
2798 2347 2851 2392 et
2896 2338 3082 2406 populi
3122 2336 3341 2390 erratis.
3377 2334 3481 2389 Do-

1901 2435 2084 2503 posuit
2115 2433 2332 2487 tunicas
2369 2432 2658 2503 pelliccas;
2705 2444 2883 2498 neque
2922 2428 3069 2482 enim
3099 2426 3299 2481 talibus
3333 2426 3482 2479 tuni-

1899 2528 1980 2581 cis
2015 2542 2155 2597 opus
2185 2525 2406 2587 habent,
2435 2524 2526 2593 qui
2554 2524 2608 2576 in
2638 2522 2895 2591 paradiso
2917 2520 3140 2590 degunt.
3182 2518 3287 2571 Sed
3315 2518 3478 2572 habet

1900 2619 2241 2682 indumenta,
2268 2632 2388 2686 qum
2416 2614 2651 2685 puritate
2679 2615 2800 2667 vitze
2822 2627 2934 2668 sua:
2966 2612 3270 2675 contexuit,
3302 2610 3480 2678 iisque

1900 2727 2022 2774 sese
2047 2710 2352 2767 exornavit.
2386 2707 2664 2762 Honorata
2700 2720 2762 2760 ac
2791 2704 3028 2773 pretiosa
3069 2717 3255 2757 coram
3294 2700 3482 2754 Domi-

1901 2817 1971 2854 no
2002 2802 2129 2856 talis
2160 2800 2327 2871 (viri)
2358 2814 2505 2853 mors
2560 2805 2663 2851 est.
2703 2794 2813 2850 lino
2846 2809 2976 2848 vero
3026 2809 3132 2847 non
3166 2806 3335 2855 mors,
3384 2791 3479 2845 sed

1903 2902 2132 2964 ruptura
2182 2892 2526 2946 vinculorum
2578 2898 2681 2944 est.
2734 2886 3025 2953 Disrupisti
3073 2885 3240 2947 enim,
3284 2883 3481 2951 inquit.

1904 2988 2110 3042 vincula
2146 3003 2257 3041 mea
2280 2985 2321 3039 ⁸.
2377 2983 2647 3038 Dimissus
2695 2988 2780 3036 est
2816 2977 3062 3043 Simeon,
3113 2976 3371 3030 liberatus
3398 2982 3483 3027 est

1826 3096 1867 3151 ς
1903 3081 2138 3135 vinculis
2170 3078 2439 3150 corporis.
2472 3076 2725 3144 Laqueus
2754 3072 3027 3128 contritus
3051 3077 3156 3131 est.
3183 3076 3238 3122 et
3266 3066 3479 3121 avicula

1903 3173 2163 3228 avolavit.
2206 3170 2452 3240 Reliquit
2501 3167 2820 3237 Aigyptum,
2858 3163 3192 3217 malerialem
3225 3170 3279 3215 et
3327 3174 3482 3213 cras-

1902 3280 2019 3319 sam
2044 3266 2171 3319 vitae
2200 3264 2505 3318 rationem:
2535 3257 2788 3312 transivit
2820 3272 2928 3309 non
2957 3254 3203 3308 Rubrum
3231 3253 3354 3313 hoc,
3383 3251 3479 3305 sed

1901 3363 2080 3408 atrum
2113 3352 2243 3407 illud
2275 3362 2328 3406 et
2378 3349 2738 3419 caliginosum
2784 3346 2906 3399 vitm
2959 3359 3145 3409 mare;
3198 3343 3482 3411 ingressus

1901 3451 1986 3498 est
2018 3451 2218 3497 terram
2248 3437 2673 3512 promissionis:
2709 3436 2762 3488 in
2811 3442 2995 3489 monte
3042 3448 3169 3487 cum
3216 3431 3326 3485 Deo
3369 3430 3483 3500 phi-

1902 3535 2257 3604 losophatur;
2310 3532 2473 3603 solvit
2526 3530 2719 3582 anima:
2751 3527 3204 3585 ealceamcntum.
3252 3530 3310 3577 ut
3344 3538 3480 3592 pura

1901 3629 2084 3696 planta
2121 3624 2337 3693 mentis.
2380 3630 2581 3676 terram
2629 3629 2875 3678 sanctam
2903 3618 2944 3685 ',
3000 3617 3093 3672 ubi
3142 3616 3485 3686 conspicitur

1904 3716 2070 3783 Deus,
2108 3712 2525 3769 conscenderet.

1973 3898 2127 3950 Hane
2157 3910 2280 3949 eum
2312 3894 2583 3955 habeatis,
2621 3890 2839 3956 fratres,
2883 3887 3348 3949 consolationem,
3384 3901 3482 3943 vos

1902 3988 1996 4058 qui
2049 4002 2176 4043 ossa
2232 3984 2457 4055 Joscplii
2514 3984 2902 4055 transportatis
2940 3984 3005 4037 ad
3054 3992 3199 4036 terra
3226 3999 3255 4031 ιι
3314 3980 3481 4034 henc-

1901 4079 2202 4141 dictionis,
2254 4078 2440 4133 audite
2498 4076 2654 4131 Pauli
2714 4077 2879 4131 verba
2939 4072 3305 4145 przecipientis
3349 4091 3361 4125 :
3405 4069 3483 4123 Ne

1902 4170 2286 4226 contrislemini
2326 4170 2463 4222 sicut
2500 4177 2549 4221 et
2580 4169 2777 4228 cwteri,
2807 4167 2897 4236 qui
2925 4181 3063 4231 apem
3093 4180 3194 4216 non
3224 4162 3414 4214 habent
3438 4159 3479 4212 ‘.

1902 4261 2080 4316 Dicite
2141 4262 2343 4331 pepnlo
2397 4260 2506 4325 illi;
2559 4258 2815 4327 exponite
2874 4258 3047 4309 bonas
3114 4252 3478 4306 narrationes.

1903 4353 2078 4409 Dicite
2107 4352 2457 4415 miraculum,
2489 4350 2576 4405 cui
2633 4348 2769 4403 ﬁdes
2804 4347 3094 4416 derogetur
3146 4362 3160 4393 :
3207 4345 3481 4412 quomodo

1833 4430 1877 4486 Ῐ)
1907 4444 1962 4497 in
1993 4444 2161 4498 maris
2193 4440 2415 4495 modum
2473 4438 2794 4494 condensati
2849 4436 3263 4490 innumerorum
3309 4433 3481 4487 homi-

1907 4551 2036 4589 num
2089 4533 2322 4605 p0pulus
2377 4547 2546 4587 unum
2601 4530 2924 4585 continuum
2976 4541 3179 4596 corpus
3238 4524 3479 4579 universi

1905 4634 2083 4691 erant,
2134 4633 2394 4694 tanquam
2450 4638 2590 4694 aqua
2644 4621 2892 4693 quiedam
2945 4620 3091 4674 circa
3141 4615 3478 4671 tabernaculi

1906 4731 2160 4787 pompam
2238 4725 2558 4772 aestuantes.
2612 4714 2899 4783 Quomodo
2961 4712 3257 4782 prmclarus
3314 4707 3477 4761 David

1906 4807 2262 4861 multifariam
2315 4808 2614 4877 multisque
2662 4804 2839 4860 modis
2883 4803 2937 4857 in
2989 4803 3303 4856 innumeros
3331 4798 3480 4854 ordi-

1904 4913 2006 4952 nes
2036 4913 2158 4953 sese
2183 4897 2542 4957 distribuens.
2595 4896 2740 4951 inter
2784 4895 3016 4949 diversa:
3049 4892 3213 4947 simul
3253 4900 3307 4946 et
3333 4891 3481 4959 ejus-

1903 4990 2024 5043 dem
2062 4990 2259 5060 lingua:
2287 4984 2563 5050 homines,
2588 4995 2643 5040 et
2673 4987 2823 5039 circa
2862 4983 3275 5037 tabernaculum
3308 4983 3480 5052 tripu-

1902 5080 2113 5137 diabat.
2160 5080 2449 5147 Quomodo
2500 5078 2756 5148 utrinque
2819 5075 3021 5146 (quasi)
3086 5074 3229 5144 ignei
3290 5088 3479 5128 amnes

1900 5172 2318 5228 continentibus
2371 5172 2605 5235 facibus,
2658 5177 2833 5225 tractu
2884 5169 3148 5221 continuo
3193 5172 3478 5234 perpetuo-

1902 5279 2010 5333 que
2035 5264 2297 5328 l‘luentes,
2344 5263 2523 5333 quoad
2586 5261 2729 5317 oculi
2794 5259 3111 5330 longissime
3167 5256 3477 5326 prospicere

1904 5362 2150 5425 possent,
2198 5355 2636 5426 porrigebantur.
2685 5352 2948 5423 Exponite
3003 5350 3244 5406 studium
3293 5347 3475 5417 populi

1904 5446 2106 5509 totius,
2151 5446 2524 5515 apostolorum
2578 5443 3017 5499 contubernium.
3060 5437 3345 5507 Quomodo
3378 5451 3475 5492 su-

1904 5537 2058 5594 daria
2088 5538 2243 5595 faciei
2311 5540 2432 5611 ejus
2468 5538 2532 5594 ad
2575 5536 2891 5609 prasidium
2950 5543 3114 5608 atque
3170 5530 3476 5590 custodiam
