3918 6204
135 345 245 405 865

1195 345 1267 403 ΙΝ
1294 344 1579 404 FUNERE
1607 343 2027 404 Ρυιαιιειιιιε
2069 344 2353 403 ORATIO.

3302 348 3407 407 866

132 463 453 536 δοθήσεται.
483 459 600 515 Και
642 460 752 533 γὰρ
783 477 880 514 και
918 460 1028 514 τῶν
1063 460 1264 532 ἰατρῶν
1303 462 1499 515 ἐκεῖνοι
1552 461 1726 531 σοφοὶ,

1835 459 2070 531 quodam
2114 458 2365 515 adhibito
2413 457 2813 514 medicamento
2855 460 3048 517 lenire.
3099 462 3217 520 Etsi
3260 467 3409 522 enim

132 559 182 612 οι
211 555 355 627 πρὸς
378 554 438 608 τὸ
460 551 755 619 πλεονάζον
782 553 891 605 τῶν
925 552 1231 624 ἀλγηδόνων
1261 552 1351 607 διά
1388 551 1489 624 τῆς
1530 553 1724 624 τέχνης

132 648 452 720 ἱστάμενοι,
491 645 603 700 τῶν
660 646 717 699 δὲ
758 641 919 717 ἦττον
963 646 1237 717 ὀδυνηρῶν
1284 647 1382 716 τὴν
1430 646 1725 716 θεραπείαν

134 738 578 811 ὑπερτιθέμενοι.
612 738 822 808 Ὠσπερ
844 737 901 790 δέ
928 754 1088 805 φασιν
1116 738 1165 789 οἱ
1196 738 1323 809 περὶ
1341 737 1510 790 ταῦτα
1539 736 1724 804 δεινοὶ,

132 833 181 884 εξ
213 830 317 885 δύο
342 829 479 884 κατὰ
509 829 706 882 ταύτὸν
728 830 808 882 ἐνὶ
840 828 1053 899 σώματι
1080 828 1231 881 πόνοι
1256 829 1603 898 συμπέσοιεν,
1632 829 1728 899 μό-

132 938 226 975 νου
267 920 362 975 τοῦ
387 919 816 993 ὑπερϐάλλοντος
859 920 955 990 τὴν
984 919 1235 991 αἴσθησιν
1263 920 1526 989 γίνεσθαι,
1563 922 1619 973 ὲν
1649 920 1729 990 τῷ

134 1014 488 1078 πλεονάζοντι
526 1012 629 1084 τῆς
669 1013 1071 1085 ἐπικρατούσης
1101 1013 1391 1083 ἀλγηδόνος
1434 1012 1727 1067 ἐκκλεπτο-

138 1106 311 1178 μέν-ης
332 1106 430 1176 τῆς
447 1106 666 1175 ἥττονος
686 1122 701 1136 ·
724 1103 866 1157 οὓτω
892 1104 986 1158 καὶ
1007 1105 1097 1157 ἐπὶ
1119 1104 1213 1157 τοῦ
1241 1105 1500 1175 παρόντος
1523 1105 1725 1174 βλέπω.

134 1196 207 1250 Τδ
236 1197 347 1268 γὰρ
381 1195 499 1249 νέον
538 1212 599 1247 τε
641 1195 736 1247 καὶ
777 1195 1045 1265 ἡμέτερον
1094 1195 1316 1266 ἄλγημα
1337 1235 1350 1259 ,
1383 1195 1489 1249 τῶν
1522 1196 1609 1250 διὰ
1630 1198 1728 1267 τῆς

136 1288 365 1359 μνήμης
395 1285 736 1355 ἀλγυνόντων
754 1287 902 1356 ημᾶς
939 1287 1085 1339 ἐστιν
1107 1285 1583 1358 ἐπικρατέστεροι).
1607 1286 1729 1350 Πῶς

133 1379 245 1451 γάρ
271 1379 373 1431 οὐκ
395 1377 460 1431 άν
492 1394 575 1440 τις
604 1377 698 1430 ἐπὶ
726 1379 840 1441 τοῖς
867 1376 1241 1449 συμϐεϐηκόσι
1296 1379 1460 1432 πάθοι
1489 1380 1620 1444 ;Τίς
1645 1376 1731 1431 οὖ-

133 1486 247 1533 τως
271 1468 491 1540 ἀπαθὴς
522 1469 623 1540 τὴν
652 1468 866 1540 ψυχήν;
900 1469 997 1532 Τίς
1021 1469 1195 1532 οὕτως
1223 1469 1316 1522 τὸν
1341 1471 1540 1541 τρόπον
1575 1469 1725 1539 σιδη-

134 1578 284 1633 ρεος,
347 1561 421 1623 ὡς
466 1561 734 1631 άναλγητὶ
777 1560 836 1613 τὸ
888 1561 1101 1631 συμϐὰν
1151 1561 1439 1628 δέξασθαι;
1484 1562 1727 1630 Ἐγνωτε

135 1653 358 1716 πάντιιις
375 1652 475 1723 τὴν
503 1653 630 1705 νέαν
677 1651 883 1723 ταύτην
914 1653 1243 1724 περιστερὰν
1273 1654 1368 1724 τὴν
1398 1655 1729 1725 ἐντρεφομέ-

132 1761 236 1816 νην
256 1747 322 1815 τῇ
356 1743 824 1816 βασιλικῇοκαλιᾷ,
851 1743 950 1814 τὴν
986 1745 1111 1815 ἄρτι
1142 1745 1239 1815 μὲν
1264 1747 1640 1817 πτερουμένην
1669 1747 1727 1799 ὲν

130 1835 378 1909 λαμπρῷ
411 1834 492 1907 τῷ
525 1835 728 1907 πτερῷ,
767 1838 1082 1907 ὑπερὸᾶσαν
1118 1836 1175 1889 δὲ
1218 1837 1317 1905 τὴν
1358 1837 1575 1907 ἠλικίαν
1606 1839 1728 1901 ταῖς

131 1928 378 1998 χάρισιν,
413 1928 563 1990 ὅπως
585 1927 787 1995 ἀφεῖσα
826 1928 924 1998 τὴν
958 1926 1153 1981 καλιὰν
1190 1928 1427 1997 οῖχεται·
1452 1929 1598 1991 ὅπως
1624 1926 1728 1991 ἔξω

132 2018 249 2071 τῶν
269 2018 565 2089 ὀφθαλμῶν
591 2019 748 2089 ἡμῶν
782 2018 1022 2089 άπέπτη,
1057 2018 1203 2081 ὅπως
1236 2018 1408 2089 αὐτὴν
1453 2018 1662 2089 ἀθρόως
1700 2018 1729 2070 ὁ

136 2110 336 2179 φθόνος
350 2109 458 2162 τῶν
483 2109 681 2181 χειρῶν
697 2111 729 2181 ἡ
740 2110 855 2180 μῶν
882 2110 1209 2179 ἀφήρπασεν
1227 2124 1240 2140 ·
1265 2110 1373 2162 εἴτε
1402 2110 1729 2181 περιστερὰν

134 2204 245 2274 χρὴ
274 2202 454 2270 λέγειν
483 2201 709 2274 ταύτην,
734 2203 842 2256 εἴτε
886 2201 1137 2266 νεοθαλὲς
1164 2201 1343 2265 ἄνθος,
1375 2201 1403 2254 ὃ
1425 2201 1581 2255 οὔπω
1631 2202 1729 2272 μὲν

136 2294 260 2345 ὅλον
291 2291 401 2345 τῶν
432 2290 684 2345 καλύκων
716 2291 1040 2362 ἐξέλαμψεν,
1060 2292 1197 2345 ἀλλὰ
1241 2292 1303 2344 τὸ
1337 2292 1455 2362 μὲν
1479 2291 1725 2363 ἔλαμπεν

137 2385 263 2456 ᾔδη,
284 2383 350 2437 τὺ
385 2385 444 2437 δὲ
476 2384 711 2455 λάμψειν
738 2384 997 2454 ἠλπίζετο
1015 2401 1030 2416 ·
1054 2385 1147 2437 καὶ
1175 2386 1325 2455 ὅμως
1354 2387 1412 2437 ὲν
1434 2385 1513 2456 τῷ
1548 2385 1730 2457 μικρῷ

135 2492 193 2528 τε
233 2477 328 2529 καὶ
362 2475 544 2528 ἀτελεῖ
578 2475 963 2545 ὕπερέλαμπεν
996 2490 1011 2505 ’
1047 2476 1194 2539 ὅπως
1221 2476 1431 2548 ἁθρόως
1452 2477 1727 2549 ὲναπέσϐη

137 2568 201 2636 τῇ
236 2564 459 2627 κάλυκι,
486 2566 581 2619 καὶ⁵
627 2566 758 2636 πρὶν
795 2565 873 2627 εἰς
911 2564 1097 2636 ἀκμὴν
1152 2565 1455 2637 προελθεῖν,
1484 2567 1578 2618 καὶ
1610 2567 1730 2619 ὅλον

138 2654 338 2726 εὐωδίᾳ
373 2654 605 2709 πετάσαι
628 2656 688 2708 τὸ
719 2654 899 2719 ἄνθος,
938 2656 1070 2709 αὐτὸ
1105 2657 1234 2727 περὶ
1268 2657 1428 2710 ἑαυτὸ
1453 2659 1729 2731 κατερρύη

139 2747 230 2799 καὶ
267 2746 418 2800 κόνις
445 2745 682 2813 ἐγένετο,
716 2743 745 2797 δ
771 2743 896 2798 οὕτε
925 2744 1189 2816 ὲδρέψατό
1216 2764 1321 2810 τις.
1354 2746 1476 2800 οὒτε
1498 2750 1730 2816 ἐστεφαι

138 2836 350 2889 νώσατο
377 2850 393 2865 ⁸
429 2835 565 2888 ἀλλὰ
612 2837 791 2907 μάτην
836 2836 871 2907 ἡ
901 2835 1064 2906 φύσις
1102 2837 1368 2907 ὲπόνησεν
1394 2855 1409 2868 ·
1446 2833 1506 2892 οὗ
1545 2838 1605 2892 τὸ
1635 2840 1732 2909 μὲν

141 2927 345 2996 ἀγαθὸν
373 2928 433 2980 ἐν
455 2927 669 2980 ἐλπίσιν
709 2923 800 2998 ἦν,
828 2930 856 2981 ὁ
883 2928 939 2981 δὲ
977 2927 1170 2998 φθόνος
1200 2928 1388 2999 ξίφους
1411 2929 1566 3001 δίκην
1599 2930 1735 2986 πλά-

142 3034 252 3086 γιος
286 3016 548 3088 ἐμπεσὼν
592 3018 691 3089 τὴν
742 3017 932 3071 ἐλπίδα
987 3017 1259 3087 διέκοψεν.
1290 3018 1520 3089 Σεισμός
1551 3037 1637 3083 τις
1663 3015 1733 3091 ἦν

142 3110 423 3181 ἄντικρυς,
447 3109 687 3179 ἀδελφοὶ,
722 3109 784 3162 τὸ
816 3109 1108 3180 γενόμενον
1129 3127 1142 3140 ·
1179 3111 1419 3181 σεισμὸς,
1449 3111 1601 3165 οὐδὲν
1624 3113 1731 3165 τῶν
1759 3146 1801 3202 c

142 3203 399 3275 χαλεπῶν
442 3202 863 3273 συμπτωμάτων
909 3201 1436 3274 φιλανθρωπότερος.
1485 3204 1559 3257 Οὐ
1628 3204 1732 3274 γὰρ

1827 567 1935 606 non
1976 567 2191 616 omnes,
2240 551 2305 605 ad
2347 566 2487 621 quos
2515 552 2921 609 incommodum
2954 555 3115 610 simul
3144 559 3407 626 pertinet,

1779 654 1792 663 '
1826 643 2078 697 concioni
2126 644 2400 697 intersunt
2439 659 2452 694 ε
2490 650 2731 697 attamen
2776 659 2874 713 per
2906 660 3000 700 eos
3039 648 3130 717 qui
3181 649 3406 715 adsunt,

1831 733 2065 789 forsitan
2093 735 2255 787 etiam
2302 734 2359 788 in
2389 732 2645 788 absentes
2679 735 2860 788 oratio
2889 734 3277 802 divulgabitur.
3311 738 3407 792 Et-

1831 827 1977 881 enim
2008 826 2175 881 etiam
2223 825 2300 879 illi
2332 826 2456 879 boni
2493 834 2546 880 et
2589 826 2859 880 commodi
2896 827 3095 881 medici
3129 840 3278 895 sunt,
3310 846 3407 899 qut

1828 920 2097 975 adversus
2142 918 2470 974 excellentes
2516 924 2572 972 et
2598 920 2944 988 'superanles
2970 919 3189 974 dolores
3235 932 3410 979 artent

1828 1011 2142 1066 adhibendo
2176 1011 2508 1073 consistunt,
2551 1024 2765 1071 eorum,
2818 1024 2940 1077 quae
2986 1010 3167 1065 minus
3203 1011 3409 1069 doloris

1829 1103 2058 1167 faciunt,
2098 1104 2364 1158 malorum
2399 1102 2740 1156 curationem
2767 1100 3100 1155 dilTerentcs.
3137 1101 3412 1167 Quemad-

1828 1196 2047 1249 modum
2090 1202 2271 1249 autem
2323 1196 2514 1248 harum
2562 1209 2744 1248 rerum
2785 1194 2943 1261 periti
2986 1194 3160 1255 aiunt,
3209 1196 3254 1249 si
3301 1196 3411 1249 duo

1829 1286 1992 1342 simul
2039 1286 2132 1340 uni
2166 1282 2383 1356 corpori
2425 1285 2644 1340 dolores
2673 1283 2995 1347 acciderint,
3037 1300 3161 1338 cum
3196 1286 3286 1353 qui
3317 1301 3413 1338 ex-

1829 1386 2049 1448 superet
2098 1393 2163 1432 ac
2192 1376 2505 1431 dominetur
2549 1377 2725 1430 solum
2770 1376 2986 1441 sentiri,
3021 1378 3413 1441 exsuperantia

1829 1472 2172 1541 prtevalentis
2202 1471 2484 1525 cruciatus
2522 1470 2788 1524 minorem
2833 1468 3074 1524 dolorem
3105 1470 3261 1536 quasi
3299 1468 3415 1522 suf-

1832 1563 2049 1618 furante
2083 1582 2097 1618 :
2146 1563 2287 1617 idem
2323 1564 2486 1617 etiam
2533 1562 2590 1616 in
2626 1577 2685 1616 re
2717 1562 2974 1631 praesenti
3010 1560 3410 1615 animadverto.

1827 1652 1963 1709 Nam
1996 1664 2052 1709 et
2082 1669 2257 1709 novus
2288 1661 2582 1721 nosterque
2614 1653 2873 1721 pronrius
2900 1651 3077 1716 dolor,
3116 1654 3183 1708 iis
3222 1654 3410 1720 rebus,

1832 1762 2062 1817 quarum
2116 1746 2373 1799 memoria
2413 1744 2573 1798 nobis
2605 1744 2801 1798 acerba
2852 1750 2954 1809 est,
3006 1743 3207 1809 acrior,
3250 1754 3416 1815 atque

1829 1837 2208 1891 vehementior
2244 1844 2347 1890 est.
2385 1835 2522 1888 Nam
2548 1836 2640 1905 qui
2671 1833 2847 1904 possit
2881 1834 3084 1904 aliquis
3110 1835 3181 1889 ob
3202 1850 3266 1889 ea
3291 1851 3417 1906 quae

1830 1926 2173 1989 acciderunt,
2201 1941 2308 1979 non
2344 1923 2517 1978 allici?
2549 1924 2686 1989 Quis
2712 1926 2896 1978 animo
2939 1925 3075 1979 adeo
3102 1925 3315 1981 alienus
3345 1927 3416 1980 ab

1831 2018 2115 2074 affectibus
2141 2017 2271 2073 est?
2319 2018 2455 2084 Quis
2486 2016 2623 2073 adeo
2666 2017 2913 2072 moribus
2946 2018 3157 2073 ferreus
3209 2027 3315 2083 est,
3357 2026 3417 2073 ut

1830 2111 2040 2180 absque
2066 2110 2257 2165 dolore
2286 2109 2432 2179 quod
2464 2108 2686 2174 accidit,
2721 2109 2999 2178 excipiat?
3046 2108 3233 2165 Nostis
3261 2127 3420 2181 pror-

1832 2212 1951 2253 sum
1983 2212 2225 2255 teneram
2273 2198 2415 2252 hanc
2449 2198 2782 2264 columbam,
2830 2214 2951 2269 quae
2998 2200 3051 2254 in
3102 2200 3231 2254 nido
3268 2202 3418 2273 regio

1830 2291 2199 2357 nutriebatur,
2238 2306 2360 2361 quae
2385 2291 2499 2361 jam
2538 2292 2774 2361 primum
2806 2291 3024 2362 quidem
3059 2292 3249 2347 nitidis
3284 2309 3419 2363 pen-

1832 2383 1917 2436 nis
1950 2381 2191 2437 volucris
2222 2383 2507 2444 evadebat,
2554 2382 2650 2436 sed
2690 2390 2900 2437 aetatem
2938 2384 3129 2453 gratiis
3155 2393 3208 2437 et
3244 2386 3418 2438 virtu--

1833 2471 1982 2525 tibus
2017 2471 2329 2539 superabat,
2371 2480 2429 2525 ut
2473 2471 2663 2526 relicto
2709 2470 2837 2525 nido
2885 2471 3223 2539 discesserit,
3258 2482 3319 2527 ut
3348 2491 3417 2529 ex

1833 2562 2011 2617 oculis
2038 2562 2245 2616 nostris
2270 2561 2590 2625 avolaverit,
2620 2568 2679 2615 ut
2708 2577 2829 2616 eam
2864 2562 3069 2617 invidia
3103 2577 3327 2635 repente
3349 2568 3417 2623 de

1834 2652 2088 2707 manibus
2123 2653 2328 2707 nostris
2368 2654 2633 2723 rapuerit,
2668 2655 2784 2709 sive
2817 2655 3127 2711 columbam
3164 2658 3303 2713 hanc
3335 2659 3420 2714 di-

1832 2754 1960 2795 cere
1990 2748 2231 2810 oportet.
2280 2742 2395 2796 sive
2428 2755 2618 2795 recens
2666 2740 3028 2811 pullulantem
3078 2743 3291 2810 ﬂorem,
3324 2749 3419 2817 qui

1833 2831 2078 2887 nondum
2115 2833 2333 2902 quidem
2387 2840 2502 2888 toto
2533 2849 2634 2890 suo
2668 2835 2961 2905 splendore
2992 2852 3057 2890 ex
3088 2840 3319 2908 genunis
3355 2856 3421 2895 ac

1834 2922 2050 2992 vaginis
2072 2923 2411 2985 emersisset,
2446 2923 2541 2978 sed
2564 2925 2763 2995 partim
2793 2924 3012 2995 quidem
3038 2927 3153 2997 jam
3182 2932 3419 2987 enituis-

1835 3021 1939 3081 sct,
1978 3015 2173 3083 partim
2205 3030 2333 3069 vero
2361 3015 2415 3067 in
2450 3014 2628 3069 lucem
2681 3031 3001 3072 emcrsurus
3050 3030 3367 3087 speraretur
3406 3040 3419 3076 :

1839 3120 1939 3160 nec
1970 3120 2036 3159 eo
2064 3106 2242 3159 minus
2272 3104 2325 3158 in
2369 3107 2564 3177 exigua
2599 3116 2763 3177 atque
2810 3106 3123 3178 imperfecta
3155 3114 3237 3164 sui
3272 3121 3425 3181 parte

1839 3198 2041 3252 mirum
2100 3199 2153 3251 in
2210 3197 2429 3251 modum
2488 3199 2907 3268 resplenderet:
2969 3212 3028 3255 ut
3089 3213 3313 3272 repente
3368 3207 3421 3258 in

143 3296 351 3366 ἄψυχον
400 3294 850 3365 οἰκοδομημάτων
902 3294 1098 3358 κάλλος
1160 3293 1517 3365 διελυμήνατο
1551 3312 1564 3325 ·
1611 3295 1731 3349 οὐδὲ

1835 3304 2044 3359 gemma
2067 3289 2417 3352 emarcncrit,
2448 3303 2512 3342 ac
2543 3290 2859 3359 priusquam
2891 3292 2957 3345 ad
2988 3307 3147 3346 suum
3180 3295 3418 3364 vigorem

143 3385 388 3447 εὐανθεῖς
422 3385 661 3456 γραφὰς,
692 3384 906 3455 ἢλίθων
931 3385 1234 3457 περικαλλῆ
1262 3386 1507 3455 θεάματα
1532 3386 1610 3448 εἰς
1629 3386 1731 3455 γῆν

1837 3379 2199 3450 pervenisset,
2245 3394 2308 3433 ac
2340 3396 2614 3434 summum
2662 3381 3059 3436 incrementum
3108 3392 3303 3439 nactus
3335 3402 3424 3439 es-

143 3474 480 3529 κατέδαλεν·
506 3475 621 3527 ἀλλ’
655 3475 825 3547 αὐτῆς
869 3476 968 3548 τῆς
1022 3476 1236 3544 φύσεως
1281 3476 1341 3528 τὸ
1391 3476 1730 3548 οἰκοδόμημα

1835 3484 1940 3540 set,
1986 3480 2274 3542 totumque
2322 3488 2449 3526 cum
2497 3474 2650 3528 suavi
2676 3473 2841 3528 odore
2875 3474 3124 3530 decorem
3164 3477 3425 3546 panderet

142 3565 397 3639 λαμπρὸν
447 3567 525 3638 τῷ
573 3568 778 3631 κάλλει,
828 3569 1280 3639 ὑπεραττράπτον
1322 3571 1441 3632 ταῖς
1474 3567 1728 3639 χάρισιν,

1835 3579 1899 3619 ac
1923 3564 2276 3629 diﬂ‘underel,
2308 3566 2423 3634 ipse
2465 3565 2616 3619 circa
2648 3580 2706 3619 se
2736 3564 3027 3620 deﬂuxerit
3057 3576 3108 3623 et
3140 3569 3194 3621 in
3239 3570 3426 3637 pulve-

141 3658 357 3731 ἀθρόως
386 3659 710 3731 προσπεσὼν
736 3662 763 3713 ὁ
794 3660 1014 3730 σεισμὸς
1036 3653 1190 3723 οὗτος
1209 3659 1467 3713 διέλυσεν.

1835 3673 1938 3713 rem
1973 3656 2229 3711 redactus
2264 3656 2355 3719 sit,
2390 3672 2553 3726 quem
2587 3673 2764 3726 neque
2794 3660 3085 3729 quisquam
3121 3660 3423 3732 decerpsit,

141 3747 325 3822 neque
353 3753 576 3807 coronis
606 3751 906 3822 adaptavit,
951 3752 1048 3808 sed
1093 3752 1299 3807 frustra
1331 3760 1527 3806 natura
1567 3751 1886 3807 laboravit:
1936 3749 2025 3804 ubi
2059 3749 2263 3802 bonum
2326 3747 2544 3817 quidem
2579 3758 2698 3804 erat
2744 3750 2797 3804 in
2862 3766 2957 3820 spe
3023 3760 3077 3806 et
3143 3763 3427 3824 exspecta-

141 3850 319 3912 tione,
363 3844 569 3901 invidia
600 3862 729 3903 vero
771 3846 935 3916 gladii
985 3847 1158 3902 instar
1201 3863 1268 3902 ex
1312 3854 1633 3903 transverso
1674 3849 1892 3903 irruens
1962 3858 2109 3915 spem
2172 3844 2490 3913 interrupit.
2546 3844 2921 3901 Terraamotus
2980 3849 3204 3918 quirfam
3247 3853 3425 3922 plane,

140 3930 383 4001 fratres,
448 3947 567 3990 erat
646 3936 703 3991 id
771 3936 918 4007 quod
996 3937 1239 4004 accidit,
1306 3945 1653 3993 terrremotus
1716 3937 1928 3992 acerbis
1970 3934 2193 3989 casibus
2247 3933 2420 3988 nihilo
2480 3935 2686 3996 mitior.
2753 3935 2868 3995 Non
2926 3940 3071 3993 enim
3127 3939 3427 3999 inanimum

140 4025 504 4081 adiﬁciorum
533 4027 703 4082 decus
749 4028 1149 4084 labefactavit:
1187 4044 1365 4100 neque
1426 4030 1647 4085 iloridas
1687 4029 1935 4099 picturas
2002 4035 2096 4079 aut
2140 4025 2378 4094 lapidum
2435 4026 2651 4081 eximite
2717 4029 3143 4099 pulchritudinis
3216 4043 3430 4102 Specta-

139 4120 271 4172 cnla
317 4121 466 4174 humi
503 4121 799 4190 prostravit
834 4139 847 4175 :
879 4123 973 4176 sed
1008 4122 1183 4192 ipsius
1205 4132 1420 4177 natura!
1449 4123 1739 4177 aedilicium
1797 4118 2214 4190 pulchritudine
2249 4119 2598 4189 splendidum
2622 4159 2637 4183 ,
2686 4124 2985 4191 gratiarum
3038 4138 3101 4178 ac
3162 4126 3426 4181 virtutum

141 4214 363 4283 fulgore
397 4214 694 4278 excellens,
731 4222 955 4284 repente
986 4214 1189 4283 impetu
1219 4215 1360 4270 facto
1391 4224 1735 4270 terrmmotus
1768 4214 1858 4267 hic
1889 4210 2161 4265 dissolvit.

216 4302 372 4361 Εἶδον
392 4304 505 4376 ἐγὼ
536 4306 629 4360 καὶ
659 4306 720 4359 τὸ
749 4308 948 4378 ὑψηλὸν
977 4307 1149 4379 ἔρνος,
1179 4308 1271 4362 τὸν
1306 4308 1570 4381 ὐψίκομον
1607 4309 1724 4377 φοῖυ

1900 4303 2024 4358 Vidi
2056 4319 2157 4376 ego
2180 4303 2345 4358 etiam
2378 4303 2614 4360 sublime
2651 4304 2783 4357 illud
2828 4317 3073 4373 germen,
3108 4304 3425 4364 alticomam

137 4417 276 4457 νικά
300 4399 381 4472 (το
408 4399 684 4470 βασιλικόν
718 4417 858 4470 φημι
902 4401 1121 4473 κράτος)
1148 4402 1237 4455 τὸν
1276 4406 1397 4467 ταῖς
1432 4402 1734 4473 βασιλικαῖς

138 4494 374 4566 ἀρεταῖς
400 4486 514 4545 οἷον
562 4510 671 4545 τισι
719 4492 932 4557 κλάδοις
963 4493 1144 4565 πάσης
1173 4495 1591 4564 ὑπερανεστῶτα
1640 4494 1738 4563 τῆς

133 4583 478 4655 οἰκουμένης
506 4585 600 4637 καὶ
646 4584 825 4637 πάντα
868 4584 1303 4654 διαλαμὸάνοντα
1337 4601 1350 4615 ⁸
1385 4580 1522 4639 εἶδον
1576 4584 1738 4638 αὑτὸν

136 4673 261 4728 τῶν
289 4673 391 4744 μὲν
415 4673 590 4728 ἄλλων
616 4672 940 4744 κρατοῦντα,
962 4677 1027 4745 τῇ
1058 4674 1114 4726 δὲ
1140 4673 1297 4743 φύσει
1331 4674 1736 4743 καμπτόμενον,

136 4765 247 4820 καὶ
293 4763 433 4836 πρὸς
493 4765 591 4836 τὴν
630 4762 900 4834 ἀποϐολὴν
949 4762 1042 4816 τοῦ
1088 4761 1279 4827 ἄνθους
1310 4763 1734 4834 ὲπικλινόμενον.

138 4852 310 4912 Εἶδον
344 4857 438 4909 καὶ
470 4854 567 4926 τὴν
596 4855 791 4925 εὐγενῆ
820 4852 1120 4925 κληματίδα
1139 4852 1235 4924 τὴν
1275 4852 1740 4925 περιειλημμένην

134 4947 226 5020 τῷ
256 4948 479 5018 φοίνικι,
518 4948 619 5020 τὴν
665 4947 726 5000 τὸ
759 4946 917 5010 ἄνθος
949 4948 1080 5016 ἡμῖν
1116 4945 1274 4998 τοῦτο
1302 4944 1590 5012 ὼδίνασαν,
1622 4945 1739 5009 οῖας

139 5040 365 5109 ὑπέστη
390 5041 455 5093 ἐκ
472 5038 728 5110 δευτέρου
759 5037 918 5091 πάλιν
943 5037 1137 5099 ὠδῖνας
1152 5037 1209 5089 ἐν
1225 5036 1391 5106 ψυχῇ,
1420 5038 1520 5089 οὐκ
1548 5039 1605 5091 ὲν
1636 5035 1741 5089 σώο

139 5150 282 5204 ματι
313 5171 329 5195 ,
362 5132 451 5184 ὅτε
499 5131 670 5201 αὐτῆς
724 5125 878 5193 οὗτος
906 5132 934 5183 ὁ
983 5128 1209 5199 βλαστὸς
1250 5128 1568 5182 ἁπετίλλετο
1596 5145 1610 5159 ’
1645 5129 1740 5192 Τίς

136 5220 499 5282 ἀστενάκτως
533 5219 595 5272 τὸ
620 5218 787 5282 πάθος
815 5217 1202 5289 παρέδραμενς
1232 5216 1326 5280 Τίς
1360 5216 1459 5286 τὴν
1492 5214 1587 5270 τοῦ
1624 5215 1739 5286 βίου

140 5312 357 5382 ζημίαν
385 5311 486 5364 οὐκ
533 5310 851 5383 ὠλοφύρατο
881 5326 896 5376 ;
932 5310 974 5363 Τ
981 5310 1024 5373 ίς
1063 5308 1163 5361 οὐκ
1190 5307 1442 5379 ἐπαφῆκε
1471 5308 1548 5380 τῷ
1578 5308 1740 5362 πάθει

140 5403 361 5473 δάκρυα
403 5418 419 5466 ς
459 5402 553 5466 Tit;
607 5403 668 5455 οὐ
726 5400 984 5471 κατέμιξε
1037 5402 1101 5471 τῇ
1154 5402 1305 5471 κοινῇ
1363 5399 1595 5470 συνῳδὶα
1647 5397 1739 5454 τοῦ

147 5494 352 5567 θρήνου
382 5494 481 5558 τάς
530 5494 663 5555 ἰδίας
699 5494 917 5562 φωνάς;
950 5484 1103 5544 Εἶδον
1132 5490 1309 5561 θέαμα
1356 5490 1564 5556 πιστὸν,
1588 5491 1616 5544 δ
1641 5492 1741 5545 οὐκ

148 5584 217 5644 ἂν
237 5589 324 5652 εἰς
350 5586 531 5641 πίστιν
553 5586 693 5641 ἔλθοι
717 5587 828 5649 τοῖς
854 5585 989 5655 ἀκοῇ
1022 5584 1482 5655 παραδεχομένοις
1511 5583 1580 5637 τά
1608 5584 1741 5638 θαύ-

1842 4395 2081 4463 palmam
2122 4392 2552 4465 (imperatoriam
2590 4393 2715 4449 dico
2747 4393 3065 4463 potentiam)
3105 4411 3226 4464 qua:
3254 4397 3428 4468 impe-

1840 4486 2067 4541 ratoriis
2116 4485 2416 4541 virtutibus
2470 4485 2633 4540 veluti
2681 4485 2848 4558 ramis
2884 4486 3212 4555 quibusdam
3262 4505 3428 4558 supra

1841 4590 2058 4630 omnem
2089 4577 2293 4631 eminet
2326 4575 2512 4630 urbem
2544 4556 2837 4637 tcrraruui,
2891 4582 2944 4629 et
2989 4575 3174 4629 omnia
3224 4556 3434 4646 ample-

1841 4669 2045 4733 ctitur;
2071 4667 2204 4731 vidi,
2231 4668 2476 4739 inquam,
2501 4683 2625 4722 eum
2656 4676 2889 4724 cmteros
2915 4667 3134 4734 quidem
3168 4684 3435 4748 superan-

1843 4768 1947 4815 tem
1982 4771 2148 4831 atque
2182 4760 2510 4829 vincentem,
2548 4770 2760 4817 natura:
2790 4777 2921 4817 vero
2950 4764 3425 4829 succumbentem,

1848 4860 1904 4907 et
1931 4851 2002 4907 ob
2033 4853 2300 4908 amissum
2329 4851 2518 4907 ﬂorem
2548 4852 2827 4906 inclinari.
2882 4851 3005 4906 Vidi
3036 4853 3165 4907 item
3200 4869 3433 4924 genero-

1844 4957 1964 4999 sam
2014 4944 2166 4998 illam
2216 4945 2382 4999 vitem
2435 4960 2599 5013 quam
2636 4946 2814 5013 palma
2849 4945 3100 5013 amplexa
3137 4953 3254 5009 est,
3312 4963 3433 5016 qua:

1845 5034 2036 5090 ﬂorem
2080 5036 2227 5089 hunc
2269 5035 2429 5090 nobis
2477 5045 2804 5106 pepererat,
2860 5036 3180 5105 qualcsuam
3233 5037 3431 5092 iterum

1844 5130 1914 5185 de
1951 5111 2166 5199 integri)
2195 5128 2353 5198 quasi
2384 5128 2606 5198 pariens
2651 5127 2874 5183 dolores
2924 5128 3127 5194 animo,
3166 5146 3272 5186 non
3309 5147 3437 5185 cor-

1842 5233 1975 5289 pore
1997 5218 2284 5282 sustinuit,
2315 5234 2439 5284 cum
2475 5218 2579 5274 hoc
2610 5219 2681 5275 ab
2712 5234 2775 5274 ea
2810 5235 3031 5290 germen
3064 5223 3435 5278 avelleretur?

1842 5310 1981 5378 Quis
2017 5312 2225 5382 absque
2256 5312 2516 5384 lacrymis
2544 5311 2755 5369 cladem
2793 5312 3098 5384 praeteriit?
3145 5313 3281 5380 Quis
3306 5314 3433 5369 vita:

1844 5403 2106 5458 damnum
2134 5419 2243 5459 non
2290 5404 2630 5475 deploravit?
2666 5404 2803 5471 Quis
2833 5404 3131 5460 calamitati
3162 5421 3266 5462 non
3304 5405 3430 5459 illa-

1844 5504 2129 5567 crymatus
2155 5504 2239 5553 cst
2268 5496 2292 5550 ‘l
2344 5496 2480 5564 Quis
2532 5497 2812 5552 connnuni
2844 5498 3138 5553 concentui
3169 5495 3432 5550 lamenta.

1846 5587 2012 5644 tionis
2046 5603 2176 5645 suas
2209 5605 2371 5647 voces
2400 5604 2510 5645 non
2539 5589 2873 5646 admiscuit?
2904 5587 3027 5647 Vidi
3056 5586 3432 5661 spectaculum

2668 5860 2709 5907 κ
