3918 6204
498 337 603 394 867

1767 332 1824 387 S.
1861 330 2191 390 GBEGORII
2217 331 2509 388 NYSSENI

3614 330 3731 389 εει

498 459 709 507 certum
739 457 794 506 et
821 451 1184 520 exploratum,
1216 451 1361 520 quod
1398 451 1488 521 qui
1519 449 1798 505 auditione
1834 465 1909 529 ιισ
1927 449 2066 504 fama

2177 469 2338 521 ματα.
2379 447 2528 503 Εἶδον
2554 449 2613 513 ἐξ
2634 446 2929 519 ἀνθρώπων
2961 444 3190 511 πέλαγος
3223 444 3296 511 τῇ
3322 440 3737 510 πυκνότητιτῶν

500 540 766 595 miracula
799 542 1094 610 accipiunt,
1132 556 1241 594 non
1291 542 1536 595 credant.
1568 539 1684 593 Vidi
1719 541 1943 611 pelagus
1976 541 2075 594 ho-

499 631 728 696 minum,
764 633 909 702 quod
945 632 1253 700 frequentia
1285 639 1763 703 congregatorum,
1810 640 2071 700 tanquam

498 736 640 790 aqua
670 724 919 791 quaedam
944 723 997 775 in
1026 737 1216 777 omnes
1246 731 1427 791 partes
1457 737 1579 776 sese
1606 724 1782 778 oculis
1812 722 2028 776 offerret
2055 740 2068 774 :

498 812 717 881 plenum
750 824 867 868 erat
897 814 1183 883 templum,
1233 814 1453 881 plenum
1500 815 1687 883 templi
1719 814 2068 877 vestibulum,

499 903 758 972 adjuncta
807 905 1014 973 platea,
1071 904 1393 973 angiposta,
1448 904 1617 965 bivia,
1654 904 1853 969 media,
1888 912 2071 958 trans-

499 1009 677 1057 versa,
713 996 890 1065 ampla
918 1003 1182 1049 tectorum
1218 996 1394 1062 spatia
1426 1013 1439 1048 :
1470 995 1732 1064 quidquid
1764 978 2068 1061 videbatur,

497 1085 779 1139 hominum
810 1087 1026 1154 plenum
1057 1092 1196 1147 erat,
1243 1086 1401 1155 quasi
1435 1094 1582 1140 totus
1614 1084 1883 1140 terrarum
1918 1085 2071 1139 orbis

498 1186 718 1243 prOpter
751 1176 961 1235 cladem
996 1183 1049 1230 et
1080 1175 1440 1230 infortunium
1480 1177 1610 1229 illud
1643 1178 1695 1229 in
1728 1193 1894 1230 unttm
1936 1190 2070 1230 con-

496 1267 783 1320 currisset.
820 1266 1203 1335 Spertaeulum
1237 1278 1418 1322 autem
1463 1269 1720 1322 omnibus
1754 1264 2069 1337 propositus

495 1366 613 1411 erat
642 1373 797 1412 sacer
819 1359 908 1413 ille
943 1358 1067 1423 llos,
1096 1360 1188 1429 qui
1215 1359 1269 1413 in
1301 1374 1465 1413 aurea
1494 1359 1685 1413 lectica
1717 1358 2064 1414 offerebatur.

501 1448 568 1502 Ut
600 1449 843 1501 omnium
877 1449 1262 1518 aspicientium
1315 1446 1500 1502 vultus
1537 1448 1762 1502 demissi
1795 1463 1858 1502 ac
1885 1450 2067 1503 musti

497 1542 685 1593 erant!
738 1539 809 1594 Ut
842 1542 1099 1612 lacrymis
1130 1541 1273 1595 oculi
1307 1539 1535 1610 Oppleti,
1587 1555 1783 1593 manus
1818 1541 1959 1592 inter
2010 1556 2069 1594 se

496 1628 738 1689 collisaa,
796 1630 1034 1698 gemitus
1086 1630 1263 1684 adhuc
1299 1629 1552 1683 intimum
1596 1626 1778 1683 cordis
1826 1629 2066 1683 dolorem

495 1717 833 1772 indicantes!
883 1719 995 1773 Non
1030 1716 1160 1772 mihi
1192 1720 1248 1773 in
1296 1720 1389 1772 illo
1425 1727 1668 1788 tempore
1718 1719 1969 1788 (forsitan
2003 1736 2067 1773 ne

493 1810 707 1864 caeteris
730 1809 969 1879 quidem,
1000 1811 1093 1880 qui
1122 1821 1250 1864 tunc
1280 1810 1531 1879 aderant)
1560 1810 1734 1863 visum
1762 1818 1845 1864 est
1874 1826 2065 1864 aurum
2105 1788 2142 1841 Β

493 1901 729 1954 naturali
765 1916 865 1954 suo
896 1902 1091 1954 decore
1136 1903 1407 1955 nitescere
1432 1940 1448 1965 ,
1495 1899 1793 1968 quinetiam
1827 1893 2065 1965 lapidum

497 1989 755 2057 fulgores,
791 1998 844 2042 et
874 1988 1023 2042 aurei
1059 1990 1246 2058 panni,
1290 1996 1344 2042 et
1384 1989 1592 2059 argenti
1642 1988 1981 2057 splendores,
2014 1996 2067 2042 et

494 2074 677 2134 lumen
703 2081 867 2150 ignis,
892 2063 1035 2150 quod
1069 2089 1122 2134 et
1149 2081 1375 2133 multum
1408 2089 1465 2135 et
1494 2080 1774 2149 copiosum
1799 2096 1862 2133 ex
1889 2089 2068 2134 trans-

491 2185 652 2225 verso
709 2170 963 2239 utrinque
1031 2169 1440 2225 continentibus
1494 2169 1669 2224 cereis
1724 2169 2067 2238 lampadibus

492 2264 972 2334 praetendebatur:
1022 2265 1206 2318 omnia
1260 2264 1406 2319 luctu
1450 2265 1611 2319 simul
1660 2265 2063 2335 nigrescebant,

491 2355 626 2409 nihil
678 2357 918 2410 omnium
962 2368 1146 2409 rerum
1194 2357 1505 2411 communis
1547 2357 1823 2411 mmstitize
1872 2372 2067 2426 expers

492 2453 631 2501 erat.
682 2442 835 2499 Tunc
884 2446 1047 2500 etiam
1099 2462 1326 2515 magnus
1373 2446 1535 2501 David
1584 2440 1715 2504 suos
1756 2449 1985 2520 hymnos
2014 2458 2067 2504 et

491 2534 711 2591 laudum
742 2536 1155 2591 decantationes
1182 2536 1659 2593 lamentationibus
1688 2541 2068 2609 accommoda-

488 2628 567 2682 vit
591 2668 605 2691 ,
651 2642 714 2681 ac
748 2643 846 2697 pro
878 2627 1035 2681 hilari
1073 2629 1241 2682 choro
1281 2638 1499 2699 sumpto
1544 2632 1774 2686 invicem
1811 2634 1952 2687 tristi
2004 2649 2068 2689 ac

492 2710 704 2788 lugubri
734 2720 1023 2773 cantilenis
1046 2719 1110 2771 ad
1147 2712 1563 2776 lamentationes
1588 2723 1854 2777 invitavit.
1890 2726 2065 2796 Atque

490 2807 637 2859 omni
676 2822 769 2874 per
820 2808 971 2859 illum
1019 2809 1279 2877 temporis
1325 2809 1617 2864 articulum
1673 2814 1952 2884 voluptate
1997 2815 2067 2869 ab

493 2897 692 2950 animis
724 2898 878 2966 pulsa
912 2905 1075 2968 atque
1107 2907 1402 2964 summula,
1450 2901 1581 2955 sola:
1617 2901 1866 2974 lat-rytua:
1895 2904 2067 2958 homi-

492 2989 657 3043 nibus
695 2989 961 3057 voluptati
996 2997 1169 3042 erant.

564 3080 840 3147 Quoniam
874 3081 1038 3151 igitur
1083 3089 1369 3151 tantopere
1414 3099 1443 3135 a
1488 3085 1901 3152 perturbatione
1927 3091 2100 3152 ratin

493 3176 635 3231 vieta
669 3183 752 3231 cst
785 3195 798 3230 :
829 3177 969 3231 haud
1001 3176 1373 3247 importunum
1410 3178 1571 3232 fuerit
1600 3191 1830 3233 mentem
1870 3182 2066 3253 fatiga-

493 3276 603 3321 tam
667 3278 791 3322 cum
852 3271 1064 3323 ratione
1116 3268 1362 3323 adhibito
1405 3271 1669 3336 consilio,
1723 3274 1900 3340 quoad
1948 3274 2068 3341 ejus

495 3359 608 3413 fieri
655 3367 855 3429 potest,
900 3356 1125 3415 reticere
1179 3368 1342 3432 atque
1380 3360 1722 3415 confirmare.
1760 3362 2065 3418 Periculum

491 3451 637 3506 enim
695 3453 837 3505 haud
895 3468 1120 3522 parvum
1170 3462 1289 3513 cst.
1357 3470 1424 3507 ne
1470 3455 1515 3508 si
1566 3455 1618 3507 in
1677 3454 1778 3507 hoe
1825 3455 2067 3524 Apostoli

498 3538 645 3592 dicto
675 3541 961 3596 audientes
1003 3557 1109 3594 non
1145 3540 1430 3601 fuerimus,
1474 3557 1581 3595 una
1611 3557 1732 3596 cum
1774 3559 1869 3612 spe
1901 3546 2069 3598 desti-

504 3631 642 3684 tutis
677 3630 1129 3685 condemnemur.
1174 3629 1261 3685 Ait
1295 3632 1463 3695 enim,
1513 3630 1968 3700 quemadmodum
2001 3650 2067 3688 ex

492 3736 577 3780 eo,
611 3721 704 3788 qui
740 3716 944 3774 (ludum
985 3722 1270 3785 recitabat,
1312 3721 1642 3785 audivimus,
1681 3737 1787 3775 non
1817 3733 2068 3792 Oportere

495 3810 717 3863 tristitia
749 3826 848 3865 nos
870 3811 1002 3864 allici
1031 3813 1249 3865 nomine
1277 3812 1724 3866 dormientium‘.
1762 3811 1889 3867 Eam
1918 3816 2065 3868 enim

494 3900 962 3967 perturbationem
1025 3900 1241 3953 illorum
1279 3901 1545 3954 duntaxat
1584 3917 1729 3967 esse,
1771 3907 1863 3973 qui
1914 3919 2064 3973 spent

491 4006 600 4043 non
638 3990 893 4043 habeant.
948 3988 1051 4045 Sed
1081 3988 1300 4055 dixerit,
1335 3991 1548 4060 opinor,
1584 3992 1783 4063 aliquis
1812 3995 1877 4048 de
1907 4011 2067 4065 grege

489 4083 989 4152 pus’illanimorum,
1024 4098 1085 4137 ea
1116 4099 1237 4153 quae
1269 4082 1382 4136 fieri
1414 4086 1783 4153 nonpossint,
1820 4085 2063 4140 divinum

491 4173 815 4243 Apostolum
847 4174 1062 4244 jubere,
1098 4185 1151 4229 et
1179 4176 1295 4230 suis
1337 4177 1624 4246 prmccptis
1658 4193 1919 4247 superare
1964 4194 2067 4233 na.

495 4273 697 4319 turam.
733 4266 835 4333 Qui
877 4267 1019 4321 enim
1055 4267 1169 4321 fieri
1199 4275 1399 4336 potest,
1433 4275 1493 4321 ut
1527 4267 1814 4324 affectuum
1852 4282 2067 4339 pertur-

496 4354 771 4411 bationem
806 4365 1027 4427 sUperct
1058 4361 1104 4413 is
1135 4360 1225 4428 Qui
1253 4360 1385 4414 vivit
1414 4360 1467 4413 in
1492 4360 1707 4423 natura,
1739 4377 1845 4416 neu
1882 4361 2065 4416 vinca-

2177 541 2521 595 συνεστώτων
2553 579 2568 604 ,
2603 535 2713 593 οἷόν
2764 556 2817 590 τι
2867 537 3007 606 ὕδωρ
3053 536 3192 587 κατὰ
3249 534 3357 585 πᾶν
3415 531 3575 602 μέρος
3621 535 3737 595 τοῖς

2173 630 2466 701 ὀφθαλμοῖς
2511 628 2960 699 προφαινόμενον,
3004 627 3216 695 πλήρης
3255 627 3284 676 ὁ
3330 622 3449 685 ναός
3485 639 3499 653 ο
3533 623 3736 693 πλῆρες

2172 722 2261 775 τοῦ
2292 722 2419 775 ναοῦ
2468 722 2525 774 τὸ
2559 720 2849 791 προαύλιον
2870 760 2882 779 ,
2915 719 2948 788 ἡ
3002 706 3320 791 ἐκδεχομένη
3366 713 3598 799 πλατεῖα
3620 756 3632 775 ,
3667 714 3738 767 τὰ

2171 814 2405 884 ἄμφοδα,
2430 816 2462 885 ἡ
2500 815 2660 884 μέση,
2691 811 2760 866 τὰ
2784 812 3006 879 πλάγια,
3036 813 3068 881 ἡ
3102 810 3193 861 ἐπὶ
3228 808 3332 861 τῶν
3354 807 3620 878 δωμάτων
3646 806 3737 858 εὔ-

2173 907 2445 978 ρυχωρίαο
2476 908 2582 958 πᾶν
2608 905 2666 958 τὸ
2703 904 2974 975 ὁρώμενον
3008 900 3303 971 ἀνθρώπων
3333 900 3605 967 πλήρωμα
3646 890 3735 966 ἦν,

2172 1000 2357 1070 ὥσπερ
2381 1001 2559 1070 πάσης
2591 1000 2687 1067 τῆς
2716 994 3037 1065 οἰκουμένης
3068 993 3148 1054 είς
3176 989 3362 1043 ταύτὸν
3394 987 3735 1058 συνδραμού-

2173 1110 2272 1162 σης
2294 1092 2387 1144 ἐπὶ
2411 1091 2487 1160 τῷ
2509 1089 2689 1142 πάθει.
2722 1088 2910 1157 Θέσμα
2939 1086 2995 1138 δὲ
3030 1084 3312 1155 προέκειτο
3339 1083 3471 1133 πᾶσι
3507 1080 3569 1131 τὸ
3598 1081 3740 1146 ἱερὸν

2170 1184 2327 1246 ἄνθος
2356 1186 2529 1236 ἐκεῖνο
2580 1181 2673 1235 ἐπὶ
2712 1180 2895 1249 κλίνης
2949 1176 3154 1249 χρυσῆς
3206 1174 3584 1244 κομιζόμενον.
3615 1171 3739 1232 Πῶς

2171 1279 2385 1346 κατηφῆ
2418 1276 2631 1329 πάντων
2662 1270 2728 1344 ἦν
2759 1274 2864 1325 τῶν
2916 1269 3302 1342 προσορῶντων
3327 1266 3396 1319 τὰ
3434 1265 3734 1335 πρότωπαί

2170 1369 2292 1430 Πῶς
2331 1368 2703 1439 δεδακρυμένα
2731 1365 2797 1418 τὰ
2821 1366 3039 1435 ὄμματα
3065 1365 3077 1416 ί
3110 1364 3287 1432 χεῖρες
3318 1356 3577 1428 ἀλλήλαις
3620 1362 3740 1406 συν-

2169 1458 2565 1530 αρασσόμεναιί
2600 1456 2888 1527 στεναγμοὶ
2923 1454 3057 1524 πρὸς
3091 1451 3297 1510 τούτοις
3326 1450 3422 1518 τὴν
3453 1447 3737 1531 ἐγκάρδιον

2169 1551 2358 1620 ὀδύνην
2380 1549 2850 1620 καταμηνύοντεςι
2892 1545 2964 1599 Οὔ
3006 1562 3093 1615 μοι
3116 1541 3258 1606 ἔδοξε
3290 1540 3427 1594 κατὰ
3459 1540 3558 1609 τὴν
3593 1537 3733 1608 ὤραν

2171 1640 2383 1710 ἐκείνην
2413 1640 2572 1709 (τάχα
2593 1639 2647 1692 δὲ
2676 1639 2796 1691 οὐδὲ
2824 1639 2933 1699 τοῖς
2959 1635 3132 1696 ἄλλοις
3153 1633 3260 1685 τῶν
3283 1633 3403 1684 τότε
3432 1630 3730 1697 παρόντων)

2167 1732 2264 1802 τὴν
2296 1733 2359 1784 ὲκ
2388 1730 2597 1798 φύσεως
2631 1730 2787 1801 χάριν
2813 1731 2840 1780 ὁ
2872 1728 3067 1797 χρυσὸς
3096 1724 3459 1786 ἀποστίλϐειν,
3478 1721 3618 1775 ἀλλὰ
3646 1723 3731 1773 καὶ

2169 1825 2221 1874 αἱ
2248 1821 2354 1874 τῶν
2385 1821 2543 1875 λίθων
2591 1822 2785 1887 αὐγαὶ,
2816 1820 2910 1873 καὶ
2942 1818 3008 1872 τὰ
3061 1820 3125 1871 ἐκ
3164 1813 3364 1888 χρυσοῦ
3414 1813 3727 1881 ὑᾳάτματα,

2168 1914 2262 1965 καὶ
2287 1914 2342 1964 αἱ
2375 1912 2467 1965 τοῦ
2493 1913 2731 1982 ἀργύρου
2778 1910 3167 1981 μαρμαρυγαὶ,
3196 1908 3288 1960 καὶ
3320 1906 3378 1957 τὸ
3409 1909 3474 1957 ἐκ
3501 1903 3599 1955 τοῦ
3634 1921 3729 1954 πυ-

2172 2004 2261 2074 ρδς
2281 2003 2413 2072 φῶς,
2447 2002 2578 2055 πολύ
2617 2020 2674 2055 τε
2703 2004 2795 2056 καὶ
2834 2001 3061 2070 ἄφθονον
3107 1999 3244 2051 κατὰ
3271 1997 3337 2050 τὰ
3373 1997 3581 2063 πλάγια
3609 1998 3729 2047 ἐκα-

2167 2094 2400 2166 τέρωθεν
2430 2097 2493 2165 τῇ
2530 2095 2776 2166 συνεχείᾳ
2822 2092 2926 2147 τῶν
2972 2094 3036 2145 ἐκ
3081 2090 3172 2143 τοῦ
3217 2088 3385 2160 κηροῦ
3436 2087 3725 2158 λαμπάδων

2168 2185 2621 2255 παρατεινόμενον
2662 2201 2676 2215 ·
2716 2184 2889 2238 πάντα
2939 2181 3016 2252 τῷ
3060 2180 3243 2235 πένθει
3290 2178 3723 2249 συνεμελαίνετο.

2168 2274 2261 2326 καὶ
2305 2274 2479 2327 πάντα
2531 2277 2741 2344 μετεῖχε
2771 2277 2865 2345 τῆς
2907 2275 3089 2344 κοινῆς
3119 2271 3435 2340 κατηφείας.
3468 2269 3600 2320 Τότε
3633 2268 3727 2320 x1“.

2167 2367 2195 2417 ὁ
2221 2364 2391 2435 μέγας
2418 2366 2578 2419 Δαϐιδ
2600 2365 2698 2429 τὰς
2729 2365 2860 2428 ἰδίας
2891 2365 3157 2436 ὑμνῳδίας
3183 2365 3291 2425 τοῖς
3327 2361 3541 2432 θρήνοις
3568 2360 3728 2431 ἔχρη-

2170 2470 2278 2517 σεν,
2322 2456 2415 2507 καὶ
2442 2455 2561 2508 ἀντὶ
2613 2455 2840 2526 φαιδρᾶς
2878 2453 3228 2526 χοροστασίας
3279 2450 3591 2522 μεταλαϐὼν
3629 2452 3724 2517 τὴν

2167 2546 2363 2618 γοεράν
2412 2563 2472 2598 τε
2531 2547 2624 2599 καὶ
2663 2546 2950 2617 πένθιμον,
2985 2544 3285 2611 ἐξεκαλεῖτο
3333 2545 3457 2605 τοὺς
3499 2542 3725 2613 θρήνους

2166 2637 2279 2697 τοῖς
2301 2634 2536 2704 μέλεσιν.
2576 2636 2757 2704 Πάσης
2783 2634 2837 2686 δὲ
2869 2633 3010 2687 κατὰ
3041 2634 3129 2686 τὸν
3154 2633 3343 2702 καιρὸν
3371 2634 3571 2684 ἐκεῖνον
3603 2630 3728 2711 ἡδο-

2166 2729 2261 2797 νῆς
2295 2728 2399 2781 τῶν
2429 2727 2612 2797 ψυχῶν
2643 2728 3017 2797 ἁπελαθείσης,
3054 2726 3211 2780 μόνον
3240 2721 3306 2797 ἦν
3342 2728 3399 2779 ὲν
3419 2725 3576 2795 ἡδονῇ
3615 2725 3729 2786 τοῖς

2167 2820 2468 2890 ἀνθρώποις
2490 2820 2547 2872 τὸ
2569 2812 2818 2891 δάκρυον.

2250 3078 2464 3157 Ἐπειδὴ
2510 3084 2686 3138 τοίνυν
2709 3070 2956 3137 τοσούτον
2987 3072 3188 3156 ἡττήθη
3226 3084 3317 3138 τοῦ
3351 3083 3547 3148 πάθους
3581 3074 3611 3137 ό
3641 3085 3738 3138 λοὁ

2167 3174 2395 3243 γισμος,
2440 3175 2627 3246 καιρὸς
2674 3175 2740 3227 ἂν
2792 3176 2874 3245 εἴη
2916 3173 2976 3227 τὸ
3028 3175 3303 3244 κεκμηκὸς
3344 3175 3444 3245 τῆς
3494 3175 3738 3238 διανοίας

2167 3265 2254 3319 διὰ
2302 3266 2399 3334 τῆς
2427 3266 2533 3332 τῶν
2586 3266 2859 3337 λογισμῶν
2902 3266 3207 3337 συμϐουλῆς
3254 3254 3330 3332 ὧς
3360 3268 3475 3320 ἔστι
3510 3268 3741 3322 δυνατὺν

2168 3356 2630 3428 ἁναῤῥὼννυσθαι.
2694 3350 2950 3423 Κίνδυνος
3007 3359 3123 3429 γὰρ
3168 3360 3229 3412 οὐ
3301 3360 3524 3431 μικρὸς,
3587 3378 3740 3431 παρσ

2168 3449 2505 3512 ακούσαντας
2556 3450 2613 3502 ὲν
2665 3448 2837 3519 τούτῳ
2868 3451 2963 3518 τῆς
3007 3450 3099 3503 τοῦ
3158 3452 3477 3504 Ἀποστόλου
3535 3452 3735 3520 φωνῆς

2170 3540 2663 3611 συγκατακριθῆναι
2708 3542 2820 3603 τοῖς
2862 3541 3218 3605 ἀνελπίστοις.
3274 3545 3407 3614 Φησὶ
3463 3542 3594 3613 γὰρ,
3633 3562 3745 3598 κα-

2168 3626 2275 3693 θὼς
2328 3631 2417 3684 τοῦ
2461 3630 2999 3699 ὑπαναγινώσκοντος
3054 3634 3257 3704 ἀρτίως
3288 3626 3620 3705 ἠκούσαμεν,
3663 3640 3747 3709 μὴ

2166 3722 2273 3775 δεῖν
2318 3723 2409 3775 ἐπὶ
2454 3722 2559 3775 τῶν
2605 3723 3016 3793 κεκοιμημένων
3052 3725 3351 3778 λυπεῖσθαι.
3391 3727 3581 3779 Μόνων
3623 3730 3747 3800 γὰρ

2166 3811 2322 3864 τοῦτο
2350 3812 2458 3865 τῶν
2492 3813 2589 3865 οὐκ
2615 3815 2844 3884 ἐχόντων
2887 3814 3073 3868 ἐλπίδα
3101 3815 3162 3867 τὸ
3195 3817 3361 3880 πάθος
3391 3812 3541 3871 εἶναι.
3590 3810 3744 3872 Ἀλλ⁴

2166 3905 2309 3956 εἴποι
2341 3922 2421 3967 τις
2466 3905 2530 3959 ἂν
2551 3948 2565 3972 ,
2593 3902 2766 3975 οἶμαι,
2796 3907 2902 3958 τῶν
2951 3908 3448 3981 μικροψυχοτέρων,
3495 3910 3738 3965 ἀδύνατα

2167 3994 2409 4048 κελεύειν
2451 3997 2542 4050 τὸν
2596 3995 2735 4049 θεῖον
2759 3988 3097 4062 ’Λπόστολον,
3123 3998 3217 4051 καὶ
3266 4000 3616 4069 ὑπερϐαίνειν
3644 4002 3741 4071 τὴν

2167 4086 2327 4154 φύσιν
2364 4086 2473 4148 τοῖς
2506 4088 2857 4157 ἐπιτάγμασι.
2893 4088 3014 4149 Πῶς
3045 4090 3151 4160 γάρ
3178 4091 3293 4142 ἐστι
3317 4091 3533 4143 δυνατὸν
3557 4093 3741 4165 ὑπερ-

2167 4177 2397 4249 αρθῆναι
2429 4174 2521 4230 τοῦ
2572 4178 2774 4241 πάθους
2806 4177 2895 4231 τὸν
2920 4181 2977 4231 ἐν
3005 4176 3071 4251 τῇ
3100 4172 3258 4248 φύσει
3300 4181 3493 4246 ζῶντα,
3530 4186 3636 4236 καὶ
3669 4188 3740 4256 μὴ

2166 4270 2497 4341 κρατηθῆναι
2543 4272 2608 4340 τῇ
2669 4268 2811 4342 λύπῃ
2866 4271 2958 4325 ἐπὶ
3017 4271 3238 4342 τοιούτῳ
3291 4273 3557 4343 θεάματι,
3611 4279 3740 4330 ὅταν

2169 4361 2242 4431 μὴ
2272 4359 2392 4414 καθ’
2421 4361 2568 4431 ὥραν
2595 4364 2651 4413 ὲν
2675 4363 2821 4433 γήρα
2870 4363 3122 4436 συμπέσῃ
3170 4367 3198 4418 ὁ
3245 4364 3488 4429 θάνατος,
3528 4367 3662 4420 ἀλλ’
3689 4360 3743 4421 ἐν

495 4459 583 4502 tur
613 4450 680 4501 ab
712 4449 877 4502 animi
929 4449 1116 4505 dolore
1136 4490 1150 4513 ,
1204 4451 1275 4504 ob
1309 4452 1414 4505 tale
1440 4454 1810 4522 spectaculum
1842 4462 2060 4508 contra-

2168 4454 2227 4539 τῇ
2254 4451 2442 4523 πρώτῃ
2466 4451 2650 4524 ἡλικίᾳ
2684 4453 3025 4527 κατασὸεσθῇ
3062 4457 3160 4526 μὲν
3184 4455 3262 4527 τῷ
3287 4457 3497 4527 θανάτῳ
3515 4458 3551 4528 ἡ
3575 4458 3738 4528 ὥρα,

492 4546 603 4601 cto,
639 4555 759 4592 cum
796 4554 902 4593 non
939 4555 1040 4594 suo
1066 4547 1308 4611 tempore
1342 4542 1397 4596 in
1434 4548 1715 4598 senectute
1742 4559 1888 4598 mors
1927 4559 2061 4597 cono

490 4630 695 4702 tigerit,
740 4630 833 4685 sed
883 4629 937 4684 in
968 4631 1141 4702 prima
1172 4636 1328 4688 aetate
1361 4642 1535 4689 morte
1565 4634 1911 4705 pulchritudo
1939 4635 2061 4705 qui-

488 4721 609 4775 dem
668 4721 972 4784 aboleatur,
1021 4722 1294 4790 palpebris
1342 4738 1470 4779 vero
1532 4725 1720 4780 radius
1774 4726 2057 4779 ocdlorum

487 4818 740 4880 tegatur,
796 4825 1060 4882 genarum
1096 4810 1220 4866 item
1268 4812 1439 4867 rubor
1481 4813 1536 4867 in
1566 4814 1828 4884 pallorem
1875 4810 2059 4871 trans;

489 4910 752 4964 mutetur,
798 4917 860 4956 os
897 4917 1116 4973 quoque
1157 4902 1376 4959 silentio
1405 4904 1737 4971 detineatur,
1772 4921 1838 4961 ac
1867 4905 1967 4963 llos
2003 4902 2058 4961 in

489 4990 651 5068 labiis
691 5004 954 5063 apparere
1007 4995 1201 5051 solitus
1237 4997 1557 5067 nigrescat:
1592 4997 1755 5067 idque
1801 5004 1908 5054 neu
1960 5016 2059 5071 pa-

488 5083 736 5139 rentibus
775 5086 934 5140 modo
961 5088 1218 5141 acerbum
1252 5086 1523 5154 videatur,
1559 5089 1913 5144 verumetiam
1943 5093 2060 5145 cui-

486 5174 571 5231 vis
610 5175 1015 5230 ineommodum
1064 5175 1332 5230 intuenti?
1370 5174 1509 5241 Quid
1542 5176 1704 5246 igitur
1736 5192 1838 5232 nos
1869 5178 2061 5232 adver-

487 5282 585 5322 sus
615 5266 756 5322 hos?
804 5264 920 5319 Non
954 5273 1201 5321 nostrum
1232 5266 1482 5328 verbum,
1534 5266 1752 5330 fratres.
1790 5268 2057 5335 dicemus,

488 5357 581 5412 sed
605 5357 810 5410 dictum
835 5371 899 5410 ev
934 5354 1228 5427 Evangelio
1252 5357 1410 5413 nobis
1438 5358 1724 5413 recitatum
1747 5360 1799 5414 in
1824 5359 2060 5415 medium

488 5444 797 5501 all‘eremus.
863 5444 1110 5501 Audistis
1168 5444 1456 5500 Dominum
1504 5446 1778 5503 dicentem
1828 5467 1841 5503 :
1890 5447 2062 5505 Sinite

486 5550 672 5604 parvos
720 5551 934 5606 pueras,
982 5545 1029 5592 et
1064 5554 1126 5592 ne
1157 5538 1479 5606 prohibeatis
1529 5554 1617 5595 eos
1657 5543 1827 5598 venire
1858 5540 1926 5596 ad
1958 5558 2057 5598 me.

563 5714 581 5746 ¹
624 5716 639 5769 l
671 5715 869 5772 Thess.
915 5732 1000 5783 tv,
1037 5716 1103 5770 l9.
1133 5732 1254 5788 sqq.

2163 4544 2409 4617 καλυφθῇ
2456 4545 2514 4598 δὲ
2560 4547 2671 4609 τοῖς
2705 4545 3001 4618 βλεφάροις
3028 4549 3059 4618 ἡ
3090 4548 3197 4601 τῶν
3230 4550 3491 4621 ὀμμάτων
3520 4551 3696 4616 ἀκτὶς
3722 4593 3735 4615 ,

2165 4637 2445 4709 μεταπέσῃ
2464 4637 2519 4690 δὲ
2553 4639 2632 4702 είς
2661 4639 2944 4711 ὠχρότητα
2972 4641 3069 4711 τῆς
3092 4645 3322 4713 παρειᾶς
3348 4642 3407 4695 τὸ
3441 4643 3738 4716 ἐρύθημα,

2162 4726 2404 4798 κρατηθῇ
2433 4728 2487 4781 δὲ
2521 4732 2586 4800 τῇ
2618 4733 2794 4801 σιωπῇ
2821 4731 2882 4783 τὸ
2915 4731 3107 4801 στόμα,
3135 4728 3446 4804 μελαίνηται
3478 4734 3533 4786 δὲ
3552 4735 3630 4788 τὸ
3656 4738 3739 4789 ἐπὶ

2161 4816 2253 4870 τοῦ
2279 4818 2487 4889 χείλους
2529 4820 2722 4886 ἄνθος,
2767 4822 3000 4891 χαλεπὸν
3040 4816 3094 4876 δὲ
3145 4823 3218 4895 μὴ
3255 4812 3411 4894 μόνον
3447 4816 3565 4889 τοῖς
3619 4846 3736 4898 vsa.

2163 4911 2486 4981 νησαμένοις
2516 4912 2672 4967 τοῦτο
2718 4914 2869 4986 δοκῇ,
2903 4915 3038 4968 ἀλλὰ
3068 4918 3160 4970 καὶ
3212 4919 3371 4971 παντὶ
3394 4918 3470 4988 τῷ
3508 4921 3659 4991 πρὸς
3681 4912 3735 4971 τὸ

2164 5000 2333 5065 πάθος
2379 5002 2657 5072 BMs-cavit;
2683 5000 2747 5057 Τί
2792 4997 2883 5058 οὖν
2932 5006 3066 5076 πρὸς
3111 5008 3329 5071 τούτους
3384 5010 3544 5078 ἡμεῖς
3583 5014 3734 5080 ςούχ

2162 5090 2423 5161 ἡμέτερον
2454 5091 2706 5161 ἐροῦμεν,
2729 5092 2965 5162 ἀδελφοὶ,
2989 5094 3163 5163 λόγον,
3194 5096 3329 5150 ἀλλὰ
3350 5094 3445 5168 τὴν
3484 5099 3734 5168 ἀναγνέων

2164 5178 2377 5232 σθεῖσαν
2407 5181 2537 5250 ἡμῖν
2579 5182 2643 5234 ἐκ
2678 5182 2770 5234 τοῦ
2823 5184 3152 5252 Εὐαγγελίου
3202 5188 3357 5257 ῥῆσιν
3409 5187 3735 5260 παραθησό-

2166 5268 2322 5337 μεθα,
2372 5268 2666 5323 Ἠκούσατε
2696 5270 2803 5342 γὰρ
2836 5271 3084 5340 λέγοντος
3108 5262 3201 5327 τού
3233 5276 3431 5346 Κυρίου
3466 5294 3480 5307 ’
3517 5280 3735 5347 Ἅφετε

2157 5362 2228 5415 τὰ
2270 5361 2491 5425 παιδία,
2527 5363 2623 5416 καί
2660 5363 2747 5433 μὴ
2792 5365 3048 5420 κωλύετε
3089 5367 3239 5421 αὐτὰ
3278 5367 3561 5438 ἔρχεσθαι
3578 5370 3737 5439 xpec-

2152 5451 2228 5520 μέ
2258 5470 2271 5482 ο
2306 5452 2423 5506 τῶν
2456 5454 2563 5525 γὰρ
2607 5457 2887 5509 τοιούτων
2914 5458 3083 5511 ἐστὶν
3109 5455 3146 5526 ἡ
3174 5460 3464 5523 ,ϐασιλεία
3498 5447 3617 5515 τῶν
3636 5463 3740 5514 οὐ-

2148 5544 2370 5613 ρανῶν.
2408 5548 2616 5607 Οὐκοῦν
2654 5551 2701 5603 εί
2744 5550 2968 5624 καὶσοῦ
3019 5553 3347 5623 ἀπεφοίτησε
3390 5548 3449 5607 τὸ
3495 5553 3744 5625 παιδίον,
