3918 6204
254 391 363 451 869

1305 386 1375 442 IN
1426 387 1705 444 FUNEBE
1748 388 2172 448 PULCBERME
2224 386 2502 445 ORATIO.

3418 386 3522 447 870

253 508 394 564 ἀλλά
423 503 560 576 πρὸς
592 503 683 556 τὸν
709 500 985 572 Δεσπότην
1022 500 1335 572 ἀπέδραμεν
1360 519 1376 533 ο
1413 480 1609 554 σοι’τδν
1636 501 1827 571 ὀφθαλ.

1962 499 2152 553 l'ulr'um
2182 499 2321 552 enim
2354 509 2430 551 est
2467 512 2682 567 regnum
2707 496 3012 552 ctrlorum’.
3044 497 3280 555 Proinde
3309 499 3528 555 etiamsi

263 602 362 674 μὸν
392 597 657 658 ἔκλεισεν,
680 593 816 647 ἀλλά
845 593 922 663 τῷ
946 593 1085 662 φωτὶ
1106 592 1184 663 τῷ
1212 594 1415 662 αἰωνίῳ
1436 593 1698 663 διήνοιξεν
1715 610 1728 624 ·
1748 593 1848 658 τῆς

259 689 367 758 σῆς
387 685 595 754 ἀπέστη
618 682 921 753 τραπέζης,
954 681 1090 735 ἀλλά
1118 684 1183 751 τῇ
1216 680 1480 751 ἀγγελικῇ
1508 680 1807 751 προσετέθη
1831 697 1843 708 ·

258 776 418 830 ἐνθεν
467 776 525 828 τὸ
581 772 747 841 φυτὸν
799 770 1116 840 ἀνεσπάσθη
1141 809 1157 833 ,
1207 770 1340 824 ἀλλά
1411 772 1488 842 τῷ
1540 771 1850 841 παραδείσῳ

259 865 620 937 ἐνεφυτεύθη.
646 867 711 917 ἐκ
738 861 1013 933 βασιλείας
1052 864 1131 925 εἰς
1162 862 1434 933 βασιλείαν
1472 863 1703 933 μετέστη
1733 880 1747 893 ο
1773 864 1853 930 ἐξ·

259 964 489 1017 εδύσατο
522 962 583 1014 τὸ
634 962 735 1030 τῆς
766 955 1052 1028 πορψύρας
1083 956 1263 1020 ἄνθος,
1292 957 1427 1009 ἀλλά
1471 959 1569 1026 τῆς
1614 958 1725 1011 ἀνω
1758 957 1852 1027 βα-

262 1050 474 1113 σιλείας
503 1050 601 1121 τὴν
626 1046 915 1118 περιϐολὴν
943 1044 1246 1099 ἐνεδύσατο.
1272 1046 1425 1098 Εἴπω
1477 1064 1557 1099 σοι
1585 1046 1683 1116 τὴν
1721 1046 1852 1117 ὓλην

258 1142 357 1196 τοῦ
385 1142 528 1195 θείου
566 1139 860 1209 ἐνδύματος
880 1153 892 1167 ·
915 1136 976 1190 οὑ
1012 1136 1156 1189 λίνον
1182 1136 1350 1199 ἐστὶν,
1380 1137 1499 1190 οὐδὲ
1532 1137 1697 1207 ἔριον,
1732 1138 1851 1190 οὑδὲ

258 1229 331 1282 τὰ
375 1230 439 1281 ἐκ
473 1226 654 1297 σηρῶν
704 1227 941 1296 νήματα.
973 1226 1238 1277 Ἀκουσον
1265 1226 1357 1278 τοῦ
1385 1227 1567 1289 Δαϐὶδ,
1600 1228 1721 1279 ὅθεν
1765 1227 1852 1291 ἐξ-

258 1317 585 1387 υφαίνεσθαι
607 1317 754 1385 λέγει
777 1317 854 1386 τῷ
880 1316 998 1387 Θεῷ
1020 1317 1086 1369 τὰ
1110 1315 1382 1387 ἐνδύματα
1409 1334 1425 1349 ο
1465 1319 1853 1388 Ἐξωμολόγη.

262 1426 374 1462 σιν
396 1409 493 1461 καὶ
532 1407 1047 1476 μεγαλοπρέπειαν
1092 1408 1383 1473 ἐνεδύσω,
1425 1409 1853 1481 ἀναϐαλλόμενος

263 1499 387 1568 φῶς
415 1500 492 1563 ὡς
527 1499 759 1569 ἱμάτιον.
791 1499 951 1568 Ὁρᾷς
976 1494 1067 1551 οἷα
1108 1499 1223 1552 ἀνθ’
1255 1501 1379 1552 οἴων
1406 1500 1709 1569 ἡλλάξατο;
1750 1503 1856 1553 Λυ-

264 1594 363 1642 πεῖ
394 1608 453 1642 σε
482 1590 542 1645 τὸ
568 1589 663 1642 τοῦ
686 1587 937 1659 σώματος
969 1588 1161 1653 κάλλος
1196 1591 1393 1660 μηκέτι
1423 1591 1768 1661 φαινόμενον,
1793 1592 1853 1644 ού

264 1684 377 1751 γὰρ
397 1681 528 1750 δρᾷς
560 1679 725 1748 αὐτῆς
751 1679 812 1731 τὸ
837 1678 1087 1749 ἀληθινὸν
1118 1680 1215 1750 τῆς
1238 1679 1415 1749 ψυχῆς
1447 1680 1641 1744 κάλλος
1666 1720 1680 1744 ,
1716 1680 1743 1732 ὃ
1763 1679 1856 1734 νῦν

263 1775 315 1824 ἐι
362 1775 422 1844 τῇ
454 1771 758 1841 πανηγύρει
789 1772 896 1823 τῶν
922 1772 1186 1842 οὐρανίων
1224 1771 1532 1840 ἀγάλλεται.
1573 1772 1659 1837 Ὠς
1695 1773 1858 1836 καλὸς

1955 597 2064 643 ate
2086 588 2350 643 discessit
2388 588 2591 656 puella,
2626 594 2868 641 attamen
2899 587 2967 641 ad
3003 586 3292 643 Dominum
3327 605 3521 645 recur-

1953 680 2048 743 rit,
2080 673 2178 733 tibi
2211 680 2430 734 oculum
2457 678 2675 739 clausit,
2712 679 2805 732 sed
2838 678 3029 731 lumini
3054 686 3260 733 aeterno
3281 682 3527 749 aperuit;

1952 784 1981 823 ιι
2016 776 2107 821 tua
2145 783 2333 822 mensa
2368 776 2577 821 remota
2624 779 2743 830 est,
2793 767 2888 821 sed
2940 768 3194 837 angelica:
3242 769 3527 835 adhibita;

1952 858 2080 912 hinc
2107 858 2289 929 planta
2318 858 2533 912 revulsa
2566 864 2672 918 est,
2704 864 2757 910 at
2784 858 2839 910 in
2871 857 3129 926 paradiso
3159 865 3276 911 sata
3304 869 3424 924 est;
3460 860 3529 915 de

1954 962 2123 1017 regno
2168 946 2236 1000 ad
2280 962 2504 1015 regnum
2558 946 2803 1001 traducta
2868 956 2974 1013 est,
3039 962 3289 1018 purpurae
3339 948 3528 1005 ﬂorem

1952 1040 2127 1104 exuit,
2165 1048 2220 1092 at
2253 1038 2437 1109 superi
2475 1040 2627 1106 regni
2667 1039 2927 1092 amictum
2964 1041 3158 1093 induit.
3212 1039 3399 1095 Dicam
3432 1042 3531 1096 libi

1954 1132 2240 1186 materiam
2281 1131 2425 1184 unde
2475 1130 2783 1184 confectum
2833 1140 2916 1185 cst
2949 1133 3193 1187 divinum
3244 1134 3532 1190 indumen-

1954 1232 2068 1276 tum
2105 1241 2118 1276 :
2163 1239 2270 1277 non
2297 1223 2465 1276 linum
2496 1230 2599 1284 est,
2630 1237 2805 1290 neque
2832 1222 2977 1287 lana,
3007 1239 3180 1293 neque
3214 1225 3299 1278 [ila
3330 1227 3527 1281 serica.

1953 1315 2095 1368 Audi
2132 1313 2407 1380 Davidem,
2434 1311 2577 1365 unde
2610 1310 2717 1365 Deo
2745 1315 2961 1368 contexi
2996 1314 3314 1369 indumenta
3348 1317 3526 1372 dicat:

1955 1405 2346 1474 Coufessionem
2379 1415 2427 1457 et
2473 1403 2918 1471 magniﬁcentiam
2952 1404 3234 1471 induisli',
3272 1407 3530 1475 superin-

1950 1496 2149 1565 jicicns
2198 1496 2380 1550 lumen
2432 1496 2588 1563 quasi
2639 1495 2883 1562 pallium.
2946 1495 3108 1552 Vides
3158 1513 3279 1566 qua:
3326 1498 3529 1566 quibus

1955 1588 2408 1644 commutaverit?
2450 1589 2612 1658 Angit
2658 1598 2709 1643 tc
2756 1597 2919 1655 atque
2960 1591 3249 1645 molestum
3291 1598 3375 1645 est
3408 1591 3525 1654 tibi,

1955 1681 2099 1749 quod
2148 1681 2398 1749 corporis
2438 1681 2603 1733 decor
2656 1696 2765 1734 non
2817 1682 3052 1749 amplius
3101 1689 3370 1750 apparet:
3419 1695 3527 1735 non

1957 1770 2103 1825 enim
2137 1770 2288 1825 vides
2318 1770 2438 1840 ejus
2474 1784 2652 1823 veram
2689 1768 2856 1822 animi
2891 1770 3374 1838 pulchritudinem.
3407 1784 3529 1837 qua:

263 1866 477 1925 ἐκεῖνος
514 1863 542 1915 ὁ
578 1862 854 1932 ὀφθαλμὸς
895 1864 923 1915 ὁ
955 1862 1047 1915 τὸν
1094 1862 1225 1916 Θεὸν
1276 1863 1485 1933 βλέπων
1519 1864 1531 1916 l
1569 1864 1644 1926 ὠς
1671 1864 1769 1934 ἡδὺ
1799 1866 1857 1916 τὺ

1962 1877 2107 1916 nunc
2138 1862 2193 1915 in
2222 1871 2496 1916 conventu
2532 1862 2773 1917 coalitum
2816 1861 3052 1915 exsultat
3080 1869 3247 1930 atque
3272 1861 3483 1915 laetatur
3514 1878 3527 1913 :

265 1956 450 2026 στόμα
485 1957 606 2019 ταῖς
640 1954 812 2019 θείαις
859 1955 1152 2027 ὑμνῳδίαις
1208 1955 1711 2027 καλλωπιζόμενονί
1756 1956 1851 2011 Ἐκ

262 2047 569 2115 στόματος
591 2046 721 2116 γάρ,
748 2046 900 2115 φησὶ,
928 2046 1162 2112 νηπίων
1189 2048 1283 2100 καὶ
1317 2047 1690 2114 θηλαζῢντων
1711 2064 1851 2101 κατ-

260 2136 498 2203 ηρτίσω
541 2130 732 2188 αἶνον.
773 2136 862 2198 Ὡς
899 2134 1064 2188 καλαὶ
1090 2137 1147 2189 αἱ
1186 2139 1365 2207 χεῖρες
1399 2138 1455 2189 αἱ
1499 2137 1765 2209 μηδέποτε
1793 2137 1853 2190 τὸ

264 2224 444 2278 κακὸν
478 2227 838 2296 ἐνεργήσασαι
874 2228 886 2279 l
930 2226 1004 2289 ὡς
1030 2226 1219 2297 ὡραῖοι
1247 2228 1297 2279 οἱ
1335 2227 1525 2293 πόδες,
1552 2228 1600 2279 oi
1632 2228 1707 2298 μὴ
1731 2230 1852 2281 ἐπι-

265 2318 468 2380 δάντες
507 2318 742 2381 κακίας,
788 2317 922 2387 μηδὲ
968 2320 1033 2389 τῇ
1088 2317 1191 2389 6δῷ
1248 2318 1355 2372 τῶν
1412 2319 1748 2390 ἁμαρτωλῶν
1792 2318 1854 2372 τὸ

266 2410 422 2480 [χνος
469 2407 675 2461 ἑαυτῶν
736 2396 1125 2477 ἐπιστήσαντες
1168 2410 1181 2464 l
1231 2410 1306 2474 ὡς
1369 2410 1506 2481 καλὴ
1556 2413 1703 2464 πᾶσα
1755 2411 1854 2481 τῆς

261 2502 453 2571 ψυχῆς
476 2501 741 2572 ἐκείνηςή
768 2499 909 2570 ὖψις,
937 2502 995 2554 οὑ
1027 2500 1188 2554 λίθων
1216 2502 1410 2569 αὐγαῖς
1447 2502 1852 2572 κεκοσμημένη,

267 2593 393 2645 ἀλλ’
428 2592 690 2663 ἁπλότητι
721 2594 815 2646 καὶ
849 2592 1055 2663 ἀκακία
1074 2591 1470 2662 ἐκλάμπουσαῑ
1516 2592 1673 2645 Ἀλλά
1700 2592 1856 2646 λυπεῖ

268 2702 334 2737 σε
371 2684 539 2754 τυχὸν
568 2684 630 2738 τὸ
678 2685 752 2756 μὴ
785 2687 861 2748 εἰς
889 2684 1065 2755 γῆρας
1090 2684 1283 2738 ἐλθεῖν.
1324 2684 1388 2737 Τί
1436 2683 1561 2753 γὰρ,
1586 2683 1702 2737 εἰπέ
1745 2701 1854 2753 μοι,

265 2776 440 2828 καλὸν
471 2778 662 2849 ἐνορᾷς
684 2776 759 2846 τῷ
788 2778 969 2847 γήρα;
1000 2772 1143 2847 *Λρα
1191 2775 1352 2833 δειλὸν
1384 2774 1444 2827 τὸ
1487 2773 1762 2838 κνίζεσθαι
1790 2774 1858 2827 τὰ

266 2859 526 2931 ὄμματα,
550 2861 610 2913 τὸ
634 2861 927 2932 ρυσοῦσθαι
952 2862 1049 2932 τὴν
1089 2862 1341 2933 παρειὰν,
1361 2863 1421 2915 τὸ
1440 2863 1701 2933 ἀπορρεῖν
1731 2865 1857 2926 τοὺς

267 2951 495 3013 ὀδόντας
544 2952 639 3005 τοῦ
695 2952 982 3020 στόματος,
1028 2954 1119 3006 καὶ
1170 2953 1462 3023 ψελλισμὸν
1518 2956 1763 3024 ἐμποιεῖν
1792 2955 1857 3025 τῇ

270 3040 519 3112 γλώσσῃ,
558 3041 619 3095 τὸ
666 3044 993 3115 ὑποτρέμειν
1040 3046 1104 3115 τῇ
1148 3045 1325 3114 χειρὶ,
1361 3046 1454 3098 καὶ
1488 3047 1565 3108 εἰς
1613 3049 1716 3117 γῆν
1764 3046 1860 3099 κύ-

271 3149 457 3194 πτειν,
481 3134 574 3186 καὶ
620 3134 951 3198 ὑποσκάζειν
982 3134 1058 3205 τῷ
1096 3136 1239 3197 ποδὶ,
1267 3135 1359 3188 καὶ
1401 3140 1752 3206 χειραγωγοῖς
1772 3139 1863 3190 ἐπ-

1957 1968 2118 2022 quam
2161 1954 2447 2023 speciosus
2482 1954 2571 2009 ille
2592 1954 2807 2017 oculus,
2834 1953 2927 2023 qui
2961 1951 3129 2007 Deum
3159 1952 3305 2006 videt
3328 1970 3342 2007 :
3368 1965 3531 2020 quam

1959 2058 2127 2099 suave
2156 2058 2218 2100 os
2257 2043 2568 2100 divinarum
2623 2046 2844 2100 laudum
2879 2044 3261 2100 decantatione
3292 2058 3533 2098 exorne-

1959 2145 2047 2189 tur
2079 2151 2092 2185 :
2132 2133 2215 2188 Ex
2247 2152 2335 2190 ore
2355 2137 2521 2200 enim,
2554 2136 2751 2206 inquit,
2794 2136 3080 2204 infantium
3129 2145 3175 2189 et
3224 2135 3536 2190 (calentium

1958 2225 2225 2295 ρει-[εεὶδῑὶ
2279 2226 2544 2281 laudem‘.
2604 2227 2779 2293 Quam
2828 2228 3069 2297 pulchrae
3119 2243 3357 2293 manus,
3416 2241 3543 2296 qua

1960 2333 2238 2387 nunquam
2267 2320 2468 2372 malum
2492 2327 2728 2388 operata:
2751 2322 2907 2376 sunt!
2947 2316 3118 2385 Quam
3137 2319 3322 2375 decori
3347 2318 3535 2389 pedes,

1965 2408 2058 2478 qui
2092 2407 2157 2461 ad
2191 2408 2493 2477 nequitiam
2527 2414 2690 2477 atque
2724 2408 2985 2462 malitiam
3017 2422 3129 2461 non
3161 2414 3533 2471 accesserunt,

1966 2514 2144 2569 neque
2187 2501 2241 2553 in
2280 2500 2361 2553 via
2394 2506 2745 2570 peccatorum
2786 2501 3076 2571 vestigium
3109 2515 3269 2555 suum
3303 2499 3534 2569 impres-

1964 2594 2184 2648 scrunt!
2242 2591 2414 2657 Quam
2466 2591 2717 2662 speciosa
2769 2599 2881 2646 tcta
2912 2591 3109 2645 animae
3158 2591 3301 2644 illius
3346 2589 3534 2654 facies,

1962 2701 2072 2739 non
2125 2682 2363 2752 lapidum
2408 2683 2713 2755 fulgoribus
2758 2691 2975 2746 ornata,
3023 2681 3118 2737 sed
3162 2682 3533 2751 simplicitate,

1965 2775 2282 2845 integritate
2307 2784 2361 2829 et
2388 2774 2698 2830 innocentia
2726 2773 3119 2844 resplendcns'.
3154 2771 3261 2826 Sed
3303 2772 3538 2826 forsitan

1965 2866 2115 2935 angit
2152 2873 2227 2929 te,
2275 2864 2420 2934 quod
2456 2863 2524 2918 ad
2555 2872 2889 2935 senectutem
2930 2876 3038 2915 non
3090 2858 3360 2929 pervenit.
3395 2854 3539 2922 Quid

1964 2972 2117 3020 vero,
2164 2957 2252 3011 dic
2283 2956 2415 3009 mihi
2442 2995 2456 3020 ,
2509 2954 2720 3026 pulchri
2746 2931 2943 3008 .ccrnis
2988 2952 3043 3005 in
3070 2946 3408 3004 senectute?
3459 2947 3539 3002 An

1966 3050 2254 3121 pulchrum
2298 3050 2513 3119 prurire
2561 3064 2625 3103 ac
2672 3047 2860 3102 fricari
2893 3044 3106 3106 oculos,
3144 3039 3422 3112 corrugari
3454 3054 3542 3108 ge-

1968 3158 2090 3205 nas,
2130 3157 2199 3196 ex
2234 3156 2329 3196 ore
2359 3140 2598 3195 deﬂuere
2633 3140 2848 3203 dentes,
2901 3145 2954 3190 et
2996 3137 3194 3206 linguae
3241 3132 3540 3187 balbutiem

272 3222 602 3293 ερείδεσθαι,
639 3226 733 3277 καὶ
758 3228 1048 3294 παρανοεῖν
1070 3228 1132 3295 τῇ
1175 3226 1387 3297 καρδίᾳ,
1420 3227 1513 3279 καὶ
1542 3227 1857 3296 παραφθέγ-

1964 3235 2314 3303 ingenerari,
2348 3233 2602 3287 manibus
2638 3230 3085 3298 subtremiscere,
3123 3228 3189 3281 ad
3221 3234 3422 3280 terram
3455 3225 3541 3277 in-

274 3312 474 3380 γεσθαι
496 3317 560 3385 τῇ
595 3318 745 3385 φωνῇ
776 3360 789 3380 ,
818 3313 905 3368 οἷα
942 3318 1008 3387 τῇ
1047 3316 1231 3387 ἡλικίᾳ
1258 3317 1433 3389 ταύτῃ
1460 3319 1583 3370 κατ’
1614 3318 1860 3387 ἀνάγκην

277 3402 568 3474 συμϐαίνει
616 3406 797 3475 πάθω
824 3408 934 3459 Καὶ
981 3407 1122 3477 ὑπὲρ
1170 3406 1359 3459 τούτου
1416 3408 1858 3478 ἀγανακτοῦμεν,

276 3496 363 3550 ὅτι
394 3497 474 3567 μὴ
501 3497 727 3566 ἀφίκετο
756 3500 835 3561 είς
881 3500 979 3569 τὴν
1026 3498 1130 3552 τῶν
1176 3497 1432 3551 τοιούτων
1485 3502 1710 3570 πεῖραν;
1754 3501 1863 3554 Καὶ

283 3589 395 3659 μὴν
416 3589 732 3661 συγχαίρειν
759 3591 1023 3662 προσήκει
1055 3590 1283 3661 ἐκείνοις
1301 3630 1315 3652 ,
1341 3583 1415 3642 ὧν
1437 3590 1468 3659 ἠ
1496 3589 1609 3662 ζωὴ
1638 3590 1735 3661 τὴν
1754 3589 1862 3643 τῶν

281 3680 624 3752 σκυθρωπῶν
656 3684 848 3751 πεῖραν
879 3682 940 3734 οὐ
981 3681 1331 3752 παρεδέξατο,
1354 3680 1447 3732 καὶ
1482 3678 1603 3733 οὔτε
1633 3680 1863 3734 ἐνταῦθα

279 3770 391 3823 τῶν
420 3771 675 3843 λυπηρῶν
705 3771 918 3841 ᾔσθετο,
946 3770 1068 3824 οὔτε
1093 3788 1145 3823 τι
1203 3771 1312 3824 τῶν
1358 3772 1476 3823 ἐκεῖ
1527 3769 1863 3841 σκυθρωπῶν

281 3861 664 3932 ἐπιγνώσεται.
705 3863 769 3915 Ἠ
808 3862 916 3933 γὰρ
948 3861 1173 3934 τοιαύτη
1205 3862 1349 3933 ψυχὴ
1376 3864 1409 3931 ἡ
1437 3862 1536 3914 οὐκ
1558 3860 1753 3931 ἔχουσα
1776 3861 1861 3931 ἐφ’

281 3956 392 4026 ὅτῳ
415 3957 494 4020 είς
532 3956 713 4027 κρίσιν
745 3954 892 4026 ἔλθῃ,
940 3955 1162 4023 γέενναν
1188 3954 1247 4008 οὑ
1280 3953 1543 4023 φοϐεῖται,
1575 3952 1755 4023 κρίσιν
1799 3953 1861 4007 οὑ

281 4046 517 4101 δέδοικεν
536 4063 550 4077 ’
577 4046 777 4116 ἄφοϐος
826 4046 1066 4117 διαμένει
1108 4046 1204 4100 καὶ
1240 4044 1680 4115 ἀκατάπληκτος,
1709 4044 1863 4097 οὑδε-

282 4139 372 4205 νὸς
417 4138 651 4210 πονηροῦ
705 4138 1003 4201 συνειδότος
1043 4137 1134 4190 τὸν
1162 4140 1261 4207 τῆς
1295 4136 1528 4208 κρίσεως
1570 4136 1731 4205 φόὸον
1764 4137 1861 4189 ἐπ-

283 4234 528 4301 άγοντος.
559 4230 699 4284 Ἀλλ’
725 4230 851 4297 ἔδει,
887 4229 1073 4299 φησιν,
1122 4227 1291 4298 αὐτὴν
1319 4229 1397 4290 είς
1427 4229 1624 4299 μέτρον
1650 4227 1864 4299 ἡλικίας

284 4324 481 4388 ἐλθεῖν,
522 4323 615 4375 καὶ
653 4321 909 4393 νυμφικῷ
959 4320 1183 4391 θαλάμῳ
1213 4318 1693 4390 ὲμφαιδρυνθῆναι.
1726 4320 1864 4374 Ἀλλ’

285 4418 401 4487 ἐρεῖ
425 4434 506 4469 σοι
531 4416 668 4487 πρὸς
694 4415 851 4469 τοῦτο
876 4415 904 4467 ὁ
926 4413 1178 4485 ἀληθινὸς
1206 4411 1460 4482 νυμφίος,
1492 4414 1573 4467 δτι
1603 4414 1864 4484 κρείττων

284 4511 317 4578 ἡ
338 4507 565 4579 οὐρανία
602 4508 841 4569 παστὰς.
875 4508 1265 4579 προτιμότερος
1298 4510 1501 4572 ἐκεῖνος
1540 4509 1569 4560 ὁ
1602 4506 1861 4577 θάλαμος,

283 4601 342 4653 ἐν
386 4593 433 4668 ᾧ
460 4599 683 4671 χηρείας
732 4600 894 4668 φόϐος
920 4600 1017 4653 οὑκ
1051 4598 1217 4653 ἔστιν.
1253 4600 1408 4663 Τίνος
1440 4596 1552 4665 οὖν,
1588 4598 1708 4652 εἰπέ
1750 4616 1862 4669 μοι,

282 4690 393 4744 τῶν
439 4688 621 4743 καλῶν
672 4690 1041 4761 ἀπεστέρηται
1068 4690 1158 4743 τὸν
1191 4688 1441 4760 σάρκινον
1487 4689 1673 4742 τοῦτον
1706 4688 1861 4741 ἐκδυ-

284 4781 496 4851 σαμένη
553 4779 703 4852 βίον’;
730 4781 883 4834 Εἴπω
921 4796 1001 4833 σοι
1054 4779 1121 4834 τὰ
1174 4779 1265 4833 τοῦ
1315 4779 1430 4850 βίου
1493 4778 1661 4833 καλά’
1696 4779 1865 4832 λύπαι

284 4871 382 4924 καλ⁵
414 4871 617 4941 ἡδοναὶ,
648 4871 808 4941 θυμοὶ
847 4871 938 4923 καὶ
971 4868 1140 4938 φόϐοι,
1170 4869 1381 4931 ἐλπίδες
1416 4869 1510 4922 καὶ
1555 4867 1861 4938 ἐπιθυμίαιο

284 4962 461 5017 ταῦτά
494 4965 608 5017 ἐστι
641 4962 733 5016 καὶ
780 4962 847 5016 τὰ
884 4961 1105 5015 τοιαῦτα
1143 4955 1224 5025 οἷς
1268 4960 1407 5028 κατὰ
1448 4961 1546 5032 τὴν
1585 4961 1864 5032 παροῦσαν

283 5056 432 5128 ζωὴν
465 5054 948 5127 συμπεπλέγμεθα.

1961 3326 2201 3389 curvari,
2232 3326 2470 3379 titubare
2511 3333 2675 3393 atque
2705 3321 3124 3377 subclaudicare
3154 3318 3404 3387 pedibus,
3437 3316 3533 3370 dn-

1961 3418 2118 3471 cibus
2158 3417 2344 3479 inniti,
2385 3417 2638 3486 desipere
2667 3413 2832 3469 corde
2867 3427 2930 3466 ac
2961 3412 3225 3472 delirare,
3273 3422 3406 3462 voce
3441 3407 3533 3460 abo

1960 3506 2127 3562 surda
2156 3516 2321 3577 atque
2352 3508 2528 3577 inepta
2562 3503 2952 3576 pronuntiare?
2994 3502 3187 3569 Qualia
3231 3499 3360 3554 huic
3391 3497 3539 3552 aetati

1964 3600 2280 3656 necessario
2332 3600 2588 3655 accidunt
2637 3597 3001 3653 incommoda.
3054 3595 3118 3649 Et
3151 3594 3358 3649 idcireo
3402 3591 3541 3646 indi-

1962 3707 2192 3762 gnamur
2230 3700 2284 3746 et
2310 3691 2743 3757 stomachamur,
2794 3688 2940 3760 quod
2970 3688 3037 3742 ad
3067 3683 3334 3755 ejusmodi
3365 3683 3541 3737 malo-

1963 3799 2086 3837 rum
2121 3783 2512 3853 experientiam
2541 3797 2649 3837 non
2690 3778 3035 3851 pervenerit?
3080 3778 3243 3847 Atqui
3276 3776 3538 3847 gratulari

1963 3874 2220 3927 convenit
2263 3873 2374 3927 illis
2429 3887 2662 3943 quorum
2712 3873 2821 3926 vita
2871 3885 3053 3927 rerum
3103 3869 3423 3924 acerbarum
3476 3880 3541 3919 ac

1961 3963 2204 4018 tristium
2242 3964 2544 4035 periculum
2571 3979 2679 4018 non
2709 3963 2858 4027 fecit,
2889 3970 2943 4018 et
2976 3976 3100 4016 cum
3144 3959 3234 4014 hic
3257 3958 3392 4013 nihil
3421 3971 3539 4011 mo-

1961 4052 2135 4109 lestia‘.
2165 4053 2426 4119 senserit,
2471 4060 2586 4106 tum
2619 4053 2754 4107 nihil
2783 4053 3102 4108 acerbitatis
3132 4051 3247 4106 illlc
3294 4048 3543 4118 experie-

1963 4154 2075 4199 tur.
2105 4142 2237 4199 Nam
2272 4144 2544 4215 ejusmodi
2580 4146 2786 4209 anima,
2832 4160 2955 4200 cum
2994 4144 3205 4198 nullum
3237 4142 3293 4195 in
3334 4157 3393 4195 se
3432 4140 3541 4193 cri-

1964 4250 2090 4290 men
2120 4234 2339 4296 habeat,
2375 4235 2535 4304 cujus
2576 4235 2796 4289 nomine
2820 4235 2875 4288 in
2904 4233 3170 4302 judicium
3207 4230 3408 4291 veniat,
3447 4244 3541 4299 ge-

1966 4325 2202 4381 hennam
2233 4339 2343 4379 non
2370 4326 2582 4389 metuit,
2604 4324 2872 4394 judicium
2906 4340 3016 4379 non
3044 4324 3195 4377 timet
3226 4340 3240 4376 :
3269 4320 3541 4391 intrepida

1966 4425 2130 4487 atque
2159 4416 2528 4487 imperterrita
2562 4424 2864 4487 permanet,
2897 4416 3043 4471 nulla
3071 4429 3235 4486 prava
3257 4414 3543 4469 conscien-

1967 4512 2042 4564 tia
2064 4510 2255 4581 judicii
2281 4517 2545 4564 terrorem
2577 4507 2891 4563 incutiente.
2918 4508 2985 4561 At
3009 4508 3313 4577 oportebat,
3340 4506 3539 4576 inquit,

1968 4618 2086 4659 eam
2115 4603 2180 4657 ad
2197 4604 2409 4672 justum
2435 4602 2616 4658 aetatis
2637 4601 2858 4656 modum
2882 4601 3119 4662 venisse,
3144 4609 3198 4655 et
3226 4599 3279 4653 in
3301 4599 3544 4652 thalamo

1968 4694 2200 4765 nuptiali
2231 4693 2550 4750 exhilarari.
2584 4690 2784 4748 Verum
2813 4692 2882 4748 ad
2917 4693 3019 4747 hoc
3047 4692 3144 4748 tibi
3185 4704 3347 4747 verus
3376 4703 3544 4758 spon-

1970 4803 2069 4843 sus
2100 4788 2268 4851 dicet,
2305 4785 2451 4857 quod
2486 4786 2677 4841 melior
2706 4786 2760 4840 in
2804 4786 2947 4840 caelo
2972 4786 3046 4841 sit
3089 4786 3265 4840 lectus
3291 4782 3542 4852 genialis,

1970 4876 2363 4933 anteferendus
2423 4875 2514 4930 ille
2554 4874 2848 4940 thalamus,
2893 4874 2985 4928 ubi
3034 4872 3316 4928 viduitatis
3367 4877 3546 4926 metus

1972 4982 2081 5020 non
2123 4974 2227 5021 est.
2284 4965 2405 5031 Quo
2435 4965 2619 5033 igitur,
2653 4978 2839 5032 quaeso
2879 4971 2951 5027 te,
2989 4964 3133 5016 bono
3182 4962 3391 5032 privata
3438 4968 3544 5024 est,

1968 5071 2094 5110 cum
2124 5056 2266 5110 hanc
2296 5054 2570 5110 carnalem
2615 5053 2782 5107 vitam
2831 5052 3016 5108 exuit?
3068 5052 3250 5106 Dicam
3301 5048 3395 5105 tibi
3426 5048 3549 5103 vitae

286 5153 432 5206 bona
469 5168 483 5204 :
521 5149 688 5204 animi
724 5148 1078 5218 mgritudiucs
1110 5158 1164 5201 et
1196 5146 1480 5212 molestiae,
1530 5146 1863 5217 voluptates,
1904 5149 2020 5215 irae,
2053 5157 2252 5212 metus,
2287 5163 2452 5219 spes,
2488 5148 2820 5220 cupiditates
2871 5158 2929 5203 et
2969 5147 3241 5204 desideria
3279 5165 3292 5201 :
3342 5148 3456 5201 haec
3491 5155 3546 5202 et

281 5242 560 5315 ejusmodi
616 5251 765 5309 sunt,
813 5243 1012 5312 quibus
1060 5239 1114 5295 in
1150 5239 1405 5309 prmscnti
1458 5239 1565 5293 vita
1606 5238 1870 5309 implicati
1906 5250 2069 5314 atque
2101 5240 2335 5296 connexi
2366 5256 2581 5297 sumus.

356 5340 424 5392 Τί
457 5334 548 5394 οὖν
596 5338 764 5393 κακὸν
797 5335 1063 5389 πέπονθεν
1111 5335 1144 5403 ἡ
1186 5332 1451 5386 τοσούτων
1492 5332 1866 5402 ἀπαλλαγεῖσα

281 5433 565 5503 τυράννων
585 5449 599 5494 ;
622 5428 901 5483 ’Ἕκαστον
935 5426 1044 5499 γὰρ
1076 5423 1263 5488 πάθος,
1291 5425 1420 5477 ὅταν
1443 5424 1736 5494 ἐπικρατῇ,
1767 5426 1865 5496 τῆς

279 5522 465 5593 ψυχῆς
498 5522 757 5593 τύραννος
800 5519 953 5591 ἡμῶν
987 5517 1218 5587 γίνεται,
1257 5515 1384 5578 τοὺς
1412 5515 1704 5584 λογισμοὺς
1739 5515 1863 5569 δου-

282 5612 621 5684 λωσάμενον.
654 5613 725 5665 Ἦ
756 5610 915 5664 λυπεῖ
944 5609 1092 5680 ἡμᾶς
1112 5648 1126 5671 ,
1161 5608 1243 5661 ὅτι
1279 5606 1355 5678 μὴ
1396 5605 1739 5677 κατεπονήθη
1773 5605 1862 5660 διά

359 5795 385 5830 ⁸
418 5793 610 5853 Matth.
642 5813 766 5867 xix,
798 5798 884 5853 14.

997 5795 1017 5829 ³
1041 5793 1185 5853 Psal.
1219 5809 1335 5863 cui,
1381 5793 1433 5847 ι.
1506 5791 1527 5823 ⁸
1556 5789 1702 5846 Psal.
1739 5802 1854 5853 vui,
1878 5787 1927 5842 3.

2041 5335 2183 5403 Quid
2216 5335 2382 5405 igitur
2410 5335 2539 5389 mali
2585 5335 2787 5390 accidit
2831 5333 2905 5399 ei.
2935 5348 3058 5404 qua:
3106 5348 3135 5387 a
3175 5341 3256 5389 tot
3295 5335 3547 5405 tyrannis

1970 5426 2199 5481 liberata
2230 5424 2342 5481 sit?
2373 5424 2764 5497 Unusquisque
2791 5426 2936 5482 enim
2973 5424 3203 5482 all'ectus
3233 5440 3297 5479 ac
3333 5436 3548 5495 pertur~

1969 5518 2140 5584 batio,
2183 5531 2308 5572 cum
2342 5517 2600 5588 prmvalet
2630 5532 2695 5571 ac
2726 5518 3061 5582 dominatur,
3100 5516 3406 5571 rationibus
3440 5516 3548 5571 sibi

1968 5608 2302 5682 subjugatis,
2327 5608 2495 5663 animi
2527 5609 2702 5666 nostri
2732 5617 2998 5680 tyrannus
3023 5608 3261 5665 exsistit.
3294 5606 3379 5664 An
3406 5606 3549 5663 male
