1959 3102
227 179 276 208 871

840 186 869 214 S.
887 187 1049 215 GREGORH
1069 188 1213 218 NYSSENI

1785 196 1834 222 87-2

225 240 385 275 noshabet,
404 242 478 276 quod
502 248 555 270 non
576 243 718 272 doloribus
735 246 857 280 patiendi
872 247 988 275 confeci:

1039 249 1171 282 λὼδίνων,
1195 251 1234 277 ὅτι
1264 251 1300 286 μὴ
1327 252 1468 287 συνετρίϐη
1499 252 1541 280 διὰ
1568 254 1715 288 φροντίδων
1753 257 1841 283 παιξο-

224 284 298 319 quod
315 293 369 313 non
379 293 446 313 cura
461 287 608 316 liberorum
625 290 830 319 educandornm
847 294 938 320 attrita
955 299 1007 327 est,

223 331 295 363 quod
317 339 370 358 non
393 333 498 361 similes
519 335 628 363 dolores
652 338 769 372 excepit,
797 342 880 373 atque
900 345 1009 374 propter

223 375 296 401 illam
317 381 443 411 parentes
461 380 673 407 sustinuerunt?
696 382 727 408 At
744 383 879 417 ejusmodi
893 392 936 411 res
950 384 1009 412 feli-

222 421 313 448 citatis
327 424 439 450 nomine
455 425 645 459 prmdicatnlm,
665 435 718 454 non
740 429 914 463 deplorandae
930 435 1004 459 sunt.

221 466 289 493 Nam
309 468 334 494 in
350 469 424 496 nullo
440 475 578 498 versatum
594 480 655 500 esse
671 474 752 506 malo,
778 475 873 502 melior
889 484 932 503 res
952 482 1004 509 est,

221 520 302 547 quant
326 513 443 541 humana
472 523 568 550 capere
593 519 681 552 possit
704 524 812 547 natura.
833 521 870 547 lta
895 523 1005 556 sapiens

220 558 301 584 etiatn
327 559 372 586 ille
398 559 528 588 Solomon
549 562 576 588 in
598 563 655 590 suis
685 564 835 599 Scripturis
864 572 1003 595 mortuum

219 606 366 637 superstite
383 605 534 633 beatiorem
551 615 612 635 esse
629 608 715 636 ducit.
740 611 805 637 Item
821 620 936 647 magnus
953 614 1004 641 Da-

217 648 263 674 vid
285 649 366 675 vitam
383 657 443 684 quae
460 651 487 678 in
511 659 594 680 carne
615 654 734 690 degitur,
760 657 952 686 lamentatione
976 664 1003 687 et

218 694 317 727 gemitu
335 694 445 729 dignati)
462 704 524 724 esse
547 699 594 725 ait.
612 698 705 734 Itaque
731 709 790 729 cutn
809 705 890 731 ambo
912 706 1002 740 splen-

216 737 272 764 didi
294 744 374 772 atque
398 742 546 775 magniﬁci,
573 747 666 777 utpote
690 746 763 778 regia
780 752 914 782 potestate
928 737 1002 785 pra:-

216 781 276 814 diti,
302 788 404 816 essent,
426 787 548 813 omnium
567 795 669 822 rerum,
695 798 756 825 quae
773 800 821 827 per
835 795 917 821 vitam
936 804 1001 823 sua-

214 835 262 854 ves
276 832 356 863 atque
368 831 499 864 jucunda
516 833 662 867 habentur,
679 837 712 863 ad
729 839 872 866 arbitrium
889 849 999 876 compo-

214 878 255 900 tes
278 878 360 909 atque
386 878 537 911 participes
562 880 629 907 nihil
654 881 687 908 ad
712 886 885 918 praesentium
908 896 997 915 rerum

1060 297 1182 331 τροφίαςε
1192 298 1232 324 ὃτι
1246 298 1283 333 μὴ
1296 298 1343 330 τὰς
1351 299 1446 334 ὁμοίας
1457 300 1603 335 ἀλγηδόνας
1615 301 1737 334 ἐδέξατο,
1755 302 1785 335 ἃς
1798 305 1841 329 ἐπ’

1058 343 1142 377 αὐτῆς
1156 344 1180 369 οἱ
1191 345 1384 380 γεγεννηκότες
1396 346 1560 380 ὑπέμειναν;
1585 347 1663 374 Ἀλλά
1676 349 1708 374 τὰ
1730 349 1838 375 τοιαῦτα

1059 390 1247 423 μακαρισμῶν,
1266 390 1315 416 οὐκ
1327 390 1450 426 ὀδυρμῶν
1466 392 1539 419 ἐστιν
1550 392 1618 424 ἀξια.
1634 392 1669 420 Τὸ
1681 394 1734 430 γὰρ
1743 396 1772 421 ἐν
1787 405 1840 431 μη-

1056 433 1112 459 δενὶ
1126 434 1251 467 γενέσθαι
1263 435 1350 469 κακῷ,
1363 438 1484 469 κρεῖττον
1499 438 1515 472 ἢ
1529 438 1599 464 κατὰ
1608 439 1656 474 τὴν
1667 439 1839 475 ἀνθρωπίνην

1057 478 1138 512 φύσιν
1151 480 1233 506 ἐστίν.
1248 480 1342 512 Οὕτως
1361 482 1406 508 καὶ
1423 482 1436 508 ὁ
1455 483 1535 517 σοφὸς
1551 484 1673 519 Σολομὼν
1692 487 1720 511 ὲν
1735 488 1768 521 τῇ
1788 487 1839 522 ἰδίᾳ

1055 524 1149 559 Γρίνρῇ
1169 526 1312 561 μακαρίζει
1330 528 1382 562 πρὸ
1395 528 1441 554 τοῦ
1459 530 1597 564 περιόντος
1618 531 1662 557 τὸν
1680 533 1839 567 κατοιχόμε-

1055 577 1108 596 νον.
1124 570 1178 596 Καὶ
1193 572 1206 596 ὀ
1224 572 1311 605 μέγας
1332 572 1414 599 Δαϐὶδ
1434 573 1531 608 θρήνου
1552 576 1598 601 καὶ
1621 576 1743 611 οἰμωγῆς
1760 577 1838 609 ἀξίαν

1053 615 1102 650 τὴν
1113 617 1140 641 ὲν
1158 617 1239 651 σαρκὶ
1253 617 1389 653 διαγωγὴν
1403 617 1471 645 εἷναί
1487 628 1577 654 ιρησιν.
1598 621 1693 647 Καίτοι
1708 629 1740 655 γε
1755 622 1838 656 ἀμφό-

1052 671 1125 697 τεροι
1141 661 1260 698 λαμπροὶ
1280 665 1349 690 κατὰ
1357 665 1413 700 ’τὴν
1428 666 1562 700 βασιλείαν
1576 667 1754 702 ὑπάρχοντες,
1771 670 1836 695 πάν-

1052 716 1105 733 των
1118 709 1176 733 κατ’
1194 708 1315 741 ἐξουσίαν
1330 710 1381 736 τῶν
1398 711 1466 737 κατὰ
1479 712 1523 737 τὸν
1540 712 1595 747 βίον
1609 713 1694 748 ἡδέων
1709 715 1835 749 μετέχον-

1050 761 1106 784 τες,
1128 753 1202 780 οὐδὲν
1221 755 1287 789 πρὸς
1304 756 1353 790 τὴν
1371 756 1507 791 παροῦσαν
1524 758 1670 784 ἀπόλαυσιν
1695 760 1836 794 ὲπεκλέθη-

1051 807 1111 825 σαν·
1134 800 1201 826 ἀλλά
1216 801 1269 827 τῶν
1285 802 1449 838 ἀπορρήτων
1467 804 1576 837 ἀγαθῶν
1596 805 1649 830 τῶν
1666 806 1695 831 ἐν
1710 807 1743 841 τῇ
1763 807 1835 832 ἀσω-

1052 845 1129 880 μάτῳ
1144 845 1199 881 ζωῇ
1217 848 1402 881 προκειμένων
1415 848 1463 884 τὴν
1475 849 1622 884 ἐπιθυμίαν
1635 849 1753 884 ἔχοντες,
1767 859 1835 886 συμ-

1050 892 1135 927 φορὰν
1153 893 1292 919 ἐποιοῦντο
1307 893 1355 929 τὴν
1371 895 1399 920 ἐν
1422 896 1502 930 σαρκὶ
1518 895 1599 931 ζωήν.
1620 896 1745 923 ’Πκουσα
1769 897 1835 923 πολε

214 926 292 945 usum
309 925 335 947 et
350 921 558 951 oblectationem
580 925 704 954 inclinati
722 934 795 962 sunt,
812 932 858 958 sed
880 940 940 959 cum
959 942 988 959 ar

214 971 344 977 ,ψη-,μ
610 971 615 977 ι
655 973 660 977 -

1135 938 1181 964 τοῦ
1196 938 1276 965 Δαίῖιδ
1290 940 1318 965 ὲν
1332 921 1391 971 ταῖς
1404 921 1489 975 ἱεραῖς
1502 921 1679 976 ιι’ἷαλιῖιῳδίαις
1694 943 1746 976 ἔξω
1759 944 1833 977 γενέ-

213 971 345 992 canorum
362 967 508 1000 bonorttm,
525 978 585 1004 quae
609 971 634 998 iu
654 973 813 1009 inrorporea
829 977 882 1004 vita
902 986 998 1014 propo-

213 1010 266 1036 sita
287 1015 360 1042 sunt,
385 1012 520 1041 desiderio
536 1019 705 1050 tenerentur,
725 1020 889 1049 calamitatis
912 1028 938 1050 et
956 1026 997 1051 in-

211 1054 324 1082 fortunii
343 1057 403 1084 loco
418 1058 553 1088 habebant
568 1070 639 1096 eam,
656 1072 716 1098 quae
728 1065 754 1092 in
773 1074 854 1095 carne
867 1071 996 1105 transigi-

201 1104 265 1133 'tur,
280 1102 376 1130 vitam.
397 1105 496 1133 Audivi
509 1106 638 1136 Davidem
657 1110 683 1137 in
701 1112 793 1140 multis
817 1114 884 1142 locis
901 1123 995 1143 saero-

210 1154 271 1173 rum
285 1147 468 1182 Psalmorum,
484 1159 547 1179 cum
560 1159 672 1188 cuperet
687 1157 801 1185 evadere
812 1166 844 1186 ex
860 1160 993 1194 ejusmodi

208 1194 382 1228 necessitate,
405 1196 449 1223 ubi
473 1198 540 1225 alias
553 1200 673 1233 quidem,
701 1202 839 1231 Desiderat
849 1205 869 1236 ',
896 1207 992 1241 inquit,

208 1244 240 1264 ac
253 1237 434 1268 desiderando
446 1242 535 1276 deﬁcit
550 1245 639 1271 anima
656 1254 712 1273 mea
726 1248 753 1274 in
775 1250 843 1275 atria
864 1250 993 1283 Domini;

207 1284 275 1311 alias
292 1293 366 1317 vero,
394 1286 469 1314 Educ
486 1289 602 1316 animam
624 1299 707 1318 meam
725 1301 757 1319 ea:
779 1295 926 1323 custodia'.
948 1297 992 1323 Si-

206 1330 309 1358 militer
320 1336 409 1359 autem
420 1332 553 1362 Jeremias
562 1336 571 1350 ⁷
583 1344 692 1371 quoque
702 1340 893 1369 maledictione
910 1347 936 1370 et
947 1350 992 1370 ex-

205 1377 361 1404 secratione
373 1378 485 1412 dignum
499 1380 605 1414 judieat
617 1383 687 1410 diem
700 1384 788 1417 illutn,
801 1387 846 1420 qui
862 1388 990 1424 princeps

205 1420 230 1447 ei
246 1420 343 1448 fuisset
357 1423 494 1457 ejusmodi
519 1426 599 1464 vitae“
608 1428 647 1455 Ac
663 1430 765 1458 multas
784 1420 916 1464 ejusmodi
932 1420 990 1469 pri-

205 1472 313 1492 scor-m
327 1472 486 1496 sanctorum
503 1479 595 1504 voces,
611 1481 672 1508 qua:
692 1475 820 1504 feruntur
839 1482 865 1505 et
882 1485 990 1509 exstant

205 1508 234 1536 in
250 1510 343 1538 divina
362 1512 515 1549 Scriptura,
534 1517 596 1544 licet
622 1519 755 1554 invenire,
775 1530 835 1550 cum
854 1525 992 1554 desiderio

203 1563 275 1583 verte
291 1558 353 1586 vitae
373 1567 415 1592 ea,
440 1570 502 1595 qua:
526 1562 552 1589 in
576 1571 657 1591 carne
683 1566 800 1601 degitur,
827 1571 880 1596 vita
897 1573 988 1606 gravis

203 1602 243 1629 eis
262 1607 334 1631 esset
354 1611 379 1632 et
401 1607 526 1635 molesta.
547 1609 583 1637 ita
600 1611 680 1638 etiam
706 1621 819 1648 magnus
840 1616 884 1643 ille
899 1626 988 1652 quon-

203 1647 265 1675 dam
281 1649 454 1679 Ahrahamus
470 1653 597 1682 lubenter
615 1660 697 1691 atque
710 1658 779 1685 haud
796 1663 927 1694 gravatim
943 1663 986 1690 di-

202 1693 300 1721 lectum
323 1695 407 1724 [ilium
421 1706 470 1732 pro
487 1701 598 1727 victima
616 1702 671 1729 Deo
686 1693 826 1737 offerebat,
843 1708 914 1741 qttod
931 1709 986 1735 sci--

204 1744 245 1766 ret
270 1744 352 1775 atque
376 1743 448 1770 ltattd
474 1745 612 1774 dttbitaret
627 1750 693 1783 quin
713 1749 835 1778 futurum
858 1759 940 1786 esset,
958 1759 987 1782 ut

201 1792 270 1819 pucr
293 1786 321 1813 in
345 1789 485 1817 meliorem
509 1796 536 1819 et
555 1794 740 1827 augustiorem
758 1796 873 1825 formam
897 1805 986 1827 trans-

200 1835 365 1860 mutarctttr.
380 1835 418 1861 Ac
431 1836 587 1872 quicunque
604 1839 726 1868 historia
741 1843 922 1876 cognitionem
939 1846 986 1873 ha-

200 1875 281 1908 belis,
298 1879 411 1906 omnino
425 1888 478 1908 nott
493 1882 636 1917 ignoratis,
652 1894 713 1920 qua:
726 1887 760 1914 de
772 1895 805 1915 eo
823 1895 982 1918 narrantur.

198 1920 268 1954 Quid
294 1924 368 1950 enim
395 1926 461 1952 dicit
484 1927 663 1963 Scriptura“?
684 1932 761 1965 Quod
787 1942 849 1962 cum
873 1936 983 1970 juvenis

199 1968 309 2001 quidem
327 1975 401 1997 esset
423 1971 570 2007 Abraham,
584 1983 599 2002 a
616 1976 671 2004 Deo
685 1978 754 2006 facta
771 1981 807 2007 sit
828 1982 851 2009 ei
868 1968 983 2017 promis-

198 2013 241 2039 sio
261 2013 294 2040 de
321 2014 414 2042 futuro
438 2017 515 2046 ﬁlio:
533 2027 594 2047 eum
621 2027 710 2049 autent
737 2033 873 2053 stnnmttm
894 2029 982 2056 inere-

198 2064 319 2087 tneututn
340 2063 429 2089 aetatis
451 2064 512 2097 ejus
530 2066 671 2102 integritas
695 2074 722 2097 et
742 2071 818 2106 vigor
834 2076 982 2108 prmteriis-

197 2109 250 2136 set,
272 2113 303 2132 ac
319 2111 441 2142 tempore
453 2110 509 2143 jam
531 2115 712 2143 emarcuisset
724 2120 805 2151 atque
820 2119 981 2155 absumptus

197 2155 279 2182 esset,
307 2160 367 2179 eum
394 2161 490 2182 natura
516 2158 634 2193 seipsam
660 2169 761 2197 augere
782 2169 808 2190 et
830 2173 980 2202 propagare

196 2196 352 2230 desivisset,
371 2207 511 2228 senectute
530 2211 585 2230 non
606 2196 723 2240 amplius
747 2208 852 2236 libidini
878 2211 980 2238 obtem-

1002 1595 1023 1624 C

1050 981 1110 1009 σθαι
1123 983 1173 1018 τῆς
1186 984 1312 1020 τοιαύτης
1327 986 1447 1020 ἀνάγκης
1459 986 1665 1022 ἐπιθυμοῦντος,
1678 989 1706 1014 ἐν
1723 987 1764 1021 οἷς
1782 998 1832 1024 φη-

1048 1037 1100 1055 σιν*
1115 1029 1162 1056 νῦν
1184 1031 1244 1065 μὲν,
1257 1031 1297 1057 ὅτι
1320 1031 1473 1059 Ἐπιποθεῒ
1487 1033 1537 1060 καὶ
1557 1033 1688 1061 ἐκλείπει
1706 1035 1725 1068 ὴ
1746 1036 1827 1070 ψυχή

1044 1084 1102 1109 μου
1122 1077 1164 1109 εἰς
1175 1076 1229 1109 τὰς
1244 1078 1340 1110 αὐλὰς
1360 1077 1411 1104 τοῦ
1427 1079 1554 1113 Κυρίου·
1572 1079 1620 1106 νῦν
1639 1080 1687 1112 δὲ,
1703 1081 1744 1107 ὅτι
1766 1082 1827 1113 Ἐξ-

1045 1121 1136 1156 (imre
1154 1122 1187 1149 ἐκ
1210 1123 1350 1157 φυλακῆς
1370 1124 1425 1158 τὴν
1438 1125 1544 1159 ψυχήν
1555 1134 1624 1159 μου.
1648 1125 1783 1158 Ὡσαύτως
1800 1128 1826 1153 δὲ

1045 1167 1092 1193 καὶ
1110 1168 1124 1193 ὁ
1151 1167 1284 1203 Ἱερεμίας
1308 1169 1428 1205 κατάρας
1450 1170 1528 1202 ἀξίαν
1544 1171 1631 1206 κρίνει
1651 1171 1700 1207 τὴν
1722 1173 1825 1208 ἡμέραν

1044 1213 1150 1247 ἐκείνην
1172 1214 1221 1249 τὴν
1237 1215 1357 1250 ἄρξασαν
1379 1216 1453 1251 αὐτῷ
1467 1217 1516 1251 τῆς
1531 1217 1657 1252 τοιαύτης
1678 1218 1758 1253 ζωῆς.
1774 1220 1824 1245 Καὶ

1045 1259 1145 1290 πολλὰς
1163 1259 1219 1286 ἔστι
1236 1261 1362 1292 τοιαύτας
1378 1262 1431 1289 τῶν
1451 1262 1573 1290 παλαιῶν
1590 1264 1675 1298 ἁγίων
1691 1265 1780 1298 φωνὰς
1796 1266 1822 1290 ἐν

1042 1305 1074 1339 τῇ
1092 1304 1150 1340 θείᾳ
1167 1305 1261 1341 Γραφῇ
1284 1307 1434 1342 φερομένας
1457 1308 1558 1343 εὑρεῖν,
1583 1310 1607 1335 οἳ
1627 1309 1660 1335 δι’
1683 1309 1822 1344 ἐπιθυμίαν

1042 1349 1091 1384 τῆς
1107 1350 1191 1382 ὅντως
1215 1351 1284 1387 ζωῆς
1299 1353 1347 1387 τὴν
1360 1353 1388 1379 ὲν
1404 1353 1485 1389 σαρκὶ
1501 1354 1638 1390 διαγωγὴν
1654 1355 1822 1390 ἐϐαρύνοντο.

1042 1395 1133 1427 Οὕτως
1149 1396 1195 1423 καὶ
1208 1398 1221 1424 ὁ
1236 1397 1320 1432 μέγας
1334 1398 1397 1425 ποτὲ
1418 1400 1541 1436 Ἀδραάμ
1555 1401 1702 1436 προθύμως
1713 1403 1751 1437 τῷ
1766 1403 1823 1438 Θεῷ

1041 1441 1084 1468 διὰ
1100 1441 1193 1474 θυσίας
1207 1443 1345 1478 προσῆγεν
1361 1445 1406 1471 τὸν
1421 1446 1597 1481 ἠγαπημένον
1614 1447 1681 1479 υἱὸν,
1696 1447 1771 1479 εἰδὼς
1784 1449 1822 1475 ὅτι

1041 1486 1107 1522 πρὸς
1118 1487 1148 1513 τδ
1160 1488 1280 1524 κρεῖττόν
1292 1498 1320 1516 τε
1333 1491 1379 1516 καὶ
1395 1491 1528 1526 θειότερον
1540 1493 1684 1528 γενήσεται
1700 1493 1738 1529 τῷ
1750 1494 1822 1520 παιᾶ

1040 1533 1056 1567 ἡ
1073 1533 1244 1568 μετάστασις.
1261 1536 1337 1562 Ὅσοι
1350 1536 1377 1563 δὲ
1391 1537 1438 1572 τῆς
1453 1538 1571 1572 ἱστορίας
1586 1540 1726 1575 ἐμπείρως
1738 1540 1819 1575 ἔχετε,

1040 1579 1147 1611 πάντως
1163 1581 1213 1607 οὐκ
1233 1582 1355 1616 ἀγνοεῖτε
1373 1583 1407 1610 τὰ
1425 1585 1487 1620 περὶ
1507 1585 1588 1612 αὐτοῦ
1605 1586 1769 1623 διηγήματα.
1789 1588 1821 1615 Τί

1039 1624 1092 1658 γάρ
1104 1633 1184 1659 φησιν
1204 1627 1220 1660 ἡ
1235 1627 1345 1662 Γραφή;
1362 1628 1421 1654 ’Ὁτι
1435 1629 1486 1662 νέῳ
1504 1630 1553 1664 μὲν
1568 1630 1623 1656 ὄντι
1638 1631 1677 1666 τῷ
1699 1632 1819 1667 Ἀϐραὰμ

1037 1669 1129 1696 θεόθεν
1146 1671 1267 1705 περὶτοῦ
1290 1673 1382 1704 παιδὸς
1397 1674 1546 1708 ἐπαγγελία
1566 1676 1679 1709 γίνεται·
1705 1678 1819 1713 παρελη-

1036 1715 1126 1742 λυθότι
1142 1716 1169 1742 δὲ
1186 1717 1234 1752 τὴν
1258 1718 1358 1753 ἀκμὴν,
1381 1720 1429 1746 καὶ
1445 1721 1494 1756 ἤδη
1517 1723 1752 1756 καταμαρανθέντι
1769 1724 1820 1750 fifth

1035 1761 1081 1786 τοῦ
1097 1762 1203 1797 χρόνον,
1224 1764 1267 1790 ὅτε
1291 1764 1403 1791 πάυεται
1421 1767 1437 1800 ἡ
1464 1767 1542 1801 φύσις
1560 1768 1658 1802 ἑαυτὴν
1680 1768 1796 1802 αὔξουσα
1809 1790 1817 1803 ,

1035 1806 1125 1833 οὐκέτι
1152 1808 1197 1834 τοῦ
1226 1811 1317 1844 γήρως
1341 1812 1398 1842 ταῖς
1420 1812 1517 1846 ὁρμαῖς
1539 1813 1726 1845 ὑπακουοντος,
1754 1816 1814 1841 τότε

1035 1852 1109 1887 παρὰ
1125 1854 1172 1884 τὰς
1187 1854 1357 1889 ἀνθρωπίνας
1371 1856 1478 1888 ἐλπίδας
1492 1859 1531 1889 είς
1545 1859 1629 1894 πέρας
1641 1861 1656 1894 ἡ
1671 1860 1816 1895 ὑπόσχεσις

1034 1897 1139 1931 ἄγεται·
1156 1900 1203 1926 καὶ
1227 1901 1346 1928 τίκτεται
1364 1903 1427 1934 παῖς
1440 1904 1454 1929 ὁ
1475 1904 1576 1931 Ἰσαάκ·
1594 1907 1639 1932 καὶ
1660 1906 1816 1941 συμμέτρου

1032 1942 1216 1977 διαγεγονότος
1237 1946 1342 1981 χρόνου,
1368 1945 1423 1974 οἷόν
1444 1957 1470 1974 τι
1493 1949 1568 1984 ἔρνος
1593 1951 1755 1986 ἀναδραμὼν
1777 1953 1818 1985 είς

1035 1989 1133 2021 κάλλος
1154 1991 1200 2016 καὶ
1225 1992 1349 2026 μέγεθος,
1373 1994 1438 2028 ἡδὺς
1463 1992 1496 2029 ἦν
1522 1997 1578 2027 τοῖς
1593 1996 1741 2032 ὀςθαλμοῖς
1762 1999 1817 2025 τῶν

1031 2034 1131 2067 γονέων
1152 2035 1191 2071 τῷ
1216 2037 1265 2071 τῆς
1282 2037 1406 2073 νεότητος
1425 2039 1516 2067 κάλλει
1533 2040 1726 2076 λαμπόμενος·
1753 2044 1815 2070 τότε

1032 2081 1198 2115 προσάγεται
1213 2081 1251 2116 τῷ
1267 2082 1391 2118 Ἀϐραὰμ
1412 2085 1427 2119 ἠ
1442 2085 1491 2119 τῆς
1508 2085 1594 2120 ψυχῆς
1608 2086 1753 2122 δοκιμασία
1769 2090 1813 2114 καὶ

1032 2125 1163 2160 βάσανος,
1182 2128 1205 2153 εί
1223 2127 1342 2163 ἀκριϐῶς
1362 2129 1391 2155 ἐν
1404 2131 1436 2165 τῇ
1458 2131 1511 2157 τῶν
1527 2131 1610 2158 ὄντων
1627 2132 1707 2166 φύσει
1729 2134 1816 2167 διαγι-

1030 2172 1147 2205 γνώσκει
1158 2173 1188 2199 τὸ
1200 2175 1317 2207 κάλλιον,
1330 2177 1353 2202 εἰ
1371 2177 1405 2211 μὴ
1422 2177 1490 2212 πρὸς
1504 2177 1552 2213 τὴν
1566 2179 1705 2214 παροῦσαν
1721 2180 1815 2215 βλέπει

1030 2217 1114 2252 ζωήν.
1139 2219 1192 2245 Καί
1206 2228 1271 2254 φησι
1290 2220 1356 2257 πρὸς
1371 2222 1451 2249 αὑτὸν
1464 2223 1478 2249 ὁ
1493 2223 1568 2255 Θεός·
1588 2224 1743 2260 Ἀνένετκε
1762 2226 1817 2253 τὸν

200 2247 321 2276 perante,
353 2250 418 2273 tunc
441 2253 540 2281 praeter
569 2249 714 2279 humanam
739 2262 813 2289 spem
833 2258 978 2290 promissio

205 2287 342 2303 iiut-mh..-
358 2292 388 2303 ..Α
409 2293 506 2303 Α..τ..η..
527 2298 548 2303 ε.
588 2295 608 2303 Μ
641 2301 644 2303 .
840 2301 844 2303 .

1212 2247 1242 2254 ,,
1311 2247 1317 2257 ,
1346 2247 1556 2255 ,εμπ-ν--.
1594 2247 1808 2260 unum.-."

1039 2247 1098 2289 uidi"
1109 2271 1167 2290 σου
1177 2264 1225 2292 διὰ
1236 2267 1343 2299 θυσίας
1352 2268 1394 2300 είς
1407 2268 1623 2303 ὀλοκάρπωσιν.
1639 2271 1732 2297 Οἴδατε
1746 2272 1816 2298 πάνυ

195 2287 342 2316 deducitur
357 2292 388 2317 ad
407 2293 507 2318 exitum
523 2298 551 2321 et
570 2295 711 2330 eﬂ’ectum;
728 2303 753 2325 et
771 2301 894 2328 nascitur
911 2310 979 2336 puer

195 2333 269 2360 Isaac
288 2343 294 2359 :
313 2343 343 2361 ac
368 2341 487 2370 tempore
510 2338 585 2373 justo
615 2344 769 2376 prtelerito,
801 2354 863 2373 eum
893 2347 976 2374 veluti

193 2388 304 2413 germen
321 2383 456 2416 quoddam
472 2386 497 2411 in
521 2387 751 2420 pulchritudinem
769 2395 795 2418 et
811 2393 975 2427 magnitudi-

192 2433 252 2452 neut
271 2429 448 2462 excrevisset,
474 2432 612 2465 iucundus
637 2440 696 2462 erat
711 2437 798 2464 oculis
818 2443 972 2472 parentum,

190 2470 321 2504 juvenilis
350 2477 438 2504 (etatis
472 2478 570 2506 decore
599 2480 706 2514 nitens,
738 2486 804 2510 tunc
829 2484 975 2513 Abrahami

192 2517 299 2545 animus
317 2521 394 2553 quasi
422 2524 563 2551 tormentis
582 2526 711 2555 adhibitis
726 2530 857 2562 probatur
879 2535 905 2558 et
927 2539 974 2558 ex-

190 2563 323 2597 ploratur,
341 2573 374 2592 an
393 2567 471 2601 plene
488 2572 569 2603 atqtte
589 2577 684 2599 exacte
700 2574 869 2602 discerneret
885 2577 911 2603 in
931 2585 973 2604 rc-

190 2616 249 2635 rum
267 2617 362 2639 natura
384 2614 447 2647 quid
464 2620 613 2649 prmstaret,
629 2626 662 2645 an
686 2627 739 2647 non
762 2621 794 2648 ad
811 2627 970 2656 prtesrntem

189 2655 271 2680 vitam
288 2660 442 2690 spectaret?
458 2660 488 2686 Et
505 2661 543 2687 ait
563 2662 595 2689 ad
612 2671 673 2690 eum
691 2664 783 2694 Deus:
802 2655 875 2701 ὁΙΪειν
885 2669 970 2703 ﬁlium

189 2704 262 2726 tuum
282 2710 329 2735 pro
345 2704 451 2731 victima
474 2707 500 2733 in
525 2707 720 2738 holocaustum.
748 2712 840 2742 Nostis
858 2717 970 2742 omnino

187 2746 343 2782 quicunque
361 2755 452 2783 patres
470 2752 536 2780 estis
559 2760 585 2782 et
602 2756 701 2784 liberos
721 2759 836 2791 habetis,
853 2765 879 2787 ct
893 2769 969 2788 amo-

188 2795 243 2816 rem
265 2800 328 2827 erga
347 2794 449 2823 liberos
466 2804 480 2823 a
501 2803 597 2827 natura
614 2801 759 2836 didicistis,
779 2809 806 2831 ut
821 2806 967 2833 verisimile

240 2879 249 2895 '
262 2880 333 2906 Psal.
347 2889 460 2917 uxxttt,
481 2885 507 2912 9.
530 2887 620 2915 ‘Psal.
639 2897 710 2922 cui,
727 2891 752 2917 8.

1029 2314 1082 2338 τως
1099 2307 1155 2334 ὅσοι
1179 2311 1296 2346 πατέρες
1317 2312 1377 2338 ἐστὲ
1400 2314 1446 2340 καὶ
1468 2315 1564 2347 παῖδας
1581 2315 1674 2351 ἔχετε,
1698 2318 1745 2344 καὶ
1765 2319 1816 2354 τὴν

1030 2352 1096 2388 πρὸς
1111 2354 1145 2380 τὰ
1159 2355 1240 2382 τέκνα
1253 2358 1367 2393 στοργὴ-ι
1378 2360 1452 2394 παρὰ
1466 2361 1514 2395 τῆς
1525 2361 1631 2396 φύσεως
1645 2352 1813 2400 ἐδιδάχθητέ,

1028 2398 1101 2430 ὃπως
1122 2401 1194 2432 εἰκὸς
1216 2402 1370 2439 διατεθῆναι
1393 2404 1438 2431 τὸν
1460 2406 1599 2442 Ἀϐραὰμ,
1625 2410 1648 2435 εί
1676 2398 1744 2445 πρὸς

1028 2442 1167 2477 παροῦσαν
1183 2445 1265 2481 μόνην
1281 2446 1392 2483 ἀφεώρα
1405 2448 1484 2485 ζωὴν,
1501 2452 1523 2476 εί
1535 2450 1625 2484 δοῦλος
1641 2453 1690 2488 τῆς
1704 2455 1813 2489 φύσεως

1027 2485 1071 2523 ἦν,
1088 2490 1111 2515 εί
1126 2490 1154 2516 ἐν
1170 2491 1209 2526 τῷ
1230 2493 1342 2527 παρόντι
1361 2494 1410 2529 βίῳ
1423 2495 1451 2521 τὸ
1465 2497 1550 2530 γλυκὺ
1567 2499 1615 2533 τῆς
1631 2500 1704 2535 ζωῆς
1724 2501 1814 2537 ἐλογί-

1028 2533 1097 2565 ζετο.
1119 2535 1150 2561 Τί
1165 2536 1192 2562 δὲ
1210 2539 1272 2573 περὶ
1290 2540 1392 2567 ἐκείνου
1418 2542 1497 2576 φημὶ,
1520 2544 1674 2571 καταλιπὼν
1697 2546 1747 2582 τὴν
1762 2556 1811 2582 γυ-

1026 2580 1104 2606 ναῖκα
1113 2580 1143 2606 τὸ
1152 2581 1341 2619 ἀσθενέστερον
1351 2587 1431 2621 μέρος
1441 2588 1489 2622 τῆς
1499 2589 1671 2627 ἀνθρωπίνης
1684 2592 1791 2626 φύσεως
1801 2603 1808 2625 :

1026 2624 1056 2649 El
1072 2625 1108 2660 μὴ
1131 2627 1291 2655 πεπαίδευτο
1309 2631 1419 2667 κάκείνη
1440 2633 1491 2659 ὑπὸ
1510 2635 1556 2661 toﬁ
1573 2637 1667 2672 ἀνδρὸς
1689 2638 1723 2665 τὰ
1739 2639 1809 2666 05v;—

1025 2679 1108 2705 τερα,
1128 2672 1150 2698 εί
1168 2673 1203 2708 μὴ
1223 2674 1355 2709 ἠπίστατο
1368 2678 1415 2713 τὴν
1430 2682 1623 2716 κεκρυμμένην
1647 2683 1719 2719 ζωὴν
1739 2683 1804 2711 εἶναι

1024 2716 1073 2752 τῆς
1088 2720 1250 2756 φαινομένης
1265 2722 1385 2757 ἄμεινον,
1406 2726 1454 2753 οὐκ
1469 2726 1501 2753 ἂν
1518 2728 1650 2764 ἐπέτρεπε
1668 2731 1708 2766 τῷ
1732 2732 1805 2766 ἀνδρὶ

1022 2763 1132 2790 τοιαῦτα
1145 2766 1214 2793 κατὰ
1224 2767 1270 2794 τοῦ
1283 2770 1374 2802 παιδὸς
1386 2773 1539 2809 ἐνεργῆσαι.
1557 2776 1666 2808 Πάντως
1679 2777 1734 2814 γὰρ
1750 2780 1804 2810 τοῖς

1023 2812 1163 2844 μητρικοῖς
1180 2814 1370 2849 συγκινηθεῖσα
1395 2818 1572 2854 σπλάγχνοις,
1599 2823 1746 2860 περιεχὺθη
1764 2823 1803 2858 τῷ

792 2892 801 2907 ¹¹
814 2892 867 2920 Jer.
890 2901 933 2927 xv,
953 2895 983 2922 14
999 2905 1058 2932 sqq.
1089 2898 1098 2913 ⁸
1115 2897 1180 2925 Gen.
1196 2903 1297 2934 xum!
1321 2911 1378 2939 sqq.
