  <div class='ocr_page' id='page_1' title='image "/cluster/home/n/w/nwhite01/storage/ocr_20150623/46/hvd.32044054112198/452.png"; bbox 0 0 3918 6204; ppageno 0'>
   <div class='ocr_carea' id='block_1_1' title="bbox 313 262 3528 328">
    <p class='ocr_par' dir='ltr' id='par_1_1' title="bbox 313 262 3528 328">
     <span class='ocr_line' id='line_1_1' title="bbox 313 262 3528 328; baseline 0.002 -12"><span class='ocrx_word' id='word_1_1' title='bbox 313 264 380 320; x_wconf 77' lang='lat'><strong>73</strong></span> <span class='ocrx_word' id='word_1_2' title='bbox 1309 262 1378 318; x_wconf 82' lang='lat' dir='ltr'><strong>IN</strong></span> <span class='ocrx_word' id='word_1_3' title='bbox 1418 262 1699 321; x_wconf 76' lang='lat' dir='ltr'><strong>FUNERE</strong></span> <span class='ocrx_word' id='word_1_4' title='bbox 1739 262 2164 321; x_wconf 64' lang='lat' dir='ltr'><strong>PULCHERIE</strong></span> <span class='ocrx_word' id='word_1_5' title='bbox 2196 264 2485 322; x_wconf 76' lang='lat' dir='ltr'><strong>ORATIO.</strong></span> <span class='ocrx_word' id='word_1_6' title='bbox 3428 273 3528 328; x_wconf 67' lang='lat'><strong>872</strong></span> 
     </span>
    </p>
   </div>
   <div class='ocr_carea' id='block_1_2' title="bbox 268 381 1850 456">
    <p class='ocr_par' dir='ltr' id='par_1_2' title="bbox 268 381 1850 456">
     <span class='ocr_line' id='line_1_2' title="bbox 268 381 1850 456; baseline -0.003 -15"><span class='ocrx_word' id='word_1_7' title='bbox 268 387 486 455; x_wconf 76' lang='grc' dir='ltr'>τέκνῳ,</span> <span class='ocrx_word' id='word_1_8' title='bbox 534 382 629 437; x_wconf 75' lang='grc' dir='ltr'>καὶ</span> <span class='ocrx_word' id='word_1_9' title='bbox 668 383 789 446; x_wconf 82' lang='grc' dir='ltr'>ταῖς</span> <span class='ocrx_word' id='word_1_10' title='bbox 833 381 1058 447; x_wconf 75' lang='grc' dir='ltr'><strong>ὠλέναις</strong></span> <span class='ocrx_word' id='word_1_11' title='bbox 1099 382 1258 436; x_wconf 83' lang='grc' dir='ltr'>αὐτὸν</span> <span class='ocrx_word' id='word_1_12' title='bbox 1301 383 1721 455; x_wconf 75' lang='grc' dir='ltr'>ἐμπλεξαμένη,</span> <span class='ocrx_word' id='word_1_13' title='bbox 1753 385 1850 456; x_wconf 71' lang='grc' dir='ltr'><strong>πρὸ</strong></span> 
     </span>
    </p>
   </div>
   <div class='ocr_carea' id='block_1_3' title="bbox 1955 381 3536 456">
    <p class='ocr_par' dir='ltr' id='par_1_3' title="bbox 1962 385 3536 456">
     <span class='ocr_line' id='line_1_3' title="bbox 1962 385 3536 456; baseline 0.003 -18"><span class='ocrx_word' id='word_1_14' title='bbox 1962 393 2126 456; x_wconf 91' lang='lat' dir='ltr'><strong>atque</strong></span> <span class='ocrx_word' id='word_1_15' title='bbox 2172 393 2602 440; x_wconf 92' lang='lat' dir='ltr'><strong>consentaneum</strong></span> <span class='ocrx_word' id='word_1_16' title='bbox 2655 385 2726 439; x_wconf 92' lang='lat' dir='ltr'><strong>sit</strong></span> <span class='ocrx_word' id='word_1_17' title='bbox 2769 385 3142 440; x_wconf 79' lang='lat' dir='ltr'><strong>Abraliamum</strong></span> <span class='ocrx_word' id='word_1_18' title='bbox 3189 385 3441 442; x_wconf 75' lang='lat' dir='ltr'><strong>allectum</strong></span> <span class='ocrx_word' id='word_1_19' title='bbox 3483 403 3536 443; x_wconf 55' lang='grc' dir='ltr'><strong>γι</strong></span> 
     </span>
    </p>
   </div>
   <div class='ocr_carea' id='block_1_4' title="bbox 272 468 1852 546">
    <p class='ocr_par' dir='ltr' id='par_1_4' title="bbox 272 468 1852 546">
     <span class='ocr_line' id='line_1_4' title="bbox 272 468 1852 546; baseline -0.003 -15"><span class='ocrx_word' id='word_1_20' title='bbox 272 475 440 531; x_wconf 81' lang='grc' dir='ltr'>αὑτοῦ</span> <span class='ocrx_word' id='word_1_21' title='bbox 472 474 573 546; x_wconf 73' lang='grc' dir='ltr'>τὴν</span> <span class='ocrx_word' id='word_1_22' title='bbox 619 473 838 544; x_wconf 82' lang='grc' dir='ltr'><strong>καιρίαν</strong></span> <span class='ocrx_word' id='word_1_23' title='bbox 868 473 1100 542; x_wconf 82' lang='grc' dir='ltr'>ἐδέχετο.</span> <span class='ocrx_word' id='word_1_24' title='bbox 1144 468 1268 545; x_wconf 65' lang='grc' dir='ltr'><strong>Ἆρ’</strong></span> <span class='ocrx_word' id='word_1_25' title='bbox 1303 473 1402 526; x_wconf 82' lang='grc' dir='ltr'>οὐκ</span> <span class='ocrx_word' id='word_1_26' title='bbox 1433 469 1583 526; x_wconf 71' lang='grc' dir='ltr'>εἶπεν</span> <span class='ocrx_word' id='word_1_27' title='bbox 1623 474 1690 526; x_wconf 84' lang='grc' dir='ltr'>ἂν</span> <span class='ocrx_word' id='word_1_28' title='bbox 1717 475 1852 544; x_wconf 78' lang='grc' dir='ltr'>πρὸς</span> 
     </span>
    </p>
   </div>
   <div class='ocr_carea' id='block_1_5' title="bbox 272 562 1848 636">
    <p class='ocr_par' dir='ltr' id='par_1_5' title="bbox 272 562 1848 636">
     <span class='ocr_line' id='line_1_5' title="bbox 272 562 1848 636; baseline -0.003 -14"><span class='ocrx_word' id='word_1_29' title='bbox 272 568 365 622; x_wconf 80' lang='grc' dir='ltr'>τὸν</span> <span class='ocrx_word' id='word_1_30' title='bbox 415 563 670 636; x_wconf 77' lang='grc' dir='ltr'>’Δϐραάμ</span> <span class='ocrx_word' id='word_1_31' title='bbox 701 563 874 616; x_wconf 81' lang='grc' dir='ltr'>ταῦτα</span> <span class='ocrx_word' id='word_1_32' title='bbox 900 562 970 616; x_wconf 83' lang='grc' dir='ltr'><strong>τά</strong></span> <span class='ocrx_word' id='word_1_33' title='bbox 998 564 1252 634; x_wconf 74' lang='grc' dir='ltr'>ρήματας</span> <span class='ocrx_word' id='word_1_34' title='bbox 1299 563 1486 617; x_wconf 83' lang='grc' dir='ltr'>Φεῖσαι</span> <span class='ocrx_word' id='word_1_35' title='bbox 1519 563 1613 616; x_wconf 79' lang='grc' dir='ltr'>τοῦ</span> <span class='ocrx_word' id='word_1_36' title='bbox 1642 565 1848 630; x_wconf 86' lang='grc' dir='ltr'>παιδὸς,</span> 
     </span>
    </p>
   </div>
   <div class='ocr_carea' id='block_1_6' title="bbox 272 653 1852 730">
    <p class='ocr_par' dir='ltr' id='par_1_6' title="bbox 272 653 1852 730">
     <span class='ocr_line' id='line_1_6' title="bbox 272 653 1852 730; baseline -0.003 -19"><span class='ocrx_word' id='word_1_37' title='bbox 272 659 429 730; x_wconf 78' lang='grc' dir='ltr'>ἄνερ,</span> <span class='ocrx_word' id='word_1_38' title='bbox 471 657 546 726; x_wconf 82' lang='grc' dir='ltr'>μὴ</span> <span class='ocrx_word' id='word_1_39' title='bbox 580 655 816 725; x_wconf 80' lang='grc' dir='ltr'>πονηρὸν</span> <span class='ocrx_word' id='word_1_40' title='bbox 844 655 980 726; x_wconf 82' lang='grc' dir='ltr'><strong>γένῃ</strong></span> <span class='ocrx_word' id='word_1_41' title='bbox 998 653 1092 707; x_wconf 77' lang='grc' dir='ltr'>τοῦ</span> <span class='ocrx_word' id='word_1_42' title='bbox 1124 654 1239 724; x_wconf 80' lang='grc' dir='ltr'>βίου</span> <span class='ocrx_word' id='word_1_43' title='bbox 1266 654 1510 725; x_wconf 78' lang='grc' dir='ltr'><strong>διήγημα</strong></span> <span class='ocrx_word' id='word_1_44' title='bbox 1532 694 1545 719; x_wconf 90' lang='grc'><strong>,</strong></span> <span class='ocrx_word' id='word_1_45' title='bbox 1580 655 1653 726; x_wconf 89' lang='grc' dir='ltr'>μὴ</span> <span class='ocrx_word' id='word_1_46' title='bbox 1686 654 1852 725; x_wconf 82' lang='grc' dir='ltr'>μῦθος</span> 
     </span>
    </p>
   </div>
   <div class='ocr_carea' id='block_1_7' title="bbox 272 745 1854 821">
    <p class='ocr_par' dir='ltr' id='par_1_7' title="bbox 272 745 1854 821">
     <span class='ocr_line' id='line_1_7' title="bbox 272 745 1854 821; baseline -0.004 -19"><span class='ocrx_word' id='word_1_47' title='bbox 272 749 355 821; x_wconf 83' lang='grc' dir='ltr'>τῷ</span> <span class='ocrx_word' id='word_1_48' title='bbox 387 747 524 820; x_wconf 87' lang='grc' dir='ltr'><strong>μετά</strong></span> <span class='ocrx_word' id='word_1_49' title='bbox 555 746 731 801; x_wconf 80' lang='grc' dir='ltr'>ταῦτα</span> <span class='ocrx_word' id='word_1_50' title='bbox 759 746 937 816; x_wconf 83' lang='grc' dir='ltr'>χρόνῳ</span> <span class='ocrx_word' id='word_1_51' title='bbox 978 745 1265 815; x_wconf 83' lang='grc' dir='ltr'>γενώμεθα</span> <span class='ocrx_word' id='word_1_52' title='bbox 1287 788 1302 810; x_wconf 95' lang='grc'><strong>,</strong></span> <span class='ocrx_word' id='word_1_53' title='bbox 1355 745 1430 816; x_wconf 82' lang='grc' dir='ltr'>μὴ</span> <span class='ocrx_word' id='word_1_54' title='bbox 1465 745 1739 817; x_wconf 75' lang='grc' dir='ltr'><strong>φθονήσῃς</strong></span> <span class='ocrx_word' id='word_1_55' title='bbox 1776 745 1854 816; x_wconf 79' lang='grc' dir='ltr'>τῷ</span> 
     </span>
    </p>
   </div>
   <div class='ocr_carea' id='block_1_8' title="bbox 272 838 1853 914">
    <p class='ocr_par' dir='ltr' id='par_1_8' title="bbox 272 838 1853 914">
     <span class='ocr_line' id='line_1_8' title="bbox 272 838 1853 914; baseline -0.005 -16"><span class='ocrx_word' id='word_1_56' title='bbox 272 843 380 914; x_wconf 83' lang='grc' dir='ltr'>υἱῷ</span> <span class='ocrx_word' id='word_1_57' title='bbox 407 843 504 912; x_wconf 74' lang='grc' dir='ltr'>τῆς</span> <span class='ocrx_word' id='word_1_58' title='bbox 529 840 696 910; x_wconf 80' lang='grc' dir='ltr'>ζωῆς,</span> <span class='ocrx_word' id='word_1_59' title='bbox 724 839 799 910; x_wconf 82' lang='grc' dir='ltr'>μὴ</span> <span class='ocrx_word' id='word_1_60' title='bbox 826 839 1094 910; x_wconf 82' lang='grc' dir='ltr'>στερήσῃς</span> <span class='ocrx_word' id='word_1_61' title='bbox 1121 838 1281 891; x_wconf 81' lang='grc' dir='ltr'>αὑτὸν</span> <span class='ocrx_word' id='word_1_62' title='bbox 1305 839 1402 908; x_wconf 79' lang='grc' dir='ltr'>τῆς</span> <span class='ocrx_word' id='word_1_63' title='bbox 1429 838 1684 906; x_wconf 83' lang='grc' dir='ltr'>γλυκείας</span> <span class='ocrx_word' id='word_1_64' title='bbox 1704 840 1853 891; x_wconf 85' lang='grc' dir='ltr'>ἀκτῖ-</span> 
     </span>
    </p>
   </div>
   <div class='ocr_carea' id='block_1_9' title="bbox 268 926 1853 1000">
    <p class='ocr_par' dir='ltr' id='par_1_9' title="bbox 268 926 1853 1000">
     <span class='ocr_line' id='line_1_9' title="bbox 268 926 1853 1000; baseline -0.006 -12"><span class='ocrx_word' id='word_1_65' title='bbox 268 951 382 998; x_wconf 88' lang='grc' dir='ltr'>νος·</span> <span class='ocrx_word' id='word_1_66' title='bbox 417 932 658 1000; x_wconf 84' lang='grc' dir='ltr'>θάλαμος</span> <span class='ocrx_word' id='word_1_67' title='bbox 686 929 916 992; x_wconf 86' lang='grc' dir='ltr'>τέκνοις,</span> <span class='ocrx_word' id='word_1_68' title='bbox 947 927 1009 980; x_wconf 85' lang='grc' dir='ltr'><strong>ού</strong></span> <span class='ocrx_word' id='word_1_69' title='bbox 1033 927 1200 996; x_wconf 82' lang='grc' dir='ltr'>τάφος</span> <span class='ocrx_word' id='word_1_70' title='bbox 1233 927 1382 998; x_wconf 74' lang='grc' dir='ltr'>παρὰ</span> <span class='ocrx_word' id='word_1_71' title='bbox 1410 926 1664 997; x_wconf 82' lang='grc' dir='ltr'><strong>πατέρων</strong></span> <span class='ocrx_word' id='word_1_72' title='bbox 1689 944 1853 979; x_wconf 84' lang='grc' dir='ltr'>σπου-</span> 
     </span>
    </p>
   </div>
   <div class='ocr_carea' id='block_1_10' title="bbox 267 1018 1852 1092">
    <p class='ocr_par' dir='ltr' id='par_1_10' title="bbox 267 1018 1852 1092">
     <span class='ocr_line' id='line_1_10' title="bbox 267 1018 1852 1092; baseline -0.012 -11"><span class='ocrx_word' id='word_1_73' title='bbox 267 1025 492 1090; x_wconf 76' lang='grc' dir='ltr'>δάζεται</span> <span class='ocrx_word' id='word_1_74' title='bbox 510 1043 524 1056; x_wconf 86' lang='grc'><strong>·</strong></span> <span class='ocrx_word' id='word_1_75' title='bbox 556 1023 817 1092; x_wconf 86' lang='grc' dir='ltr'>στέφανος</span> <span class='ocrx_word' id='word_1_76' title='bbox 845 1021 1102 1092; x_wconf 82' lang='grc' dir='ltr'>γαμικδς,</span> <span class='ocrx_word' id='word_1_77' title='bbox 1130 1021 1190 1073; x_wconf 82' lang='grc' dir='ltr'>οὐ</span> <span class='ocrx_word' id='word_1_78' title='bbox 1217 1018 1365 1089; x_wconf 76' lang='grc' dir='ltr'>ξίφος</span> <span class='ocrx_word' id='word_1_79' title='bbox 1397 1019 1633 1087; x_wconf 76' lang='grc' dir='ltr'><strong>φονικὸν·</strong></span> <span class='ocrx_word' id='word_1_80' title='bbox 1670 1019 1852 1089; x_wconf 79' lang='grc' dir='ltr'>γαμή-</span> 
     </span>
    </p>
   </div>
   <div class='ocr_carea' id='block_1_11' title="bbox 266 1110 1855 1189">
    <p class='ocr_par' dir='ltr' id='par_1_11' title="bbox 266 1110 1855 1189">
     <span class='ocr_line' id='line_1_11' title="bbox 266 1110 1855 1189; baseline -0.005 -19"><span class='ocrx_word' id='word_1_81' title='bbox 266 1119 383 1182; x_wconf 89' lang='grc' dir='ltr'>λιος</span> <span class='ocrx_word' id='word_1_82' title='bbox 425 1117 684 1189; x_wconf 79' lang='grc' dir='ltr'>λαμπὰς,</span> <span class='ocrx_word' id='word_1_83' title='bbox 713 1116 774 1168; x_wconf 86' lang='grc' dir='ltr'><strong>ού</strong></span> <span class='ocrx_word' id='word_1_84' title='bbox 810 1113 920 1184; x_wconf 80' lang='grc' dir='ltr'>πῦρ</span> <span class='ocrx_word' id='word_1_85' title='bbox 964 1113 1269 1183; x_wconf 82' lang='grc' dir='ltr'>ἐπιτάφιον.</span> <span class='ocrx_word' id='word_1_86' title='bbox 1311 1111 1497 1165; x_wconf 76' lang='grc' dir='ltr'>Ταῦτα</span> <span class='ocrx_word' id='word_1_87' title='bbox 1537 1111 1730 1184; x_wconf 73' lang='grc' dir='ltr'>λῃσταὶ</span> <span class='ocrx_word' id='word_1_88' title='bbox 1760 1110 1855 1163; x_wconf 75' lang='grc' dir='ltr'>καὶ</span> 
     </span>
    </p>
   </div>
   <div class='ocr_carea' id='block_1_12' title="bbox 265 1203 1856 1282">
    <p class='ocr_par' dir='ltr' id='par_1_12' title="bbox 265 1203 1856 1282">
     <span class='ocr_line' id='line_1_12' title="bbox 265 1203 1856 1282; baseline -0.006 -16"><span class='ocrx_word' id='word_1_89' title='bbox 265 1213 557 1282; x_wconf 83' lang='grc' dir='ltr'>πολέμιοι,</span> <span class='ocrx_word' id='word_1_90' title='bbox 596 1210 656 1262; x_wconf 86' lang='grc' dir='ltr'><strong>ού</strong></span> <span class='ocrx_word' id='word_1_91' title='bbox 697 1207 948 1278; x_wconf 79' lang='grc' dir='ltr'><strong>πατέρων</strong></span> <span class='ocrx_word' id='word_1_92' title='bbox 990 1209 1171 1278; x_wconf 83' lang='grc' dir='ltr'>χεῖρες</span> <span class='ocrx_word' id='word_1_93' title='bbox 1194 1207 1287 1259; x_wconf 71' lang='grc' dir='ltr'>ἐπὶ</span> <span class='ocrx_word' id='word_1_94' title='bbox 1317 1205 1425 1258; x_wconf 83' lang='grc' dir='ltr'><strong>τῶν</strong></span> <span class='ocrx_word' id='word_1_95' title='bbox 1455 1204 1660 1258; x_wconf 88' lang='grc' dir='ltr'>τέκνων</span> <span class='ocrx_word' id='word_1_96' title='bbox 1697 1203 1856 1275; x_wconf 87' lang='grc' dir='ltr'>ἐργά-</span> 
     </span>
    </p>
   </div>
   <div class='ocr_carea' id='block_1_13' title="bbox 265 1296 1852 1372">
    <p class='ocr_par' dir='ltr' id='par_1_13' title="bbox 265 1296 1852 1372">
     <span class='ocr_line' id='line_1_13' title="bbox 265 1296 1852 1372; baseline -0.005 -15"><span class='ocrx_word' id='word_1_97' title='bbox 265 1305 476 1369; x_wconf 76' lang='grc' dir='ltr'>ζονται.</span> <span class='ocrx_word' id='word_1_98' title='bbox 503 1302 641 1356; x_wconf 83' lang='grc' dir='ltr'><strong>Εἰδέ</strong></span> <span class='ocrx_word' id='word_1_99' title='bbox 665 1302 770 1372; x_wconf 81' lang='grc' dir='ltr'>χρὴ</span> <span class='ocrx_word' id='word_1_100' title='bbox 793 1301 1012 1362; x_wconf 86' lang='grc' dir='ltr'>πάντως</span> <span class='ocrx_word' id='word_1_101' title='bbox 1033 1298 1286 1367; x_wconf 86' lang='grc' dir='ltr'>γενέσθαι</span> <span class='ocrx_word' id='word_1_102' title='bbox 1315 1298 1375 1351; x_wconf 81' lang='grc' dir='ltr'>τὸ</span> <span class='ocrx_word' id='word_1_103' title='bbox 1407 1297 1594 1364; x_wconf 80' lang='grc' dir='ltr'>κακὸν,</span> <span class='ocrx_word' id='word_1_104' title='bbox 1627 1297 1703 1367; x_wconf 81' lang='grc' dir='ltr'>μὴ</span> <span class='ocrx_word' id='word_1_105' title='bbox 1726 1296 1852 1350; x_wconf 81' lang='grc' dir='ltr'>εἴδοι</span> 
     </span>
    </p>
   </div>
   <div class='ocr_carea' id='block_1_14' title="bbox 266 1389 1853 1464">
    <p class='ocr_par' dir='ltr' id='par_1_14' title="bbox 266 1389 1853 1464">
     <span class='ocr_line' id='line_1_14' title="bbox 266 1389 1853 1464; baseline -0.003 -16"><span class='ocrx_word' id='word_1_106' title='bbox 266 1395 493 1464; x_wconf 72' lang='grc' dir='ltr'>Σάρρας</span> <span class='ocrx_word' id='word_1_107' title='bbox 528 1392 804 1464; x_wconf 83' lang='grc' dir='ltr'>ὀφθαλμὸς</span> <span class='ocrx_word' id='word_1_108' title='bbox 837 1391 1198 1464; x_wconf 87' lang='grc' dir='ltr'>νεκρούμενον</span> <span class='ocrx_word' id='word_1_109' title='bbox 1232 1391 1322 1444; x_wconf 83' lang='grc' dir='ltr'>τὸν</span> <span class='ocrx_word' id='word_1_110' title='bbox 1361 1391 1564 1446; x_wconf 83' lang='grc' dir='ltr'>Ἰσαάκ.</span> <span class='ocrx_word' id='word_1_111' title='bbox 1621 1389 1752 1445; x_wconf 84' lang='grc' dir='ltr'>Ἰδοὺ</span> <span class='ocrx_word' id='word_1_112' title='bbox 1786 1391 1853 1443; x_wconf 89' lang='grc' dir='ltr'>δι’</span> 
     </span>
    </p>
   </div>
   <div class='ocr_carea' id='block_1_15' title="bbox 265 1479 1854 1558">
    <p class='ocr_par' dir='ltr' id='par_1_15' title="bbox 265 1479 1854 1558">
     <span class='ocr_line' id='line_1_15' title="bbox 265 1479 1854 1558; baseline -0.003 -16"><span class='ocrx_word' id='word_1_113' title='bbox 265 1487 598 1558; x_wconf 78' lang='grc' dir='ltr'><strong>ἀμφοτέρων</strong></span> <span class='ocrx_word' id='word_1_114' title='bbox 643 1479 783 1539; x_wconf 82' lang='grc' dir='ltr'>ὦσον</span> <span class='ocrx_word' id='word_1_115' title='bbox 830 1485 892 1538; x_wconf 86' lang='grc' dir='ltr'>τὸ</span> <span class='ocrx_word' id='word_1_116' title='bbox 934 1485 1122 1553; x_wconf 83' lang='grc' dir='ltr'>ξίφος,</span> <span class='ocrx_word' id='word_1_117' title='bbox 1160 1485 1253 1538; x_wconf 76' lang='grc' dir='ltr'><strong>ἀπ’</strong></span> <span class='ocrx_word' id='word_1_118' title='bbox 1298 1483 1432 1554; x_wconf 79' lang='grc' dir='ltr'>ἐμοῦ</span> <span class='ocrx_word' id='word_1_119' title='bbox 1476 1484 1576 1554; x_wconf 82' lang='grc' dir='ltr'>τῆς</span> <span class='ocrx_word' id='word_1_120' title='bbox 1615 1483 1854 1546; x_wconf 85' lang='grc' dir='ltr'><strong>δειλαίας</strong></span> 
     </span>
    </p>
   </div>
   <div class='ocr_carea' id='block_1_16' title="bbox 259 1575 1854 1649">
    <p class='ocr_par' dir='ltr' id='par_1_16' title="bbox 259 1575 1854 1649">
     <span class='ocr_line' id='line_1_16' title="bbox 259 1575 1854 1649; baseline -0.004 -16"><span class='ocrx_word' id='word_1_121' title='bbox 259 1578 610 1649; x_wconf 80' lang='grc' dir='ltr'>ἀρξάμενος·</span> <span class='ocrx_word' id='word_1_122' title='bbox 667 1577 766 1647; x_wconf 88' lang='grc' dir='ltr'>μία</span> <span class='ocrx_word' id='word_1_123' title='bbox 802 1577 915 1640; x_wconf 82' lang='grc' dir='ltr'>τοῖς</span> <span class='ocrx_word' id='word_1_124' title='bbox 945 1576 1098 1630; x_wconf 71' lang='grc' dir='ltr'>δυσὶν</span> <span class='ocrx_word' id='word_1_125' title='bbox 1141 1576 1364 1645; x_wconf 81' lang='grc' dir='ltr'><strong>ἀρκέσει</strong></span> <span class='ocrx_word' id='word_1_126' title='bbox 1410 1575 1610 1646; x_wconf 86' lang='grc' dir='ltr'>πληγή.</span> <span class='ocrx_word' id='word_1_127' title='bbox 1659 1575 1854 1628; x_wconf 80' lang='grc' dir='ltr'>Κοινδν</span> 
     </span>
    </p>
   </div>
   <div class='ocr_carea' id='block_1_17' title="bbox 261 1666 1854 1741">
    <p class='ocr_par' dir='ltr' id='par_1_17' title="bbox 261 1666 1854 1741">
     <span class='ocr_line' id='line_1_17' title="bbox 261 1666 1854 1741; baseline -0.003 -17"><span class='ocrx_word' id='word_1_128' title='bbox 261 1671 356 1724; x_wconf 81' lang='grc' dir='ltr'><strong>ἐπ’</strong></span> <span class='ocrx_word' id='word_1_129' title='bbox 405 1671 731 1741; x_wconf 80' lang='grc' dir='ltr'><strong>ἀμφοτέρων</strong></span> <span class='ocrx_word' id='word_1_130' title='bbox 778 1668 1018 1738; x_wconf 83' lang='grc' dir='ltr'><strong>γενέσθω</strong></span> <span class='ocrx_word' id='word_1_131' title='bbox 1064 1668 1128 1721; x_wconf 89' lang='grc' dir='ltr'>τὸ</span> <span class='ocrx_word' id='word_1_132' title='bbox 1169 1668 1348 1739; x_wconf 77' lang='grc' dir='ltr'><strong>χῶμα⁸</strong></span> <span class='ocrx_word' id='word_1_133' title='bbox 1403 1667 1501 1740; x_wconf 90' lang='grc' dir='ltr'><strong>μία</strong></span> <span class='ocrx_word' id='word_1_134' title='bbox 1548 1666 1716 1737; x_wconf 81' lang='grc' dir='ltr'>στήλη</span> <span class='ocrx_word' id='word_1_135' title='bbox 1755 1668 1854 1738; x_wconf 78' lang='grc' dir='ltr'>τὴν</span> 
     </span>
    </p>
   </div>
   <div class='ocr_carea' id='block_1_18' title="bbox 262 1760 1166 1832">
    <p class='ocr_par' dir='ltr' id='par_1_18' title="bbox 262 1760 1166 1832">
     <span class='ocr_line' id='line_1_18' title="bbox 262 1760 1166 1832; baseline -0.001 -19"><span class='ocrx_word' id='word_1_136' title='bbox 262 1762 454 1822; x_wconf 80' lang='grc' dir='ltr'>κοινὴν</span> <span class='ocrx_word' id='word_1_137' title='bbox 481 1761 765 1831; x_wconf 81' lang='grc' dir='ltr'>συμφορὰν</span> <span class='ocrx_word' id='word_1_138' title='bbox 798 1760 1166 1832; x_wconf 85' lang='grc' dir='ltr'>τραγῳδείτω.</span> 
     </span>
    </p>
   </div>
   <div class='ocr_carea' id='block_1_19' title="bbox 1961 474 3534 545">
    <p class='ocr_par' dir='ltr' id='par_1_19' title="bbox 1961 474 3534 545">
     <span class='ocr_line' id='line_1_19' title="bbox 1961 474 3534 545; baseline 0.002 -17"><span class='ocrx_word' id='word_1_139' title='bbox 1961 476 2259 530; x_wconf 88' lang='lat' dir='ltr'><strong>animatum</strong></span> <span class='ocrx_word' id='word_1_140' title='bbox 2316 475 2560 528; x_wconf 87' lang='lat' dir='ltr'><strong>futurum</strong></span> <span class='ocrx_word' id='word_1_141' title='bbox 2595 474 2788 540; x_wconf 83' lang='lat' dir='ltr'><strong>fuisse,</strong></span> <span class='ocrx_word' id='word_1_142' title='bbox 2829 475 2872 530; x_wconf 92' lang='lat' dir='ltr'><strong>si</strong></span> <span class='ocrx_word' id='word_1_143' title='bbox 2912 476 2978 530; x_wconf 90' lang='lat' dir='ltr'><strong>ad</strong></span> <span class='ocrx_word' id='word_1_144' title='bbox 3010 484 3330 545; x_wconf 84' lang='lat' dir='ltr'><strong>praesentem</strong></span> <span class='ocrx_word' id='word_1_145' title='bbox 3361 477 3534 531; x_wconf 88' lang='lat' dir='ltr'><strong>solam</strong></span> 
     </span>
    </p>
   </div>
   <div class='ocr_carea' id='block_1_20' title="bbox 1960 564 3534 634">
    <p class='ocr_par' dir='ltr' id='par_1_20' title="bbox 1960 564 3534 634">
     <span class='ocr_line' id='line_1_20' title="bbox 1960 564 3534 634; baseline 0.002 -15"><span class='ocrx_word' id='word_1_146' title='bbox 1960 565 2128 619; x_wconf 89' lang='lat' dir='ltr'><strong>vitam</strong></span> <span class='ocrx_word' id='word_1_147' title='bbox 2180 565 2514 634; x_wconf 83' lang='lat' dir='ltr'><strong>respiceret,</strong></span> <span class='ocrx_word' id='word_1_148' title='bbox 2567 564 2611 618; x_wconf 91' lang='lat' dir='ltr'><strong>si</strong></span> <span class='ocrx_word' id='word_1_149' title='bbox 2670 581 2864 620; x_wconf 89' lang='lat' dir='ltr'><strong>servus</strong></span> <span class='ocrx_word' id='word_1_150' title='bbox 2924 574 3136 621; x_wconf 82' lang='lat' dir='ltr'><strong>naturae</strong></span> <span class='ocrx_word' id='word_1_151' title='bbox 3167 575 3337 632; x_wconf 86' lang='lat' dir='ltr'><strong>esset,</strong></span> <span class='ocrx_word' id='word_1_152' title='bbox 3386 569 3431 624; x_wconf 88' lang='lat' dir='ltr'><strong>si</strong></span> <span class='ocrx_word' id='word_1_153' title='bbox 3481 570 3534 622; x_wconf 90' lang='lat' dir='ltr'><strong>in</strong></span> 
     </span>
    </p>
   </div>
   <div class='ocr_carea' id='block_1_21' title="bbox 1959 657 3536 726">
    <p class='ocr_par' dir='ltr' id='par_1_21' title="bbox 1959 657 3536 726">
     <span class='ocr_line' id='line_1_21' title="bbox 1959 657 3536 726; baseline 0.003 -17"><span class='ocrx_word' id='word_1_154' title='bbox 1959 657 2218 726; x_wconf 88' lang='lat' dir='ltr'><strong>praesenti</strong></span> <span class='ocrx_word' id='word_1_155' title='bbox 2278 657 2482 711; x_wconf 67' lang='lat' dir='ltr'><strong>sarculo</strong></span> <span class='ocrx_word' id='word_1_156' title='bbox 2527 657 2651 710; x_wconf 70' lang='lat' dir='ltr'><strong>vita:</strong></span> <span class='ocrx_word' id='word_1_157' title='bbox 2683 657 3030 712; x_wconf 79' lang='lat' dir='ltr'><strong>dulcedinem</strong></span> <span class='ocrx_word' id='word_1_158' title='bbox 3073 659 3380 714; x_wconf 91' lang='lat' dir='ltr'><strong>consistere</strong></span> <span class='ocrx_word' id='word_1_159' title='bbox 3419 661 3536 715; x_wconf 78' lang='lat' dir='ltr'><strong>exi-</strong></span> 
     </span>
    </p>
   </div>
   <div class='ocr_carea' id='block_1_22' title="bbox 1959 746 3534 818">
    <p class='ocr_par' dir='ltr' id='par_1_22' title="bbox 1959 746 3534 818">
     <span class='ocr_line' id='line_1_22' title="bbox 1959 746 3534 818; baseline 0.002 -15"><span class='ocrx_word' id='word_1_160' title='bbox 1959 750 2230 803; x_wconf 89' lang='lat' dir='ltr'><strong>stimaret.</strong></span> <span class='ocrx_word' id='word_1_161' title='bbox 2285 746 2392 803; x_wconf 88' lang='lat' dir='ltr'><strong>Sed</strong></span> <span class='ocrx_word' id='word_1_162' title='bbox 2434 748 2564 818; x_wconf 91' lang='lat' dir='ltr'><strong>quid</strong></span> <span class='ocrx_word' id='word_1_163' title='bbox 2607 751 2674 804; x_wconf 88' lang='lat' dir='ltr'><strong>de</strong></span> <span class='ocrx_word' id='word_1_164' title='bbox 2713 750 2805 803; x_wconf 84' lang='lat' dir='ltr'><strong>illo</strong></span> <span class='ocrx_word' id='word_1_165' title='bbox 2857 749 3003 812; x_wconf 77' lang='lat' dir='ltr'><strong>diro,</strong></span> <span class='ocrx_word' id='word_1_166' title='bbox 3050 751 3252 807; x_wconf 89' lang='lat' dir='ltr'><strong>omissa</strong></span> <span class='ocrx_word' id='word_1_167' title='bbox 3300 751 3534 807; x_wconf 86' lang='lat' dir='ltr'><strong>muliere</strong></span> 
     </span>
    </p>
   </div>
   <div class='ocr_carea' id='block_1_23' title="bbox 1959 839 3534 911">
    <p class='ocr_par' dir='ltr' id='par_1_23' title="bbox 1959 839 3534 911">
     <span class='ocr_line' id='line_1_23' title="bbox 1959 839 3534 911; baseline 0.004 -19"><span class='ocrx_word' id='word_1_168' title='bbox 1959 839 2257 895; x_wconf 80' lang='lat' dir='ltr'><strong>infirmiore</strong></span> <span class='ocrx_word' id='word_1_169' title='bbox 2288 849 2442 911; x_wconf 88' lang='lat' dir='ltr'><strong>parte</strong></span> <span class='ocrx_word' id='word_1_170' title='bbox 2477 841 2727 895; x_wconf 72' lang='lat' dir='ltr'><strong>humana:</strong></span> <span class='ocrx_word' id='word_1_171' title='bbox 2754 842 2995 896; x_wconf 76' lang='lat' dir='ltr'><strong>naturae?</strong></span> <span class='ocrx_word' id='word_1_172' title='bbox 3021 840 3137 896; x_wconf 86' lang='lat' dir='ltr'><strong>Nisi</strong></span> <span class='ocrx_word' id='word_1_173' title='bbox 3165 850 3218 897; x_wconf 90' lang='lat' dir='ltr'><strong>et</strong></span> <span class='ocrx_word' id='word_1_174' title='bbox 3252 844 3342 896; x_wconf 91' lang='lat' dir='ltr'><strong>illa</strong></span> <span class='ocrx_word' id='word_1_175' title='bbox 3363 859 3393 897; x_wconf 88' lang='lat' dir='ltr'><strong>a</strong></span> <span class='ocrx_word' id='word_1_176' title='bbox 3414 845 3534 898; x_wconf 91' lang='lat' dir='ltr'><strong>viro</strong></span> 
     </span>
    </p>
   </div>
   <div class='ocr_carea' id='block_1_24' title="bbox 1957 932 3530 999">
    <p class='ocr_par' dir='ltr' id='par_1_24' title="bbox 1957 932 3530 999">
     <span class='ocr_line' id='line_1_24' title="bbox 1957 932 3530 999; baseline 0.003 -13"><span class='ocrx_word' id='word_1_177' title='bbox 1957 932 2142 986; x_wconf 87' lang='lat' dir='ltr'><strong>divina</strong></span> <span class='ocrx_word' id='word_1_178' title='bbox 2171 932 2458 987; x_wconf 81' lang='lat' dir='ltr'><strong>didicisset</strong></span> <span class='ocrx_word' id='word_1_179' title='bbox 2483 951 2497 999; x_wconf 90' lang='lat'><strong>;</strong></span> <span class='ocrx_word' id='word_1_180' title='bbox 2529 934 2636 988; x_wconf 88' lang='lat' dir='ltr'><strong>nisi</strong></span> <span class='ocrx_word' id='word_1_181' title='bbox 2663 935 2914 990; x_wconf 80' lang='lat' dir='ltr'><strong>solvisset</strong></span> <span class='ocrx_word' id='word_1_182' title='bbox 2943 935 3220 988; x_wconf 80' lang='lat' dir='ltr'><strong>occultam</strong></span> <span class='ocrx_word' id='word_1_183' title='bbox 3251 937 3419 989; x_wconf 87' lang='lat' dir='ltr'><strong>vitam</strong></span> <span class='ocrx_word' id='word_1_184' title='bbox 3443 952 3530 999; x_wconf 88' lang='lat' dir='ltr'><strong>ea.</strong></span> 
     </span>
    </p>
   </div>
   <div class='ocr_carea' id='block_1_25' title="bbox 1955 1028 3530 1096">
    <p class='ocr_par' dir='ltr' id='par_1_25' title="bbox 1955 1028 3530 1096">
     <span class='ocr_line' id='line_1_25' title="bbox 1955 1028 3530 1096; baseline 0.003 -18"><span class='ocrx_word' id='word_1_185' title='bbox 1955 1039 2076 1094; x_wconf 63' lang='lat' dir='ltr'><strong>quae</strong></span> <span class='ocrx_word' id='word_1_186' title='bbox 2094 1035 2340 1095; x_wconf 83' lang='lat' dir='ltr'><strong>apparet,</strong></span> <span class='ocrx_word' id='word_1_187' title='bbox 2356 1041 2478 1080; x_wconf 92' lang='lat' dir='ltr'><strong>esse</strong></span> <span class='ocrx_word' id='word_1_188' title='bbox 2495 1028 2761 1096; x_wconf 90' lang='lat' dir='ltr'><strong>potiorem</strong></span> <span class='ocrx_word' id='word_1_189' title='bbox 2781 1071 2793 1093; x_wconf 91' lang='lat'><strong>,</strong></span> <span class='ocrx_word' id='word_1_190' title='bbox 2811 1043 2916 1081; x_wconf 90' lang='lat' dir='ltr'><strong>non</strong></span> <span class='ocrx_word' id='word_1_191' title='bbox 2933 1029 3295 1083; x_wconf 88' lang='lat' dir='ltr'><strong>commissura</strong></span> <span class='ocrx_word' id='word_1_192' title='bbox 3315 1028 3530 1096; x_wconf 89' lang='lat' dir='ltr'><strong>fuisset,</strong></span> 
     </span>
    </p>
   </div>
   <div class='ocr_carea' id='block_1_26' title="bbox 1958 1119 3528 1191">
    <p class='ocr_par' dir='ltr' id='par_1_26' title="bbox 1958 1119 3528 1191">
     <span class='ocr_line' id='line_1_26' title="bbox 1958 1119 3528 1191; baseline 0.003 -18"><span class='ocrx_word' id='word_1_193' title='bbox 1958 1129 2018 1173; x_wconf 93' lang='lat' dir='ltr'><strong>ut</strong></span> <span class='ocrx_word' id='word_1_194' title='bbox 2045 1120 2130 1173; x_wconf 87' lang='lat' dir='ltr'><strong>vir</strong></span> <span class='ocrx_word' id='word_1_195' title='bbox 2159 1119 2430 1186; x_wconf 86' lang='lat' dir='ltr'><strong>eiusmodi</strong></span> <span class='ocrx_word' id='word_1_196' title='bbox 2469 1119 2599 1189; x_wconf 91' lang='lat' dir='ltr'><strong>quid</strong></span> <span class='ocrx_word' id='word_1_197' title='bbox 2653 1120 2922 1175; x_wconf 88' lang='lat' dir='ltr'><strong>adversus</strong></span> <span class='ocrx_word' id='word_1_198' title='bbox 2963 1121 3130 1175; x_wconf 85' lang='lat' dir='ltr'><strong>filium</strong></span> <span class='ocrx_word' id='word_1_199' title='bbox 3160 1131 3528 1191; x_wconf 85' lang='lat' dir='ltr'><strong>perpetraret.</strong></span> 
     </span>
    </p>
   </div>
   <div class='ocr_carea' id='block_1_27' title="bbox 1957 1211 3532 1269">
    <p class='ocr_par' dir='ltr' id='par_1_27' title="bbox 1957 1211 3532 1269">
     <span class='ocr_line' id='line_1_27' title="bbox 1957 1211 3532 1269; baseline 0.001 -5"><span class='ocrx_word' id='word_1_200' title='bbox 1957 1211 2192 1266; x_wconf 86' lang='lat' dir='ltr'><strong>Prorsus</strong></span> <span class='ocrx_word' id='word_1_201' title='bbox 2236 1212 2380 1266; x_wconf 87' lang='lat' dir='ltr'><strong>enim</strong></span> <span class='ocrx_word' id='word_1_202' title='bbox 2429 1211 2694 1265; x_wconf 89' lang='lat' dir='ltr'><strong>maternis</strong></span> <span class='ocrx_word' id='word_1_203' title='bbox 2741 1221 3014 1266; x_wconf 88' lang='lat' dir='ltr'><strong>commota</strong></span> <span class='ocrx_word' id='word_1_204' title='bbox 3063 1215 3375 1269; x_wconf 75' lang='lat' dir='ltr'><strong>visceribus</strong></span> <span class='ocrx_word' id='word_1_205' title='bbox 3422 1216 3532 1268; x_wconf 78' lang='lat' dir='ltr'><strong>tilio</strong></span> 
     </span>
    </p>
   </div>
   <div class='ocr_carea' id='block_1_28' title="bbox 1955 1301 3533 1376">
    <p class='ocr_par' dir='ltr' id='par_1_28' title="bbox 1955 1301 3533 1376">
     <span class='ocr_line' id='line_1_28' title="bbox 1955 1301 3533 1376; baseline 0.003 -20"><span class='ocrx_word' id='word_1_206' title='bbox 1955 1302 2290 1357; x_wconf 88' lang='lat' dir='ltr'><strong>circumfusa</strong></span> <span class='ocrx_word' id='word_1_207' title='bbox 2325 1301 2540 1366; x_wconf 79' lang='lat' dir='ltr'><strong>fuisset,</strong></span> <span class='ocrx_word' id='word_1_208' title='bbox 2587 1311 2642 1358; x_wconf 90' lang='lat' dir='ltr'><strong>et</strong></span> <span class='ocrx_word' id='word_1_209' title='bbox 2678 1305 2820 1359; x_wconf 90' lang='lat' dir='ltr'><strong>ulnis</strong></span> <span class='ocrx_word' id='word_1_210' title='bbox 2850 1320 2972 1358; x_wconf 92' lang='lat' dir='ltr'><strong>eum</strong></span> <span class='ocrx_word' id='word_1_211' title='bbox 3005 1307 3251 1375; x_wconf 80' lang='lat' dir='ltr'><strong>amplexa</strong></span> <span class='ocrx_word' id='word_1_212' title='bbox 3288 1322 3386 1376; x_wconf 92' lang='lat' dir='ltr'><strong>pro</strong></span> <span class='ocrx_word' id='word_1_213' title='bbox 3413 1307 3533 1376; x_wconf 91' lang='lat' dir='ltr'><strong>ipso</strong></span> 
     </span>
    </p>
   </div>
   <div class='ocr_carea' id='block_1_29' title="bbox 1955 1391 3528 1462">
    <p class='ocr_par' dir='ltr' id='par_1_29' title="bbox 1955 1391 3528 1462">
     <span class='ocr_line' id='line_1_29' title="bbox 1955 1391 3528 1462; baseline 0.004 -17"><span class='ocrx_word' id='word_1_214' title='bbox 1955 1391 2115 1448; x_wconf 85' lang='lat' dir='ltr'><strong>letale</strong></span> <span class='ocrx_word' id='word_1_215' title='bbox 2149 1394 2347 1448; x_wconf 78' lang='lat' dir='ltr'><strong>vulnus</strong></span> <span class='ocrx_word' id='word_1_216' title='bbox 2382 1395 2710 1462; x_wconf 85' lang='lat' dir='ltr'><strong>accepisset.</strong></span> <span class='ocrx_word' id='word_1_217' title='bbox 2754 1395 2837 1448; x_wconf 84' lang='lat' dir='ltr'><strong>An</strong></span> <span class='ocrx_word' id='word_1_218' title='bbox 2886 1411 2996 1449; x_wconf 91' lang='lat' dir='ltr'><strong>non</strong></span> <span class='ocrx_word' id='word_1_219' title='bbox 3045 1396 3111 1450; x_wconf 84' lang='lat' dir='ltr'><strong>ad</strong></span> <span class='ocrx_word' id='word_1_220' title='bbox 3157 1397 3528 1451; x_wconf 81' lang='lat' dir='ltr'><strong>Abrahamum</strong></span> 
     </span>
    </p>
   </div>
   <div class='ocr_carea' id='block_1_30' title="bbox 1955 1483 3529 1554">
    <p class='ocr_par' dir='ltr' id='par_1_30' title="bbox 1955 1483 3529 1554">
     <span class='ocr_line' id='line_1_30' title="bbox 1955 1483 3529 1554; baseline 0.003 -16"><span class='ocrx_word' id='word_1_221' title='bbox 1955 1483 2218 1553; x_wconf 86' lang='lat' dir='ltr'><strong>ejusmodi</strong></span> <span class='ocrx_word' id='word_1_222' title='bbox 2247 1485 2430 1540; x_wconf 90' lang='lat' dir='ltr'><strong>verbis</strong></span> <span class='ocrx_word' id='word_1_223' title='bbox 2468 1501 2632 1539; x_wconf 83' lang='lat' dir='ltr'><strong>usura</strong></span> <span class='ocrx_word' id='word_1_224' title='bbox 2665 1486 2898 1541; x_wconf 79' lang='lat' dir='ltr'><strong>fuisset?</strong></span> <span class='ocrx_word' id='word_1_225' title='bbox 2929 1485 3101 1542; x_wconf 85' lang='lat' dir='ltr'><strong>Parce</strong></span> <span class='ocrx_word' id='word_1_226' title='bbox 3136 1488 3269 1553; x_wconf 82' lang='lat' dir='ltr'><strong>ﬁlio,</strong></span> <span class='ocrx_word' id='word_1_227' title='bbox 3316 1490 3391 1543; x_wconf 90' lang='lat' dir='ltr'><strong>mi</strong></span> <span class='ocrx_word' id='word_1_228' title='bbox 3427 1491 3529 1554; x_wconf 89' lang='lat' dir='ltr'><strong>vir,</strong></span> 
     </span>
    </p>
   </div>
   <div class='ocr_carea' id='block_1_31' title="bbox 1958 1577 3529 1646">
    <p class='ocr_par' dir='ltr' id='par_1_31' title="bbox 1958 1577 3529 1646">
     <span class='ocr_line' id='line_1_31' title="bbox 1958 1577 3529 1646; baseline 0.003 -16"><span class='ocrx_word' id='word_1_229' title='bbox 1958 1593 2025 1630; x_wconf 91' lang='lat' dir='ltr'><strong>ne</strong></span> <span class='ocrx_word' id='word_1_230' title='bbox 2057 1591 2236 1646; x_wconf 80' lang='lat' dir='ltr'><strong>pravae</strong></span> <span class='ocrx_word' id='word_1_231' title='bbox 2271 1577 2325 1630; x_wconf 92' lang='lat' dir='ltr'><strong>in</strong></span> <span class='ocrx_word' id='word_1_232' title='bbox 2365 1577 2478 1631; x_wconf 87' lang='lat' dir='ltr'><strong>vita</strong></span> <span class='ocrx_word' id='word_1_233' title='bbox 2524 1579 2863 1634; x_wconf 85' lang='lat' dir='ltr'><strong>narrationis</strong></span> <span class='ocrx_word' id='word_1_234' title='bbox 2899 1580 3126 1634; x_wconf 86' lang='lat' dir='ltr'><strong>materia</strong></span> <span class='ocrx_word' id='word_1_235' title='bbox 3176 1581 3296 1645; x_wconf 81' lang='lat' dir='ltr'><strong>tias,</strong></span> <span class='ocrx_word' id='word_1_236' title='bbox 3348 1597 3416 1636; x_wconf 91' lang='lat' dir='ltr'><strong>ne</strong></span> <span class='ocrx_word' id='word_1_237' title='bbox 3449 1580 3529 1634; x_wconf 80' lang='lat' dir='ltr'><strong>fa-</strong></span> 
     </span>
    </p>
   </div>
   <div class='ocr_carea' id='block_1_32' title="bbox 1957 1666 3529 1738">
    <p class='ocr_par' dir='ltr' id='par_1_32' title="bbox 1957 1666 3529 1738">
     <span class='ocr_line' id='line_1_32' title="bbox 1957 1666 3529 1738; baseline 0.001 -17"><span class='ocrx_word' id='word_1_238' title='bbox 1957 1666 2083 1721; x_wconf 88' lang='lat' dir='ltr'><strong>bula</strong></span> <span class='ocrx_word' id='word_1_239' title='bbox 2125 1667 2434 1736; x_wconf 88' lang='lat' dir='ltr'><strong>insequenti</strong></span> <span class='ocrx_word' id='word_1_240' title='bbox 2463 1669 2699 1738; x_wconf 85' lang='lat' dir='ltr'><strong>tempori</strong></span> <span class='ocrx_word' id='word_1_241' title='bbox 2745 1669 2962 1732; x_wconf 86' lang='lat' dir='ltr'><strong>fiamus,</strong></span> <span class='ocrx_word' id='word_1_242' title='bbox 2996 1685 3065 1725; x_wconf 90' lang='lat' dir='ltr'><strong>ne</strong></span> <span class='ocrx_word' id='word_1_243' title='bbox 3103 1670 3219 1724; x_wconf 84' lang='lat' dir='ltr'><strong>lilio</strong></span> <span class='ocrx_word' id='word_1_244' title='bbox 3243 1671 3411 1723; x_wconf 88' lang='lat' dir='ltr'><strong>vitam</strong></span> <span class='ocrx_word' id='word_1_245' title='bbox 3446 1669 3529 1723; x_wconf 91' lang='lat' dir='ltr'><strong>iu-</strong></span> 
     </span>
    </p>
   </div>
   <div class='ocr_carea' id='block_1_33' title="bbox 1885 1756 3527 1833">
    <p class='ocr_par' dir='ltr' id='par_1_33' title="bbox 1885 1756 3527 1833">
     <span class='ocr_line' id='line_1_33' title="bbox 1885 1756 3527 1833; baseline 0.003 -22"><span class='ocrx_word' id='word_1_246' title='bbox 1885 1756 1928 1811; x_wconf 82' lang='lat' dir='ltr'><strong>B</strong></span> <span class='ocrx_word' id='word_1_247' title='bbox 1956 1760 2166 1820; x_wconf 86' lang='lat' dir='ltr'><strong>videas.</strong></span> <span class='ocrx_word' id='word_1_248' title='bbox 2197 1776 2265 1814; x_wconf 89' lang='lat' dir='ltr'><strong>ne</strong></span> <span class='ocrx_word' id='word_1_249' title='bbox 2297 1762 2476 1830; x_wconf 88' lang='lat' dir='ltr'><strong>prives</strong></span> <span class='ocrx_word' id='word_1_250' title='bbox 2509 1777 2632 1815; x_wconf 90' lang='lat' dir='ltr'><strong>eum</strong></span> <span class='ocrx_word' id='word_1_251' title='bbox 2671 1761 2814 1814; x_wconf 90' lang='lat' dir='ltr'><strong>dulci</strong></span> <span class='ocrx_word' id='word_1_252' title='bbox 2855 1762 3009 1816; x_wconf 84' lang='lat' dir='ltr'><strong>radio</strong></span> <span class='ocrx_word' id='word_1_253' title='bbox 3049 1763 3255 1827; x_wconf 89' lang='lat' dir='ltr'><strong>solari;</strong></span> <span class='ocrx_word' id='word_1_254' title='bbox 3285 1763 3527 1833; x_wconf 84' lang='lat' dir='ltr'><strong>nuptiale</strong></span> 
     </span>
    </p>
   </div>
   <div class='ocr_carea' id='block_1_34' title="bbox 260 1854 3530 1928">
    <p class='ocr_par' dir='ltr' id='par_1_34' title="bbox 260 1854 3530 1928">
     <span class='ocr_line' id='line_1_34' title="bbox 260 1854 3530 1928; baseline 0.001 -20"><span class='ocrx_word' id='word_1_255' title='bbox 260 1855 584 1909; x_wconf 84' lang='lat' dir='ltr'><strong>cubiculum</strong></span> <span class='ocrx_word' id='word_1_256' title='bbox 626 1854 776 1921; x_wconf 83' lang='lat' dir='ltr'><strong>ﬁliis,</strong></span> <span class='ocrx_word' id='word_1_257' title='bbox 819 1870 928 1909; x_wconf 89' lang='lat' dir='ltr'><strong>non</strong></span> <span class='ocrx_word' id='word_1_258' title='bbox 963 1856 1282 1925; x_wconf 87' lang='lat' dir='ltr'><strong>sepulcrum</strong></span> <span class='ocrx_word' id='word_1_259' title='bbox 1312 1869 1342 1909; x_wconf 91' lang='lat' dir='ltr'><strong>a</strong></span> <span class='ocrx_word' id='word_1_260' title='bbox 1375 1854 1624 1924; x_wconf 89' lang='lat' dir='ltr'><strong>patribus</strong></span> <span class='ocrx_word' id='word_1_261' title='bbox 1662 1856 1845 1910; x_wconf 88' lang='lat' dir='ltr'><strong>curari</strong></span> <span class='ocrx_word' id='word_1_262' title='bbox 1883 1864 2046 1924; x_wconf 89' lang='lat' dir='ltr'><strong>atque</strong></span> <span class='ocrx_word' id='word_1_263' title='bbox 2094 1855 2306 1910; x_wconf 86' lang='lat' dir='ltr'><strong>institui</strong></span> <span class='ocrx_word' id='word_1_264' title='bbox 2382 1856 2555 1924; x_wconf 89' lang='lat' dir='ltr'><strong>solet;</strong></span> <span class='ocrx_word' id='word_1_265' title='bbox 2611 1871 2819 1911; x_wconf 87' lang='lat' dir='ltr'><strong>corona</strong></span> <span class='ocrx_word' id='word_1_266' title='bbox 2889 1858 3172 1928; x_wconf 83' lang='lat' dir='ltr'><strong>nuptialis,</strong></span> <span class='ocrx_word' id='word_1_267' title='bbox 3224 1872 3332 1913; x_wconf 90' lang='lat' dir='ltr'><strong>non</strong></span> <span class='ocrx_word' id='word_1_268' title='bbox 3380 1859 3530 1913; x_wconf 84' lang='lat' dir='ltr'><strong>ensis</strong></span> 
     </span>
    </p>
   </div>
   <div class='ocr_carea' id='block_1_35' title="bbox 261 1947 3525 2020">
    <p class='ocr_par' dir='ltr' id='par_1_35' title="bbox 261 1947 3525 2020">
     <span class='ocr_line' id='line_1_35' title="bbox 261 1947 3525 2020; baseline 0 -20"><span class='ocrx_word' id='word_1_269' title='bbox 261 1947 494 2015; x_wconf 84' lang='lat' dir='ltr'><strong>letalis;</strong></span> <span class='ocrx_word' id='word_1_270' title='bbox 553 1949 692 2003; x_wconf 78' lang='lat' dir='ltr'><strong>taeda</strong></span> <span class='ocrx_word' id='word_1_271' title='bbox 745 1949 1093 2020; x_wconf 82' lang='lat' dir='ltr'><strong>eonjugalis,</strong></span> <span class='ocrx_word' id='word_1_272' title='bbox 1179 1965 1287 2004; x_wconf 91' lang='lat' dir='ltr'><strong>non</strong></span> <span class='ocrx_word' id='word_1_273' title='bbox 1342 1949 1485 2020; x_wconf 91' lang='lat' dir='ltr'><strong>ignis</strong></span> <span class='ocrx_word' id='word_1_274' title='bbox 1542 1949 1884 2019; x_wconf 89' lang='lat' dir='ltr'><strong>sepulcralis.</strong></span> <span class='ocrx_word' id='word_1_275' title='bbox 1939 1947 2065 2004; x_wconf 80' lang='lat' dir='ltr'><strong>llaec</strong></span> <span class='ocrx_word' id='word_1_276' title='bbox 2109 1950 2352 2004; x_wconf 88' lang='lat' dir='ltr'><strong>latrones</strong></span> <span class='ocrx_word' id='word_1_277' title='bbox 2408 1957 2461 2003; x_wconf 91' lang='lat' dir='ltr'><strong>et</strong></span> <span class='ocrx_word' id='word_1_278' title='bbox 2512 1950 2736 2013; x_wconf 89' lang='lat' dir='ltr'><strong>hostes,</strong></span> <span class='ocrx_word' id='word_1_279' title='bbox 2794 1965 2902 2003; x_wconf 92' lang='lat' dir='ltr'><strong>non</strong></span> <span class='ocrx_word' id='word_1_280' title='bbox 2957 1957 3176 2019; x_wconf 87' lang='lat' dir='ltr'><strong>patrum</strong></span> <span class='ocrx_word' id='word_1_281' title='bbox 3230 1964 3426 2004; x_wconf 90' lang='lat' dir='ltr'><strong>manus</strong></span> <span class='ocrx_word' id='word_1_282' title='bbox 3470 1949 3525 2003; x_wconf 87' lang='lat' dir='ltr'><strong>in</strong></span> 
     </span>
    </p>
   </div>
   <div class='ocr_carea' id='block_1_36' title="bbox 261 2041 3527 2113">
    <p class='ocr_par' dir='ltr' id='par_1_36' title="bbox 261 2041 3527 2113">
     <span class='ocr_line' id='line_1_36' title="bbox 261 2041 3527 2113; baseline 0 -18"><span class='ocrx_word' id='word_1_283' title='bbox 261 2042 398 2096; x_wconf 81' lang='lat' dir='ltr'><strong>ﬁliis</strong></span> <span class='ocrx_word' id='word_1_284' title='bbox 419 2049 755 2113; x_wconf 85' lang='lat' dir='ltr'><strong>perpetrant.</strong></span> <span class='ocrx_word' id='word_1_285' title='bbox 789 2042 944 2109; x_wconf 89' lang='lat' dir='ltr'><strong>Quod</strong></span> <span class='ocrx_word' id='word_1_286' title='bbox 977 2043 1022 2098; x_wconf 91' lang='lat' dir='ltr'><strong>si</strong></span> <span class='ocrx_word' id='word_1_287' title='bbox 1053 2042 1278 2098; x_wconf 91' lang='lat' dir='ltr'><strong>omnino</strong></span> <span class='ocrx_word' id='word_1_288' title='bbox 1305 2043 1508 2097; x_wconf 88' lang='lat' dir='ltr'><strong>malum</strong></span> <span class='ocrx_word' id='word_1_289' title='bbox 1535 2041 1838 2112; x_wconf 87' lang='lat' dir='ltr'><strong>perpetrari</strong></span> <span class='ocrx_word' id='word_1_290' title='bbox 1884 2056 1947 2096; x_wconf 90' lang='lat' dir='ltr'><strong>ac</strong></span> <span class='ocrx_word' id='word_1_291' title='bbox 1989 2043 2365 2112; x_wconf 76' lang='lat' dir='ltr'><strong>repraesentari</strong></span> <span class='ocrx_word' id='word_1_292' title='bbox 2415 2051 2631 2112; x_wconf 78' lang='lat' dir='ltr'><strong>Oportet</strong></span> <span class='ocrx_word' id='word_1_293' title='bbox 2668 2045 2692 2097; x_wconf 74' lang='grc' dir='ltr'><strong>τ’</strong></span> <span class='ocrx_word' id='word_1_294' title='bbox 2735 2059 2803 2098; x_wconf 90' lang='lat' dir='ltr'><strong>ne</strong></span> <span class='ocrx_word' id='word_1_295' title='bbox 2864 2042 3045 2104; x_wconf 77' lang='lat' dir='ltr'><strong>videat</strong></span> <span class='ocrx_word' id='word_1_296' title='bbox 3108 2042 3304 2097; x_wconf 89' lang='lat' dir='ltr'><strong>oculos</strong></span> <span class='ocrx_word' id='word_1_297' title='bbox 3347 2041 3527 2096; x_wconf 64' lang='lat' dir='ltr'><strong>Sarrae</strong></span> 
     </span>
    </p>
   </div>
   <div class='ocr_carea' id='block_1_37' title="bbox 262 2129 3530 2205">
    <p class='ocr_par' dir='ltr' id='par_1_37' title="bbox 262 2129 3530 2205">
     <span class='ocr_line' id='line_1_37' title="bbox 262 2129 3530 2205; baseline 0.001 -21"><span class='ocrx_word' id='word_1_298' title='bbox 262 2129 516 2188; x_wconf 84' lang='lat' dir='ltr'><strong>lsaacum</strong></span> <span class='ocrx_word' id='word_1_299' title='bbox 553 2133 764 2198; x_wconf 85' lang='lat' dir='ltr'><strong>necari,</strong></span> <span class='ocrx_word' id='word_1_300' title='bbox 801 2148 869 2188; x_wconf 90' lang='lat' dir='ltr'><strong>en</strong></span> <span class='ocrx_word' id='word_1_301' title='bbox 907 2147 1008 2202; x_wconf 87' lang='lat' dir='ltr'><strong>per</strong></span> <span class='ocrx_word' id='word_1_302' title='bbox 1067 2138 1365 2202; x_wconf 90' lang='lat' dir='ltr'><strong>utrumque</strong></span> <span class='ocrx_word' id='word_1_303' title='bbox 1413 2131 1574 2201; x_wconf 88' lang='lat' dir='ltr'><strong>adige</strong></span> <span class='ocrx_word' id='word_1_304' title='bbox 1622 2130 1885 2200; x_wconf 79' lang='lat' dir='ltr'><strong>gladium,</strong></span> <span class='ocrx_word' id='word_1_305' title='bbox 1929 2146 1959 2184; x_wconf 88' lang='lat' dir='ltr'><strong>a</strong></span> <span class='ocrx_word' id='word_1_306' title='bbox 1990 2148 2077 2186; x_wconf 89' lang='lat' dir='ltr'><strong>me</strong></span> <span class='ocrx_word' id='word_1_307' title='bbox 2130 2131 2331 2187; x_wconf 89' lang='lat' dir='ltr'><strong>misera</strong></span> <span class='ocrx_word' id='word_1_308' title='bbox 2362 2132 2519 2186; x_wconf 91' lang='lat' dir='ltr'><strong>initio</strong></span> <span class='ocrx_word' id='word_1_309' title='bbox 2551 2132 2717 2196; x_wconf 89' lang='lat' dir='ltr'><strong>facto,</strong></span> <span class='ocrx_word' id='word_1_310' title='bbox 2760 2148 2866 2186; x_wconf 86' lang='lat' dir='ltr'><strong>una</strong></span> <span class='ocrx_word' id='word_1_311' title='bbox 2909 2133 3179 2188; x_wconf 89' lang='lat' dir='ltr'><strong>ambobus</strong></span> <span class='ocrx_word' id='word_1_312' title='bbox 3207 2134 3366 2205; x_wconf 83' lang='lat' dir='ltr'><strong>plaga</strong></span> <span class='ocrx_word' id='word_1_313' title='bbox 3393 2135 3530 2190; x_wconf 89' lang='lat' dir='ltr'><strong>satis</strong></span> 
     </span>
    </p>
   </div>
   <div class='ocr_carea' id='block_1_38' title="bbox 257 2226 3322 2299">
    <p class='ocr_par' dir='ltr' id='par_1_38' title="bbox 257 2226 3322 2299">
     <span class='ocr_line' id='line_1_38' title="bbox 257 2226 3322 2299; baseline 0 -18"><span class='ocrx_word' id='word_1_314' title='bbox 257 2229 406 2299; x_wconf 20' lang='lat' dir='ltr'><strong>erit,»</strong></span> <span class='ocrx_word' id='word_1_315' title='bbox 428 2229 736 2284; x_wconf 91' lang='lat' dir='ltr'><strong>communis</strong></span> <span class='ocrx_word' id='word_1_316' title='bbox 778 2228 1046 2282; x_wconf 86' lang='lat' dir='ltr'><strong>ambobus</strong></span> <span class='ocrx_word' id='word_1_317' title='bbox 1074 2229 1320 2282; x_wconf 89' lang='lat' dir='ltr'><strong>tumulus</strong></span> <span class='ocrx_word' id='word_1_318' title='bbox 1363 2228 1652 2288; x_wconf 82' lang='lat' dir='ltr'><strong>excitetur.</strong></span> <span class='ocrx_word' id='word_1_319' title='bbox 1704 2242 1849 2282; x_wconf 91' lang='lat' dir='ltr'><strong>unus</strong></span> <span class='ocrx_word' id='word_1_320' title='bbox 1891 2226 2088 2282; x_wconf 88' lang='lat' dir='ltr'><strong>titulus</strong></span> <span class='ocrx_word' id='word_1_321' title='bbox 2118 2227 2490 2281; x_wconf 79' lang='lat' dir='ltr'><strong>miserabilem</strong></span> <span class='ocrx_word' id='word_1_322' title='bbox 2525 2227 2810 2298; x_wconf 90' lang='lat' dir='ltr'><strong>utriusque</strong></span> <span class='ocrx_word' id='word_1_323' title='bbox 2857 2243 3046 2283; x_wconf 89' lang='lat' dir='ltr'><strong>casum</strong></span> <span class='ocrx_word' id='word_1_324' title='bbox 3106 2229 3322 2299; x_wconf 88' lang='lat' dir='ltr'><strong>prodat.</strong></span> 
     </span>
    </p>
   </div>
   <div class='ocr_carea' id='block_1_39' title="bbox 339 2296 1850 2390">
    <p class='ocr_par' dir='ltr' id='par_1_39' title="bbox 339 2296 1849 2390">
     <span class='ocr_line' id='line_1_39' title="bbox 339 2296 1849 2390; baseline 0 -18"><span class='ocrx_word' id='word_1_325' title='bbox 339 2296 528 2374; x_wconf 61' lang='grc' dir='ltr'>Ταῦτα</span> <span class='ocrx_word' id='word_1_326' title='bbox 559 2319 774 2382; x_wconf 85' lang='grc' dir='ltr'>πάντως</span> <span class='ocrx_word' id='word_1_327' title='bbox 803 2318 869 2372; x_wconf 88' lang='grc' dir='ltr'>ἂν</span> <span class='ocrx_word' id='word_1_328' title='bbox 896 2319 991 2372; x_wconf 69' lang='grc' dir='ltr'><strong>καὶ</strong></span> <span class='ocrx_word' id='word_1_329' title='bbox 1013 2318 1084 2372; x_wconf 81' lang='grc' dir='ltr'><strong>τά</strong></span> <span class='ocrx_word' id='word_1_330' title='bbox 1110 2318 1332 2372; x_wconf 78' lang='grc' dir='ltr'>τοιαῦτα</span> <span class='ocrx_word' id='word_1_331' title='bbox 1359 2317 1560 2388; x_wconf 75' lang='grc' dir='ltr'><strong>διεξῄει</strong></span> <span class='ocrx_word' id='word_1_332' title='bbox 1585 2320 1616 2388; x_wconf 84' lang='grc' dir='ltr'><strong>ή</strong></span> <span class='ocrx_word' id='word_1_333' title='bbox 1643 2319 1849 2390; x_wconf 67' lang='grc' dir='ltr'>Σάρρα,</span> 
     </span>
    </p>
   </div>
   <div class='ocr_carea' id='block_1_40' title="bbox 1955 2296 3529 2390">
    <p class='ocr_par' dir='ltr' id='par_1_40' title="bbox 2023 2296 3529 2387">
     <span class='ocr_line' id='line_1_40' title="bbox 2023 2296 3529 2387; baseline 0.005 -19"><span class='ocrx_word' id='word_1_334' title='bbox 2023 2315 2148 2370; x_wconf 81' lang='lat' dir='ltr'><strong>Haec</strong></span> <span class='ocrx_word' id='word_1_335' title='bbox 2186 2327 2240 2371; x_wconf 90' lang='lat' dir='ltr'><strong>et</strong></span> <span class='ocrx_word' id='word_1_336' title='bbox 2269 2317 2539 2385; x_wconf 78' lang='lat' dir='ltr'><strong>ejusmodi</strong></span> <span class='ocrx_word' id='word_1_337' title='bbox 2576 2296 2741 2371; x_wconf 81' lang='lat' dir='ltr'><strong>Sarra</strong></span> <span class='ocrx_word' id='word_1_338' title='bbox 2789 2334 3020 2387; x_wconf 87' lang='lat' dir='ltr'><strong>prorsus</strong></span> <span class='ocrx_word' id='word_1_339' title='bbox 3059 2321 3273 2374; x_wconf 89' lang='lat' dir='ltr'><strong>dictura</strong></span> <span class='ocrx_word' id='word_1_340' title='bbox 3312 2319 3529 2384; x_wconf 81' lang='lat' dir='ltr'><strong>fuisset,</strong></span> 
     </span>
    </p>
   </div>
   <div class='ocr_carea' id='block_1_41' title="bbox 260 2406 1850 2482">
    <p class='ocr_par' dir='ltr' id='par_1_41' title="bbox 260 2407 1850 2482">
     <span class='ocr_line' id='line_1_41' title="bbox 260 2407 1850 2482; baseline -0.002 -18"><span class='ocrx_word' id='word_1_341' title='bbox 260 2413 312 2464; x_wconf 81' lang='grc' dir='ltr'>εί</span> <span class='ocrx_word' id='word_1_342' title='bbox 348 2412 424 2482; x_wconf 80' lang='grc' dir='ltr'>μὴ</span> <span class='ocrx_word' id='word_1_343' title='bbox 452 2412 632 2463; x_wconf 83' lang='grc' dir='ltr'>ἐκεῖνα</span> <span class='ocrx_word' id='word_1_344' title='bbox 657 2413 770 2473; x_wconf 84' lang='grc' dir='ltr'>τοῖς</span> <span class='ocrx_word' id='word_1_345' title='bbox 797 2408 1095 2480; x_wconf 80' lang='grc' dir='ltr'>ὀφθαλμοῖς</span> <span class='ocrx_word' id='word_1_346' title='bbox 1121 2408 1366 2470; x_wconf 75' lang='grc' dir='ltr'>ἔϐλεπεν,</span> <span class='ocrx_word' id='word_1_347' title='bbox 1391 2407 1534 2479; x_wconf 77' lang='grc' dir='ltr'>άπερ</span> <span class='ocrx_word' id='word_1_348' title='bbox 1556 2409 1684 2478; x_wconf 77' lang='grc' dir='ltr'>ἡμῖν</span> <span class='ocrx_word' id='word_1_349' title='bbox 1705 2411 1850 2461; x_wconf 86' lang='grc' dir='ltr'>ἐστιν</span> 
     </span>
    </p>
   </div>
   <div class='ocr_carea' id='block_1_42' title="bbox 1955 2406 3531 2482">
    <p class='ocr_par' dir='ltr' id='par_1_42' title="bbox 1955 2406 3531 2476">
     <span class='ocr_line' id='line_1_42' title="bbox 1955 2406 3531 2476; baseline 0.004 -18"><span class='ocrx_word' id='word_1_350' title='bbox 1955 2406 2052 2460; x_wconf 84' lang='lat' dir='ltr'><strong>nisi</strong></span> <span class='ocrx_word' id='word_1_351' title='bbox 2087 2406 2176 2459; x_wconf 91' lang='lat' dir='ltr'><strong>illa</strong></span> <span class='ocrx_word' id='word_1_352' title='bbox 2207 2406 2382 2461; x_wconf 89' lang='lat' dir='ltr'><strong>oculis</strong></span> <span class='ocrx_word' id='word_1_353' title='bbox 2419 2406 2646 2461; x_wconf 83' lang='lat' dir='ltr'><strong>vidisset</strong></span> <span class='ocrx_word' id='word_1_354' title='bbox 2705 2422 2827 2476; x_wconf 72' lang='lat' dir='ltr'><strong>qua:</strong></span> <span class='ocrx_word' id='word_1_355' title='bbox 2864 2415 3112 2462; x_wconf 91' lang='lat' dir='ltr'><strong>nostrum</strong></span> <span class='ocrx_word' id='word_1_356' title='bbox 3169 2410 3342 2463; x_wconf 88' lang='lat' dir='ltr'><strong>visum</strong></span> <span class='ocrx_word' id='word_1_357' title='bbox 3393 2410 3531 2465; x_wconf 74' lang='lat' dir='ltr'><strong>eﬂ&#39;u~</strong></span> 
     </span>
    </p>
   </div>
   <div class='ocr_carea' id='block_1_43' title="bbox 259 2495 1850 2571">
    <p class='ocr_par' dir='ltr' id='par_1_43' title="bbox 259 2495 1850 2571">
     <span class='ocr_line' id='line_1_43' title="bbox 259 2495 1850 2571; baseline -0.004 -17"><span class='ocrx_word' id='word_1_358' title='bbox 259 2501 493 2555; x_wconf 84' lang='grc' dir='ltr'>ἀθέατα.</span> <span class='ocrx_word' id='word_1_359' title='bbox 545 2500 696 2571; x_wconf 86' lang='grc' dir='ltr'>ᾜδει</span> <span class='ocrx_word' id='word_1_360' title='bbox 723 2499 834 2570; x_wconf 78' lang='grc' dir='ltr'>γὰρ</span> <span class='ocrx_word' id='word_1_361' title='bbox 873 2498 1045 2552; x_wconf 82' lang='grc' dir='ltr'>ὅτιτὸ</span> <span class='ocrx_word' id='word_1_362' title='bbox 1085 2497 1237 2561; x_wconf 88' lang='grc' dir='ltr'>τέλος</span> <span class='ocrx_word' id='word_1_363' title='bbox 1279 2497 1380 2566; x_wconf 72' lang='grc' dir='ltr'>τῆς</span> <span class='ocrx_word' id='word_1_364' title='bbox 1416 2498 1472 2550; x_wconf 90' lang='grc' dir='ltr'><strong>ἐν</strong></span> <span class='ocrx_word' id='word_1_365' title='bbox 1504 2497 1666 2567; x_wconf 53' lang='grc' dir='ltr'><strong>σαρκὶ⁸</strong></span> <span class='ocrx_word' id='word_1_366' title='bbox 1707 2495 1850 2567; x_wconf 78' lang='grc' dir='ltr'>ζωῆς</span> 
     </span>
    </p>
   </div>
   <div class='ocr_carea' id='block_1_44' title="bbox 1955 2495 3532 2571">
    <p class='ocr_par' dir='ltr' id='par_1_44' title="bbox 1955 2495 3532 2569">
     <span class='ocr_line' id='line_1_44' title="bbox 1955 2495 3532 2569; baseline 0.004 -19"><span class='ocrx_word' id='word_1_367' title='bbox 1955 2498 2119 2566; x_wconf 81' lang='lat' dir='ltr'><strong>giunt.</strong></span> <span class='ocrx_word' id='word_1_368' title='bbox 2155 2495 2390 2552; x_wconf 76' lang='lat' dir='ltr'><strong>Noverat</strong></span> <span class='ocrx_word' id='word_1_369' title='bbox 2439 2499 2583 2552; x_wconf 89' lang='lat' dir='ltr'><strong>enim</strong></span> <span class='ocrx_word' id='word_1_370' title='bbox 2613 2498 2757 2569; x_wconf 86' lang='lat' dir='ltr'><strong>quod</strong></span> <span class='ocrx_word' id='word_1_371' title='bbox 2791 2498 2912 2553; x_wconf 81' lang='lat' dir='ltr'><strong>finis</strong></span> <span class='ocrx_word' id='word_1_372' title='bbox 2943 2499 3068 2553; x_wconf 74' lang='lat' dir='ltr'><strong>vitae</strong></span> <span class='ocrx_word' id='word_1_373' title='bbox 3124 2502 3365 2556; x_wconf 89' lang='lat' dir='ltr'><strong>carnalis</strong></span> <span class='ocrx_word' id='word_1_374' title='bbox 3426 2503 3532 2557; x_wconf 87' lang='lat' dir='ltr'><strong>ini-</strong></span> 
     </span>
    </p>
   </div>
   <div class='ocr_carea' id='block_1_45' title="bbox 260 2587 1850 2663">
    <p class='ocr_par' dir='ltr' id='par_1_45' title="bbox 260 2587 1850 2663">
     <span class='ocr_line' id='line_1_45' title="bbox 260 2587 1850 2663; baseline -0.003 -17"><span class='ocrx_word' id='word_1_375' title='bbox 260 2593 413 2663; x_wconf 81' lang='grc' dir='ltr'>ἀρχή</span> <span class='ocrx_word' id='word_1_376' title='bbox 446 2591 540 2646; x_wconf 82' lang='grc' dir='ltr'>τοῦ</span> <span class='ocrx_word' id='word_1_377' title='bbox 562 2591 836 2662; x_wconf 77' lang='grc' dir='ltr'>θειοτέρου</span> <span class='ocrx_word' id='word_1_378' title='bbox 862 2589 977 2661; x_wconf 79' lang='grc' dir='ltr'>βίου</span> <span class='ocrx_word' id='word_1_379' title='bbox 1009 2592 1120 2654; x_wconf 84' lang='grc' dir='ltr'>τοῖς</span> <span class='ocrx_word' id='word_1_380' title='bbox 1150 2589 1449 2658; x_wconf 79' lang='grc' dir='ltr'>μεταστᾶσι</span> <span class='ocrx_word' id='word_1_381' title='bbox 1486 2587 1725 2656; x_wconf 38' lang='grc' dir='ltr'>γίνεται)</span> <span class='ocrx_word' id='word_1_382' title='bbox 1751 2606 1850 2642; x_wconf 87' lang='grc' dir='ltr'>κα-</span> 
     </span>
    </p>
   </div>
   <div class='ocr_carea' id='block_1_46' title="bbox 1955 2587 3531 2663">
    <p class='ocr_par' dir='ltr' id='par_1_46' title="bbox 1955 2589 3531 2662">
     <span class='ocr_line' id='line_1_46' title="bbox 1955 2589 3531 2662; baseline 0.006 -21"><span class='ocrx_word' id='word_1_383' title='bbox 1955 2590 2079 2641; x_wconf 79' lang='lat' dir='ltr'><strong>tium</strong></span> <span class='ocrx_word' id='word_1_384' title='bbox 2110 2589 2446 2659; x_wconf 88' lang='lat' dir='ltr'><strong>augustioris</strong></span> <span class='ocrx_word' id='word_1_385' title='bbox 2471 2589 2592 2643; x_wconf 76' lang='lat' dir='ltr'><strong>vita:</strong></span> <span class='ocrx_word' id='word_1_386' title='bbox 2628 2590 2864 2644; x_wconf 89' lang='lat' dir='ltr'><strong>instituti</strong></span> <span class='ocrx_word' id='word_1_387' title='bbox 2898 2591 3070 2662; x_wconf 86' lang='lat' dir='ltr'><strong>(hinc)</strong></span> <span class='ocrx_word' id='word_1_388' title='bbox 3125 2593 3413 2649; x_wconf 84' lang='lat' dir='ltr'><strong>translatis</strong></span> <span class='ocrx_word' id='word_1_389' title='bbox 3436 2609 3531 2649; x_wconf 77' lang='lat' dir='ltr'><strong>ex-</strong></span> 
     </span>
    </p>
   </div>
   <div class='ocr_carea' id='block_1_47' title="bbox 259 2678 1848 2752">
    <p class='ocr_par' dir='ltr' id='par_1_47' title="bbox 259 2678 1848 2752">
     <span class='ocr_line' id='line_1_47' title="bbox 259 2678 1848 2752; baseline -0.004 -15"><span class='ocrx_word' id='word_1_390' title='bbox 259 2683 516 2738; x_wconf 86' lang='grc' dir='ltr'>ταλείπει</span> <span class='ocrx_word' id='word_1_391' title='bbox 574 2684 768 2748; x_wconf 76' lang='grc' dir='ltr'>σκιὰς,</span> <span class='ocrx_word' id='word_1_392' title='bbox 823 2679 1231 2752; x_wconf 87' lang='grc' dir='ltr'>καταλαμϐάνει</span> <span class='ocrx_word' id='word_1_393' title='bbox 1283 2678 1562 2749; x_wconf 84' lang='grc' dir='ltr'>ἀλήθειαν’</span> <span class='ocrx_word' id='word_1_394' title='bbox 1625 2678 1848 2748; x_wconf 81' lang='grc' dir='ltr'>ἀφίησιν</span> 
     </span>
    </p>
   </div>
   <div class='ocr_carea' id='block_1_48' title="bbox 261 2767 1846 2841">
    <p class='ocr_par' dir='ltr' id='par_1_48' title="bbox 261 2767 1846 2841">
     <span class='ocr_line' id='line_1_48' title="bbox 261 2767 1846 2841; baseline -0.004 -14"><span class='ocrx_word' id='word_1_395' title='bbox 261 2774 483 2835; x_wconf 78' lang='grc' dir='ltr'><strong>ἀπάτας</strong></span> <span class='ocrx_word' id='word_1_396' title='bbox 511 2772 604 2826; x_wconf 75' lang='grc' dir='ltr'>καὶ</span> <span class='ocrx_word' id='word_1_397' title='bbox 631 2771 838 2833; x_wconf 84' lang='grc' dir='ltr'>πλάνας</span> <span class='ocrx_word' id='word_1_398' title='bbox 863 2771 956 2824; x_wconf 76' lang='grc' dir='ltr'>καὶ</span> <span class='ocrx_word' id='word_1_399' title='bbox 975 2768 1257 2841; x_wconf 87' lang='grc' dir='ltr'>θορύϐους,</span> <span class='ocrx_word' id='word_1_400' title='bbox 1292 2769 1385 2821; x_wconf 72' lang='grc' dir='ltr'>καὶ</span> <span class='ocrx_word' id='word_1_401' title='bbox 1406 2767 1645 2840; x_wconf 83' lang='grc' dir='ltr'>εὑρίσκει</span> <span class='ocrx_word' id='word_1_402' title='bbox 1665 2769 1846 2822; x_wconf 81' lang='grc' dir='ltr'>ἐκεῖνα</span> 
     </span>
    </p>
   </div>
   <div class='ocr_carea' id='block_1_49' title="bbox 260 2859 1846 2934">
    <p class='ocr_par' dir='ltr' id='par_1_49' title="bbox 260 2859 1846 2934">
     <span class='ocr_line' id='line_1_49' title="bbox 260 2859 1846 2934; baseline -0.004 -15"><span class='ocrx_word' id='word_1_403' title='bbox 260 2865 340 2920; x_wconf 80' lang='grc' dir='ltr'><strong>τὰ</strong></span> <span class='ocrx_word' id='word_1_404' title='bbox 363 2864 578 2934; x_wconf 78' lang='grc' dir='ltr'>ἀγαθὰ,</span> <span class='ocrx_word' id='word_1_405' title='bbox 619 2864 657 2918; x_wconf 75' lang='grc' dir='ltr'><strong>ἀ</strong></span> <span class='ocrx_word' id='word_1_406' title='bbox 688 2863 830 2934; x_wconf 80' lang='grc' dir='ltr'>ὑπὲρ</span> <span class='ocrx_word' id='word_1_407' title='bbox 858 2862 1136 2932; x_wconf 82' lang='grc' dir='ltr'>ὀφθαλμόν</span> <span class='ocrx_word' id='word_1_408' title='bbox 1171 2879 1232 2915; x_wconf 90' lang='grc' dir='ltr'><strong>τε</strong></span> <span class='ocrx_word' id='word_1_409' title='bbox 1268 2860 1361 2915; x_wconf 76' lang='grc' dir='ltr'><strong>καὶ</strong></span> <span class='ocrx_word' id='word_1_410' title='bbox 1393 2859 1562 2932; x_wconf 77' lang='grc' dir='ltr'>ἀκοὴν</span> <span class='ocrx_word' id='word_1_411' title='bbox 1588 2859 1684 2915; x_wconf 62' lang='grc' dir='ltr'><strong>καλ⁹</strong></span> <span class='ocrx_word' id='word_1_412' title='bbox 1711 2877 1846 2929; x_wconf 85' lang='grc' dir='ltr'>καρ-</span> 
     </span>
    </p>
   </div>
   <div class='ocr_carea' id='block_1_50' title="bbox 260 2952 1848 3028">
    <p class='ocr_par' dir='ltr' id='par_1_50' title="bbox 260 2952 1848 3028">
     <span class='ocr_line' id='line_1_50' title="bbox 260 2952 1848 3028; baseline -0.003 -15"><span class='ocrx_word' id='word_1_413' title='bbox 260 2959 389 3014; x_wconf 89' lang='grc' dir='ltr'>δίαν</span> <span class='ocrx_word' id='word_1_414' title='bbox 415 2959 582 3013; x_wconf 87' lang='grc' dir='ltr'>ἐστίν.</span> <span class='ocrx_word' id='word_1_415' title='bbox 613 2956 749 3012; x_wconf 82' lang='grc' dir='ltr'>Οὔτε</span> <span class='ocrx_word' id='word_1_416' title='bbox 787 2957 926 3028; x_wconf 76' lang='grc' dir='ltr'>ἔρως</span> <span class='ocrx_word' id='word_1_417' title='bbox 960 2957 1121 3010; x_wconf 82' lang='grc' dir='ltr'>αὐτὸν</span> <span class='ocrx_word' id='word_1_418' title='bbox 1154 2955 1396 3024; x_wconf 89' lang='grc' dir='ltr'>ἀνιάσει,</span> <span class='ocrx_word' id='word_1_419' title='bbox 1430 2953 1556 3011; x_wconf 73' lang='grc' dir='ltr'>οὔτε</span> <span class='ocrx_word' id='word_1_420' title='bbox 1584 2952 1848 3027; x_wconf 85' lang='grc' dir='ltr'>ἐπιθυμία</span> 
     </span>
    </p>
   </div>
   <div class='ocr_carea' id='block_1_51' title="bbox 266 3048 1848 3124">
    <p class='ocr_par' dir='ltr' id='par_1_51' title="bbox 266 3048 1848 3124">
     <span class='ocr_line' id='line_1_51' title="bbox 266 3048 1848 3124; baseline -0.003 -18"><span class='ocrx_word' id='word_1_421' title='bbox 266 3053 496 3124; x_wconf 80' lang='grc' dir='ltr'>ῥυπαρά</span> <span class='ocrx_word' id='word_1_422' title='bbox 526 3050 920 3124; x_wconf 71' lang='grc' dir='ltr'>παραστρέψει·</span> <span class='ocrx_word' id='word_1_423' title='bbox 949 3050 1045 3120; x_wconf 75' lang='grc' dir='ltr'><strong>οὐχ</strong></span> <span class='ocrx_word' id='word_1_424' title='bbox 1071 3049 1417 3120; x_wconf 80' lang='grc' dir='ltr'><strong>ὑπερηφανία</strong></span> <span class='ocrx_word' id='word_1_425' title='bbox 1435 3049 1724 3120; x_wconf 86' lang='grc' dir='ltr'>χαυνώσει·</span> <span class='ocrx_word' id='word_1_426' title='bbox 1749 3048 1848 3102; x_wconf 84' lang='grc' dir='ltr'>οὐκ</span> 
     </span>
    </p>
   </div>
   <div class='ocr_carea' id='block_1_52' title="bbox 263 3139 1845 3212">
    <p class='ocr_par' dir='ltr' id='par_1_52' title="bbox 263 3139 1845 3212">
     <span class='ocr_line' id='line_1_52' title="bbox 263 3139 1845 3212; baseline -0.004 -13"><span class='ocrx_word' id='word_1_427' title='bbox 263 3144 400 3199; x_wconf 79' lang='grc' dir='ltr'>ἀλλο</span> <span class='ocrx_word' id='word_1_428' title='bbox 432 3161 486 3197; x_wconf 91' lang='grc' dir='ltr'>τι</span> <span class='ocrx_word' id='word_1_429' title='bbox 520 3143 692 3207; x_wconf 80' lang='grc' dir='ltr'>πάθος</span> <span class='ocrx_word' id='word_1_430' title='bbox 717 3139 828 3196; x_wconf 86' lang='grc' dir='ltr'><strong>τῶν</strong></span> <span class='ocrx_word' id='word_1_431' title='bbox 856 3139 1167 3195; x_wconf 84' lang='grc' dir='ltr'>λυπούντων</span> <span class='ocrx_word' id='word_1_432' title='bbox 1205 3139 1304 3212; x_wconf 80' lang='grc' dir='ltr'>τὴν</span> <span class='ocrx_word' id='word_1_433' title='bbox 1328 3139 1507 3212; x_wconf 78' lang='grc' dir='ltr'>ψυχὴν</span> <span class='ocrx_word' id='word_1_434' title='bbox 1538 3139 1845 3212; x_wconf 78' lang='grc' dir='ltr'>ἐνοχλήσει,</span> 
     </span>
    </p>
   </div>
   <div class='ocr_carea' id='block_1_53' title="bbox 263 3231 1848 3304">
    <p class='ocr_par' dir='ltr' id='par_1_53' title="bbox 263 3231 1848 3304">
     <span class='ocr_line' id='line_1_53' title="bbox 263 3231 1848 3304; baseline -0.003 -13"><span class='ocrx_word' id='word_1_435' title='bbox 263 3236 407 3291; x_wconf 82' lang='grc' dir='ltr'><strong>ἀλλά</strong></span> <span class='ocrx_word' id='word_1_436' title='bbox 435 3235 612 3290; x_wconf 85' lang='grc' dir='ltr'>πάντα</span> <span class='ocrx_word' id='word_1_437' title='bbox 633 3235 842 3304; x_wconf 88' lang='grc' dir='ltr'>γίνεται</span> <span class='ocrx_word' id='word_1_438' title='bbox 872 3232 1020 3302; x_wconf 82' lang='grc' dir='ltr'>αὐτῷ</span> <span class='ocrx_word' id='word_1_439' title='bbox 1042 3233 1070 3285; x_wconf 85' lang='grc' dir='ltr'><strong>ό</strong></span> <span class='ocrx_word' id='word_1_440' title='bbox 1085 3231 1238 3296; x_wconf 81' lang='grc' dir='ltr'>Θεός.</span> <span class='ocrx_word' id='word_1_441' title='bbox 1259 3232 1356 3286; x_wconf 89' lang='grc' dir='ltr'>Διά</span> <span class='ocrx_word' id='word_1_442' title='bbox 1375 3232 1532 3286; x_wconf 78' lang='grc' dir='ltr'>τοῦτο</span> <span class='ocrx_word' id='word_1_443' title='bbox 1556 3233 1848 3304; x_wconf 84' lang='grc' dir='ltr'>προθύμως</span> 
     </span>
    </p>
   </div>
   <div class='ocr_carea' id='block_1_54' title="bbox 263 3323 1848 3398">
    <p class='ocr_par' dir='ltr' id='par_1_54' title="bbox 263 3323 1848 3398">
     <span class='ocr_line' id='line_1_54' title="bbox 263 3323 1848 3398; baseline -0.004 -15"><span class='ocrx_word' id='word_1_444' title='bbox 263 3329 455 3383; x_wconf 82' lang='grc' dir='ltr'>δίδωσι</span> <span class='ocrx_word' id='word_1_445' title='bbox 482 3327 560 3398; x_wconf 82' lang='grc' dir='ltr'>τῷ</span> <span class='ocrx_word' id='word_1_446' title='bbox 596 3326 716 3398; x_wconf 85' lang='grc' dir='ltr'><strong>Θεῷ</strong></span> <span class='ocrx_word' id='word_1_447' title='bbox 739 3327 830 3381; x_wconf 80' lang='grc' dir='ltr'>τὸν</span> <span class='ocrx_word' id='word_1_448' title='bbox 861 3325 1043 3380; x_wconf 78' lang='grc' dir='ltr'>παῖδα.</span> <span class='ocrx_word' id='word_1_449' title='bbox 1069 3325 1133 3378; x_wconf 89' lang='grc' dir='ltr'><strong>Τί</strong></span> <span class='ocrx_word' id='word_1_450' title='bbox 1171 3324 1227 3378; x_wconf 86' lang='grc' dir='ltr'>δὲ</span> <span class='ocrx_word' id='word_1_451' title='bbox 1252 3326 1280 3378; x_wconf 90' lang='grc' dir='ltr'>ὁ</span> <span class='ocrx_word' id='word_1_452' title='bbox 1319 3325 1490 3394; x_wconf 81' lang='grc' dir='ltr'>μέγας</span> <span class='ocrx_word' id='word_1_453' title='bbox 1537 3323 1687 3388; x_wconf 85' lang='grc' dir='ltr'><strong>Ἰώϐ;</strong></span> <span class='ocrx_word' id='word_1_454' title='bbox 1719 3325 1848 3377; x_wconf 88' lang='grc' dir='ltr'>Ὅτε</span> 
     </span>
    </p>
   </div>
   <div class='ocr_carea' id='block_1_55' title="bbox 265 3412 1846 3491">
    <p class='ocr_par' dir='ltr' id='par_1_55' title="bbox 265 3412 1846 3491">
     <span class='ocr_line' id='line_1_55' title="bbox 265 3412 1846 3491; baseline 0.001 -17"><span class='ocrx_word' id='word_1_455' title='bbox 265 3420 420 3491; x_wconf 82' lang='grc' dir='ltr'><strong>αὑτῷ</strong></span> <span class='ocrx_word' id='word_1_456' title='bbox 462 3418 804 3490; x_wconf 85' lang='grc' dir='ltr'>γυμνωθέντι</span> <span class='ocrx_word' id='word_1_457' title='bbox 847 3417 1066 3470; x_wconf 83' lang='grc' dir='ltr'>πάντων</span> <span class='ocrx_word' id='word_1_458' title='bbox 1107 3415 1215 3470; x_wconf 82' lang='grc' dir='ltr'><strong>τῶν</strong></span> <span class='ocrx_word' id='word_1_459' title='bbox 1263 3415 1559 3486; x_wconf 72' lang='grc' dir='ltr'>περιόντων</span> <span class='ocrx_word' id='word_1_460' title='bbox 1603 3412 1846 3484; x_wconf 76' lang='grc' dir='ltr'>ἀθρόως,</span> 
     </span>
    </p>
   </div>
   <div class='ocr_carea' id='block_1_56' title="bbox 269 3506 1850 3584">
    <p class='ocr_par' dir='ltr' id='par_1_56' title="bbox 269 3506 1850 3584">
     <span class='ocr_line' id='line_1_56' title="bbox 269 3506 1850 3584; baseline -0.006 -17"><span class='ocrx_word' id='word_1_461' title='bbox 269 3514 404 3584; x_wconf 80' lang='grc' dir='ltr'>πρὶν</span> <span class='ocrx_word' id='word_1_462' title='bbox 434 3514 529 3566; x_wconf 73' lang='grc' dir='ltr'>ἐπὶ</span> <span class='ocrx_word' id='word_1_463' title='bbox 549 3515 669 3575; x_wconf 86' lang='grc' dir='ltr'>ταῖς</span> <span class='ocrx_word' id='word_1_464' title='bbox 701 3509 1098 3582; x_wconf 84' lang='grc' dir='ltr'>προλαϐούσαις</span> <span class='ocrx_word' id='word_1_465' title='bbox 1123 3509 1357 3579; x_wconf 76' lang='grc' dir='ltr'>πληγαῖς</span> <span class='ocrx_word' id='word_1_466' title='bbox 1386 3507 1484 3578; x_wconf 82' lang='grc' dir='ltr'>τὴν</span> <span class='ocrx_word' id='word_1_467' title='bbox 1509 3506 1686 3578; x_wconf 75' lang='grc' dir='ltr'>ψυχὴν</span> <span class='ocrx_word' id='word_1_468' title='bbox 1717 3507 1850 3559; x_wconf 86' lang='grc' dir='ltr'>ἀνα-</span> 
     </span>
    </p>
   </div>
   <div class='ocr_carea' id='block_1_57' title="bbox 269 3597 1850 3673">
    <p class='ocr_par' dir='ltr' id='par_1_57' title="bbox 269 3597 1850 3673">
     <span class='ocr_line' id='line_1_57' title="bbox 269 3597 1850 3673; baseline -0.005 -17"><span class='ocrx_word' id='word_1_469' title='bbox 269 3603 565 3670; x_wconf 76' lang='grc' dir='ltr'>λέξασθαι,</span> <span class='ocrx_word' id='word_1_470' title='bbox 627 3603 662 3673; x_wconf 86' lang='grc' dir='ltr'><strong>ἡ</strong></span> <span class='ocrx_word' id='word_1_471' title='bbox 703 3600 988 3654; x_wconf 81' lang='grc' dir='ltr'>τελευταία</span> <span class='ocrx_word' id='word_1_472' title='bbox 1034 3597 1384 3668; x_wconf 86' lang='grc' dir='ltr'>κατεμηνύθη</span> <span class='ocrx_word' id='word_1_473' title='bbox 1443 3597 1660 3667; x_wconf 82' lang='grc' dir='ltr'>πληγὴ,</span> <span class='ocrx_word' id='word_1_474' title='bbox 1703 3597 1850 3660; x_wconf 81' lang='grc' dir='ltr'>ὅπως</span> 
     </span>
    </p>
   </div>
   <div class='ocr_carea' id='block_1_58' title="bbox 271 3689 1851 3765">
    <p class='ocr_par' dir='ltr' id='par_1_58' title="bbox 271 3689 1851 3765">
     <span class='ocr_line' id='line_1_58' title="bbox 271 3689 1851 3765; baseline -0.006 -15"><span class='ocrx_word' id='word_1_475' title='bbox 271 3695 493 3761; x_wconf 70' lang='grc' dir='ltr'>ἐδέξατο</span> <span class='ocrx_word' id='word_1_476' title='bbox 535 3695 631 3765; x_wconf 76' lang='grc' dir='ltr'>τὴν</span> <span class='ocrx_word' id='word_1_477' title='bbox 665 3695 757 3747; x_wconf 73' lang='grc' dir='ltr'>ἐπὶ</span> <span class='ocrx_word' id='word_1_478' title='bbox 797 3695 912 3757; x_wconf 86' lang='grc' dir='ltr'>τοῖς</span> <span class='ocrx_word' id='word_1_479' title='bbox 955 3692 1112 3746; x_wconf 76' lang='grc' dir='ltr'>παισὶ</span> <span class='ocrx_word' id='word_1_480' title='bbox 1143 3690 1462 3762; x_wconf 74' lang='grc' dir='ltr'>συμφοράνς</span> <span class='ocrx_word' id='word_1_481' title='bbox 1499 3691 1659 3761; x_wconf 89' lang='grc' dir='ltr'>Τρεῖς</span> <span class='ocrx_word' id='word_1_482' title='bbox 1703 3689 1851 3760; x_wconf 81' lang='grc' dir='ltr'>αύτῷ</span> 
     </span>
    </p>
   </div>
   <div class='ocr_carea' id='block_1_59' title="bbox 272 3777 1852 3859">
    <p class='ocr_par' dir='ltr' id='par_1_59' title="bbox 272 3777 1852 3859">
     <span class='ocr_line' id='line_1_59' title="bbox 272 3777 1852 3859; baseline -0.006 -16"><span class='ocrx_word' id='word_1_483' title='bbox 272 3789 572 3859; x_wconf 82' lang='grc' dir='ltr'>θυγατέρες</span> <span class='ocrx_word' id='word_1_484' title='bbox 601 3782 762 3856; x_wconf 75' lang='grc' dir='ltr'>ἦσαν,</span> <span class='ocrx_word' id='word_1_485' title='bbox 790 3785 885 3839; x_wconf 79' lang='grc' dir='ltr'>καὶ</span> <span class='ocrx_word' id='word_1_486' title='bbox 906 3785 1092 3847; x_wconf 87' lang='grc' dir='ltr'>παῖδες</span> <span class='ocrx_word' id='word_1_487' title='bbox 1120 3784 1286 3837; x_wconf 75' lang='grc' dir='ltr'>ἐπτάο</span> <span class='ocrx_word' id='word_1_488' title='bbox 1307 3783 1639 3854; x_wconf 84' lang='grc' dir='ltr'>μακαριστὸς</span> <span class='ocrx_word' id='word_1_489' title='bbox 1665 3777 1733 3853; x_wconf 76' lang='grc' dir='ltr'>ἦν</span> <span class='ocrx_word' id='word_1_490' title='bbox 1753 3783 1852 3852; x_wconf 83' lang='grc' dir='ltr'>τῆς</span> 
     </span>
    </p>
   </div>
   <div class='ocr_carea' id='block_1_60' title="bbox 272 3871 1849 3948">
    <p class='ocr_par' dir='ltr' id='par_1_60' title="bbox 272 3871 1849 3948">
     <span class='ocr_line' id='line_1_60' title="bbox 272 3871 1849 3948; baseline -0.005 -14"><span class='ocrx_word' id='word_1_491' title='bbox 272 3881 560 3943; x_wconf 71' lang='grc' dir='ltr'>εὐπαιδίας</span> <span class='ocrx_word' id='word_1_492' title='bbox 577 3895 592 3910; x_wconf 88' lang='grc'><strong>·</strong></span> <span class='ocrx_word' id='word_1_493' title='bbox 624 3878 868 3932; x_wconf 78' lang='grc' dir='ltr'>τοσοῦτοι</span> <span class='ocrx_word' id='word_1_494' title='bbox 892 3877 1000 3948; x_wconf 87' lang='grc' dir='ltr'><strong>γὰρ</strong></span> <span class='ocrx_word' id='word_1_495' title='bbox 1028 3876 1202 3940; x_wconf 80' lang='grc' dir='ltr'>ὄντες,</span> <span class='ocrx_word' id='word_1_496' title='bbox 1227 3873 1306 3939; x_wconf 73' lang='grc' dir='ltr'>εἷς</span> <span class='ocrx_word' id='word_1_497' title='bbox 1329 3871 1468 3946; x_wconf 75' lang='grc' dir='ltr'>ἦσαν</span> <span class='ocrx_word' id='word_1_498' title='bbox 1490 3876 1538 3928; x_wconf 88' lang='grc' dir='ltr'>οἱ</span> <span class='ocrx_word' id='word_1_499' title='bbox 1562 3875 1760 3937; x_wconf 84' lang='grc' dir='ltr'>πάντες</span> <span class='ocrx_word' id='word_1_500' title='bbox 1784 3875 1849 3943; x_wconf 82' lang='grc' dir='ltr'><strong>τῇ</strong></span> 
     </span>
    </p>
   </div>
   <div class='ocr_carea' id='block_1_61' title="bbox 275 3965 1852 4044">
    <p class='ocr_par' dir='ltr' id='par_1_61' title="bbox 275 3965 1852 4044">
     <span class='ocr_line' id='line_1_61' title="bbox 275 3965 1852 4044; baseline -0.005 -18"><span class='ocrx_word' id='word_1_501' title='bbox 275 3975 396 4044; x_wconf 80' lang='grc' dir='ltr'>μετ’</span> <span class='ocrx_word' id='word_1_502' title='bbox 443 3972 691 4043; x_wconf 83' lang='grc' dir='ltr'>ἀλλήλων</span> <span class='ocrx_word' id='word_1_503' title='bbox 734 3973 972 4043; x_wconf 78' lang='grc' dir='ltr'>στοργῇο</span> <span class='ocrx_word' id='word_1_504' title='bbox 1011 3970 1073 4022; x_wconf 88' lang='grc' dir='ltr'><strong>ού</strong></span> <span class='ocrx_word' id='word_1_505' title='bbox 1111 3967 1455 4042; x_wconf 80' lang='grc' dir='ltr'>διῃρημένως</span> <span class='ocrx_word' id='word_1_506' title='bbox 1492 3965 1615 4020; x_wconf 82' lang='grc' dir='ltr'>καθ’</span> <span class='ocrx_word' id='word_1_507' title='bbox 1660 3965 1852 4019; x_wconf 77' lang='grc' dir='ltr'>ἑαυτὸν</span> 
     </span>
    </p>
   </div>
   <div class='ocr_carea' id='block_1_62' title="bbox 271 4057 1853 4134">
    <p class='ocr_par' dir='ltr' id='par_1_62' title="bbox 271 4057 1853 4134">
     <span class='ocr_line' id='line_1_62' title="bbox 271 4057 1853 4134; baseline -0.008 -14"><span class='ocrx_word' id='word_1_508' title='bbox 271 4065 503 4128; x_wconf 74' lang='grc' dir='ltr'>ικαστος</span> <span class='ocrx_word' id='word_1_509' title='bbox 528 4062 878 4134; x_wconf 86' lang='grc' dir='ltr'>βιοτεύοντες,</span> <span class='ocrx_word' id='word_1_510' title='bbox 907 4061 1044 4116; x_wconf 84' lang='grc' dir='ltr'><strong>ἀλλά</strong></span> <span class='ocrx_word' id='word_1_511' title='bbox 1069 4061 1269 4124; x_wconf 78' lang='grc' dir='ltr'>πάντες</span> <span class='ocrx_word' id='word_1_512' title='bbox 1293 4061 1423 4130; x_wconf 86' lang='grc' dir='ltr'>παρ’</span> <span class='ocrx_word' id='word_1_513' title='bbox 1457 4057 1704 4130; x_wconf 86' lang='grc' dir='ltr'>ἀλλήλοις</span> <span class='ocrx_word' id='word_1_514' title='bbox 1734 4074 1853 4126; x_wconf 88' lang='grc' dir='ltr'>φοι-</span> 
     </span>
    </p>
   </div>
   <div class='ocr_carea' id='block_1_63' title="bbox 270 4148 1852 4222">
    <p class='ocr_par' dir='ltr' id='par_1_63' title="bbox 270 4148 1852 4222">
     <span class='ocr_line' id='line_1_63' title="bbox 270 4148 1852 4222; baseline -0.006 -12"><span class='ocrx_word' id='word_1_515' title='bbox 270 4156 495 4220; x_wconf 77' lang='grc' dir='ltr'>τῶντες,</span> <span class='ocrx_word' id='word_1_516' title='bbox 541 4154 629 4208; x_wconf 82' lang='grc' dir='ltr'><strong>διά</strong></span> <span class='ocrx_word' id='word_1_517' title='bbox 677 4153 776 4217; x_wconf 82' lang='grc' dir='ltr'>τῆς</span> <span class='ocrx_word' id='word_1_518' title='bbox 818 4151 1108 4222; x_wconf 78' lang='grc' dir='ltr'>ἐγκυκλίου</span> <span class='ocrx_word' id='word_1_519' title='bbox 1145 4149 1543 4220; x_wconf 79' lang='grc' dir='ltr'>φιλοφροσύνης</span> <span class='ocrx_word' id='word_1_520' title='bbox 1586 4148 1852 4202; x_wconf 86' lang='grc' dir='ltr'>διετέλουν</span> 
     </span>
    </p>
   </div>
   <div class='ocr_carea' id='block_1_64' title="bbox 272 4238 1855 4318">
    <p class='ocr_par' dir='ltr' id='par_1_64' title="bbox 272 4238 1855 4318">
     <span class='ocr_line' id='line_1_64' title="bbox 272 4238 1855 4318; baseline -0.006 -18"><span class='ocrx_word' id='word_1_521' title='bbox 272 4247 660 4318; x_wconf 70' lang='grc' dir='ltr'>εὐφραίνοντες</span> <span class='ocrx_word' id='word_1_522' title='bbox 695 4244 954 4314; x_wconf 81' lang='grc' dir='ltr'>ἀλλήλους</span> <span class='ocrx_word' id='word_1_523' title='bbox 989 4244 1046 4295; x_wconf 88' lang='grc' dir='ltr'><strong>ἐν</strong></span> <span class='ocrx_word' id='word_1_524' title='bbox 1071 4240 1148 4310; x_wconf 84' lang='grc' dir='ltr'>τῷ</span> <span class='ocrx_word' id='word_1_525' title='bbox 1186 4240 1342 4312; x_wconf 87' lang='grc' dir='ltr'>μέρει</span> <span class='ocrx_word' id='word_1_526' title='bbox 1366 4239 1458 4293; x_wconf 71' lang='grc' dir='ltr'>καὶ</span> <span class='ocrx_word' id='word_1_527' title='bbox 1492 4238 1855 4311; x_wconf 82' lang='grc' dir='ltr'>εὐφραινόμε-</span> 
     </span>
    </p>
   </div>
   <div class='ocr_carea' id='block_1_65' title="bbox 272 4331 1855 4409">
    <p class='ocr_par' dir='ltr' id='par_1_65' title="bbox 272 4331 1855 4409">
     <span class='ocr_line' id='line_1_65' title="bbox 272 4331 1855 4409; baseline -0.006 -15"><span class='ocrx_word' id='word_1_528' title='bbox 272 4358 353 4395; x_wconf 88' lang='grc' dir='ltr'><strong>νοι</strong></span> <span class='ocrx_word' id='word_1_529' title='bbox 373 4358 388 4372; x_wconf 78' lang='grc' dir='ltr'><strong>ο</strong></span> <span class='ocrx_word' id='word_1_530' title='bbox 429 4339 526 4392; x_wconf 76' lang='grc' dir='ltr'><strong>καὶ</strong></span> <span class='ocrx_word' id='word_1_531' title='bbox 549 4337 685 4409; x_wconf 78' lang='grc' dir='ltr'>δῆτα</span> <span class='ocrx_word' id='word_1_532' title='bbox 711 4339 804 4391; x_wconf 72' lang='grc' dir='ltr'><strong>καὶ</strong></span> <span class='ocrx_word' id='word_1_533' title='bbox 830 4337 949 4390; x_wconf 85' lang='grc' dir='ltr'>τότε</span> <span class='ocrx_word' id='word_1_534' title='bbox 983 4334 1125 4388; x_wconf 86' lang='grc' dir='ltr'><strong>κατά</strong></span> <span class='ocrx_word' id='word_1_535' title='bbox 1148 4333 1396 4404; x_wconf 87' lang='grc' dir='ltr'>περίοδον</span> <span class='ocrx_word' id='word_1_536' title='bbox 1433 4332 1584 4404; x_wconf 70' lang='grc' dir='ltr'>παρὰ</span> <span class='ocrx_word' id='word_1_537' title='bbox 1609 4331 1688 4403; x_wconf 82' lang='grc' dir='ltr'>τῷ</span> <span class='ocrx_word' id='word_1_538' title='bbox 1727 4349 1855 4403; x_wconf 86' lang='grc' dir='ltr'>πρε-</span> 
     </span>
    </p>
   </div>
   <div class='ocr_carea' id='block_1_66' title="bbox 275 4423 1852 4506">
    <p class='ocr_par' dir='ltr' id='par_1_66' title="bbox 275 4423 1852 4506">
     <span class='ocr_line' id='line_1_66' title="bbox 275 4423 1852 4506; baseline -0.007 -19"><span class='ocrx_word' id='word_1_539' title='bbox 275 4434 526 4506; x_wconf 83' lang='grc' dir='ltr'>σϐυτέρῳ</span> <span class='ocrx_word' id='word_1_540' title='bbox 563 4431 670 4484; x_wconf 82' lang='grc' dir='ltr'>τῶν</span> <span class='ocrx_word' id='word_1_541' title='bbox 705 4428 947 4498; x_wconf 72' lang='grc' dir='ltr'>ἀδελφῶν</span> <span class='ocrx_word' id='word_1_542' title='bbox 992 4423 1062 4500; x_wconf 80' lang='grc' dir='ltr'>ἦν</span> <span class='ocrx_word' id='word_1_543' title='bbox 1094 4428 1154 4480; x_wconf 84' lang='grc' dir='ltr'>τὸ</span> <span class='ocrx_word' id='word_1_544' title='bbox 1188 4426 1521 4496; x_wconf 74' lang='grc' dir='ltr'>συμπόσιονο</span> <span class='ocrx_word' id='word_1_545' title='bbox 1555 4425 1780 4495; x_wconf 79' lang='grc' dir='ltr'>πλήρεις</span> <span class='ocrx_word' id='word_1_546' title='bbox 1801 4424 1852 4477; x_wconf 77' lang='lat' dir='ltr'><strong>oi</strong></span> 
     </span>
    </p>
   </div>
   <div class='ocr_carea' id='block_1_67' title="bbox 270 4517 1851 4597">
    <p class='ocr_par' dir='ltr' id='par_1_67' title="bbox 270 4517 1851 4597">
     <span class='ocr_line' id='line_1_67' title="bbox 270 4517 1851 4597; baseline -0.009 -17"><span class='ocrx_word' id='word_1_547' title='bbox 270 4525 570 4597; x_wconf 78' lang='grc' dir='ltr'>κρατῆρες,</span> <span class='ocrx_word' id='word_1_548' title='bbox 596 4523 810 4594; x_wconf 78' lang='grc' dir='ltr'>πλήρης</span> <span class='ocrx_word' id='word_1_549' title='bbox 841 4521 948 4574; x_wconf 85' lang='grc' dir='ltr'><strong>τῶν</strong></span> <span class='ocrx_word' id='word_1_550' title='bbox 971 4518 1248 4589; x_wconf 89' lang='grc' dir='ltr'>ἐδωδίμων</span> <span class='ocrx_word' id='word_1_551' title='bbox 1270 4519 1303 4588; x_wconf 86' lang='grc' dir='ltr'><strong>ή</strong></span> <span class='ocrx_word' id='word_1_552' title='bbox 1333 4517 1581 4587; x_wconf 80' lang='grc' dir='ltr'>τράπεζα</span> <span class='ocrx_word' id='word_1_553' title='bbox 1600 4531 1612 4545; x_wconf 85' lang='lat'><strong><em>°</em></strong></span> <span class='ocrx_word' id='word_1_554' title='bbox 1641 4517 1699 4569; x_wconf 87' lang='grc' dir='ltr'><strong>ἐν</strong></span> <span class='ocrx_word' id='word_1_555' title='bbox 1723 4531 1851 4586; x_wconf 83' lang='grc' dir='ltr'>χερ-</span> 
     </span>
    </p>
   </div>
   <div class='ocr_carea' id='block_1_68' title="bbox 273 4605 1854 4682">
    <p class='ocr_par' dir='ltr' id='par_1_68' title="bbox 273 4605 1854 4682">
     <span class='ocr_line' id='line_1_68' title="bbox 273 4605 1854 4682; baseline -0.008 -12"><span class='ocrx_word' id='word_1_556' title='bbox 273 4621 358 4671; x_wconf 75' lang='grc' dir='ltr'>σὶν</span> <span class='ocrx_word' id='word_1_557' title='bbox 396 4617 452 4669; x_wconf 89' lang='grc' dir='ltr'>αἱ</span> <span class='ocrx_word' id='word_1_558' title='bbox 499 4614 748 4676; x_wconf 78' lang='grc' dir='ltr'>κύλικεςο</span> <span class='ocrx_word' id='word_1_559' title='bbox 779 4611 1056 4682; x_wconf 82' lang='grc' dir='ltr'>θεάματα,</span> <span class='ocrx_word' id='word_1_560' title='bbox 1081 4609 1156 4672; x_wconf 83' lang='grc' dir='ltr'><strong>ὡς</strong></span> <span class='ocrx_word' id='word_1_561' title='bbox 1183 4608 1350 4671; x_wconf 80' lang='grc' dir='ltr'>εἰκὸς,</span> <span class='ocrx_word' id='word_1_562' title='bbox 1385 4607 1477 4660; x_wconf 71' lang='grc' dir='ltr'>ἐπὶ</span> <span class='ocrx_word' id='word_1_563' title='bbox 1508 4605 1714 4668; x_wconf 86' lang='grc' dir='ltr'>τούτοις</span> <span class='ocrx_word' id='word_1_564' title='bbox 1759 4605 1854 4658; x_wconf 74' lang='grc' dir='ltr'>καὶ</span> 
     </span>
    </p>
   </div>
   <div class='ocr_carea' id='block_1_69' title="bbox 269 4696 1852 4778">
    <p class='ocr_par' dir='ltr' id='par_1_69' title="bbox 269 4696 1852 4778">
     <span class='ocr_line' id='line_1_69' title="bbox 269 4696 1852 4778; baseline -0.009 -16"><span class='ocrx_word' id='word_1_565' title='bbox 269 4708 622 4778; x_wconf 78' lang='grc' dir='ltr'>ἀκροάματα,</span> <span class='ocrx_word' id='word_1_566' title='bbox 653 4704 747 4757; x_wconf 72' lang='grc' dir='ltr'><strong>καὶ</strong></span> <span class='ocrx_word' id='word_1_567' title='bbox 775 4704 943 4756; x_wconf 76' lang='grc' dir='ltr'>πᾶσαι</span> <span class='ocrx_word' id='word_1_568' title='bbox 983 4699 1240 4771; x_wconf 85' lang='grc' dir='ltr'>θυμηδίαι</span> <span class='ocrx_word' id='word_1_569' title='bbox 1265 4697 1596 4769; x_wconf 86' lang='grc' dir='ltr'>συμποτικαί</span> <span class='ocrx_word' id='word_1_570' title='bbox 1615 4715 1626 4726; x_wconf 88' lang='grc'><strong>·</strong></span> <span class='ocrx_word' id='word_1_571' title='bbox 1653 4696 1852 4765; x_wconf 82' lang='grc' dir='ltr'>τρόπος</span> 
     </span>
    </p>
   </div>
   <div class='ocr_carea' id='block_1_70' title="bbox 269 4789 1852 4870">
    <p class='ocr_par' dir='ltr' id='par_1_70' title="bbox 269 4789 1852 4870">
     <span class='ocr_line' id='line_1_70' title="bbox 269 4789 1852 4870; baseline -0.009 -16"><span class='ocrx_word' id='word_1_572' title='bbox 269 4796 384 4863; x_wconf 75' lang='grc' dir='ltr'>εἷς,</span> <span class='ocrx_word' id='word_1_573' title='bbox 423 4797 843 4870; x_wconf 76' lang='grc' dir='ltr'>φιλοφροσύναι,</span> <span class='ocrx_word' id='word_1_574' title='bbox 883 4793 1142 4862; x_wconf 81' lang='grc' dir='ltr'>παίγνια,</span> <span class='ocrx_word' id='word_1_575' title='bbox 1179 4792 1528 4862; x_wconf 75' lang='grc' dir='ltr'>μειδιάματαο</span> <span class='ocrx_word' id='word_1_576' title='bbox 1557 4791 1732 4843; x_wconf 86' lang='grc' dir='ltr'>πάντα</span> <span class='ocrx_word' id='word_1_577' title='bbox 1753 4789 1852 4841; x_wconf 81' lang='grc' dir='ltr'>ὅσα</span> 
     </span>
    </p>
   </div>
   <div class='ocr_carea' id='block_1_71' title="bbox 268 4876 1850 4958">
    <p class='ocr_par' dir='ltr' id='par_1_71' title="bbox 268 4876 1850 4958">
     <span class='ocr_line' id='line_1_71' title="bbox 268 4876 1850 4958; baseline -0.008 -14"><span class='ocrx_word' id='word_1_578' title='bbox 268 4893 419 4954; x_wconf 77' lang='grc' dir='ltr'>εἰκὸς</span> <span class='ocrx_word' id='word_1_579' title='bbox 460 4891 519 4942; x_wconf 84' lang='grc' dir='ltr'><strong>ἐν</strong></span> <span class='ocrx_word' id='word_1_580' title='bbox 550 4889 753 4958; x_wconf 85' lang='grc' dir='ltr'>συνόδῳ</span> <span class='ocrx_word' id='word_1_581' title='bbox 795 4887 932 4941; x_wconf 86' lang='grc' dir='ltr'>νέων</span> <span class='ocrx_word' id='word_1_582' title='bbox 956 4885 1039 4955; x_wconf 80' lang='grc' dir='ltr'><strong>ἐφ’</strong></span> <span class='ocrx_word' id='word_1_583' title='bbox 1069 4885 1252 4949; x_wconf 89' lang='grc' dir='ltr'>ἐστίας</span> <span class='ocrx_word' id='word_1_584' title='bbox 1290 4882 1640 4953; x_wconf 81' lang='grc' dir='ltr'>ἀϐρύνεσθαι.</span> <span class='ocrx_word' id='word_1_585' title='bbox 1668 4881 1732 4933; x_wconf 87' lang='grc' dir='ltr'>Τί</span> <span class='ocrx_word' id='word_1_586' title='bbox 1757 4876 1850 4933; x_wconf 79' lang='grc' dir='ltr'>οὖν</span> 
     </span>
    </p>
   </div>
   <div class='ocr_carea' id='block_1_72' title="bbox 267 4974 1849 5048">
    <p class='ocr_par' dir='ltr' id='par_1_72' title="bbox 267 4974 1849 5048">
     <span class='ocr_line' id='line_1_72' title="bbox 267 4974 1849 5048; baseline -0.009 -10"><span class='ocrx_word' id='word_1_587' title='bbox 267 4986 366 5038; x_wconf 75' lang='grc' dir='ltr'>ἐπὶ</span> <span class='ocrx_word' id='word_1_588' title='bbox 403 4985 649 5046; x_wconf 79' lang='grc' dir='ltr'>τούτοιςς</span> <span class='ocrx_word' id='word_1_589' title='bbox 686 4979 774 5033; x_wconf 83' lang='grc' dir='ltr'>Ἐν</span> <span class='ocrx_word' id='word_1_590' title='bbox 807 4981 960 5048; x_wconf 78' lang='grc' dir='ltr'>ἀκμῇ</span> <span class='ocrx_word' id='word_1_591' title='bbox 986 4979 1085 5048; x_wconf 74' lang='grc' dir='ltr'>τῆς</span> <span class='ocrx_word' id='word_1_592' title='bbox 1112 4975 1464 5038; x_wconf 87' lang='grc' dir='ltr'>ἀπολαύσεως</span> <span class='ocrx_word' id='word_1_593' title='bbox 1482 4975 1590 5027; x_wconf 81' lang='grc' dir='ltr'>τῶν</span> <span class='ocrx_word' id='word_1_594' title='bbox 1617 4974 1849 5042; x_wconf 81' lang='grc' dir='ltr'>ἡδίστων</span> 
     </span>
    </p>
   </div>
   <div class='ocr_carea' id='block_1_73' title="bbox 267 5064 1850 5138">
    <p class='ocr_par' dir='ltr' id='par_1_73' title="bbox 267 5064 1850 5138">
     <span class='ocr_line' id='line_1_73' title="bbox 267 5064 1850 5138; baseline -0.009 -8"><span class='ocrx_word' id='word_1_595' title='bbox 267 5075 676 5136; x_wconf 76' lang='grc' dir='ltr'>ἑπισεισθέντος</span> <span class='ocrx_word' id='word_1_596' title='bbox 715 5073 900 5135; x_wconf 81' lang='grc' dir='ltr'>αὐτοῖς</span> <span class='ocrx_word' id='word_1_597' title='bbox 936 5070 1030 5124; x_wconf 79' lang='grc' dir='ltr'>τοῦ</span> <span class='ocrx_word' id='word_1_598' title='bbox 1080 5070 1312 5138; x_wconf 81' lang='grc' dir='ltr'>ὀρόφου,</span> <span class='ocrx_word' id='word_1_599' title='bbox 1361 5067 1531 5134; x_wconf 83' lang='grc' dir='ltr'>τάφος</span> <span class='ocrx_word' id='word_1_600' title='bbox 1574 5065 1680 5118; x_wconf 83' lang='grc' dir='ltr'><strong>τῶν</strong></span> <span class='ocrx_word' id='word_1_601' title='bbox 1721 5064 1850 5117; x_wconf 83' lang='grc' dir='ltr'>δέκα</span> 
     </span>
    </p>
   </div>
   <div class='ocr_carea' id='block_1_74' title="bbox 267 5156 1853 5236">
    <p class='ocr_par' dir='ltr' id='par_1_74' title="bbox 267 5156 1853 5236">
     <span class='ocr_line' id='line_1_74' title="bbox 267 5156 1853 5236; baseline -0.009 -15"><span class='ocrx_word' id='word_1_602' title='bbox 267 5169 482 5221; x_wconf 84' lang='grc' dir='ltr'>παίδων</span> <span class='ocrx_word' id='word_1_603' title='bbox 510 5167 570 5220; x_wconf 82' lang='grc' dir='ltr'>τὸ</span> <span class='ocrx_word' id='word_1_604' title='bbox 619 5165 920 5236; x_wconf 84' lang='grc' dir='ltr'>συμπόσιον</span> <span class='ocrx_word' id='word_1_605' title='bbox 949 5162 1178 5226; x_wconf 87' lang='grc' dir='ltr'>γίνεται.</span> <span class='ocrx_word' id='word_1_606' title='bbox 1212 5161 1323 5212; x_wconf 69' lang='grc' dir='ltr'><strong>Καὶ</strong></span> <span class='ocrx_word' id='word_1_607' title='bbox 1361 5163 1472 5222; x_wconf 85' lang='grc' dir='ltr'>τοῖς</span> <span class='ocrx_word' id='word_1_608' title='bbox 1519 5158 1714 5226; x_wconf 79' lang='grc' dir='ltr'>αἵμασι</span> <span class='ocrx_word' id='word_1_609' title='bbox 1744 5156 1853 5208; x_wconf 79' lang='grc' dir='ltr'><strong>τῶν</strong></span> 
     </span>
    </p>
   </div>
   <div class='ocr_carea' id='block_1_75' title="bbox 265 5247 1853 5327">
    <p class='ocr_par' dir='ltr' id='par_1_75' title="bbox 265 5247 1853 5327">
     <span class='ocr_line' id='line_1_75' title="bbox 265 5247 1853 5327; baseline -0.008 -14"><span class='ocrx_word' id='word_1_610' title='bbox 265 5261 409 5313; x_wconf 82' lang='grc' dir='ltr'>νέων</span> <span class='ocrx_word' id='word_1_611' title='bbox 434 5260 462 5311; x_wconf 85' lang='grc' dir='ltr'><strong>ό</strong></span> <span class='ocrx_word' id='word_1_612' title='bbox 493 5259 706 5327; x_wconf 78' lang='grc' dir='ltr'>κρατὴρ</span> <span class='ocrx_word' id='word_1_613' title='bbox 745 5255 1166 5325; x_wconf 87' lang='grc' dir='ltr'>καταμίγνυται,</span> <span class='ocrx_word' id='word_1_614' title='bbox 1209 5252 1303 5305; x_wconf 71' lang='grc' dir='ltr'>καὶ</span> <span class='ocrx_word' id='word_1_615' title='bbox 1334 5251 1403 5304; x_wconf 89' lang='grc' dir='ltr'><strong>τά</strong></span> <span class='ocrx_word' id='word_1_616' title='bbox 1429 5248 1662 5319; x_wconf 76' lang='grc' dir='ltr'>ἐδώδιμα</span> <span class='ocrx_word' id='word_1_617' title='bbox 1689 5247 1765 5318; x_wconf 78' lang='grc' dir='ltr'><strong>τῷ</strong></span> <span class='ocrx_word' id='word_1_618' title='bbox 1789 5249 1853 5300; x_wconf 77' lang='grc' dir='ltr'><strong>ἐκ</strong></span> 
     </span>
    </p>
   </div>
   <div class='ocr_carea' id='block_1_76' title="bbox 261 5341 1852 5421">
    <p class='ocr_par' dir='ltr' id='par_1_76' title="bbox 261 5341 1852 5421">
     <span class='ocr_line' id='line_1_76' title="bbox 261 5341 1852 5421; baseline -0.009 -15"><span class='ocrx_word' id='word_1_619' title='bbox 261 5352 380 5407; x_wconf 82' lang='grc' dir='ltr'>τῶν</span> <span class='ocrx_word' id='word_1_620' title='bbox 403 5352 670 5421; x_wconf 81' lang='grc' dir='ltr'>σωμάτων</span> <span class='ocrx_word' id='word_1_621' title='bbox 700 5349 882 5420; x_wconf 87' lang='grc' dir='ltr'>λύθρῳ</span> <span class='ocrx_word' id='word_1_622' title='bbox 904 5345 1318 5417; x_wconf 84' lang='grc' dir='ltr'>κατεμολύνετο.</span> <span class='ocrx_word' id='word_1_623' title='bbox 1347 5341 1617 5410; x_wconf 88' lang='grc' dir='ltr'>Τοιαύτης</span> <span class='ocrx_word' id='word_1_624' title='bbox 1649 5357 1852 5410; x_wconf 81' lang='grc' dir='ltr'>συμφο-</span> 
     </span>
    </p>
   </div>
   <div class='ocr_carea' id='block_1_77' title="bbox 268 5431 1848 5517">
    <p class='ocr_par' dir='ltr' id='par_1_77' title="bbox 268 5431 1848 5517">
     <span class='ocr_line' id='line_1_77' title="bbox 268 5431 1848 5517; baseline -0.011 -17"><span class='ocrx_word' id='word_1_625' title='bbox 268 5448 374 5517; x_wconf 78' lang='grc' dir='ltr'><strong>ρᾶς</strong></span> <span class='ocrx_word' id='word_1_626' title='bbox 398 5444 476 5514; x_wconf 86' lang='grc' dir='ltr'>τῷ</span> <span class='ocrx_word' id='word_1_627' title='bbox 519 5443 638 5497; x_wconf 85' lang='grc' dir='ltr'>Ἰὼϐ</span> <span class='ocrx_word' id='word_1_628' title='bbox 680 5440 1038 5511; x_wconf 87' lang='grc' dir='ltr'>ἀγγελθείσης</span> <span class='ocrx_word' id='word_1_629' title='bbox 1077 5436 1302 5507; x_wconf 90' lang='grc' dir='ltr'>(θέασαί</span> <span class='ocrx_word' id='word_1_630' title='bbox 1346 5452 1434 5505; x_wconf 92' lang='grc' dir='ltr'><strong>μοι</strong></span> <span class='ocrx_word' id='word_1_631' title='bbox 1463 5434 1540 5503; x_wconf 80' lang='grc' dir='ltr'><strong>τῷ</strong></span> <span class='ocrx_word' id='word_1_632' title='bbox 1578 5433 1718 5502; x_wconf 74' lang='grc' dir='ltr'>λόγῳ</span> <span class='ocrx_word' id='word_1_633' title='bbox 1758 5431 1848 5484; x_wconf 75' lang='grc' dir='ltr'><strong>τὸν</strong></span> 
     </span>
    </p>
   </div>
   <div class='ocr_carea' id='block_1_78' title="bbox 263 5522 1849 5606">
    <p class='ocr_par' dir='ltr' id='par_1_78' title="bbox 263 5522 1849 5606">
     <span class='ocr_line' id='line_1_78' title="bbox 263 5522 1849 5606; baseline -0.012 -15"><span class='ocrx_word' id='word_1_634' title='bbox 263 5534 532 5606; x_wconf 77' lang='grc' dir='ltr'>ἀθλητήν,</span> <span class='ocrx_word' id='word_1_635' title='bbox 555 5535 653 5603; x_wconf 80' lang='grc' dir='ltr'><strong>οὐχ</strong></span> <span class='ocrx_word' id='word_1_636' title='bbox 677 5534 764 5586; x_wconf 78' lang='grc' dir='ltr'>ἵνα</span> <span class='ocrx_word' id='word_1_637' title='bbox 785 5530 1070 5602; x_wconf 81' lang='grc' dir='ltr'>θαυμάσῃς</span> <span class='ocrx_word' id='word_1_638' title='bbox 1095 5529 1252 5597; x_wconf 83' lang='grc' dir='ltr'>μόνον</span> <span class='ocrx_word' id='word_1_639' title='bbox 1275 5526 1362 5579; x_wconf 77' lang='grc' dir='ltr'>τὸν</span> <span class='ocrx_word' id='word_1_640' title='bbox 1378 5525 1624 5594; x_wconf 81' lang='grc' dir='ltr'>νικητήν·</span> <span class='ocrx_word' id='word_1_641' title='bbox 1656 5522 1849 5592; x_wconf 70' lang='grc' dir='ltr'>μικρὸν</span> 
     </span>
    </p>
   </div>
   <div class='ocr_carea' id='block_1_79' title="bbox 264 5614 1848 5700">
    <p class='ocr_par' dir='ltr' id='par_1_79' title="bbox 264 5614 1848 5700">
     <span class='ocr_line' id='line_1_79' title="bbox 264 5614 1848 5700; baseline -0.011 -18"><span class='ocrx_word' id='word_1_642' title='bbox 264 5631 384 5700; x_wconf 76' lang='grc' dir='ltr'><strong>γάρ</strong></span> <span class='ocrx_word' id='word_1_643' title='bbox 416 5629 477 5681; x_wconf 77' lang='grc' dir='ltr'><strong>τὸ</strong></span> <span class='ocrx_word' id='word_1_644' title='bbox 507 5630 569 5680; x_wconf 83' lang='grc' dir='ltr'><strong>ἐκ</strong></span> <span class='ocrx_word' id='word_1_645' title='bbox 591 5624 682 5679; x_wconf 81' lang='grc' dir='ltr'>τοῦ</span> <span class='ocrx_word' id='word_1_646' title='bbox 715 5625 988 5694; x_wconf 78' lang='grc' dir='ltr'>θαύματος</span> <span class='ocrx_word' id='word_1_647' title='bbox 1021 5620 1230 5692; x_wconf 68' lang='grc' dir='ltr'>κέρδοςσ</span> <span class='ocrx_word' id='word_1_648' title='bbox 1258 5618 1370 5670; x_wconf 78' lang='grc' dir='ltr'>ἀλλ’</span> <span class='ocrx_word' id='word_1_649' title='bbox 1406 5618 1489 5669; x_wconf 81' lang='grc' dir='ltr'><strong>ἵνα</strong></span> <span class='ocrx_word' id='word_1_650' title='bbox 1523 5614 1768 5685; x_wconf 73' lang='grc' dir='ltr'>ζηλώσῃς</span> <span class='ocrx_word' id='word_1_651' title='bbox 1791 5615 1848 5665; x_wconf 80' lang='grc' dir='ltr'><strong>ἐν</strong></span> 
     </span>
    </p>
   </div>
   <div class='ocr_carea' id='block_1_80' title="bbox 264 5705 1846 5790">
    <p class='ocr_par' dir='ltr' id='par_1_80' title="bbox 264 5705 1846 5790">
     <span class='ocr_line' id='line_1_80' title="bbox 264 5705 1846 5790; baseline -0.014 -13"><span class='ocrx_word' id='word_1_652' title='bbox 264 5724 381 5784; x_wconf 79' lang='grc' dir='ltr'>τοῖς</span> <span class='ocrx_word' id='word_1_653' title='bbox 408 5717 612 5790; x_wconf 85' lang='grc' dir='ltr'>ὁμοίοις</span> <span class='ocrx_word' id='word_1_654' title='bbox 638 5716 726 5769; x_wconf 74' lang='grc' dir='ltr'><strong>τὸν</strong></span> <span class='ocrx_word' id='word_1_655' title='bbox 752 5715 940 5784; x_wconf 78' lang='grc' dir='ltr'>ἄνδρα,</span> <span class='ocrx_word' id='word_1_656' title='bbox 985 5713 1076 5765; x_wconf 87' lang='grc' dir='ltr'>καί</span> <span class='ocrx_word' id='word_1_657' title='bbox 1116 5729 1196 5764; x_wconf 89' lang='grc' dir='ltr'><strong>σοι</strong></span> <span class='ocrx_word' id='word_1_658' title='bbox 1232 5709 1456 5780; x_wconf 82' lang='grc' dir='ltr'>γένηται</span> <span class='ocrx_word' id='word_1_659' title='bbox 1499 5705 1846 5777; x_wconf 74' lang='grc' dir='ltr'>παιδοτρίϐης</span> 
     </span>
    </p>
   </div>
   <div class='ocr_carea' id='block_1_81' title="bbox 511 5806 1200 5874">
    <p class='ocr_par' dir='ltr' id='par_1_81' title="bbox 511 5806 1200 5874">
     <span class='ocr_line' id='line_1_81' title="bbox 511 5806 1200 5874; baseline -0.009 0"><span class='ocrx_word' id='word_1_660' title='bbox 511 5813 782 5874; x_wconf 68' lang='grc' dir='ltr'>Ριτιιοι.</span> <span class='ocrx_word' id='word_1_661' title='bbox 822 5813 866 5871; x_wconf 79' lang='lat' dir='ltr'><strong>G</strong></span> <span class='ocrx_word' id='word_1_662' title='bbox 881 5829 937 5869; x_wconf 79' lang='lat' dir='ltr'><strong>It.</strong></span> <span class='ocrx_word' id='word_1_663' title='bbox 981 5806 1200 5869; x_wconf 80' lang='lat' dir='ltr'><strong>XLVI.</strong></span> 
     </span>
    </p>
   </div>
   <div class='ocr_carea' id='block_1_82' title="bbox 1945 2679 3531 2750">
    <p class='ocr_par' dir='ltr' id='par_1_82' title="bbox 1945 2679 3531 2750">
     <span class='ocr_line' id='line_1_82' title="bbox 1945 2679 3531 2750; baseline 0.004 -18"><span class='ocrx_word' id='word_1_664' title='bbox 1945 2679 2140 2743; x_wconf 87' lang='lat' dir='ltr'><strong>sistat;</strong></span> <span class='ocrx_word' id='word_1_665' title='bbox 2174 2679 2435 2748; x_wconf 82' lang='lat' dir='ltr'><strong>relinquit</strong></span> <span class='ocrx_word' id='word_1_666' title='bbox 2472 2680 2718 2743; x_wconf 87' lang='lat' dir='ltr'><strong>umbras,</strong></span> <span class='ocrx_word' id='word_1_667' title='bbox 2744 2681 3058 2750; x_wconf 88' lang='lat' dir='ltr'><strong>assequitur</strong></span> <span class='ocrx_word' id='word_1_668' title='bbox 3080 2681 3388 2747; x_wconf 84' lang='lat' dir='ltr'><strong>veritatem,</strong></span> <span class='ocrx_word' id='word_1_669' title='bbox 3445 2684 3531 2738; x_wconf 82' lang='lat' dir='ltr'><strong>di-</strong></span> 
     </span>
    </p>
   </div>
   <div class='ocr_carea' id='block_1_83' title="bbox 1954 2769 3531 2838">
    <p class='ocr_par' dir='ltr' id='par_1_83' title="bbox 1954 2769 3531 2838">
     <span class='ocr_line' id='line_1_83' title="bbox 1954 2769 3531 2838; baseline 0.006 -16"><span class='ocrx_word' id='word_1_670' title='bbox 1954 2769 2118 2822; x_wconf 90' lang='lat' dir='ltr'><strong>mittit</strong></span> <span class='ocrx_word' id='word_1_671' title='bbox 2147 2769 2370 2825; x_wconf 86' lang='lat' dir='ltr'><strong>fraudes</strong></span> <span class='ocrx_word' id='word_1_672' title='bbox 2399 2777 2454 2824; x_wconf 88' lang='lat' dir='ltr'><strong>et</strong></span> <span class='ocrx_word' id='word_1_673' title='bbox 2482 2785 2698 2826; x_wconf 89' lang='lat' dir='ltr'><strong>errores</strong></span> <span class='ocrx_word' id='word_1_674' title='bbox 2748 2780 2801 2825; x_wconf 89' lang='lat' dir='ltr'><strong>et</strong></span> <span class='ocrx_word' id='word_1_675' title='bbox 2859 2773 3131 2828; x_wconf 90' lang='lat' dir='ltr'><strong>tumultus</strong></span> <span class='ocrx_word' id='word_1_676' title='bbox 3154 2813 3170 2838; x_wconf 93' lang='lat'><strong>,</strong></span> <span class='ocrx_word' id='word_1_677' title='bbox 3223 2781 3279 2828; x_wconf 90' lang='lat' dir='ltr'><strong>et</strong></span> <span class='ocrx_word' id='word_1_678' title='bbox 3323 2774 3531 2832; x_wconf 82' lang='lat' dir='ltr'><strong>invenit</strong></span> 
     </span>
    </p>
   </div>
   <div class='ocr_carea' id='block_1_84' title="bbox 1954 2861 3531 2934">
    <p class='ocr_par' dir='ltr' id='par_1_84' title="bbox 1954 2861 3531 2934">
     <span class='ocr_line' id='line_1_84' title="bbox 1954 2861 3531 2934; baseline 0.003 -18"><span class='ocrx_word' id='word_1_679' title='bbox 1954 2861 2045 2916; x_wconf 85' lang='lat' dir='ltr'><strong>illa</strong></span> <span class='ocrx_word' id='word_1_680' title='bbox 2077 2862 2240 2925; x_wconf 86' lang='lat' dir='ltr'><strong>bona,</strong></span> <span class='ocrx_word' id='word_1_681' title='bbox 2276 2878 2397 2933; x_wconf 81' lang='lat' dir='ltr'><strong>quae</strong></span> <span class='ocrx_word' id='word_1_682' title='bbox 2427 2871 2556 2917; x_wconf 88' lang='lat' dir='ltr'><strong>sunt</strong></span> <span class='ocrx_word' id='word_1_683' title='bbox 2582 2879 2748 2934; x_wconf 89' lang='lat' dir='ltr'><strong>supra</strong></span> <span class='ocrx_word' id='word_1_684' title='bbox 2777 2865 3019 2928; x_wconf 91' lang='lat' dir='ltr'><strong>oculum,</strong></span> <span class='ocrx_word' id='word_1_685' title='bbox 3048 2874 3102 2920; x_wconf 93' lang='lat' dir='ltr'><strong>et</strong></span> <span class='ocrx_word' id='word_1_686' title='bbox 3147 2865 3416 2934; x_wconf 90' lang='lat' dir='ltr'><strong>auditum,</strong></span> <span class='ocrx_word' id='word_1_687' title='bbox 3475 2878 3531 2924; x_wconf 91' lang='lat' dir='ltr'><strong>et</strong></span> 
     </span>
    </p>
   </div>
   <div class='ocr_carea' id='block_1_85' title="bbox 1953 2958 3528 3031">
    <p class='ocr_par' dir='ltr' id='par_1_85' title="bbox 1953 2958 3528 3031">
     <span class='ocr_line' id='line_1_85' title="bbox 1953 2958 3528 3031; baseline 0.004 -21"><span class='ocrx_word' id='word_1_688' title='bbox 1953 2969 2084 3012; x_wconf 89' lang='lat' dir='ltr'><strong>cor:</strong></span> <span class='ocrx_word' id='word_1_689' title='bbox 2124 2971 2299 3026; x_wconf 92' lang='lat' dir='ltr'><strong>neque</strong></span> <span class='ocrx_word' id='word_1_690' title='bbox 2329 2970 2482 3012; x_wconf 87' lang='lat' dir='ltr'><strong>amor</strong></span> <span class='ocrx_word' id='word_1_691' title='bbox 2515 2971 2638 3012; x_wconf 92' lang='lat' dir='ltr'><strong>eum</strong></span> <span class='ocrx_word' id='word_1_692' title='bbox 2674 2965 2858 3027; x_wconf 84' lang='lat' dir='ltr'><strong>anget,</strong></span> <span class='ocrx_word' id='word_1_693' title='bbox 2904 2973 3082 3028; x_wconf 86' lang='lat' dir='ltr'><strong>neque</strong></span> <span class='ocrx_word' id='word_1_694' title='bbox 3114 2958 3335 3014; x_wconf 88' lang='lat' dir='ltr'><strong>sordida</strong></span> <span class='ocrx_word' id='word_1_695' title='bbox 3371 2961 3528 3031; x_wconf 83' lang='lat' dir='ltr'><strong>cupi-</strong></span> 
     </span>
    </p>
   </div>
   <div class='ocr_carea' id='block_1_86' title="bbox 1953 3050 3530 3124">
    <p class='ocr_par' dir='ltr' id='par_1_86' title="bbox 1953 3050 3530 3124">
     <span class='ocr_line' id='line_1_86' title="bbox 1953 3050 3530 3124; baseline 0.004 -19"><span class='ocrx_word' id='word_1_696' title='bbox 1953 3050 2096 3105; x_wconf 91' lang='lat' dir='ltr'><strong>ditas</strong></span> <span class='ocrx_word' id='word_1_697' title='bbox 2121 3059 2416 3120; x_wconf 84' lang='lat' dir='ltr'><strong>pervertet,</strong></span> <span class='ocrx_word' id='word_1_698' title='bbox 2447 3060 2611 3122; x_wconf 89' lang='lat' dir='ltr'><strong>atque</strong></span> <span class='ocrx_word' id='word_1_699' title='bbox 2637 3051 2976 3122; x_wconf 86' lang='lat' dir='ltr'><strong>depravabit,</strong></span> <span class='ocrx_word' id='word_1_700' title='bbox 3010 3067 3118 3107; x_wconf 92' lang='lat' dir='ltr'><strong>non</strong></span> <span class='ocrx_word' id='word_1_701' title='bbox 3151 3054 3407 3124; x_wconf 83' lang='lat' dir='ltr'><strong>superbia</strong></span> <span class='ocrx_word' id='word_1_702' title='bbox 3444 3055 3530 3111; x_wconf 89' lang='lat' dir='ltr'><strong>in-</strong></span> 
     </span>
    </p>
   </div>
   <div class='ocr_carea' id='block_1_87' title="bbox 1954 3139 3532 3216">
    <p class='ocr_par' dir='ltr' id='par_1_87' title="bbox 1954 3139 3532 3216">
     <span class='ocr_line' id='line_1_87' title="bbox 1954 3139 3532 3216; baseline 0.004 -21"><span class='ocrx_word' id='word_1_703' title='bbox 1954 3139 2126 3208; x_wconf 82' lang='lat' dir='ltr'><strong>ﬂabit,</strong></span> <span class='ocrx_word' id='word_1_704' title='bbox 2147 3156 2254 3196; x_wconf 89' lang='lat' dir='ltr'><strong>non</strong></span> <span class='ocrx_word' id='word_1_705' title='bbox 2285 3141 2484 3212; x_wconf 86' lang='lat' dir='ltr'><strong>aliquis</strong></span> <span class='ocrx_word' id='word_1_706' title='bbox 2509 3142 2648 3197; x_wconf 92' lang='lat' dir='ltr'><strong>alius</strong></span> <span class='ocrx_word' id='word_1_707' title='bbox 2675 3141 2902 3198; x_wconf 71' lang='lat' dir='ltr'><strong>aﬂ‘ectus</strong></span> <span class='ocrx_word' id='word_1_708' title='bbox 2933 3145 3175 3198; x_wconf 83' lang='lat' dir='ltr'><strong>animum</strong></span> <span class='ocrx_word' id='word_1_709' title='bbox 3192 3159 3398 3216; x_wconf 79' lang='lat' dir='ltr'><strong>angens</strong></span> <span class='ocrx_word' id='word_1_710' title='bbox 3413 3161 3532 3201; x_wconf 82' lang='lat' dir='ltr'><strong>mo-</strong></span> 
     </span>
    </p>
   </div>
   <div class='ocr_carea' id='block_1_88' title="bbox 1875 3219 3530 3297">
    <p class='ocr_par' dir='ltr' id='par_1_88' title="bbox 1875 3219 3530 3297">
     <span class='ocr_line' id='line_1_88' title="bbox 1875 3219 3530 3297; baseline 0.004 -12"><span class='ocrx_word' id='word_1_711' title='bbox 1875 3219 1918 3275; x_wconf 72' lang='grc' dir='ltr'>ο</span> <span class='ocrx_word' id='word_1_712' title='bbox 1953 3232 2123 3287; x_wconf 88' lang='lat' dir='ltr'><strong>lestus</strong></span> <span class='ocrx_word' id='word_1_713' title='bbox 2157 3232 2282 3297; x_wconf 86' lang='lat' dir='ltr'><strong>erit,</strong></span> <span class='ocrx_word' id='word_1_714' title='bbox 2315 3233 2410 3288; x_wconf 89' lang='lat' dir='ltr'><strong>sed</strong></span> <span class='ocrx_word' id='word_1_715' title='bbox 2443 3234 2625 3287; x_wconf 89' lang='lat' dir='ltr'><strong>omnia</strong></span> <span class='ocrx_word' id='word_1_716' title='bbox 2662 3234 2721 3286; x_wconf 88' lang='lat' dir='ltr'><strong>llt</strong></span> <span class='ocrx_word' id='word_1_717' title='bbox 2747 3234 2795 3288; x_wconf 89' lang='lat' dir='ltr'><strong>ei</strong></span> <span class='ocrx_word' id='word_1_718' title='bbox 2831 3233 2996 3291; x_wconf 80' lang='lat' dir='ltr'><strong>Deus.</strong></span> <span class='ocrx_word' id='word_1_719' title='bbox 3055 3234 3265 3291; x_wconf 85' lang='lat' dir='ltr'><strong>Idcirco</strong></span> <span class='ocrx_word' id='word_1_720' title='bbox 3295 3237 3530 3295; x_wconf 87' lang='lat' dir='ltr'><strong>libenter</strong></span> 
     </span>
    </p>
   </div>
   <div class='ocr_carea' id='block_1_89' title="bbox 1952 3321 3527 3397">
    <p class='ocr_par' dir='ltr' id='par_1_89' title="bbox 1952 3321 3527 3397">
     <span class='ocr_line' id='line_1_89' title="bbox 1952 3321 3527 3397; baseline 0.005 -21"><span class='ocrx_word' id='word_1_721' title='bbox 1952 3321 2062 3379; x_wconf 91' lang='lat' dir='ltr'><strong>Deo</strong></span> <span class='ocrx_word' id='word_1_722' title='bbox 2100 3323 2270 3377; x_wconf 87' lang='lat' dir='ltr'><strong>tilium</strong></span> <span class='ocrx_word' id='word_1_723' title='bbox 2303 3323 2414 3378; x_wconf 89' lang='lat' dir='ltr'><strong>dat.</strong></span> <span class='ocrx_word' id='word_1_724' title='bbox 2467 3322 2610 3390; x_wconf 86' lang='lat' dir='ltr'><strong>Quid</strong></span> <span class='ocrx_word' id='word_1_725' title='bbox 2666 3325 2792 3380; x_wconf 90' lang='lat' dir='ltr'><strong>item</strong></span> <span class='ocrx_word' id='word_1_726' title='bbox 2827 3341 3060 3397; x_wconf 90' lang='lat' dir='ltr'><strong>magnus</strong></span> <span class='ocrx_word' id='word_1_727' title='bbox 3109 3325 3248 3383; x_wconf 83' lang='lat' dir='ltr'><strong>Job?</strong></span> <span class='ocrx_word' id='word_1_728' title='bbox 3304 3343 3427 3384; x_wconf 89' lang='lat' dir='ltr'><strong>cum</strong></span> <span class='ocrx_word' id='word_1_729' title='bbox 3475 3334 3527 3386; x_wconf 88' lang='lat' dir='ltr'><strong>ei</strong></span> 
     </span>
    </p>
   </div>
   <div class='ocr_carea' id='block_1_90' title="bbox 1950 3415 3528 3490">
    <p class='ocr_par' dir='ltr' id='par_1_90' title="bbox 1950 3415 3528 3490">
     <span class='ocr_line' id='line_1_90' title="bbox 1950 3415 3528 3490; baseline 0.003 -20"><span class='ocrx_word' id='word_1_730' title='bbox 1950 3423 2172 3485; x_wconf 87' lang='lat' dir='ltr'><strong>repente</strong></span> <span class='ocrx_word' id='word_1_731' title='bbox 2197 3415 2352 3484; x_wconf 88' lang='lat' dir='ltr'><strong>quasi</strong></span> <span class='ocrx_word' id='word_1_732' title='bbox 2384 3430 2494 3470; x_wconf 91' lang='lat' dir='ltr'><strong>uno</strong></span> <span class='ocrx_word' id='word_1_733' title='bbox 2527 3415 2730 3486; x_wconf 92' lang='lat' dir='ltr'><strong>impetu</strong></span> <span class='ocrx_word' id='word_1_734' title='bbox 2758 3415 3000 3472; x_wconf 81' lang='lat' dir='ltr'><strong>adversae</strong></span> <span class='ocrx_word' id='word_1_735' title='bbox 3036 3417 3268 3474; x_wconf 79' lang='lat' dir='ltr'><strong>fortunae</strong></span> <span class='ocrx_word' id='word_1_736' title='bbox 3293 3421 3528 3490; x_wconf 89' lang='lat' dir='ltr'><strong>spoliato</strong></span> 
     </span>
    </p>
   </div>
   <div class='ocr_carea' id='block_1_91' title="bbox 1951 3507 3526 3582">
    <p class='ocr_par' dir='ltr' id='par_1_91' title="bbox 1951 3507 3526 3582">
     <span class='ocr_line' id='line_1_91' title="bbox 1951 3507 3526 3582; baseline 0.003 -20"><span class='ocrx_word' id='word_1_737' title='bbox 1951 3507 2208 3562; x_wconf 91' lang='lat' dir='ltr'><strong>omnibus</strong></span> <span class='ocrx_word' id='word_1_738' title='bbox 2226 3507 2392 3564; x_wconf 90' lang='lat' dir='ltr'><strong>rebus</strong></span> <span class='ocrx_word' id='word_1_739' title='bbox 2409 3521 2474 3562; x_wconf 88' lang='lat' dir='ltr'><strong>ac</strong></span> <span class='ocrx_word' id='word_1_740' title='bbox 2493 3509 2689 3578; x_wconf 89' lang='lat' dir='ltr'><strong>copiis.</strong></span> <span class='ocrx_word' id='word_1_741' title='bbox 2710 3509 2910 3579; x_wconf 88' lang='lat' dir='ltr'><strong>quibus</strong></span> <span class='ocrx_word' id='word_1_742' title='bbox 2927 3509 3318 3577; x_wconf 85' lang='lat' dir='ltr'><strong>abundaverat,</strong></span> <span class='ocrx_word' id='word_1_743' title='bbox 3343 3513 3526 3582; x_wconf 85' lang='lat' dir='ltr'><strong>prius-</strong></span> 
     </span>
    </p>
   </div>
   <div class='ocr_carea' id='block_1_92' title="bbox 1951 3597 3526 3670">
    <p class='ocr_par' dir='ltr' id='par_1_92' title="bbox 1951 3597 3526 3670">
     <span class='ocr_line' id='line_1_92' title="bbox 1951 3597 3526 3670; baseline 0.004 -20"><span class='ocrx_word' id='word_1_744' title='bbox 1951 3612 2116 3667; x_wconf 88' lang='lat' dir='ltr'><strong>quam</strong></span> <span class='ocrx_word' id='word_1_745' title='bbox 2151 3613 2178 3650; x_wconf 76' lang='grc' dir='ltr'><strong>τι</strong></span> <span class='ocrx_word' id='word_1_746' title='bbox 2210 3597 2591 3669; x_wconf 85' lang='lat' dir='ltr'><strong>superioribus</strong></span> <span class='ocrx_word' id='word_1_747' title='bbox 2635 3599 2808 3670; x_wconf 89' lang='lat' dir='ltr'><strong>plagis</strong></span> <span class='ocrx_word' id='word_1_748' title='bbox 2832 3607 2888 3654; x_wconf 91' lang='lat' dir='ltr'><strong>et</strong></span> <span class='ocrx_word' id='word_1_749' title='bbox 2945 3601 3352 3656; x_wconf 86' lang='lat' dir='ltr'><strong>calamitatibus</strong></span> <span class='ocrx_word' id='word_1_750' title='bbox 3407 3605 3526 3656; x_wconf 89' lang='lat' dir='ltr'><strong>ani-</strong></span> 
     </span>
    </p>
   </div>
   <div class='ocr_carea' id='block_1_93' title="bbox 1953 3691 3528 3767">
    <p class='ocr_par' dir='ltr' id='par_1_93' title="bbox 1953 3691 3528 3767">
     <span class='ocr_line' id='line_1_93' title="bbox 1953 3691 3528 3767; baseline 0.003 -24"><span class='ocrx_word' id='word_1_751' title='bbox 1953 3705 2102 3744; x_wconf 89' lang='lat' dir='ltr'><strong>mum</strong></span> <span class='ocrx_word' id='word_1_752' title='bbox 2131 3691 2479 3761; x_wconf 87' lang='lat' dir='ltr'><strong>collegisset,</strong></span> <span class='ocrx_word' id='word_1_753' title='bbox 2518 3691 2708 3746; x_wconf 89' lang='lat' dir='ltr'><strong>ultima</strong></span> <span class='ocrx_word' id='word_1_754' title='bbox 2748 3693 2996 3747; x_wconf 82' lang='lat' dir='ltr'><strong>nuntiata</strong></span> <span class='ocrx_word' id='word_1_755' title='bbox 3027 3694 3211 3750; x_wconf 88' lang='lat' dir='ltr'><strong>clades</strong></span> <span class='ocrx_word' id='word_1_756' title='bbox 3253 3704 3337 3751; x_wconf 91' lang='lat' dir='ltr'><strong>est</strong></span> <span class='ocrx_word' id='word_1_757' title='bbox 3370 3715 3383 3751; x_wconf 89' lang='lat'>:</span> <span class='ocrx_word' id='word_1_758' title='bbox 3417 3713 3528 3767; x_wconf 87' lang='lat' dir='ltr'><strong>quo</strong></span> 
     </span>
    </p>
   </div>
   <div class='ocr_carea' id='block_1_94' title="bbox 1953 3781 3526 3855">
    <p class='ocr_par' dir='ltr' id='par_1_94' title="bbox 1953 3781 3526 3855">
     <span class='ocr_line' id='line_1_94' title="bbox 1953 3781 3526 3855; baseline 0.006 -21"><span class='ocrx_word' id='word_1_759' title='bbox 1953 3781 2136 3836; x_wconf 88' lang='lat' dir='ltr'><strong>animo</strong></span> <span class='ocrx_word' id='word_1_760' title='bbox 2154 3797 2340 3838; x_wconf 87' lang='lat' dir='ltr'><strong>casum</strong></span> <span class='ocrx_word' id='word_1_761' title='bbox 2364 3783 2660 3839; x_wconf 91' lang='lat' dir='ltr'><strong>liberorum</strong></span> <span class='ocrx_word' id='word_1_762' title='bbox 2695 3786 2937 3855; x_wconf 86' lang='lat' dir='ltr'><strong>accepit?</strong></span> <span class='ocrx_word' id='word_1_763' title='bbox 2963 3785 3097 3842; x_wconf 85' lang='lat' dir='ltr'><strong>Tres</strong></span> <span class='ocrx_word' id='word_1_764' title='bbox 3121 3787 3170 3843; x_wconf 92' lang='lat' dir='ltr'><strong>ei</strong></span> <span class='ocrx_word' id='word_1_765' title='bbox 3198 3786 3319 3842; x_wconf 76' lang='lat' dir='ltr'><strong>tiliae</strong></span> <span class='ocrx_word' id='word_1_766' title='bbox 3336 3801 3489 3844; x_wconf 88' lang='lat' dir='ltr'><strong>erant</strong></span> <span class='ocrx_word' id='word_1_767' title='bbox 3509 3830 3526 3855; x_wconf 90' lang='lat'><strong>,</strong></span> 
     </span>
    </p>
   </div>
   <div class='ocr_carea' id='block_1_95' title="bbox 1951 3873 3529 3951">
    <p class='ocr_par' dir='ltr' id='par_1_95' title="bbox 1951 3873 3529 3951">
     <span class='ocr_line' id='line_1_95' title="bbox 1951 3873 3529 3951; baseline 0.004 -23"><span class='ocrx_word' id='word_1_768' title='bbox 1951 3873 2050 3928; x_wconf 84' lang='lat' dir='ltr'><strong>ﬁlii</strong></span> <span class='ocrx_word' id='word_1_769' title='bbox 2080 3881 2310 3943; x_wconf 89' lang='lat' dir='ltr'><strong>septem,</strong></span> <span class='ocrx_word' id='word_1_770' title='bbox 2344 3876 2562 3931; x_wconf 88' lang='lat' dir='ltr'><strong>nomine</strong></span> <span class='ocrx_word' id='word_1_771' title='bbox 2589 3874 2866 3932; x_wconf 83' lang='lat' dir='ltr'><strong>felicitatis</strong></span> <span class='ocrx_word' id='word_1_772' title='bbox 2906 3879 2961 3932; x_wconf 92' lang='lat' dir='ltr'><strong>in</strong></span> <span class='ocrx_word' id='word_1_773' title='bbox 3005 3878 3196 3934; x_wconf 91' lang='lat' dir='ltr'><strong>liberis</strong></span> <span class='ocrx_word' id='word_1_774' title='bbox 3231 3896 3529 3951; x_wconf 88' lang='lat' dir='ltr'><strong>procrean-</strong></span> 
     </span>
    </p>
   </div>
   <div class='ocr_carea' id='block_1_96' title="bbox 1953 3965 3525 4044">
    <p class='ocr_par' dir='ltr' id='par_1_96' title="bbox 1953 3965 3525 4044">
     <span class='ocr_line' id='line_1_96' title="bbox 1953 3965 3525 4044; baseline 0.006 -24"><span class='ocrx_word' id='word_1_775' title='bbox 1953 3965 2076 4032; x_wconf 87' lang='lat' dir='ltr'><strong>dis;</strong></span> <span class='ocrx_word' id='word_1_776' title='bbox 2106 3973 2162 4021; x_wconf 88' lang='lat' dir='ltr'><strong>et</strong></span> <span class='ocrx_word' id='word_1_777' title='bbox 2195 3967 2267 4020; x_wconf 93' lang='lat' dir='ltr'><strong>ob</strong></span> <span class='ocrx_word' id='word_1_778' title='bbox 2315 3967 2590 4038; x_wconf 88' lang='lat' dir='ltr'><strong>egregiam</strong></span> <span class='ocrx_word' id='word_1_779' title='bbox 2656 3969 2892 4024; x_wconf 86' lang='lat' dir='ltr'><strong>indolem</strong></span> <span class='ocrx_word' id='word_1_780' title='bbox 2951 3971 3266 4026; x_wconf 86' lang='lat' dir='ltr'><strong>eorumdem</strong></span> <span class='ocrx_word' id='word_1_781' title='bbox 3327 3973 3525 4044; x_wconf 82' lang='lat' dir='ltr'><strong>dignus</strong></span> 
     </span>
    </p>
   </div>
   <div class='ocr_carea' id='block_1_97' title="bbox 1952 4057 3521 4127">
    <p class='ocr_par' dir='ltr' id='par_1_97' title="bbox 1952 4057 3521 4127">
     <span class='ocr_line' id='line_1_97' title="bbox 1952 4057 3521 4127; baseline 0.004 -16"><span class='ocrx_word' id='word_1_782' title='bbox 1952 4064 2072 4111; x_wconf 88' lang='lat' dir='ltr'><strong>erat</strong></span> <span class='ocrx_word' id='word_1_783' title='bbox 2098 4057 2190 4127; x_wconf 91' lang='lat' dir='ltr'><strong>qui</strong></span> <span class='ocrx_word' id='word_1_784' title='bbox 2219 4057 2612 4127; x_wconf 68' lang='lat' dir='ltr'><strong>praedicaretur</strong></span> <span class='ocrx_word' id='word_1_785' title='bbox 2643 4075 2709 4114; x_wconf 88' lang='lat' dir='ltr'><strong>ac</strong></span> <span class='ocrx_word' id='word_1_786' title='bbox 2739 4060 2931 4116; x_wconf 88' lang='lat' dir='ltr'><strong>beatus</strong></span> <span class='ocrx_word' id='word_1_787' title='bbox 2980 4063 3277 4118; x_wconf 88' lang='lat' dir='ltr'><strong>haberetur</strong></span> <span class='ocrx_word' id='word_1_788' title='bbox 3317 4081 3330 4118; x_wconf 91' lang='lat'><strong>:</strong></span> <span class='ocrx_word' id='word_1_789' title='bbox 3395 4081 3521 4118; x_wconf 88' lang='lat' dir='ltr'><strong>nam</strong></span> 
     </span>
    </p>
   </div>
   <div class='ocr_carea' id='block_1_98' title="bbox 1954 4149 3522 4222">
    <p class='ocr_par' dir='ltr' id='par_1_98' title="bbox 1954 4149 3522 4222">
     <span class='ocr_line' id='line_1_98' title="bbox 1954 4149 3522 4222; baseline 0.006 -23"><span class='ocrx_word' id='word_1_790' title='bbox 1954 4159 2080 4199; x_wconf 90' lang='lat' dir='ltr'><strong>cum</strong></span> <span class='ocrx_word' id='word_1_791' title='bbox 2111 4153 2191 4199; x_wconf 92' lang='lat' dir='ltr'><strong>tot</strong></span> <span class='ocrx_word' id='word_1_792' title='bbox 2219 4155 2429 4210; x_wconf 89' lang='lat' dir='ltr'><strong>essent,</strong></span> <span class='ocrx_word' id='word_1_793' title='bbox 2460 4156 2652 4203; x_wconf 92' lang='lat' dir='ltr'><strong>mutuo</strong></span> <span class='ocrx_word' id='word_1_794' title='bbox 2677 4149 2821 4203; x_wconf 91' lang='lat' dir='ltr'><strong>inter</strong></span> <span class='ocrx_word' id='word_1_795' title='bbox 2849 4164 2908 4205; x_wconf 90' lang='lat' dir='ltr'><strong>se</strong></span> <span class='ocrx_word' id='word_1_796' title='bbox 2937 4166 3124 4205; x_wconf 90' lang='lat' dir='ltr'><strong>amore</strong></span> <span class='ocrx_word' id='word_1_797' title='bbox 3157 4153 3314 4222; x_wconf 90' lang='lat' dir='ltr'><strong>quasi</strong></span> <span class='ocrx_word' id='word_1_798' title='bbox 3380 4169 3522 4208; x_wconf 88' lang='lat' dir='ltr'><strong>unus</strong></span> 
     </span>
    </p>
   </div>
   <div class='ocr_carea' id='block_1_99' title="bbox 1955 4237 3522 4314">
    <p class='ocr_par' dir='ltr' id='par_1_99' title="bbox 1955 4237 3522 4314">
     <span class='ocr_line' id='line_1_99' title="bbox 1955 4237 3522 4314; baseline 0.006 -24"><span class='ocrx_word' id='word_1_799' title='bbox 1955 4237 2196 4292; x_wconf 90' lang='lat' dir='ltr'><strong>universi</strong></span> <span class='ocrx_word' id='word_1_800' title='bbox 2221 4246 2420 4292; x_wconf 89' lang='lat' dir='ltr'><strong>erant:</strong></span> <span class='ocrx_word' id='word_1_801' title='bbox 2457 4254 2567 4293; x_wconf 92' lang='lat' dir='ltr'><strong>non</strong></span> <span class='ocrx_word' id='word_1_802' title='bbox 2599 4241 2891 4308; x_wconf 90' lang='lat' dir='ltr'><strong>separatim</strong></span> <span class='ocrx_word' id='word_1_803' title='bbox 2949 4257 3013 4295; x_wconf 90' lang='lat' dir='ltr'><strong>ac</strong></span> <span class='ocrx_word' id='word_1_804' title='bbox 3063 4243 3280 4298; x_wconf 87' lang='lat' dir='ltr'><strong>divisim</strong></span> <span class='ocrx_word' id='word_1_805' title='bbox 3334 4260 3432 4314; x_wconf 92' lang='lat' dir='ltr'><strong>per</strong></span> <span class='ocrx_word' id='word_1_806' title='bbox 3463 4261 3522 4300; x_wconf 88' lang='lat' dir='ltr'><strong>se</strong></span> 
     </span>
    </p>
   </div>
   <div class='ocr_carea' id='block_1_100' title="bbox 1955 4328 3526 4404">
    <p class='ocr_par' dir='ltr' id='par_1_100' title="bbox 1955 4328 3526 4404">
     <span class='ocr_line' id='line_1_100' title="bbox 1955 4328 3526 4404; baseline 0.004 -20"><span class='ocrx_word' id='word_1_807' title='bbox 1955 4329 2156 4398; x_wconf 87' lang='lat' dir='ltr'><strong>singuli</strong></span> <span class='ocrx_word' id='word_1_808' title='bbox 2194 4329 2462 4394; x_wconf 85' lang='lat' dir='ltr'><strong>viventes,</strong></span> <span class='ocrx_word' id='word_1_809' title='bbox 2514 4328 2607 4384; x_wconf 90' lang='lat' dir='ltr'><strong>sed</strong></span> <span class='ocrx_word' id='word_1_810' title='bbox 2663 4344 2855 4384; x_wconf 87' lang='lat' dir='ltr'><strong>omnes</strong></span> <span class='ocrx_word' id='word_1_811' title='bbox 2891 4345 2949 4385; x_wconf 90' lang='lat' dir='ltr'><strong>se</strong></span> <span class='ocrx_word' id='word_1_812' title='bbox 2973 4339 3163 4386; x_wconf 92' lang='lat' dir='ltr'><strong>mutuo</strong></span> <span class='ocrx_word' id='word_1_813' title='bbox 3214 4331 3526 4404; x_wconf 87' lang='lat' dir='ltr'><strong>frequenter</strong></span> 
     </span>
    </p>
   </div>
   <div class='ocr_carea' id='block_1_101' title="bbox 1957 4420 3525 4495">
    <p class='ocr_par' dir='ltr' id='par_1_101' title="bbox 1957 4420 3525 4495">
     <span class='ocr_line' id='line_1_101' title="bbox 1957 4420 3525 4495; baseline 0.005 -21"><span class='ocrx_word' id='word_1_814' title='bbox 1957 4421 2100 4474; x_wconf 92' lang='lat' dir='ltr'><strong>inter</strong></span> <span class='ocrx_word' id='word_1_815' title='bbox 2133 4435 2193 4476; x_wconf 85' lang='lat' dir='ltr'><strong>se</strong></span> <span class='ocrx_word' id='word_1_816' title='bbox 2221 4420 2541 4483; x_wconf 82' lang='lat' dir='ltr'><strong>invisentes,</strong></span> <span class='ocrx_word' id='word_1_817' title='bbox 2582 4427 2737 4490; x_wconf 86' lang='lat' dir='ltr'><strong>quast</strong></span> <span class='ocrx_word' id='word_1_818' title='bbox 2780 4422 3243 4479; x_wconf 87' lang='lat' dir='ltr'><strong>vicissitudinario</strong></span> <span class='ocrx_word' id='word_1_819' title='bbox 3289 4427 3525 4495; x_wconf 90' lang='lat' dir='ltr'><strong>quodam</strong></span> 
     </span>
    </p>
   </div>
   <div class='ocr_carea' id='block_1_102' title="bbox 1957 4511 3527 4590">
    <p class='ocr_par' dir='ltr' id='par_1_102' title="bbox 1957 4511 3527 4590">
     <span class='ocr_line' id='line_1_102' title="bbox 1957 4511 3527 4590; baseline 0.004 -24"><span class='ocrx_word' id='word_1_820' title='bbox 1957 4522 2011 4566; x_wconf 93' lang='lat' dir='ltr'><strong>et</strong></span> <span class='ocrx_word' id='word_1_821' title='bbox 2043 4512 2247 4567; x_wconf 88' lang='lat' dir='ltr'><strong>usitato</strong></span> <span class='ocrx_word' id='word_1_822' title='bbox 2295 4511 2472 4566; x_wconf 83' lang='lat' dir='ltr'><strong>ollicio</strong></span> <span class='ocrx_word' id='word_1_823' title='bbox 2528 4522 2690 4582; x_wconf 89' lang='lat' dir='ltr'><strong>atque</strong></span> <span class='ocrx_word' id='word_1_824' title='bbox 2745 4513 3003 4569; x_wconf 84' lang='lat' dir='ltr'><strong>comitate</strong></span> <span class='ocrx_word' id='word_1_825' title='bbox 3058 4515 3322 4572; x_wconf 87' lang='lat' dir='ltr'><strong>invitandi</strong></span> <span class='ocrx_word' id='word_1_826' title='bbox 3363 4527 3527 4590; x_wconf 86' lang='lat' dir='ltr'><strong>atque</strong></span> 
     </span>
    </p>
   </div>
   <div class='ocr_carea' id='block_1_103' title="bbox 1959 4602 3524 4673">
    <p class='ocr_par' dir='ltr' id='par_1_103' title="bbox 1959 4602 3524 4673">
     <span class='ocr_line' id='line_1_103' title="bbox 1959 4602 3524 4673; baseline 0.005 -17"><span class='ocrx_word' id='word_1_827' title='bbox 1959 4602 2264 4672; x_wconf 78' lang='lat' dir='ltr'><strong>excipiendi</strong></span> <span class='ocrx_word' id='word_1_828' title='bbox 2309 4610 2572 4673; x_wconf 91' lang='lat' dir='ltr'><strong>perpetuo</strong></span> <span class='ocrx_word' id='word_1_829' title='bbox 2597 4603 2735 4659; x_wconf 90' lang='lat' dir='ltr'><strong>alter</strong></span> <span class='ocrx_word' id='word_1_830' title='bbox 2753 4605 2983 4660; x_wconf 88' lang='lat' dir='ltr'><strong>alterum</strong></span> <span class='ocrx_word' id='word_1_831' title='bbox 3012 4607 3174 4660; x_wconf 90' lang='lat' dir='ltr'><strong>modo</strong></span> <span class='ocrx_word' id='word_1_832' title='bbox 3199 4607 3524 4671; x_wconf 86' lang='lat' dir='ltr'><strong>delectabat,</strong></span> 
     </span>
    </p>
   </div>
   <div class='ocr_carea' id='block_1_104' title="bbox 1961 4694 3527 4771">
    <p class='ocr_par' dir='ltr' id='par_1_104' title="bbox 1961 4694 3527 4771">
     <span class='ocr_line' id='line_1_104' title="bbox 1961 4694 3527 4771; baseline 0.004 -25"><span class='ocrx_word' id='word_1_833' title='bbox 1961 4694 2123 4747; x_wconf 90' lang='lat' dir='ltr'><strong>modo</strong></span> <span class='ocrx_word' id='word_1_834' title='bbox 2153 4695 2386 4749; x_wconf 87' lang='lat' dir='ltr'><strong>invicem</strong></span> <span class='ocrx_word' id='word_1_835' title='bbox 2420 4695 2560 4751; x_wconf 91' lang='lat' dir='ltr'><strong>alter</strong></span> <span class='ocrx_word' id='word_1_836' title='bbox 2595 4695 2665 4750; x_wconf 90' lang='lat' dir='ltr'><strong>ab</strong></span> <span class='ocrx_word' id='word_1_837' title='bbox 2692 4697 2862 4751; x_wconf 87' lang='lat' dir='ltr'><strong>altero</strong></span> <span class='ocrx_word' id='word_1_838' title='bbox 2892 4698 3321 4760; x_wconf 75' lang='lat' dir='ltr'><strong>exbilarabatur.</strong></span> <span class='ocrx_word' id='word_1_839' title='bbox 3365 4709 3527 4771; x_wconf 81' lang='lat' dir='ltr'><strong>atque</strong></span> 
     </span>
    </p>
   </div>
   <div class='ocr_carea' id='block_1_105' title="bbox 1959 4786 3528 4850">
    <p class='ocr_par' dir='ltr' id='par_1_105' title="bbox 1959 4786 3528 4850">
     <span class='ocr_line' id='line_1_105' title="bbox 1959 4786 3528 4850; baseline 0.007 -12"><span class='ocrx_word' id='word_1_840' title='bbox 1959 4786 2094 4840; x_wconf 89' lang='lat' dir='ltr'><strong>adeo</strong></span> <span class='ocrx_word' id='word_1_841' title='bbox 2120 4787 2283 4841; x_wconf 88' lang='lat' dir='ltr'><strong>etiam</strong></span> <span class='ocrx_word' id='word_1_842' title='bbox 2319 4796 2451 4842; x_wconf 91' lang='lat' dir='ltr'><strong>tunc</strong></span> <span class='ocrx_word' id='word_1_843' title='bbox 2485 4789 2882 4844; x_wconf 90' lang='lat' dir='ltr'><strong>vicissitudinis</strong></span> <span class='ocrx_word' id='word_1_844' title='bbox 2912 4791 3074 4844; x_wconf 84' lang='lat' dir='ltr'><strong>oﬂicii</strong></span> <span class='ocrx_word' id='word_1_845' title='bbox 3119 4794 3252 4846; x_wconf 90' lang='lat' dir='ltr'><strong>orbe</strong></span> <span class='ocrx_word' id='word_1_846' title='bbox 3295 4794 3528 4850; x_wconf 89' lang='lat' dir='ltr'><strong>decurso</strong></span> 
     </span>
    </p>
   </div>
   <div class='ocr_carea' id='block_1_106' title="bbox 1959 4879 3528 4948">
    <p class='ocr_par' dir='ltr' id='par_1_106' title="bbox 1959 4879 3528 4948">
     <span class='ocr_line' id='line_1_106' title="bbox 1959 4879 3528 4948; baseline 0.006 -18"><span class='ocrx_word' id='word_1_847' title='bbox 1959 4886 2122 4947; x_wconf 82' lang='lat' dir='ltr'><strong>atque</strong></span> <span class='ocrx_word' id='word_1_848' title='bbox 2154 4890 2399 4948; x_wconf 85' lang='lat' dir='ltr'><strong>peracto,</strong></span> <span class='ocrx_word' id='word_1_849' title='bbox 2434 4879 2574 4948; x_wconf 84' lang='lat' dir='ltr'><strong>apud</strong></span> <span class='ocrx_word' id='word_1_850' title='bbox 2604 4879 2823 4932; x_wconf 87' lang='lat' dir='ltr'><strong>fratrem</strong></span> <span class='ocrx_word' id='word_1_851' title='bbox 2856 4882 3150 4934; x_wconf 80' lang='lat' dir='ltr'><strong>maximum</strong></span> <span class='ocrx_word' id='word_1_852' title='bbox 3205 4892 3335 4937; x_wconf 91' lang='lat' dir='ltr'><strong>natu</strong></span> <span class='ocrx_word' id='word_1_853' title='bbox 3393 4899 3528 4940; x_wconf 88' lang='lat' dir='ltr'><strong>con-</strong></span> 
     </span>
    </p>
   </div>
   <div class='ocr_carea' id='block_1_107' title="bbox 1957 4971 3526 5041">
    <p class='ocr_par' dir='ltr' id='par_1_107' title="bbox 1957 4971 3526 5041">
     <span class='ocr_line' id='line_1_107' title="bbox 1957 4971 3526 5041; baseline 0.003 -16"><span class='ocrx_word' id='word_1_854' title='bbox 1957 4971 2160 5025; x_wconf 85' lang='lat' dir='ltr'><strong>vivium</strong></span> <span class='ocrx_word' id='word_1_855' title='bbox 2191 4983 2340 5025; x_wconf 91' lang='lat' dir='ltr'><strong>erat:</strong></span> <span class='ocrx_word' id='word_1_856' title='bbox 2377 4972 2518 5040; x_wconf 88' lang='lat' dir='ltr'><strong>pleni</strong></span> <span class='ocrx_word' id='word_1_857' title='bbox 2548 4979 2790 5026; x_wconf 77' lang='lat' dir='ltr'><strong>crateres</strong></span> <span class='ocrx_word' id='word_1_858' title='bbox 2813 5011 2828 5034; x_wconf 95' lang='lat'><strong>,</strong></span> <span class='ocrx_word' id='word_1_859' title='bbox 2870 4972 3028 5041; x_wconf 90' lang='lat' dir='ltr'><strong>plena</strong></span> <span class='ocrx_word' id='word_1_860' title='bbox 3058 4989 3246 5029; x_wconf 84' lang='lat' dir='ltr'><strong>mensa</strong></span> <span class='ocrx_word' id='word_1_861' title='bbox 3267 4979 3526 5032; x_wconf 85' lang='lat' dir='ltr'><strong>esculen—</strong></span> 
     </span>
    </p>
   </div>
   <div class='ocr_carea' id='block_1_108' title="bbox 1958 5062 3528 5132">
    <p class='ocr_par' dir='ltr' id='par_1_108' title="bbox 1958 5062 3528 5132">
     <span class='ocr_line' id='line_1_108' title="bbox 1958 5062 3528 5132; baseline 0.005 -18"><span class='ocrx_word' id='word_1_862' title='bbox 1958 5071 2159 5125; x_wconf 87' lang='lat' dir='ltr'><strong>torurn,</strong></span> <span class='ocrx_word' id='word_1_863' title='bbox 2194 5062 2245 5114; x_wconf 90' lang='lat' dir='ltr'><strong>in</strong></span> <span class='ocrx_word' id='word_1_864' title='bbox 2272 5062 2525 5114; x_wconf 88' lang='lat' dir='ltr'><strong>manibus</strong></span> <span class='ocrx_word' id='word_1_865' title='bbox 2581 5062 2803 5128; x_wconf 88' lang='lat' dir='ltr'><strong>calices,</strong></span> <span class='ocrx_word' id='word_1_866' title='bbox 2857 5064 3192 5132; x_wconf 76' lang='lat' dir='ltr'><strong>spectacula,</strong></span> <span class='ocrx_word' id='word_1_867' title='bbox 3243 5073 3304 5121; x_wconf 89' lang='lat' dir='ltr'><strong>ut</strong></span> <span class='ocrx_word' id='word_1_868' title='bbox 3333 5069 3528 5122; x_wconf 74' lang='lat' dir='ltr'><strong>verisi-</strong></span> 
     </span>
    </p>
   </div>
   <div class='ocr_carea' id='block_1_109' title="bbox 1957 5152 3523 5230">
    <p class='ocr_par' dir='ltr' id='par_1_109' title="bbox 1957 5152 3523 5230">
     <span class='ocr_line' id='line_1_109' title="bbox 1957 5152 3523 5230; baseline 0.004 -24"><span class='ocrx_word' id='word_1_869' title='bbox 1957 5154 2085 5207; x_wconf 87' lang='lat' dir='ltr'><strong>mile</strong></span> <span class='ocrx_word' id='word_1_870' title='bbox 2112 5160 2217 5214; x_wconf 85' lang='lat' dir='ltr'><strong>esl,</strong></span> <span class='ocrx_word' id='word_1_871' title='bbox 2254 5152 2321 5205; x_wconf 87' lang='lat' dir='ltr'><strong>ad</strong></span> <span class='ocrx_word' id='word_1_872' title='bbox 2356 5153 2470 5207; x_wconf 64' lang='lat' dir='ltr'><strong>haec</strong></span> <span class='ocrx_word' id='word_1_873' title='bbox 2504 5152 2710 5207; x_wconf 77' lang='lat' dir='ltr'><strong>festivae</strong></span> <span class='ocrx_word' id='word_1_874' title='bbox 2761 5154 3122 5225; x_wconf 71' lang='lat' dir='ltr'><strong>iucundaeque</strong></span> <span class='ocrx_word' id='word_1_875' title='bbox 3157 5159 3523 5230; x_wconf 71' lang='lat' dir='ltr'><strong>narrationes,</strong></span> 
     </span>
    </p>
   </div>
   <div class='ocr_carea' id='block_1_110' title="bbox 1955 5245 3523 5305">
    <p class='ocr_par' dir='ltr' id='par_1_110' title="bbox 1955 5245 3523 5305">
     <span class='ocr_line' id='line_1_110' title="bbox 1955 5245 3523 5305; baseline 0.003 -7"><span class='ocrx_word' id='word_1_876' title='bbox 1955 5255 2009 5299; x_wconf 85' lang='lat' dir='ltr'><strong>et</strong></span> <span class='ocrx_word' id='word_1_877' title='bbox 2033 5245 2214 5297; x_wconf 87' lang='lat' dir='ltr'><strong>omnia</strong></span> <span class='ocrx_word' id='word_1_878' title='bbox 2275 5245 2442 5299; x_wconf 91' lang='lat' dir='ltr'><strong>animi</strong></span> <span class='ocrx_word' id='word_1_879' title='bbox 2496 5246 2892 5302; x_wconf 83' lang='lat' dir='ltr'><strong>oblectamenta</strong></span> <span class='ocrx_word' id='word_1_880' title='bbox 2951 5247 3219 5305; x_wconf 80' lang='lat' dir='ltr'><strong>conviviis</strong></span> <span class='ocrx_word' id='word_1_881' title='bbox 3279 5249 3523 5304; x_wconf 86' lang='lat' dir='ltr'><strong>adhiberi</strong></span> 
     </span>
    </p>
   </div>
   <div class='ocr_carea' id='block_1_111' title="bbox 1956 5340 3527 5404">
    <p class='ocr_par' dir='ltr' id='par_1_111' title="bbox 1956 5340 3527 5404">
     <span class='ocr_line' id='line_1_111' title="bbox 1956 5340 3527 5404; baseline 0.005 -14"><span class='ocrx_word' id='word_1_882' title='bbox 1956 5346 2253 5391; x_wconf 80' lang='lat' dir='ltr'><strong>consueta:</strong></span> <span class='ocrx_word' id='word_1_883' title='bbox 2282 5352 2404 5392; x_wconf 90' lang='lat' dir='ltr'><strong>mos</strong></span> <span class='ocrx_word' id='word_1_884' title='bbox 2438 5355 2601 5401; x_wconf 90' lang='lat' dir='ltr'><strong>unus,</strong></span> <span class='ocrx_word' id='word_1_885' title='bbox 2633 5354 2740 5392; x_wconf 87' lang='lat' dir='ltr'><strong>una</strong></span> <span class='ocrx_word' id='word_1_886' title='bbox 2780 5340 2939 5404; x_wconf 88' lang='lat' dir='ltr'><strong>ratio,</strong></span> <span class='ocrx_word' id='word_1_887' title='bbox 2971 5356 3077 5394; x_wconf 88' lang='lat' dir='ltr'><strong>una</strong></span> <span class='ocrx_word' id='word_1_888' title='bbox 3113 5341 3399 5398; x_wconf 81' lang='lat' dir='ltr'><strong>voluntas:</strong></span> <span class='ocrx_word' id='word_1_889' title='bbox 3433 5358 3527 5397; x_wconf 91' lang='lat' dir='ltr'><strong>co-</strong></span> 
     </span>
    </p>
   </div>
   <div class='ocr_carea' id='block_1_112' title="bbox 1957 5427 3525 5502">
    <p class='ocr_par' dir='ltr' id='par_1_112' title="bbox 1957 5427 3525 5502">
     <span class='ocr_line' id='line_1_112' title="bbox 1957 5427 3525 5502; baseline 0.003 -21"><span class='ocrx_word' id='word_1_890' title='bbox 1957 5428 2120 5482; x_wconf 90' lang='lat' dir='ltr'><strong>mitas</strong></span> <span class='ocrx_word' id='word_1_891' title='bbox 2151 5436 2206 5481; x_wconf 91' lang='lat' dir='ltr'><strong>et</strong></span> <span class='ocrx_word' id='word_1_892' title='bbox 2235 5427 2508 5493; x_wconf 87' lang='lat' dir='ltr'><strong>hilaritas,</strong></span> <span class='ocrx_word' id='word_1_893' title='bbox 2565 5428 2796 5494; x_wconf 88' lang='lat' dir='ltr'><strong>ludicra,</strong></span> <span class='ocrx_word' id='word_1_894' title='bbox 2837 5430 3014 5485; x_wconf 88' lang='lat' dir='ltr'><strong>risus:</strong></span> <span class='ocrx_word' id='word_1_895' title='bbox 3049 5432 3232 5487; x_wconf 84' lang='lat' dir='ltr'><strong>omnia</strong></span> <span class='ocrx_word' id='word_1_896' title='bbox 3266 5447 3525 5502; x_wconf 64' lang='lat' dir='ltr'><strong>quaecun-</strong></span> 
     </span>
    </p>
   </div>
   <div class='ocr_carea' id='block_1_113' title="bbox 1955 5519 3526 5594">
    <p class='ocr_par' dir='ltr' id='par_1_113' title="bbox 1955 5519 3526 5594">
     <span class='ocr_line' id='line_1_113' title="bbox 1955 5519 3526 5594; baseline 0.004 -24"><span class='ocrx_word' id='word_1_897' title='bbox 1955 5533 2061 5584; x_wconf 90' lang='lat' dir='ltr'><strong>que</strong></span> <span class='ocrx_word' id='word_1_898' title='bbox 2095 5532 2194 5587; x_wconf 89' lang='lat' dir='ltr'><strong>par</strong></span> <span class='ocrx_word' id='word_1_899' title='bbox 2223 5527 2307 5572; x_wconf 88' lang='lat' dir='ltr'><strong>est</strong></span> <span class='ocrx_word' id='word_1_900' title='bbox 2354 5519 2407 5571; x_wconf 90' lang='lat' dir='ltr'><strong>in</strong></span> <span class='ocrx_word' id='word_1_901' title='bbox 2445 5526 2714 5572; x_wconf 88' lang='lat' dir='ltr'><strong>conventu</strong></span> <span class='ocrx_word' id='word_1_902' title='bbox 2767 5519 3032 5587; x_wconf 88' lang='lat' dir='ltr'><strong>jnvenum</strong></span> <span class='ocrx_word' id='word_1_903' title='bbox 3066 5521 3210 5575; x_wconf 89' lang='lat' dir='ltr'><strong>domi</strong></span> <span class='ocrx_word' id='word_1_904' title='bbox 3276 5537 3390 5577; x_wconf 67' lang='lat' dir='ltr'><strong>sua:</strong></span> <span class='ocrx_word' id='word_1_905' title='bbox 3429 5540 3526 5594; x_wconf 86' lang='lat' dir='ltr'><strong>per</strong></span> 
     </span>
    </p>
   </div>
   <div class='ocr_carea' id='block_1_114' title="bbox 1958 5610 3527 5683">
    <p class='ocr_par' dir='ltr' id='par_1_114' title="bbox 1958 5610 3527 5683">
     <span class='ocr_line' id='line_1_114' title="bbox 1958 5610 3527 5683; baseline 0.005 -20"><span class='ocrx_word' id='word_1_906' title='bbox 1958 5611 2142 5664; x_wconf 73' lang='lat' dir='ltr'><strong>luxum</strong></span> <span class='ocrx_word' id='word_1_907' title='bbox 2180 5619 2341 5680; x_wconf 86' lang='lat' dir='ltr'><strong>atque</strong></span> <span class='ocrx_word' id='word_1_908' title='bbox 2371 5610 2596 5666; x_wconf 82' lang='lat' dir='ltr'><strong>delicias</strong></span> <span class='ocrx_word' id='word_1_909' title='bbox 2633 5612 2844 5682; x_wconf 79' lang='lat' dir='ltr'><strong>agitari.</strong></span> <span class='ocrx_word' id='word_1_910' title='bbox 2901 5613 3039 5679; x_wconf 85' lang='lat' dir='ltr'><strong>Quid</strong></span> <span class='ocrx_word' id='word_1_911' title='bbox 3099 5613 3266 5683; x_wconf 76' lang='lat' dir='ltr'><strong>igitur</strong></span> <span class='ocrx_word' id='word_1_912' title='bbox 3330 5630 3527 5671; x_wconf 84' lang='lat' dir='ltr'><strong>conse-</strong></span> 
     </span>
    </p>
   </div>
   <div class='ocr_carea' id='block_1_115' title="bbox 1958 5703 3526 5776">
    <p class='ocr_par' dir='ltr' id='par_1_115' title="bbox 1958 5703 3526 5776">
     <span class='ocr_line' id='line_1_115' title="bbox 1958 5703 3526 5776; baseline 0.003 -17"><span class='ocrx_word' id='word_1_913' title='bbox 1958 5715 2141 5760; x_wconf 86' lang='lat' dir='ltr'><strong>cutqu</strong></span> <span class='ocrx_word' id='word_1_914' title='bbox 2191 5705 2310 5761; x_wconf 87' lang='lat' dir='ltr'><strong>est?</strong></span> <span class='ocrx_word' id='word_1_915' title='bbox 2353 5703 2488 5760; x_wconf 84' lang='lat' dir='ltr'><strong>Cum</strong></span> <span class='ocrx_word' id='word_1_916' title='bbox 2521 5704 2607 5762; x_wconf 89' lang='lat' dir='ltr'><strong>his</strong></span> <span class='ocrx_word' id='word_1_917' title='bbox 2649 5705 3091 5776; x_wconf 84' lang='lat' dir='ltr'><strong>rcbusjucundis</strong></span> <span class='ocrx_word' id='word_1_918' title='bbox 3129 5705 3244 5772; x_wconf 87' lang='lat' dir='ltr'><strong>jam</strong></span> <span class='ocrx_word' id='word_1_919' title='bbox 3293 5709 3526 5763; x_wconf 73' lang='lat' dir='ltr'><strong>maxime</strong></span> 
     </span>
    </p>
   </div>
   <div class='ocr_carea' id='block_1_116' title="bbox 3089 5800 3172 5863">
    <p class='ocr_par' dir='ltr' id='par_1_116' title="bbox 3089 5800 3172 5863">
     <span class='ocr_line' id='line_1_116' title="bbox 3089 5800 3172 5863; baseline 0 0"><span class='ocrx_word' id='word_1_920' title='bbox 3089 5800 3172 5863; x_wconf 73' lang='grc'><strong>28</strong></span> 
     </span>
    </p>
   </div>
  </div>
