3918 6204
454 301 559 359 3'73

1650 247 1735 342 is;
1778 283 2100 342 cneconu
2124 285 2409 342 nvssm

3581 270 3684 328 876

456 430 801 484 fruerentur,
850 415 1096 485 nihilque
1134 412 1199 467 ad
1238 410 1567 466 hilaritatem
1624 407 1734 474 jam
1789 406 2021 476 amplius

2125 406 2152 457 6
2167 404 2421 475 ἀθλητὴς,
2442 403 2518 474 τῷ
2534 402 2653 457 καθ’
2676 400 2864 455 ἑαυτὸν
2887 396 3241 467 ὑποδείγματι
3264 391 3397 465 πρὸς
3414 390 3687 461 ὑπομονὴν

455 516 578 571 addi
616 517 834 584 posset:
890 513 1034 563 tecto
1067 517 1229 574 super
1266 516 1363 557 eos
1397 499 1660 567 collapsa,
1704 496 2019 565 sepulcrum

455 583 698 662 omnium
719 599 905 655 decem
957 596 1250 650 liberorum
1281 589 1595 644 convivium
1652 585 1886 641 exsistit.
1944 583 2021 637 Ac

452 696 718 768 sanguine
744 692 1003 762 juvenum
1035 694 1214 740 crater
1238 678 1711 741 commiscebatur,
1772 684 1825 729 et
1858 691 2018 731 escu-

453 764 597 840 lenta
634 780 959 836 obtritorum
995 788 1286 844 corporum
1326 783 1523 823 cruore
1583 764 2019 835 coinquinaban-

454 888 563 930 tur.
603 872 708 928 Ubi
739 867 1009 940 ejusmodi
1048 864 1232 919 clades
1253 861 1391 916 Jobo
1432 858 1683 914 nuntiata
1718 863 1804 913 est
1852 858 2021 926 (con-

451 967 652 1031 sidera,
685 978 894 1033 quaeso.
923 956 1167 1014 adhibita
1210 954 1422 1008 ratione
1454 951 1737 1014 athletam,
1794 962 1906 1004 non
1963 955 2022 999 ut

456 1031 717 1108 victorem
741 1040 1366 1105 duntaxatadmireris:
1430 1052 1623 1108 parum
1679 1035 1822 1091 enim
1878 1031 2018 1087 lucri

453 1146 670 1201 exsistit
698 1159 761 1198 ex
786 1137 1172 1196 admiratione,
1206 1133 1298 1189 sed
1331 1141 1389 1187 ut
1414 1132 1591 1185 virum
1638 1128 1694 1183 in
1746 1125 2019 1183 similibus

456 1226 704 1299 i'miteris,
758 1242 811 1287 et
860 1231 931 1286 sit
989 1227 1082 1282 tibi
1126 1225 1331 1280 athleta
1383 1237 1482 1293 pro
1534 1218 1856 1290 paedotriba,
1917 1230 2019 1272 suo

451 1325 698 1396 exemplo
732 1323 799 1379 ad
835 1320 1150 1394 patientiam
1197 1327 1359 1387 atque
1391 1314 1766 1369 fortitudinem
1803 1312 1859 1366 in
1885 1317 2020 1366 tem-

449 1433 580 1490 pore
609 1416 965 1471 tcutationum
997 1409 1286 1468 conﬂictus
1317 1409 1559 1462 animum
1596 1420 1828 1477 ungens,
1857 1411 2020 1471 atque

449 1503 823 1575 conﬁrmans),
860 1503 992 1574 quid
1033 1501 1199 1573 igitur
1225 1501 1306 1554 vir
1334 1498 1423 1552 ille
1453 1497 1623 1551 fecit?
1680 1496 1762 1549 An
1811 1492 2016 1563 aliquid

450 1602 717 1673 abjcctntn
769 1605 823 1653 et
851 1596 976 1659 vile,
1009 1593 1195 1665 qualia
1228 1590 1516 1663 degeneris
1542 1595 1597 1644 et
1624 1584 1807 1657 exigui
1849 1584 2016 1639 animi

450 1695 700 1748 homines
727 1688 1071 1745 committere
1097 1684 1294 1747 solent,
1355 1691 1449 1736 aut
1495 1680 1663 1736 verbo
1697 1681 1861 1746 dixit,
1922 1690 2016 1735 aut

2125 499 2217 550 καὶ
2247 496 2493 569 ἀνδρείαν
2518 494 2619 565 τὴν
2647 492 2824 563 ψυχὴν
2864 489 3095 558 ἀλείφων
3136 489 3194 539 ἐν
3233 483 3412 556 καιρῷ
3451 483 3549 553 τῆς
3579 481 3687 536 τῶι

2124 588 2439 658 πειρασμῶν
2487 583 2861 656 συμπλοκῆς),
2896 580 2951 633 τί
2996 574 3088 634 οὖν
3127 576 3383 647 ἐποίησεν
3435 576 3466 629 6
3510 577 3684 646 ἀνήρς

2122 672 2232 749 ἆρά
2258 694 2311 731 τι
2341 669 2592 744 δυσγενὲς
2624 675 2718 728 καὶ
2756 671 3109 743 μικρόψυχον,
3147 669 3182 740 ἢ
3216 664 3336 722 εἶπε
3365 667 3445 737 τῷ
3484 668 3686 738 ῥήματι

2120 770 2152 839 ἢ
2196 768 2283 821 διὰ
2318 771 2589 838 σχήματος
2638 764 2935 831 ἐνεδείξατο
2958 803 2973 826 ,
3009 762 3043 832 ἢ
3074 760 3304 832 παρειὰν
3338 758 3553 829 ἀμύξας
3582 760 3686 822 τοῖς

2119 862 2315 925 όνυξιν,
2333 860 2366 932 ἦ
2382 859 2573 932 τρίχας
2591 859 2689 930 τῆς
2716 855 2954 926 κεφαλῆς
2974 852 3255 915 ἀποτίλας,
3284 851 3319 921 ἢ
3345 851 3490 906 κόνιν
3519 867 3686 906 κατα-

2120 951 2464 1020 πασάμενος,
2506 950 2540 1019 ἢ
2573 949 2641 1003 τά
2687 947 2857 1019 στήθη
2902 947 3021 1008 ταῖς
3060 943 3217 1014 χερσὶ
3248 939 3687 1014 μαστιγώσας,ἢ

2118 1046 2212 1100 ἐπὶ
2253 1047 2357 1118 γῆν
2392 1045 2582 1100 ἑαυτὸν
2616 1043 2800 1116 ῥίψας,
2827 1043 2861 1113 ἢ
2891 1039 3199 1112 θρηνῳδοὺς
3220 1035 3397 1107 ἑαυτῷ
3430 1036 3685 1107 περιστή-

2120 1156 2244 1204 σας,
2270 1137 2304 1209 il
2335 1135 2619 1192 ἀνακαλῶν
2647 1135 2715 1188 τά
2738 1133 2846 1187 τῶν
2877 1129 3281 1201 κατοιχομένων
3305 1127 3567 1197 ὀνόματα,
3596 1127 3689 1181 καὶ

2119 1228 2442 1302 ἐποιμὼζων
2471 1229 2535 1298 τῇ
2579 1226 2803 1299 μνήμῃ;
2833 1223 2945 1276 Οὐκ
2977 1221 3093 1275 ἐστι
3124 1220 3331 1274 τούτων
3361 1219 3538 1273 οὐδέν’
3575 1219 3689 1273 ἀλλ’

2116 1324 2144 1376 6
2171 1321 2269 1392 μὲν
2294 1320 2402 1374 τῶν
2430 1318 2612 1372 κακῶν
2643 1312 2996 1390 μηνυτὴςτὴν
3028 1311 3168 1367 κατά
3184 1312 3311 1375 τοὺς
3336 1309 3531 1373 παδας
3557 1326 3690 1382 συμο

2118 1415 2289 1482 φοράν
2317 1410 2629 1480 διηγήσατοο
2667 1408 2697 1459 6
2743 1404 2800 1458 δὲ
2841 1402 2976 1473 ὁμοῦ
3008 1418 3069 1454 τε
3100 1402 3353 1472 ἤκουσεν,
3401 1398 3497 1451 καὶ
3530 1396 3690 1460 εὐθὺς

2118 1503 2245 1572 περὶ
2294 1502 2391 1570 τῆς
2422 1499 2533 1553 τῶν
2578 1497 2745 1551 όντων
2775 1492 3082 1564 ἐφιλοσόφει
3128 1491 3364 1562 φύσεως,
3409 1488 3575 1544 πόθεν
3621 1489 3689 1544 τὰ

2117 1591 2248 1645 ὄντα
2284 1590 2477 1658 λέγων,
2505 1588 2598 1642 καὶ
2631 1584 2779 1658 παρά
2809 1584 2952 1647 τίνος
2978 1586 3057 1647 εἰς
3103 1580 3313 1650 γένεσιν
3344 1580 3539 1648 ἄγεται
3557 1616 3575 1642 ,
3601 1580 3690 1634 καὶ

2117 1682 2237 1736 τίνα
2265 1681 2409 1744 εἰκὸς
2436 1679 2545 1733 τῶν
2570 1678 2735 1733 όντων
2772 1677 3099 1731 ἐπιστατεῖν
3128 1672 3193 1726 '0
3209 1673 3423 1740 Κύριος
3447 1669 3685 1735 ἔδωκεν,

450 1784 636 1840 habitu
665 1789 929 1854 gestuque
960 1775 1208 1850 corporis
1246 1773 1571 1844 designavit,
1609 1773 1693 1827 vel
1726 1786 1894 1843 genas
1921 1787 2018 1826 un-

2123 1775 2149 1826 ό
2176 1772 2391 1838 Κύριος
2414 1769 2713 1838 ἀφείλετο.
2748 1766 2842 1820 Ἐκ
2863 1763 3023 1827 Θεοῦ,
3057 1762 3209 1834 φησὶ,
3238 1764 3353 1825 τοῖς
3381 1757 3687 1832 ἀνθρώποις

442 1875 644 1948 guibus
677 1873 944 1935 lacerans,
979 1865 1063 1922 vel
1109 1865 1292 1920 crines
1323 1878 1355 1918 e
1402 1861 1583 1932 capite
1638 1860 1900 1923 evellens,
1931 1858 2018 1914 vel

451 1965 725 2034 pulverem
782 1961 1123 2027 inspergens,
1188 1953 1272 2025 vel
1310 1957 1502 2021 pectus
1568 1949 1825 2004 manibus
1894 1950 2018 2018 pul-

449 2072 580 2111 sans
630 2062 685 2109 et
715 2050 973 2113 tundens,
1028 2047 1111 2102 vel
1140 2043 1293 2098 humi
1322 2057 1527 2112 corpus
1582 2041 1871 2111 abjiciens,
1931 2040 2020 2096 vel

450 2144 762 2216 lugubrium
792 2139 1095 2197 carminum
1148 2135 1530 2191 decantatores
1578 2134 1680 2188 sibi
1725 2132 2015 2199 adhibens,

446 2239 530 2293 vel
558 2233 879 2292 nominatim
912 2238 1159 2286 mortuos
1197 2228 1321 2285 illos
1348 2227 1672 2297 implorans,
1705 2224 2012 2280 memorite-

445 2344 553 2398 que
600 2322 1002 2397 ingemiscens?
1049 2319 1254 2375 Horum
1288 2318 1425 2373 nihil
1485 2324 1590 2382 est,
1656 2314 1751 2372 sed
1786 2316 2013 2373 nuntius

447 2420 667 2490 quidam
700 2428 880 2471 rerum
895 2414 1247 2469 adversarum
1265 2424 1453 2465 casum
1489 2407 1789 2463 liberorum
1817 2421 2014 2463 narra-

2118 1864 2152 1935 ή
2182 1862 2416 1933 γένεσις,
2442 1861 2535 1915 καὶ
2562 1859 2699 1932 πρὸς
2722 1858 2881 1913 αὐτὸν
2907 1859 2940 1929 ἡ
2968 1855 3246 1918 ἀνάλυσις
3268 1851 3393 1907 ὅθεν
3412 1851 3686 1923 παρῆκται

2120 1953 2257 2025 πρὸς
2296 1953 2471 2006 ἐκεῖνο
2502 1951 2597 2004 καὶ
2632 1948 2942 2004 ἀναλύεται.
2994 1943 3126 2008 Θεὸς
3153 1939 3246 1999 οὖν
3280 1943 3310 1994 6
3345 1940 3440 1995 τοῦ
3490 1938 3685 1994 διδόναι

2116 2044 2217 2116 τὴν
2244 2042 2491 2109 ἐξουσίαν
2517 2040 2675 2112 ἔχων,
2705 2041 2734 2093 6
2758 2038 2919 2101 αὐτὸς
2944 2036 3057 2108 ἔχει
3087 2036 3182 2089 καὶ
3206 2032 3298 2087 τοῦ
3337 2028 3683 2104 ἀφαιρεῖσθαι

2118 2120 2214 2205 τὴν
2242 2131 2509 2198 ἐξουσίαν.
2552 2129 2777 2198 Ἀγαθδς
2801 2127 2880 2182 ὢν
2916 2124 3096 2195 ἀγαθὰ
3140 2122 3484 2195 βουλεύεται,
3525 2118 3682 2189 σοφὸς

2118 2224 2194 2277 ὢν
2234 2222 2296 2275 τὸ
2338 2221 2612 2294 συμφέρον
2653 2220 2958 2276 ἐπίσταται.
3004 2217 3099 2281 Ὠς
3131 2213 3214 2281 τῷ
3244 2214 3438 2284 Κυρίῳ
3474 2210 3683 2275 ἔδοξεν

2121 2313 2305 2385 (ἔδοξε
2337 2313 2395 2367 δὲ
2438 2312 2654 2380 πάντως
2679 2307 2915 2383 καλῶς),
2946 2308 3119 2373 οὕτως
3142 2308 3235 2362 καὶ
3273 2304 3549 2375 ἐποίησεν.
3576 2301 3679 2369 Eli;

2120 2405 2188 2461 τὸ
2218 2406 2406 2475 ὄνομα
2424 2405 2644 2473 Κυρίου
2668 2403 3093 2474 εὐλογημένοι

446 2487 525 2568 vit
557 2532 569 2568 :
605 2512 694 2566 ille
730 2523 860 2564 vero
890 2506 1052 2564 simul
1084 2512 1246 2575 atque
1274 2500 1500 2566 audivit,
1533 2502 1715 2556 statim
1745 2498 1814 2555 de
1841 2515 2024 2556 rerum
2056 2506 2251 2554 natura
2288 2498 2737 2570 philosOphorum
2784 2509 2936 2551 more
2983 2492 3289 2550 disserebat
3328 2508 3344 2546 :
3407 2487 3551 2543 unde
3598 2499 3680 2541 res

447 2605 717 2662 exsistant
744 2600 970 2660 docens,
1000 2605 1055 2652 et
1084 2611 1111 2650 a
1139 2595 1321 2667 quoin
1342 2600 1596 2648 naturam
1630 2589 2025 2662 producantur;
2090 2590 2221 2644 ltem
2283 2603 2444 2661 quem
2478 2603 2577 2659 par
2607 2588 2680 2643 sit
2709 2586 2872 2643 rebus
2902 2585 3176 2643 universis
3208 2596 3461 2654 praeesse.
3500 2578 3684 2633 Doni-

444 2714 546 2751 unus
572 2694 736 2758 dedit,
760 2689 1018 2747 Dominus
1046 2687 1332 2742 abstulit':
1365 2699 1434 2740 ex
1496 2682 1630 2746 Deo,
1676 2679 1873 2752 inquit,
1911 2681 2224 2736 hominibus
2250 2690 2333 2737 est
2371 2689 2547 2745 ortus,
2584 2680 2711 2735 item
2741 2679 2807 2734 ad
2849 2677 3003 2734 illum
3039 2677 3285 2733 reditus:
3322 2674 3468 2730 unde
3489 2671 3686 2745 produ-

333 2765 337 2769 ν
447 2800 570 2847 ctus
602 2798 709 2852 est.
745 2787 813 2842 ad
845 2785 978 2841 illud
998 2784 1162 2839 etiam
1193 2782 1353 2838 redit.
1376 2779 1717 2851 Deusigitur,
1731 2779 1824 2850 qui
1858 2776 2025 2833 dandi
2054 2785 2376 2849 potestatem
2429 2776 2611 2845 habet,
2640 2776 2783 2832 idem
2814 2764 2978 2832 etiam
3037 2771 3318 2829 auferendi
3361 2770 3455 2842 jus
3508 2769 3685 2824 habet.

439 2884 635 2939 Bonus
677 2897 801 2937 cum
864 2878 952 2942 sit,
987 2877 1126 2930 bene
1159 2874 1429 2929 consulit:
1487 2872 1704 2942 sapiens
1760 2885 1885 2925 cum
1942 2870 2032 2936 sit,
2066 2869 2199 2941 quid
2248 2864 2383 2925 utile
2438 2869 2532 2935 sit,
2579 2868 2757 2924 novit.
2816 2866 2968 2944 Sicut
3019 2865 3245 2921 Domino
3290 2864 3460 2919 visum
3506 2869 3584 2916 est
3626 2875 3689 2913 ac

446 2974 650 3047 placuit
680 2968 908 3042 (placuit
933 2972 1117 3039 autem
1150 2970 1300 3019 recte
1332 2975 1585 3033 prorsus,
1636 2957 1903 3031 quidquid
1952 2959 2220 3031 placuit),
2268 2959 2344 3015 ita
2388 2960 2558 3017 etiam
2612 2958 2762 3016 fecit.
2813 2957 2898 3014 Sit
2954 2973 3143 3014 nomen
3190 2956 3408 3012 Domini
3484 2952 3693 3009 benedi-

449 3077 611 3120 clum.

516 3155 683 3213 Vides
705 3160 907 3225 quanta
940 3146 1207 3206 celsitudo
1237 3146 1407 3202 animi
1433 3143 1824 3218 magnitudinis
1847 3143 2019 3199 athle-
2045 3154 2089 3212 ο

451 3259 518 3305 tre
552 3249 654 3313 sit;
674 3250 1049 3315 tempestatem
1073 3239 1382 3295 alllictionis
1404 3238 1684 3293 transtulit
1702 3236 1766 3291 ad
1781 3235 2021 3291 studium

452 3355 633 3397 rerum
664 3332 1127 3392 considerationis
1155 3340 1209 3386 et
1237 3328 1735 3400 contemplationis.
1789 3325 2025 3382 Noverat

440 3435 596 3490 enim
623 3440 835 3493 exacte,
866 3426 1011 3498 quod
1038 3439 1164 3480 vera
1201 3424 1313 3478 vita
1346 3437 1441 3493 per
1479 3436 1631 3491 spem
1662 3419 1905 3489 reposita
1934 3424 2022 3471 at-

449 3539 558 3595 que
587 3517 868 3577 recondita
904 3517 1015 3582 sit;
1055 3528 1295 3587 prtesens
1322 3527 1453 3568 vero
1484 3512 1594 3565 vita
1632 3509 1798 3565 veluti
1839 3523 2024 3564 semen

450 3618 650 3669 futurae
698 3611 790 3667 sit.
821 3607 1003 3679 Longe
1031 3613 1213 3661 autem
1245 3602 1605 3675 praesentibus
1653 3605 1913 3671 praestant
1961 3611 2024 3651 ac

454 3707 666 3779 potiora
696 3710 823 3760 sunt
865 3716 928 3755 ea
955 3713 1076 3770 qua:
1098 3703 1489 3767 exspectantur
1510 3701 1674 3763 atque
1707 3698 2020 3762 sperantur,

453 3805 716 3868 quantum
771 3791 953 3848 diﬂ‘ert
1008 3790 1160 3859 spica
1192 3800 1446 3859 agrano,
1506 3784 1648 3839 unde
1705 3781 2020 3837 enascitur:

453 3899 692 3956 praesens
719 3883 830 3949 vita
860 3879 1267 3951 proportionem
1302 3876 1463 3931 habet
1495 3883 1659 3945 atque
1688 3871 2025 3928 assimilatur

452 3977 523 4033 ad
550 3989 816 4048 granum;
846 3974 1026 4026 futura
1079 3984 1206 4025 vero
1243 3969 1353 4023 vita
1403 3983 1501 4038 per
1559 3964 2021 4038 pulchritudinem

447 4067 618 4139 spica:
648 4063 957 4122 ostenditur
984 4075 1045 4116 ac
1078 4059 1416 4131 designatur.
1470 4056 1687 4128 Oportet
1725 4057 1871 4112 enim
1907 4071 2025 4110 cor-

455 4158 702 4229 ruptibile
724 4155 831 4237 ‘Itoc
853 4153 1068 4209 induere
1091 4148 1666 4215 incorruptibilitatem,
1714 4149 1842 4203 item
1883 4162 2024 4201 mor-

457 4251 562 4305 tale
578 4250 673 4304 hoc
694 4248 915 4304 induere
932 4243 1389 4300 immortalitatem
1408 4240 1474 4297 ¹⁶.
1492 4241 1572 4296 Ad
1591 4244 1705 4296 haec
1721 4240 2023 4312 respiciens

454 4340 558 4395 Job
588 4340 895 4411 gratulatur
931 4335 1057 4391 ﬁliis
1087 4334 1157 4390 ob
1207 4331 1518 4388 felicitatem
1545 4372 1560 4395 ,
1614 4338 1674 4386 ut
1711 4331 1806 4401 qui
1858 4330 2023 4387 citius

2205 3140 2368 3212 Ὁρᾷς
2413 3138 2577 3193 πόσον
2614 3138 2675 3193 τὸ
2711 3136 2845 3208 ὕψος
2886 3136 2986 3207 τῆς
3032 3135 3126 3189 τοῦ
3177 3134 3412 3206 ἀθλητοῦ
3465 3137 3690 3208 μεγαλοο

2126 3233 2307 3301 φυῖας,
2333 3232 2424 3284 τὸν
2453 3232 2550 3302 τῆς
2579 3222 2810 3301 θλίψεως
2830 3230 3018 3301 καιρὸν
3038 3230 3117 3291 είς
3132 3228 3424 3299 ἐπίσκεψιν
3445 3229 3543 3299 τῆς
3568 3231 3693 3301 περὶ

2122 3325 2230 3378 τῶν
2271 3324 2438 3377 ὄντων
2470 3322 2784 3393 φιλοσοφίας
2812 3322 3156 3391 μετέστησεν.
3194 3320 3346 3391 ᾜδει
3376 3320 3485 3392 γὰρ
3523 3323 3696 3393 ἀκρι-

2125 3416 2256 3480 ϐῶς,
2289 3416 2370 3469 ὅτι
2415 3417 2450 3486 ἡ
2492 3415 2662 3477 ὅντως
2711 3413 2822 3485 ζωὴ
2867 3412 2933 3466 δι’
2958 3411 3171 3475 ἐλπίδος
3195 3411 3512 3477 ἀπόκειται,
3550 3416 3586 3484 ἡ
3633 3412 3696 3467 δὲ

2125 3507 2373 3580 παροῦσα
2395 3506 2508 3578 ζωὴ
2526 3506 2689 3559 οἱονεὶ
2708 3505 2925 3576 σπέρμα
2945 3506 3042 3575 τῆς
3065 3504 3363 3574 μελλούσης
3388 3504 3520 3557 ἐστί.
3548 3505 3697 3560 Πολὺ

2122 3601 2179 3654 δὲ
2212 3600 2486 3669 διενήνοχε
2516 3596 2624 3651 τῶν
2655 3596 2935 3667 παρόντων
2983 3594 3052 3647 τὰ
3082 3593 3527 3666 προσδοκώμενα,
3562 3596 3699 3649 ὅσον

2121 3691 2367 3762 διαφέρει
2394 3690 2422 3742 6
2456 3687 2656 3759 στάχυς
2685 3686 2780 3740 τοῦ
2812 3687 3009 3741 κόκκου
3041 3685 3164 3739 ὅθεν
3190 3684 3457 3754 ἐκφύεται.
3499 3686 3557 3739 '0
3593 3686 3699 3740 νῦν

2125 3775 2238 3846 βίος
2266 3774 2519 3844 ἀναλογεῖ
2556 3773 2694 3846 πρὸς
2722 3773 2814 3828 τὸν
2846 3773 3066 3827 κόκκον·
3100 3774 3129 3826 6
3161 3773 3218 3827 δὲ
3249 3771 3700 3844 προσδοκώμενος

2124 3866 2258 3936 βίος,
2291 3867 2351 3920 ὲν
2381 3864 2460 3936 τῷ
2492 3863 2678 3920 κάλλει
2710 3863 2805 3918 τοῦ
2855 3864 3086 3934 στάχυος
3124 3862 3417 3927 δείκνυται,
3457 3864 3556 3918 Δεῖ
3584 3864 3701 3936 γὰρ

2120 3955 2188 4009 τὸ
2226 3953 2491 4024 φθαρτὸν
2508 3953 2685 4008 τοῦτο
2714 3952 3078 4007 ἐνδύσασθαι
3107 3953 3471 4021 ἀφθαρσίαν,
3500 3955 3600 4009 καὶ
3633 3956 3700 4008 τὸ

2123 4046 2348 4112 θνητὸν
2372 4046 2549 4101 τοῦτο
2568 4043 2939 4100 ἐνδύσασθαι
2964 4043 3319 4100 ἀθανασίαν.
3354 4045 3500 4115 Πρὸς
3522 4045 3700 4100 ταῦτα

2124 4137 2337 4208 βλέπων
2358 4136 2387 4189 6
2428 4133 2548 4189 Ἰὼϐ
2576 4135 2860 4206 συγχαίρει
2883 4137 2994 4199 τοῖς
3016 4135 3223 4199 τέκνοις
3247 4136 3350 4206 τῆς
3380 4136 3696 4208 εύκληρίας,

2121 4229 2199 4295 ὡς
2226 4229 2425 4284 θᾶττον
2462 4225 2780 4298 ἐκλυθείσης
2807 4224 2916 4282 τῶν
2951 4225 3044 4279 τοῦ
3076 4226 3193 4296 βίου
3219 4225 3457 4297 δεσμῶν·
3485 4231 3700 4299 τεκμήο

2124 4338 2238 4393 ριον
2266 4320 2346 4384 δὲ,
2397 4320 2479 4374 ὅτι
2512 4318 2611 4388 τῆς
2655 4317 2984 4387 ἐπαγγελίας
3013 4319 3106 4373 τοῦ
3154 4319 3291 4374 Θεοῦ
3323 4320 3385 4373 τὸ
3414 4320 3696 4376 διπλάσιον

456 4430 579 4483 vita:
598 4409 837 4482 vinculis
864 4422 1096 4480 exsoluti
1126 4430 1289 4492 atque
1336 4422 1575 4492 exempti
1607 4431 1809 4476 essent.
1853 4417 2021 4487 Cujus

2123 4412 2243 4466 ἀντὶ
2265 4411 2374 4465 τῶν
2399 4410 2802 4482 ἀφαιρεθέντων
2830 4409 3047 4465 πάντων
3071 4411 3464 4482 ὑποσχομένης.
3496 4413 3556 4468 ὲν
3587 4416 3697 4477 τοίς

453 4519 530 4575 rei
564 4527 881 4590 argumento
909 4522 1013 4578 est,
1043 4514 1189 4583 quod
1216 4529 1339 4567 cum
1369 4514 1712 4583 promisisset
1737 4510 1879 4566 Deus
1916 4510 2019 4563 du-

2123 4504 2299 4567 ᾶλλοις
2327 4506 2498 4559 ἅπασι
2528 4502 3004 4575 διπλασιασθείσης
3027 4505 3124 4575 τῆς
3144 4504 3485 4572 ἀντιδόσεως,
3517 4507 3694 4577 μόνων

453 4612 601 4680 plum
635 4609 878 4664 omnium
907 4620 1097 4660 eorum
1127 4619 1248 4674 quae
1300 4604 1551 4674 adempta
1582 4610 1768 4659 essent
1794 4600 2021 4655 restitu-

454 4712 568 4755 tum
608 4700 701 4767 iri,
745 4699 802 4753 in
836 4697 1093 4763 omnibus
1142 4697 1264 4751 aliis
1317 4696 1595 4767 duplicata
1654 4691 2021 4756 restitutione,

453 4792 695 4847 solorum
735 4787 1031 4843 liberorum
1062 4784 1488 4855 duplicationem
1540 4800 1650 4841 non
1699 4782 2022 4854 requisivit;

453 4878 549 4935 sed
578 4879 764 4933 decem
796 4876 899 4933 soli
931 4890 1029 4947 pro
1058 4874 1283 4930 totidem
1308 4874 1529 4930 amissis
1553 4872 1667 4929 dati
1693 4879 1840 4928 sunt.
1885 4868 2021 4925 Nam

452 4967 713 5038 quoniam
752 4968 947 5024 animm
1000 4966 1281 5022 hominum
1316 4966 1371 5021 in
1433 4976 1754 5035 perpetuum
1803 4976 2018 5033 penna—

453 5065 606 5122 nent,
639 5057 844 5113 ideirco
898 5058 1129 5113 alterum
1177 5066 1410 5119 tantum,
1445 5065 1710 5125 quantum
1743 5055 2020 5117 amiserat,

455 5145 668 5222 recipit.
701 5147 856 5217 Quod
882 5150 948 5204 ad
974 5150 1176 5205 liberos
1211 5148 1406 5202 attinet
1439 5149 1532 5217 qui
1571 5154 1695 5218 post
1723 5146 1838 5201 nati
1868 5152 2016 5206 sunt.

453 5257 577 5296 cum
606 5242 759 5311 prius
789 5242 930 5296 natis
962 5253 1072 5295 una
1101 5246 1586 5301 connumerantur,
1616 5237 1774 5308 quasi
1829 5249 2019 5291 omnes

451 5331 564 5386 Deo
590 5331 795 5394 vivant,
832 5343 897 5384 ac
923 5327 1255 5399 temporaria
1288 5340 1439 5381 mors
1468 5327 1578 5380 vita
1613 5323 1892 5380 defunctis
1932 5322 2019 5376 ni-

451 5421 555 5489 hil,
579 5435 688 5491 quo
712 5420 896 5475 minus
923 5419 1056 5482 sint,
1094 5416 1483 5488 impedimento
1508 5417 1599 5472 sit.
1654 5412 2017 5492 Nequeenim

453 5513 603 5569 aliud
637 5511 933 5584 quidquam
958 5519 1043 5568 est
1070 5511 1126 5566 in
1148 5509 1464 5567 hominibus
1494 5523 1664 5574 mors,
1706 5506 1814 5563 nisi
1858 5504 2017 5561 vitio-

521 5689 544 5723 ⁸
571 5683 695 5743 Job.
735 5704 787 5745 l.
818 5690 879 5744 21
921 5705 1042 5761 sqq.
1110 5691 1152 5723 ⁸ο
1180 5691 1200 5744 1
1231 5691 1358 5744 Cor.
1400 5704 1491 5753 xv,
1537 5686 1627 5741 55.

2122 4595 2233 4649 τῶν
2258 4596 2464 4650 τέκνων
2499 4596 2589 4650 τὸν
2629 4594 3022 4668 διπλασιασμὸν
3066 4597 3166 4650 οὐκ
3211 4596 3474 4667 ἐζήτησεν
3497 4636 3515 4663 ,
3562 4598 3696 4668 ἀλλά

2121 4686 2255 4740 δέκα
2307 4686 2441 4756 μόνα
2491 4687 2611 4741 ἀντὶ
2665 4687 2774 4741 τῶν
2828 4688 3231 4759 ἀφαιρεθέντων
3280 4688 3413 4743 δέκα
3461 4689 3692 4745 δέδοται.

2138 4776 2352 4849 Ἐπειδὴ
2373 4777 2429 4831 δὲ
2444 4778 2500 4830 αί
2522 4778 2629 4831 τῶν
2649 4779 2747 4832 ἀνθ
2757 4779 2952 4850 ρώπων
2969 4778 3136 4851 ψυχαὶ
3152 4783 3234 4843 εἰς
3249 4780 3337 4833 ἀεὶ
3357 4780 3692 4851 διαμένουσι,

2124 4868 2313 4922 τούτου
2366 4869 2525 4941 χάριν
2574 4869 2682 4923 τῶν
2725 4871 3107 4942 ἀπολλυμένων
3143 4872 3433 4929 διπλασίαν
3481 4873 3690 4943 δέχεται

2125 4959 2224 5029 τὴν
2251 4959 2535 5015 ἀντίδοσιν.
2593 4961 2716 5015 Ἐπὶ
2753 4961 2809 5016 δὲ
2850 4961 2960 5015 τῶν
2998 4962 3205 5017 τέκνων
3240 4963 3309 5018 τά
3333 4964 3689 5035 ἐπιγενόμενα

2124 5052 2235 5115 τοῖς
2257 5051 2664 5122 προγεννηθεῖσι
2687 5053 3114 5124 συναριθμεῖται,
3137 5055 3213 5118 ὡς
3238 5054 3455 5109 πάντων
3480 5055 3559 5126 τῷ
3577 5054 3688 5124 Θεῷ

2126 5140 2360 5205 ζώντων,
2378 5141 2473 5194 καὶ
2495 5142 2645 5196 οὐδὲν
2673 5141 2765 5195 τοῦ
2787 5144 3121 5215 προσκαίρου
3152 5142 3385 5197 θανάτου
3406 5145 3537 5207 τοὺς
3560 5159 3686 5198 κατ-

2124 5231 2437 5304 οιχομένους
2466 5234 2601 5304 πρὸς
2635 5233 2696 5287 τὸ
2731 5229 2869 5289 εἶναι
2898 5235 3214 5298 κωλύοντος.
3251 5235 3388 5289 Οὐδὲ
3425 5236 3537 5306 γὰρ
3568 5234 3687 5289 ἄλλο

2124 5324 2177 5375 τί
2198 5324 2350 5376 ἐστιν
2385 5325 2473 5377 ἐπ’
2497 5323 2797 5398 ἀνθρώπων
2825 5327 2855 5378 6
2887 5325 3135 5391 θάνατος,
3160 5327 3211 5379 εί
3252 5326 3324 5396 μὴ
3360 5326 3559 5388 κακίας
3592 5340 3688 5375 κα-

2127 5415 2369 5486 θάρσιον.
2412 5415 2629 5487 Ἐπειδὴ
2656 5417 2761 5490 γὰρ
2784 5411 2893 5490 οἷόν
2920 5435 2973 5472 τι
2998 5417 3189 5482 σκεῦος
3210 5416 3429 5486 ἀγαθῶν
3448 5413 3685 5472 δεκτικὸν

2120 5503 2181 5557 τὸ
2210 5508 2327 5562 κατ’
2358 5506 2531 5578 ἀρχὰς
2556 5508 2587 5578 ή
2614 5507 2774 5578 φύσις
2797 5507 2952 5580 ἡμῶν
2981 5508 3129 5579 παρὰ
3154 5508 3245 5564 τοῦ
3267 5508 3404 5564 Θεοῦ
3429 5507 3533 5562 τῶν
3550 5506 3687 5561 ὅλων
