3918 6204
320 288 428 345 8τ7

1367 293 1627 352 ΟῐῖᾹΤῖΟ
1657 296 2005 356 FUNEBRIS
2048 302 2135 355 DE
2161 303 2528 363 PLACII.I..~\.

3477 331 3582 386 878

313 402 734 474 κατεσκευάσθη
757 442 772 464 ,
815 403 910 458 τοῦ
943 404 1000 459 δὲ
1033 408 1229 480 ἐχθροῦ
1263 411 1370 464 τῶν
1412 412 1598 486 ψυχῶν
1646 418 1802 489 ἡμῶν
1836 418 1891 470 δι

1969 460 1974 479 ,
2007 418 2185 476 sitatis
2211 422 2472 492 expiatio.
2501 424 2955 499 Quandoquidem
2991 435 3133 492 enim
3163 445 3362 496 natura
3394 454 3577 499 nostra

310 498 530 566 ἀπάτης
565 497 779 567 ἡμῖν-τὸ
809 499 979 552 κακὸν
1005 503 1406 573 παρεγχέαντος
1425 549 1438 573 ,
1467 508 1528 561 τὺ
1553 509 1756 578 ἀγαθὸν
1786 510 1894 580 χὼ-

312 607 416 659 ραν
447 589 546 642 οὐκ
576 589 752 660 ἔσχεν·
809 590 998 645 τούτου
1035 593 1238 657 ἕνεκεν,
1283 596 1463 662 ὡς’ἂν
1496 600 1570 672 μὴ
1619 602 1896 673 διαιωνίζῃ

309 681 448 750 ἡμῖν
475 681 507 750 ή
530 681 802 749 ἑμφυεϊσα
831 682 1018 747 κακία,
1049 685 1274 757 προνοίᾳ
1304 689 1570 759 κρείττονι
1601 690 1815 762 θανάτῳ
1835 693 1896 746 τὸ

310 771 510 834 σκεῦος
529 772 664 842 πρὸς
692 772 884 842 καιρὸν
906 772 1200 841 διαλύεται,
1225 778 1314 832 ἵνα
1339 780 1437 850 τῆς
1459 783 1656 844 κακίας
1682 783 1895 854 ἐκρυεί-

308 876 415 929 σης
435 857 752 930 ἀναπλασθῇ
781 860 841 912 τὸ
861 861 958 913 ἀνθ
968 859 1220 930 ρώπινον,
1249 867 1342 919 καὶ
1377 867 1574 937 ἀμιγὲς
1597 870 1791 933 κακίας
1815 871 1892 940 τῷ

302 949 372 1014 ἐξ
407 950 582 1022 ἀρχῆς
618 951 968 1023 άποκαταστῇ
1008 953 1125 1024 βίῳ.
1164 955 1335 1009 Τοῦτο
1363 957 1472 1027 γάρ
1511 960 1660 1012 ἐστιν
1691 962 1722 1030 ἡ
1757 961 1890 1016 άνά-

302 1061 518 1108 στασις,
555 1045 588 1114 ἡ
618 1045 698 1108 είς
741 1045 802 1096 τὸ
827 1047 1052 1118 ἀρχαῖον
1084 1047 1184 1119 τῆς
1217 1048 1430 1119 φύσεως
1459 1052 1890 1121 ήμῶν-ἀναστοι-

299 1135 550 1205 χείωσις.
604 1137 667 1190 Εἰ
713 1131 806 1189 οὖν
852 1138 1136 1208 ἀμήχανόν
1181 1142 1328 1194 ἐστιν
1370 1143 1887 1216 άναστοιχειωθῆναι

301 1227 448 1298 πρὸς
495 1227 558 1279 τὸ
589 1231 834 1301 κρεῖττον
871 1228 968 1300 τὴν
1006 1229 1166 1297 φύσιν
1199 1232 1369 1304 χωρὶς
1397 1235 1762 1301 ἀναστάσεως*
1794 1235 1890 1291 θά-

300 1317 472 1370 νάτου
527 1318 585 1371 δὲ
634 1319 1124 1390 προηγησαμένου,
1177 1322 1474 1388 ἀνάστασις
1517 1326 1768 1394 γενέσθαι
1821 1331 1883 1383 οὐ

306 1408 540 1462 δύναται
561 1427 576 1439 ·
614 1410 816 1479 ἀγαθὸν
850 1411 916 1465 ἂν
963 1410 1047 1484 εἴη
1095 1414 1124 1466 ὁ
1170 1413 1396 1479 Θάνατος
1419 1457 1432 1479 ,
1465 1418 1605 1490 ἀρχὴ
1645 1420 1738 1472 καὶ
1770 1420 1886 1484 ὁδὸς

294 1500 406 1568 τῆς
455 1500 590 1572 πρὸς
636 1502 696 1555 τὸ
743 1506 988 1574 κρεῖττον
1039 1504 1343 1577 μεταϐολῆς
1387 1511 1521 1578 ἡμῖν
1575 1511 1880 1580 γινόμενος.

294 1590 513 1643 Οὐκοῦν
555 1591 896 1662 ἐκϐάλωμεν,
944 1594 1194 1664 ἀδελφοὶ,
1246 1597 1344 1667 τὴν
1389 1599 1568 1672 λύπην
1605 1605 1732 1673 περὶ
1776 1604 1884 1656 τῶν

289 1682 739 1753 κεκοιμημένων,
775 1684 842 1755 ἧν
891 1684 1041 1755 μόνοι
1074 1687 1436 1757 ὑπομένουσιν
1463 1690 1514 1742 οἰ
1544 1689 1619 1761 μὴ
1667 1691 1880 1762 ἔχοντες

2001 526 2032 566 a
2065 513 2173 568 Deo
2203 531 2430 570 summae
2478 533 2684 585 rerum,
2728 524 2895 580 veluti
2952 541 3050 584 vas
3082 532 3361 599 quoddam
3404 534 3581 593 bono-

1999 619 2120 658 rum
2152 620 2321 676 capax
2367 610 2436 662 ab
2466 610 2627 665 initio
2660 616 2881 670 condita
2937 626 3042 684 est,
3099 623 3193 676 sed
3230 624 3300 679 ab
3353 626 3580 684 inimico

1998 697 2305 752 animarum
2338 710 2650 758 nostrarum
2709 722 2806 776 per
2844 708 3089 767 fraudem
3144 716 3304 771 nobis
3333 719 3467 774 vitio
3493 719 3578 775 af-

1998 786 2142 854 fuso,
2172 791 2375 845 bonum
2415 794 2595 848 locum
2651 811 2760 852 non
2797 799 3026 858 habuit:
3060 804 3269 863 idcirco
3301 824 3369 865 ne
3420 811 3573 867 vitio-

1995 879 2132 933 sitas
2158 881 2318 937 nobis
2357 883 2636 941 inhaerens
2667 899 2928 958 perpetuo
2985 893 3231 962 duraret,
3284 900 3574 968 providen-

1994 969 2066 1022 tia
2103 972 2313 1026 meliori
2357 984 2533 1031 morte
2569 992 2662 1034 vas
2721 980 2790 1060 ad
2845 990 3065 1054 tempus
3111 986 3453 1056 dissolvitur,
3513 1003 3572 1048 ut

1992 1061 2084 1115 ubi
2117 1063 2391 1120 vitiositas
2437 1067 2730 1135 efﬂuxerit,
2771 1073 3101 1130 reformatur
3149 1094 3320 1149 genus
3376 1083 3575 1139 huma-

1989 1167 2144 1215 num,
2178 1161 2342 1224 atque
2370 1157 2644 1229 integrum
2687 1177 2751 1217 ac
2785 1181 2982 1233 purum
3010 1183 3039 1221 a
3081 1173 3436 1239 permistione
3488 1176 3571 1230 vi-

1987 1243 2249 1300 tiositatis
2286 1246 2340 1300 in
2372 1248 2668 1317 pristinum
2697 1254 2820 1309 vitae
2863 1265 3064 1312 statum
3101 1262 3442 1318 restituatur.
3506 1265 3563 1319 ld

1986 1335 2134 1390 enim
2190 1341 2527 1396 resurrectio
2577 1351 2681 1409 est,
2737 1361 2934 1417 nempe
2985 1357 3198 1406 natum
3252 1361 3455 1408 nostra:
3511 1355 3568 1410 in

1987 1426 2280 1495 pristinum
2317 1439 2520 1485 statum
2562 1437 2853 1504 reparatio.
2892 1438 2949 1493 Si
2986 1439 3152 1511 igitur
3188 1441 3305 1498 ﬁeri
3340 1459 3448 1498 non
3471 1459 3570 1515 po-

1987 1525 2110 1583 test,
2144 1528 2204 1572 ut
2239 1520 2448 1592 absque
2477 1528 2890 1584 resurrectione
2938 1539 3137 1587 natura
3169 1534 3236 1588 ad
3285 1535 3566 1592 meliorem

1987 1608 2221 1665 formam
2258 1621 2313 1667 et
2342 1621 2547 1669 statum
2581 1617 2897 1688 redigatur:
2933 1637 2996 1676 ac
3019 1623 3126 1678 nisi
3155 1640 3306 1681 mors
3334 1640 3566 1697 praeces-

1991 1701 2144 1765 serit,
2172 1707 2509 1762 resurrectio
2549 1707 2663 1764 (leri
2695 1726 2808 1766 non
2839 1721 3053 1783 potest:
3089 1716 3231 1771 bona
3260 1732 3352 1773 res
3398 1717 3565 1773 fuerit
3623 1756 3645 1772 .

293 1775 512 1831 ἐλπίδα.
567 1775 752 1840 Ἐλπὶς
797 1777 855 1830 δέ
897 1777 1045 1832 ἐστιν
1091 1779 1120 1832 ό
1161 1781 1414 1854 Χριστόςυ
1460 1774 1504 1850 ᾧ
1539 1783 1572 1853 ἡ
1615 1783 1743 1851 δόξα
1784 1786 1878 1839 καὶ

1981 1807 2157 1858 mors,
2185 1803 2246 1849 ut
2285 1812 2407 1866 qua:
2441 1799 2660 1855 initium
2696 1817 2762 1858 ac
2790 1803 2873 1859 via
2901 1808 3228 1864 mutationis
3272 1809 3327 1864 iu
3365 1808 3564 1869 melius

292 1867 537 1937 κράτος,
603 1869 737 1940 τιμὴ
785 1867 879 1921 καὶ
921 1869 1290 1942 προσκύνησις
1336 1874 1416 1936 εἰς
1474 1874 1600 1937 τοὺς
1655 1874 1876 1940 αἰῶνας.

307 1958 373 2010 ’Δ
382 1959 507 2028 μήν.

1987 1885 2145 1940 nobis
2176 1889 2428 1944 exsistat.
2454 1889 2690 1949 Proinde
2708 1909 2772 1949 ex
2797 1896 2982 1954 animo
3002 1899 3310 1969 ejiciamns,
3339 1899 3560 1964 fratres,

1990 1978 2371 2048 aegritudinem
2400 1989 2454 2037 et
2485 1982 2728 2040 dolorem
2755 1987 3146 2045 dormientium
3187 1995 3410 2048 nomine
3425 2007 3562 2048 con-

288 2051 554 2155 tractum,
588 2067 749 2122 quem
780 2052 882 2155 soli
930 2054 1224 2155 sustinent,
1261 2055 1354 2127 qui
1405 2073 1557 2128 spem
1605 2073 1714 2116 non
1764 2061 1986 2126 habent.
2037 2069 2174 2147 §pes
2202 2080 2385 2129 autem
2437 2083 2522 2132 est
2571 2075 2828 2136 Christus
2871 2094 2886 2134 :
2929 2082 3019 2138 cui
3059 2084 3236 2155 gloria
3275 2093 3330 2142 et
3389 2084 3560 2155 impeo

283 2141 458 2203 rium.
487 2141 662 2198 honos
681 2151 734 2200 et
757 2143 1004 2201 adoratio
1029 2145 1086 2200 in
1113 2147 1332 2203 saecula.
1366 2149 1560 2206 Amen.

1515 2365 1775 2373 ———-—.—.——.

1563 2522 1793 2608 ΤΟΥ
1883 2520 2259 2614 ΑΥΤΟΥ

1007 2710 2020 2848 ΕΠΙΤΑΦΙΟΣ
2179 2717 2812 2862 ΛΟΓΟΣ

1366 2945 1475 2998 ΕΙΣ
1519 2944 1929 3001 ΠΛΛΚΙΑΛΑΝ
1972 2945 2402 3003 ΒΛΣΙΛΙΣΣΛΝ.

1628 3292 2172 3384 EJUSDEM

1163 3503 1764 3620 ORATIO
1868 3510 2645 3626 FUNEBRIS

1403 3728 1492 3782 DE
1531 3727 1869 3787 PLACILLA
1909 3729 2402 3788 IMPERATRICE.

1640 3886 1826 3935 Eodem
1873 3886 2176 3948 interprete.

343 4176 410 4232 '0
459 4177 646 4241 πιστὸς
685 4178 780 4232 καὶ
821 4178 1081 4251 φρόνιμος
1124 4179 1404 4252 οἰκονόμος
1445 4181 1542 4252 (ὲκ
1587 4182 1695 4255 γὰρ
1735 4183 1891 4254 τῶν(

2016 4185 2218 4242 Fidelis
2250 4193 2306 4242 et
2343 4188 2584 4258 prudens
2618 4188 2970 4258 dispensator
3006 4189 3154 4259 (nam
3205 4193 3276 4250 ab
3307 4192 3380 4250 iis
3411 4209 3534 4265 qua:

261 4269 692 4340 ἀνεγνωσμένων
718 4271 825 4324 ἀπὸ
852 4271 944 4324 τοῦ
967 4271 1113 4324 θείου
1133 4273 1468 4342 Εὐαγγελίου
1494 4277 1848 4346 προοιμιάζο-

262 4377 360 4428 μαι
379 4360 420 4429 ),
447 4359 506 4412 ἐν
531 4359 860 4431 κατέστησεν
886 4363 915 4415 ὁ
941 4361 1145 4433 Κύριος
1169 4365 1261 4418 ἐπὶ
1287 4366 1384 4437 τῆς
1417 4367 1592 4430 οἰκίας
1617 4368 1843 4440 ταύτης,

255 4451 353 4506 τοῦ
381 4452 580 4506 διδόναι
606 4455 664 4506 ἐν
698 4453 875 4525 καιρῷ
907 4458 1018 4519 τοῖς
1044 4458 1517 4530 οἰκονομουμὲνοις
1542 4460 1602 4514 τὸ
1627 4463 1846 4532 σιτομέ-

255 4561 434 4615 τριον,
468 4544 650 4608 καλῶς
679 4545 737 4598 ὲν
786 4545 860 4616 τῷ
892 4547 1000 4618 πρὸ
1044 4548 1232 4602 τούτου
1274 4551 1450 4622 χρόνῳ
1478 4553 1845 4616 καταδικάσας

252 4635 355 4706 τὴν
401 4635 646 4704 ἀφωνίαν
694 4634 772 4705 τῷ
818 4637 982 4709 λόγῳ,
1029 4640 1058 4691 ὁ
1089 4640 1270 4704 καλῶς
1311 4641 1406 4694 τοῦ
1445 4643 1707 4712 μεγέθους
1745 4645 1844 4713 τῆς

255 4729 544 4797 συμφορᾶς
570 4728 963 4800 ἐπαισθόμενος
984 4770 999 4796 ,
1039 4732 1130 4784 καὶ
1159 4733 1396 4802 τιμήσας
1441 4736 1506 4804 τῇ
1541 4736 1744 4805 ἠσυχίᾳ
1782 4736 1842 4788 τὸ

251 4820 451 4883 πένθος
477 4863 491 4886 ,
523 4821 624 4874 οὐκ
650 4816 746 4874 οἷδ’
773 4823 919 4887 ὅπως
946 4825 1004 4877 ὲν
1045 4823 1122 4894 τῷ
1147 4825 1372 4895 παρόντι
1405 4826 1646 4896 συλλόγῳ
1680 4827 1840 4881 πάλιν

250 4911 518 4978 ἐπανάγει
541 4914 608 4982 τῇ
647 4912 943 4984 Ἐκκλησία
962 4914 1053 4966 τὸν
1080 4914 1256 4982 λόγον,
1282 4916 1443 4979 αὐτὸς
1469 4917 1716 4970 ἀναλύων
1743 4921 1840 4980 τὴν

252 5002 398 5055 ἰδίαν
430 5004 572 5058 κατά
593 5004 686 5058 τοῦ
713 5004 871 5073 λόγου
899 5006 1078 5076 ψῆφον
1101 5023 1114 5037 ·
1157 5008 1333 5060 καίτοι
1370 5025 1432 5076 γε
1475 5010 1679 5080 σφόδρα
1708 5010 1859 5092 θαυη

250 5089 447 5161 μάζων
479 5093 579 5162 τῆς
622 5093 894 5157 συνέσεως
925 5095 982 5146 ὲν
1029 5094 1244 5159 πολλοῖς
1272 5096 1363 5148 τὸν
1403 5096 1744 5165 διδάσκαλον,
1779 5103 1838 5154 ἐν

240 5182 429 5254 τούτῳ
475 5183 708 5254 μάλιστα
757 5185 916 5239 πλέον
950 5186 1378 5257 ὑπερεθαύμασα
1401 5228 1416 5253 ,
1454 5190 1528 5252 ὠς
1564 5190 1745 5250 καλῶς
1777 5193 1835 5244 ὲν

239 5277 318 5345 τῇ
342 5277 598 5346 συμφορᾷ
626 5277 717 5328 τὸν
742 5276 900 5346 λόγον
923 5279 1382 5346 κατασιγάσαντα.
1420 5282 1704 5352 Προσφυὲς
1725 5285 1833 5354 γάρ

244 5382 348 5436 μοι
379 5364 526 5419 δοκεῖ
543 5367 638 5420 καὶ
663 5367 996 5438 κατάλληλον
1021 5364 1159 5424 εἶναι
1195 5374 1306 5435 τοῖς
1336 5373 1589 5427 πενθοῦσι
1621 5375 1835 5446 φάρμαη

238 5474 347 5512 κον
389 5458 422 5526 ὴ
466 5459 610 5530 σιγὴ,
643 5459 704 5513 τὸ
726 5459 953 5516 διοιδοῦν
990 5463 1088 5535 τῆς
1117 5462 1295 5535 ψυχῆς
1321 5465 1496 5538 χρόνῳ
1525 5467 1618 5520 καὶ
1662 5485 1830 5538 κατη-

1952 4294 2020 4334 ex
2062 4278 2246 4333 divino
2303 4279 2594 4350 Evangelio
2632 4281 2858 4334 recitata
2886 4283 3073 4345 sunt‘,
3107 4282 3336 4352 ordior),
3369 4300 3532 4356 quem

1953 4369 2194 4439 prrefecit
2236 4369 2496 4425 Dominus
2531 4370 2660 4425 huic
2713 4369 2951 4438 familia,
3004 4379 3063 4426 ut
3093 4372 3184 4429 det
3210 4374 3261 4428 in
3288 4384 3533 4446 tempore

1950 4459 2050 4513 sibi
2081 4460 2392 4516 commissis
2421 4461 2669 4516 dimensa
2715 4475 2778 4514 ac
2810 4470 2928 4516 rata
2965 4463 3190 4531 cibaria,
3221 4480 3344 4521 cum
3377 4475 3527 4524 ante»

1951 4551 2052 4606 hac
2079 4558 2247 4607 rccte‘
2271 4553 2662 4608 continentiam
2710 4553 2860 4609 vocis
2899 4556 3135 4610 orationi
3169 4566 3331 4627 atque
3359 4558 3530 4613 silen-

1949 4641 2084 4695 tium
2120 4641 2406 4698 indixisset
2437 4661 2449 4698 :
2485 4651 2544 4697 ut
2594 4644 2689 4714 qui
2747 4653 2896 4700 recte
2933 4647 3310 4717 magnitudine
3358 4647 3528 4705 cladis

1949 4735 2348 4799 animadversa.
2411 4737 2620 4791 luctum
2683 4737 2905 4792 silentio
2963 4738 3235 4794 honorare
3288 4740 3452 4795 vellet
3510 4760 3523 4794 :

1948 4827 2135 4880 nescio
2161 4827 2434 4897 quomodo
2462 4829 2514 4882 in
2551 4830 2807 4896 praesenti
2841 4837 3111 4884 conventu
3147 4830 3327 4884 denuo
3365 4831 3524 4885 reduc

1945 4917 2020 4971 cit
2048 4917 2302 4973 Ecclesiae
2351 4933 2678 4980 sermonem,
2729 4919 2847 4988 ipse
2885 4933 3041 4975 suam
3091 4919 3356 4976 adversus
3395 4935 3523 4976 ora-

1945 5011 2148 5064 tionem
2189 5011 2514 5064 sententiam
2562 5009 2884 5064 rcscindens
2914 5027 2927 5061 :
2957 5020 3012 5064 et
3052 5011 3269 5080 quidem
3311 5027 3434 5068 cum
3465 5014 3522 5069 in

1944 5103 2132 5156 multis
2160 5102 2325 5157 rebus
2373 5102 2723 5157 vehementer
2752 5102 2994 5156 admiror
3025 5103 3367 5173 prudentiam
3401 5118 3522 5158 ma-

1942 5194 2121 5263 gistri,
2170 5200 2283 5247 tum
2321 5193 2373 5246 in
2404 5193 2508 5247 hoc
2566 5195 2801 5249 maxime
2837 5209 3004 5264 supra
3035 5197 3253 5251 modum
3281 5195 3516 5252 admira-

1943 5295 2032 5340 tus
2061 5299 2203 5350 sum,
2250 5283 2395 5353 quod
2444 5285 2652 5338 recenti
2705 5284 2862 5341 clade
2895 5286 3128 5341 orationi
3162 5297 3310 5342 recte
3351 5287 3521 5343 silen-

1940 5377 2076 5447 tium
2125 5375 2405 5431 indixerit.
2442 5377 2642 5446 Aptum
2705 5378 2850 5432 enim
2885 5378 3019 5432 mihi
3073 5386 3127 5434 et
3185 5380 3518 5436 conveniens

1940 5467 2256 5538 lugentibus
2309 5466 2652 5536 remedium,
2725 5469 3005 5524 silentium
3063 5485 3189 5527 esse
3253 5470 3512 5536 videtur,

241 5549 381 5622 φεία
407 5549 474 5603 δι’
509 5552 737 5623 ἡσυχίας
775 5551 1138 5612 ἐκπίπτουσα.
1193 5557 1280 5622 Ὠς
1323 5558 1376 5611 εί
1399 5558 1463 5628 γέ
1487 5576 1570 5624 τις
1611 5559 1689 5615 ἔτι
1730 5560 1827 5632 τὴν

1969 5559 2138 5632 υἰριιο
2180 5558 2371 5617 dolore
2427 5569 2744 5618 aestuantem
2800 5571 2854 5619 et
2908 5562 3353 5622 effervescentem
3393 5565 3513 5622 ani-

355 5731 372 5762 '
416 5728 605 5788 Matth.
643 5749 768 5800 xxv,
796 5735 865 5789 20
899 5751 1020 5806 sqq.
