3918 6204
449 316 554 373 879

1669 296 1743 351 'S.
1781 289 2107 350 GREGORII
2134 287 2428 346 N‘YSSENI

3621 281 3727 339 880

448 441 599 484 mum
631 422 809 494 spatio
837 417 1101 488 temporis
1145 429 1209 470 ac
1245 425 1485 468 maerore
1529 407 1903 464 intercedente
1944 420 2040 476 per

2170 404 2318 474 ιυχὴν
2344 403 2435 456 τοῦ
2466 400 2668 465 πάθους
2699 399 3192 471 ύποθερμαίνοντος
3231 395 3514 468 άνακινοίη
3531 393 3622 451 τὸν
3643 397 3728 452 λό-

448 518 693 589 quietem
753 519 806 567 et
869 507 1304 564 taciturnitatem
1351 502 1588 571 mitigat.
1635 497 1770 552 Nam
1822 497 1867 554 si
1923 496 2048 567 quis

451 605 768 664 calamitate
811 601 977 656 etiam
1014 612 1162 652 nunc
1195 595 1437 650 animum
1476 589 1804 644 incendente
1835 600 2047 642 sermo-

453 710 578 752 nem
619 691 841 755 inferat,
875 687 1130 742 mmroris
1162 685 1362 739 vulnus
1391 690 1586 735 curatu
1621 677 1898 733 difficilius
1937 676 2047 740 (iet,

452 786 732 842 mentione
781 796 965 838 rerum
1010 777 1334 832 acerbarum
1389 771 1560 827 veluti
1610 770 1786 840 spinis
1823 767 2052 838 quibus-

2152 514 2268 565 γον,
2303 495 2727 564 δυσαλθέστερον
2758 492 2818 546 τὸ
2849 494 2948 563 τῆς
2975 490 3152 560 λύπης
3181 488 3403 561 τραῦμα
3424 489 3726 560 γενήσεται,

2151 593 2218 660 τῇ
2257 590 2443 660 μνήμῃ
2480 584 2884 654 τῶνάλγεινῶν
2917 579 3028 637 οἷόν
3054 600 3195 636 τισιν
3230 582 3498 645 ἀκάνθαις
3527 581 3730 646 ὲπιξιι-

2154 682 2394 750 νόμενον.
2445 679 2507 731 Εἰ
2535 677 2598 730 δὲ
2637 677 2710 749 μὴ
2746 675 2866 729 λίαν
2897 675 3015 728 ἐστὶ
3045 673 3316 744 τολμηρὸν
3350 672 3497 743 κάμέ
3538 689 3594 725 τι
3631 672 3730 725 τῶν

2151 772 2246 825 τοῦ
2273 771 2593 825 διδασκάλου
2624 765 3182 840 προσδιορθώσασθαι,
3214 766 3353 836 τάχα
3374 764 3558 829 καλῶς
3585 766 3730 836 ἔσχεν

451 879 579 934 dam
611 876 913 930 laceratum
948 868 1368 926 recrudescens.
1421 862 1500 916 Ac
1545 860 1655 916 nisi
1700 861 2050 915 temerarium

2170 861 2322 933 téxpt
2356 859 2450 914 τοῦ
2491 860 2588 912 νῦν
2635 861 3002 930 κατακρατεῖν
3035 857 3195 928 ἡμῶν
3233 857 3331 928 τὴν
3369 857 3622 927 ἡσυχίαν,

456 969 621 1025 nimis
650 973 756 1029 est,
787 964 843 1020 si
869 978 968 1032 ego
1003 972 1227 1032 quoque
1251 961 1647 1026 praeceptorem
1685 951 1739 1005 in
1783 951 1965 1021 aliqua
1993 965 2054 1004 re

457 1062 736 1129 corrigere
782 1031 973 1116 coner,
1013 1031 1244 1107 forsitan
1292 1047 1436 1102 haud
1469 1042 1876 1100 incommodum
1911 1040 2053 1097 fuis-

446 1165 563 1220 set,
595 1166 770 1221 usque
799 1147 980 1201 adhuc
1010 1141 1288 1200 silentium
1323 1145 1572 1194 nostrum
1596 1135 1847 1191 obtinere
1883 1142 2052 1204 atque

458 1245 679 1305 durare,
718 1253 786 1294 ne
821 1237 888 1291 ad
921 1233 1289 1290 calamitatem
1342 1228 1524 1284 oratio
1554 1227 1795 1283 demissa
1825 1227 2054 1282 auribus

433 1332 690 1386 -molesta
752 1333 918 1382 esset.
953 1323 1204 1378 Nondum
1233 1320 1392 1376 enim
1414 1327 1626 1374 tantum
1670 1318 1935 1388 temporis
1971 1317 2054 1372 in-

459 1425 736 1488 tercessit,
766 1436 878 1492 quo
908 1435 1063 1474 mens
1088 1418 1156 1473 ad
1196 1417 1398 1472 malum
1442 1429 1763 1472 assuescere
1793 1413 2054 1485 potuerit,

461 1518 654 1572 Adhuc
689 1529 882 1570 recens
939 1514 995 1567 in
1042 1511 1228 1565 animo
1262 1507 1449 1563 clades
1479 1515 1565 1561 est
1626 1525 1638 1558 :
1699 1519 1764 1559 ac
1824 1503 2056 1559 forsitan

457 1609 631 1664 etiam
670 1617 902 1674 semper
947 1616 1143 1656 recens
1202 1599 1307 1654 erit
1361 1597 1507 1652 aetati
1553 1595 1803 1666 (nostra!)
1855 1593 2052 1649 dolor:

464 1701 650 1756 adhuc
713 1697 967 1752 turbatur
1019 1708 1116 1749 cor
1201 1702 1450 1746 nostrum
1515 1709 1527 1744 :
1583 1705 1646 1743 ac
1688 1689 1856 1744 veluti
1908 1702 2058 1743 mare

467 1790 744 1861 quoddam
795 1785 1015 1842 turbine
1067 1783 1399 1839 calamitatis
1442 1789 1776 1836 commotum
1829 1781 1898 1834 ab
1949 1780 2058 1833 imo

466 1884 639 1939 fundo
691 1881 978 1941 evertitur,
1047 1877 1228 1932 adhuc
1296 1883 1534 1929 aastuant
1585 1871 1951 1943 cogitationes
1991 1871 2058 1924 ad

468 1977 802 2032 mentionem
863 1972 1137 2026 malorum
1194 1967 1639 2023 effervescentes.
1693 1964 1830 2019 Cum
1895 1964 2062 2034 igitur

455 2067 738 2137 eJusmodi
791 2069 1115 2135 tempestate
1176 2061 1396 2114 animus
1452 2063 1764 2113 commotus
1808 2058 1906 2122 sit,
1965 2058 2060 2126 qui

471 2159 602 2215 fieri
658 2166 837 2229 potest
889 2163 948 2210 ut
997 2161 1151 2209 recto
1189 2167 1354 2206 cursu
1395 2149 1570 2203 oratio
1605 2149 1864 2219 procedat
1895 2146 2061 2202 veluti

471 2251 710 2321 procella
756 2247 1018 2319 quadam,
1047 2244 1245 2300 affectu
1277 2242 1486 2297 doloris
1510 2241 1750 2312 iactata?
1787 2240 1894 2296 Sed
1927 2253 2064 2311 quo-

473 2345 618 2398 niam
643 2340 859 2412 iubenti
905 2339 1287 2408 obtemperare
1333 2342 1572 2406 oportet,
1608 2335 1799 2389 nescio
1827 2347 1936 2402 quo
1975 2347 2067 2402 ge-

473 2449 602 2489 nere
651 2443 772 2488 utar
827 2429 1118 2485 orationis.
1181 2426 1302 2481 Non
1365 2424 1510 2480 enim
1570 2424 1882 2494 excogitare
1938 2437 2065 2493 pos-

416 2510 418 2512 V
475 2540 595 2579 sum
658 2522 858 2592 quibus
912 2519 1248 2590 coniecturis
1281 2530 1544 2585 assequar
1577 2525 1812 2570 mentem
1861 2529 2062 2584 prazce-

474 2615 668 2683 ptoris.
705 2613 787 2664 An
833 2608 1063 2665 forsitan
1097 2608 1259 2663 etiam
1298 2605 1503 2675 aliquid
1541 2604 1852 2675 aegritudini
1881 2603 2063 2659 indul-

477 2719 604 2776 gere
653 2703 790 2765 vult,
828 2715 893 2756 ac
935 2699 1119 2755 verbis
1168 2699 1235 2753 ad
1291 2697 1520 2754 allectus
1580 2695 1937 2751 concitandos
1972 2709 2063 2749 ac-

434 2823 442 2830 -
475 2793 840 2852 commodatis
870 2793 1125 2848 concioni
1160 2791 1448 2862 Jacrymas
1487 2788 1873 2844 commovere?
1904 2788 1982 2844 Ac
2016 2789 2062 2844 si

477 2889 555 2942 ita
585 2885 775 2948 sentit,
819 2893 989 2947 recte,
1046 2897 1168 2937 meo
1224 2881 1445 2951 quidem
1499 2879 1730 2949 judicio,
1770 2879 1933 2934 etiam
1961 2880 2064 2938 hoc

2157 955 2224 1008 ἂν
2255 954 2331 1026 μὴ
2353 953 2490 1024 πρὸς
2508 953 2569 1006 τὸ
2599 951 2771 1016 πάθος
2793 953 2823 1005 ὁ
2845 952 3001 1020 λόγος
3021 949 3428 1013 καθελκυσθεὶς,
3451 949 3732 1022 τὴν-ἀκοὴν

2154 1046 2445 1100 ἀνιάσειεν.
2473 1043 2639 1097 Οὔπω
2665 1042 2774 1114 γάρ
2799 1041 3052 1104 τοσοῦτος
3090 1042 3120 1093 ὁ
3150 1042 3208 1094 ἐν
3230 1039 3308 1110 τῷ
3340 1041 3489 1110 μέσῳ
3516 1042 3730 1113 χρόνος,

2155 1137 2295 1190 ὥστε
2323 1135 2648 1208 προσεθίσαι
2668 1133 2748 1204 τῷ
2774 1132 2926 1203 καλῷ
2955 1132 3058 1202 τὴν
3101 1133 3356 1187 διάνοιαν.
3387 1131 3508 1185 Ἔτι
3538 1133 3659 1186 νέον
3684 1135 3736 1186 ἐν

2154 1234 2222 1302 τῇ
2251 1230 2396 1301 ψυχῇ
2421 1229 2483 1282 τὸ
2506 1227 2676 1291 πάθος
2697 1267 2712 1291 ,
2738 1225 2879 1296 τάχα
2905 1225 2961 1279 δὲ
2988 1225 3083 1279 καὶ
3107 1225 3192 1279 ἀεὶ
3217 1224 3336 1278 νέον
3361 1225 3515 1278 ἔσται
3538 1225 3620 1296 τῷ
3646 1226 3735 1296 βίῳ

2154 1323 2218 1375 τὸ
2251 1321 2492 1392 ἄλγημα⁹
2556 1319 2637 1373 ἔτι
2704 1319 3040 1391 ταράσσεται
3097 1316 3312 1388 ’1)μῶνὴ
3367 1316 3589 1388 καρδία,
3654 1320 3736 1372 καὶ

2163 1413 2412 1486 καθάπερ
2459 1431 2544 1477 τις
2582 1411 2827 1467 Θάλασσα
2853 1409 3243 1482 κυματουμένη
3273 1411 3340 1480 τῇ
3377 1409 3604 1463 λαίλαπι
3648 1411 3735 1480 τῆς

2161 1506 2442 1578 συμφορᾶς
2488 1507 2552 1558 ὲκ
2582 1504 2758 1574 βυθῶν
2787 1503 3220 1571 ἀναστρέφεται·
3265 1501 3347 1554 ἔτι
3374 1500 3665 1554 διοιδοῦσιν
3692 1503 3734 1554 οἱ

2158 1596 2449 1666 λογισμοὶ,
2478 1595 2614 1666 πρὸς
2651 1593 2752 1665 τὴν
2785 1595 3007 1664 μνήμην
3038 1592 3147 1647 τῶν
3186 1592 3372 1647 κακῶν
3400 1592 3731 1658 ἀναζέοπς.

2172 1689 2539 1760 ’Δστατούσης
2582 1684 2676 1744 οὖν
2717 1687 2796 1759 τῷ
2838 1686 3065 1758 τοιούτῳ
3111 1686 3341 1740 κλύδωνι
3386 1688 3486 1758 τῆς
3529 1688 3732 1758 ψυχῆς.

2161 1783 2278 1847 πῶς
2305 1783 2418 1836 ἔστι
2445 1783 2781 1854 προαγαγεῖν
2812 1783 2900 1834 ἐπ’
2931 1779 3146 1843 εὐθείας
3179 1779 3268 1832 τὸν
3293 1779 3470 1848 λόγον,
3500 1775 3612 1834 οἷόν
3642 1798 3734 1834 τινι

2157 1875 2437 1944 καταιγίδι
2501 1873 2579 1946 τῷ
2631 1873 2793 1928 πάθει
2861 1872 2961 1943 τῆς
3007 1871 3184 1942 λύπης
3247 1871 3731 1942 ὲγχειμαζόμενον;

2176 1967 2314 2020 Ἀλλ’
2351 1965 2536 2036 ἐπειδὴ
2558 1966 2663 2038 χρὴ
2693 1962 2968 2018 κελεύοντι
2994 1963 3298 2026 πείθεσθαι,
3321 1963 3423 2016 δύκ
3449 1959 3570 2017 οἶδα
3600 1965 3735 2028 ὅπως

2162 2057 2238 2128 τῷ
2263 2059 2406 2130 λόγῳ
2433 2060 2730 2130 χρήσομαι.
2763 2056 2836 2110 Οὐ
2863 2057 2970 2128 γὰρ
2999 2055 3238 2128 εὑρίσκω
3265 2056 3364 2127 τῆς
3389 2055 3628 2119 διανοίας
3651 2057 3732 2110 τοῦ

2164 2152 2482 2206 διδασκάλου
2517 2149 3050 2221 καταστοχάσασθαι.
3107 2149 3179 2202 Ἢ
3207 2148 3350 2219 τάχα
3396 2147 3643 2217 βούλεταί
3683 2165 3731 2200 τι

2165 2244 2260 2298 καὶ
2299 2243 2376 2314 τῷ
2420 2243 2582 2297 πάθει
2629 2240 2959 2314 χαρίσασθαι
2982 2281 2996 2305 ,
3041 2240 3135 2294 καὶ
3173 2242 3286 2303 τοῖς
3317 2239 3734 2309 ὲμπαθεστέροις

2166 2335 2275 2388 τῶν
2304 2335 2478 2404 λόγων
2504 2332 2836 2404 ἀνακινῆσαι
2861 2336 2927 2404 τῇ
2955 2331 3220 2404 ἐκκλησίᾳ
3247 2331 3308 2384 τὸ
3334 2331 3603 2402 δάκρυονς
3639 2333 3735 2384 Καὶ

2169 2429 2218 2480 εί
2245 2426 2417 2481 ταῦτα
2441 2427 2753 2490 διανοεῖται,
2783 2424 2979 2497 ὀρθῶς,
3007 2425 3149 2479 κατά
3171 2441 3232 2492 γε
3255 2424 3354 2496 την
3379 2424 3516 2495 ἐμὴν
3543 2425 3733 2494 κρίσιν,

2173 2518 2437 2572 καὶτοῦτο
2462 2509 2622 2572 ποιεῖ’
2641 2519 2723 2571 δεῖ
2741 2517 2848 2589 γὰρ
2869 2517 3106 2583 πάντως,
3131 2515 3283 2570 ὥσπε
3290 2534 3322 2586 ρ
3341 2517 3436 2589 τὴν
3452 2517 3736 2570 ἀπόλαυσιν

2169 2608 2277 2662 τῶν
2309 2607 2527 2676 ἀγαθῶν
2566 2605 2992 2678 προθυμούμεθα
3017 2646 3031 2670 ,
3085 2606 3226 2660 οὕτω
3267 2608 3362 2661 καὶ
3393 2607 3530 2678 πρὸς
3560 2605 3624 2660 τά
3649 2607 3738 2659 λυ-

2171 2699 2322 2770 πηρά
2358 2698 2465 2752 τῶν
2509 2699 2930 2770 συμπιπτόντων
2976 2697 3194 2761 οίκείως
3229 2697 3395 2768 ἔχειν.
3443 2697 3612 2751 Τοῦτο
3641 2697 3741 2766 γάρ

2172 2790 2266 2845 καὶ
2292 2792 2321 2843 ὁ
2385 2790 2816 2862 Ἐκκλησιαστὴς
2862 2789 3241 2862 συμϐουλεύει.
3287 2792 3536 2860 Καιρὸς,
3581 2790 3740 2862 φησι,

2172 2882 2278 2937 τοῦ
2303 2881 2580 2953 γελάσαι,
2613 2883 2714 2937 καὶ
2746 2885 2953 2952 καιρὸς
2984 2883 3090 2938 τοῦ
3119 2883 3400 2939 κλαῦσαι.

473 2982 610 3051 facit
651 3001 664 3036 :
708 2987 923 3050 oportet
955 2977 1103 3033 enim
1148 2991 1375 3048 prorsus
1421 2975 1568 3030 sicut
1633 2975 1902 3029 oblectari
1951 2980 2227 3046 cupimus,
2278 2984 2332 3032 ct
2387 2977 2688 3033 commodis
2734 2977 2899 3032 rebus
2948 2976 3183 3033 fruimur
3253 2979 3505 3043 libenter,
3564 2978 3636 3033 ita
3682 2977 3747 3032 ad

479 3080 667 3134 tristes
697 3085 752 3130 et
782 3074 1009 3130 acerbos
1050 3087 1267 3144 quoque
1319 3087 1483 3126 casus
1539 3086 1641 3126 nos
1690 3072 2132 3126 accommodare.
2176 3073 2230 3128 1d
2263 3074 2406 3130 enim
2466 3073 2631 3128 etiam
2675 3073 2918 3130 consulit
2948 3072 3334 3137 Ecclesiastes,
3396 3072 3618 3144 Tempus
3669 3087 3750 3126 est

482 3170 682 3238 inquit,
719 3165 947 3229 ridendi,
986 3173 1186 3234 tempus
1209 3173 1286 3218 est
1326 3165 1449 3217 item
1481 3163 1645 3231 ﬂendi
1669 3163 1714 3215 '..

552 3261 656 3317 Per
691 3261 803 3315 haec
834 3259 980 3314 enim
1012 3258 1306 3323 discimus,
1364 3258 1511 3327 quod
1548 3258 1615 3310 ad
1651 3271 1767 3310 rem
1832 3271 2066 3326 praesen-

2247 3257 2607 3328 Μανθάνομεν
2642 3255 2751 3328 γὰρ
2782 3255 2870 3310 διὰ
2906 3253 3130 3321 τούτων,
3163 3255 3245 3308 ὅτι
3287 3255 3371 3309 δεῖ
3407 3257 3752 3330 καταλληλως

483 3364 595 3410 tem
638 3359 888 3424 oporteat
929 3350 1100 3406 etiam
1153 3351 1397 3405 animum
1454 3349 1891 3404 accommodare.
1939 3347 2074 3403 Pro-

483 3463 644 3519 spere
671 3463 759 3503 res
789 3445 1099 3501 succedunt
1125 3488 1140 3511 ,
1170 3443 1559 3514 tempestivum
1587 3450 1672 3498 est
1704 3443 1878 3497 laztari
1928 3460 1940 3494 :
1989 3459 2076 3498 re-

484 3541 646 3596 dacta
681 3546 766 3595 est
811 3536 1072 3592 alacritas
1125 3535 1294 3590 animi
1353 3534 1422 3588 ad
1470 3533 1894 3602 demissionem;
1946 3549 2077 3589 con-

484 3633 625 3688 verti
648 3632 810 3688 etiam
845 3631 1100 3686 convenit
1160 3627 1404 3685 laetitiam
1443 3627 1496 3681 in
1550 3627 1846 3698 lacrymas.
1871 3625 2072 3694 Quem-

487 3723 778 3780 admodum
827 3723 971 3779 enim
1013 3722 1162 3777 risus
1213 3720 1432 3790 signum
1496 3719 1553 3773 in
1610 3721 1794 3773 animo
1854 3718 2076 3774 latentis

487 3815 788 3870 alacritatis
845 3822 934 3870 est
976 3832 989 3868 :
1029 3813 1105 3866 ita
1149 3812 1315 3866 etiam
1361 3810 1519 3866 dolor
1567 3810 1624 3864 in
1672 3809 1840 3865 corde
1891 3809 2078 3865 delite-

491 3921 650 3962 scens
688 3920 787 3976 per
834 3903 996 3959 ﬂetus
1031 3910 1086 3957 et
1137 3901 1571 3966 lamentationes:
1593 3900 1932 3972 significatur
1967 3919 1980 3954 :
2013 3915 2076 3954 ac

488 3999 777 4052 vulnerum
830 3995 1000 4050 animi
1041 4002 1301 4064 tanquam
1361 3993 1589 4063 sanguis
1645 3993 1898 4064 lacrymaa
1928 4003 2072 4047 sunt.

491 4085 549 4140 Id
589 4086 750 4140 etiam
779 4081 1136 4137 Proverbium
1171 4081 1485 4136 Salomonis
1514 4082 1590 4135 ait
1627 4081 1854 4137 :Cordis
1889 4083 2077 4137 lwtan-

491 4177 560 4230 tis
592 4177 764 4230 vultus
806 4175 958 4243 ﬂoret
1010 4173 1222 4227 :am’mi
1259 4189 1378 4226 vero
1429 4175 1656 4228 tristitia
1678 4175 1866 4245 suffecti
1904 4175 2076 4230 vultus

492 4277 707 4323 nixatur
736 4284 799 4320 ac
829 4266 1090 4320 demissus
1136 4275 1214 4319 est
1234 4264 1274 4317 ³.
1312 4263 1552 4320 Proinde
1586 4281 1818 4338 prorsus
1852 4283 2078 4323 necesse

474 4369 578 4415 est
616 4375 743 4414 cum
786 4358 1075 4414 affectione
1113 4356 1295 4412 cordis
1347 4372 1455 4413 una
1515 4359 1763 4413 contrahi
1799 4367 1963 4426 atque
1991 4360 2079 4414 de-

493 4451 632 4504 mitti
675 4450 1000 4505 orationem.
1063 4446 1242 4516 Atque
1286 4450 1494 4503 utinam
1551 4449 1784 4503 inveniri
1852 4461 2079 4520 possent

493 4540 764 4608 ejusmodi
793 4540 974 4608 aliqua
1027 4537 1218 4601 verba,
1261 4539 1463 4607 quibus
1515 4555 1745 4609 magnus
1795 4539 2073 4608 quondam

2177 3347 2254 3418 τῷ
2287 3347 2629 3418 ὑποκειμένῳ
2677 3348 2770 3401 καὶ
2821 3347 2919 3418 τὴν
2965 3345 3142 3418 ψυχὴν
3193 3346 3545 3402 διατίθεσθαι.
3595 3351 3753 3404 Κατά

2179 3439 2307 3511 ροὖν
2340 3440 2408 3493 τά
2438 3441 2736 3512 πράγματα
2769 3439 3029 3509 φέρεται;
3078 3437 3333 3510 εὔκαιρον
3371 3439 3434 3492 τὺ
3473 3440 3756 3510 εὐφραίνε-

2178 3529 2302 3583 σθαι
2321 3546 2335 3562 ⁶
2380 3531 2645 3601 μετέπεσε
2672 3529 2733 3583 τὸ
2762 3529 2980 3600 φαιδρὸν
3005 3530 3082 3594 εἰς
3115 3530 3447 3600 κατήφειαν;
3481 3533 3760 3601 μεταϐάλο

2176 3620 2290 3673 λειν
2323 3622 2588 3692 προσήκει
2612 3621 2705 3674 καὶ
2732 3620 2830 3690 τὴν
2860 3619 3126 3690 εὐθυμίαν
3155 3622 3234 3685 εἰς
3262 3620 3510 3693 δάκρυον.
3540 3623 3764 3695 Ὥσπερ

2176 3711 2285 3782 γὰρ
2312 3714 2341 3765 ό
2365 3711 2537 3781 γέλως
2567 3713 2789 3783 σημεῖον
2814 3711 2912 3782 τῆς
2951 3711 3097 3764 ἔνδον
3130 3713 3473 3784 φαιδρότητος
3503 3713 3722 3783 γίνεται
3745 3758 3760 3781 ,

2175 3803 2318 3857 οὕτω
2353 3805 2446 3857 καὶ
2491 3805 2520 3856 ὁ
2562 3805 2619 3856 ὲν
2663 3805 2730 3875 τῇ
2790 3802 2990 3875 καρδίᾳ
3038 3803 3200 3867 πόνος
3239 3804 3341 3857 ὑπὸ
3377 3804 3487 3858 τῶν
3537 3804 3764 3878 θρήνων

2175 3894 2251 3947 διε
2260 3912 2290 3965 ρ
2299 3894 2588 3964 μηνεύεται
2615 3937 2629 3962 ,
2651 3894 2964 3963 καὶγίνεται
2985 3894 3092 3948 τῶν
3107 3895 3208 3965 τῆς
3229 3896 3407 3967 ψυχῆς
3427 3900 3764 3969 τραυμάτων

2178 3987 2366 4059 ὥσπερ
2421 3982 2561 4059 αἷμα
2611 3989 2672 4041 τὸ
2727 3987 2984 4059 δάκρυον.
3039 3987 3208 4042 Τοῦτο
3263 3989 3358 4041 καὶ
3402 3991 3439 4060 ἡ
3484 3991 3762 4061 Παροιμία

2179 4080 2522 4151 Σολομῶντός
2577 4097 2770 4151 φησιν,
2809 4080 2892 4134 ὅτι
2938 4079 3197 4148 Καρδίας
3257 4082 3758 4151 εὐφραινομένης,

2178 4174 2501 4241 πρόσωπον
2517 4171 2726 4227 θάλλει
2744 4188 2757 4202 ·
2777 4171 2888 4241 τῆς
2908 4170 3115 4240 ψυχῆς
3131 4171 3200 4225 δὲ
3219 4171 3288 4226 ὲν
3301 4172 3526 4239 λύπαις
3543 4175 3760 4241 οὔσης,

2179 4259 2605 4330 σκυθρωπάζει.
2644 4259 2854 4314 Οὐκοῦν
2876 4260 3092 4330 ἀνάγκη
3123 4262 3270 4315 πᾶσα
3295 4265 3360 4332 τῇ
3395 4263 3641 4318 διαθέσει
3669 4266 3762 4335 τῆς

2181 4353 2405 4424 καρδίας
2437 4351 2901 4423 συσκυθρωπάσαι
2935 4353 3024 4406 τὸν
3052 4353 3228 4422 λόγον.
3257 4354 3367 4407 Καὶ
3395 4353 3508 4407 εἴθε
3537 4355 3761 4409 δυνατὸν

2184 4439 2252 4514 ἦν
2288 4443 2562 4506 τοιούτους
2614 4442 2855 4513 ἐξευρεῖν
2903 4458 3054 4505 τινας
3097 4441 3308 4510 λόγους,
3342 4443 3488 4505 οῖους
3520 4444 3550 4496 ὁ
3589 4446 3760 4514 μέγας

2195 4535 2457 4608 Ἱερεμίας
2510 4536 2576 4605 τῇ
2641 4535 2894 4606 συμφορᾷ
2943 4551 3069 4587 ποτε
3113 4533 3221 4588 τῶν
3267 4534 3624 4606 Ἰσραηλιτῶν
3671 4537 3757 4588 £2:-

492 4630 762 4686 Jeremias
812 4627 1186 4684 Israelitarum
1245 4628 1454 4682 cladem
1505 4627 1753 4682 deﬂevit!
1793 4627 1903 4682 Illis
1931 4629 2066 4684 enitr

2183 4625 2502 4698 εθρήνησεν.
2539 4625 2791 4680 Ἑκείνων
2820 4626 2928 4696 γὰρ
2958 4625 3084 4690 ἄξια
3110 4625 3180 4678 τά
3199 4625 3444 4697 παρόντα
3477 4625 3758 4696 uillam!)

497 4719 787 4790 praesentia
817 4717 990 4786 magis
1022 4715 1185 4785 digna
1217 4724 1365 4782 sunt,
1396 4731 1558 4786 quam
1591 4717 1637 4774 si
1671 4717 1802 4786 quid
1833 4717 1982 4773 aliud
2009 4735 2074 4776 ex

495 4809 820 4880 antiquitate
874 4807 1035 4861 triste
1085 4805 1351 4860 memoria
1416 4814 1653 4862 tenetur.
1705 4807 1813 4863 Res
1869 4809 2078 4864 acerbae

495 4911 660 4972 atque
683 4912 899 4957 atroces
928 4906 1076 4961 sunt,
1111 4913 1236 4968 qua:
1270 4907 1568 4953 narrantur
1596 4899 1665 4955 de
1696 4897 1820 4955 Job.
1849 4901 1920 4955 At
1947 4901 2078 4971 quid

495 5008 636 5062 opus
670 5002 755 5046 est
798 5008 923 5046 cum
970 4993 1073 5046 hoc
1125 4999 1278 5045 tanto
1311 4991 1657 5044 incommodo
1686 4991 1851 5047 unius
1879 4991 2076 5048 domus

496 5090 786 5138 numeratu
818 5083 1006 5138 faciles
1037 5081 1404 5149 comparare?
1430 5079 1571 5146 Quin
1602 5084 1767 5137 etiam
1799 5085 1845 5140 si
1879 5100 2074 5156 magna

496 5175 782 5245 magisque
814 5174 1130 5228 communia
1163 5172 1304 5225 mala
1334 5177 1850 5231 connnemoraveris
1870 5215 1884 5239 ,
1917 5184 2075 5233 terrae

495 5274 713 5328 motus,
763 5263 941 5328 bella,
993 5261 1411 5327 inundationes,
1461 5261 1685 5330 hiatus;
1737 5279 1903 5337 parva
1947 5276 2076 5322 sunt

495 5356 660 5410 etiam
693 5355 809 5409 haec
829 5393 844 5416 .
873 5356 917 5408 si
945 5369 1072 5408 cum
1102 5353 1465 5422 praesentibus
1492 5365 1902 5425 comparentur.
1931 5356 2076 5424 Qua-

496 5448 600 5500 re?
628 5447 766 5514 Quia
795 5461 901 5501 non
930 5446 994 5499 ad
1020 5446 1335 5499 universum
1365 5445 1549 5500 statim
1582 5448 1770 5504 orbem
1801 5457 2072 5505 terrarum

498 5535 682 5592 clades
725 5537 854 5592 belli
906 5536 1181 5607 pertinet:
1231 5534 1327 5590 sed
1369 5537 1477 5590 alia
1518 5537 1739 5607 quidem
1787 5555 1916 5611 pars
1957 5541 2074 5612 ejus

569 5715 591 5748 ²
628 5712 809 5770 Ecclc.
838 5718 992 5779 1",}.
1075 5718 1094 5749 ³
1117 5715 1295 5772 Eccle.
1335 5733 1430 5786 vn,
1462 5717 1518 5776 4.

2182 4719 2235 4770 εῐ
2277 4735 2330 4771 τι
2377 4717 2486 4770 τῶν
2532 4717 2776 4788 ἀρχαίων
2827 4719 2886 4769 ὲν
2941 4717 3286 4787 σκυθρωποῖς
3339 4721 3756 4790 μνημονεύεται.

2181 4805 2404 4860 Χαλεπά
2432 4806 2500 4859 τά
2531 4806 2626 4858 τοῦ
2673 4804 2790 4858 Ἰὼϐ
2833 4806 3168 4877 διηγήματα.
3215 4807 3375 4861 Ἀλλά
3407 4808 3459 4860 τί
3484 4812 3598 4881 χρὴ
3635 4811 3761 4882 πρὸς

2179 4897 2335 4950 τοῦτο
2379 4897 2548 4949 κακὸν
2590 4897 2978 4965 ἀντεξαγαγεῖν
3030 4897 3162 4965 μιᾶς
3193 4897 3371 4960 οίκίας
3414 4899 3757 4971 εὐαρίθμητα

2184 4988 2363 5059 πάθης
2416 4987 2534 5042 Κᾶν
2568 4987 2636 5042 τὰ
2679 4988 2888 5058 μεγάλα
2938 4988 3030 5041 καὶ
3083 4989 3363 5059 κοινότερα
3415 4989 3527 5043 τῶν
3578 4992 3757 5046 κακῶν

2177 5081 2470 5152 διεξέλθῃς,
2524 5081 2799 5150 σεισμοὺς,
2831 5081 2924 5133 καὶ
2972 5079 3259 5150 πολέμους,
3295 5081 3387 5133 καὶ
3422 5080 3754 5142 ἐπικλύσεις.

2180 5173 2270 5225 καὶ
2303 5171 2579 5242 χάσματα,
2617 5169 2789 5242 μικρά
2815 5171 2908 5224 καὶ
2942 5170 3136 5235 ταῦτα,
3170 5171 3217 5222 εί
3250 5171 3385 5241 πρὸς
3415 5171 3487 5224 τὰ
3521 5173 3761 5244 παρόντα

2179 5263 2436 5335 κρίνοιτο.
2481 5261 2579 5315 Διὰ
2613 5262 2695 5325 τίς
2741 5262 2863 5314 ’Ότι
2897 5262 2957 5315 ού
2995 5261 3176 5328 πάσης
3207 5261 3419 5333 ἀθρόως
3451 5263 3558 5334 τῆς
3590 5265 3761 5316 οἰκου-

2185 5355 2352 5426 μένης
2397 5355 2430 5425 ἡ
2485 5354 2628 5408 κατὰ
2675 5353 2909 5424 πόλεμον
2933 5353 3164 5407 ἅπτεται
3197 5353 3486 5424 συμφοράο
3523 5354 3661 5408 ἀλλά
3706 5353 3764 5405 to

2183 5448 2284 5518 μέν
2322 5463 2374 5500 τι
2420 5446 2736 5516 πολεμεῖται
2778 5448 2966 5518 αὐτῆς,
3001 5447 3062 5499 τὸ
3091 5446 3148 5499 δὲ
3181 5444 3524 5517 είρηνεύεται
3575 5445 3760 5516 μέρος.

2185 5541 2248 5594 Τί
2290 5541 2480 5608 πάλιν;
2536 5542 2605 5594 Ἤ
2651 5541 2890 5613 σκηπτὸς
2928 5539 3257 5609 έπέφλεξεν,
3301 5539 3335 5610 ἢ
3385 5539 3446 5593 τὸ
3485 5538 3635 5611 ὕδωρ
3667 5541 3765 5592 sx—
