3918 6204
251 294 350 350 881

1283 299 1544 356 ORATIO
1585 299 1932 357 FUNEBRIS
1997 300 2084 354 DE
2146 299 2504 356 PLACILLA.

3419 298 3523 353 88"!

251 416 498 482 έκλυσεν,
526 417 560 490 ἢ
595 419 870 492 κατεπόθη
902 422 980 494 τῷ
997 423 1256 494 χάσματι.
1281 424 1356 477 Τὸ
1382 425 1440 478 δὲ
1471 424 1644 496 παρὸν
1673 426 1819 478 κακὸι

1946 426 2089 481 bello
2122 425 2436 490 infestatur,
2473 425 2577 478 alia
2606 438 2736 478 vero
2768 437 2895 493 pars
2941 437 3074 494 pace
3120 421 3337 479 fruitur.
3383 423 3526 490 Quid

249 510 429 581 πάσης
461 509 674 582 ἀθρόως
703 512 800 583 τῆς
819 515 1143 587 οἰκουμένης
1171 516 1290 569 ἐστὶ
1315 517 1518 587 πληγή.
1550 517 1664 571 Οὐκ
1687 517 1840 574 ἔστιν

250 599 400 663 ἔθνος
426 599 484 652 ἓν
514 601 547 672 ἢ
585 601 740 655 πόλιν
773 604 902 673 μίαν
933 605 1380 678 ἀπολοφύρασθαι
1403 623 1418 638 ο
1463 607 1576 662 ἀλλ’
1611 609 1841 680 ἁρμόζει

247 693 392 763 τάχα
421 694 520 764 τὴν
548 693 643 747 τοῦ
693 695 1168 770 Ναϐουχοδονόσορ
1203 699 1490 770 προΐεσθαι
1537 699 1740 771 φωνὴν,
1773 700 1841 770 ἢν

249 785 390 856 πρὸς
447 787 574 849 τοὺς
633 787 984 860 ὑποχειρίους
1036 791 1363 860 πεποίηται’
1427 790 1600 859 ’Υμῖν
1652 791 1838 860 λέγω,

245 879 418 944 λαὸς,
475 879 686 947 φυλαὶ,
739 881 1035 950 γλῶσσαι.
1072 882 1290 937 Μᾶλλον
1334 883 1393 936 δὲ
1447 884 1838 955 συγχωρήσατέ

250 981 364 1034 μοι,
391 966 706 1037 προσθεῖναί
735 986 787 1022 τι
813 969 894 1040 τῷ
927 970 1196 1042 Ἀσσυρίῳ
1227 971 1568 1044 κηρύγματι,
1603 973 1837 1044 μεγαλο-

246 1059 553 1130 φωνότερον
610 1061 952 1134 ἀνακηρύξαι
1011 1062 1110 1135 τὴν
1164 1065 1448 1135 συμφοράν
1499 1066 1594 1120 καὶ
1641 1067 1835 1130 εἰπεῖν,

241 1148 317 1212 ὡς
358 1149 425 1203 ἄν
468 1167 554 1216 τις
599 1152 692 1206 ἐπὶ
725 1155 936 1224 σκηνῆς
971 1154 1281 1228 ἀναϐοήσας
1330 1157 1506 1211 εἷπον
1542 1153 1613 1210 Ὦ
1657 1157 1839 1222 πόλεις

242 1241 342 1294 καὶ
372 1241 555 1311 δῆμοι,
591 1243 686 1296 καὶ
717 1242 844 1315 ἔθνη
892 1246 986 1298 καὶ
1034 1246 1296 1318 σύμπασα
1338 1247 1436 1318 γῆ,
1471 1249 1566 1301 καὶ
1596 1250 1695 1319 τῆς
1738 1249 1837 1304 θαο

242 1332 450 1403 λάσσης
498 1334 623 1387 ὅσον
667 1351 728 1388 τε
778 1334 1024 1406 πλώῖμον
1068 1337 1163 1391 καὶ
1207 1339 1330 1392 ὅσον
1384 1337 1734 1408 οίκούμενονο
1790 1333 1836 1392 ὦ

239 1423 430 1494 πάσης
453 1424 554 1495 τῆς
588 1425 711 1479 καθ’
740 1427 888 1497 ἡμᾶς
919 1428 1246 1500 οἰκουμένης
1275 1430 1399 1484 ὅσον
1453 1429 1530 1501 τῷ
1571 1431 1835 1501 σκήπτρῳ

233 1517 342 1587 τῆς
389 1516 667 1586 βασιλείας
715 1518 1018 1583 εὐθύνεται,
1061 1514 1106 1574 ὧ
1154 1521 1356 1584 πάντες
1394 1522 1443 1575 oi.
1497 1519 1835 1592 πανταχόθεν

239 1608 550 1680 ἄνθρωποι,
592 1613 744 1681 κοινῇ
775 1610 854 1682 τῷ
903 1612 1066 1666 πάθει
1114 1614 1522 1679 ἐπιστενάξατε,
1555 1618 1706 1686 κοινῇ
1738 1613 1832 1668 τοῦ

233 1699 442 1771 θρήνου
487 1700 586 1770 τὴν
633 1701 898 1772 συνῳδίαν
933 1703 1225 1774 στήσασθε,
1269 1707 1421 1777 κοινῇ
1465 1705 1574 1778 τὴν,
1613 1706 1832 1759 πάντων

232 1789 447 1862 ζημίαν
476 1792 913 1864 ἀπολοφύρασθεξ.
954 1795 1026 1848 Ἦ
1058 1795 1333 1866 βούλεσθε,
1381 1796 1557 1861 καθὼς
1611 1798 1678 1851 ἂν
1721 1790 1830 1861 οἷός

232 1900 296 1935 τε
329 1875 396 1949 ὦ,
439 1883 533 1937 καὶ
553 1884 651 1956 τὴν
682 1885 888 1956 ζημίαν
918 1885 1047 1958 ὑμῖν
1075 1887 1450 1959 διηγήσωμαι;
1479 1889 1746 1956 Ἦνεγκεν
1771 1889 1829 1940 ἐν

229 1977 302 2044 τῇ
337 1973 457 2028 καθ’
488 1976 634 2046 ἡμᾶς
659 1978 824 2048 γενεᾷ
859 1978 893 2047 ή
923 1977 1239 2051 ἀνθρωπίνη
1280 1979 1442 2049 φύσις
1467 1980 1676 2034 ἐκϐᾶσα
1703 1981 1834 2043 τοὺς.

232 2065 407 2130 ἰδίους
452 2067 634 2137 ὅρους,
685 2069 780 2122 καὶ⁵
832 2068 902 2123 τὰ
961 2070 1162 2143 συνήθη
1223 2071 1400 2144 μέτρα
1451 2073 1742 2143 νικήσασα,
1791 2076 1823 2144 ἡ

232 2157 427 2226 φύσις,
461 2157 658 2228 μᾶλλον
695 2159 756 2214 δὲ
786 2160 815 2214 6
838 2160 938 2231 τῆς
977 2159 1190 2230 φύσεως
1224 2161 1448 2234 Κύριος,
1481 2162 1826 2234 ἀνθρωπίνην

225 2249 414 2320 ψυχὴν
441 2251 502 2304 ὲν
529 2251 823 2322 γυναικείῳ
860 2252 940 2324 τῷ
972 2253 1207 2325 σώματι,
1238 2255 1382 2326 ὑπὲρ
1426 2254 1604 2308 πάντα
1641 2254 1825 2326 σχεδὸν

229 2341 301 2393 τὰ
334 2342 675 2412 προλαϐόντα
703 2343 802 2416 τῆς
832 2346 1036 2418 ἀρετῆς
1074 2347 1467 2418 ὑποδείγματα,
1503 2349 1560 2400 ὲν
1675 2349 1824 2400 πᾶσα

233 2432 349 2502 μὲν
393 2431 668 2504 σώματος,
714 2437 864 2490 πᾶσα
901 2437 958 2492 δὲ
996 2437 1172 2510 ψυχῆς
1210 2439 1378 2510 ἀρετὴ
1423 2439 1821 2511 συνδραμούσα,

228 2523 420 2596 θαῦμα
466 2525 695 2582 ἄπιστον
742 2529 911 2594 ἔδειξε
960 2532 1025 2602 τῇ
1071 2531 1388 2604 ἀνθρωπίνῃ
1440 2531 1587 2602 ζωῇ,
1641 2532 1823 2586 πόσων

225 2615 455 2684 ἀγαθῶν
480 2617 786 2691 συνδρομὴν
811 2623 910 2692 μιᾷ
937 2621 1083 2693 ψυχῇ
1114 2624 1172 2675 ὲν
1205 2623 1285 2676 ἑνὶ
1311 2621 1553 2694 ἐχώρησε
1573 2623 1817 2694 σώματι;

226 2708 346 2761 Καὶ
372 2709 449 2772 ὡς
495 2711 561 2765 ἂν
614 2711 851 2783 μάλιστα
887 2714 1196 2784 καταφανὲς
1249 2714 1417 2768 ἅπασι
1465 2715 1821 2784 γένοιτοτῆς

225 2800 425 2865 γενεᾶς
452 2799 514 2851 τὺ
543 2799 846 2872 εὐτύχημα,
892 2804 983 2856 ἐπὶ
1009 2802 1101 2857 τὸν
1139 2802 1340 2874 ὑψηλὸν
1385 2801 1570 2873 θρόνον
1600 2803 1696 2873 τῆς
1727 2801 1820 2871 βα-

227 2885 439 2950 σιλείας
471 2888 754 2957 ἀνάγεται,
801 2891 949 2954 ὅπως
990 2889 1138 2962 ήλίου
1184 2891 1337 2963 δίκην
1381 2892 1448 2944 ὲκ
1484 2891 1578 2945 τοῦ
1614 2890 1818 2960 ὑψηλοῦ

224 2977 542 3049 ἀξιώματος
587 2982 769 3034 πᾶσαν
802 2981 902 3053 τὴν
947 2981 1271 3054 οἰκουμένην
1321 2985 1443 3044 ταῖς
1487 2983 1668 3037 ἀκτῖσι
1709 2983 1820 3035 τῶν

1943 518 2184 574 rursus?
2207 517 2315 572 Aut
2346 516 2551 571 fulmen
2583 515 2791 585 aliquid
2822 517 3229 580 concremavit,
3257 523 3348 570 aut
3375 530 3529 585 aqua!

1943 609 2026 666 vis
2056 609 2275 677 obruit,
2312 609 2380 663 ab
2411 608 2565 662 hiatu
2599 615 2763 678 atque
2792 609 3052 680 voragine
3082 608 3284 664 alicubi
3335 609 3528 665 absor-

1943 701 2058 770 ptio
2087 701 2230 757 facta
2260 709 2366 757 est.
2400 701 2479 757 Ac
2510 716 2754 772 praesens
2781 701 2988 757 malum
3025 703 3264 758 universi
3299 717 3526 772 prorsus

1943 793 2094 850 orbis
2136 801 2408 848 terrarum
2457 794 2662 848 vulnus
2703 802 2788 849 est
2845 812 2860 849 :
2907 793 3178 848 fierinon
3235 804 3411 865 potest
3467 802 3526 847 ut

1943 898 2050 938 una
2087 900 2256 954 gens,
2294 892 2390 938 aut
2426 884 2562 940 urbs
2599 898 2707 938 una
2740 884 3096 950 lamentetur,
3133 885 3228 940 sed
3265 886 3526 940 convenit

1944 974 2174 1032 forsitan
2203 972 2766 1036 NabuchodonosOris
2790 982 2962 1037 edere
2996 996 3185 1036 vocem
3208 1022 3223 1045 ,
3259 997 3366 1051 qua
3397 981 3527 1036 sub-

1941 1065 2086 1122 ditos
2115 1069 2350 1138 appellat
2381 1089 2395 1124 :
2429 1070 2587 1125 Vobis
2605 1071 2760 1136 .dico,
2788 1073 2994 1141 populi,
3026 1072 3222 1137 tribus,
3251 1073 3449 1142 lingua?
3479 1071 3520 1126 ⁸.

1943 1154 2054 1210 lmo
2089 1174 2218 1212 vero
2264 1162 2562 1229 permittite
2597 1163 2727 1217 mihi
2776 1172 2835 1217 ut
2882 1163 3139 1233 adjiciam
3184 1163 3391 1234 aliquid
3423 1167 3526 1220 As-

1941 1248 2089 1316 syrio
2133 1252 2439 1318 praeconio,
2491 1262 2551 1306 ut
2596 1253 2850 1324 ampliori
2897 1269 3029 1308 voce
3078 1256 3412 1324 proclamem
3457 1269 3523 1309 ac

1937 1337 2209 1410 divulgem
2242 1342 2452 1396 cladem
2483 1359 2546 1398 ac
2575 1344 2793 1411 dicam,
2822 1353 2884 1398 ut
2912 1346 3114 1416 aliquis
3147 1347 3200 1400 in
3229 1363 3391 1401 scena
3423 1364 3489 1402 ex
3509 1375 3522 1387 ε

1937 1427 2182 1484 clamans
2217 1431 2458 1486 dixerit:
2492 1433 2536 1487 0
2565 1435 2816 1491 civitates
2857 1446 2910 1492 et
2954 1437 3140 1507 populi
3164 1475 3179 1498 ,
3224 1445 3279 1491 et
3321 1445 3515 1508 gentes

1934 1527 1988 1572 et
2019 1519 2282 1578 universa
2317 1531 2464 1578 terra
2488 1563 2503 1585 .
2537 1532 2590 1580 et
2619 1527 2791 1584 maris
2826 1528 3090 1598 quidquid
3123 1538 3237 1582 tum
3281 1529 3514 1584 navibus

1935 1611 2180 1679 pervium
2206 1652 2221 1676 ,
2261 1619 2374 1669 tum
2405 1616 2734 1688 (gentibus).
2760 1619 3067 1676 habitatum
3099 1629 3222 1677 est:
3258 1638 3290 1677 ο
3333 1622 3514 1678 omnis

1933 1703 2110 1757 nostri
2137 1705 2289 1760 orbis
2315 1707 2583 1778 quidquid
2617 1711 2831 1781 imperii
2860 1727 3080 1783 sceptro
3109 1714 3337 1785 regitur,
3363 1731 3395 1769 o
3419 1715 3515 1786 qui

1865 1771 1906 1830 Β
1933 1808 1998 1847 ex
2027 1796 2284 1853 omnibus
2309 1800 2557 1866 partibus
2582 1802 2930 1859 conﬂuxistis
2955 1805 3226 1869 homines,
3263 1820 3514 1860 commu-

1931 1886 2074 1939 niter
2103 1889 2405 1943 calamitati
2438 1891 2782 1962 ingemiscite
2802 1936 2818 1962 ,
2847 1898 3211 1952 communiter
3245 1898 3512 1953 lamenta-

1931 1978 2096 2034 tionis
2127 1991 2456 2036 concentum
2501 1984 2809 2050 instituite,
2856 1990 3226 2044 communiter
3265 1993 3511 2045 omnium

1925 2067 2204 2137 jaeturam
2235 2070 2550 2140 deplorate!
2594 2076 2676 2128 An
2730 2076 2897 2133 vultis
2946 2087 3027 2143 ut,
3075 2087 3236 2149 prout
3283 2087 3509 2150 potero,

1929 2160 2094 2213 etiam
2145 2163 2539 2220 detrimentum
2591 2167 2750 2222 vobis
2795 2171 3115 2240 exponam?
3158 2171 3308 2226 'l‘ulit
3349 2180 3512 2228 aetate

1929 2258 2117 2306 nostra
2152 2251 2392 2308 humana
2429 2264 2623 2311 natura
2653 2265 2809 2314 extra
2841 2274 2974 2316 suos
3021 2263 3286 2318 terminos
3317 2278 3510 2334 egres~

1927 2357 2022 2407 sa,
2073 2346 2466 2417 consuetisque
2510 2349 2690 2405 modis
2739 2353 3051 2420 superatis,
3099 2353 3221 2406 tulit
3272 2361 3506 2420 natura,

1928 2435 2037 2490 imo
2063 2452 2192 2493 vero
2216 2447 2426 2494 naturae
2458 2440 2722 2498 Dominus
2753 2443 3046 2498 humanam
3073 2446 3310 2500 animam
3343 2447 3397 2500 in
3430 2447 3511 2502 fe-

1927 2528 2108 2584 mineo
2135 2545 2365 2600 corpore
2391 2549 2558 2603 supra
2586 2537 2769 2590 omnia
2800 2538 3194 2608 propemodum
3221 2539 3506 2609 superiora

1924 2623 2145 2678 virtutis
2172 2625 2421 2696 exempla
2444 2665 2460 2692 ,
2492 2627 2548 2680 in
2581 2643 2688 2699 qua
2717 2629 2897 2685 omnis
2929 2637 3043 2684 tum
3076 2632 3323 2702 corporis
3345 2672 3359 2694 ,
3389 2639 3504 2687 tum

1924 2712 2090 2767 animi
2127 2715 2349 2771 virtutis
2387 2733 2661 2774 concursu
2697 2719 2872 2788 ί.ιοιο,
2905 2723 3233 2777 miraculum
3267 2724 3509 2780 incredi-

1923 2803 2031 2858 bile
2060 2805 2185 2860 vitaz
2229 2807 2484 2864 humanae
2531 2811 2840 2866 exhibitum
2885 2820 3002 2880 est,
3053 2823 3189 2884 quot
3235 2814 3506 2870 bonorum

1923 2910 2256 2952 concursum
2289 2914 2396 2954 una
2435 2901 2620 2957 anima
2666 2904 2721 2958 in
2769 2919 2882 2960 uno
2918 2920 3150 2975 corpore
3194 2906 3510 2962 continuit?

1921 2989 2098 3059 Atque
2127 2997 2186 3044 ut
2216 2992 2474 3048 omnibus
2502 2995 2852 3064 potissimum
2886 2999 3178 3069 perspicua
3206 3000 3308 3053 ﬁat
3327 2999 3506 3056 aetatis

224 3069 442 3138 ἀρετῶν
477 3071 903 3142 καταλάμψειεν,
940 3075 1038 3127 κα).
1063 3073 1141 3145 τῷ
1165 3074 1307 3128 κατὰ
1339 3073 1488 3128 θείαν
1513 3074 1694 3145 ψῆφον
1720 3078 1819 3146 τῆς

1926 3089 2133 3137 nostra)
2161 3083 2395 3142 felicitas
2417 3125 2431 3148 ,
2459 3087 2535 3144 ad
2557 3088 2793 3144 sublime
2813 3090 3022 3146 solium
3053 3093 3204 3163 regni
3237 3092 3504 3157 evehitur,

223 3159 555 3232 οἰκουμένης
595 3163 812 3233 ἀπάσης
857 3166 1284 3236 προτεταγμένῳ
1331 3168 1410 3230 είς
1461 3165 1580 3237 βίου
1613 3168 1838 3221 τεκαὶ·

226 3251 509 3320 βασιλείας
575 3256 858 3309 κοινωνίαν
931 3255 1401 3328 συναρμοσθεῖσα,
1477 3257 1813 3328 μακαριστὸν

225 3343 401 3397 ἐποίει
443 3345 511 3398 δι’
537 3347 733 3417 ἑαυτῆς
759 3348 822 3400 τὸ
859 3349 1120 3420 ὑπήκοον,
1148 3347 1338 3414 ὅντως,
1371 3348 1552 3411 καθώς
1579 3365 1742 3419 φησιν
1779 3349 1811 3417 ή

225 3437 443 3508 Γραφὴ,
479 3437 670 3510 βοηθὸς
700 3439 850 3512 αὐτῷ
881 3441 1018 3510 πρὸς
1059 3439 1404 3510 πᾶν-ἀγαθὸν
1431 3439 1714 3510 γινομένη.
1749 3439 1813 3492 Et

227 3528 636 3598 φιλανθρωπίας
660 3527 728 3603 ἦν
755 3534 784 3586 6
829 3532 1041 3604 καιρὸς,
1079 3533 1110 3603 ἢ
1155 3533 1475 3604 συνέτρεχεν
1505 3531 1654 3602 αὐτῷ
1679 3532 1813 3604 πρὸς

225 3619 287 3671 τὸ
311 3619 516 3688 ἀγαθὸν
541 3620 717 3688 τοῦτο,
747 3623 780 3694 ἧ
807 3624 900 3677 καὶ
943 3623 1273 3694 προέτρεχεν
1293 3636 1309 3650 ⁵
1342 3622 1454 3686 ἴσος
1480 3619 1548 3694 ἦν
1595 3625 1622 3676 6
1651 3623 1814 3691 ζυγὸς

229 3710 570 3780 ἑκατέρωθεν
595 3715 660 3784 τῇ
694 3713 795 3785 τῆς
821 3713 1229 3786 φιλανθρωπίας
1260 3716 1422 3786 ῥοπῇ.
1449 3715 1734 3786 Μαρτυρεῖ
1756 3716 1811 3768 δὲ

227 3800 306 3871 τῷ
329 3801 471 3871 λόγῳ
501 3803 570 3856 τά
586 3821 643 3856 τε
668 3805 932 3876 πρότερον
962 3804 1194 3876 ἀριθμὸν
1225 3805 1480 3870 νικῶντα,
1508 3806 1601 3858 καὶ
1625 3805 1694 3858 τά
1721 3807 1815 3857 ἐπὶ

227 3893 322 3946 τοῦ
350 3895 619 3967 παρόντος
652 3896 1004 3967 κηρύγματα,
1049 3895 1084 3950 ὃ.
1112 3897 1206 3949 νῦν
1237 3896 1387 3968 παρὰ
1430 3896 1524 3950 τοῦ
1574 3897 1812 3968 κήρυκος

226 3985 327 4055 τῆς
369 3986 628 4058 ἀληθείας
674 3986 1007 4058 ἠκούσαμεν.
1057 3987 1121 4040 Εἰ
1157 3988 1217 4041 τὸ
1263 3987 1484 4051 εὐσεϐὲς
1512 3989 1808 4059 ἐπιζητεῖς,

227 4077 406 4141 κοινὸς
431 4074 499 4149 ἦν
532 4079 857 4152 ἀμφοτέρων
879 4082 910 4134 6
936 4080 1071 4152 πρὸς
1099 4080 1378 4134 εὐσέϐειαν
1409 4079 1626 4150 δρόμος.
1659 4081 1722 4133 Εἰ
1751 4080 1813 4132 τὸ

226 4172 604 4242 προνοητικὸν,
639 4175 687 4226 εί
714 4173 776 4226 τὸ
819 4173 1047 4238 δίκαιον,
1079 4175 1128 4227 εί
1172 4173 1300 4228 ἄλλο
1336 4190 1389 4226 τι
1425 4173 1535 4226 τῶν
1565 4175 1699 4243 πρὸς
1752 4172 1812 4226 τὸ

151 4271 154 4274 ’
226 4265 472 4333 κρεῖττον
499 4265 949 4335 σπουδαζομένων
968 4283 981 4296 ·
1016 4267 1194 4320 πάντα
1225 4267 1282 4318 ὲν
1323 4265 1521 4338 ἁμίλλῃ
1549 4263 1617 4338 ἦν
1649 4266 1814 4336 ἀλλή-

225 4354 351 4417 λους
384 4356 542 4426 νικᾷν
571 4357 628 4408 ὲν
658 4359 778 4419 ταῖς
805 4357 1075 4421 εὑποιίαις
1106 4357 1571 4426 φιλονεικούντων,
1591 4359 1684 4412 καὶ
1712 4359 1818 4411 οὐκ

1921 3179 1982 3226 ιιι
2009 3174 2224 3230 solis-in
2258 3178 2479 3233 modum
2512 3181 2774 3234 virtutum
2814 3181 2984 3238 radiis
3013 3199 3043 3238 e
3073 3183 3301 3238 sublimi
3325 3183 3508 3254 digni-

1923 3273 2033 3320 tate
2079 3267 2399 3323 universum
2444 3270 2630 3324 orbem
2675 3272 3012 3339 illustraret,
3057 3283 3230 3344 atque
3264 3275 3315 3330 ei
3342 3316 3355 3338 ,
3408 3276 3503 3345 qui

1921 3356 2180 3413 universo
2213 3360 2334 3414 orbi
2375 3368 2647 3416 terrarum
2682 3365 2874 3421 divino
2911 3366 3142 3420 arbitrio
3173 3369 3503 3437 praepositus

1920 3459 2105 3513 esset,
2139 3449 2206 3503 ad
2234 3451 2361 3505 vita:
2393 3453 2600 3522 pariter
2635 3463 2690 3510 et
2725 3456 2938 3526 imperii
2977 3457 3298 3513 societatem
3331 3473 3504 3530 copu-

1920 3541 2028 3595 lata
2052 3579 2066 3605 ,
2109 3543 2361 3599 subditos
2411 3561 2508 3615 per
2542 3562 2666 3602 sese
2716 3549 2905 3604 beatos
2945 3548 3210 3615 efﬁceret,
3256 3566 3379 3605 cum
3417 3569 3503 3605 re-

1920 3649 2048 3688 vera
2070 3676 2084 3700 ,
2116 3644 2174 3688 ut
2208 3637 2387 3706 inquit
2421 3636 2708 3709 Scriptura
2733 3679 2748 3706 ,
2795 3640 3106 3696 auxiliatrix
3150 3642 3199 3699 ei
3244 3651 3391 3698 esset
3436 3647 3502 3702 ad

1920 3740 2084 3781 omne
2114 3727 2338 3783 bonum.
2375 3727 2432 3784 Si
2463 3729 2862 3786 humanitatem
2899 3748 2985 3790 res
3021 3734 3375 3804 postulabat,
3411 3746 3498 3792 aut

1921 3819 2435 3874 conetirrebaLcum
2462 3836 2529 3876 eo
2558 3821 2624 3876 ad
2651 3823 2752 3878 hoc
2785 3823 2988 3880 bonum
3014 3866 3029 3890 ,
3058 3836 3150 3881 aut
3177 3827 3341 3882 etiam
3374 3844 3514 3898 prae-

1920 3911 2219 3965 currebat:
2254 3927 2352 3982 par
2385 3925 2505 3969 erat
2533 3915 2789 3987 utrinque
2825 3918 2960 3973 libra
2995 3920 3360 3991 propensione
3392 3923 3483 3976 hu—

1920 4001 2218 4056 manitatis.
2257 4001 2335 4058 Ac
2370 4004 2691 4062 testimonio
2723 4019 2852 4063 sunt
2883 4008 3119 4064 orationi
3149 4026 3272 4064 cum
3308 4012 3489 4082 priora

1922 4089 2064 4146 facta
2097 4093 2521 4149 innumerabilia
2545 4138 2560 4160 ,
2595 4102 2708 4150 tum
2739 4098 3029 4166 praesentis
3061 4099 3320 4169 temporis
3353 4115 3492 4169 pra:-

1920 4181 2116 4248 conia,
2146 4198 2268 4251 quae
2309 4198 2460 4237 nunc
2502 4185 2817 4239 audivimus
2862 4202 2892 4240 a
2938 4203 3191 4258 praecone
3220 4175 3492 4245 veritatis.

1922 4272 1979 4326 Si
2014 4274 2273 4342 pietatem
2308 4274 2570 4343 requiris,
2605 4277 2918 4332 communis
2946 4285 3065 4332 erat
3098 4279 3346 4349 utrisque
3376 4295 3502 4336 cur-

1921 4381 2017 4420 sus
2047 4365 2115 4419 ad
2148 4365 2406 4435 pietatem
2438 4384 2453 4421 :
2489 4366 2536 4421 si
2570 4366 2970 4436 providentiam
2993 4409 3007 4432 ,
3041 4369 3089 4424 si
3115 4369 3388 4438 justitiam
3411 4411 3424 4435 ,
3454 4373 3500 4427 si

221 4443 294 4518 ἦν
323 4450 351 4501 6
385 4448 716 4519 ἡττώμενος.
754 4451 872 4522 Ἰση
905 4469 988 4514 τις
1015 4452 1341 4523 ἀμφοτέρων
1375 4453 1409 4522 ὴ
1446 4453 1532 4506 ἐπ’
1563 4452 1811 4524 ἀλλήλοις

1926 4455 2050 4526 quid
2085 4454 2234 4509 aliud
2264 4470 2332 4510 ex
2358 4456 2426 4512 iis
2455 4473 2576 4528 qua:
2606 4459 2828 4514 virtutis
2858 4461 3082 4517 nomine
3113 4462 3353 4533 bonique
3377 4481 3504 4520 con-

222 4540 407 4610 χάρις,
438 4542 471 4611 ή
507 4540 604 4611 μὲν
631 4543 832 4614 ἀρετῆς
863 4538 1023 4596 ἆθλον
1052 4539 1197 4614 εἶχεν
1223 4544 1315 4598 τὸν
1348 4548 1448 4616 τῆς
1487 4547 1816 4616 οἰκουμένης

221 4631 667 4702 προτεταγμένον
687 4676 701 4699 ,
735 4637 764 4688 6
808 4634 863 4687 δὲ
912 4636 1112 4705 μικρὰν
1159 4637 1344 4706 ἡγεῖτο
1372 4637 1474 4707 γῆς
1504 4654 1562 4689 τε
1591 4641 1685 4691 καὶ
1715 4637 1814 4691 03-

221 4722 428 4795 λάττης
457 4723 556 4795 τὴν
606 4724 855 4790 ἐξουσίαν
895 4727 1182 4798 συγκρίσει
1209 4726 1303 4781 τοῦ
1349 4727 1470 4780 κατ’
1515 4729 1681 4800 αὐτὴν
1724 4731 1816 4782 εύ-

218 4815 574 4883 τυχήματοςο
620 4816 742 4879 ῐσας
775 4816 1024 4889 ἀλλήλοις
1063 4820 1447 4890 ἀντιπαρεῖχον
1477 4819 1576 4884 τὰς
1615 4821 1814 4891 εὐφροο

221 4905 414 4971 σύνας,
473 4906 736 4978 ἀλλήλους
794 4927 850 4963 τε
917 4909 1206 4980 βλέποντες
1268 4913 1362 4966 καὶ
1417 4912 1508 4965 ὑπ’
1567 4912 1814 4983 ἀλλήλων

214 4997 494 5070 ὁρώμενοι
512 5017 526 5030 ο
559 5002 588 5054 6
617 5001 716 5071 μὲν
739 5001 978 5066 τοιοῦτος
1001 5002 1076 5056 ὢν
1105 4997 1215 5067 οἶός
1240 5005 1358 5056 ἐστι
1382 5003 1562 5074 (ποῖον
1595 5005 1702 5074 γάρ
1727 5021 1810 5068 τις

215 5090 423 5154 κάλλος
492 5091 633 5163 ὑπὲρ
690 5093 752 5146 τὸ
803 5093 1125 5164 φαινόμενον
1178 5093 1433 5160 δείξειεν;
1491 5096 1582 5148 καὶ
1621 5093 1708 5166 εἴη
1745 5111 1808 5162 γε

212 5182 510 5251 διαρκέσαι
540 5183 636 5236 καὶ
664 5185 745 5247 είς
793 5185 1029 5253 ἐκγόνων
1068 5185 1214 5256 ζωὴν
1250 5187 1311 5239 τὸ
1336 5184 1666 5258 δρώμενον),
1709 5185 1807 5257 τὴν

211 5272 296 5338 δὲ,
328 5273 419 5325 οἵα
446 5289 530 5335 τις
561 5267 652 5345 ἦν,
680 5275 780 5327 οὐκ
801 5274 948 5327 ἐστιν
978 5274 1250 5341 ὑποδεῖξαι
1289 5277 1367 5347 τῷ
1393 5277 1566 5348 λόγῳ’
1601 5277 1661 5331 ού
1701 5278 1809 5350 γάρ

211 5363 633 5436 περιλέλειπταί
658 5383 710 5418 τι
741 5366 910 5438 αὐτῆς
933 5367 1000 5420 δι’
1022 5367 1304 5437 ἀκριϐείας
1329 5369 1479 5441 παρά
1499 5372 1594 5442 τῆς
1614 5373 1808 5444 τέχνης

210 5456 507 5527 ὁμοίωμαο
559 5457 673 5511 ἀλλ’
722 5459 771 5510 εί
819 5459 911 5512 καί
959 5476 1011 5512 τι
1058 5460 1278 5530 γέγονεν
1308 5462 1365 5514 ὲν
1416 5465 1713 5534 γραφαῖςῆ
1750 5466 1806 5519 ὲν

216 5547 528 5617 πλάσμασι,
562 5551 742 5604 πάντα
775 5550 873 5620 τῆς
902 5551 1160 5624 ἀληθείας
1185 5555 1332 5608 ἐστὶν
1363 5555 1698 5628 ἐνδεέστερα.

1915 4548 2178 4618 sequendi
2210 4563 2379 4604 causa
2409 4558 2744 4620 expetuntur
2774 4570 2788 4607 :
2831 4555 3016 4608 omnia
3043 4556 3215 4626 posita
3241 4566 3398 4611 erant
3442 4559 3498 4611 in

1915 4643 2218 4698 certamine
2267 4644 2717 4699 contendentium
2773 4662 2998 4714 secum,
3049 4659 3168 4704 uter
3215 4651 3282 4704 ab
3325 4652 3498 4705 altero

1916 4733 2318 4790 benefactisuet
2352 4735 2548 4790 olllciis
2570 4736 2914 4804 vinceretur,
2947 4755 3048 4794 nec
3079 4742 3340 4796 alteruter
3379 4753 3499 4797 erat

1916 4826 2164 4882 inferior.
2203 4827 2454 4898 [Equalis
2483 4829 2732 4899 quaedam
2767 4845 2831 4885 ac
2863 4847 2962 4901 par
2987 4839 3106 4886 erat
3131 4834 3380 4903 utrisque
3408 4833 3498 4888 in-

1917 4927 2002 4974 ter
2031 4919 2184 4989 ipsos
2221 4929 2413 4974 mutua
2460 4920 2636 4990 gratia
2683 4922 3190 4994 commoditasque,
3236 4924 3328 4979 illa
3371 4926 3498 4995 qui-

1918 5010 2041 5066 dem
2073 5009 2361 5080 praamium
2391 5009 2613 5064 virtutis
2643 5009 2873 5065 habebat
2903 5011 3024 5066 orbi
3056 5021 3325 5067 terrarum
3359 5029 3498 5083 prte-

1916 5101 2154 5172 positum
2187 5118 2199 5154 :
2232 5100 2319 5154 hic
2354 5115 2482 5155 vero
2511 5102 2664 5171 parvi
2697 5102 3003 5158 aestimabat
3029 5110 3189 5159 terra:
3219 5105 3498 5172 marisque

1918 5192 2204 5247 arbitrium
2257 5206 2320 5246 ac
2372 5200 2700 5262 potestatem
2762 5210 2872 5264 prae
2925 5211 2990 5252 ea
3036 5195 3332 5262 felicitate,
3388 5212 3493 5266 qua

1918 5285 2064 5340 illam
2097 5292 2293 5340 nactus
2321 5293 2442 5339 erat
2470 5303 2483 5338 :
2517 5301 2677 5356 pares
2708 5288 2942 5343 invicem
2981 5289 3118 5344 alter
3154 5291 3308 5344 alteri
3343 5290 3498 5344 oble-

1917 5377 2190 5433 ctationes
2216 5376 2566 5448 praebebant,
2593 5378 2721 5432 dum
2755 5389 2808 5434 et
2834 5381 2972 5435 alter
3003 5382 3231 5438 altermn
3264 5381 3491 5440 videret.

1915 5481 1968 5525 et
1998 5471 2134 5524 alter
2165 5470 2232 5523 ab
2262 5469 2434 5524 altero
2464 5471 2881 5540 conspiceretur
2907 5493 2918 5526 :
2955 5473 3041 5528 hic
3071 5474 3290 5545 quidem
3327 5474 3452 5528 talis
3483 5517 3494 5534 .

1920 5561 2098 5632 qualis
2131 5569 2215 5615 est
2250 5561 2506 5632 (qualem
2547 5563 2691 5617 enim
2719 5564 3178 5634 pulchritudinem
3224 5565 3347 5636 quis
3396 5581 3493 5620 su-

219 5652 319 5707 pra
351 5652 512 5702 eam,
554 5653 675 5708 qua:
707 5651 962 5710 apparet,
997 5644 1295 5703 ostenderit
1320 5648 1342 5700 ’ἶ
1373 5658 1423 5705 et
1459 5648 1680 5720 quidem
1715 5652 1805 5707 vel
1850 5653 1917 5710 ad
1956 5661 2214 5724 nepotum
2261 5669 2434 5725 usque
2485 5655 2650 5711 vitam
2689 5656 2969 5713 duraverit
3004 5673 3100 5718 ea.
3165 5675 3287 5731 qua:
3336 5659 3494 5718 vider

325 5752 348 5785 ⁸
384 5751 524 5810 Dan.
559 5768 643 5822 ιιι,
677 5754 732 5809 4.
