3918 6204
411 334 515 386 883

1629 324 1686 378 S.
1723 320 2051 378 GREGORll
2091 317 2386 374 NYSSENI

3564 313 3660 370 884

410 459 521 512 tur.
555 449 968 520 pulchritudo),
1008 448 1097 502 illa
1127 463 1255 501 vero
1299 447 1478 517 qualis
1522 444 1768 515 quaedam
1811 450 1978 509 esset,
2021 458 2130 498 non
2165 447 2342 512 potest
2399 434 2764 492 demonstrari
2806 435 3092 490 oratione:
3135 449 3245 489 non
3292 432 3442 489 enim
3490 439 3664 487 exstat

408 544 528 614 ejus
566 542 787 612 aliquod
827 541 1182 596 simulacrum
1205 581 1220 605 ,
1260 543 1406 611 quod
1443 555 1536 610 per
1571 548 1743 592 artem
1778 543 1968 592 exacte
2005 537 2342 592 elaboratum
2379 533 2484 596 sit,
2520 530 2616 586 sed
2650 529 2697 585 si
2729 528 2875 600 quod
2906 531 3070 584 etiam
3098 528 3376 598 depictum
3439 525 3528 579 vel
3590 521 3668 576 ef-

410 641 594 695 tictum
625 647 744 703 est,
771 637 956 692 omnia
985 651 1015 689 a
1042 637 1272 690 veritate
1300 634 1494 705 procul
1527 634 1747 689 absunt.

477 731 760 803 Ejusmodi
781 731 942 785 etiam
969 743 1143 800 usque
1159 703 1337 782 adhuc
1361 735 1490 783 sunt
1525 743 1589 782 ea
1612 741 1731 796 quae
1752 739 1987 780 narran-

2159 715 2393 771 Τοιαῦτα
2443 714 2538 767 καὶ
2580 711 2740 783 μέχρι
2781 708 2970 763 τούτου
3008 706 3077 759 τά
3116 705 3463 775 διηγήματα·
3507 703 3581 757 τά
3614 705 3667 757 δὲ

407 834 498 878 tur
515 843 527 878 :
547 838 668 894 qua:
681 829 988 892 sequuntur
1004 819 1444 891 qualia‘mursus
1458 820 1693 873 clamare
1709 831 1893 887 cogor.
1909 814 1987 868 Ac

408 915 540 970 mihi
570 915 839 986 ignoscite
879 922 1099 984 propter
1147 910 1552 966 incommodum
1586 909 1872 964 clamando
1899 922 1986 962 ex-

409 1014 494 1060 tra
519 1007 740 1060 modum
765 1005 1083 1075 egredienti.
1139 1001 1184 1056 0
1211 989 1482 1065 Thracia,
1525 999 1842 1070 fugiendum
1882 1015 1984 1054 no-

408 1099 568 1151 mcnl
598 1095 642 1150 Ο
670 1096 856 1150 infelix
883 1095 1180 1165 praedium,
1214 1109 1348 1164 gens
1383 1091 1634 1147 cladibus
1667 1092 1982 1146 nobilitata!

410 1184 455 1241 Ο
496 1185 647 1256 prius
679 1184 899 1255 quidem
932 1183 1117 1239 hostili
1151 1183 1269 1252 igni
1314 1183 1676 1236 barbarorum
1712 1179 1986 1236 incursio-

410 1278 495 1332 nis
521 1284 761 1340 vastata,
807 1291 954 1330 nunc
985 1291 1114 1330 vero
1163 1284 1328 1346 caput
1387 1290 1449 1330 ac
1511 1289 1786 1330 summam
1834 1287 1986 1327 com-

409 1369 594 1423 munis
649 1366 981 1422 calamitatis
1013 1365 1068 1420 in
1115 1375 1168 1421 te
1222 1367 1529 1436 recipiens,
1583 1366 1734 1419 illinc
1784 1365 1985 1419 bonum

411 1458 682 1528 abripitur
702 1495 718 1521 ,
749 1457 860 1511 illic
891 1456 1098 1510 invidia
1130 1456 1393 1511 adversus
1417 1455 1701 1524 imperium
1737 1462 1986 1523 grassata

410 1566 475 1606 ac
503 1549 835 1606 debacchata
894 1556 1017 1612 est,
1081 1547 1194 1603 illic
1242 1548 1392 1604 orbis
1447 1557 1716 1603 terrarum
1766 1545 1989 1602 naufra-

410 1645 558 1714 gium
595 1643 798 1698 factum
829 1650 955 1708 est,
1007 1641 1120 1696 illic
1170 1649 1430 1710 tanquam
1487 1640 1707 1695 turbine
1749 1641 1984 1709 correpti

410 1733 478 1788 ad
507 1733 789 1804 scopulum
824 1733 1191 1804 impingentes
1221 1733 1276 1786 in
1311 1731 1538 1786 fundum
1569 1732 1804 1788 tristitiae
1828 1741 1989 1802 atque

409 1824 665 1877 maeroris
691 1823 930 1878 demersi
982 1825 1207 1877 sumus!
1241 1821 1286 1877 0
1315 1822 1511 1876 malam
1564 1823 1713 1876 illam
1746 1824 1987 1893 peregri-

409 1915 688 1968 nationem
710 1954 725 1978 ,
749 1929 871 1983 quae
899 1912 1135 1968 reditum
1157 1913 1480 1983 denegavit!
1505 1915 1547 1966 Ο
1573 1928 1746 1983 aquas
1771 1928 1988 1968 amaras

409 2018 642 2073 quarum
675 2002 855 2058 fontes
905 2003 1117 2058 utinam
1155 2018 1266 2057 non
1299 2003 1696 2060 desiderasset!
1745 2003 1790 2058 Ο
1852 2019 1988 2074 prae-

2087 811 2180 863 énl.
2239 807 2449 869 τούτοις
2499 799 2626 867 ala;
2693 801 2860 854 Πάλιν
2924 798 3051 869 βοᾷν
3105 795 3503 864 ἀναγκάζομαι.
3566 795 3668 848 Καί

2092 918 2181 972 μοι
2216 899 2490 968 σύγγνωτε
2541 893 2876 966 ύπερὸοῶντι
2921 893 2984 944 τὸ
3027 888 3216 951 πάθος.
3251 883 3320 940 Ὦ
3362 887 3581 957 Θρᾴκη,
3612 887 3669 939 τὸ

2087 993 2320 1062 φευκτὸν
2364 989 2566 1058 ὅνομαί
2606 983 2678 1038 Ὦ
2706 983 2966 1053 δυστυχὲς
2997 981 3215 1050 χωρίον,
3245 979 3388 1041 ἔθνος
3417 981 3482 1031 ἐκ
3533 996 3669 1047 συμ-

2089 1084 2271 1155 φορῶν
2298 1079 2724 1151 γνωριζόμενονῑ
2748 1073 2820 1128 Ὦ
2851 1075 3113 1146 πρότερον
3144 1073 3241 1142 μὲν
3272 1071 3514 1142 πολεμίῳ
3538 1073 3670 1140 angi.

2087 1179 2206 1238 ταῖς
2254 1173 2364 1226 τῶν
2399 1171 2688 1242 βαρϐάρων
2730 1166 3048 1236 ἐπιδρομαῖς
3079 1163 3364 1235 δῃωθεῖσα,
3392 1161 3486 1214 νῦν
3525 1163 3584 1214 δὲ
3615 1163 3670 1214 τὸ

2089 1265 2379 1334 κεφάλαιον
2420 1263 2519 1332 τῆς
2560 1260 2745 1330 κοινῆς
2781 1259 3062 1329 συμφορᾶς
3091 1258 3147 1308 ἐν
3173 1257 3336 1325 ἑαυτῇ
3377 1253 3664 1324 δεξαμένη·

2089 1359 2298 1413 ἐκεῖθεν
2343 1356 2402 1410 τὸ
2451 1353 2653 1424 ἀγαθὸν
2693 1350 3084 1422 ἀναρπάζεται,
3109 1350 3224 1400 ἐκεῖ
3247 1349 3276 1399 6
3308 1347 3499 1415 φθόνος
3527 1344 3667 1398 κατὰ

2087 1454 2186 1522 τῆς
2217 1449 2490 1521 βασιλείας
2534 1447 2842 1516 ἐκώμασεν,
2886 1445 3003 1497 ἐκεῖ
3028 1442 3251 1510 γέγονεν
3281 1440 3343 1493 τὸ
3368 1440 3467 1509 τῆς
3493 1440 3668 1490 οἰκου-

2092 1545 2259 1614 μένης
2282 1544 2558 1608 ναυάγιον,
2582 1539 2696 1592 ἐκεῖ
2717 1536 2967 1606 καθάπερ
2995 1537 3052 1588 εν
3073 1532 3298 1586 κλύδωνι
3319 1529 3393 1600 τῷ
3421 1528 3668 1600 προδόλῳ

2089 1633 2576 1706 προσπταίσαντες,
2615 1628 2695 1699 τῷ
2737 1628 2838 1698 τῆς
2878 1626 3053 1697 λύπης
3084 1621 3232 1694 βυθῷ
3294 1619 3663 1689 κατεδύημενι

2093 1728 2157 1778 Ὣ
2182 1724 2424 1795 πονηρᾶς
2451 1721 2714 1792 ἐκδημίας
2743 1718 2977 1787 ἐκείνης,
3008 1717 3042 1786 ἢ
3075 1715 3174 1785 τὴν
3199 1709 3547 1781 ὑποστροφὴν
3573 1711 3668 1762 οὐκ

2088 1818 2400 1872 ἀπέδωκενί
2431 1817 2493 1869 Ὢ
2523 1813 2736 1885 πικρῶν
2763 1801 3090 1884 ὑδάτωνμῷν
3120 1806 3217 1869 τὰς
3245 1804 3430 1874 πηγάς
3470 1801 3668 1854 ἐπεπό-

2089 1909 2272 1979 θησεν,
2322 1907 2396 1970 ώς
2438 1906 2536 1960 οὐκ
2579 1904 2837 1973 ὢφειλενί
2867 1897 2938 1954 Ὦ
2986 1899 3202 1970 χωρίον,
3243 1900 3300 1951 ὲν
3331 1889 3376 1964 ᾧ
3407 1896 3472 1948 τὸ
3504 1895 3666 1958 πάθος

2089 2001 2336 2070 ἐγένετο,
2397 1997 2485 2051 διά
2536 1997 2598 2050 τὸ
2643 1994 2817 2058 πάθος
2873 1995 2941 2063 τῇ
2993 1990 3299 2060 σκοτομήνῃ
3358 1985 3663 2057 ἐπώνυμον.

409 2093 559 2147 dium
586 2132 601 2158 ,
645 2092 702 2147 in
732 2107 842 2162 quo
871 2092 1058 2148 clades
1104 2091 1337 2157 accidit,
1389 2100 1614 2162 propter
1655 2092 1869 2146 cladem
1919 2091 1988 2146 ab

2102 2092 2309 2146 Ἀκούω
2335 2092 2444 2162 γὰρ
2468 2088 2608 2143 κατὰ
2637 2087 2736 2158 τὴν
2762 2086 2990 2156 πάτριον
3020 2082 3199 2137 αὐτῶν
3234 2079 3487 2148 γλῶσσαν
3519 2077 3661 2130 Σκό-

409 2187 646 2240 obscura
688 2192 851 2240 nocte
882 2198 1190 2254 cOgnomen
1220 2185 1476 2240 sortitum
1508 2186 1521 2238 l
1563 2185 1741 2240 Audio
1801 2185 1945 2239 enim
1969 2221 1984 2245 ,

408 2275 586 2346 patria
617 2289 807 2330 eorum
845 2275 1029 2346 lingua
1059 2274 1393 2340 Scotoumin,
1425 2292 1458 2328 a
1494 2275 1719 2330 tenebris
1751 2275 1984 2341 scilicet,

411 2368 591 2422 locum
658 2365 810 2421 illum
859 2367 1274 2438 cognominari;
1329 2368 1441 2422 illic
1501 2369 1860 2424 obtenebrata
1907 2377 1992 2424 est

410 2459 638 2514 lucerna
713 2499 730 2524 ,
782 2457 895 2512 illic
927 2459 1236 2514 exstinctus
1270 2468 1355 2515 est
1405 2460 1845 2530 splendor,illic
1902 2478 1992 2515 ra-

412 2550 489 2604 dii
516 2551 786 2604 virtutum
821 2550 1098 2605 obscurati
1142 2560 1310 2616 sunt,
1343 2553 1506 2621 periit
1540 2553 1757 2622 imperii
1825 2567 1992 2607 orna-

411 2649 702 2703 mentum,
766 2638 1000 2708 justitiae
1076 2640 1551 2709 gubernaculum,
1633 2641 1992 2694 humanitatis

413 2731 636 2800 imago,
703 2731 815 2784 imo
880 2745 1011 2785 vero
1076 2731 1193 2800 ipsa
1261 2731 1580 2801 principalis
1638 2731 1994 2786 humanitatis

413 2824 630 2888 forma;
680 2822 947 2878 maritalis
978 2822 1188 2876 amoris
1239 2822 1412 2892 ﬁgura
1462 2832 1626 2900 atque
1683 2822 1992 2891 exemplum

414 2912 656 2967 ablatum
687 2921 806 2978 est,
855 2921 1068 2968 castum
1104 2913 1458 2968 continentiae
1511 2923 1672 2983 atque
1720 2913 1992 2969 sobrieta-

414 3003 490 3058 tis
523 3012 577 3058 et
606 3002 884 3073 pudicitiae
909 3003 1199 3057 donarium
1222 3044 1237 3071 ,
1311 3003 1490 3060 facilis
1535 2997 1685 3058 aditu
1718 3004 1956 3075 gravitas
1976 3043 1992 3070 ,

415 3109 529 3149 non
557 3095 958 3151 contemnenda
990 3093 1228 3151 facilitas
1281 3103 1336 3152 et
1400 3095 1769 3152 mansuetudo
1805 3115 1819 3150 :
1882 3097 1994 3150 alta

419 3184 590 3239 animi
615 3184 896 3240 humilitas
928 3194 1094 3257 atque
1118 3187 1389 3242 modestia
1415 3225 1430 3251 ,
1479 3186 1656 3258 pudor
1691 3186 1995 3257 ingenuus,

417 3277 737 3347 promiscua
779 3276 1048 3333 bonorum
1078 3278 1366 3334 harmonia
1397 3298 1410 3333 :
1468 3279 1635 3350 periit
1690 3279 1815 3334 ﬁdei
1845 3281 1997 3336 zelus

417 3377 474 3424 et
493 3368 736 3424 studium
757 3409 774 3435 ,
806 3367 1070 3426 Ecclesia:
1106 3371 1364 3426 columna
1384 3408 1399 3436 ,
1451 3371 1706 3426 altarium
1737 3380 1994 3437 ornatus,

418 3477 725 3534 pauperum
760 3433 1014 3530 divitiae,
1073 3464 1262 3520 multis
1321 3433 1797 3520 subministrando
1851 3433 2066 3518 sullit-c

421 3557 579 3613 ciens
632 3556 862 3624 dextra,
919 3557 1231 3614 communis
1277 3556 1612 3627 jactatorum
1663 3567 1718 3612 et
1771 3554 2001 3611 alliicto-

419 3663 544 3704 rum
592 3656 807 3718 portus.
868 3647 1076 3720 Lugeat
1147 3649 1438 3718 virginitas
1468 3689 1484 3714 ,
1533 3649 1865 3704 lamentetur
1919 3648 2002 3702 vi.

420 3735 608 3792 duitas
631 3777 648 3803 ,
675 3738 852 3807 ploret
879 3740 1113 3807 orbitas,
1149 3748 1488 3810 cognoscant
1516 3740 1648 3810 quid
1685 3739 1999 3804 habuerint,

420 3836 714 3899 postquam
745 3829 948 3886 habere
982 3831 1289 3886 desierunt.
1319 3831 1433 3886 lmo
1457 3847 1588 3888 vero
1619 3830 1750 3902 quid
1805 3831 2004 3885 attinet

422 3933 514 3974 me
537 3919 592 3974 in
623 3928 811 3989 partes
843 3930 896 3976 et
946 3920 1170 3976 ordines
1203 3921 1449 3977 dividere
1499 3922 1954 3978 lamentationem
1981 3921 2003 3975 ?

423 4008 756 4081 Ingemiscat
782 4012 965 4069 omnis
1008 4023 1144 4068 tetas
1168 4052 1183 4078 ,
1215 4013 1548 4083 profundum
1573 4031 1603 4070 e
1636 4015 1816 4072 medio
1839 4015 2004 4071 corde

427 4103 691 4174 gemitum
747 4104 970 4161 edens:
1022 4121 1128 4160 una
1186 4106 1367 4176 lugeat
1417 4107 1580 4161 etiam
1639 4108 2003 4164 sacerdotium

428 4197 608 4266 ipsum
630 4196 925 4266 ,quoniam
961 4196 1169 4252 invidia
1201 4212 1550 4253 communem
1599 4207 1860 4254 ornatum
1919 4198 2007 4254 de-

426 4289 614 4344 traxit.
652 4287 910 4358 Nunquid
940 4292 1290 4346 temerarium
1342 4289 1505 4346 fuerit
1570 4290 1855 4361 Propheta:
1914 4291 1997 4344 di-

439 4389 591 4434 ctum
633 4381 769 4436 illud
816 4381 1063 4452 proferre
1092 4383 1114 4436 ?
1154 4383 1332 4450 Quare
1355 4383 1596 4452 repulisti
1618 4423 1632 4448 ,
1665 4384 1833 4445 Deus,
1864 4384 1918 4436 in
1939 4382 2005 4450 fi-

429 4473 590 4528 nem?
622 4483 670 4526 et
724 4474 1021 4526 concitatus
1069 4483 1148 4528 est
1207 4475 1359 4544 furor
1405 4457 1525 4530 tuus
1588 4476 1840 4528 adversus
1889 4489 2004 4528 oves

429 4580 643 4632 pascuae
675 4572 782 4618 tua:
802 4565 860 4618 5?
882 4566 1128 4629 Quorum
1163 4577 1515 4635 peccatorum
1547 4581 1740 4637 pinnas
1764 4566 2008 4620 luimus?

433 4654 550 4718 Qua
576 4654 643 4709 de
672 4669 839 4709 causa
867 4653 890 4707 ?
930 4655 1106 4723 Cujus
1152 4657 1230 4710 rei
1261 4659 1485 4712 nomine
1516 4657 1642 4712 aliis
1675 4671 1842 4726 super
1882 4655 2007 4710 aliis

2092 2202 2302 2254 τουμιν
2345 2183 2436 2236 τὸν
2479 2181 2644 2236 τόπον
2674 2175 3104 2250 ἐπονομάζεσθαι
3123 2189 3140 2205 ·
3176 2174 3292 2227 ἐκεῖ
3322 2169 3602 2237 ἐσκοτίσθη
3633 2168 3658 2219 ό

2093 2279 2301 2349 λύχνος,
2330 2279 2446 2330 ἐκεῖ
2495 2271 2831 2342 κατεσϐέσθη
2879 2270 2939 2324 τὸ
2967 2269 3187 2338 φέγγος,
3221 2267 3337 2321 ἐκεῖ
3375 2267 3430 2318 αἱ
3457 2264 3663 2324 ἀκτῖνες

2092 2370 2199 2424 τῶν
2229 2369 2438 2440 ἀρετῶν
2460 2365 2881 2438 ὴμαυρώθησαν,
2925 2361 3131 2431 οἴχεται
3161 2359 3259 2428 τῆς
3294 2354 3569 2426 βασιλείας
3608 2354 3663 2406 τὸ

2093 2461 2517 2532 ὲγκαλλώπισμα
2537 2502 2550 2526 ,
2585 2459 2647 2511 τὸ
2681 2457 2780 2528 τῆς
2825 2452 3170 2524 δικαιοσύνης
3201 2451 3476 2520 πηδάλιον,
3505 2451 3537 2518 ὴ
3570 2447 3662 2516 τῆς

2094 2552 2500 2625 φιλανθρωπίας
2529 2549 2688 2603 εἰκὼν
2708 2590 2723 2614 ,
2761 2545 2958 2618 μᾶλλον
2986 2545 3041 2597 δὲ
3072 2543 3202 2597 αὐτὸ
3242 2543 3301 2596 τὸ
3329 2541 3657 2611 ἀρχέτυπον

2093 2640 2340 2715 ἀφῃρέθη
2389 2639 2488 2708 τῆς
2532 2637 2846 2708 φιλανδρίας
2873 2635 2901 2686 6
2939 2633 3129 2699 τύπος,
3158 2631 3220 2685 τὸ
3248 2631 3410 2699 ἁγνὸν
3438 2630 3537 2700 τῆς
3565 2645 3664 2683 σω-

2095 2731 2366 2805 φροσύνης
2387 2731 2661 2800 ἀνάθημα,
2687 2731 2720 2798 ἡ
2750 2726 3066 2794 εὐπρόσιτος
3095 2723 3382 2793 σεμνότης,
3411 2723 3445 2792 ἡ
3471 2722 3668 2774 ἀκατα-

2095 2823 2356 2894 φρόνητος
2408 2819 2683 2890 ἡμερότης
2709 2858 2724 2883 ,
2771 2817 2804 2886 ὴ
2861 2812 3038 2884 ὑψηλὴ
3081 2809 3588 2880 ταπεινοφροσύνη,
3633 2809 3666 2878 η

2096 2908 2626 2983 πεπαρῤησιασμένη
2669 2903 2851 2967 αίδὼς,
2883 2905 2918 2971 ἡ
2971 2901 3275 2971 σύμμικτος
3317 2898 3428 2951 τῶν
3458 2895 3668 2966 ἀγαθῶν

2097 3003 2330 3076 ἁρμονία
2346 3018 2359 3031 ·
2389 2999 2594 3071 οἴχεται
2620 3001 2648 3051 6
2670 2997 2767 3068 τῆς
2791 2995 3026 3056 πίστεως
3055 2991 3234 3063 ζῆλος,
3258 2992 3287 3044 6
3312 2989 3412 3059 τῆς
3447 2989 3671 3057 Ὶὲἰκκλη⁹

2099 3099 2219 3161 σίας
2269 3093 2476 3155 στύλος,
2527 3092 2556 3143 6
2598 3090 2707 3144 τῶν
2751 3085 3151 3156 θυσιαστηρίων
3197 3083 3402 3151 κόσμος
3428 3123 3444 3146 ,
3495 3081 3524 3133 6
3566 3079 3670 3131 τῶν

2097 3185 2406 3256 πενομένων
2431 3179 2678 3247 πλοῦτος,
2718 3181 2752 3250 ὴ
2791 3175 3099 3246 πολυαρκὴς
3120 3172 3288 3239 δεξιὰ,
3306 3174 3336 3226 6
3365 3169 3541 3233 κοινὸς
3565 3167 3668 3222 τῶν

2099 3274 2582 3345 καταπονουμένων
2608 3272 2790 3342 λιμήν.
2812 3269 3084 3324 Πενθείτω
3101 3269 3136 3337 ἡ
3156 3263 3444 3332 παρθενία,
3465 3258 3672 3331 θρηνεί-

2099 3387 2174 3423 τω
2213 3370 2247 3439 η
2293 3365 2527 3438 χηρεία,
2561 3360 2834 3433 ὀδυρέσθω
2878 3361 2912 3430 ἡ
2960 3357 3193 3428 ὀρφανία
3221 3396 3236 3422 ,
3288 3353 3582 3422 γνώτωσαν
3621 3349 3676 3402 τί

2099 3457 2242 3531 εἶχον
2267 3459 2354 3512 ὅτε
2373 3458 2471 3511 οὐκ
2489 3455 2722 3525 ἔχουσιν.
2747 3450 2962 3506 Μᾶλλον
2987 3449 3044 3502 δὲ
3069 3447 3121 3501 τί
3146 3447 3252 3517 χρή
3284 3461 3352 3516 με
3376 3442 3513 3496 κατὰ
3536 3440 3679 3511 μέρη

2100 3551 2194 3604 καὶ
2219 3547 2398 3613 τάξεις
2426 3545 2652 3614 διαιρεῖν
2693 3542 2782 3595 τὸν
2828 3539 3056 3610 θρῆνονς
3100 3535 3410 3599 Στεναζέτω
3448 3535 3594 3585 πᾶσα
3643 3531 3680 3599 η

2099 3641 2281 3712 γενεά,
2318 3639 2498 3710 βύθιον
2528 3638 2593 3690 ὲκ
2626 3635 2796 3704 μέσης
2831 3631 3057 3702 καρδίας
3087 3629 3179 3683 τὸν
3213 3625 3505 3712 στεναγμὸν
3535 3623 3680 3712 ἀνα-

2100 3709 2423 3804 πέμπουσα·
2469 3724 2844 3798 συμπενθείτω
2873 3721 2967 3775 καὶ
2997 3722 3030 3790 ἠ
3081 3716 3343 3789 ἱερωσύνη
3389 3711 3546 3804 miti},
3579 3709 3679 3804 τὸν

2101 3800 2280 3879 κοινὸν
2309 3821 2510 3892 κόσμον
2537 3817 2627 3872 τοῦ
2671 3816 2867 3886 φθόνου
2909 3811 3365 3880 ἀποσυλήσαντος.
3409 3800 3558 3872 Ἀρα
3603 3800 3685 3873 μὴ

2101 3913 2369 3987 τολμηρὸν
2392 3912 2452 3964 τὸ
2474 3909 2567 3963 τοῦ
2590 3908 2871 3980 Προφὴτου
2892 3905 3085 3966 εἰπεῖν,
3104 3903 3184 3967 τὸ,
3214 3901 3348 3954 Ἵνα
3363 3898 3418 3951 τί
3438 3894 3685 3957 dmino),

2104 4012 2137 4063 ό
2171 4007 2331 4072 Θεὸς,
2363 4007 2451 4070 είς
2504 4001 2707 4066 τέλος,
2749 3997 2848 4052 καὶ
2895 3995 3218 4064 διωργίσθη
3270 3993 3303 4044 ὀ
3346 3989 3530 4056 θυμός
3564 4002 3688 4040 σου

2103 4101 2200 4154 ἐπὶ
2229 4097 2491 4166 πρόϐατα
2522 4090 2710 4161 νομῆς
2745 4103 2860 4143 σου
2878 4104 2898 4152 ;
2937 4086 3114 4140 Ποίων
3142 4081 3549 4152 ἁμαρτημάτων
3581 4075 3689 4138 τὰς

2103 4192 2254 4254 δίκας
2284 4185 2661 4255 ὲκτιννύομεν;
2701 4182 2868 4250 Ὑπὲρ
2912 4179 3052 4240 τίνος
3078 4178 3191 4238 ταῖς
3219 4171 3547 4240 ἐπαλλήλοις
3574 4167 3689 4221 τῶν

2108 4279 2401 4352 συμφορῶν
2434 4273 2838 4349 μαστιζόμεθα;
2888 4272 2958 4323 Ἢ
2988 4270 3126 4338 τάχα
3165 4265 3270 4348 διὰ,
3293 4265 3354 4316 τὸ
3387 4261 3690 4352 πλεονάσαι

2105 4351 2200 4444 τὴν
2223 4351 2473 4425 ἀσέϐειαν
2494 4369 2600 4422 τῶν
2629 4365 2883 4421 ποικίλων
2905 4361 3190 4432 αἱρέσεων,
3218 4355 3357 4426 αὑτὴ
3380 4352 3498 4407 καθ’
3520 4351 3691 4422 ἡμῶν

2106 4467 2140 4535 ἠ
2181 4463 2360 4533 ψῆφος
2399 4461 2732 4533 ἐκράτησεν;
2795 4455 2989 4526 Ὁρᾶτε
3041 4452 3150 4523 γάρ
3206 4450 3337 4510 οἵοις
3388 4445 3584 4507 κακοῖς
3639 4446 3694 4495 ὲν

2108 4553 2298 4624 βραχεῖ
2324 4550 2728 4622 συνηνέχθημεν
2770 4547 2966 4619 χρόνῳ.
3013 4543 3180 4598 Οὔπω
3208 4540 3300 4593 ἐπὶ
3332 4541 3399 4609 τῇ
3441 4537 3695 4607 προτέρᾳ⁵

2108 4645 2288 4714 πληγῇ
2322 4641 2776 4704 ἀναπνεύσαντες,
2816 4638 2966 4692 οὔπω
2993 4636 3053 4689 τὸ
3085 4635 3318 4704 δάκρυον
3353 4630 3461 4684 τῶν
3493 4629 3698 4698 ὀφθαλ-

433 4745 686 4800 cladibus
743 4722 1036 4816 allligimur
1089 4755 1142 4802 et
1205 4749 1580 4818 castigamur?
1644 4722 1996 4803 An'l‘orsitan

2116 4735 2228 4806 μῶν
2285 4735 2701 4804 ἀποψήσαντες,
2766 4731 2926 4785 πάλιν
2971 4731 3030 4783 ἐν
3085 4725 3324 4797 τοσαύτῃ
3383 4722 3699 4793 γεγόναμεν

436 4847 724 4907 propterea
763 4839 910 4908 quod
957 4838 1201 4894 abundat
1229 4839 1484 4911 impietas
1525 4842 1802 4895 variarum
1839 4839 2011 4894 haere-

436 4942 567 4981 seon
590 4969 605 4992 ,
638 4928 754 4984 haec
786 4928 1083 4985 adversum
1132 4945 1235 4986 nos
1300 4933 1573 4986 sentenlia
1605 4931 1843 4985 obtinuit
1873 4930 1896 4983 ?
1929 4930 2014 4984 Vi-

430 5017 560 5073 dete
615 5021 763 5075 enim
819 5022 1023 5092 quibus
1059 5023 1114 5076 in
1148 5023 1347 5093 exiguo
1397 5031 1643 5092 tempore
1690 5023 1849 5077 malis
1879 5036 2014 5076 con-

436 5110 633 5165 ﬂictati
682 5111 882 5170 simus.
937 5112 1190 5168 Nondum
1237 5131 1266 5168 a
1302 5113 1483 5183 priore
1530 5112 1685 5168 clade
1721 5112 2015 5182 respiravi-

439 5221 603 5270 mus,
647 5204 892 5260 nondum
950 5206 1224 5277 lacrymas
1271 5207 1340 5261 ab
1396 5206 1571 5260 oculis
1617 5205 2014 5267 abstersimus,

437 5311 636 5353 rursus
663 5297 717 5350 in
758 5304 966 5352 tantam
994 5298 1286 5354 incidimus
1338 5299 1724 5354 calamitatem.
1755 5295 2012 5351 Tuncte-

437 5402 633 5441 nerum
674 5384 864 5441 ﬂorem
891 5387 1325 5458 deploravimus,
1363 5402 1512 5442 nime
1544 5388 1719 5457 ipsum
1758 5399 2010 5447 ramum,

438 5479 587 5532 unde
643 5477 744 5532 llos
797 5478 1127 5549 germinavit
1161 5487 1215 5534 et
1252 5486 1449 5533 enatus
1483 5487 1566 5534 est
1598 5499 1610 5534 :
1650 5487 1782 5534 tunc
1816 5490 2005 5547 spera-

437 5580 553 5623 tum
589 5569 876 5634 decorem,
922 5585 1071 5625 nunc
1099 5587 1220 5625 eum
1254 5571 1346 5641 qui
1385 5571 1556 5642 viguit
1589 5590 1601 5626 :
1642 5580 1774 5626 tunc
1802 5571 2009 5625 bonum

440 5659 586 5729 quod
609 5661 1055 5731 exspectabatur,
1109 5679 1253 5720 nunc
1298 5667 1371 5732 id,
1400 5666 1558 5736 cujus
1585 5664 1887 5736 periculum
1922 5661 2004 5716 fa-

511 5749 532 5781 ‘
575 5749 717 5804 Psal.
761 5766 966 5820 Lxxui,
1004 5752 1052 5806 l.

2115 4828 2384 4897 συμφορᾷ.
2416 4826 2547 4878 Τότε
2582 4825 2639 4878 τὸ
2671 4822 2919 4885 νεοθαλὲς
2945 4821 3102 4883 ἄνθος
3128 4816 3566 4890 ἀπωδυράμεθα,
3605 4816 3700 4869 νῦν

2111 4921 2240 4974 αὐτὸ
2273 4919 2332 4972 τὸ
2358 4918 2531 4989 ἔρνος,
2562 4917 2654 4987 ἀφ’
2680 4910 2741 4969 οὗ
2779 4915 2837 4968 τὸ
2864 4913 3020 4976 ἄνθος
3048 4910 3415 4980 ὲϐλάσθησεν·
3445 4909 3578 4961 τότε
3605 4909 3697 4977 τὴν

2111 5011 2457 5066 ἐλπισθεῖσαν
2519 5009 2701 5079 ὥραν,
2753 5006 2846 5060 νῦν
2895 5005 2993 5075 τὴν
3041 5003 3402 5073 ἀκμάσασαν·
3461 4999 3592 5053 τότε
3645 5000 3697 5052 τὸ

2113 5101 2556 5174 προσδοκώμενον
2595 5099 2818 5168 ἀγαθὸν,
2851 5096 2945 5150 νῦν
2978 5095 3038 5149 τὸ
3083 5097 3140 5148 ὲν
3187 5093 3350 5165 πείρα
3377 5092 3689 5160 γενόμενον.

2111 5193 2260 5265 τΑρά
2292 5211 2383 5265 μοι
2419 5188 2813 5260 συγγνώσεσθε,
2856 5187 3094 5256 ἀδελφοὶ,
3141 5187 3189 5238 ετ
3220 5203 3270 5238 τι
3298 5184 3387 5236 διὰ.
3417 5183 3481 5236 τὸ
3519 5183 3693 5241 πάθος

2123 5285 2610 5356 παραληρήσαιμι;
2646 5282 2818 5352 Τάχα,
2855 5279 3033 5342 καθώς
3068 5294 3230 5347 φησιν
3260 5277 3287 5327 6
3345 5274 3688 5334 Ἀπόστολος,

2121 5380 2213 5432 καὶ
2240 5377 2375 5448 αὑτὴ
2406 5378 2438 5447 ἡ
2477 5375 2653 5439 κτίσις
2687 5373 2763 5444 τῷ
2793 5372 3042 5443 ἡμετέρῳ
3078 5367 3233 5439 κακῴ
3283 5365 3691 5429 συνεστέναξεν.

2133 5471 2462 5540 Ὑπομνήσω
2502 5467 2558 5519 δὲ
2581 5466 2686 5519 τῶν
2714 5463 3010 5535 γεγονότων
3041 5462 3206 5531 ὑμᾶς,
3245 5457 3340 5510 καὶ
3366 5454 3522 5526 οἶμαι
3570 5456 3693 5513 τοὺς

2123 5560 2346 5624 πολλοὺς
2370 5561 2480 5623 τοῖς
2498 5557 2806 5628 λεγομένοις
2824 5554 3049 5625 συνθήσε
3059 5552 3200 5606 σθαι·
3226 5551 3356 5603 Ὅτε
3383 5547 3571 5620 χρυσῷ
3601 5545 3694 5598 καὶ

2122 5653 2411 5727 πορφυρίδι
2463 5647 2850 5722 κεκαλυμμένη
2907 5647 2998 5700 ἐπὶ
3046 5646 3146 5717 τὴν
3193 5643 3346 5698 πόλιν
3393 5644 3428 5712 η
3483 5639 3696 5712 βασιλὶς
