3918 6204
275 283 387 344 885

1328 292 1585 350 ORATIO
1612 294 1956 351 FUNEBRIS
1994 295 2079 352 DE
2108 296 2469 355 PLACILLA.

3418 314 3521 371 886

275 398 564 496 ἐκομίζετο
593 401 768 473 (κλίνη
795 403 851 459 δὲ
878 399 946 477 ἦν
970 407 1007 478 ἠ
1027 406 1378 478 κομίζουσα),
1409 410 1503 463 καὶ
1530 411 1678 464 πᾶσα
1708 410 1853 475 ἀξία,

1961 420 2108 467 ctum
2166 422 2271 467 est.
2310 413 2392 469 An
2450 414 2750 485 ignoscetis
2799 418 2951 482 mihi,
3010 420 3229 483 fratres.
3305 423 3352 477 si
3413 442 3524 496 qtto

274 494 373 546 καὶ
402 492 592 563 ἡλικία
626 496 777 549 πᾶσα
817 497 1144 568 προκεθεῖσα
1182 498 1278 553 τοῦ
1309 500 1521 567 ἄστεος,
1557 503 1855 555 ἁπεστενοτ

273 583 445 657 χώρει
488 585 580 641 διὰ
620 586 715 642 τοῦ
775 588 1012 660 πλήθους
1052 591 1115 645 τὸ
1171 590 1468 661 ὕπαιθρονο
1522 594 1745 647 πάντων
1791 595 1855 646 ὲκ

278 676 479 739 ποδῶν,
514 679 610 732 καὶ
655 677 764 732 τῶν
790 680 1163 751 ὑπερεχόντων
1207 684 1319 745 τοῖς
1367 681 1691 754 ἀξιώμασιν,
1720 700 1854 754 προ-

277 769 672 839 πομπευόντων
699 771 791 825 τοῦ
821 772 1057 837 πάθως’
1090 774 1371 847 μέμνησθε
1405 777 1621 839 πάντως
1650 777 1799 840 ὅπως
1826 778 1857 830 ὁ

276 859 431 930 ἥλιος
453 861 572 922 ταῖς
596 859 842 928 νεφέλαις
867 861 964 923 τὰς
994 863 1215 926 ἀκτῖνας
1245 862 1438 917 ἑαυτοῦ
1469 865 1854 935 συνεκάλυψεν,

277 950 360 1013 ὡς
390 949 457 1004 ἂν
487 950 564 1021 μὴ
595 951 692 1004 ῐδοι
725 952 864 1021 τάχα
894 952 1121 1025 καθαρῷ
1149 953 1226 1025 τῷ
1261 958 1399 1037 ςρωτὶ
1433 958 1570 1027 μετὰ
1613 959 1854 1012 τοιούτου

279 1044 565 1113 σχήματος
591 1042 1003 1099 είσελαύνουσαν
1032 1046 1129 1115 τὴν
1174 1045 1423 1115 βασιλίδα
1449 1050 1516 1119 τῇ
1547 1048 1719 1115 πόλει,
1756 1050 1856 1105 οὐκ

276 1133 376 1187 ἐπὶ
405 1132 649 1204 ἅρματός
695 1151 862 1198 τινος,
896 1135 930 1205 ἢ
966 1134 1283 1206 χρυσοδέτου
1326 1138 1560 1208 ἀπήνης,
1594 1138 1737 1193 κατὰ
1761 1139 1855 1193 τὸν

280 1222 554 1293 βασίλειον
579 1224 803 1295 κόσμον,
836 1228 950 1289 τοῖς
970 1225 1286 1298 δορυφόροις
1315 1228 1711 1301 ἀγαλλομένην,
1738 1230 1851 1283 ἀλλ’

277 1314 342 1368 ιν
391 1312 535 1384 σορῷ
580 1314 1018 1388 κεκαλυμμένην,
1074 1318 1552 1390 ὲπικρυπτομένην
1600 1321 1662 1375 τὸ
1715 1316 1853 1386 εἶδος

278 1406 459 1469 ἐκεῖνο
487 1406 567 1477 τῷ
601 1407 907 1479 σκυθρωπῷ
952 1410 1404 1483 προκαλύμματι·
1458 1411 1639 1483 θέαμα
1682 1413 1854 1468 δεινόν

276 1515 345 1552 τε
380 1500 476 1553 καὶ
509 1498 759 1564 ἐλεεινὸν,
812 1500 1062 1572 δακρύων
1095 1502 1317 1576 ἀφορμὴ
1357 1504 1691 1576 προκειμένη
1742 1507 1853 1568 τοῖς

278 1590 699 1661 ἐντυγχάνουσιν
718 1609 730 1621 ·
756 1593 820 1663 ἢν
844 1592 989 1656 ἄπας
1014 1593 1124 1647 τῶν
1146 1594 1589 1666 συνειλεγμένων,
1605 1596 1632 1648 ὁ
1654 1593 1855 1666 επηλύς

275 1696 346 1733 τε
400 1680 493 1733 καὶ
544 1681 574 1733 ὁ
626 1680 911 1752 ἐγχώριος,
949 1681 1049 1736 ούκ
1083 1684 1416 1755 εὐφημίαις,
1459 1683 1594 1741 ἀλλὰ
1637 1683 1856 1756 θρήνοις

1955 502 2120 558 modo
2143 513 2370 575 propter
2419 506 2628 562 cladem
2660 508 2878 576 ineptus
2916 511 3019 567 sim
3057 521 3112 566 et
3154 514 3397 568 absurda
3446 516 3523 567 lo-

1913 583 2132 663 ‘quar?
2154 594 2406 651 Forsitan
2433 639 2448 663 ,
2485 607 2539 651 nt
2588 599 2763 670 inquit
2792 587 3087 671 Apostolus
3109 606 3150 671 ‘,
3202 607 3364 660 etiam
3406 609 3519 677 ipsa

1952 695 2205 743 creatura
2240 696 2434 743 nostro
2486 689 2835 747 incommodo
2884 693 3173 764 ingemuit.
3213 701 3389 768 Atque
3429 716 3520 752 co-

1953 792 2075 831 rum
2117 793 2239 848 quae
2294 776 2654 846 acciderunt,
2689 782 2845 838 vobis
2894 786 3211 840 memoriam
3245 789 3521 843 renovabo

1953 883 2016 922 ac
2039 869 2329 939 plerosque
2356 869 2552 940 opinor
2584 870 2652 926 iis
2678 913 2693 939 ,
2725 888 2846 942 qum
2878 873 3166 940 dicantur,
3197 892 3523 935 assensuros

1953 973 2095 1014 esse.
2125 958 2262 1015 Cum
2289 974 2425 1014 auro
2457 974 2846 1031 purpureaque
2890 972 3040 1020 veste
3072 966 3246 1019 velata
3283 966 3523 1036 impera-

1955 1049 2065 1104 trix
2096 1049 2153 1103 in
2182 1049 2370 1104 urbem
2402 1058 2714 1119 portaretur
2758 1052 2977 1123 (lectica
3008 1064 3189 1111 autem
3227 1064 3379 1122 erat,
3420 1072 3523 1126 qua

1955 1141 2337 1211 portabatur),
2383 1148 2548 1211 atque
2598 1142 2748 1197 omni
2798 1144 3025 1212 ordine,
3063 1148 3210 1200 onmi
3253 1156 3413 1202 :etate
3459 1165 3525 1202 ex

1956 1229 2090 1285 urbe
2127 1229 2373 1300 profusa,
2411 1230 2672 1302 quidquid
2707 1234 2812 1288 soli
2842 1235 2956 1290 aeri
2993 1244 3184 1305 aperto
3216 1238 3524 1307 expositum

1954 1329 2133 1385 esset,
2164 1338 2275 1391 pra:
2302 1323 2650 1380 multitudine
2680 1326 2844 1382 nimis
2892 1336 3187 1396 angustum
3225 1328 3521 1393 videretur,

1955 1423 2121 1485 atque
2170 1431 2360 1473 omnes
2404 1418 2567 1473 etiam
2608 1417 2873 1489 dignitate
2919 1421 3251 1477 excellentes
3296 1422 3526 1492 pedibus

1954 1506 2119 1564 funus
2158 1518 2616 1580 prosequerentur
2645 1528 2660 1565 :
2691 1512 3020 1569 meministis
3054 1529 3317 1583 prorsus,
3352 1523 3411 1568 ut
3444 1515 3526 1568 sol

1954 1598 2169 1653 nebulis
2213 1613 2348 1654 suos
2379 1599 2561 1655 radios
2585 1601 2897 1672 obtegeret,
2928 1618 2996 1658 ne
3021 1602 3252 1657 forsitan
3278 1617 3417 1672 puro
3442 1603 3526 1656 lu-

1955 1687 2102 1743 mine
2130 1688 2339 1745 videret
2361 1691 2766 1759 imperatrieem
2795 1707 2920 1747 cum
2949 1692 3221 1762 ejusmodi
3252 1693 3437 1748 habitu
3470 1694 3525 1747 in

278 1768 562 1826 εἰσιοῦσαν
600 1772 833 1844 ἐδέχετο.
870 1773 1005 1828 Τότε
1036 1775 1129 1829 καὶ
1171 1777 1201 1829 ὁ
1235 1776 1344 1847 ἀὴρ
1383 1776 1649 1840 πενθικῶς
1693 1778 1853 1831 ἐσκυ-

1961 1779 2146 1835 urbem
2178 1780 2445 1836 invectam
2466 1821 2481 1846 ,
2511 1797 2621 1836 non
2651 1782 2705 1836 in
2738 1798 2904 1838 curru
2938 1784 3174 1854 quodam
3195 1823 3208 1847 ,
3239 1793 3334 1837 aut
3360 1783 3528 1839 rbeda

278 1862 594 1934 θρώπασεν,
623 1859 734 1918 οἷον
765 1864 974 1937 ἱμάτιόν
998 1884 1051 1920 τι
1089 1866 1339 1922 πενθικὸν
1380 1868 1470 1921 τὸν
1504 1867 1665 1937 ζόφον
1692 1884 1851 1939 περι-

278 1952 628 2023 ϐαλλόμενος.
670 1955 829 2009 am
871 1956 969 2011 καὶ
1006 1958 1062 2011 αἱ
1114 1957 1351 2028 νεφέλαι,
1404 1958 1588 2023 καθὼς
1631 1959 1853 2013 δυνατὸν

277 2045 476 2109 αὐταῖς
522 2041 611 2118 ἦν,
664 2046 1014 2119 ἐπεδάκρυον,
1063 2048 1276 2113 ἁπαλὰς
1316 2049 1556 2120 ψεκάδας
1596 2050 1718 2104 ἀντὶ
1759 2050 1854 2106 δα·

278 2137 471 2207 κρύων
507 2140 819 2209 ὲπαφιεῖσαι
849 2139 925 2212 τῷ
949 2141 1130 2196 πάθει.
1248 2152 1252 2157 ’

1958 1885 2094 1925 auro
2127 1871 2369 1927 revincta
2400 1887 2500 1942 pro
2532 1873 2679 1942 regio
2708 1880 2908 1928 ornatu
2950 1875 3277 1930 satellitibus
3319 1874 3530 1941 stipan-

1958 1960 2108 2017 tibus
2137 1962 2348 2026 laztam,
2381 1963 2477 2019 sed
2510 1962 2562 2016 in
2604 1963 2784 2018 loculo
2831 1970 3062 2029 tectam,
3112 1964 3338 2018 fortnam
3380 1964 3527 2017 illam

1957 2052 2104 2110 tristi
2134 2054 2439 2109 velamento
2466 2054 2820 2120 occultatam,
2863 2055 3237 2125 spectaculum
3272 2054 3527 2109 acerbum

1956 2145 2165 2217 pariter
2200 2160 2265 2202 ac
2295 2146 2610 2203 miserabile
2629 2186 2644 2212 ,
2677 2162 2799 2218 qua:
2826 2147 3085 2204 omnibus
3108 2145 3531 2203 occurrentibus

279 2228 650 2301 lacrymarum
679 2237 934 2290 materies
964 2234 1239 2305 proposita
1262 2246 1410 2292 esset
1434 2253 1449 2290 :
1480 2251 1642 2306 quam
1668 2238 1851 2295 omnis
1872 2238 2106 2308 populus
2136 2237 2229 2309 qui
2258 2238 2631 2304 conﬂuxerat,
2658 2247 2767 2294 tam
2797 2239 3122 2310 peregrinus
3145 2245 3311 2309 quam
3347 2239 3533 2293 dome-

280 2321 481 2384 sticus,
531 2337 638 2377 non
681 2321 881 2381 faustis
928 2325 1448 2392 acclamationibus,
1524 2326 1624 2383 sed
1678 2327 2161 2385 lamentationibus
2203 2328 2577 2386 introeuntem
2632 2331 2960 2401 excipiebat.
3015 2328 3170 2385 Tunc
3219 2331 3383 2385 etiam
3438 2347 3532 2385 aer

279 2416 571 2487 lugubrem
608 2417 666 2473 iu
697 2418 915 2474 modum
958 2411 1133 2476 tristis
1168 2421 1288 2487 fuit,
1322 2430 1581 2493 tanquam
1620 2421 1784 2494 pallio
1821 2423 2055 2495 quodam
2087 2422 2324 2494 lugubri,
2351 2422 2584 2493 caligine
2608 2436 2668 2477 se
2695 2422 2929 2478 induens
2961 2430 3127 2491 atque
3155 2420 3525 2475 circumdans.

276 2513 428 2580 Quin
451 2513 615 2569 etiam
646 2514 838 2582 nubes,
877 2524 1039 2585 prout
1085 2515 1155 2572 ab
1201 2516 1336 2586 ipsis
1380 2516 1498 2572 ﬂeri
1538 2526 1771 2589 poterat,
1801 2518 2303 2591 illa‘crymabantur,
2335 2517 2529 2573 molles
2556 2532 2621 2572 ac
2663 2523 2857 2573 tenues
2884 2516 3085 2587 pluvia:
3111 2522 3349 2587 guttaset
3376 2530 3530 2572 rores

278 2607 457 2664 luctui
480 2609 845 2680 Iacrytnarum
869 2609 989 2667 loco
1010 2610 1487 2682 superfundentes.

355 2690 433 2751 Ἦ
470 2695 642 2751 ταῦτα
674 2697 773 2769 μὲν
803 2696 973 2764 ὅντως
1002 2699 1166 2772 λῆρός
1200 2702 1339 2767 ἔστι,
1385 2703 1479 2757 καὶ
1511 2702 1633 2757 οὐδὲ
1679 2703 1857 2772 λέγειν

276 2785 467 2855 ἄξιον;
508 2788 571 2842 Et
604 2790 708 2859 γάρ
736 2805 789 2843 τι
817 2790 912 2844 καὶ
938 2791 1159 2860 γέγονεν
1191 2793 1250 2847 ιν
1280 2795 1346 2868 τῇ
1379 2794 1553 2849 κτίσει
1593 2778 1854 2858 τοιοῦτον,

277 2873 398 2934 οἷον
440 2879 780 2952 ἐπισημῆναι
815 2882 915 2952 τὴν
965 2884 1272 2955 συμφορὰν,
1318 2885 1380 2939 οὐ
1420 2885 1571 2958 παρὰ
1605 2885 1706 2957 τῆς
1738 2886 1858 2940 κτί-

280 2988 427 3036 σεως
455 2973 647 3043 γέγονε
679 2972 917 3038 πάντως.
950 2975 1085 3029 ἀλλὰ
1122 2977 1276 3047 παρὰ
1308 2976 1405 3033 τοῦ
1452 2978 1722 3034 Δεσπότου
1756 2978 1858 3046 τῆς

280 3063 533 3131 κτίσεως,
562 3064 830 3135 τιμῶντος
876 3065 944 3119 δι’
972 3058 1049 3120 ὧν
1076 3066 1248 3121 ὲποίει
1272 3068 1372 3140 τῆς
1395 3068 1550 3133 ὁσίας
1580 3069 1670 3122 τὸν
1700 3068 1861 3124 θάναο

278 3165 397 3203 τον.
437 3150 626 3221 Τίμιος
661 3150 789 3223 γὰρ,
828 3153 1013 3223 φησιν,
1045 3153 1286 3208 ἐναντίον
1318 3149 1524 3228 Κυρίου
1570 3158 1600 3210 ὁ
1632 3156 1859 3222 θάνατος

278 3239 396 3297 τῶν
423 3219 586 3297 ὁσίων
616 3219 803 3299 αύτοῦ.
1016 3246 1073 3303 δὲ
1124 3246 1236 3315 ἑγὼ
1281 3219 1420 3301 τότε.
1444 3249 1628 3320 ἕτερον
1680 3219 1859 3320 θέαμα
1884 3219 1927 3275 C

276 3333 395 3388 τῶν
438 3334 743 3406 εἰρημένων
789 3337 1236 3411 παραδοξότερον.
1282 3336 1435 3394 Εἶδον
1486 3340 1708 3397 διπλοῦν
1753 3342 1856 3413 6p.-

282 3425 450 3495 ὅρον,
478 3424 569 3479 τὸν
602 3426 701 3496 μὲν
732 3427 801 3480 ἐκ
823 3427 918 3482 τοῦ
942 3427 1137 3500 ἀέρος,
1168 3430 1259 3485 τδν
1294 3430 1353 3485 δὲ
1380 3434 1444 3485 ὲκ
1475 3433 1581 3487 τῶν
1610 3433 1860 3503 δακρύων

283 3518 381 3572 επὶ
402 3516 500 3583 τὴν
530 3519 636 3589 γῆν
664 3522 1056 3593 καταρρέοντα,
1086 3524 1181 3578 καὶ
1202 3524 1304 3579 ούκ
1322 3519 1392 3595 ἦν
1419 3525 1449 3578 ό
1480 3525 1540 3591 ἑξ
1566 3525 1860 3598 ὀφθαλμῶν

285 3610 447 3675 ύιτδς
466 3610 563 3664 τοῦ
592 3611 659 3665 ἑκ
684 3610 794 3665 τῶν
840 3613 1017 3683 νεφῶν
1048 3614 1407 3687 ἐνδεέστερος.
1450 3616 1539 3670 Ἐν
1585 3618 1696 3690 γὰρ
1739 3635 1863 3673 τοσ-

283 3701 479 3766 αύταις
498 3700 757 3772 μυριάσιν
778 3700 888 3756 τῶν
918 3704 1332 3775 συμπαρόντων,
1357 3705 1459 3760 οὐκ
1484 3701 1554 3778 ἦν
1587 3706 1861 3779 ὀφθαλμὸς

284 3796 318 3849 ὁ
346 3794 427 3865 μὴ
459 3793 813 3867 καταϐρέχων
855 3794 954 3867 τὴν
996 3796 1102 3869 γῆν
1147 3799 1265 3862 ταῖς
1290 3796 1399 3852 τῶν
1435 3797 1683 3871 δακρύων
1735 3816 1864 3854 στα-

286 3884 463 3953 γόσιν.
534 3882 671 3938 Ἀλλ’
716 3884 778 3938 οὑ
825 3884 1006 3949 καλῶς
1054 3886 1195 3957 τάχα
1244 3886 1345 3957 τῆς
1396 3886 1496 3942 τοῦ
1542 3888 1861 3945 διδασκάλου

285 3975 515 4046 γνώμης
543 3976 972 4047 ἑστοχασάμιθα,
997 3976 1159 4032 πλέον
1185 3978 1217 4051 ἢ
1243 3977 1352 4031 ἔδει
1368 3980 1483 4043 τοῖς
1518 3979 1863 4051 σκυθρωποῖς

283 4066 715 4139 ἑμὸσθύναντις.
754 4070 911 4131 Ἴσως
942 4068 1049 4141 γὰρ
1083 4068 1328 4140 βούλεται
1354 4069 1689 4143 θεραπεῦσαι
1723 4072 1862 4144 μᾶλ-

230 4168 243 4177 ‘
285 4158 380 4213 λον
419 4158 453 4231 ἢ
484 4159 703 4213 ἀνιᾶσαι
737 4160 839 4232 τὴν
881 4159 1051 4229 ἀκοήν
1069 4177 1089 4192 ι
1118 4163 1281 4232 ἡμεῖς
1309 4161 1366 4215 δὲ
1391 4162 1452 4216 τδ
1496 4163 1736 4218 ἐναντίον
1767 4164 1863 4221 νῦν

286 4251 688 4322 πεποιήκαμεν.
743 4251 953 4324 Ὥσπερ
994 4252 1061 4307 ἂν
1109 4252 1164 4305 ετ
1194 4270 1279 4317 τις
1313 4253 1493 4327 ἰατρὸς
1522 4258 1863 4327 τραυματίαν

286 4336 491 4402 λασὼν,
526 4338 602 4410 μὴ
636 4339 799 4410 μόνον
826 4339 1055 4411 ἀμελοίη
1107 4342 1207 4413 τῆς
1250 4339 1566 4413 θεραπείας,
1599 4344 1734 4399 ἀλλὰ
1768 4346 1865 4400 καὶ

286 4428 579 4503 βρωτικοῖς
604 4448 715 4487 τισι
746 4433 1059 4505 φαρμάκοις
1091 4434 1503 4506 προσεπιτρίὸοι
1535 4436 1626 4491 τὸν
1670 4437 1865 4493 ὀδυνώ-

2031 2703 2115 2758 An
2166 2702 2283 2776 haec
2335 2702 2557 2773 quidem
2615 2702 2976 2759 deliramenta
3022 2716 3086 2757 ac
3128 2717 3288 2773 nugre
3340 2718 3532 2759 revera

1960 2800 2123 2859 sunt,
2178 2809 2243 2849 ac
2302 2809 2372 2849 ne
2415 2793 2834 2864 dignaquidem
2859 2788 3033 2863 ,qua:
3069 2792 3364 2847 dicantur?
3396 2792 3530 2847 Nam

1959 2882 2177 2939 etiamsi
2217 2882 2490 2953 ejusmodi
2537 2881 2669 2952 quid
2711 2880 2919 2936 accidit
2955 2880 3010 2934 in
3054 2888 3343 2946 creatura,
3384 2881 3532 2950 quod

1959 2975 2172 3033 cladem
2216 2975 2486 3032 indicaret
2514 2984 2582 3031 et‘
2614 2973 2891 3044 insignem
2924 2970 3186 3037 eﬂiceret,
3233 2988 3464 3042 prorsus
3502 2986 3534 3026 a

1959 3077 2213 3124 creatura
2257 3066 2462 3123 factum
2494 3074 2744 3132 nonest;
2783 3063 2880 3120 sed
2917 3078 2948 3117 a
2977 3071 3249 3119 creaturae
3277 3061 3532 3128 Domino,
3640 3088 3647 3095 ο

1960 3173 2058 3228 per
2091 3171 2156 3214 ea
2204 3173 2325 3228 quae
2365 3157 2637 3221 faciebat,
2673 3164 2882 3213 sanctae
2924 3164 3159 3212 mortem
3201 3156 3531 3211 honorante.

1960 3248 2240 3307 llonorata
2261 3250 2406 3306 enim
2430 3257 2536 3314 est,
2561 3249 2742 3318 inquit
2767 3248 2878 3313 ille,
2901 3261 3089 3303 coram
3128 3245 3361 3301 Domino
3384 3261 3534 3301 mors

1958 3349 2276 3397 sanctorum
2307 3340 2428 3410 ejus
2463 3342 2506 3395 ".
2553 3338 2681 3396 Vidi
2704 3349 2887 3395 autem
2929 3353 3033 3410 ego
3070 3347 3204 3393 tunc
3224 3338 3370 3393 aliud
3407 3352 3534 3408 spe-

1959 3431 2233 3486 ctaculum
2266 3430 2428 3487 modo
2454 3430 2620 3486 dictis
2652 3429 2830 3502 magis
2857 3429 3202 3499 inopinatum
3236 3426 3537 3483 admirabio

1959 3519 2177 3591 liusque
2215 3537 2230 3574 :
2274 3521 2387 3578 vidi
2427 3520 2703 3593 duplicem
2759 3521 2988 3577 imbrem
3016 3560 3034 3584 ,
3088 3533 3258 3575 unum
3309 3518 3532 3590 quidem

1959 3628 2028 3669 ex
2060 3628 2209 3677 aere,
2242 3613 2480 3668 alterum
2512 3628 2645 3669 vero
2672 3627 2742 3668 ex
2790 3612 2969 3669 oculis
3000 3611 3423 3683 lacrymantium
3464 3608 3533 3664 ad

1962 3713 2167 3760 terram
2201 3705 2551 3773 deﬂuentem,
2593 3720 2658 3761 ac
2684 3720 2794 3765 non
2825 3712 2948 3762 erat
2976 3704 3161 3759 minor
3187 3704 3372 3774 pluvia
3402 3718 3536 3758 ocu-

1960 3794 2140 3850 lorum
2163 3834 2181 3860 ,
2232 3810 2398 3867 quam
2441 3796 2490 3853 is
2523 3796 2619 3865 qui
2659 3811 2691 3852 e
2719 3795 2964 3852 nubibus
2995 3792 3321 3866 proﬂuebat.
3354 3792 3417 3849 ln
3458 3802 3538 3849 tot

1962 3891 2206 3948 millibus
2230 3892 2377 3948 enim
2410 3892 2506 3962 qui
2550 3891 2714 3947 simul
2743 3889 2994 3954 aderant,
3030 3889 3217 3947 nullus
3250 3894 3372 3945 erat
3402 3901 3537 3944 ocu-

1962 3981 2051 4038 lus
2094 3981 2191 4052 qui
2224 3989 2429 4037 terram
2475 3983 2843 4052 lacrymarum
2886 3980 3058 4053 guttis
3094 3994 3207 4036 non
3253 3979 3533 4052 irrigaret.

1962 4073 2166 4133 Verum
2205 4074 2355 4131 haud
2387 4082 2538 4131 recta
2571 4073 2809 4129 fortasse
2841 4072 3168 4141 conjectura
3197 4070 3269 4129 ad
3294 4077 3534 4125 mentem

1964 4168 2318 4240 praeceptoris
2342 4166 2742 4238 assequendam
2770 4166 2860 4219 usi
2890 4180 3106 4229 sumus,
3137 4171 3194 4220 et
3225 4163 3302 4218 ita
3336 4176 3367 4215 a
3405 4176 3535 4217 sen-

1966 4260 2135 4315 tentia
2159 4259 2283 4329 ejus
2316 4258 2720 4320 aberravimus,
2765 4255 2972 4325 quippe
3016 4254 3183 4309 rebus
3217 4253 3434 4308 acerbis
3470 4266 3537 4308 ae

1963 4348 2219 4406 tristibus
2257 4346 2466 4404 diutius
2503 4361 2666 4417 quam
2698 4352 2915 4415 oportet
2945 4343 3246 4399 immorati.
3276 4338 3537 4399 Forsitan

1963 4442 2111 4499 enim
2146 4456 2343 4498 curare
2379 4440 2582 4510 potius,
2617 4453 2781 4509 quam
2818 4434 3074 4493 molestia
3108 4449 3272 4491 aures
3308 4434 3535 4490 afﬁcere

287 4539 475 4594 μενον.
526 4523 733 4579 Οὐκοῦν
778 4524 1138 4597 ἑπαντλητέον
1187 4526 1277 4580 τὸν
1320 4526 1549 4600 ἐλαιώδη
1595 4528 1753 4599 λόγον
1794 4532 1858 4601 τῇ

1965 4534 2108 4599 vult,
2138 4549 2243 4591 nos
2281 4548 2412 4589 vero
2440 4531 2783 4588 contrarium
2811 4542 2957 4585 nunc
2988 4526 3242 4585 fecimus.
3273 4526 3449 4583 Veluti
3486 4525 3536 4581 si

283 4613 777 4688 διοιδούσῃπληγῇ.
800 4611 951 4673 Οἶδεν
978 4617 1087 4689 γὰρ
1110 4617 1205 4672 καὶ
1228 4619 1262 4690 ἡ
1287 4619 1615 4693 εὐαγγελική
1650 4622 1860 4693 ἰατρεία

282 4708 354 4779 τῇ
382 4706 572 4779 στύψει
599 4706 695 4762 τοῦ
714 4706 855 4762 οίνου
871 4707 1263 4777 καταμιγνύειν
1291 4708 1352 4761 τὸ
1372 4707 1569 4764 ἔλαιον.
1621 4710 1858 4765 Ἐπικλί-

284 4814 469 4868 νωμιν
490 4792 584 4852 οὖν
612 4799 762 4870 ὑμῖν,
792 4798 944 4873 παρὰ
972 4799 1073 4870 τῆς
1105 4798 1325 4871 Γραφῆς
1370 4800 1624 4864 λαϐόντες
1651 4796 1863 4858 τὸντοῦ

285 4888 472 4943 ελαίου
521 4890 842 4963 Μμψάκην,
871 4892 948 4956 ὼς
1000 4891 1115 4946 ἐστι
1154 4892 1399 4958 δυνατὸν,
1446 4892 1508 4946 τὸ
1542 4891 1862 4964 σκυθρωπὸν

282 4981 399 5037 τῶν
448 4983 756 5056 εἰρημένων
813 4984 893 5048 είς
962 4983 1310 5057 παραμυθίαν
1374 4983 1860 5056 παλινῳδῆσαντες.

299 5071 468 5128 Ἀλλά
497 5091 587 5145 μοι
616 5072 804 5146 μηδεὶς
836 5073 1132 5129 ἀπιστείτω
1174 5072 1254 5144 τῷ
1302 5073 1597 5144 λεγομένω,
1627 5072 1729 5128 κᾶν
1762 5090 1864 5128 πα-

286 5163 510 5236 ράδοξον
632 5166 838 5233 Ἔστιν,
873 5165 1109 5236 ἀδελφοὶ,
1152 5166 1213 5219 τὸ
1242 5166 1466 5234 ἀγαθὸν,
1500 5166 1529 5220 ὃ
1572 5165 1861 5237 ζητοῦμεν,

281 5258 433 5325 εστι,
460 5259 553 5312 καὶ
576 5259 676 5313 ούκ
705 5257 998 5315 ἀπόλωλεν.
1033 5258 1247 5312 Μᾶλλον
1279 5257 1336 5312 δὲ
1369 5258 1687 5331 μικρότερον
1710 5255 1862 5314 εἷπον

283 5350 388 5420 τῆς
432 5348 708 5419 ἀληθείας.
746 5352 820 5406 Oti
870 5352 1027 5422 μόνον
1060 5351 1170 5423 γὰρ
1203 5350 1317 5404 ἔστι
1364 5350 1426 5404 τὸ
1456 5351 1678 5419 ἀγαθὸν,
1730 5351 1865 5407 ἀλλὰ

282 5442 385 5496 καὶ
410 5441 471 5493 ὲν
493 5440 895 5513 ὑψηλοτέροιςῆ
929 5441 1209 5514 πρότερον.
1232 5442 1341 5513 Τὴν
1373 5441 1615 5512 βασιλίδα
1646 5443 1826 5516 ζητεῖς
1850 5463 1865 5510 ς

299 5528 398 5585 Ἐν
412 5532 523 5595 τοῖς
544 5530 835 5601 βασιλείοις
854 5532 950 5603 τὴν
971 5532 1244 5605 διαγωγὴν
1267 5532 1401 5605 ἔχει.
1437 5533 1572 5587 Ἀλλ’
1601 5533 1865 5607 ὀφθαλμῷ

437 5711 598 5767 llum.
648 5726 765 5780 vui,
805 5713 895 5769 22.
969 5713 987 5743 ⁷
1038 5711 1180 5769 Psal.
1213 5727 1339 5779 cxv,
1368 5713 1451 5770 l4.

1963 4625 2091 4697 quis
2128 4622 2374 4680 medicus
2413 4628 2699 4693 acceptum
2728 4621 2977 4676 saucium
3014 4632 3127 4675 non
3153 4615 3313 4674 modo
3340 4628 3539 4672 curare

1964 4713 2227 4787 negligat,
2269 4727 2459 4768 verum
2498 4711 2662 4766 etiam
2710 4708 3072 4767 exedentibus
3122 4707 3450 4779 quibusdam
3482 4713 3539 4757 et

1966 4806 2328 4864 consumendi
2358 4804 2468 4859 vim
2506 4802 2840 4859 habentibus
2876 4798 3287 4858 medicamentis
3314 4797 3536 4864 insuper

1968 4900 2233 4956 miserum
2260 4896 2547 4955 doloribus
2567 4896 2775 4967 afﬂigat
2806 4902 2970 4964 atque
2996 4889 3270 4946 conticiat.
3294 4884 3531 4944 Proinde

1971 4987 2360 5045 intumescenti
2406 4986 2621 5041 vulneri
2671 4980 2999 5040 eﬂ‘undenda
3039 4988 3126 5037 est
3173 4979 3381 5042 oratio,
3417 4990 3539 5045 quae

1971 5078 2333 5145 sicutoleum,
2353 5076 2588 5132 leniendi
2610 5071 3005 5145 mitigandique
3024 5068 3124 5124 vim
3145 5068 3365 5123 habeat.
3388 5063 3540 5119 Solet

1970 5170 2115 5225 enim
2173 5167 2339 5224 etiam
2388 5164 2701 5236 evangelica
2755 5161 3024 5219 medicina
3083 5160 3194 5213 vini
3246 5156 3540 5212 astrictivae

1971 5269 2178 5316 naturae
2199 5259 2378 5315 oleum
2403 5258 2726 5313 admiscere.
2756 5253 3153 5310 Convertamus
3174 5249 3340 5321 igitur
3365 5247 3536 5310 vobis,

1970 5352 2178 5409 oleario
2201 5366 2233 5406 a
2270 5366 2428 5407 sacra
2467 5349 2755 5419 Scriptura
2789 5361 2917 5402 vase
2943 5354 3182 5414 sumpto,
3208 5340 3387 5414 quoad
3420 5340 3539 5409 ejus

1972 5443 2087 5500 lict'i
2122 5450 2323 5513 potest,
2350 5441 2624 5513 prioribus
2656 5438 2931 5495 contraria
2959 5437 3012 5490 in
3043 5434 3282 5492 medium
3312 5430 3542 5485 afferen-

1972 5544 2076 5602 tcs,
2110 5535 2466 5592 acerbitatem
2497 5543 2659 5603 atque
2680 5529 2998 5588 maestitiam
3024 5542 3212 5586 eorum
3241 5538 3362 5595 quae
3392 5522 3538 5578 dicta
