3918 6204
389 269 490 324 887
1637 287 1694 344 S.
1728 287 1971 347 GREGOT

2085 293 2383 349 NYSSENI
3551 294 3648 353 888

389 396 534 451 sunt,
577 386 630 440 in
672 391 1125 448 consolationem.
1169 394 1275 451 Sed
1318 415 1501 464 nemo,
1535 420 1746 474 quaeso,
1798 407 1964 463 (idem

2078 412 2280 480 γνῶναι
2315 413 2471 467 τοῦτο
2500 415 2702 482 ποθεῑς;
2735 417 2848 470 Οὐκ
2889 416 3064 481 ἔξεστι
3105 433 3186 470 σοι
3217 413 3486 486 βασιλίδος
3529 413 3652 466 θέαν

389 475 628 528 sermoni
653 477 894 546 deroget,
923 483 1137 538 etiamsi
1169 499 1365 554 praeter
1383 491 1698 562 opinionem
1722 497 1962 565 accidat,

389 579 419 616 a
450 569 730 622 connnnni
767 575 1036 628 sententia
1072 575 1370 650 discrepet,
1404 593 1569 652 atque
1595 585 1851 644 diversus
1873 591 1966 648 sit.

390 655 634 722 Salvum,
676 660 898 728 fratres,
929 676 1017 720 est
1052 668 1280 734 bonum,
1313 674 1463 741 quod
1501 678 1823 745 quaerimus,
1857 682 1971 736 sal-

389 765 520 802 vum
545 759 651 809 est.
686 761 738 807 et
770 769 878 808 non
906 758 1088 824 periit.
1123 757 1234 813 lmo
1267 778 1394 818 vero
1430 767 1612 824 minus
1643 769 1776 835 dixi,
1803 787 1968 841 quam

393 842 591 898 veritas
629 845 810 901 habet.
845 847 963 903 Non
1000 854 1160 906 modo
1199 857 1341 909 enim
1376 859 1587 913 salvum
1622 861 1824 918 bonum
1860 875 1968 935 est,

389 947 582 986 verum
626 937 791 989 etiam
837 947 921 992 est
965 941 1019 994 in
1073 944 1514 1012 sublimioribus,
1564 967 1730 1020 quam
1789 957 1964 1025 prius.

391 1021 798 1094 lmperatricem
825 1034 1066 1100 qureris?
1099 1035 1157 1089 in
1187 1037 1388 1106 palatio
1415 1041 1755 1100 domicilium
1783 1021 1966 1105 habet.

392 1119 461 1169 At
488 1119 648 1172 oculo
689 1121 791 1176 hoc
822 1138 1159 1193 cognoscere
1192 1127 1499 1187 desideras.
1540 1133 1657 1189 Non
1695 1136 1821 1193 licet
1866 1141 1962 1196 tibi

2078 503 2553 574 περιεργάζεσθαι.
2584 504 2794 575 Φοὸερὰ
2815 508 2942 577 περὶ
2963 507 3180 578 αύτὴνή
3214 506 3326 561 τῶν
3345 505 3654 578 δορυφόρων

2079 594 2291 664 φρουρά
2309 611 2322 624 ·
2353 596 2415 648 ού
2445 595 2646 649 τούτων
2674 597 2818 665 λέγω
2847 598 2957 650 τῶν
2981 598 3311 670 δορυφόρων,
3335 593 3420 660 οἷς
3445 595 3657 665 σίδηρος

2075 685 2136 736 τὸ
2168 685 2328 739 ὅπλον
2358 689 2524 752 ἐστὶν,
2566 689 2702 742 ἀλλὰ
2741 688 2849 742 τῶν
2876 692 2942 760 τῇ
2977 691 3200 762 φλογίνῃ
3243 688 3491 760 ῥομφαίᾳ
3535 687 3658 740 καθ-

2076 778 2456 848 ωπλισμένων,
2483 774 2558 834 ὧν
2585 782 2646 835 τὸ
2671 777 2806 846 εἶδος
2837 782 3140 854 ἀνθρώπων
3168 782 3320 851 ὄψεις
3340 782 3440 850 οὐχ
3465 779 3656 834 ὑποδέε-

2078 888 2249 940 χεται.
2294 872 2380 924 Ἐν
2423 868 2504 933 οἷς
2547 874 2876 946 ἀπορρήτοις
2904 875 3002 944 τῆς
3035 873 3367 945 βασιλείαςή
3417 871 3654 940 οἴκησις.

2075 963 2197 1014 τότε
2225 961 2344 1030 ὄψει
2372 1003 2386 1026 ,
2417 964 2544 1018 ὅταν
2585 967 2678 1018 καὶ
2713 968 2776 1020 σὺ
2817 965 3103 1037 προκύψῃς
3134 965 3228 1018 τοῦ
3271 962 3523 1032 σώματος
3544 979 3558 992 ·
3595 962 3656 1013 οὗ

2077 1054 2184 1124 γὰρ
2224 1053 2370 1108 ἔστιν
2424 1056 2597 1120 ἄλλως
2645 1057 2794 1122 ἐντὸς
2825 1059 2932 1112 τῶν
2980 1057 3188 1113 ἀδύτων
3237 1058 3336 1127 τῆς
3377 1053 3656 1125 βασιλείας

2077 1145 2350 1212 γενέσθαι.
2375 1147 2448 1219 μὴ
2464 1149 2752 1220 διασχόντα
2773 1151 2834 1203 τὸ
2858 1151 2959 1221 τῆς
2989 1149 3189 1221 σαρκὸς
3219 1147 3653 1219 παραπέτασμα.

392 1225 787 1278 SUpCt’VuCuam
831 1230 1050 1284 operam
1104 1234 1320 1278 sumere
1353 1223 1406 1278 in
1456 1227 1581 1294 hoc,
1616 1237 1675 1282 ut
1714 1232 1960 1303 reginam
2003 1247 2239 1306 spectes.
2271 1239 2561 1298 Terribilis
2590 1245 2802 1297 circum
2823 1257 2942 1297 eam
3001 1243 3402 1312 armigerorum
3463 1248 3656 1292 cnstoo

390 1299 481 1353 dia
501 1308 586 1355 est
615 1320 627 1355 :
657 1317 768 1357 non
797 1305 1021 1370 horum,
1051 1309 1298 1381 inquam,
1367 1299 1799 1388 armigerorum,
1845 1326 2044 1394 quibus
2080 1330 2258 1386 ferrea
2307 1341 2436 1387 sunt
2479 1349 2631 1388 arma
2652 1375 2666 1400 ,
2706 1335 2802 1390 sed
2831 1350 3025 1390 eorum
3063 1335 3157 1404 qui
3192 1332 3444 1386 ﬂammeo
3475 1329 3658 1399 gladio

391 1393 586 1446 armati
611 1404 743 1448 sunt
775 1414 788 1450 :
816 1413 1048 1467 quorum
1073 1407 1315 1472 speciem
1343 1410 1499 1466 visus
1535 1413 1820 1471 hominum
1853 1435 1960 1475 non
2001 1423 2260 1488 sustinet,
2294 1425 2350 1480 in
2377 1427 2581 1496 quibus
2611 1429 2836 1484 arcanis
2856 1427 3009 1498 regni
3066 1435 3152 1482 est
3219 1422 3655 1512 magniﬁcentia,

392 1493 523 1512 ιιι-ιιι
557 1487 765 1512 -.ι.1,.ι.ε-
851 1509 959 1512 _4__.
1014 1507 1048 1512 κ-
1085 1499 1097 1510 ο
1656 1511 1661 1512 ,

392 1493 524 1538 tunc
557 1487 800 1556 videbis,
842 1509 966 1548 cum
1001 1507 1054 1552 et
1084 1499 1202 1569 ipse
1230 1517 1260 1556 e
1290 1519 1528 1575 corpore
1559 1511 1808 1569 eminens
1838 1521 2226 1588 prospexeris:
2256 1537 2364 1577 non
2389 1523 2537 1578 enim
2609 1525 2773 1581 aliter
2839 1525 2982 1579 intra
3028 1524 3192 1596 adyta
3257 1497 3427 1592 atqde
3491 1533 3658 1589 pene-

390 1578 554 1634 tralia
579 1584 729 1653 regni
757 1591 1044 1654 pervenire
1062 1591 1210 1660 licet,
1239 1596 1342 1651 nisi
1364 1602 1552 1656 carnis
1578 1603 1698 1658 velo
1722 1604 1968 1664 diducto.

461 1671 543 1723 An
596 1677 964 1741 praestabilius
1018 1694 1179 1750 putas
1232 1703 1329 1756 per
1382 1705 1608 1746 carnem
1653 1696 1766 1750 vita
1819 1697 1961 1753 frui?

2138 1701 2210 1754 Ἦ
2239 1703 2482 1773 κρεῖττον
2507 1704 2608 1756 οἴει
2641 1704 2701 1756 τὸ
2733 1703 2821 1758 διὰ
2852 1701 3053 1774 σαρκὸς
3088 1703 3338 1773 μετέχειν
3366 1702 3462 1757 τοῦ
3495 1703 3652 1773 βίους

392 1761 634 1821 Proinde
670 1768 865 1824 doceat
897 1779 951 1829 te
997 1773 1218 1834 divinus
1258 1780 1578 1851 Apostolus,
1610 1788 1702 1856 qui
1731 1803 1968 1846 arcano-

2078 1794 2280 1849 Οὐκοῦν
2327 1795 2668 1850 παιδευσάτω
2715 1813 2776 1849 σε
2814 1797 2843 1848 6
2885 1795 3028 1859 θεῖος
3091 1795 3431 1861 Ἀπόστολος,
3482 1798 3511 1849 6
3547 1796 3655 1849 τῶν

391 1871 513 1907 rum
555 1858 796 1926 paradisi
849 1867 1236 1934 mysteriorum
1282 1873 1561 1944 particeps
1615 1877 1776 1934 fuit“.
1824 1879 1969 1947 Quid

2078 1886 2324 1956 ἀρρήτων
2357 1885 2451 1938 τοῦ
2481 1886 2806 1956 παραδείσου
2841 1884 3190 1956 μετεσχηκὼς
3227 1886 3562 1956 μυστηρίων.
3591 1886 3654 1940 Τί

391 1947 531 2004 dicit
561 1950 629 2006 de
659 1952 764 2008 hac
799 1957 953 2010 vita?
991 1957 1222 2016 forsitan
1258 1980 1326 2018 ex
1356 1973 1637 2025 communi
1685 1973 1968 2030 hominum

2247 1995 2311 2031 πε
2322 1978 2373 2049 pi.
2395 1979 2492 2049 τῆς
2509 1947 2612 2032 ὦδε
2636 1978 2784 2048 ζωῆς
2804 2020 2818 2044 ,
2840 1947 2980 2048 τάχα
3103 1947 3196 2031 τού
3227 1947 3541 2032 κοινούτῶν
3561 1980 3652 2032 ἀν-

392 2039 625 2108 loquens
657 2049 930 2112 persona?
958 2049 1126 2106 Miser
1155 2072 1248 2126 ego
1277 2057 1430 2111 homo
1451 2060 1473 2113 .'
1511 2064 1628 2131 quis
1666 2082 1745 2119 me
1783 2069 1970 2138 eripiet

390 2146 458 2183 ea:
486 2134 583 2186 lioc
618 2151 837 2205 corpore
880 2145 1042 2197 morti
1083 2146 1392 2204 obnoxio”?
1429 2152 1612 2218 Quare
1651 2157 1754 2211 hoc
1791 2158 1974 2215 dicit?

393 2223 667 2290 Quoniam
702 2231 925 2299 resolvi,
958 2243 1013 2290 et
1043 2253 1167 2294 esse
1193 2242 1565 2300 cumChristo
1587 2247 1747 2318 longe
1779 2251 1972 2307 melius

391 2333 517 2373 esse
539 2320 754 2377 dicit”.
781 2325 921 2393 Quid
949 2329 1077 2384 item
1102 2346 1334 2402 magnus
1360 2335 1449 2390 ille
1478 2335 1668 2404 David,
1697 2341 1789 2410 qui
1819 2350 1973 2397 tanto

391 2411 708 2485 principatu
748 2417 1000 2483 florebat,
1037 2424 1130 2493 qui
1181 2427 1390 2491 omnia,
1432 2445 1556 2499 qua:
1584 2434 1863 2502 pertinent
1904 2437 1971 2492 ad

389 2504 730 2575 voluptatem
775 2509 1084 2582 fruendam,
1139 2517 1359 2575 abunde
1403 2520 1682 2578 habebat?
1714 2524 1832 2582 Non
1869 2544 1971 2582 an-

392 2595 539 2665 gitur
576 2598 724 2654 vita?
780 2617 886 2657 non
928 2605 1237 2661 custodiam
1283 2611 1531 2666 nominat
1573 2614 1717 2672 hanc
1768 2618 1974 2674 vitam?

391 2687 477 2741 An
534 2703 645 2742 non
693 2691 898 2746 clamat
940 2694 1010 2749 ad
1057 2697 1342 2754 Dominum
1387 2719 1399 2754 :
1453 2701 1606 2758 Educ
1657 2724 1684 2760 e
1727 2709 1972 2764 custodia

393 2780 632 2834 animam
650 2799 819 2838 meam
836 2787 877 2816 “
897 2787 1015 2842 ?An
1030 2804 1140 2844 non
1158 2793 1524 2861 productione
1542 2798 1666 2852 vitae
1687 2809 1969 2868 gravatur,

393 2877 450 2924 et
476 2871 816 2929 offenditur?
849 2876 968 2932 Heu
1015 2882 1168 2947 mihi,
1213 2885 1428 2951 dicens,
1460 2890 1711 2958 quoniam
1755 2891 1972 2962 inquili-

2074 2068 2305 2140 θρὼπων
2335 2069 2733 2140 φθεγγόμενοςς
2765 2071 3141 2139 Ταλαίπωρος
3162 2069 3276 2140 ἐγὼ
3305 2070 3651 2137 ἅνθρωπος]

2079 2163 2174 2227 Τίς
2213 2179 2291 2232 με
2320 2165 2571 2230 ῥύσεται
2619 2164 2737 2217 ἀπὸ
2785 2163 2892 2217 τοῦ
2937 2163 3211 2231 σώματος
3254 2162 3362 2216 τοῦ
3395 2161 3648 2217 θανάτου

2074 2254 2324 2319 τούτου;
2356 2254 2454 2308 Διὰ
2485 2256 2537 2307 τί
2573 2254 2730 2308 τοῦτο
2763 2254 2940 2323 λέγει;
2981 2255 3100 2307 ’Ότι
3145 2254 3205 2306 τὸ
3243 2252 3526 2313 ἀναλῦσαι,
3561 2253 3648 2305 καὶ

2077 2346 2175 2399 σὺν
2223 2345 2441 2416 Χριστῷ
2471 2341 2628 2412 εἶναι,
2683 2345 2862 2416 πολλῷ
2911 2345 3156 2415 κρεῖττόν
3202 2360 3389 2414 φησιν.
3442 2343 3507 2395 Τί
3540 2342 3592 2395 δὲ
3620 2344 3647 2395 6

2078 2436 2250 2506 μέγας
2286 2435 2470 2500 Δαδὶδ,
2519 2439 2547 2490 6
2576 2436 2812 2509 τοσαύτῃ
2840 2436 3130 2506 δυναστείᾳ
3175 2433 3384 2504 κομῶν,
3418 2436 3448 2487 6
3479 2435 3647 2487 πάντα

2075 2527 2212 2597 πρὸς
2244 2527 2436 2598 ήδονήν
2475 2527 2570 2580 καλ⁵
2611 2527 2731 2580 κατ’
2761 2526 3002 2594 ἐξουσίαν
3037 2527 3118 2589 εἰς
3155 2525 3456 2580 ἀπόλαυσιν
3479 2525 3643 2596 ἔχωνς

2075 2619 2150 2672 Ού
2181 2622 2592 2690 στενοχωρεῖται
2624 2619 2702 2690 τῷ
2736 2618 2868 2689 βίῳ;
2899 2620 2974 2671 Ού
3005 2617 3250 2690 φυλακὴν
3275 2617 3529 2688 ὀνομάζει
3555 2617 3647 2688 τήν

2075 2704 2177 2764 ὧδε
2211 2711 2391 2782 (oriri;
2442 2713 2516 2764 υύ
2550 2711 2648 2782 βοᾷ
2683 2711 2818 2781 πρὸς
2860 2710 2949 2763 τὸν
2997 2710 3231 2781 Κύριον·
3274 2709 3553 2778 Ἑξὰγατε
3581 2709 3648 2762 ὲκ

2073 2802 2355 2872 φυλακῆς
2383 2802 2497 2872 τὴν
2521 2803 2734 2873 ψυχήν
2758 2820 2877 2873 μου
2903 2818 2923 2866 ;
2950 2801 3024 2854 Οὐ
3057 2802 3192 2873 πρὸς
3217 2800 3317 2873 τὴν
3347 2801 3650 2872 παράτασιν

2072 2893 2172 2963 τῆς
2201 2891 2347 2964 ζωῆς
2377 2892 2717 2964 δυσχεραίνει
2737 2934 2752 2959 ,
2781 2892 2967 2962 Οτμοι,
2985 2891 3180 2960 λέγων,
3199 2891 3287 2944 ὅτι
3307 2892 3345 2957 ἡ
3375 2891 3652 2960 παροιμία

393 2974 554 3020 natus
609 2985 754 3024 meus
793 2972 1139 3044 prolongata:
1182 2981 1362 3034 est“!
1411 2982 1492 3034 An
1545 2998 1656 3037 non
1705 2995 1971 3040 noverant

2078 3001 2188 3052 μου
2215 2985 2591 3055 ἐμακρύνθηέ
2625 2986 2696 3038 Ἦ
2742 2985 2842 3038 οὐκ
2873 2985 3088 3055 ᾔδεισαν
3115 2984 3386 3055 διακρῖναι
3425 2985 3475 3036 oi
3511 2985 3653 3051 ἅγιοι

394 3058 572 3112 sancti
605 3058 926 3120 discernere
954 3065 1157 3121 bonum
1187 3085 1215 3123 a
1245 3072 1388 3128 malo
1411 3111 1427 3136 ,
1457 3082 1511 3128 et
1536 3074 1745 3132 idcirco
1773 3078 1971 3134 animae

2078 3077 2134 3130 τὸ
2172 3078 2333 3130 καλὸν
2370 3081 2434 3131 ἐκ
2469 3077 2562 3131 τοῦ
2597 3078 2870 3149 χείρονος,
2920 3079 3012 3130 καὶ
3054 3077 3140 3130 διὰ
3186 3076 3348 3130 τοῦτο
3396 3092 3652 3147 προτιμο-

393 3149 848 3216 praestabiliorem
893 3170 1017 3211 esse
1063 3159 1330 3228 putabant
1375 3162 1582 3218 exitum
1621 3181 1652 3218 e
1697 3168 1974 3237 corpore?

393 3238 478 3294 Tu
509 3257 660 3308 vero,
709 3245 838 3314 quid
878 3247 1029 3314 boni,
1067 3265 1274 3320 quaeso,
1310 3253 1366 3306 in
1410 3256 1520 3310 vita
1550 3256 1747 3312 vides?
1779 3259 1974 3314 Consi-

393 3334 531 3390 dera
563 3337 766 3406 quibus
798 3339 851 3393 in
888 3341 1052 3398 rebus
1087 3344 1198 3398 vita
1233 3355 1538 3416 spectetur.
1585 3348 1705 3406 Non
1753 3351 1973 3422 profero

393 3427 496 3482 tibi
517 3444 704 3484 vocem
729 3433 1010 3504 prephetae
1031 3435 1270 3494 dicentis
1295 3458 1309 3493 :
1340 3439 1526 3496 Omnis
1550 3459 1675 3497 caro
1709 3446 1968 3515 fenum”.

395 3519 571 3576 Ornat
608 3525 754 3579 enim
797 3526 890 3582 ille
932 3537 986 3583 et
1029 3529 1286 3586 honestat
1311 3536 1485 3604 magis
1515 3551 1578 3589 ea
1604 3536 1972 3594 similitudine

394 3614 678 3670 miseriam
709 3625 919 3674 natura:
958 3640 971 3676 :
1009 3620 1240 3678 forsitan
1272 3625 1417 3680 enim
1462 3629 1656 3685 melius
1687 3638 1838 3686 esset
1896 3631 1973 3686 fe-

397 3721 532 3760 num
567 3721 687 3761 eam
735 3725 860 3765 esse
911 3713 1094 3780 potius
1139 3731 1302 3785 quam
1349 3719 1401 3772 id
1439 3721 1581 3790 quod
1615 3731 1721 3776 est.
1755 3721 1974 3788 Quare?

395 3798 526 3867 quia
551 3800 761 3854 nullam
793 3817 822 3854 a
850 3813 1046 3859 natura
1069 3805 1530 3878 injucunditatem
1560 3814 1743 3870 fenum
1772 3817 1968 3884 habet;

395 3902 530 3944 caro
557 3906 688 3946 vero
721 3903 910 3950 nostra
941 3900 1064 3952 tetri
1092 3901 1284 3957 odoris
1319 3914 1403 3959 est
1425 3905 1668 3971 officina,
1703 3909 1971 3981 quidquid

394 3985 676 4052 acceperit
699 3990 1104 4058 corrumpendo
1135 3993 1331 4050 inutile
1357 3999 1615 4055 reddens.
1649 3999 1807 4066 Quod
1843 4019 1973 4058 vero

397 4076 734 4146 supplicium
773 4087 857 4135 est
891 4096 1047 4152 aeque
1094 4101 1282 4155 grave,
1320 4097 1484 4158 atque
1530 4094 1680 4146 onmi
1729 4104 1974 4165 tempore

392 4169 708 4226 ministerio
757 4175 964 4230 ventris
1013 4178 1313 4235 obnoxium
1359 4185 1526 4260 esse?
1577 4184 1771 4244 Videte
1824 4191 1970 4244 enim

394 4259 545 4317 hunc
566 4273 891 4335 perpetuum
929 4267 1120 4324 tributi
1151 4259 1462 4329 exactorem
1484 4317 1498 4338 ,
1544 4289 1787 4334 ventrem
1820 4279 1969 4342 dico,

394 4365 656 4424 quantam
682 4359 929 4428 quotidie
965 4365 1352 4420 necessitatem
1397 4367 1584 4422 all'erat
1628 4372 1975 4425 exactionis?

2080 3169 2242 3240 τέραν
2271 3167 2437 3241 ᾤοντο
2473 3173 2538 3241 τῇ
2579 3170 2724 3240 ψυχῇ
2757 3171 2856 3240 τὴν
2899 3170 3007 3224 ἀπὸ
3038 3169 3130 3223 τοῦ
3163 3169 3416 3240 σώματος
3447 3168 3650 3233 εξοδσνς

2082 3259 2153 3310 Σὺ
2180 3259 2328 3322 δὲ,τί
2360 3259 2544 3322 καλὸν,
2571 3258 2693 3312 είπὲ
2723 3275 2832 3328 μοι,
2853 3259 3005 3329 παρὰ
3026 3258 3115 3311 τὸν
3143 3256 3254 3328 βίον
3281 3258 3446 3328 όρᾷςς
3480 3257 3654 3308 Κατα-

2081 3351 2271 3420 νόησον
2321 3353 2378 3404 ὲν
2422 3351 2563 3404 τίσιν
2608 3353 2641 3422 ή
2703 3349 2817 3422 ζωὴ
2880 3349 3180 3421 θεωρεῖται.
3237 3351 3312 3402 Οὐ
3375 3349 3514 3416 λέγω
3571 3363 3657 3399 σοι

2079 3439 2178 3510 τὴν
2221 3439 2313 3493 τοῦ
2354 3441 2632 3512 προφήτου
2679 3439 2882 3512 φωνὴν,
2909 3440 2990 3493 ὅτι
3016 3438 3188 3494 Πᾶσα
3218 3437 3375 3506 σὰρξ
3423 3437 3657 3506 χόρτος.

2081 3535 2341 3605 Σεμνύνει
2366 3535 2471 3606 γὰρ
2495 3537 2698 3599 ἐκεῖνος
2722 3534 2916 3605 μᾶλλον
2945 3534 3022 3605 τῷ
3052 3533 3404 3602 ὑποδείγματι
3437 3529 3532 3600 τὴν
3556 3531 3662 3600 τῆς

2081 3630 2295 3698 φύσεως
2343 3628 2650 3698 ἀθλιότητα.
2702 3628 2855 3698 Τάχα
2899 3627 3008 3698 γὰρ
3051 3629 3296 3698 κρεῖττον
3343 3620 3409 3693 ἦν
3459 3623 3658 3691 χόρτον

2080 3714 2219 3772 εἶναι
2250 3718 2467 3789 μᾶλλον,
2494 3719 2528 3790 ἢ
2557 3721 2692 3790 ὅπερ
2722 3719 2855 3772 ἐστί.
2889 3719 2986 3773 Διὰ
3029 3719 3114 3784 τί;
3171 3721 3287 3771 Ὅτι
3331 3715 3585 3785 οὐδεμίαν
3624 3714 3659 3765 6

2081 3811 2271 3882 χόρτος
2311 3813 2376 3864 ἐκ
2423 3810 2636 3880 φύσεως
2691 3811 2881 3880 ἀηδίαν
2928 3811 3070 3880 ἔχει·
3121 3812 3155 3880 ἡ
3186 3811 3244 3863 δὲ
3288 3809 3422 3880 σὰρξ
3470 3805 3661 3877 ἡμῶν,

2080 3905 2256 3976 ὀσμῆς
2298 3907 2444 3956 ἐστιν
2482 3905 2860 3974 ἐργαστήριον,
2913 3904 3057 3956 ἆπαν
3095 3904 3155 3955 τὸ
3195 3902 3396 3972 ληφθὲν
3429 3902 3508 3963 εἰς
3538 3899 3668 3951 δια-

2081 3999 2286 4069 φθορὰν
2333 3997 2644 4068 ἁχρειοῦσα.
2681 3998 2754 4049 Τὸ
2807 3997 2863 4050 δὲ
2905 3995 2999 4050 τ“›ν
3049 3995 3262 4049 ἅπαντα
3305 3996 3494 4066 χρόνον
3527 3997 3668 4048 ὑπο-

2081 4092 2291 4145 κεῖσθαι
2323 4093 2389 4161 τῇ
2427 4090 2527 4158 τῆς
2555 4090 2789 4160 γαστρὸς
2816 4088 3143 4158 λειτουργίᾳ,
3191 4087 3350 4151 ποίας
3393 4087 3670 4158 τιμωρίας

2080 4183 2180 4236 οὐκ
2245 4181 2391 4236 ἔστιν
2442 4181 2839 4252 ἀνιαρὼτερονς
2917 4181 3106 4252 Ὁρᾶτε
3159 4180 3268 4250 γὰρ
3325 4178 3510 4232 τοῦτον
3569 4178 3670 4231 τὸν

2079 4277 2300 4345 διηνεκῆ
2341 4277 2652 4347 φορολόγον,
2686 4276 2784 4346 τὴν
2828 4275 3071 4346 γαστέρα
3099 4275 3263 4343 λέγω,
3297 4275 3432 4345 ὅσην
3464 4273 3672 4341 ἐπάγει

2079 4368 2201 4423 καθ’
2239 4369 2452 4438 ἡμέραν
2481 4370 2579 4440 τὴν
2609 4368 2850 4437 ἀνάγκην
2879 4368 2977 4436 τῆς
3015 4367 3392 4436 ἀπαιτήσεωςς
3441 4357 3508 4434 ᾯ
3561 4364 3672 4417 κᾶν

393 4448 495 4502 Cui
528 4449 746 4506 etiamsi
781 4453 1079 4524 aliquando
1128 4460 1362 4527 amplius
1406 4476 1570 4529 quam
1619 4470 1886 4516 statutum
1919 4474 1971 4519 et

2078 4478 2206 4514 ποτε
2251 4460 2408 4512 πλέον
2436 4459 2531 4513 τοῦ
2581 4459 2911 4529 τεταγμένου
2941 4458 3466 4529 προκαταὸάλωμεν,
3505 4457 3673 4509 οὐδὲν

393 4539 711 4596 ordinatum
756 4545 852 4612 sit,
899 4555 1029 4601 ante
1073 4549 1522 4618 dependeriinus,
1558 4554 1694 4608 nihil
1737 4555 1804 4610 de
1834 4556 1980 4611 insc-

392 4633 585 4702 quenti
625 4635 813 4690 debito
851 4645 979 4692 ante
1013 4640 1279 4695 solvendo
1316 4643 1684 4701 deduximus:
1714 4648 1977 4717 quemad-

393 4726 616 4780 modum
642 4726 903 4782 animalia
938 4745 1062 4800 qua:
1090 4731 1144 4786 in
1185 4733 1423 4803 pistrino
1450 4738 1637 4795 labore
1668 4738 1978 4796 coniiciun-

393 4821 508 4882 tur,
534 4818 696 4874 tectis
733 4821 914 4876 oculis
960 4823 1085 4879 vitae
1134 4829 1338 4880 molam
1391 4829 1713 4895 circuimus,
1760 4847 1978 4902 semper

393 4921 493 4976 per
519 4909 721 4965 similia
752 4914 1192 4986 obambulantes,
1226 4929 1281 4975 et
1303 4920 1370 4997 ad
1390 4921 1578 4977 eadem
1609 4931 1968 4979 revertentes.

391 4997 586 5055 Dicam
640 5003 738 5058 tibi
779 5007 928 5064 hunc
962 5011 1227 5067 ambitum
1275 5012 1605 5070 circularem
1633 5035 1656 5070 λε
1695 5017 1972 5086 appetitus

393 5099 503 5157 est,
535 5097 787 5168 satietas,
824 5117 1075 5178 somnus,
1111 5106 1316 5177 vigilia,
1347 5110 1658 5175 evacuatio,
1694 5110 1925 5179 repletio
1956 5127 1969 5162 :

394 5204 614 5259 semper
646 5192 715 5246 ab
740 5194 849 5251 illis
878 5195 1016 5262 haec,
1056 5206 1110 5253 et
1143 5197 1212 5252 ab
1246 5199 1332 5254 his
1367 5200 1481 5266 illa,
1517 5209 1573 5255 et
1611 5217 1810 5257 rursus
1835 5203 1968 5267 haec,

394 5297 460 5338 ac
485 5299 762 5356 nunquam
790 5287 843 5342 in
871 5289 1054 5345 orbem
1081 5289 1433 5348 obambulare
1455 5294 1778 5359 desinimus,
1799 5295 1975 5350 donec

394 5385 549 5431 extra
613 5378 992 5435 molendinum
1045 5386 1407 5442 evaserimus.
1479 5386 1649 5443 Recte
1711 5387 1974 5442 Salomon

395 5465 601 5524 dolium
651 5472 1022 5541 perforatum,
1067 5483 1122 5531 et
1169 5475 1390 5533 domum
1435 5478 1670 5534 alienam
1725 5479 1976 5533 nominat

397 5554 541 5614 hanc
579 5562 762 5619 vitam.
803 5563 938 5621 Vere
970 5569 1114 5623 enim
1147 5570 1326 5624 aliena
1375 5569 1572 5627 domus
1611 5579 1724 5636 est,
1774 5580 1828 5625 et
1866 5586 1976 5625 non

467 5670 489 5700 '
525 5669 571 5754 llhl
603 5672 730 5732 Cor.
764 5693 861 5744 xu,
893 5679 929 5732 2
958 5697 1080 5752 sqq.
1163 5683 1182 5714 ⁹
1206 5682 1363 5738 Rom.
1391 5697 1485 5751 vu,
1510 5684 1599 5738 ‘24.
1681 5685 1725 5716 ¹⁰
1773 5682 1971 5754 Philip!

2078 5721 2090 5747 ,
2150 5676 2240 5733 25.
2323 5678 2362 5710 ιι
2390 5674 2536 5735 Psal.
2576 5691 2718 5745 cxu,
2761 5674 2813 5731 8.
2895 5675 2936 5707 “
2963 5674 3108 5733 Psal.
3145 5690 3297 5732 xxix.
3326 5675 3380 5728 5.

398 5753 486 5809 ιι,
523 5740 578 5796 ὕ.

2075 4553 2169 4603 τοῦ
2212 4549 2407 4620 ἐφεξῆς
2453 4551 2646 4622 χρέους
2698 4551 3158 4622 προεξετίσαμεν·
3207 4549 3330 4603 καθ’
3365 4548 3673 4620 ὁμοιότητα

2073 4641 2182 4695 τῶν
2216 4644 2272 4696 ὲν
2311 4643 2389 4712 τῷ
2426 4643 2629 4712 μύλωνι
2677 4643 3163 4713 ταλαιπωρούντων
3196 4640 3354 4707 ζώων
3382 4641 3676 4712 κεκαλυμο

2078 4734 2257 4806 μένοις
2280 4739 2393 4800 τοῖς
2427 4735 2744 4807 ὀφθαλμοῖς,
2779 4736 2875 4807 τὴν
2903 4735 2996 4788 τοῦ
3021 4735 3136 4806 βίου
3168 4735 3343 4805 μύλην
3375 4734 3675 4804 περιερχό-

2079 4827 2236 4898 μεθα,
2274 4829 2360 4880 ἀεὶ
2406 4827 2492 4881 διὰ
2543 4827 2650 4882 τῶν
2697 4827 2897 4897 ὁμοίων
2929 4826 3386 4899 περιχωροῦντες,
3429 4825 3525 4877 καὶ
3578 4825 3672 4875 ἐπὶ

2078 4921 2147 4973 τὰ
2205 4920 2343 4973 αὐτὰ
2393 4921 2840 4991 ἀναστρέφοντες.
2901 4919 3056 4972 Εἴπω
3107 4935 3189 4970 σοι
3245 4916 3344 4987 τὴν
3395 4916 3670 4986 κυκλικὴν

2079 5011 2282 5082 ταύτην
2323 5011 2587 5083 περίοδον,
2615 5011 2814 5082 ὄρεξις,
2863 5011 3042 5083 κόρος,
3077 5009 3266 5071 ὓπνος,
3308 5008 3667 5078 ἐγρήγορσις,

2081 5103 2326 5166 κένωσις,
2354 5103 2651 5174 πλήρωσις.
2697 5103 2806 5155 Ἀεὶ
2831 5103 2923 5156 ἀπ’
2955 5103 3178 5155 ἐκείνων
3209 5099 3402 5166 ταῦτα,
3437 5099 3533 5152 καὶ
3561 5098 3667 5150 ἀπὺ

2079 5193 2281 5245 τούτων
2315 5193 2496 5246 ἐκεῖνα
2515 5210 2528 5223 ο
2559 5193 2654 5246 καὶ
2678 5192 2836 5247 πάλιν
2858 5191 3050 5256 ταῦτα,
3080 5191 3174 5245 καὶ
3198 5190 3453 5243 οὐδέποτε
3479 5187 3663 5255 κύκλῳ

2081 5286 2382 5356 περιιόντες
2429 5285 2733 5356 παυόμεθα,
2765 5285 2870 5349 ἕως
2909 5285 2977 5339 ἂν
3021 5285 3125 5352 ἔξω
3170 5282 3261 5337 τοῦ
3297 5281 3544 5352 μύλωνος
3577 5295 3665 5348 γε’

2085 5380 2323 5450 νώμεθα.
2370 5380 2561 5442 Καλῶς
2606 5383 2635 5434 6
2683 5378 2933 5451 Σολομὼν
2977 5379 3132 5435 πίθον
3182 5378 3514 5450 τετρημένον
3571 5375 3666 5428 καὶ

2083 5466 2230 5524 οἷκον
2274 5469 2548 5541 ἀλλότριον
2580 5469 2835 5541 ὀνομάζει
2874 5469 2964 5522 τὸν
2990 5463 3091 5522 ὧδε
3130 5469 3265 5539 βίον.
3315 5469 3522 5530 Ὄντως
3552 5467 3662 5536 γὰρ

2085 5563 2362 5634 ἀλλότριος
2389 5556 2556 5628 οἶκος,
2584 5563 2678 5615 καὶ
2711 5562 2810 5631 οὐχ
2839 5561 3130 5632 ἡμέτερος,
3159 5561 3239 5613 ὃτι
3268 5559 3368 5641 οὐκ
3407 5559 3493 5627 ἐφ’
3520 5558 3662 5628 ἡμῖν

3469 5673 3508 5703 ³³
3540 5670 3657 5726 lsa.
