3918 6204
256 297 372 355 889

1289 313 1547 374 ORATIO
1581 317 1932 378 FUNEBRIS
1973 324 2059 379 DE
2100 325 2460 384 PLACILLA.

3177 113 3202 218 ί

3417 338 3526 396 890

253 420 410 522 ἐστιν
435 419 595 524 ἢνδτε
635 421 956 524 βουλόμεθα,
984 430 1018 500 ἢ
1067 433 1152 502 ἐφ’
1203 435 1327 489 ὅσον
1375 441 1744 514 ἐπιποθοῢμεν
1786 447 1821 497 ὲ*

1950 455 2142 501 nostra
2162 487 2177 512 ,
2223 450 2484 519 quoniam
2533 450 2586 504 in
2618 459 2806 506 nostra
2843 461 3116 524 potestate
3140 470 3252 511 non
3284 463 3400 521 est,
3433 459 3518 514 vel

252 510 411 581 αὐτῷ
451 507 592 566 εἶναι
617 530 632 544 ο
676 514 814 569 ἀλλά
857 519 951 572 καὶ
981 522 1314 595 είσαγόμεθα
1341 527 1417 592 ὡς
1461 532 1562 586 οὐκ
1601 507 1845 606 οίδαμεν,

253 604 356 658 καὶ
393 604 771 678 ἐξοικιζόμεθα
811 611 902 664 ὅτε
930 613 1032 667 οὐκ
1076 617 1314 686 οτδαμεν.
1352 619 1426 674 Τὸ
1459 623 1515 676 δὲ
1545 625 1640 678 τοῦ
1686 604 1845 682 πίθου

251 695 494 766 αἴνιγμα
537 700 770 769 νοήσεις,
805 702 900 757 ἐὰν
934 706 1014 769 είς
1045 706 1105 760 τὸ
1142 708 1464 782 ἀπλήρωτον
1509 715 1618 771 τῶν
1652 719 1845 774 ἐπιθυ-

254 786 407 855 μιῶν
446 787 778 860 ἀποσλέψῃς.
822 791 984 862 Ὁρᾷς
1012 793 1132 858 πῶς
1169 797 1523 854 ὲπαντλοῦσιν
1551 803 1764 868 ἑαυτοῖς
1793 807 1841 858 οί

249 877 534 949 ἄνθρωποι
559 879 656 943 τὰς
691 882 876 952 τιμὰς,
906 884 1005 948 τὰς
1036 885 1373 956 δυναστείας,
1411 891 1509 956 τὰς
1537 893 1717 962 δόξας,
1747 897 1844 950 καὶ

250 970 437 1024 πάντα
467 970 536 1024 τά
563 970 821 1040 comosa;
857 973 970 1027 ἀλλ’
1003 976 1234 1048 ὑπορρεῖ
1268 979 1329 1033 τὸ
1370 980 1715 1054 βαλλόμενον,
1748 989 1844 1042 καὶ

244 1058 311 1111 ού
368 1059 674 1130 παραμένει
708 1061 788 1131 τῷ
825 1062 1000 1134 ἔχοντι
1020 1081 1033 1095 ο
1067 1069 1100 1137 ή
1136 1069 1234 1138 μὲν
1259 1069 1368 1143 γάρ
1398 1073 1526 1144 περὶ
1547 1075 1645 1146 τήν
1659 1077 1838 1147 δόξαν,

243 1148 348 1200 καὶ
388 1149 489 1218 τὴν
542 1149 862 1206 δυναστείαν
908 1154 1003 1206 καὶ
1045 1154 1146 1222 τὴν
1177 1158 1342 1229 τιμὴν
1374 1161 1576 1234 σπουδὴ
1609 1163 1838 1218 πάντοτε

241 1240 592 1308 ἐνεργεῖ-ταν
640 1242 668 1294 6
712 1241 768 1294 δέ
816 1243 912 1314 τῆς
959 1245 1254 1316 ἐπιθυμίας
1289 1249 1446 1314 πίθος
1487 1253 1636 1322 μένει
1665 1255 1838 1328 ἀπλή-

242 1348 442 1403 ρωτος.
494 1333 560 1385 Τί
606 1332 664 1387 δὲ
703 1335 735 1405 ή
784 1335 1223 1408 φιλοχρηματίας
1273 1343 1373 1395 ούκ
1422 1344 1637 1415 ἀληθῶς
1680 1348 1837 1413 πίθος

237 1422 578 1492 τετρημένος
624 1425 796 1490 ἐστὶν,
846 1426 951 1497 ὅλῳ
995 1427 1073 1499 τῷ
1117 1431 1351 1502 πυθμένι
1397 1434 1570 1506 ῥέων,
1731 1440 1835 1494 κᾶν

238 1515 431 1568 πᾶσαν
460 1515 803 1589 ἐπαντλήσεις
829 1517 926 1590 τὴν
948 1519 1246 1590 θάλασσαν,
1286 1524 1642 1600 πληρωθῆναι
1669 1529 1834 1601 φύσιν

235 1604 349 1658 οὐκ
375 1605 488 1678 ἔχει
508 1623 524 1674 ;

312 1872 380 1926 Τί
414 1867 507 1928 οὖν
532 1873 797 1948 λυπηρὸν.
821 1881 871 1933 εί
899 1881 1007 1936 τῶν
1039 1884 1133 1938 τοῦ
1155 1875 1282 1955 ⁴βίου
1311 1887 1497 1942 κακῶν
1518 1891 1552 1961 ή
1581 1892 1828 1964 μακαρία

228 1964 598 2036 κεχώρισται,
630 1971 724 2022 καὶ
753 1970 942 2043 ὥσπερ
974 1975 1094 2029 τινά
1121 1975 1302 2048 λήμην
1333 1977 1424 2032 τὸν
1454 1979 1549 2032 τοῦ
1578 1980 1828 2052 σώματος

232 2058 417 2130 ῥύπον
448 2061 818 2128 ἀποϐαλοῦσα,
860 2065 1078 2138 καθαρᾷ
1103 2072 1169 2140 τῇ
1207 2070 1352 2143 ψυχῇ
1386 2073 1523 2143 πρὸς
1554 2073 1650 2144 τὴν
1683 2075 1825 2147 ἀκή-

231 2166 406 2220 ρατον
444 2150 589 2224 ζωὴν
628 2156 1056 2227 μετανίσταται,
1096 2161 1153 2215 ἐν
1245 2163 1429 2234 ἀπάτη
1465 2165 1526 2218 οὐ
1547 2167 1825 2220 πολιτεύε-

227 2259 361 2307 ται,
388 2244 608 2318 διαὸολὴ
628 2249 688 2300 ού
712 2249 1060 2318 πιστεύεται,
1090 2254 1349 2308 κολακεία
1374 2256 1556 2329 χώραν
1573 2259 1671 2312 οὐκ
1688 2259 1822 2330 ἔχει,

225 2332 435 2402 ψεῦδος
473 2337 534 2389 οὐ
559 2340 965 2410 καταμίγνυται
991 2382 1006 2407 ,
1061 2344 1224 2417 ήδονή
1266 2364 1324 2400 τε
1372 2349 1466 2401 καὶ
1513 2349 1680 2421 λύπη,
1729 2353 1822 2406 καὶ

227 2425 404 2495 φόϐος
435 2428 527 2481 καὶ
555 2430 774 2502 θάρσος,
808 2435 904 2488 καὶ
923 2435 1083 2488 πενία
1110 2438 1204 2490 καὶ
1229 2438 1477 2504 πλοῦτος,
1499 2445 1592 2494 κα)¹
1610 2442 1823 2497 δουλεία

223 2520 332 2570 καὶ
356 2520 634 2592 κυριότης,
664 2523 758 2578 καὶ
789 2527 938 2579 πᾶσα
967 2528 1000 2598 ή
1034 2530 1256 2596 τοιαύτη
1282 2529 1374 2583 τοῦ
1405 2530 1521 2601 βίου
1539 2534 1823 2604 ἀνωμαλία

221 2609 310 2673 ὡς
341 2613 678 2682 πορρωτάτω
703 2615 802 2687 τῆς
831 2617 977 2689 ζωῆς
1005 2620 1222 2692 ἐκείνης
1247 2621 1534 2694 ἐξώρισται
1552 2643 1567 2692 ;
1586 2626 1823 2697 Ἀπέδρα

222 2701 467 2765 ἐκεῖθεν,
498 2704 683 2768 καθώς
707 2724 873 2777 φησιν
900 2710 928 2762 6
960 2713 1263 2784 προφήτης,
1308 2713 1494 2784 ὀδύνη,
1527 2717 1621 2768 καὶ
1654 2715 1819 2789 λύπη,

222 2791 332 2844 καὶ
357 2797 678 2866 στεναγμός.
729 2799 876 2852 Ἀντί
917 2801 974 2854 δὲ
1009 2802 1214 2857 τούτων
1246 2809 1340 2873 τίς
1395 2802 1692 2874 Ἀπάθεια,”
1713 2827 1819 2881 μα-

224 2883 516 2972 καριότης,
562 2887 736 2941 κακοῦ
784 2891 986 2954 παντὸς
1011 2891 1386 2966 ἀλλοτρίωσις,
1418 2899 1668 2968 ἀγγέλων
1697 2903 1822 2972 ὁμι-

222 2971 344 3038 λία,
371 2975 480 3028 τῶν
509 2979 758 3049 ἀοράτων
796 2982 1018 3055 θεωρία,
1042 2985 1176 3040 Θεοῦ
1205 2971 1820 3064 μετουσία,ἐύφροσύνη

221 3065 387 3130 τέλος
411 3068 511 3122 οὐκ
561 3069 777 3141 ἔχουσα.
815 3069 924 3144 ’Δρ
957 3073 1050 3130 οὖν
1076 3078 1363 3134 λυπεῖσθαι
1397 3084 1667 3154 προσήκει
1691 3085 1820 3157 περὶ

222 3157 334 3227 τῆς
349 3159 640 3229 βασιλίδος,
663 3166 936 3236 μαθόντας
957 3163 1042 3223 οἷα
1062 3171 1179 3225 ἀνθ’
1195 3173 1323 3227 οἴων
1345 3174 1642 3244 ὴλλάξατος
1666 3179 1816 3231 Κατ-ι
1845 3160 1887 3216 (ἶ

221 3251 384 3305 ἐλιπε
416 3253 694 3323 βασιλείαν
719 3251 1089 3332 γηῖνην,’ἀλλά
1115 3264 1214 3336 τὴν
1235 3267 1484 3338 οὐράνιον
1501 3269 1814 3325 κατέλαϐεν’

222 3343 472 3398 ἀπέθετο
505 3347 594 3401 τὸν
651 3350 716 3403 ἐκ
750 3350 912 3405 λίθων
939 3355 1220 3424 στέφανον,
1253 3357 1388 3410 ἀλλά
1415 3359 1507 3412 τὸν
1538 3361 1637 3432 τῆς
1663 3361 1820 3434 δόξης

225 3435 597 3508 περιεθήκατο
618 3456 634 3470 ⁸
673 3443 979 3498 ἀπεδύσατο
1027 3447 1127 3518 τὴν
1158 3451 1484 3522 πορφυρίδα,
1520 3451 1655 3506 ἀλλά
1677 3455 1816 3525 Χρι-

227 3529 356 3581 στὸν
409 3532 714 3588 ἐνεδύσατο.
765 3537 935 3591 Τοῦτό
967 3539 1084 3594 ἐστι
1125 3541 1186 3594 τὸ
1221 3541 1492 3612 βασιλικὸν
1526 3545 1695 3610 ὅντως
1721 3547 1818 3601 καὶ

225 3620 413 3690 τίμιον
461 3622 687 3695 ἔνδυμα.
727 3626 838 3699 Τὴν
899 3624 1002 3684 ὧδε
1055 3633 1342 3707 πορφύραν
1392 3638 1576 3692 ἀκούω
1620 3641 1815 3712 α’ίματι

226 3713 420 3784 κόχλου
447 3716 589 3779 τινὸς
610 3717 906 3785 θαλασσίας
932 3725 1303 3790 φοινίσσεσθαι
1319 3743 1332 3756 ο
1348 3729 1447 3800 τὴν
1461 3730 1517 3782 δὲ
1544 3730 1656 3785 ἀνω
1681 3750 1814 3805 πορ-

227 3809 430 3880 φύραν,
455 3811 517 3866 τὸ
532 3813 623 3866 τοῦ
641 3814 880 3886 Χριστοῦ
906 3813 1047 3888 αἷμα
1069 3819 1304 3891 λάμπειν
1323 3827 1485 3877 ποιεῖ.
1515 3823 1668 3890 Εἶδες
1691 3829 1814 3882 ὅσον

227 3901 286 3955 ἐν
319 3903 398 3973 τῷ
413 3904 671 3976 ἐνδύματι
708 3908 769 3960 τὸ
799 3910 1072 3982 διάφορον.
1111 3915 1296 3969 Βούλει
1328 3918 1614 3989 πεισθῆναι
1641 3920 1723 3973 ὅτι
1756 3922 1814 3973 ἐν

227 3995 457 4059 ἐκείνοις
482 3999 662 4065 ἐστίν;
700 4001 998 4071 Ἀνάγνωθι
1042 4005 1104 4059 τὸ
1139 4007 1492 4076 Εύαγγέλιονο
1539 4011 1737 4075 Δεῦτε,
1759 4015 1815 4065 οἱ

225 4087 619 4156 εὐλογημένοι
667 4092 774 4146 τοῦ
814 4097 1045 4164 Πατρός
1091 4115 1210 4164 μου
1247 4100 1431 4169 (φησὶν
1472 4101 1642 4155 ταῦτα
1679 4104 1813 4174 πρὸς

226 4177 349 4239 τοὺς
368 4177 576 4242 δεξιοὺς
598 4181 626 4232 6
656 4181 890 4253 κριτής),
917 4185 1413 4256 κληρονομήσατε
1439 4189 1552 4258 τὴν
1575 4191 1813 4259 ἡτοιμαο

225 4269 462 4338 σμένην
503 4271 644 4339 ὑμῖν
683 4274 1010 4337 ,βασιλείαν
1032 4295 1043 4305 ·
1073 4277 1171 4348 τὴν
1204 4281 1354 4348 παρά
1409 4282 1552 4346 τίνος
1582 4285 1810 4354 ἡτοιμα-

227 4360 467 4432 σμένηνς
523 4365 625 4416 Ἦν
649 4365 881 4430 ἑαυτοῖς,
905 4369 1060 4439 φησὶ,
1100 4369 1188 4422 διὰ
1218 4372 1324 4423 τῶν
1354 4372 1530 4445 ἔργων
1555 4392 1812 4446 προητοι·

227 4453 460 4522 μάσατε.
506 4454 667 4522 Πῶς;
720 4458 1018 4522 Ἐπείνων,
1073 4461 1320 4529 ἐδίψων,
1391 4465 1566 4532 ξένος
1620 4448 1821 4535 ἥμην,⁸

223 4547 475 4615 γυμνὸς,
502 4547 788 4616 ἀσθενὴς,
813 4550 882 4603 ἐνν-
895 4552 1160 4621 ερυλακῇ.
1180 4554 1466 4622 Ἐφ’ὄσον
1485 4533 1810 4623 ἐποιήσατε
1845 4533 1884 4582 D

223 4635 312 4689 ἐνὶ
336 4639 564 4691 τούτων
583 4639 700 4692 τῶν
724 4642 1086 4710 ἐλαχίστων,
1107 4645 1234 4714 ἐμοὶ
1258 4647 1600 4712 ἐποιήσατε.
1629 4651 1691 4702 Et
1715 4646 1808 4704 οὖν

222 4732 258 4800 ή
280 4732 411 4801 περὶ
432 4732 602 4786 ταῦτα
630 4735 833 4805 σπουδὴ
858 4735 1132 4804 βασιλείας
1167 4739 1427 4806 πρόξενος
1447 4740 1674 4808 γίνεται,
1694 4743 1810 4813 ἀρι-

225 4819 494 4893 θμήσατε,
523 4827 679 4898 είπερ
707 4827 928 4881 δυνατόν
961 4831 1108 4882 ἐστιν
1129 4830 1598 4900 ἐξαριθμήσασθαι
1617 4873 1632 4898 ,
1656 4834 1808 4888 πόσοι

223 4916 338 4977 τοῖς
375 4915 635 4986 ἐνδύμασι
687 4922 803 4983 τοῖς
845 4922 976 4992 παρ’
1018 4923 1182 4992 αὐτῆς
1217 4924 1622 4990 ἐπεπάθησανῑ
1651 4927 1809 4981 πόσοι

220 5008 291 5078 τῇ
353 5009 568 5081 μεγάλῃ
612 5011 793 5082 ἐκείνῃ
855 5013 1006 5083 δεξιᾷ
1067 5015 1458 5086 διετράφησανί
1509 5019 1664 5073 πόσοι
1704 5020 1812 5073 τῶν

222 5099 635 5156 κατακλείστων
659 5103 760 5155 οὐκ
785 5105 1127 5174 ἐπισκέψεως
1163 5106 1341 5174 μόνον,
1369 5108 1506 5162 ἀλλά
1548 5111 1643 5162 καὶ
1673 5127 1813 5164 παν-

217 5191 413 5254 τελοῦς
468 5193 714 5260 ἀφέσεως
747 5195 1090 5267 ήξιώθησανῐ
1133 5199 1196 5251 Εἰ
1230 5199 1287 5252 δὲ
1327 5201 1388 5253 τὸ
1417 5202 1812 5272 ἐπισκέψασθαι

215 5281 316 5338 τὸν
333 5283 720 5339 κατάκλειστον
766 5288 1016 5358 προξενεῖ
1037 5288 1313 5360 βασιλείαν
1334 5308 1346 5320 ·
1370 5293 1431 5345 τὸ
1452 5293 1812 5366 ἐλευθερῶσαι

217 5372 322 5442 τῆς
355 5375 627 5445 τιμωρίας
649 5375 851 5448 δηλαδὴ
878 5379 1120 5444 πλείονος
1156 5381 1320 5450 τιμῆς
1357 5381 1529 5448 ἀξιον,
1566 5385 1724 5457 είπερ
1756 5403 1808 5440 τι

221 5464 505 5536 βασιλείας
561 5471 709 5523 ἐστὶν
762 5469 1050 5543 ἀνώτερον.
1100 5473 1238 5526 Ἀλλ’
1281 5475 1343 5527 ού
1401 5476 1560 5548 μέχρι
1599 5479 1806 5534 τούτων

218 5557 372 5612 ἐστὶν
399 5559 613 5630 ἐκείνης
632 5563 660 5615 6
686 5560 918 5628 ἔπαινος.
939 5565 1278 5638 Παρέρχεται
1295 5567 1510 5639 γὰρκαὶ
1539 5569 1607 5624 τά
1636 5589 1805 5644 προσ-

296 5744 342 5775 “
381 5739 488 5797 lsa.
529 5760 700 5809 xxxv,
742 5743 825 5800 l0.
907 5745 946 5776 "
987 5743 1177 5801 Matth.
1214 5762 1347 5816 xxv,
1383 5747 1450 5805 54
1492 5767 1614 5823 sqq.

1947 539 2172 608 quando
2201 541 2472 604 volumus,
2511 542 2595 597 vel
2643 545 2890 613 quandiu
2929 547 3330 612 desideramus,
3368 548 3426 602 in
3459 565 3522 604 ea

1945 645 2069 687 esse
2103 649 2116 686 :
2150 633 2284 703 quin
2316 636 2481 688 etiam
2507 637 2792 694 nescimus
2834 638 3297 708 Quemadmodum
3347 640 3526 701 intro-

1945 721 2233 788 ducamur,
2277 740 2455 796 neque
2509 727 2767 782 novimus
2815 728 3034 799 quando
3065 730 3301 800 migrare
3322 731 3524 800 jubea-

1944 831 2088 870 mur.
2125 815 2297 872 Porro
2329 816 2463 872 dolii
2489 819 2723 889 aenigma
2753 828 2920 890 atque
2959 820 3304 875 involucrum
3354 823 3520 876 intel-

1943 907 2116 979 liges,
2158 909 2203 964 si
2238 910 2305 964 ad
2337 909 2698 981 inexplebiles
2720 921 2774 968 et
2808 913 3152 968 insatiabiles
3189 914 3520 982 cupiditates

1941 1001 2273 1070 respexeris.
2310 999 2490 1069 Vides,
2528 1011 2588 1057 ut
2617 1002 2869 1059 homines
2914 1005 3018 1058 sibi
3075 1019 3294 1075 semper
3336 1004 3520 1058 aliun-

1939 1092 2075 1148 dant
2109 1102 2163 1148 et
2198 1101 2456 1165 aggeranl
2486 1094 2725 1150 honores
2745 1134 2759 1159 ,
2800 1105 3119 1167 potentatus
3141 1136 3157 1162 ,
3193 1096 3401 1167 glorias
3423 1135 3438 1161 ,
3465 1106 3521 1151 et

1938 1185 2122 1239 omnia
2159 1186 2476 1256 ejusmodi?
2518 1187 2588 1240 At
2632 1188 2778 1257 quod
2823 1188 3180 1256 immittitur,
3214 1189 3421 1253 emuit,
3463 1197 3521 1243 et

1937 1291 2045 1331 non
2076 1287 2360 1346 permanet
2385 1279 2441 1333 in
2471 1295 2537 1334 eo
2559 1295 2668 1350 quo
2711 1282 3056 1349 continetur;
3109 1299 3234 1336 nam
3273 1282 3518 1337 studium

1936 1369 2154 1438 quidem
2185 1370 2392 1441 glorize,
2426 1379 2740 1442 potentatus
2771 1381 2828 1427 et
2859 1373 3088 1428 honoris
3117 1390 3339 1444 semper
3362 1391 3521 1430 exer-

1935 1471 2088 1516 cetur
2139 1471 2192 1517 et
2222 1464 2404 1534 viget,
2451 1465 2546 1519 sed
2588 1464 2908 1535 cupiditatis
2938 1466 3147 1521 dolium
3184 1467 3519 1536 inexplebile

1933 1561 2138 1607 manet.
2182 1552 2325 1619 Quid
2365 1558 2491 1610 item
2523 1557 2770 1626 pecuniae
2815 1557 3100 1613 studium?
3134 1557 3218 1611 An
3249 1573 3356 1612 non
3388 1572 3518 1612 vere

1931 1642 2140 1699 dolium
2187 1646 2528 1716 perforatum
2574 1659 2680 1714 est,
2712 1657 2828 1704 toto
2868 1649 3039 1704 fundo
3068 1649 3389 1720 pertinens?
3424 1648 3515 1704 cui

1930 1737 1977 1792 si
2010 1738 2093 1792 vel
2125 1745 2300 1792 totum
2340 1754 2492 1796 mare
2522 1739 2773 1798 aﬂundas
2795 1780 2811 1807 ,
2849 1757 2913 1797 ea
2954 1751 3154 1798 natura
3184 1750 3300 1807 est,
3331 1751 3392 1798 ut
3419 1757 3517 1798 ex-

1929 1826 2067 1898 pleri
2097 1843 2208 1884 non
2246 1831 2446 1899 possit.

1999 1920 2141 1988 Quid
2171 1924 2339 1993 igitur
2367 1924 2659 1980 molestum
2694 1932 2748 1981 et
2789 1926 3051 1982 acerbum
3092 1933 3197 1992 est,
3235 1925 3280 1981 si
3322 1941 3353 1980 a
3389 1925 3516 1981 vitae

1928 2015 2088 2068 malis
2138 2015 2301 2070 beata
2358 2015 2466 2072 ista
2519 2026 2806 2087 segregata
2863 2027 2989 2082 est,
3042 2025 3099 2072 et
3154 2017 3319 2072 veluti
3370 2018 3514 2074 lenia

1927 2104 2185 2172 quadam,
2241 2107 2494 2177 corporis
2539 2108 2799 2163 sordibus
2846 2108 3110 2176 abjeetis,
3161 2121 3297 2177 pura
3329 2109 3513 2162 anima

1927 2195 1996 2250 ad
2031 2197 2395 2253 immortalem
2438 2206 2492 2254 et
2539 2199 2914 2269 incorruptam
2966 2199 3132 2253 vitam
3184 2199 3416 2254 transit?
3454 2199 3512 2254 in

1923 2305 2033 2360 qua
2084 2289 2236 2346 fraus
2284 2307 2393 2346 non
2443 2302 2732 2348 exercetur
2775 2312 2788 2347 :
2832 2292 3125 2347 calumniae
3170 2307 3280 2346 non
3334 2291 3513 2347 credi-

1924 2390 2062 2434 tur:
2098 2381 2341 2436 adulatio
2385 2383 2568 2437 locum
2614 2399 2724 2438 non
2771 2383 2972 2450 habet;
3025 2383 3370 2438 mendacium
3399 2398 3511 2438 non

1923 2472 2301 2540 immiscetur;
2349 2475 2601 2545 voluptas
2645 2476 2774 2531 item
2820 2485 2876 2530 et
2920 2475 3209 2544 aegritudo,
3245 2482 3423 2531 metus
3453 2483 3513 2531 et

1923 2564 2158 2631 ﬁducia,
2191 2577 2486 2636 paupertas
2519 2575 2576 2623 et
2617 2567 2859 2634 divitiae,
2900 2567 3141 2623 servitus
3170 2576 3225 2623 et
3257 2568 3512 2624 domina-

1919 2659 2040 2725 tio,
2089 2662 2380 2731 omnisque
2429 2661 2556 2717 talis
2605 2662 2731 2716 vita:
2789 2661 3136 2731 inaequalitas
3189 2677 3352 2731 (luam
3386 2661 3508 2716 lon-

1922 2747 2146 2818 gissime
2184 2749 2254 2802 ab
2286 2749 2378 2802 illa
2407 2750 2519 2802 vita
2550 2757 2760 2804 remota
2812 2760 2916 2804 est.
2972 2749 3200 2820 Aufugit
3241 2749 3411 2813 illiue,
3450 2755 3508 2802 ut

1921 2837 2101 2905 inquit
2148 2837 2498 2908 propheta“,
2547 2837 2706 2892 dolor
2751 2846 2805 2893 et
2846 2838 3118 2901 molestia,
3156 2845 3209 2892 et
3251 2839 3503 2908 gemitus.

1922 2927 2026 2983 Pro
2057 2929 2144 2984 his
2183 2945 2313 2986 vero
2345 2929 2520 3000 quid?
2567 2929 2949 2999 Impatibilitas
2992 2937 3046 2984 et
3087 2929 3357 2983 malorum
3415 2928 3506 2982 in-

1921 3023 2449 3093 commodorumque
2476 3024 2746 3089 vacuitas,
2772 3021 3077 3089 beatitudo,
3104 3021 3172 3076 ab
3194 3019 3342 3078 omni
3362 3021 3506 3074 malo

1921 3114 2215 3181 alienatio,
2287 3116 2607 3187 angelorum
2679 3115 3066 3182 consuetudo,
3145 3112 3503 3168 invisibilium

1925 3208 2347 3277 contemplatio,
2381 3210 2624 3264 societas
2655 3225 2778 3262 cum
2805 3208 2937 3272 Deo,
2973 3207 3158 3262 laititia
3194 3207 3356 3260 tinem
3391 3218 3502 3258 non

1922 3298 2154 3353 habens.
2186 3297 2443 3368 Nunquid
2470 3299 2635 3368 igitur
2667 3313 2900 3353 maerere
2923 3295 3182 3351 convenit
3217 3294 3284 3348 de
3312 3292 3503 3364 regina

1918 3390 2144 3446 edoctos
2177 3406 2300 3459 quae
2357 3390 2560 3460 quibus
2605 3388 3071 3444 eommutaverit?
3126 3386 3366 3456 Reliquit
3417 3400 3503 3438 re-

1918 3499 2085 3554 gnum
2121 3490 2404 3548 terrestre,
2435 3497 2500 3537 ae
2529 3483 2752 3538 cceleste
2791 3491 3046 3536 assecuta
3087 3486 3171 3534 est
3201 3494 3214 3529 :
3247 3477 3502 3546 deposuit

1917 3589 2180 3630 coronam
2225 3573 2502 3643 lapidibus
2537 3585 2809 3636 ornatam,
2848 3579 2905 3625 at
2953 3571 3140 3641 gloria:
3185 3580 3391 3622 corona
3440 3580 3501 3620 se

1915 3664 2275 3720 circumdedit
2303 3683 2314 3718 :
2341 3665 2494 3718 exuit
2522 3670 2725 3718 vestem
2749 3675 3108 3732 purpuream,
3139 3669 3192 3713 at
3217 3658 3497 3712 Christum

1916 3754 2116 3809 induit.
2147 3753 2261 3810 lloc
2285 3762 2369 3810 est
2397 3769 2523 3810 vere
2551 3753 2762 3823 regium
2789 3767 2852 3806 ac
2881 3752 3183 3821 pretiosum
3213 3749 3503 3803 indumen-

1915 3856 2050 3901 tum.
2107 3844 2260 3901 Hanc
2316 3854 2591 3902 terrenam
2652 3859 2955 3915 purpuram
3013 3843 3178 3896 audio
3229 3841 3500 3910 sanguine

1915 3938 2143 3995 concha:
2170 3938 2462 4007 cujusdam
2493 3939 2720 3991 marinae
2760 3937 3072 3991 rubescere.
3126 3937 3197 3988 At
3246 3949 3499 4003 superna:

1913 4046 2171 4100 purpura).
2195 4031 2397 4085 Christi
2423 4029 2651 4100 sanguis
2672 4028 3019 4098 splendorem
3043 4034 3096 4078 et
3114 4023 3298 4078 ﬂorem
3321 4023 3492 4077 addit.

1919 4119 2115 4175 Vidisti
2148 4131 2350 4190 quanta
2403 4123 2474 4176 sit
2515 4121 2565 4174 in
2610 4120 2930 4173 indumento
2975 4116 3280 4172 differentia
3329 4124 3494 4183 atque

1915 4213 2255 4280 praestantia.
2306 4210 2402 4282 Vis
2452 4212 2548 4264 tibi
2600 4211 2760 4264 ﬁdem
2809 4210 2924 4263 ﬁeri
2976 4208 3122 4277 quod
3167 4208 3277 4260 illis
3328 4206 3493 4259 rebus

1913 4303 2166 4358 fruatur?
2207 4303 2350 4372 Lege
2398 4304 2792 4371 Evangelinm:
2830 4301 3048 4365 Venite,
3090 4299 3348 4352 benedicti
3384 4296 3491 4350 Pa-

1913 4398 2010 4448 tris
2041 4397 2161 4457 mei,
2195 4396 2375 4464 inquit
2418 4395 2556 4465 (hmo
2594 4396 2659 4449 ad
2693 4395 2950 4448 dexteros
2978 4391 3204 4460 Judex),
3231 4389 3491 4460 possidete

1912 4498 2163 4556 paratum
2205 4488 2349 4542 vobis
2400 4505 2616 4558 regnum
2644 4488 2708 4539 ¹⁸.
2755 4485 2909 4552 Quod
2962 4502 2992 4538 a
3041 4500 3150 4554 quo
3195 4483 3494 4552 paratum?

1913 4577 2069 4642 Quod
2106 4577 2261 4632 vobis
2294 4578 2420 4645 ipsi,
2456 4579 2655 4647 inquit,
2700 4591 2797 4646 per
2841 4590 3007 4644 opera
3059 4573 3485 4644 praaparavistis.

1913 4665 2237 4731 Quomodo?
2278 4665 2628 4729 Esuriebam,
2666 4664 2941 4727 sitiebant,
2976 4664 3280 4732 peregrinus
3320 4677 3488 4724 erant,

1915 4759 2110 4823 nudus,
2139 4759 2409 4828 inﬁrmus,
2458 4760 2512 4811 in
2554 4773 2785 4811 carcere.
2827 4755 3102 4822 Quatenus
3151 4753 3350 4823 fecistis
3397 4752 3490 4804 uni

1913 4852 1978 4905 de
2011 4851 2091 4904 his
2147 4849 2407 4913 minimis,
2463 4851 2592 4903 mihi
2633 4850 2858 4918 fecistis.
2900 4847 2958 4902 Si
3010 4847 3174 4916 igitur
3223 4842 3489 4914 ejusmodi

1915 4957 2103 4997 rerum
2139 4942 2387 4997 studium
2437 4941 2589 5010 regni
2629 4939 2958 4994 conciliandi
2996 4939 3102 4991 vim
3141 4935 3302 4989 habet
3337 4954 3349 4989 :
3385 4950 3489 4987 nu-

1912 5042 2141 5097 merate,
2180 5031 2227 5086 si
2258 5030 2421 5084 modo
2451 5029 2765 5084 enumerari
2795 5037 3047 5099 possunt,
3080 5036 3213 5096 quot
3239 5025 3490 5080 homines

1914 5121 2253 5175 indumentis
2283 5121 2351 5174 ab
2376 5120 2466 5174 illa
2502 5121 2866 5190 suppeditatis
2893 5119 3133 5189 cooperti
3166 5117 3278 5172 sint
3305 5133 3318 5181 ;
3356 5123 3490 5185 quot

1913 5226 1944 5265 a
1975 5227 2167 5280 magna
2205 5211 2298 5264 illa
2345 5210 2535 5266 dextra
2570 5212 2825 5266 alimenta
2871 5210 3218 5280 acceperint;
3261 5217 3396 5278 quot
3433 5207 3486 5261 in

1912 5317 2188 5358 carcerem
2218 5303 2465 5358 conclusi
2505 5318 2615 5358 non
2655 5303 2816 5358 modo
2851 5303 2920 5358 ab
2949 5318 3011 5357 ea
3037 5301 3264 5362 visitati,
3294 5314 3485 5353 verum

1918 5391 2081 5445 etiam
2134 5391 2356 5461 penitus
2403 5375 2780 5448 dimissionem
2830 5389 3067 5445 assecuti
3125 5386 3274 5443 sint!
3329 5384 3485 5450 Quod

1915 5483 1963 5539 si
1996 5483 2218 5539 visitare
2247 5484 2594 5552 conclusum,
2636 5497 2864 5555 regnum
2907 5481 3209 5537 conciliat:
3251 5476 3486 5532 liberare

1911 5591 2071 5648 poma
2095 5575 2352 5633 nimirum
2379 5575 2573 5650 majori
2603 5576 2827 5649 praemio
2859 5575 3082 5648 dignum
3115 5577 3223 5642 est,
3255 5569 3301 5625 si
3325 5566 3486 5622 modo
