3918 6204
471 301 569 360 891

1703 299 1760 354 S.
1786 295 2109 353 GREGORII
2149 295 2434 351 NYSSENI

3601 295 3680 351 89‘!

468 416 670 488 aliquid
697 431 865 485 regno
883 414 1234 486 prmstautius
1255 421 1308 470 et
1331 415 1686 472 excellentius
1703 423 1806 471 est.
1835 414 2011 470 Verun

2138 414 2440 484 τεταγμένα
2470 417 2580 477 τοῖς
2605 385 3048 484 κατορθώμασιν.
3097 412 3256 467 Πόσοι
3281 411 3346 465 δι’
3384 409 3681 482 ὲκείνηντὴν

468 523 577 560 non
606 506 695 560 hic
721 506 977 561 consistit
1006 506 1152 561 illius
1187 505 1326 560 laus.
1351 505 1486 559 Nam
1516 506 1680 560 etiam
1717 508 1858 560 ultra
1882 522 2037 562 man-

463 597 593 652 data
629 607 775 651 recte
817 595 974 652 factis
1018 597 1398 667 progreditur,
1443 606 1579 666 quot
1624 607 1845 667 propter
1887 599 2034 652 illam

462 689 889 743 resurrectionis
941 689 1170 759 gratiam
1225 691 1278 744 in
1341 703 1463 743 sese
1515 689 1900 758 agnoverunt?
1937 688 2033 759 qui

461 778 676 849 legibus
729 779 972 847 mortui,
1032 788 1085 833 et
1137 779 1329 848 capitis
1371 777 1656 842 damnati,
1701 794 1896 835 rursus
1938 795 2034 849 per

460 879 582 920 eam
625 867 692 922 ad
745 869 914 921 vitam
967 869 1204 921 revocati
1263 867 1428 919 sunt?
1481 868 1537 921 tu
1591 868 1768 922 oculis
1817 875 1901 921 est
1949 867 2032 921 di-

459 964 672 1012 ctorum
707 959 1103 1013 testimonium.
1136 957 1334 1012 Vidisti
1363 957 1517 1027 juxta
1542 958 1732 1020 altare,
1760 959 1851 1028 qui
1883 959 2032 1012 salu-

457 1058 569 1103 tem
595 1052 1004 1120 dcsperaverat,
1040 1051 1532 1105 adolescentulum.
1566 1048 1769 1105 Vidisti
1804 1052 2030 1105 mulier-

458 1141 638 1196 culam
683 1143 754 1196 ob
793 1143 1198 1196 damnationem
1251 1142 1437 1196 fratris
1476 1143 1882 1197 lamentantem.
1913 1142 2028 1196 Au-

457 1232 644 1286 divisti
674 1248 737 1286 ex
775 1247 861 1297 eo,
900 1234 992 1301 qui
1037 1233 1177 1287 bona
1208 1233 1469 1288 Ecclesia
1502 1232 1854 1302 praedicabat,
1882 1240 1940 1286 ut
1970 1233 2028 1287 in

453 1325 773 1379 memoriam
826 1326 1026 1395 reginae
1079 1325 1253 1380 tristis
1302 1327 1577 1380 sententia
1630 1326 1911 1380 mortifera
1968 1325 2026 1379 in

450 1415 617 1469 vitam
642 1415 886 1469 resoluta
923 1415 1018 1471 sit.
1050 1416 1131 1469 An
1163 1416 1328 1470 etiam
1360 1415 1474 1470 haec
1503 1416 1660 1471 sola?
1685 1414 1867 1469 Animi
1893 1429 2024 1469 vero

450 1504 842 1561 demissionem
889 1505 981 1560 ubi
1042 1506 1475 1562 collocabimus?
1516 1504 1690 1571 Quam
1738 1505 2022 1573 Scriptura

449 1597 672 1669 pmfert
689 1600 837 1654 omni
868 1600 1134 1670 prmelaro
1158 1607 1324 1670 atque
1349 1615 1474 1655 cum
1505 1601 1706 1654 virtute
1725 1598 2022 1669 conjuncto

449 1688 726 1744 facinori?
778 1689 911 1756 Qum
964 1705 1089 1744 cum
1141 1697 1352 1745 tantum
1397 1690 1690 1760 imperium
1737 1705 1846 1744 una
1893 1705 2018 1746 cum

446 1796 650 1852 magno
672 1783 1005 1852 imperatore
1031 1783 1408 1838 moderaretur
1429 1825 1444 1849 ,
1475 1783 1624 1838 omni
1655 1791 1937 1855 potentatu
1962 1798 2022 1839 se

446 1874 844 1942 submittente,
891 1885 969 1930 tot
1017 1877 1274 1947 gentibus
1317 1877 1554 1934 subditis
1591 1888 1647 1933 et
1693 1878 2021 1946 tributariis,

444 1981 572 2022 cum
601 1977 744 2020 terra
772 1968 977 2036 pariter
1001 1981 1066 2021 ac
1095 1983 1245 2022 mare
1286 1968 1403 2024 suis
1450 1977 1684 2039 utraque
1717 1969 1894 2038 copiis
1925 1968 2023 2023 sti-

2053 1757 2094 1810 Β

2139 505 2238 574 τῆς
2265 504 2612 568 ἀναστάσεως
2633 505 2793 576 χάριν
2819 506 2902 575 ἐφ’
2942 503 3149 558 ἑαυτῶν
3174 501 3501 574 ἐγνώρισαν,
3529 502 3573 555 οἳ
3594 506 3683 566 τοῖς

2137 598 2320 668 νόμοις
2351 597 2731 662 ἀποθανόντες,
2759 598 2854 650 καὶ
2881 598 2979 668 τὴν
3007 597 3100 650 ἐπὶ
3117 596 3334 666 θανάτῳ
3358 593 3539 665 ψῆφον
3563 593 3687 660 δεξά-

2139 706 2307 759 μενοι,
2340 689 2500 744 πάλιν
2538 689 2603 742 δι’
2637 689 2808 759 αὐτῆς
2858 691 2939 752 είς
2970 688 3069 759 τὴν
3109 686 3253 758 ζωὴν
3289 686 3676 756 ἀνεκλήθησανί

2147 783 2234 834 Ἔν
2248 782 2566 853 ὀφθαλμοῖς,
2585 781 2694 834 τῶν
2711 781 3014 852 εἰρημένων
3031 781 3065 850 ἡ
3087 781 3376 853 μαρτυρία.
3397 775 3547 842 Εἶδες
3564 780 3686 848 παρὰ

2133 875 2193 927 τὸ
2224 874 2607 945 θυσιαστήριον
2641 873 2943 941 ἀπογνόντα
2967 872 3068 942 τὴν
3098 873 3369 943 σωτηρίαν
3403 873 3683 941 μειράκιον.

2133 961 2283 1030 Εῐδες
2319 966 2540 1034 γύναιον
2592 965 2687 1018 ἐπὶ
2732 965 3055 1032 κατακρίσει
3096 963 3325 1031 ἀδελφοῦ
3366 963 3683 1033 ὀδυρόμενον,

2130 1055 2224 1109 τοῦ
2254 1057 2320 1109 τὰ
2366 1058 2547 1125 ἀγαθά
2594 1060 2662 1127 τῇ
2703 1056 3002 1126 Ἐκκλησία
3049 1055 3432 1125 κηρύσσοντος,
3469 1054 3685 1122 δπωςτῇ

2133 1150 2319 1221 μνήμῃ
2343 1149 2437 1218 τῆς
2467 1149 2734 1219 βασιλίδος
2765 1149 2798 1218 ἡ
2837 1147 3132 1218 σκυθρωπὴ
3158 1145 3252 1198 τοῦ
3281 1144 3510 1198 θανάτου
3531 1144 3686 1212 ψῆφος

2127 1242 2206 1302 εἰς
2255 1240 2398 1310 ζωὴν
2446 1240 2760 1294 ἀναλύεται.
2790 1235 2937 1309 ’Ἄρα
2971 1240 3064 1290 καὶ
3099 1238 3259 1308 μόνον
3285 1235 3492 1300 ταῦτα;
3523 1236 3613 1304 τὴν
3637 1235 3687 1287 δὲ

2124 1332 2628 1404 ταπεινοφροσύνην
2671 1331 2774 1385 ποῦ
2803 1331 3075 1402 θήσομεν,
3125 1332 3192 1401 ἢν
3247 1329 3687 1399 προτιμοτέρανη

2124 1425 2314 1497 Γραφὴ
2347 1427 2581 1479 ποιεῖται
2610 1425 2811 1488 παντὸς
2834 1425 2927 1476 τοῦ
2973 1425 3093 1478 κατ’
3118 1422 3319 1494 ἀρετὴν
3351 1420 3690 1491 κατορθώμα-

2121 1534 2242 1583 τος;
2299 1516 2458 1578 Ἤτις
2502 1513 2892 1586 συνηνιοχοῦσα
2942 1512 3021 1584 τῷ
3079 1513 3300 1583 μεγάλῳ
3343 1510 3557 1581 βασιλεί
3604 1511 3692 1580 τὴν

2121 1606 2388 1678 τοσαύτην
2429 1607 2624 1678 ἀρχὴν,
2667 1607 2849 1676 πάσης
2903 1604 3219 1666 δυναστείας
3267 1599 3690 1670 ὑποκυπτούσης,

2121 1697 2377 1750 τοιούτων
2407 1697 2577 1750 ἐθνῶν
2613 1695 3039 1758 ὑποτελούντων,
3074 1694 3180 1763 γῆς
3217 1710 3278 1746 τε
3313 1694 3409 1746 καὶ
3439 1691 3693 1760 θαλάττης

2123 1789 2186 1840 ὲκ
2213 1787 2322 1840 τῶν
2350 1786 2565 1840 οἰκείων
2620 1785 2886 1857 ἑκατέρας
2943 1781 3371 1854 δορυφορούσης,
3406 1783 3508 1834 οὐκ
3542 1780 3692 1832 ἔδωκε

2121 1876 2243 1931 καθ’
2276 1876 2474 1947 ἑαυτῆς
2510 1873 2587 1945 τῷ
2635 1873 2789 1944 τύφῳ
2826 1873 2912 1926 ἀεὶ
2958 1872 3094 1940 πρὸς
3130 1870 3351 1939 ἑαυτὴν,
3394 1869 3496 1920 οὐκ
3531 1869 3605 1929 εἰς
3633 1868 3692 1918 τὰ

2119 1965 2222 2031 ἔξω
2256 1965 2454 2036 ἑαυτῆς
2485 1963 2886 2018 ἀποϐλέπουσα·
2927 1963 3016 2016 διὰ
3042 1961 3201 2015 τοῦτο
3231 1960 3325 2013 τοῦ
3356 1957 3692 2029 μακαρισμοῦ

443 2066 639 2126 parent
668 2071 788 2111 eam
817 2065 982 2127 atque
1013 2056 1263 2113 foverent
1295 2075 1308 2110 :
1342 2059 1616 2130 superbiat
1635 2060 1927 2116 adversum
1962 2075 2011 2116 se

2117 2058 2328 2125 γίνεται
2353 2055 2708 2127 κληρονόμος,
2737 2055 2825 2109 διὰ
2854 2055 2954 2126 τῆς
2980 2053 3318 2126 προσκαίρου
3346 2067 3689 2119 ταπεινοφρο-

443 2146 654 2200 aditum
686 2163 796 2201 non
815 2147 984 2213 dedit,
1017 2163 1232 2219 semper
1258 2148 1328 2204 ad
1352 2153 1612 2220 seipsam,
1636 2166 1743 2205 non
1777 2150 1843 2205 ad
1874 2150 2011 2206 bona

2118 2150 2282 2221 σύνης
2304 2150 2364 2203 τὸ
2401 2148 2654 2220 ἀληθινὸν
2683 2148 2813 2218 ’ύψος
2838 2146 3316 2218 ὲμπορευσαμὲνη.

441 2256 544 2298 sua
578 2251 806 2298 externa
842 2245 1163 2314 respiciens,
1194 2254 1481 2316 propterea
1520 2245 1877 2304 beatitudinis
1920 2247 2094 2304 haeres
2138 2244 2376 2313 exsistit,
2424 2259 2526 2316 pro
2573 2243 2906 2314 temporaria
2951 2241 3120 2296 animi
3167 2241 3504 2296 demissione
3543 2246 3691 2308 atque

439 2335 756 2392 humilitate
796 2352 924 2394 vera
968 2339 1293 2396 celsitudine
1322 2341 1574 2412 quaesita.

513 2430 699 2486 Dicam
721 2432 884 2487 etiam
904 2433 1125 2502 aliquod
1153 2436 1425 2491 maritalis
1445 2436 1651 2492 amoris
1674 2437 1937 2492 indicium
1962 2445 2018 2492 et

439 2529 842 2593 argumentum.
886 2523 1185 2594 Oportebat
1227 2527 1473 2591 omnino,
1521 2527 1703 2582 soluto
1743 2528 2015 2598 corporali

437 2614 715 2687 conjugio,
754 2616 917 2670 etiam
960 2618 1198 2686 pretiosa
1250 2619 1392 2673 bona
1440 2620 1642 2690 quibus
1680 2620 2015 2686 abundabat,

435 2707 625 2762 venire
654 2707 709 2760 in
731 2707 1075 2764 divisionem.
1105 2709 1390 2775 Quomodo
1417 2712 1582 2781 igitur
1608 2711 1737 2766 fecit
1761 2711 2018 2767 distribu-

435 2797 686 2851 tionem?
714 2796 848 2853 Cum
879 2807 992 2855 tres
1019 2810 1204 2856 essent
1233 2801 1390 2856 liberi
1417 2803 1554 2872 (haec
1578 2803 1722 2857 enim
1749 2803 2017 2858 bonorum

435 2887 615 2956 capita
651 2890 802 2959 sunt)
847 2891 940 2961 qui
980 2891 1155 2946 virilis
1191 2908 1359 2949 sexus
1389 2901 1594 2959 essent,
1636 2896 1779 2966 apud
1805 2905 2015 2964 patrem

433 2979 678 3051 reliquit,
719 2983 812 3051 qui
858 2998 1027 3053 regno
1062 2984 1184 3054 ejus
1222 2986 1478 3056 praesidio
1506 2996 1694 3045 essent
1722 3007 1737 3044 :
1763 2990 1830 3044 ad
1855 3005 2012 3046 suam

432 3084 564 3125 vero
615 3081 828 3142 partem
881 3075 1053 3129 solam
1104 3075 1269 3130 ﬁliam
1317 3077 1595 3148 pertinere
1651 3079 2008 3136 existimavit.

2186 2430 2340 2486 Εἴπω
2387 2448 2440 2484 τι
2496 2431 2592 2485 καὶ
2645 2430 2746 2500 τῆς
2795 2427 3108 2502 φιλανδρίας
3165 2429 3487 2500 τεκμήριον·
3556 2428 3694 2481 Ἔδει

2116 2524 2356 2590 πάντως,
2405 2522 2764 2594 διαλυομένης
2809 2522 2909 2592 τῆς
2936 2521 3255 2591 σωματικῆς
3283 2520 3560 2588 συζυγίας,
3603 2520 3692 2574 καὶ

2116 2615 2187 2668 τὰ
2225 2614 2386 2686 τίμια
2425 2614 2534 2668 τῶν
2574 2615 2887 2686 προσόντων
2935 2612 3109 2682 αὐτῆς
3149 2612 3363 2681 ἀγαθῶν
3399 2611 3575 2665 ἐλθεῖν
3610 2614 3690 2676 είς

2115 2705 2398 2778 διαίρεσιν.
2436 2705 2560 2768 Πῶς
2588 2701 2682 2760 οὖν
2727 2705 3020 2776 ἐποιήσατο
3056 2702 3155 2774 τὴν
3191 2703 3478 2774 διανομήνς
3513 2702 3693 2772 Τριῶν

2117 2797 2289 2850 ὄντων
2335 2797 2544 2850 τέκνων
2601 2795 2794 2868 (ταῦτα
2841 2795 2950 2868 γὰρ
3003 2795 3114 2849 τῶν
3150 2795 3371 2864 ἀγαθῶν
3415 2794 3485 2846 τὰ
3529 2796 3696 2864 κεφά-

2117 2888 2288 2959 λαια),
2329 2890 2459 2953 τοὺς
2490 2887 2725 2962 ἄρρενας
2753 2889 2830 2960 τῷ
2862 2889 3028 2961 πατρὶ
3058 2887 3512 2961 προσκατέλιπεν,
3557 2886 3694 2940 ὥστε

2115 2975 2254 3034 εἶναι
2298 2980 2462 3034 αὑτοῦ
2507 2981 2606 3052 τῆς
2652 2979 2930 3051 βασιλείας
2963 2979 3284 3051 ἐρείσματα·
3324 2978 3423 3049 τῆς
3463 2977 3522 3033 δὲ
3565 2978 3694 3040 ίδίας

2117 3071 2332 3144 μερίδος
2386 3073 2555 3144 μόνην
2595 3071 2694 3144 τὴν
2742 3071 3014 3144 θυγατέρα
3059 3070 3486 3140 ἀποπεποίηται.
3539 3070 3694 3140 Ὁρᾷς

433 3157 601 3218 Vides
635 3171 842 3233 quanto
869 3166 1110 3223 candore
1139 3177 1302 3238 atque
1329 3169 1586 3238 aequitate
1607 3171 1774 3224 animi
1799 3171 2010 3242 pariter

2115 3164 2567 3235 πῶς·εὐγνώμων
2612 3181 2671 3217 τε
2704 3164 2799 3217 καὶ
2840 3163 3211 3234 φιλόστοργος,
3248 3163 3307 3216 έν
3349 3164 3463 3226 τοῖς
3498 3162 3694 3230 τιμίοις

432 3267 497 3307 ac
525 3253 860 3327 indulgentia
891 3257 961 3313 sit
995 3273 1116 3326 usa,
1149 3274 1272 3330 quae
1303 3259 1357 3315 in
1403 3261 1569 3318 rebus
1596 3261 1855 3331 pretiosis
1889 3277 2007 3317 ma-

428 3345 602 3417 j0rem
653 3354 862 3418 partem
920 3349 1041 3404 viro
1087 3349 1476 3405 concesserit?
1519 3350 1787 3407 Caeterum
1860 3352 2007 3425 quod

430 3436 668 3494 maxime
699 3455 728 3492 a
761 3437 925 3494 nobis
957 3438 1068 3495 dici
1101 3447 1342 3511 oportet,
1402 3440 1494 3497 ubi
1547 3442 1828 3512 adjecero,
1884 3459 2006 3500 ser-

429 3529 577 3583 moni
609 3529 772 3585 ﬁnem
819 3532 1120 3602 imponam.
1155 3530 1588 3588 Simulacrorum
1623 3532 1811 3588 odium
1861 3547 2008 3589 com-

428 3633 594 3675 mune
646 3629 730 3676 est
777 3621 1020 3676 omnium
1081 3621 1176 3693 qui
1211 3621 1336 3678 ﬁdei
1369 3622 1664 3693 participes
1699 3629 1871 3678 sunt:
1907 3621 2005 3678 sed

425 3709 549 3780 ejus
575 3712 910 3782 praecipuum
932 3751 946 3778 ,
976 3712 1124 3784 quod
1153 3712 1416 3769 Arianam
1443 3713 1818 3770 inﬁdelitatem
1847 3713 2004 3769 simi-

427 3805 552 3860 liter
603 3815 769 3877 atque
815 3808 1237 3863 simulacrorum
1295 3810 1503 3865 cultum
1561 3807 2001 3866 abominabatur.

424 3895 560 3952 Nam
600 3913 738 3964 eos,
782 3901 872 3971 qui
923 3900 976 3955 in
1029 3909 1282 3957 creatura
1330 3917 1535 3958 numen
1581 3902 1829 3957 divinum
1880 3917 2004 3958 esse

421 3990 826 4058 existimarent,
856 3992 1031 4047 nihilo
1065 3994 1278 4049 minora
1315 3993 1499 4050 colere
1531 4004 1696 4067 atque
1746 3997 2001 4053 venerari

422 4083 671 4153 putabat,
701 4099 864 4155 quam
897 4085 990 4155 qui
1019 4101 1084 4141 ex
1116 4088 1345 4142 materia
1376 4087 1676 4144 simulacra
1713 4088 1999 4146 eﬁiciunt:

419 4191 488 4231 ac
516 4184 664 4233 recte
689 4185 742 4232 et
770 4178 856 4247 pie
907 4177 981 4232 ita
1009 4179 1311 4249 judicabat.
1364 4180 1498 4235 Nam
1541 4183 1637 4253 qui
1689 4191 2000 4239 creaturam

419 4267 634 4334 adorat,
671 4270 888 4325 etiamsi
925 4271 978 4325 in
1007 4271 1226 4326 nomine
1249 4272 1451 4328 Christi
1479 4273 1532 4328 id
1577 4273 1727 4338 facit,
1773 4275 2000 4330 simula-

417 4373 642 4413 crorum
674 4361 854 4416 cultor
893 4372 996 4428 cst,
1032 4363 1232 4420 Christi
1268 4380 1466 4419 nomen
1495 4365 1796 4420 simulacro
1826 4365 2000 4434 impo-

417 4464 579 4505 nens.
612 4450 846 4517 Idcirco,
893 4469 1016 4508 cum
1060 4455 1348 4510 didicisset
1403 4455 1550 4525 quod
1582 4471 1692 4509 non
1725 4455 1798 4510 sit
1850 4454 1994 4510 Deus

2107 3256 2170 3311 τὸ
2207 3256 2369 3311 πλέον
2406 3257 2484 3329 τῷ
2528 3257 2684 3329 ἀνδρὶ
2732 3257 3171 3329 συγχωρήσασα;
3227 3255 3366 3309 Ἀλλ’
3401 3256 3431 3308 ὃ
3463 3255 3694 3326 μάλιστα

2109 3349 2241 3420 παρ’
2272 3348 2430 3421 ἡμῶν
2460 3347 2712 3418 λέγεσθαι
2737 3348 2864 3418 χρὴ,
2887 3346 3046 3400 τοῦτο
3080 3346 3336 3418 προσθεὶς
3359 3346 3695 3402 καταπαύσω

2106 3441 2198 3495 τὸν
2223 3442 2380 3512 λόγον
2404 3458 2417 3472 ⁸
2441 3441 2512 3495 Τὸ
2549 3442 2656 3495 τῶν
2690 3440 2924 3494 εἰδώλων
2963 3443 3116 3511 μῖσος
3135 3441 3314 3494 κοινὸν
3337 3440 3555 3493 πάντων
3577 3439 3695 3492 ἐστὶ

2104 3533 2214 3589 τῶν
2259 3535 2592 3607 μετεχόντων
2635 3534 2734 3605 τῆς
2777 3534 3045 3597 πίστεως·
3085 3532 3200 3587 ἀλλ’
3237 3533 3460 3604 ’ἐκείνης
3487 3532 3698 3603 ἐξαίρε-

2104 3640 2215 3690 τον,
2265 3625 2327 3678 τὸ
2375 3625 2476 3695 τὴν
2535 3622 2818 3694 Ἀρειανὴν
2865 3623 3121 3677 ἀπιστίαν
3163 3624 3370 3693 ὁμοίως
3422 3627 3489 3694 τῇ
3541 3623 3700 3676 είδω-

2103 3716 2394 3790 λολατρείᾳ
2451 3714 2854 3787 βδελύττεσθαι.
2915 3715 3055 3779 Τοὺς
3088 3713 3194 3784 γὰρ
3237 3715 3295 3766 ὲν
3327 3716 3394 3784 τῇ
3426 3713 3596 3766 κτίσει
3627 3719 3698 3766 το

2103 3809 2256 3878 Θεῖον
2309 3805 2448 3865 εἶναι
2485 3810 2832 3881 νομίζοντας,
2872 3808 3026 3862 οὐδὲν
3052 3807 3312 3860 ἐλάττονα
3352 3805 3528 3859 σέϐειν
3554 3805 3700 3877 ᾤετο

2102 3903 2212 3958 τῶν
2262 3903 2748 3958 είδωλοποιούντων
2779 3901 2879 3965 τὰς
2924 3901 3078 3965 ὕλας,
3108 3899 3288 3962 καλῶς
3315 3899 3407 3952 καὶ
3451 3899 3699 3964 εὐσεϐῶς

2101 3997 2261 4052 τοῦτο
2283 3996 2558 4070 κρίνουσα.
2577 3995 2634 4049 '0
2669 3997 2777 4067 γὰρ
2807 3995 2868 4048 τὸ
2896 3994 3099 4064 κτίσμα
3117 3992 3458 4063 προσκυνῶν,
3477 3991 3582 4045 κᾶν
3599 3991 3701 4045 ἐπ’

2101 4090 2323 4161 ὀνόματι
2355 4088 2448 4142 τοῦ
2476 4087 2714 4159 Χριστοῦ
2742 4085 2902 4140 τοῦτο
2920 4087 3097 4149 ποιεῖ,
3129 4083 3522 4154 είδωλολάτρης
3547 4083 3696 4147 ἐστὶ,

2101 4181 2338 4254 Χριστοῦ
2351 4181 2519 4252 ὄνομα
2529 4179 2606 4252 τῷ
2627 4178 2826 4250 εἰδώλῳ
2853 4177 3097 4249 θέμενος.
3120 4177 3218 4230 Διὰ
3233 4176 3393 4229 τοῦτο
3417 4174 3700 4247 μαθοῦσα,

2099 4274 2180 4327 ὅτι
2198 4273 2296 4327 ούκ
2309 4273 2424 4326 ἔστι
2439 4273 2573 4336 Θεὸς
2588 4273 2922 4344 πρόσφατος,
2945 4270 3072 4340 μίαν
3089 4269 3415 4338 προσεκύνει
3433 4267 3699 4335 θεότητει,

2096 4364 2196 4435 τὴν
2225 4365 2282 4416 ὲν
2310 4365 2485 4436 Πατρὶ
2521 4365 2615 4418 καὶ
2634 4363 2750 4436 Υίῷ
2787 4365 2882 4417 καὶ
2912 4360 3189 4433 Πνεύματι
3219 4361 3360 4429 ἁγίῳ
3398 4359 3705 4428 δοξαζομέ-

2096 4469 2215 4524 νην.
2243 4452 2427 4526 Ταύτῃ
2467 4453 2740 4526 ὲνηυξήθη
2792 4455 2859 4524 τῇ
2916 4453 3117 4514 πίστει,
3155 4450 3331 4521 ταύτῃ
3378 4450 3697 4520 ὲνήκμασε,

415 4557 612 4599 recens
643 4552 696 4599 et
738 4560 935 4609 novus,
965 4560 1130 4598 unam
1173 4547 1430 4601 deitatem
1466 4546 1752 4611 adorabat,
1785 4562 1909 4616 quae
1938 4549 1994 4601 in

2115 4543 2270 4617 ταύτῃ
2292 4546 2354 4598 τὸ
2382 4547 2598 4618 πνεῦμα
2624 4545 3040 4619 παρακατέθετο
3070 4562 3080 4575 ·
3116 4544 3222 4598 ὑπὸ
3250 4542 3456 4614 ταύτης
3509 4558 3700 4612 προσ-

413 4631 601 4701 Patre,
633 4645 688 4692 et
735 4636 894 4701 Filio,
925 4645 979 4690 ct
1031 4635 1240 4706 Spiritu
1275 4647 1468 4692 sancto
1516 4637 1879 4707 gloriﬁcatur.
1933 4638 1993 4694 In

2115 4638 2231 4710 jxﬁn
2271 4638 2350 4710 τῷ
2397 4638 2582 4709 κόλπῳ
2624 4639 2718 4692 τοῦ
2746 4637 2950 4710 πατρὸς
2993 4637 3091 4708 τῆς
3144 4636 3383 4698 πίστεως
3429 4632 3700 4701 Ἀϐραὰμ

413 4727 519 4784 hac
544 4729 651 4786 ﬁde
680 4729 875 4793 crevit,
913 4729 968 4783 in
1005 4729 1110 4784 hac
1141 4729 1331 4800 viguit,
1371 4730 1514 4800 apud
1558 4731 1702 4784 hanc
1733 4731 1991 4800 spiritum

413 4819 670 4890 deposuit
701 4840 713 4877 :
743 4821 809 4875 ab
837 4821 938 4876 hac
959 4821 1142 4876 oblata
1168 4831 1250 4876 est
1274 4821 1418 4876 sinui
1453 4820 1630 4875 Patris
1655 4819 1780 4876 ﬁdei
1815 4821 1991 4878 Abra-

412 4909 558 4964 hami
583 4911 738 4980 juxta
775 4912 977 4967 fontem
1008 4911 1288 4982 paradisi:
1332 4911 1492 4980 cujus
1517 4912 1715 4966 humor
1751 4919 1804 4967 et
1837 4919 1989 4983 gutta

409 5001 480 5056 ad
532 5001 784 5060 inﬁdeles
833 5021 942 5060 non
986 5013 1226 5060 manat:
1283 5005 1387 5062 sub
1433 5007 1628 5060 umbra
1683 5006 1814 5078 ligni
1863 5008 1984 5063 vitae

407 5091 554 5162 quod
581 5091 880 5162 plautatum
913 5103 995 5148 cst
1017 5094 1174 5162 juxta
1209 5093 1477 5149 decursus
1516 5108 1809 5163 aquarum,
1857 5096 1981 5164 qui-

407 5183 513 5239 bus
536 5182 702 5238 rebus
730 5183 894 5240 etiam
924 5200 1021 5239 uos
1044 5180 1196 5256 digni
1223 5183 1544 5250 haheamur,
1576 5200 1675 5255 per
1700 5184 1980 5242 Christum

403 5273 590 5336 Jesum
612 5278 902 5335 Dominum
925 5287 1173 5334 nostrum
1202 5296 1216 5334 :
1243 5279 1329 5334 cui
1355 5279 1527 5351 gloria
1552 5278 1606 5333 in
1632 5280 1853 5336 satcula.
1879 5279 2074 5338 Amen.

1985 5547 2076 5555 μιν

2091 4728 2243 4800 παρὰ
2266 4728 2364 4800 τὴν
2379 4727 2472 4782 τοῦ
2498 4729 2822 4801 παραδείσου
2844 4730 3028 4800 πηγὴν
3058 4720 3160 4798 (ἧς
3188 4728 3220 4796 ἡ
3250 4725 3404 4796 ῥανὶς
3435 4724 3528 4777 ἐπὶ
3553 4725 3701 4785 τοὺς

2089 4819 2351 4882 ἀπίστους
2373 4819 2473 4873 οὐκ
2501 4819 2777 4890 ἔρχεται),
2811 4819 2916 4872 ὑπὸ
2954 4819 3053 4889 τὴν
3086 4819 3244 4870 σκιὰν
3267 4814 3360 4868 τοῦ
3393 4814 3554 4878 ξύλου
3579 4814 3698 4882 τῆς

2089 4911 2234 4983 ζωῆς
2259 4910 2353 4964 τοῦ
2383 4911 2790 4983 πεφυτευμένου
2820 4911 2970 4982 παρὰ
2989 4909 3087 4973 τὰς
3111 4908 3374 4973 διεξόδους
3406 4905 3515 4960 τῶν
3546 4905 3696 4960 68d-

2089 5023 2215 5071 των,
2249 4999 2324 5059 ῶν
2354 5006 2447 5060 καὶ
2507 5007 2667 5078 ἡμεῖς
2715 5004 3078 5074 ἀξιωθείημεν
3129 5003 3186 5056 ὲν
3230 4999 3452 5069 Χριστῷ
3499 4996 3693 5068 Ἰησοῦ

2088 5097 2168 5168 τῷ
2232 5097 2420 5171 Κυρίῳ
2479 5098 2683 5171 ὴμῶνο
2759 5090 2806 5166 ᾧ
2860 5098 2894 5168 ἡ
2943 5096 3069 5163 δόξα
3131 5095 3210 5157 είς
3271 5095 3398 5156 τοὺς
3444 5089 3683 5153 αἰῶνας.

2101 5191 2155 5242 Ἀ
2168 5189 2293 5262 μὴν.
