3918 6204
271 281 384 340 8915

1243 292 1333 349 DE
1369 295 1526 352 VITA
1572 298 1630 356 S.
1665 297 1996 369 GREGOBII
2040 303 2577 364 'I‘HAUM.\TUHGI.

272 439 2712 485 MM
777 443 1164 457 Mm
1177 451 1902 464 Ἦ
1907 458 2308 466 ’.Μ
2313 461 2582 467 —'——"
2583 459 2730 468 δὴ
2741 464 3531 484 —'—'-°——-—-—--—‘—————-

2713 480 3530 489 ___._.—____,,_

1576 616 1804 701 ΤΟΥ
1890 617 2266 704 ΑΥΤΟΥ

462 795 705 913 ΕΙΣ
743 797 1061 914 ΤΟΝ
1103 801 1476 918 ΒΙΟΝ
1543 807 1844 924 ΤΟΥ
1914 809 2378 925 ΑΓΙΟΥ
2473 813 3342 934 ΓΡΗΓΟΡΙΟΥ

1446 1022 1616 1076 ΤΟΥ
1675 1023 2382 1085 ΘΑΥΜΑΤΟΥΡΓΟΥ.

1857 1211 1922 1223 '—

1655 1355 2201 1447 EJUSDEM

905 1563 1084 1678 DE
1191 1566 1542 1684 VITA
1679 1571 2107 1685 BEATI
2216 1573 2898 1690 GREGORII

1473 1791 1991 1849 MIRACULORUM
2015 1793 2328 1854 OPJFICIS.

1646 1949 1831 1999 Eodem
1875 1947 2172 2012 interprete.

341 2253 403 2309 '0
442 2255 540 2326 μὲν
564 2254 767 2321 σκοπὸς
795 2250 877 2320 εἷς
909 2256 1024 2309 ἔστι
1051 2254 1146 2309 τοῦ
1178 2273 1238 2309 τε
1268 2256 1537 2327 ἡμετέρου
1553 2256 1734 2325 λόγου,
1759 2259 1837 2312 κα¹

2027 2257 2093 2312 Et
2129 2258 2308 2313 oratio
2343 2257 2563 2328 quidem
2596 2267 2819 2323 nostra,
2861 2266 2916 2315 et
2960 2273 3203 2329 praesens
3233 2268 3538 2317 conventus

250 2344 352 2400 τοῦ
367 2347 632 2418 παρόντος
647 2349 680 2418 ἡ
689 2348 804 2418 μῶν
826 2347 1111 2416 συλλόγου.
1131 2347 1427 2418 Γρηγόριος
1451 2348 1560 2418 γὰρ
1577 2350 1604 2400 ό
1632 2351 1846 2417 Μέγας,

252 2440 388 2509 ὑμῖν
418 2457 479 2494 τε
505 2441 603 2518 τῆς
637 2441 874 2503 συνόδου,
921 2441 1086 2512 κάμοὶ
1135 2441 1236 2511 τῆς
1276 2440 1560 2506 διαλέξεως
1594 2441 1849 2506 ὑπόθεσις

248 2533 566 2604 πρόκειται.
611 2533 752 2605 Ἐγὼ
789 2535 846 2588 δὲ
899 2535 1000 2603 τῆς
1043 2534 1212 2604 αὐτῆς
1273 2529 1427 2604 οἶμαι
1456 2535 1652 2605 χρῆναι
1685 2534 1846 2588 δυνά-

251 2642 428 2697 μεως,
480 2601 636 2697 ἔργῳι
685 2644 746 2679 τε
804 2625 1149 2698 κατορθῶσαι
1192 2626 1290 2697 τὴν
1321 2626 1541 2697 ἀρετὴν,
1583 2627 1677 2679 καὶ
1703 2625 1846 2696 λόγῳ

249 2718 382 2772 κατ’
406 2717 564 2783 ἀξίαν
589 2717 657 2772 τὰ
697 2718 838 2772 καλὰ
881 2717 1264 2789 διηγήσασθαι.
1295 2719 1456 2770 Ὥστε
1487 2717 1691 2788 ταύτην
1722 2718 1844 2770 ἐπι-

251 2808 488 2879 κλητέον
512 2809 578 2862 ἂν
605 2808 692 2880 εἴη
719 2808 819 2879 τὴν
862 2807 1199 2879 συμμαχίαν,
1230 2808 1295 2860 δι’
1323 2803 1390 2877 ἧς
1428 2807 1485 2860 ὲν
1514 2806 1592 2876 τῷ
1624 2789 1722 2876 βίῳ
1745 2807 1845 2876 τὴν

247 2900 456 2972 ἀρετὴν
477 2903 681 2965 ἐκεῖνος
711 2899 1092 2970 κατώρθωσεν.
1132 2899 1289 2952 Ἐστι
1317 2899 1373 2952 δὲ
1410 2898 1572 2969 αὕτη,
1603 2897 1744 2950 κατὰ
1780 2913 1842 2964 γε

244 2993 345 3048 τὸν
408 2993 538 3064 ἐμὸν
580 2992 758 3061 λόγον,
789 2991 938 3062 ήτοῦ
983 2991 1294 3062 Πνεύματος
1320 2991 1555 3062 χάρις,ἠ
1585 2989 1678 3043 καὶ
1709 2989 1843 3061 πρὸς

243 3084 344 3139 τὸν
373 3082 486 3154 βίον
510 3085 604 3139 καὶ
635 3083 772 3156 πρὸς
799 3084 890 3137 τὸν
920 3083 1077 3151 λόγον
1114 3085 1240 3148 τοὺς
1267 3101 1332 3137 πε
1343 3084 1396 3155 pl.
1427 3082 1684 3154 ἑκάτερον
1720 3081 1843 3135 τού-

244 3193 361 3230 των
415 3175 819 3239 ἐσπουδακότας
845 3174 911 3228 δι’
942 3177 1144 3247 ὲαυτῆς
1173 3175 1514 3246 ἐνισχύουοα.
1563 3176 1716 3228 Ἐπεὶ
1748 3170 1840 3228 οὖν

244 3269 280 3322 6
309 3267 561 3338 λαμπρὸς
586 3270 790 3330 ἐκεῖνος
820 3269 913 3322 καὶ
967 3267 1330 3340 περίϐλεπτος
1361 3268 1473 3338 βίος
1499 3271 1564 3338 τῇ
1613 3269 1840 3338 δυνάμει

245 3359 590 3430 κπωρθὼθη
619 3359 714 3414 τοῦ
741 3361 880 3414 Πνεύ
890 3377 1056 3431 ματος
1074 3377 1086 3390 ·
1115 3360 1280 3431 εὐχῆς
1305 3359 1464 3431 ἔργον
1489 3360 1627 3423 ἐστὶ,
1646 3359 1840 3413 τοσαύ-

245 3466 352 3519 την
379 3449 554 3502 ἐλθεῖν
589 3450 682 3503 ἐπὶ
709 3451 802 3504 τὸν
832 3451 990 3519 λόγον
1032 3450 1310 3521 βοήθειαν,
1333 3451 1430 3522 ὅση
1467 3451 1656 3521 γέγονε
1687 3450 1839 3523 παρὰ

243 3543 341 3597 τὸν
374 3541 488 3612 βίον
525 3543 738 3611 ἐκείνῳ,
767 3543 843 3606 ὡς
879 3542 955 3614 μὴ
981 3543 1210 3597 κατόπιν
1236 3544 1520 3615 εὑρεθῆναι
1545 3543 1645 3614 τῆς
1679 3545 1837 3612 ἀξίας

1955 2351 2021 2404 ad
2060 2367 2225 2404 unam
2273 2351 2632 2421 eamdemque
2675 2366 2788 2406 rem
2834 2361 3073 2420 spectat.
3117 2351 3347 2422 Magnus
3388 2354 3535 2408 enim

1955 2443 2044 2495 ille
2075 2439 2372 2512 Gregorius
2399 2458 2523 2496 cum
2573 2443 2726 2497 vobis
2774 2444 3135 2498 conveniendi
3186 2459 3354 2499 causa
3404 2444 3530 2506 fuit,

1954 2542 2067 2588 tum
2093 2534 2224 2587 mihi
2255 2534 2663 2588 sermocinandi
2691 2536 2920 2589 materia
2951 2544 3118 2605 atque
3145 2547 3533 2604 argumentum

1953 2625 2294 2694 propositum
2331 2634 2435 2680 cst.
2495 2624 2607 2696 Ego
2658 2641 2787 2682 vero
2836 2626 3028 2681 eadem
3079 2627 3336 2682 facultate
3393 2643 3534 2702 opus

1950 2732 2073 2771 esse
2103 2724 2232 2787 puto
2258 2756 2273 2779 ,
2312 2717 2356 2770 si
2394 2724 2448 2770 ct
2479 2719 2742 2772 virtutem
2791 2719 3021 2790 exsequi
3053 2720 3236 2785 lactis,
3285 2734 3340 2778 et
3390 2740 3534 2794 pra:-

1950 2809 2116 2865 claris
2151 2808 2492 2865 facinoribus
2523 2809 2669 2864 dicta
2714 2827 3007 2882 exaequare
3037 2814 3193 2870 velis.
3226 2814 3416 2885 Itaque
3450 2819 3536 2872 in-

1949 2902 2256 2957 vocandum
2297 2903 2462 2957 fuerit
2489 2903 2781 2965 auxilium,
2819 2921 2931 2975 quo
2968 2906 3058 2960 ille
3108 2907 3162 2961 in
3213 2909 3324 2961 vita
3357 2909 3537 2964 virtu-

1951 2997 2056 3047 tem
2083 2999 2383 3047 exsccutus
2420 2999 2526 3046 est.
2561 2990 2657 3046 Est
2700 3001 2884 3046 autem
2947 2993 3102 3058 illud,
3157 3008 3274 3048 mea
3310 2995 3532 3062 quidem

1949 3083 2228 3152 opinione,
2261 3083 2439 3154 gratia
2473 3082 2720 3154 (sancti)
2763 3082 3048 3153 Spiritus:
3091 3100 3215 3153 qua;
3256 3083 3324 3138 ad
3363 3086 3528 3139 vitam

1947 3180 2002 3228 et
2034 3173 2102 3226 ad
2133 3174 2440 3228 orationem
2481 3174 2677 3227 harum
2715 3190 2898 3229 rerum
2935 3175 3228 3246 utriusque
3259 3176 3532 3232 studiosis

1946 3283 2045 3335 per
2074 3282 2194 3322 sese
2224 3267 2372 3320 vires
2405 3265 2814 3320 subministrat.
2862 3265 3134 3332 Quoniam
3176 3268 3346 3337 igitur
3394 3283 3533 3337 pra:-

1944 3359 2095 3414 clara
2127 3359 2243 3419 illa,
2277 3357 2602 3427 spectabilis
2636 3365 2692 3412 et
2729 3358 2964 3413 illustris
2991 3360 3101 3413 vita
3136 3361 3342 3414 virtute
3369 3368 3534 3429 atque

1944 3451 2192 3523 potentia
2244 3449 2487 3520 Spiritus
2519 3458 2717 3505 exacta
2758 3449 3116 3520 perfectaque
3148 3459 3234 3507 est
3269 3470 3282 3505 :
3316 3452 3528 3520 precari

1944 3551 1998 3600 et
2024 3552 2219 3614 Optare
2240 3551 2477 3612 oportet,
2510 3551 2570 3597 ut
2599 3552 2802 3613 quanta
2825 3558 2929 3613 ope
2957 3544 3047 3598 ille
3079 3559 3173 3614 per
3201 3545 3366 3598 vitam
3395 3561 3532 3601 usus

245 3633 360 3687 τῶν
394 3633 833 3705 κατορθωμάτων
860 3635 951 3688 τὸν
992 3635 1232 3699 ἔπαινον,
1279 3635 1414 3689 ἀλλὰ
1455 3635 1694 3689 τοιοῦτον
1725 3638 1837 3690 ἐπι-

1944 3644 2047 3700 est,
2082 3643 2297 3689 tantum
2325 3635 2520 3688 auxilii
2558 3635 2785 3689 accedat
2809 3635 3070 3701 orationi,
3105 3651 3218 3705 quo
3267 3636 3527 3706 amplitu-

245 3725 524 3796 δειχθῆναι
570 3728 682 3790 τοῖς
729 3725 965 3799 παροῦσι
1007 3725 1096 3780 διὰ
1143 3727 1242 3797 τῆς
1275 3728 1497 3798 μνήμης
1533 3711 1621 3781 τὸν
1650 3727 1839 3799 ἄνδρα,

247 3815 364 3882 οἷος
394 3813 463 3888 ἦν
516 3820 629 3882 τοῖς
688 3819 808 3871 κατ’
842 3821 1050 3872 ἐκεῖνον
1083 3819 1172 3873 τὸν
1207 3820 1397 3890 χρόνον
1431 3819 1593 3883 αὐτὸς
1637 3820 1842 3883 ἐκεῖνος

246 3911 343 3964 ἐπὶ
371 3910 482 3963 τῶν
515 3911 691 3982 ἔργων
722 3909 1020 3983 ὁρώμενος.
1064 3912 1128 3966 El
1175 3913 1273 3981 μὲν
1306 3907 1398 3966 οὖν
1437 3911 1672 3983 ἀκερδὴς
1705 3907 1772 3982 ἦν
1804 3915 1837 3984 ἡ

251 4003 443 4074 μνήμη
487 4001 590 4055 τῶν
650 4003 769 4056 κατ’
819 4003 1020 4074 ἀρετὴν
1051 4003 1413 4075 προεχόντων,
1456 4005 1550 4058 καὶ
1599 4004 1841 4074 μηδεμία

245 4094 388 4166 πρὸς
445 4093 506 4148 τὸ
549 4094 714 4148 καλὸν
758 4095 976 4163 ἐγένετο
1018 4095 1348 4166 συνεισφορὰ
1381 4099 1490 4158 τοίς
1522 4095 1836 4161 ἀκούουσιν,

245 4188 505 4260 περιττὸν
525 4188 654 4251 ἴσως
673 4186 739 4241 ἃν
767 4183 835 4259 ἦν
857 4188 949 4242 καὶ
967 4188 1222 4257 ἀνόνητον
1256 4187 1347 4238 ἐπὶ
1370 4186 1559 4258 μηδενὶ
1584 4187 1838 4258 χρησίμῳ

247 4281 546 4353 προσάγειν
577 4283 657 4345 εἰς
674 4281 950 4352 εὐφημίαν
983 4280 1073 4334 τὸν
1101 4279 1279 4348 λόγον.
1302 4279 1462 4332 αὐτόν
1486 4297 1545 4332 τε
1572 4280 1838 4344 διεξιόντα

249 4373 455 4443 μάτην,
499 4373 596 4426 καὶ
645 4373 744 4443 τὴν
796 4374 966 4443 ἀκοὴν
1013 4373 1197 4444 ἀργῶς
1248 4371 1648 4426 ἀποκναίοντα·
1686 4375 1833 4424 ἐπειε

242 4467 311 4538 δὴ
344 4466 402 4521 δὲ
445 4470 480 4538 ὴ
527 4465 754 4537 τοιαύτη
795 4465 892 4519 τοῦ
935 4465 1096 4534 λόγου
1140 4466 1322 4538 χάρις,
1359 4467 1407 4518 εἰ
1453 4466 1836 4536 προσηκόντως

241 4561 480 4630 γένοιτο,
515 4561 691 4615 κοινὸν
719 4560 867 4612 ἔσται
890 4559 998 4612 τῶν
1025 4560 1327 4612 ἀκουόντων
1355 4559 1413 4611 τὸ
1444 4558 1651 4629 κέρδος,
1668 4557 1835 4611 καθά-

243 4671 356 4726 περ
389 4657 417 4708 ό
457 4654 666 4724 πυρσὸς
709 4656 820 4716 τοῖς
865 4654 930 4705 ὲκ
984 4653 1259 4723 θαλάσσης
1302 4652 1700 4722 προσπλέουσιν
1749 4652 1836 4720 ἐφ’

240 4744 440 4798 ἑαυτὸν
498 4744 734 4798 εὐθύνων
765 4746 889 4808 τοὺς
913 4746 970 4796 ὲν
996 4744 1071 4814 τῷ
1095 4743 1244 4814 ζόφῳ
1279 4744 1664 4813 πλανωμένους
1695 4744 1836 4798 κατὰ

239 4835 306 4888 τὸ
331 4836 601 4904 πέλαγοςο
638 4836 758 4906 ἴσης
791 4832 942 4906 οἶμαι
973 4835 1084 4888 δεῖν
1124 4835 1257 4903 πρὸς
1285 4833 1442 4886 τοῦτο
1474 4835 1571 4904 τῆς
1600 4836 1834 4904 σπουδῆς

240 4927 550 4997 ἑκατέροις,
588 4929 717 4997 ὑμῖν
743 4944 802 4980 τε
831 4927 967 4998 πρὸς
998 4928 1096 4997 τὴν
1125 4928 1410 4995 ἀκρόασιν,
1445 4927 1536 4979 καὶ
1577 4927 1710 4996 πρὸς
1742 4927 1832 4980 τον

236 5021 404 5088 λόγον
463 5021 605 5093 ἐμοί.
643 5021 812 5091 Δῆλον
867 5022 996 5091 γὰρ,
1045 5022 1125 5074 ὅτι
1175 5018 1381 5090 πυρσοῦ
1415 5020 1571 5090 δίκην
1605 5019 1692 5073 διὰ
1733 5021 1831 5090 τῆς

235 5117 471 5185 μνήμης
517 5114 806 5186 ἐκλάμψας
840 5118 960 5174 ταῖς
991 5114 1188 5182 ψυχαῖς
1218 5114 1250 5183 ἡ
1262 5112 1377 5182 μῶν
1405 5113 1434 5164 ό
1464 5113 1582 5165 κατ’
1627 5111 1829 5182 ἀρετὴν

232 5207 412 5262 αὐτοῦ
450 5206 582 5277 βίος,
614 5209 732 5272 ὁδὸς
771 5208 906 5278 πρὸς
951 5207 1012 5259 τὸ
1038 5206 1240 5274 ἀγαθὸν
1277 5206 1354 5275 τῷ
1382 5223 1437 5258 τε
1461 5205 1708 5270 διεξιόντι
1737 5205 1829 5257 καὶ

226 5305 354 5365 τοῖς
407 5301 664 5355 ἀκούουσι
715 5302 944 5369 γίνεται.
993 5301 1324 5372 Πεφύκαμεν
1354 5302 1461 5372 γάρ
1506 5317 1622 5362 πως
1656 5299 1704 5351 οἱ
1735 5300 1828 5351 ἄν·

229 5394 456 5464 ορωποι
483 5394 618 5465 πρὸς
643 5393 789 5446 ἅπαν
818 5393 879 5447 τὸ
897 5393 1178 5448 ἐπαινετόν
1211 5409 1269 5446 τε
1298 5392 1394 5445 καὶ
1415 5392 1594 5462 τίμιον
1611 5390 1828 5454 οἰκείως

230 5485 450 5538 ἐθέλειν
478 5485 646 5554 ἔχειν)
671 5485 767 5540 καὶ
797 5487 852 5539 ὲν
883 5485 1146 5556 ἐπιθυμίᾳ
1181 5488 1278 5555 τῆς
1295 5485 1538 5555 κτήσεως
1559 5481 1826 5551 γίνεσθαι.

244 5577 316 5630 Ἦ
357 5575 459 5647 μὲν
483 5573 576 5630 οὖν
627 5577 882 5640 ὑπόθεσις
915 5575 1024 5629 τῶν
1062 5577 1234 5645 λόγων
1269 5573 1504 5644 τοσαύτη
1531 5591 1544 5606 ο
1595 5573 1723 5644 ἐμοὶ
1773 5572 1830 5625 δὲ

231 5669 581 5739 ⁸πανταχόθεν
610 5669 890 5722 ἀκίνδυνόν
924 5671 1038 5722 ἐστι
1063 5667 1475 5739 κατατολμῶντι
1503 5667 1601 5737 τῆς
1641 5664 1830 5718 ὑποθέ-

237 5780 387 5825 σεως
413 5805 426 5828 ,
457 5761 564 5815 εἴτε
597 5761 1000 5832 συνεπαροῆναι
1020 5761 1095 5831 τῷ
1119 5760 1338 5831 μεγέθει
1364 5760 1470 5812 τῶν
1502 5758 1839 5828 πραγμάτιον

1944 3727 2074 3782 dine
2105 3737 2250 3782 recte
2283 3726 2575 3790 factorum,
2606 3741 2717 3781 non
2748 3725 2978 3782 inferior
3024 3727 3147 3782 laus
3179 3742 3303 3782 esse
3346 3726 3531 3783 videa-

1944 3829 2033 3874 tur
2059 3839 2072 3873 :
2111 3818 2209 3874 sed
2239 3819 2366 3873 talis
2391 3819 2754 3890 praesentibus
2785 3819 3309 3874 commemoratione
3345 3835 3528 3873 rerum

1942 3913 2012 3968 ab
2040 3928 2105 3967 eo
2129 3919 2408 3982 gestarum
2450 3911 2534 3966 vir
2578 3926 2702 3966 esse
2737 3912 3170 3974 demonstretur,
3205 3911 3387 3982 qualis
3435 3913 3530 3966 ille

1943 4006 2062 4077 ipse
2095 4005 2260 4060 factis
2291 4006 2410 4061 suis
2442 4005 2511 4060 ab
2544 4005 2694 4062 illius
2719 4007 2899 4061 :etatis
2937 4006 3254 4061 hominibus
3301 4007 3528 4076 conspi-

1941 4097 2210 4150 ciebatur.
2246 4097 2536 4152 Enimvero
2571 4097 2618 4151 si
2662 4098 2869 4152 mentio
2919 4113 3132 4159 eorum.
3184 4097 3276 4167 qui
3322 4099 3528 4153 virtute

1940 4189 2363 4253 excelluerunt,
2421 4204 2547 4242 cum
2598 4189 2748 4242 nullo
2793 4189 2951 4242 lucro
3007 4189 3302 4258 conjuncta
3357 4197 3525 4251 esset,

1939 4281 2260 4348 nullumque
2291 4279 2645 4334 audientibus
2677 4279 2804 4334 inde
2851 4280 2921 4333 ad
2973 4279 3178 4332 lmnum
3234 4278 3527 4334 aﬂ'erretur

1939 4371 2339 4440 adjumcutum.
2389 4386 2796 4440 supervacuum
2861 4370 3138 4434 forsitan,
3201 4384 3266 4424 ac
3312 4371 3524 4426 nullum

1937 4478 2117 4534 opera:
2158 4463 2394 4533 pretium
2437 4470 2610 4526 esset.
2647 4462 2799 4516 nulla
2850 4461 3134 4532 proposita
3169 4462 3432 4528 utilitate,
3471 4473 3526 4520 et

1937 4555 2185 4610 eamdem
2220 4572 2332 4609 rem
2364 4554 2569 4609 frustra
2594 4555 3098 4614 commemorando.
3127 4561 3182 4609 ει
3229 4569 3395 4608 aures
3429 4571 3526 4609 ne-

1936 4650 2238 4719 quidquam
2280 4648 2635 4704 obtundendo
2691 4649 2953 4708 laudandi
3005 4662 3171 4704 causa
3213 4647 3522 4701 orationem

1939 4742 1993 4795 in
2026 4741 2265 4796 medium
2300 4741 2533 4806 elTerre;
2570 4740 2664 4795 sed
2709 4741 2967 4810 quoniam
2999 4738 3269 4808 ejusmodi
3319 4753 3523 4793 munus

1891 4839 1896 4843 “
1937 4834 2226 4897 orationis,
2254 4833 2298 4888 si
2333 4841 2482 4888 recte
2507 4839 2560 4885 et
2581 4833 2866 4886 commode
2901 4831 3249 4891 adhibeatur,
3279 4845 3520 4883 conmm-

1937 4939 2005 4978 ne
2033 4925 2372 4977 audientium
2425 4922 2857 4977 emolumentum
2893 4921 3018 4982 erit,
3053 4927 3315 4988 tanquam
3350 4920 3436 4974 fax
3488 4935 3519 4974 c

1939 5016 2073 5068 mari
2120 5015 2582 5083 adnavigantibus
2611 5014 2675 5068 ad
2709 5029 2828 5068 sese
2863 5013 3104 5084 dirigens
3150 5028 3268 5076 eos,
3313 5013 3405 5082 qui
3465 5012 3518 5065 in

1937 5107 2172 5177 caligine
2201 5122 2297 5175 per
2325 5107 2551 5175 pelagus
2577 5105 2866 5159 oberrant:
2905 5104 3018 5172 pari
3052 5103 3237 5158 studio
3270 5102 3520 5169 utrisque

1935 5209 1990 5254 et
2036 5199 2191 5251 vobis
2239 5197 2704 5258 auscultantibus,
2739 5204 2791 5249 rt
2826 5194 2956 5248 mihi
3010 5193 3217 5248 dicenti
3255 5191 3320 5245 ad
3378 5191 3518 5243 hanc

1937 5305 2212 5359 remopns
2253 5306 2376 5344 esse
2416 5296 2567 5358 puto.
2622 5287 2977 5356 Perspicuum
3028 5291 3111 5338 est
3149 5273 3318 5344 enim,
3370 5281 3517 5350 quod

1936 5387 2045 5436 vita
2080 5382 2201 5449 ejus
2237 5397 2331 5450 per
2358 5381 2610 5434 virtutem
2645 5387 2923 5432 transacta
2955 5375 3119 5430 veluti
3153 5375 3238 5428 fax
3270 5380 3515 5442 qua'dam

1937 5475 2135 5528 animis
2186 5475 2392 5526 nostris
2447 5487 2542 5540 per
2591 5469 3176 5523 commemorationem
3225 5464 3516 5532 alTulgens,

1937 5569 2078 5621 viam
2115 5565 2180 5619 ad
2215 5566 2418 5620 bonum
2443 5576 2549 5618 tam
2583 5561 3062 5623 commemoranti,
3097 5575 3258 5629 quam
3289 5557 3518 5610 audien-

1938 5662 2086 5716 tibus
2140 5659 2421 5731 patefacit.
2461 5656 2669 5712 Natura
2713 5656 2858 5710 enim
2901 5655 2954 5709 id
3004 5653 3163 5708 nobis
3200 5651 3517 5705 hominibus

1949 5752 2356 5826 quodammodo
2409 5750 2635 5808 insitum
2671 5756 2789 5815 est,
2823 5756 2882 5802 ut
2933 5745 3200 5818 quidquid
3236 5743 3514 5799 laudabile
