3918 6204
377 315 484 373 895

1593 310 1652 367 S.
1683 309 2012 368 GREGORII
2043 307 2348 366 NYSSENI
3541 300 3633 359 89-6

375 441 480 497 est,
514 440 567 485 et
601 429 656 485 in
688 430 866 500 pretio
895 428 1151 497 habetur,
1181 429 1254 485 ad
1294 428 1350 484 id
1382 436 1599 485 nosmet
1650 430 1951 500 adjungere

2060 431 2082 483 ὁ
2109 428 2269 497 λόγος
2299 426 2588 498 ίσχύσειεν,
2632 426 2744 481 εἴτε
2771 426 2866 481 καὶ
2895 424 2992 496 μή.
3030 421 3173 487 Ἰσος
3205 420 3316 493 γὰρ
3341 420 3495 474 ἔσται
3522 421 3633 472 καθ’

374 534 431 578 et
454 523 879 577 accommodare
909 522 1163 585 velimus,
1199 520 1364 592 idque
1395 521 1683 591 acquirere
1729 521 1954 576 studea-

375 628 517 668 mus.
552 612 621 666 Et
672 621 1064 683 argumentum
1113 611 1335 687 quidem
1375 612 1645 667 orationis
1681 613 1788 667 tale
1836 620 1954 668 est:

374 703 510 757 mihi
543 718 675 759 vero
708 712 1093 777 argumentum
1127 710 1368 758 tractare
1393 702 1617 757 conanti
1650 703 1860 757 nullum
1890 719 1956 759 ex

374 800 723 864 utrocunque
799 800 1000 848 eventu
1075 792 1382 862 periculum
1440 792 1721 863 impendet
1775 809 1791 846 :

373 900 502 940 cum
535 884 910 954 magnitudine
937 900 1122 941 rerum
1153 900 1264 940 una
1295 900 1584 956 assurgere
1617 884 1955 941 sublimitate

373 989 475 1031 sua
500 975 676 1029 oratio
707 973 964 1040 valuerit,
1007 976 1124 1031 sive
1153 975 1502 1031 nun.Parem
1544 975 1715 1039 enim,
1741 988 1952 1032 utrum-

2053 521 2310 593 ἑκάτερον
2342 519 2419 591 τῷ
2453 517 2923 591 ἐγκωμιαζομένῳ
2974 518 3005 571 6
3036 515 3279 578 ἔπαινος.
3311 514 3376 567 El
3416 512 3513 583 μὲν
3540 509 3640 581 γάρ

2054 611 2294 681 ἐφίκοιτο
2314 610 2422 664 τῶν
2442 609 2738 680 θαυμάτων
2770 610 2801 661 6
2831 607 3013 676 λόγος,
3060 605 3323 675 ἐκπλήξει
3348 602 3449 672 τὴν
3473 601 3643 672 ἀκοὴν

2053 705 2271 767 πάντως
2307 704 2422 766 τοῖς
2458 701 2877 772 κατορθώμασιν
2898 716 2914 731 ο
2956 701 3005 753 εί
3028 699 3084 753 δὲ
3108 697 3341 753 κατόπιν
3361 693 3458 749 τοῦ
3490 696 3646 765 μεγέο

1844 792 1970 849 sive
2056 795 2184 858 θους
2212 792 2379 855 ἔλθοι,
2423 792 2518 847 καὶ
2571 791 2746 857 οὕτως
2778 794 2813 864 ἡ
2858 791 2988 858 δόξα
3014 788 3114 844 τοῦ
3159 784 3644 857 ἐγκωμιαζομένων

2055 885 2459 959 λαμπρύνεται.
2507 885 2730 958 ’Δρίστη
2769 883 2879 955 γὰρ
2902 881 3098 954 ἀνδρὸς
3146 878 3411 949 εὐφημία,
3430 877 3496 929 τὸ
3529 878 3647 929 ἐπι-

2057 976 2338 1049 δειχθῆναι
2369 979 2470 1047 τῆς
2492 975 2776 1046 δυνάμεως
2811 974 2922 1027 τῶν
2944 970 3338 1041 εὐφημούντων
3361 967 3646 1038 ἀμείνονα.

371 1080 589 1135 cunque
620 1065 817 1121 horum
849 1069 1116 1132 evenerit,
1148 1068 1363 1124 laudem
1401 1069 1449 1124 is
1474 1069 1570 1140 qui
1605 1069 1935 1137 celebratur,
1969 1058 2317 1140 assequetur.
2354 1068 2490 1124 Nam
2525 1070 2571 1125 si
2599 1074 2853 1125 assecuta
2891 1064 3112 1137 quidem
3140 1062 3318 1119 oratio
3380 1059 3647 1115 miracula

370 1161 560 1225 fuerit,
599 1177 786 1217 rerum
813 1164 1075 1233 praeclare
1105 1176 1384 1234 gestarum
1446 1166 1974 1221 commemoratione
2012 1180 2245 1236 prorsus
2274 1164 2677 1237 obstupefaciet
2707 1163 3025 1228 auditores;
3060 1160 3146 1217 sin
3175 1166 3365 1214 autem
3396 1172 3428 1212 a
3494 1165 3653 1224 tergo

371 1253 562 1307 relicta
593 1253 771 1308 oratio
807 1255 1240 1325 magnitudinem
1281 1270 1463 1311 rerum
1498 1257 1684 1313 minus
1716 1261 1938 1327 assequi
1973 1257 2238 1328 potuerit,
2298 1258 2465 1313 etiam
2504 1257 2609 1313 hac
2658 1255 2874 1310 ratione
2915 1252 3092 1324 gloria
3131 1251 3274 1320 ejus,
3337 1248 3500 1318 cujus
3535 1247 3651 1301 lau-

367 1341 468 1411 des
500 1343 901 1412 persequimur,
938 1342 1228 1399 clarescet.
1260 1343 1727 1403 Praestantissima
1763 1347 1919 1401 enim
1955 1346 2060 1401 viri
2100 1347 2232 1403 laus
2249 1353 2358 1415 est,
2394 1347 2440 1403 si
2474 1346 2597 1418 ejus
2635 1346 2817 1401 virtus
2851 1342 3030 1399 maior
3057 1355 3182 1398 esse
3212 1340 3653 1404 demonstretur,

369 1450 536 1504 quam
599 1435 941 1490 laudantium
993 1437 1228 1492 facultas
1284 1438 1521 1497 dicendo
1581 1443 1804 1511 assequi
1854 1452 2055 1513 potest.

434 1528 705 1584 Caeterum
732 1545 892 1586 nemo
920 1546 985 1586 ex
1013 1532 1081 1588 iis
1097 1534 1190 1602 qui
1209 1533 1397 1589 divina
1418 1536 1693 1607 sapientia
1710 1538 1955 1593 instituti

2131 1539 2333 1609 Μηδεὶς
2361 1538 2420 1593 δὲ
2445 1537 2557 1592 τῶν
2592 1540 2665 1609 τῇ
2693 1536 2814 1608 θείᾳ
2843 1535 3010 1607 σοφία
3035 1529 3483 1602 πεπαιδευμένων
3511 1532 3652 1583 κατὰ

370 1626 522 1684 sunt,
548 1633 703 1674 more
738 1626 1091 1674 externorum
1120 1628 1175 1676 et
1210 1636 1239 1675 a
1268 1623 1374 1679 fide
1401 1632 1591 1681 nostra
1616 1627 1943 1693 alienorum,

2060 1632 2156 1703 τὴν
2194 1631 2304 1685 τῶν
2320 1630 2427 1695 ἔξω
2448 1628 2738 1700 συνήθειαν
2765 1629 2886 1691 ταῖς
2919 1625 3196 1697 τεχνικαῖς
3226 1623 3335 1697 τῷν
3357 1622 3652 1692 ἐγκωμίων

370 1709 689 1765 artificiosis
735 1710 997 1765 laudativi
1047 1715 1266 1783 generis
1314 1714 1537 1771 dicendi
1591 1721 1948 1789 apparatibus

369 1799 583 1855 laudari
617 1799 893 1857 desideret
919 1818 1070 1870 eum,
1097 1806 1190 1876 qui
1218 1816 1444 1877 propter
1468 1810 1781 1878 spiritualia
1806 1813 1948 1868 bona

368 1889 700 1946 celebratur.
734 1891 852 1948 Non
882 1895 1027 1950 enim
1062 1896 1232 1952 simili
1268 1900 1487 1957 ratione
1511 1916 1614 1958 nos
1649 1912 1813 1974 atque
1840 1918 1947 1959 ca:-

368 1984 474 2038 teri
508 1982 575 2039 de
604 1985 750 2040 bono
784 1987 1146 2056 iudicamus;
1196 2007 1373 2063 neque
1410 1994 1632 2051 easdem
1667 1996 1737 2052 de
1785 1998 1950 2053 rebus

370 2072 565 2129 iisdem
597 2080 836 2145 reperiat
885 2078 1090 2149 aliquis
1139 2082 1456 2151 opiniones,
1492 2090 1605 2138 tum
1656 2086 1799 2156 apud
1854 2102 1950 2143 eos

367 2162 466 2234 qui
512 2165 793 2221 mundano
845 2183 999 2223 more
1048 2169 1272 2237 vivunt,
1329 2181 1442 2228 tum
1493 2175 1637 2245 apud
1684 2176 1806 2241 hos,
1856 2177 1949 2249 qui

370 2251 635 2307 mundum
670 2256 1013 2325 supergressi
1050 2267 1203 2313 sunt.
1237 2259 1350 2316 Illis
1390 2261 1537 2315 enim
1565 2276 1773 2333 magnae
1801 2278 1953 2335 quaa—

368 2344 493 2399 dam
537 2345 833 2415 studioque
881 2347 1062 2418 dignae
1113 2358 1279 2420 atque
1325 2353 1647 2423 expetendae
1683 2370 1774 2411 res
1830 2372 1952 2413 esse

367 2436 648 2504 videntur,
672 2437 900 2506 divitiae,
931 2456 1131 2512 genus,
1164 2444 1362 2515 gloria,
1396 2448 1659 2502 mundani
1700 2458 1954 2521 potenta-

367 2536 481 2594 tus,
513 2529 731 2594 fabulte,
755 2532 957 2601 quibus
997 2549 1113 2588 suae
1140 2535 1373 2607 quisque
1397 2540 1595 2608 patriae
1639 2540 1952 2597 conditores

368 2618 617 2675 celebrat
644 2638 659 2676 :
694 2622 824 2676 item
858 2622 1153 2692 fugiendae,
1191 2641 1326 2681 sana
1356 2629 1577 2697 quidem
1606 2640 1788 2687 mente
1813 2648 1956 2703 prae-

368 2709 535 2775 ditis,
570 2714 920 2770 narrationes
949 2757 965 2782 ,
996 2724 1237 2787 tropzca,
1287 2720 1519 2790 prcelia,
1555 2722 1821 2778 bellorum
1869 2725 1955 2780 iu-

369 2802 695 2857 commoda:
725 2817 915 2860 nostro
937 2822 1071 2861 vero
1102 2808 1316 2877 judicio
1349 2826 1457 2865 una
1504 2813 1558 2867 in
1590 2816 1767 2885 pretio
1812 2825 1870 2873 et
1896 2818 1951 2873 in

371 2893 582 2947 honore
626 2894 803 2961 patria
836 2907 945 2963 est,
985 2899 1299 2967 paradisus,
1354 2903 1529 2972 prima
1574 2908 1791 2976 generis
1846 2909 1950 2963 hu-

2055 1722 2265 1792 ἐφόδοις
2293 1720 2633 1775 ἐπαινείσθαι
2666 1718 2898 1791 ζητείτω
2934 1717 3027 1771 τὸν
3060 1713 3450 1786 πνευματικῶς
3488 1713 3651 1765 ἐπαι-

2054 1815 2335 1883 νούμενον.
2373 1813 2448 1867 Οὐ
2479 1811 2590 1883 γὰρ
2624 1810 2734 1865 ἀπὸ
2778 1809 2890 1863 τῶν
2935 1808 3140 1879 όμοίων
3172 1809 3305 1879 ἡμῖν
3328 1822 3388 1858 τε
3423 1805 3517 1858 καί
3540 1806 3655 1867 τοίς

2052 1907 2232 1972 ἀλλοις
2258 1907 2291 1978 ἡ
2320 1905 2417 1960 τοῦ
2449 1904 2618 1959 καλοῦ
2642 1903 2825 1975 κρίσις
2851 1902 3000 1956 ἐστίν
3017 1917 3032 1933 ·
3064 1899 3188 1954 οὐτε
3208 1899 3308 1963 τὰς
3324 1896 3496 1960 αὐτὰς
3524 1897 3650 1966 περὶ

2050 1999 2161 2053 τῶν
2189 1997 2368 2052 αὐτῶν
2401 1997 2701 2068 ὑπολήψεις
2731 1994 2884 2066 εὖροι
2910 2012 2994 2057 τις
3013 1993 3102 2060 ἂν,
3133 1996 3247 2057 τοῖς
3284 2009 3345 2046 τε
3376 1992 3523 2046 κατὰ
3562 1992 3653 2045 τὸν

2054 2092 2259 2162 κόσμον
2287 2090 2473 2157 ζῶσιν,
2506 2090 2737 2152 καὶτοῖς
2789 2086 3259 2157 ὐπερανεστηκόσι
3292 2084 3385 2138 τοῦ
3419 2083 3645 2154 κόσμου.

2053 2184 2180 2247 Τοῖς
2212 2182 2310 2253 μὲν
2336 2182 2443 2252 γὰρ
2478 2180 2627 2252 μέγα
2657 2196 2711 2234 τι
2740 2179 2891 2233 δοκεῖ
2928 2179 3024 2232 καὶ
3060 2177 3302 2248 σπουδῆς
3330 2175 3479 2241 ἄξιον
3507 2171 3646 2230 εἶναι

2055 2273 2302 2338 πλοῦτος,
2324 2274 2417 2327 καὶ
2438 2273 2615 2341 γένος,
2635 2272 2729 2325 καῖ
2740 2270 2889 2336 δόξα.
2909 2272 3006 2324 καὶ
3025 2269 3291 2342 κοσμικαί⁵
3307 2268 3645 2331 δυναστεῖαι,

2052 2366 2146 2418 καὶ¹
2196 2363 2355 2436 μῦθοι
2386 2364 2484 2428 τὰς
2520 2363 2791 2435 πατρίδας
2828 2362 3128 2427 οίκίςοντες
3150 2403 3164 2425 ,
3215 2363 3313 2415 καὶ
3336 2362 3407 2415 τὰ
3441 2358 3648 2430 φευκτά

2063 2458 2178 2520 τοῖς
2207 2472 2273 2525 γε
2300 2454 2425 2510 νοῦν
2454 2455 2639 2526 ἔχουσι
2677 2454 3015 2526 διηγήματα,
3040 2453 3299 2526 τρόπαια,
3335 2452 3435 2506 καὶ
3459 2452 3643 2523 μάχαι,

2055 2549 2148 2603 καὶ
2181 2548 2248 2604 τὰ
2287 2551 2352 2602 ἐκ
2376 2548 2629 2618 πολέμων
2655 2547 2801 2602 κακά
2821 2564 2835 2577 ’
2865 2546 2946 2617 τῷ
2973 2547 3031 2601 δέ
3052 2545 3174 2601 καθ’
3204 2546 3355 2617 ἡμᾶς
3383 2545 3530 2615 λόγῳ
3555 2545 3647 2615 μία

2053 2642 2338 2712 τετίμηται
2373 2641 2591 2712 πατρὶς,
2619 2642 2648 2694 6
2679 2638 3040 2710 παράδεισος,
3067 2640 3101 2710 ἡ
3126 2638 3319 2709 πρώτη
3345 2636 3443 2690 τοῦ
3460 2636 3648 2706 γένους

2053 2734 2161 2788 τῶν
2183 2732 2484 2806 ἀνθρώπων
2514 2731 2687 2786 ἐστίαο
2721 2732 2819 2803 μία
2849 2731 3023 2795 πόλις,
3053 2731 3086 2801 ἡ
3120 2729 3533 2801 ἐπουράνιοςὴ
3563 2726 3652 2780 διὰ

2053 2823 2162 2876 τῶν
2189 2821 2405 2887 ζώντων
2433 2820 2595 2876 λίθων
2617 2820 3018 2892 συνῳκισμένη,
3042 2814 3113 2892 ἦς
3143 2817 3394 2889 τεχνίτης
3433 2817 3530 2871 καὶ
3560 2817 3652 2886 δη·

2059 2912 2316 2986 μιουργδς
2338 2914 2366 2965 6
2387 2914 2515 2976 Θεός
2537 2930 2551 2944 ·
2578 2913 2675 2984 μία
2693 2915 2888 2984 γένους
2913 2928 2971 2964 σε
2981 2912 3247 2983 μνότης,ἠ
3267 2909 3406 2981 πρὸς
3418 2908 3653 2963 mecm

371 2982 518 3036 mani
568 2983 749 3048 sedes,
797 3000 905 3040 una
955 2988 1179 3056 civitas,
1218 2991 1313 3045 illa
1356 2993 1639 3063 coelestia,
1685 3013 1811 3069 qua:
1856 3016 1952 3070 per

2060 2982 2385 3076 ἀγχιστεία·
2437 3003 2498 3057 οὐ
2543 2982 2685 3058 κατὰ
2708 2982 2793 3058 Ἵτδ
2860 2982 3166 3075 αὐτόματόν
3212 3018 3321 3055 τινι
3368 3000 3648 3071 γινομένη.

369 3070 621 3129 viventes
647 3074 859 3145 lapides
891 3080 1236 3136 construitur
1266 3089 1321 3137 et
1365 3094 1804 3155 coagmentatur,
1855 3106 1953 3145 cu-

367 3163 460 3233 jus
491 3164 691 3221 artifex
722 3174 776 3221 et
808 3168 1069 3225 conditor
1098 3178 1186 3229 est
1231 3172 1378 3230 Deus
1403 3176 1420 3206 ¹
1445 3192 1461 3229 :
1491 3193 1637 3233 unus
1668 3181 1949 3251 splendor,

373 3268 481 3309 una
537 3258 760 3327 generis
808 3260 1137 3330 amplitudo,
1186 3266 1577 3337 propinquitas
1618 3286 1745 3326 cum
1793 3272 1949 3329 Deo:

371 3360 495 3415 qua:
521 3363 632 3403 non
663 3364 795 3406 casu
832 3351 1064 3408 fortuito
1094 3369 1159 3409 ac
1190 3358 1404 3412 temere
1447 3360 1704 3431 cuiquam
1740 3366 1954 3422 contin-

371 3436 497 3506 git,’
537 3443 1001 3510 quemadmodum
1055 3446 1335 3503 mundana
1389 3455 1607 3521 generis
1657 3455 1952 3523 claritudo,

372 3544 496 3598 quae
529 3546 674 3602 saepe
718 3536 881 3590 etiam
929 3537 997 3592 ad
1031 3538 1310 3609 improbos
1345 3549 1399 3597 et
1452 3544 1629 3601 malos
1670 3563 1768 3614 per
1814 3548 1955 3604 hanc

374 3619 657 3677 fortuitam
688 3625 1130 3685 vicissitudinum
1165 3647 1229 3686 ac
1264 3633 1460 3689 seriem
1487 3642 1691 3693 temere
1722 3654 1955 3696 manans

374 3713 642 3782 defertur,
661 3718 757 3772 sed
780 3736 901 3789 quae
930 3737 1038 3776 non
1070 3725 1230 3780 aliter
1261 3734 1424 3797 atque
1449 3728 1634 3785 liberae
1656 3732 1955 3790 voluntatis

374 3807 644 3864 electione
673 3814 881 3881 acquiri
920 3823 1119 3883 potest.
1167 3818 1437 3891 Quotquot
1476 3824 1617 3877 enim
1650 3838 1955 3896 receperunt

374 3913 517 3963 eum,
550 3901 730 3971 inquit
772 3902 956 3959 divina
1008 3923 1135 3973 vox,
1190 3911 1336 3965 dedit
1403 3915 1479 3968 eis
1518 3926 1829 3986 potestatem
1886 3930 1947 3975 ut

376 3989 480 4054 ﬁlii
511 3990 610 4045 Dei
638 3994 824 4062 ﬁerent
847 3997 887 4049 '.
920 3996 1037 4064 Qua
1069 4000 1376 4070 nobilitate,
1413 4008 1543 4076 quid
1588 4010 1953 4080 splendidius,

373 4082 504 4150 quid
541 4082 845 4152 honestius,
877 4089 1008 4160 quid
1044 4095 1334 4162 augustius
1365 4111 1487 4153 esse
1528 4102 1738 4169 possit?
1771 4102 1954 4159 Patria

374 4188 504 4227 vero
532 4176 654 4232 aliis
679 4178 902 4247 quidem
933 4185 1191 4240 omnibus
1219 4185 1420 4244 fabulae
1451 4180 1615 4262 atque
1646 4206 1957 4254 commenta

373 4263 792 4340 d:cmonumque
819 4271 1043 4331 fraudes
1072 4292 1136 4332 ac
1164 4279 1404 4337 ludibria
1436 4283 1704 4343 fabulosis
1756 4303 1955 4345 narra-

2060 3098 2202 3153 κατὰ
2231 3096 2328 3168 τὴν
2363 3099 2421 3150 ἐν
2465 3095 2543 3167 τῷ
2598 3097 2791 3167 κόσμῳ
2839 3095 3138 3165 εὐγένειαν,
3188 3094 3224 3164 ἢ
3267 3094 3365 3147 καὶ
3392 3094 3487 3146 ἐπὶ
3526 3092 3650 3156 cois;

2062 3191 2297 3263 φαύλους
2328 3188 2586 3252 πολλάκις
2610 3189 2699 3242 διὰ
2726 3189 2827 3261 τῆς
2856 3190 3166 3260 αὐτομάτου
3190 3186 3400 3257 ταύτης
3427 3186 3652 3239 ἀκολου,

2061 3284 2183 3350 θίας
2219 3283 2416 3356 ῥέουσα
2467 3282 2717 3353 φέρεται,
2762 3282 2877 3336 ἀλλ’
2907 3282 2974 3352 ἢν
3007 3281 3107 3335 οὐκ
3129 3280 3276 3334 ἔστιν
3298 3280 3494 3343 ἄλλως,
3523 3279 3560 3349 ἢ
3588 3278 3653 3330 ἐκ

2060 3377 2436 3450 προαιρέσεως
2465 3374 2788 3447 κτήσασθαι.
2825 3374 3000 3428 Ὅσοι
3042 3375 3153 3444 γὰρ
3183 3373 3405 3427 ἔλαϐον
3441 3370 3650 3436 αὐτόν,

2061 3466 2225 3537 φησὶν
2254 3466 2288 3538 ἡ
2321 3462 2442 3518 θεία
2460 3462 2613 3535 φωνὴ
2634 3502 2649 3526 ,
2677 3462 2899 3517 ἔδωκεν
2916 3459 3122 3527 αὐτοῖς
3143 3458 3436 3524 ἐξουσίαν
3470 3455 3658 3510 τέκνα

2064 3555 2219 3610 Θεοῦ
2264 3554 2564 3625 γενέσθαι.
2618 3552 2733 3624 Τῆς
2779 3552 2835 3605 δὲ
2875 3550 3135 3618 τοιαύτης
3182 3547 3460 3617 εὐγενείας
3493 3546 3547 3598 τί
3582 3544 3656 3599 ἄν

2063 3647 2387 3720 σεμνότερον
2408 3647 2618 3716 γένοιτο
2636 3662 2651 3711 ;
2684 3645 2896 3715 Πάτρια
2913 3644 2970 3696 δὲ
2994 3646 3107 3706 τοῖς
3137 3643 3235 3712 μέν
3255 3640 3431 3703 ἄλλοις
3447 3637 3650 3703 ἅπασι,

2064 3741 2224 3814 μῦθοι
2251 3741 2347 3794 καί
2385 3738 2704 3809 πλάσματα,
2726 3736 2823 3790 καὶ
2865 3735 3134 3806 δαιμόνων
3163 3733 3365 3787 ἀπάται
3409 3746 3650 3784 συνανα-

2064 3834 2398 3906 μεμιγμέναι
2418 3834 2530 3895 τοῖς
2558 3829 2805 3902 μυθικοῖς
2834 3827 3169 3898 διηγήμασιν
3188 3842 3202 3856 ο
3226 3825 3295 3877 τά
3322 3823 3381 3876 δὲ
3403 3820 3659 3893 ἡμέτερα

2063 3929 2287 4000 πάτρια.
2315 3925 2425 3979 τῶν
2451 3923 2826 3994 διηγουμένων
2842 3920 2943 3974 οὐκ
2976 3918 3270 3972 ἐπιδέεται.
3301 3917 3398 3979 El;
3421 3913 3533 3986 γὰρ
3561 3914 3661 3967 τὸν

2061 4019 2289 4091 οὐρανόν
2316 4033 2399 4079 τις
2442 4014 2586 4078 ίδὼν,
2618 4015 2712 4069 καὶ
2749 4014 2817 4066 τὰ
2848 4015 2906 4065 ἐν
2936 4010 3085 4081 αὐτῷ
3115 4010 3286 4081 κάλλη
3307 4048 3321 4070 ,
3349 4008 3446 4062 καὶ
3472 4008 3663 4060 πᾶσαν

2063 4111 2160 4182 τὴν
2182 4110 2359 4164 κτίσιν
2383 4108 2461 4181 τῷ
2491 4107 2591 4176 τῆς
2619 4106 2798 4178 ψυχῆς
2839 4101 3099 4173 ὀφθαλμῷ
3133 4103 3501 4172 κατανοήσας,
3523 4100 3663 4152 ὃσα-

2064 4220 2170 4273 περ
2189 4200 2254 4255 ἂν
2312 4202 2371 4253 ἐν
2412 4199 2623 4262 τούτοις
2674 4197 2928 4269 θαύματα
2988 4194 3318 4250 καταλαϐεῖν
3365 4191 3662 4264 ἐξισχύσῃ,

2062 4295 2237 4348 ταῦτα
2266 4293 2367 4363 τῆς
2393 4292 2663 4365 ἡμετέρας
2690 4290 2942 4361 πατρίδος
2959 4289 3184 4360 εὑρήσει
3207 4286 3278 4340 τὰ
3304 4286 3629 4357 διηγήματα
3646 4301 3662 4315 ⁸

376 4357 627 4415 tionibus
686 4362 851 4417 simul
877 4368 1175 4436 permista:
1214 4381 1406 4429 nostra
1437 4386 1618 4432 autem
1651 4381 1829 4448 patria
1859 4398 1952 4436 ex-

2064 4385 2265 4455 μᾶλλον
2296 4352 2479 4437 οὐκ
2517 4352 2688 4453 αὐτῆς
2743 4352 2844 4451 της
2894 4352 3174 4451 πατρίδος,
3206 4377 3345 4432 ἀλλά
3372 4352 3665 4448 τῆς-ἀποι-

373 4450 715 4518 positoribus
746 4462 800 4510 et
857 4462 1239 4518 narratoribus
1277 4481 1416 4535 opus
1450 4484 1559 4523 non
1596 4470 1780 4525 habet.
1817 4471 1952 4527 Nam

374 4541 420 4594 si
445 4543 571 4611 quis
601 4545 801 4599 cmlum
848 4552 1190 4617 suspexerit,
1239 4569 1413 4625 eaque
1469 4574 1591 4627 quae
1648 4560 1784 4616 inibi
1824 4570 1955 4617 sunt

373 4644 717 4698 ornamenta.
742 4643 798 4691 et
832 4653 1049 4693 omnem
1082 4651 1394 4703 creaturam
1427 4648 1593 4703 animi
1630 4653 1791 4707 oculo
1819 4668 1953 4709 con-

374 4727 718 4795 sideraverit,
741 4745 1082 4803 quaecunque
1101 4734 1155 4789 in
1179 4735 1263 4790 bis
1300 4738 1563 4793 miracula
1589 4745 1952 4811 comprehen-

373 4817 503 4872 dere
531 4821 789 4889 potuerit,
822 4821 921 4878 has
952 4833 1156 4881 nostrae
1205 4829 1397 4898 patriae
1414 4833 1649 4901 reperiet
1678 4837 1954 4892 narratio-

373 4920 473 4958 nes
491 4925 504 4959 :
522 4907 631 4960 imo
647 4926 778 4964 vero
794 4927 901 4967 non
924 4914 1097 4984 ipsius
1122 4920 1331 4987 patriae,
1350 4920 1443 4975 sed
1464 4920 1716 4989 coloniae,
1736 4941 1900 4994 quam
1921 4944 1953 4983 ει

374 4996 694 5052 sublimiore
706 5001 815 5055 vita
833 5005 1019 5075 rejecti
1038 5014 1093 5061 et
1110 5009 1331 5080 relegati
1350 5012 1612 5067 mundum
1628 5025 1952 5084 praesentem

374 5090 635 5144 nimirum
661 5097 900 5150 assecuti
924 5113 1136 5154 sumus.
1165 5099 1322 5166 Quod
1354 5103 1402 5158 si
1436 5105 1564 5161 talis
1594 5115 1680 5162 est
1713 5109 1952 5175 colonia,

376 5181 691 5237 existimare
726 5196 959 5257 oportet,
987 5191 1170 5259 qualis
1204 5192 1277 5247 sit
1300 5209 1363 5249 ea
1393 5196 1543 5262 urbs,
1573 5199 1719 5254 unde
1741 5202 1956 5257 colonia

378 5273 610 5329 deducta
645 5285 754 5342 est,
794 5296 915 5349 qum
944 5283 1015 5335 sit
1048 5283 1099 5336 in
1132 5299 1195 5339 ea
1226 5287 1597 5356 pulchritudo,
1628 5306 1749 5362 quae
1781 5294 1853 5348 sit
1900 5295 1952 5349 in

378 5377 439 5417 ea
468 5366 637 5438 regia,
662 5383 784 5437 quae
816 5369 1047 5428 beatitas
1075 5388 1268 5429 eorum
1309 5378 1510 5448 quibus
1540 5381 1631 5435 illa
1687 5382 1956 5441 habitatio

376 5457 621 5515 obvenit.
652 5460 786 5517 Nam
814 5464 859 5520 si
896 5480 980 5533 ea,
1015 5484 1138 5538 quze
1171 5470 1226 5525 in
1253 5473 1416 5529 rebus
1450 5478 1653 5533 creatis
1688 5490 1956 5550 apparent

375 5546 648 5616 ejusmodi
675 5564 825 5623 sunt,
871 5567 930 5613 ut
976 5560 1126 5616 nulla
1169 5564 1418 5622 oratione
1468 5546 1777 5640 explicari-,-
1805 5574 1956 5630 nulla

457 5727 665 5784 ’llcbr.
701 5749 750 5787 XI
776 5774 789 5800 ,
836 5736 915 5793 l0.
996 5743 1012 5770 ’
1042 5738 1197 5797 Joan.
1238 5758 1273 5808 ι,
1315 5743 1393 5797 12.

2060 4478 2207 4542 κίας,
2246 4477 2312 4547 ἣν
2340 4464 2449 4529 ἀπὸ
2472 4478 2571 4547 τῆς
2594 4474 2930 4546 ὑψηλοτέρας
2961 4475 3105 4544 ζωῆς
3130 4470 3545 4533 ἀποικισθέντες
3564 4470 3664 4523 τὸν

2057 4569 2302 4642 παρόντα
2321 4585 2451 4622 κατε
2460 4568 2726 4640 ιλήφαμεν
2745 4567 2969 4637 κόσμον.
2998 4566 3060 4618 Εί
3079 4564 3136 4617 δὲ
3161 4565 3194 4634 ἡ
3219 4564 3454 4617 ἀποικία
3470 4562 3663 4617 τοιαύ-

2053 4675 2119 4730 τη
2142 4698 2155 4723 ,
2196 4656 2514 4726 λογίσασθαι
2542 4657 2648 4728 χρὴ
2674 4657 2758 4717 τίς
2783 4657 2816 4726 ἠ
2852 4655 2954 4725 τῆς
2989 4655 3249 4717 ἀποικίας
3289 4652 3658 4723 μητρόπολις.

2052 4750 2107 4803 τί
2139 4748 2201 4803 τὸ
2231 4750 2290 4803 ἐν
2311 4748 2493 4821 ἐκείνῃ
2533 4748 2748 4812 κάλλος,
2772 4743 2859 4801 οἷα
2894 4747 2954 4800 ἐν
2991 4748 3128 4817 αὐτῇ
3163 4746 3234 4799 τὰ
3265 4744 3536 4815 βασίλεια,
3570 4744 3661 4807 τίς

2061 4840 2095 4911 ἠ
2138 4839 2477 4911 μακαριότης
2520 4838 2630 4893 τῶν
2681 4838 2894 4908 ἐκείνην
2930 4836 3229 4907 εἰληφότων
3263 4835 3367 4907 τὴν
3410 4834 3657 4902 οἴκησιν.

2062 4931 2258 5005 Είγάρ
2284 4933 2354 4985 τὰ
2380 4932 2681 5003 φαινόμενα
2723 4931 2868 4986 κατά
2909 4930 3009 5000 τὴν
3054 4930 3234 4983 κτίσιν
3284 4928 3536 4991 τοιαῦτα,
3579 4926 3660 4989 ὡς

2064 5025 2202 5097 ὑπὲρ
2219 5024 2438 5078 ἔπαινον
2469 5019 2709 5079 εἶναι’τῐ
2737 5025 2842 5095 χρὴ
2864 5024 2925 5077 τδ
2954 5021 3275 5094 ὑπὲρ-τοῦτο
3305 5020 3653 5089 λογίσασθαι.

2062 5116 2092 5170 δ
2120 5117 2257 5188 μήτε
2283 5114 2546 5186 ὀφθαλμῷ
2576 5114 2761 5169 λαϐεῖν
2789 5114 3013 5168 δυνατόν
3050 5116 3188 5179 ἐστι,
3220 5113 3360 5184 μήτε
3399 5111 3655 5184 χωρῆσαι

2062 5211 2130 5280 τῇ
2159 5209 2319 5280 ἀκοῇ,
2355 5209 2489 5279 μήτε
2514 5208 2723 5278 διανοίᾳ
2755 5206 3120 5278 στοχάσασθαι
3141 5224 3158 5273 ;
3180 5206 3279 5260 Διὰ
3313 5204 3526 5275 ταύτης
3550 5203 3649 5269 τῆς

2064 5302 2440 5372 πνευματικῆς
2495 5298 2768 5371 εὐφημίας
2830 5300 2939 5353 τῶν
2978 5296 3485 5371 ἐγκωμιαζομένων
3520 5297 3650 5348 ἀποι-

2063 5392 2237 5463 κρίνει
2267 5394 2393 5456 τοὺς
2420 5393 2577 5447 κάτω
2588 5393 2790 5465 λήρους
2813 5394 2842 5447 6
2870 5392 3012 5456 θεῖος
3038 5391 3149 5444 τῶν
3181 5391 3475 5460 ἐγκωμίων
3497 5387 3647 5439 ἐπαι-

2063 5502 2173 5550 νος,
2218 5487 2442 5559 αἰσχρὸν
2489 5481 2629 5539 εῖναι
2650 5485 2850 5559 κρίνων
2907 5486 3032 5548 τοὺς
3087 5483 3199 5538 ἀπὸ
3238 5480 3347 5535 τῶν
3392 5478 3647 5533 τοιούτων

2066 5577 2442 5650 ἐγνωσμένους
2473 5577 2561 5633 διά
2606 5578 2714 5634 τῶν
2742 5576 2883 5634 κατά
2912 5578 3008 5648 τὴν
3031 5576 3133 5649 γῆν
3160 5572 3357 5646 τιμίων
3394 5568 3647 5643 οιεμννύηιιι⁹
