3918 6204
322 291 441 353 897

1321 294 1414 351 DE
1443 296 1607 353 VlTA
1641 297 1699 356 S.
1739 297 2069 357 (ΞΒΕοοῆΙί
2115 300 2643 362 THAUMATURGI.

3488 310 3597 368 896

329 411 484 467 σθαι.
531 409 812 481 Κοσμικδς
864 408 966 481 μὲν
992 408 1102 483 γάρ
1131 428 1216 475 τις
1256 412 1399 485 ἀνὴρ
1428 413 1566 483 πρὸς
1601 414 1700 486 τὴν
1730 415 1921 486 ὕλικὴν

2025 417 2238 474 ratione
2271 418 2663 490 comprehendi
2711 419 2959 491 possint:
3003 420 3133 492 quid
3174 420 3244 478 de
3281 422 3350 478 iis
3405 424 3599 480 existi-

329 501 682 574 εὐδαιμονίαν
716 500 1063 565 ἀποϐλέπων,
1091 502 1156 556 ὲκ
1167 501 1274 556 τῶν
1294 502 1551 558 τοιούτων
1579 506 1692 568 τοῖς
1717 504 1920 576 ἀνθρώ-

328 613 459 660 ποις
490 592 793 666 ὲρανιζέτω
845 592 939 648 τὸν
977 592 1221 660 ἔπαινον,
1268 596 1318 648 εί
1351 594 1550 666 πατρίς
1570 612 1674 649 τινι
1699 596 1919 665 γέγονεν

328 686 564 759 εὔφορος
597 683 981 756 βοσκημάτων,
1001 686 1048 738 εἰ
1072 686 1358 754 γειτνιῶσα
1382 686 1627 742 θάλασσα
1638 687 1920 753 πλεονάζει

327 779 403 833 δι’
434 779 628 850 ἑαυτῆς
649 780 764 841 τοῖς
795 776 1159 849 λαιμαργοὼι
1184 777 1282 842 τάς
1313 776 1465 842 ὔλας,
1492 778 1541 831 εἰ
1564 777 1728 832 λίθων
1753 777 1921 832 ἐπάλ-

328 871 487 945 ληλοι
502 871 677 935 Θέσεις
696 868 797 934 τὰς
807 869 1152 933 κατασκευὰς
1170 869 1619 934 καλλωπίζουσιν.
1637 869 1694 922 '0
1707 868 1763 922 δὲ
1784 869 1921 940 πρὸς

326 964 427 1018 τὸν
441 963 554 1018 ἀνω
587 961 703 1033 βίον
737 960 972 1032 βλέπων,
1014 952 1061 1029 ᾧ
1104 959 1299 1024 κάλλος
1330 959 1428 1030 μέν
1460 961 1609 1014 ἐστιν
1638 960 1793 1032 ἡτῆς
1817 959 1920 1030 ψυ-

326 1053 440 1124 χῆς
467 1052 779 1123 καθαρότης
799 1066 815 1082 ε
845 1050 1075 1115 πλοῦτος
1102 1049 1180 1117 δὲ,
1217 1051 1252 1117 ἡ
1296 1049 1653 1121 ἀκτημοσύνη
1676 1067 1690 1081 ο
1720 1051 1920 1122 πατρὶς

325 1146 414 1213 δὲ,
442 1148 476 1219 ἡ
509 1147 677 1218 ἀρετή
704 1162 716 1174 ο
739 1143 894 1207 πόλις
919 1143 1010 1209 δὲ,
1038 1142 1179 1198 αὐτὰ
1225 1142 1320 1196 τοῦ
1348 1142 1482 1197 Θεοῦ
1527 1142 1597 1197 τά
1629 1142 1877 1215 βασίλεια
1901 1161 1918 1176 ·

326 1236 536 1302 ὄνειδος
580 1235 681 1308 τὴν
725 1237 783 1290 ἐν
831 1237 945 1300 τοῖς
999 1234 1209 1305 γηῖνοις
1260 1232 1568 1305 φιλοτιμίαν
1615 1236 1916 1306 ποιήσεται.

328 1327 550 1387 Οὐκοῦν
598 1328 933 1390 ἀποστάντες
969 1326 1064 1380 καὶ
1104 1327 1264 1396 ἡμεῖς
1306 1324 1414 1378 τῶν
1454 1324 1711 1380 τοιούτων
1759 1327 1918 1381 ἐπαί-

328 1439 464 1490 νων,
519 1420 641 1476 οΰτε
685 1421 785 1492 τὴν
831 1418 1070 1491 πατρίδα
1121 1420 1232 1481 τοῖς
1258 1417 1499 1481 ἐπαίνοις
1536 1416 1630 1472 τοῦ
1664 1418 1916 1488 Μεγάλου

328 1513 639 1586 Γρηγορίου
661 1511 1066 1584 προσθήσομεν,
1111 1509 1237 1562 οὔτε
1275 1509 1573 1579 προγόνους
1598 1510 1677 1575 εἰς
1707 1526 1919 1580 συμμα-

328 1607 460 1678 χίαν
480 1607 592 1660 τῶν
621 1604 910 1675 ἐγκωμίων
932 1600 1387 1675 παραληψόμεθα,
1409 1600 1608 1665 εἰδότες
1639 1601 1719 1655 ὅτι
1743 1602 1918 1667 οὐδεὶς

330 1698 543 1771 ἀληθής
585 1699 731 1752 ἐστιν
788 1698 1027 1760 ἔπαινος,
1073 1695 1131 1760 ὃς
1161 1695 1228 1748 ἂν
1267 1694 1340 1764 μὴ
1369 1693 1478 1745 τῶν
1510 1693 1916 1764 ἐπαινουμένων

2022 510 2279 565 mandum
2315 521 2419 575 est,
2440 525 2562 581 qua:
2586 525 2751 582 supra
2791 511 2905 567 haec
2937 521 3086 581 sunt,
3118 528 3240 584 quae
3260 528 3437 585 neque
3465 529 3601 571 ocu-

2021 600 2073 655 lo
2103 600 2497 672 comprehendi
2553 609 2806 672 possunt,
2859 619 3037 674 neque
3080 605 3308 661 auribus
3363 607 3598 678 percipi,

2020 706 2199 760 neque
2244 691 2444 748 mentis
2494 700 2549 747 et
2594 692 2966 765 intelligentiae
3012 695 3365 765 conjecturis,
3410 697 3597 768 qualia

2020 782 2154 847 sint,
2191 781 2432 850 judicari
2469 793 2521 838 et
2549 784 2855 840 existimari
2883 787 3113 854 potest?
3174 788 3275 843 Per
3298 788 3442 845 hanc
3484 790 3598 860 spi-

2019 871 2272 926 ritualem
2297 871 2535 939 laudem,
2568 874 2637 929 ab
2662 876 2730 930 iis
2758 876 2852 946 qui
2884 877 3359 947 commendantur,
3413 880 3597 935 divina

2019 961 2399 1018 laudationum
2436 964 2521 1019 lex
2562 965 2806 1023 infernas
2838 967 2938 1023 bas
2984 984 3156 1040 nugas
3201 980 3363 1041 atque
3397 972 3599 1028 delira-

2019 1061 2203 1109 menta
2234 1057 2475 1110 secernit
2502 1067 2558 1111 et
2581 1058 2848 1125 excludit,
2888 1069 3049 1131 turpe
3082 1069 3247 1132 atque
3277 1063 3599 1119 indecorum

2014 1162 2145 1202 esse
2197 1146 2462 1218 judicans
2525 1164 2651 1213 eos,
2721 1151 2815 1220 qui
2865 1163 3087 1223 prepter
3135 1154 3406 1224 ejusmodi
3456 1155 3599 1211 bona

2021 1238 2135 1292 noti
2175 1246 2327 1305 sunt,
2361 1254 2459 1310 per
2488 1254 2581 1295 eas
2615 1256 2702 1296 res
2761 1257 2882 1311 quae
2937 1243 2990 1297 in
3029 1251 3176 1299 terra
3239 1244 3511 1299 habentur
3542 1245 3599 1300 in

2019 1330 2213 1399 pretio,
2242 1330 2506 1386 celebrari
2533 1340 2697 1401 atque
2730 1333 3035 1389 honestari.
3084 1334 3219 1388 Nam
3276 1337 3323 1391 si
3376 1336 3597 1406 quidem

2020 1420 2222 1491 aliquis
2248 1429 2333 1477 est
2354 1423 2517 1477 homo
2539 1422 2872 1487 mundanus,
2896 1425 2989 1493 qui
3019 1427 3353 1482 materialem
3387 1435 3600 1497 spectat

2018 1509 2361 1579 felicitatem,
2403 1513 2451 1568 is
2484 1529 2550 1569 ex
2582 1512 2894 1583 huiusmodi
2923 1515 3088 1569 rebus
3120 1515 3334 1571 laudem
3361 1516 3601 1572 homini-

2018 1603 2122 1659 bus
2153 1614 2423 1675 corroget,
2464 1606 2508 1660 si
2541 1606 2628 1660 cui
2668 1607 2843 1676 patria
2874 1622 3135 1677 pecorum
3170 1606 3320 1664 ferax
3351 1609 3601 1680 contige—

2023 1695 2115 1757 rit,
2151 1695 2197 1750 si
2235 1709 2388 1751 mare
2420 1695 2657 1751 vicinum
2694 1697 2833 1765 gulae
2868 1696 3067 1753 deditis
3101 1712 3197 1767 per
3229 1712 3350 1753 sese
3382 1697 3602 1754 abunde

333 1792 470 1854 ῐδιος
579 1792 739 1845 Ἰδιον
759 1791 814 1844 δέ
841 1806 1052 1861 φαμεν,
1077 1787 1107 1842 ὃ
1133 1786 1374 1859 διαμένει
1404 1787 1621 1850 πάντως
1652 1786 1736 1851 εἰς
1759 1787 1817 1841 τὸ
1839 1787 1914 1841 δι-

2025 1801 2108 1841 res
2136 1792 2293 1856 aptas
2326 1786 2393 1841 ad
2422 1787 2753 1843 vescendum
2799 1788 3127 1859 suppeditat,
3169 1789 3215 1845 si
3256 1788 3466 1859 lapides
3505 1789 3598 1843 alii

328 1884 529 1954 ηνεκὲς
549 1883 930 1953 ἀναφαίρετον.

2021 1877 2149 1933 aliis
2188 1877 2596 1948 superimpositi
2639 1878 2869 1935 aediﬁcia
2913 1888 3201 1937 exornent.
3246 1880 3318 1935 At
3364 1881 3458 1952 qui
3502 1895 3603 1936 su-

330 1992 523 2047 peram
569 1974 801 2044 suspicit
845 1974 1029 2039 vitam,
1080 1970 1168 2026 cui
1211 1967 1559 2041 pulchritudo
1603 1976 1768 2040 atque
1812 1978 2192 2026 ornamentum
2230 1971 2399 2026 animi
2434 1970 2645 2042 puritas
2675 1981 2798 2039 cst;
2851 1972 2943 2027 cui
2972 1972 3196 2039 divitiae,
3237 1975 3466 2045 inopia;
3508 1974 3600 2028 cui

334 2069 534 2140 patria,
558 2067 769 2133 virtus;
797 2066 884 2120 cui
909 2064 1128 2130 civitas,
1154 2062 1284 2118 item
1331 2062 1451 2130 ipsa
1499 2076 1665 2132 regna
1701 2060 1817 2128 Dei,
1854 2063 1908 2118 in
1956 2064 2121 2119 rebus
2156 2062 2394 2119 terrenis
2440 2063 2898 2136 magniﬁcentiam
2934 2073 2989 2121 et
3028 2067 3452 2123 ostentationem
3494 2066 3601 2123 sibi

334 2166 541 2238 probro
570 2171 735 2234 atque
761 2161 1016 2218 dedecori
1044 2175 1168 2217 esse
1199 2159 1382 2214 ducet.
1412 2156 1782 2225 Quamobrem
1811 2160 1976 2215 etiam
2021 2174 2123 2215 nos
2161 2159 2386 2216 omissis
2416 2160 2691 2230 ejusmodi
2720 2160 2975 2217 laudibus
3007 2177 3185 2233 neque
3215 2163 3447 2233 patriam
3475 2165 3601 2219 lau-

329 2254 499 2309 dibus
533 2252 713 2323 Magni
752 2250 1000 2324 Gregorii
1045 2249 1393 2320 adjiciemus,
1428 2263 1607 2317 neque
1642 2248 1883 2319 majores
1929 2250 1983 2304 in
2020 2250 2329 2307 subsidium
2362 2251 2740 2305 laudationum
2774 2268 3141 2320 assumemus,
3176 2254 3414 2310 scientes
3451 2254 3601 2326 quod

330 2350 485 2404 nulla
513 2363 639 2403 vera
663 2347 736 2401 sit
766 2346 888 2402 laus
925 2359 1044 2414 quae
1073 2358 1284 2409 eorum,
1315 2341 1411 2413 qui
1450 2341 1763 2408 laudantur,
1805 2336 2030 2412 propria
2079 2358 2189 2399 non
2223 2342 2317 2398 sit.
2349 2340 2641 2413 Proprium
2679 2344 3154 2413 autem_,dicimus,
3186 2344 3335 2415 quod
3366 2362 3602 2416 prprsus

328 2449 656 2511 perpetuum
691 2439 765 2492 ita
795 2438 1099 2508 permanet,
1129 2445 1184 2491 ut
1213 2433 1378 2490 adimi
1411 2434 1684 2490 auferrive
1711 2448 1818 2488 non
1848 2436 2045 2504 possit.

419 2532 578 2587 Ἐπεί
608 2526 703 2586 οὖν
732 2530 950 2584 πάντων
978 2527 1360 2601 χωριζόμενοι,
1391 2523 1644 2590 πλούτου,
1678 2542 1916 2596 περιφα-

328 2625 505 2689 νείας,
532 2623 712 2695 δόξης,
735 2621 924 2692 τιμῆς,
956 2618 1189 2690 τρυφῆς,
1214 2617 1589 2682 ἀπολαύσεως,
1616 2615 1916 2685 συγγενῶν,

328 2717 538 2789 φίλων,
574 2714 742 2787 μόνης
774 2713 869 2783 τῆς
902 2712 1044 2766 κατά
1089 2710 1285 2765 κακίαν
1320 2710 1353 2783 ἢ
1387 2709 1588 2782 ἀρετὴν
1625 2707 1915 2798 διαθέσεως

329 2808 630 2881 ἀχώριστοι
661 2805 895 2876 μένομεν
917 2818 931 2831 ·
977 2803 1138 2874 μόνον
1166 2803 1424 2873 κρίνομεν
1456 2800 1793 2871 μακαριστὸν
1825 2798 1916 2853 τὸν

326 2899 612 2970 ἐνάρετον.
662 2895 772 2951 Καί
821 2912 888 2967 με
951 2893 1142 2965 μηδεὶς
1189 2892 1386 2946 οἰέσθω
1432 2891 1510 2963 τῷ
1559 2892 1725 2963 μηδὲν
1774 2891 1920 2964 ἔχειν

333 2991 537 3064 σεμνὸν
563 2989 691 3061 περί
724 2989 822 3059 τῆς
855 2986 1145 3057 πατρίδος,
1177 2983 1210 3056 ἢ
1243 2982 1353 3036 τῶν
1385 2984 1667 3055 προγόνων
1696 2982 1791 3037 τοῦ
1822 2986 1920 3038 ἀν-

326 3083 461 3156 δρδς
494 3079 889 3153 διηγήσασθαι.
936 3078 994 3131 ὲν
1039 3077 1277 3147 σχήματι
1307 3074 1402 3128 τοῦ
1435 3075 1611 3129 δοκεῖν
1658 3078 1920 3148 περιορᾷν

2093 2526 2363 2593 Quoniam
2396 2524 2565 2597 igitur
2592 2540 2716 2581 eum
2748 2527 2931 2581 omnia
2963 2526 3122 2582 nobis
3156 2528 3485 2599 eripiantur,
3522 2532 3604 2589 di-

2021 2618 2185 2684 vitiae,
2220 2619 2516 2683 claritudo,
2558 2619 2754 2691 gloria,
2788 2619 2986 2685 honor,
3029 2620 3255 2689 deliciae,
3299 2630 3463 2693 atque
3507 2623 3600 2678 lu-

2021 2726 2143 2773 xus.
2178 2711 2429 2780 voluptas
2453 2717 2507 2765 et
2533 2711 2851 2775 oblectatio,
2902 2708 3144 2781 cognati,
3190 2713 3392 2782 amici,
3445 2716 3600 2774 solus

2023 2800 2115 2856 ille
2150 2801 2371 2857 habitus
2403 2808 2457 2857 et
2492 2801 2741 2866 aﬁ‘ectus,
2765 2817 2876 2872 quo
2901 2803 2983 2858 vel
3018 2818 3143 2857 cum
3179 2805 3313 2861 vitio
3336 2807 3421 2862 vel
3470 2823 3600 2864 cum

2024 2893 2227 2947 virtute
2260 2892 2546 2962 conjuncti
2574 2908 2787 2955 smnus,
2822 2893 2895 2946 ita
2937 2894 3096 2948 nobis
3131 2893 3378 2963 inhaeret,
3416 2908 3476 2951 ut
3511 2914 3603 2967 se-

2024 2985 2205 3053 parari
2241 2990 2296 3039 et
2322 2982 2527 3037 auferri
2566 2998 2675 3037 non
2706 2984 2881 3052 possit
2910 3001 2924 3038 :
2954 2984 3131 3039 solum
3155 2985 3374 3041 beatum
3404 2986 3582 3043 haben

2024 3073 2154 3130 dum
2186 3089 2309 3130 esse
2337 3074 2657 3145 judicamus
2686 3090 2832 3143 eum,
2857 3075 2951 3146 qui
2978 3077 3177 3132 virtute
3208 3078 3473 3148 praeditus
3505 3082 3599 3138 sit.

329 3173 446 3230 τῶν
473 3171 728 3228 τοιούτων
761 3168 1159 3225 ύπεκκλέπτειν
1189 3166 1251 3221 τὸ
1282 3166 1503 3230 ὄνειδος.
1555 3166 1652 3230 Τίς
1678 3166 1788 3238 γάρ
1819 3168 1920 3220 οὐκ

2025 3167 2104 3221 Ac
2132 3181 2293 3221 nemo
2320 3172 2473 3237 putet
2505 3180 2591 3221 me
2618 3166 2759 3220 nihil
2787 3169 3026 3237 amplum
3053 3176 3218 3240 atque
3249 3171 3598 3243 magniﬁcum

330 3260 445 3322 οἶδε
493 3266 591 3337 τὴν
631 3263 947 3334 ἐπωνυμίαν
986 3259 1081 3314 τοῦ
1133 3260 1329 3313 πόντου
1364 3259 1462 3330 τὴν
1500 3257 1653 3330 παρά
1695 3259 1913 3312 πάντων

2026 3258 2092 3313 de
2130 3259 2304 3330 patria
2362 3258 2738 3328 majoribusve
2784 3257 2889 3313 viri
2927 3274 3090 3329 posse
3148 3275 3600 3328 commemorare,

322 3355 642 3431 ἀνθρώπων
672 3352 796 3408 κατ’
827 3351 1103 3423 ἐξαίρετον
1137 3349 1487 3405 ἀνατεθεῖσαν
1519 3347 1597 3419 τῷ
1635 3348 1815 3413 ἔθνει,
1854 3347 1919 3402 δι’

330 3443 403 3522 ἧς
429 3447 540 3502 τῶν
565 3445 624 3514 ἐξ
656 3443 833 3516 ἀρχῆς
863 3442 1153 3513 εἰληχότων
1189 3440 1281 3495 τὸν
1311 3440 1486 3512 χῶρον
1512 3443 1544 3511 ἡ
1573 3440 1743 3511 ἀρετὴ
1778 3457 1919 3512 μαρ-

331 3542 621 3614 τυρείταις
654 3537 832 3600 Μόνος
856 3530 963 3608 γὰρ
982 3537 1043 3600 ἐξ
1064 3535 1282 3606 ἀπάσης
1301 3535 1404 3604 γῆς
1433 3550 1490 3587 τε
1518 3534 1612 3587 καί
1641 3533 1920 3604 θαλάσσης

331 3629 548 3697 οὖτοςό
576 3630 768 3694 πόντος
807 3626 1059 3695 Εὔξεινος
1097 3626 1457 3696 ὀνομάζεται,
1497 3624 1608 3678 εἴτε
1642 3624 1741 3697 τὴν
1786 3625 1922 3696 πρὸς

332 3723 468 3786 σοὺς
494 3718 901 3791 ἐπιδημοῦντας
937 3716 1048 3771 τῶν
1079 3715 1248 3784 ξένων
1284 3714 1680 3787 φιλοφροσύνην
1713 3733 1923 3787 μαρτυ-

334 3814 565 3892 ροῦντος
605 3813 790 3875 αὐτοῖς
818 3809 914 3864 τοῦ
950 3809 1250 3880 ὀνόματος,
1296 3807 1407 3861 εἴτε
1438 3806 1533 3861 καὶ
1560 3807 1643 3861 ὅτι
1682 3806 1923 3870 τοιοῦτος

334 3911 368 3964 ό
409 3906 589 3980 χῶρός
636 3904 807 3967 ἐστιν,
836 3901 913 3966 ὡς
945 3899 1020 3972 μὴ
1056 3899 1218 3970 μόνον
1262 3901 1376 3964 τοῖς
1416 3897 1702 3971 ἐγχωρίοις
1743 3915 1801 3952 τε
1830 3899 1925 3953 καὶ⁵

336 4000 680 4071 αὐτόχθοσιν,
729 3994 868 4051 ἀλλά
908 3994 1005 4048 καὶ
1044 3994 1158 4056 τοῖς
1205 3991 1577 4062 ἁπανταχόθεν
1630 3992 1710 4054 εἰς
1763 3990 1925 4045 αὐτὸν

342 4087 629 4162 φοιτῶσιν,
662 4084 764 4151 τὰς
790 4083 929 4157 πρὸς
953 4083 1014 4137 τὸ
1040 4082 1137 4153 ζῇν
1171 4080 1523 4153 παρασκευὰς
1552 4078 1798 4149 ἀφθόνως
1828 4097 1927 4150 χα-

339 4181 614 4255 ρίζεσθαι.
642 4177 878 4249 Τοιαύτη
912 4174 1022 4246 γάρ
1055 4178 1089 4245 η
1113 4173 1275 4243 φύσις
1308 4173 1406 4244 τῆς
1442 4170 1625 4242 χώρας
1645 4211 1660 4237 ,
1688 4169 1763 4235 ὡς
1790 4171 1926 4225 πάν-

338 4292 451 4331 των
478 4274 592 4329 τῶν
620 4273 756 4345 πρὸς
784 4272 883 4342 τὴν
912 4269 1056 4341 ζωὴν
1079 4268 1395 4338 ἀναγκαίων
1431 4266 1720 4338 πάμφορος
1748 4261 1886 4322 εἶναι
1905 4309 1922 4334 ,

339 4367 440 4424 καί
459 4364 676 4440 μηδὲ[ν]
692 4366 801 4420 τῶν
823 4363 953 4436 παρ’
971 4363 1178 4432 ἑτέροις
1203 4359 1423 4429 ἀγαθῶν
1445 4360 1715 4432 ἀμοιρεῖν,
1732 4360 1808 4424 ὡς
1829 4361 1925 4416 καὶ

338 4459 444 4533 τῆς
481 4458 758 4529 θαλάσσης
789 4456 972 4520 αὐτοῖς
1019 4455 1126 4509 ίδια
1154 4452 1225 4506 τά
1263 4451 1599 4523 πανταχόθεν
1638 4451 1919 4523 ποιούσης.

339 4550 602 4607 Τοιούτου
631 4549 689 4603 δὲ
717 4549 869 4612 δντος
893 4545 988 4601 τοῦ
1015 4545 1201 4608 ἔθνους
1239 4542 1460 4607 παντὸς,
1487 4542 1563 4607 ὡς
1586 4543 1723 4615 ὅπερ
1747 4542 1813 4596 ἀν
1840 4561 1926 4607 τις

340 4642 511 4699 αὐτοῦ
557 4642 722 4714 μέρος
760 4639 846 4709 ἐφ’
886 4634 1085 4694 ἑαυτοῦ
1121 4634 1531 4705 κατασκέψηται
1550 4675 1566 4701 ,
1596 4632 1706 4686 τῶν
1750 4633 1926 4688 ἄλλων

340 4732 699 4807 προτερεύειν
725 4731 933 4786 οἴεσθαι
960 4746 974 4762 ”
1006 4728 1160 4783 οὐδὲν
1192 4727 1247 4780 δὲ
1276 4720 1438 4798 ἦττον
1465 4727 1531 4795 τῇ
1564 4728 1714 4796 κοινῇ
1748 4725 1926 4797 κρίσει

340 4823 440 4879 τοῦ
470 4824 679 4890 ἔθνους,
718 4816 828 4877 οἷόν
878 4837 961 4884 τις
995 4816 1206 4889 κορυφὴ
1250 4815 1429 4884 πάσης
1467 4815 1565 4883 τῆς
1598 4814 1927 4886 περιοικίδος

340 4916 453 4970 τῶν
482 4916 680 4981 ἄλλων,
710 4917 744 4985 ἡ
766 4913 861 4968 τοῦ
893 4911 1128 4984 μεγάλου
1152 4906 1451 4981 Γρηγορίου
1485 4905 1641 4968 πόλις
1667 4905 1832 4966 ἐστὶν,
1858 4904 1926 4975 ἦν

342 5007 598 5080 βασιλεύς
627 5023 711 5070 τις
739 5005 1010 5075 ἐπίσημος
1029 5001 1138 5055 τῶν
1167 5000 1266 5071 τὴν
1291 4997 1466 5069 ἀρχὴν
1494 4999 1606 5060 τοῖς
1634 4995 1924 5066 Ῥωμαίοις

340 5078 799 5173 κρατυνομένων,
851 5097 1071 5166 Καῖσαρ
1112 5092 1173 5146 τὸ
1209 5091 1413 5160 ὄνομα,
1451 5088 1613 5160 ἔρωτι
1646 5086 1742 5141 καὶ
1776 5086 1925 5156 πόθῳ

340 5196 446 5267 τῆς
476 5194 662 5267 χώρας
708 5192 892 5254 ἀλοὺς,
945 5191 1039 5245 ἐπὶ
1077 5186 1155 5257 τῷ
1191 5187 1305 5258 ἰδίῳ
1341 5185 1565 5255 ὀνόματι
1614 5180 1923 5235 Νεοκαισά-

344 5303 502 5361 ρειαν
530 5284 808 5339 καλεῖσθαι
840 5283 939 5353 τὴν
961 5282 1112 5334 πόλιν
1132 5279 1383 5349 ἠξίωσεν.
1415 5275 1553 5329 Ἀλλ’
1579 5275 1728 5328 οὐδὲν
1752 5272 1924 5327 ταῦτα

340 5376 486 5449 πρὸς
531 5375 623 5430 τὸν
669 5372 872 5428 σκοπὸν
919 5371 1009 5426 τὸν
1050 5369 1339 5441 ἡμέτερον,
1393 5364 1534 5419 ὥστε
1584 5363 1673 5419 διὰ
1717 5363 1922 5417 τούτων

341 5466 556 5523 οῐεσθαι
585 5464 911 5536 σεμνότερον
939 5459 1310 5517 ἀποδεικνύειν
1333 5456 1425 5532 τὴν
1453 5456 1626 5528 μέγαν
1658 5457 1714 5509 ἐν
1748 5454 1924 5523 ἁγίοις

342 5562 578 5623 ἐκεῖνον,
609 5559 659 5612 εἰ
693 5557 926 5628 καρποῖς
956 5551 1130 5625 βρίθει
1161 5552 1194 5622 ἡ
1220 5548 1392 5622 χώρα,
1421 5550 1468 5601 εἰ
1496 5549 1529 5619 ἡ
1564 5547 1719 5611 πόλις
1756 5562 1925 5601 κατα-

346 5651 577 5712 σκευαῖς
625 5645 1067 5703 ηκαλλώπισται
1094 5682 1108 5707 ,
1143 5643 1192 5695 εἰ
1226 5643 1291 5713 τῇ
1330 5640 1533 5709 γείτονι
1572 5639 1811 5712 θαλάττῃ
1854 5638 1923 5692 τὰ

345 5740 689 5812 πανταχόθεν
719 5739 856 5812 πρὸς
882 5737 943 5792 τδ
969 5734 1158 5791 δοκοῦν
1187 5736 1305 5790 κατ’
1336 5733 1585 5801 ἐξουσίαν
1620 5733 1920 5800 εἰσάγεται.

2023 3349 2119 3404 sed
2152 3349 2257 3406 sub
2283 3348 2466 3419 specie
2493 3356 2659 3419 atque
2692 3357 2960 3420 praetextu
2991 3352 3418 3421 contemptionis
3456 3353 3605 3424 ejus-

2023 3440 2169 3495 modi
2198 3455 2379 3495 rerum
2412 3439 2651 3496 dedecus
2674 3448 2838 3511 atque
2862 3441 3256 3511 turpitudinem
3285 3446 3442 3513 quasi
3474 3448 3601 3503 sub-

2022 3533 2225 3589 ducere
2274 3540 2438 3603 atque
2468 3531 2749 3592 suﬂurari.
2796 3533 2931 3600 Quis
2978 3534 3123 3590 enim
3154 3534 3368 3607 ignorat
3398 3552 3602 3610 cogno-

2024 3645 2149 3684 men
2181 3628 2366 3694 Ponti,
2394 3628 2540 3699 quod
2572 3628 2642 3684 ab
2678 3628 2937 3685 omnibus
2985 3627 3300 3687 hominibus
3338 3639 3599 3704 tanquam

2023 3720 2359 3791 praecipuum
2389 3719 2653 3792 quiddam
2682 3734 2748 3775 ac
2779 3719 3058 3791 peculiare
3081 3722 3227 3793 genti
3280 3721 3598 3793 impositum

2024 3821 2189 3882 atque
2222 3812 2489 3868 tributum
2527 3819 2632 3880 est,
2664 3827 2762 3883 per
2783 3811 2930 3883 quod
2956 3827 3169 3881 comm,
3199 3814 3402 3885 quibus
3447 3816 3603 3874 locus

2025 3905 2094 3961 ab
2118 3904 2274 3960 initio
2303 3905 2548 3971 obvenit,
2584 3905 2758 3960 virtus
2787 3906 3231 3967 demonstratur?
3258 3906 3422 3965 Solus
3453 3910 3602 3965 enim

2023 4009 2089 4051 ex
2145 3995 2294 4050 omni
2334 4002 2480 4050 terra
2531 3994 2781 4065 marique
2807 3994 2895 4049 hic
2942 3994 3173 4062 Pontus,
3225 3995 3489 4064 εῠξεινος,
3544 3999 3601 4055 id

2023 4095 2143 4149 est,
2206 4085 2526 4154 hospitalis,
2595 4086 2907 4155 hospitibus
2968 4093 3022 4141 et
3089 4089 3395 4159 peregrinis
3446 4104 3599 4145 com-

2024 4175 2221 4232 modus
2271 4183 2327 4231 et
2374 4176 2551 4231 bonus
2598 4175 2950 4239 nominatur,
3003 4173 3118 4230 sive
3179 4176 3494 4232 comitatem
3547 4188 3603 4234 ct

2024 4265 2419 4320 humanitatem
2486 4264 2608 4333 ejus
2677 4278 2805 4334 erga
2865 4262 3103 4320 advenas
3160 4272 3215 4320 et
3280 4267 3600 4338 peregrinos

2024 4353 2156 4408 inibi
2189 4363 2472 4409 versantes
2509 4360 2806 4408 attestante
2838 4352 3108 4407 vocabulo
3139 4370 3154 4420 ;
3208 4354 3324 4410 sive
3372 4356 3600 4424 idcirco,

2025 4445 2170 4516 quod
2205 4445 2360 4500 locus
2393 4444 2659 4515 ejusmodi
2696 4450 2802 4508 est,
2839 4452 2898 4496 ut
2937 4458 3044 4497 non
3081 4444 3243 4497 modo
3307 4444 3502 4503 incolis
3545 4460 3603 4506 ct

2029 4534 2323 4605 indigenis,
2356 4550 2545 4589 verum
2570 4533 2735 4588 etiam
2769 4532 2897 4599 illis,
2926 4532 3019 4603 qui
3053 4548 3118 4587 ex
3149 4534 3405 4591 omnibus
3432 4540 3602 4608 parti-

2033 4623 2135 4680 bus
2166 4638 2231 4680 eo
2262 4623 2531 4680 accedunt
2557 4631 2611 4678 et
2643 4620 2949 4687 conﬂuunt,
2991 4630 3059 4677 ad
3093 4623 3383 4679 vivendum
3417 4628 3601 4683 subsi-

2025 4716 2114 4771 dia
2177 4723 2345 4785 atque
2394 4722 2731 4770 commeatus
2784 4714 3000 4769 abunde
3069 4715 3377 4786 suppeditet
3439 4728 3602 4790 atque

2026 4808 2429 4864 subministrat.
2466 4804 2749 4874 Ejusmodi
2775 4806 2923 4859 enim
2961 4815 3155 4860 natura
3181 4807 3460 4877 religionis
3493 4822 3597 4880 est,

2029 4907 2087 4953 ut
2125 4907 2181 4953 et
2210 4898 2457 4953 omnium
2493 4911 2698 4957 rerum,
2740 4911 2862 4965 qua:
2890 4894 2959 4948 ad
2984 4896 3147 4948 vitam
3179 4900 3598 4958 sustentandam

2031 4988 2356 5043 necessariae
2391 4994 2541 5048 sunt,
2575 5000 2788 5039 summe
2825 4985 3043 5049 fertilis,
3079 4995 3134 5040 et
3183 4990 3598 5060 peregrinorum

2028 5080 2250 5153 quidem
2288 5078 2555 5133 bonorum
2598 5077 2803 5133 nullius
2833 5093 3028 5148 expers
3060 5077 3150 5141 sit,
3175 5092 3299 5133 cum
3351 5096 3501 5137 mare
3549 5085 3599 5139 ei

2031 5171 2250 5243 propria
2294 5169 2458 5223 faciat
2487 5183 2572 5236 ea,
2599 5185 2720 5240 quae
2745 5185 2812 5224 ex
2843 5169 3099 5227 omnibus
3134 5170 3446 5243 regionibus
3471 5174 3599 5230 illuc

2031 5266 2412 5336 importantur.
2449 5260 2586 5317 Cum
2629 5270 2807 5316 autem
2844 5259 3114 5329 ejusmodi
3151 5271 3264 5318 tota
3310 5263 3461 5321 natio
3494 5265 3597 5330 sit,

2030 5365 2091 5411 ut
2115 5368 2499 5427 quamcunque
2529 5353 2657 5423 quis
2688 5351 2809 5422 ejus
2858 5360 3067 5423 partem
3106 5370 3202 5426 per
3250 5371 3373 5412 sese
3428 5358 3599 5412 solam

2030 5450 2485 5515 cnnsideraverit,
2507 5447 2720 5503 caeteris
2749 5453 3009 5516 praestare
3033 5463 3153 5503 eam
3185 5449 3601 5505 existimaturus

2031 5541 2339 5602 sitznihilo
2380 5540 2563 5595 minus
2617 5538 2897 5594 communi
2949 5539 3161 5609 judicio
3208 5541 3388 5611 gentis
3433 5542 3601 5601 veluti

2029 5644 2195 5706 caput
2222 5630 2495 5705 quoddam
2536 5628 2779 5684 omnium
2812 5629 3041 5684 aliarum
3093 5630 3446 5687 ﬁnitimarum
3485 5632 3600 5686 Ma-

2031 5728 2121 5797 gni
2163 5723 2410 5795 Gregorii
2459 5720 2655 5776 civitas
2702 5728 2806 5782 est,
2856 5735 3019 5788 quam
3076 5722 3268 5778 urbem
3302 5723 3598 5795 imperator
