3918 6204
390 275 492 331 899

1649 270 1705 327 S.
1741 267 2073 327 GREGORII
2114 269 2409 326 NYSSENI

3548 265 3632 322 309

389 397 610 468 quidam
663 393 898 466 insignis
965 409 1032 449 ex
1082 393 1152 450 iis
1197 393 1289 465 qui
1352 390 1620 448 Romanis
1676 393 1965 462 imperium

2089 393 2220 448 Ἀλλ’
2261 394 2381 448 οὐδὲ
2416 393 2525 447 τῶν
2560 393 2841 466 προγόνων
2867 375 3051 458 αὐτού,
3086 393 3197 446 τῶν
3228 390 3637 464 προκαθηγήσα-

391 490 878 554 conﬁrmaverunt,
913 488 1101 545 Cmsar
1140 490 1385 552 nomine,
1429 503 1616 543 amore
1657 503 1722 542 ac
1755 487 1973 543 deside-

389 583 474 637 rio
504 581 608 635 loci
641 592 835 652 captus
887 598 988 638 suo
1039 583 1259 636 nomine
1297 580 1705 635 Neocaesaream
1739 580 1973 649 insigni-

390 677 486 730 vit.
522 673 722 730 Verum
751 676 869 728 hazc
899 675 1035 728 nihil
1071 676 1346 745 pertinent
1382 673 1448 726 ad
1483 681 1733 727 nostrum
1775 687 1975 741 propo-

391 769 558 824 situm
590 779 642 823 et
672 769 1010 830 institutum,
1045 777 1103 821 ut
1145 783 1240 838 per
1274 767 1389 820 haec
1416 767 1742 835 ampliorem
1791 775 1844 820 et
1874 781 1974 819 au-

391 861 694 930 gustiorem
739 860 1122 914 existimemus
1173 873 1273 912 nos
1321 857 1796 911 demonstraturus
1849 871 1974 910 esse

392 965 650 1020 magnum
686 951 836 1004 illum
876 951 1053 1004 virum
1087 951 1228 1003 inter
1257 957 1500 1011 sanctos,
1537 949 1580 1001 si
1616 949 1766 1018 regio
1799 946 1972 1017 frugi-

392 1041 498 1096 bus
531 1041 806 1104 abundet,
839 1041 882 1095 si
919 1040 1050 1094 urbs
1083 1039 1345 1108 operibus
1380 1047 1435 1094 et
1476 1038 1726 1093 aedificiis
1776 1046 1973 1092 ornata

395 1133 487 1196 sit,
519 1134 563 1188 si
595 1147 691 1202 per
726 1147 878 1186 mare
910 1133 1150 1186 vicinum
1183 1131 1250 1184 ad
1276 1124 1560 1185 arbitrium
1613 1147 1700 1186 res
1732 1130 1973 1200 undique

395 1239 592 1294 magna
629 1225 788 1291 copia
828 1225 1215 1292 imponentur.
1248 1222 1317 1276 At
1347 1238 1446 1278 nec
1500 1230 1791 1293 parentum
1844 1223 1972 1294 qui-

395 1315 516 1369 dem
572 1313 716 1382 ejus,
776 1313 870 1382 qui
933 1312 1240 1366 nativitatis
1291 1311 1411 1380 ejus
1480 1312 1721 1367 carnalis
1780 1320 1968 1366 aucto-

395 1417 484 1458 res
515 1402 758 1465 fuerunt,
795 1403 848 1456 in
891 1403 1145 1472 praesenti
1190 1403 1440 1456 oratione
1497 1401 1694 1455 faciam
1740 1405 2010 1457 mentio-.

395 1508 543 1557 nem,
588 1495 829 1558 divitias,
861 1493 1294 1564 magnificentias
1338 1503 1392 1548 et
1446 1491 1765 1563 splendores
1817 1508 1976 1546 mun-

2073 487 2249 557 μένων
2278 487 2379 556 τῆς
2413 484 2556 540 κατὰ
2606 487 2787 556 σάρκα
2828 486 3127 555 γενέσεως,
3164 486 3387 556 μνήμην
3437 486 3528 538 ἐπὶ
3555 483 3638 539 τοῦ

2069 578 2228 646 λόγου
2265 580 2600 650 ποιήσομαι,
2642 578 2874 639 πλοῦτον
2925 578 3019 631 καὶ
3060 577 3375 648 φιλοτιμίας
3419 577 3513 630 καὶ
3553 577 3640 640 τὰς

2071 671 2339 741 κοσμικὰς
2385 671 2742 740 περιφανείας
2788 669 2968 724 αὐτῶν
3009 669 3383 740 διηγούμενος.
3435 668 3502 720 Τί
3545 669 3641 742 γὰρ

2071 763 2242 816 ταῦτα
2279 763 2614 816 συντελέσειε
2645 763 2778 832 πρὸς
2805 762 3046 828 ἔπαινον,
3077 762 3258 830 τάφοι,
3294 762 3389 814 καὶ
3421 760 3638 831 στῆλαι,

2073 856 2166 908 καὶ
2201 855 2619 926 ἐπιγράμματα,
2649 854 2741 908 καὶ
2773 854 2841 906 τὰ
2865 855 3035 925 νεκρὰ
3061 853 3370 924 διηγήματα
3395 853 3532 924 πρὸς
3560 852 3642 905 τὸν

2072 943 2166 997 τοῦ
2215 945 2422 1014 κόσμου
2464 945 2664 1009 παντὸς
2707 946 2897 999 ἑαυτὸν
2948 946 3332 1018 ὑπεράραντα;
3375 945 3552 1008 ἄλλως
3590 943 3642 997 δὲ

2071 1034 2191 1088 οὐτε
2222 1034 2444 1088 δυνατόν
2473 1037 2620 1088 ἐστιν
2657 1038 2738 1100 είς
2775 1037 3058 1090 κοινωνίαν
3088 1039 3186 1109 τῆς
3216 1038 3488 1110 εὐφημίας
3511 1038 3644 1090 ὲκεί-

2070 1143 2193 1190 νους
2219 1127 2394 1194 ἄγειν,
2422 1120 2497 1182 ὧν
2527 1128 2626 1199 τὴν
2660 1129 2984 1198 συγγένειαν
3011 1122 3166 1193 οὗτος
3194 1130 3291 1200 τῆς
3312 1130 3452 1183 κατὰ
3476 1127 3642 1199 ψυχὴν

2070 1218 2386 1288 ἀγχιστείας
2415 1220 2721 1290 ήρνήσατος
2774 1221 2836 1273 Οἱ
2871 1219 2969 1290 μὲν
3011 1221 3119 1291 γὰρ
3149 1221 3208 1273 ὲν
3234 1222 3301 1290 τῇ
3339 1220 3516 1292 πλάνῃ
3547 1218 3644 1271 τῶν

2075 1307 2310 1363 εἰδώλων
2336 1309 2760 1382 ἐματαιώθησαν
2776 1328 2788 1342 ο
2817 1314 2845 1364 ὁ
2865 1312 2944 1377 δὲ,
2969 1311 3106 1383 πρὸς
3124 1312 3223 1382 τὴν
3247 1311 3508 1382 ἀλήθειαν
3528 1312 3646 1364 ἁνα-

2079 1400 2302 1470 6λέψας,
2342 1404 2408 1471 τῇ
2441 1402 2552 1457 ἄνω
2595 1403 2882 1473 συγγενείᾳ
2919 1402 3005 1456 διὰ
3041 1402 3141 1473 τῆς
3183 1402 3419 1466 πίστεως
3465 1401 3645 1454 ἑαυτὸν

2083 1491 2447 1564 εἰσεποίησεν.

396 1589 568 1645 danos
595 1605 783 1645 eorum
828 1606 1128 1660 exponens.
1167 1588 1306 1656 Quid
1342 1589 1487 1642 enim
1530 1589 1645 1642 haec
1685 1586 1976 1642 conferunt
2015 1589 2082 1644 ad
2111 1589 2657 1659 Iaudem?sepulcra,
2683 1596 2897 1654 statuae,
2921 1588 3311 1660 inscriptiones
3360 1595 3416 1642 et
3487 1585 3645 1648 tituli,

395 1691 624 1738 mortua:
689 1691 743 1739 et
808 1684 1002 1740 inanes
1056 1684 1404 1738 narrationes
1455 1681 1522 1737 ad
1568 1699 1716 1748 eum,
1766 1684 1861 1752 qui
1918 1697 2041 1740 sese
2079 1698 2245 1754 supra
2284 1699 2501 1738 omnem
2537 1684 2802 1738 mundum
2835 1683 3109 1763 extulerat
3137 1692 3190 1738 et
3211 1689 3485 1745 evexerat,
3519 1694 3650 1751 prte-

396 1777 587 1833 sertim
625 1792 748 1832 cum
779 1792 848 1830 ne
883 1777 1000 1832 ﬁeri
1033 1777 1256 1848 quidem
1298 1777 1494 1850 possit,
1528 1784 1588 1831 ut
1626 1776 1684 1831 in
1730 1776 2049 1832 societatem
2084 1777 2262 1832 laudis
2295 1777 2370 1831 illi
2418 1786 2794 1840 assumantur,
2869 1791 3102 1848 quorum
3177 1781 3303 1843 iste,
3374 1773 3522 1846 quod
3586 1771 3649 1826 ad

397 1869 593 1924 anima:
618 1869 1079 1941 propinquitatem
1102 1869 1313 1936 attinet,
1334 1871 1719 1940 cognationem
1757 1869 1968 1938 respuit
2005 1878 2059 1924 et
2083 1878 2411 1940 aspernatur
2436 1871 2460 1924 ?
2487 1869 2619 1926 Nam
2652 1871 2730 1926 illi
2761 1869 2982 1942 quidem
3022 1885 3120 1941 per
3183 1884 3428 1926 errorem
3494 1868 3647 1923 simu-

396 1959 671 2016 laci-orum
735 1963 864 2017 vani
924 1973 979 2018 et
1028 1961 1198 2032 inepti
1259 1961 1502 2025 fuerunt,
1537 1961 1626 2017 hic
1669 1971 1852 2016 autem
1887 1961 1954 2017 ad
1988 1963 2271 2018 veritatem
2302 1964 2479 2019 oculis
2513 1964 2745 2019 sublatis
2789 1979 3002 2035 superae
3039 1962 3354 2034 cognationi
3401 1976 3525 2018 sese
3563 1976 3650 2032 per

403 2054 561 2110 fidem
586 2054 838 2122 inservit,
878 2063 932 2110 et
975 2056 1134 2126 quasi
1166 2057 1219 2110 in
1261 2055 1612 2126 adoptionem
1647 2054 1818 2110 dedit.

469 2147 657 2218 Itaque
707 2148 983 2218 quomodo
1034 2147 1279 2219 quidem,
1334 2148 1604 2218 quibusve
1654 2146 1978 2217 parentibus
2010 2159 2052 2214 Β

399 2249 565 2296 natus
599 2239 690 2303 sit,
719 2246 814 2293 aut
840 2254 1004 2310 quam
1035 2239 1102 2294 ab
1131 2239 1289 2294 initio
1313 2241 1501 2294 urbem
1543 2239 1858 2304 incoluerit,
1917 2248 1981 2293 ut

399 2346 521 2402 quae
552 2330 690 2384 nihil
720 2328 927 2384 faciant
951 2330 1018 2383 ad
1047 2331 1388 2401 propositam
1423 2331 1818 2395 narrationem,
1840 2346 1981 2400 pra:-

402 2421 805 2488 termittemus;
846 2420 1063 2474 initium
1093 2428 1274 2477 autem
1312 2421 1492 2476 laudis
1518 2421 1649 2477 hinc
1681 2438 1981 2490 sumemus,

401 2513 549 2568 unde
575 2513 664 2569 ille
715 2512 884 2567 vitam
933 2526 1058 2567 cum
1093 2513 1296 2568 virtute
1342 2513 1696 2584 conjunctam
1751 2530 1983 2571 exorsus

401 2614 508 2660 est.
553 2603 692 2659 Cum
729 2603 874 2658 enim
902 2619 1134 2674 corpore
1173 2604 1710 2676 admodumjuvenili
1748 2607 1985 2660 naturali

403 2695 756 2767 cogitationis
788 2710 943 2760 cura,
971 2696 1294 2765 parentibus
1338 2697 1453 2752 vita
1484 2697 1782 2763 defunctis,
1812 2697 1986 2753 desti-

403 2795 562 2842 tutus
605 2787 1037 2856 essetzquando
1102 2787 1376 2858 plerisque
1440 2796 1601 2844 aetate
1666 2788 1986 2859 imperfecta

396 2895 562 2936 mens
597 2878 728 2948 quid
764 2879 837 2935 sit
874 2878 1079 2933 bonum
1125 2878 1430 2949 dijudicare
1466 2880 1645 2936 nescit
1677 2899 1689 2936 :
1733 2882 1987 2950 protinus

404 2973 472 3028 ab
507 2971 666 3025 initio
700 2971 943 3026 ostendit
980 2971 1159 3041 qualis
1193 2973 1248 3026 in
1295 2979 1454 3027 aetate
1484 2970 1723 3042 perfecta
1770 2970 1987 3030 futurus

404 3072 575 3120 esset.
606 3064 681 3118 Ae
709 3061 1171 3135 quemadmodum
1237 3066 1483 3136 germina
1543 3080 1832 3136 generosa,
1861 3081 1986 3123 cum

405 3173 435 3211 a
467 3158 643 3229 primo
678 3156 1016 3212 incremento
1045 3156 1100 3211 in
1129 3156 1367 3214 directos
1415 3173 1597 3214 ramos
1635 3171 1985 3225 excrescunt,

405 3258 503 3320 per
534 3256 858 3319 przesentem
902 3247 1373 3318 pulchritudinem
1424 3249 1683 3320 agricolis
1740 3251 1988 3306 futurum

405 3339 658 3394 decorem
692 3345 1114 3408 praemonstrant
1154 3356 1168 3394 :
1204 3339 1396 3394 eodem
1446 3340 1611 3396 modo
1655 3340 1822 3395 etiam
1874 3341 1987 3406 ille,

405 3433 640 3501 quando'
673 3431 888 3486 caeteris
919 3437 1141 3501 propter
1192 3431 1556 3502 ignorantiam
1589 3434 1874 3491 erroribus
1933 3442 1989 3491 et

2165 2145 2303 2199 Ἀλλ’
2327 2147 2476 2209 ὅπως
2516 2144 2635 2217 μὲν,
2677 2145 2710 2218 ῆ
2755 2145 2862 2198 ἀπὸ
2895 2143 3057 2198 τίνων
3101 2145 3317 2213 ἐγένετο
3339 2187 3353 2211 ,
3383 2146 3419 2218 ἢ
3450 2147 3570 2201 τίνα
3592 2147 3644 2201 τὸ

2082 2239 2204 2293 κατ’
2234 2238 2408 2312 ἀρχὰς
2431 2238 2615 2311 ᾤκησε
2642 2238 2816 2302 πόλιν,
2847 2239 2922 2302 ὼς
2954 2238 3105 2292 οὐδὲν
3137 2241 3266 2309 ἡμῖν
3297 2241 3642 2295 συντελοῦντα

2083 2329 2221 2402 πρὸς
2253 2329 2354 2400 τὴν
2396 2327 2769 2401 προκειμένην
2799 2324 3055 2398 σπουδὴν,
3085 2325 3497 2398 παραλείπομεν
3517 2345 3532 2358 ο
3558 2329 3648 2400 ἀρ·

2081 2424 2184 2495 χὴν
2229 2423 2287 2476 δὲ
2334 2421 2538 2494 ταύτην
2564 2422 2664 2493 τῆς
2692 2420 2968 2492 εὐφημίας
2995 2418 3280 2491 ληψόμεθα
3300 2459 3316 2484 ,
3355 2419 3426 2491 ἢν
3452 2420 3649 2484 ἐκεῖνος

2083 2518 2178 2571 τοῦ
2227 2517 2349 2570 κατ’
2396 2514 2600 2586 ἀρετὴν
2651 2512 2766 2584 βίου
2821 2510 3136 2581 πεποίηται.
3182 2510 3400 2584 Ἐπειδὴ
3450 2511 3554 2584 γὰρ
3592 2513 3647 2566 ὲν

2085 2603 2280 2677 κομιδῇ
2315 2603 2420 2674 νέῳ
2447 2601 2523 2673 τῷ
2552 2599 2762 2673 σώματι
2789 2601 2888 2672 τῆς
2925 2602 3158 2670 φυσικῆς
3187 2599 3504 2671 κηδεμονίας
3527 2601 3649 2672 ἐρη-

2090 2717 2188 2771 μος
2219 2695 2318 2769 ἦν,
2352 2695 2462 2750 τῶν
2501 2695 2703 2765 γονέων
2745 2692 3209 2764 τετελευτηκότων
3249 2691 3344 2746 τὸν
3392 2692 3525 2762 βίον,
3568 2694 3652 2746 ὅτε

2086 2789 2280 2858 ἀτελὴς
2313 2787 2401 2855 ὑφ’
2445 2786 2660 2858 ήλικίας
2691 2781 2825 2839 οὖσα
2864 2785 2979 2848 τοῖς
3026 2784 3238 2849 πολλοῖς
3264 2787 3299 2856 ή
3327 2785 3534 2839 διάνοια
3563 2785 3658 2855 τῆς

2086 2878 2180 2933 τοῦ
2224 2877 2390 2932 καλοῦ
2427 2879 2662 2949 κρίσεως
2701 2877 3037 2948 ἁμαρτάνει,
3086 2876 3287 2942 ἔδειξεν
3322 2877 3485 2940 εὐθὺς
3513 2878 3660 2949 παρὰ

2086 2974 2184 3045 τὴν
2223 2971 2478 3043 πρώτην,
2531 2964 2643 3034 οἷος
2682 2971 2741 3023 ὲν
2783 2969 2861 3040 τῷ
2905 2969 3094 3042 τελείῳ
3127 2973 3227 3042 τῆς
3261 2970 3483 3041 ἡλικίας
3511 2971 3666 3042 γενή-

2091 3082 2263 3119 σεται.
2311 3063 2421 3116 Καὶ
2465 3062 2714 3130 καθάπερ
2743 3062 2812 3115 τὰ
2841 3063 3036 3133 εὐγενῆ
3080 3061 3189 3114 τῶν
3243 3061 3658 3134 βλαστήματων,

2088 3157 2215 3210 ὅταν
2249 3156 2313 3209 ὲκ
2360 3157 2582 3228 πρώτης
2609 3155 2890 3226 αὐξήσεως
2917 3155 2996 3218 είς
3027 3153 3338 3222 εὐθυγενεῖς
3379 3153 3662 3226 ἀναδράμῃ

2087 3251 2212 3313 τοὺς
2254 3249 2505 3320 ὄρπηκας
2529 3289 2545 3314 ,
2597 3247 2940 3318 προδείκνυσι
2983 3249 3096 3311 τοῖς
3136 3247 3400 3318 γηπόνοις
3434 3248 3515 3302 διὰ
3559 3246 3666 3317 τῆς

2091 3338 2376 3411 παρούσης
2428 3340 2576 3410 ὥρας
2619 3340 2680 3393 τὸ
2730 3340 2811 3402 είς
2844 3338 3067 3408 ὕστερον
3113 3337 3343 3404 κάλλος·
3390 3339 3478 3392 τὸν
3504 3337 3669 3393 αὐτὸν

2090 3434 2288 3506 τρόπον
2323 3435 2572 3497 κάκεῖνος
2597 3474 2612 3496 ,
2642 3433 2732 3486 ὅτε
2765 3433 2878 3494 τοῖς
2907 3430 3086 3495 ἄλλοις
3125 3431 3220 3483 ὑπ’
3256 3431 3481 3500 ἀγνοίας
3508 3446 3671 3501 περι-

405 3523 680 3578 obnoxius
710 3531 765 3578 et
798 3523 1045 3577 lubricus
1071 3529 1157 3578 est
1205 3524 1444 3592 animus,
1476 3525 1543 3580 ad
1574 3540 1665 3581 res
1715 3541 1889 3582 vanas
1937 3535 1986 3581 et

2095 3524 2304 3596 σφαλής
2327 3526 2474 3578 ἐστιν
2501 3527 2534 3596 ή
2561 3523 2728 3595 ψυχὴ,
2755 3524 2890 3596 πρὸς
2909 3522 2978 3577 τὰ
3001 3523 3209 3596 μάταιά
3232 3539 3290 3576 τε
3317 3523 3411 3576 καὶ
3436 3521 3675 3593 ἀνόνητα

405 3615 636 3670 inutiles
671 3615 969 3684 juventute
1021 3614 1184 3670 facile
1263 3615 1587 3687 plerumque
1632 3618 1984 3687 prolabente:

406 3717 538 3763 tunc
563 3723 658 3772 per
692 3709 925 3778 primam
961 3708 1085 3762 vita:
1114 3707 1354 3764 instituti
1380 3709 1704 3767 electionem
1753 3710 1992 3766 ostendit

406 3797 464 3852 in
493 3814 613 3854 sese
635 3814 822 3852 verum
849 3814 972 3854 esse
1009 3798 1139 3854 illud
1189 3799 1416 3856 verbum
1447 3798 1672 3857 Davidis
1717 3801 1986 3858 dicentis:

405 3887 596 3944 Justus
631 3897 686 3942 ut
712 3889 890 3958 palma
916 3888 1182 3958 ﬂorebit’.
1227 3890 1356 3947 Sola
1392 3893 1538 3948 enim
1580 3894 1838 3950 nimirum
1875 3895 1991 3950 inec

408 3983 574 4037 arbor
605 3982 848 4052 perfecta
881 3983 1256 4041 crassitudine
1281 3986 1590 4044 cacuminis
1621 4003 1652 4042 a
1686 3997 1833 4044 terra
1867 4002 1992 4043 sur-

407 4075 485 4146 git
509 4083 565 4130 et
592 4077 886 4140 excrescit,
920 4092 1154 4149 cumque
1178 4079 1529 4149 proceritatis
1588 4081 1990 4137 incrementum

407 4168 807 4239 progrediatur,
840 4169 1048 4224 nullam
1072 4169 1126 4224 in
1152 4170 1496 4227 latitudinem
1525 4187 1554 4226 a
1580 4182 1824 4242 tempore
1846 4172 1993 4228 acci-

408 4256 486 4326 pit
509 4257 902 4312 accessionem.
964 4257 1055 4312 Sic
1095 4260 1260 4314 etiam
1316 4260 1406 4316 ille
1437 4275 1466 4314 a
1516 4262 1696 4332 primo
1745 4262 1992 4332 germine

407 4348 614 4413 floruit,
639 4350 908 4404 electione
936 4351 1060 4405 vita:
1085 4351 1322 4407 instituti
1357 4353 1608 4423 protinus
1641 4351 1916 4422 perfectus
1939 4362 1992 4407 et

408 4440 772 4495 eminentibus
828 4441 1115 4496 frondibus
1156 4458 1497 4514 consurgens
1545 4454 1598 4500 et
1634 4459 1988 4499 excrescens.

409 4530 680 4588 Omnibus
751 4534 895 4586 enim
977 4535 1220 4600 omissis,
1297 4553 1529 4606 quarum
1578 4551 1759 4590 rerum
1807 4535 1991 4590 studio

407 4625 667 4693 juvenilis
698 4633 831 4678 aetas
867 4632 1103 4689 tenetur,
1136 4628 1494 4696 equitatione,
1531 4628 1847 4690 venatione,
1875 4628 1991 4680 cul-

412 4725 468 4766 tu
501 4716 822 4780 arnmniorc,
858 4715 1215 4783 indumentis,
1248 4719 1541 4787 aleatione,
1575 4719 1811 4781 deliciis,
1865 4727 1985 4772 sta—

412 4806 507 4857 tim
537 4815 682 4862 totus
720 4807 1073 4878 acquirendis
1104 4810 1791 4873 virtutibnsincumbebat,
1840 4808 1990 4866 dein-

411 4909 542 4963 ceps
563 4898 774 4967 eligens
786 4915 849 4954 ac
873 4915 1209 4972 persequens
1222 4903 1484 4973 quidquid
1510 4901 1759 4973 praesenti
1776 4917 1991 4970 semper
2023 4884 2064 4938 Ι)

412 4989 559 5041 aatati
591 5005 704 5044 suae
725 4993 1058 5049 conveniens
1081 5004 1133 5050 et
1157 4997 1628 5052 accommodatum
1659 5003 1827 5052 esset.
1882 4995 1993 5048 lni-

415 5083 551 5136 tium
583 5089 764 5136 autem
803 5087 1266 5155 acquirendarum
1307 5088 1572 5142 virtutum
1609 5104 1640 5141 a
1677 5088 1858 5143 smdio
1903 5101 1996 5142 sa-

415 5175 635 5245 pientiae
663 5172 808 5243 fecit,
843 5185 1007 5246 atque
1036 5177 1176 5232 hanc
1207 5178 1376 5233 veluti
1402 5177 1584 5249 pullus
1613 5178 1834 5249 quidam
1861 5192 1997 5232 con-

411 5271 641 5338 junctus
671 5284 782 5323 una
826 5272 1156 5341 sequebatur
1208 5273 1516 5329 sobrietas:
1554 5275 1773 5344 utrique
1812 5279 1992 5325 autem

413 5359 747 5415 continentia
775 5362 1030 5430 praesidio
1056 5373 1214 5419 erat:
1253 5365 1419 5420 animi
1450 5379 1582 5420 vero
1628 5364 1990 5420 humilitatem

413 5460 467 5506 et
493 5451 924 5508 moderationem
960 5470 1065 5508 una
1101 5471 1226 5510 eum
1280 5457 1689 5526 contemptione
1741 5455 1995 5527 pecunia-

415 5553 534 5593 rum
565 5549 854 5597 assecutus
882 5551 988 5599 est.
1030 5542 1147 5602 Non
1175 5545 1320 5602 enim
1343 5545 1560 5602 aliunde
1591 5546 1769 5604 fastus
1797 5553 1851 5602 et
1901 5558 1996 5600 su-

486 5715 506 5746 ²
541 5713 684 5771 Psal.
723 5731 828 5783 xei,
858 5718 942 5774 l3.

2096 3613 2610 3685 κατολισθαινούσης
2641 3613 2948 3685 προχείρως
2972 3613 3048 3676 ὡς
3069 3612 3139 3666 τὰ
3173 3612 3339 3665 πολλὰ
3362 3612 3461 3682 τῆς
3480 3611 3677 3682 νεότη-

2094 3724 2185 3771 τος
2204 3723 2219 3738 '
2246 3707 2366 3760 τότε
2389 3707 2476 3762 διὰ
2506 3707 2606 3778 τῆς
2636 3706 2859 3778 πρώτης
2877 3703 2970 3760 τοῦ
3006 3705 3123 3777 βίου
3152 3705 3433 3777 αἱρέσεως,
3463 3701 3680 3769 ἔδειξεν

2095 3800 2180 3868 ἐφ’
2215 3797 2410 3854 ἑαυτοῦ
2455 3798 2545 3852 τὸν
2589 3796 2753 3852 Δαόὶδ
2794 3795 3143 3868 ἀληθεύοντα,
3189 3798 3269 3850 ὅτι
3319 3796 3559 3860 Δίκαιος
3592 3796 3683 3860 ὠς

2095 3890 2299 3961 φοῖνιξ
2331 3889 2672 3956 ἐξανθήσει.
2704 3889 2882 3943 Μόνον
2907 3888 3017 3960 γὰρ
3039 3888 3102 3960 δή
3125 3887 3282 3942 τοῦτο
3309 3887 3420 3942 τῶν
3441 3887 3684 3958 δένδρων

2095 3984 2287 4056 τελείῳ
2313 3985 2390 4053 τῷ
2425 3982 2589 4052 πάχει
2627 3981 2726 4052 τῆς
2760 3981 3006 4053 κορυφῆς
3037 3981 3144 4035 ἀπὸ
3170 3981 3270 4052 τῆς
3301 3981 3409 4052 γῆς
3436 3979 3687 4049 ἀναφύε-

2096 4090 2220 4130 ται·
2254 4076 2349 4128 καὶ
2375 4074 2476 4145 τῆς
2505 4074 2645 4127 κατὰ
2681 4074 2741 4128 τὸ
2779 4076 2954 4146 μῆκος
2986 4075 3330 4146 ὲπιδιδούσης
3353 4075 3640 4147 αὐξήσεως
3663 4116 3683 4142 ,

2096 4167 2352 4237 οὐδεμίαν
2398 4167 2493 4219 ἐπὶ
2533 4167 2595 4219 τὸ
2627 4165 2828 4230 πλάτος
2856 4166 3174 4239 προσθήκην
3204 4167 3312 4220 ἀπὸ
3355 4165 3447 4220 τοῦ
3472 4168 3686 4237 χρόνου

2097 4260 2328 4330 δέχεται.
2374 4259 2529 4313 Οὕτω
2591 4260 2841 4322 κάκεῖνος
2889 4259 2998 4312 ἀπὸ
3041 4260 3142 4331 τῆς
3203 4258 3420 4330 πρώτης
3464 4258 3685 4329 ἤνθησε

2099 4352 2354 4422 βλάστης,
2397 4352 2558 4415 εὐθὺς
2587 4355 2652 4424 τῇ
2686 4351 2893 4424 αἱρέσει
2923 4350 3017 4404 τοῦ
3046 4351 3162 4421 βίου
3189 4351 3390 4414 τέλειος
3419 4349 3688 4420 ἀνασχὼν

2097 4445 2192 4496 καὶ
2217 4441 2500 4512 ὐψίκομος.
2537 4445 2760 4497 Πάντων
2789 4443 2897 4514 γὰρ
2926 4443 3190 4505 ἀποστὰς,
3233 4444 3362 4513 περὶ
3399 4441 3435 4496 ἃ
3462 4441 3525 4494 τὸ
3559 4440 3688 4493 νέον

2095 4535 2194 4604 τῆς
2234 4534 2445 4604 ἡλικίας
2490 4535 2788 4604 ἐπτόηται,
2837 4537 3101 4604 ἱππικῆς,
3139 4533 3513 4603 κυνηγεσίων,
3552 4532 3689 4585 καλ-

2095 4627 2480 4698 λωπισμάτων,
2510 4627 2626 4680 ὲνδυ
2636 4629 2838 4698 μάτων,
2863 4627 3106 4690 κυϐείας,
3130 4628 3362 4697 τρυφῆς·
3379 4625 3543 4688 εὐθὺς
3561 4625 3690 4686 ὅλος

2094 4719 2195 4789 τῆς
2227 4719 2333 4772 τῶν
2368 4718 2577 4790 ἀρετῶν
2607 4720 2850 4789 κτήσεως
2882 4714 2979 4790 ἦν,
3011 4717 3072 4771 τὸ
3118 4719 3428 4789 πρόσφορον
3457 4717 3554 4772 ἀεὶ
3582 4717 3690 4787 τῆς

2097 4811 2377 4882 παρούσης
2405 4811 2552 4882 αὐτῷ
2577 4811 2794 4882 ήλικίας
2825 4812 3061 4882 καθεξῆς
3102 4810 3559 4880 προαιρούμενος.
3593 4809 3689 4862 Γί-

2095 4922 2241 4958 νεται
2289 4904 2344 4957 δὲ
2390 4903 2537 4974 αὐτῷ
2582 4904 2773 4976 πρώτη
2807 4904 2908 4974 τῆς
2946 4905 3190 4974 κτήσεως
3229 4902 3339 4955 τῶν
3371 4901 3613 4974 ἀρετῶν,
3654 4899 3686 4968 ἡ

2095 4994 2224 5065 περὶ
2251 4993 2348 5064 τὴν
2381 4994 2571 5064 σοφίαν
2618 4995 2844 5066 σπουδή.
2880 4994 3062 5064 Ταύτῃ
3105 4993 3164 5046 δὲ
3197 4992 3481 5045 συνείπετο
3510 4991 3688 5045 καθα-

2098 5103 2202 5155 περ
2253 5103 2336 5149 τις
2383 5086 2560 5150 πῶλος
2606 5085 3008 5157 συνεζευγμένη
3046 5087 3078 5156 ή
3130 5083 3494 5154 σωφροσύνη’
3544 5083 3688 5153 πρὸς

2097 5178 2382 5250 ἀμφότερα
2413 5178 2469 5232 δὲ
2506 5178 2790 5250 σύμμαχος
2831 5175 2899 5250 ἦν
2933 5180 2967 5248 ή
2998 5177 3293 5248 ἐγκράτεια
3317 5192 3331 5206 ·
3368 5175 3430 5229 τὸ
3454 5175 3515 5228 δὲ
3555 5177 3693 5230 ἄτυ-

2096 5285 2197 5340 φον
2225 5267 2373 5339 αὐτῷ
2403 5269 2497 5322 καὶ
2529 5269 2815 5342 ἀόργητον,
2842 5271 2908 5340 τῇ
2943 5269 3052 5322 τῶν
3077 5267 3374 5338 χρημάτων
3408 5263 3698 5338 ὑπεροψίᾳ

2106 5359 2572 5432 συγκατωρθώθη.
2626 5361 2701 5415 Οὐ
2755 5359 2865 5432 γὰρ
2906 5360 3050 5413 ἐστιν
3093 5359 3227 5430 ἄλλη
3262 5357 3434 5425 τύφου
3473 5374 3538 5410 τε
3589 5354 3699 5408 καὶ

2103 5453 2478 5524 ὑπερηφανίας
2509 5453 2722 5522 γένεσις
2745 5493 2760 5517 ,
2805 5453 2881 5524 μὴ
2914 5455 3014 5524 τῆς
3053 5450 3368 5516 πλεονεξίας
3408 5451 3580 5521 ἑαυτῇ
3617 5447 3700 5501 τὰ

2103 5544 2326 5600 τοιαῦτα
2359 5545 2502 5617 πάθη
2545 5544 2985 5616 συνεισαγούσης.
3022 5543 3289 5616 Καθάπερ
3321 5541 3382 5597 δὲ
3437 5541 3533 5596 τὸν
3581 5557 3709 5596 πα-
