3918 6204
266 298 362 353 9M

1226 291 1314 346 DE
1349 290 1512 348 VITA
1553 292 1612 351 S.
1658 288 1984 350 GREGORII
2037 289 2567 349 THAUMATURGL

3413 296 3524 354 90‘!

267 411 530 483 τριάρχην
568 403 822 477 Ἀϐραάμ
852 407 880 460 ὀ
910 404 1066 474 λόγος
1113 405 1367 479 κατέχει,
1401 410 1503 480 τῆς
1534 408 1840 478 Χαλδαῖκῆς

1947 407 2126 477 pcrbia
2151 406 2386 471 exsistit,
2421 407 2525 462 nisi
2559 405 2807 474 avaritia,
2836 421 3061 479 remque
3091 422 3245 464 suam
3277 409 3520 480 qualibet

270 500 584 576 φιλοσοφίας
609 500 666 550 ὲν
697 500 977 572 ἐπιστήμῃ
1006 499 1314 570 γενόμενον,
1348 502 1444 553 καὶ
1477 501 1575 572 τὴν
1608 501 1841 572 ἐναρμό-

269 595 377 647 νιόν
419 608 477 644 τε
514 591 610 644 καὶ
650 590 996 661 τεταγμένην
1038 590 1144 643 τῶν
1186 591 1401 660 ἄστρων
1429 594 1840 662 κατανοήσαντα

270 685 413 739 θέσιν
469 682 564 735 καὶ
620 681 865 751 κίνησιν,
907 681 1192 752 ὑποϐάθρᾳ
1239 682 1546 753 χρήσασθαι
1595 686 1660 754 τῇ
1712 684 1841 754 περὶ

270 777 436 831 ταῦτα
460 773 658 842 γνώσει
686 773 821 843 πρὸς
843 771 939 842 τὴν
959 772 1051 824 τοῦ
1073 773 1469 843 ὑπερκειμένου
1491 773 1694 841 ἀγαθοῦ
1718 773 1844 826 θεω-

272 867 406 938 ρίαν,
429 863 806 933 λογισάμενον,
826 861 899 924 ὡς
914 864 1041 914 είτά
1063 864 1126 932 τῆ
1142 863 1582 935 αἰσθήσειληπτά
1595 863 1838 929 τοιαῦτα,

270 958 318 1012 τί
345 955 409 1009 ἂν
447 955 533 1024 είη
567 953 636 1006 τά
682 952 822 1022 ὑπὲρ
851 951 1144 1022 uiae-qam;
1177 954 1270 1006 καὶ
1314 954 1488 1016 οὕτως
1528 954 1621 1007 τοῦ
1652 955 1842 1025 ζητου-

271 1051 434 1121 μένου
483 1048 686 1116 τυχεῖν,
735 1041 846 1097 οἷον
892 1043 1156 1098 ἐπιϐάντα
1202 1045 1303 1115 τῆς
1335 1045 1438 1110 ἔξω
1480 1046 1670 1116 σοφίας
1697 1087 1710 1111 ,
1748 1048 1843 1102 καὶ

267 1141 554 1210 γενόμενον
588 1137 654 1190 δι’
689 1137 858 1205 αὑτῆς
906 1137 1252 1208 ὑψηλότερον,
1303 1137 1444 1191 ὥστε
1485 1139 1841 1210 προσεγγίσαι

265 1233 463 1303 τρόπον
512 1228 635 1281 τινὰ
684 1227 749 1280 δι’
787 1227 958 1296 αὑτῆς
996 1230 1108 1290 τοῖς
1150 1226 1444 1297 ἀλήπτοις·
1492 1227 1634 1281 οὕτω
1681 1230 1775 1281 καὶ
1815 1231 1844 1282 ὁ

264 1323 451 1390 Μέγας
481 1313 670 1383 οὗτος,
702 1323 767 1389 τῇ
802 1317 906 1384 ἔξω
941 1319 1232 1390 φιλοσοφίᾳ
1270 1320 1336 1372 δι’
1367 1321 1684 1390 ἐπιμελείας
1720 1321 1844 1374 καθ-

263 1415 548 1484 ομιλήσας,
561 1411 625 1464 δι’
647 1404 721 1464 ὧν
737 1412 764 1462 ὁ
779 1410 1133 1480 Ἑλληνισμὸς
1156 1415 1267 1474 τοῖς
1283 1410 1494 1475 πολλοῖς
1511 1411 1840 1482 βεϐαιοῦται,

262 1507 350 1561 διά
388 1507 595 1559 τούτων
635 1503 892 1574 ὡδηγὴθη
938 1503 1075 1574 πρὸς
1119 1503 1218 1573 τὴν
1261 1503 1356 1556 τοῦ
1410 1504 1841 1577 Χριστιανισμοῦ

264 1598 613 1667 κατανόησιν,
644 1595 738 1647 καὶ
773 1593 1088 1646 καταλιπὼν
1124 1594 1221 1666 τὴν
1266 1595 1692 1666 πεπλανημένην
1735 1596 1843 1648 τῶν

263 1691 515 1762 πατέρων
536 1688 854 1759 θρησκείαν,
884 1687 1070 1758 ἐζήτει
1097 1688 1196 1759 τὴν
1229 1688 1339 1741 τῶν
1369 1689 1536 1741 ὄντων
1565 1689 1840 1758 ἀλήθειαν,

263 1784 320 1849 ἐξ
344 1781 529 1837 αὑτῶν
567 1779 674 1834 τῶν
702 1779 1095 1849 πεπονημένων
1121 1781 1235 1842 τοῖς
1257 1777 1456 1844 ἔξωθεν
1487 1777 1754 1848 διδαχθεὶς
1780 1781 1841 1834 τὸ
1872 1776 1914 1832 Β

261 1873 370 1927 τῶν
415 1870 742 1941 Ἑλληνικῶν
779 1869 1065 1939 δογμάτων
1101 1869 1428 1923 ἀσύστατον.
1477 1869 1694 1939 Ἐπειδὴ
1731 1870 1841 1942 γάρ

263 1963 402 2019 είδεν
423 1963 559 2036 πρὸς
579 1962 866 2033 διαφόρους
889 1960 1185 2031 ὑπολήψεις
1205 1964 1263 2014 ὲν
1283 1965 1401 2026 ταῖς
1424 1978 1489 2013 πε
1499 1961 1550 2032 ρὶ
1573 1961 1666 2014 τοῦ
1685 1962 1842 2016 Θείου

263 2057 442 2122 δόξαις
473 2054 798 2127 σχιζομένην
826 2054 926 2126 τὴν
954 2053 1272 2126 Ἑλληνικὴν
1306 2057 1400 2108 καὶ
1441 2056 1538 2128 τὴν
1570 2055 1842 2128 βάρϐαρον

261 2148 462 2220 ὁμοίως
485 2147 820 2218 φιλοσοφίαν,
845 2145 939 2198 καὶ
961 2146 1088 2208 τοὺς
1121 2145 1228 2200 τῶν
1253 2145 1542 2215 δογμάτων
1572 2164 1844 2218 προεστη-

260 2241 448 2302 κότας,
475 2237 597 2292 οὔτε
621 2238 756 2310 πρὸς
780 2237 1042 2307 ἀλλήλους
1069 2238 1482 2308 συμϐαίνοντας,
1527 2241 1620 2293 καὶ
1640 2240 1701 2294 τὸ
1721 2239 1842 2294 καθ’

261 2333 455 2386 ἑαυτὸν
500 2333 728 2385 ἕκαστον
763 2329 1051 2403 κρατύνειν
1091 2333 1158 2402 τῇ
1207 2332 1460 2403 περινοίᾳ
1502 2332 1612 2386 τῶν
1664 2332 1840 2400 λόγων

260 2424 732 2492 φιλονεικοῦντας·
766 2423 990 2486 τούτους
1027 2423 1126 2492 μὲν
1160 2422 1350 2494 ῶσπερ
1381 2426 1440 2477 ὲν
1473 2424 1722 2496 ἐμφυλίῳ
1748 2442 1845 2478 πο-

260 2515 436 2587 λέμῳ,
463 2515 553 2568 ὑπ’
573 2513 815 2584 ἀλλήλων
839 2512 1310 2585 ἀνατρεπομένους
1330 2514 1622 2567 κατέλιπεν
1641 2530 1656 2544 ο
1685 2531 1846 2567 κατα·
1885 2579 1892 2587 ι

258 2608 532 2679 λαμϐάνει
561 2607 618 2660 δὲ
650 2606 743 2660 τὸν
775 2604 988 2659 ἑστῶτα
1014 2605 1171 2674 λόγον
1193 2605 1293 2675 τῆς
1325 2606 1560 2669 πίστεως
1579 2646 1594 2670 ,
1639 2605 1733 2659 τὸν
1755 2606 1845 2659 οὑ-

255 2699 426 2770 δεμιᾷ
457 2698 650 2770 λογικῇ
680 2715 785 2751 τινι
819 2697 1110 2768 περιεργίᾳ
1159 2697 1254 2750 καὶ
1295 2699 1570 2767 τεχειικαῖς
1618 2697 1846 2762 πλοκαῖς

259 2789 686 2861 κρατυνόμενον.
713 2788 848 2842 ἀλλά
869 2787 935 2842 δι’
955 2788 1256 2860 ἁπλότητος
1284 2787 1546 2858 ῥημάτων
1567 2789 1845 2860 ὁμοτίμως

260 2885 417 2955 πᾶσι.
439 2881 942 2952 καταγγελλόμενον
970 2899 982 2911 ·
1007 2881 1067 2945 ὃς
1091 2882 1150 2934 ἐν
1175 2881 1322 2952 αὑτῷ
1350 2882 1426 2952 τῷ
1455 2882 1594 2954 ὑπὲρ
1619 2882 1717 2954 τὴν
1759 2883 1847 2936 πί·-

260 2994 382 3032 στιν
420 2972 560 3030 εἶναι
578 3017 591 3039 ,
615 2976 676 3028 τὸ
700 2975 891 3028 πιστὸν
924 2974 1056 3045 ἔχει,
1086 2975 1148 3026 Εἰ
1171 2973 1280 3046 γὰρ
1309 2974 1547 3028 τοιοῦτον
1569 2971 1638 3046 ἦν
1667 2976 1726 3029 τὸ
1759 2975 1848 3029 λε-

260 3068 515 3139 γόμενον,
561 3064 637 3130 ὡς
674 3067 742 3135 τῇ
772 3063 882 3118 τῶν
918 3064 1274 3135 ἀνθρωπίνων
1313 3063 1589 3135 λογισμῶν
1617 3065 1842 3137 δυνάμει

148 3199 159 3213 .
259 3157 806 3229 καταλαμϐάνεσθαι,
850 3154 1002 3208 οὐδὲν
1046 3153 1112 3207 ἂν
1158 3155 1256 3225 τῆς
1299 3155 1622 3226 Ἑλληνικῆς
1653 3157 1844 3226 σοφίας

254 3251 513 3323 διήνεγκε
551 3248 832 3319 (κάκεῖνοι
860 3245 989 3318 γάρ,
1021 3246 1155 3317 ὅπερ
1184 3245 1250 3300 ἂν
1282 3247 1606 3300 καταλαϐεῖν
1633 3249 1845 3319 ἐξισχύο

258 3359 456 3411 σωσιν,
493 3343 669 3395 ἐκεῖνο
701 3341 795 3394 καὶ
825 3335 964 3392 εἶναι
993 3338 1374 3406 δοξάζουσιν),
1413 3339 1533 3392 ἐπεὶ
1560 3340 1618 3392 δὲ
1655 3340 1847 3394 ἀνεπί-

257 3437 430 3502 ϐατός
460 3436 576 3490 ἐστι
610 3434 890 3504 λογισμοῖς
916 3431 1280 3503 ἀνθρωπίνοις
1309 3432 1407 3500 τῆς
1448 3431 1848 3502 ὑπερκειμένης

259 3529 484 3599 φύσεως
509 3529 542 3600 η
573 3525 898 3596 κατάληψις,
929 3522 1118 3577 τούτου
1148 3522 1308 3595 χάριν
1338 3524 1370 3593 ἡ
1393 3522 1575 3586 πίστις
1602 3523 1723 3577 ἀντὶ
1741 3522 1848 3576 τῶν

264 3619 546 3690 λογισμῶν
576 3617 806 3685 γίνεται,
828 3617 941 3677 τοῖς
973 3613 1111 3684 ὑπὲρ
1142 3612 1298 3680 λόγον
1328 3627 1389 3664 τε
1419 3611 1512 3664 καὶ
1544 3611 1849 3681 κατάληψιν

263 3711 470 3783 ἑαυτὴν
508 3709 916 3763 ὲπεκτείνουσα.
961 3705 1059 3759 Διά
1105 3703 1316 3768 ταῦτα,
1361 3705 1543 3768 καθὼς
1591 3705 1718 3776 περὶ
1754 3703 1847 3757 τοῦ

260 3804 548 3866 Μωῦσέως
572 3801 734 3871 φησὶν
772 3801 804 3871 η
833 3798 1045 3870 Γραφη,
1077 3799 1159 3850 ὅτι
1194 3797 1486 3868 ἐπαιδεύθη
1514 3797 1660 3868 πάσῃ
1688 3796 1848 3867 σοφίᾳ

259 3895 374 3949 τῶν
407 3893 719 3962 Αἰγυπτίων
737 3907 752 3920 ·
776 3890 950 3953 οὑτως
975 3888 1068 3943 καὶ
1095 3891 1123 3942 ὁ
1147 3887 1330 3957 Μέγας
1352 3882 1526 3952 οὗτος,
1555 3888 1645 3940 διά
1673 3889 1850 3958 πάσης

261 3986 440 4042 ἐλθὼν
467 3988 566 4056 τῆς
602 3983 712 4037 τῶν
747 3981 1018 4052 Ἑλλήνων
1059 3979 1414 4044 παιδεύσεως,
1459 3981 1553 4032 καὶ
1593 3980 1755 4048 γνοὺς
1780 3981 1846 4050 τῇ

262 4080 439 4150 πείρᾳ
473 4076 584 4130 τῶν
631 4075 762 4146 παρ’
817 4074 1000 4134 αὑτοῖς
1042 4071 1330 4142 δογμάτων
1374 4071 1436 4124 τὸ
1486 4071 1708 4134 ἀσθενὲς
1755 4073 1850 4124 καὶ

264 4168 596 4232 ἀσύστατον,
628 4164 875 4237 μαθητὴς
897 4161 992 4216 τοῦ
1016 4161 1348 4231 Εὑαγγελίου
1371 4160 1727 4215 καθίσταται·
1756 4161 1851 4214 καὶ

265 4260 404 4332 πρὶν
436 4258 670 4329 ἀχθῆναι
709 4255 799 4309 διὰ
835 4255 935 4326 τῆς
990 4253 1262 4324 μυστικῆς
1304 4269 1364 4306 τε
1415 4253 1510 4306 καὶ
1555 4253 1849 4323 ἀσωμάτου

264 4351 614 4419 γεννήσεως,
671 4345 845 4410 οὕτως
890 4343 1175 4416 κατώρθου
1207 4341 1299 4396 τὸν
1347 4341 1484 4412 βίον,
1528 4342 1605 4406 ὡς
1647 4343 1850 4413 μηδένα

264 4439 442 4513 ῥύπον
471 4439 568 4510 τῆς
599 4437 875 4508 ἁμαρτίας
917 4435 1011 4490 ἐπὶ
1041 4435 1101 4488 τὸ
1142 4433 1366 4505 λουτρὸν
1411 4433 1847 4502 είσενέγκασθαι.

261 4531 454 4601 οὔσης
484 4530 540 4584 δὲ
577 4529 726 4600 αὑτῷ
761 4529 860 4598 τῆς
886 4527 1160 4597 διαγωγῆς
1193 4528 1251 4580 ἐν
1285 4526 1544 4597 Αἰγύπτῳ
1578 4527 1719 4580 κατά
1755 4527 1853 4597 τὴν

266 4626 519 4697 μεγάλην
548 4623 644 4678 τοῦ
685 4622 1036 4693 Ἀλεξάνδρου
1063 4621 1238 4685 πόλιν,
1265 4623 1344 4684 είς
1373 4621 1437 4692 ἥν
1469 4622 1560 4674 καὶ
1593 4623 1625 4690 ἡ
1652 4637 1854 4674 παντα-

262 4719 430 4790 χόθεν
471 4716 718 4788 συνέρρει
755 4713 948 4783 νεότης
989 4704 1106 4765 τῶν⁹
1139 4713 1269 4783 περὶ
1310 4711 1630 4781 φιλοσοφίαν
1658 4730 1718 4765 τε
1761 4714 1855 4766 καὶ

264 4809 525 4880 ἰατρικὴν
575 4806 1026 4861 ἐσπουδακότωνο
1090 4804 1328 4874 χαλεπὸν
1371 4801 1438 4875 ἦν
1484 4808 1595 4867 τοῖς
1639 4805 1854 4874 ὁμήλιξι

261 4904 488 4972 Θέαμα,
535 4902 654 4964 νέος
696 4899 840 4968 ὑπὲρ
883 4897 982 4968 τὴν
1029 4897 1245 4967 ἡλικίαν
1282 4899 1349 4966 τῇ
1396 4895 1720 4967 σωφροσύνῃ
1765 4913 1856 4948 κο-

261 4993 604 5066 σμούμενος.
646 4991 704 5045 ’U
739 4992 848 5060 γὰρ
891 4989 987 5043 τοῦ
1019 4987 1415 5056 καθαρεύοντος
1458 4987 1678 5050 ἔπαινος
1702 5028 1716 5050 ,
1746 4987 1854 5040 τῶν

263 5085 657 5158 μολυνομένων
706 5081 909 5144 δνειδος
942 5075 1030 5151 ἦν.
1090 5080 1176 5143 Ὠς
1213 5078 1279 5134 ἂν
1330 5074 1422 5132 οὖν
1472 5077 1736 5146 ἀπολογία
1770 5094 1855 5139 τις

255 5179 361 5247 εἴη
386 5179 498 5240 τοῖς
527 5174 868 5238 ἀκολάστοις,
895 5172 958 5226 τὸ
983 5172 1057 5242 μὴ
1092 5172 1282 5242 μόνους
1303 5170 1497 5234 αὐτοὺς
1521 5165 1658 5222 εἶναι
1680 5168 1856 5221 δοκεῖν

253 5269 572 5332 τοιούτους,
602 5267 817 5320 ἐπίνοιά
842 5283 927 5329 τις
967 5263 1028 5330 ἐξ
1068 5264 1358 5334 ἐπιϐουλῆς
1393 5262 1522 5334 παρ’
1552 5261 1730 5317 αὑτῶν
1757 5263 1854 5315 ἑπ-

253 5361 600 5432 ισκευάσθη,
625 5359 719 5413 τοῦ
741 5359 929 5430 μῶμόν
956 5341 1075 5412 τινα
1098 5355 1175 5428 τῷ
1197 5356 1298 5427 βίῳ
1315 5357 1409 5410 τοῦ
1429 5355 1680 5424 Μεγάλου
1697 5371 1862 5426 προσ-

254 5450 590 5522 τρίψασθαι.
633 5449 741 5502 Καὶ
777 5447 1133 5519 προϐάλλεται
1169 5447 1298 5516 παρ’
1327 5446 1529 5509 αὑτῶν,
1564 5447 1644 5508 είς
1679 5445 1858 5498 διαϐο-

253 5544 375 5614 λὴν
419 5541 630 5595 ἐκείνου
657 5578 671 5602 ,
724 5538 946 5608 γύναιον
990 5537 1302 5612 ἑταιρικὸν,
1342 5534 1402 5602 ἐξ
1441 5537 1737 5608 οἰκήματος
1771 5539 1856 5590 ἐπ’

384 5722 402 5751 ⁸
428 5723 551 5776 Act.
582 5735 677 5783 vn,
699 5715 792 5772 22.

1942 498 2154 552 ratione
2187 497 2418 568 augendi
2448 495 2686 551 studium
2727 496 2994 566 ejusmodi
3029 499 3160 553 vitia
3193 514 3300 554 una
3330 515 3521 556 secum

1942 587 2187 642 inducat.
2214 588 2680 654 Quemadmodum
2721 597 2901 643 autem
2929 589 3067 644 fama
3103 598 3250 646 tenet
3281 593 3519 663 patriar-

1941 681 2099 736 cham
2127 680 2500 734 Abrahamum
2534 679 2841 735 Chaldaicaa
2878 681 3230 752 philosophiae
3291 685 3520 740 scientia

1942 773 2251 842 praeditum,
2285 786 2410 826 cum
2460 774 2815 836 concinnum,
2879 782 3087 844 aptum,
3143 783 3343 840 ratum,
3392 791 3523 830 cou-

1942 871 2204 928 stantem,
2259 873 2490 930 certum,
2542 865 2961 936 ordinatumque
2995 865 3158 920 situm
3197 881 3260 920 ac
3312 878 3520 922 motum

1943 959 2184 1015 siderum
2218 959 2716 1026 animadvertisset,
2749 962 2940 1015 harum
2969 978 3151 1016 rerum
3208 964 3523 1033 cognitione

1943 1058 2202 1118 tanquam
2236 1052 2410 1105 scala'
2435 1061 2598 1121 atque
2655 1053 2988 1107 adminiculo
3022 1069 3180 1108 usum
3237 1053 3409 1109 fuisse
3452 1054 3521 1109 ad

1943 1145 2128 1213 superi
2162 1144 2288 1198 boni
2325 1147 2864 1215 contemplationem,
2901 1161 3022 1201 cum
3052 1156 3352 1217 reputaret,
3373 1145 3521 1216 quod

1945 1237 1988 1290 si
2027 1251 2088 1290 ea
2123 1223 2245 1305 quae
2297 1252 2461 1292 sensu
2520 1238 3077 1306 comprehenduntur,
3135 1239 3260 1292 talia
3311 1245 3519 1303 essent,

1943 1329 2105 1396 quale
2139 1344 2260 1385 esse
2292 1337 2475 1400 posset
2504 1329 2581 1394 id,
2622 1330 2765 1400 quod
2795 1345 3015 1385 sensum
3053 1339 3276 1402 superat
3313 1349 3326 1386 :
3359 1340 3524 1402 atque

1943 1421 2018 1474 ita
2050 1430 2363 1478 assecutum
2417 1439 2540 1478 esse
2564 1422 2642 1486 id,
2691 1423 2835 1494 quod
2895 1424 3194 1493 quaerebat,
3246 1438 3369 1478 cum
3422 1437 3521 1477 ex-

1945 1522 2154 1569 ternam
2190 1514 2512 1583 sapientiam
2538 1513 2694 1583 quasi
2723 1514 3153 1575 conscendisset,
3177 1527 3240 1565 ac
3271 1527 3366 1581 per
3397 1525 3520 1566 eam

1947 1605 2238 1661 sublimior
2262 1605 2549 1666 evasisset,
2585 1613 2643 1658 ttt
2670 1606 2836 1660 rebus
2869 1604 3520 1676 incomprehensibilibus

1945 1708 2000 1752 et
2031 1709 2247 1768 captum
2281 1697 2666 1769 eﬁ'ugientihus
2702 1713 2797 1768 per
2829 1699 2975 1752 illam
3006 1696 3410 1768 quodammodo
3426 1710 3524 1766 ap-

1944 1791 2335 1861 propinquaret
2375 1809 2388 1846 :
2431 1791 2504 1844 ita
2538 1791 2701 1845 etiam
2734 1789 2963 1860 Magnus
3010 1791 3133 1854 iste,
3163 1803 3288 1844 cum
3324 1787 3380 1842 in
3411 1803 3524 1843 ὀι-

1943 1891 2112 1938 tt-rnae
2167 1883 2449 1954 sapientia:
2502 1883 2686 1938 studio
2719 1884 3008 1954 diligenter
3066 1890 3322 1938 versatus
3353 1887 3520 1947 esset,

1944 1987 2039 2042 per
2070 1987 2208 2042 quas
2239 1987 2324 2027 res
2351 1971 2596 2042 plerique
2629 1987 2847 2027 errores
2873 1970 3186 2026 Graecorum
3217 1971 3528 2042 gentilium-

1943 2079 2050 2134 que
2079 2063 2365 2119 stabiliunt
2393 2070 2556 2134 atque
2607 2062 2957 2128 conﬁrmant,
3025 2062 3094 2118 iis
3141 2063 3306 2118 rebus
3365 2063 3524 2132 quasi

1944 2155 2179 2210 ducibus
2199 2165 2252 2210 et
2281 2155 2554 2211 indicibus
2587 2170 2720 2211 usus
2748 2161 2832 2211 est
2860 2154 2926 2209 ad
2949 2152 3274 2210 Christiana:
3303 2153 3528 2226 religio-

1947 2247 2030 2300 nis
2058 2245 2446 2316 cognitiunem,
2479 2259 2542 2299 ac
2575 2245 2763 2299 relicta
2793 2244 2929 2299 falsa
2962 2253 3246 2314 parentum
3282 2259 3345 2299 ac
3403 2259 3525 2298 ma-

1940 2335 2123 2405 jorum
2158 2335 2440 2406 religione,
2477 2350 2660 2389 rerum
2696 2335 2980 2388 veritatem
3006 2335 3389 2403 quaerebat,“
3415 2333 3525 2389 illis

1943 2422 2078 2492 ipsis
2102 2438 2226 2493 quae
2270 2423 2340 2478 ab
2387 2423 2631 2478 externis
2669 2422 3010 2493 philosophis
3054 2423 3331 2478 elaborata
3369 2431 3522 2487 sunt,

1945 2513 2193 2578 edoctus,
2235 2527 2398 2582 quam
2443 2527 2552 2567 non
2601 2513 2906 2576 consistere
2961 2513 3206 2583 possint,
3249 2526 3524 2582 quamque

1945 2618 2139 2674 parum
2199 2603 2304 2658 sibi
2357 2606 2614 2658 constent
2674 2601 2959 2658 sententia:
3014 2609 3180 2671 atque
3227 2601 3524 2670 opiniones

1945 2694 2278 2750 Graecanica:
2329 2695 2613 2749 doctrinae.
2653 2691 3013 2764 Posteaquam
3068 2694 3215 2749 enim
3273 2691 3523 2746 animad-

1946 2787 2109 2842 vertit
2125 2785 2438 2840 Graecorum
2469 2785 2632 2840 simul
2652 2799 2716 2839 ac
2739 2784 3098 2839 barbarorum
3123 2783 3523 2854 philosophiam

1950 2881 2001 2934 in
2055 2880 2121 2935 iis
2171 2879 2481 2941 sententiis,
2529 2878 2733 2947 quibus
2782 2878 2850 2933 de
2907 2879 3133 2931 numine
3181 2876 3366 2931 divino
3393 2877 3525 2947 quid

1949 2971 2297 3028 sentiendum
2329 2971 2401 3028 sit
2426 2978 2694 3034 statuunt,
2737 2970 2791 3023 in
2817 2969 3066 3024 diversas
3101 2969 3278 3024 scindi
3309 2969 3528 3040 opinio-

1950 3079 2048 3120 nes
2073 3081 2087 3124 ;
2115 3077 2417 3134 earumque
2457 3060 2849 3117 sententiarum
2883 3059 3356 3131 praesides,.neque
3385 3060 3530 3116 inter

1948 3171 2071 3211 sese
2099 3169 2405 3226 congruere
2437 3139 2601 3224 atque
2629 3152 2988 3214 concordare,
3023 3161 3076 3207 et
3117 3152 3303 3208 solerti
3332 3152 3525 3223 exqui-

1947 3248 2161 3317 sitaque
2215 3246 2506 3301 verborum
2534 3253 2587 3299 et
2619 3251 3064 3314 argumentorum
3124 3245 3528 3313 excogitatione

1946 3354 2101 3395 suam
2161 3351 2610 3406 unumquemque
2673 3333 3000 3390 sententiam
3051 3333 3302 3388 stabilire
3360 3341 3528 3403 atque

1945 3431 2274 3487 conﬁrmare
2295 3428 2516 3494 conari;
2539 3428 2640 3482 hos
2671 3426 2910 3496 quidem,
2939 3434 3195 3494 tanquam
3223 3424 3528 3483 domestico

1946 3523 2092 3580 bello
2120 3537 2179 3578 se
2217 3521 2451 3576 invicem
2485 3526 2794 3575 evertentes
2813 3527 2867 3573 et
2898 3517 3252 3574 conﬁcientes
3282 3517 3522 3588 reliquit.

1945 3615 2310 3684 Consequitur
2337 3624 2518 3690 autem
2549 3618 2603 3668 et
2629 3608 2976 3680 amplectitur
3002 3609 3393 3665 consistentem
3411 3617 3530 3664 sta-

1948 3708 2219 3778 bilemque
2250 3720 2313 3759 ac
2342 3705 2556 3759 ﬁrmum
2579 3702 2702 3758 ﬁdei
2729 3716 3060 3765 sermonem,
3083 3701 3174 3771 qui
3194 3717 3303 3755 non
3329 3700 3528 3770 exqui-

1948 3800 2052 3856 sita
2083 3799 2320 3869 quadam
2375 3806 2537 3867 atque
2570 3795 2898 3851 redundanti
2941 3794 3235 3850 verborum
3290 3795 3528 3850 curiosi-

1947 3899 2081 3953 tate,
2121 3899 2177 3946 et
2215 3889 2531 3945 artiﬁciosis
2581 3888 2814 3944 nexibus
2847 3895 3294 3956 argumentorum
3326 3887 3530 3942 conﬁr-

1948 3992 2152 4046 matur,
2181 3981 2276 4037 sed
2302 3996 2400 4052 per
2423 3979 2834 4050 simplicitatem
2857 3979 3148 4034 verborum
3177 3978 3435 4034 omnibus
3459 3993 3529 4034 ex

1948 4088 2109 4144 aequo
2147 4073 2503 4126 annuntiatur
2532 4089 2545 4125 :
2577 4069 2672 4140 qui
2726 4070 2780 4124 in
2829 4069 2934 4124 hoc
2988 4068 3133 4137 ipso,
3169 4069 3316 4140 quod
3359 4085 3528 4139 supra

1951 4165 2109 4220 ﬁdem
2132 4173 2238 4228 est,
2271 4163 2379 4216 vim
2411 4161 2535 4216 ﬁdei
2570 4160 2836 4216 faciendae
2869 4160 3032 4214 habet
3065 4177 3079 4224 ;
3114 4175 3238 4213 nam
3270 4159 3317 4214 si
3349 4158 3424 4221 id,
3459 4157 3530 4214 de

1951 4275 2060 4330 quo
2095 4271 2279 4313 sermo
2306 4255 2557 4315 habetur,
2575 4251 2843 4320 ejusmodi
2881 4259 3046 4313 esset,
3074 4258 3131 4303 ut
3164 4252 3526 4306 humanarum

1953 4352 2004 4404 vi
2045 4350 2318 4403 rationum
2340 4353 2392 4400 et
2427 4344 2952 4414 argumentationum
2987 4342 3374 4410 comprehendi
3399 4357 3528 4412 pos-

1883 4455 1928 4512 [)
1955 4451 2058 4506 set,
2088 4441 2226 4496 nihil
2273 4455 2302 4493 a
2349 4437 2664 4492 Gra'canica
2695 4435 2960 4504 sapientia
3010 4434 3252 4489 diﬁerret
3290 4435 3435 4504 (nam
3470 4443 3527 4490 et

1958 4536 2033 4590 illi
2090 4533 2458 4604 quodcunque
2513 4525 2977 4597 comprehendere
3033 4525 3332 4590 valuerint,
3391 4525 3525 4580 illud

1956 4628 2118 4684 etiam
2170 4639 2292 4680 esse
2327 4618 2603 4684 censent),
2655 4617 2750 4673 sed
2781 4617 3042 4686 quoniam
3085 4632 3204 4672 eam
3247 4625 3525 4680 naturam,

1953 4735 2072 4789 qua:
2106 4718 2160 4771 in
2200 4713 2414 4784 superis
2469 4710 2693 4767 sedibus
2725 4709 2886 4764 rebus
2941 4708 3194 4779 praesidet
3233 4708 3525 4771 universis,

1955 4811 2317 4881 cogitationes
2370 4812 2423 4859 et
2459 4805 2700 4857 rationes
2747 4801 2998 4854 humanae
3028 4800 3247 4868 assequi
3290 4806 3344 4853 et
3377 4813 3527 4853 com-

1959 4899 2300 4973 prehendere
2343 4911 2451 4951 non
2502 4901 2763 4964 possunt;
2797 4892 3004 4946 idcirco
3052 4891 3188 4945 ﬁdes
3235 4891 3287 4944 in
3346 4891 3526 4945 locum

1955 4993 2229 5046 rationum
2281 4986 2562 5048 succedit,
2594 4985 2660 5039 ad
2691 4999 2775 5046 ea,
2799 4999 2917 5054 qua:
2950 4991 3211 5052 superant
3258 4985 3526 5039 rationem

1954 5092 2009 5137 et
2038 5079 2581 5149 comprehensionem
2609 5115 2623 5136 ,
2651 5078 2885 5132 enitens.
2933 5075 3222 5146 Propterea
3270 5079 3531 5148 quemad-

1955 5171 2176 5227 modum
2211 5169 2277 5223 de
2328 5168 2511 5238 Moyse
2537 5167 2670 5222 dicit
2716 5168 2998 5236 Scriptura
3028 5169 3068 5232 ⁸,
3099 5169 3244 5238 quod
3279 5169 3529 5223 eruditus

1959 5248 2107 5318 esset
2158 5257 2308 5314 omni
2353 5258 2620 5328 sapientia
2652 5257 3030 5328 Egyptian-um
3060 5278 3072 5313 :
3109 5260 3183 5312 ita
3213 5259 3376 5313 etiam
3413 5274 3520 5312 ma~

1961 5370 2100 5426 gnus
2131 5354 2233 5409 iste
2262 5351 2366 5417 vir,
2400 5367 2524 5406 cum
2573 5367 2789 5407 omnem
2819 5351 3131 5406 Grzeeorum
3165 5353 3527 5408 eruditionem

1960 5459 2024 5500 ac
2043 5444 2388 5514 disciplinam
2419 5450 2797 5514 perscrutatus
2822 5451 2988 5506 esset,
3009 5443 3258 5514 factoque
3283 5443 3531 5514 periculo

1959 5535 2264 5602 didicisset,
2295 5549 2457 5605 quam
2496 5534 2724 5590 inﬁrmae
2775 5549 2965 5592 eorum
3020 5535 3306 5606 opiniones
3366 5543 3532 5607 atque
