4002 6206
413 288 518 345 90⁸5

1653 263 1712 321 S.
1749 257 2078 320 GREGORII
2121 254 2414 313 NYSSENI

3575 236 3673 295 90L

421 395 706 456 sementim
732 395 870 463 sint;
898 405 1175 465 quamque
1205 400 1400 461 parum
1436 383 1539 440 sibi
1588 387 1865 447 Constent,
1911 379 2029 442 (ιι-η

2133 376 2294 447 τιμία
2329 369 2800 442 κατεγνωσμένον.
2824 364 2929 420 Τοῦ
2955 364 3035 428 δέ,
3055 361 3198 418 κατά
3213 360 3276 417 τὺ
3299 359 3550 430 σύνηθες,
3573 364 3674 424 τοῖς

422 494 670 564 scipulus
697 488 971 558 Evangelii
997 488 1056 541 fit
1092 504 1106 540 :
1145 499 1210 539 ac
1241 482 1560 554 priusquam
1585 491 1682 546 per
1707 475 1999 546 mysticam

423 592 478 639 et
517 587 893 654 incorpoream
951 578 1293 633 nativitatem
1352 570 1642 627 institutus
1662 575 1828 627 esset.
1865 565 2002 621 adeo

423 687 570 732 recte
607 682 772 745 atque
810 673 1074 745 praclare
1132 683 1260 725 sese
1295 666 1349 720 in
1383 663 1492 716 vita
1528 660 1770 732 gerebat,
1807 668 1865 712 ut
1888 656 2006 710 uul-

424 769 507 823 las
527 768 734 836 peccati
765 763 958 820 sordes
989 760 1058 816 ad
1091 761 1368 814 lavacrum
1390 753 1628 808 all‘erret.
1656 751 1792 805 Cum
1819 757 2002 802 autem

425 860 644 930 degeret
685 859 739 913 in
781 856 1017 927 Egypto
1052 853 1109 906 in
1157 863 1354 919 magna
1389 843 1684 899 Alexandri
1740 842 1912 903 urbe,
1950 840 2006 892 in

425 964 588 1018 quam
613 963 678 1004 ex
704 947 959 1001 omnibus
976 942 1223 1014 partibus
1255 935 1613 1008 philosophiae
1651 941 1704 988 et
1727 930 2008 986 medicinae

426 1040 674 1098 studiosa
711 1039 972 1109 juventus
1003 1031 1311 1088 conﬂuebat
1342 1045 1356 1082 :
1391 1027 1679 1080 molestum
1721 1031 2010 1092 spectacu-

428 1135 540 1190 lum
606 1131 910 1202 azqualibus
940 1135 1056 1182 erat
1089 1123 1412 1178 adolescens
1468 1131 1633 1186 super
1678 1122 1891 1168 aetatem
1928 1127 2012 1167 so-

429 1225 660 1278 brietate
705 1216 1178 1289 temperantiaque
1219 1218 1471 1264 ornatus.
1522 1206 1656 1275 Ejus
1708 1205 1852 1260 enim
1884 1202 2011 1256 vita:

431 1313 683 1384 puritatis
721 1319 776 1363 et
816 1303 1150 1374 integritatis
1199 1302 1318 1354 laus
1373 1298 1711 1366 impurorum
1748 1294 2010 1365 probrum

431 1422 496 1460 ac
529 1405 766 1460 dedecus
821 1409 958 1455 erat.
994 1397 1066 1453 Ut
1124 1395 1292 1466 igitur
1325 1392 1561 1460 aliquam
1602 1388 2012 1444 excusationem

431 1499 861 1566 intemperantes
893 1506 956 1546 ac
1000 1487 1279 1544 libidinosi
1329 1485 1616 1539 haberent.
1644 1480 1690 1534 si
1744 1478 1847 1548 ipsi
1901 1491 2014 1530 non

433 1591 532 1646 soli
564 1590 699 1644 tales
727 1601 848 1640 esse
877 1583 1134 1638 videntur
1172 1598 1187 1633 :
1219 1576 1451 1632 insidias
1493 1571 2014 1631 comminiscuntur,

433 1690 489 1737 et
518 1679 728 1733 vafrum
761 1675 1035 1749 quoddam
1090 1670 1384 1726 consilium
1441 1665 1779 1733 excogitant,
1808 1672 1867 1715 ut
1917 1659 2016 1713 ali-

2101 469 2295 539 λογάσι
2328 466 2436 521 τῶν
2461 463 2671 537 ἀνδρῶν
2710 464 2769 515 ἐν
2799 459 2982 529 σεμνῷ
3005 457 3083 528 τῷ
3111 459 3354 528 σχήματι
3383 453 3508 522 περί
3539 469 3678 516 τινος

2102 557 2213 611 τῶν
2243 555 2386 610 κατά
2421 553 2738 624 φιλοσοφίαν
2762 548 3225 618 διασκοπουμένου
3255 543 3351 598 καὶ
3386 559 3687 596 συνασκου-

2109 648 2292 722 μένου,
2324 647 2576 719 πρόσεισι
2597 645 2658 698 τὸ
2683 643 2904 712 γύναιον
2945 635 3303 707 ἀκκιζόμενόν
3344 651 3404 688 τε
3435 635 3530 687 καὶ
3556 632 3686 702 θρυ-

2107 742 2374 813 πτόμενον
2391 780 2406 804 ,
2431 739 2524 792 καὶ⁵
2545 736 2634 790 διὰ
2663 736 2882 790 πάντων
2903 732 2964 785 τὸ
2989 727 3128 784 εἶναι
3149 729 3282 800 πρὸς
3312 727 3474 780 αὑτὸν
3497 727 3557 777 ἐν
3577 740 3691 777 συν-

2107 831 2286 904 ηθείᾳ,
2303 832 2371 885 δι’
2387 826 2461 884 ὧν
2482 827 2776 898 ἐφθέγγετο
2793 843 2851 878 τε
2874 824 2966 878 καὶ
2983 821 3180 887 ἐποίει,
3199 817 3689 890 σχηματιζόμενον·

2109 924 2227 981 εἶτα
2248 925 2401 993 ἔλεγε
2421 923 2527 976 τῶν
2549 918 2915 991 μισθωμάτων
2928 912 3365 985 ἀποστερεῖσθαι,
3385 909 3693 982 προστιθεῖ-

2113 1032 2180 1068 σα
2197 1015 2290 1067 καὶ
2310 1012 2409 1075 τὰς
2426 1010 2680 1081 ἀφορμὰς
2694 1010 2784 1062 ὑπ’
2805 1006 3099 1068 ἀναιδείας,
3127 1002 3266 1072 ὑπὲρ
3284 994 3356 1054 ὧν
3377 1003 3568 1072 ᾐτιᾶτο
3593 999 3691 1069 τὴν

2109 1108 2218 1162 τῶν
2241 1105 2448 1178 μισθῶν
2467 1102 2854 1176 ἀποστέρησιν.
2881 1099 3001 1152 Τῶν
3027 1098 3084 1150 δέ
3111 1093 3524 1162 συνεγνωκότων
3545 1090 3694 1161 αύτῷ

2110 1199 2201 1253 τὸν
2231 1197 2468 1268 καθαρὸν
2501 1194 2642 1265 βίον,
2679 1189 3132 1260 ἀγανακτούντων
3163 1202 3222 1236 τε
3251 1185 3345 1238 καὶ
3375 1186 3512 1254 ὀργῇ
3553 1183 3695 1236 κατὰ

2113 1291 2206 1345 τοῦ
2248 1289 2468 1359 γυναίου
2505 1284 2962 1355 συγκινουμένων,
3004 1279 3128 1334 οὗτε
3175 1276 3556 1348 συνεταράχθη
3584 1278 3696 1338 τοῖς

2116 1384 2254 1455 ὑπὲρ
2294 1381 2459 1435 αὑτοῦ
2500 1378 2950 1451 χαλεπαίνουσιν,
2997 1373 3123 1427 οῦτε
3167 1391 3220 1426 τι
3265 1370 3505 1425 τοιοῦτον
3540 1363 3695 1419 εἶπεν

2118 1472 2644 1544 συκοφαντούμενος,
2669 1464 2780 1522 οἷον
2804 1467 2949 1530 εἰκὸς
2977 1468 3068 1519 τὸν
3099 1466 3415 1536 ἀχθόμενον·
3457 1463 3521 1514 οὐ
3555 1463 3698 1531 μάρ-

2115 1585 2286 1639 τυρας
2312 1566 2406 1619 τοῦ
2435 1564 2549 1634 βίου
2585 1561 3056 1633 προσεκαλέσατο,
3087 1559 3186 1628 οὐχ
3212 1559 3358 1627 ὅρκῳ
3379 1555 3470 1609 τὸν
3505 1553 3698 1623 μῶμον

2119 1658 2404 1721 ἀπώσατο,
2433 1657 2494 1709 ού
2530 1656 2627 1726 τὴν
2668 1653 2865 1708 κακίαν
2901 1651 3008 1704 τῶν
3042 1649 3215 1702 ταῦτα
3256 1648 3374 1702 κατ’
3406 1646 3577 1699 αὑτοῦ
3609 1663 3700 1698 συ-

435 1790 600 1846 quam
666 1780 847 1826 notam
899 1777 953 1823 et
1000 1764 1272 1819 maculam
1339 1757 1519 1828 magni
1575 1756 1722 1809 illius
1757 1753 1859 1807 viri
1893 1751 2016 1806 vita:

2133 1749 2546 1819 ςκευασαμένων
2594 1745 2902 1817 διήλεγξενο
2956 1742 3072 1796 ἀλλ’
3120 1743 3177 1795 ἐν
3226 1740 3471 1812 ἠρεμαίᾳ
3505 1756 3565 1793 τε
3605 1739 3700 1792 καὶ

437 1869 740 1923 inurerent.
797 1862 876 1915 Ac
929 1856 1250 1929 producitur
1308 1853 1376 1906 ab
1420 1851 1502 1906 eis
1547 1864 1670 1919 quae
1721 1846 1873 1900 illum
1930 1860 2022 1899 ca-

438 1957 801 2012 lumniaretur
826 1946 1146 2003 muliercula
1168 1942 1446 2003 meretrix,
1469 1954 1590 2009 qua
1619 1950 1851 2005 corpore
1876 1949 2023 2003 quas-

441 2058 586 2106 stum
620 2039 1090 2106 faceret,infamia
1123 2038 1361 2106 irrogata
1395 2049 1463 2088 ex
1505 2045 1729 2085 carcere
1759 2028 2020 2083 dimissa:

441 2153 678 2208 cumque
728 2135 817 2188 ille
873 2147 972 2202 pro
1029 2125 1430 2184 consuetudine
1483 2137 1611 2177 cum
1664 2120 1800 2174 viris
1845 2117 2023 2173 doctis

442 2241 607 2302 atque
639 2226 866 2284 delectis
891 2227 948 2278 in
971 2222 1158 2276 habitu
1189 2218 1337 2288 gravi
1362 2224 1418 2272 et
1446 2216 1676 2269 honesto
1699 2212 1766 2266 de
1787 2208 2022 2280 quadam

444 2323 746 2395 quaestione
789 2313 1169 2387 philosophica
1198 2309 1516 2379 dispiceret,
1555 2318 1775 2373 unaque
1811 2316 1869 2356 se
1898 2314 2022 2354 cun‘

448 2391 557 2471 illis
587 2417 888 2471 exerceret,
933 2403 1252 2460 muliercula
1297 2398 1512 2454 accedit
1547 2394 1748 2465 ineptis
1780 2391 2027 2463 gestibus

447 2507 684 2561 formam
721 2506 1030 2563 ostentans,
1063 2501 1118 2549 et
1153 2491 1436 2546 mollitiem
1478 2489 1779 2556 lusumque
1816 2499 1927 2554 prae
1969 2497 2029 2539 se

449 2597 655 2658 ferens,
685 2601 738 2648 et
797 2606 894 2663 per
927 2586 1111 2643 omnia
1145 2599 1267 2654 qua:
1295 2591 1348 2637 et
1387 2580 1607 2636 dicebat
1651 2585 1704 2632 et
1761 2575 2028 2641 faciebat,

451 2704 576 2745 sese
605 2695 971 2740 consuescere
992 2692 1116 2733 cum
1139 2691 1205 2730 eo
1233 2673 1537 2730 simulans:
1563 2669 1784 2723 tandem
1813 2667 2032 2722 dicebat

449 2795 511 2836 se
567 2774 914 2831 mercedibus
965 2770 1270 2824 fraudatam
1325 2779 1490 2826 esse,
1537 2762 1810 2830 adjiciens
1863 2758 2030 2814 etiam

446 2884 654 2928 causas
705 2881 816 2938 prae
865 2860 1224 2933 impudentia.
1256 2872 1355 2926 pro
1383 2856 1584 2926 quibus
1609 2854 1944 2924 querebatur
1973 2865 2034 2906 se

451 2961 802 3021 mercedibus
823 2971 945 3013 esse
966 2950 1370 3008 fraudatam.At
1387 2962 1512 3002 cum
1537 2947 1638 3011 illi,
1659 2945 1754 3016 qui
1770 2945 1889 3015 ejus
1913 2944 2036 2999 vita:

454 3054 748 3127 puritatem
791 3058 846 3106 et
890 3043 1286 3104 continentiam
1339 3056 1449 3096 non
1495 3039 1846 3110 ignorabant,
1893 3036 2039 3090 indi-

2123 1841 2444 1912 καθεστώσῃ
2483 1842 2634 1910 φωνῇ
2679 1839 2812 1908 πρός
2848 1853 2970 1890 τινα
2999 1834 3108 1889 τῶν
3151 1833 3396 1904 συνήθων
3431 1833 3704 1902 ἀποστραο

2124 1936 2244 2004 φεὶς
2267 1973 2282 1998 ,
2319 1951 2339 1985 ι
2376 1929 2448 1985 Ὦ
2481 1925 2654 1994 οὗτος,
2691 1951 2709 1983 ι
2740 1929 2841 2000 ἔφη
2864 1968 2880 1992 ,
2913 1947 2930 1979 ι
2968 1927 3219 1981 διάλυσον
3254 1924 3392 1996 αὐτῇ
3427 1922 3496 1977 τὸ

2126 2044 2262 2098 ριον,
2291 2026 2366 2090 ὡς
2397 2026 2461 2079 ἂν
2489 2026 2567 2096 μὴ
2599 2022 2686 2076 διὰ
2733 2021 2914 2075 πλεῖον
2938 2018 3224 2089 διοχλοῦσα
3244 2059 3258 2083 ,
3279 2017 3377 2088 τὴν
3408 2017 3710 2088 προκειμέ-

2125 2133 2221 2186 νην
2251 2115 2343 2168 τοῦ
2380 2115 2540 2182 λόγου
2581 2112 2814 2183 σπουδὴν
2847 2110 3227 2180 ἐπιταράσσοι.
3269 2125 3288 2159 ι
3329 2107 3482 2160 Ἐπεὶ
3510 2106 3570 2159 δέ
3597 2122 3700 2175 μα-

2128 2207 2238 2261 θὼν
2274 2207 2426 2279 παρὰ
2461 2205 2560 2275 τῆς
2606 2204 2871 2275 ἐταιρίδος
2909 2205 2937 2254 ὁ
2990 2200 3148 2255 τοῦτο
3186 2197 3697 2271 προσ-τεταγμένος,

2127 2299 2250 2352 ὅσον
2295 2297 2415 2369 ᾔτει
2468 2297 2601 2368 παρ’
2645 2294 2809 2350 αὐτοῦ
2850 2294 2913 2347 τὸ
2955 2292 3241 2364 ἀργύριον,
3288 2291 3522 2361 ἑτοίμως
3559 2291 3701 2344 ἅπαν

2131 2389 2561 2460 ἁπηριθμήσατο
2580 2427 2594 2450 ,
2627 2386 2723 2440 καὶ
2748 2385 2921 2456 πέρας
2955 2379 3101 2454 εῖχεν
3137 2381 3276 2437 κατά
3303 2381 3399 2435 τοῦ
3431 2381 3704 2452 σώφρονος

2129 2485 2163 2554 ἡ
2199 2481 2461 2548 ἐπιϐουλὴ
2502 2481 2616 2544 τοῖς
2653 2479 2991 2542 ἀκολάστοις,
3027 2477 3122 2530 καὶ
3165 2472 3233 2547 ἦν
3265 2479 3324 2530 ἐν
3373 2477 3494 2537 ταῖς
3521 2473 3702 2545 χερσὶν

2129 2575 2233 2646 ἢδη
2270 2574 2368 2644 τῆς
2412 2573 2608 2643 ἀτίμου
2654 2573 2714 2626 τὸ
2748 2570 2938 2642 κέρδος
2962 2586 2974 2598 ·
3011 2569 3134 2622 τότε
3169 2569 3233 2640 δὴ
3269 2567 3482 2636 γίνεται
3525 2565 3703 2618 θεόθεν

2131 2666 2168 2736 ἧ
2208 2683 2266 2719 τε
2310 2663 2586 2736 μαρτυρία
2625 2664 2727 2734 τῆς
2773 2661 3129 2733 σωφροσύνης
3166 2658 3262 2712 τοῦ
3307 2659 3456 2722 νέου,
3488 2656 3581 2710 καὶ
3611 2655 3710 2725 τῆς

2132 2757 2241 2812 τῶν
2267 2756 2544 2827 ὁμηλίκων
2584 2752 2943 2824 συκοφαντίας
2968 2754 2997 2804 ὁ
3023 2751 3262 2820 ἔλεγχος.
3311 2748 3480 2820 Ὁμοῦ
3504 2748 3612 2818 γὰρ
3636 2746 3713 2816 τῷ

2137 2849 2497 2914 ὑποδέξασθαι
2525 2851 2592 2919 τῇ
2627 2848 2770 2918 χειρὶ
2799 2847 2860 2900 τὸ
2888 2843 3183 2916 ἀργύριον,
3213 2841 3488 2911 πνεύματι
3525 2840 3716 2910 δαιμο-

2136 2944 2234 3014 νίῳ
2260 2942 2680 3015 στρεϐλωθεῖσα,
2705 2939 2799 2992 καὶ
2831 2936 3132 3009 βρυχηθμῷ
3157 2933 3415 3006 θηριώδει
3439 2938 3591 3007 παρά
3619 2931 3722 3006 τὴν

2139 3034 2487 3106 ἀνθρωπίνην
2513 3030 2694 3102 φωνὴν
2721 3028 3094 3099 ἀνοιμώξασα,
3125 3027 3318 3081 πίπτει
3345 3027 3557 3098 πρηνὴς
3580 3026 3721 3080 κατὰ

455 3149 837 3220 gnarentur,et
853 3146 928 3196 ita
948 3140 1213 3194 adversus
1234 3132 1612 3190 mulierculam
1629 3143 2029 3186 commoveren-

2143 3129 2204 3182 τὸ
2239 3129 2404 3199 μέσον
2437 3127 2544 3181 τῶν
2571 3123 3034 3194 συνειλεγμένων·
3070 3122 3253 3194 θέαμα
3288 3123 3518 3194 φρικτόν
3545 3139 3603 3177 τε
3625 3122 3720 3174 καὶ
3808 3184 3819 3197 ⁸

455 3246 568 3304 ων,
597 3251 775 3307 neque
802 3249 910 3288 una
941 3230 1292 3303 perturbatus
1322 3233 1408 3282 est
1441 3239 1568 3280 cum
1600 3223 1670 3278 iis
1693 3263 1708 3290 ,
1737 3222 1830 3292 qui
1859 3221 2034 3290 ipsius

457 3330 680 3388 nomine
708 3323 1213 3384 stomachabantur,
1238 3331 1414 3386 neque
1431 3313 1733 3385 quidquam
1759 3310 2036 3381 ejusmodi

460 3423 636 3488 dixit,
671 3436 797 3476 eum
844 3413 1138 3471 calumniis
1176 3417 1555 3482 premeretur,
1585 3407 1744 3477 quale
1789 3421 2041 3476 pronun-

460 3516 600 3572 tiare
641 3527 740 3582 par
787 3517 935 3565 esset
965 3521 1112 3567 eum,
1141 3504 1235 3574 qui
1280 3501 1520 3574 graviter
1551 3500 1893 3567 molesteque
1924 3512 2040 3552 rem

463 3609 666 3669 ferret,
702 3619 808 3659 non
835 3609 1002 3656 testes
1035 3597 1160 3652 vitae
1197 3593 1513 3657 advocavit,
1544 3607 1653 3646 non
1681 3587 2042 3660 jurejurando

465 3698 727 3770 probrum
765 3694 834 3748 ab
873 3709 934 3748 se
973 3691 1196 3760 rejecit,
1239 3702 1350 3741 non
1388 3685 1648 3740 malitiam
1681 3697 1871 3738 eorum
1894 3719 1910 3744 ,
1946 3679 2041 3750 qui

466 3789 584 3846 haec
609 3789 874 3841 adversus
914 3799 1038 3838 eum
1087 3780 1386 3836 machinati
1420 3785 1611 3841 erant,
1641 3774 1916 3838 convicit,
1945 3771 2041 3828 sed

2141 3220 2368 3293 φοϐερὸν
2394 3221 2511 3281 τοίς
2541 3217 2806 3289 παροῦσιν
2835 3217 3047 3288 ἀθρόως
3067 3217 3433 3288 γεγενημένη,
3470 3215 3578 3269 τῶν
3608 3231 3727 3286 τρι-

2142 3314 2254 3386 χῶν
2287 3331 2347 3367 τε
2383 3310 2814 3384 διερριμμένων,
2845 3311 2939 3364 καὶ
2958 3311 3079 3372 ταῖς
3107 3308 3268 3372 ίδίαις
3296 3308 3453 3380 χερσὶ
3485 3323 3725 3378 σπαρασ-

2146 3403 2411 3474 σομένων,
2436 3402 2529 3456 καὶ
2553 3400 2661 3454 τῶν
2685 3400 2977 3471 ὀφθαλμῶν
2999 3400 3497 3472 ἀπεστραμμένων,
3521 3399 3614 3452 καὶ
3631 3397 3732 3452 τοῦ

2149 3497 2418 3567 στόματος
2448 3494 2538 3548 τὸν
2559 3494 2733 3566 ἀφρὸν
2773 3493 3209 3564 παραπτύοντος.
3243 3493 3354 3545 Καὶ
3378 3491 3438 3544 οὐ
3465 3491 3737 3562 πρότερον

2148 3590 2351 3658 ἀνῆκεν
2379 3589 2710 3655 καταπνῖγον
2742 3586 2912 3657 αὐτὴν
2949 3585 3012 3638 τὸ
3045 3584 3342 3654 δαιμόνιον,
3386 3583 3514 3653 πρὶν
3559 3582 3592 3651 ἢ
3637 3581 3737 3634 τὸν

2147 3680 2340 3748 Μέγαν
2375 3680 2582 3734 ἐκεῖνον
2622 3677 3050 3732 ἐπικαλέσασθαι
3100 3677 3194 3730 τὸν
3245 3675 3401 3741 Θεὸν,
3449 3673 3544 3726 καὶ
3583 3673 3740 3743 ὑπὲρ

2148 3770 2320 3839 αὐτῆς
2352 3768 2702 3824 ἱλεώσασθαι.

467 3877 746 3936 submissa
777 3882 940 3942 atque
967 3869 1156 3926 sedata
1181 3883 1314 3923 voce
1337 3881 1640 3922 conversus
1664 3863 1732 3918 ad
1765 3861 2058 3934 quemdam
2101 3859 2456 3925 familiarem,
2484 3879 2501 3912 ι
2537 3859 2686 3916 Heus
2720 3867 2804 3928 tu,
2834 3880 2852 3914 ι
2883 3861 3084 3931 inquit,
3126 3879 3144 3912 ι
3180 3872 3407 3914 numera
3472 3857 3524 3913 ei
3561 3871 3746 3928 pecu-

467 3973 640 4035 niam,
666 3985 736 4026 ne
761 3969 966 4024 diutius
989 3966 1406 4036 importunitate
1451 3978 1548 4018 sua
1611 3962 1910 4034 proposita:
1968 3960 2292 4032 quaestionis
2333 3968 2631 4036 tractatum
2677 3961 2990 4015 conturbet.
3029 3979 3049 4012 ι
3093 3957 3229 4014 Cum
3280 3970 3462 4016 autem
3508 3957 3576 4023 is,
3653 3956 3747 4013 cui

468 4066 575 4122 hoc
599 4061 1010 4134 injungebatur,
1049 4072 1078 4110 a
1122 4056 1471 4110 meretricula
1509 4055 1827 4110 sciscitatus
1851 4063 2112 4124 quantam
2145 4057 2434 4126 pecuniam
2475 4054 2545 4108 ab
2618 4053 2712 4108 illo
2751 4061 3029 4123 posceret,
3099 4054 3220 4109 sine
3290 4067 3448 4108 mora
3517 4066 3748 4108 omnem

471 4159 890 4214 adnumerasset
931 4169 944 4204 :
985 4159 1151 4222 atque
1210 4150 1280 4204 ab
1350 4149 1576 4205 lascivis
1642 4155 1698 4203 et
1759 4148 2035 4219 protervis
2100 4148 2366 4205 adversus
2408 4147 2653 4204 sobrium
2712 4154 2766 4202 et
2816 4146 3188 4202 continentem
3237 4144 3453 4200 insidia:
3505 4153 3750 4215 peracta:

471 4262 700 4312 essent:
731 4259 786 4307 et
831 4249 943 4320 jam
986 4249 1041 4302 in
1116 4245 1374 4300 manibus
1422 4244 1572 4299 illius
1646 4241 1872 4298 infamis
1917 4243 2134 4297 lucrum
2175 4250 2353 4310 esset,
2414 4249 2546 4296 tunc
2573 4241 2840 4296 divinitus
2887 4248 2940 4295 et
2988 4239 3328 4295 continentia
3374 4238 3748 4294 adolescentis

473 4352 757 4424 probatur,
783 4356 836 4402 et
859 4344 1133 4402 calumnia
1157 4343 1448 4413 aqualium
1474 4339 1684 4412 pateﬁt.
1705 4337 1881 4394 Simul
1900 4339 2046 4394 enim
2088 4347 2254 4407 atque
2277 4355 2440 4394 manu
2466 4337 2753 4410 pecuniam
2781 4333 3016 4406 accepit,
3044 4335 3243 4405 spiritu
3308 4333 3518 4390 infelici
3582 4342 3750 4402 atque

474 4441 714 4511 maligno
745 4447 995 4508 correpta
1025 4437 1354 4503 fremituque
1383 4434 1605 4489 immani
1643 4440 1808 4501 atque
1852 4429 2033 4492 ferali,
2110 4431 2329 4487 diverso
2373 4446 2404 4485 a
2473 4445 2607 4485 voce
2679 4429 2917 4483 humana
2956 4441 3096 4480 sono
3144 4427 3530 4496 ingemiscens,
3573 4425 3747 4479 colla‘

475 4533 625 4590 bitur
651 4546 821 4602 prona
859 4530 913 4582 in
984 4525 1164 4581 medio
1239 4533 1383 4578 cmtu
1452 4527 1910 4591 congregatorum
1983 4519 2358 4587 spectaculum
2425 4517 2767 4574 horrendum
2834 4524 3001 4586 atque
3061 4515 3309 4569 terribile
3379 4515 3746 4585 pmsentibus

446 4636 702 4700 repente
728 4625 893 4686 facta,
919 4637 1042 4676 cum
1073 4629 1129 4675 et
1163 4617 1420 4688 capillus,
1489 4629 1651 4685 quem
1690 4613 1808 4667 suis
1873 4611 2131 4667 manibus
2171 4611 2399 4667 vellebat
2426 4654 2441 4679 ,
2485 4612 2822 4667 dilaceratus
2857 4619 3022 4678 atque
3056 4607 3356 4678 disiectus,
3395 4616 3450 4662 et
3477 4607 3626 4662 oeuli
3663 4608 3742 4660 in.

475 4722 623 4778 versi
653 4726 860 4784 essent,
884 4723 939 4771 et
965 4731 1027 4770 os
1053 4725 1300 4782 spumam
1325 4708 1621 4763 emitteret.
1655 4704 1731 4759 Ac
1757 4721 1864 4758 non
1893 4705 2047 4775 prius
2086 4720 2118 4760 a
2147 4704 2418 4761 daemonio
2439 4706 2696 4763 suffocari
2722 4695 2907 4771 desiit,
2937 4687 3108 4775 quam
3137 4719 3372 4774 magnus
3427 4703 3523 4759 ille
3578 4702 3746 4758 Deum

480 4832 582 4887 pro
613 4831 675 4871 ea
708 4814 1023 4868 invocasset
1052 4816 1215 4876 atque
1246 4804 1540 4873 placasset.

550 4905 704 4960 Talia
743 4904 810 4959 de
849 4900 1220 4955 adolescentia
1266 4894 1444 4965 magni
1484 4893 1629 4947 illius
1664 4890 1766 4944 viri
1825 4904 2029 4944 narran

2133 4911 2137 4939 ι
2234 4890 2470 4944 Τοιαῦτα
2502 4892 2600 4960 τῆς
2629 4888 2881 4959 νεότητος
2906 4885 3000 4940 τοῦ
3033 4885 3270 4956 μεγάλου
3312 4884 3384 4938 τὰ
3409 4879 3744 4957 διηγήματα.

482 5006 592 5062 tur,
639 4997 801 5066 digna
837 4989 1084 5062 profecto
1131 4984 1474 5055 insequentis
1526 4981 1650 5050 ejus
1688 4981 1816 5034 vita:
1859 4979 2029 5048 princi

2165 4981 2294 5048 ἄξια
2334 4981 2410 5043 ὼς
2455 4979 2669 5049 ἀληθῶς
2696 4979 2806 5030 τῶν
2853 4977 2989 5048 μετά
3020 4975 3192 5028 ταῦτα
3227 4975 3579 5046 βεϐιωμένων
3607 4974 3747 5043 αὐτῷ

482 5089 594 5160 pia.
635 5084 703 5139 Et
733 5083 952 5153 quidem
979 5078 1306 5133 miraculum
1343 5084 1554 5128 tantum
1589 5079 1695 5138 est,
1730 5081 1813 5136 ut,
1848 5071 2029 5126 etiam:

2165 5073 2234 5126 τὰ
2263 5073 2544 5160 προοίμια.
2566 5069 2781 5160 *Καίτοι
2810 5087 2871 5138 γε
2909 5069 2968 5122 τὸ
2991 5069 3177 5138 θαῦμα
3201 5066 3452 5122 τοσοῦτόν
3484 5071 3654 5129 ἐστιν,
3680 5069 3747 5128 ὡς

481 5181 695 5236 nullum
748 5174 893 5229 aliud
928 5179 1188 5241 praeterea
1231 5164 1479 5236 proferre
1513 5164 1664 5227 licet.
1704 5162 1775 5217 ob
1820 5162 1922 5214 hoc
1971 5175 2066 5215 so-

484 5273 599 5326 lum
653 5283 683 5322 a
720 5265 938 5321 nemine
986 5275 1198 5322 eorum,
1255 5255 1350 5326 qui
1406 5255 1611 5309 virtute
1662 5252 2064 5313 excelluerunt,

485 5357 759 5417 secundas
800 5352 1033 5407 'laudum
1085 5354 1272 5419 partes
1316 5345 1514 5400 debeat
1561 5343 1836 5406 obtinere,
1888 5340 2062 5404 dives,

487 5451 835 5509 adolescens,
871 5457 1100 5514 peregre
1127 5447 1283 5495 extra
1314 5437 1505 5508 patria:
1534 5435 1672 5491 lines
1703 5436 1758 5488 in
1797 5433 2066 5505 populosa

490 5544 624 5596 urbe
662 5541 918 5595 habitans
954 5555 968 5590 :
999 5537 1052 5590 in
1100 5549 1207 5605 qua
1248 5540 1539 5602 propterea
1569 5527 1714 5597 quod
1753 5527 2069 5582 adolescen-

489 5641 574 5687 tes
610 5633 678 5686 ad
721 5629 1103 5686 arhitriumet
1149 5626 1365 5681 libitum
1400 5621 1776 5691 voluptatibus
1819 5617 2070 5690 indulge-

493 5731 632 5789 rent,
665 5725 786 5778 vitae
834 5723 1047 5793 puritas
1092 5717 1347 5776 dedecori
1387 5714 1685 5769 haberetur
1717 5711 1788 5768 ab
1833 5711 1926 5774 iis,
1973 5709 2068 5778 qui

2169 5164 2216 5213 εἰ
2245 5160 2338 5212 καὶ
2372 5159 2537 5230 μηδὲν
2565 5155 2630 5229 ἦν
2669 5158 2856 5228 ἕτερον
2905 5159 2996 5210 ἐπὶ
3027 5156 3239 5220 τούτοις
3267 5156 3440 5209 εἰπεῖν
3464 5196 3479 5220 ,
3533 5156 3747 5228 μηδενὸς

2168 5249 2332 5302 αὐτὸν
2357 5249 2464 5302 τῶν
2488 5249 2572 5301 ἐπ’
2607 5250 2775 5319 ἀρετῇ
2808 5248 3194 5316 διενεγκόντων
3215 5288 3230 5312 ,
3260 5249 3324 5301 ἐκ
3363 5249 3559 5301 τούτου
3597 5247 3746 5318 μόνσυ

2173 5340 2244 5394 τὰ
2291 5340 2570 5412 δευτερεῖα
2605 5341 2712 5392 τῶν
2746 5341 2985 5393 ἐπαίνων
3019 5339 3167 5411 ἔχειν
3196 5355 3210 5369 ·
3269 5338 3529 5402 πλούσιος
3549 5381 3563 5402 ,
3601 5338 3744 5400 νέος.

2175 5433 2234 5486 ἐν
2280 5432 2587 5503 ὑπερορίοις
2624 5430 2825 5499 διάγων
2850 5473 2865 5497 ,
2919 5433 2977 5485 ἐν
3031 5430 3438 5502 πολυανδρούσῃ
3473 5431 3621 5484 πόλει
3652 5427 3750 5498 τὴν

2175 5521 2449 5591 διαγωγὴν
2492 5522 2656 5589 ἔχων,
2686 5522 2745 5573 ἐν
2854 5519 2940 5572 διὰ
2974 5519 3034 5571 τὸ
3063 5521 3182 5571 κατ’
3215 5518 3465 5584 ἐξουσίαν
3495 5520 3608 5579 ταῖς
3633 5515 3752 5584 ἡδοο

2178 5617 2295 5676 ναῖς
2334 5613 2498 5684 συζῇν
2527 5613 2652 5676 τοὺς
2687 5611 2841 5674 νέους
2863 5651 2878 5674 ,
2925 5609 3124 5672 ὄνειδος
3145 5605 3213 5679 ἦν
3241 5611 3275 5678 ἡ
3310 5607 3613 5679 καθαρότης
3643 5602 3760 5655 τῶν

2181 5706 2594 5776 σωφρονούντων
2659 5707 2769 5767 τοῖς
2840 5703 3069 5774 ἄφροσιν
3098 5718 3113 5734 ο
3183 5703 3246 5754 οὐ
3323 5701 3528 5774 μητρὸς
3590 5694 3764 5750 πολυ-
