4002 6206
304 269 421 329 905

1299 265 1386 319 DE
1422 265 1579 321 VlTA
1613 265 1672 321 s.
1714 221 2043 322 calicem!
2093 264 2622 322 TllAUMATURGl.

3452 261 3556 319 906

305 383 738 460 πραγμονούσής
781 382 871 436 τὸν
907 383 1020 453 βίον
1042 423 1056 448 ,
1087 384 1149 436 οὑ
1185 384 1391 454 πατρὸς
1419 383 1886 454 παιδαγωγοῦντος

1992 384 2162 440 sobrii
2196 399 2439 455 sanaque
2472 391 2654 440 mente
2683 381 2894 452 praediti
2926 395 3034 436 non
3069 391 3275 442 essent,
3307 394 3430 435 cum
3455 398 3557 436 nec

303 480 415 552 τὴν
439 478 559 532 καθ’
589 467 803 547 ἡμέραν
835 475 980 546 ζωήν
1007 492 1020 505 ·
1064 476 1142 539 είς
1172 476 1423 529 τοσοῦτον
1468 477 1670 546 ἐπῆρεν
1701 475 1887 530 ἑαυτὸν

303 568 380 622 δι’
407 563 676 626 ἀπαθείας
698 563 833 634 πρὸς
861 563 1084 635 ἀρετὴν,
1115 563 1190 627 ὡς
1212 554 1302 617 τὸν
1323 563 1417 617 τοῦ
1446 567 1645 628 παντὸς
1671 565 1885 637 ἔφορον,

309 659 568 731 μάρτυρα
604 646 715 707 τῶν
759 645 1104 725 βεϐιωμένων
1150 655 1504 725 ποιήσασθαι,
1545 656 1635 710 τὸν
1677 660 1743 728 τῇ
1793 674 1889 711 πο-

306 750 459 822 νηρᾷ
485 743 661 818 πληγῇ
697 741 797 816 τὴν
828 740 1194 815 συκοφαντίαν
1223 739 1323 817 τῆς
1355 747 1614 816 γυναικὸς
1655 747 1888 816 ἀπελέγ-

307 837 502 908 εαντα.
529 835 642 893 Καὶ
669 838 724 892 τί
746 839 812 893 ἄν
837 855 923 902 τις
951 839 1256 909 ἐπινοήσειε
1284 839 1465 909 μεῖζον
1491 841 1571 903 εἰς
1599 840 1887 912 ἐγκωμίων

308 929 603 994 ὑπόθεσιν;
647 928 763 992 πῶς
800 929 845 982 δ’
882 928 948 983 ἄν
991 947 1074 992 τις
1117 928 1238 983 κατ’
1287 929 1443 996 ἀξίαν
1487 931 1647 986 αὐτὸν
1677 932 1888 1004 θαυμά-

306 1038 488 1085 σειεν;
522 1023 618 1084 Ὃς
650 1019 728 1090 τῷ
779 1019 922 1090 λόγῳ
973 1021 1386 1085 καταπαλαίσας
1435 1021 1530 1093 τὴν
1583 1024 1743 1092 φύσιν
1794 1025 1887 1079 καὶ

305 1109 569 1181 καθάπερ
596 1121 650 1162 τί
685 1109 794 1162 τῶν
818 1109 1145 1180 ὑποχειρίων
1175 1109 1326 1174 ζώων
1360 1110 1662 1176 ὑποζεύξας
1688 1111 1766 1182 τῷ
1799 1111 1888 1166 λο-

305 1202 499 1274 γισμῷ
536 1201 634 1272 τήν
660 1203 922 1272 νεότητα,
968 1197 1064 1256 καὶ
1106 1203 1323 1256 πάντων
1370 1204 1477 1257 τῶν
1511 1205 1754 1274 φυσικῶν
1792 1207 1888 1260 ἒπ-

307 1293 677 1365 εγειρομένων
699 1293 1037 1363 παθημάτων
1063 1294 1326 1364 κρείττων
1350 1290 1657 1366 γενόμενος,
1677 1296 1771 1348 καὶ
1795 1295 1886 1349 τὸν

304 1387 449 1438 πᾶσι
491 1387 603 1448 τοῖς
652 1381 838 1448 καλοῖς
891 1385 1252 1454 ἐπιφυόμενον
1292 1385 1484 1455 φθόνον
1533 1387 1655 1440 καθ’
1692 1383 1885 1440 ἑαυτοῦ

302 1476 576 1546 κινήσας,
608 1475 703 1529 καὶ
744 1474 930 1528 τούτου
985 1475 1248 1547 κρείττων
1290 1471 1534 1545 ἐγένετο,
1569 1479 1704 1548 μήτε
1749 1477 1886 1548 πρὸς

301 1565 410 1637 τὴν
449 1566 738 1638 ἐπιϐουλὴν
761 1565 871 1619 τῶν
896 1568 1127 1638 ἑταίρων
1156 1566 1346 1621 ἑαυτὸν
1367 1568 1729 1639 διαναστήσας
1752 1569 1887 1641 πρὸς

304 1660 544 1729 ἄμυναν,
576 1659 670 1711 καὶ
706 1657 802 1728 τὴν
841 1652 1332 1730 ὐηρετησαμένην
1370 1659 1599 1723 ἐκείνοις
1630 1659 1767 1731 πρὸς
1795 1659 1886 1712 τὸν

1989 486 2165 532 mater
2195 477 2262 532 de
2298 479 2408 531 vita
2447 478 2669 532 curiose
2703 475 3029 546 inquireret,
3065 489 3166 530 nec
3196 482 3352 543 pater
3384 473 3554 526 vitatu

1987 569 2366 640 quotidianam
2412 570 2820 631 moderaretur,
2865 569 2919 622 in
2969 577 3195 632 tantam,
3245 584 3370 622 sese
3410 583 3440 622 a
3475 569 3560 622 vie

1989 660 2083 714 tiis
2113 669 2163 715 et
2200 659 2492 715 affectibus
2524 659 2882 730 sejungendo,
2923 659 3175 714 virtutem
3216 661 3406 714 enisus
3448 667 3556 723 est,

1989 759 2052 804 ut
2083 750 2375 820 praesidem
2409 765 2592 805 rerum
2637 749 3042 810 universarum,
3076 748 3167 816 qui
3200 763 3296 818 per
3334 763 3551 817 gravem

1989 839 2202 910 plagam
2226 839 2561 894 calumniam
2597 838 2848 893 mulieris
2878 837 3086 893 detexit
3109 846 3271 907 atque
3294 839 3552 901 convicit,

1988 936 2182 984 testem
2217 929 2341 982 vitae
2375 943 2488 984 sua:
2515 928 2740 983 faceret.
2772 927 2996 996 Ecquod
3032 928 3209 998 majus
3249 929 3448 997 aliquis
3486 930 3554 981 ad

1988 1016 2322 1074 laudandum
2381 1027 2765 1089 argumentum
2823 1021 3136 1090 excogitare
3185 1021 3404 1091 possit?
3460 1023 3554 1090 qui

1987 1112 2166 1182 possit
2211 1111 2361 1165 hunc
2418 1112 2599 1180 ipsum
2647 1111 2846 1181 aliquis
2893 1111 3057 1182 digne
3105 1126 3169 1167 ac
3207 1128 3306 1182 pro
3360 1113 3558 1166 merito

1989 1201 2274 1268 admirari,
2303 1203 2394 1274 qui
2432 1217 2558 1258 cum
2607 1203 2822 1258 ratione
2861 1212 3112 1258 naturam
3140 1204 3454 1266 devicisset,
3493 1221 3561 1259 ac

1987 1295 2155 1350 veluti
2212 1303 2559 1350 mansuetum
2610 1295 2884 1365 quoddam
2945 1297 3168 1358 animal,
3215 1296 3556 1365 juventutem

1990 1385 2306 1456 subiugum
2347 1386 2581 1440 rationis
2633 1386 2901 1450 misisset,
2951 1387 3317 1456 omnibusque
3349 1386 3560 1442 allecti-

1988 1477 2092 1532 bus
2150 1476 2497 1531 naturalibus
2551 1477 2964 1546 insurgentibus
3012 1480 3264 1548 superior
3321 1478 3555 1544 fuisset,

1987 1579 2041 1625 ct
2079 1569 2343 1624 invidiam
2389 1584 2510 1640 quae
2543 1584 2735 1626 omnes
2779 1585 2868 1625 res
2893 1571 3124 1625 eximias
3159 1571 3420 1627 invadere
3465 1587 3558 1628 so-

1988 1661 2084 1725 let,
2143 1660 2412 1716 adversus
2455 1675 2516 1717 se
2568 1661 2883 1725 excitasset,
2940 1661 3106 1716 etiam
3156 1663 3258 1718 hac
3302 1666 3557 1734 superior

311 1723 508 1820 μῶμον
552 1723 1087 1819 εὐεργετήσαςξτοῦ.
1119 1723 1261 1802 κατὰ
1287 1723 1379 1802 τὸν
1407 1744 1636 1821 δαίμονα
1675 1723 1886 1815 πάθους

1989 1723 2113 1818 fuit,
2137 1751 2340 1822 quippe
2381 1766 2557 1822 neque
2599 1751 2668 1806 ad
2699 1723 3075 1808 ulciscendum
3116 1753 3346 1811 insidias
3373 1723 3558 1810 .soda-

303 1838 734 1911 διὰ-προσευχῆς
772 1840 1105 1910 ἐξελόμενος.
1137 1837 1390 1896 Τοιοῦτον
1410 1839 1653 1913 ἔγνωμεν
1673 1841 1762 1895 διὰ
1786 1841 1888 1913 τῆς

307 1930 554 2002 ἱστορίας
585 1930 675 1984 τὸν
711 1930 909 2001 Ἰωσὴφ
929 1969 945 1994 ,
977 1923 1021 1998 ᾧ
1044 1927 1332 2002 προῦκειτο
1363 1931 1461 2003 μὲν
1491 1933 1611 1986 κατ’
1642 1928 1888 1998 ἐξουσίαν

303 2021 348 2093 ἡ
379 2021 508 2092 περὶ
531 2019 628 2091 τὴν
653 2022 884 2088 γυναῖκα
919 2018 1014 2074 τοῦ
1055 2020 1315 2074 δεσπότου
1347 2023 1656 2094 παρανομία
1676 2062 1690 2087 ,
1719 2019 1888 2095 αὐτῆς

305 2112 528 2182 ἐκείνης
566 2113 926 2182 ὲπιμανείσης
963 2115 1028 2183 τῇ
1057 2111 1178 2185 ὥρᾳ
1207 2112 1302 2166 τοῦ
1353 2114 1509 2167 νέουο
1539 2109 1632 2168 καὶ
1679 2114 1887 2185 μάρτυς

303 2202 422 2260 τῶν
447 2203 811 2274 τολμωμένων
839 2200 907 2275 ἦν
931 2203 1234 2278 ἀνθρώπων
1276 2205 1450 2269 οὐδείς
1472 2222 1487 2236 ⁸
1528 2205 1663 2261 ἀλλὰ
1700 2208 1887 2261 κάκεῖ-

302 2310 402 2359 νος
427 2295 562 2366 πρὸς
592 2292 682 2348 τὸν
703 2294 845 2349 θεῖον
879 2295 1153 2366 ὀφθαλμὸν
1189 2291 1419 2367 βλέπων,
1451 2295 1512 2351 τὺ
1548 2297 1693 2363 δόξαι
1719 2294 1886 2363 κακὸς

303 2386 418 2458 πρὸ
429 2387 525 2442 τοῦ
552 2387 802 2456 γενέσθαι
842 2389 1144 2459 προείλετο,
1176 2389 1243 2443 τὰ
1271 2389 1379 2444 τῶν
1407 2390 1728 2460 κακούργων
1752 2391 1884 2443 ὑπο-

307 2477 446 2543 στάς
492 2477 692 2549 μᾶλλον
721 2517 737 2542 ,
763 2478 798 2550 ἢ
833 2479 1137 2551 κακοῦργος
1168 2481 1474 2552 γενόμενος.
1516 2481 1653 2535 Ἀλλ’
1678 2481 1794 2535 ἔστι
1825 2500 1879 2536 τι

301 2566 452 2640 τάχα
479 2567 672 2638 τούτῳ,
703 2567 799 2621 καὶ⁵
830 2567 990 2623 πλέον
1011 2571 1111 2640 τῆς
1135 2570 1374 2642 ἱστορίας
1398 2570 1796 2642 καυχήσασθαι·
1820 2570 1882 2626 οὔ

302 2661 421 2735 γὰρ
450 2661 562 2718 ἴσον
594 2665 740 2718 ἐστὶν
773 2665 852 2729 είς
883 2665 1197 2738 ἀποτροπήν
1236 2663 1331 2719 τοῦ
1373 2665 1701 2737 μιάσματος,
1737 2667 1800 2720 τό
1826 2684 1886 2721 τε

259 2749 272 2760 ”
302 2758 410 2829 τῆς
446 2757 690 2828 μοιχείας
723 2758 854 2828 ἄγος
876 2797 891 2824 ,
912 2759 1006 2812 καὶ
1029 2751 1091 2812 τδ
1113 2753 1303 2812 δοκοῦν
1336 2758 1394 2811 ὲν
1431 2749 1675 2813 ἐλάττονι
1707 2758 1886 2830 πλημ-

309 2845 590 2917 μελήματι
618 2846 709 2899 τὸν
736 2844 925 2917 μῶμον
970 2845 1136 2917 ἔχειν.
1175 2846 1234 2900 ’0
1257 2846 1435 2900 τοίνυν
1464 2849 1522 2900 ὲν
1556 2839 1601 2914 ᾧ
1646 2841 1887 2911 κίνδυνός

305 2951 394 2999 τις
421 2938 484 2989 ἐκ
513 2935 621 2989 τῶν
651 2937 830 3007 νόμων
869 2938 972 2991 οὐκ
1019 2932 1088 3008 ἦν
1135 2937 1513 3009 φοϐερωτέραν
1558 2933 1757 3008 μᾶλλον
1787 2938 1887 3010 τῆς

307 3025 578 3098 τιμωρίας
621 3026 790 3098 αὐτὴν
819 3026 878 3092 ἐξ
911 3027 1183 3098 ἁμαρτίας
1220 3023 1409 3099 ἡδονὴν
1440 3027 1558 3082 καθ’
1584 3029 1781 3100 ἑαυτὴν
1809 3026 1886 3081 εῑ-
1911 3057 1955 3114 C

308 3135 397 3172 ναι
431 3119 620 3190 κρίνας
643 3159 658 3184 ,
701 3120 736 3192 ἢ
770 3121 1050 3192 παρήλασε
1087 3121 1178 3174 τὸν
1223 3121 1420 3194 Ἰωσὴφ
1453 3125 1518 3194 τῇ
1554 3116 1889 3196 μεγαλοφυῖα

309 3209 406 3264 τοῦ
430 3210 704 3281 θαύματος
727 3251 742 3277 ,
773 3207 808 3283 ἢ
857 3213 1072 3276 πάντως
1113 3213 1212 3267 οὐκ
1245 3213 1302 3266 ἐν
1329 3213 1602 3286 δευτέροις
1636 3215 1889 3286 κριθήσε-

314 3315 424 3356 ται.
467 3303 627 3355 Ἀλλᾶ
653 3303 712 3356 τὸ
749 3302 848 3374 μὲν
883 3305 1166 3374 προοίμιον
1201 3303 1294 3357 τοῦ
1328 3305 1465 3374 βίου,
1494 3305 1752 3359 τοιοῦτον.
1781 3305 1888 3358 Αὐ-

310 3391 402 3458 τὸς
438 3392 499 3447 δὲ
524 3396 554 3448 ὸ
584 3393 697 3465 βίος
718 3395 801 3458 τίς
826 3411 842 3461 ;
887 3394 1102 3466 Ἐπειδὴ
1132 3397 1311 3449 πᾶσαν
1350 3396 1626 3450 παίδευσιν
1657 3399 1756 3468 τῆς
1783 3397 1886 3460 ἔξω

313 3484 508 3555 σοφίας
535 3483 869 3556 ἐπιδραμὼν,
907 3483 1122 3556 ἐνέτυχε
1162 3485 1496 3558 Φιρμιλιανῷ
1523 3498 1627 3541 τινι
1653 3487 1762 3541 τῶν
1792 3489 1884 3542 εὑ-

311 3575 589 3648 ⁸ειιιιτριδῶν
637 3575 980 3649 Καππαδόκῃ
1004 3617 1019 3640 ,
1069 3575 1406 3649 ὀμοιοτρόπῳ
1458 3578 1598 3632 κατὰ
1642 3579 1703 3632 τὸ
1733 3567 1882 3651 ἦθος,

309 3665 384 3731 ὡς
406 3667 608 3734 ἔδειξεν
641 3669 846 3732 ἐκεῖνος
892 3667 970 3740 τῷ
1006 3668 1142 3740 μετὰ
1175 3664 1346 3723 ταῦτα
1379 3669 1478 3741 βίῳ
1498 3709 1513 3734 ,
1541 3671 1744 3741 κόσμος
1788 3673 1887 3743 τῆς

323 3755 651 3830 Ἐκκλησῖας
692 3759 802 3834 τῶν
834 3758 1156 3833 Καισαρέων
1202 3757 1526 3834 γενόμενος,
1572 3755 1666 3816 καὶ
1697 3763 1786 3816 τόν
1826 3780 1884 3816 τε

315 3827 521 3902 σκοπὸν
562 3849 654 3902 τοῦ
695 3827 1043 3922 φρονήματος⁵
1076 3852 1169 3906 καὶ
1214 3827 1350 3906 ίδίου
1395 3849 1509 3924 βίου
1558 3853 1788 3925 φανερὸν
1808 3852 1886 3924 τῷ

314 3939 454 4012 φίλῳ
485 3939 740 4012 ἐποίησεν
759 3983 775 4008 ,
804 3942 879 4006 ὡς
909 3943 994 4013 εἴη
1034 3944 1170 4015 πρὸς
1202 3939 1291 3997 τὸν
1332 3945 1462 3998 Θεὸν
1503 3945 1712 4016 βλέπων
1737 3987 1752 4012 ,
1793 3947 1886 4000 καὶ

311 4025 412 4104 τὴν
442 4029 652 4085 ἐκείνου
683 4034 918 4104 σπουδὴν
939 4033 1080 4102 ἔγνω
1112 4037 1240 4106 περὶ
1270 4035 1367 4107 τὴν
1397 4037 1565 4107 αὐτὴν
1593 4037 1885 4108 ἐπιθυμίαν

316 4122 720 4194 συμϐαίνουσαν
741 4165 757 4190 ,
799 4123 1114 4178 καταλιπὼν
1146 4127 1325 4179 πᾶσαν
1363 4126 1460 4198 τὴν
1492 4129 1620 4198 περὶ
1646 4129 1742 4198 τῆς
1781 4128 1886 4194 ἔξω

312 4211 632 4283 φιλοσοφίας
660 4214 917 4284 σπουδὴν,
941 4215 1245 4288 προσφοιτᾷ
1272 4215 1387 4287 μετ’
1416 4218 1621 4271 ἐκείνου
1641 4218 1719 4288 τῷ
1744 4218 1886 4273 κατὰ

309 4305 402 4358 τὸν
431 4305 623 4376 χρόνον
671 4305 875 4358 ἐκεῖνον
908 4307 1007 4376 τῆς
1034 4306 1140 4364 τῶν
1186 4309 1526 4380 Χριστιανῶν
1570 4310 1886 4379 φιλοσοφίας

1989 1843 2120 1896 lium
2159 1851 2490 1908 commotus,
2523 1848 2578 1896 ct
2607 1855 2748 1905 eam,
2791 1857 2913 1912 quae
2957 1842 3068 1897 illis
3097 1845 3154 1897 in
3199 1844 3558 1900 subornando

1986 1930 2192 2000 probro
2221 1945 2441 2000 cperam
2491 1938 2809 1994 navaverat,
2838 1946 2935 2000 per
2967 1933 3272 1989 orationem
3309 1935 3378 1990 ab
3417 1937 3559 1992 ³1Πὶ-

1985 2024 2170 2078 ctione
2226 2023 2493 2079 daemonis
2553 2024 2842 2078 liberatam
2904 2025 3168 2080 beneﬁcio
3233 2039 3558 2096 prosecutus

1985 2118 2074 2168 est
2096 2111 2155 2164 ’ἲ
2185 2109 2372 2166 Talem
2413 2127 2513 2182 per
2551 2111 2835 2167 historiam
2873 2115 3237 2184 cognovimus
3268 2117 3430 2171 etiam
3465 2115 3560 2172 Joo

1985 2202 2218 2273 sephum
2248 2204 2442 2267 fuisse,
2466 2203 2556 2258 cui
2587 2203 2653 2257 ad
2674 2204 2963 2258 arbitrium
2990 2205 3213 2274 quidem
3237 2221 3362 2261 cum
3386 2223 3560 2264 uxore

1984 2293 2192 2348 domini
2215 2295 2400 2350 scelus
2434 2303 2752 2364 perpetrare
2779 2303 3091 2364 promptum
3121 2303 3260 2360 erat,
3293 2311 3420 2352 cum
3461 2300 3556 2353 illa

1985 2381 2106 2452 ipsa
2157 2379 2344 2437 decori
2392 2380 2762 2438 adolescentis
2814 2383 3009 2438 insano
3067 2398 3251 2440 amore
3303 2397 3556 2458 correpta

1985 2480 2134 2529 esset
2166 2487 2180 2524 :
2207 2485 2311 2527 nec
2355 2471 2650 2542 quisquam
2701 2472 2983 2528 hominum
3013 2489 3227 2548 eorum,
3267 2493 3392 2547 qua:
3433 2481 3554 2535 ausi

1986 2564 2250 2631 fuissent,
2287 2565 2450 2621 testis
2476 2572 2530 2620 et
2558 2559 2765 2620 arbiter
2808 2564 3033 2622 futurus
3068 2557 3186 2624 erat
3217 2587 3230 2624 ι
3261 2569 3355 2625 sed
3386 2571 3554 2627 etiam

1986 2654 2100 2722 ille,
2133 2669 2262 2712 cum
2295 2670 2354 2712 se
2383 2653 2631 2710 divinum
2660 2655 2883 2711 oculum
2928 2658 3298 2728 inspectorem
3337 2676 3552 2723 eorum,

1985 2762 2108 2819 qua
2159 2747 2664 2812 committerentur,
2713 2748 2916 2804 habere
2971 2749 3323 2821 intelligeret,
3376 2752 3556 2807 malus

1985 2853 2108 2896 esse
2158 2839 2355 2906 videri,
2397 2852 2562 2911 quam
2619 2839 2736 2894 ﬁeri
2785 2840 3128 2909 pratoptavit,
3178 2841 3553 2897 maleﬁcorum

1985 2929 2172 2998 potius
2219 2941 2413 2998 ptenas
2463 2936 2629 2999 atque
2683 2929 3030 2984 incommoda
3086 2930 3332 2996 subiens,
3387 2947 3555 3002 quam

1987 3019 2269 3075 maleﬁcus
2301 3020 2562 3077 evadens.
2609 3019 2715 3075 Sed
2766 3021 2894 3076 licet
2945 3021 3180 3078 forsitan
3216 3023 3344 3079 huic
3387 3026 3555 3081 etiam

1988 3111 2273 3182 aliquanto
2323 3111 2582 3182 amplius,
2639 3126 2802 3182 quam
2856 3112 2947 3166 illa
2997 3115 3238 3169 continet
3295 3115 3552 3182 historia,

1985 3201 2243 3272 gloriari;
2292 3217 2402 3256 non
2439 3203 2584 3258 enim
2616 3217 2770 3272 aeque
2817 3217 3076 3274 magnum
3115 3203 3272 3259 aﬂert
3302 3221 3555 3261 momen-

1987 3300 2100 3348 tum
2130 3293 2197 3348 ad
2229 3293 2628 3348 aversationem
2663 3294 2888 3364 piaculi,
2921 3302 3036 3348 tum
3067 3295 3320 3351 adulterii
3347 3299 3552 3364 scelus,

1988 3393 2100 3440 tum
2129 3385 2182 3440 id
2207 3385 2353 3454 quod
2386 3385 2441 3440 in
2491 3385 2696 3440 minori
2731 3385 2932 3442 delicto
2962 3387 3417 3458 vituperationem
3451 3388 3553 3444 ba-

1985 3476 2114 3532 bere
2139 3475 2374 3531 videtur.
2413 3475 2602 3546 itaque
2623 3476 2716 3546 qui
2747 3477 2836 3530 ubi
2875 3477 3178 3547 periculum
3207 3486 3263 3533 et
3305 3487 3484 3535 metus
3521 3495 3553 3534 a

1985 3569 2200 3640 legibus
2247 3583 2356 3623 non
2413 3568 2780 3638 impendebat,
2837 3569 3014 3641 ipsam
3067 3569 3396 3640 voluptatem
3457 3588 3556 3643 per

1984 3669 2274 3730 peccatum
2303 3659 2728 3723 conciliandam,
2763 3674 2860 3730 per
2889 3673 3010 3714 sese
3043 3661 3198 3731 longe
3233 3661 3554 3717 formidabi-

1986 3752 2176 3806 liorem
2212 3766 2373 3820 quam
2399 3766 2617 3822 poenam
2655 3767 2779 3807 esse
2812 3752 3115 3821 judicabat,
3153 3761 3247 3808 aut
3274 3756 3556 3824 praecessit

1985 3852 2040 3898 et
2071 3843 2348 3914 superavit
2374 3842 2672 3913 Josephum
2705 3844 3066 3914 amplitudine
3101 3853 3157 3900 et
3196 3846 3556 3918 magniﬁcen-

1986 3935 2061 3988 tia
2103 3935 2375 3998 miraculi,
2411 3942 2504 3988 aut
2537 3950 2768 4005 prorsus
2800 3952 2912 3991 non
2957 3936 3250 3992 habebitur
3282 3939 3426 3994 inter
3467 3955 3557 3995 se-

1985 4026 2217 4081 cundos.
2249 4027 2328 4081 Ac
2364 4028 2694 4099 principium
2726 4030 2944 4100 quidem
2975 4031 3098 4085 vitae
3129 4032 3236 4087 tale
3275 4041 3380 4087 est.
3433 4033 3553 4103 Ipsa

1983 4131 2117 4172 vero
2158 4117 2270 4171 vita
2321 4119 2486 4188 quae?
2528 4117 2889 4189 Posteaquam
2938 4121 3194 4176 omnibus
3247 4122 3555 4192 disciplinis
3591 4139 3615 4187 5

1984 4215 2225 4263 externa
2261 4208 2546 4276 sapientia:
2593 4211 2872 4277 percursis
2914 4209 3202 4264 incidisset
3247 4211 3303 4264 in
3351 4212 3556 4266 Firmi.

1988 4297 2194 4351 lianum
2227 4299 2519 4368 quemdam
2553 4298 2845 4367 patricium
2872 4297 3278 4367 Cappadocem,
3318 4302 3553 4358 similem

311 4395 706 4468 καθηγουμένῳ
737 4397 755 4468 (
787 4397 1064 4468 Ὠριγένης
1091 4397 1147 4452 δὲ
1174 4391 1327 4464 οὗτος
1361 4395 1428 4471 ἦν
1454 4439 1468 4464 ,
1505 4394 1564 4456 οὗ
1603 4402 1768 4465 πολὺς
1796 4403 1886 4456 ἐπὶ

1993 4391 2237 4446 moribus
2271 4399 2324 4445 et
2355 4390 2593 4460 ingenio,
2636 4398 2697 4444 ut
2726 4389 2820 4446 ille
2854 4391 2909 4444 in
2943 4393 3196 4460 sequenti
3226 4393 3336 4447 vita
3368 4402 3555 4449 osten-

309 4488 423 4550 τοῖς
458 4490 854 4560 συγγράμμασι
893 4489 1071 4560 λόγος)
1095 4531 1110 4554 ,
1142 4492 1358 4555 δεικνὺς
1405 4492 1500 4547 καὶ
1543 4493 1630 4546 διὰ
1675 4493 1886 4556 τούτου,

1987 4483 2088 4546 dit,
2133 4499 2257 4537 cum
2301 4484 2726 4538 Caesariensium
2777 4482 3039 4538 Ecclesiae
3062 4494 3391 4541 ornamento
3429 4485 3555 4545 fuit.

309 4579 372 4631 οὐ
418 4579 580 4649 μόνον
623 4581 683 4632 τὺ
725 4580 1018 4651 φιλομαθὲς
1066 4584 1158 4636 καὶ
1192 4582 1475 4653 φιλόπονον
1496 4626 1510 4651 ,
1538 4585 1674 4638 ἀλλὰ
1707 4587 1800 4639 καὶ
1829 4587 1886 4640 τὸ

1986 4585 2041 4631 et
2074 4575 2240 4631 animi
2275 4577 2360 4631 sui
2390 4576 2684 4631 consilium
2720 4591 2785 4630 ac
2831 4577 2958 4631 vitae
2997 4577 3341 4646 propositum
3380 4579 3558 4632 amico

311 4669 744 4739 κατεσταλμένον
767 4673 823 4724 ὲν
844 4670 920 4742 τῷ
948 4673 1066 4744 ἦθει
1089 4675 1182 4727 καὶ
1210 4675 1428 4746 μέτριον
1446 4694 1459 4706 ο
1487 4675 1756 4748 τοσαύτης
1779 4678 1887 4750 γὰρ

313 4759 506 4827 σοφίας
561 4761 823 4825 άνάπλεος
873 4762 948 4815 ὢν
999 4764 1170 4835 ἑτέρῳ
1226 4766 1532 4837 χρήσασθαι
1581 4768 1886 4841 διδασκάλῳ

315 4849 450 4919 πρὸς
479 4849 547 4902 τὰ
576 4849 695 4904 θεία
727 4852 834 4905 τῶν
872 4854 1206 4924 μαθημάτων
1229 4896 1243 4919 ,
1275 4859 1374 4910 οὐκ
1403 4859 1712 4928 ἀπηξίωσεν
1731 4901 1746 4926 ,
1789 4862 1882 4914 καὶ

306 4939 586 5007 διαγαγὼν
618 4943 768 5012 παρὰ
792 4942 868 5013 τῷ
899 4944 1199 5016 διδασκάλῳ
1242 4949 1434 5018 χρόνον
1459 4953 1571 5014 τοῖς
1599 4952 1882 5024 μαθήμασι

309 5027 654 5100 σύμμετρον,
709 5031 916 5085 πολλῶν
937 5033 1104 5087 ὅντων
1140 5035 1248 5088 τῶν
1281 5039 1738 5108 παρακαλούντων
1788 5043 1883 5095 καὶ

305 5120 651 5190 κατεχόντων
679 5123 838 5176 αὑτὸν
873 5125 964 5176 ἐπὶ
1000 5127 1095 5196 τῆς
1131 5125 1462 5200 ἀλλοδαπῆς,
1495 5133 1588 5184 καὶ
1619 5135 1748 5202 παρ’
1787 5135 1883 5189 αὐ-

303 5209 424 5271 τοῖς
466 5209 756 5272 ἀξιούντων
815 5210 995 5279 μένειν
1018 5251 1032 5276 ,
1079 5214 1295 5268 πάντων
1350 5217 1748 5290 προτιμοτέραν
1785 5219 1883 5290 τὴν

302 5300 640 5368 ὲνεγκοῦσαν
696 5301 857 5355 αὑτὸν
914 5304 1312 5375 ποιησάμενος,
1370 5308 1462 5360 ἐπὶ
1515 5309 1614 5379 τὴν
1652 5310 1883 5381 πατρίδα

303 5392 478 5446 πάλιν
510 5393 802 5453 ἐπάνεισιν,
831 5395 920 5447 τὸν
947 5395 1282 5450 παντοδαπὸν
1315 5397 1538 5452 πλοῦτον
1562 5401 1662 5471 τῆς
1692 5402 1882 5470 σοφίας

297 5501 364 5536 τε
395 5483 491 5537 καὶ
519 5483 616 5553 τῆς
640 5484 889 5553 γνώσεως
919 5487 1250 5558 ἑπαγόμενος
1275 5529 1289 5553 ,
1314 5487 1372 5545 ὃν
1398 5489 1646 5564 καθάπερ
1678 5511 1758 5558 τις
1783 5493 1881 5566 ἔμ-

376 5662 398 5694 ’
433 5660 576 5718 Gen.
606 5677 790 5727 xxxix,
827 5664 859 5715 7
886 5681 1003 5737 sqq.
1084 5656 1094 5666 ’

516 5753 783 5815 Ρλτιιοι.
837 5757 955 5816 Gn.
998 5759 1046 5817 Χ
1065 5757 1215 5818 LVI.

1985 4666 2359 4737 patefecisset,
2403 4668 2551 4738 quod
2607 4668 2674 4721 ad
2717 4667 2885 4724 Deum
2938 4668 3188 4723 videlicet
3241 4677 3554 4739 spectaret;

1982 4769 2036 4814 et
2074 4759 2224 4815 illius
2257 4759 2501 4814 studium
2537 4759 2681 4813 circa
2710 4758 2852 4813 idem
2883 4757 3215 4813 desiderium
3261 4759 3558 4812 convenire

1983 4851 2374 4914 intellexisset,
2412 4851 2605 4904 relicto
2649 4851 2797 4903 omni
2836 4849 3020 4903 studio
3051 4857 3290 4903 externae
3321 4849 3560 4919 philoso-

1983 4944 2146 5013 phiae,
2175 4942 2386 4997 accedit
2418 4957 2526 4996 una
2549 4957 2674 4996 cum
2712 4941 2804 4994 illo
2841 4940 2907 4994 ad
2934 4955 3081 5004 eum,
3114 4941 3208 5010 qui
3243 4941 3297 4994 in
3327 4957 3393 4997 eo
3419 4949 3558 4996 tem-

1986 5051 2117 5107 pore
2165 5035 2606 5091 Christianorum
2676 5033 3042 5103 phil050phiaa
3106 5035 3366 5104 princeps
3434 5044 3555 5088 erat

1986 5129 2058 5198 (is
2101 5134 2283 5182 autem
2327 5135 2443 5180 erat
2497 5123 2783 5195 Origenes,
2839 5125 3000 5194 cujus
3048 5133 3272 5194 propter
3323 5127 3552 5195 scripta,

1986 5220 2130 5273 fama
2168 5217 2402 5273 celebris
2443 5216 2573 5285 est),
2611 5217 2776 5270 etiam
2821 5230 2916 5285 per
2964 5215 3077 5268 haec
3109 5215 3404 5270 ostendens
3447 5229 3555 5268 non

1991 5309 2156 5364 modo
2205 5306 2449 5363 studium
2489 5306 2736 5362 discendi
2776 5316 2938 5375 atque
2973 5305 3328 5371 industriam,
3370 5321 3556 5361 verum

1989 5401 2151 5456 etiam
2199 5398 2446 5453 sedatum
2480 5397 2759 5467 ingenium
2798 5405 2851 5451 et
2893 5398 3058 5450 animi
3099 5398 3554 5452 moderationem.

1993 5493 2132 5550 Cum
2172 5493 2320 5550 enim
2377 5497 2528 5546 tanta
2579 5491 2846 5562 sapientia
2883 5492 3078 5562 plenus
3123 5500 3292 5553 esset.
3339 5491 3446 5546 alio
3502 5491 3557 5546 in

3081 5762 3156 5823 29
