4002 6206
491 235 595 292 997

1738 233 1794 287 S.
1825 228 2151 288 GREGORII
2179 228 2467 287 NYSSEN]

3615 246 3710 304 308

488 351 664 409 sacris
694 351 999 422 disciplinis
1036 350 1115 404 uti
1149 350 1414 422 magistro
1440 364 1546 404 non
1575 349 1903 420 dedignatus
1929 356 2012 404 est
2039 366 2045 401 :

2162 363 2323 418 πορος
2351 350 2408 401 ὲν
2443 351 2560 414 ταῖς
2590 349 2694 415 ἔξω
2723 351 2978 418 σπουδαῖς
3004 354 3132 408 πᾶσι
3165 355 3472 428 καθομιλῶν
3505 365 3612 425 τοῖς
3633 364 3705 416 εὐ-

486 457 721 512 cumque
770 442 915 512 apud
956 442 1276 511 magistrth
1313 441 1468 510 justo
1514 449 1756 509 tempore
1810 440 1862 493 in
1894 439 2060 493 disci-

2170 440 2410 511 δοκίμοις
2449 441 2860 512 ὲνεπορεύσατο.

486 531 654 598 plinis
697 537 1126 600 perseverasset,
1172 530 1360 584 multis
1407 529 1786 585 detinentibus
1827 543 1952 582 eum
2005 529 2059 582 in
2101 530 2222 584 solo
2287 533 2600 602 peregrino,
2651 533 3118 608 hortantibusque
3159 553 3222 595 ac
3291 542 3632 612 rogantibus,
3667 551 3719 597 ut

485 623 628 692 apud
669 623 821 693 ipsos
862 632 1128 690 maneret,
1181 624 1408 694 reliquis
1459 624 1717 679 omnibus
1752 621 2170 694 'braeierendam
2222 634 2376 681 ratus
2418 641 2538 682 eam
2587 635 2810 695 terram,
2871 647 2993 702 qua;
3065 634 3243 704 ipsum
3296 637 3510 692 tulisset
3577 647 3627 692 et
3671 639 3718 692 in

483 715 661 768 lucem
703 715 990 779 edidisset,
1036 715 1091 769 in
1125 715 1361 784 patriam
1400 715 1583 770 denuo
1648 716 1966 780 revertitur,
2030 715 2213 771 varias
2261 718 2544 788 sapientiae
2592 727 2756 790 atque
2801 723 3044 779 scientiae
3094 724 3337 793 divitias,
3409 744 3547 798 quas
3614 738 3714 785 tan-

483 818 646 873 quam
690 813 961 859 mercator
981 804 1201 875 quidam
1237 819 1362 860 eum
1395 806 1652 863 omnibus
1683 806 1852 863 claris
1888 815 2056 876 atque
2134 805 2384 878 probatis
2469 810 2525 865 in
2578 811 2781 869 studiis
2822 802 3063 870 externae
3108 816 3373 874 doctrina:
3419 820 3554 876 viris
3600 835 3721 876 con-4

482 911 708 952 versans
755 899 1156 968 acquisiverat,
1210 900 1474 956 invehens
1526 909 1691 972 atque
1740 902 2067 974 importans.

551 992 631 1045 Ac
659 991 907 1062 profecto
953 994 1000 1049 si
1032 994 1158 1064 quis
1188 1010 1315 1050 vere
1357 995 1617 1066 justeque
1655 1012 1745 1052 res
1792 997 2051 1062 aestimet,

482 1097 552 1137 ne
575 1083 680 1138 hoc
707 1084 927 1153 quidem
959 1100 1188 1155 prorsus
1219 1085 1287 1140 ad
1317 1087 1849 1143 commendationem
1874 1088 2054 1144 nomi-

481 1174 570 1230 nis
603 1189 794 1243 parum
828 1176 1090 1231 momenti
1124 1175 1327 1232 habere
1355 1177 1648 1243 videbitur,
1701 1179 1850 1250 quod
1889 1186 2056 1234 tautae

480 1267 632 1322 urbis
664 1267 939 1321 communi
973 1283 1249 1325 consensu
1287 1268 1565 1326 adhibitas
1614 1286 1806 1340 preces
1833 1287 2052 1328 aversa-

481 1364 569 1409 tus
599 1363 708 1420 est,
747 1369 849 1410 nec
892 1356 1135 1410 omnium
1164 1355 1496 1426 sapientium
1524 1357 1970 1430 delectorumque
1998 1360 2053 1415 in

475 1459 541 1500 ea
563 1444 831 1510 virorum,
857 1451 918 1499 ut
946 1453 1194 1500 maneret
1223 1460 1444 1516 operam
1477 1447 1750 1514 dantium,
1787 1449 2052 1516 studium,

480 1549 584 1591 nec
607 1537 918 1607 principum
946 1535 1189 1591 virorum
1239 1537 1374 1593 inibi
1398 1539 1735 1594 versantium
1761 1547 1816 1596 et
1854 1548 1916 1596 ut
1951 1541 2056 1596 hoc

476 1626 658 1697 ipsum
725 1626 880 1681 ﬁeret
934 1627 1313 1696 cupientium,
1383 1628 1658 1698 egregiam
1717 1630 2052 1686 voluntatem

477 1716 660 1786 magni
692 1715 844 1780 fecit,
880 1719 974 1786 qui
1001 1731 1194 1772 omnes
1239 1714 1295 1772 id
1332 1733 1502 1771 unum
1538 1717 1793 1787 agebant,
1839 1727 1898 1772 ut
1939 1734 2055 1774 ma-

475 1823 622 1879 gnus
658 1809 750 1864 ille
775 1816 1020 1864 maneret
1047 1809 1192 1879 apud
1228 1825 1342 1874 eos,
1379 1819 1637 1880 tanquam
1663 1811 1914 1866 conditor
1942 1811 2053 1865 vir-
2084 1805 2126 1861 Β

478 1899 612 1954 tutis
638 1906 693 1954 et
729 1901 850 1953 vitae
885 1899 1216 1970 legumlator
1257 1899 1479 1954 futurus
1504 1917 1520 1966 ;
1549 1899 1645 1955 sed
1674 1901 1771 1956 ille
1799 1900 2054 1958 omnibus

475 1989 653 2044 modis
678 1989 951 2059 superbia:
975 1989 1258 2044 materiam
1289 1988 1525 2058 fugiens,
1551 1991 1696 2060 quod
1723 1991 1868 2045 haud
1899 1991 2056 2064 igno-

475 2085 624 2133 raret
651 2079 844 2132 vitium
877 2079 1149 2149 superbiae
1199 2077 1460 2148 improba:
1499 2081 1891 2150 scelerataque
1927 2081 2054 2137 vitae

472 2167 794 2237 plerumque
840 2181 1063 2223 causam
1109 2175 1162 2223 et
1189 2167 1536 2224 occasionem
1576 2168 1821 2238 praebere
1851 2169 2050 2236 solere,

472 2259 640 2313 veluti
671 2266 887 2329 portum
921 2258 1238 2328 quemdam,
1296 2259 1538 2328 quietam
1585 2258 1640 2313 in
1673 2258 1850 2328 patria
1882 2260 2052 2314 vitam

472 2350 800 2421 ingreditur.
837 2350 973 2405 Cum
999 2361 1181 2406 autem
1223 2350 1478 2406 universa
1528 2351 1678 2406 natio
1708 2366 1830 2406 eum
1868 2354 2050 2409 intue-

469 2453 645 2510 retur,
677 2445 936 2501 omnibus
965 2444 1433 2515 exspectantibus,
1467 2453 1546 2508 ut,
1580 2444 1634 2498 in
1653 2445 1889 2514 publicis
1915 2460 2052 2500 con-

468 2536 729 2592 ventibus
759 2536 1041 2605 divulgata
1066 2549 1165 2593 sua
1193 2534 1522 2603 eruditione,
1547 2534 1783 2605 aliquem
1808 2535 2051 2592 fructum

469 2626 852 2683 diuturnorum
906 2627 1154 2682 laborum
1189 2635 1431 2697 caperet,
1472 2642 1540 2682 ex
1584 2626 1669 2683 his
1699 2635 1912 2699 partam
1946 2643 2050 2683 no-

469 2720 632 2775 minis
665 2717 1050 2774 claritudinem
1085 2728 1247 2786 atque
1273 2719 1687 2777 celebritatem:
1725 2721 1869 2777 haud
1899 2721 2053 2792 igno-

468 2823 601 2865 rans
627 2809 718 2864 ille
741 2823 996 2879 magnus,
1027 2809 1226 2878 quibus
1251 2810 1417 2866 rebus
1440 2825 1624 2866 veram
1640 2812 2050 2884 philosophiam

468 2917 500 2956 a
528 2901 674 2956 veris
710 2914 774 2954 ac
803 2899 1062 2970 perfectis
1095 2899 1185 2954 sui
1223 2900 1533 2959 cultoribus
1567 2902 1836 2974 publicari
1886 2910 2051 2976 atque

467 2991 737 3062 divulgari
761 2989 1075 3056 conveniat,
1105 3005 1182 3044 ne
1207 2991 1430 3061 quando
1462 2993 1680 3048 animus
1712 2992 1834 3064 ejus
1864 2993 2049 3066 aliqua

2233 1000 2426 1054 Καίτοι
2463 1019 2526 1070 γε
2555 1002 2633 1074 τῷ
2680 1004 2902 1070 δικαίως
2937 1005 3006 1060 τὰ
3032 1009 3336 1080 πράγματα
3362 1012 3595 1083 κρίνοντι
3611 1015 3718 1068 οὐδὲ

2161 1091 2318 1145 τοῦτο
2347 1094 2540 1165 μικρὸν
2575 1095 2792 1160 πάντως
2820 1098 2900 1162 εἰς
2927 1099 3201 1170 εὐφημίαν
3230 1101 3390 1167 δόξει,
3423 1103 3485 1156 τὸ
3536 1105 3720 1168 πόλεως

2161 1185 2428 1256 τοσαύτην
2479 1188 2762 1260 ἱκετηρίαν
2797 1191 2861 1242 ὲκ
2898 1191 3076 1244 κοινοῦ
3114 1193 3412 1265 γενομένην
3443 1195 3716 1268 ὑπεριδεῖν,

2162 1276 2257 1330 καὶ
2282 1277 2497 1330 πάντων
2519 1278 2628 1333 τῶν
2651 1282 2706 1334 ὲν
2733 1281 2868 1352 αὐτῇ
2896 1281 3136 1352 λογάδων
3161 1284 3256 1356 τὴν
3287 1286 3425 1358 ὑπὲρ
3447 1287 3546 1340 τοῦ
3572 1306 3719 1342 κατα-

2165 1367 2345 1436 μεῖναι
2395 1369 2485 1422 τὸν
2527 1369 2693 1442 ἄνδρα.
2748 1372 2982 1445 σπουδὴν
3002 1415 3017 1440 ,
3067 1375 3174 1430 τῶν
3227 1394 3284 1430 τε
3332 1378 3718 1450 ἐπιδημούντων

2160 1458 2341 1524 αὐτοῖς
2370 1460 2646 1532 ἀρχόντων
2674 1463 2769 1535 τὴν
2789 1467 2868 1528 είς
2893 1465 3024 1519 αὐτὸ
3042 1465 3200 1520 τοῦτο
3223 1468 3535 1539 προθυμίαν
3562 1488 3718 1542 παρα-

2155 1547 2443 1616 δέξασθαιο
2478 1549 2559 1616 οἷς
2599 1557 2730 1609 πᾶσι
2782 1555 2983 1620 σκοπὸς
3026 1552 3117 1628 ῆν,
3175 1561 3354 1628 μεῖναι
3393 1561 3528 1630 παρ’
3558 1561 3718 1626 αὐτοῖς

2155 1640 2247 1694 τὸν
2294 1641 2466 1714 μέγαν
2521 1644 2760 1712 ἐκεῖνον,
2793 1645 3043 1719 καθάπερ
3090 1649 3332 1720 οἰκιστὴν
3376 1650 3608 1722 ἀρετῆς,
3639 1653 3716 1706 καὶ

2159 1731 2275 1802 βίου
2309 1733 2602 1806 νομοθέτην
2633 1737 2889 1808 ἐσόμενον
2908 1753 2922 1769 ο
2977 1738 3115 1792 ἀλλά
3160 1739 3374 1809 φεύγων
3403 1743 3716 1812 πανταχόθεν

2155 1825 2254 1888 τὰς
2308 1827 2444 1898 πρὸς
2493 1828 2584 1882 τὸν
2615 1827 2784 1899 τύφον
2821 1829 2992 1898 ὔλας,
3042 1831 3200 1896 εἰδὼς
3249 1833 3491 1905 ἀρχηγὸν
3542 1835 3612 1900 ὡς
3656 1836 3713 1889 τὰ

2155 1917 2326 1971 πολλά
2374 1918 2470 1972 τοῦ
2507 1921 2649 1974 κατά
2696 1922 2892 1977 κακίαν
2932 1922 3049 1993 βίου
3099 1925 3160 1978 τὸ
3207 1927 3326 1980 καθ’
3361 1928 3713 1999 ὑπερηφανίαν

2155 2005 2324 2070 πάθος
2361 2009 2643 2080 γινόμενον
2667 2051 2682 2076 ,
2720 2011 2907 2085 ὥσπερ
2949 2015 3071 2069 τινὰ
3101 2015 3294 2087 λιμένα
3320 2059 3334 2085 ,
3376 2018 3468 2072 τὸν
3514 2021 3710 2092 ἡσύχων

2153 2099 2245 2151 ἐπὶ
2273 2100 2371 2170 τῆς
2407 2103 2663 2174 πατρίδος
2697 2105 2904 2175 μέτεισι
2942 2107 3075 2177 βίον.
3103 2110 3309 2175 Παντρς
3340 2109 3398 2164 δὲ
3431 2111 3530 2166 τοῦ
3551 2112 3709 2178 ἔθνους

2154 2189 2290 2262 πρὸς
2325 2192 2416 2244 τὸν
2448 2192 2612 2266 ἀνδρα
2647 2195 2931 2264 βλέποντος
2953 2237 2970 2262 ,
2999 2201 3093 2252 καὶ
3123 2198 3338 2255 πάντων
3369 2204 3710 2275 προσδεχομέ-

2153 2299 2260 2336 νων
2302 2283 2645 2354 δημοσιεύειν
2676 2288 2837 2342 αὐτὸν
2864 2291 2920 2342 ὲν
2952 2294 3152 2355 κοινοῖς
3182 2292 3456 2362 συλλόγοις
3485 2295 3580 2366 τὴν
3602 2295 3709 2348 παί-

2151 2371 2351 2436 δευσιν,
2391 2373 2467 2438 ὡς
2497 2375 2562 2430 ἀν
2587 2393 2708 2430 τινα
2735 2379 2947 2450 καρπὸν
2978 2381 3134 2452 σχοίη
3166 2382 3274 2436 τῶν
3307 2384 3536 2456 μακρῶν
3556 2387 3709 2440 πόνων

2151 2463 2251 2536 τὴν
2304 2467 2390 2519 ἐπ’
2418 2467 2598 2532 αὐτοῖς
2637 2467 3019 2541 εὐδοκίμησινο
3052 2472 3207 2536 εἰδὼς
3235 2475 3264 2526 ό
3305 2475 3482 2545 μέγας
3529 2478 3707 2540 ἐκεῖνος

2152 2553 2276 2608 ὅθεν
2302 2557 2571 2627 προσήκει
2590 2556 2688 2629 τὴν
2714 2558 2890 2631 ἀληθῆ
2921 2561 3237 2632 φιλοσοφίαν
3263 2563 3414 2636 παρὰ
3434 2566 3547 2621 τῶν
3570 2567 3707 2636 ἀκρι-

2152 2645 2264 2708 ϐῶς
2307 2647 2597 2716 μετιόντων
2628 2649 3048 2720 δημοσιεύεσθαι
3073 2694 3087 2719 ,
3122 2653 3198 2718 ὡς
3229 2654 3296 2709 ἂν
3325 2657 3538 2728 μήποτε
3577 2656 3708 2726 φιλο-
3744 2676 3754 2687 ·

2149 2736 2308 2808 τιμίᾳ
2341 2738 2446 2792 τινὶ
2472 2738 2569 2810 τὴν
2593 2739 2772 2813 ψυχὴν
2812 2743 3045 2816 τρωθείη
3087 2745 3105 2816 (
3133 2745 3304 2811 δεινὸς
3325 2749 3433 2819 γάρ
3481 2750 3592 2802 ἐστι
3617 2747 3710 2801 τῶν

2151 2827 2454 2882 ἀκουόντων
2496 2832 2524 2882 ὁ
2551 2829 2790 2896 ἔπαινος,
2841 2833 2994 2906 τύφῳ
3034 2837 3142 2889 τινὶ
3179 2837 3272 2890 καὶ
3317 2837 3586 2910 φιλοδοξίᾳ
3623 2837 3710 2908 τῆς

2149 2918 2328 2989 ψυχῆς
2358 2919 2739 2991 ύποχαυνῶσαι
2766 2921 2829 2976 τὸ
2858 2923 3164 2997 σύντονον),
3203 2928 3392 2982 τούτου
3420 2930 3578 3001 χάριν
3605 2929 3707 2982 ἐπί-

2149 3011 2314 3076 δειξιν
2339 3015 2570 3067 ποιεῖται
2605 3015 2701 3085 τὴν
2730 3017 2937 3089 σιωπὴν
2960 3059 2974 3084 ,
3003 3017 3148 3090 ἔργῳ
3185 3019 3396 3085 δεικνὺς
3421 3022 3513 3075 τὸν
3547 3019 3706 3091 ὲγκείυ

467 3083 766 3139 amhitione
799 3083 1187 3138 vulneraretur
1219 3081 1371 3152 (laus
1403 3083 1549 3138 enim
1581 3084 1893 3140 auditorum
1927 3101 2045 3140 ma-

469 3189 626 3198 .-.-.....
656 3175 763 3198 ..2-..
799 3172 955 3198 Ιιιιιιιιι
1019 3173 1258 3198 -.ζηΑ-υι...
1312 3189 1374 3198 -.-
1425 3174 1806 3198 Ωμ-Αξι--λζ..-...
1875 3177 2039 3198 -..2..-2

2153 3118 2312 3173 μενον
2341 3101 2612 3176 θησαυρὸν
2638 3081 2669 3170 ,⁷
2687 3105 2807 3176 οὐχὶ
3118 3081 3213 3162 καὶ
3239 3110 3347 3164 τῶν
3377 3081 3499 3165 κατ’
3525 3081 3710 3182 ἀγορὰν

467 3189 627 3242 gnam
656 3175 765 3228 vim
799 3172 979 3234 habet,
1019 3173 1262 3244 vigorem
1311 3189 1377 3229 ac
1424 3174 1813 3231 iinnitudinem
1874 3177 2042 3233 animi

465 3263 612 3322 fastu
648 3265 886 3336 quodam
930 3278 995 3320 ac
1030 3265 1218 3335 gloriae
1249 3265 1432 3322 studio
1463 3265 1688 3322 inﬂandi
1733 3276 1898 3339 atque
1927 3270 2044 3326 sol-

465 3359 684 3430 vendi).
716 3358 925 3414 idcirco
954 3358 1176 3414 silentio
1203 3358 1374 3415 utitur
1401 3375 1501 3431 pro
1523 3359 1852 3416 documento
1883 3369 2046 3433 atque

383 3486 392 3494 ε
465 3450 831 3505 ostentatione
885 3463 1000 3504 suae
1040 3448 1390 3514 eruditionis,
1445 3465 1504 3505 re
1547 3449 1690 3521 ipsa,
1721 3466 1833 3506 non
1869 3452 2046 3510 verbis

465 3539 762 3595 ostendens
795 3539 1138 3594 reconditum
1181 3538 1238 3592 in
1276 3539 1464 3594 animo
1491 3537 1834 3606 thesaurum,
1885 3556 2046 3596 cum-

465 3645 573 3700 que
626 3645 748 3686 sese
782 3645 813 3684 a
863 3630 1041 3686 turbis
1073 3630 1407 3698 forensibus,
1461 3639 1517 3686 et
1567 3631 1637 3687 ab
1691 3633 1900 3688 urbana
1934 3634 2042 3688 vita

466 3720 688 3790 penitus
729 3722 1085 3792 sejunxisset,
1122 3723 1177 3778 in
1231 3723 1527 3779 solitudine
1569 3723 1804 3795 quadam
1854 3739 2040 3781 secum

465 3815 636 3880 solus,
672 3829 735 3868 ac
784 3830 881 3884 per
929 3827 1052 3871 sese
1087 3830 1213 3870 cum
1244 3813 1355 3872 Deo
1403 3817 1749 3883 versabatur,
1799 3818 2042 3874 universi

401 3928 411 3934 -
465 3905 653 3960 mundi
687 3920 980 3976 rerumque
1012 3905 1412 3962 mundanarum
1457 3923 1678 3978 parvam
1706 3921 1896 3963 curam
1947 3923 2041 3980 ge-

464 4011 614 4064 rens,
648 4013 756 4052 non
785 3997 852 4053 de
874 3995 1096 4067 regibus
1127 3997 1343 4052 curiose
1387 3997 1693 4068 inquirens,
1727 4015 1837 4054 non
1866 4000 2040 4071 magi-

465 4097 672 4144 stratus
724 4087 1026 4152 excutiens,
1086 4099 1196 4141 non
1243 4101 1310 4141 ex
1360 4085 1544 4156 aliquo
1581 4095 2042 4143 commemorante

465 4179 720 4243 audiens,
767 4183 827 4231 ut
862 4187 951 4232 res
979 4190 1223 4247 quaequae
1255 4176 1472 4246 publica
1517 4176 2037 4245 administraretur;

463 4272 558 4330 sed
585 4281 644 4337 ut
673 4271 890 4326 animus
911 4271 1114 4327 virtute
1139 4269 1417 4341 perfectus
1443 4267 1716 4336 evaderet,
1744 4269 2035 4335 sollicitus,

462 4363 528 4414 ad
571 4360 675 4414 hoc
712 4361 860 4414 onmi
907 4360 1088 4416 studio
1122 4375 1220 4429 per
1269 4368 1436 4414 totam
1470 4359 1637 4414 vitam
1671 4359 2038 4414 contendebat

2149 3192 2413 3264 θορύϐων,
2447 3195 2540 3248 καὶ
2566 3195 2793 3249 καθόλου
2837 3197 2936 3268 τῆς
2969 3200 3026 3252 ὲν
3054 3199 3205 3253 ἄστει
3233 3200 3513 3272 διαγωγῆς
3539 3201 3710 3254 ἑαυτὸν

2146 3284 2385 3354 χωρίσας
2410 3325 2424 3349 ,
2449 3286 2507 3338 ὲν
2558 3287 2785 3358 ἐσχατιᾷ
2823 3304 2927 3342 τινι
2971 3289 3150 3361 ἐαυτῷ
3191 3291 3338 3362 μόνῳ
3392 3292 3557 3362 συνῆν
3579 3332 3610 3362 ,ς
3625 3293 3712 3343 καὶ

2144 3373 2210 3427 δι’
2249 3373 2442 3428 ἑαυτοῦ
2473 3372 2550 3446 τῷ
2579 3374 2736 3447 Θεῷ,
2776 3376 2972 3448 μικρὸν
3028 3380 3226 3444 παντὸς
3270 3379 3366 3433 τοῦ
3398 3383 3598 3452 κόσμου
3627 3381 3715 3434 καὶ

2143 3465 2251 3521 τῶν
2279 3468 2337 3522 ὲν
2375 3467 2525 3538 αὐτῷ
2557 3468 2712 3537 λόγον
2744 3469 3083 3541 ποιούμενος,
3115 3473 3176 3526 ού
3228 3471 3502 3542 βασιλείας
3548 3475 3710 3528 πολυ-

2146 3557 2502 3626 πραγμονῶν,
2531 3558 2629 3612 ούκ
2661 3558 2834 3630 ἀρχὰς
2865 3558 3129 3625 ἐξετάζων
3149 3601 3164 3625 ,
3207 3564 3265 3616 οὐ
3305 3564 3418 3628 πῶς
3438 3564 3712 3618 διοικεῖταξ

2143 3665 2196 3700 τι
2239 3648 2347 3704 τῶν
2399 3649 2592 3704 κοινῶν
2638 3649 2923 3716 διεξιόντος
2971 3653 3223 3708 ἀκούων⁸
3270 3656 3378 3711 ἀλλ’
3408 3656 3547 3719 ὃποκ
3579 3656 3644 3709 ἂν
3675 3659 3712 3726 ἡ

2142 3737 2286 3810 ψυχὴ
2312 3739 2378 3793 δι’
2409 3740 2610 3812 ἀρετῆς
2646 3741 2954 3816 τελειωθείη
2985 3782 3001 3806 ,
3043 3746 3141 3816 τὴν
3173 3746 3426 3818 φροντίδα
3469 3746 3731 3818 ποιούμε-

2144 3846 2263 3894 νος,
2290 3829 2424 3902 πρὸς
2454 3830 2612 3884 τοῦτο
2637 3835 2701 3902 τῇ
2728 3834 2930 3904 σπουδῇ
2965 3837 3236 3891 συνέτεινε
3256 3838 3347 3891 τὸν
3378 3839 3556 3892 πάντα
3582 3838 3714 3909 βίον,

2143 3921 2238 3975 καὶ
2273 3922 2342 3975 τὰ
2370 3923 2426 3974 ἐν
2462 3922 2610 3993 αὐτῷ
2643 3925 2946 3994 πράγματα
2991 3927 3202 3998 χαίρειν
3231 3930 3427 3995 ἐάσας,
3457 3931 3613 3996 ἀλλος
3636 3949 3717 3995 τις

2147 4005 2304 4076 οὗτος
2357 4013 2413 4064 ὲν
2455 4017 2567 4078 τοῖς
2610 4014 2728 4068 καθ’
2777 4017 2922 4087 ἡμᾶς
2957 4019 3168 4088 χρόνοις
3197 4021 3437 4090 Μωῦσῆς
3487 4022 3716 4091 ἀτεχνῶς

2146 4104 2282 4174 πρὸς
2312 4106 2379 4158 τὰ
2413 4104 2623 4159 ἐκείνου
2652 4106 2907 4179 θαύματα
2938 4110 3033 4180 τὴν
3063 4110 3292 4182 ἅμιλλαν
3332 4113 3492 4183 ἔχων.
3541 4113 3719 4186 Ἐξῆλ-

2143 4195 2234 4250 θον
2259 4197 2560 4269 ἀμφότεροι
2593 4199 2686 4252 τοῦ
2731 4189 3075 4272 ταραχώδους
3100 4204 3290 4258 τούτου
3335 4206 3430 4259 καὶ
3460 4225 3715 4279 creptan-

2143 4286 2304 4356 μένου
2346 4287 2460 4357 βίου
2489 4331 2502 4352 ,
2537 4291 2777 4362 Μωῦσῆς
2807 4294 2897 4345 καὶ
2925 4293 2962 4344 Γ
2967 4295 3222 4366 ρηγόριος
3242 4338 3256 4363 ,
3293 4297 3432 4351 κατά
3467 4300 3562 4353 τὸν
3593 4300 3717 4353 ἴδιον

2139 4377 2397 4448 ἑκάτερος
2433 4380 2620 4448 χρόνον
2669 4383 2753 4451 ἐφ’
2793 4384 2984 4438 ἑαυτὸν
3021 4387 3350 4451 ίδιάσαντες,
3392 4389 3497 4454 ἓως
3545 4393 3716 4460 ἐμφα-

463 4461 626 4521 atque
657 4451 1004 4506 enitebatur:
1043 4450 1354 4519 saeculoque
1387 4450 1535 4504 omni
1572 4464 1635 4504 ac
1671 4449 1834 4504 rebus
1859 4464 2032 4505 saecu-

2147 4467 2229 4532 νὲς
2259 4468 2588 4540 ἀμφοτέροις
2623 4473 2687 4524 ἐκ
2735 4471 3051 4542 θεοφανείας
3078 4477 3294 4544 ἐγένετο
3340 4481 3435 4532 τοῦ
3481 4479 3716 4549 καοαωῦ

463 4544 668 4599 laribus
716 4543 1047 4609 valediccns,
1101 4541 1241 4596 alter
1297 4541 1388 4595 hic
1441 4541 1649 4596 nostris
1699 4541 2036 4612 temporibus

463 4638 619 4706 plane
642 4634 856 4705 Moyses
883 4633 1003 4696 fuit,
1031 4634 1122 4703 qui
1150 4649 1276 4687 cum
1301 4633 1448 4689 illius
1474 4633 1756 4688 miraculis
1777 4640 2032 4688 certaret.

462 4728 761 4783 Exivcrunt
799 4735 1031 4795 uterque
1060 4740 1126 4780 ex
1156 4725 1474 4780 turbulento
1515 4725 1948 4796 strepitibusque
1981 4731 2035 4778 et

458 4820 793 4876 clamoribus
840 4820 1274 4875 circumsonanti
1327 4819 1431 4874 hoc
1463 4819 1685 4884 saeculo,
1744 4817 1954 4890 Moyses
1981 4828 2035 4874 et

457 4907 775 4977 Gregorius,
830 4923 932 4964 suo
975 4918 1206 4979 uterque
1253 4917 1498 4980 tempore
1543 4923 1638 4978 per
1671 4923 1731 4963 se
1779 4909 2030 4980 privatim

455 5003 620 5055 vitam
672 5001 950 5070 degentes,
1007 4999 1186 5071 quoad
1221 4999 1557 5055 revelatione
1603 5008 1658 5054 et
1689 5001 2032 5072 apparitione

457 5093 640 5147 divina
673 5092 919 5162 utrisque
948 5107 1099 5161 purae
1131 5092 1252 5146 vitae
1292 5092 1504 5146 lucrum
1540 5091 2025 5149 manifestaretur:

457 5185 552 5240 scd
603 5184 825 5255 Moysen
880 5182 1098 5253 quidem
1155 5197 1260 5238 una
1296 5198 1421 5238 cum
1471 5182 1820 5254 philosophia
1861 5186 2023 5241 etiam

455 5291 592 5330 uxor
629 5275 996 5346 sequebatur;
1047 5273 1344 5344 Gregorius
1375 5281 1556 5329 autem
1591 5276 1878 5348 conjugem
1922 5277 2026 5332 sibi

453 5373 626 5427 solam
651 5373 908 5427 virtutem
938 5371 1208 5442 adjunxit.
1242 5369 1380 5426 Cum
1409 5371 1574 5444 igitur
1599 5371 1674 5438 id,
1701 5373 1846 5445 quod
1878 5381 2026 5428 uter-

452 5481 558 5532 que
581 5467 792 5536 agebat,
849 5465 1038 5520 eodem
1080 5464 1378 5536 pertineret
1409 5465 1429 5536 (
1441 5477 1604 5520 causa
1635 5468 1780 5521 enim
1825 5465 2023 5529 ﬁnalis,

454 5555 520 5607 ad
553 5571 714 5624 quam
752 5564 980 5627 uterque
1019 5573 1048 5610 a
1076 5556 1237 5626 vulgo
1272 5556 1536 5611 secedens
1568 5558 1872 5626 spectabat,
1911 5558 2025 5613 haec

455 5642 704 5700 videlicet
745 5655 883 5714 erat,
939 5655 995 5703 ut
1025 5641 1166 5718 puro
1198 5647 1367 5702 animi
1413 5647 1570 5703 oculo
1611 5647 1801 5704 liceret
1830 5648 1909 5705 eis
1941 5649 2024 5704 di-

2142 4558 2257 4628 βίου
2300 4561 2360 4612 τὸ
2390 4560 2578 4632 κέρδος
2600 4580 2612 4593 ·
2644 4562 2778 4618 ἀλλὰ
2812 4566 3036 4618 Μωῦσεῖ
3079 4567 3176 4637 μὲν
3215 4571 3353 4623 κατά
3378 4572 3474 4637 τῆς
3509 4571 3714 4640 φιλοσο‹

2141 4648 2267 4719 φίας
2296 4653 2389 4703 καὶ
2413 4654 2626 4725 γαμετὴ
2662 4658 3033 4724 συνεφείπετο·
3058 4659 3357 4730 Γρηγόριος
3382 4662 3439 4716 δὲ
3477 4664 3714 4716 σύνοικον

2141 4740 2317 4811 ἐαυτῷ
2345 4742 2511 4813 μόνην
2541 4745 2638 4814 τὴν
2665 4747 2863 4816 ἀρετὴν
2898 4748 3208 4819 ἐποιήσατο.
3239 4751 3345 4804 Τοῦ
3378 4754 3558 4806 τοίνυν
3601 4771 3712 4806 σκο-

2141 4833 2244 4888 ποῦ
2272 4835 2332 4887 τὸ
2363 4835 2475 4888 ἴσον
2510 4835 2723 4907 ἔχοντος
2764 4839 2821 4892 ἐν
2853 4841 3181 4912 ἀμφοτέροις
3229 4844 3248 4912 (
3276 4845 3450 4915 πέρας
3477 4845 3585 4914 γὰρ
3615 4844 3712 4897 τῶν

2139 4926 2460 4997 ἀμφοτέρων
2497 4927 2596 4999 τῆς
2636 4930 2743 4982 τῶν
2789 4931 2998 4984 πολλῶν
3047 4935 3451 5006 ἀναχωρήσεως
3499 4933 3570 5008 ἦν
3594 4977 3610 5001 ,
3641 4936 3710 5004 τῷ

2139 5011 2362 5085 καθαρῷ
2382 5014 2480 5085 τῆς
2506 5015 2684 5088 ψυχῆς
2714 5017 2975 5090 ὀφθαλμῷ
3003 5024 3338 5094 κατανοῆσαι
3368 5025 3436 5080 τὰ
3468 5025 3594 5079 θεῖα
3621 5044 3709 5096 μυ-

2139 5103 2409 5176 στήρια),
2463 5107 2666 5178 κρίνειν
2722 5107 2895 5172 ἔξεστι
2948 5110 3026 5181 τῷ
3087 5113 3224 5183 πρὸς
3276 5115 3479 5184 ἀρετὴν
3538 5115 3707 5172 καλῶς

2137 5194 2350 5264 βλέπειν
2376 5198 2720 5270 ἐπισταμένῳ
2742 5242 2756 5266 ,
2791 5202 3036 5274 ὁποτέρῳ
3067 5204 3270 5258 τούτων
3312 5207 3513 5276 μᾶλλον
3551 5210 3580 5260 ὁ
3605 5206 3704 5277 βίος

2134 5287 2202 5339 δι’
2227 5287 2492 5353 ἀπαθείας
2525 5290 2714 5359 γέγονε
2734 5334 2746 5358 ,
2777 5291 2854 5364 τῷ
2888 5293 3024 5365 πρὸς
3054 5293 3151 5365 τὴν
3185 5297 3415 5368 νόμιμον
3444 5300 3540 5354 καὶ
3592 5315 3702 5365 σατ-

2136 5375 2524 5447 κεχωρημένην
2579 5379 2873 5434 καταϐάντι
2917 5381 3024 5435 τῶν
3079 5383 3280 5454 ἡδονῶν
3320 5386 3696 5458 μετουσίανοῆ

2133 5467 2210 5537 τῷ
2239 5468 2354 5520 κατ’
2383 5469 2552 5538 αὐτῆς
2582 5471 2940 5545 ὑπεραρθέντι
2966 5517 2980 5540 ,
3011 5475 3104 5529 καὶ
3146 5479 3416 5550 μηδεμίαν
3456 5479 3698 5534 δεδωκότι

2134 5559 2253 5611 καθ’
2281 5559 2472 5613 ἑαυτοῦ
2506 5562 2735 5632 πάροδον
2762 5568 2826 5636 τῇ
2869 5567 3022 5639 ὑλικῇ
3054 5570 3416 5643 προσπαθείᾳ.
3446 5573 3695 5640 Φαιδίμου

2132 5649 2186 5703 δὲ
2211 5651 2350 5705 κατὰ
2374 5651 2463 5706 τὸν
2482 5656 2668 5724 χρόνον
2693 5656 2895 5711 ἐκεῖνον
2910 5657 3011 5728 τῆς
3041 5659 3095 5710 Ἀ
3107 5661 3356 5730 μασαίων
3384 5661 3700 5735 Ἐκκλησίας
