4002 6206
319 227 431 282 909

1275 221 1364 278 DE
1403 219 1660 277 VITA‘S.
1688 215 2024 274 'GREGOBII
2066 211 2595 271 THAUMATURGL

3466 217 3567 280 ειο

315 343 733 415 καθηγουμένου
749 360 762 374 ο
783 330 828 410 ᾦ
857 342 1041 396 θεόθεν
1063 342 1122 408 ἐξ
1139 342 1294 412 ἁγίου
1321 343 1458 396 Πνεύ
1467 359 1635 412 ματος
1660 357 1895 412 προγνω·

1999 339 2124 394 vina
2170 336 2429 408 mysteria
2461 333 2893 390 animadvertere
2945 344 3106 404 atque
3154 337 3566 410 considerare).

319 439 481 506 στική
517 451 602 498 τις
632 433 860 504 δύναμις
889 429 957 504 ἦν
977 448 990 463 °
1033 433 1128 486 καὶ
1155 434 1334 487 πᾶσαν
1369 433 1688 503 ποιουμένου
1722 448 1892 484 σπου-

317 528 440 599 δὴν,
477 526 627 588 ὅπως
675 524 985 596 ὑποχείριον
1017 523 1195 577 λαϐὼν
1228 524 1318 576 τδν
1367 525 1538 595 μέγαν
1575 522 1892 594 Γρηγόριον,

319 617 401 681 είς
424 615 748 686 Ἐκκλησίας
775 616 949 687 ἀρχὴν
971 616 1188 684 ἀγάγοι,
1214 615 1288 678 ὡς
1309 616 1375 668 ἂν
1403 615 1476 686 μὴ
1494 614 1746 667 τοσοῦτον
1763 615 1895 682 ἀγα-

313 709 416 763 θὸν
471 706 640 778 ἀργόν
680 722 740 758 τε
791 707 884 760 καὶ
923 707 1178 776 ἀνόνητον
1231 704 1578 777 παραδράμοι
1606 705 1697 759 τὸν
1741 704 1891 775 βίον·

319 800 423 870 τῆς
447 799 625 870 δρμῆς
654 793 809 860 οὗτος
848 795 939 850 τοῦ
987 797 1177 866 ἱερέως
1222 797 1575 868 αἰσθόμενος,
1612 796 1895 850 λανθάνειν

319 889 653 961 ἐμηχανᾶτο,
690 886 818 940 ἄλλο
845 903 905 939 τε
938 886 1075 957 πρὸς
1109 886 1272 954 ἄλλην
1310 886 1544 958 ἐρημίαν
1576 886 1896 957 μετανιστά-

322 995 503 1050 μενος.
536 975 690 1030 Ἐπεὶ
715 976 771 1029 δέ
806 977 988 1029 πᾶσαν
1019 975 1231 1040 καθιεὶς
1271 979 1465 1048 πεῖραν
1493 980 1522 1030 ὀ
1550 977 1718 1040 πολὺς
1751 979 1895 1030 ἐκεῖ·

321 1087 413 1132 νος
439 1068 722 1139 Φαίδιμος,
757 1066 858 1120 καὶ
883 1067 1034 1139 πάσῃ
1066 1070 1280 1139 μηχανῇ
1307 1085 1366 1122 τε
1393 1069 1487 1122 καὶ
1515 1069 1730 1140 ἐπινοίᾳ
1752 1067 1895 1139 χρώ-

320 1178 511 1232 μενος,
543 1159 641 1228 οὐχ
674 1152 785 1220 οἷός
813 1173 872 1210 τε
905 1152 972 1228 ἦν
1003 1163 1374 1228 προσαγαγεῖν
1409 1162 1474 1230 τῇ
1512 1159 1780 1232 ἱερωσύνῃ
1802 1160 1894 1213 τὸν

308 1252 520 1322 ἄνδρα,
553 1251 765 1323 μυρίοις
804 1251 1016 1322 δμμασι
1050 1251 1112 1304 τὸ
1147 1251 1222 1322 μὴ
1261 1252 1462 1305 ἁλῶναί
1494 1270 1624 1306 ποτε
1654 1255 1719 1324 τῇ
1751 1252 1895 1323 χειρὶ

317 1344 411 1397 τοῦ
467 1343 660 1414 ἱερέως
709 1343 1264 1415 προφυλασσόμενον,
1331 1345 1423 1398 καὶ
1478 1341 1549 1416 ἦν
1596 1344 1894 1415 ἐφάμιλλος

321 1434 526 1500 σπουδὴ
567 1434 898 1505 ἀμφοτέροις
922 1451 935 1464 ·
981 1434 1076 1488 τοῦ
1131 1435 1230 1505 μὲν
1277 1435 1418 1490 ἐλεῖν
1478 1436 1890 1507 ἐπιθυμοῦντος,

313 1524 411 1578 τοῦ
443 1523 502 1578 δὲ
530 1523 833 1592 ἀποφυγεῖν
863 1522 956 1584 τὸν
993 1522 1256 1577 διώκοντα
1281 1523 1300 1594 (
1321 1525 1350 1577 ὁ
1381 1525 1478 1595 μὲν
1523 1524 1632 1596 γάρ
1665 1525 1780 1596 ᾔδει
1815 1524 1893 1596 τῷ

316 1614 435 1686 Θεῷ
475 1615 764 1684 προσάξειν
789 1613 936 1685 ἱερὸν
961 1613 1238 1688 ἀνάθημα,
1272 1617 1300 1669 ὁ
1323 1615 1379 1669 δὲ
1403 1615 1692 1681 ἐδεδοίκει,
1738 1617 1810 1688 μή
1837 1631 1892 1669 τι

1991 429 2241 500 judicare
2260 428 2387 482 licet
2405 426 2665 481 virtutem
2691 436 2840 480 recte
2868 433 3116 495 spectare
3145 426 3365 492 scienti,
3390 429 3570 484 utrius

1995 521 2192 574 horum
2222 517 2332 572 vita
2379 532 2478 587 per
2507 515 2834 570 vacuitatem
2869 514 3230 570 humanorum
3275 515 3570 573 affectuum

1995 611 2172 682 magis
2206 617 2481 669 tmnsacta
2511 608 2620 662 sit:
2654 607 2894 671 illiusne,
2923 607 3015 676 qui
3049 608 3117 662 ad
3153 608 3452 679 legitimum
3487 617 3571 663 at-

1997 718 2103 773 que
2131 717 2453 757 concessum
2492 700 2830 770 voluptatum
2869 715 3030 755 usum
3064 699 3423 757 descenderat
3451 743 3465 766 ,
3499 719 3569 758 an

1998 795 2162 864 hujus
2199 795 2292 864 qui
2345 801 2399 849 et
2447 794 2783 863 voluptatem
2839 793 3136 865 superavit,
3191 802 3244 848 et
3301 796 3568 851 materi:.li

1997 904 2307 960 crassusque
2362 888 2634 944 atl‘ectioni
2688 888 2899 942 nullum
2953 887 3214 944 adversus
3257 903 3316 944 se
3362 887 3568 943 aditum

1997 982 2165 1037 dedit.
2217 977 2486 1036 Caeterum
2538 995 2662 1035 cum
2710 979 3040 1046 Phaedimus,
3095 979 3186 1035 cui
3238 980 3499 1036 divinitus
3539 997 3570 1034 ιι

1997 1070 2205 1142 Spirittt
2259 1079 2451 1126 sancto
2497 1071 2722 1142 przescia
2768 1070 3143 1142 (futurorum)
3189 1071 3273 1128 iis
3322 1072 3568 1142 quaedam

1999 1163 2197 1229 inerat,
2233 1163 2288 1217 in
2330 1163 2421 1217 illo
2462 1172 2703 1233 tempore
2739 1162 3122 1218 Amasensium
3162 1161 3421 1218 Ecclesia:
3473 1178 3571 1217 an-

1991 1253 2153 1308 tistes
2185 1258 2353 1316 esset,
2389 1258 2444 1307 et
2479 1252 2627 1305 omni
2660 1251 2840 1307 studio
2885 1251 3182 1316 laboraret,
3221 1261 3281 1306 ut
3309 1268 3569 1324 magnum

1997 1340 2317 1412 Gregorium
2355 1341 2410 1394 in
2451 1348 2788 1411 potestatem
2823 1341 3128 1405 redactum,
3166 1341 3423 1398 Ecclesia:
3469 1342 3568 1395 ad-

1997 1435 2386 1489 ministrationi
2421 1434 2742 1504 praeficeret,
2773 1452 2842 1490 ne
2863 1443 3075 1490 tantum
3103 1436 3305 1491 bonum
3331 1437 3568 1492 otiosum

1995 1535 2051 1584 et
2070 1527 2452 1598 infrugiferum
2470 1528 2635 1582 vitam
2661 1527 3016 1598 transigeret:
3041 1537 3096 1583 ut
3117 1528 3206 1582 hic
3231 1528 3570 1584 sacerdotem

1991 1619 2051 1674 id
2079 1620 2286 1690 agitare
2319 1630 2486 1690 atque
2510 1621 2701 1674 conari
2730 1621 2923 1687 sensit,
2965 1621 3207 1690 cOgitare
3237 1620 3425 1691 coepit,
3456 1635 3564 1691 qua

317 1706 542 1776 γένηται
596 1705 746 1775 αὐτῷ
801 1705 938 1776 πρὸς
989 1704 1306 1774 φιλοσοφίας
1371 1707 1628 1777 ἐμπόδιον
1687 1703 1797 1760 οἶόν
1841 1724 1895 1760 τι

2001 1711 2212 1766 ratione
2257 1711 2426 1765 latere
2457 1718 2668 1781 posset,
2729 1711 2864 1765 alias
2910 1710 2975 1765 ad
3007 1710 3168 1764 aliam
3215 1709 3568 1766 solitudinem

317 1796 539 1867 φορτίον
561 1797 596 1866 ἡ
623 1796 720 1866 τῆς
743 1795 1038 1866 ἱερωσύνης
1069 1796 1288 1868 φροντὶς
1318 1797 1616 1868 ὲπαχθεῖσα
1639 1796 1718 1867 τῷ
1750 1797 1892 1869 βίῳ)’

307 1885 510 1940 ’τούτου
547 1886 708 1957 χάριν
751 1886 895 1957 ὁρμῇ
938 1903 1044 1941 τινι
1089 1887 1336 1960 θειοτέρα
1370 1887 1500 1959 περὶ
1541 1889 1641 1961 τὴν
1671 1906 1895 1961 προκει-

311 1977 491 2047 μένην
530 1977 762 2048 σπουδὴν
807 1977 1068 2050 ἐπαρθεὶς
1096 1981 1124 2032 ὁ
1143 1979 1399 2051 Φαίδιμος
1417 2019 1432 2043 ,
1462 1980 1613 2034 οὐδὲν
1644 1981 1895 2053 προσχὼν

319 2070 398 2141 τῷ
436 2069 637 2140 μεταξὺ
683 2070 1045 2141 διαστήματι,
1099 2065 1252 2142 ᾧπερ
1305 2071 1416 2125 ἀπὸ
1465 2071 1560 2125 τοῦ
1595 2073 1894 2145 Γρηγορίου

317 2160 586 2231 διείργετο
638 2161 848 2232 (τριῶν
880 2160 1101 2232 ἡμερῶν
1143 2161 1261 2215 ὁδὸν
1295 2161 1504 2215 ἐκείνου
1539 2161 1894 2234 ἀπέχοντος),

318 2251 456 2304 ἀλλὰ
493 2251 630 2323 πρὸς
656 2251 748 2304 τὸν
792 2249 923 2304 Θεὸν
961 2250 1272 2321 ἀναϐλέψας
1299 2291 1313 2313 ,
1362 2253 1458 2306 καὶ
1491 2250 1658 2306 εἰπὼν
1695 2253 1898 2321 ὁμοίως

319 2342 514 2396 ἐαυτὸν
543 2360 603 2395 τε
654 2342 902 2396 κάκεῖνον
951 2344 1045 2396 ἐπὶ
1090 2343 1187 2414 τῆς
1220 2344 1370 2414 ὥρας
1397 2343 1612 2414 ἐκείνης
1650 2343 1756 2396 ὑπὸ
1800 2343 1896 2398 τοῦ

303 2431 459 2487 ’Θεοῦ
490 2432 824 2505 καθορᾶσθαι
846 2475 862 2499 ,
899 2434 1021 2488 ἀντὶ
1063 2434 1243 2506 χειρὸς
1270 2434 1468 2504 ἐπάγει
1497 2433 1578 2504 τῷ
1609 2434 1896 2507 Γρηγορίῳ

317 2523 413 2579 τὸν
455 2521 648 2592 λόγον,
684 2525 999 2597 άφιερὼσας
1041 2525 1120 2596 τῷ
1156 2525 1276 2596 Θεῷ
1321 2526 1412 2580 τὸν
1458 2526 1786 2597 σωματικῶς
1834 2527 1897 2581 οὐ

320 2617 588 2689 παρόντα,
628 2618 721 2671 καὶ
752 2618 1150 2690 ἀποκληρώσας
1177 2617 1327 2689 αὐτῷ
1351 2618 1450 2688 τὴν
1477 2618 1632 2672 πόλιν
1661 2619 1897 2688 ἐκείνην,

1995 1803 2291 1858 transiens.
2333 1802 2439 1859 Sed
2497 1815 2847 1874 posteaquam
2902 1803 3037 1858 nihil
3079 1818 3189 1858 non
3242 1805 3568 1860 intentatum

1995 1894 2336 1964 relinquens.
2401 1895 2492 1950 ille
2537 1896 2622 1947 vir
2669 1909 2898 1964 magnus
2947 1893 3277 1959 Phaedimus,
3331 1904 3384 1950 et
3421 1894 3569 1948 omni

1999 1988 2407 2042 machinatione
2434 1995 2598 2056 atque
2639 1987 2860 2042 solertia
2903 1994 3063 2041 utens
3103 2003 3209 2041 non
3249 1995 3462 2056 poterat
3491 1989 3574 2041 vi-

1997 2092 2119 2131 rum
2168 2077 2234 2130 ad
2285 2077 2654 2132 sacerdotium
2712 2074 2983 2131 adducere
3041 2077 3344 2132 innumeris
3398 2079 3574 2133 oculis

1997 2173 2417 2236 praecaventem,
2454 2181 2526 2221 ne
2561 2165 2783 2236 quando
2808 2179 2971 2219 manu
3019 2167 3320 2223 sacerdotis
3348 2182 3574 2238 capere-

1998 2266 2105 2319 tur,
2123 2264 2179 2310 et
2206 2270 2331 2310 cum
2363 2263 2592 2326 uterque
2624 2255 2766 2310 inter
2787 2270 2910 2310 sese
2940 2256 3122 2310 studio
3153 2265 3446 2321 certarent,
3480 2259 3572 2312 illo

1997 2346 2217 2418 quidem
2252 2360 2473 2418 capere,
2519 2348 2623 2403 hoc
2651 2362 2781 2402 vero
2807 2347 3188 2416 persequentis
3215 2362 3408 2404 manus
3438 2349 3572 2404 ellu-

1996 2453 2124 2510 gere
2161 2437 2413 2507 cupiente
2445 2437 2602 2499 (nam
2635 2436 2726 2491 ille
2750 2435 2954 2492 sciebat
2987 2451 3045 2492 se
3081 2451 3299 2492 sacrum
3332 2437 3442 2492 Deo
3467 2437 3572 2492 do-

1999 2528 2214 2583 narium
2247 2527 2557 2582 oblaturum
2589 2541 2748 2586 esse.
2792 2525 2884 2582 hic
2925 2536 3104 2582 autem
3147 2527 3456 2595 verebatur,
3503 2543 3573 2583 ne

1995 2632 2110 2689 quo
2133 2618 2293 2672 modo
2325 2618 2428 2673 sibi
2460 2618 2755 2673 sacerdotii
2779 2631 2915 2672 cura
2943 2625 3202 2688 tanquam
3227 2634 3370 2674 onus
3398 2620 3575 2689 quod-

321 2709 390 2780 ἢν
443 2707 642 2780 συνέδη
702 2708 864 2781 μέχρι
895 2708 1004 2763 τῶν
1039 2710 1160 2763 τότε
1203 2709 1410 2780 χρόνων
1439 2708 1579 2763 οὕτω
1614 2711 1680 2780 τῇ
1722 2709 1895 2783 πλάνῃ

2000 2709 2124 2764 dam
2157 2711 2282 2765 vita;
2310 2710 2588 2780 imposita,
2633 2709 2699 2764 ad
2736 2710 3138 2780 philosOphiam
3185 2709 3574 2780 impedimento

305 2799 433 2855 -τῶν
460 2799 694 2856 εἰδώλων
722 2801 1046 2872 κατέχεσθαι
1073 2842 1089 2866 ,
1122 2799 1262 2854 ὥστε
1307 2801 1552 2871 ἀπείρων
1587 2801 1754 2855 ὄντων
1789 2800 1895 2856 τῶν

2001 2805 2202 2872 esset),
2237 2802 2444 2857 idcirco
2469 2803 2668 2872 impetu
2689 2801 2929 2872 quodam
2961 2802 3144 2857 divino
3174 2801 3483 2859 Phadimus
3507 2807 3572 2858 ad

311 2890 616 2952 οἰκούντων
641 2894 810 2964 αὐτήν
836 2911 895 2947 τε
920 2893 1016 2966 τὴν
1038 2893 1213 2958 πόλιν,
1246 2894 1339 2947 καὶ
1367 2892 1464 2964 τὴν
1493 2892 1791 2964 περίοικον,
1824 2890 1895 2966 μὴ

1997 2894 2338 2966 propositum
2368 2895 2608 2950 studium
2640 2901 2953 2964 provectus,
3005 2893 3141 2948 nihil
3175 2910 3377 2950 curans
3408 2896 3578 2952 inter-

321 2984 544 3050 πλείους
593 2985 884 3057 εὑρεθῆναι
921 2985 1028 3038 τῶν
1071 2983 1440 3039 ἑπτακαίδεκα
1481 2985 1608 3048 τοὺς
1663 2983 1895 3056 παραδε-

1999 2987 2205 3056 jectum
2264 2987 2536 3057 spatium,
2599 3002 2712 3058 quo
2768 2986 2838 3042 ab
2895 2985 3159 3057 Gregorio
3215 2988 3579 3044 dirimebatur

309 3077 620 3148 Δδεγμένους
639 3077 731 3132 τὸν
764 3078 922 3146 λόγον
949 3077 1046 3148 τῆς
1077 3076 1332 3140 πίστεως.

2002 3078 2237 3148 (quippe
2289 3077 2380 3132 ille
2429 3077 2619 3132 aberat
2671 3077 2865 3132 itinere
2909 3076 3130 3146 tridui),
3172 3076 3266 3132 sed
3306 3077 3372 3132 ad
3407 3077 3574 3133 Deum

309 3168 656 3239 suspiciens,
691 3177 1054 3239 precatusque
1082 3175 1219 3224 utet
1255 3169 1372 3238 ipse
1401 3174 1456 3222 et
1483 3165 1574 3222 ille
1599 3166 1804 3236 pariter
1835 3167 1893 3221 in
1935 3167 2026 3220 illa
2055 3167 2188 3222 hora
2249 3167 2318 3222 ab
2384 3166 2496 3222 Deo
2521 3167 2944 3236 respicerentur,
2978 3168 3100 3221 loco
3124 3183 3318 3224 manus
3354 3168 3579 3238 imposi-

312 3260 498 3316 tionis
520 3259 784 3329 Gregorio
814 3260 1038 3314 adhibet
1068 3275 1399 3325 sermonem,
1437 3258 1547 3314 Deo
1573 3272 1904 3314 consecrans
1941 3272 2086 3324 eum,
2129 3259 2223 3329 qui
2255 3273 2486 3328 corpore
2513 3272 2701 3313 coram
2739 3273 2848 3312 non
2893 3257 3107 3312 adesset
3131 3299 3147 3324 ,
3191 3265 3245 3312 et
3311 3259 3458 3314 illam
3525 3262 3576 3316 ei

321 3354 607 3408 civitatem
637 3351 922 3408 destinans
951 3363 1114 3423 atque
1143 3352 1468 3414 attribuens,
1521 3364 1684 3420 quam
1713 3351 2014 3420 contigerat
2045 3349 2112 3404 ad
2138 3350 2230 3404 illa
2289 3350 2407 3419 ipsa
2467 3364 2641 3419 usque
2685 3357 2934 3414 tempora
3000 3348 3136 3402 adeo
3157 3348 3576 3404 simulacrorum

322 3447 506 3503 errori
559 3447 796 3502 deditam
849 3462 992 3511 esse,
1055 3455 1115 3501 nt
1143 3462 1266 3502 cum
1307 3446 1504 3502 inﬁniti
1551 3454 1757 3508 essent,
1814 3446 1906 3516 qui
1942 3446 2117 3516 ipsam
2187 3445 2376 3499 urbem
2444 3454 2498 3499 et
2546 3444 2819 3514 regionem
2860 3443 3340 3513 circumjacentem
3373 3444 3578 3500 incole-

315 3550 472 3610 rent,
502 3557 612 3596 non
643 3541 829 3612 plures
860 3555 1022 3612 quam
1074 3541 1460 3612 septemdecim
1498 3540 1896 3604 invenirentur,
1935 3539 2360 3611 quisermonem
2395 3536 2517 3592 (idei
2548 3538 2904 3592 recepissent.

400 3723 560 3778 Οὕτω
611 3725 785 3779 τοίνυν
831 3725 1074 3780 ὑπελθὼν
1121 3727 1212 3780 τὸν
1257 3725 1418 3794 ζυγὸν
1465 3726 1582 3780 κατ’
1635 3725 1898 3795 ἀνάγκην,

329 3815 552 3870 πάντων
582 3817 721 3886 μετὰ
746 3817 916 3872 ταῦτα
936 3818 1044 3871 τῶν
1065 3818 1309 3888 νομίμων
1337 3817 1422 3870 ἐπ’
1452 3817 1600 3888 αὐτῷ
1623 3816 1900 3870 τελεσθέν-

325 3925 457 3971 των,
494 3909 586 3961 καὶ
619 3908 822 3981 βραχὺν
853 3909 1042 3982 χρόνον
1075 3911 1438 3980 αἰτησάμενος
1467 3909 1618 3980 παρὰ
1663 3908 1756 3962 τοῦ
1803 3909 1902 3976 τὴν

331 3999 633 4071 ἱερωσύνην
660 4001 1106 4074 ἐπικηρύξαντος,
1131 4001 1266 4072 πρὸς
1294 4001 1620 4070 κατανόησιν
1643 4000 1741 4070 τῆς
1763 3997 1903 4052 κατὰ

2077 3722 2170 3779 Sic
2195 3722 2360 3791 igitur
2385 3722 2576 3791 jugum
2629 3720 2814 3775 subire
2845 3727 3092 3784 coactus,
3135 3720 3391 3776 omnibus
3420 3733 3575 3792 post-

2009 3817 2145 3878 haec,
2185 3829 2305 3883 qum
2339 3813 2453 3868 neri
2505 3813 2702 3874 solent,
2741 3811 3080 3866 solemnibus
3132 3811 3186 3865 in
3215 3826 3281 3866 eo
3315 3814 3576 3883 peractis,

2008 3921 2132 3961 cum
2183 3906 2439 3975 exiguum
2477 3911 2692 3973 tempus
2744 3902 2810 3956 ad
2850 3903 3168 3974 mysterium
3204 3903 3452 3959 exactius
3486 3919 3578 3958 co-

2007 3997 2381 4066 gnoscendum
2419 3995 2488 4049 ab
2533 4008 2619 4056 eo,
2673 3994 2763 4064 qui
2799 3994 3166 4048 sacerdotium
3196 3995 3299 4064 ipsi
3331 3994 3580 4064 assigna-

329 4091 391 4143 τὸ
453 4093 751 4164 μυστήριον
803 4094 1108 4165 ἀκριϐείας,
1163 4093 1366 4156 οὐκέτι,
1424 4091 1605 4154 καθώς
1661 4107 1823 4161 φησιν
1874 4091 1895 4142 ὁ

2010 4094 2178 4144 verat.
2205 4084 2472 4154 petiisset,
2521 4099 2629 4137 non
2654 4083 2908 4152 amplius,
2937 4091 2996 4135 ut
3020 4084 3196 4152 inquit
3217 4084 3512 4152 Apostolus
3537 4086 3578 4147 ‘,

343 4182 683 4249 ’Δπόστολος,
715 4185 879 4256 σαρκὶ
900 4185 993 4238 καὶ
1016 4185 1208 4254 αἵματι
1238 4183 1592 4256 προσανέχειν
1613 4182 1748 4253 ᾤετο
1774 4183 1895 4244 δεῖν1

2008 4177 2161 4232 carni
2191 4183 2245 4230 et
2277 4175 2530 4244 sanguini
2559 4173 2946 4226 adhazrendum
2985 4187 3106 4226 csse
3136 4181 3190 4225 et
3221 4172 3580 4241 acquiescen-

333 4272 469 4325 ἀλλὰ
514 4273 697 4328 θεόθεν
731 4277 850 4347 ᾔτει
896 4277 1147 4344 γενέσθαι
1196 4275 1343 4345 αὐτῷ
1381 4275 1478 4346 τὴν
1510 4274 1619 4327 τῶν
1663 4273 1895 4345 κρυφίωι

2008 4269 2137 4322 dum
2192 4267 2438 4338 putabat,
2489 4264 2580 4318 sed
2626 4279 2654 4316 a
2688 4262 2798 4317 Deo
2844 4262 2944 4316 sibi
2980 4262 3194 4315 occulta
3241 4262 3581 4317 manilestari

334 4364 642 4434 φανέρωσιν
662 4385 675 4398 ·
715 4367 808 4420 καὶ
838 4368 900 4421 οὐ
932 4369 1192 4439 πρότερον
1221 4368 1562 4439 ὲπεθάρσησε
1592 4364 1668 4436 τῷ
1700 4362 1793 4418 τοῦ
1818 4363 1895 4418 λόξ

2011 4360 2263 4430 petebat;
2295 4373 2359 4413 ac
2389 4372 2497 4412 non
2533 4356 2687 4427 prius
2718 4352 3162 4423 praedicationem
3191 4353 3460 4407 sermonis
3490 4368 3584 4424 ag.

334 4473 431 4522 γου
475 4456 810 4527 κηρύγματι,
857 4459 983 4530 πρὶν
1023 4459 1111 4513 διά
1157 4476 1300 4522 τινος
1342 4458 1639 4529 ἐμφανείας
1678 4454 1895 4509 ἐκκαλυ·

2011 4451 2163 4521 gredi
2197 4448 2478 4510 sustinuit,
2517 4460 2679 4516 quam
2717 4458 2812 4513 per
2855 4440 3148 4512 quamdam
3181 4442 3580 4512 apparitionem

336 4546 539 4616 φθῆναι
584 4549 732 4619 αύτῷ
765 4550 859 4620 τὴν
903 4550 1175 4620 ἀλήθειαν.
1228 4551 1589 4620 Σκοπουμένῳ
1621 4549 1729 4619 γὰρ
1763 4545 1895 4616 αὐτᾷ

2013 4544 2062 4597 ei
2094 4541 2298 4597 veritas
2327 4540 2684 4593 revelaretur.
2712 4533 2848 4590 Cum
2877 4534 3021 4588 enim
3045 4548 3142 4604 per
3172 4541 3338 4588 totam
3365 4541 3580 4588 noctem

338 4653 468 4690 ποτε
494 4638 735 4708 ἐννύχιον
773 4642 900 4711 περὶ
924 4639 1015 4693 τοῦ
1047 4639 1205 4709 λόγου
1232 4642 1330 4711 τῆς
1359 4642 1612 4703 πίστεως,
1657 4640 1750 4693 καὶ
1778 4655 1895 4690 παν·

2011 4629 2309 4700 aliquando
2337 4628 2407 4684 de
2428 4626 2642 4683 ratione
2674 4631 2838 4694 atque
2868 4638 3122 4678 sermone
3150 4622 3269 4678 lldei
3294 4621 3585 4692 dispiceret

338 4729 512 4794 τοίους
541 4730 879 4785 ἀνακινοῦντι
905 4732 1224 4803 λογισμούςσ
1267 4728 1406 4803 ἦσαν
1429 4732 1536 4803 γὰρ
1577 4731 1639 4801 δὴ
1673 4730 1764 4782 καὶ
1792 4729 1895 4782 τότε

2011 4733 2067 4778 et
2103 4719 2507 4792 specularetur,
2545 4724 2602 4772 et
2634 4717 2816 4770 varias
2862 4715 3048 4769 animo
3078 4714 3439 4782 cogitationes
3472 4712 3585 4782 agi-

339 4821 515 4886 τινὲς,
551 4824 598 4874 οἰ
637 4823 734 4893 τὴν
779 4823 972 4895 εὐσεϐῆ
1007 4822 1351 4876 διδασκαλίαν
1381 4821 1891 4893 παραχαράττοντες

2012 4823 2155 4870 taret
2183 4833 2196 4869 :
2219 4819 2378 4869 erant
2397 4811 2540 4866 enim
2563 4808 2821 4863 nimirum
2845 4807 3008 4860 etiam
3037 4812 3167 4859 tunc
3191 4804 3461 4869 nonnulli,
3487 4804 3581 4873 qni

339 4913 428 4966 διὰ
459 4915 557 4985 τῆς
590 4915 942 4986 πιθανότητος
973 4915 1081 4969 τῶν
1114 4916 1553 4985 ἐπιχειρημάτων
1572 4955 1585 4978 ,
1618 4911 1895 4982 ἀμφίϐολοι

2015 4908 2158 4978 piam
2179 4916 2231 4961 et
2261 4905 2531 4960 sinceram
2554 4897 2835 4967 religionis
2857 4896 3161 4950 doctrinam
3187 4895 3583 4960 adulterarenl,
3614 4930 3635 4951 .

342 5003 624 5067 ποιοῦντες
667 5005 924 5068 πολλάκις
965 5004 1056 5058 καὶ
1084 5007 1195 5067 τοῖς
1227 5006 1461 5066 συνετοῖς
1495 5001 1592 5072 τὴν
1623 5000 1879 5071 ἀλήθειαν

2016 5015 2080 5053 ac
2146 5011 2243 5066 per
2295 4993 2606 5064 probabiles
2651 4988 3152 5059 argumentationes
3213 5002 3586 5059 sa'penumero

342 5093 484 5164 ὑπὲρ
529 5088 595 5166 ἧς
625 5095 746 5147 τότε
784 5095 1198 5166 διαγρυπνοῦντι
1246 5093 1393 5164 αὑτῷ
1441 5095 1534 5146 καὶ
1581 5093 1891 5164 φροντίζοντ

2015 5090 2179 5146 etiam
2211 5086 2389 5140 doctis
2413 5091 2467 5139 et
2499 5081 2862 5154 prudentibus
2896 5079 3176 5134 veritatem
3209 5078 3450 5133 facerent
3477 5093 3586 5131 am-

341 5187 594 5254 φαίνεταί
630 5205 712 5250 τις
742 5187 861 5240 καθ’
897 5186 1044 5258 ῦπαρ
1071 5189 1127 5239 ἐν
1171 5186 1494 5257 ἀνθρωπίνῳ
1535 5185 1612 5254 τῷ
1655 5187 1891 5255 σχήματι

2021 5182 2234 5252 biguam
2285 5194 2298 5230 :
2342 5192 2440 5246 pro
2471 5192 2578 5246 qua
2625 5183 2757 5230 tunc
2793 5175 2842 5229 ei
2883 5171 3196 5242 pervigilem
3243 5171 3392 5226 curis
3423 5177 3588 5240 atque

339 5278 612 5349 γηραλέος
641 5280 698 5332 τὸ
729 5277 864 5344 εἶδος
887 5321 901 5342 ,
936 5279 1262 5351 ἱεροπρεπὴς
1285 5281 1349 5350 τῇ
1381 5275 1686 5348 καταστολῇ
1712 5276 1805 5329 τοῦ
1837 5278 1893 5330 ἐν

2021 5269 2388 5327 sollicitudine
2431 5277 2644 5323 noctem
2678 5265 2879 5337 agenti,
2928 5263 3148 5335 quidam
3191 5263 3244 5317 in
3282 5262 3449 5333 ﬁgura
3482 5261 3587 5314 hu-

338 5367 600 5444 δύματος,
631 5370 828 5444 πολλὴν
856 5371 1226 5444 ἐπισημαίνων
1253 5369 1349 5441 τὴν
1378 5369 1577 5440 ἀρετὴν
1607 5372 1671 5440 τῇ
1709 5367 1833 5439 περὶ
1859 5368 1895 5421 τὲ

2022 5377 2204 5429 mana,
2231 5361 2368 5418 facie
2399 5375 2463 5417 ac
2512 5361 2686 5416 forma
2720 5357 2878 5415 senili
2910 5357 3190 5414 evidenter
3231 5361 3474 5420 apparet,
3501 5365 3588 5408 or-

459 5613 479 5644 ⁶
520 5613 699 5668 Calai.
741 5615 919 5673 ι.16.
