2001 3103
216 117 264 146 9H
818 116 846 143 5.
863 114 1000 143 GREGOR

1052 113 1191 143 NYSSENI
1788 116 1842 145 912

216 179 281 202 natu
318 178 398 208 atque
436 173 635 208 compositione
668 173 819 201 indumenti
856 178 1000 209 augustum

1054 175 1199 210 πρόσωπον
1215 174 1316 210 χάριτι,
1332 174 1379 201 καὶ
1394 175 1426 209 τῇ
1445 173 1610 201 καταστάσει
1625 173 1671 200 τοῦ
1689 173 1839 209 σχήματος.

217 219 371 253 quemdam,
397 226 506 245 sacrum
532 226 563 244 ac
577 218 699 246 divinum
715 218 837 247 referens
862 220 999 254 decorem,

215 271 341 299 magnam
368 265 455 298 gratia
482 264 572 292 vultus
597 269 680 299 atque
702 265 884 300 dispositione
906 266 1000 305 ﬁgurae

215 318 271 344 prre
286 317 316 337 se
331 309 422 337 ferens
437 311 575 337 virtutem.
599 310 648 337 llic
671 318 734 337 vero
751 310 812 337 visu
828 312 999 345 perterritus,

213 359 240 382 et
256 362 368 389 surgere
385 362 399 382 e
417 355 497 386 lecto,
514 358 541 381 et
558 355 619 389 quis
631 359 714 386 esset,
730 354 843 389 cujusve
858 355 896 382 rei
914 356 1001 390 gratia

212 400 344 432 venisset,
354 400 501 428 sciscitari.
517 400 585 427 Cum
600 404 690 427 autem
708 401 753 428 ille
767 401 1000 436 perturbationem

213 446 312 473 mentis
325 446 385 481 ejus
407 446 543 474 submissa
559 454 626 474 voce
640 446 764 474 sedasset
782 454 813 473 ac
827 447 953 480 dixisset,
972 455 1001 475 se

211 492 291 527 jussu
322 492 415 520 divino
439 492 599 529 apparuisse
625 492 648 520 ei
674 497 784 527 propter
798 500 845 520 eas
868 494 999 524 rationes.

214 547 273 574 qua:
284 540 355 574 apud
371 540 459 574 ipsum
472 543 655 566 controversa:
666 542 693 565 et
707 539 841 574 ambiguae
852 543 956 571 essent,
972 541 1001 566 ut

211 587 263 621 pia:
287 586 348 613 ﬁdci
366 586 466 613 veritas
491 586 680 613 revelaretur:
699 590 726 612 et
742 585 814 613 bono
829 586 921 613 animo
941 593 1002 613 esse

212 632 307 659 audito
322 639 459 664 sermone,
477 636 503 659 et
517 639 578 658 cum
594 631 713 666 quodam
730 632 831 666 gaudio
846 636 927 667 atque
940 639 1002 659 con-

211 678 381 705 sternatione
398 677 474 703 illum
491 677 615 703 contueri
631 685 638 709 ;
653 676 751 704 deinde
765 684 826 704 cum
842 677 886 704 ille
899 677 1002 705 directo

212 730 324 750 manum
338 722 531 757 protendisset,
546 726 573 750 et
588 722 667 757 quasi
682 722 839 750 ostenderet
855 722 880 750 ei
897 730 944 757 per
959 722 1002 749 di-

210 769 328 805 gitorum
343 769 476 796 directam
494 768 697 803 protensionem
720 768 748 795 id
767 768 840 804 quod
855 776 888 796 ex
911 772 1002 796 trans-

212 823 291 843 verso
315 816 481 850 apparebat:
506 816 550 842 hic
572 819 599 842 et
621 823 674 842 una
698 822 759 842 cum
785 815 889 843 directa
905 822 1002 843 manus

211 860 386 895 protensione
402 860 588 894 circumagere
604 867 685 887 suum
708 859 845 892 obtutum,
864 863 892 887 et
908 859 1001 887 videre

212 906 285 933 aliud
302 910 440 941 spectrum
463 905 609 933 adversum
626 906 663 938 ei,
677 906 751 941 quod
769 907 847 941 prius
862 914 1000 942 apparue~

211 956 263 984 rat,
280 953 308 979 in
323 953 409 987 ﬁgura
426 952 551 979 muliebri
566 952 746 980 excellentius
762 953 892 988 quiddam
906 957 934 981 et
951 961 999 980 au-

211 998 329 1032 gustius,
355 1005 436 1032 quam
468 1004 518 1032 pro
547 997 667 1024 humana
697 998 873 1026 conditione:
903 1007 1000 1027 rursus

212 1048 301 1071 autem
317 1043 477 1078 perterritus
491 1048 517 1070 et
532 1042 601 1071 facie
613 1051 711 1071 aversa
725 1044 831 1072 vultum
844 1045 999 1078 demittere,

212 1095 244 1115 ac
260 1088 405 1123 perplexus
429 1091 456 1115 et
469 1087 675 1117 dubitabundus
695 1089 821 1117 haesitare
840 1090 874 1118 de
894 1095 1000 1126 specta-

211 1134 284 1167 culo,
310 1142 371 1161 cum
394 1135 482 1162 oculis
501 1135 698 1170 apparitionem
722 1135 794 1164 ferre
822 1143 877 1163 non
906 1140 1001 1171 posset

211 1181 330 1215 (etenim
343 1180 506 1208 miraculum
520 1180 634 1208 visionis
654 1180 783 1209 nimirum
802 1181 829 1208 in
847 1181 899 1209 hoc
913 1181 1000 1216 potis-

210 1227 309 1255 simum
323 1231 389 1258 erat,
408 1226 481 1262 quod
501 1234 564 1254 cum
585 1234 640 1254 nox
655 1231 729 1255 esset
753 1227 882 1261 obscura,
908 1228 1000 1255 lumen

210 1280 264 1299 una
279 1280 342 1300 cum
358 1273 403 1304 iis.
423 1273 469 1307 qui
486 1277 681 1308 apparuerant,
703 1274 728 1301 ei
753 1273 905 1306 atﬂuxerat,
919 1275 1000 1309 quasi

211 1319 302 1353 aliqua
330 1317 420 1345 lucida
449 1318 517 1346 treda
545 1320 694 1354 accensa);
722 1327 783 1347 cum
807 1320 890 1355 igitur
912 1320 1000 1348 oculis

211 1362 283 1389 ferre
308 1362 506 1397 apparitionem
532 1371 586 1391 non
614 1368 716 1398 posset,
741 1371 847 1398 eorum,
874 1366 921 1399 qui
947 1365 999 1392 sibi

212 1411 407 1442 apparuerant,
426 1408 497 1436 inter
515 1415 575 1436 sese
596 1409 727 1437 rationem
744 1409 805 1444 ejus
824 1410 874 1443 rei,
899 1410 932 1437 de
946 1418 1000 1445 qua

210 1453 411 1488 ambigebatur,
435 1454 630 1488 exponentium
646 1455 902 1483 sermocinationem
922 1457 1001 1483 audi-

1052 221 1103 247 Τὸν
1117 221 1145 247 δὲ
1162 220 1369 254 καταπλαγέντα
1384 222 1416 255 τῇ
1437 220 1507 254 ὕψει,
1524 220 1701 255 διαναστῆναι
1722 220 1774 254 μὲν
1795 220 1841 255 τῆς

1051 266 1133 301 εὺνῆς
1149 266 1197 292 καὶ
1211 267 1284 297 ὅστις
1305 265 1346 301 εἴη
1371 265 1466 300 μαθεῖν
1489 265 1582 298 ἐδεῖτο,
1608 265 1656 291 καὶ
1680 265 1751 300 ὑπὲρ
1770 265 1843 297 τίνος

1050 311 1123 345 ἥκοι.
1151 311 1270 337 Ἐκείνου
1289 310 1318 337 δὲ
1342 310 1566 341 καταστείλαντος
1588 309 1670 336 αὑτοῦ
1687 310 1735 345 τὴν
1758 319 1844 345 ταρα-

1052 356 1101 392 χὴν
1126 357 1174 392 τῆς
1202 356 1320 388 διανοίας
1346 357 1374 382 ὲν
1393 356 1515 391 ἠρεμαίᾳ
1542 357 1627 390 φωνῇ,
1651 356 1698 382 καὶ
1716 356 1844 388 sin-bum;

1052 402 1116 437 θείῳ
1130 402 1318 437 προστάγματι
1331 402 1482 436 πεφηνέναι
1499 401 1572 436 αὐτῷ
1587 401 1641 427 τῶν
1655 401 1844 436 ἀμφισϐητου-

1054 447 1142 482 μένων
1157 448 1220 483 παρ’
1237 447 1319 474 αὐτοῦ
1335 447 1424 483 χάριν,
1440 448 1477 479 ὼς
1494 447 1527 474 ἂν
1541 447 1719 481 ὲκκαλυφϐείη
1733 447 1792 482 τῆς
1804 447 1845 473 εὖ·

1053 491 1148 523 σεὸοὖς
1164 492 1280 523 πίστεως
1292 493 1308 527 ή
1322 492 1436 527 ἀλήθεια
1446 499 1453 505 ·
1467 491 1602 527 θαρσῆσαί
1613 500 1642 518 τε
1656 492 1720 526 πρὸς
1734 492 1788 518 τὸν
1801 491 1843 517 λό-

1052 546 1110 572 γον,
1126 538 1173 564 καὶ
1193 537 1288 572 βλέψαι
1307 538 1373 573 πρὸς
1400 537 1480 564 αὑτὸν
1499 538 1568 572 μετὰ
1592 545 1663 568 τινος
1686 538 1779 571 χαρᾶς
1800 537 1845 563 καὶ

1052 584 1219 619 ἐκπλήξεως.
1247 582 1314 610 Εἶτα
1331 583 1437 610 ἐκείνου
1453 583 1513 609 κατ’
1533 583 1596 609 εὐθὺ
1614 583 1662 618 τὴν
1678 583 1756 617 χεῖρα
1775 590 1843 616 προσ

1051 630 1198 663 τείναντος,
1214 630 1261 656 καὶ
1279 626 1334 656 οἷον
1350 628 1553 660 ὑποδεικνύντος
1567 628 1640 663 αὑτῷ
1660 628 1703 654 διὰ
1720 628 1775 662 τῆς
1791 627 1844 653 τῶν

1052 675 1191 702 δακτύλων
1214 675 1322 706 εὐθείας
1340 674 1371 700 τὺ
1393 674 1426 700 ὲκ
1445 674 1559 708 πλαγίου
1584 674 1753 709 φαινόμενον,
1777 681 1844 707 συμ-

1054 721 1234 755 περιαγαγεῖν
1257 719 1350 746 τοῦτον
1369 720 1402 755 τῇ
1424 718 1517 754 εὐθείᾳ
1538 720 1587 753 τῆς
1605 717 1693 753 χειρὸς
1719 718 1751 743 τὸ
1779 717 1843 743 ἴδιον

1054 766 1179 801 βλέμμα,
1197 765 1244 793 καὶ
1262 765 1324 792 ίδεῖν
1348 765 1554 800 ἀντιπρόσωπον
1574 765 1668 799 ἕτερον
1689 763 1783 798 θέαμα
1805 762 1844 797 τῷ

1053 812 1171 847 ὀφθέντι,
1186 813 1215 839 ἐν
1229 812 1375 847 γυναικείῳ
1394 812 1432 847 τῷ
1446 813 1574 847 σχήματι,
1595 812 1716 845 κρεῖττον
1733 811 1749 845 ἦ
1774 809 1843 836 κατὰ

1052 859 1209 895 ἄνθρωπον·
1231 858 1312 884 πάλιν
1335 859 1362 884 δὲ
1376 858 1594 891 καταπλαγέντα,
1614 855 1793 891 συγκλιθῆναί
1813 863 1842 880 τε

1054 905 1123 941 πρὸς
1140 905 1235 932 ἑαυτὸν
1256 905 1293 939 τῷ
1310 904 1463 940 προσώπῳ,
1484 904 1530 929 καὶ
1548 903 1696 937 ἀμηχανεῖν
1717 901 1755 936 τῷ
1779 901 1843 928 θεά-

1053 960 1137 987 ματι,
1164 951 1202 987 μὴ
1232 951 1347 985 φέροντα
1371 952 1427 981 τοῖς
1451 950 1598 984 ὀφθαλμοῖς
1622 949 1671 983 τὴν
1691 949 1841 983 ἐμφάνειαν

1052 998 1118 1033 (καὶ
1140 998 1195 1033 γὰρ
1216 998 1247 1034 δὴ
1269 998 1298 1023 τὸ
1317 997 1466 1031 παράδοξον
1486 997 1534 1030 τῆς
1555 995 1686 1025 ὀπτασίας
1704 996 1732 1020 ὲν
1751 994 1840 1029 τούτῳ

1052 1044 1170 1079 μάλιστα
1194 1042 1238 1079 ἦν.
1266 1044 1306 1069 ὅτι
1332 1043 1426 1074 νυκτὸς
1452 1041 1535 1076 οὖσης
1557 1041 1675 1076 βαθείας,
1702 1040 1757 1075 φῶς
1784 1041 1838 1071 τοῖς

1050 1090 1172 1125 ὀφθεῖσιν
1185 1090 1259 1124 αὐτῷ
1277 1088 1475 1123 συνεξέλαμψεν
1488 1108 1494 1119 ,
1511 1087 1605 1122 ὥςπερ
1622 1086 1693 1117 τινος
1708 1086 1838 1121 λαμπρᾶς

1050 1136 1237 1171 ἐξαπτομένης
1260 1134 1431 1169 λαμπάδος
1455 1133 1531 1159 Ἐπεὶ
1547 1130 1592 1159 οὖν
1610 1132 1658 1167 οὐχ
1677 1129 1731 1163 οἷός
1748 1139 1780 1157 τε
1804 1128 1838 1165 ἦν

1051 1182 1146 1218 φέρειν
1167 1182 1224 1213 τοῖς
1246 1180 1393 1215 ὀφθαλμοῖς
1415 1180 1463 1215 τὴν
1487 1179 1653 1214 ἐμφάνειαν,
1679 1178 1777 1213 ἤκουσε
1795 1176 1838 1203 διὰ

1050 1228 1130 1262 λόγου
1145 1228 1218 1260 τινὸς
1230 1228 1283 1254 τῶν
1299 1227 1434 1261 ὀφθέντων
1457 1225 1542 1260 αὐτῷ,
1559 1225 1626 1260 πρὸς
1646 1223 1772 1258 ἀλλήλῦυς
1791 1222 1836 1248 τῦν

1051 1275 1116 1310 περὶ
1129 1273 1177 1300 τοῦ
1194 1273 1359 1309 ζητουμένου
1375 1274 1452 1307 λόγον
1467 1272 1634 1305 διεξιόντων·
1650 1271 1682 1297 δι’
1693 1267 1728 1297 ὧν
1742 1270 1772 1296 οὖ
1791 1270 1837 1304 μό-

1051 1329 1095 1347 νον
1109 1319 1256 1354 ὲπαιδεύθη
1274 1320 1322 1354 τὴν
1341 1318 1427 1353 ἀληθῆ
1442 1318 1541 1352 γνῶσιν
1562 1318 1610 1351 τῆς
1626 1316 1751 1348 πίστεως,
1770 1315 1838 1341 ἀλλὰ

1051 1366 1098 1392 καὶ
1111 1366 1154 1392 διὰ
1167 1365 1222 1392 τῶν
1240 1366 1378 1400 ὀνομάτων
1393 1365 1455 1395 τοὺς
1473 1363 1656 1397 ἐπιφανέντας
1680 1362 1837 1398 ἐγνώρισεν,

1051 1412 1181 1447 ἑκατέρου
1201 1411 1289 1438 αὐτῶν
1303 1411 1346 1437 διὰ
1359 1411 1408 1445 τῆς
1425 1410 1526 1440 οἰκείας
1541 1408 1727 1443 προσηγορίας
1740 1408 1839 1434 ἀνακα-

1050 1457 1159 1489 λοῦντος
1173 1457 1218 1484 τὸν
1232 1457 1336 1492 ἕτερον.
1361 1456 1488 1482 ἰλκοῦσαι
1505 1455 1559 1490 γὰρ
1578 1455 1687 1488 λέγεται
1704 1454 1778 1488 παρὰ
1790 1454 1839 1488 τῆς

210 1498 259 1530 vit,
277 1506 326 1533 per
345 1506 426 1534 quam
450 1507 504 1526 non
526 1500 613 1526 solum
630 1502 735 1535 accepit
750 1509 841 1528 veram
866 1501 999 1537 cognitio-

1052 1504 1080 1531 ἐν
1093 1503 1240 1538 γυναικείῳ
1255 1503 1383 1538 φανείσης
1396 1502 1433 1537 τῷ
1445 1503 1563 1537 σχήματι
1575 1501 1785 1536 παρακαλούσης
1795 1500 1839 1526 τὸν

211 1551 273 1571 nem
286 1543 359 1577 ﬁdei,
371 1551 463 1570 verum
475 1547 557 1571 etiam
568 1545 727 1572 nominatim
739 1553 796 1579 eos,
810 1547 856 1581 qui
869 1554 1000 1582 apparue-

210 1594 284 1622 rant,
300 1591 438 1625 cognovit,
455 1593 571 1625 utroque
581 1599 674 1618 eorum
691 1593 801 1626 propria
816 1594 998 1628 appellatione

211 1635 327 1662 alterum
346 1635 510 1669 alloquente.
528 1635 674 1663 Audivisse
696 1637 768 1663 enim
786 1637 887 1664 dicitur
903 1646 936 1665 ex
955 1646 998 1671 ea,

211 1688 272 1715 quae
288 1681 314 1707 in
332 1681 457 1708 muliebri
482 1681 574 1708 habitu
592 1682 650 1709 visa
668 1687 737 1715 erat,
763 1691 825 1710 cum
843 1683 1001 1711 hortaretur

211 1727 406 1762 evangelistam
426 1726 569 1760 Joannem,
593 1731 622 1754 ut
648 1728 814 1756 adolescenti
838 1731 999 1764 mysterium

211 1779 282 1799 vera:
299 1772 408 1806 pietatis
434 1772 553 1806 aperiret
577 1779 609 1799 ac
634 1772 803 1807 declararet;
821 1778 902 1809 atque
922 1775 998 1802 illum

212 1818 325 1849 dixisse,
346 1825 376 1845 se
402 1822 525 1852 paratum
544 1826 605 1845 esse
624 1819 705 1845 etiam
731 1819 759 1846 in
775 1819 826 1847 hoc
843 1821 922 1848 matri
948 1821 1001 1848 Do-

212 1862 279 1890 mini
296 1862 453 1898 gratiﬁcari,
470 1863 598 1897 quoniam
613 1863 664 1891 hoc
678 1864 703 1891 ei
721 1865 796 1891 cordi
809 1870 900 1893 esset:
918 1871 1000 1902 atque

213 1909 261 1941 ita,
280 1909 403 1944 exposito
421 1916 559 1940 sermone,
588 1909 635 1944 qui
654 1913 681 1936 et
699 1910 739 1937 rei
757 1912 877 1945 quiesita:
900 1919 1000 1939 conve.

213 1955 293 1987 niret,
313 1958 340 1982 et
354 1954 500 1981 admodum
529 1955 597 1982 bene
622 1955 752 1983 deﬁnitus
772 1961 799 1983 et
824 1957 1000 1985 circumscri-

213 2004 276 2036 ptus
290 2004 373 2033 esset,
390 2008 485 2028 rursus
500 2009 531 2028 ex
544 2001 631 2028 oculis
645 2001 816 2035 discessisse,
828 2008 910 2038 atque
926 2004 999 2031 hunc

213 2051 348 2086 extemplo
365 2051 484 2078 divinam
512 2051 584 2078 illam
607 2051 807 2079 institutionem
830 2061 862 2080 ac
878 2053 1002 2090 discipli-

213 2104 276 2124 nam
290 2096 388 2124 litteris
412 2096 567 2129 mandasse,
592 2100 620 2124 et
637 2096 788 2124 secundum
814 2097 887 2124 illam
905 2104 999 2134 postea

1052 1548 1247 1585 εὐαγγελιστὴν
1279 1549 1414 1584 Ἰωάννην,
1437 1548 1591 1583 φανερῶσαι
1609 1547 1647 1581 τῷ
1669 1547 1722 1582 νέῳ
1742 1547 1770 1572 ab
1790 1546 1838 1580 τῆς

1051 1593 1192 1625 εὐσεᾶείας
1222 1594 1387 1629 μυστήριον·
1414 1595 1516 1620 ἐκεῖνον
1541 1594 1569 1619 δὲ
1591 1594 1696 1623 εἰπεῖν,
1727 1592 1837 1626 ἑτοίμως

1051 1639 1122 1675 ἔχειν
1143 1638 1191 1665 καὶ
1211 1638 1289 1665 τοῦτο
1310 1641 1342 1673 τῇ
1367 1639 1449 1673 μητρὶ
1471 1638 1517 1664 τοῦ
1539 1639 1639 1673 Κυρίου
1666 1637 1835 1673 χαρίσασθαι,

1051 1685 1146 1721 ἐπειδὴ
1165 1685 1244 1711 τοῦτο
1259 1685 1333 1718 ei)!”
1349 1685 1416 1719 αὐτῇ
1429 1693 1435 1699 ”
1452 1685 1498 1710 καὶ
1515 1684 1599 1715 οὕτως
1613 1685 1723 1710 εἰπόντα
1741 1684 1782 1710 τὸν
1794 1683 1838 1708 ixi-

1051 1740 1099 1766 γον
1121 1731 1277 1767 σύμμετρὸν
1300 1739 1329 1756 τε
1351 1732 1395 1756 καὶ
1417 1730 1651 1765 εὐπερίγραπτον,
1673 1730 1752 1757 πάλιν
1777 1738 1842 1764 μετ-

1051 1777 1199 1812 αναστῆναι
1213 1776 1267 1802 τῶν
1287 1776 1385 1809 ὄψεων.
1400 1777 1451 1802 Τὸν
1466 1777 1493 1802 δὲ
1510 1776 1676 1811 παραχρῆμα
1694 1775 1743 1811 τὴν
1764 1775 1840 1801 θείαν

1051 1823 1158 1858 ἐκείνην
1176 1824 1370 1859 μυσταγωγίαν
1387 1823 1548 1858 γράμμασιν
1567 1822 1772 1857 ἐνσημήνασθαι,
1790 1822 1838 1847 καὶ

1052 1869 1110 1895 κατ’
1134 1868 1241 1904 ἐκείνην
1263 1869 1330 1903 μετὰ
1345 1868 1428 1895 ταῦτα
1446 1868 1594 1903 κηρύσσειν
1612 1868 1639 1893 ἐν
1653 1869 1685 1903 τῇ
1707 1867 1841 1902 ἐκκλησίᾳ

1051 1914 1096 1941 τὸν
1109 1914 1199 1948 λόγον,
1220 1916 1267 1941 καὶ
1285 1916 1340 1946 τοίς
1354 1915 1452 1949 ἐφεξῆς
1462 1935 1469 1947 ,
1490 1914 1584 1949 ὥσπερ
1598 1914 1659 1940 τινα
1678 1913 1777 1948 κλῆρον
1790 1913 1844 1947 τὴν

1053 1960 1192 1988 θεόσδοτον
1219 1961 1326 1997 ἐκείνην
1349 1961 1523 1988 διδασκαλίαν
1551 1960 1727 1988 καταλιπεῖν·
1753 1960 1787 1985 δι’
1808 1957 1845 1995 ἧς

1055 2008 1274 2043 μυπαγωγείται
1289 2008 1369 2043 μέχρι
1382 2007 1429 2034 τοῦ
1445 2007 1491 2034 νῦν
1508 2009 1522 2033 ὁ
1538 2007 1646 2042 ἐκείνης
1663 2006 1738 2037 λαὸς,
1753 2006 1845 2041 πάσης

1054 2052 1195 2088 αίρετικῆς
1218 2051 1316 2083 κακίας
1341 2052 1482 2086 διαμείνας
1505 2051 1663 2086 ἀπείρατος.
1684 2050 1726 2076 Τὰ
1744 2049 1773 2075 δὲ
1793 2049 1845 2084 τῆς

1056 2097 1249 2135 μυσταγωγίας
1264 2098 1382 2133 ῥήματα,
1399 2098 1486 2125 ταῦτά
1501 2098 1584 2124 ἐστιν·

212 2145 241 2171 in
258 2144 375 2172 ecclesia
389 2150 543 2171 sermonem
564 2143 739 2178 praedicasse,
763 2151 796 2171 ac
813 2145 929 2179 posteris
948 2150 1077 2182 tanquam
1112 2143 1307 2179 patrimonium
1324 2144 1462 2179 quoddam
1494 2148 1521 2171 et
1554 2143 1683 2179 legatum,
1711 2141 1847 2169 divinitus

214 2191 306 2218 datam
320 2190 394 2217 illam
410 2189 564 2217 doctrinam
578 2190 732 2225 reliquisse,
754 2198 802 2225 per
818 2199 899 2225 quam
915 2200 1003 2227 usque
1023 2192 1049 2219 in
1069 2194 1229 2226 praesentem
1245 2190 1317 2217 diem
1333 2190 1486 2218 instituitur
1500 2190 1573 2218 illius
1601 2189 1720 2217 civitatis
1754 2188 1845 2228 plebs,

214 2245 275 2273 quae
290 2237 324 2265 ab
341 2237 415 2265 omni
435 2236 561 2265 haaretiea
587 2237 691 2264 malitia
713 2237 814 2265 intacta
837 2239 997 2272 permansit.
1018 2239 1103 2266 Porro
1121 2237 1244 2272 mystica:
1262 2237 1335 2265 illius
1349 2237 1503 2273 disciplinae
1514 2236 1597 2264 verba
1612 2236 1671 2263 haec
1684 2240 1764 2264 sunt:

253 2329 326 2356 Unus
340 2332 379 2355 est
393 2328 460 2355 Deus
473 2327 553 2355 Pater
569 2328 647 2356 Verbi
658 2331 776 2364 virentis,
791 2331 927 2366 sapientiae
938 2333 1000 2359 sub-

1087 2331 1138 2366 Εἶς
1150 2333 1222 2366 Θεὸς
1233 2332 1334 2366 Πατὴρ
1347 2333 1444 2367 Λόγου
1457 2330 1573 2364 ζῶντος,
1585 2330 1696 2364 σοφίας
1710 2329 1846 2363 ὑφεστώ-

216 2377 332 2403 sisteutis
358 2380 384 2402 et
404 2375 537 2409 polentiw,
566 2380 590 2403 et
611 2376 704 2411 ﬁgura:
726 2382 841 2409 Merum,
871 2377 1000 2412 perfectus

215 2422 324 2457 perfecti
337 2423 459 2458 genitor:
477 2424 560 2450 Pater
578 2422 644 2450 Filii
661 2424 800 2459 unigeniti.
825 2423 898 2451 Unus
912 2424 1002 2450 Domi-

216 2476 276 2498 nus.
291 2468 362 2495 solus
379 2476 412 2494 ea:
438 2468 506 2500 sola,
532 2468 601 2495 Deus
615 2468 647 2495 de
668 2468 734 2501 Deo,
759 2469 847 2504 ﬁgura
870 2474 894 2496 et
914 2470 1001 2503 imago

216 2513 334 2544 diritatis.
362 2513 471 2540 Verbum
485 2514 585 2548 eﬂicaa‘,
600 2514 733 2548 sapientia
745 2515 942 2541 constitutionis
960 2522 1002 2541 re—

218 2568 276 2586 rum
293 2560 475 2586 universarum
493 2559 714 2594 comprehensiua,
735 2565 760 2586 et
780 2561 897 2594 potentia
924 2561 1002 2587 totius

217 2611 346 2632 creaturis
363 2605 491 2639 effectrix,
512 2604 600 2631 It'itiu's
623 2613 697 2632 uerus
724 2605 777 2631 veri
798 2605 899 2638 Patris,
918 2606 1002 2632 visum

217 2651 342 2685 effugiens
358 2651 441 2677 visum
460 2650 618 2685 e/fugientis,
633 2655 657 2677 et
671 2651 835 2685 corruptioni
855 2660 906 2678 non
923 2652 1003 2679 obno-

217 2698 276 2723 a‘ius
292 2704 343 2723 non
358 2695 465 2723 obnoxii
482 2696 656 2729 corruptibili,
673 2700 698 2723 et
712 2697 791 2723 morti
807 2705 859 2724 non
874 2698 1003 2724 obnoxius

219 2742 297 2768 morti
315 2750 367 2768 non
380 2741 495 2774 obnoxii,
511 2746 535 2768 et
549 2746 661 2769 internus
675 2743 776 2769 retenti.
798 2742 870 2769 Unus
888 2742 1003 2777 Spiritus

218 2792 336 2819 sanctus,
351 2796 382 2814 ea:
398 2787 451 2814 Deo
467 2792 553 2815 ortum
573 2793 596 2815 et
614 2788 796 2815 exsislentiam
812 2788 908 2816 habens
920 2798 929 2815 :
944 2789 1003 2824 qui-

219 2840 267 2868 que
282 2841 326 2862 uer
337 2833 437 2861 Filium
455 2834 588 2868 apparuit,
605 2834 723 2862 videlicet
738 2834 899 2868 hominibus,
917 2836 1003 2869 imago

1054 2387 1113 2414 σης
1134 2379 1182 2406 καὶ
1196 2378 1366 2414 δυνάμεως,
1384 2378 1435 2405 καὶ
1458 2376 1644 2413 χαρακτῆρος
1661 2376 1770 2408 ἀϊδίου,
1795 2375 1845 2401 τέ-

1054 2427 1151 2458 λειος,
1174 2425 1291 2452 τελείου
1311 2424 1478 2460 γεννήτωρ·
1499 2423 1601 2457 Πατὴρ
1632 2422 1700 2450 Υίοῦ
1717 2429 1845 2456 μονογε-

1054 2472 1137 2505 νοῦς.
1152 2469 1203 2505 Εῖς
1216 2472 1333 2505 Κύριος,
1345 2471 1439 2506 μόνος
1454 2471 1488 2497 ἐν
1502 2470 1608 2504 μόνον,
1625 2469 1696 2501 Θεὸς
1711 2468 1745 2495 ἐκ
1757 2467 1843 2498 Θεοῦ,

1055 2517 1208 2553 χαρακτὴρ
1218 2517 1266 2543 καὶ
1279 2516 1368 2543 εἰκὼν
1376 2516 1432 2550 τῆς
1443 2516 1592 2549 θεότητος,
1605 2515 1700 2549 Λόγος
1711 2513 1842 2548 ἐνεργὸς,

1056 2565 1148 2599 σοφία
1162 2563 1216 2598 τῆς
1232 2563 1291 2589 τῶν
1308 2563 1387 2589 ὅλων
1401 2562 1579 2594 συστάσεως
1595 2560 1774 2595 περιεκτικὴ,
1793 2559 1841 2585 καὶ

1055 2609 1180 2643 δύναμις
1192 2608 1248 2642 τῆς
1258 2607 1331 2641 ὅλης
1346 2607 1471 2638 κτίσεως
1486 2606 1636 2640 ποιητικὴ,
1656 2605 1723 2637 Υἱὸς
1739 2605 1841 2638 ἀληθι-

1056 2655 1109 2688 νὸς
1137 2654 1280 2688 ἀληθινοῦ
1311 2653 1435 2687 Πατρός,
1466 2653 1591 2686 ἀόρατος
1621 2651 1767 2685 ἀοράτου,
1794 2649 1839 2676 καὶ

1056 2701 1205 2734 ἄφθαρτος
1218 2699 1379 2734 ἀφθάρτου,
1391 2698 1440 2725 καὶ
1450 2697 1596 2730 ἀθάνατος
1609 2696 1759 2724 ἀθανάτου
1768 2716 1775 2727 ,
1794 2694 1840 2721 καί

1057 2746 1151 2778 ἀΐδιος
1167 2745 1274 2772 ἀϊδίου.
1289 2745 1344 2771 Καὶ
1359 2744 1393 2771 ἓν
1405 2744 1526 2778 Πνεῦμα
1535 2744 1629 2778 ἅγιον,
1646 2743 1680 2769 ἐκ
1696 2742 1770 2769 Θεοῦ
1785 2741 1840 2774 τὴν

1057 2790 1186 2823 ὓπαρξιν
1201 2790 1282 2823 ἕχον·
1295 2789 1343 2816 καὶ
1356 2789 1392 2815 δι’
1418 2788 1486 2815 Υίοῦ
1498 2787 1642 2822 πεφηνὸς,
1654 2786 1771 2822 δηλαδὴ
1782 2785 1840 2817 τοῖς

1057 2835 1231 2869 ἀνθρώποις,
1243 2835 1331 2863 εἰκὼν
1346 2834 1399 2863 τοῦ
1420 2834 1488 2862 Υἱοῢ
1512 2834 1628 2863 τελείου
1651 2835 1767 2868 τελεία,
1786 2832 1840 2865 ζωή
