4002 6206
454 367 573 443 915'
1697 382 1752 438 s.
1782 381 2110 439 GREGORII
2143 381 2432 438 NYbSENl
3613 375 3708 430 sis

452 503 521 577 ad
541 518 664 586 aras
683 502 798 560 ﬁeri
827 500 1107 560 consuetis
1127 501 1575 568 confirmaretur,
1602 509 1988 573 permanerent
2008 519 2020 555 :

2131 501 2278 564 ἐντὸς
2314 498 2462 572 ἱεροῦ
2491 516 2634 561 τινος
2661 497 2889 567 γίνεται,
2925 493 3063 566 μετὰ
3092 493 3200 548 τῶν
3232 492 3514 563 ἑπομένων
3541 488 3705 558 αὑτῷ.

452 582 911 665 quemadmodum
965 599 1224 650 strenuus
1267 591 1488 662 quidam
1530 590 1685 645 miles
1725 605 1849 644 cum
1887 589 2027 644 duce

2137 594 2207 648 Τὸ
2249 593 2305 647 δὲ
2339 591 2481 664 ἱερὸν
2522 591 2700 644 ἐκεῖνο
2733 588 2840 643 τῶν
2867 588 3152 659 ἐπισήμων
3189 581 3280 656 ἦν,
3322 577 3368 652 ᾧ
3400 600 3482 646 τις
3506 581 3717 652 φανερὰ

453 684 758 754 copiarum,
781 683 940 752 cujus
963 683 1162 739 robore
1190 683 1537 753 potissimum
1561 697 1625 735 ac
1653 682 1857 736 virtute
1880 683 2028 743 acies

2139 683 2244 736 τῶν
2271 680 2724 754 θεραπευομένων
2756 680 3026 750 δαιμόνων
3062 677 3405 746 ἐπιφοίτησις
3431 677 3547 736 τοῖς
3586 690 3719 726 νεωο

455 773 896 831 adversariorum
939 781 1067 839 stet,
1106 790 1462 846 congressus,
1499 773 1594 828 illo
1635 774 1876 839 devicto,
1921 774 2027 828 im-

2142 772 2317 843 κόροις
2350 771 2577 840 ἐγίνετο,
2617 768 2885 841 μαντικῆς
2918 785 3061 831 τινος
3083 765 3432 838 χρησμῳδίας
3455 762 3596 834 παρ’
3627 762 3722 814 αύ-

454 867 607 936 perio
636 869 756 938 ejus
793 876 1047 937 parentes
1083 868 1136 922 in
1171 867 1355 938 fugam
1391 865 1556 920 vertit
1591 885 1605 921 :
1637 863 1827 921 eodem
1869 863 2032 919 modo

1547 873 1556 919 ι
1591 885 1605 921 :
1637 863 1827 921 eodem
1869 863 2032 919 modo
2138 862 2247 914 τῶν
2280 861 2701 933 ἐνεργουμένης.
3125 859 3127 861 ’

455 961 616 1022 etiam
668 983 898 1040 magnus
940 969 1045 1024 iste
1088 965 1173 1018 vir
1217 963 1286 1019 ab
1330 962 1465 1033 ipsis
1513 962 1851 1018 dremonibus
1895 976 2011 1016 rem
2051 959 2188 1014 bene
2226 971 2413 1027 gerere
2463 959 2679 1013 orditur
2717 975 2731 1011 :
2789 957 2884 1014 sed
2936 972 3044 1028 qua
3093 951 3341 1010 ratione?
3389 951 3525 1005 Cum
3575 959 3726 1020 prae-

428 1049 763 1121 tereuntem
811 1076 842 1115 a
889 1059 1184 1117 solitudine
1229 1057 1298 1111 ad
1346 1056 1538 1124 urbem
1601 1069 1794 1111 versus
1850 1068 2045 1124 vesper
2082 1050 2474 1124 oppressisset,
2514 1061 2568 1106 et
2601 1051 2782 1107 imber
2813 1051 3110 1106 violentior
3143 1040 3390 1118 urgeret,
3430 1060 3544 1100 una
3599 1060 3724 1099 cum

461 1157 758 1213 comitibus
812 1155 1076 1224 templum
1139 1148 1418 1222 quoddam
1480 1149 1669 1204 intrat.
1742 1144 2030 1216 Templum
2081 1153 2264 1200 autem
2337 1141 2474 1198 illud
2527 1142 2743 1198 celebre
2784 1149 2906 1197 erat
2949 1160 2964 1195 :
3010 1140 3068 1194 in
3114 1153 3226 1210 quo
3262 1138 3359 1208 qui
3400 1135 3730 1191 colebantur

465 1255 740 1309 daemones
779 1249 1070 1306 manifesto
1109 1263 1170 1304 se
1215 1245 1415 1302 offerre
1457 1252 1512 1300 et
1556 1238 1826 1300 accedere
1886 1241 1956 1297 ad
1998 1240 2279 1299 antistites
2314 1238 2505 1310 templi
2534 1247 2589 1294 et
2619 1237 2852 1294 aedituos
2890 1236 3141 1292 solebant
3172 1252 3188 1289 :
3218 1231 3423 1305 quippe
3455 1227 3730 1285 divinatio

465 1346 713 1418 quaedam
753 1345 822 1400 ab
857 1345 936 1400 eis
973 1343 1352 1407 exercebatur,
1392 1347 1448 1396 et
1477 1340 1759 1394 oraculum
1783 1336 2066 1392 edebatur.

540 1437 675 1494 Cum
707 1452 768 1493 se
796 1437 1094 1506 recepisset
1128 1436 1300 1506 igitur
1332 1447 1456 1489 cum
1490 1431 1784 1486 comitibus
1820 1429 1876 1483 in
1905 1427 2040 1485 illud

2219 1423 2499 1482 ’Υπελθὼν
2525 1423 2584 1478 δὲ
2614 1422 2676 1478 rb
2711 1421 2855 1494 ἱερὸν
2889 1419 3026 1493 μετὰ
3058 1418 3165 1473 τῶν
3199 1417 3297 1471 σὺν
3331 1413 3500 1485 αὑτῷ,
3524 1411 3603 1466 τὰ
3640 1410 3732 1506 μὲν

467 1531 754 1602 templum,
828 1529 1102 1585 daemones
1162 1526 1384 1598 quidem
1436 1524 1622 1580 statim
1694 1521 2044 1577 invocatione

2150 1517 2398 1589 δαιμόνια
2435 1514 2775 1586 παραχρῆμα
2804 1515 2872 1585 τῇ
2917 1511 3199 1581 ἐπικλήσει
3226 1505 3321 1561 τοῦ
3349 1507 3618 1576 ὀνόματος
3645 1496 3730 1554 τοῦ

467 1623 710 1694 nominis
735 1623 942 1678 Christi
970 1595 1350 1693 perterrefecit
1381 1635 1392 1671 :
1435 1615 1607 1688 ﬁgura
1641 1621 1826 1670 autem
1862 1612 2047 1669 crucis

2155 1609 2387 1682 Χριστοῦ
2413 1607 2806 1679 κατεπτόησενο
2839 1603 2918 1674 τῷ
2954 1604 3012 1658 δὲ
3052 1601 3206 1672 τύπῳ
3240 1599 3335 1653 τοῦ
3373 1595 3618 1667 σταυροῦ
3649 1595 3735 1646 τὸν

469 1716 761 1774 nidoribus
809 1715 1155 1785 inquinatum
1201 1725 1334 1767 aera
1385 1724 1511 1765 cum
1558 1707 1835 1779 expiasset
1885 1711 2049 1775 atque

2156 1697 2563 1774 μεμολυσμένον
2613 1700 2734 1761 ταῖς
2779 1697 3029 1759 κνίσσαις
3078 1693 3217 1765 ἀέρα
3258 1688 3630 1758 καθαγνίσας,
3660 1685 3734 1738 δι-

471 1811 789 1874 lu3trasset,
819 1808 966 1880 quod
996 1808 1179 1863 facere
1223 1804 1422 1861 solitus
1454 1810 1594 1868 erat,
1630 1776 1848 1856 noctem
1877 1805 2046 1854 totam

2155 1793 2381 1865 ήγαγεν,
2413 1788 2557 1845 κατὰ
2591 1788 2652 1842 rb
2692 1786 2921 1859 σύνηθες
2949 1784 3118 1854 αὑτῷ,
3145 1782 3243 1852 τὴν
3271 1779 3442 1833 νύκτα
3469 1778 3660 1830 πᾶσαν
3684 1776 3735 1828 ἐν

473 1901 818 1958 orationibus
837 1866 911 1954 ἐι
955 1897 1178 1952 laudum
1209 1866 1692 1951 decantationibus
1727 1889 2048 1960 pervigilem

2158 1884 2488 1959 προσευχαῖς
2517 1899 2577 1936 τε
2617 1880 2714 1935 καὶ
2755 1876 3050 1951 ὑμνῳδίαις
3094 1872 3546 1944 διαγρυπνήσας,
3600 1866 3734 1920 ὥστε

475 1993 773 2064 transegit,
803 1990 938 2046 adeo
969 1998 1028 2043 ut
1049 1989 1106 2043 in
1137 1987 1359 2044 domum
1388 1983 1664 2039 orationis
1693 1980 2053 2036 transforma-

2163 1957 2676 2048 μετασκευασθῆναι
2710 1974 2790 2036 εἰς
2835 1967 3148 2042 προσευχῆς
3181 1961 3356 2027 οἷκον,
3386 1963 3474 2015 τὸν
3515 1957 3735 2012 ἐϐδελυ-

372 2130 393 2150 ,
477 2092 633 2142 retur
671 2048 821 2138 :edes
855 2082 970 2148 illa,
1023 2095 1143 2152 qua:
1187 2087 1242 2136 et
1282 2079 1535 2134 altarium
1572 2075 1830 2132 sordibus
1862 2081 1917 2128 et

2159 2067 2361 2138 γμένον
2393 2064 2471 2136 τῷ
2517 2081 2575 2118 τε
2618 2060 2903 2133 ἐπιϐωμίῳ
2937 2059 3121 2130 λύθρῳ
3151 2057 3245 2112 καὶ
3285 2054 3396 2116 τοῖς
3428 2048 3734 2120 ἀφιδρύμα-

480 2165 752 2236 munditia
781 2141 1174 2245 conspurcata,
1200 2181 1252 2228 et
1279 2172 1478 2228 statuis
1507 2170 1697 2226 odiosa
1728 2175 1894 2238 atque
1922 2167 2056 2222 abo-

2164 2173 2270 2210 σιν.
2312 2154 2513 2210 Τοῦτον
2551 2154 2608 2207 δὲ
2647 2153 2739 2207 τὸν
2775 2152 2975 2223 τρόπον
3012 2149 3112 2219 τῆς
3148 2146 3341 2208 νυκτὸς
3379 2141 3524 2212 αὑτῷ
3555 2141 3731 2194 διανυ-

481 2269 764 2324 minabilis
820 2276 960 2324 erat.
1023 2265 1140 2322 lloc
1185 2266 1368 2336 itaque
1427 2261 1590 2318 modo
1653 2267 1812 2316 nocte
1873 2257 1943 2312 ab
1992 2271 2059 2313 eo

2165 2247 2409 2319 σθείσης,
2456 2248 2633 2316 εῑχετο
2677 2244 2837 2299 πάλιν
2874 2241 3016 2297 κατὰ
3044 2241 3136 2294 τὸν
3179 2239 3374 2311 ὄρθρον
3414 2235 3508 2304 τῆς
3551 2232 3647 2285 ἐπὶ
3677 2227 3736 2282 τὸ

481 2367 789 2424 transacta,
830 2357 978 2412 circa
1005 2356 1310 2412 diluculum
1340 2367 1535 2410 rursus
1559 2351 1665 2407 iter
1698 2364 1859 2406 suum
1893 2360 2060 2420 porro

2167 2341 2356 2413 πρόσω
2393 2339 2636 2412 πορείας.
2669 2338 2776 2394 Τοῦ
2825 2337 2881 2391 δὲ
2925 2336 3198 2406 νεωκόρου
3245 2331 3386 2386 κατὰ
3426 2327 3512 2382 τὸν
3543 2325 3735 2397 ὀρθρον

482 2450 670 2510 facere
712 2451 990 2522 pergebat.
1031 2450 1166 2506 Cum
1220 2456 1404 2504 autem
1440 2446 1673 2504 antistes
1716 2457 1879 2499 mane
1925 2456 2062 2497 con-

2167 2433 2266 2505 τὴν
2291 2431 2493 2503 συνήθη
2522 2430 2888 2502 προσάγοντος
2914 2425 3209 2500 θεραπείαν
3238 2424 3349 2486 τοῖς
3373 2418 3639 2487 δαίμοσιν,
3671 2414 3739 2467 el-

485 2551 647 2600 sueto
675 2539 864 2596 ollicio
897 2539 1176 2595 daemones
1211 2538 1438 2602 coleret,
1480 2535 1663 2592 oblata
1705 2533 1752 2589 ei
1797 2530 2064 2589 daemonia

2169 2527 2291 2578 πεῖν
2313 2523 2644 2594 ἐπιφανέντα
2672 2521 2836 2592 φασὶν
2859 2518 3013 2590 αὑτῷ
3039 2517 3110 2571 τά
3128 2514 3396 2585 δαιμόνια,
3423 2510 3618 2564 ἄϐατον
3643 2506 3737 2560 αὑ-

487 2632 697 2688 dixisse
722 2630 1011 2695 feruntur,
1043 2645 1152 2685 non
1188 2629 1293 2685 sibi
1323 2600 1510 2699 patere
1546 2626 1776 2698 posthac
1829 2623 2065 2694 amplius

2169 2619 2283 2681 τοῖς
2310 2616 2372 2670 rb
2403 2615 2548 2688 ἱερὸν
2577 2611 2718 2670 εἶναι
2737 2653 2752 2681 ,
2781 2613 2868 2667 διὰ
2905 2611 2997 2666 τὸν
3031 2611 3092 2686 ἐν
3118 2606 3284 2678 ,αὐτῷ
3317 2600 3735 2674 καταμείναντα·

490 2726 700 2804 aditum
727 2723 803 2779 ad
827 2693 1110 2794 templum,
1138 2693 1365 2793 propter
1397 2693 1672 2790 eum,'qui
1701 2718 1757 2773 in
1786 2732 1854 2774 eo
1889 2693 2067 2772 divero

2171 2712 2266 2766 τὸν
2295 2709 2351 2764 δὲ
2382 2708 2698 2780 καθαρσίοις
2733 2705 2843 2760 τισὶ
2867 2704 2960 2760 καὶ
2996 2701 3205 2764 θυσίαις
3237 2698 3512 2770 χρώμενον
3536 2693 3741 2762 ἐπιχει-

493 2793 650 2874 satus
680 2823 826 2874 esset
869 2833 884 2871 :
916 2783 1080 2885 atque
1099 2783 1199 2880 ille
1224 2783 2068 2882 lustratoriispiacularibusque

2176 2803 2290 2874 ρείν
2310 2799 2400 2854 διά
2427 2799 2631 2853 τούτων
2652 2797 2813 2852 πάλιν
2840 2794 3128 2848 είσοικίσαι
3147 2790 3224 2861 τῷ
3249 2787 3362 2858 ναῷ
3383 2785 3453 2839 τὰ
3476 2783 3743 2885 δαιμόνια·

494 2907 788 2966 sacrificiis
809 2916 863 2963 et
894 2906 1096 2962 hostiis
1116 2912 1278 2961 utens
1302 2919 1398 2973 per
1415 2902 1532 2958 haec
1551 2901 1619 2956 ad
1647 2899 2066 2970 immigrandum

2175 2871 2252 2954 ti);
2291 2889 2349 2942 δὲ
2395 2890 2579 2942 πᾶσαν
2611 2885 2776 2941 αὑτοῦ
2816 2886 3011 2955 πεῖραν
3045 2879 3408 2953 προσάγοντος
3430 2916 3444 2940 ,
3473 2871 3744 2942 ἄπρακτος

494 3016 695 3059 rursus
729 3001 786 3056 in
819 2999 1081 3072 templum
1109 2996 1379 3053 daemonia
1405 2995 1608 3051 dicitur
1643 2993 1877 3049 invitare
1905 3005 2073 3047 cona-

2177 2980 2245 3057 ἦν
2281 2987 2315 3056 ἡ
2355 2984 2581 3055 σπουδὴ,
2618 2979 2859 3052 οὐδαμοῦ
2897 2976 3040 3032 κατὰ
3084 2974 3145 3029 rb
3187 2970 3412 3043 σύνηθες
3455 2963 3746 3072 ὑπακρυόν;

499 3105 590 3151 tus
640 3107 765 3150 esse
800 3110 814 3147 :
856 3097 918 3146 ut
935 3051 1147 3146 rautem
1199 3087 1338 3143 nihil
1377 3101 1489 3142 non
1525 3084 1790 3142 tentantis
1825 3081 2072 3139 studium

2179 3051 2486 3128 των-αὑτοῦ
2525 3051 2634 3126 τῶν
2672 3051 2940 3142 δαιμόνων
2971 3069 3037 3138 τῇ
3073 3062 3356 3134 ἐπικλήσει
3375 3076 3390 3088 ο
3429 3057 3552 3112 τότε
3597 3051 3750 3124 θυμῷ

499 3185 718 3243 irritum
757 3191 814 3240 et
855 3179 1102 3239 incilicax
1135 3187 1278 3244 erat,
1313 3177 1657 3236 daemonibus
1703 3175 1854 3230 nullo
1887 3172 2072 3237 modo,

2182 3171 2277 3224 καὶ
2319 3169 2457 3241 ὀργῇ
2501 3167 2793 3232 διαναστὰς
2833 3160 3240 3234 καταλαμϐάνει
3271 3155 3363 3211 rbv
3405 3155 3575 3226 μέγαν
3611 3150 3752 3204 ἐκεῖ·

504 3277 672 3334 sicuti
705 3277 1126 3337 consueverant,
1160 3270 1283 3342 ejus
1320 3266 1652 3326 invocationi
1692 3265 2080 3332 obtemperan-

2180 3280 2270 3320 vov
2301 3264 2331 3316 ὁ
2371 3261 2659 3334 νεωκόρος,
2699 3261 2880 3316 πάντα
2921 3254 3160 3312 ἀπειλῶν
3203 3251 3275 3307 τὰ
3309 3249 3615 3309 δεινότατα,
3657 3244 3753 3299 καὶ

505 3369 664 3426 tibus
689 3386 703 3424 :
736 3375 867 3423 tunc
895 3367 975 3422 ira
1002 3335 1168 3436 atque
1191 3335 1572 3434 indignatione
1601 3355 1932 3414 furibundus
1955 3367 2080 3410 cum

2181 3357 2294 3420 τοῖς
2328 3355 2587 3427 ἄρχουσιν
2631 3351 3031 3421 είσαγγέλλειν,
3084 3348 3179 3402 καὶ
3231 3344 3378 3416 χειρὶ
3425 3343 3544 3397 κατ’
3588 3335 3756 3393 αὑτοῦ

507 3473 632 3518 sese
656 3455 1022 3530 proripuisset
1070 3431 1337 3518 antistes,—
1389 3465 1646 3522 magnum
1694 3449 1848 3503 illum
1903 3447 2082 3501 virum

2183 3447 2508 3522 κεχρῆσθαι,
2542 3445 2752 3516 βασιλεῖ
2781 3442 3150 3514 καταμηνύειν
3189 3440 3289 3512 τὴν
3316 3437 3541 3508 τόλμαν,
3579 3435 3660 3487 ὅτι
3693 3431 3760 3502 δὴ

509 3552 842 3623 assequitur,
876 3547 1240 3622 gravissimas
1261 3555 1317 3601 et
1355 3544 1593 3598 maxime
1619 3540 1892 3597 terribiles
1916 3553 2084 3610 quas-

2183 3536 2507 3610 Χριστιανὸς
2531 3536 2607 3589 ὢν
2629 3536 2724 3589 καὶ
2750 3535 2891 3599 θεοῖς
2917 3532 3128 3604 ἐχθρὸς,
3157 3531 3458 3601 ἐτόλμησεν
3487 3526 3634 3588 ἐντὸς
3652 3523 3761 3576 τῶν

511 3658 619 3716 que
651 3616 835 3699 minas
860 3616 1167 3704 intentans,
1206 3633 1359 3706 quod
1389 3642 1445 3689 et
1475 3632 1543 3687 ad
1583 3631 1940 3703 magistratus
1960 3643 2085 3683 cum

2186 3631 2502 3702 ἀνακτόρων
2542 3627 2794 3698 γενέσθαι
2815 3642 2831 3658 ο
2874 3620 2936 3681 οῦ
2987 3624 3084 3696 τὴν
3127 3623 3334 3677 εἴσοδον
3383 3616 3766 3690 ἀπεστράφθαι

510 3735 820 3796 delaturus,
854 3738 910 3787 et
942 3746 1108 3786 manu
1126 3728 1393 3784 adversus
1419 3739 1544 3780 eum
1578 3737 1806 3786 usurus,
1835 3730 1887 3776 et
1920 3720 2087 3788 impe-

2187 3725 2285 3793 τὴν
2323 3725 2380 3777 ἐν
2423 3725 2537 3786 τοῖς
2580 3723 2746 3795 ίεροῖς
2786 3721 3113 3792 ἐνεργοῦσαν
3147 3716 3401 3786 δύναμιν,
3441 3714 3532 3767 καὶ
3569 3709 3767 3782 μηκέτι

512 3825 686 3880 ratori
708 3823 995 3880 audaciam
1042 3821 1391 3876 indicaturus
1433 3823 1602 3877 esset,
1635 3813 1784 3886 quod
1828 3812 2087 3868 nimirum

2191 3812 2575 3886 ἐπιχωριάζειν
2611 3815 2724 3878 τοῖς
2758 3813 2946 3876 τόποις
2979 3811 3121 3866 κατὰ
3150 3809 3212 3863 rb
3243 3807 3474 3878 σύνηθες
3505 3804 3603 3874 τὴν
3635 3818 3771 3872 μαν-

514 3917 864 3973 Christianus
884 3922 939 3970 et
975 3914 1087 3970 diis
1107 3912 1363 3968 inimicus
1387 3909 1651 3980 templum
1677 3905 1889 3978 ingredi
1919 3917 2090 3958 ausus

2190 3906 2349 3978 τικὴν
2380 3906 2490 3961 τῶν
2527 3905 2797 3977 δαιμόνων
2827 3905 3125 3976 ἐνέργειαν.
3169 3899 3276 3954 Τοῦ
3305 3899 3362 3953 δὲ
3401 3898 3492 3951 τὸν
3524 3894 3770 3966 προπετῆ

515 4016 664 4067 esset
701 4026 716 4064 :
747 4008 908 4078 cujus
941 4005 1227 4060 introitum
1265 4008 1516 4058 aversata
1563 4007 1710 4056 esset
1743 4012 1828 4064 ea,
1871 4009 1994 4066 qua:
2036 3993 2092 4048 in

2193 3999 2288 4054 καὶ
2329 3997 2653 4053 ἀπαίδευτον
2689 3996 2785 4051 τοῦ
2818 3996 3088 4068 νεωκόρου
3135 3993 3305 4065 θυμὸν
3351 3994 3411 4046 ἐν
3453 3988 3773 4058 ὑπερέχοντι

518 4101 695 4158 sacris
734 4103 1059 4169 operaretur
1084 4098 1188 4158 vis,
1225 4107 1327 4148 nec
1371 4090 1608 4161 amplius
1652 4095 1713 4145 ut
1743 4092 2092 4149 consuesset,

2196 4091 2504 4163 φρονήματι
2540 4089 2990 4154 καταϐάλλοντος,
3047 4085 3145 4141 καὶ
3189 4083 3284 4138 τοῦ
3335 4079 3586 4152 ἀληθινοῦ
3633 4075 3774 4131 Θεοῦ

518 4193 577 4247 in
609 4190 679 4248 iis
706 4186 1197 4246 locis-vaticinandi
1235 4184 1543 4239 daemonum
1585 4180 1827 4237 eﬂicacia
1845 4193 2097 4235 versare-

2196 4181 2296 4252 τὴν
2334 4179 2650 4251 συμμαχίαν
2682 4180 2886 4243 πάσαις
2917 4175 3440 4249 άντιπροϐαλομὲνου
3464 4174 3584 4234 ταῖς
3612 4171 3776 4222 ἀπει-

519 4291 635 4340 tur.
704 4281 840 4338 Cum
901 4288 1080 4335 autem
1139 4277 1232 4334 ille
1295 4273 1614 4332 eﬂ‘renatam
1675 4280 1730 4328 et
1787 4271 2096 4342 imperitam

2199 4271 2341 4336 λαῖς,
2373 4271 2468 4323 καὶ
2503 4269 2755 4336 λέγοντος
2785 4267 3038 4322 τοσοῦτον
3078 4266 3397 4320 πεποιθέναι
3437 4264 3504 4333 τῇ
3543 4259 3775 4329 δυνάμει

522 4375 786 4431 antistitis
807 4367 1320 4429 excandescentiam
1341 4366 1526 4422 animo
1539 4365 1757 4420 excelso
1773 4362 2096 4434 sprevisset,

2199 4363 2292 4417 τοῦ
2337 4361 2784 4434 ὑπερμαχοῦντος
2811 4360 2998 4428 αὑτοῦ,
3029 4359 3172 4413 ὥστε
3211 4360 3329 4412 κατ’
3361 4355 3608 4424 ἐξουσίαν
3635 4355 3775 4424 ἔχειν

519 4478 580 4524 et
608 4476 814 4523 contra
831 4478 1024 4520 omnes
1055 4460 1234 4516 minas
1256 4460 1368 4515 veri
1401 4457 1492 4513 Dei
1517 4454 1781 4510 auxilium
1807 4452 2096 4521 obiiceret,

2203 4451 2528 4505 ἀπελαύνειν
2552 4469 2612 4505 τε
2644 4451 2863 4514 αὑτοὺς,
2888 4449 3010 4504 ὅθεν
3040 4450 3106 4504 ἂν
3142 4448 3423 4519 βούληται,
3451 4445 3544 4500 καὶ
3567 4442 3777 4496 εἰσοικί-

522 4571 590 4611 ac
615 4555 841 4617 diceret,
879 4549 1026 4622 quod
1060 4557 1272 4605 tantum
1308 4546 1518 4602 ﬁducim
1554 4544 1781 4598 haberet
1811 4543 1864 4596 in
1884 4520 2097 4596 virtute

2200 4545 2312 4611 ζειν
2360 4539 2443 4609 οἷς
2495 4547 2560 4600 ἃν
2599 4545 2756 4616 ἐθέλῃ
2805 4545 3021 4611 τόποις,
3069 4543 3163 4598 καὶ
3212 4542 3310 4606 τὰς
3359 4520 3661 4605 άποδεῑξεις
3709 4529 3774 4589 ὧν

526 4653 692 4717 atque
734 4640 980 4714 potentia
1017 4639 1103 4696 sui
1142 4636 1587 4710 propugnatoris,
1613 4643 1672 4689 ut
1706 4648 1804 4702 pro
1829 4631 2097 4685 arbitratu

2203 4637 2388 4708 ἔλεγεν
2439 4639 2538 4712 ἤδη
2570 4638 2852 4709 -παρέξειν
2905 4634 3374 4706 ὑπισχνουμένου,
3427 4631 3776 4702 θαυμάσαντα

525 4751 625 4794 eos
668 4742 724 4792 et
753 4734 973 4804 abigere
1004 4737 1192 4802 posset
1223 4729 1592 4798 undecunque
1628 4725 1812 4788 vellet,
1842 4731 1897 4779 et
1931 4721 2102 4777 intro-

2202 4729 2296 4784 rbv
2349 4729 2650 4801 νεωκόρον,
2699 4728 2795 4782 καὶ
2847 4727 3268 4804 καταπλαγέντα
3319 4725 3380 4778 rb
3426 4722 3650 4795 μέγεθος
3685 4720 3777 4788 τῆς

529 4829 736 4885 ducere
779 4826 837 4882 in
881 4836 1226 4896 quzecunque
1259 4821 1379 4876 loca
1414 4819 1518 4876 sibi
1553 4816 1852 4882 videretur,
1886 4829 2104 4871 earum-

2207 4814 2472 4882 ἐξουσίας,
2487 4816 2580 4870 ἀπ’
2595 4817 2773 4872 αὐτῶν
2797 4802 3000 4872 τούτων
3026 4814 3194 4882 δεῖξαι
3221 4815 3321 4886 τὴν
3343 4813 3592 4884 δύναμιν,
3619 4827 3776 4880 προσ-

528 4935 639 4990 que
660 4934 868 4983 rerum,
889 4932 1011 4989 qua:
1031 4915 1262 4978 diceret,
1292 4910 1792 4970 demonstrationes
1815 4923 1876 4964 se
1894 4915 2104 4963 extem-

2208 4909 2573 4975 καλέσασθαι,
2621 4911 2718 4964 καὶ
2763 4911 2925 4965 πάλιν
2955 4909 3105 4972 ἐντὸς
3137 4908 3362 4978 ποιῆσαι
3409 4904 3506 4959 τοῦ
3548 4902 3690 4974 ίεροῦ
3718 4901 3773 4953 τὶ

529 5012 624 5084 plo
665 5010 778 5082 jam
814 5010 1173 5081 praebiturum
1224 5021 1348 5062 esse
1395 5003 1749 5075 polliceretur
1785 5018 1800 5058 :
1843 5000 2105 5070 obstupe-

2212 5002 2484 5073 δαιμόνια.
2533 5003 2869 5058 Ἀκούσαντα
2906 5003 2963 5057 δὲ
2994 5002 3155 5056 τοῦτο
3192 5001 3284 5054 τὸν
3314 5000 3489 5070 μέγαν
3509 5039 3522 5063 ,
3551 4994 3775 5066 ἀπορῇ-

533 5103 716 5159 factus
761 5103 992 5158 antistes
1027 5109 1080 5156 et
1118 5097 1424 5154 admiratus
1473 5093 1910 5165 magnitudinem
1953 5098 2108 5162 pote-

2217 5093 2304 5158 ξαί
2329 5112 2383 5148 τι
2409 5095 2500 5149 τοῦ
2536 5095 2740 5166 βιϐλίου
2764 5097 2958 5167 τμῆμα
2988 5095 3182 5166 βραχὺ,
3211 5094 3302 5147 καὶ
3323 5090 3506 5146 δοῦναι
3535 5090 3688 5144 τοῦτο
3708 5085 3775 5156 τῷ

535 5195 722 5262 statis,
766 5193 1078 5266 postulasse
1106 5191 1329 5253 dicitur,
1365 5197 1425 5244 ut
1457 5187 1525 5243 ab
1558 5187 1646 5241 his
1683 5185 2106 5256 ipsis‘virtutem

2215 5187 2500 5260 νεωκόρῳ,
2554 5191 2960 5260 προστακτικήν
2997 5205 3118 5241 τινα
3150 5186 3331 5256 φωνὴν
3372 5183 3511 5238 κατὰ
3541 5182 3646 5234 τῶν
3673 5179 3775 5232 δαι-

535 5287 858 5346 ostendendi
923 5285 1137 5341 initium
1179 5281 1406 5343 faceret,
1445 5279 1776 5334 etinvitaret
1828 5292 2020 5334 rursus
2056 5282 2110 5332 et

2220 5281 2396 5350 μόνων
2419 5282 2730 5351 χαράξαντα
2747 5299 2759 5312 ο
2783 5277 2853 5352 ἦν
2876 5281 2934 5335 δὲ
2964 5279 3031 5333 τὰ
3054 5278 3358 5350 γράμματα
3389 5278 3477 5329 ἐπ’
3502 5275 3666 5342 αὐτῆς
3690 5270 3775 5338 τῆς

538 5381 918 5438 introduceret
943 5379 998 5432 in
1023 5376 1284 5446 templum
1325 5372 1595 5428 daemonia
1626 5390 1638 5425 :
1666 5370 1869 5440 quibus
1905 5367 2108 5424 auditis

2215 5371 2409 5436 λέξεως
2429 5373 2620 5426 ταῦτα·
2634 5372 3011 5426 ΓΡΗΓΟΡΙΟΣ
3025 5370 3135 5423 ΤΩι
3150 5369 3422 5422 ΣΑΤΑΝΔ
3433 5386 3470 5427 ι,
3487 5359 3774 5419 ΕΙΣΕΛΘΕ.

537 5486 771 5546 magnus
811 5468 901 5524 ille
959 5468 1044 5522 vir
1085 5465 1395 5522 abscidisse
1435 5461 1690 5533 exiguum
1734 5458 2008 5530 quoddam
2067 5457 2307 5514 frustum
2354 5461 2422 5518 de
2472 5463 2662 5518 codice
2745 5462 2971 5526 dicitur,
3017 5461 3181 5531 idque
3209 5474 3334 5513 cum
3384 5459 3440 5513 in
3486 5473 3552 5512 eo
3607 5465 3782 5509 vocem

538 5564 834 5634 quamdam
860 5560 1262 5632 imperatricem
1290 5557 1556 5611 adversus
1630 5553 1904 5608 dmmones
1971 5561 2278 5623 exarasset,
2345 5558 2581 5613 antistiti
2632 5558 2852 5614 dedisse
2903 5577 2916 5612 ε
2971 5563 3130 5611 eram
3181 5562 3365 5608 autem
3427 5551 3545 5620 ipsa
3626 5543 3791 5600 verba

542 5660 855 5715 litterarum
886 5657 1003 5711 haec
1047 5673 1061 5709 :
1089 5649 1491 5708 GREGORIUS
1523 5645 1843 5708 SATANAS,
1881 5644 2119 5700 INTRA.
2581 5639 2584 5643 ’
3223 5661 3240 5685 τ

616 5751 794 5819 Atque
818 5751 961 5803 hanc
993 5745 1309 5803 schedulam
1336 5750 1619 5812 acceptam
1639 5739 1845 5795 dicitur
1881 5737 2115 5792 antistes

2296 5726 2538 5780 Λαϐόντα
2573 5725 2630 5779 δὲ
2674 5725 2768 5779 τὸν
2803 5722 3068 5794 νεωκόρον
3115 5719 3392 5775 ἀναθεῖναι
3425 5717 3502 5787 τῷ
3539 5709 3700 5785 βωμῷ
3732 5707 3793 5762 τὺ

550 5843 877 5914 imposuisse
905 5838 1086 5906 altari,
1106 5837 1307 5892 deinde
1330 5850 1455 5888 cum
1475 5840 1771 5890 consuetos
1792 5831 1871 5887 cis
1895 5830 2116 5885 nidorcs

2232 5822 2468 5895 βιϐλίον,
2517 5817 2634 5875 εἶτα
2700 5817 3116 5890 προσαγαγόντα
3168 5814 3264 5878 τὰς
3324 5811 3569 5881 συνήθεις
3618 5804 3789 5866 αὐτοῖς

2033 6109 2053 6127 Α
2109 6097 2166 6128 ⁵

3914 3175 3915 3200 l

3914 3209 3915 3240 l

3913 3261 3915 3296 l
