4002 6206
315 345 430 401 917

1305 344 1387 398 DE
1421 343 1582 400 V’lTA
1619 342 1676 403 S.
1717 345 2044 403 GREGORII
2085 346 2610 405 THAUMATURGI.

3472 354 3575 409 9l8

319 459 550 521 κνίσσας
575 448 679 510 καὶ
702 455 766 509 τὰ
796 455 1082 527 μιάσματα
1103 493 1117 518 ,
1147 455 1306 509 πάλιν
1338 457 1462 509 ἰδεῖν
1489 456 1631 528 άπερ
1666 456 1812 528 ἑώρα
1840 457 1897 509 τὸ

2004 467 2060 512 et
2091 458 2441 527 impiamenta
2477 452 2785 524 obtulisset,
2842 459 3062 525 vidisse,
3103 474 3224 530 quae
3259 459 3415 532 prius
3447 478 3575 517 con-

318 548 612 618 πρότερον,
643 545 772 617 πρὶν
807 545 1169 615 ἐξοικισθῆναι
1206 545 1296 600 τοῦ
1325 545 1594 600 είδωλείου
1625 549 1751 611 τοὺς
1789 547 1905 602 δαί-

325 655 514 709 μονας.
563 634 782 690 Τούτων
814 636 870 690 δὲ
899 635 1233 705 γεγονότων,
1272 636 1478 693 ἔννοιαν
1520 639 1682 692 αὑτὸν
1723 639 1904 692 λαϐεῖν

321 729 418 784 τοῦ
479 728 629 784 θείαν
666 724 805 782 εἷναί
839 747 958 783 τινα
998 729 1151 800 παρᾶ
1180 729 1258 800 τῷ
1297 730 1582 803 Γρηγορίῳ
1611 730 1709 801 τὴν
1742 731 1905 784 δύνα-

327 840 441 893 μιν,
491 821 558 874 δι’
613 814 682 892 ἧς
736 821 912 890 έφάνη
953 821 1058 874 τῶν
1111 822 1378 893 δαιμῆνων
1426 823 1900 896 έπικρατέστερος⁶

319 912 698 968 καταλαϐόντα
731 912 787 966 δὲ
821 910 962 966 κατά
992 913 1226 983 σπουδὴν
1252 913 1411 968 πάλιν
1442 915 1634 980 αὐτὸν,
1678 918 1806 987 πρὶν
1845 919 1902 973 ὲν

315 1008 387 1075 τῇ
441 1005 596 1058 πόλει
648 1003 936 1073 γενέσθαι,
975 1004 1168 1074 μαθεῖν
1211 1005 1409 1076 ἠξίωσε
1457 1007 1586 1076 παρ’
1631 1008 1796 1061 αὑτοῦ
1843 1009 1904 1063 τὸ

320 1099 644 1168 μυστήριον,
684 1095 781 1150 καὶ
817 1095 901 1160 τίς
935 1097 963 1150 6
991 1096 1123 1160 Θεὸς
1153 1097 1357 1160 ἐκεῖνος
1389 1100 1418 1152 6
1443 1097 1680 1170 τὴντῶν
1709 1088 1901 1168 δαιμό-

320 1208 430 1244 νων
465 1189 628 1258 φύσιν
661 1187 976 1259 ύποχειρίαν
1010 1186 1170 1258 ἔχων.
1206 1189 1465 1253 Εἰπόντος
1507 1189 1563 1243 δὲ
1605 1189 1673 1243 δι’
1706 1190 1902 1260 ὀλίγων

317 1280 416 1333 τοῦ
448 1279 688 1350 μεγάλου
729 1279 791 1332 τὺ
821 1278 918 1349 τῆς
947 1278 1227 1342 εὐσεϐείας
1262 1281 1589 1350 μυστήριον,
1626 1280 1818 1335 παθεῖν
1847 1300 1900 1336 τι

313 1372 410 1426 τὸν
441 1373 711 1444 νεωκόρον
736 1366 848 1426 οἷον
875 1370 1022 1436 εἰκός
1046 1371 1138 1428 τὸν
1166 1371 1277 1426 τῶν
1311 1371 1469 1426 θείων
1499 1372 1743 1444 ἀμύητον
1765 1390 1779 1404 '
1806 1375 1901 1428 καὶ

318 1464 647 1537 μικρότερον
688 1464 940 1533 οἰηθῆναι
975 1463 1075 1534 τῆς
1114 1465 1244 1535 περὶ
1271 1462 1407 1516 Θεοῦ
1449 1463 1803 1536 ὑπολήψεως,
1838 1466 1900 1519 τὸ

317 1553 608 1625 πεισθῆναι
645 1553 734 1607 διά
767 1552 970 1624 σαρκὸς
1013 1550 1310 1622 πεφηνέναι
1351 1555 1463 1616 τοῖς
1495 1552 1804 1624 ἀνθρώποις
1838 1553 1900 1607 τὸ

314 1644 505 1698 Θεῖον’
551 1643 646 1698 τοῦ
681 1643 737 1698 δὲ
780 1643 854 1714 μὴ
905 1642 1084 1712 λόγοις
1120 1643 1365 1708 εἰπόντος
1403 1643 1501 1715 τὴν
1549 1646 1678 1718 περὶ
1707 1645 1896 1700 τούτου

321 1737 502 1791 πίστιν
529 1735 913 1808 κρατύνεσθαι,
945 1737 1058 1800 τοῖς
1082 1735 1139 1789 δὲ
1169 1736 1277 1789 τῶν
1319 1737 1616 1807 γινομένων
1654 1737 1894 1810 θαύμασι

2007 547 2220 617 spicere
2274 548 2496 613 soleret,
2559 557 2854 618 antequam
2918 548 3195 605 daemones
3239 565 3305 605 ex
3348 549 3576 605 delubro

2006 637 2164 708 ejecti
2191 647 2398 694 essent.
2436 637 2649 704 Quibus
2685 640 2850 694 rebus
2891 641 3150 709 peractis,
3181 656 3303 695 eum
3339 641 3576 712 coepisse

2007 733 2270 801 cogitare,
2336 731 2482 801 quod
2527 731 2713 786 divina
2781 730 3029 802 quzedam
3073 733 3247 788 virtus
3307 731 3573 804 Gregorio

2007 820 2246 885 adesset,
2279 837 2373 892 per
2406 835 2568 891 quam
2599 821 2942 876 diemonibus
2977 821 3206 876 validior
3235 821 3387 876 visus
3406 833 3568 876 esset.

2004 911 2141 966 Cum
2192 923 2372 967 autem
2447 928 2638 967 rursus
2705 927 2828 968 eum
2885 911 3191 988 festinando
3241 921 3572 967 consecutus

2005 1010 2174 1068 esset,
2215 1003 2534 1072 priusquam
2589 1002 2929 1072 pervenisset
2988 1003 3043 1057 in
3101 1002 3317 1064 urbem,
3365 1002 3574 1072 rogavit

2003 1109 2128 1151 eum
2182 1104 2242 1150 ut
2289 1095 2390 1152 sibi
2430 1097 2750 1166 mysterium
2783 1097 2850 1150 ab
2879 1095 2996 1165 ipso
3025 1094 3239 1150 discere
3277 1094 3485 1157 liceret,
3520 1102 3574 1147 et

2003 1185 2256 1256 quisnam
2303 1194 2450 1242 esset
2492 1187 2584 1242 ille
2630 1185 2795 1252 Deus,
2838 1185 2933 1256 qui
2968 1195 3218 1240 naturam
3264 1184 3572 1239 daemonum

2001 1277 2292 1333 obnoxiam
2355 1278 2596 1334 haberet.
2645 1277 2782 1334 Cum
2842 1286 3022 1333 autem
3083 1293 3314 1348 magnus
3360 1277 3453 1333 ille
3491 1277 3573 1330 vir

2000 1369 2194 1440 paucis
2253 1369 2575 1441 mysterium
2629 1369 2852 1440 pietatis
2888 1369 3260 1441 exposuisset,
3305 1369 3573 1426 accidisse

1999 1460 2260 1531 quiddam
2314 1461 2516 1517 dicitur
2571 1462 2803 1517 antistiti
2848 1462 3008 1533 quale
3039 1476 3138 1532 par
3172 1469 3291 1518 erat
3323 1460 3572 1517 accidere

1999 1553 2074 1616 ei,
2119 1554 2215 1624 qui
2257 1553 2310 1606 in
2354 1553 2520 1608 rebus
2580 1553 2783 1610 divinis
2819 1569 2928 1610 non
2981 1563 3128 1610 esset
3176 1553 3468 1610 initiatus:
3507 1567 3572 1608 ac

1998 1643 2164 1701 vilius
2191 1660 2313 1701 esse
2334 1655 2573 1716 putasse,
2605 1659 2768 1716 quam
2801 1645 2869 1701 de
2893 1645 3002 1701 Deo
3036 1646 3338 1702 existimari
3369 1660 3569 1701 conve—

1998 1735 2173 1802 niret,
2216 1736 2441 1792 credere
2491 1737 2637 1808 quod
2680 1751 2882 1792 numen
2933 1735 3178 1790 divinum
3217 1751 3314 1806 per
3348 1749 3570 1790 carnem
3678 1751 3697 1764 ι

317 1828 379 1882 τὸ
417 1828 610 1882 πιστὸν
641 1827 804 1898 ἔχειν,
835 1827 1068 1898 ζητῆσαι
1109 1826 1190 1880 ἔτι
1219 1829 1346 1897 παρ’
1377 1827 1540 1881 αὑτοῦ
1582 1808 1771 1900 θαῦμα.
1803 1830 1895 1884 τὸν

2001 1827 2316 1884 hominibus
2339 1829 2718 1900 apparuisset;
2743 1842 2977 1899 cumque
2998 1828 3088 1884 ille
3109 1837 3297 1882 contra
3318 1824 3569 1890 dixisset,

318 1922 586 1992 νεωκόρον
617 1920 764 1982 ἰδεῖν,
791 1919 868 1983 ὼς
896 1916 996 1973 εἷθ’
1039 1919 1212 1984 οὕτως
1258 1920 1631 1990 προσαχθῆναι
1675 1921 1763 1975 διά
1802 1921 1895 1978 τοῦ

315 2011 604 2082 γινομένου
627 2010 764 2080 πρὸς
789 2009 887 2080 τὴν
905 2009 1004 2080 τῆς
1028 2009 1260 2073 πίστεως
1283 2009 1696 2079 συγκατάθεσιν.
1729 2011 1898 2066 Ἔνθα

312 2104 381 2176 δὴ
425 2105 486 2159 τὸ
517 2103 735 2158 πάντων
775 2102 1133 2157 ἀπιστότατον
1181 2101 1399 2171 λέγεται
1443 2103 1803 2173 πεποιηκέναι
1835 2105 1898 2160 τὸ

319 2191 464 2263 μέγα
506 2191 692 2264 θαῦμα
728 2192 820 2247 τὸν
867 2191 1041 2264 μέγαν
1074 2191 1298 2246 ἐκεῖνον.
1343 2189 1760 2262 Ἐπιζητοῦντος
1789 2194 1898 2265 γὰρ

314 2282 413 2337 τοῦ
459 2283 732 2355 νεωκόρου
779 2281 926 2336 λίθον
964 2281 1087 2337 τινὰ
1121 2282 1233 2336 τῶν
1277 2281 1590 2354 εύμεγεθῶν
1628 2283 1739 2338 τῶν
1776 2286 1896 2339 κατ’

313 2374 629 2445 ὀφθαλμοὺς
655 2372 803 2446 αὐτῷ
832 2372 1304 2446 προφαινομένων,
1331 2373 1454 2444 δίχα
1479 2374 1660 2447 χειρὸς
1687 2375 1784 2429 ἀνθ
1794 2393 1898 2446 ρω-

316 2466 483 2538 πίνης
517 2465 819 2538 κινηθῆναι,
848 2466 936 2520 διὰ
963 2466 1020 2520 δὲ
1054 2465 1222 2538 μόνης
1253 2467 1353 2537 τῆς
1399 2467 1541 2522 κατά
1574 2467 1672 2539 τὴν
1715 2468 1897 2522 πίστιν

312 2559 619 2630 δυνάμεως,
657 2559 1038 2632 προστάγματι
1079 2558 1174 2613 τοῦ
1208 2559 1510 2632 Γρηγορίου
1540 2559 1677 2630 πρὸς
1707 2559 1895 2629 ἕτερον

315 2649 680 2722 μετατεθῆναι
706 2651 882 2723 χῶρον
902 2667 914 2680 θ
952 2650 1118 2722 μηδὲν
1145 2649 1579 2721 ἀναϐαλλόμενον
1602 2649 1694 2704 τὸν
1723 2650 1895 2720 μέγαν

311 2743 543 2808 ἐκεῖνον,
580 2741 744 2804 εὐθὺς
772 2740 1074 2813 προστάξαι
1116 2740 1367 2812 καθάπερ
1399 2740 1630 2812 ἐμψύχῳ
1662 2739 1747 2811 τῷ,
1765 2740 1895 2812 λίθῳ

317 2834 616 2907 μεταϐῆναι
659 2833 798 2904 πρὸς
825 2835 1032 2889 ἐκεῖνον
1077 2832 1168 2888 τὸν
1212 2833 1402 2898 τόπον,
1455 2832 1515 2886 ὃν
1562 2836 1591 2890 6
1629 2834 1895 2904 νεωκόρος

314 2923 615 2990 ὑπέδειξεν.
646 2923 849 2978 Τούτου
876 2924 932 2978 δὲ
964 2924 1280 2996 γενομένου,
1310 2925 1650 2998 παραχρῆμα
1680 2924 1895 2978 πιστεῢὲ

314 3033 410 3070 σαι
446 3015 525 3088 τῷ
567 3015 711 3088 λόγῳ
761 3015 855 3070 τὸν
899 3016 1101 3089 ἄνδρα*
1152 3018 1248 3072 καὶ
1291 3018 1468 3072 πάντα
1509 3017 1892 3090 καταλιπόντα,

2001 1919 2149 1988 quod
2184 1934 2292 1973 non
2324 1919 2510 1977 verbis
2544 1935 2608 1975 ac
2632 1919 2940 1975 rationibus
2967 1917 3132 1988 hujus
3168 1917 3245 1973 rei
3278 1916 3412 1972 fides
3447 1931 3572 1971 con-

1999 2008 2331 2074 firmaretur,
2357 2009 2450 2066 sed
2489 2025 2556 2066 ex
2588 2011 2754 2067 rebus
2791 2012 3160 2076 mirabilibus,
3203 2027 3325 2081 qua:
3354 2012 3568 2075 tierent,

1997 2103 2106 2158 vim
2128 2103 2253 2158 fidei
2275 2101 2539 2159 faciendae
2569 2103 2892 2174 mysterium
2923 2103 3148 2159 haberet
3186 2121 3200 2158 :
3241 2103 3470 2158 antistes
3502 2101 3573 2156 ab

1996 2208 2064 2251 eo
2097 2194 2324 2264 petiisse
2373 2192 2568 2263 fertur,
2621 2201 2682 2250 ut
2727 2195 2833 2251 sibi
2882 2195 3075 2251 liceret
3119 2193 3341 2266 aliquod
3396 2195 3464 2251 ab
3505 2210 3573 2251 eo

1945 2359 1948 2362 ἢ
1997 2285 2324 2341 miraculum
2354 2286 2563 2352 videre,
2595 2293 2656 2341 ut
2688 2301 2748 2343 re
2774 2287 2893 2359 ipsa
2923 2302 3046 2357 quae
3075 2285 3250 2352 fieret,
3279 2285 3346 2342 ad
3382 2301 3573 2344 assen-

1996 2376 2208 2433 sionem
2257 2386 2312 2434 et
2355 2377 2809 2449 approbationem
2858 2377 2982 2434 fidei
3052 2377 3439 2434 adduceretur.
3491 2378 3571 2434 lbi

1998 2479 2128 2521 vero
2166 2466 2243 2532 id,
2277 2467 2422 2537 quod
2467 2467 2712 2530 omnium
2754 2467 2993 2523 maxime
3038 2467 3185 2524 dictu
3247 2468 3571 2526 incredibile

1994 2563 2100 2620 est,
2133 2571 2387 2628 magnum
2426 2557 2560 2614 illud
2591 2558 2790 2616 fecisse
2829 2573 3063 2632 magnus
3107 2559 3199 2615 ille
3225 2560 3430 2616 dicitur
3468 2561 3570 2615 mi-

1995 2649 2268 2704 raculum.
2304 2650 2440 2706 Cum
2477 2650 2623 2706 enim
2649 2651 2954 2722 postularet
2994 2651 3250 2716 antistes,
3283 2661 3341 2706 ut
3372 2667 3565 2709 saxum

1995 2741 2268 2812 quoddam
2315 2742 2532 2813 ingens,
2581 2741 2729 2813 quod
2793 2743 2970 2800 oculis
3018 2757 3208 2799 eorum
3260 2743 3568 2814 subjectum

1995 2833 2421 2904 prospiceretur,
2469 2841 2525 2889 et
2576 2848 2687 2890 non
2739 2842 3072 2900 moveretur,
3137 2835 3347 2906 absque
3404 2851 3569 2891 manu

1995 2923 2238 2980 humana
2279 2930 2617 2991 moveretur,
2665 2939 2732 2980 ac
2786 2940 2883 2998 per
2906 2927 3079 2982 solam
3119 2926 3241 2982 fidei
3285 2927 3568 2991 virtutem,

1991 3014 2148 3090 jussu
2204 3015 2454 3089 Gregorii
2511 3017 2580 3072 ad
2623 3017 2854 3074 alterum
2908 3017 3087 3073 locum
3135 3018 3567 3076 transferretur:

311 3107 491 3177 γένος.
535 3109 734 3175 οἰκίαν,
765 3109 1010 3182 γαμετὴν
1032 3149 1047 3175 ,
1083 3110 1302 3174 παῖδας,
1335 3109 1541 3180 φίλους,
1573 3109 1890 3182 ἱερωσύνην,

1998 3111 2147 3166 nulla
2197 3111 2485 3183 interjecta
2547 3125 2699 3167 mora
2755 3127 2987 3182 magnus
3036 3112 3127 3167 ille
3171 3112 3356 3168 statim
3397 3113 3570 3183 impe-

311 3201 525 3271 ἑστίαν,
560 3203 837 3276 κτήματα,
869 3203 991 3256 ἀντὶ
1023 3203 1240 3257 πάντων
1269 3203 1377 3256 τῶν
1405 3201 1714 3274 προσόντων
1744 3203 1894 3274 αύτῷ

311 3293 682 3369 ποιήσασθαι,
710 3293 806 3349 τοῦ
837 3297 1072 3350 συνεῖναι
1107 3294 1185 3367 τῷ
1231 3295 1482 3368 μεγάλῳ,
1514 3295 1610 3349 καλ⁸
1654 3313 1893 3366 συμμετ-

311 3383 464 3458 έχειν
487 3384 595 3439 τῶν
625 3385 803 3440 πόνων
835 3385 984 3457 αύτῷ
1020 3386 1116 3441 καὶ
1139 3385 1239 3456 τῆς
1266 3385 1413 3450 θείας
1446 3386 1661 3457 ὲκείνης
1685 3387 1895 3456 φιλοσο-

311 3477 449 3545 φίας
489 3494 550 3531 τε
581 3477 676 3532 καὶ
711 3465 1066 3541 παιδεύσεως.
1108 3477 1320 3547 Σιγάτω
1361 3477 1498 3549 πρὸς
1534 3476 1708 3530 ταῦτα
1744 3477 1893 3531 πᾶσα

310 3567 542 3642 τεχνικὴ
580 3567 688 3624 τῶν
729 3569 1084 3638 λογογράφων
1134 3567 1383 3639 περίνοια
1425 3568 1522 3630 τὰς
1566 3567 1894 3639 ὲπαυξήσεις

310 3659 428 3716 τῶν
474 3659 766 3732 θαυμάτων
814 3659 902 3714 διά
952 3676 1097 3724 τινος
1144 3659 1429 3732 ῥητορείας
1477 3659 1570 3712 ἐπὶ
1606 3657 1667 3712 τὸ
1713 3658 1894 3730 μεῖξον

314 3749 633 3823 ιξαίρουσα.
661 3752 736 3806 οὐ
765 3751 874 3825 γάρ
901 3750 1146 3815 ,τοιοῦτόν
1178 3752 1325 3804 ἐστιν
1352 3752 1408 3804 ὲν
1439 3753 1551 3814 τοῖς
1583 3750 1894 3822 εἰρημένοις

313 3841 381 3896 τὸ
423 3841 631 3916 θαῦμα,
665 3842 740 3908 ὡς
773 3845 839 3915 τῇ
874 3843 1099 3914 δυνάμει
1141 3840 1234 3896 τοῦ
1266 3841 1515 3911 λέγοντος
1563 3842 1782 3896 ἔλαττον
1828 3841 1894 3898 ἂν

316 3935 354 4006 ﬂ
386 3936 572 4006 μεῖζον
599 3933 791 3989 ἑαυτοῦ
816 3934 1088 4005 γενέσθαι.
1114 3935 1180 3989 Τί
1207 3934 1313 4006 γάρ
1342 3951 1424 3998 τις
1449 3935 1618 3988 εἰπὼν
1649 3934 1798 4006 παρά
1826 3934 1897 3990 τὰ

317 4028 610 4101 εἰρημένα,
636 4027 957 4102 προσθήκην
987 4027 1148 4081 δώσει
1172 4025 1251 4099 τῷ
1285 4026 1556 4097 θαύματι;
1589 4026 1714 4090 Πῶς
1752 4026 1798 4080 δ’
1829 4027 1896 4082 ἄν

314 4132 405 4180 τις
436 4115 760 4171 ἐλαττώσειε
791 4119 905 4181 τοίς
937 4115 1227 4171 ἀκούουσιν
1267 4116 1360 4170 ἐπὶ
1397 4114 1476 4185 τῷ
1513 4117 1756 4184 γεγονότι
1796 4116 1896 4189 τὴν

316 4203 614 4277 ἔκπληξινς
641 4206 803 4271 Λίθος
827 4207 1084 4280 ἀφίστησι
1107 4207 1216 4260 τῶν
1235 4206 1396 4260 λίθων
1418 4207 1540 4271 τοὺς
1565 4205 1894 4277 δεδουλωμέ-

319 4313 446 4361 νους
472 4299 587 4360 τοῖς
615 4297 806 4362 λίθοις,
835 4297 981 4361 λίθος
1009 4296 1186 4370 κήρυξ
1209 4297 1307 4368 τῆς
1340 4295 1489 4361 θείας
1519 4297 1771 4363 πίστεως,
1801 4297 1896 4351 καὶ

319 4388 514 4457 ὁδηγδς
543 4392 654 4453 τοῖς
687 4390 940 4454 ἀπίστοις
975 4391 1054 4454 εἰς
1085 4390 1354 4462 σωτηρίαν
1381 4389 1607 4459 γίνεται,
1638 4391 1698 4444 οὐ
1743 4393 1892 4461 φωνῇ

1997 3217 2153 3259 rasse
2191 3203 2398 3258 dicitur
2443 3218 2576 3259 saxo
2631 3212 2887 3273 tanquam
2920 3202 3182 3271 animato,
3227 3210 3286 3259 ιιι
3312 3205 3570 3261 transiret

1995 3292 2063 3349 ad
2125 3294 2279 3348 illum
2326 3295 2530 3359 locum,
2593 3309 2753 3365 quem
2810 3293 3174 3365 designassct,
3238 3310 3348 3365 quo
3403 3295 3566 3361 facto,

1994 3384 2270 3454 extemplo
2303 3383 2608 3441 credidisse
2647 3384 2886 3440 sermoni
2943 3384 3152 3440 dicitur
3197 3386 3459 3453 antistes,
3505 3403 3569 3442 ac

1995 3475 2204 3531 relictis
2242 3475 2522 3541 omnibus,
2559 3477 2906 3548 cognatione,
2944 3477 3169 3547 familia,
3205 3494 3398 3547 uxore,
3433 3479 3570 3536 libe-

1997 3566 2099 3630 ris,
2130 3565 2346 3628 amicis,
2384 3566 2714 3636 sacerdotio,
2753 3568 2901 3634 sede,
2935 3569 3409 3639 possessionibus,
3443 3570 3568 3626 loco

1995 3657 2240 3712 omnium
2267 3660 2558 3726 bonorum,
2601 3662 2801 3732 quibus
2849 3662 3182 3729 abundaret,
3226 3664 3472 3731 duxisse,
3519 3664 3597 3720 si,

1995 3748 2176 3819 magni
2209 3750 2356 3806 illius
2386 3751 2786 3807 consuetudine
2821 3750 2950 3818 frui,
2986 3760 3041 3807 et
3075 3752 3322 3808 laborum
3351 3753 3570 3807 divina:-

1995 3855 2102 3909 que
2131 3840 2281 3897 illius
2319 3842 2682 3915 philosophiae
2713 3850 2878 3914 atque
2920 3844 3247 3901 eruditionis
3288 3860 3394 3900 una
3442 3861 3565 3900 eum

1996 3930 2090 3986 illo
2120 3933 2372 4005 participi
2408 3934 2512 3990 sibi
2543 3950 2666 3991 esse
2695 3935 2905 3992 liceret.
2945 3935 3117 3992 Sileat
3149 3936 3218 3992 ad
3251 3939 3364 3992 haec
3389 3936 3569 3993 omnis

1996 4020 2290 4078 artificiosa
2340 4024 2672 4095 scriptorum
2718 4025 2981 4090 inventio,
3021 4041 3110 4082 res
3157 4027 3368 4096 amplas
3407 4033 3570 4095 atque

1995 4116 2289 4186 praeclaras
2334 4125 2452 4172 arte
2492 4118 2726 4189 quadam
2777 4118 2994 4174 dicendi
3033 4117 3303 4188 augendo,
3346 4116 3570 4186 amplitl-

1995 4205 2175 4260 cando
2200 4215 2363 4276 atque
2405 4209 2786 4278 exaggerando
2823 4209 2878 4263 in
2915 4209 3094 4279 majus
3123 4209 3416 4264 extollens.
3448 4205 3568 4262 Non

1995 4297 2140 4354 enim
2171 4297 2440 4368 ejusmodi
2481 4299 2810 4353 miraculum
2854 4299 3018 4354 estin
3060 4299 3150 4366 iis,
3173 4313 3295 4368 qua:
3326 4312 3570 4354 comme-

1996 4398 2204 4445 morata
2225 4401 2375 4458 sunt,
2406 4389 2549 4461 quod
2575 4391 2624 4445 vi
2644 4406 2707 4446 ac
2737 4391 2995 4447 facultate
3017 4390 3251 4446 dicentis
3281 4389 3364 4446 vel
3389 4389 3569 4461 majus

315 4497 425 4533 τινι
452 4482 548 4535 καὶ
575 4481 717 4553 λόγῳ
749 4480 848 4554 τὴν
883 4482 1030 4536 θείαν
1071 4481 1298 4553 δύναμιν
1331 4483 1744 4556 ἀνακηρύσσων,
1777 4483 1893 4536 ἀλλ’

1997 4480 2080 4535 vel
2115 4481 2297 4535 minus
2327 4480 2442 4535 fieri
2477 4480 2676 4551 possit,
2699 4496 2862 4552 quam
2889 4497 2947 4537 re
2973 4481 3089 4551 ipsa
3121 4491 3222 4537 est.
3252 4480 3392 4547 Quid
3423 4480 3567 4535 enim

317 4565 400 4636 οἷς
431 4571 607 4626 ἐποίει
638 4573 852 4635 δεικνὺς
880 4572 972 4626 τὸν
1011 4572 1143 4626 Θεὸν
1181 4573 1284 4626 ὑπὸ
1309 4573 1402 4628 τοῦ
1437 4574 1737 4646 Γρηγορίου
1767 4591 1894 4628 κατ-

317 4663 748 4735 αγγελλόμενονο
778 4655 824 4734 ᾧ
851 4665 1000 4718 πᾶσα
1029 4664 1169 4718 κατὰ
1196 4665 1257 4718 τὸ
1291 4665 1550 4738 ὁμότιμον
1591 4665 1896 4737 ὑποχείριος

317 4755 568 4811 πείθεται
603 4757 802 4821 κτίσις,
835 4757 934 4828 οὐχ
963 4758 1085 4811 ὅσον
1113 4755 1428 4828 αἰσθητικὸν
1471 4757 1627 4827 μόνον
1668 4757 1763 4810 καὶ
1797 4756 1897 4828 ἐμ-

319 4863 510 4914 πνουν,
540 4847 634 4901 καὶ
656 4847 917 4918 ἔμψυχον,
938 4845 1052 4901 ἀλλ’
1073 4845 1125 4899 εί
1143 4863 1194 4899 τι
1215 4845 1307 4899 καὶ
1325 4844 1528 4898 τούτων
1550 4845 1696 4898 ἐστὶν
1717 4845 1892 4914 ἐκτὸς,

316 4937 463 4992 οὕτω
489 4938 702 5009 δέχεται
733 4939 795 4992 τὸ
837 4939 931 4993 τοῦ
963 4938 1292 5010 θεράποντος
1331 4937 1638 5008 ἐπίταγμα,
1683 4937 1759 5000 ὡς
1797 4937 1896 4991 οὐκ

316 5027 656 5100 ἀμοιροῦντα
700 5030 798 5101 τῆς
836 5029 1158 5100 αἰσθήσεως.
1193 5030 1329 5082 Ποία
1367 5028 1472 5099 γὰρ
1522 5028 1658 5099 ἀκοὴ
1687 5026 1779 5081 τοῦ
1821 5028 1898 5080 λί-

317 5119 449 5187 Geo;
479 5119 611 5174 Ποία
633 5121 732 5191 τῆς
759 5118 855 5173 τοῦ
884 5118 1194 5182 κελεύοντος
1219 5119 1466 5184 ἐξουσίας
1489 5117 1774 5190 αίσθησις;
1801 5117 1896 5182 Τίς

316 5210 549 5281 δύναμις
593 5211 649 5264 ἐν
698 5211 846 5282 αὐτῷ
892 5209 1264 5282 μεταϐατική;
1308 5210 1441 5263 Ποία
1483 5208 1659 5280 μελῶν
1707 5226 1766 5262 τε
1804 5210 1898 5263 καὶ

317 5299 542 5372 ἄρθρων
565 5299 854 5370 διασκευής
888 5299 1048 5352 Ἀλλά
1071 5299 1246 5353 πάντα
1267 5297 1439 5352 ταῦτα
1458 5299 1554 5352 καὶ
1580 5297 1650 5351 τά
1675 5299 1898 5352 τοιαῦτα

315 5392 458 5463 λίθῳ
507 5394 540 5465 ἡ
589 5393 683 5447 τοῦ
731 5391 1044 5455 κελεύοντος
1085 5391 1314 5462 δύναμις
1351 5390 1594 5459 γίνεται,
1650 5389 1785 5462 πρὸς
1831 5390 1899 5462 ἦν

320 5485 450 5540 ίδὼν
479 5486 509 5539 6
541 5485 810 5558 νεωκόρος
847 5486 1085 5546 ἐκεῖνος,
1127 5483 1285 5547 εὐθὺς
1327 5483 1425 5554 τὴν
1471 5481 1762 5554 γινομένην
1807 5483 1900 5536 ἐπὶ

314 5577 504 5648 πλάνῃ
531 5578 628 5648 τῆς
651 5576 997 5649 ἀνθρωπίνης
1025 5575 1238 5644 φύσεως
1263 5575 1478 5646 ἀπάτην
1499 5575 1608 5648 τῶν
1630 5575 1900 5646 δαιμόνων

321 5664 522 5736 ἑνόησέ
563 5682 623 5718 τε
675 5667 770 5720 καὶ
820 5663 1156 5731 έδδελύξατο,
1201 5665 1295 5718 καὶ
1338 5664 1475 5737 πρὸς
1515 5664 1605 5720 τὸν
1649 5663 1901 5736 ἀληθινὸν

320 5755 486 5814 Θεὸν
505 5758 853 5830 μετετάξατο,
884 5755 974 5812 διὰ
1005 5756 1114 5814 τῶν
1145 5756 1294 5826 παρὰ
1332 5755 1424 5811 τοῦ
1463 5757 1646 5813 δούλου
1678 5775 1901 5830 γεγενη-

1999 4569 2161 4626 dictis
2237 4571 2436 4641 aliquis
2498 4570 2763 4641 adjiciens
2826 4572 3150 4627 miraculum
3216 4570 3570 4641 amplificahit

1997 4668 2052 4717 et
2083 4662 2478 4733 exaggerabit?
2513 4679 2620 4734 qua
2655 4665 2872 4720 ratione
2909 4679 3041 4720 vero
3067 4664 3190 4734 quis
3219 4664 3568 4722 audientibus

1999 4748 2420 4808 admirationem
2448 4753 2528 4808 rei
2547 4763 2711 4825 gestae
2739 4751 3039 4809 minuerit?
3068 4754 3270 4828 saxum
3302 4754 3569 4810 abstrahit

1997 4857 2028 4896 a
2065 4843 2216 4899 saxis
2245 4857 2363 4907 eos,
2382 4844 2475 4914 qui
2494 4845 2641 4900 saxis
2668 4853 2722 4900 et
2744 4845 3018 4916 lapidibus
3033 4843 3328 4914 mancipati
3358 4845 3569 4899 servie-

1995 4935 2132 4990 bant
2164 4953 2178 4990 :
2209 4934 2349 5005 lapis
2385 4949 2563 5005 praeco
2601 4935 2800 4990 divina:
2840 4935 2966 4990 fidei
3008 4943 3062 4989 et
3109 4938 3214 4989 dux
3259 4935 3570 4990 infidelibus

1999 5026 2066 5081 ad
2088 5028 2316 5082 salutem
2336 5026 2574 5092 exsistit,
2589 5041 2697 5081 non
2725 5041 2859 5083 voce
2879 5027 3110 5097 quadam
3129 5033 3292 5099 atque
3319 5043 3572 5084 sermone

1999 5119 2245 5175 divinam
2275 5119 2574 5190 potentiam
2615 5119 2901 5176 celebrans
2935 5126 3099 5190 atque
3133 5120 3443 5192 divulgans,
3475 5122 3570 5178 sed

2001 5226 2102 5268 suo
2142 5211 2287 5266 facto
2339 5209 2530 5276 Deum,
2572 5210 2666 5281 qui
2716 5211 2786 5266 ab
2828 5209 3094 5282 Gregorio
3127 5212 3567 5276 annuntiarctur,

2000 5302 2338 5366 ostendens;
2375 5304 2466 5359 cui
2505 5304 2684 5359 omnis
2731 5319 2795 5358 ex
2837 5318 2994 5374 aequo
3045 5305 3280 5360 obnoxia
3316 5314 3571 5362 creatura

2000 5395 2360 5464 obtemperat,
2393 5410 2503 5450 non
2540 5394 2716 5452 solum
2747 5411 3092 5467 quaacunquc
3132 5413 3298 5454 sensu
3323 5400 3570 5469 prmdita,

2001 5486 2176 5556 spirat
2195 5493 2248 5541 ct
2281 5485 2522 5540 animata
2548 5494 2654 5550 est,
2681 5501 2867 5542 verum
2890 5487 3057 5542 etiam
3086 5487 3130 5543 si
3161 5503 3266 5557 qua
3294 5496 3449 5544 extra
3471 5489 3572 5545 bas

2003 5585 2107 5643 est,
2153 5576 2226 5632 ita
2267 5576 2422 5647 jussa
2454 5575 2644 5633 famuli
2692 5579 2993 5649 accipiunt,
3039 5580 3195 5650 quasi
3241 5594 3440 5636 sensus
3471 5597 3570 5635 ex-

2004 5678 2185 5740 pertes
2221 5683 2327 5724 non
2351 5678 2554 5725 essent.
2592 5668 2727 5736 Quis
2759 5670 2905 5726 cnim
2942 5671 3137 5742 lapidis
3160 5670 3419 5726 auditus?
3450 5672 3574 5742 quis

2003 5761 2248 5834 jubentis
2296 5761 2582 5833 potestatis
2635 5765 2868 5821 sensus?
2916 5781 3035 5837 quae
3095 5779 3224 5822 vero
3281 5765 3360 5821 vis
3401 5764 3455 5820 in
3505 5780 3573 5820 co
