4002 6206
461 376 564 433 919
1726 361 1786 417 S.
1825 357 2152 416 GREGORII
2187 355 2483 414 NYSSENI
3613 339 3711 396 920

460 486 816 544 transeundi?
844 499 964 555 quae
991 483 1363 539 membrorum
1392 487 1448 535 et
1482 484 1702 532 artuum
1719 476 2040 532 fabricatio?

2146 476 2344 548 μένων,
2381 472 2442 526 τὸ
2472 470 2746 541 ἄφραστον
2775 465 2875 536 τῆς
2899 462 2993 516 τοῦ
3023 460 3292 515 Δεσπότου
3321 457 3610 527 δυνάμεως

464 582 570 636 Sed
608 580 790 634 omnia
817 545 932 632 haec
963 584 1014 631 et
1043 573 1315 646 ejusmodi
1345 571 1512 642 lapidi
1540 577 1762 641 praestat
1785 569 2032 640 jubentis

2138 545 2449 638 γισάμενος.
2477 562 2542 615 Ei
2565 559 2674 631 γὰρ
2699 556 2938 626 τοσαύτη
2963 553 3056 607 τοῦ
3088 552 3273 606 δούλου
3303 552 3338 610 ὴ
3367 548 3622 618 δύναμις,
3645 545 3718 646 ιὲς

459 674 636 726 virtus
678 679 842 740 atque
865 637 1127 739 potestas,
1164 678 1331 736 quam
1364 637 1872 740 spectatis.antistes
1917 660 2030 725 ille,

2143 637 2340 727 ῥήματι
2382 653 2550 706 κινεῖν
2578 649 2646 702 τὰ
2680 646 2910 717 ἀκίνητα
2931 683 2946 708 ,
2980 644 3073 696 καὶ
3102 640 3482 713 προστάγματι
3524 637 3723 708 κεχρῆ-

462 760 646 814 statim
698 729 942 811 fraudem
987 729 1330 816 daemonum,
1374 729 1496 819 quae
1539 729 2032 803 ad'seducendum

2142 747 2263 801 σθαι
2301 744 2443 799 κατὰ
2485 741 2594 824 τῶν
2624 739 3000 811 ἀναισθήτων,
3050 734 3146 789 καὶ
3186 735 3298 796 τοῖς
3339 729 3722 800 ἀψύχοιςδια-

461 853 757 905 humanam
789 857 1040 904 naturam
1073 844 1449 904 adhiberetur,
1480 848 1533 894 et
1568 838 1954 894 animadvertit
1977 845 2033 894 et

2144 835 2488 893 κελεύεσθαι·
2531 821 2704 904 πόσην
2737 831 2882 893 εἰκός
2919 831 3036 882 ἐστι
3086 823 3397 896 περιουσίαν
3431 821 3724 890 δυνάμεως

461 940 808 994 abominatus
846 945 951 1002 εει,
978 943 1032 992 et
1067 933 1134 988 ad
1172 935 1338 988 Deum
1391 945 1578 985 verum
1625 930 1912 986 traductus
1952 936 2036 983 at-

2147 933 2198 984 ὲν
2226 930 2305 1001 τῷ
2353 927 2600 998 Δεσπότῃ
2644 923 2738 977 τοῦ
2790 921 2990 984 παντὸς
3023 917 3389 987 κατανοῆσαι,
3429 907 3488 967 οὗ
3529 912 3603 965 τὸ
3638 911 3727 964 θέ-

461 1048 569 1102 que
604 1045 902 1086 conversus
929 1036 1035 1093 εει,
1071 1028 1272 1099 quippe
1297 1027 1390 1097 qui
1419 1037 1515 1094 per
1545 1039 1628 1090 ea,
1660 1039 1781 1094 qua:
1815 1038 1845 1076 a
1875 1035 2034 1077 servo

2147 1026 2312 1096 λημα,
2343 1017 2454 1076 οἷόν
2481 1037 2565 1083 τις
2594 1017 2716 1088 ὕλη,
2743 1016 2837 1068 καὶ
2865 1008 3182 1079 κατασκευὴ
3205 1049 3219 1073 ,
3247 1006 3341 1060 καὶ
3363 1003 3596 1074 δύναμις
3632 1003 3727 1102 aii-

463 1092 616 1194 g'esta
655 1133 835 1183 erant.
877 1092 1770 1189 ineffabilem—et“inesplicabilem
1814 1114 2033 1170 Domini

2144 1092 2233 1168 τού
2259 1130 2318 1167 τε
2343 1111 2437 1164 τοῦ
2461 1109 2689 1180 κόσμου,
2714 1106 2808 1158 καὶ
2833 1103 2941 1156 τῶν
2966 1104 3023 1155 ὲν
3048 1098 3196 1170 αύτῷ
3223 1097 3458 1159 πάντων,
3488 1097 3593 1147 καὶ
3618 1092 3724 1145 τῶν

463 1215 762 1285 potentiam
785 1230 908 1269 esse
937 1213 1280 1282 coniecisset.
1321 1209 1458 1264 Nam
1495 1211 1541 1266 si
1575 1217 1724 1264 tanta
1757 1208 1899 1264 servi
1939 1222 2036 1278 po-

2147 1205 2283 1275 ὑπὲρ
2303 1203 2486 1256 τοῦτον
2501 1201 2691 1263 ὄντων,
2707 1197 2919 1266 ἐγένετο
2936 1197 2950 1248 l
2979 1189 3258 1247 Ἐντεῦθεν
3275 1192 3303 1243 ό
3323 1188 3491 1259 μέγας
3514 1187 3727 1248 ἐκεῖνος

463 1279 634 1362 tentia
664 1302 1014 1372 (inquiebat),
1041 1279 1112 1354 ut
1137 1300 1306 1355 verbo
1336 1306 1554 1354 moveat
1581 1313 1672 1353 res
1698 1295 2032 1363 immobiles,

2148 1299 2240 1369 τῆς
2269 1295 2411 1352 κατὰ
2442 1293 2552 1347 τῶν
2596 1290 2867 1361 δαιμόνων
2904 1284 3185 1358 ἀριστείας
3229 1281 3574 1354 ἀρξάμενος,
3619 1279 3728 1372 καὶ

463 1403 517 1449 ει
540 1394 770 1463 imperio
813 1400 1000 1447 utatur
1045 1392 1311 1447 adversus
1349 1405 1435 1445 res
1469 1405 1636 1445 sensu
1677 1397 1948 1453 carentes,
1981 1395 2036 1442 et

2146 1386 2251 1444 οἷόν
2293 1406 2346 1441 τι
2379 1386 2638 1458 τρόπαιον
2668 1381 2810 1436 κατὰ
2838 1379 2946 1434 τῶν
2977 1376 3306 1448 νικηθέντων
3335 1373 3424 1427 τὸν
3446 1370 3726 1463 νεωκόρεν

463 1461 712 1539 hortetur
748 1500 836 1542 res
877 1483 1208 1537 inanimatas
1242 1500 1256 1536 :
1288 1489 1548 1551 quantam
1592 1479 1805 1549 copiam
1843 1486 2036 1548 poten-

2143 1476 2560 1548 περιαγόμενος,
2586 1468 3049 1544 προκαταπλήξας
3076 1484 3137 1520 τε
3167 1469 3236 1538 τῇ
3271 1466 3426 1536 φήμῃ
3453 1463 3513 1516 τὸ
3545 1461 3723 1524 ἔθνος,

462 1579 553 1631 tite
598 1576 830 1630 Domino
865 1590 1050 1630 rerum
1100 1574 1482 1628 universarum
1546 1570 1738 1625 adesse
1795 1570 2036 1638 cogitare

2147 1569 2310 1632 οὕτως
2341 1567 2439 1638 ’ήδη
2475 1566 2612 1637 μετὰ
2646 1561 3024 1634 πεποιθήσεὼς
3061 1576 3121 1612 τε
3155 1558 3250 1611 καὶ
3285 1555 3609 1628 παρρησίας
3646 1554 3727 1616 είς

461 1679 625 1740 atque
648 1669 919 1736 conjicere
943 1682 1039 1737 par
1067 1666 1344 1736 est,cnjns
1378 1664 1632 1720 voluntas
1668 1662 1835 1716 veluti
1866 1669 2036 1716 mate-

2148 1659 2237 1730 τὴν
2269 1657 2421 1712 πόλιν
2461 1657 2775 1727 εἰσήλαυνεν
2797 1696 2812 1718 ,
2855 1653 2953 1724 ούχ
2984 1651 3192 1723 ἆρμασι
3232 1649 3327 1702 καὶ
3363 1648 3589 1712 ἵπποις,
3633 1643 3728 1697 καὶ

460 1762 543 1816 ria
573 1761 818 1828 quaedam
861 1759 964 1814 fuit
1011 1766 1064 1814 et
1111 1757 1422 1822 fabricatio,
1473 1763 1528 1811 et
1567 1755 1649 1809 vis
1702 1762 1815 1807 tum
1857 1751 2034 1822 ipsius

2145 1750 2385 1826 ἡμιόνοις
2406 1789 2428 1821 ,Α
2456 1748 2551 1802 καὶ
2584 1748 2662 1820 τῷ
2693 1745 2884 1818 πλήθει
2915 1744 3025 1798 τῶν
3053 1741 3448 1814 παρεπομένων
3477 1742 3725 1810 ἐπικομ-

459 1854 674 1917 mundi,
718 1866 1012 1922 rerumque
1071 1850 1335 1915 omnium,
1381 1862 1502 1918 quae
1545 1848 1598 1900 in
1637 1861 1703 1900 eo
1732 1851 1881 1909 sunt,
1918 1850 2032 1896 tum

2143 1843 2345 1907 πάζων,
2370 1842 2506 1896 ἀλλὰ
2529 1843 2649 1904 ταῖς
2675 1840 2894 1911 ἀρεταῖς
2919 1838 2978 1892 ὲν
3012 1835 3198 1906 κύκλῳ
3223 1832 3723 1905 δορυφορούμενος,

460 1959 649 1998 earum
684 1958 888 2006 rerum,
925 1926 1047 2011 qua:
1073 1955 1239 2009 supra
1266 1953 1360 2004 res,
1384 1936 1690 1991 mundanas
1711 1935 1872 1989 sunt!
1898 1931 2036 1986 Hinc

2143 1934 2407 2004 πανδημεὶ
2432 1932 2488 1986 δὲ
2519 1931 2735 1985 πάντων
2771 1927 3144 2000 προχεθέντων
3165 1925 3273 1980 τῶν
3302 1922 3616 1994 olxqrdpwv
3630 1920 3723 1976 τοῦ

462 2049 694 2102 magnus
731 2033 821 2086 ille
863 2048 977 2086 rem
1017 2033 1157 2086 bene
1192 2044 1381 2101 gerere
1448 2027 1711 2082 adversus
1757 2025 2035 2080 daemonas

2145 2022 2349 2088 Ξστεος,
2389 2021 2465 2084 ὡς
2495 2021 2587 2074 ὲπί
2629 2036 2753 2074 τινα
2791 2017 2982 2073 καινοῦ
3010 2015 3285 2088 θεάματος
3325 2013 3602 2085 ἱστορίαν,
3632 2012 3725 2066 καὶ

462 2141 730 2191 exorsus,
779 2141 841 2180 ac
901 2125 1069 2180 veluti
1113 2134 1378 2194 tropzeum
1433 2121 1708 2193 quoddam
1771 2121 2036 2176 adversus

2142 2115 2358 2170 πάντων
2403 2113 2530 2167 ἰδεῖν
2573 2109 3072 2184 προθυμουμένων,
3105 2107 3190 2172 τίς
3235 2107 3439 2170 ἐκεῖνός
3484 2107 3644 2158 ἐστιν
3692 2105 3722 2157 ὀ

461 2218 708 2273 devictos
747 2217 1046 2276 antistitem
1111 2216 1552 2282 circumducens,
1606 2229 1731 2269 cum
1788 2222 1842 2267 et
1892 2212 2037 2266 fama

2139 2206 2438 2280 Γρηγόριος
2461 2249 2473 2273 ,
2509 2207 2568 2270 ὃς
2605 2206 2892 2279 ἄνθρωπος
2931 2204 3006 2257 ὣν
3040 2201 3149 2256 τῶν
3185 2199 3554 2271 νομιζομένων
3590 2196 3719 2268 παρ’

463 2308 548 2362 sui
590 2317 804 2378 gentem
847 2315 974 2363 ante
1015 2308 1342 2378 perculisset
1379 2313 1433 2360 et
1454 2303 1932 2375 obstupefecisset,
1962 2301 2036 2355 ita

2139 2301 2323 2364 αὐτοῖς
2365 2296 2504 2353 εἶναι
2538 2297 2705 2363 θεῶν,
2755 2295 3008 2367 καθάπερ
3053 2311 3137 2358 τις
3178 2291 3428 2364 βασιλεὺς
3465 2289 3719 2354 ἐξουσίαν

462 2398 682 2452 domum
722 2413 845 2452 cum
884 2397 1083 2452 ﬁducia
1123 2397 1414 2466 animoque
1443 2395 1609 2451 alacri
1652 2402 1816 2464 atque
1844 2390 2040 2448 conﬁr-

2139 2393 2286 2465 ἔχει,
2327 2391 2706 2463 προστάγματι
2754 2389 2934 2460 φέρων
2983 2388 3079 2441 καὶ
3125 2387 3308 2454 ἄγων,
3360 2384 3607 2451 ὅπουπερ
3655 2380 3719 2434 ἂν

463 2500 612 2545 malo
643 2490 834 2544 urbem
861 2490 1240 2556 invehebatur,
1281 2504 1394 2544 non
1422 2471 1687 2551 curribus.
1715 2494 1768 2541 et
1789 2484 2038 2555 equis,et

2138 2485 2313 2540 ἐθέλοι
2337 2485 2404 2538 τὰ
2430 2482 2704 2554 δαιμόνια,
2734 2481 2829 2534 καὶ
2850 2479 2971 2533 ὅθεν
2995 2477 3062 2532 ἂν
3093 2476 3367 2547 βούληται,
3388 2473 3517 2544 πρὸς
3537 2474 3604 2524 τὸ
3628 2472 3718 2524 60-

462 2583 650 2645 mulis,
683 2589 739 2635 et
777 2581 1128 2636 multitudine
1171 2581 1435 2635 comitum
1477 2577 1870 2633 assectantium
1915 2587 2038 2630 sese

2141 2575 2268 2631 κοῦν
2296 2573 2577 2642 ιξοικίξων
2614 2591 2675 2627 τε
2712 2573 2808 2627 καὶ
2845 2569 3158 2635 ὲνοικίζων,
3196 2565 3385 2638 ὥσπερ
3405 2565 3472 2618 τὰ
3511 2560 3721 2635 ἀνδρά-

461 2681 767 2736 ostentans,
808 2673 903 2727 sed
937 2671 1233 2726 virtutibus
1277 2669 1520 2740 undique
1560 2668 1816 2738 stipatus,
1859 2665 2038 2721 omni-

2142 2667 2301 2733 ποδα,
2334 2667 2430 2720 καὶ
2463 2666 2554 2720 τὸν
2585 2664 2926 2736 θεραπευτὴν
2954 2664 3161 2716 ἐκεῖνον
3187 2659 3366 2731 φέρει,
3385 2655 3640 2726 καθάπερ
3662 2657 3720 2708 ὲν

393 2773 400 2776 ·
461 2763 568 2817 bus
591 2770 774 2816 autem
813 2761 964 2816 urbis
997 2761 1193 2816 incolis
1227 2761 1569 2831 p0pulariter
1613 2775 1677 2814 ac
1708 2758 1870 2827 vulgo
1911 2772 1973 2812 cu

2142 2759 2362 2830 ἐξουσίᾳ
2381 2759 2490 2813 τινὶ
2509 2757 2936 2828 δουλωσάμενος,
2967 2753 3290 2826 ὑπεριδόντα
3313 2751 3411 2823 μὲν
3429 2750 3532 2819 τῆς
3549 2746 3721 2820 τιμῆς

461 2852 788 2923 conjugibns
843 2861 898 2906 et
947 2851 1136 2907 liberis
1193 2851 1341 2906 velut
1384 2851 1452 2905 ad
1506 2865 1705 2904 novum
1762 2848 2035 2920 quoddam

2143 2853 2201 2906 ἑν
2232 2845 2267 2926 ᾖ
2291 2851 2353 2905 τὸ
2392 2851 2655 2923 πρότερον
2685 2845 2774 2921 ἦν,
2805 2847 2913 2902 τῶν
2942 2847 3000 2902 δὲ
3028 2846 3340 2918 προσόντων
3380 2842 3601 2898 πάντων
3623 2841 3723 2912 τὴν

461 2945 837 3012 spectaculum
875 2943 1160 3000 visendum
1201 2943 1415 2998 obviam
1450 2943 1661 3009 eil‘usis,
1697 2952 1752 2998 ct
1785 2942 2040 3000 omnibus

1615 2959 1661 3009 ε,
1697 2952 1752 2998 ει
1785 2942 2040 3000 omnibus
2153 2945 2269 3020 μετέ
2296 2943 2462 3010 αύτοῦ
2492 2944 2767 3017 διαγωγὴν
2805 2941 3191 3013 ἀλλαξάμενον.

458 3038 648 3094 videre
692 3038 1058 3108 cupientibus,
1102 3037 1227 3107 quis
1271 3044 1418 3091 esset
1447 3035 1539 3091 ille
1581 3033 1898 3107 Gregorius,
1937 3037 2028 3109 qui
2071 3037 2236 3094 homo
2276 3037 2402 3094 licet
2475 3045 2640 3103 esset,
2713 3051 2820 3100 eos~
2857 3043 3069 3102 tamen,
3120 3033 3215 3104 qui
3249 3030 3392 3102 apud
3431 3029 3586 3100 ipsos
3625 3040 3726 3101 pro

462 3134 568 3191 diis
609 3133 963 3195 haberentur,
1037 3142 1298 3203 tanquam
1355 3147 1451 3187 rex
1497 3131 1720 3212 quidam
1746 3132 1802 3188 in
1836 3140 2106 3205 potestate
2145 3134 2390 3198 haberet,
2437 3149 2536 3204 pro
2581 3133 2810 3205 imperio
2847 3132 3026 3188 ferens
3060 3141 3115 3187 et
3163 3145 3333 3201 agens
3388 3139 3724 3200 quocunque

461 3229 643 3292 vellet,
694 3235 749 3283 et
793 3225 1158 3296 undecunque
1215 3224 1396 3292 vellet,
1440 3233 1604 3298 prout
1645 3227 1824 3282 visum
1865 3235 2032 3291 esset,
2075 3227 2356 3283 daemonas
2401 3226 2563 3283 sicuti
2605 3225 2876 3294 mancipia
2904 3223 3155 3295 eiiciens,
3221 3229 3277 3278 et
3348 3221 3572 3277 eosdem
3599 3233 3727 3273 rur-

460 3339 580 3389 sus,
634 3323 680 3378 si
753 3321 1055 3384 videretur,
1097 3320 1459 3381 introducens
1506 3340 1520 3377 :
1601 3323 1804 3393 quique
1841 3322 2106 3379 cultorem
2147 3323 2368 3379 illorum
2407 3323 2702 3379 adduceret
2737 3333 2999 3392 tanquam
3029 3320 3154 3390 jure
3191 3334 3255 3375 ac
3286 3327 3554 3391 potestate
3585 3331 3728 3388 qua-

461 3419 587 3478 dam
641 3418 746 3473 sibi
804 3418 1175 3488 mancipatum
1228 3418 1462 3486 habens,
1513 3419 1905 3492 despicientem
1979 3429 2034 3475 et
2071 3421 2368 3488 honorem,
2401 3436 2510 3491 quo
2544 3428 2670 3476 ante
2704 3420 2964 3491 praeditus
3001 3425 3170 3486 esset,
3244 3428 3299 3474 et
3375 3415 3541 3486 hujus
3585 3428 3725 3470 con-

461 3513 812 3572 suetudinem
839 3527 963 3566 cum
1002 3512 1284 3576 omnibus,
1311 3528 1433 3583 quae
1476 3512 1794 3580 habuisset,
1823 3512 2180 3571 facultatibus
2207 3525 2262 3571 et
2293 3515 2470 3585 copiis
2503 3523 2964 3570 commutantem.

533 3609 655 3663 Tali
711 3607 973 3664 nimirum
1026 3607 1208 3663 animo
1273 3615 1438 3678 atque
1475 3607 1733 3678 Opinione
1779 3608 2107 3671 omnibusc

2209 3610 2444 3682 Τοιαύτη
2486 3610 2543 3664 δὲ
2581 3609 2774 3682 γνώμῃ
2815 3609 3034 3664 πάντων
3075 3607 3526 3682 προσδεχομένων.
3563 3604 3765 3674 αὐτᾶν,

423 3694 428 3700 ’
461 3717 585 3758 eum
617 3707 742 3754 ante
778 3698 968 3756 urbem
1016 3699 1481 3770 exspectantibus,
1513 3699 1608 3754 ubi
1639 3698 1709 3754 ad
1757 3714 1854 3755 eos
1905 3715 2003 3770 per

2153 3700 2244 3773 πρὸ
2265 3700 2358 3755 τοῦ
2377 3701 2585 3764 ἄστεος,
2607 3699 2792 3772 ἐπειδὴ
2817 3699 2936 3753 κατ’
2951 3698 3146 3761 αὐτοὺς
3160 3699 3392 3767 ἐγένετο,
3409 3696 3626 3751 πάντων
3646 3693 3733 3758 εις

460 3792 631 3857 venit,
659 3791 920 3847 omnibus
957 3805 1082 3846 eum
1116 3792 1342 3848 intentis
1375 3791 1550 3847 oculis
1595 3790 1984 3846 contuentibus
2017 3829 2034 3856 ,

2155 3795 2342 3846 εκεῖνον
2379 3792 2584 3856 ἀτενῶς
2611 3774 3057 3856 ἀποϐλεπόντων“,
3087 3789 3336 3861 καθάπερ
3365 3789 3498 3860 ὕλην
3519 3787 3735 3857 ἄψυχον

461 3895 722 3954 tanquam
749 3882 942 3941 silvam
973 3881 1264 3953 quamdam
1298 3882 1597 3941 inanimam
1625 3882 1875 3939 homines
1905 3897 2039 3954 prat-

2158 3884 2354 3956 matpubv
2379 3885 2503 3949 τοὺς
2537 3884 2873 3956 ἀνθρώπους,
2909 3883 3045 3956 πρὸς
3077 3883 3265 3937 ούδένα
3307 3883 3417 3937 τῶν
3459 3884 3738 3953 ἐντυγχα-

463 3983 771 4044 tergressus
799 4013 814 4038 ,
863 3972 931 4026 ad
962 3971 1236 4027 neminem
1282 3987 1509 4036 eorum,
1541 3973 1635 4044 qui
1691 3974 1908 4030 obviam
1944 3988 2040 4030 ve-

2159 3975 2337 4038 ιόντων
2367 3977 2751 4048 στρεφόμενος,
2779 3977 2873 4031 καὶ
2902 3978 3021 4030 κατ’
3052 3976 3265 4030 εὐθεῖαν
3304 3976 3399 4029 ἐπὶ
3435 3975 3534 4046 τὴν
3572 3975 3739 4029 πόλιν

462 4068 646 4122 nirent
702 4081 823 4123 sese
862 4074 1228 4132 convertens,
1272 4066 1370 4123 sed
1421 4075 1580 4131 recta
1617 4069 1686 4130 ad
1718 4069 1909 4131 urbem
1944 4082 2039 4122 va-

2157 4064 2398 4132 Ξαδίξων,
2433 4063 2565 4118 πολὺ
2612 4065 2811 4136 μᾶλλον
2843 4065 3039 4129 αὐτοὺς
3078 4065 3158 4129 είς
3200 4063 3458 4135 ἔκπληξιν
3493 4065 3737 4134 ἢγαγεν,

462 4160 598 4214 dens
628 4156 800 4212 multo
855 4156 1027 4228 magis
1084 4170 1181 4212 eos
1216 4155 1269 4210 in
1302 4163 1580 4227 stuporem
1614 4164 1668 4213 et
1713 4157 2040 4218 admiratio-

2161 4162 2280 4231 νπὲρ
2309 4161 2406 4231 τὴν
2440 4161 2628 4231 φήμην
2652 4163 2763 4223 τοῖς
2792 4159 2959 4231 ὁρῶσι
2989 4159 3330 4229 φαινόμενος.
3358 4157 3427 4209 Τὸ
3448 4159 3556 4226 γάρ
3582 4157 3741 4228 πρώ-

461 4265 587 4306 nem
616 4249 840 4308 deduxit
874 4288 889 4314 ,
926 4247 1125 4308 famam
1169 4262 1434 4320 superare
1487 4249 1828 4307 intuentibus
1872 4266 2040 4322 appa-

2162 4235 2248 4316 τῷ,
2267 4232 2647 4310 ἷίσελαύνοντα
2691 4249 2842 4302 πόλει
2877 4248 3107 4321 μεγάλῃ,
3139 4248 3407 4319 μηδεμιᾶς
3437 4246 3742 4317 συνηθείας

460 4359 611 4398 rens.
661 4341 820 4412 Quod
857 4342 1001 4402 enim
1031 4356 1286 4413 magnam
1322 4341 1510 4396 urbem
1546 4342 1782 4412 primum
1815 4343 2040 4400 invehe-

2160 4342 2405 4413 τοσαύτης
2461 4339 2924 4412 προϋπαρχούσης
2971 4339 3140 4410 αὐτῷ,
3181 4337 3370 4392 ἔπειτα
3423 4338 3496 4410 μὴ
3553 4355 3740 4392 κατα-

462 4443 637 4499 retur,
672 4449 797 4488 cum
837 4434 975 4494 nihil
1019 4436 1068 4490 ei
1097 4435 1205 4490 tale
1241 4443 1569 4490 consuetum
1617 4446 1777 4491 antea
1817 4435 2036 4500 fuisset,

2156 4432 2410 4503 τλαγῆναι
2441 4432 2608 4502 δῆμον
2635 4429 2883 4485 τοσοῦτον
2917 4431 3002 4484 ἐπ’
3039 4430 3229 4499 ἐκείνῳ
3278 4429 3736 4502 συνειλεγμένον,

461 4527 660 4584 deinde
689 4543 814 4582 cum
847 4535 1067 4597 stupore
1097 4542 1208 4585 non
1235 4527 1600 4582 admiraretur
1632 4535 1844 4585 tantum
1875 4541 2040 4596 prop-

2159 4523 2254 4576 m'
2293 4518 2402 4578 οἷον
2435 4523 2504 4576 δι’
2545 4524 2749 4595 ἐρήμου
2797 4520 3112 4593 βαδίζοντα,
3146 4519 3282 4593 πρὸς
3321 4520 3511 4579 ἑαυτὸν
3567 4521 3739 4592 μόνον

461 4631 543 4676 ter
576 4635 636 4676 se
670 4621 928 4690 populum
955 4625 1345 4690 congregatum
1380 4635 1504 4677 esse
1527 4659 1542 4684 ,
1575 4601 1702 4675 sed,
1733 4619 1904 4676 veluti
1942 4634 2040 4689 per

2159 4619 2234 4674 cal.
2279 4618 2413 4690 πρὸς
2459 4617 2558 4688 τὴν
2610 4617 2726 4671 ὁδὸν
2777 4615 3140 4683 ἀποϐλέπειν,
3193 4614 3329 4686 πρὸς
3375 4614 3568 4667 οὐδένα
3623 4615 3739 4668 τῶν

461 4711 814 4769 solitudinem
847 4711 951 4767 iter
980 4708 1195 4766 faciens
1239 4713 1482 4782 seipsum
1513 4711 1779 4768 duntaxat
1808 4719 1863 4766 et
1892 4711 2037 4765 viam

2159 4711 2266 4783 τερὶ
2291 4711 2450 4764 αὑτὸν
2483 4710 2936 4781 ἐπιστρεφόμενον
2962 4705 3538 4780 ὴθροισμένων,τοῦτο
3585 4707 3739 4780 ὑπὲρ

461 4810 732 4871 spectaret
761 4841 774 4865 ,
811 4798 879 4854 ad
909 4799 1180 4856 neminem
1207 4814 1424 4866 eorum,
1459 4801 1554 4872 qui
1585 4801 1798 4855 circum
1835 4813 1896 4854 se
1924 4798 2039 4857 col.-

2153 4802 2234 4873 τὴν
2261 4804 2320 4856 ὲν
2350 4801 2429 4872 τῷ
2457 4801 2588 4874 λίθῳ
2621 4800 3046 4872 θαυματοποιίαν
3066 4803 3176 4862 τοῖς
3197 4798 3505 4870 ἀνθρώποις
3524 4799 3733 4856 ἐδόκει.

460 4892 585 4946 lecti
613 4898 819 4956 essent,
875 4907 998 4948 sese
1026 4899 1386 4966 convertens:
1417 4893 1519 4948 hoc
1553 4892 1814 4948 nimirum
1869 4906 2036 4962 supra

2156 4894 2340 4949 [τούτου
2358 4893 2540 4968 χάριν,
2557 4893 2846 4962 ὀλιγοστῶν
2860 4893 3048 4958 ὄντων,
3060 4891 3241 4956 καθὼς
3257 4894 3314 4947 ὲν
3331 4894 3443 4955 τοῖς
3455 4892 3736 4961 φθάσασιν

460 4983 807 5049 miraculum,
842 4985 986 5057 quod
1037 4985 1093 5041 in
1124 5001 1257 5042 saxo
1314 4987 1580 5042 translato
1626 4985 1831 5040 editum
1867 4991 1986 5040 erat
2019 5026 2035 5051 ,

2154 4987 2380 5059 ίῖρηται,
2416 4986 2522 5049 τῶν
2555 4985 2662 5057 πρὸ
2685 4985 2783 5057 τῆς
2815 4983 3135 5048 ἐπιστασίας
3160 4983 3324 5042 αὑτοῦ
3351 4984 3734 5056 καταδεξαμέ-

459 5074 776 5130 hominibus
822 5091 945 5131 esse
1005 5076 1310 5132 videbatur.
1343 5074 1552 5132 Idcirco
1582 5092 1706 5131 cum
1745 5075 2034 5130 admodum

2149 5094 2248 5131 νων
2290 5078 2389 5148 τὴν
2429 5075 2630 5140 πίστιν,
2675 5075 2750 5139 ὡς
2786 5076 2969 5146 πάσης
3013 5075 3110 5144 τῆς
3157 5074 3364 5138 πόλεως
3406 5074 3574 5128 αὐτοῦ
3633 5076 3729 5146 τὴν

461 5165 619 5234 pauci
658 5173 863 5228 essent,
900 5176 958 5220 ut
1010 5181 1178 5235 supra
1234 5176 1724 5225 commemoratum
1762 5175 1886 5232 est,
1943 5165 2038 5236 qui

2147 5168 2442 5242 ἱερωσύνην
2492 5167 2764 5238 τιμώσης,
2805 5165 2976 5231 οὕτως
3011 5148 3194 5236 είσῄειέ
3221 5167 3727 5237 στενοχωρούμενος

461 5264 589 5312 ante
647 5256 1178 5313 administrationem
1228 5258 1348 5328 ejus
1405 5257 1565 5313 ﬁdem
1625 5259 2036 5330 suscepissent,

2145 5261 2506 5331 ἁπανταχόθεν
2546 5262 2656 5324 τοῖς
2693 5261 3172 5330 παραπέμπουσιν.
3216 5259 3368 5312 Ἐπεὶ
3403 5259 3457 5311 δὲ
3506 5260 3725 5311 πάντων

460 5349 619 5417 quasi
658 5356 771 5403 tota
804 5350 998 5405 civitas
1043 5351 1305 5406 honorem
1354 5351 1662 5407 sacerdotio
1695 5348 1832 5422 'ejus
1871 5351 2038 5407 habe-

2144 5352 2273 5423 ὁμοῦ
2293 5353 2453 5416 εὐθὺς
2469 5391 2482 5417 ,
2503 5353 2591 5405 ὅτε
2616 5351 2714 5421 τῆς
2739 5349 3055 5418 φιλοσοφίας
3075 5349 3294 5419 ἥπτετο,
3313 5347 3566 5417 καθάπερ
3580 5347 3724 5409 τινος

460 5446 566 5503 ret,
608 5440 684 5494 ita
722 5440 777 5494 in
833 5440 1026 5496 urbem
1091 5442 1501 5511 ingrediebatur
1533 5485 1546 5509 ,
1587 5444 2036 5513 prosequentium

2142 5445 2340 5516 ἄχθους
2371 5445 2561 5499 ἑαυτὸν
2593 5443 2957 5515 ἠλευθέρωσε,
2976 5443 3176 5514 καίπερ
3195 5438 3262 5513 ἦν
3291 5440 3438 5512 αὐτῷ
3451 5441 3560 5493 τῶν
3585 5441 3721 5510 πρὸς

461 5531 621 5585 turba
650 5532 892 5602 untdique
931 5533 1203 5602 frequenti
1248 5536 1502 5605 stipatus.
1541 5535 1808 5602 Quoniam
1856 5543 2036 5591 autem

2141 5537 2230 5608 τὴν
2253 5535 2397 5608 ζωὴν
2425 5535 2735 5605 ἀναγκαίων
2771 5535 2942 5600 οὐδὲν,
2967 5536 3064 5588 οὐκ
3093 5534 3283 5605 ἀγρὸς,
3307 5534 3368 5588 ού
3402 5533 3582 5596 τόπος,
3619 5533 3721 5585 οὐκ

463 5622 714 5690 protinus
751 5631 809 5678 ut
842 5625 1021 5696 attigit
1051 5627 1451 5697 philosophiam
1491 5629 1746 5683 omnibus
1781 5628 1945 5684 rebus
1976 5641 2036 5683 se

2141 5626 2308 5690 αἰκία,
2355 5626 2488 5680 ἀλλὰ
2532 5625 2708 5679 πάντα
2763 5619 2829 5696 ἦν
2881 5625 3040 5688 αύτδς
3095 5623 3272 5694 ἐαυτῷ
3317 5624 3539 5695 (μᾶλλον
3575 5623 3635 5674 δὲ
3687 5625 3721 5692 ἡ

462 5709 626 5762 veluti
669 5726 835 5768 onere
892 5716 1128 5785 quodam
1162 5717 1467 5788 levaverat,
1511 5734 1612 5774 nec
1635 5719 1931 5790 quidquam
1982 5719 2032 5776 ei

2145 5718 2298 5790 Ξιρετὴ
2330 5719 2478 5788 καὶὴ
2509 5719 2708 5782 πίστις,
2749 5720 2945 5790 πατρὶς
2986 5717 3133 5788 αύτῷ
3156 5713 3245 5791 ἦν,
3281 5718 3378 5772 καὶ
3410 5717 3576 5780 ἑστία,
3615 5716 3725 5768 καὶ

460 5814 646 5860 κει-αεὶ
669 5798 738 5854 ad
772 5802 915 5858 hanc
942 5805 1107 5862 vitam
1130 5811 1566 5866 necessariarum
1589 5820 1895 5880 supererat,
1919 5827 2030 5868 non

2149 5812 2398 5883 τλοῦτος)·
2427 5812 2501 5876 ὡς
2542 5807 2634 5867 οὖν
2667 5813 2765 5884 τῆς
2799 5813 2896 5885 μὲν
2936 5811 3136 5877 πόλεως
3166 5810 3317 5878 ἐντὸς
3353 5807 3440 5883 ἦν,
3472 5808 3612 5874 οἶκος
3661 5809 3729 5866 δὲ

1945 6113 1969 6127 Α
2041 6099 2090 6128 μ
