4002 6206
347 332 450 393 921

1361 346 1450 401 DE
1491 343 1647 400 VlTA
1675 342 1733 400 S.
1775 343 2106 402 GREGORII
2137 345 2666 404 THAUMATURGI.

3512 351 3618 408 922

344 449 496 522 αὐτῷ
534 451 669 524 πρὸς
711 453 1016 511 ἀνάπαυσιν
1051 458 1309 531 οὐδαμοῦ,
1343 463 1403 516 οὐ
1451 464 1553 534 τῆς
1591 463 1932 535 Ἑκκλησίας,

2044 480 2168 536 ager
2191 507 2206 532 ,
2253 480 2364 520 non
2395 465 2569 530 locus,
2603 479 2712 520 non
2752 465 2984 522 domus:
3016 465 3111 522 sed
3150 464 3337 521 omnia
3366 465 3482 537 ipse
3511 468 3617 524 sibi

345 544 446 597 οὐκ
476 543 642 608 ίδιος,
675 545 1087 618 θορυϐουμένων
1131 552 1240 606 τῶν
1275 553 1404 625 περὶ
1445 553 1626 620 αὐτὸν,
1662 555 1755 608 καὶ
1787 556 1936 617 ὅπως

346 636 416 688 ἂν
456 634 758 706 καταχθείη
798 639 894 692 καὶ
939 642 1090 712 παρὰ
1123 643 1229 696 τίνι
1271 645 1369 716 τὴν
1409 645 1617 717 σκέπην
1647 646 1795 717 εὖροι
1824 647 1938 699 δια-

347 726 693 796 πορούντων·
731 730 793 784 Τί
823 731 1030 797 ταῦτα,
1060 735 1192 805 φησὶ
1226 736 1364 807 πρὸς
1395 738 1589 801 αὐτοὺς
1625 739 1652 790 ὁ
1685 737 1938 791 διδάσκα-

346 817 460 882 λος.
481 817 686 888 ὥσπερ
721 821 838 886 ἕξω
868 823 976 893 τῆς
1007 825 1113 880 τοῦ
1154 829 1302 883 Θεοῦ
1335 830 1569 897 σκέπης
1594 829 1783 896 ὄντες,
1813 829 1938 882 δια-

345 911 600 978 πορεῖτε,
636 912 790 969 ὅπου
815 915 932 985 χρὴ
979 916 1384 974 διαναπαῦσαι
1431 921 1503 974 τὰ
1533 920 1813 990 σώματα;
1843 939 1937 992 μι-

345 1001 493 1070 κρὸς
523 1002 666 1072 ὑμῖν
685 1000 850 1087 οίκος
878 1008 1029 1062 εἶναι
1055 1012 1088 1062 ὀ
1121 1011 1264 1078 Θεὸς
1293 1011 1473 1078 δοκεῖ,
1496 1013 1662 1081 είπερ
1681 1013 1752 1067 ἐν
1778 1012 1939 1079 αὐτῷ

346 1091 538 1163 ζῶμεν
578 1097 676 1150 καὶ
708 1099 1029 1169 κινούμεθα
1062 1101 1159 1155 καὶ
1197 1102 1416 1172 ὲσμέν;
1450 1105 1523 1158 Ἦ
1555 1106 1938 1176 στενοχωρεῖσ-

345 1188 458 1240 σΟε
487 1185 562 1255 τῇ
600 1189 854 1256 οὐρανίῳ
899 1190 1116 1261 σκέπῃ,
1167 1195 1265 1247 καί
1311 1193 1528 1262 ζητεῖτε
1561 1196 1721 1264 παρὰ
1761 1197 1936 1251 τοῦτο

345 1279 714 1350 καταγώγιον
769 1281 960 1347 (illo;
1021 1281 1124 1352 Εἷς
1186 1282 1353 1353 οἶκος
1415 1288 1554 1357 ὑμῖν
1623 1289 1778 1342 ἔστω
1839 1290 1939 1345 διὰ

344 1373 629 1443 σπουδῆς
656 1378 689 1430 ό
730 1375 991 1431 ἑκάστου
1025 1377 1195 1445 ἴδιος,
1244 1383 1277 1432 ό
1317 1379 1414 1434 διὰ
1451 1379 1570 1434 τῶν
1595 1380 1822 1449 ἀρετῶν
1851 1385 1936 1436 cl-

346 1465 808 1534 κοδομούμενος,
835 1467 934 1520 καὶ
960 1470 1047 1534 είς
1071 1469 1224 1538 ὕψος
1249 1471 1726 1540 ἀνατεινόμενος.
1757 1472 1938 1526 Τοῦτο

344 1557 611 1611 ⁵λυπείτω
636 1559 849 1627 μόνον,
889 1558 975 1627 μὴ
1017 1559 1083 1612 τὸ
1115 1561 1387 1615 τοιοῦτον
1418 1563 1563 1631 ἡμῖν
1597 1564 1940 1633 οἰκητήριον

345 1648 776 1717 ἀπαράσκευον
811 1644 852 1722 ᾗ
867 1667 880 1679 ο
913 1653 972 1705 al
1005 1649 1114 1722 γὰρ
1141 1650 1262 1706 τῶν
1284 1655 1507 1722 γηΐνων
1532 1656 1747 1724 τοίχων
1777 1671 1940 1726 περι-

345 1741 520 1795 ϐολαί
580 1740 704 1808 τοῖς
746 1741 816 1796 ἐν
861 1741 1044 1810 ἀρετῇ
1098 1743 1237 1803 ζῶσι
1285 1745 1496 1814 κέρδος
1547 1747 1620 1800 οὐ
1663 1746 1936 1816 φέρουσι.

2035 565 2156 612 erat
2185 558 2328 628 (imo
2356 573 2482 613 vero
2515 559 2689 614 virtus
2717 570 2769 615 et
2796 558 2929 614 ﬁdes
2957 559 3008 614 ei
3037 559 3214 628 patria
3235 570 3352 614 erat
3379 557 3436 615 et
3458 561 3618 618 sedes

2036 658 2090 703 et
2115 649 2385 717 divitiae),
2421 659 2480 703 ut
2510 649 2675 720 igitur
2700 650 2885 704 urbem
2921 650 3170 720 ingresso
3209 650 3404 706 domus
3442 652 3510 706 ad
3533 667 3620 708 re-

2038 738 2433 810 quiescendum
2466 740 2517 794 ei
2562 754 2830 810 nusquam
2882 740 2968 794 vel
2999 738 3257 795 Ecclesia:
3309 741 3392 794 vel
3443 742 3618 811 ipsius

2037 829 2259 898 propria
2287 837 2444 895 erat,
2497 829 2792 886 comitibus
2845 829 2968 899 ejus
3009 829 3407 900 trepidantibus
3454 840 3618 900 atque

2038 921 2294 976 sollicitis
2325 923 2600 991 quomodo
2637 922 3026 988 diversaretur,
3059 931 3113 977 et
3145 937 3175 975 a
3206 922 3408 992 quibus
3470 929 3617 977 tecto

2037 1015 2414 1083 reciperetur,
2465 1015 2644 1069 anxiis
2685 1033 2698 1070 :
2764 1015 2906 1081 Quid
2940 1015 3071 1080 Ιιοιε,
3132 1015 3308 1085 inquit
3360 1015 3619 1086 magister

2037 1106 2105 1160 ad
2135 1120 2252 1169 eos,
2289 1107 2443 1175 quasi
2470 1117 2620 1160 eatra
2651 1108 3030 1176 protectionem
3065 1106 3161 1160 Dei
3194 1106 3489 1168 constituti,
3520 1123 3619 1159 an-

2035 1199 2114 1252 asii
2140 1207 2294 1268 atque
2319 1198 2538 1253 solliciti
2562 1200 2854 1268 inquit-itis,
2879 1199 2970 1252 ubi
3002 1215 3227 1267 corpora
3271 1200 3482 1267 reﬁcere
3541 1208 3621 1252 at-

2036 1305 2133 1359 que
2172 1307 2362 1344 curare
2407 1299 2639 1358 oporteat
2669 1293 2694 1346 ?
2731 1307 2798 1344 an
2846 1307 3012 1359 parva
3047 1293 3190 1345 vobis
3247 1291 3437 1344 domus
3474 1290 3617 1346 Deus

2039 1397 2151 1435 esse
2188 1382 2415 1446 videtur,
2462 1382 2720 1451 siquidem
2771 1397 2863 1449 per
2907 1398 3024 1434 eum
3076 1383 3294 1436 vivimus
3343 1391 3390 1435 et
3441 1397 3618 1435 piove-

2038 1488 2159 1525 mur
2198 1483 2247 1527 et
2307 1474 2549 1526 sumus?
2588 1473 2670 1526 An
2724 1483 2932 1526 aratum
2966 1483 3016 1526 et
3070 1482 3362 1542 angustant
3414 1473 3619 1527 caeleste

2041 1574 2230 1619 tectum
2253 1565 2396 1620 vobis
2425 1565 2650 1630 videtur,
2681 1575 2728 1620 et
2755 1578 2950 1636 prwter
2975 1566 3071 1620 hoc
3098 1566 3250 1620 aliud
3268 1565 3618 1620 diversorium

2038 1658 2278 1728 quaeritis
2311 1660 2335 1713 .9
2363 1674 2469 1711 una
2494 1657 2634 1712 vobis
2673 1658 2862 1713 domus
2921 1659 3096 1712 studio
3141 1675 3383 1728 cumque
3410 1659 3517 1725 sit,
3552 1675 3618 1712 ea

2038 1748 2298 1811 videlicet,
2329 1766 2443 1819 qua:
2477 1749 2733 1820 cujusque
2784 1749 3002 1820 propria
3029 1759 3130 1813 est,
3161 1766 3278 1819 qua:
3321 1766 3413 1818 per
3451 1752 3620 1804 virtu-

346 1829 602 1886 Μᾶλλον
631 1831 682 1884 δ’
715 1831 791 1886 ἂν
817 1833 1058 1899 είκότως
1081 1833 1202 1890 ὑπὸ
1235 1833 1355 1888 τῶν
1379 1836 1450 1889 ἐν
1477 1837 1656 1904 κακίᾳ
1676 1841 1934 1906 μολυνο-

2044 1850 2108 1894 res
2143 1841 2444 1910 a'diﬁcatur
2486 1851 2534 1894 et
2573 1842 2785 1894 tollitur
2826 1842 2879 1894 in
2907 1842 3097 1894 altum.
3127 1840 3242 1894 Hoc
3272 1841 3443 1895 solum
3474 1839 3616 1894 vobis

343 1922 547 1994 μένων
591 1925 631 1993 ἠ
673 1922 793 1978 τῶν
840 1925 1057 1993 τοίχων
1097 1927 1266 1995 χρεία
1309 1927 1736 1989 σπουδάζεταιο
1788 1929 1937 1985 διότι

344 2015 746 2086 προκάλυμμα
771 2016 1068 2085 πολλάκις
1085 2017 1202 2072 τῶν
1218 2019 1492 2089 κρυπτῶν
1517 2021 1628 2090 τῆς
1639 2022 1938 2090 αἰσχύνης

345 2109 380 2162 ὀ
421 2104 587 2175 οἴκος
614 2108 861 2179 γίνεται.
897 2105 996 2177 Οἷς
1029 2109 1098 2164 δὲ
1125 2111 1201 2165 δι’
1231 2112 1451 2183 ἀρετῆς
1480 2116 1512 2168 ὀ
1541 2114 1684 2180 βίος
1719 2115 1939 2169 ἐσπούο

344 2199 587 2262 δασται,
613 2201 722 2254 οὐκ
739 2201 993 2270 ἔχουσιν
1008 2205 1063 2257 al
1075 2202 1285 2273 τοῖχοι,
1303 2205 1338 2257 ὅ
1352 2222 1405 2258 τι
1419 2207 1934 2276 περικαλύψωσιν.

343 2291 536 2345 Ταῦτα
565 2292 623 2346 δέ
657 2293 794 2364 πρὸς
825 2294 951 2358 τοὺς
985 2295 1239 2362 συνέντας
1264 2296 1573 2363 διεξιόντος,
1599 2297 1826 2361 ἐπιστάς
1853 2312 1938 2361 τις

341 2383 456 2437 τῶν
486 2384 771 2455 ἐπισήμων
800 2386 962 2457 ἀνὴρ,
993 2387 1138 2456 γένει
1173 2391 1264 2442 καὶ
1290 2388 1523 2461 πλούτῳ,
1556 2391 1650 2444 καὶ
1684 2394 1749 2463 τῇ
1775 2391 1934 2462 λοιπῇ

342 2475 635 2547 δυναστείᾳ
683 2478 792 2541 τοῖς
843 2477 1080 2549 πρώτοις
1120 2481 1432 2552 ἐναρίθμιος
1470 2482 1572 2536 ὢν·
1622 2480 1936 2547 Μουσώνιος

343 2567 518 2639 ὄνομα
563 2567 646 2638 τῷ
688 2568 876 2650 ανδρίο
923 2569 1000 2634 ὡς
1037 2567 1176 2627 εἶδεν
1211 2572 1437 2639 πολλοὺς
1479 2575 1602 2645 περὶ
1637 2574 1736 2646 τὴν
1770 2575 1938 2647 αὐτὴν

345 2659 588 2729 σπουδὴν
620 2659 1122 2732 προθυμουμένους,
1155 2663 1304 2727 ὅπως
1343 2663 1410 2718 ἂν
1436 2668 1548 2728 τοῖς
1587 2664 1734 2730 ίδίοις
1770 2667 1936 2731 οἴκοις

341 2753 439 2806 τὸν
470 2752 636 2825 ἄνδρα
672 2755 924 2824 δέξοιντο,
957 2755 1169 2824 φθάσας
1209 2757 1335 2822 τοὺς
1379 2758 1591 2823 ἄλλους,
1625 2759 1938 2832 ὑφαρπάζει

341 2845 447 2917 τὴν
478 2847 660 2918 χάριν,
693 2848 872 2919 ἑαυτῷ
905 2850 1235 2922 παρακαλῶν
1279 2852 1670 2925 ἐπιξενωθῆναι
1712 2855 1806 2909 τὸν
1845 2855 1941 2927 μέ-

341 2953 472 3006 γαν,
498 2938 595 2991 καὶ
622 2939 849 3009 τιμῆσαι
873 2941 940 3010 τῇ
969 2939 1159 3012 εἰσόδῳ
1195 2940 1286 2995 τὸν
1333 2939 1480 2996 οἷκον
1498 2959 1512 2974 ο
1543 2943 1619 3008 ὡς
1643 2944 1710 2999 ἂν
1740 2945 1937 3016 σεμνός

341 3027 507 3098 τερός
537 3045 598 3080 τε
643 3027 739 3082 xal.
780 3027 1019 3100 ἀοίδιμος
1065 3029 1144 3100 τῷ
1193 3032 1332 3103 μετὰ
1370 3031 1547 3086 ταῦτα
1575 3034 1785 3103 γένοιτο
1814 3035 1936 3108 βίῳ,

342 3117 444 3171 τοῦ
478 3118 670 3188 χρόνου
704 3118 800 3172 καὶ
815 3121 943 3182 ,τοῖς
974 3119 1172 3192 ἐφεξῆς
1209 3122 1310 3194 τὴν
1351 3123 1574 3195 μνήμην
1615 3124 1715 3196 τῆς
1755 3127 1940 3180 τοιαύ-

345 3223 451 3278 της
482 3207 648 3277 τιμῆς
679 3207 1162 3279 παραπέμποντος.

2041 1949 2186 1989 ουτω
2216 1943 2370 2003 atque
2389 1933 2740 1988 sollicitudini
2765 1935 2865 1998 sit,
2895 1951 2958 1987 ne
2985 1933 3246 2002 ejusmodi
3279 1933 3421 1987 vobis
3465 1930 3619 1985 habi-

2043 2026 2277 2080 taculum
2301 2042 2404 2080 non
2428 2035 2680 2094 paratum
2707 2041 2798 2080 nec
2831 2026 3148 2079 instructum
3172 2027 3266 2090 sit;
3297 2041 3418 2078 nam
3451 2034 3620 2078 terrea

2040 2119 2095 2172 ni
2115 2120 2341 2188 parietes
2369 2120 2459 2180 iis,
2491 2119 2582 2189 qui
2605 2135 2722 2172 cum
2740 2119 2930 2172 virtute
2955 2117 3119 2170 vitam
3157 2117 3478 2186 transigunt,
3515 2117 3620 2169 cir-

2039 2207 2277 2260 cumdati
2299 2207 2434 2260 nihil
2466 2206 2731 2260 commodi
2778 2206 3041 2274 aﬂ'erunt.
3083 2206 3334 2271 Quinimo
3367 2221 3467 2274 par
3501 2221 3622 2259 con-

2039 2309 2446 2370 sentaneumque
2490 2300 2652 2370 fuerit
2684 2301 2750 2353 ab
2791 2301 2880 2367 iis,
2915 2301 3005 2370 qui
3061 2301 3204 2354 vitiis
3253 2310 3409 2368 atque
3438 2299 3620 2369 nequi-

2040 2393 2116 2446 tia
2141 2392 2570 2460 coinquinantur,
2593 2391 2860 2460 parietum
2892 2407 3047 2444 usum
3077 2389 3312 2443 studiose
3329 2398 3484 2459 atque
3497 2404 3618 2442 cum

2041 2497 2172 2536 cura
2216 2483 2425 2536 institui
2470 2490 2626 2550 atque
2655 2481 2843 2549 parari
2889 2489 3167 2550 propterea
3227 2479 3365 2549 quod
3425 2479 3617 2532 domus

2040 2569 2368 2624 occultarum
2436 2568 2737 2640 plerumque
2801 2569 3189 2638 turpitudinum
3263 2568 3618 2622 velamentum

2039 2661 2272 2717 exsistit.
2321 2663 2392 2715 At
2433 2678 2657 2730 quorum
2700 2662 2812 2715 vita
2863 2677 2980 2715 cum
3021 2662 3214 2716 virtute
3267 2661 3617 2730 transigitur,

2041 2756 2098 2809 in
2159 2753 2242 2808 Itis
2289 2753 2421 2807 nihil
2457 2762 2573 2819 est,
2617 2755 2758 2823 quod
2801 2754 3031 2823 parietes
3079 2752 3323 2825 obtegant
3366 2762 3415 2807 et
3467 2751 3622 2808 obve-

2042 2847 2168 2903 lent.
2199 2845 2378 2916 Atque
2407 2845 2523 2900 haec
2546 2859 2614 2900 eo
2655 2844 2726 2900 ad
2750 2842 3052 2900 familiares
3078 2843 3318 2908 dicente,
3350 2844 3621 2900 assistens

2037 2941 2126 2998 vir
2157 2938 2381 3010 quidam
2410 2937 2672 3008 insignis,
2709 2938 2806 3008 qui
2846 2951 3076 3008 genere,
3107 2936 3318 2992 divitiis
3364 2935 3621 3006 reliquis-

2039 3045 2147 3103 que
2176 3029 2372 3101 opibus
2400 3028 2544 3085 inter
2576 3029 2785 3099 primos
2822 3035 3205 3085 numeraretur
3226 3030 3242 3096 (
3263 3026 3548 3082 Musonius
3567 3024 3620 3080 ei

2038 3137 2240 3179 nomen
2265 3121 2444 3192 erat),
2467 3127 2528 3177 ut
2558 3121 2696 3176 vidit
2728 3121 2931 3177 multos
2953 3120 3096 3176 idem
3127 3119 3364 3175 oliicium
3405 3117 3623 3173 deferre

1956 3209 2001 3269 C
2032 3221 2274 3284 paratos,
2304 3219 2360 3267 et
2390 3211 2444 3266 id
2475 3219 2700 3282 agentes
2725 3250 2741 3276 ,
2781 3218 2843 3265 ut
2888 3211 2943 3265 in
2977 3226 3110 3267 suas
3145 3211 3291 3265 aedes
3317 3209 3494 3263 virum
3531 3222 3620 3264 re-

343 3300 595 3370 ciperent
616 3337 630 3363 ,
652 3314 774 3356 cum
807 3307 1037 3358 caeteros
1067 3301 1450 3363 antevertisset
1474 3342 1490 3368 ,
1513 3303 1745 3374 gratiam
1813 3301 2058 3374 praeripit
2101 3316 2301 3372 regans
2330 3315 2589 3372 magnum
2650 3301 2805 3354 illum
2850 3300 3030 3355 virum
3063 3339 3080 3365 ,
3123 3308 3185 3356 ut
3246 3315 3348 3356 suo
3378 3299 3622 3370 hospitio

345 3403 618 3458 uteretur,
653 3406 707 3452 et
743 3396 974 3452 introitu
1004 3396 1226 3453 domum
1257 3398 1593 3466 honestaret,
1625 3413 1737 3469 quo
1767 3405 1822 3453 et
1849 3398 2140 3470 augustior
2176 3408 2232 3452 et
2265 3397 2320 3451 in
2359 3395 2614 3466 sequenti
2673 3400 2876 3451 stmulo
2949 3396 3184 3452 celebris
3245 3403 3300 3451 et
3350 3410 3621 3452 memora-

344 3493 479 3550 bilis
509 3510 570 3550 ea
600 3494 888 3560 evaderet,
918 3503 1162 3565 tempore
1197 3493 1362 3552 etiam
1398 3495 1468 3551 ad
1521 3507 1774 3566 posteros
1803 3493 2126 3549 memoriam
2159 3490 2433 3561 ejusmodi
2491 3489 2720 3574 honoris
2760 3490 3196 3547 transmittente.

404 3591 588 3644 ’Ἐπεὶ
623 3591 682 3645 δὲ
707 3592 802 3646 καὶ
835 3591 981 3648 άλλοι
1025 3593 1212 3648 πολλοὶ
1255 3592 1651 3665 συνδραμόντες
1677 3591 1805 3660 περ)⁸
1834 3589 1942 3644 τῶν

2107 3587 2244 3643 Cum
2271 3594 2458 3641 autem
2512 3584 2671 3640 multi
2727 3585 2892 3640 etiam
2927 3583 3022 3638 alii
3079 3591 3502 3649 concurrerent,
3565 3592 3622 3641 et

343 3684 553 3755 ὁμοίων
602 3683 843 3739 ἱκέτευον
865 3722 882 3748 ,
931 3684 1136 3741 δίκαιον
1185 3681 1322 3739 εἶναι
1370 3684 1561 3755 κρίνας
1612 3682 1792 3736 δοῦναι
1841 3683 1942 3754 τὴν

2044 3678 2229 3736 eadem
2260 3685 2537 3749 rogarent,
2576 3691 2798 3747 aequum
2845 3690 2970 3731 esse
3008 3674 3268 3744 judicans
3321 3675 3619 3747 gratiﬁcari

348 3778 516 3848 χάριν
556 3774 634 3847 τῷ
681 3775 1136 3847 προκατάρξαντι,
1167 3775 1292 3838 τοὺς
1332 3775 1524 3838 ἄλλους
1574 3773 1662 3826 διὰ
1697 3772 1795 3843 τῆς
1834 3771 1942 3834 τῶν

350 3867 526 3935 Λόγων
567 3864 965 3937 φιλοφροσύνης
1013 3863 1451 3935 διασπασάμενός
1494 3879 1554 3915 τε
1597 3863 1690 3915 καὶ
1740 3862 1944 3916 ἀντιτι-

351 3957 558 4027 μήσας,
593 3955 744 4028 παρὰ
782 3953 861 4026 τῷ
913 3953 1236 4027 προλαϐόντι
1291 3954 1610 4023 κατάγεται.
1662 3951 1723 4006 Ei
1770 3952 1826 4005 δὲ
1873 3953 1948 4006 δι-

354 4049 676 4120 ηγηματική
705 4048 788 4110 τίς
818 4049 934 4100 ἐστι
977 4046 1073 4100 καὶ
1119 4047 1493 4110 ἀκατάσκευος
1524 4046 1635 4098 τῶν
1681 4045 1807 4116 περ)¹
1848 4045 1945 4099 αὐ·-

349 4140 448 4196 τοῦ
499 4140 672 4208 λόγων
727 4141 761 4210 ἡ
814 4138 1043 4210 ἱστορία,
1090 4138 1190 4203 τὰς
1244 4139 1310 4191 ἐκ
1353 4137 1631 4208 περινοίας
1669 4137 1811 4201 τινὸς
1855 4138 1948 4207 ἐφ.

351 4235 751 4306 ευρισκομένας
793 4237 906 4297 τοῖς
949 4233 1269 4305 πράγμασιν
1309 4233 1637 4304 ἐπαυξήσεις
1685 4234 1944 4297 ἑκουσίως

2037 3771 2111 3836 ei,
2139 3769 2233 3841 qui
2262 3777 2506 3840 tempore
2542 3767 2694 3837 prior
2727 3767 2782 3821 in
2835 3765 3132 3820 deferendo
3169 3764 3346 3820 oﬂlcio
3401 3765 3619 3831 fuisset,

2040 3876 2167 3917 cum
2202 3869 2432 3916 caeteros
2456 3859 2694 3931 benigne
2740 3860 3012 3916 salutatos
3063 3858 3245 3914 verbis
3299 3856 3621 3913 honoriﬁcis

2043 3953 2278 4008 invicem
2311 3962 2642 4022 prosecutus
2662 3951 2988 4018 dimisisset,
3013 3949 3079 4004 ad
3112 3950 3348 4019 priorem
3374 3947 3622 4005 divertit.

2045 4042 2205 4110 Quod
2233 4042 2280 4097 si
2316 4041 2548 4098 historia
2586 4056 2771 4096 rerum
2800 4039 2868 4095 ab
2897 4054 2963 4096 eo
2999 4048 3276 4109 gestarum
3309 4037 3444 4092 nihil
3492 4051 3626 4108 pra:-

2043 4143 2128 4190 ter
2176 4148 2362 4190 rerum
2396 4133 2774 4188 narrationem
2816 4132 3062 4186 continet
3091 4138 3146 4185 et
3194 4129 3474 4185 incondita
3512 4136 3622 4197 est,

2045 4226 2194 4298 quod
2255 4241 2440 4281 sermo
2497 4233 2688 4280 noster
2737 4225 2995 4278 consulto
3045 4222 3456 4290 praetermiserit
3503 4235 3621 4285 eas,

351 4328 448 4382 τοῦ
500 4327 772 4399 ἡμετέρου
807 4325 1208 4397 παραλιπόντος
1251 4325 1434 4394 λόγου·
1486 4326 1695 4394 γένοιτο
1739 4325 1806 4379 ἂν
1850 4327 1942 4379 καὶ

2047 4335 2170 4390 qua:
2203 4318 2392 4374 solerti
2429 4317 2665 4388 quadam
2713 4314 3120 4385 excogitatione
3160 4313 3406 4366 adhiberi
3457 4312 3624 4367 rebus

353 4421 494 4491 αὑτὴ
527 4422 639 4484 τοῖς
680 4417 855 4491 ὀρθῶς
905 4419 972 4471 τὰ
1018 4418 1317 4490 πράγματα
1362 4418 1636 4490 κρίνουσιν
1669 4419 1731 4470 οὐ
1772 4419 1942 4490 μικρὰ

2049 4410 2250 4474 solent,
2302 4406 2759 4478 ampliﬁcationes
2808 4412 2864 4459 et
2913 4402 3398 4473 exaggeratiunes:
3458 4399 3626 4455 fuerit

359 4513 659 4587 μαρτυρία,
703 4490 798 4567 τοῦ
857 4511 1020 4582 μηδὲν
1069 4511 1135 4565 δι’
1194 4511 1440 4575 ἐπινοίας
1487 4509 1817 4576 ἐπαύξεσθαι
1867 4511 1942 4582 τῷ

2049 4503 2212 4557 etiam
2246 4499 2350 4554 hoc
2389 4513 2497 4552 non
2533 4495 2637 4551 levi
2667 4495 2808 4564 apud
2845 4510 2941 4548 eos
2973 4493 3067 4562 qui
3110 4500 3261 4546 recto
3289 4490 3501 4559 judicio
3535 4505 3624 4544 res

362 4602 824 4676 μνημονευομένῳ
865 4603 933 4656 τὰ
984 4602 1257 4673 θαύματα,
1293 4603 1406 4656 ἀλλ’
1450 4604 1639 4673 ἀρκεῖν
1677 4602 1776 4674 τὴν
1815 4605 1950 4675 μνή-

362 4711 472 4764 μην
513 4693 623 4745 τῶν
666 4692 786 4745 κατ’
824 4690 986 4743 αὐτὸν
1044 4690 1380 4760 πραγμάτων
1435 4690 1572 4760 πρὸς
1619 4689 1948 4742 τελειότατον

359 4784 617 4840 ἐπαινον·
676 4777 787 4836 οἶόν
825 4799 879 4835 τι
931 4779 1124 4844 κάλλος
1179 4781 1443 4848 αὐτοφυὲς
1496 4780 1589 4832 ἐπὶ
1636 4778 1946 4850 προσώπου,

352 4877 591 4948 ,οὐδεμιᾷ
626 4875 920 4946 περιεργίᾳ
961 4873 1318 4944 κομμωτικῆς
1355 4871 1549 4942 τέχνης
1589 4869 1950 4941 ἐπανθιζὸμε-

369 4985 474 5024 δαν.
510 4969 716 5022 Ὄντων
757 4967 813 5020 δὲ
847 4966 954 5020 τῶν
1004 4963 1531 5036 προκατηχουμένων
1569 4962 1662 5015 τὸν
1701 4961 1858 5030 λόγον
1890 4963 1949 5016 ἐν

360 5059 531 5130 ὀλίγῳ
577 5058 655 5129 τῷ
700 5057 939 5128 ἀριθμῷ,
970 5058 1098 5126 πρὶν
1145 5053 1432 5125 παρελθεῖν
1463 5053 1561 5124 τὴν
1589 5055 1822 5126 ἡμέραν,
1855 5054 1950 5108 καὶ

362 5152 422 5204 ἐν
452 5150 682 5219 δυσμαῖς
716 5148 968 5216 γενέσθαι
1016 5147 1107 5200 τὸν
1152 5146 1322 5216 ἣλιον,
1362 5144 1602 5198 τοσοῦτοι
1655 5147 1805 5219 παρὰ
1852 5146 1950 5216 τὴν

366 5243 656 5312 συντυχίαν
689 5241 1034 5313 προσέθεντο,
1069 5239 1206 5292 ὥστε
1249 5237 1385 5310 πρὸς
1426 5237 1677 5308 σύστημα
1717 5235 1846 5289 λαοῦ
1891 5236 1952 5289 τὸ

365 5333 575 5404 πλῆθος
622 5333 732 5386 τῶν
778 5333 1216 5385 πεπιστευκότων
1262 5328 1459 5393 ἱκανῶς
1499 5329 1660 5399 ἔχειν.
1698 5327 1946 5400 Ὄρθρος,

365 5426 465 5477 καὶ⁵
494 5424 655 5477 πάλιν
684 5424 776 5477 ἐπὶ
815 5423 1004 5493 θύραις
1033 5425 1060 5476 ὁ
1089 5422 1278 5493 δῆμος,
1313 5421 1464 5474 αὐτοί
1490 5437 1548 5473 τε
1578 5422 1670 5474 καὶ
1698 5424 1951 5488 γυναῖκες

367 5516 461 5568 καὶ
499 5517 703 5579 παῖδες,
737 5516 831 5568 καὶ
861 5516 919 5568 τὸ
944 5514 1171 5585 γηραιὸν
1193 5514 1292 5582 τῆς
1319 5513 1550 5584 ἡλικίας,
1578 5515 1671 5567 καὶ
1698 5510 1779 5576 οἷς
1812 5530 1952 5568 τισιν

367 5601 438 5674 ἦν
473 5607 536 5657 ἐκ
572 5605 862 5674 δαιμόνων,
893 5605 926 5675 ἢ
963 5604 1021 5671 ἐξ
1047 5604 1210 5675 ἄλλης
1238 5604 1384 5665 τινὸς
1431 5604 1712 5673 ἐπηρείας,
1743 5606 1776 5673 ἡ
1815 5621 1954 5672 συμ-

368 5695 516 5766 φορὰ
549 5698 677 5767 περὶ
711 5697 771 5750 τὸ
804 5696 989 5768 σῶμα·
1039 5696 1131 5749 καὶ
1163 5698 1221 5748 ἐν
1254 5695 1435 5766 μέσοις
1464 5696 1664 5756 ἐκεῖνος
1690 5695 1826 5764 πρὸς
1855 5693 1953 5764 τὴν

371 5790 607 5856 ἑκάστου
667 5791 774 5846 τῶν
835 5789 1259 5860 συνειλεγμένων
1323 5789 1509 5860 χρείαν
1561 5787 1834 5858 ἁρμοδίως
1886 5789 1952 5859 τῇ

2049 4593 2343 4656 aestimant,
2373 4588 2689 4644 testimonio
2721 4594 2885 4656 atque
2915 4592 3261 4656 argumento,
3283 4581 3430 4652 quod
3475 4580 3627 4634 nullo

2050 4683 2214 4740 modo
2241 4685 2308 4738 de
2339 4681 2614 4738 industria
2649 4681 2916 4734 miracula
2949 4679 3050 4733 viri
3092 4677 3254 4745 cujus
3306 4673 3624 4728 memoriam

2050 4775 2414 4836 celebramus,
2446 4781 2871 4842 exaggerentur,
2914 4770 3009 4825 sed
3046 4783 3228 4822 rerum
3272 4765 3394 4836 ejus
3420 4778 3625 4818 memo-

2051 4869 2134 4922 ria
2177 4866 2412 4923 suﬂiciat
2453 4865 2519 4918 ad
2565 4862 3020 4933 perfectissimam
3055 4859 3310 4914 laudem:
3365 4865 3624 4925 tanquam

2051 4960 2234 5014 nativa
2277 4959 2522 5028 quaedam
2560 4957 2932 5027 pulchritudo,
2965 4969 3086 5023 qua:
3125 4951 3332 5006 nullius
3369 4948 3627 5004 lenocinii

2051 5063 2392 5118 supervacua
2416 5047 2660 5100 adhibita
2689 5056 2819 5101 cura
2849 5045 2903 5098 in
2935 5042 3074 5097 facie
3117 5040 3429 5096 emorescit.
3488 5037 3626 5092 Cum

2052 5150 2234 5195 autem
2265 5141 2463 5210 exiguo
2497 5155 2728 5193 numero
2757 5145 2966 5200 essent,
3019 5135 3114 5204 qui
3151 5146 3460 5188 sermonem
3500 5138 3628 5183 ante

2052 5230 2414 5292 audivissent,
2444 5231 2764 5299 priusquam
2795 5227 2915 5280 dies
2944 5224 3318 5295 prateriissct,
3342 5231 3394 5274 et
3423 5221 3505 5275 sol
3533 5235 3629 5273 oc-

2053 5324 2299 5385 cidisset,
2335 5322 2473 5376 adeo
2510 5321 2666 5376 multi
2715 5321 2892 5388 primo
2939 5331 3209 5370 concursu
3252 5319 3628 5374 accesserunt,

2055 5423 2112 5468 ut
2138 5415 2205 5467 ad
2248 5413 2698 5468 constituendum
2757 5410 3017 5482 p0pulum
3066 5406 3356 5461 multitudo
3405 5419 3628 5470 eorum,

2055 5509 2147 5577 qui
2177 5506 2545 5568 crediderant,
2576 5505 2713 5558 satis
2753 5515 2947 5571 magna
2991 5508 3160 5554 esset.
3211 5496 3480 5552 Postridie
3510 5494 3631 5562 rjus

2054 5601 2163 5655 dici
2199 5599 2362 5654 simul
2387 5606 2551 5668 atque
2576 5596 2887 5655 diluxisscl,
2910 5607 3103 5646 rursus
3133 5591 3412 5644 hominum
3450 5589 3633 5642 multi-

2056 5695 2191 5748 tudo
2221 5693 2480 5762 frequens
2514 5707 2635 5744 cum
2671 5688 2936 5756 uxoribus
2963 5694 3017 5740 et
3041 5684 3248 5745 liberis,
3277 5683 3402 5736 item
3439 5682 3632 5738 senilis

2055 5793 2211 5852 tetas,
2245 5794 2299 5841 et
2323 5784 2747 5856 quibuscunque
2772 5795 2841 5837 ex
2877 5779 3186 5835 daemonum
3218 5775 3422 5846 injuria
3456 5773 3633 5840 aliave
