4002 6206
428 330 538 388 923

1599 318 1656 375 S.
1699 308 2024 376 CREGORII
2066 314 2358 373 NYSSENI

3591 313 3686 367 9Ξὶ

431 440 615 510 aliqua
653 434 708 491 vi
733 433 1017 492 calamitas
1049 433 1299 504 corporis
1333 430 1629 498 acciderat,
1663 446 1764 502 pro
1789 431 2000 488 foribus

2109 433 2329 505 δυνάμει
2359 431 2451 485 τοῦ
2479 429 2794 500 Πνεύματος
2827 427 3199 498 μεριζόμενος,
3226 424 3541 498 κηρύσσων,
3577 444 3691 480 συν-

431 538 631 601 praesto
656 537 835 590 erant,
876 535 931 582 et
975 526 1067 581 ille
1098 527 1153 580 iu
1193 525 1374 580 medio
1419 528 1610 580 eorum
1641 525 1709 580 ad
1756 524 1810 579 id
1854 523 2002 595 quod

431 622 630 690 cuique
660 633 873 683 eorum,
913 618 1008 688 qui
1049 625 1452 680 convenerant,
1501 630 1642 685 opus
1687 623 1828 680 erat,
1881 632 2004 672 sese

432 710 642 766 virtute
675 707 918 778 Spiritus
953 709 1291 778 impertiens,
1321 708 1642 778 praedicans,
1675 723 1783 762 una
1817 708 2005 777 dispu-

432 810 558 857 tans
578 811 630 856 et
659 803 1003 862 examinans,
1031 801 1354 863 admonens,
1374 801 1601 866 docens,
1628 817 1854 856 sanans.
1891 799 2005 856 Hac

408 895 579 950 enim
617 895 807 964 utique
842 909 903 947 re
933 893 1277 963 potissimum
1320 893 1520 946 multos
1559 892 1625 946 ad
1659 893 2006 963 pradicatio-

431 1001 557 1040 nem
598 985 926 1046 adducebat,
973 983 1119 1053 quod
1164 998 1229 1038 ea
1255 997 1377 1052 quae
1424 982 1749 1038 videbantur
1776 999 1900 1038 curn
1936 985 2005 1040 iis

431 1093 554 1148 qua:
595 1077 958 1131 audiebantur
1011 1076 1384 1142 congruebant
1453 1087 1506 1131 et
1565 1077 2003 1143 conveniebant,

376 1181 380 1186 ‘
433 1179 602 1240 atque
634 1184 729 1240 per
759 1177 988 1238 utraque
1019 1167 1215 1222 divinae
1240 1168 1455 1222 virtutis
1491 1168 1545 1223 in
1580 1183 1644 1224 eo
1679 1177 1821 1224 notae
1845 1177 2007 1239 atque

438 1263 644 1318 indicia
705 1263 1032 1317 relucebant.
1097 1258 1231 1313 Nam
1285 1276 1446 1316 aures
1511 1261 1730 1331 quidem
1793 1277 2005 1328 sermo,

433 1356 628 1410 oculos
655 1369 785 1409 vero
826 1368 889 1408 ea
924 1368 1045 1422 qua:
1075 1353 1218 1407 circa
1249 1353 1496 1409 inﬁrmos
1523 1353 1826 1409 edebantur
1853 1355 2010 1408 mira-

431 1446 559 1500 cula
595 1453 824 1515 stupore
869 1452 925 1498 et
975 1443 1338 1499 admiratione
1395 1451 1585 1513 captos
1625 1446 1906 1525 tenebant.
1950 1442 2009 1498 Si

431 1537 559 1608 quis
608 1538 840 1608 lugeret,
893 1536 1324 1592 consolationem
1379 1536 1722 1606 accipiebat:
1788 1537 2010 1607 juvenis

432 1639 489 1684 ct
521 1629 844 1685 adolescens
871 1629 1242 1699 castigabatur
1281 1637 1334 1685 et
1379 1631 1772 1685 emendabatur
1821 1629 2010 1686 mode-

433 1721 705 1790 stiamque
733 1719 979 1776 discebat
1003 1737 1017 1787 ;
1039 1736 1204 1776 senex
1231 1723 1688 1778 convenientibus
1720 1723 1866 1777 aetati
1893 1738 2010 1778 ser-

431 1813 688 1868 monibus
711 1813 1026 1868 curabatur.
1060 1814 1234 1878 Servi,
1267 1822 1325 1868 ut
1357 1830 1484 1885 erga
1525 1814 1776 1870 dominos
1821 1815 2008 1872 ﬁdeles

431 1914 654 1960 essent:
693 1905 783 1974 qui
813 1912 1136 1973 potestatem
1169 1905 1222 1959 in
1274 1904 1411 1960 alios
1455 1905 1741 1972 haberent,
1792 1914 1850 1960 ut
1880 1921 2007 1977 erga

432 1995 686 2052 subditos
714 1996 1106 2051 humanitatem
1151 2004 1500 2067 praestarent,
1547 1998 2005 2054 admonebantur.

431 2087 646 2158 Pauper
693 2103 834 2144 unas
881 2087 1102 2144 divitias
1168 2104 1293 2145 esse
1347 2089 1605 2145 virtutem
1664 2090 2006 2156 docebatur,

429 2192 595 2250 quam
623 2179 878 2234 omnibus
927 2179 1143 2235 abunde
1193 2179 1482 2250 acquirere
1527 2180 1754 2236 liceret:
1805 2182 1851 2238 si
1884 2182 2008 2253 quis

429 2269 644 2326 divitiis
671 2269 914 2336 ﬂoreret,
940 2269 1038 2337 ita,
1071 2279 1132 2326 ut
1157 2286 1256 2342 par
1274 2279 1412 2338 erat,
1439 2270 1858 2336 admonebatur,
1883 2288 2008 2329 cum

429 2361 844 2418 administrator
895 2379 961 2418 ac
996 2364 1362 2434 dispensator,
1409 2379 1519 2418 non
1582 2362 1838 2420 dominus
1889 2381 2010 2422 esse

429 2454 755 2512 facultatum
790 2456 1103 2514 doceretur.
1136 2456 1458 2513 Mulieribus
1506 2459 1891 2515 convenientia
1922 2467 2008 2514 at-

429 2564 538 2619 que
561 2550 998 2615 accommodata,
1024 2551 1211 2620 pueris
1240 2552 1607 2622 competentia
1635 2563 1800 2622 atque
1830 2551 2004 2616 utilia,

431 2641 682 2711 patribus
722 2642 870 2712 ipsos
902 2642 1150 2697 decentia
1188 2658 1314 2699 cum
1344 2645 1630 2711 tribueret,
1665 2653 1720 2701 et
1753 2645 2007 2701 omnibus

428 2731 614 2785 omnia
649 2733 817 2796 ﬁeret,
859 2740 914 2788 et
935 2735 1179 2788 omnium
1233 2735 1407 2790 vicem
1455 2743 1758 2805 praestaret,
1794 2744 2005 2790 tantum

430 2819 536 2875 sibi
569 2821 776 2875 auxilio
817 2823 1056 2893 Spiritus
1092 2833 1314 2894 repente
1345 2827 1609 2896 populum
1641 2826 1914 2896 adjunxit,
1947 2835 2008 2882 ut

431 2911 500 2965 ad
539 2913 724 2981 templi
779 2912 1196 2970 fabricationem
1239 2917 1484 2970 animum
1538 2915 1836 2986 adjiceret,
1879 2931 2005 2972 cum

429 3017 623 3058 omnes
656 3002 933 3060 offerendo
970 3013 1079 3060 tam
1110 3005 1394 3073 pecunias,
1419 3023 1582 3076 quam
1614 3021 1812 3077 operas
1840 3023 1992 3075 suas,

408 3094 670 3149 'studium
697 3096 818 3165 ejus
846 3096 1190 3166 adjuvarent.
1225 3096 1343 3154 Hoc
1387 3107 1473 3155 est
1530 3099 1817 3169 templum,
1853 3098 2000 3169 quod
2031 3134 2073 3193 α

430 3201 606 3256 usque
655 3187 835 3244 adhuc
882 3189 1230 3246 ostenditur:
1286 3190 1436 3262 quod
1494 3204 1728 3260 magnus
1777 3191 1873 3246 ille
1921 3190 2004 3245 vir

429 3279 614 3334 statim
671 3294 966 3352 aggressus
1022 3282 1191 3338 veluti
1258 3281 1676 3338 fundamentum
1727 3282 2002 3354 quoddam

429 3377 598 3442 atque
621 3372 958 3443 crepidinem
989 3374 1074 3429 sui
1123 3374 1418 3430 saCerdotii
1449 3375 1608 3430 initio
1644 3375 1890 3430 instituit
1924 3382 2008 3429 at-

2102 524 2388 590 εξετάζων,
2416 521 2704 585 νουθετῶν,
2735 520 3019 584 διδάσκων,
3061 519 3308 590 ἰώμενος.
3347 519 3540 589 Τούτῳ
3585 521 3692 589 γὰρ

2102 616 2166 686 δὴ
2194 616 2424 686 μάλιστα
2456 615 2764 686 προσήγετο
2807 614 2933 676 τοὺς
2974 612 3198 675 πολλοὺς
3229 611 3308 682 τῷ
3351 611 3697 682 κηρύγματι,

2103 710 2185 764 ὅτι
2209 707 2518 762 συνέϐαινεν
2548 708 2581 778 ἠ
2608 705 2730 775 ὄψις
2756 707 2821 776 τῇ
2843 706 3005 775 ἀκοῇ,
3039 703 3132 758 καὶ
3153 703 3216 756 δι’
3241 703 3574 774 ἀμφοτέρων
3600 702 3700 770 τῆς

2105 797 2252 861 θείας
2299 797 2582 868 δυνάμεως
2625 796 2939 866 ἐπέλαμπεν
2986 794 3137 864 αὑτῷ
3194 795 3263 847 τὰ
3309 793 3696 864 γνωρίσματα.

2107 892 2216 962 Τὴν
2253 891 2351 963 μὲν
2393 889 2500 961 γὰρ
2529 889 2698 962 ἀκοὴν
2737 892 2766 943 ό
2803 890 2996 957 λόγος,
3047 889 3147 950 τὰς
3177 888 3238 941 ’δὲ
3279 886 3424 956 δψεις
3457 887 3527 940 τά
3570 885 3703 956 περί

2103 983 2230 1045 τοὺς
2303 980 2662 1044 ἀσθενοῦντας
2708 980 3001 1052 ἐξέπληττε
3042 979 3318 1050 θαύματα.
3362 980 3421 1032 'O
3480 978 3701 1032 πενθῶν

2106 1071 2470 1142 παρεκαλεῖτο
2493 1087 2507 1102 ο
2556 1071 2584 1123 ό
2629 1071 2749 1134 νέος
2793 1069 3188 1141 ἐσωφρονίζετο
3213 1085 3227 1100 ’
3259 1072 3288 1123 6
3325 1069 3556 1140 γηραιὸς
3590 1070 3702 1130 tot;

2106 1160 2405 1230 καθήκουσι
2443 1161 2622 1229 λόγοις
2667 1159 3051 1231 ἐθεραπεύετο.
3102 1158 3289 1211 Δοῦλοι
3333 1158 3469 1228 πρὸς
3508 1156 3704 1210 δεσπόο

2105 1266 2206 1312 τας
2250 1249 2463 1313 οἰκείως
2507 1249 2684 1320 ἔχειν,
2729 1251 2780 1302 οἰ
2829 1248 3156 1320 κρατοῦντες
3205 1250 3318 1311 τοῖς
3369 1247 3701 1317 ὑποχειρίοις

2109 1341 2668 1412 φιλανθρωπεύεσθαι,
2713 1345 2741 1395 ὁ
2798 1342 3092 1413 πενόμενος
3145 1341 3241 1394 ἕνα
3288 1340 3519 1393 πλοῦτον
3561 1334 3704 1392 εἶναι

2108 1433 2205 1505 τὴν
2252 1434 2451 1505 ἀρετὴν
2493 1433 2834 1500 ἐδιδάσκετο,
2882 1435 3005 1505 ἥτις
3068 1434 3201 1487 πᾶσι
3246 1432 3532 1502 πρόκειται
3581 1433 3704 1484 κατ’

2109 1525 2356 1590 ἐξουσίαν
2389 1527 2422 1597 ἡ
2451 1526 2671 1597 κτῆσις,
2705 1527 2733 1579 6
2759 1526 2837 1597 τῷ
2879 1525 3094 1596 πλούτῳ
3127 1525 3312 1596 κομῶν
3352 1523 3705 1594 καταλλήλως

2110 1617 2463 1684 ἐνουθετεῖτο,
2503 1619 2786 1690 οἰκονόμος
2818 1612 2957 1671 εἶναι
2995 1617 3103 1670 τῶν
3148 1617 3477 1688 προσόντων,
3508 1616 3571 1668 οὑ
3610 1614 3706 1668 κὺ-

2115 1729 2227 1782 ριος
2259 1710 2657 1780 διδασκόμενος.
2709 1709 2929 1776 Γυναιξί
2972 1709 3046 1763 τὰ
3092 1709 3411 1780 πρόσφορα,
3446 1707 3605 1760 παισὶ
3638 1707 3707 1760 τά

2040 1778 2083 1836 Β
2114 1778 2421 1873 σύμμετρα,
2461 1778 2700 1872 πατράσι
2737 1801 2802 1855 τὰ
2857 1778 3356 1870 πρέπονταήνέμων,
3395 1801 3490 1852 καὶ
3523 1799 3702 1853 πάντα

2111 1896 2243 1950 πᾶσι
2296 1894 2584 1964 γενόμενος
2605 1932 2619 1955 ,
2665 1894 2917 1947 τοσοῦτον
2969 1889 3145 1962 ἐαυτῷ
3195 1890 3321 1946 λαὸν
3370 1891 3586 1962 ἀθρόως
3634 1894 3699 1960 τῇ

2111 1988 2368 2060 συνεργίᾳ
2411 1987 2506 2042 τοῦ
2551 1987 2867 2058 Πνεὺματος
2908 1986 3324 2058 παρεστήσατο,
3377 1983 3517 2040 ὥστε
3564 1983 3698 2055 πρὸς

2109 2081 2236 2137 ναοῦ
2269 2079 2612 2150 κατασκευὴν
2662 2078 2925 2150 ὁρμῆσαι,
2967 2077 3186 2132 πάντων
3225 2077 3472 2150 χρήμασὶ
3516 2093 3577 2128 τε
3609 2076 3700 2130 καὶ

2110 2170 2326 2242 σώμασι
2355 2170 2491 2241 πρὸς
2511 2170 2610 2242 τὴν
2633 2170 2868 2242 σπουδὴν
2896 2168 3332 2241 ὑπουργούντων.
3357 2161 3526 2232 Οὗτός
3553 2169 3699 2221 ἐστιν

2109 2265 2139 2319 6
2169 2264 2318 2328 ναὸς,
2353 2259 2412 2317 οὑ
2452 2263 2552 2327 τὰς
2587 2262 2761 2334 ἀρχὰς
2805 2264 3010 2326 ἐκεῖνος
3046 2263 3144 2333 τῆς
3191 2260 3533 2331 κατασκευῆς
3574 2276 3700 2312 κατ-

2109 2355 2360 2409 εϐάλετο·
2417 2354 2830 2409 ἐπεκαλλὼπισε
2877 2353 2935 2408 δέ
2991 2371 3075 2417 τις
3127 2351 3235 2407 τῶν
3301 2351 3417 2423 μετ’
3462 2352 3698 2413 ἐκεῖνον,

2109 2449 2318 2502 ἐκείνου
2344 2447 2505 2513 ἀξίως
2527 2463 2541 2477 '
2569 2449 2597 2500 6
2626 2449 2788 2519 μέχρι
2817 2445 2909 2500 τοῦ
2953 2447 3220 2516 παρόντος
3246 2444 3606 2514 δεικνύμενος,
3638 2443 3696 2496 ὃν

2108 2544 2138 2596 6
2183 2541 2356 2613 μέγας
2401 2542 2607 2606 ἐκεῖνος
2646 2540 2808 2604 εὑθὺς
2847 2539 3095 2603 ἐπιστὰς,
3138 2533 3250 2593 οἷόν
3289 2555 3411 2593 τινα
3448 2537 3695 2608 θεμέλιον

2107 2634 2203 2689 καί
2226 2632 2462 2705 κρηπῖδα
2497 2632 2596 2702 τῆς
2631 2631 2766 2696 ἰδίας
2806 2630 3108 2704 ἱερωσύνης
3140 2629 3218 2700 τῷ
3247 2627 3696 2700 περιφανεστάτης

2107 2725 2202 2796 τῆς
2241 2725 2446 2788 πόλεως
2485 2723 2795 2788 ἐναπέθετο,
2834 2721 2954 2794 θείᾳ
2991 2722 3097 2775 τινὶ
3139 2721 3370 2790 δυνάμει
3406 2719 3694 2783 τελειώσας

2105 2818 2167 2870 τὸ
2209 2817 2390 2889 ἔργον,
2432 2816 2509 2880 ὡς
2556 2814 2634 2886 τῷ
2679 2814 2814 2884 μετά
2869 2813 3039 2867 ταῦτα
3098 2815 3456 2884 μαρτυρεῖται
3492 2811 3686 2882 χρόνῳ.

2107 2910 2334 2982 Σεισμοῦ
2367 2909 2476 2980 γάρ
2505 2926 2634 2964 ποτε
2665 2908 2965 2981 βαρυτάτου
3006 2911 3074 2978 τῇ
3124 2908 3277 2962 πόλει
3327 2907 3386 2960 ἐν
3430 2908 3539 2970 τοῖς
3580 2905 3707 2958 καθ’

2107 3003 2254 3074 ἡμᾶς
2299 3001 2510 3073 χρόνοις
2554 2999 2947 3070 γεγενημένου,
2972 2999 3068 3052 καὶ
3104 2997 3322 3052 πάντων
3367 2994 3564 3066 μικροῦ
3593 2995 3703 3050 δεῖν

2107 3095 2275 3166 ἄρδην
2302 3093 2675 3161 ἀπολωλότων,
2701 3092 2808 3146 τῶν
2851 3108 2911 3146 τε
2941 3090 3214 3163 δημοσίων
3247 3089 3343 3142 καὶ
3373 3089 3482 3141 τῶν
3511 3088 3700 3140 ἰδιωτι-

2110 3187 2220 3244 κῶν
2245 3186 2692 3258 οἰκοδομημάτων
2720 3185 2977 3240 ἁπάντων
2999 3181 3430 3254 ἐρειπιωθέντων
3461 3180 3556 3234 καὶ
3580 3180 3703 3252 ἐρη-

2111 3279 2434 3350 μωθέντων,
2457 3277 2617 3348 μόνος
2646 3276 2859 3346 ἔμεινεν
2901 3277 2929 3329 ό
2973 3274 3100 3338 ναὸς
3127 3273 3334 3336 ἐκεῖνος
3371 3273 3618 3344 ἀῤῥαγής
3639 3287 3701 3322 τε

2108 3371 2204 3425 καὶ
2230 3370 2496 3432 ἀσειστος,
2538 3368 2614 3432 ὡς
2645 3368 2741 3422 καὶ
2769 3366 2859 3434 διὰ
2887 3365 3075 3420 τούτου
3118 3365 3355 3436 φανερὸν
3403 3360 3560 3426 εἶναι,
3608 3365 3703 3418 καὶ

430 3479 538 3535 que
571 3465 794 3522 molitus
821 3473 928 3531 est,
978 3466 1166 3522 divino
1204 3465 1445 3537 quodam
1485 3474 1684 3537 conatu
1720 3474 1775 3521 et
1801 3465 2005 3522 auxilio

2114 3463 2231 3535 μεθ’
2262 3463 2380 3526 οἵας
2410 3461 2692 3532 δυνάμεως
2727 3461 2757 3513 6
2787 3460 2960 3531 μέγας
2992 3459 3197 3522 ἐκεῖνος
3237 3457 3346 3512 τῶν
3389 3459 3508 3512 κατ’
3547 3456 3705 3510 αὑτὸν

429 3534 632 3624 supero
663 3569 802 3625 opus
835 3555 1148 3621 absolvens,
1173 3534 1634 3626 quemadmodum
1658 3556 2005 3626 insequentis

2112 3534 2450 3626 πραγμάτων
2479 3551 2936 3625 ἀντελαμϐάνετο.

429 3649 692 3719 temporis
732 3650 1049 3705 testimonio
1084 3649 1497 3720 comprobatum
1551 3655 1653 3704 est.
1691 3649 1830 3704 Cum
1898 3648 2042 3704 enim
2079 3649 2442 3718 gravissimus
2505 3647 2804 3720 aliquando
2867 3643 3076 3700 civitati
3121 3643 3333 3700 nostris
3369 3641 3706 3714 temporibus

431 3746 592 3795 terrae
620 3750 802 3798 motus
829 3743 1147 3808 accidisset,
1185 3751 1351 3815 atque
1411 3758 1606 3799 omnes
1649 3741 2044 3814 propemodum
2085 3740 2336 3798 funditus
2409 3742 2740 3813 periissent,
2769 3737 3026 3795 omnibus
3075 3746 3185 3791 tant
3231 3735 3496 3807 publicis,
3543 3748 3705 3806 quam

429 3829 661 3896 privatis
702 3831 949 3887 aediﬁciis
979 3833 1261 3902 collapsis,
1311 3833 1562 3903 disjectis
1605 3846 1669 3888 ac
1713 3833 1995 3893 desolatis,
2041 3831 2218 3887 solum
2258 3831 2390 3887 illud
2426 3832 2688 3902 templum
2728 3830 2960 3886 illaesum
3003 3837 3058 3884 et
3114 3827 3506 3883 inconcussum
3553 3843 3709 3883 man-

428 3919 525 3989 sit,
560 3931 621 3977 ut
653 3921 736 3977 vel
765 3937 862 3994 per
884 3922 989 3980 hoc
1013 3931 1216 3995 pateat,
1246 3939 1369 3980 cum
1397 3941 1504 3998 qua
1532 3927 1583 3982 vi
1615 3934 1778 3998 atque
1802 3925 2002 3981 virtute
2034 3939 2265 3996 magnus
2314 3925 2404 3980 ille
2439 3924 2523 3980 vir
2552 3939 2642 3980 res
2669 3939 2799 3981 suas
2848 3929 3164 3992 capesseret
3196 3929 3252 3977 et
3279 3919 3698 3993 aggrederetur.

497 4105 702 4165 Verum
731 4108 847 4165 haec
878 4109 1098 4180 quidem
1164 4109 1355 4166 multis
1399 4113 1746 4182 temporibus
1779 4120 1905 4184 post
1947 4113 2004 4168 in

428 4202 821 4258 testimonium
853 4201 978 4259 ﬁdei
1010 4203 1191 4275 magni
1215 4204 1376 4262 istius
1409 4205 1514 4261 viri
1539 4221 1571 4260 a
1599 4206 1785 4275 divina
1809 4215 2005 4278 poten-

419 4297 507 4350 tia
549 4295 834 4368 designala
883 4303 1034 4353 sunt.
1080 4295 1238 4353 Tunc
1274 4307 1457 4354 autem
1497 4315 1622 4356 cum
1668 4315 1861 4358 omnes
1896 4309 2005 4357 tam

428 4386 580 4444 illius
610 4388 762 4444 urbis
797 4389 1023 4456 incolae,
1069 4405 1234 4462 quam
1275 4390 1442 4447 vicini
1484 4392 1804 4462 apostolicis
1838 4393 2006 4446 mira-

2195 4109 2354 4165 Ἀλλά
2378 4107 2549 4164 ταῦτα
2583 4110 2681 4182 μὲν
2703 4109 2916 4175 πολλοῖς
2947 4109 3174 4182 ὓστερον
3201 4109 3412 4181 χρόνοις
3441 4109 3520 4171 είς
3555 4126 3709 4179 μαρ-

2111 4202 2302 4275 τυρίαν
2350 4204 2449 4275 τῆς
2495 4200 2591 4256 τοῦ
2647 4202 2884 4274 μεγάλου
2935 4202 3169 4266 πίστεως
3214 4200 3362 4272 παρὰ
3405 4200 3500 4270 τῆς
3545 4199 3704 4264 θείας
3789 4255 3806 4268 ,

2112 4295 2404 4368 ἀπεδείχθη
2440 4295 2738 4366 δυνάμεως.
2773 4295 2907 4348 Τότε
2935 4294 2992 4348 δὲ
3021 4296 3135 4357 τοῖς
3163 4292 3531 4356 ἀποστολικοίς
3564 4291 3704 4346 θαύ-

2116 4404 2249 4459 μασι
2277 4387 2384 4440 τῶν
2412 4403 2471 4440 τε
2500 4386 2641 4440 κατὰ
2671 4385 2769 4458 τὴν
2799 4385 2954 4439 πόλιν
2977 4385 3072 4440 καὶ
3100 4385 3201 4455 τὴν
3229 4385 3506 4456 περίοικον
3530 4383 3702 4438 ἁπάν-

433 4484 577 4541 culis
613 4484 976 4556 obstupefacti
1024 4494 1245 4552 essent,
1277 4497 1333 4541 et
1381 4487 1650 4559 quidquid
1691 4487 1760 4542 ab
1810 4501 1876 4542 eo
1920 4486 2005 4541 vel

2109 4493 2216 4531 των
2257 4476 2741 4549 ἐκπεπληγμένων,
2788 4477 2884 4530 καὶ
2934 4477 3042 4533 πᾶν
3075 4476 3135 4530 τὸ
3189 4475 3317 4547 παρ’
3351 4475 3516 4529 αὑτοῦ
3548 4475 3697 4543 λεγό-

428 4579 705 4635 diceretur
753 4579 838 4634 vel
873 4578 1046 4644 ﬁeret,
1100 4578 1292 4634 divina
1324 4579 1529 4636 virtute
1586 4587 1642 4636 et
1683 4579 1768 4651 agi
1812 4587 1865 4636 et
1899 4578 2008 4634 dici

429 4671 830 4728 credidissent:
877 4686 948 4728 ne
984 4671 1330 4727 saecularium
1365 4673 1586 4744 quidem
1622 4687 1687 4728 ac
1725 4680 2006 4741 tempora-

427 4763 563 4819 lium
611 4763 1118 4819 controversiarum
1178 4764 1328 4819 aliud
1373 4765 1543 4820 ullum
1585 4764 1855 4835 judicium
1901 4764 2005 4819 sibi

426 4854 604 4925 magis
640 4861 820 4909 ratum
875 4868 940 4911 ac
995 4854 1251 4924 ﬁrmum,
1309 4856 1606 4928 maiorisve
1657 4856 2007 4912 auctoritatis

427 4959 552 5001 esse
571 4947 853 5014 putabant,
885 4946 982 5004 sed
1015 4950 1196 5006 omnis
1213 4951 1447 5020 quaestio
1480 4949 1924 5019 disceptatioque
1953 4958 2008 5003 et

427 5038 612 5094 omnis
642 5037 932 5096 intricatus
973 5051 1026 5097 et
1073 5042 1350 5112 explicatu
1377 5041 1621 5098 difﬁcilis
1656 5042 2002 5114 negotiorum

427 5143 603 5187 nexus
651 5129 796 5186 illius
849 5133 1094 5190 consiliis
1127 5141 1181 5188 et
1235 5133 1705 5189 admonitionibus
1762 5133 2006 5189 resolve-

427 5223 592 5280 batur
612 5231 666 5280 et
697 5225 1077 5282 dirimebatur.
1129 5224 1290 5282 Unde
1316 5241 1441 5282 cum
1463 5226 1834 5282 communiter
1875 5226 2000 5281 uni-

428 5317 626 5382 versis,
673 5326 786 5374 tum
827 5318 1057 5390 singulis
1100 5319 1248 5375 illius
1293 5319 1562 5376 beneﬁcio
1603 5327 1714 5373 tam
1775 5318 2005 5389 aequitas

427 5408 688 5480 re'ctaque
737 5407 879 5479 juris
934 5409 1274 5476 constitutio,
1309 5425 1474 5480 quam
1522 5423 1628 5480 pax
1685 5417 1840 5464 erat:
1889 5422 2004 5462 ma-

427 5511 704 5569 gnumque
743 5500 1012 5555 bonorum
1050 5508 1164 5556 tum
1197 5501 1416 5572 publice
1450 5509 1566 5556 tum
1611 5501 1866 5572 privatim
1921 5500 2006 5554 in-

427 5599 791 5657 crementum,
829 5591 980 5647 nulla
1015 5593 1226 5648 malitia
1273 5595 1490 5650 nullavc
1523 5593 1715 5649 fraude
1757 5600 2001 5648 mutuam

335 5670 346 5678 ’
427 5680 775 5737 concordiam
828 5683 1209 5742 imminuente.
1251 5685 1506 5742 Forsitan
1529 5686 1733 5740 'autem
1770 5700 1880 5740 non
1923 5685 2004 5738 in-

433 5771 824 5859 tcmpcstivum
869 5775 1036 5835 fuerit
1097 5795 1265 5838 unum
1321 5778 1441 5849 ejus
1500 5778 1780 5838 decretum
1833 5786 2003 5850 atque

1795 6111 2030 6176 ις

2113 4569 2272 4638 μενόν
2324 4587 2384 4622 τε
2439 4569 2534 4624 καὶ
2586 4570 2886 4640 γινόμενον,
2933 4567 3053 4640 θείᾳ
3098 4567 3326 4638 δυνάμει
3367 4566 3695 4639 πράττεσθαί

2107 4679 2168 4715 τε
2196 4665 2290 4717 καί
2328 4663 2579 4733 λέγεσθαι
2621 4662 3084 4725 πεπιστευκότων,
3130 4660 3249 4715 οὑδὲ
3293 4660 3404 4714 τῶν
3437 4659 3691 4730 βιωτικῶν

2109 4755 2640 4828 ἀμφισϐητημάτων,
2687 4753 2815 4808 ἄλλο
2858 4771 2909 4808 τι
2960 4753 3307 4824 δικαστήριον
3348 4752 3516 4824 ᾣοντο
3560 4746 3686 4803 εἶναι

2107 4847 2290 4912 αὑτοῖς
2343 4847 2704 4919 κυριώτερον,
2760 4846 2898 4900 ἀλλά
2958 4848 3110 4900 πᾶσα
3163 4844 3346 4916 κρίσις
3404 4844 3498 4896 καλ⁸
3551 4843 3687 4894 πᾶσα

2102 4941 2532 5008 δυσδιεξόδευτος
2556 4940 2900 5012 πραγμάτων
2943 4939 3118 5010 πλοκὴ
3154 4942 3275 5001 ταῖς
3314 4935 3522 4990 ἐκείνου
3567 4950 3684 5002 συμ-

2107 5034 2347 5100 ϐουλίαις
2373 5032 2630 5088 διελύετο.
2667 5032 2830 5087 Ὅθεν
2858 5032 3084 5102 εὐνομία
3111 5031 3301 5084 ’τε-καὶ
3329 5030 3520 5100 είρήνη
3547 5024 3680 5092 κοινῇ

2105 5143 2165 5180 τε
2209 5125 2300 5179 καὶ
2341 5127 2474 5178 πᾶσι
2509 5125 2604 5178 καί
2644 5125 2758 5187 τοῖς
2799 5123 2920 5177 καθ’
2946 5122 3176 5176 ἕκαστον
3224 5120 3313 5173 διὰ
3353 5120 3454 5190 τῆς
3491 5115 3678 5170 ἐκείνου

2106 5219 2325 5291 χαρίτος
2357 5213 2447 5290 ἦν,
2485 5219 2581 5272 καὶ
2623 5217 2792 5289 πολλὴ
2836 5216 2944 5270 τῶν
2981 5214 3263 5284 ἀγαθῶνὴ
3300 5213 3557 5273 ἐπίδοσις,
3584 5207 3677 5276 ἰδίᾳ

2105 5330 2166 5365 τε
2210 5311 2505 5382 καὶκοινῇ,
2556 5311 2824 5384 μηδεμιᾶς
2865 5308 3066 5371 κακίας
3119 5308 3218 5379 τὴν
3256 5305 3394 5376 πρὸς
3437 5302 3679 5373 ἀλλήλους

2105 5405 2358 5476 ὁμόνοιαν
2389 5404 2807 5475 ἐπικοπτούσης.
2839 5403 2952 5456 Οὑκ
2977 5401 3206 5473 ἄκαιρον
3242 5399 3288 5452 δ’
3317 5398 3382 5451 ἂν
3418 5397 3544 5459 ἴσως
3583 5394 3675 5460 εἰη.

2111 5499 2238 5569 μιᾶς
2261 5495 2426 5550 αὑτοῦ
2457 5496 2685 5570 κρίσεως
2711 5496 2928 5568 μνήμην
2958 5489 3310 5563 ποιήσασθαι·
3340 5491 3416 5552 ὼς
3443 5489 3528 5553 ἂν,
3556 5485 3681 5540 κατά

2104 5590 2205 5661 τὴν
2239 5589 2555 5659 παροιμίαν,
2588 5589 2706 5642 ὅλον
2752 5589 2882 5658 ἡμῖν
2913 5586 3135 5655 γένηται
3171 5581 3479 5651 καταφανὲς
3509 5581 3570 5632 ὲκ
3598 5574 3679 5628 τοῦ

2107 5680 2412 5755 κρασπέδου
2445 5681 2504 5734 τὸ
2533 5678 2778 5751 ὕφασμα.
2812 5677 2919 5731 Καὶ
2953 5676 3062 5748 γὰρ
3093 5679 3126 5747 ἡ
3167 5675 3286 5728 θεία
3325 5673 3536 5744 Γραφὴ,
3561 5666 3682 5720 πελ-

2105 5775 2200 5841 λὰς
2246 5775 2336 5830 τοῦ
2374 5774 2714 5846 Σολομῶντος
2749 5771 2952 5844 κρίσεις
2995 5771 3106 5834 τοῖς
3155 5766 3415 5838 ὑπηκόοις
3448 5761 3686 5818 δικάσειν·
