4002 6206
365 295 476 356 925

1315 295 1402 352 DE
1435 295 1596 353 VITA
1637 295 1694 356 S.
1734 296 2064 360 GREGORII
2099 297 2634 360 THAUMATURGI.

3511 303 3618 372 99.5

362 435 478 483 τος,
508 414 752 488 ⁴Ιλρκέσθη
781 414 868 470 διὰ
922 417 1050 486 μιᾶς
1085 417 1262 472 πᾶσαν
1301 417 1394 473 τοῦ
1436 420 1624 492 ἀνδρὸς
1678 421 1944 494 παραστῆ·

2059 425 2383 480 sententiam
2421 437 2884 489 commemorare,
2931 431 3011 490 ut,
3043 422 3198 494 juxta
3232 420 3616 492 proverbium,

366 525 458 562 σαι
500 507 603 578 τὴν
651 505 885 559 σύνεσιν.
915 505 1042 560 Ὅτε
1093 508 1213 570 ταῖς
1266 506 1358 560 δύο
1410 509 1643 579 μητράσι
1696 506 1950 572 δικάζων,

363 598 555 670 ἐπειδὴ
599 597 983 664 ἀνεξέλεγκτον
1018 592 1086 668 ἦν
1130 597 1191 652 τὸ
1233 598 1475 669 ἀδίκημα
1499 640 1513 665 ,
1564 600 1706 652 κατὰ
1743 600 1803 652 τὸ
1838 600 1952 652 ἴσον

366 691 633 761 ἑκατέρας
665 689 868 752 αὐτῶν,
899 689 961 742 τὸ
1000 688 1100 759 μὲν
1140 688 1398 760 τεθνηκὸς
1439 689 1648 744 παιδίον
1690 690 1751 743 οὐ
1788 707 1953 760 προσ-

371 783 611 854 ιεμένης,
662 779 755 835 τοῦ
806 780 863 834 δὲ
915 781 1195 852 περιόντος
1250 781 1630 853 ἀντεχομένης,
1687 781 1829 851 ἔγνω
1883 783 1950 836 δι’

365 875 610 937 ἐπινοίας
677 871 987 945 ἀνιχνεῦσαι
1052 873 1150 944 τὴν
1217 875 1603 946 κεκρυμμένην
1671 873 1948 944 ἀλήθειαν.

377 967 598 1038 Ἐπειδὴ
627 967 735 1038 γάρ
764 966 1080 1038 ἀμάρτυρον
1111 962 1179 1038 ἦν
1206 967 1268 1020 τὸ
1315 967 1575 1038 ἀδίκημα,
1605 967 1698 1020 καὶ
1741 967 1950 1020 ἰσοστά-

366 1073 482 1119 σιος
525 1056 610 1125 ἐφ’
648 1055 922 1126 ἑκατέρων
961 1056 996 1126 ἦ
1027 1073 1084 1108 τε
1113 1055 1208 1109 τοῦ
1239 1056 1462 1126 ψεύδους
1503 1057 1597 1111 καί
1626 1059 1657 1128 ή
1689 1057 1790 1128 τῆς
1815 1057 1950 1129 ἀλη-

364 1145 518 1209 θείας
557 1145 800 1211 ὑπόνοια,
855 1144 954 1215 τὴν
1000 1144 1160 1214 φύσιν
1201 1146 1280 1208 είς
1339 1145 1637 1217 μαρτυρίαν
1684 1145 1784 1215 τῆς
1825 1144 1949 1216 ἀληο

366 1235 516 1300 θείας
566 1235 743 1306 ἑαυτῷ
788 1237 1203 1308 παρεστήσατο,
1265 1235 1351 1290 διὰ
1403 1236 1503 1306 τῆς
1555 1235 1949 1307 σεσοφισμένης

363 1327 595 1397 ἀπειλῆς
645 1327 739 1380 τὸν
796 1327 996 1379 σκοπὸν
1050 1327 1151 1395 τῆς
1201 1325 1434 1391 διανοίας
1484 1327 1944 1399 ἐπικρυψάμενος.

364 1415 685 1488 Προστάξας
709 1417 818 1489 γὰρ
845 1417 1005 1488 δῆθεν
1050 1416 1145 1470 τοῦ
1173 1434 1233 1470 τε
1277 1417 1556 1490 περιόντος
1592 1419 1687 1473 καὶ
1718 1419 1812 1471 τοῦ
1855 1435 1944 1472 τε·

363 1509 627 1581 θνηκότος
657 1509 718 1563 τὸ
757 1508 915 1580 σῶμα
945 1508 1089 1562 κατά
1115 1508 1176 1562 τὸ
1217 1509 1329 1563 ἴσον
1365 1509 1509 1579 ξίφει
1542 1509 1944 1580 διατμηθέντων

360 1600 698 1673 ἀμφοτέραις
729 1599 1173 1672 προσνεμηθῆναι
1213 1603 1282 1654 τὰ
1315 1600 1424 1653 τῶν
1455 1601 1657 1654 τέκνων
1684 1601 1941 1671 ἡμίτομα,

361 1693 648 1764 παρέδωκε
698 1696 764 1765 τῇ
809 1692 967 1764 φύσει
1020 1692 1120 1764 τῆς
1174 1691 1430 1765 ἀληθείας
1463 1691 1562 1764 τὴν
1615 1692 1792 1764 κρίσιν
1848 1691 1942 1746 τοῦ

361 1787 707 1856 πράγματος.
748 1785 836 1850 Ὦς
871 1786 980 1856 γὰρ
1028 1786 1061 1856 ἡ
1103 1785 1203 1856 μὲν
1252 1785 1502 1855 ἀσμένως
1544 1785 1606 1839 τὸ
1651 1801 1947 1857 προστετα-

359 1877 562 1948 γμένον
594 1877 832 1944 ἐδέξατο,
878 1877 972 1931 καὶ
1007 1877 1099 1932 τὸν
1129 1878 1319 1950 δήμιον
1349 1879 1608 1950 ἤπειγενο
1638 1879 1672 1948 ἡ
1716 1877 1774 1930 δὲ
1815 1895 1946 1948 συγ-

361 1967 646 2040 κινηθεῖσα
695 1970 808 2032 τοῖς
854 1967 1127 2040 μητρῲοις
1184 1967 1532 2038 σπλάγχνοις,
1577 1967 1840 2040 ἡττῆσθαι
1869 1968 1946 2022 δι-

357 2060 660 2130 ωμολόγει,
713 2059 1004 2130 φείσασθαι
1037 2058 1134 2114 τοῦ
1174 2059 1366 2114 τέκνου
1408 2058 1798 2130 παρακαλοῦσα
1829 2059 1947 2131 (χά-

361 2170 449 2224 ριν
479 2153 588 2224 γὰρ
616 2149 784 2224 εἶχεν,
813 2155 862 2207 εί
893 2151 1140 2207 ὁπωσοῦν
1176 2152 1237 2206 τὸ
1266 2152 1458 2224 νήπιον
1489 2152 1765 2222 σώζοιτο),
1789 2152 1948 2206 τοῦτο

357 2247 644 2317 κριτήριον
674 2247 773 2317 τῆς
817 2245 1073 2317 ἀληθείας
1115 2246 1145 2299 ό
1189 2243 1438 2314 βασιλεὺς
1471 2244 1853 2314 ποιησάμενος,
1878 2247 1943 2316 τῇ

355 2337 505 2391 κατὰ
535 2336 596 2391 τὸ
639 2336 879 2390 ἑκούσιον
920 2337 1019 2407 τὴν
1062 2335 1299 2390 νικῶσαν
1325 2335 1504 2405 ψῆφον
1531 2334 1830 2405 χαρίζεται,
1864 2335 1945 2388 λοο

353 2429 656 2498 γισάμενος
691 2430 772 2482 ὅτι
809 2429 842 2498 ή
880 2427 1172 2496 ἀφειδοῦσα
1215 2428 1316 2498 τῆς
1357 2426 1449 2480 τοῦ
1495 2428 1686 2480 τέκνου
1730 2427 1944 2496 σφαγῆς

355 2521 744 2590 κατηγορεῖται
777 2517 928 2589 παρὰ
971 2519 1072 2586 τῆς
1115 2516 1350 2586 φύσεως,
1403 2516 1497 2571 καὶ
1545 2516 1620 2580 ὡς
1664 2516 1765 2570 οὐκ
1808 2512 1944 2570 οὖσα

357 2612 545 2682 μήτηρ
572 2610 805 2676 ἑκείνου,
832 2603 893 2664 οῦ
921 2609 1235 2678 κατεπείγει
1262 2609 1352 2662 τὸν
1383 2607 1629 2663 θάνατον.
1666 2607 1801 2663 Τίνα
1832 2609 1945 2664 τοία

353 2719 454 2757 νυν
487 2702 578 2756 καὶ
607 2703 767 2774 ἡμεῖς
793 2701 974 2773 κρίσιν
1009 2700 1101 2754 τοῦ
1143 2699 1378 2771 μεγάλου
1411 2699 1710 2772 Γρηγορίου
1739 2685 1944 2773 διηγη-

357 2792 602 2864 σόμεθα;
637 2793 742 2846 Δύο
773 2792 917 2856 τινὲς
965 2792 1202 2862 ἀδελφοὶ,
1248 2791 1359 2844 νέοι
1393 2790 1493 2862 τὴν
1534 2791 1770 2862 ἠλικίαν,
1819 2791 1942 2863 ἄρτι

354 2885 450 2938 τὸν
496 2884 750 2956 πατρῷον
793 2885 852 2939 ἐν
902 2885 1113 2947 ἑαυτοῖς
1162 2883 1456 2954 διελόμενοι
1499 2882 1719 2954 κλῆρον,
1749 2882 1943 2954 λίμνης

353 2975 738 3031 ἀντεποιοῦντο
786 2975 932 3045 μιᾶς,
987 2975 1166 3028 πᾶσαν
1191 2973 1333 3043 ἔχειν
1363 2972 1788 3041 φιλονεικοῦντες
1817 2972 1945 3027 ἑκά-

352 3084 536 3139 τερος,
597 3067 690 3120 καὶ
736 3066 796 3120 οὐ
847 3066 1282 3138 παραδεχόμενος
1329 3066 1421 3119 τὸν
1482 3066 1640 3120 ἄλλον
1681 3070 1709 3121 ό
1758 3067 1942 3138 ἔτερος

353 3160 440 3222 είς
487 3158 770 3213 κοινωνίαν
803 3157 906 3228 τῆς
943 3159 1207 3228 κτήσεως.
1257 3157 1471 3212 Γίνεται
1519 3153 1610 3212 οὖν
1652 3159 1754 3229 τῆς
1789 3157 1942 3228 δίκης

354 3251 549 3322 κύριος
579 3254 607 3306 ό
632 3250 967 3314 διδάσκαλος.
999 3251 1110 3305 Καὶ
1137 3250 1278 3304 κατά
1318 3251 1410 3304 τὸν
1445 3251 1610 3303 τόπον
1635 3250 1943 3319 γενόμενος,

353 3345 474 3406 τοῖς
509 3342 655 3405 ἰδίοις
685 3341 847 3396 αὑτοῦ
893 3341 1078 3412 νόμοις
1121 3343 1386 3414 ἐκέχρητο
1424 3341 1559 3413 πρὸς
1585 3341 1681 3412 τὴν
1715 3341 1942 3406 δίαιταν,

355 3434 442 3498 είς
477 3433 820 3502 καταλλαγὰς
856 3434 1024 3503 ἄγων,
1054 3433 1146 3488 καὶ
1176 3434 1448 3504 συμϐῆναι
1501 3431 1830 3504 παρακαλῶν
1860 3431 1948 3486 διὰ

356 3523 542 3592 φιλίας
584 3522 709 3587 τοὺς
747 3523 918 3588 νέους,
962 3523 1054 3576 καὶ
1099 3523 1160 3576 τὸ
1191 3523 1290 3593 τῆς
1339 3523 1562 3594 εἰρήνης
1600 3522 1788 3592 κέρδος
1817 3541 1947 3595 προ-

353 3615 641 3686 τιμότερον
694 3614 802 3670 τῶν
859 3617 924 3668 ἑκ
965 3615 1064 3686 τῆς
1118 3614 1378 3687 προσόδου
1431 3613 1779 3686 ποιήσασθαι.
1832 3615 1945 3688 Τὴν

358 3703 462 3776 μὲν
487 3705 596 3777 γὰρ
624 3707 706 3770 είς
736 3706 823 3760 ἀεὶ
872 3706 1208 3777 παραμένειν
1255 3706 1346 3760 καὶ⁵
1379 3705 1512 3770 ζῶσι
1555 3707 1649 3760 καὶ
1693 3704 1946 3780 τελευτή-

357 3813 546 3864 σασιν·
585 3796 695 3850 τῶν
730 3797 788 3851 δὲ
821 3798 1152 3869 πρόσκαιρον
1185 3798 1283 3869 μὲν
1320 3799 1422 3870 τήν
1457 3799 1777 3863 ἀπόλαυσιν,
1806 3800 1942 3854 αίω-

354 3889 477 3944 νίαν
505 3889 561 3944 δὲ
590 3892 654 3961 τῇ
699 3890 790 3943 ἑπὶ
825 3891 924 3962 τὴν
960 3890 1142 3963 ἀδικίᾳ
1175 3889 1494 3962 κατάκρισιν
1536 3890 1669 3962 ἔχει,
1710 3892 1802 3945 καὶ
1842 3891 1942 3946 ὅσα

353 3981 508 4045 είκὺς
526 3976 594 4052 ἦν
623 3982 830 4036 ἐκεῖνον
859 3981 1058 4050 λέγειν,
1097 3980 1527 4036 καταστέλλοντα
1567 3981 1628 4053 τὸ
1669 3981 1938 4038 ἀτακτοῦν

349 4077 458 4144 τῆς
491 4075 760 4146 νεότητος.

2057 522 2206 569 totus
2236 530 2453 583 pannus
2483 530 2547 570 ac
2576 516 2684 570 tela
2710 531 2740 569 a
2776 515 2936 570 nobis
2960 531 3028 570 ex
3063 513 3277 568 limbria
3317 527 3619 582 cognosca-

2055 615 2164 660 tur.
2195 604 2406 660 Etenim
2439 620 2562 660 cum
2605 606 2804 660 multas
2835 605 3178 660 subditorum
3209 602 3619 658 controversias

2055 695 2316 753 Solomon
2369 699 2608 753 decretis
2658 698 2774 753 suis
2825 705 2880 753 et
2942 697 3228 753 sententiis
3278 695 3620 766 interpositis

2053 791 2389 856 diremisset,
2415 806 2510 861 per
2544 806 2712 844 unum
2739 790 3006 844 duntaxat
3035 789 3156 858 ejus
3179 787 3455 842 decretum
3479 787 3618 842 satis

2052 882 2244 936 habuit
2275 895 2494 936 omnem
2544 881 2646 936 viri
2703 881 3046 951 prudentiam
3106 879 3397 934 ostendere
3433 878 3618 931 divina

2053 972 2362 1043 Scriptura.
2420 973 2557 1028 Cum
2610 973 2752 1026 inter
2815 973 2954 1027 duas
3014 981 3219 1027 matres
3259 969 3351 1040 jus
3403 970 3616 1033 dicens,

2049 1063 2493 1135 quandoquidem
2551 1065 2752 1134 injuria
2802 1073 2964 1134 atque
3023 1063 3344 1133 improbitas
3401 1062 3618 1131 probari

2048 1163 2216 1225 atque
2239 1155 2488 1210 convinci
2514 1170 2624 1208 non
2653 1162 2885 1224 poterat,
2917 1162 3149 1222 utraque
3196 1166 3384 1205 earum
3415 1151 3621 1219 pariter

2046 1257 2326 1305 mortuum
2354 1247 2575 1318 quidem
2599 1244 2862 1300 infantem
2916 1251 3230 1306 aversante,
3267 1241 3618 1311 superstitem

2048 1355 2176 1395 vero
2207 1339 2559 1404 vindicante;
2585 1336 2807 1392 solertia
2835 1334 3069 1405 quadam
3090 1348 3151 1387 ac
3183 1329 3335 1399 vafro
3363 1330 3615 1391 consilio,

2045 1433 2308 1487 latentem
2348 1430 2637 1485 veritatem
2695 1429 2886 1483 statuit
2934 1425 3288 1494 investigare.
3346 1421 3615 1488 Quoniam

2045 1523 2192 1578 enim
2240 1523 2474 1579 testibus
2511 1521 2838 1590 improbitas
2880 1527 2932 1574 et
2973 1518 3218 1587 nequitia
3258 1515 3501 1578 carebat,
3553 1527 3618 1568 ac

2045 1628 2146 1685 par
2169 1615 2425 1684 utrinque
2445 1623 2558 1666 tam
2588 1611 2879 1674 mendacii,
2908 1623 3071 1679 quant
3097 1607 3346 1663 veritatis
3374 1602 3618 1674 suspicio

2046 1714 2207 1762 erat:
2242 1714 2495 1760 naturam
2526 1704 2631 1759 sibi
2677 1704 2731 1758 in
2768 1701 3141 1756 testimonium
3173 1698 3420 1754 veritatis
3461 1696 3617 1751 adhi-

2050 1794 2188 1860 buit,
2220 1809 2318 1864 per
2357 1793 2647 1848 simulatas
2676 1799 2730 1848 ct
2776 1791 2934 1847 ﬁctas
2967 1791 3146 1845 minas
3172 1787 3304 1859 quid
3345 1795 3530 1858 ageret
3563 1793 3618 1841 et

2049 1885 2105 1940 in
2129 1884 2313 1938 animo
2342 1884 2569 1938 haberet
2595 1882 2906 1938 occultans.
2939 1881 3078 1936 Cum
3113 1880 3259 1935 enim
3295 1877 3455 1948 quasi
3493 1876 3616 1945 jus-

2047 1977 2236 2041 sisset,
2293 1982 2356 2031 ut
2413 1984 2525 2030 tam
2576 1973 2914 2044 superstitis,
2973 1986 3137 2043 quam
3203 1969 3404 2024 mortui
3435 1965 3618 2037 gladio

2047 2067 2334 2138 aequaliter
2364 2064 3001 2134 dissectorumjutrique
3029 2061 3292 2116 darentur
3323 2057 3619 2114 dimidiatae

2047 2159 2283 2215 filiorum
2313 2168 2518 2229 partes,
2548 2157 2628 2213 rei
2656 2155 2906 2212 veritatis
2930 2153 3204 2226 judicium
3242 2159 3454 2206 naturae
3496 2164 3620 2219 per-

2047 2250 2215 2305 misit.
2242 2248 2315 2305 Ut
2340 2250 2486 2304 enim
2519 2265 2628 2304 una
2666 2249 2886 2321 quidem
2923 2249 3158 2304 libenter
3189 2247 3242 2306 id
3272 2245 3417 2316 quod
3450 2244 3621 2313 impe-

2046 2349 2225 2395 ratum
2245 2340 2798 2409 erat,accipiebat,et
2824 2338 3138 2395 carniﬁcem
3167 2337 3418 2408 urgebat,
3448 2336 3618 2390 altera

2043 2446 2174 2490 vero
2187 2432 2446 2489 maternis
2458 2431 2760 2490 visceribus
2780 2439 3050 2487 commota
3069 2444 3128 2485 se
3143 2429 3341 2483 victam
3359 2441 3480 2482 esse
3491 2437 3620 2481 con-

2043 2523 2295 2587 cedebat,
2328 2536 2531 2593 rogans
2559 2529 2619 2577 ut
2647 2520 2759 2576 lilio
2781 2528 3102 2590 parceretur
3129 2519 3148 2588 (
3173 2517 3402 2589 gratiam
3466 2517 3615 2571 enim

2043 2630 2169 2673 sese
2196 2613 2508 2669 habituram
2559 2626 2682 2668 esse
2703 2609 2904 2675 aiebat,
2933 2611 2982 2664 si
3020 2608 3217 2680 quovis
3246 2606 3408 2662 modo
3433 2604 3617 2660 infans

2044 2704 2379 2776 servaretur)
2406 2717 2424 2758 :
2447 2703 2552 2758 hoc
2581 2702 2873 2758 arbitrium
2909 2701 3158 2757 veritatis
3188 2715 3284 2755 rex
3309 2713 3432 2754 esse
3460 2714 3617 2770 repu-

2043 2807 2171 2854 tans
2199 2796 2270 2861 ei,
2312 2810 2436 2868 quae
2481 2801 2680 2866 sponte
2727 2809 2828 2852 stta
2868 2792 3255 2849 succumberet
3286 2798 3341 2847 et
3379 2788 3524 2844 vinci
3557 2803 3618 2844 se

2043 2896 2350 2960 pateretur,
2399 2886 2731 2944 sententiam
2780 2884 3067 2942 victricem
3121 2883 3375 2954 largitur,
3416 2881 3614 2936 existi-

2044 2995 2204 3037 mans
2230 2979 2378 3051 quod
2415 2994 2503 3044 ea,
2540 2991 2664 3050 qua:
2693 2991 2804 3033 non
2855 2983 3076 3032 curaret
3113 2973 3286 3028 (ilium
3327 2970 3614 3035 trucidari,

2045 3087 2077 3128 a
2128 3079 2324 3128 natura
2359 3077 2707 3141 argueretur,
2742 3066 2891 3139 quod
2933 3081 3040 3122 non
3071 3073 3216 3121 esset
3265 3069 3444 3117 mater
3472 3061 3617 3131 ejus,

2048 3163 2216 3234 cujus
2260 3177 2452 3218 necem
2510 3161 2762 3232 urgebat.
2819 3158 2995 3224 Quam
3048 3157 3216 3228 igitur
3268 3169 3369 3209 nos
3421 3161 3616 3208 contra

2041 3254 2227 3324 magni
2255 3251 2505 3323 Gregorii
2528 3265 2712 3306 causa:
2739 3249 3108 3319 cognitionem
3141 3254 3306 3316 atque
3335 3243 3613 3300 decretum

2041 3344 2435 3402 narrabimus?
2478 3342 2596 3397 Duo
2644 3340 2866 3412 quidam
2925 3340 3124 3395 fratres
3159 3345 3318 3393 actate
3359 3337 3620 3408 juvenes,

2041 3437 2136 3507 qui
2171 3446 2458 3505 paternam
2490 3432 2865 3488 hereditatem
2914 3446 3092 3500 nuper
3137 3429 3282 3485 inter
3313 3443 3438 3485 sese
3474 3427 3617 3484 divi—

2042 3529 2276 3595 sissent,
2310 3526 2493 3582 laeum
2535 3538 2706 3580 unum
2743 3521 3133 3584 vindicabant,
3164 3529 3340 3575 totum
3389 3527 3616 3589 uterque

2047 3618 2253 3675 habere
2277 3615 2716 3674 contendentes:
2750 3623 2806 3670 et
2837 3624 3033 3670 neuter
3079 3614 3310 3668 alterum
3342 3613 3396 3666 in
3433 3609 3614 3666 socie-

2043 3719 2212 3768 tatem
2256 3709 2631 3782 possessionis
2677 3708 3022 3764 admittebat.
3066 3704 3412 3761 Permittitur
3448 3702 3617 3773 igitur

2043 3803 2311 3873 magistro
2339 3801 2486 3856 litem
2521 3798 2816 3856 dirimendi
2848 3797 3021 3853 libera
3046 3805 3316 3867 potestas.
3351 3793 3455 3860 Qui
3487 3806 3613 3846 cum

2044 3895 2111 3950 ad
2180 3895 2362 3950 locum
2418 3891 2509 3964 (de
2559 3907 2669 3962 quo
2719 3889 3096 3947 controversia
3150 3887 3290 3959 erat)
3337 3885 3613 3947 venisset,

2045 3987 2164 4045 suis
2234 3985 2410 4056 ipsius
2471 3983 2685 4054 legibus
2709 3981 2959 4038 utebatur
3006 3980 3073 4036 ad
3112 3980 3422 4040 arbitrium,
3467 3974 3614 4046 quod

2042 4085 2350 4150 receperat,
2405 4075 2852 4147 disceptandum,
2919 4074 3425 4130 reconciliationem
3488 4082 3615 4124 sua-

354 4165 516 4238 dens,
549 4173 606 4222 et
638 4174 698 4221 ut
728 4166 905 4221 amice
946 4165 1090 4222 inter
1119 4180 1180 4220 se
1215 4165 1639 4231 concordarent,
1675 4173 1729 4222 et
1771 4169 1925 4239 pacis
1968 4171 2181 4228 lucrum
2222 4169 2420 4240 pluris,
2454 4183 2620 4239 quam
2661 4166 2716 4222 id
2759 4167 2907 4237 quod
2974 4182 3039 4221 ex
3115 4162 3474 4234 proventibus
3521 4172 3615 4212 ca-

356 4267 574 4328 perent,
609 4260 973 4328 aestimarent,
1023 4259 1404 4316 adolescentes
1456 4261 1774 4318 adhortans.
1800 4262 1935 4320 Nam
1973 4281 2165 4337 pacem
2196 4265 2415 4336 quidem
2475 4263 2528 4317 in
2590 4273 2913 4333 perpetuum
2943 4268 2998 4315 et
3031 4257 3345 4312 viventibus
3371 4261 3427 4306 et
3470 4267 3618 4306 mor-

358 4353 470 4408 tuis
503 4367 864 4422 permanere;
896 4354 1176 4410 redituum
1212 4370 1346 4411 vero
1375 4358 1775 4428 temporarium
1842 4361 2064 4430 quidem
2131 4377 2258 4417 esse
2302 4358 2674 4420 usufructum,
2749 4362 3007 4410 aeternam
3047 4365 3175 4406 vero
3239 4348 3309 4403 ob
3360 4345 3613 4416 injuriaut

354 4443 893 4512 condemnationem,
923 4454 979 4502 et
1011 4462 1354 4518 quzecunque
1380 4465 1481 4519 par
1551 4458 1669 4506 erat
1730 4451 1887 4507 illum
1953 4454 2141 4511 dicere
2189 4455 2577 4526 reprimentem
2626 4457 2682 4505 ct
2761 4446 3111 4504 cohibentem
3161 4440 3513 4499 insolentiam
3561 4442 3620 4489 et

355 4533 770 4597 immoderatam
810 4537 1168 4608 cupiditatem
1194 4540 1526 4610 juventutis.

437 4709 592 4763 Ἐπεὶ
621 4708 680 4762 δὲ
714 4709 994 4780 ἄπρακτος
1019 4707 1088 4784 ἦν
1115 4713 1149 4782 ἡ
1185 4712 1545 4784 παράκλησις,
1576 4715 1669 4767 καὶ
1692 4717 1726 4786 ή
1753 4714 1940 4786 νεότης

2119 4714 2228 4772 Sed
2275 4723 2635 4786 posteaquam
2693 4710 3007 4765 adhortatio
3049 4708 3295 4764 incﬂicax
3355 4711 3514 4769 erat,
3562 4711 3620 4757 et

355 4800 748 4872 trpléypatvsv,
799 4803 894 4856 καὶ
945 4805 1025 4867 είς
1078 4803 1248 4873 θυμὸν
1303 4802 1576 4868 ἐξεκαίετο
1624 4805 1826 4859 πλείονι
1879 4808 1941 4877 τῇ

2046 4809 2311 4880 juventus
2339 4807 2608 4863 aestuabat
2630 4811 2685 4858 et
2720 4801 3190 4866 inﬂammabatur,
3220 4813 3285 4852 ac
3335 4812 3432 4869 spe
3475 4795 3616 4850 lucri

353 4892 533 4946 ἑλπίδι
556 4891 650 4946 τοῦ
679 4891 905 4964 κέρδους
947 4894 1402 4966 περιοιδαίνουσα,
1427 4895 1522 4948 καὶ
1562 4896 1787 4967 στρατὸς
1815 4897 1944 4950 ἑκα-

2046 4900 2422 4955 intumescens
2474 4895 2671 4964 majori
2733 4892 3016 4948 iracundia
3088 4889 3502 4952 exardescebat,
3562 4897 3618 4942 et

353 4983 593 5055 τέρωθεν
618 4985 682 5037 ἑκ
717 4983 826 5038 τῶν
855 4985 1179 5058 ὑποχειρίων
1211 4987 1672 5058 παρεσκευάζετο,
1701 4987 1944 5058 πολυχει-

2046 4991 2322 5047 exercitus
2350 4987 2609 5056 utrinque
2630 5001 2695 5040 ex
2731 4983 2970 5040 subditis
2993 4981 3306 5052 parabatur,
3328 4987 3383 5037 et
3421 4995 3626 5035 manus.

357 5075 450 5146 ρία
482 5075 699 5144 φονῶσα
723 5075 878 5147 θυμῷ
923 5078 1019 5132 καὶ
1057 5078 1270 5151 νεότητι
1331 5078 1800 5150 στρατηγουμένη,
1851 5082 1944 5133 καὶ

353 5168 558 5238 ὥριστο
587 5168 686 5239 τῆς
716 5168 1032 5240 συμπλοκῆς
1069 5171 1098 5223 ὁ
1129 5169 1319 5240 καιρός
1337 5186 1352 5202 ο
1393 5169 1690 5240 μελλούσης
1717 5170 1774 5223 δὲ
1802 5171 1942 5225 κατά

355 5261 458 5331 τὴν
496 5262 786 5331 ὑστεραίαν
817 5262 918 5333 τῆς
970 5262 1148 5332 μάχης
1203 5262 1262 5326 ἑξ
1304 5261 1579 5333 ἑκατέρων
1635 5264 1941 5334 συῤῥήγνυ-

360 5352 506 5415 σθαι,
538 5354 880 5425 παραμείνας
907 5357 1027 5418 ταῖς
1064 5353 1248 5425 ὄχθαις
1275 5353 1375 5424 τῆς
1405 5353 1598 5424 λίμνης
1629 5353 1658 5405 ὁ
1683 5353 1776 5408 τοῦ
1803 5353 1938 5409 Θεοῦ

357 5443 662 5516 ἄνθρωπος,
703 5448 797 5500 καὶ
843 5448 1278 5519 διακαρτερήσας
1321 5450 1376 5501 ὲν
1413 5449 1686 5520 ἀγρυπνίᾳ
1727 5450 1826 5519 τὴν
1856 5450 1941 5504 Vti-

357 5553 481 5600 κτα,
527 5538 828 5609 Μωσαῖκήν
875 5556 992 5592 τινα
1022 5538 1464 5610 θαυματουργίαν
1497 5542 1590 5596 ἐπὶ
1619 5541 1714 5595 τοῦ
1748 5541 1938 5605 ὓδατος

356 5627 585 5694 ἔδειξεν·
628 5629 691 5684 οὐ
743 5630 923 5702 πληγῇ
975 5631 1171 5702 ῥάϐδου
1203 5633 1337 5704 πρὸς
1389 5633 1483 5686 δύο
1536 5634 1800 5705 τμήματα
1850 5633 1940 5687 τὸν

360 5719 526 5792 βυθὸν
551 5721 850 5794 διασχίσας,
878 5723 992 5777 ἀλλ’
1015 5724 1147 5796 εὐχῇ
1173 5727 1351 5781 πᾶσαν
1380 5725 1548 5796 abripi
1580 5724 1788 5796 ἁθρόως
1817 5726 1944 5780 ἀπο·

2045 5083 2211 5139 caedis
2240 5080 2398 5136 avida
2428 5079 2615 5134 furore
2652 5086 2819 5148 atque
2845 5076 3140 5147 juventute
3171 5074 3408 5131 ducibus
3455 5080 3626 5126 utens.

2045 5170 2451 5234 instruebatur,
2519 5177 2844 5239 tempusque
2898 5166 3194 5222 conﬂictus
3247 5164 3612 5234 praestitutum

2044 5273 2163 5320 erat
2187 5281 2202 5318 :
2228 5263 2406 5333 pridie
2432 5262 2554 5332 ejus
2589 5261 2720 5325 diei,
2749 5276 2858 5332 quo
2883 5259 3136 5330 prmlium
3168 5258 3423 5326 utrinque
3465 5269 3618 5309 coma

2044 5357 2372 5413 mittendum
2412 5353 2613 5421 fuerat,
2654 5369 2780 5408 eum
2814 5353 2978 5408 homo
3014 5351 3107 5407 Dei
3153 5351 3220 5405 ad
3251 5350 3396 5419 ripas
3437 5347 3623 5418 stagni

2046 5448 2466 5517 permansisset,
2499 5453 2828 5515 noctemque
2854 5444 3259 5516 pervigilasset,
3289 5440 3616 5496 miraculum

2046 5541 2320 5611 quoddam
2369 5539 2668 5603 Mosaieum
2721 5537 2890 5594 edidit
2942 5537 2995 5592 in
3037 5551 3198 5607 aqua,
3248 5549 3354 5588 nou
3391 5547 3614 5603 percus-

2043 5633 2202 5689 sione
2233 5632 2399 5704 virga:
2431 5633 2484 5687 in
2537 5631 2677 5687 duas
2725 5640 2906 5700 partes
2944 5627 3276 5700 profundmn
3324 5625 3611 5689 diducens,

2047 5725 2143 5782 sed
2201 5741 2413 5783 omnem
2455 5740 2579 5783 cum
2631 5724 2808 5780 lacum
2857 5723 2910 5776 in
2979 5720 3238 5779 incultam
3291 5724 3346 5776 ct
3403 5724 3613 5775 vastam
