4002 6206
496 316 598 372 927

495 520 708 575 aridum
743 531 797 578 et
829 525 1077 586 humoris
1117 543 1414 604 expertem,
1464 539 1600 594 adeo
1644 551 1702 596 ιιι
1733 559 1804 599 ne
1838 547 1891 600 in
1929 562 2064 602 cona

495 611 646 664 cavis
669 614 891 682 quidem
919 618 1054 675 locis
1085 623 1297 694 aliquas
1327 629 1589 699 reliquias
1623 647 1778 703 aqum
1813 636 2059 707 haberet,

492 701 748 769 qui.ante
779 721 972 775 preces
1005 711 1156 768 fusas
1183 717 1357 786 pelagi
1408 721 1586 775 instar
1610 731 1930 787 exundaret.
1963 732 2063 786 At-

489 809 597 862 que
630 796 723 850 ille
751 799 972 868 quidem
1005 805 1188 859 divina
1211 809 1262 861 vi
1292 810 1397 864 hoc
1443 812 1768 884 interposito
1815 821 2055 889 decreto,

489 900 686 941 rursus
720 903 779 943 se
811 891 1033 947 domum
1066 897 1384 966 recipiebat.
1433 901 1894 968 Adolescentibus
1929 931 2057 970 vero

484 1261 548 1299 ac
579 1263 777 1305 rursus
811 1265 1004 1308 natura
1033 1274 1153 1314 sese
1183 1261 1236 1315 in
1273 1263 1536 1323 fratribus
1569 1276 1828 1330 ostendit.
1876 1280 2052 1350 Atque

478 1339 642 1392 etiam
696 1359 842 1398 nunc
893 1347 1080 1403 videre
1130 1352 1259 1407 licet
1311 1356 1510 1413 divina:
1558 1363 1708 1420 illius
1764 1375 2051 1430 sententia:

477 1416 752 1484 evidentia
789 1433 965 1502 signa.
1000 1436 1132 1492 Nam
1170 1443 1409 1514 undique
1431 1450 1638 1507 circum
1661 1456 1814 1510 illum
1848 1460 2046 1528 locum,

475 1518 569 1587 qui
607 1523 883 1589 quondam
929 1527 1082 1584 lacus
1137 1544 1275 1598 erat,
1336 1539 1564 1610 vestigia
1599 1547 1848 1615 quaedam
1893 1518 2048 1623 aquae

474 1610 772 1670 alluvionis
795 1624 850 1671 et
880 1618 1259 1682 inundationis
1273 1629 1621 1690 adhucetiam
1642 1655 1788 1697 nunc
1805 1655 2040 1703 exstant.

471 1701 748 1774 Quidquid
784 1719 964 1766 autem
1000 1722 1130 1771 tunc
1161 1720 1508 1780 submersum
1552 1740 1668 1785 erat
1703 1741 1756 1787 et
1787 1735 1840 1789 in
1875 1737 2043 1795 fundo

469 1807 646 1863 aqua),
691 1807 860 1854 totum
897 1805 1178 1863 redactum
1211 1823 1295 1868 est
1352 1816 1405 1869 in
1439 1834 1681 1889 nemora,
1731 1825 1849 1881 loca
1885 1829 2042 1887 habi-

439 1893 602 1949 .tata,
651 1900 807 1958 prata
844 1903 898 1949 et
932 1911 1100 1957 arva.
1151 1900 1264 1957 Hoc
1309 1905 1601 1976 judicium,
1652 1919 1783 1985 quin
1832 1922 2039 1989 primas

464 1979 669 2040 teneat,
709 1995 776 2034 ne
802 1983 1010 2039 clarum
1043 1990 1260 2057 quidem
1291 1996 1442 2051 illum
1475 2001 1653 2070 ipsum
1688 2006 2036 2068 Solomoncm

463 2063 664 2131 opinor
711 2076 1144 2132 controversiam
1200 2097 1322 2139 esse
1362 2087 1653 2147 facturum.
1715 2097 1853 2163 Quid
1888 2104 2033 2158 enim

461 2161 672 2208 tantum
703 2159 769 2212 ad
816 2162 1072 2220 virtutem
1125 2169 1288 2228 habet
1341 2185 1622 2249 momenti,
1677 2202 2035 2250 conservasse

461 2258 629 2298 unum
666 2247 930 2308 infantem
957 2257 1024 2311 ad
1072 2259 1238 2316 ubera
1271 2265 1502 2325 duarum
1550 2277 1860 2348 mulierum,
1893 2300 2031 2354 qua-

459 2344 580 2385 rum
614 2345 840 2408 utraque
881 2357 939 2397 se
981 2357 1206 2405 matrem
1247 2369 1371 2412 esse
1416 2366 1789 2436 contenderet,
1849 2375 2031 2432 adhuc

456 2420 781 2492 lactentem,
804 2435 890 2486 cui
927 2436 995 2490 ad
1019 2441 1253 2497 salutem
1290 2463 1518 2515 prorsus
1550 2457 1684 2511 nihil
1715 2459 2023 2531 interesset,

455 2521 638 2570 utrum
663 2533 692 2572 a
733 2533 925 2591 matre,
964 2543 1034 2584 an
1066 2533 1134 2587 ab
1167 2535 1336 2592 altera
1372 2543 1476 2597 sibi
1527 2547 1784 2606 alimenta
1831 2571 2026 2624 procu-

453 2617 711 2664 rarentur
731 2629 744 2666 :
767 2625 1031 2683 quantum
1054 2622 1271 2683 duobus
1292 2629 1733 2696 adolescentibus
1767 2645 2025 2706 tribuisse

450 2694 685 2753 salutem
715 2742 730 2767 ,
780 2707 873 2774 qui
923 2725 1069 2767 nunc
1107 2714 1422 2792 (primum)
1473 2726 1541 2779 ad
1585 2734 1801 2802 negotia
1835 2740 2022 2794 saeculi

448 2793 830 2869 progressiﬁn
865 2800 1052 2872 vigore
1071 2806 1378 2874 juventutis
1422 2817 1570 2873 circa
1616 2793 1794 2892 ipsum
1843 2832 2020 2888 astatis

446 2877 661 2948 ﬂorem,
692 2885 770 2939 ira
804 2890 1124 2952 stimulante
1155 2913 1252 2955 eos
1279 2904 1346 2958 ad
1369 2915 1612 2964 mutuam
1645 2914 1865 2980 caedem,
1892 2934 2016 2976 cum

446 2971 587 3027 alter
643 2975 699 3030 in
753 2979 982 3040 alterius
1041 2990 1341 3056 perniciem
1415 3014 1612 3059 manus
1673 3021 2013 3082 armassent,

438 3623 674 3674 conatus
727 3620 796 3674 ad
847 3623 901 3679 id
947 3642 1114 3684 unum
1166 3636 1488 3704 spectabat,
1538 3649 1599 3696 ut
1663 3644 2007 3708 adversarios

437 3714 614 3761 morte
653 3708 928 3768 alliceret?
960 3716 1063 3784 Qui
1095 3721 1262 3792 igitur
1305 3726 1420 3797 jam
1472 3731 1749 3791 decretam
1797 3753 1828 3793 a
1877 3744 2004 3798 mali

435 3794 584 3850 illius
637 3805 884 3867 praetoris
939 3812 1179 3868 concilio
1233 3815 1498 3878 adversus
1532 3839 1641 3881 eos
1666 3831 2001 3889 mortiferam

434 3888 760 3944 sententiam
793 3908 890 3962 per
914 3912 1105 3966 preces
1137 3906 1386 3974 rescidit,
1423 3920 1478 3967 et
1514 3925 1760 3974 naturam
1809 3939 2002 3982 rursus

431 3987 618 4030 secum
658 3985 1054 4054 reconciliavit,
1079 3999 1134 4047 et
1167 3995 1334 4053 caedis
1359 4002 1601 4060 studium
1633 4009 1688 4064 in
1720 4013 2000 4081 paciﬁcam

431 4065 675 4126 laetitiam
707 4082 1016 4139 convertit:
1045 4096 1254 4157 quanto
1284 4095 1461 4166 magis
1501 4098 1549 4154 is
1589 4065 1737 4171 jure.
1759 4107 2000 4164 admira-

426 4160 581 4219 tione
605 4166 804 4238 diguus
833 4175 1053 4234 nomine
1089 4160 1423 4252 cognitionis
1480 4198 1536 4246 et
1563 4160 1769 4250 decreti
1824 4200 1997 4258 videri

425 4249 609 4318 debet,
635 4273 800 4326 quam
854 4263 924 4329 is,
959 4268 1050 4337 qui
1097 4249 1462 4334 meretriculae
1515 4249 1767 4340 fraudem

423 4340 660 4400 hendit?
687 4348 822 4406 Nam
857 4358 1005 4426 quod
1040 4360 1094 4416 in
1131 4377 1274 4434 aqua
1301 4368 1504 4425 editum
1535 4340 1988 4449 estmiraculum,

421 4447 530 4502 qua
564 4439 779 4498 ratione
816 4459 1040 4517 repente
1087 4454 1145 4508 in
1187 4463 1391 4515 terram
1443 4463 1708 4523 incultam
1756 4487 1822 4527 ea
1868 4491 1991 4545 qua:

418 4526 744 4598 navigabilis
787 4547 935 4594 esset
977 4549 1378 4619 transmutata,
1424 4554 1579 4612 lacus
1632 4560 1689 4614 in
1737 4578 1989 4635 campum

425 4613 548 4635 LA,
869 4629 883 4635 -

417 4613 736 4686 depressum
789 4629 1046 4688 redactus
1077 4635 1152 4689 sit
1187 4655 1203 4694 :

414 4705 509 4771 sit,
544 4716 604 4762 ut
639 4709 853 4772 fructus
885 4720 1197 4792 producat,
1259 4727 1315 4783 id

485 4889 628 4954 Quid
653 4898 800 4953 enim
841 4902 1117 4972 ejusmodi
1147 4910 1444 4973 didicimus
1483 4919 1539 4974 in
1570 4920 1639 4979 iis
1677 4925 1986 4994 miraculis,

413 4997 535 5052 quae
564 4986 761 5048 litteris
799 4999 1057 5055 mandata
1111 5011 1276 5075 atque
1311 5013 1612 5082 perscripta
1647 5026 1793 5084 sunt,
1839 5022 1987 5090 quod

409 5074 542 5130 huic
570 5089 938 5152 comparando
981 5106 1082 5162 par
1113 5074 1229 5151 ﬁeri
1283 5074 1498 5168 possit?
1524 5074 1793 5164 inhibuit
1822 5074 1986 5170 Iesus

410 5168 558 5227 ﬁlius
593 5173 742 5231 Nave
774 5194 998 5237 cursum
1026 5184 1267 5244 ﬂuminis
1297 5187 1579 5262 Iordanis,
1609 5199 1705 5254 sed
1739 5168 1984 5271 quandiu

410 5273 539 5316 arca
564 5274 682 5320 erat
722 5269 778 5324 in
807 5286 970 5343 aqua.
1004 5275 1384 5350 Transgresso
1417 5292 1598 5354 autem
1643 5293 1868 5361 populo,
1899 5305 1981 5349 at-

408 5366 514 5421 que
557 5371 682 5412 arca
729 5364 1000 5432 traducta,
1033 5369 1271 5427 reddidit
1318 5390 1514 5431 rursus
1557 5381 1705 5435 amni
1755 5399 1976 5441 cursum

408 5457 753 5508 consuetum.
788 5455 942 5525 Aqua
988 5462 1227 5519 nudatur
1271 5468 1327 5522 in
1388 5473 1511 5526 sinu
1572 5470 1761 5530 Rubro
1799 5479 1977 5534 solum

409 5538 680 5601 profundo
713 5546 1038 5618 subjectum,
1071 5555 1139 5610 ad
1173 5565 1468 5632 utrumque
1519 5564 1663 5621 latus
1696 5582 1727 5621 a
1779 5569 1975 5638 spiritu

413 5627 552 5679 mari
578 5634 830 5692 submoto
861 5657 876 5707 ;
915 5643 1010 5699 sed
1042 5627 1392 5704 miraculum-
1421 5655 1690 5725 tantisper
1715 5657 1972 5726 durabat,

412 5713 542 5772 dum
577 5727 871 5798 exercitus,
920 5736 1014 5803 qui
1054 5739 1108 5794 in
1142 5739 1415 5807 profundo
1461 5761 1556 5815 per
1587 5747 1794 5803 aridam
1840 5751 1972 5821 ibat,

1774 337 1832 393 S.
1864 336 2186 396 GREGORII
2225 342 2515 404 NYSSENI

498 438 704 484 terram
734 430 988 503 redigens
1011 438 1388 499 continentem
1425 444 1666 502 diluculo
1694 453 1961 519 ostendit,
2011 478 2016 505 ‹

2122 460 2472 531 ιχερσώσας,
2520 465 2745 539 ἤπειρον
2795 468 2993 536 ἔδειξεν

1243 4640 1371 4696 item
1419 4661 1528 4716 quo
1571 4660 1734 4720 pacto
1783 4654 1839 4709 id
1886 4658 2032 4727 quod
2071 4640 2178 4730 pro
2198 4640 2343 4720 mari
2381 4668 2458 4722 illi

3644 362 3737 421 9‘28

3040 471 3114 542 τῷ
3154 473 3338 545 ὄρθρῳ
3382 474 3481 548 τὴν
3531 478 3736 551 λίμνην,

2168 550 2336 623 ξηράν
2374 572 2432 607 τε
2465 558 2560 610 καὶ
2589 557 2818 630 ἀνικμον
2836 603 2850 628 ,
2884 561 2962 627 ὡς
2991 564 3123 634 μηδὲ
3152 567 3206 619 ὲν
3230 569 3346 630 τοῖς
3375 569 3577 633 κοίλοις
3595 550 3741 642 ἔχειν

2163 658 2215 693 ἰι
2246 643 2337 695 τοῦ
2371 645 2558 710 ὓδατος
2592 648 2860 718 λείψανον,
2903 651 3002 724 τὴν
3048 655 3153 724 πρὸ
3190 657 3290 726 τῆς
3322 657 3488 728 εὐχῆς
3534 660 3744 730 πελαγί·

2162 731 2378 796 ζουσαν.
2418 737 2528 791 Καὶ
2568 741 2596 792 ὁ
2633 741 2732 808 μὲν
2777 742 2948 797 ταῦτα
2984 748 3050 816 τῇ
3097 745 3216 818 θεία
3239 749 3458 820 δυνάμει
3489 751 3738 817 δικάσας,

2161 825 2321 879 πάλιν
2350 827 2486 898 πρὸς
2513 830 2705 912 ἑαυτὸν
2737 833 3031 906 ἀνεχώρει·
3064 840 3178 902 τοῖς
3205 839 3262 893 δὲ
3292 840 3426 906 νέοις
3469 845 3501 914 ἡ
3534 845 3602 897 ἐκ
3639 846 3742 898 τῶν

2158 915 2335 986 ἔργων
2368 905 2644 988 ἀπόφασις
2690 925 2788 994 τὴν
2833 905 3160 996 φιλονεικίαν
3202 905 3451 988 διέλυσεν.
3634 939 3741 1009 γὰρ

1993 1008 2051 1060 ἱι.
2155 1006 2307 1072 ὄντος
2333 1011 2426 1064 τοῦ
2461 1013 2603 1085 ὑπὲρ
2621 1010 2681 1069 οὗ
2717 1020 2827 1071 τῶν
2866 1022 2986 1073 κατ’
3017 1021 3257 1094 ἀλλήλων
3295 1027 3549 1098 ἐξήρτυον
3571 1006 3742 1082 πὼ-

2159 1114 2278 1167 μον,
2308 1102 2494 1174 εἰρήνη
2524 1105 2616 1157 τὸν
2655 1105 2826 1178 θυμὸν
2871 1110 3160 1180 διεδέξατο,
3208 1117 3301 1168 καὶ
3349 1119 3507 1172 πάλιν
3542 1120 3738 1192 ἑαυτὴν

2034 1229 2050 1254 ,
2153 1191 2211 1245 ἐν
2239 1194 2352 1256 τοῖς
2394 1196 2638 1267 ἀδελφοῖς
2684 1201 2717 1271 ἡ
2767 1200 2929 1270 φύσις
2975 1205 3258 1277 ἐγνώρισε.
3316 1212 3424 1263 Καὶ
3463 1212 3558 1265 νῦν
3591 1191 3736 1268 ἔστιν

2155 1283 2282 1338 ίδεῖν
2338 1290 2435 1358 τῆς
2478 1288 2626 1354 θείας
2673 1293 2888 1364 ἐκείνης
2929 1295 3253 1365 ἀποφάσεως
3289 1303 3492 1373 ἐναργῆ
3537 1305 3606 1357 τὰ
3641 1323 3736 1377 613--

2153 1379 2298 1445 μεῖα.
2331 1378 2531 1451 Κύκλῳ
2555 1383 2662 1454 γὰρ
2692 1384 2792 1455 τῆς
2823 1403 2951 1439 ποτε
2979 1387 3176 1459 λίμνης
3215 1391 3332 1462 ῖχνη
3361 1394 3481 1446 τινὰ
3511 1395 3615 1464 τῆς
3639 1399 3731 1451 τοῦ

2150 1465 2338 1532 ὓδατος
2375 1471 2712 1538 ὲπικλύσεως
2759 1478 2840 1540 είς
2885 1478 2968 1531 ἔτι
3018 1481 3112 1533 καὶ
3151 1482 3246 1536 νῦν
3283 1483 3624 1549 διασώζεται.
3660 1489 3733 1542 Τδ

2146 1557 2192 1610 δ’
2218 1560 2340 1613 ὅσον
2367 1561 2549 1632 βύθιον
2593 1561 2661 1636 ἦν
2693 1567 2813 1621 τότε
2846 1571 2940 1622 καὶ
2979 1573 3037 1624 ὲν
3083 1573 3161 1644 τῷ
3213 1576 3443 1646 πυθμένι
3479 1578 3577 1630 τοῦ
3612 1579 3734 1633 ὖδαο

2144 1667 2256 1717 τος,
2297 1653 2442 1708 ἅπαν
2480 1660 2884 1733 μετεσκευάσθη
2919 1665 2998 1726 είς
3047 1662 3204 1733 ἄλση,
3248 1669 3341 1721 καὶ
3379 1667 3594 1738 οἴκησιν
3635 1687 3731 1724 και

2147 1741 2447 1812 λειμῶνας,
2479 1747 2573 1800 καὶ
2602 1747 2808 1819 ἄροσιν.
2843 1752 3058 1824 Ταύτης
3100 1751 3251 1826 οἴμαι
3291 1759 3389 1824 τῆς
3419 1759 3576 1831 δίκης
3606 1763 3732 1834 μηδ’

2149 1833 2215 1887 ἂν
2272 1835 2430 1890 αὑτὸν
2483 1840 2686 1894 ἐκεῖνον
2731 1842 2819 1896 τὸν
2865 1844 3164 1916 ὀνομαστὸν
3213 1849 3567 1920 Σολομῶντα,
3618 1855 3728 1909 τῶν

2139 1927 2420 1994 πρωτείων
2453 1930 2881 2004 ἀμφισϐητῆσαι.
2930 1937 2995 1988 Τί
3037 1938 3144 2010 γὰρ
3185 1941 3435 1996 τοσοῦτον
3469 1946 3549 2009 είς
3593 1949 3722 2018 ἁρε-

2136 2013 2253 2084 τὴν,
2290 2017 2569 2073 ἀποσῶσαι
2615 2023 2677 2074 τὸ
2717 2023 2827 2077 τῶν
2858 2027 3126 2099 μητρῴων
3159 2030 3251 2083 δύο
3295 2033 3482 2102 μαζῶν
3525 2013 3720 2106 βρέξρος

2135 2105 2525 2178 ὲνυπομάζιον,
2569 2103 2615 2180 ᾧ
2662 2114 2722 2167 τὸ
2774 2114 2886 2170 ἴσον
2933 2114 3000 2189 ἦν
3048 2121 3265 2186 πάντως
3305 2124 3383 2188 εἰς
3423 2103 3711 2198 σωτηρίαν,

2132 2198 2240 2249 εἴτε
2267 2200 2418 2270 παρὰ
2452 2201 2550 2273 τῆς
2573 2207 3000 2278 γεννησαμένης,
3032 2212 3140 2264 εἴτε
3172 2213 3265 2266 καὶ
3299 2215 3447 2284 παρὰ
3475 2217 3574 2287 τῆς
3608 2219 3715 2271 ὲτέο

2132 2305 2234 2360 ρας
2284 2292 2461 2362 ἑαυτῷ
2517 2293 2585 2347 τὰ
2638 2297 2738 2366 τῆς
2779 2298 3087 2371 ἀνατροφῆς
3131 2305 3568 2378 ἐσπουδάζετο,ἢ
3621 2309 3712 2362 δύο

2129 2380 2343 2444 νεανίας
2386 2381 2680 2453 βραϐεῦσαι
2717 2386 2816 2457 τὴν
2859 2391 3166 2460 σωτηρίως
3195 2392 3245 2445 οἳ
3274 2393 3370 2446 νῦν
3411 2397 3503 2448 ἐπὶ
3528 2397 3593 2449 τὰ
3616 2397 3708 2450 τοῦ

2129 2467 2243 2538 βίου
2274 2472 2571 2543 πράγματα
2605 2477 2982 2548 παρελθόντες,
3016 2481 3074 2534 ὲν
3119 2484 3270 2556 ἀκμῇ
3304 2486 3403 2557 τῆς
3437 2487 3701 2558 νεότητος.

2125 2563 2244 2613 κατ’
2279 2562 2408 2616 αὐτὸ
2449 2566 2547 2636 τῆς
2580 2566 2794 2637 ἡλικίας
2830 2569 2890 2623 τὺ
2933 2571 3093 2635 ἀνθος
3121 2573 3216 2627 τοῦ
3259 2576 3429 2647 θυμοῦ
3455 2578 3587 2649 πρὸς
3613 2579 3703 2633 τὸν

2124 2653 2244 2719 κατ’
2271 2655 2512 2727 ἀλλήλων
2553 2659 2711 2728 φόνον
2761 2660 2940 2727 αὐτοῖς
2995 2668 3298 2738 παροιστρή
3309 2685 3518 2734 σαντος,
3548 2670 3706 2741 ἔμελ-

2121 2743 2214 2798 λον
2254 2745 2432 2818 θέαμα
2479 2749 2675 2821 πικρὸν
2722 2754 2834 2816 τοῖς
2870 2753 2991 2808 τότε
3039 2757 3161 2827 μετ’
3187 2757 3367 2827 ὀλίγον
3397 2760 3705 2859 ἐπιδειχθήῖ

2106 2836 2347 2904 ’σεσθαι,
2395 2841 2516 2894 κατ’
2560 2841 2804 2914 ἀλλήλων
2849 2845 2950 2911 τὰς
2991 2851 3178 2920 χεῖρας
3227 2851 3565 2917 ὁπλίσαντες,
3614 2855 3683 2924 ἐφ

2117 2925 2192 2984 ὧν
2221 2929 2378 2995 ἐλπὶς
2427 2928 2517 3004 ῆν,
2559 2933 2591 3005 ἦ
2637 2935 2979 3009 ἀμφοτέρους
3018 2940 3112 2992 ὑπ’
3143 2941 3385 3012 ἀλλήλων
3425 2943 3703 3017 φθαρήσε-

2107 3565 2289 3636 ψῆφον
2314 3569 2401 3624 διὰ
2441 3573 2541 3644 τῆς
2567 3575 2732 3646 εὐχῆς
2770 3577 3060 3646 ἀναλύσας,
3088 3581 3184 3635 καὶ
3211 3583 3309 3655 τὴν
3339 3586 3504 3656 φύσιν
3533 3589 3693 3642 πάλιν

2108 3659 2245 3729 πρὸς
2273 3662 2467 3733 ἑαυτὴν
2493 3666 2847 3734 καταλλάξας,
2879 3672 2972 3726 καὶ
3021 3676 3336 3743 μεταϐαλὼν
3383 3680 3464 3742 είς
3491 3683 3693 3752 είρηνι-

2106 3749 2208 3813 κάς
2229 3752 2562 3823 εὐφροσύνας
2587 3758 2687 3828 τὴν
2716 3763 2844 3832 περὶ
2873 3765 2998 3829 τοὺς
3028 3767 3217 3835 φόνους
3246 3770 3484 3841 σπουδήν
3503 3789 3517 3802 ο
3541 3749 3689 3844 eadem

2108 3842 2303 3912 μᾶλλον
2333 3847 2554 3912 είκότως
2584 3850 2678 3904 ἐπὶ
2709 3855 2772 3924 τῇ
2805 3856 2985 3926 κρίσει
3027 3859 3364 3930 θαυμάζοιτο
3409 3865 3568 3934 παρὰ
3597 3842 3692 3920 τὸν

2100 3935 2199 4006 τὴν
2250 3941 2580 4010 κακουργίαν
2629 3945 2730 4016 τῆς
2767 3947 3033 4020 ὲταιρίδος
3069 3955 3434 4024 φωράσαντας
3475 3957 3549 4009 Τὸ
3577 3959 3691 4030 γὰρ

2099 4024 2194 4078 ἐπὶ
2221 4027 2297 4097 τῷ
2340 4028 2492 4084 ὕδατι
2522 4033 2741 4105 θαῦμα,
2792 4040 2908 4105 πῶς
2947 4042 3160 4114 ἀθρόως
3197 4046 3278 4108 εἰς
3322 4046 3517 4118 χέρσον
3555 4024 3691 4118 μξετξ.

2097 4119 2397 4191 εσκευάσθη
2429 4123 2490 4176 τὸ
2522 4124 2784 4198 πλώϊμον,
2825 4133 2920 4186 καὶ
2956 4134 3136 4188 πεδίον
3164 4136 3395 4205 ἐγένετο,
3428 4141 3519 4192 καὶ
3565 4143 3687 4194 κοῖ-

2096 4203 2185 4259 λον
2232 4209 2265 4278 ὴ
2310 4208 2471 4281 λίμνη
2498 4251 2512 4276 ,
2549 4217 2645 4268 καὶ
2691 4218 2809 4284 πῶς
2857 4223 2889 4292 ὴ
2934 4222 3054 4276 ἀντὶ
3110 4203 3384 4297 θαλάσσης
3425 4224 3554 4282 οὖσα
3598 4232 3685 4302 τῷ

2093 4295 2244 4368 τόπῳ
2279 4299 2338 4352 τὸ
2369 4301 2649 4375 πρότερον,
2684 4307 2778 4362 νῦν
2812 4313 2947 4381 πρὸς
2987 4316 3214 4384 καρπῶν
3261 4295 3432 4370 ἄνεισι
3470 4295 3681 4390 φορὰν,

2091 4389 2249 4444 τοῦτο
2272 4395 2428 4464 σιγᾷν
2452 4392 2602 4466 οἶμαι
2631 4400 2809 4463 καλῶς
2835 4401 2976 4472 ἔχειν
3003 4406 3222 4474 μᾶλλον,
3253 4408 3286 4480 ἢ
3317 4389 3573 4475 διεξιέναι
3603 4413 3683 4484 τῷ

2022 4459 2066 4514 D
2094 4479 2255 4551 λόγῳ,
2444 4459 2723 4563 δυναμένῳ
2772 4459 2894 4547 ιιατ,ξ
2937 4459 3093 4561 ἀξίαν
3139 4459 3541 4572 συνεπαρθῆναι
3599 4459 3683 4576 τιῖρ

2094 4569 2253 4644 διηγή
2263 4591 2414 4645 ματι.

2521 4671 2645 4727 loco
2679 4674 2832 4744 prius
2877 4688 3044 4744 esset,
3084 4697 3232 4737 nunc
3275 4699 3342 4739 eo
3387 4685 3675 4741 redactum

1367 4738 1552 4791 tacere
1591 4745 1756 4810 atque
1799 4743 2021 4802 silentio
2060 4753 2339 4818 praeterire
2393 4761 2705 4818 consultius
2768 4780 2892 4822 esse
2939 4778 3109 4838 puto,
3192 4789 3356 4843 quam
3410 4779 3675 4850 persequi

1665 4799 1680 4810 .
1950 4799 2012 4802 ην
2060 4799 2244 4818 ,ν-π-ν-
2259 4799 2338 4810 --υ
2395 4799 2705 4818 υνιισυιιιυδ
2768 4799 2892 4822 ῠδδῦ
2940 4799 3071 4838 μυιυ
3095 4811 3109 4836 ,

299 4801 302 4805 ’
405 4799 688 4868 oratione,
729 4820 850 4876 qua:
878 4825 939 4867 se
965 4828 1074 4870 una
1097 4831 1220 4873 cum
1251 4819 1516 4893 dignitate
1543 4837 1598 4884 et
1625 4833 1978 4902 amplitudine
2019 4839 2098 4894 rei
2126 4857 2248 4911 quae
2278 4856 2560 4914 narretur,
2589 4853 2800 4924 erigere
2821 4870 2928 4910 non
2967 4861 3158 4926 possit.

485 4889 625 4926 l‘ll:ll
653 4898 798 4926 An:m
844 4902 1049 4926 -ε---...-
1072 4908 1114 4926 j!
1165 4910 1200 4926 ν
1223 4911 1258 4926 ιι
1303 4915 1313 4925 .
1485 4919 1496 4926 -
1571 4920 1605 4926 --
1740 4925 1745 4926 γ

2160 4935 2226 4988 Τί
2259 4936 2367 5009 γὰρ
2395 4942 2633 4998 τοιοῦτον
2666 4946 2725 4999 ἐν
2762 4951 2877 5012 τοῖς
2903 4951 3274 5022 ἀναγράπτοις
3297 4956 3540 5028 θαύμασι
3571 4980 3675 5033 με-

2093 5022 2435 5098 μαθήκαμεν,
2479 5030 2554 5094 ὡς
2578 5032 2835 5090 δύνασθαι
2869 5040 2951 5102 είς
2996 5039 3110 5094 ἴσον
3156 5043 3330 5098 ἐλθεῖν
3361 5022 3537 5120 τούτῳ
3571 5022 3670 5108 διὰ

2089 5117 2461 5186 συγκρίσεωςς
2481 5121 2746 5192 Ἕστησεν
2767 5129 2796 5180 ὁ
2820 5129 2914 5181 τοῦ
2934 5127 3085 5202 Ναυὴ
3103 5133 3310 5203 Ἰησοῦς
3327 5138 3391 5190 τὸ
3416 5117 3518 5193 τοῦ
3533 5141 3669 5214 Ἰορ-

2085 5201 2242 5258 δάνου
2290 5208 2502 5280 ῥεῖθρον
2526 5227 2539 5241 ·
2583 5213 2700 5268 ἀλλ’
2731 5216 2837 5282 ἕως
2871 5223 2901 5283 ή
2935 5201 3257 5298 κιϐωτδςῖῆν
3285 5231 3343 5282 ὲν
3372 5230 3452 5301 τῷ
3481 5201 3662 5290 ὕδατι.

2087 5293 2486 5365 Περαιωθέντος
2509 5301 2566 5355 δὲ
2587 5305 2680 5358 τοῦ
2697 5305 2826 5361 λαοῦ
2845 5312 2938 5365 καὶ
2951 5315 3050 5384 τῆς
3071 5293 3306 5370 κιϐωτοῦ
3321 5293 3661 5395 διελθούσης,

2084 5385 2331 5442 ἀπέδωκε
2379 5392 2540 5447 πάλιν
2579 5396 2657 5467 τῷ
2703 5400 2903 5474 ῥείθρῳ
2952 5405 3012 5458 τὸ
3053 5407 3302 5480 σύνηθες.
3349 5385 3661 5481 ruma-Aa;

2085 5478 2177 5532 τοῦ
2208 5479 2398 5548 ὓδατος
2445 5487 2502 5539 ὲν
2543 5489 2621 5558 τῷ
2665 5492 2968 5567 Ἐρυθραίῳ
3000 5478 3226 5569 πελάγει
3265 5502 3328 5556 τὸ
3360 5478 3456 5557 τοῦ
3492 5506 3656 5575 βυθοῦ

2086 5567 2461 5642 ὑποκείμενον,
2487 5577 2833 5654 ἀπωσθείσης
2867 5587 2972 5640 ὑπὸ
3000 5590 3094 5643 τοῦ
3125 5567 3436 5663 πνεύματος
3470 5567 3560 5650 ἐπὶ
3585 5597 3654 5651 τὰ

2087 5661 2290 5730 πλάγια
2308 5665 2407 5735 τῆς
2430 5667 2722 5743 θαλάσσης*
2744 5675 2880 5729 ἀλλά
2910 5681 2938 5731 ὁ
2967 5681 3154 5751 χρόνος
3173 5661 3389 5739 τοῦθαύ
3397 5704 3563 5757 ματος
3580 5683 3651 5761 ἦν

2089 5753 2121 5822 ἡ
2150 5753 2242 5808 τοῦ
2272 5758 2500 5827 στρατοῦ
2528 5762 2787 5834 πάροδος,
2844 5769 2876 5839 ἡ
2923 5769 3008 5823 διὰ
3055 5772 3148 5826 τοῦ
3190 5773 3356 5846 ξηροῦ
3387 5753 3526 5831 τιατά
3555 5753 3654 5835 τάν
