4002 6206
381 247 498 305 929

1373 240 1461 298 DE
1504 241 1666 299 VITA
1695 239 1757 298 S.
1788 240 2120 299 GREGORII
2161 243 2694 307 TIIAUMATURGI.

3551 263 3654 321 930

385 362 551 438 βυθὸν
573 360 864 433 γενομένη.
889 357 1044 414 Μετὰ
1075 357 1307 413 τοῦτοδέ
1335 359 1500 414 πάλιν
1529 361 1627 430 μία
1655 360 1749 414 τοῦ
1782 360 1932 414 ῦδατη

2035 392 2048 425 ι
2076 365 2503 435 traduceretur;
2533 379 2720 438 postea
2748 382 2878 425 vero
2908 385 3106 428 rursus
3139 386 3248 426 una
3284 387 3440 445 aqua:
3485 374 3655 437 facies

384 456 422 526 ἠ
463 452 752 520 ἐπιφάνεια
777 451 1024 519 γίνεται·
1078 451 1172 502 καὶ
1219 448 1281 502 τὸ
1317 449 1453 520 πρὸς
1485 450 1664 518 ὀλίγον
1700 449 1966 522 διαιρεθὲν

387 542 746 613 συνεκλύσθη.
785 540 1053 594 Ἐνταῦθα
1086 541 1142 593 δέ
1173 540 1232 592 τὸ
1259 539 1406 604 ἅπαξ
1434 540 1724 612 γενόμενον
1754 541 1966 612 ἔμεινεν

381 630 494 688 οἷον
522 633 758 701 ἐγένετο,
784 632 858 695 ὼς
893 632 966 702 μὴ
993 629 1334 684 ἀπιστεῖσθαι
1362 629 1438 700 τῷ
1467 631 1643 701 χρόνῳ
1669 631 1728 684 τὸ
1758 631 1960 702 θαῦμα,

380 725 474 779 διὰ
493 726 598 778 τῶν
638 723 980 793 φαινομένων
1021 724 1100 785 είς
1129 722 1188 774 τὸ
1214 722 1463 792 διηνεκὲς
1493 721 1960 793 μαρτυρούμενον.

382 819 466 871 Τὰ
505 818 602 888 μὲν
632 817 696 886 δὴ
730 816 869 868 κατὰ
899 815 997 885 τὴν
1020 815 1214 886 λίμνην
1241 814 1513 885 λεγόμενά
1539 831 1598 867 τε
1624 815 1718 869 καὶ
1749 815 1962 869 δεικνύ-

382 926 522 980 μενα
558 909 747 962 τοῦτον
778 907 892 978 ἔχει
921 907 1012 960 τὸν
1037 907 1257 978 τρόπον.
1286 907 1511 978 Ἕτερον
1538 906 1595 960 δὲ
1639 906 1776 976 μετὰ
1802 907 1962 960 τοῦτο

379 997 564 1069 θαῦμα
591 995 830 1050 τοιοῦτον
866 995 994 1067 παρ’
1025 994 1190 1049 αὑτοῦ
1235 994 1508 1049 δείκνυταί
1539 1012 1598 1047 τε
1626 996 1719 1049 καὶ
1751 1012 1960 1066 μνημοο

376 1089 614 1142 νεύεται.
645 1087 894 1156 Ποταμός
921 1104 1005 1149 τις
1031 1085 1161 1157 παρ’
1193 1086 1375 1150 αὑτοῖς
1403 1087 1616 1159 διαρρεῖ
1641 1087 1730 1140 τὸν
1758 1086 1955 1158 χῶρον,

373 1181 526 1251 αύτῷ
562 1178 638 1250 τῷ
671 1179 892 1248 ὀνόματι
924 1178 985 1231 τὸ
1014 1179 1186 1248 τραχὺ
1230 1179 1324 1232 καὶ
1347 1179 1623 1250 ἀνήμερον
1659 1179 1957 1250 ἐπισημαί-

371 1290 480 1325 νων
500 1271 593 1324 τοῦ
614 1271 882 1342 ῥεύματος
907 1285 920 1297 ·
945 1267 1120 1332 Λύκος
1139 1269 1268 1340 γὰρ,
1289 1269 1374 1323 διὰ
1397 1270 1456 1322 τὺ
1475 1270 1767 1340 βλαπτικὸν
1793 1267 1950 1334 εἶναι,

371 1361 527 1431 παρὰ
545 1362 649 1414 τῶν
672 1358 1109 1432 προσοικούντων
1133 1361 1549 1431 ἐπονομάζεται.
1581 1361 1768 1426 Οῦτως
1787 1362 1953 1426 πολὺς

365 1454 476 1524 ,μὲν
514 1455 608 1507 καλ⁵
634 1456 696 1506 ἐκ
727 1453 836 1505 τῶν
867 1453 1056 1523 πηγῶν
1091 1454 1458 1523 καταφέρεται
1495 1454 1595 1524 τῆς
1639 1455 1948 1525 Ἀρμενίας,

368 1546 470 1616 τῆς
495 1545 676 1616 χώρας
704 1544 852 1614 αύτῷ
879 1545 964 1597 διὰ
987 1542 1094 1596 τῶν
1122 1545 1532 1617 ὑπερκειμένων
1561 1545 1702 1617 ὀρῶν
1731 1545 1949 1615 δαψιλὲς

370 1633 807 1704 ὲπιχορηγούσης
839 1632 899 1686 τὸ
926 1632 1167 1704 ῥεῖθρον.⁴
1223 1633 1414 1695 Κοῖλος
1450 1633 1506 1686 δὲ
1537 1635 1810 1704 πανταχοῦ
1850 1636 1950 1699 τὰς

2074 457 2348 525 apparuit,
2381 469 2546 528 atque
2570 474 2634 514 ea
2663 476 2788 530 qua:
2812 461 2879 515 ad
2903 463 3159 533 exiguum
3189 472 3404 536 tempus
3430 467 3655 526 diducta

2072 547 2277 616 fuerat,
2328 565 2524 606 rursus
2573 560 2859 607 contracta
2915 562 3078 625 atque
3124 559 3354 612 confusa
3404 567 3506 614 est.
3553 560 3654 617 Hic

2071 655 2202 694 vero
2232 642 2378 710 quod
2412 643 2582 699 semel
2613 645 2912 710 acciderat,
2953 647 3118 702 sicuti
3152 647 3358 703 factum
3408 661 3544 715 erat,
3575 654 3650 710 ita

2070 737 2296 797 mansit,
2333 736 2470 790 adeo
2519 744 2675 792 utne
2714 738 2848 792 ﬁdes
2893 739 3116 808 quidem
3158 745 3442 813 miraculo,
3503 751 3649 819 quod

2069 825 2250 880 sancti
2287 826 2436 882 illius
2470 843 2696 898 precum
2729 828 2968 884 ellieaeia
2996 831 3200 887 editum
3235 845 3342 902 est,
3370 839 3649 894 diuturni-

2065 921 2180 971 tate
2212 917 2477 988 lemporis
2505 919 2759 990 abrogari
2794 923 3007 992 possit:
3039 925 3241 995 quippe
3275 929 3429 997 signa
3477 946 3648 1001 appa-

2067 1008 2246 1062 rentia
2280 1024 2394 1064 rem
2427 1017 2636 1080 gestam
2679 1011 2733 1065 in
2765 1023 3094 1082 perpetuum
3140 1027 3434 1074 testantur.
3471 1023 3648 1092 Atque

2064 1116 2128 1156 ea
2158 1116 2282 1171 quae
2313 1103 2381 1158 de
2413 1103 2532 1157 lacu
2560 1103 2778 1173 quidem
2810 1113 2865 1160 et
2892 1107 3154 1162 dicuntur
3181 1120 3233 1163 et
3255 1112 3642 1182 ostenduntur,

2064 1192 2134 1247 ita
2178 1208 2237 1248 se
2273 1193 2500 1248 habent.
2531 1195 2778 1249 Alterum
2811 1211 2940 1250 vero
2981 1201 3283 1254 secundum
3344 1202 3448 1257 hoc
3481 1206 3639 1260 mira-

2061 1286 2244 1339 culum
2277 1285 2550 1354 ejusmodi
2579 1288 2648 1340 ah
2675 1302 2741 1341 eo
2774 1287 2982 1342 factum
3018 1297 3072 1344 et
3108 1293 3420 1348 ostenditur
3449 1307 3501 1350 et
3531 1314 3643 1352 me-

2059 1385 2330 1433 moratur.
2363 1379 2551 1434 Amnis
2577 1379 2800 1449 quidam
2824 1397 2922 1452 per
2943 1384 3223 1452 regionem
3255 1387 3474 1441 illorum
3501 1389 3637 1455 ﬂuit,

2061 1467 2182 1538 ipso
2215 1469 2438 1524 nomine
2474 1471 2834 1540 asperitatem
2873 1481 2928 1527 et
2963 1475 3368 1532 inclementiam
3399 1479 3639 1536 numinis

2057 1573 2168 1628 prae
2199 1574 2258 1614 se
2300 1558 2510 1624 ferens;
2541 1561 2718 1626 Λύκος
2743 1564 2910 1629 enim,
2943 1566 2996 1619 id
3031 1574 3134 1632 est,
3179 1570 3360 1637 lupus,
3396 1585 3461 1626 eo
3491 1575 3638 1642 quod

2057 1651 2258 1706 noxius
2299 1667 2420 1706 esse
2460 1653 2658 1717 soleat,
2694 1654 2762 1708 ab
2794 1657 3000 1711 accolis
3040 1662 3484 1728 cognominatur.
3536 1663 3636 1718 Hie

367 1723 650 1796 ὑπωρείας
679 1723 784 1776 τῶν
817 1722 1076 1794 κρημνῶν
1107 1723 1390 1794 ὑπορρέων
1425 1725 1560 1777 πολὺ
1598 1725 1799 1794 μᾶλλον
1828 1729 1932 1788 ταῖς

2055 1743 2316 1810 copiosus
2346 1745 2567 1814 quidem
2613 1753 2668 1800 et
2698 1747 2996 1804 vehemens
3049 1753 3212 1805 etiam
3266 1770 3329 1809 ex
3389 1756 3633 1814 fontibus

360 1813 674 1885 χειμερίαις
700 1813 1001 1885 χαράδραις
1025 1813 1481 1885 ἀποτραχύνεται,
1512 1815 1692 1879 πάσας
1715 1818 1794 1879 είς
1817 1818 1946 1869 ἐαυ·

363 1903 458 1956 τὸν
485 1903 582 1967 τὰς
615 1908 679 1957 ἐκ
702 1903 809 1956 τῶν
839 1903 982 1975 ὁρῶν
1012 1905 1270 1976 συρῤοίας
1301 1904 1717 1976 ὑπολαμϐάνων.
1779 1906 1866 1957 Ἐν
1890 1906 1947 1960 δὲ

363 1995 444 2066 τῷ
489 1994 664 2066 ὑπτίῳ
703 1996 803 2065 τῆς
827 1993 1010 2066 χώρας
1030 2035 1045 2059 ,
1091 1996 1156 2048 δι’
1198 1991 1266 2068 ἧς
1293 1996 1623 2067 διεξέρχεται
1644 2038 1658 2062 ,
1691 1998 1946 2062 πολλάκις

362 2091 483 2150 ταῖς
516 2087 856 2157 ἑκατέρωθεν
885 2089 1112 2158 κρηπῖσι
1154 2087 1654 2160 στενοχωρούμενος
1673 2129 1687 2151 ,
1723 2089 1865 2144 κατά
1892 2107 1945 2142 τι

367 2180 534 2252 μέρος
560 2180 876 2250 ὑπερχεῖται
904 2179 1003 2248 τῆς
1038 2177 1223 2248 ὄχθης,
1250 2177 1390 2231 κατὰ
1418 2178 1479 2231 τὸ
1505 2178 1754 2248 πλάγιον,
1795 2179 1944 2232 ἇπαν

356 2269 672 2334 ⁴ἐπικλύζων
699 2267 776 2340 τῷ
807 2266 1008 2340 ῥείθρῳ
1053 2267 1114 2320 τὸ
1146 2268 1544 2340 ὑπερκείμενον
1564 2287 1578 2302 ο
1633 2269 1775 2323 ὥστε
1814 2285 1944 2323 συν-

358 2362 506 2432 εχεῖς
528 2359 669 2413 κατὰ
692 2360 752 2414 τὸ
777 2358 1185 2430 ἀπροσδόκητον
1213 2361 1325 2422 τοῖς
1349 2357 1670 2430 παροικοῦσι
1693 2358 1768 2430 τῷ
1793 2359 1942 2430 τόπῳ

357 2453 489 2515 τοὺς
513 2450 788 2514 κινδύνους
821 2449 1159 2518 ἐπάγεσθαι,
1205 2451 1346 2520 ἀωρὶ
1375 2449 1483 2502 τῶν
1519 2449 1728 2503 νυκτῶν
1773 2451 1805 2520 ἢ
1845 2451 1942 2505 καὶ

361 2541 486 2613 μεθ’
515 2541 727 2612 ἡμέραν
768 2540 1027 2603 πολλάκις
1052 2539 1144 2593 τοῦ
1190 2540 1437 2611 ποταμοῦ
1479 2541 1590 2603 τοῖς
1632 2541 1821 2610 ἀγροῖς
1843 2541 1939 2591 ἐπ·

358 2632 732 2704 εμὸαίνοντος.
783 2631 946 2686 Ὅθεν
987 2631 1047 2685 οὑ
1100 2631 1242 2701 φυτὰ
1296 2631 1456 2702 μόνον
1501 2631 1596 2684 καὶ
1648 2632 1940 2702 σπέρματα

356 2724 458 2779 καὶ
510 2723 831 2796 βοσκήματα
874 2727 940 2795 τῇ
981 2723 1090 2777 τῶν
1133 2723 1340 2777 ὑδάτων
1390 2723 1532 2794 φορᾷ
1578 2721 1936 2794 διεφθείρετο,

355 2813 494 2869 ἀλλὰ
522 2815 618 2868 καὶ
665 2815 845 2868 αὑτῶν
878 2815 1082 2886 ἥπτετο
1117 2814 1226 2868 τῶν
1258 2813 1558 2893 οἰκητόρων
1594 2816 1624 2867 ό
1669 2813 1935 2882 κίνδυνος,

354 2906 681 2978 ἁπροόπτως
707 2907 765 2959 ἐν
789 2909 855 2978 τῇ
886 2905 1166 2959 ἐπικλύσει
1189 2904 1282 2959 τοῦ
1304 2904 1496 2968 ῦδατος
1517 2906 1573 2958 ἐν
1592 2907 1714 2970 ταῖς
1736 2905 1934 2970 οἰκίαις

351 2999 754 3070 ναυαγούντων.
789 2999 922 3053 Τῶν
936 2999 1115 3054 τοίνυν
1145 2997 1704 3070 προκατορθωθέντων
1734 2997 1812 3067 τῷ
1837 3015 1934 3068 με-

351 3093 508 3165 γάλῳ
535 3093 828 3164 θαυμάτων
857 3093 937 3156 είς
973 3094 1116 3146 ἅπαν
1153 3091 1651 3161 διαπεφοιτηκότων
1673 3089 1733 3142 τὸ
1761 3089 1932 3156 ἔθνος,

349 3185 685 3247 ἀναστάντες
711 3187 760 3238 οἱ
787 3184 926 3238 κατὰ
951 3184 1012 3236 τὸ
1045 3185 1208 3255 μέρος
1231 3184 1407 3236 ἐκεῖνο
1428 3183 1505 3254 τῷ
1524 3181 1751 3254 ποταμῷ
1775 3199 1935 3252 προσ-

347 3275 650 3339 οικοῦντες,
681 3275 873 3345 ἄνδρες
911 3274 1005 3327 καὶ
1030 3275 1286 3341 γυναῖκες
1321 3273 1414 3325 κα)⁸
1448 3272 1634 3334 παῖδες
1667 3271 1932 3344 πανδημεὶ

346 3369 556 3432 πάντες
589 3368 760 3421 ἱκέται
793 3365 887 3418 τοῦ
927 3364 1160 3433 μεγάλου
1193 3363 1467 3432 γίνονται,
1500 3363 1739 3432 δεόμενοι
1778 3360 1931 3414 λύσιν

346 3462 539 3524 αὑτοῖς
569 3476 690 3514 τινα
735 3457 842 3511 τῶν
892 3457 1078 3510 κακῶν
1112 3456 1173 3520 ἐξ
1213 3455 1548 3509 ἀνελπίστων
1579 3454 1926 3526 πορίσασθαι.

346 3554 603 3608 Ἀπαντα
629 3549 740 3623 γὰρ
772 3552 829 3603 ἐν
873 3549 1020 3620 αὑτῷ
1057 3548 1148 3601 τὸν
1179 3549 1309 3601 Θεὸν
1346 3547 1496 3616 ἐλεγε
1522 3545 1800 3610 δύνασθαι,
1828 3547 1927 3599 ὅσα

342 3646 466 3708 ταῖς
499 3642 868 3714 ἀνθρωπίναις
899 3641 1164 3704 ἐπινοίαις
1211 3641 1304 3694 καὶ
1331 3640 1592 3703 διανοίαις
1613 3639 1758 3692 ἐστὶν
1783 3640 1928 3711 ἀμή-

342 3754 511 3810 χανα.
542 3735 724 3807 Μηδὲν
752 3735 858 3807 γὰρ
883 3734 990 3788 τῶν
1021 3737 1099 3798 εἰς
1131 3733 1326 3804 βουλήν
1361 3749 1420 3785 τε
1451 3733 1545 3785 καὶ
1575 3731 1801 3803 δύναμιν
1831 3734 1927 3784 ἀν-

342 3828 627 3902 θρωπίνην
668 3827 908 3898 ήκὸντων
952 3825 1081 3896 παρ’
1121 3825 1302 3878 αὑτῶν
1335 3824 1713 3896 ἐλλειφθῆναι,
1759 3823 1925 3887 λίθοις

341 3919 440 3975 καὶ
465 3919 706 3990 χώμασι,
739 3919 832 3972 καὶ
853 3918 905 3970 εἴ
931 3935 982 3969 τι
1007 3915 1134 3969 ἄλλο
1167 3915 1303 3986 πρὸς
1333 3915 1399 3968 τὰ
1435 3914 1656 3968 τοιαῦτα
1683 3913 1792 3966 τῶν
1823 3931 1924 3966 κα-

340 4010 458 4066 κῶν
487 4009 679 4064 εἴωθεν
721 4007 1083 4070 ἐπινοεῖσθαι,
1136 4007 1316 4061 πάντα
1366 4005 1776 4075 πεποιηκότων,
1827 4004 1922 4057 καὶ

338 4107 616 4176 ἀντισχεῖν
646 4103 782 4176 πρὸς
808 4103 905 4173 τὴν
927 4100 1019 4154 τοῦ
1049 4099 1219 4153 κακοῦ
1253 4097 1328 4169 μὴ
1355 4096 1691 4166 δυνηθέντων
1723 4096 1917 4166 φοράν.

337 4199 548 4263 Καὶὼς
568 4197 636 4253 ἂν
664 4197 898 4268 μάλιστα
930 4195 1058 4264 παρ’
1093 4192 1270 4245 αὑτῶν
1301 4189 1552 4262 ἑναχθείη
1584 4191 1718 4262 πρὸς
1749 4190 1914 4254 ἔλεον,

336 4290 616 4361 αὐτόπτην
645 4287 833 4359 ⁴Ιγξίουν
856 4285 1107 4355 γενέσθαι
1133 4284 1231 4353 τῆς
1263 4284 1566 4353 συμφορᾶς,
1603 4284 1696 4336 καὶ
1726 4281 1917 4353 μαθεῖν

1960 3055 2008 3120 C

2049 1834 2346 1901 delabitur,
2385 1838 2643 1891 Armenia
2685 1855 2783 1908 per
2833 1841 3218 1910 impendentes
3270 1858 3484 1904 montes
3522 1852 3632 1904 Iar-

2049 1940 2175 1994 gum
2234 1925 2282 1980 ei
2333 1924 2533 1980 ﬂumen
2588 1928 2999 1997 suppeditante.
3061 1931 3384 1992 Profundus
3446 1949 3658 1997 autem"

2049 2014 2253 2084 ubique
2283 2024 2338 2070 et
2371 2015 2527 2070 alveo
2564 2017 2828 2087 depresso
2854 2021 3072 2089 rupium
3105 2039 3169 2076 ac
3198 2027 3628 2098 praecipitiorum

2046 2113 2452 2175 pra-ruptorum
2489 2121 2752 2161 saxorum
2790 2107 3009 2166 radices
3035 2111 3426 2182 subterfluens,
3459 2120 3630 2174 multo

2045 2195 2222 2263 magis
2245 2195 2601 2266 voraginibus
2644 2197 2896 2253 hibernis
2925 2212 3316 2270 exasperatur,
3349 2223 3539 2265 omnes
3561 2226 3630 2266 ex

2045 2285 2327 2340 montibus
2357 2285 2696 2342 conﬂuentes
2732 2304 2905 2358 aquas
2935 2290 2987 2343 in
3018 2307 3076 2344 se
3105 2295 3402 2363 recipiens.
3435 2297 3540 2353 Sed
3570 2301 3627 2355 in

2043 2374 2239 2443 Supina
2273 2374 2587 2444 patentique
2613 2390 2676 2428 ac
2708 2377 2867 2446 plana
2904 2379 3131 2446 regione
3153 2421 3168 2444 ,
3199 2397 3298 2450 per
3333 2399 3495 2451 quam
3531 2403 3628 2442 ex-

2043 2465 2236 2528 currit,
2273 2466 2402 2518 dum
2438 2465 2814 2534 crepidinibus
2850 2477 2902 2522 et
2936 2471 3174 2527 molibus
3221 2473 3388 2542 jactis
3438 2479 3624 2534 utriu-

2041 2574 2147 2629 que
2177 2557 2490 2628 frequenter
2514 2568 2916 2628 coarctaretur,
2960 2561 3012 2615 in
3057 2573 3212 2633 parte
3255 2569 3490 2637 quadam
3527 2589 3626 2628 su-

2040 2663 2138 2717 per
2190 2648 2339 2717 ripas
2390 2647 2812 2712 ell‘undebalur,
2876 2665 3040 2707 omne
3088 2654 3395 2724 subjectum
3442 2661 3621 2716 solum

2039 2740 2205 2796 undis
2237 2755 2302 2795 ex
2329 2748 2647 2795 transverso
2673 2741 2986 2806 involvens,
3030 2745 3169 2799 adeo
3199 2754 3258 2800 ut
3293 2750 3488 2805 crebra
3522 2769 3621 2808 nec

2038 2831 2395 2901 epinantihus
2443 2832 2651 2887 accolis
2723 2835 2826 2888 loci
2888 2836 3136 2905 pericula
3199 2839 3619 2914 inveherentur,

2037 2934 2204 2981 nocte
2241 2939 2387 2996 saepe
2417 2926 2768 2995 intempesta,
2795 2934 2888 2981 aut
2921 2927 3086 2982 etiam
3123 2930 3363 2988 interdiu
3397 2934 3620 2994 ﬂumine

2039 3031 2200 3088 agros
2236 3016 2552 3072 invadente.
2598 3015 2754 3072 Unde
2795 3033 2902 3072 non
2949 3019 3154 3088 planta:
3203 3024 3366 3078 modo
3423 3035 3477 3081 et
3527 3044 3617 3083 se-

2037 3115 2188 3178 getes
2229 3115 2284 3162 et
2321 3123 2523 3178 pecora
2555 3124 2825 3178 aquarum
2868 3110 3070 3180 impetu
3115 3115 3388 3183 peribant,
3422 3134 3613 3174 verum

2033 3199 2198 3253 etiam
2234 3198 2300 3252 ad
2340 3200 2490 3268 ipsos
2532 3200 2875 3255 habitatores
2904 3203 3205 3270 periculum
3237 3208 3609 3275 perveniebat,

2033 3290 2237 3360 quippe
2287 3306 2352 3343 ex
2403 3292 2705 3360 improviso
2755 3292 2916 3361 aquis
2973 3294 3371 3352 inundantibus
3438 3301 3609 3357 veluti

2033 3381 2323 3451 naufragio
2352 3381 2591 3450 quodam
2621 3383 2675 3436 in
2711 3382 2952 3452 prepriis
2982 3385 3192 3440 aedibus
3222 3389 3611 3457 opprimeban-

2032 3482 2141 3528 tur.
2171 3473 2307 3527 Cum
2344 3473 2514 3543 igitur
2547 3473 2691 3527 fama
2741 3477 3135 3530 miraculorum
3173 3489 3296 3532 ante
3327 3495 3354 3531 a
3411 3497 3609 3551 magno

2031 3565 2138 3619 isto
2167 3565 2288 3618 viro
2317 3565 2592 3619 editorum
2632 3581 2727 3636 per
2763 3567 3079 3622 universam
3115 3571 3392 3626 nationem
3431 3573 3607 3627 incre-

2029 3655 2240 3711 buisset
2282 3672 2345 3711 ac
2380 3658 2660 3728 divulgata
2700 3667 2885 3714 esset:
2922 3663 3016 3729 qui
3065 3662 3209 3714 illam
3245 3673 3452 3732 partem
3505 3665 3608 3719 llu-

2026 3747 2190 3802 minis
2222 3748 2568 3810 aecolebant,
2634 3749 2797 3818 vulgo
2851 3751 3017 3804 domo
3072 3751 3302 3821 profecti
3360 3757 3603 3811 universi

2025 3839 2127 3893 viri
2162 3840 2324 3893 simul
2365 3854 2490 3894 cum
2526 3841 2800 3896 uxoribus
2833 3850 2888 3896 et
2932 3843 3120 3898 liberis
3177 3846 3452 3915 supplices
3483 3863 3603 3902 ma-

2024 3946 2132 4000 gno
2160 3932 2235 3985 illi
2268 3931 2389 3985 viro
2419 3932 2579 3997 ﬁunt,
2636 3944 2894 4005 rogantes
2942 3946 3000 3990 ut
3036 3937 3256 4008 aliquod
3290 3941 3370 3994 eis
3409 3957 3472 3994 ex
3513 3941 3603 3994 iu-

2023 4033 2246 4095 sperato
2277 4027 2550 4080 malorum
2578 4029 2880 4083 remedium
2918 4041 3190 4100 quaereret
3223 4040 3276 4086 et
3312 4035 3599 4102 excogita-

2022 4125 2126 4172 ret.
2171 4115 2366 4172 Omnia
2414 4119 2560 4173 enim
2604 4120 2662 4174 in
2701 4135 2767 4176 eo
2816 4120 2986 4175 Deum
3034 4138 3216 4192 posse,
3255 4139 3598 4192 quaecunque

2020 4207 2457 4278 cogitationibus
2525 4220 2689 4280 atque
2724 4211 3036 4265 rationibus
3106 4213 3360 4266 humanis
3395 4212 3592 4266 conlici

2016 4307 2070 4354 et
2109 4299 2371 4369 explicari
2414 4308 2800 4371 nonpossent.
2849 4299 2999 4354 Nihil
3031 4302 3177 4355 enim
3216 4303 3284 4355 ab
3320 4318 3442 4356 sese
3499 4318 3594 4358 co-

335 4381 412 4446 ὡς
441 4380 568 4435 οὔτε
604 4378 847 4442 δυνατῶς
875 4374 1020 4447 εἶχον
1068 4374 1376 4447 μεταθεῖναι
1407 4374 1504 4446 τὴν
1537 4374 1748 4446 οἴκησιν
1768 4416 1782 4441 ,
1817 4376 1910 4429 καὶ

2035 4407 2138 4446 'um
2175 4407 2297 4462 quae
2326 4391 2603 4462 pertinent
2639 4393 2704 4447 ad
2736 4391 3026 4447 consilium
3061 4400 3115 4447 et
3140 4394 3289 4448 vires
3321 4394 3591 4451 humanas

333 4472 416 4526 δτι
450 4471 684 4524 πάντοτε
715 4469 894 4532 αὑτοῖς
921 4470 948 4521 ό
977 4466 1203 4530 θάνατος
1230 4467 1320 4519 ἐπὶ
1346 4470 1411 4538 τῇ
1444 4467 1586 4537 ὁρμῇ
1621 4469 1794 4519 κεῖται
1817 4466 1910 4519 τοῦ

332 4565 548 4625 ὕδατος.
575 4562 870 4632 Γενόμενος
899 4560 1078 4613 τοίνυν
1109 4559 1250 4613 κατὰ
1276 4557 1366 4611 τὸν
1393 4560 1554 4611 τόπον
1593 4558 1786 4629 (οὐδεὶς
1805 4557 1911 4628 γὰρ

329 4655 486 4720 ὄκνος
512 4653 662 4724 αὑτῷ
687 4653 786 4724 τὴν
827 4651 961 4722 πρὸς
986 4651 1046 4704 τὸ
1072 4651 1272 4719 ἀγαθὸν
1301 4650 1536 4720 σπουδὴν
1572 4649 1907 4718 διεκώλυεν)·

330 4749 452 4802 οὔτε
493 4750 788 4818 ὀχήματος,
833 4745 957 4798 οῦτε
1010 4746 1227 4808 ἵππων,
1268 4742 1391 4797 οὑτε
1435 4742 1592 4797 ἄλλου
1629 4741 1773 4805 τινὸς
1801 4741 1910 4793 τῶν

326 4841 608 4910 διαγαγεῖν
643 4839 803 4892 αὑτὸν
837 4835 1148 4908 δυναμένων
1201 4834 1588 4906 προσδεηθεὶς,
1637 4832 1771 4887 ἀλλὰ
1812 4833 1909 4902 βας

327 4935 526 5005 κτηρίᾳ
574 4934 679 4986 τινὶ
713 4931 1127 5003 στηριζόμενος,
1171 4929 1350 4981 πᾶσαν
1395 4927 1608 4997 διήνυσε
1643 4926 1738 4997 τὴν
1767 4924 1904 4987 ὁδὸν,

325 5031 421 5083 καὶ
465 5029 582 5099 ἅμα
619 5024 1067 5098 προσφιλοσοφῶν
1104 5025 1215 5086 τοῖς
1261 5024 1360 5093 τῆς
1410 5021 1528 5075 ὁδοῦ
1562 5020 1906 5073 κοινωνοῦσιν

324 5119 474 5189 αύτῷ
491 5121 620 5192 περὶ
637 5119 734 5190 τῆς
765 5115 1101 5187 ὑψηλοτέρας
1126 5114 1362 5179 ἐλπίδος,
1389 5115 1446 5168 ἐν
1472 5108 1553 5176 οἷς
1580 5113 1665 5165 ἀεὶ
1690 5111 1906 5164 κατὰτὸ

325 5209 741 5282 προηγούμενον
765 5207 1076 5277 διατρίϐων,
1098 5203 1168 5258 τὰ
1193 5205 1326 5258 ἄλλα
1353 5205 1606 5276 πάρεργα
1645 5207 1744 5274 τῆς
1773 5222 1897 5275 προ-

321 5301 616 5371 τιμοτέρας
639 5303 873 5353 ἐποιεῖτο
899 5298 1136 5368 σπουδῆς
1156 5315 1168 5328 °
1207 5298 1281 5360 ὼς
1309 5293 1402 5350 οὖν
1434 5296 1721 5368 ύπεδείχθη
1755 5296 1906 5367 παρά

318 5410 382 5446 τε
434 5393 543 5445 τῶν
610 5391 1183 5463 προκαθηγησαμένων
1231 5391 1264 5460 ἠ
1313 5389 1407 5442 τοῦ
1458 5389 1674 5461 ῥείθρου
1726 5408 1903 5462 παρα-

319 5484 522 5557 τροπὴ,
548 5487 643 5539 καὶ
667 5485 800 5538 αὑτὸ
832 5484 891 5536 τὸ
921 5484 1239 5554 φαινόμενον
1263 5483 1362 5554 τὴν
1397 5482 1682 5552 συμφορὰν
1710 5482 1901 5554 διεμή..

319 5596 470 5644 νυεν,
507 5579 588 5642 εἰς
617 5576 836 5648 βαθεῖαν
862 5575 1298 5647 χαραδρωθέντος
1330 5573 1421 5628 τοῦ
1449 5574 1611 5627 τόπου
1640 5576 1900 5646 φαράγγα

319 5667 408 5725 διὰ
420 5669 520 5741 τῆς
534 5668 645 5726 τῶν
662 5669 868 5725 ὑδάτων
883 5667 1213 5741 ἐμπτώσεως
1231 5685 1244 5700 ·
1264 5668 1440 5724 ταῦτά
1460 5687 1532 5740 φη
1542 5688 1593 5723 τι
1617 5669 1750 5742 πρὸς
1773 5671 1896 5735 τοὺς

2014 4485 2448 4556 praetermissum
2476 4500 2622 4550 esse,
2659 4500 2922 4540 saxorum
2953 4485 3189 4540 molibus
3217 4495 3272 4540 et
3295 4488 3591 4558 aggeribus

2014 4575 2366 4644 objiciendis,
2416 4580 2471 4628 et
2515 4575 2562 4630 si
2597 4575 2728 4646 quid
2789 4575 2938 4629 aliud
3002 4575 3267 4630 adversus
3313 4575 3588 4646 ejusmodi

2013 4667 2157 4721 mala
2187 4667 2489 4738 excogitari
2513 4669 2676 4734 solet,
2705 4669 2890 4722 omnia
2927 4676 3180 4739 expertos
3224 4685 3367 4731 esse.
3403 4677 3455 4722 et
3492 4669 3588 4721 ad-

2012 4773 2208 4815 versus
2251 4760 2514 4829 impetum
2562 4761 2688 4814 mali
2739 4761 2994 4815 resistere
3031 4777 3137 4814 non
3190 4762 3458 4830 potuisse.
3509 4761 3587 4814 Ac

2010 4867 2120 4922 quo
2146 4855 2383 4906 maxime
2415 4853 2482 4907 ad
2521 4852 2960 4907 misericordiam
2991 4853 3062 4904 ab
3100 4853 3167 4906 iis
3195 4851 3580 4919 adduceretur,

2011 4942 2303 5011 rogabant,
2333 4952 2391 4995 ut
2429 4942 2545 5011 ipse
2579 4944 2859 5012 inspector
2889 4942 3222 4996 calamitatis
3257 4958 3379 4997 esse
3416 4945 3584 4999 vellet

2009 5039 2174 5102 atque
2209 5046 2570 5103 cognoscere,
2607 5032 2754 5102 quod
2797 5035 2912 5086 licri
2956 5049 3065 5086 non
3105 5043 3291 5102 posset
3340 5041 3398 5087 ut
3428 5034 3583 5090 habi-

2007 5128 2274 5181 tationem
2328 5125 2739 5192 translcrrent,
2803 5127 3063 5196 quodque
3118 5127 3268 5181 omni
3337 5137 3583 5198 tempore

2007 5233 2160 5272 mors
2190 5217 2272 5272 eis
2308 5216 2375 5270 ab
2405 5217 2608 5286 impetu
2651 5215 2892 5271 ﬂuminis
2924 5218 3254 5272 immineret.
3293 5217 3428 5271 Cum
3481 5218 3582 5288 igi-

2006 5317 2096 5362 tur
2121 5309 2186 5362 ad
2220 5309 2398 5361 locum
2445 5309 2688 5363 venisset
2737 5308 2925 5378 (nulla
2964 5308 3108 5362 enim
3148 5308 3195 5362 ei
3244 5308 3463 5378 pigritia
3495 5316 3579 5362 at-

2006 5417 2111 5471 que
2155 5400 2365 5456 desidia
2417 5400 2484 5454 ad
2535 5401 2773 5455 studium
2803 5401 2930 5454 boni
2967 5401 3360 5470 impedimento
3393 5400 3576 5468 erat),

2005 5509 2180 5564 neque
2219 5495 2471 5550 vehiculo
2504 5502 2788 5564 praeterea,
2818 5507 2916 5547 nec
2958 5493 3138 5561 equis.
3166 5509 3345 5562 neque
3382 5492 3487 5545 alia
3520 5508 3578 5547 re

2002 5584 2280 5654 quapiam,
2311 5600 2422 5656 qua
2457 5583 2828 5656 (commode)
2872 5584 3152 5638 transvehi
3196 5592 3404 5654 posset,
3442 5595 3578 5639 usus

1992 5661 2186 5744 lasset,
2239 5678 2334 5735 sed
2388 5678 2584 5734 baculo
2629 5677 2866 5750 quodam
2918 5674 3196 5737 innitens.
3254 5683 3427 5732 totum
3464 5674 3568 5728 iter
