4002 6206
324 282 535 341 ’931

1619 274 1691 331 ’5.
1731 272 2058 331 GREGORII
2100 271 2393 329 N‘YSSENI
3593 265 3694 327 ta!

439 398 699 472 coniecit,
726 398 893 457 simul
919 398 1084 455 etiam
1123 411 1249 453 cum
1279 395 1580 454 comitibus
1617 397 1736 454 suis
1769 405 1823 455 et
1848 397 2014 454 sociis

2120 394 2580 467 συνειλεγμένους·
2601 394 2723 450 Οὐκ
2751 392 2926 448 ἔστιν
2951 390 3301 460 ἀνθρώπιον,
3330 388 3604 461 ἀδελφοί,
3629 392 3697 448 τὸ

440 496 657 552 itineris
710 495 778 550 de
824 491 1047 550 sublimi
1101 507 1202 562 spe
1255 490 1433 547 serios
1488 498 1543 546 et
1601 491 2011 564 philosophicas

2120 476 2540 555 διαλαμϐάνειν
2600 483 2764 553 ὅροις
2813 482 2930 552 τὴν
2982 482 3087 537 τοῦ
3131 480 3358 549 ὕδατος
3408 482 3661 551 κίνησιν
3678 497 3699 516 ο

443 588 738 644 conferens
777 598 1086 642 sermones.
1123 580 1186 638 In
1214 583 1420 654 quibus
1459 598 1518 639 se
1550 584 1822 655 praecipue
1870 599 2017 640 sem-

2120 578 2304 649 μόνης
2319 574 2429 647 τῆς
2444 576 2608 642 θείας
2625 575 2937 646 δυνάμεως
2951 574 3128 646 ἔργον
3138 574 3205 629 τὸ
3220 574 3499 630 τοιοῦτόν
3506 576 3706 639 ἐστιν,

442 692 541 748 per
563 690 849 740 exercens,
875 682 928 731 et
956 674 1011 731 in
1036 674 1231 747 primis
1262 674 1534 729 rationem
1566 690 1758 730 eorum
1782 675 2017 740 habena,

2120 669 2286 737 ἐντὸς
2324 668 2479 740 ὅρων
2510 669 2895 724 κατακλείειν
2924 668 3041 737 τὴν
3070 665 3190 722 τῶν
3214 666 3455 723 ὑδάτων
3480 666 3704 738 φορῶν.

438 758 984 824 οωιοιοόοοοεεοιίε
1025 766 1259 837 potioris
1310 764 1479 821 studii
1538 781 1649 820 non
1683 779 2017 838 magnopere

2120 760 2307 828 υῦτως
2356 760 2468 832 γάρ
2510 774 2661 830 φησι
2710 760 2862 831 πρὸς
2905 758 3015 813 τὸν
3052 757 3203 814 Θεὸν
3253 761 3287 813 ό
3328 758 3705 829 Προεινήτης⁴

439 857 685 915 curanda
722 873 846 915 esse
879 858 1254 915 existimabat.
1298 859 1369 921 Ut
1416 860 1586 933 igitur
1632 866 1686 914 et
1713 858 1782 913 ab
1821 859 1889 914 iis
1919 863 2014 929 qui

2120 851 2206 907 ὅτι
2233 870 2253 905 ι
2280 852 2475 921 Ὅριον
2496 853 2661 919 ἔθου,
2695 851 2728 907 δ
2763 853 2836 907 οὐ
2869 852 3323 922 παρελεύσεται.
3358 871 3377 903 ι
3408 853 3591 916 Mdv-rp
3622 847 3711 916 τῷ

440 950 608 1006 etiam
642 956 771 1004 ante
795 949 964 1005 duces
992 949 1210 1006 itineris
1245 948 1491 1015 fuerant,
1526 957 1896 1006 ostensus'est
1930 948 2013 1004 lo-

2120 944 2389 1015 Δεσπότῃ
2428 943 2541 1013 τῆς
2584 944 2838 1011 κτίσεως
2866 942 3102 1015 Χριστῷ
3149 945 3189 1012 ή
3220 941 3343 996 «τῶν
3379 943 3713 1011 στοιχείων

441 1057 563 1107 cus,
598 1040 690 1097 ubi
717 1039 917 1096 ﬂumen
958 1041 1136 1113 ruptis
1177 1041 1472 1113 aggeribus
1508 1055 1539 1096 a
1582 1056 1684 1097 suo
1721 1055 1887 1096 cursu
1919 1038 2016 1096 de-

2120 1037 2305 1108 φύσις
2324 1036 2499 1092 ἐστὶν
2522 1036 2974 1106 ὑποχείριος,-ὲν
3000 1030 3092 1102 οἷς
3114 1034 3193 1091 ἂν
3240 1032 3428 1103 ταχθῇ
3462 1032 3709 1099 τόποις,

438 1133 687 1199 ﬂexerat,
716 1141 771 1188 et
811 1132 864 1188 id
894 1133 1074 1205 ipsum
1115 1132 1265 1204 quod
1304 1133 1626 1205 apparebat,
1661 1132 1874 1190 cladem
1919 1130 2016 1188 de-

2120 1132 2207 1196 είς
2255 1128 2322 1184 τὸ
2349 1127 2623 1197 διηνεκές
2647 1126 3102 1199 παραμένουσα.
3165 1125 3405 1194 Ἐπειδὴ
3430 1125 3651 1180 τοίνυν
3675 1126 3712 1179 ὅ

432 1223 688 1278 clarabat
714 1241 728 1277 :
764 1225 969 1294 quippe
992 1225 1288 1294 eruptione
1318 1233 1485 1295 atque
1507 1223 1713 1293 impetu
1744 1237 2013 1294 aquarum

2122 1222 2266 1290 Θεός
2304 1222 2477 1277 ἐστιν
2517 1224 2552 1276 ό
2577 1221 2915 1292 νομοθετῶν
2944 1220 3090 1288 τοὺς
3134 1220 3315 1289 ὅρους
3346 1219 3468 1286 τοῖς
3492 1217 3710 1282 ὕδασι,

434 1315 498 1369 in
533 1312 861 1385 profundam
887 1315 1204 1386 voraginem
1231 1315 1390 1371 locus
1410 1320 1712 1371 excavatus
1737 1320 1856 1368 erat
1880 1331 1892 1367 :
1926 1312 2012 1371 his

2120 1314 2305 1383 μόνος
2330 1312 2421 1368 -ἂν
2446 1312 2678 1380 ἐκεῖνος
2705 1310 2782 1381 τῇ
2813 1308 2932 1380 ἰδίᾳ
2968 1309 3220 1381 δυνάμει
3248 1309 3349 1365 καὶ
3372 1308 3474 1365 τοῦ
3520 1324 3716 1363 ποτα-

436 1404 622 1460 verbis
657 1420 792 1461 usus
827 1404 1007 1460 estad
1031 1420 1149 1467 eos.
1191 1404 1288 1476 qui
1315 1408 1739 1460 convenerant:
1782 1402 1907 1457 Non
1931 1410 2012 1458 est

2120 1404 2233 1476 μοῦ
2254 1405 2469 1460 τούτου
2501 1405 2616 1475 τὴν
2642 1403 2896 1471 ἀταξίαν
2930 1401 3273 1471 πεδήσειεν.

442 1499 738 1566 hominum,
769 1500 988 1570 fratres,
1018 1500 1224 1572 inquit,
1266 1515 1444 1572 regere
1519 1499 1765 1555 terminis
1832 1509 1989 1570 atque
2018 1499 2357 1572 distinguere
2420 1510 2626 1557 motum
2680 1517 2832 1566 aqua
2862 1521 2876 1557 :
2904 1501 3076 1556 solius
3104 1499 3311 1556 dicit“:
3346 1499 3611 1570 potentia
3657 1499 3716 1553 id

440 1611 572 1665 opus
597 1603 696 1661 est,
734 1596 882 1650 intra
928 1596 1182 1651 terminos
1229 1594 1542 1651 concludere
1580 1605 1736 1665 atque
1786 1609 2024 1650 coercere
2052 1612 2275 1652 cursum
2305 1612 2592 1670 aquarum.
2661 1594 2754 1652 Ita
2803 1596 2943 1652 enim
2978 1597 3056 1650 ait
3086 1594 3157 1650 ad
3187 1595 3358 1650 Deum
3395 1592 3717 1662 Propheta:

444 1704 466 1737 ι
507 1685 748 1741 Posuisti
785 1688 1067 1742 terminum
1101 1704 1252 1759 quem
1298 1704 1407 1742 non
1436 1687 1687 1742 transibit
1725 1686 1768 1740 ⁸.
1807 1704 1834 1739 η»
1868 1685 1986 1743 Soli
2024 1681 2258 1745 Domino
2297 1699 2559 1746 creatura:
2599 1688 2813 1746 Christo
2843 1689 3220 1744 elementorum
3256 1697 3449 1741 natura
3483 1684 3717 1740 subdita

441 1785 596 1849 atque
624 1777 855 1833 obnoxia
890 1789 993 1843 est,
1031 1780 1090 1833 in
1126 1779 1524 1853 quibuscunque
1570 1778 1701 1835 locis
1755 1780 2018 1836 collocata
2052 1780 2234 1851 fuerit,
2326 1782 2383 1836 in
2422 1781 2507 1838 his
2570 1783 2626 1838 in
2671 1791 2978 1852 perpetuum
3032 1797 3364 1852 permanens.
3433 1778 3717 1848 Quoniam

436 1870 607 1944 igitur
633 1873 775 1928 Deus
801 1882 879 1928 est
922 1873 1015 1944 qui
1043 1874 1295 1930 terminos
1330 1874 1495 1945 aquis
1542 1875 1839 1945 constituit,
1873 1875 2023 1931 solus
2053 1876 2155 1933 ille
2174 1892 2277 1932 sua
2303 1877 2541 1946 potentia
2569 1878 2731 1934 etiam
2786 1875 2944 1943 huius
2972 1876 3225 1946 ﬂuminis
3254 1873 3586 1931 insolentem
3663 1879 3718 1927 et

434 1964 804 2020 inordinatum
836 1981 1049 2018 cursant
1084 1981 1320 2019 coercere
1342 1974 1391 2019 et
1419 1964 1676 2033 impedire
1700 1966 1891 2035 possit.

510 2057 679 2121 Dixit,
708 2072 774 2112 ac
802 2065 1063 2128 tanquam
1097 2057 1284 2112 aﬂlatu
1318 2056 1506 2112 divino
1541 2057 1725 2113 animo
1764 2065 2018 2115 conster-

2188 2049 2380 2119 Εἶπεν,
2411 2054 2515 2110 καὶ
2547 2048 2656 2110 οἷον
2672 2054 2869 2119 ’ἔνθους
2892 2048 2959 2139 ’ἐξ
2980 2054 3225 2119 ἐπινοίας
3244 2053 3521 2126 θειοτέρας
3550 2055 3716 2124 γενό-

438 2156 622 2215 natus,
659 2163 722 2203 ac
749 2163 945 2220 magna
974 2164 1107 2205 voce
1134 2148 1439 2217 Christum,
1476 2158 1534 2204 ut
1573 2150 1679 2206 sibi
1722 2150 2018 2224 adprope-

441 2228 610 2297 εἱιὺηι
642 2254 780 2311 opus
817 2238 1068 2295 subsidio
1110 2238 1343 2303 veniret,
1396 2247 1676 2310 precatus,
1712 2242 2019 2313 scipionem

439 2347 607 2403 quem
638 2346 805 2385 manu
840 2329 1085 2398 tenebat,
1116 2329 1171 2384 in
1203 2337 1467 2400 corrupto
1496 2332 1628 2402 ripae
1657 2332 1781 2388 loco
1806 2332 2016 2404 deﬁgit.

430 2424 579 2479 Cum
601 2431 783 2477 autem
813 2420 963 2477 circa
984 2421 1132 2476 illam
1158 2428 1366 2492 partem
1388 2432 1544 2478 terra
1568 2424 1807 2491 madida,
1837 2426 2021 2483 milis

437 2530 508 2571 ac
541 2515 666 2569 laxa
705 2520 882 2578 esset,
916 2521 971 2568 et
1007 2513 1247 2584 ponderi
1299 2514 1482 2570 baculi
1527 2515 1695 2572 simul
1733 2525 1789 2571 et
1832 2516 2022 2573 manui

440 2604 661 2677 ﬂgentis
684 2604 890 2661 cedens
918 2642 936 2670 ,
978 2602 1140 2660 facile
1183 2603 1436 2660 subsedit
1476 2603 1545 2659 ad
1587 2604 1775 2660 imum.
1814 2604 2021 2662 Deinde

439 2705 723 2771 precatus,
757 2704 817 2751 ut
853 2696 957 2751 hoc
985 2695 1485 2752 veluti'claustrum
1524 2696 1800 2768 quoddam
1827 2706 1882 2754 et
1913 2699 2020 2754 im-

441 2789 814 2860 pedimentum
856 2786 1150 2841 insolentis
1195 2794 1251 2841 et
1290 2786 1591 2841 inordinati
1625 2801 1824 2843 cursus
1858 2801 2023 2860 aqua-

439 2897 564 2937 rum
619 2886 804 2943 esset,
850 2886 998 2934 retro
1053 2878 1279 2933 domum
1334 2894 1593 2936 reversus
1656 2887 1776 2947 est,
1839 2881 2018 2953 reipsa

436 2973 851 3037 demonstrans,
881 2970 1032 3043 quod
1075 2968 1348 3042 quidquid
1395 2972 1465 3029 ab
1512 2987 1637 3028 sese
1670 2972 1846 3038 ﬁeret,
1878 2989 1909 3029 a
1939 2973 2023 3031 di-

440 3067 571 3122 vina
606 3065 850 3136 potentia
877 3062 1386 3120 administraretur.
1419 3054 1683 3121 Protinus
1704 3065 1851 3122 enim
1875 3065 2019 3123 haud

442 3157 618 3213 multo
651 3171 896 3227 tempore
936 3164 1060 3227 post
1099 3155 1332 3211 baculus
1371 3155 1619 3226 quidem,
1648 3157 1931 3219 radicibus
1964 3159 2019 3215 in

440 3249 565 3321 ripa
593 3249 756 3313 actis,
798 3247 962 3305 arbor
1003 3247 1199 3303 evasit.
1242 3244 1489 3303 Flumini
1516 3264 1650 3306 vero
1688 3248 1803 3305 haec
1833 3249 2021 3322 planta

443 3357 543 3413 pro
583 3340 819 3396 termino
854 3342 960 3395 lixa
992 3346 1077 3396 est
1100 3377 1115 3405 ,
1157 3354 1333 3410 eaque
1367 3339 1436 3395 ad
1470 3339 1577 3396 hoc
1607 3336 1782 3413 usque
1809 3351 2020 3413 tempus

441 3433 641 3490 incolis
681 3432 789 3488 ioci
835 3448 962 3488 cum
1006 3431 1326 3503 spectaculo
1378 3440 1484 3501 est,
1523 3444 1640 3490 tum
1678 3436 2018 3492 narrationis

436 3535 498 3583 et
539 3523 1084 3582 commemorationis
1139 3534 1524 3600 argumentum
1596 3528 1822 3598 praebet.
1880 3526 2019 3584 Cum

441 3617 588 3672 enim
625 3615 838 3672 crebris
876 3614 1151 3673 imbribus
1193 3626 1360 3688 atque
1391 3617 1730 3673 torrentibus
1760 3616 2019 3689 (amnis)

444 3707 537 3763 ille
574 3706 759 3780 Lycus
789 3707 1070 3765 inundans
1111 3724 1181 3766 ex
1220 3708 1628 3767 consuetudine
1657 3717 1714 3766 et
1747 3725 1912 3782 asper
1937 3726 2023 3767 ra-

442 3795 713 3867 pidusque
730 3797 1003 3852 undarum
1039 3812 1104 3853 ac
1125 3798 1390 3857 ﬂuctuum
1418 3816 1477 3857 se
1500 3800 1735 3857 invicem
1754 3800 2020 3857 colliden-

443 3886 580 3941 tium
619 3889 853 3958 strepitu
889 3889 1148 3945 terribilis
1200 3891 1394 3959 fertur,
1434 3900 1567 3948 tunc
1597 3894 1830 3950 summis
1860 3894 2018 3966 aquis

443 3977 583 4055 imas
613 3976 830 4034 arboris
871 3979 1088 4035 radices
1129 3980 1344 4040 alluens
1365 4022 1380 4048 ,
1419 3998 1614 4041 rursus
1645 3984 2023 4055 intumescens

442 4068 499 4123 in
545 4068 783 4125 medium
822 4070 1033 4125 alveum
1076 4073 1356 4143 contrahit
1382 4073 1579 4141 undas,
1617 4089 1681 4129 ac
1704 4075 1862 4147 quasi
1902 4091 2017 4133 me-

443 4164 607 4213 tuens
650 4157 837 4213 arbori
873 4158 1315 4230 appropinquare
1357 4176 1527 4216 curvo
1570 4160 1798 4219 ﬂumine
1834 4163 2018 4219 locum

442 4249 598 4302 illum
641 4250 1068 4319 praeterlabitur.
1109 4249 1260 4308 Talis
1308 4251 1494 4324 magni
1539 4252 1790 4325 Gregorii
1843 4256 2018 4312 virtus

444 4337 569 4407 fuit,
606 4338 715 4395 imo
745 4356 875 4396 vero
908 4341 1024 4408 Dei,
1051 4342 1145 4413 qui
1172 4343 1436 4399 miracula
1468 4358 1567 4415 per
1604 4344 1760 4400 illum
1798 4346 2013 4401 edebat.

442 4427 578 4482 Nam
617 4428 842 4500 perinde
872 4448 937 4487 ac
974 4434 1020 4488 si
1048 4433 1387 4506 mancipium
1421 4436 1697 4509 quoddam
1733 4444 1882 4493 esset
1905 4438 2017 4494 ele-

443 4527 752 4576 mentorum
783 4531 999 4585 natura,
1028 4525 1094 4580 ad
1128 4526 1416 4582 arbitrium
1446 4527 1692 4597 jubentis
1731 4524 2017 4586 immutari

440 4611 761 4675 videbatur,
809 4623 868 4669 ut
911 4624 966 4670 et
1000 4616 1154 4671 lacus
1200 4617 1257 4673 in
1291 4617 1616 4689 frugiferum
1647 4636 1838 4693 agrum
1885 4636 2018 4678 con-

441 4712 750 4760 verteretur
774 4744 789 4768 ,
822 4712 877 4760 et
911 4708 1203 4781 voragines
1242 4710 1561 4783 eluviesque
1590 4713 1867 4779 ﬂuminis,
1899 4713 2014 4770 sci-

2121 2165 2301 2222 μενος,
2336 2148 2428 2203 καὶ
2474 2148 2685 2221 μεγάλῃ
2724 2151 2791 2220 τῇ
2822 2149 2974 2220 φωνῇ
3007 2147 3099 2201 τὸν
3125 2144 3358 2219 Χριστὸν
3376 2144 3534 2219 αὐτῷ
3566 2147 3711 2219 σύμ-

2121 2257 2292 2313 μαχον
2342 2238 2480 2312 πρὸς
2523 2238 2584 2295 τὸ
2631 2239 2988 2312 προκείμενον
3051 2238 3228 2293 ἐλθεῖν
3298 2238 3707 2311 ἐπευξάμενος,

2118 2333 2503 2404 καταπήγνυσι
2545 2331 2644 2403 τὴν
2689 2331 3012 2403 βακτηρίαν,
3065 2330 3132 2402 ἢν
3158 2329 3247 2385 διὰ
3270 2330 3446 2403 χειρὸς
3473 2330 3706 2404 ἔφερεν,

2118 2424 2262 2479 κατὰ
2288 2424 2381 2478 τὸν
2406 2422 2726 2497 διεφθορότα
2739 2423 2904 2478 τόπον
2933 2421 3029 2495 τῆς
3076 2420 3265 2493 ὄχθης.
3313 2421 3616 2494 Διάὸροχος
3648 2422 3710 2477 δὲ

2118 2510 2254 2570 οὖσα
2282 2515 2404 2569 κατ’
2428 2516 2607 2569 έκεῖνο
2646 2515 2680 2586 η
2718 2512 2791 2585 γῆ
2824 2512 2917 2568 καὶ
2936 2510 3253 2585 σομφώδης,
3276 2512 3465 2586 ῥαδίως
3486 2512 3704 2567 ὑπενό-

2122 2623 2287 2679 στησε
2332 2606 2476 2661 κατὰ
2518 2607 2581 2661 τὸ
2619 2605 2803 2677 βάθος,
2851 2604 2931 2678 τῷ
2977 2622 3038 2658 τε
3084 2603 3243 2676 βάρει
3272 2604 3371 2675 τῆς
3398 2603 3708 2676 βακτηρίας

2120 2695 2237 2767 ἅμα
2280 2694 2376 2750 καὶ
2420 2696 2487 2767 τῇ
2538 2694 2682 2767 χειρ“ι¹
2724 2694 2819 2748 τοῦ
2864 2694 3172 2766 πηγνύντος
3216 2691 3502 2760 ὑπείξασα.
3569 2689 3712 2749 Εἶτα

2118 2787 2278 2843 τοῦτο
2306 2787 2560 2861 καθάπερ
2589 2804 2642 2842 τι
2666 2786 2912 2860 κλεῖθρον
2939 2787 3194 2858 γενέσθαι
3223 2786 3319 2842 καὶ
3340 2785 3572 2859 κώλυμα
3603 2789 3710 2859 τῆς

2118 2878 2227 2934 τῶν
2272 2878 2478 2935 ὑδάτων
2523 2880 2750 2946 ἀταξίας
2790 2879 2871 2952 τῷ
2911 2880 3033 2950 Θεῷ
3082 2879 3484 2961 ἐπευξάμενος,
3537 2879 3709 2935 πάλιν

2121 2972 2494 3046 ὑπέστρεφεν,
2545 2972 2692 3046 ἔργῳ
2721 2971 2901 3039 δείξας
2931 2973 3014 3028 ὅτι
3062 2974 3172 3029 πᾶν
3215 2973 3278 3027 τὸ
3321 2974 3451 3044 παρ’
3473 2972 3707 3028 ’ἑκείνου

2118 3065 2405 3137 γινόμενον
2439 3065 2545 3120 ὑπὸ
2573 3065 2723 3130 θείας
2756 3067 3038 3139 ἐνηργεῖτο
3059 3067 3364 3140 δυνάμεως.
3392 3067 3575 3133 Εὐθὺς
3596 3066 3710 3139 γὰρ

2118 3158 2179 3211 οὐ
2215 3156 2357 3229 μετὰ
2391 3157 2561 3214 πολὺν
2591 3158 2782 3231 χρόνον
2828 3161 2862 3231 ἡ
2895 3159 2994 3231 μὲν
3024 3157 3328 3232 βακτηρία,
3365 3162 3485 3224 ταῖς
3511 3159 3711 3231 δχθαις

2120 3246 2504 3322 ὲρῥιζωθεῑσα,
2523 3248 2742 3322 δένδρον
2760 3251 2995 3322 ἐγένετο.
3026 3251 3117 3324 Τῷ
3138 3251 3195 3306 δὲ
3222 3250 3423 3324 ῥείθρῳ
3451 3250 3511 3306 τὸ
3536 3251 3710 3323 φυτὸν

2120 3338 2245 3413 ὅρος
2271 3339 2475 3413 ἐπάγη,
2495 3340 2591 3396 καὶ
2616 3341 2777 3415 μέχρι
2802 3342 2896 3396 τοῦ
2919 3341 3015 3398 νῦν
3043 3345 3156 3407 τοῖς
3180 3342 3497 3415 ἐπιχωρίοις
3516 3343 3711 3415 θέαμα

2046 3411 2088 3469 C
2122 3411 2333 3501 γίνεται
2353 3431 2413 3486 τὸ
2428 3411 2590 3502 φυτὸν
2611 3411 2991 3512 καῖδιήγημα.
3008 3435 3178 3491 Ὅταν
3197 3411 3309 3508 γὰρ
3325 3411 3711 3509 ὲξὲπομδρίας

2125 3539 2186 3577 τε
2224 3522 2316 3577 καὶ
2346 3524 2664 3598 χειμάῤῥων
2688 3527 2717 3580 ό
2747 3525 2925 3593 Λύκος
2953 3529 3159 3593 ἐκεῖνος
3187 3527 3538 3600 πλημμυρῶν
3564 3529 3715 3583 κατὰ

2124 3611 2186 3666 τδ
2212 3611 2440 3685 σύνηθες
2477 3614 2571 3669 καὶ
2605 3616 3004 3689 τραχυνόμενος
3031 3618 3285 3693 φέρηται,
3330 3619 3562 3692 φοϐερὸς
3585 3622 3717 3675 ἐπι-

2125 3704 2412 3776 καχλάζων
2444 3707 2523 3778 τῷ
2557 3706 2828 3778 ῥεύματι,
2879 3709 3002 3764 τότε
3030 3711 3158 3782 περὶ
3202 3712 3294 3765 τὸν
3329 3710 3583 3783 πυθμένα
3612 3711 3713 3766 τοῦ

2116 3795 2339 3869 δένδρου
2373 3797 2513 3852 κατὰ
2543 3799 2602 3852 τὸ
2645 3798 2814 3872 ἄκρον
2854 3800 3162 3871 ὲπιφαύσας
3206 3802 3286 3873 τῷ
3328 3802 3501 3868 ὕδατι,
3542 3803 3718 3858 πάλιν

2124 3888 2387 3958 όγκωθεὶς
2434 3888 2574 3944 κατὰ
2610 3890 2672 3945 τὸ
2700 3891 2864 3963 μέσον
2908 3892 3180 3946 συστέλλει
3218 3893 3280 3948 τὸ
3320 3893 3557 3965 ῥεῖθρον,
3615 3896 3719 3950 καὶ

2122 3975 2234 4034 οἷον
2264 3980 2428 4053 φοὸού
2436 4000 2595 4052 μενος
2628 3983 2936 4055 ὲμπελάσαι
2961 3983 3039 4055 τῷ
3063 3983 3282 4057 δένδρῳ,
3301 3985 3484 4058 κυρτῷ
3507 3984 3594 4057 τῷ
3620 3985 3723 4040 κύ-

2127 4090 2253 4148 ματι
2271 4074 2602 4147 παραμείϐει
2622 4075 2711 4129 τὸν
2726 4074 2924 4147 χῶρον.
2949 4076 3292 4147 Τοιαύτητοῦ
3308 4079 3547 4148 μεγάλου
3570 4079 3723 4151 Γρη-

2122 4166 2306 4243 γορίου
2336 4169 2368 4237 ὴ
2390 4165 2634 4237 δύναμις,
2660 4162 2859 4246 μᾶλλον
2873 4169 2935 4221 δὲ
2960 4168 3054 4222 τοῦ
3078 4168 3212 4223 Θεοῦ
3235 4167 3329 4223 τοῦ
3350 4169 3723 4241 ὲνεργοῦντπ

2124 4258 2183 4311 ἐν
2215 4257 2404 4328 ἐκείνῳ
2435 4257 2502 4311 τὰ
2530 4256 2804 4329 θαύματα.
2853 4258 3122 4331 Καθάπερ
3151 4258 3260 4331 γὰρ
3289 4259 3588 4332 ὑποχειρίσ,
3622 4280 3723 4328 τις

2122 4343 2257 4402 οὖσα
2276 4348 2383 4403 τῶν
2407 4349 2685 4420 στοιχείων
2719 4352 2751 4422 ἡ
2785 4349 2945 4419 φύσις
2973 4350 3251 4405 ἐδείκνυτο
3279 4352 3413 4422 πρὸς
3433 4353 3494 4405 sb
3509 4352 3723 4411 δοκοῦν

2123 4439 2499 4512 ἁλλασσομένη
2522 4444 2633 4505 τοῖς
2662 4441 3051 4513 ἐπιτάγμασιν,
3084 4439 3223 4496 ὥστε
3263 4441 3457 4515 λίμνην
3494 4445 3605 4517 μὲν
3635 4449 3727 4511 είς

2125 4530 2435 4602 πυροφόρον
2458 4530 2640 4601 χώραν
2668 4531 3048 4603 μετατεθῆναι,
3081 4532 3181 4597 τὰς
3212 4533 3267 4587 δὲ
3296 4534 3582 4605 χαράδρας
3618 4535 3721 4590 τοῦ

2122 4617 2315 4684 ὓδατος
2364 4621 2688 4692 οἰκισθῆναι,
2745 4623 2843 4694 τῆς
2897 4623 3200 4697 βακτηρίας
3243 4626 3613 4698 ᾠκειωμένης
3656 4630 3723 4683 τὸ

2121 4710 2363 4781 ἀσφαλὲς
2398 4716 2512 4777 τοῖς
2544 4715 2878 4785 οἰκήτορσιν.
2932 4717 3143 4788 Ὀνομα
3185 4716 3242 4770 δὲ
3285 4718 3449 4790 μέχρι
3478 4719 3583 4773 τοῦ
3616 4721 3721 4776 νῦν

440 4791 608 4861 pione
682 4795 1035 4852 securitatem
1106 4798 1346 4856 futuram
1415 4803 1616 4858 accolis
1684 4802 2013 4874 spondente,

2123 4766 2234 4855 ἐστι
2254 4766 2637 4875 «(pensans
2655 4766 2990 4874 βακτηρία,

439 4882 847 4940 h‘abitarentur.
891 4885 1102 4945 Nomen
1139 4896 1321 4946 autem
1368 4893 1553 4948 arbori
1593 4909 1769 4966 usque
1804 4894 1872 4949 ad
1911 4893 2016 4951 hoc

435 4983 660 5046 tempus
693 4985 778 5034 est
806 4979 972 5050 scipio
1005 4998 1025 5036 :
1058 4982 1205 5053 quod
1237 4999 1338 5055 pro
1370 4993 1727 5043 monumento
1769 4986 2015 5059 Gregorii

437 5063 695 5123 beneﬁcii
743 5077 908 5141 atque
954 5073 1173 5130 virtutis
1226 5076 1294 5130 ab
1350 5076 1549 5135 incolis
1599 5078 1707 5134 loci
1753 5079 1811 5135 in
1861 5079 2033 5149 omni.

435 5164 690 5253 tempore
732 5172 1005 5220 servatur.
1051 5166 1195 5232 Quid
1234 5182 1300 5223 ex
1346 5171 1686 5242 propheticis
1726 5173 2031 5253 miraculis,

435 5247 530 5305 bis
585 5250 749 5309 rebus
792 5254 876 5309 ἐκ
927 5255 1159 5313 adverso
1203 5261 1591 5333 comparando,
1633 5265 1837 5335 opponi
1886 5256 2011 5320 vis?

438 5335 627 5394 Dicam
645 5338 902 5400 Iordanis
924 5347 1248 5414 sectionem,
1281 5366 1444 5420 quam
1464 5340 1827 5424 percussione
1849 5348 2010 5427 pellis

434 5430 617 5519 ovilla:
650 5441 777 5490 ante
809 5440 1187 5497 ascensionem
1232 5440 1361 5499 fecit
1399 5442 1570 5513 Elias,
1615 5454 1670 5502 et
1696 5457 1820 5519 post
1854 5447 2009 5504 illum

437 5508 657 5576 Eliscus
692 5521 866 5580 haeres
884 5533 937 5581 et
961 5528 1120 5598 pellis
1141 5538 1190 5588 et
1214 5531 1442 5604 spiritus
1472 5508 1659 5594 illius?
1677 5508 1747 5594 Ᾱι
1766 5545 2010 5613 tempore

500 5689 531 5721 ’⁸
566 5692 707 5749 Psal.
731 5711 823 5766 cn,
860 5701 912 5756 9.

2122 4891 2239 4968 ρίου
2271 4894 2494 4965 χάριτος
2535 4894 2629 4949 καὶ
2670 4894 2952 4969 δυνάμεως
2998 4901 3110 4962 τοῖς
3140 4900 3423 4971 ἐγχωρίοις
3456 4902 3516 4955 ὲν
3540 4906 3719 4958 παντὶ

2118 4985 2195 5056 τῷ
2218 4986 2392 5058 χρόνῳ
2410 4986 2743 5058 σωζόμενον.
2762 4989 2826 5053 Τί
2852 4989 3030 5060 βούλει
3054 4990 3264 5057 τούτοις
3288 4993 3396 5046 τῶν
3424 5012 3716 5069 προφητι-

2120 5076 2230 5131 κῶν
2258 5077 2571 5150 ,θαυμὰτων
2617 5082 3112 5155 ἀντιπαρατεθῆναι
3155 5084 3261 5137 ,διὰ
3316 5086 3711 5160 συγκρίσεωςς

2116 5169 2187 5223 El'
2187 5188 2270 5225 πω
2284 5171 2382 5241 τὴν
2394 5169 2484 5225 τοῦ
2497 5172 2759 5245 Ἰορδάνου
2771 5174 2960 5246 τομὴν,
2975 5175 3042 5246 ἣν
3054 5178 3118 5248 τῇ
3135 5175 3316 5248 πληγῇ
3327 5177 3427 5246 τῆς
3441 5179 3710 5251 μηλωτῆς

2116 5260 2145 5312 ὁ
2176 5261 2360 5326 Ἠλίας
2388 5263 2493 5335 πρὸ
2520 5264 2619 5335 τῆς
2665 5265 2852 5319 ἀνόδου
2881 5266 3211 5338 πεποίηται,
3248 5269 3340 5323 καὶ
3375 5272 3500 5340 μετ’
3536 5272 3708 5326 αὐτὸν

2130 5352 2428 5416 Ἐλισσαῖος
2454 5355 2484 5408 ὁ
2511 5354 2847 5429 κληρονόμος
2864 5359 2963 5430 τῆς
3000 5360 3255 5433 μηλωτῆς
3285 5362 3380 5416 καὶ
3408 5361 3505 5416 τοῦ
3538 5363 3704 5417 πνεύ-

2119 5462 2324 5516 ματος;
2359 5434 2503 5501 Ἆλλ*
2530 5449 2622 5503 ἐπὶ
2650 5450 2871 5518 τούτων,
2909 5451 3088 5523 μόνοις
3119 5455 3230 5518 τοῖς
3269 5457 3576 5528 προφήταις
3609 5456 3701 5509 ἐπὶ

2117 5536 2211 5593 τοῦ
2242 5538 2435 5614 καιροῦ
2459 5541 2558 5614 τῆς
2580 5542 2768 5615 χρείας
2798 5544 3106 5616 σχισθέντος
3132 5546 3227 5600 τοῦ
3250 5544 3461 5615 ὓδατος,
3494 5546 3585 5603 διὰ
3605 5544 3700 5602 τοῦ
