2001 3103
163 135 219 165 93⁸5

660 134 704 162 DE
721 135 802 163 VITA
827 136 854 163 ἓ.
875 134 1040 163 GRECORlI
1056 135 1319 164 TIIAUMATL'RGI.

1744 134 1795 162 οδε

166 192 304 229 ῥεύματος
327 191 453 223 διαϐατὸς
480 191 494 217 ὁ
521 191 656 227 Ἰορδάνης
677 192 800 226 ἐγένετο,
833 191 957 218 τοσοῦτον

1012 192 1107 220 horum
1120 193 1327 227 prophetarum,
1343 199 1403 219 cuni
1418 199 1469 219 usu
1482 195 1613 226 poscente
1628 197 1697 226 aqua
1709 191 1798 219 scissa

164 237 287 273 διασχὼν
302 237 331 263 ἐν
355 236 444 272 ἐαυτῷ
457 236 487 264 τὸ
505 237 620 272 ῥεῖθρον,
636 237 697 263 ὅσον
712 238 768 268 τοῖς
790 237 853 263 ποσὶ
867 246 956 273 παρα-

165 284 242 318 σχεῖν
254 283 310 309 τῶν
338 282 488 318 προφητῶν
504 282 548 309 διὰ
568 281 649 318 ξηροῦ
662 282 708 309 τοῦ
722 282 857 317 πυθμένος
876 283 958 309 ἐνδιο-

163 330 270 362 δεῦσαι,
284 329 323 365 τῷ
338 329 366 356 δὲ
380 330 479 364 ἐφεξῆς
492 329 579 365 χρόνῳ
593 330 640 356 καὶ
657 330 712 361 τοῖς
725 329 828 361 λοιποῖς
843 329 897 356 τῶν
911 330 958 355 ἀν-

165 375 284 410 θρώπων
308 375 428 407 τοιοῦτος
450 374 502 411 ἦν,
525 373 580 407 οἷος
598 375 644 402 καὶ
669 375 785 408 πρόσθεν
806 373 850 411 ἦν.
869 375 957 407 Λύκος

166 422 269 452 ἐκεῖνος
288 421 360 452 ἅπαξ
378 421 514 452 ἀπωσθεὶς
530 422 580 455 τῆς
604 420 721 447 ἀτάκτου
747 421 843 456 φορᾶς,
867 421 910 452 είς
928 420 957 447 τὸ

165 465 209 490 ἀεὶ
223 465 253 490 τὸ
269 465 362 499 θαῦμα
383 465 428 491 τοῦ
444 465 593 500 Γρηγορίου
610 466 692 497 ποιεῖ,
712 465 794 491 παντὶ
809 464 847 500 τῷ
860 464 957 500 ἑφεξῆς

166 512 254 546 χρόνῳ
268 512 388 542 τοιοῦτος
404 511 502 545 μένων,
523 509 578 537 οἷον
594 511 674 538 αὑτὸν
687 512 704 547 ἡ
717 511 764 538 τοῦ
784 511 901 547 μεγάλου
914 512 958 538 πί-

167 565 225 588 στις
248 558 276 582 ἐν
300 557 337 592 τῷ
358 557 445 592 καιρῷ
459 557 508 591 τῆς
524 558 744 593 θαυματουργίας
767 558 906 593 ἐποίησεν.
927 556 957 584 '0

168 603 268 633 σκοπὸς
288 602 316 628 δὲ
339 603 392 628 τῶν
417 602 567 637 γινομένων
587 603 648 638 οὐχὶ
664 604 680 638 ἡ
701 603 755 629 τῶν
772 602 896 638 ὁρώντων
910 602 956 629 ἕκ-

166 649 265 684 πληξις
286 647 320 684 ἦν
334 670 340 681 ,
362 648 448 684 ἀλλ’ἢ
470 649 524 674 τῶν
540 649 756 684 προσοικούντων
779 649 819 684 τῷ
843 648 957 685 ποταμῷ

169 695 300 730 σωτηρία.
327 695 409 721 Ὥστε
430 694 478 720 τοῦ
493 694 631 730 θαύματος
643 694 673 720 τὸ
686 695 743 721 ἴσον
759 694 865 730 ἔχοντος
881 695 958 730 (ὑπο-

168 742 253 776 χωρεῖ
270 741 324 776 γὰρ
350 741 397 767 καὶ
421 742 477 771 τοῖς
496 741 648 776 προφήταις
664 740 761 776 καὶτῷ
779 742 884 776 μιμητῇ
903 739 957 766 τῶν

168 787 317 822 προφητῶν
337 786 408 813 κατὰ
422 787 451 813 τὸ
470 786 525 813 ἴσον
539 788 555 822 ἡ
574 786 621 813 τοῦ
642 786 737 818 ὕδατος
754 786 855 821 φύσις),
868 787 891 812 εἰ
904 785 956 822 χρὴ

170 833 239 868 μετὰ
254 833 411 869 παρρησίας
428 834 525 865 εἰπεῖν,
546 833 701 860 πλεονεκτεῖ
715 832 754 868 τῷ
774 832 956 868 φιλανθρώπῳ

1009 244 1099 271 esset.
1124 239 1240 271 accidit,
1263 243 1292 266 ut
1310 238 1362 273 ipsi
1385 239 1435 266 soli
1463 238 1601 274 prophetae
1624 246 1674 273 per
1695 237 1798 265 ﬁumen

1008 283 1137 311 Jordanis
1156 284 1273 311 transire
1289 287 1402 318 possent
1415 305 1421 317 ,
1446 291 1508 310 cum
1530 282 1626 310 tandiu
1644 283 1735 310 amnis
1753 282 1799 309 ille

1010 330 1037 357 in
1055 337 1116 358 sese
1134 329 1236 357 ﬁumen
1251 329 1413 362 ditluxisset,
1435 329 1499 356 dum
1518 329 1600 357 siccis
1621 329 1737 364 pedibus
1751 336 1800 364 per

1012 376 1119 403 aridum
1147 377 1253 403 alveum
1286 375 1425 410 propheta:
1450 375 1610 402 transirent.
1640 374 1799 410 Insequenti

1008 431 1073 451 vero
1089 428 1210 458 tempore
1225 422 1338 457 reliquis
1360 429 1468 456 quoque
1485 421 1641 448 hominibus
1653 421 1716 448 talis
1726 424 1798 452 erat,

1008 469 1098 504 qualis
1113 469 1194 496 etiam
1207 473 1269 495 ante
1286 467 1432 494 transitum
1447 467 1557 494 illorum
1575 476 1581 494 :
1600 465 1689 502 Lycus
1705 469 1797 492 autem

1008 514 1054 542 ille
1068 515 1153 542 semel
1175 514 1209 541 ab
1227 513 1355 541 insolenti
1376 517 1459 548 atque
1480 512 1638 539 inordinato
1654 519 1738 539 cursu
1756 518 1800 538 re-

1007 562 1116 596 pulsus,
1138 568 1236 588 recens
1258 560 1285 587 in
1304 563 1465 595 perpetuum
1489 557 1614 593 Gregorii
1633 557 1800 584 miraculum

1009 606 1085 638 facit,
1106 606 1181 633 omni
1198 609 1349 632 conseeuto
1368 609 1491 639 tempore
1510 603 1572 630 talis
1585 610 1712 636 manens,
1728 610 1799 638 qua-

1007 651 1060 678 lem
1075 658 1137 678 eum
1150 650 1240 685 magni
1252 650 1327 677 illius
1340 649 1419 681 ﬁdes,
1434 656 1488 684 quo
1502 653 1622 684 tempore
1635 647 1799 674 miraculum

1007 697 1161 728 edebatur,
1190 696 1291 724 ell'ecit.
1316 695 1384 722 Nam
1408 695 1580 730 propositum
1611 693 1652 721 rei
1674 692 1800 729 gerenda:

1008 749 1064 769 non
1087 749 1120 769 eo
1137 742 1290 777 spectabat,
1306 745 1335 769 ut
1349 741 1396 777 qui
1413 741 1538 768 viderent
1557 740 1798 774 obstupescerent,

1007 787 1056 816 sed
1069 792 1098 815 ut
1109 787 1210 815 accolae
1223 786 1344 814 ﬂuminis
1360 791 1546 814 servarentur.
1564 785 1659 821 itaque
1670 792 1732 812 cum
1749 792 1801 819 par

1010 835 1045 862 sit
1058 833 1222 861 miraculum
1242 833 1333 869 (cadit
1357 833 1429 860 enim
1449 840 1482 860 ex
1500 840 1579 868 aequo
1598 835 1697 859 natura
1721 838 1800 866 aqua;

165 879 198 905 τὸ
215 879 290 913 παρὰ
302 878 396 904 τούτου
411 878 554 913 γενόμενον
563 899 569 911 ,
582 877 616 904 δι’
630 875 660 905 οὗ
673 877 726 904 τῶν
741 877 956 913 προσοικούντων

1012 883 1066 907 tam
1085 880 1238 916 prophetis,
1256 887 1337 914 quam
1360 878 1493 906 imitatori
1516 876 1748 913 prophetarum),
1774 876 1800 905 si

167 923 184 957 ἡ
208 922 330 957 σωτηρία
354 922 572 957 κατησφαλίσθη,
599 922 645 949 τοῦ
671 921 767 954 ὓδατος
795 921 956 958 πεδηθέντος

167 967 242 1000 ἆπαξ
256 968 314 994 κατ’
334 968 423 994 ἐκεῖνο
442 968 487 994 τοῦ
514 967 659 1003 ῥεύματος,
680 968 727 994 καὶ
740 968 867 1003 ἀκινήτου
889 967 957 1003 πρὸς

166 1012 198 1039 τὸ
210 1013 307 1047 ἐφεξῆς
321 1012 503 1047 διαμένοντος.
517 1012 636 1047 Ἐπειδὴ,
650 1012 788 1046 πανταχοῦ
804 1010 958 1048 τῆς-χώρας

167 1058 222 1084 τῶν
239 1057 367 1084 τοιούτων
391 1058 537 1092 θαυμάτων
558 1057 773 1092 διαφοιτώντων,
795 1058 828 1092 τῇ
844 1057 957 1092 δυνάμει

166 1106 218 1139 τῆς
227 1106 266 1136 εἰς
283 1104 400 1140 Χριστὸν
415 1104 532 1135 πίστεως
543 1103 711 1139 ἐνεργεῖσθαι
723 1103 955 1138 πεπιστευμένων,

166 1150 216 1176 καὶ
231 1150 330 1182 πάντες
347 1150 467 1185 μετέχειν
483 1150 636 1184 ἐπεθύμουν
654 1149 761 1184 ἐκείνης
776 1150 825 1183 τῆς
841 1148 958 1180 πίστεως

166 1195 219 1230 τῆς
244 1196 296 1222 ὑπὸ
317 1195 370 1222 τῶν
391 1195 519 1222 τοιούτων
546 1194 772 1231 μαρτυρουμένης
797 1193 956 1229 θαυμάτων,

165 1242 216 1268 καὶ
228 1241 364 1276 πανταχοῦ
383 1241 479 1277 προῄει
493 1241 522 1267 τὸ
535 1242 677 1276 κήρυγμα,
693 1239 740 1266 καὶ
754 1239 865 1274 ἐνεργὸν
879 1236 913 1274 ἦν
926 1238 956 1265 τδ

166 1288 319 1322 μυστήριον
340 1288 386 1313 καὶ
400 1288 416 1322 ἡ
431 1286 531 1321 σπουδὴ
550 1286 619 1321 πρὸς
634 1286 665 1312 τὸ
679 1284 781 1320 ἀγαθὸν
794 1284 957 1317 ἐπετείνετο,

164 1332 218 1367 τῆς
235 1331 386 1367 ἱερωσύνης
403 1332 478 1367 παρὰ
496 1332 563 1358 πᾶσι
584 1329 799 1365 καθισταμένης,
816 1330 854 1361 ὡς
867 1329 901 1356 ἂν
915 1328 959 1369 διᾲ

166 1378 280 1404 πάντων
294 1379 310 1413 ἡ
326 1378 416 1409 πίστις
429 1377 571 1408 πλεονάζοι
585 1376 633 1403 καὶ
647 1376 755 1410 αὔξοιτο
764 1384 770 1391 ·
792 1375 900 1409 γίνεται
912 1372 958 1401 οὖν

166 1423 301 1458 πρεσϐεῖα
315 1424 383 1459 πρὸς
406 1424 487 1450 αὑτὸν
503 1424 534 1449 ἐκ
553 1422 656 1454 πόλεώς
675 1431 748 1453 τινος
760 1420 957 1456 ἀστυγείτονος,

165 1470 255 1496 ἐλθεῖν
272 1470 340 1506 πρὸς
356 1471 463 1502 αὐτοὺς,
481 1471 528 1496 καὶ
544 1470 599 1505 ’τὴν
624 1471 687 1505 παρ’
703 1470 795 1502 αὐτοῖς
812 1467 958 1503 ἐκκλησίαν

164 1517 212 1544 διὰ
223 1516 273 1552 τῆς
285 1517 435 1552 ἱερωσύνης
446 1517 642 1552 συστήσασθαι.
665 1517 787 1552 Κώμανα
797 1516 825 1542 δὲ
837 1517 870 1551 τῇ
883 1515 959 1542 πόλει

1010 927 1127 962 ingenue
1141 927 1233 954 dicere
1246 925 1291 959 (id
1307 925 1379 961 quod
1395 933 1439 952 res
1455 924 1514 959 est)
1530 927 1656 958 oportet:
1670 923 1758 958 major
1770 923 1799 950 in

1008 972 1101 1007 hujus,
1120 979 1202 1007 quam
1223 972 1250 999 in
1269 971 1378 998 illorum
1400 970 1473 997 tacto
1496 969 1655 996 humanitas
1674 972 1727 1001 est,
1750 976 1800 1003 per

1009 1017 1083 1052 quod
1100 1018 1176 1045 salus
1191 1017 1293 1045 accolis
1305 1017 1331 1044 in
1351 1020 1412 1043 tuto
1429 1015 1562 1043 collocata
1576 1019 1627 1048 est,
1651 1022 1713 1043 cum
1729 1022 1800 1050 aqua

1008 1063 1084 1091 circa
1108 1063 1181 1090 illam
1205 1066 1309 1098 partem
1333 1061 1454 1089 ﬂuminis
1473 1061 1558 1089 semel
1577 1061 1698 1089 coercita
1718 1064 1801 1096 atque

1008 1114 1136 1142 repressa
1157 1107 1239 1135 etiam
1257 1107 1285 1134 in
1311 1111 1450 1142 posterum
1473 1108 1656 1141 permanserit
1672 1106 1799 1133 immota.

1007 1152 1189 1187 Posteaquam
1216 1156 1308 1180 autem
1336 1151 1471 1187 ejusmodi
1499 1152 1712 1184 miraculorum,
1736 1158 1800 1187 qua:

1009 1199 1111 1227 virtute
1126 1198 1188 1226 ﬁdei
1202 1198 1229 1226 in
1244 1198 1384 1226 Christum
1403 1198 1462 1225 ﬁeri
1473 1197 1666 1229 credebantur,
1680 1197 1752 1224 fama
1771 1197 1800 1225 in

1008 1252 1105 1272 omnes
1130 1248 1225 1280 partes
1253 1244 1377 1280 regionis
1403 1243 1579 1276 dimanante,
1606 1251 1703 1271 omnes
1726 1243 1801 1271 illius

1011 1291 1085 1323 ﬁdei,
1099 1298 1159 1326 quae
1175 1291 1271 1318 talium
1290 1290 1487 1318 miraculorum
1501 1289 1659 1317 testimonio
1674 1297 1802 1326 compro-

1009 1337 1135 1368 baretur,
1156 1336 1303 1372 participes
1319 1344 1381 1364 esse
1394 1335 1560 1374 cupiebant,
1571 1339 1598 1363 et
1615 1336 1717 1371 ubique
1730 1343 1801 1371 prat-

1010 1383 1114 1411 dicatio
1135 1382 1312 1418 procedebat,
1333 1381 1496 1418 mysterium
1513 1382 1669 1417 (strenue)
1685 1389 1801 1410 exerce-

1009 1427 1110 1460 batur,
1133 1427 1255 1455 studiuin
1281 1426 1345 1454 boni
1372 1426 1587 1454 intendebatur:
1605 1426 1707 1461 quippe
1730 1427 1802 1462 apud

1011 1480 1107 1501 omnes
1125 1472 1311 1501 sacerdotium
1336 1472 1575 1505 constituebatur,
1591 1476 1620 1500 ut
1636 1480 1685 1508 per
1706 1472 1803 1500 omnia

1013 1518 1080 1546 ﬁdes
1102 1522 1239 1546 cresceret
1259 1522 1287 1546 et
1308 1522 1456 1553 augeretur
1471 1527 1478 1546 :
1495 1518 1599 1545 idcirco
1632 1525 1665 1545 ex
1685 1518 1803 1547 ﬁnitima

165 1551 297 1598 τοῦνομα,
348 1551 544 1598 ἐπιξενωθῆναι
559 1562 604 1590 τὸν
616 1562 703 1598 μέγαν
717 1562 809 1598 ἠξίουν
825 1561 960 1597 πανδημεὶ

1013 1564 1132 1600 quadam
1145 1565 1258 1592 civitate
1271 1551 1389 1591 mittitur
1400 1564 1434 1591 ad
1447 1572 1510 1592 eum
1529 1564 1639 1600 legatio,
1656 1569 1686 1591 ut
1696 1564 1804 1592 veniret

170 1608 275 1640 στάντες
293 1609 342 1644 τὴν
354 1609 436 1644 χάριν
448 1610 613 1644 αἰτούμενοι.

1015 1610 1049 1637 ad
1067 1610 1152 1644 ipsos,
1164 1614 1192 1637 et
1208 1609 1371 1640 Ecclesiam,
1385 1616 1446 1644 quae
1463 1613 1536 1637 esset
1550 1609 1622 1643 apud
1637 1616 1696 1641 eos,
1713 1616 1804 1638 sacer-

166 1658 234 1684 dote
251 1656 396 1691 designato
416 1658 608 1684 constitueret.
629 1655 751 1684 Cumana
770 1659 860 1684 autem
885 1656 993 1684 civitati
1009 1665 1109 1685 nomen
1144 1660 1203 1684 erat
1221 1665 1228 1683 :
1263 1655 1344 1692 cujus
1355 1658 1394 1692 ,ut
1426 1656 1527 1692 hospes
1559 1664 1677 1692 magnus
1695 1656 1747 1685 iste
1761 1657 1805 1685 vir

166 1713 233 1733 esse
253 1704 353 1736 vellet,
375 1705 457 1739 vulgo
483 1712 580 1732 omnes
608 1704 680 1731 hanc
697 1705 804 1732 veniam
828 1704 881 1732 sibi
900 1704 961 1732 dari
981 1708 1105 1740 petentes
1120 1704 1247 1732 orabant.

204 1751 353 1785 Γενόμενος
377 1751 465 1776 τοίνυν
494 1751 559 1786 παρ’
585 1750 677 1781 αὐτοῖς
697 1750 745 1777 καὶ
776 1749 965 1784 συνδιαγαγὼν

168 1797 281 1832 ἡμέρας
297 1796 381 1827 τινὰς,
399 1795 446 1821 καὶ
464 1795 562 1830 μᾶλλον
575 1795 665 1826 αὐτοῖς
677 1794 725 1830 τὴν
737 1794 801 1830 περὶ
816 1794 847 1821 τὸ
863 1795 966 1830 μυστή-

170 1851 229 1878 ριον
250 1842 396 1877 ἐπιθυμίαν
413 1841 514 1876 ἐξάψας
534 1839 573 1873 οἷς
591 1841 678 1868 ἐποίει
689 1849 718 1867 τε
735 1841 782 1868 καὶ
799 1840 963 1875 ἑφθέγγετο“

169 1887 265 1923 ἐπειδὴ
279 1887 373 1923 καιρὸς
385 1886 419 1923 ἦν
434 1888 481 1914 καὶ
495 1888 544 1923 τὴν
560 1886 813 1924 πρεσϐείαναὺτῶν
824 1888 863 1919 είς
878 1886 965 1922 πέρας

169 1931 269 1962 ἐλθεῖν,
282 1932 328 1958 καὶ
341 1932 532 1967 ἀναδειχθῆναι
544 1940 604 1958 τινα
617 1932 665 1967 τῆς
676 1932 740 1968 παρ’
752 1930 962 1967 αὑτοῖςῈκκλη-

172 1976 234 2008 σίας
243 1976 375 2012 ἀρχιερέα
386 1985 392 1991 ·
406 1977 465 2002 τότε
479 1977 533 2002 τῶν
547 1977 595 2011 μὲν
606 1977 634 2003 ἐν
644 1976 716 2003 τέλει
731 1976 840 2003 πάντων
853 1977 880 2002 αἱ
892 1975 962 2010 γνῶ-

173 2023 293 2057 μαιτοὺς
306 2022 432 2058 προέχειν
445 2023 590 2054 δοκοῦντας
598 2022 669 2058 λόγῳ
679 2031 708 2049 τε
721 2022 768 2049 καὶ
781 2022 864 2056 γένει,
873 2022 918 2048 καὶ
926 2021 959 2057 τῇ

173 2068 254 2103 λοιπῇ
269 2069 432 2103 περιφανείᾳ
443 2068 674 2104 περιειργάζοντο.
686 2069 779 2104 ᾬοντο
791 2067 855 2102 γὰρ,
868 2067 961 2102 ἐπειδὴ

174 2113 320 2140 καὶταῦτα
331 2114 395 2150 περὶ
407 2114 453 2140 τὸν
471 2113 556 2148 μέγαν
565 2113 712 2149 Γρηγόριον
724 2111 767 2148 ἦν,
781 2113 847 2148 μηδὲ
859 2113 962 2139 τούτων

174 2160 228 2186 δεῖν
246 2159 360 2195 ἄμοιρον
377 2158 462 2193 εἶναι,
478 2161 523 2187 τὸν
547 2160 592 2186 ἐπὶ
612 2160 661 2195 τὴν
678 2159 757 2195 χάριν
771 2160 873 2194 ταύτην
887 2158 963 2194 ἐρχό-

1050 1751 1119 1778 (Ium
1143 1750 1265 1778 venisset
1288 1756 1354 1785 ergo
1369 1749 1403 1778 ad
1419 1757 1484 1784 eos,
1506 1753 1534 1778 et
1556 1750 1661 1785 aliquot
1674 1750 1735 1779 dies
1749 1758 1804 1779 una

1014 1799 1195 1824 conversatus
1212 1799 1269 1823 tum
1288 1795 1387 1828 dictis,
1404 1799 1461 1823 tum
1479 1794 1560 1823 factis
1575 1796 1632 1823 suis
1649 1795 1738 1831 magis
1755 1803 1805 1824 eo-

1014 1851 1074 1870 rum
1090 1843 1210 1870 studium
1222 1850 1286 1878 erga
1300 1842 1459 1878 mysterium
1475 1842 1655 1876 incendisset,
1670 1850 1734 1870 cum
1745 1842 1802 1877 jam

1015 1893 1122 1924 tempus
1145 1891 1219 1916 esset
1247 1888 1331 1915 etiam
1359 1887 1385 1915 id
1414 1887 1572 1923 negotium,
1598 1891 1711 1922 propter
1727 1887 1802 1923 quod

1015 1934 1096 1969 legati
1118 1932 1153 1960 ad
1171 1941 1232 1961 eum
1257 1933 1334 1960 missi
1356 1937 1446 1966 erant,
1467 1932 1501 1960 ad
1515 1934 1620 1960 exitum
1637 1932 1803 1967 deducendi,

1013 1987 1046 2006 ac
1062 1978 1225 2014 designandi
1244 1978 1361 2013 aliquem
1384 1986 1479 2006 eorum
1496 1978 1626 2006 Ecclesia:
1642 1979 1803 2014 primarium

1013 2025 1184 2052 sacerdotem
1204 2032 1210 2050 ε
1230 2027 1295 2051 tunc
1313 2023 1467 2059 principum
1488 2024 1601 2059 quidem
1618 2028 1646 2051 et
1659 2025 1805 2060 magistras

1014 2075 1090 2098 tuum
1105 2069 1226 2098 civitatis
1244 2070 1367 2097 omnium
1385 2070 1528 2097 sententiae
1548 2071 1576 2098 in
1592 2070 1644 2098 hoc
1665 2076 1804 2105 occupata

1015 2121 1102 2149 erant,
1120 2120 1149 2143 ut
1168 2115 1249 2143 anxie
1270 2120 1352 2150 atque
1369 2115 1479 2143 curiose
1499 2115 1671 2151 inquirerent
1686 2123 1718 2143 ac
1734 2116 1805 2143 scis-

1016 2162 1178 2195 citarentur,
1196 2162 1243 2197 qui
1257 2161 1425 2196 eloquentia,
1438 2161 1485 2196 qui
1505 2168 1618 2196 genere,
1640 2162 1806 2196 reliquoque

176 2214 268 2241 μενον.
283 2206 407 2242 Πολλαχῆ
421 2206 447 2232 δὲ
461 2209 520 2238 ταῖς
535 2206 634 2242 ψήφοις
649 2206 845 2242 μεριζομένων,
862 2206 908 2232 καὶ
924 2205 960 2232 ἄλλ

1017 2208 1080 2235 vita:
1095 2207 1243 2243 splendore
1260 2211 1375 2235 czeteros
1388 2207 1542 2241 praecedere
1556 2207 1706 2235 videretur.
1721 2207 1806 2235 Puta-

175 2252 230 2279 λων
244 2252 322 2279 ἄλλον
337 2253 570 2288 προαιρουμένων,
587 2253 717 2288 ἀνέμενεν
738 2254 752 2279 ὁ
773 2252 860 2288 μέγας
873 2251 964 2278 θεόθεν

175 2297 252 2334 αὐτῷ
268 2298 393 2332 γενέσθαι
405 2299 465 2325 τινὰ
479 2299 545 2334 πρὸς
564 2298 594 2325 τὸ
609 2298 787 2333 προκείμενον
799 2298 963 2333 συμϐουλήν.

176 2344 231 2371 Καὶ
238 2342 330 2376 καθὼς
337 2345 351 2371 ὁ
359 2344 484 2379 Σαμουὴλ
493 2343 700 2379 μνημονεύεται,
713 2344 750 2379 μὴ
757 2343 965 2378 καταπλαγῆναι

177 2391 276 2424 κάλλος
291 2392 426 2426 σωμάτων
446 2391 493 2417 καὶ
515 2391 627 2426 μέγεθος
650 2391 677 2417 ἐν
698 2392 730 2426 τῇ
753 2391 803 2425 τῆς
828 2390 966 2426 βασιλείας

177 2437 277 2474 κρίσει,
291 2438 358 2464 ἀλλὰ
371 2437 458 2472 ψυχὴν
468 2436 605 2471 ἐπιζητεῖν
615 2436 765 2472 βασιλικὴν.
776 2437 826 2463 κᾶν
842 2437 871 2463 ἐν
883 2445 966 2463 κατα-

176 2483 354 2519 φρονουμένῳ
370 2483 475 2518 σώματι
488 2482 573 2518 τύχῃ·
596 2482 642 2508 τὸν
665 2482 744 2509 αὑτὸν
759 2482 859 2518 τρόπον
873 2482 965 2509 κάκεῖ-

176 2539 236 2563 νος,
265 2531 314 2562 τὰς
337 2529 401 2565 περὶ
425 2529 540 2555 ἑκάστου
560 2527 613 2554 τῶν
635 2527 826 2563 ἐψηφισμένων
849 2529 967 2560 σπουδὰς

176 2575 380 2611 παραϐλέπων,
406 2575 473 2610 πρὸς
490 2574 518 2600 ἓν
543 2573 656 2609 ἀφεώρα
679 2573 775 2609 μόνον,
805 2574 831 2600 ετ
851 2583 892 2605 τις
920 2575 966 2601 καὶ

176 2621 234 2657 πρδ
247 2622 297 2656 τῆς
309 2620 503 2656 ἀνακηρύξεως
514 2640 521 2651 ,
546 2619 579 2646 δι’
596 2618 754 2655 ἐπιμελείας
768 2619 826 2655 βίου
841 2620 887 2646 καὶ
903 2620 967 2656 ἁρε-

176 2668 240 2703 τῆς,
250 2668 280 2694 ἐν
295 2667 335 2702 τῷ
344 2668 438 2703 τρόπῳ
451 2667 498 2701 τὴν
515 2665 663 2702 ἱερωσύνην
674 2666 762 2701 φέροι.
783 2666 827 2698 Ὠς
839 2666 865 2693 δὲ
876 2666 901 2692 oi
918 2666 967 2702 μὲν

177 2713 304 2750 παρῆγον
320 2714 383 2745 τοὺς
398 2712 636 2748 ὑπεψηφισμένους
660 2713 717 2747 μετ’
733 2712 889 2748 ἐγκωμίων,
900 2712 967 2738 ἕκα-

178 2769 243 2793 στος
257 2761 303 2787 τὸν
318 2761 384 2796 παρ’
407 2759 490 2786 αὐτοῦ
511 2758 743 2794 προϐαλλόμενος,
768 2759 782 2784 ὁ
795 2758 823 2784 δὲ
835 2759 882 2785 καὶ
899 2757 968 2793 πρὸς

177 2806 243 2837 τοὺς
257 2805 463 2840 εὐτελεστέρους
478 2803 549 2830 κατὰ
566 2802 652 2829 τὸτοῦ
671 2802 728 2837 βίου
745 2802 838 2837 σχῆμα
859 2801 967 2837 βλέπειν

178 2850 322 2878 ικελεύετο
345 2849 470 2885 (δυνατὸν
495 2848 548 2883 γὰρ
563 2845 631 2874 εἶναι
654 2847 700 2873 καὶ
715 2847 744 2873 ἐν
765 2848 821 2878 τοῖς
838 2848 966 2877 τοιούτοις

1016 2253 1082 2280 bant
1101 2252 1186 2284 enim,
1204 2252 1332 2287 quoniam
1352 2251 1434 2279 etiam
1448 2251 1492 2279 his
1509 2250 1589 2279 bonis
1602 2259 1719 2286 magnus
1735 2251 1806 2279 Gre-

1016 2299 1110 2334 gorius
1133 2298 1290 2326 cumulatus
1313 2301 1386 2330 erat,
1408 2304 1459 2325 nec
1473 2304 1568 2324 earum
1588 2296 1698 2332 quidem
1712 2304 1805 2324 rerum

1017 2347 1145 2378 oportere
1159 2348 1298 2378 expertem
1316 2350 1387 2373 esse,
1406 2342 1452 2377 qui
1467 2342 1501 2369 ad
1517 2342 1570 2369 hoc
1583 2349 1683 2369 munus
1700 2341 1805 2376 delige-

1017 2394 1104 2416 retur.
1119 2388 1186 2416 Cum
1199 2393 1290 2415 autem
1308 2388 1335 2415 in
1350 2388 1449 2415 inultas
1466 2391 1558 2422 partes
1574 2387 1713 2423 suffragiis
1730 2388 1805 2415 scin-

1016 2434 1158 2466 derentur,
1170 2439 1195 2461 et
1205 2434 1250 2461 alii
1260 2434 1343 2461 alium
1352 2436 1535 2468 praeoptarent
1542 2437 1624 2467 atque
1632 2432 1804 2468 praeferrent,

1016 2481 1194 2516 exspectabat
1211 2480 1256 2508 ille
1270 2479 1312 2506 vir
1329 2486 1445 2514 magnus
1467 2477 1602 2506 divinitus
1623 2478 1734 2514 aliquod
1751 2479 1805 2507 sibi

1018 2528 1165 2555 consilium
1182 2526 1215 2553 ad
1229 2526 1401 2561 propositum
1416 2524 1555 2560 negotium
1569 2525 1748 2560 suppeditari.
1764 2525 1805 2553 Ac

1017 2571 1248 2608 quemadmodum
1266 2571 1376 2599 Samuel
1391 2572 1418 2598 in
1431 2570 1556 2606 eligendo
1570 2578 1633 2606 rege
1649 2570 1735 2599 fertur
1749 2578 1804 2598 non

1018 2617 1222 2653 pulchritudine
1248 2625 1298 2645 nec
1324 2616 1513 2652 magnitudine
1538 2623 1684 2651 corporum
1713 2620 1806 2644 motus

1018 2670 1090 2695 esse,
1114 2661 1161 2690 sed
1182 2662 1305 2689 animum
1324 2662 1428 2697 regium
1445 2661 1635 2696 requisivisse,
1653 2661 1760 2689 etiamsi
1777 2661 1806 2689 in

1019 2711 1176 2742 contempto
1193 2706 1263 2734 forte
1279 2713 1395 2741 corpore
1413 2706 1579 2741 reperiretur
1594 2715 1602 2733 :
1618 2706 1712 2734 eodem
1726 2707 1807 2734 modo

1019 2753 1102 2781 etiam
1124 2752 1180 2783 illc,
1199 2750 1299 2779 studiis
1320 2758 1384 2786 erga
1397 2757 1619 2785 unumquemque
1632 2757 1738 2782 corum,
1757 2750 1805 2785 qui

1019 2799 1243 2831 destinabantur,
1267 2797 1398 2834 neglectis
1409 2818 1417 2832 ,
1432 2797 1458 2824 id
1473 2805 1557 2824 unum
1575 2796 1708 2824 duntaxat
1725 2804 1805 2831 spec-

1019 2845 1113 2877 tabat,
1134 2851 1167 2871 an
1186 2843 1286 2879 aliquis
1307 2843 1389 2871 etiam
1411 2846 1474 2871 ante
1492 2841 1706 2871 declarationem
1723 2842 1800 2869 indw
