4002 6206
427 267 528 325 955

1665 262 1723 316 S.
1763 254 2088 314 GREGORII
2121 251 2417 310 NYSSENI

3563 246 3657 304 936

423 380 558 440 stria
599 380 724 435 vitae
773 386 936 450 atque
985 377 1188 432 virtute
1218 376 1276 430 in
1322 375 1569 430 muribus
1623 373 1989 430 sacerdotium

2113 367 2387 441 εὑρεθῆναί
2423 383 2544 420 τινα
2593 366 2699 419 τῶν
2741 365 3211 434 περιφανεστέρων
3255 360 3334 431 τῷ
3381 351 3482 431 βίῳ
3530 358 3662 412 κατά

422 479 682 544 gestaret.
719 470 855 524 Cum
907 477 1088 522 autem
1132 466 1211 521 illi
1256 466 1478 536 quidem
1508 466 1872 536 producerent
1901 479 1996 518 eos

424 564 492 621 de
517 563 715 634 quibus
750 560 1072 631 suffragium
1115 557 1372 624 ferretur,
1413 573 1575 627 quem
1608 556 1845 626 quisque
1870 572 1998 625 pro-

425 662 668 710 moveret
717 651 839 721 ejus
897 649 1256 704 honorificam
1312 650 1648 704 mentionem
1703 648 1996 710 facientes,

426 755 589 814 atque
614 743 723 807 hic,
749 752 810 796 ut
842 743 1005 796 etiam
1035 741 1290 796 viliorum
1319 739 1489 809 (quod
1520 739 1586 794 ad
1618 739 1737 792 vitae
1764 738 1998 808 speciem

427 833 644 904 attinet)
690 835 956 888 rationem
1004 832 1274 887 haberent
1313 846 1412 887 eos
1453 831 1768 885 hortaretur
1819 833 2003 899 (posse

427 925 576 980 enim
621 925 784 980 etiam
832 926 886 978 in
923 925 1123 978 talibus
1153 923 1381 992 reperiri
1414 922 1671 992 aliquem,
1712 921 1804 990 qui
1834 923 2001 974 animi

428 1018 591 1072 bonis
617 1032 781 1087 super
813 1033 908 1072 eos
941 1017 1228 1079 emineret,
1254 1016 1346 1085 qui
1379 1015 1505 1069 vitae
1535 1013 1829 1083 splendore
1863 1027 2006 1082 prte-

432 1111 716 1172 starent):
762 1107 984 1166 quidam
1021 1123 1089 1162 ex
1130 1107 1230 1170 iis,
1281 1107 1372 1175 qui
1411 1116 1678 1175 praeerant
1733 1102 2006 1172 suffragiis

433 1196 704 1260 ferendis,
745 1210 864 1250 eam
913 1195 1095 1264 magni
1145 1194 1293 1249 illius
1324 1191 1649 1248 sententiam
1683 1206 1782 1260 pro
1811 1198 2004 1246 contu-

432 1288 594 1342 melia
620 1295 784 1355 atque
808 1287 1082 1341 derisionc
1110 1285 1338 1354 accepit,
1365 1285 1435 1349 si,
1461 1298 1584 1337 cum
1615 1277 1798 1337 nullus
1817 1294 2005 1336 eorum

434 1379 529 1449 qui
573 1386 627 1433 et
663 1377 978 1448 eloquentia
1026 1387 1082 1432 et
1119 1377 1385 1446 dignitate
1415 1383 1470 1430 et
1503 1372 1793 1428 manifesto
1829 1372 2009 1426 facul-

435 1475 607 1520 tatum
649 1467 774 1519 vitae
815 1463 1104 1535 Splendore
1148 1465 1365 1520 caeteris
1410 1463 1621 1534 prmlati
1679 1469 1892 1524 essent,
1941 1460 2008 1516 ad

436 1556 802 1612 sacerdotium
839 1556 1239 1618 admitteretur,
1269 1570 1333 1609 ex
1365 1553 1656 1623 opificibus
1688 1551 2009 1615 sellulariis,

437 1645 642 1716 quique
682 1645 870 1698 labore
899 1659 1159 1698 manuum
1192 1644 1361 1698 vitam
1392 1643 1725 1710 tolerarent,
1766 1642 1834 1697 ad
1859 1643 2013 1711 ejus-

2095 460 2187 513 τὸν
2210 459 2437 512 πλοῦτον
2464 458 2564 528 τῆς
2583 457 2762 528 ψυχῆς
2793 456 3162 526 ὑψηλότερον),
3199 454 3362 526 ὓϐριν
3399 449 3556 522 ᾠήθη
3589 468 3664 514 τις

2095 551 2204 603 τῶν
2257 549 2670 620 προεστηκότων
2716 548 2817 618 τῆς
2856 547 3035 618 ψήφου
3075 546 3170 600 καὶ
3219 543 3532 615 χλευασμὸν
3575 543 3668 614 τὴν

2097 639 2350 710 τοιαύτην
2392 639 2485 692 τοῦ
2529 639 2765 710 μεγάλου
2810 637 3018 707 κρίσιν,
3053 640 3121 702 εί,
3166 636 3244 707 τῷ
3267 636 3412 705 λόγῳ
3457 633 3555 688 καὶ
3597 633 3671 703 τῷ

2099 729 2367 801 ἀξιώματι
2408 730 2502 784 καὶ
2545 732 2608 801 τῇ
2648 729 2947 800 φαινομένη
2980 726 3074 780 τοῦ
3124 727 3237 797 βίου
3271 725 3547 798 μαρτυρίᾳ
3587 741 3673 778 κει

2101 819 2373 891 κριμένων
2423 817 2532 870 τῶν
2581 818 2786 881 ἄλλων,
2841 815 3071 886 μηδενὸς
3116 815 3211 868 ἐπὶ
3244 815 3339 884 τὴν
3373 812 3675 885 ἱερωσύνην

2103 910 2552 982 παραδεχθέντος,
2570 911 2636 962 ἐκ
2655 909 2765 962 τῶν
2782 908 3068 977 βαναύσων
3087 906 3223 977 πρὸς
3241 906 3490 976 τοιαύτην
3511 907 3675 977 χάριν
3745 933 3760 940 -

2102 1003 2406 1074 νομίζοιντό
2422 1019 2566 1064 τινες
2585 999 2888 1071 ἀξιώτερον
2907 998 3003 1052 καὶ
3025 999 3140 1066 ἃμα
3155 997 3677 1066 κατειρωνευόμενος

2105 1092 2415 1165 προσελθὼν
2448 1091 2584 1164 πρὸς
2623 1089 2783 1144 αὐτὸν
2808 1131 2823 1155 ,
2869 1092 2939 1144 El
2973 1088 3159 1144 ταῦτα
3195 1089 3482 1154 κελεύεις,
3522 1088 3676 1158 φησι,

2105 1188 2355 1251 τούτους
2387 1184 2504 1254 μὲν
2536 1184 2844 1249 τοιούτους
2891 1181 3071 1247 ὄντας
3107 1179 3500 1249 περιοφθῆναι
3540 1178 3679 1243 τοὺς

2106 1277 2309 1344 πάσης
2332 1275 2782 1344 ἐξειλεγμένους
2807 1271 2915 1340 τῆς
2937 1274 3186 1338 πόλεως,
3206 1272 3276 1324 ἐκ
3294 1270 3362 1323 δὲ
3390 1270 3512 1323 τῶν
3537 1285 3682 1336 συρ-

2107 1365 2301 1438 φετῶν
2324 1369 2411 1434 εἰς
2431 1367 2809 1435 προστασίαν
2837 1365 2947 1434 τῆς
2985 1364 3313 1433 ἱερωσύνης
3339 1359 3682 1428 ἀναληφθῷ

2107 1458 2210 1513 ναί
2227 1474 2390 1522 τινα,
2429 1455 2553 1525 ὥρα
2581 1471 2680 1510 σοι
2724 1455 2943 1510 λοιπὸν
2982 1453 3089 1507 τὸν
3133 1452 3430 1521 ἀνθρακέα
3475 1449 3682 1504 καλεῖν

2111 1548 2211 1602 ἐπὶ
2245 1549 2360 1616 τὴν
2401 1549 2739 1617 ἱερωσύνην
2774 1544 3162 1614 Ἀλέξανδρον
3185 1558 3199 1574 ο
3261 1542 3359 1598 καὶ
3386 1543 3682 1612 μεταϐάν-

2111 1655 2210 1706 τες
2257 1639 2354 1692 ἐπὶ
2397 1639 2646 1703 τοῦτον,
2676 1640 2728 1692 ει
2764 1636 2958 1702 δοκεῖ,
3005 1633 3504 1706 συμφωνήσωμεν
3534 1631 3684 1700 πρὸς

437 1735 587 1790 modi
612 1750 812 1789 munus
843 1734 1012 1804 aliqui
1052 1735 1227 1805 magis
1258 1733 1370 1804 apti
1409 1741 1464 1788 et
1501 1733 2012 1816 idonei.existima—

2113 1730 2423 1799 ἀλλήλους
2449 1730 2578 1796 ταῖς
2609 1728 2836 1800 ψήφοις
2860 1730 2898 1798 ἡ
2929 1730 3104 1794 πόλις
3127 1725 3315 1782 πᾶσα.
3378 1725 3439 1779 '0
3467 1723 3566 1795 μὲν
3591 1719 3684 1776 οὖν

437 1834 664 1892 rentur,
699 1835 753 1881 et
797 1827 963 1882 simul
1001 1826 1268 1882 cavillans
1310 1841 1436 1880 eum
1470 1824 1705 1896 quadam
1752 1825 2012 1880 irrisione

439 1917 508 1971 ad
537 1933 660 1972 eum
687 1955 702 1982 ,
746 1915 805 1972 Si
833 1917 966 1980 haec,
1000 1917 1198 1986 inquit,
1222 1916 1401 1986 jubes,
1434 1929 1492 1970 ut
1526 1916 1579 1969 hi
1617 1916 1827 1987 quidem
1855 1915 2010 1980 tales,

438 2008 530 2079 qui
557 2021 622 2060 ea:
664 2007 808 2060 omni
841 2007 1032 2060 civium
1072 2022 1289 2060 numero
1327 2006 1482 2060 electi
1523 2015 1666 2069 sunt,
1697 2015 2014 2074 praeterean-

441 2106 550 2164 tur,
587 2108 744 2170 atque
775 2113 842 2152 ea:
875 2097 1178 2167 quisquiliis
1209 2106 1260 2150 et
1292 2097 1479 2166 inﬁma
1503 2097 1646 2166 plebe
1677 2114 2013 2153 assumamus

439 2189 665 2261 aliquem
712 2190 782 2243 ad
833 2187 1354 2242 administrationem
1405 2188 1721 2253 sacerdotii,
1773 2191 1865 2258 qui
1918 2189 2016 2244 tali

439 2280 648 2335 civitati
675 2280 880 2346 pra'sit,
912 2289 1114 2349 tempus
1148 2279 1244 2333 tibi
1285 2279 1528 2348 deinceps
1563 2279 1724 2348 fuerit
1758 2282 2015 2336 carbona-

439 2371 583 2426 rium
618 2372 981 2426 Alexandrum
1033 2371 1102 2425 ad
1155 2371 1514 2426 sacerdotium
1567 2372 1826 2438 vocandi,
1861 2383 2018 2444 atque

441 2463 513 2518 ad
535 2463 674 2517 hanc
705 2443 1025 2517 transition}
1052 2463 1222 2532 facta,
1251 2464 1298 2517 si
1328 2464 1558 2530 videtur,
1581 2463 1855 2534 su/fragiis
1881 2443 2018 2520 inter

440 2570 538 2611 nos
572 2555 803 2609 universi
847 2556 981 2608 cives
1014 2556 1422 2608 consentiamus.
1462 2553 1644 2626 Atque
1677 2555 1766 2611 ille
1794 2555 2017 2627 quidem

441 2641 558 2699 haec
590 2643 938 2714 loquebatur,
985 2643 1271 2698 sententiae
1312 2643 1435 2713 ejus
1463 2643 1802 2710 obtrectans,
1829 2658 1895 2699 ac
1921 2659 2018 2714 per

441 2735 546 2789 hoc
595 2735 911 2789 simulatum
961 2743 1017 2789 et
1062 2735 1466 2789 cavillatorium
1504 2734 1824 2806 suffragium
1866 2752 2019 2792 sum-

441 2838 592 2880 mam
623 2831 678 2879 et
715 2833 961 2880 exactam
1004 2825 1342 2896 diligentiam
1379 2827 1434 2880 in
1464 2829 1842 2897 superioribus
1874 2827 2018 2884 vitu-

441 2931 647 2988 perans
682 2930 747 2972 ac
785 2918 1218 2988 reprehendens.
1259 2917 1365 2972 Sed
1407 2934 1604 2990 magno
1646 2920 1724 2974 illi
1767 2937 1863 2992 per
1901 2919 2018 2978 haec

441 3007 591 3062 dicta
621 3007 770 3063 subit
801 3008 1042 3061 animum
1089 3009 1384 3080 cogitatio,
1423 3010 1570 3079 quod
1611 3026 1722 3065 non
1762 3013 1881 3068 sine
1911 3029 2013 3068 nuo

445 3097 594 3154 mine
620 3097 809 3153 divino
835 3099 1134 3153 Alexandri
1168 3115 1197 3154 a
1229 3099 1660 3156 deliberantibus
1689 3103 1830 3159 inter
1858 3113 2018 3160 caete-

442 3204 538 3246 ros
583 3191 784 3245 mentio
827 3189 972 3245 facta
1021 3200 1187 3246 esset.
1243 3188 1307 3244 Et
1342 3195 1492 3263 quis,
1543 3194 1755 3265 inquit,
1787 3205 1866 3250 est
1895 3196 2015 3250 Ale-

444 3284 684 3347 xander,
740 3283 894 3352 cujus
964 3285 1278 3337 mentionem
1331 3285 1579 3353 fecistis?
1636 3285 1841 3342 Deinde
1892 3304 2016 3344 cum

444 3372 669 3444 quidam
699 3375 876 3436 exiis,
904 3373 997 3443 qui
1029 3389 1137 3427 una
1169 3374 1490 3440 intererant,
1518 3391 1640 3430 cum
1671 3376 1786 3432 risu
1815 3393 2020 3434 memo-

446 3469 626 3516 ratum
672 3463 726 3515 in
767 3463 1004 3516 medium
1048 3463 1435 3532 produxisset,
1484 3467 1683 3534 pannis
1719 3466 1922 3524 vilibus
1954 3484 2019 3525 ac

444 3553 685 3610 sordidis
711 3569 778 3606 ne
807 3561 922 3608 toto
949 3553 1175 3621 quidem.
1199 3569 1430 3624 corpore
1462 3557 1746 3622 amictum,
1778 3569 1831 3614 et
1853 3560 2018 3614 simul

444 3645 842 3715 apparentibus
869 3645 1058 3711 rebus,
1088 3645 1348 3700 manibus
1377 3647 1584 3717 pariter
1617 3657 1671 3704 et
1701 3647 1858 3716 facie,
1890 3649 2019 3706 reli-

445 3751 671 3807 quoque
722 3751 956 3807 corpore
1004 3737 1340 3792 carbonibus
1385 3737 1590 3793 infecto
1627 3754 1690 3794 ac
1739 3738 2018 3797 sordidato

445 3827 722 3899 Opificium
744 3836 798 3881 et
821 3837 1088 3897 quaestum
1118 3830 1496 3884 ostendentem
1524 3849 1539 3897 ;
1562 3832 1772 3886 caeteris
1797 3833 2018 3902 quidem

444 3920 594 3976 risus
628 3919 857 3973 materia
888 3925 1006 3973 erat
1034 3918 1159 3974 talis
1199 3919 1256 3972 in
1290 3918 1469 3974 medio
1498 3927 1653 3975 stans
1686 3921 2014 3977 Alexander.

445 4013 514 4067 At
544 4010 916 4082 perspicacem
944 4010 1096 4064 illum
1137 4011 1355 4065 oculum
1391 4011 1619 4067 valdeid
1647 4015 2015 4083 spectaculum

446 4100 913 4172 obstupefaciebat
957 4101 1090 4155 :vir
1147 4100 1200 4154 in
1257 4110 1504 4155 extrema
1551 4111 1908 4173 paupertate,
1955 4119 2020 4160 ac

444 4194 696 4265 neglecto
725 4207 957 4263 corpore
979 4192 1221 4263 seipsum
1249 4192 1426 4248 solum
1459 4203 1736 4263 spectans,
1763 4211 1826 4251 ac
1852 4197 2020 4254 veluti

446 4286 550 4342 sibi
602 4285 826 4356 placens
869 4295 922 4340 et
972 4284 1216 4355 gaudens
1270 4299 1335 4338 eo
1387 4285 1611 4350 habitu,
1656 4287 1749 4356 qui
1798 4286 2017 4344 habitus

2113 1823 2285 1876 ταῦτα.
2324 1822 2619 1892 ἐφθέγγετο
2654 1821 2743 1892 τὴν
2777 1820 3001 1892 γνώμην
3031 1818 3330 1874 διαϐάλλων
3361 1815 3551 1880 αὑτοῦ,
3591 1814 3685 1868 καὶ

2113 1914 2202 1969 διὰ
2233 1916 2334 1986 τῆς
2374 1915 2663 1986 είρωνικῆς
2703 1914 2907 1987 ταύτης
2938 1913 3119 1983 ψήφου
3156 1911 3254 1982 τὴν
3285 1911 3377 1964 ἐπὶ
3411 1911 3524 1971 τοῖς
3551 1924 3683 1978 προι

2114 2005 2370 2060 λαϐοῦσιν
2399 2006 2687 2078 ἀκρίϐειαν
2715 2006 3230 2077 καταμεμφόμενος.
3257 2001 3349 2072 Τῷ
3373 2001 3432 2054 δὲ
3459 2000 3683 2070 μεγάλῳ

2114 2096 2324 2164 γίνεται
2351 2094 2439 2150 διὰ
2473 2095 2583 2148 τῶν
2614 2095 2916 2166 εἰρημένων
2965 2093 3238 2163 ἐνθύμιον,
3286 2090 3364 2162 μὴ
3405 2089 3555 2143 ἀθεεὶ
3590 2088 3682 2142 τὸν

2129 2187 2472 2258 Ἀλέξανδρον
2497 2187 2555 2240 ἐν
2587 2186 2776 2258 μνήμῃ
2791 2185 2900 2239 τῶν
2931 2182 3315 2254 ψηφιζομένων
3341 2180 3434 2234 καὶ
3455 2180 3679 2251 είρημέ-

2116 2295 2221 2331 νων
2232 2277 2501 2347 γενέσθαι.
2516 2275 2624 2331 Kal
2639 2276 2728 2341 τίς
2739 2271 2938 2342 οὗτος,
2953 2273 3136 2345 φησὶν,
3150 2275 3182 2327 ὁ
3197 2263 3679 2339 Ἀλέξανδρος-,οὕ

2117 2369 2231 2439 τὴν
2251 2369 2500 2440 μνήμην
2517 2370 2846 2437 πεποίησθε
2867 2385 2886 2432 ;
2905 2363 3038 2421 Εἶτά
3057 2383 3201 2428 τινος
3230 2365 3338 2418 τῶν
3369 2380 3433 2417 συ
3441 2362 3681 2434 μιταρόν-

2115 2478 2223 2516 των
2247 2463 2305 2514 ἐν
2332 2461 2527 2531 γέλωτι
2557 2459 2970 2532 παραγαγόντος
2993 2459 3074 2522 είς
3091 2457 3255 2528 μέσον
3267 2456 3357 2511 τὸν
3380 2471 3680 2526 μνημονευ-

2118 2553 2300 2618 θέντα,
2331 2553 2551 2625 ῥακίοις
2588 2553 2834 2624 πιναροῖς
2879 2549 3251 2623 ἠμφιεσμένον
3270 2587 3286 2614 ,
3322 2547 3442 2601 οὐδὲ
3468 2546 3573 2616 ὅλῳ
3605 2544 3680 2614 τῷ

2120 2644 2372 2716 σώματι,
2446 2644 2542 2698 καὶ
2599 2643 2716 2715 ἅμα
2771 2641 3054 2696 δεικνύντα
3105 2638 3182 2710 τῷ
3241 2635 3544 2709 φαινομένῳ
3586 2633 3684 2702 τὴν

2117 2735 2379 2806 ἐργασίαν
2425 2733 2583 2806 χερσί
2624 2750 2686 2786 τε
2734 2733 2828 2788 καὶ
2882 2729 3196 2803 προσώπῳ,
3250 2727 3346 2781 καὶ
3393 2724 3472 2796 τῷ
3515 2722 3686 2793 λοιπῷ

2119 2824 2331 2895 σώματι
2369 2822 2865 2896 κατερῤυπωμένον
2882 2824 2946 2893 τῇ
2971 2819 3204 2893 ἐργασίᾳ
3239 2818 3349 2872 τῶν
3376 2815 3686 2888 ἀνθράκων,

2117 2917 2230 2980 τοῖς
2295 2915 2393 2987 μὲν
2455 2917 2664 2978 λοιποῖς
2717 2915 2954 2984 γέλωτος
3014 2909 3082 2984 ἦν
3154 2909 3440 2973 ὑπόθεσις,
3492 2909 3552 2960 ἐν
3591 2906 3688 2977 μέ-

2121 3025 2233 3072 σοις
2277 3005 2514 3070 τοιοῦτος
2563 3004 2734 3070 ἐστὼς
2787 3008 2815 3060 ὁ
2857 3003 3226 3074 Ἀλέξανδρος,
3275 2999 3357 3071 τῷ
3406 2999 3463 3053 δέ
3507 2998 3690 3066 διορα⁴

2116 3099 2254 3170 τικῷ
2287 3099 2481 3168 ἐκείνῳ
2507 3096 2769 3169 ὀφθαλμῷ
2809 3096 3008 3168 πολλὴν
3049 3097 3307 3166 παρεῖχεν
3345 3089 3599 3162 ἔκπληξιν
3623 3088 3689 3142 τὸ

2114 3190 2398 3261 γινόμενόν
2434 3208 2492 3242 τε
2523 3191 2616 3243 καὶ
2661 3188 2938 3260 ὁρώμενον
2961 3203 2976 3217 ⁸
3020 3187 3158 3258 ἀνὴρ
3181 3188 3239 3238 ἐν
3271 3185 3475 3256 ἐσχάτῃ
3501 3181 3683 3252 πενίᾳ,

2117 3283 2213 3335 καὶ
2256 3279 2662 3353 ἁπημελημένῳ
2695 3280 2771 3350 τῷ
2809 3279 3020 3351 σώματι
3049 3280 3184 3349 πρὸς
3235 3279 3426 3332 ἑαυτὸν
3455 3276 3686 3348 βλέπων,

2116 3373 2211 3427 καὶ
2255 3368 2365 3426 οἷον
2406 3372 2841 3442 ἐπαγαλλόμενος
2881 3370 3053 3440 τούτῳ
3090 3367 3166 3439 τῷ
3209 3361 3482 3440 σχήματι,
3525 3367 3553 3420 δ
3575 3367 3688 3429 τοῖς

2117 3463 2462 3527 ἀπαιδεύτοις
2509 3463 2804 3534 ὀφθαλμοῖς
2851 3457 2918 3532 ἦν
2978 3461 3349 3528 ὲπιγέλαστον.
3422 3458 3532 3512 Καὶ
3579 3457 3692 3528 γὰρ

2116 3549 2295 3613 οὕτως’
2332 3550 2466 3620 ἔχει.
2521 3547 2631 3602 Καὶ
2684 3550 2782 3603 ούκ
2816 3549 3030 3621 ἀνάγκη
3075 3548 3264 3611 πενίας
3309 3547 3404 3601 ἐπὶ
3445 3547 3533 3600 τὸν
3579 3563 3694 3599 τοι·

2116 3641 2270 3696 οὖτον
2303 3643 2550 3714 ἐληλύθει
2587 3643 2697 3712 βίον
2720 3682 2736 3707 ,
2787 3642 2923 3696 ἀλλὰ
2967 3643 3061 3696 καὶ
3097 3641 3385 3711 φιλόσοφός
3418 3659 3502 3705 τις
3549 3637 3617 3711 ἦν
3661 3640 3696 3693 ὁ

2118 3735 2277 3806 ἀνὴρ,
2319 3735 2393 3799 ὡς
2422 3737 2450 3788 ὁ
2487 3736 2624 3806 μετὰ
2653 3734 2825 3788 ταῦτα
2860 3733 2974 3805 βίος
3010 3733 3294 3806 ἐγνώρισε,
3329 3735 3423 3788 καὶ
3452 3732 3558 3786 τῶν
3583 3732 3698 3786 λοι-

2119 3824 2236 3880 πῶν
2261 3824 2620 3896 ὑψηλότερος,
2666 3822 2742 3888 ὡς
2781 3825 2874 3879 καὶ
2909 3824 3072 3896 μέχρι
3114 3825 3413 3897 μαρτυρίου
3465 3824 3699 3893 φθάσαι,

2117 3915 2207 3970 διὰ
2227 3907 2398 3987 πυρὸς
2434 3913 2728 3980 τελειώσας
2752 3917 2842 3968 τὸν
2870 3916 3086 3988 δρόμον.
3113 3917 3187 3970 Τὸ
3212 3916 3269 3969 δὲ
3292 3915 3574 3969 λανθάνειν
3595 3917 3703 3969 ἐπ-

2119 4008 2420 4080 εχείρησεν,
2461 4009 2492 4079 ἢ
2531 4008 2728 4079 μᾶλλον
2763 4009 3108 4078 ἐπετήδευσε,
3136 4009 3400 4080 κρείττων
3430 4008 3701 4079 ὑπάρχων

2118 4100 2222 4170 τῆς
2269 4101 2714 4171 ἐσπουδασμένης
2767 4100 2917 4172 παρὰ
2965 4099 3073 4154 τῶν
3122 4097 3332 4153 πολλῶν
3372 4099 3695 4171 εύκληρίας,

2123 4195 2217 4248 καὶ
2250 4195 2364 4247 ἀντ’
2386 4194 2601 4257 οὐδενὸς
2623 4195 2712 4248 τὸν
2743 4194 2854 4265 βίον
2877 4193 3213 4264 ποιούμενος,
3236 4196 3333 4265 τῆς
3357 4195 3702 4264 ὑψηλοτέρας

2119 4303 2178 4337 τε
2209 4284 2303 4338 καὶ
2337 4285 2566 4357 ἀληθοῦς
2592 4286 2733 4355 ζωῆς
2762 4286 2858 4356 τὴν
2885 4287 3176 4355 ἐπιθυμίαν
3203 4287 3360 4358 ἔχων.
3388 4287 3495 4339 Καὶ
3516 4286 3592 4348 ὡς
3622 4285 3702 4340 ἂν

444 4374 620 4430 oculis
674 4373 942 4444 imperitis
992 4374 1262 4428 ridiculus
1296 4381 1433 4428 erat.
1481 4373 1692 4429 Etenim
1727 4376 1798 4428 ita
1833 4392 1891 4430 se
1924 4393 2012 4434 res

2122 4375 2354 4444 μάλιστα
2387 4376 2479 4429 τὸν
2511 4375 2645 4446 πρὸς
2673 4376 2873 4446 ἀρετὴν
2920 4377 3119 4430 σκοπὸν
3145 4376 3529 4448 κατορθώσειε,
3564 4376 3705 4430 λαν-

445 4465 702 4521 habebat.
733 4464 849 4519 Non
880 4473 1108 4534 urgente
1147 4472 1470 4534 paupertate
1490 4465 1558 4518 ad
1597 4465 1864 4533 ejusmodi
1899 4468 2019 4520 vita:

443 4573 618 4629 genus
642 4557 955 4618 devenerat,
992 4555 1087 4608 sed
1123 4554 1483 4623 pbiIOSOpbus
1520 4557 1737 4623 quidam
1771 4557 1853 4609 vir
1875 4565 2016 4624 erat,

444 4647 902 4718 quemadmodum
965 4644 1216 4697 insecuta
1267 4644 1376 4698 vita
1440 4646 1739 4710 indicavit,
1794 4647 1929 4702 adeo
1960 4656 2018 4701 ut

444 4741 608 4795 etiam
639 4738 704 4794 ad
741 4735 1060 4806 martyrium
1111 4749 1288 4803 usque
1331 4736 1671 4804 pervenerit,
1707 4751 1803 4806 per
1836 4738 2016 4807 ignem

445 4855 611 4895 cursu
637 4837 914 4894 conlecto.
939 4836 1138 4891 Latere
1168 4841 1348 4887 autem
1377 4831 1556 4887 dedita
1584 4843 1749 4898 Opera
1775 4828 2012 4893 volebat,

446 4931 626 4984 altiori
676 4931 859 4984 animo
888 4929 1148 5000 praeditus
1176 4968 1191 4991 ,
1223 4941 1386 4997 quam
1420 4935 1476 4979 ut
1502 4937 1622 4977 eam
1648 4963 1663 4987 ,
1701 4937 1821 4991 qua:
1852 4921 2013 4992 vulgo

445 5023 734 5094 expetitur,
767 5022 1078 5076 felicitatem
1127 5029 1364 5081 curaret,
1410 5033 1472 5072 ac
1507 5030 1605 5086 pro
1636 5015 1808 5069 uibilo
1837 5028 2012 5068 saecu-

447 5117 556 5170 lum
600 5113 869 5179 ducebat,
915 5129 980 5169 eo
1033 5111 1177 5182 quod
1225 5120 1278 5166 et
1324 5108 1574 5164 sublimis
1619 5115 1673 5162 et
1721 5121 1861 5161 vera:
1889 5107 2013 5160 vitae

2119 4461 2296 4515 θάνειν
2327 4465 2638 4534 ἐμηχανᾶτο
2694 4465 2935 4528 τοιοῦτος
2967 4467 3069 4531 ὢν,
3109 4466 3188 4536 τῷ
3233 4465 3540 4538 ἀτιμοτέρῳ
3582 4466 3706 4520 τῶν

2116 4552 2563 4624 ἐπιτηδευμάτων
2593 4551 2703 4609 οἷον
2733 4557 2960 4627 εἰδεχθεί
2987 4558 3314 4628 προσωπείῳ
3347 4558 3705 4628 ύποκρυπτὸς

2120 4659 2298 4712 μενος.
2337 4645 2545 4711 Ἄλλως
2572 4649 2648 4710 δὲ,
2683 4650 2775 4702 καὶ
2806 4649 3123 4722 ύπερανθῶν
3154 4653 3220 4721 τῇ
3255 4651 3495 4720 νεότητι,
3548 4666 3701 4716 σφα-

2115 4733 2270 4804 λερδν
2301 4737 2484 4806 ἠγεῖτο
2513 4739 2588 4808 τῷ
2642 4744 2742 4811 τῆς
2788 4741 3138 4812 σωφροσύνης
3185 4741 3400 4812 σκοπῷ,
3458 4739 3703 4810 φανερὸν

2119 4828 2290 4879 ποιεῖν
2328 4828 2387 4882 τὸ
2442 4831 2633 4896 κάλλος
2680 4832 2774 4884 τοῦ
2827 4833 3074 4903 σώματος
3108 4832 3304 4895 αὐτού,
3352 4831 3539 4901 ὥσπερ
3586 4833 3700 4901 ἐμ-

2123 4921 2418 4995 πομπεύων
2445 4924 2512 4993 τῇ
2543 4923 2808 4994 εὐκληρίᾳ
2837 4924 2936 4993 τῆς
2967 4923 3179 4991 φύσεως
3206 4939 3217 4950 ⁸
3251 4920 3362 4993 ᾔδει
3389 4923 3498 4992 γάρ
3527 4923 3700 4992 χαλε-

2121 5017 2237 5069 πῶν
2270 5017 2723 5087 καταπτωμάτων
2751 5017 3004 5088 ἀφορμὴν
3028 5019 3141 5080 τοῖς
3183 5015 3396 5079 πολλοῖς
3421 5014 3481 5067 τὸ
3515 5014 3700 5068 τοιοῦ-

2117 5125 2208 5161 τον
2239 5107 2538 5179 γινόμενον.

446 5213 625 5267 studio
659 5219 953 5266 teneretur.
984 5210 1050 5264 Et
1084 5216 1144 5262 ut
1183 5207 1420 5260 maxime
1459 5205 1718 5260 virtutem
1752 5205 1820 5259 ad
1888 5219 2055 5274 quam
2096 5205 2411 5274 aspirabat,
2467 5216 2884 5274 asscqueretur,
2929 5223 3146 5278 operam
3201 5207 3398 5269 dabat,
3458 5212 3519 5258 ut
3565 5204 3694 5257 talis

447 5318 566 5358 esse
595 5302 962 5373 ignoraretur,
999 5298 1396 5368 contemptiore
1439 5310 1636 5364 genere
1675 5295 1800 5348 vita:
1841 5294 2011 5349 veluti
2087 5295 2229 5363 turpi
2297 5295 2530 5364 quadam
2561 5311 2793 5364 persona
2827 5312 2947 5351 sese
2991 5298 3293 5352 occultans.
3331 5299 3510 5363 Atque
3553 5295 3694 5348 alio-

444 5395 575 5464 quin
623 5393 815 5454 etiam,
845 5389 988 5460 quod
1013 5390 1213 5444 eximio
1250 5386 1383 5441 flore
1407 5386 1713 5456 iuventutis
1741 5385 2004 5456 praeditus
2041 5389 2224 5450 esset,
2263 5387 2634 5454 periculosum
2666 5404 2787 5443 esse
2813 5389 3049 5443 ducebat
3111 5388 3196 5453 ei,
3265 5389 3357 5456 qui
3395 5385 3692 5441 continen-

445 5485 576 5537 tiam
629 5483 730 5537 sibi
782 5481 1095 5537 sectandam
1147 5479 1562 5552 proposuisset,

1645 5477 1894 5548 corporis
1956 5476 2046 5530 sui
2119 5477 2578 5545 pulchritudinem
2621 5480 2960 5548 patefacere,
3018 5480 3277 5535 felicitate
3321 5488 3531 5534 naturze
3568 5487 3689 5532 tan-

451 5589 607 5642 quam
651 5574 702 5628 in
751 5587 944 5644 pompa
991 5586 1114 5627 sese
1155 5579 1520 5626 ostentantem
1551 5587 1566 5622 :
1596 5576 1823 5626 noverat
1862 5567 2006 5625 enim
2045 5567 2317 5638 ejusmodi
2357 5587 2470 5628 rem
2504 5573 2750 5644 gravium
2785 5572 3178 5649 _olIeusionum
3218 5588 3284 5630 ac
3360 5572 3683 5628 delictorum

447 5665 791 5721 occasionem
823 5665 1094 5737 plerisque
1123 5665 1366 5735 praebere
1397 5663 1598 5720 solere.
