4002 6206
386 247 496 304 95⁸1

1321 257 1410 312 DE
1453 256 1610 312 VITA
1652 256 1711 312 S.
1743 251 2072 310 GREGORII
2109 249 2632 308 TllAUMATURGI.

3523 251 3627 308 938

477 363 564 427 Ὠς
596 364 662 420 ἂν
697 363 792 420 οὖν
831 368 967 438 μήτε
1012 369 1173 424 πάθοι
1219 388 1272 424 τι
1309 371 1418 425 τῶν
1455 371 1786 443 ἀϐουλήτων,
1821 372 1954 441 μήτε

2128 365 2206 422 Ne
2259 367 2426 437 igitur
2467 369 2551 422 vel
2598 366 2816 436 sibiipsi
2864 367 3075 437 aliquid
3108 368 3386 423 accideret
3414 367 3626 437 impru-

388 457 605 520 πάθους
648 457 901 522 ὑπόθεσις
945 459 1246 534 ἀλλοτρίοις
1294 464 1590 535 ὀφθαλμοῖς
1635 461 1957 532 κατασταίη,

388 547 481 601 διὰ
524 547 685 600 τοῦτο
727 548 977 620 καθάπερ
1011 569 1066 604 τι
1098 556 1434 622 προσωπεῖον
1466 551 1699 623 εἰδεχθὲς
1726 551 1822 622 τὴν
1866 554 1960 604 άν-

392 637 749 707 θρακοποιίαν
792 640 1054 704 ἑκουσίως
1101 643 1276 713 ἑαυτῷ
1316 642 1648 714 περιτίθησι,
1691 640 1759 694 δι’
1787 635 1857 712 ἧς
1900 640 1962 692 τὸ

393 729 556 799 σῶμα
599 731 713 792 τοῖς
753 730 938 796 πόνοις
971 731 1108 804 πρὸς
1153 733 1351 805 ἀρετὴν
1381 733 1736 804 ἐγυμνάζετο,
1779 731 1877 784 καὶ
1903 731 1962 782 τὸ

395 820 589 883 κάλλος
629 820 708 892 τῷ
740 821 898 893 ῥύπῳ
944 823 1053 877 τῶν
1095 823 1378 896 ἀνθράκων
1416 823 1838 888 ὲπεκαλύπτετο,
1871 822 1963 886 καὶ

393 913 514 982 ἅμα
542 910 604 964 τὸ
632 913 698 964 ὲκ
728 912 839 965 τῶν
874 913 1049 967 πόνων
1079 913 1226 985 αύτῷ
1254 914 1672 984 προσγινόμενον
1701 915 1779 977 είς
1819 917 1965 968 ἐντο-

393 1004 502 1058 λῶν
535 1005 836 1074 ὑπηρεσίαν
865 1004 1200 1075 ᾠκονόμητο.
1236 1005 1455 1076 Ἐπειδὴ
1489 1005 1666 1060 τοίνυν
1697 1007 1964 1077 μεταστή-

395 1113 496 1158 σας
546 1095 708 1148 αὑτὸν
737 1096 828 1148 τοῦ
877 1095 1172 1168 συνεδρίου,
1207 1096 1302 1149 καὶ
1331 1098 1507 1150 πάντα
1539 1095 1610 1150 τὰ
1656 1096 1777 1149 κατ’
1805 1096 1964 1150 αὑτὸν

396 1187 537 1257 μετά
569 1187 851 1258 ἀκριϐείας
894 1187 1144 1252 ἐπύθετο,
1187 1187 1277 1241 τὸν
1328 1189 1428 1258 μὲν
1459 1188 1642 1242 δίδωσι
1685 1190 1796 1250 τοῖς
1837 1189 1966 1257 περὶ

393 1279 556 1332 αὐτὸν
579 1277 948 1347 ἐντειλάμενος
971 1278 1006 1332 ἃ
1040 1278 1297 1349 πράττειν
1319 1280 1483 1349 ἐχρῆν
1503 1297 1516 1311 ·
1542 1279 1700 1342 αὐτὸς
1724 1279 1779 1331 δὲ
1805 1279 1965 1332 πάλιν

393 1367 717 1421 καταλαϐὼν
743 1367 803 1419 τὸ
833 1368 1128 1438 συνέδριον,
1155 1369 1219 1420 ὲκ
1243 1368 1352 1421 τῶν
1381 1369 1440 1420 ὲν
1466 1367 1620 1439 χερσὶ
1642 1369 1767 1431 τοὺς
1799 1385 1968 1421 συνει-

393 1456 694 1527 λεγμένους
732 1455 1007 1521 ἐπαίδευε,
1045 1458 1170 1521 τοὺς
1229 1457 1358 1528 περὶ
1392 1458 1490 1527 τῆς
1539 1457 1835 1529 ἱερωσύνης
1864 1458 1963 1511 αύ-

391 1549 506 1608 τοῖς
530 1546 721 1612 λόγους
759 1545 1208 1617 παρατιθέμενος,
1247 1548 1340 1600 καὶ
1372 1547 1461 1600 διὰ
1495 1549 1697 1601 τούτων
1728 1548 1818 1601 τὸν
1846 1550 1964 1602 κατ’

395 1635 596 1707 ἀρετὴν
625 1636 957 1705 ὑπογράφων
982 1637 1116 1706 βίον.
1153 1639 1260 1690 Καὶ
1287 1638 1471 1708 διῆγεν
1494 1640 1551 1692 ὲν
1573 1641 1685 1702 τοῖς
1706 1638 1964 1703 τοιούτοις

2061 457 2245 521 denti,
2289 459 2437 528 quod
2487 457 2693 512 factum
2735 460 3034 525 doluisset,
3077 462 3162 516 vel
3209 462 3405 519 alienis
3449 463 3627 518 oculis

2061 561 2228 601 casus
2257 554 2312 600 et
2341 546 2662 602 olfensionis
2692 550 2975 604 materiam
3002 551 3302 620 praeberet,
3338 552 3547 608 idcirco
3567 568 3628 608 se

2061 636 2390 690 carbonario
2419 637 2638 705 opiﬁcio
2667 638 2834 692 veluti
2863 653 3098 708 persona
3123 647 3360 710 quadam
3390 642 3626 698 deformi

2063 727 2319 781 consulto
2344 725 2691 792 circumdat,
2727 743 2838 798 quo
2865 736 2979 783 tam
3010 744 3211 800 corpus
3244 733 3526 790 laboribus
3557 735 3626 788 ad

2063 819 2324 874 virtutem
2362 827 2735 886 exerceretur,
2772 836 2937 890 quam
2976 823 3335 892 pulchritudo
3370 825 3628 882 sordibus

2063 911 2361 966 carbonum
2405 911 2608 966 infecta
2648 912 3030 982 obtegeretur,
3074 923 3130 969 et
3169 916 3333 970 simul
3373 918 3626 986 pecunia,

2063 1017 2228 1072 quam
2261 1017 2323 1056 ex
2365 1002 2647 1059 laboribus
2682 1005 2993 1073 quaerebat,
3025 1005 3092 1060 ad
3118 1006 3499 1060 mandatorum
3533 1022 3630 1062 ex-
3715 1047 3718 1051 .

2065 1092 2409 1147 sccutionem
2441 1091 2876 1162 dispensaretur.
2913 1093 3280 1164 Posteaquam
3307 1096 3473 1167 igitur
3505 1111 3630 1151 eum

2063 1199 2130 1238 ex
2162 1184 2397 1238 concilio
2429 1184 2688 1248 abduxit,
2719 1200 2783 1240 ac
2816 1186 2884 1240 de
2913 1194 3059 1241 statu
3087 1187 3210 1258 ejus
3245 1198 3414 1257 atque
3441 1189 3634 1244 condi-

2065 1274 2218 1329 tione
2245 1277 2429 1330 omnia
2451 1276 2740 1347 diligenter
2764 1285 3043 1334 scrutatus
3084 1289 3138 1334 et
3165 1281 3480 1338 sciscitatus
3508 1289 3631 1346 est,

2064 1364 2220 1418 illum
2250 1365 2470 1435 quidem
2499 1366 2868 1422 familiaribus
2894 1369 3012 1424 suis
3037 1369 3242 1435 tradit,
3267 1372 3634 1441 exsequijus-

2065 1456 2144 1510 sis
2182 1471 2304 1526 qua:
2333 1472 2420 1513 res
2450 1459 2761 1527 postulabat
2787 1476 2800 1512 :
2835 1460 2951 1529 ipse
2976 1475 3106 1516 vero
3132 1463 3188 1516 in
3216 1463 3513 1517 concilium
3539 1479 3632 1518 re-

2063 1563 2258 1604 versus
2284 1565 2350 1604 ex
2371 1551 2626 1620 praesenti
2656 1551 3047 1608 deliberatione
3068 1562 3286 1624 sumpto
3307 1565 3635 1626 argumento

2065 1649 2424 1711 congregatos
2450 1641 2803 1707 instituebat,
2841 1643 2906 1698 de
2951 1645 3249 1699 sacerdotii
3291 1646 3470 1702 ofﬁcio
3511 1662 3631 1703 ser-

393 1727 577 1795 λόγοις
607 1727 1001 1798 παρακατέχων
1035 1729 1123 1781 τὸν
1150 1729 1425 1798 σύλλογον,
1449 1729 1554 1793 ἕως
1579 1729 1966 1802 ὲκπληρὼσανυ

2071 1745 2258 1786 mones
2278 1731 2358 1786 eis
2383 1747 2693 1802 proponens
2713 1772 2729 1796 ,
2755 1747 2817 1787 ac
2840 1749 2937 1803 per
2963 1733 3064 1789 bos
3086 1735 3253 1789 vitam
3280 1751 3406 1791 cum
3431 1738 3636 1793 virtute

394 1836 488 1882 τες
538 1821 586 1872 οἱ
627 1817 1024 1890 ὑπηρετοῦντες
1065 1819 1213 1890 αὐτῷ
1259 1820 1320 1872 τὸ
1361 1820 1828 1892 προστεταγμένον
1871 1823 1968 1873 ὲπ-

394 1911 652 1981 ἔστησαν,
675 1911 886 1981 ἔχοντες
912 1911 1028 1980 μεθ’
1052 1912 1257 1966 ἑαυτῶν
1275 1913 1366 1966 τὸν
1381 1912 1742 1984 Ἀλέξανδρον,
1761 1913 1968 1986 λουτρῷ

394 2018 457 2054 τε
485 2002 582 2071 τὴν
612 2004 675 2055 ἐκ
717 2003 825 2055 τῶν
867 2002 1109 2056 ἀσϐόλων
1154 2003 1346 2075 ἀηδίαν
1378 2005 1842 2075 ἀποκλυσάμενον,
1876 2007 1968 2059 καὶ

394 2096 510 2156 τοῖς
537 2092 628 2151 τοῦ
675 2095 911 2164 μεγάλου
944 2097 1175 2167 ἱματίοις
1221 2097 1615 2168 ἐστολισμένον.
1654 2098 1836 2152 Ταῦτα
1861 2099 1968 2171 γάρ

393 2179 468 2253 ἦν
505 2185 684 2248 αὐτοῖς
712 2186 1087 2258 ἐντειλάμενος
1108 2189 1348 2259 ποιῆσαι.
1381 2190 1604 2243 Πάντων
1627 2190 1683 2242 δὲ
1715 2191 1850 2260 πρὸς
1879 2191 1968 2244 τὸν

409 2271 758 2345 Ἀλέξανδρον
794 2270 1255 2347 ὲπιστραφέντων,
1294 2279 1387 2330 καὶ
1414 2277 1797 2346 θαυμαστικῶς
1834 2279 1968 2350 πρὸς

394 2364 460 2416 τὸ
494 2365 817 2435 φαινόμενον
865 2367 1244 2438 διακειμένων,
1277 2367 1467 2422 Οὐδὲν
1498 2368 1707 2423 καινὸν
1747 2371 1969 2424 πεπόν-

395 2458 566 2519 θατε,
613 2458 745 2525 φησι
789 2457 922 2528 πρὸς
955 2458 1152 2522 αὐτοὺς
1193 2461 1220 2512 ό
1259 2459 1598 2524 διδάσκαλος,
1641 2460 1968 2529 ὀφθαλμοῖς

392 2543 824 2610 ἀπατηθέντες,
872 2545 970 2598 καί
1003 2545 1076 2615 τῇ
1105 2547 1383 2617 αἰσθήσει
1430 2551 1581 2619 μόνῃ
1608 2551 1722 2618 τὴν
1768 2551 1970 2619 κρίσιν

395 2632 508 2686 τοῦ
534 2631 800 2700 κάλλους
818 2636 1262 2706 ἐπιτρέψαντες.
1293 2641 1602 2710 Σεραλερόν
1626 2641 1736 2712 γὰρ
1767 2641 1970 2712 κριτή-

393 2740 532 2788 ριον
548 2723 658 2792 τῆς
681 2724 802 2778 τῶν
819 2726 1008 2780 ὄντων
1023 2729 1306 2796 ἀληθείας
1325 2731 1363 2797 ἡ
1380 2731 1682 2800 αἴσθησις,
1696 2732 1810 2802 τὴν
1820 2734 1972 2802 πρὸς

396 2814 471 2868 τὸ
492 2813 684 2881 ,βάθος
719 2817 830 2885 τῆς
860 2817 1128 2885 διανοίας
1179 2820 1422 2875 εἴσοδον
1453 2821 1526 2876 δι’
1571 2823 1790 2892 ἑαυτῆς
1825 2825 1971 2879 ἀπο·

397 2908 714 2961 κλείουσα.
747 2909 893 2978 Ἅμα
941 2910 1010 2964 δὲ
1054 2912 1149 2965 καὶ
1181 2911 1340 2977 αὐτῷ
1383 2913 1465 2980 τῷ
1509 2914 1621 2984 τῆς
1663 2917 1972 2981 εὐσεϐείας

396 2997 591 3066 ἐχθρῷ
631 2999 865 3069 δαίμονι
905 3002 1081 3057 τοῦτο
1121 3004 1304 3072 φίλον
1331 3002 1410 3076 ἦν
1447 3007 1682 3074 πάντως
1711 3008 1970 3078 ἀργῆσαι

397 3090 466 3143 τὸ
498 3088 607 3158 τῆς
630 3091 883 3161 ἐκλογῆς
909 3094 1131 3160 σκεῦος
1152 3094 1224 3163 τῇ
1245 3096 1457 3165 ἀγνοίᾳ
1480 3099 1972 3168 συγκαλυπτόμε-

395 3197 534 3246 νον,
549 3181 705 3250 μηδὲ
725 3183 1044 3251 παρελθεῖν
1060 3188 1146 3250 είς
1165 3184 1358 3254 μέσον
1376 3187 1582 3256 ἄνδρα,
1607 3188 1716 3257 τῆς
1737 3190 1971 3243 ἐκείνου

396 3268 765 3338 δυναστείας
812 3276 1168 3343 καθαιρέτην
1217 3277 1528 3346 ἐσόμενον.
1569 3278 1753 3331 Ταῦτα
1803 3279 1972 3332 είπὼν

399 3362 673 3431 προσάγει
700 3363 777 3434 τῷ
814 3364 933 3435 Θεῴ
961 3366 1048 3420 διὰ
1069 3366 1169 3436 τῆς
1205 3368 1503 3439 ίερωσύνης
1529 3368 1618 3421 τὸν
1643 3368 1810 3440 ἄνδρα
1833 3370 1973 3423 κατά

397 3454 494 3506 τὸν
529 3456 909 3526 νενομισμένον
937 3459 1134 3528 τρόπον
1165 3460 1456 3524 τελειώσας
1498 3464 1562 3532 τῇ
1597 3463 1794 3533 χάριτι.
1828 3463 1970 3515 Πάν-

397 3564 512 3599 των
539 3547 594 3599 δὲ
635 3548 770 3618 πρὸς
796 3549 886 3602 τὸν
914 3549 1032 3604 νέον
1076 3552 1224 3622 ίερέοι
1259 3553 1690 3617 ἀποϐλεπόντων,
1731 3571 1973 3625 προτρα-

400 3636 530 3699 πείς
571 3655 690 3690 τινα
737 3641 870 3710 πρὸς
913 3641 1014 3711 τὴν
1063 3641 1356 3712 ἐκκλησίαν
1411 3643 1565 3710 λόγον
1615 3644 1970 3714 ποιήσασθαι,

401 3724 607 3789 ἔδειξεν
645 3727 804 3791 εὐθὺς
833 3729 890 3782 ἐν
921 3729 1221 3800 προοιμίοις
1242 3731 1341 3800 τῆς
1365 3731 1540 3804 ἀρῂς
1571 3732 1601 3784 ὁ
1636 3732 1975 3804 Ἀλέξανδρος

400 3815 674 3884 ἄψευστον
713 3819 798 3870 ἐπ’
840 3818 987 3888 αύτῷ
1013 3819 1107 3873 τοῦ
1141 3821 1376 3890 μεγάλου
1406 3823 1704 3895 Γρηγορίου
1732 3824 1828 3896 τὴν
1857 3825 1977 3896 κρί-

403 3923 512 3961 σιν.
540 3903 648 3960 Ἦν
677 3908 784 3981 γάρ
830 3910 978 3980 αύτῷ
1022 3912 1233 3982 πλήρης
1273 3913 1509 3977 διανοίας
1551 3917 1579 3968 ὁ
1610 3915 1784 3984 λόγος,
1818 3913 1975 3988 ἦττον

400 3996 483 4067 τῷ
531 3997 682 4051 ἄνθει
723 4001 1233 4074 κεκαλλωπισμένος
1281 4005 1383 4073 τῆς
1436 4004 1651 4070 λέξεως.
1688 4006 1850 4060 Ὅθεν
1893 4025 1976 4070 τις

402 4088 514 4142 τῶν
554 4090 685 4142 νέων
716 4091 995 4163 ἀγέρωχος
1039 4096 1102 4147 ὲκ
1134 4096 1234 4165 τῆς
1278 4096 1512 4159 Ἀτθίδος
1552 4097 1734 4160 αὐτοῖς
1775 4098 1974 4167 ἐπιχω-

406 4180 633 4252 ριάζων,
663 4182 724 4234 τὸ
766 4183 998 4248 ἀκαλλὲς
1026 4185 1124 4254 τῆς
1155 4186 1350 4253 λέξεως
1385 4187 1739 4255 ύπεγέλασεν,
1770 4189 1850 4240 ὅτι
1903 4187 1976 4259 μὴ

404 4273 474 4340 τῇ
509 4271 798 4342 περιεργίᾳ
826 4276 894 4343 τῇ
935 4274 1153 4345 Ἀττικῇ
1183 4272 1589 4329 κεκαλλὼπιστο
1607 4293 1620 4308 ο
1643 4278 1702 4330 ὃν
1731 4293 1893 4344 φασιν
1914 4278 1977 4329 ἐκ

2069 1821 2424 1890 conjunctam
2477 1823 2858 1892 praescribens.
2918 1824 3313 1882 Perseverabat
3351 1836 3536 1885 autem
3575 1829 3636 1884 in

2069 1908 2339 1978 ejusmodi
2381 1913 2727 1967 sermonibus
2757 1923 3090 1969 conventum
3126 1917 3414 1986 detinens,
3451 1919 3636 1992 quoad

2068 2002 2316 2055 exsecuti
2348 2001 2633 2066 mandata,
2671 2003 2766 2072 qui
2811 2018 3032 2072 Operam
3082 2007 3132 2060 ei
3183 2010 3492 2075 navabant,
3539 2025 3637 2066 su-

2069 2099 2474 2162 pervenerunt,
2513 2109 2700 2149 secum
2729 2093 3066 2152 adducentes
3099 2096 3469 2154 Alexandrum
3491 2139 3507 2166 ,
3539 2102 3639 2172 qui

2070 2193 2126 2240 et
2188 2185 2412 2239 lavacro
2469 2184 2718 2256 fuliginis
2756 2186 3216 2256 injucunditatem
3253 2190 3635 2258 absterserat,

2069 2285 2122 2331 et
2165 2277 2347 2346 magni
2387 2277 2548 2332 istius
2587 2277 2831 2334 vestibus
2870 2280 3098 2336 indutus
3133 2289 3189 2335 et
3227 2289 3456 2338 ornatus
3493 2293 3634 2340 erat.

2071 2365 2196 2420 llaec
2234 2366 2380 2421 enim
2418 2381 2615 2421 curare
2644 2366 2788 2436 jussi
2827 2378 3005 2423 erant.
3048 2368 3314 2428 Omnibus
3352 2380 3536 2430 autem
3577 2375 3636 2431 in

2068 2455 2440 2509 Alexandrum
2475 2457 2758 2512 conversis
2779 2495 2794 2519 ,
2827 2465 2882 2511 et
2915 2458 2982 2511 ad
3017 2474 3211 2514 novam
3239 2476 3361 2516 eam
3395 2464 3634 2532 speciem

2072 2544 2434 2600 admiratione
2469 2543 2685 2610 defixis,
2724 2543 2878 2598 Nihil
2907 2547 3025 2600 novi
3043 2587 3058 2610 ,
3091 2547 3269 2617 inquit
3293 2549 3360 2604 ad
3391 2565 3488 2607 eos
3515 2565 3636 2606 ma-

2071 2635 2263 2705 gister,
2293 2634 2487 2689 accidit
2516 2636 2656 2690 vobis
2682 2677 2696 2701 ,
2729 2637 2776 2689 si
2806 2637 2972 2691 oculis
2998 2638 3197 2709 decepti
3229 2642 3358 2696 estis
3379 2681 3394 2706 ,
3431 2651 3482 2697 et
3514 2659 3636 2698 sen-

2071 2727 2157 2780 sui
2188 2727 2290 2781 soli
2311 2727 2577 2795 judicium
2623 2727 3032 2796 pulchritudinis
3062 2731 3398 2798 permisistis.
3434 2731 3639 2789 Fallax

2071 2819 2210 2872 enim
2251 2828 2300 2872 et
2352 2819 2608 2872 incertum
2657 2835 2830 2872 rerum
2873 2820 3108 2876 veritatis
3138 2822 3404 2892 judicium
3454 2841 3638 2880 sensus

2071 2920 2183 2971 est,
2218 2907 2421 2961 aditum
2445 2923 2534 2976 per
2564 2923 2619 2961 se
2648 2907 2716 2960 ad
2739 2907 3155 2976 profunditatem
3185 2912 3375 2966 mentis
3403 2921 3453 2966 et
3482 2913 3642 2974 intel-

2074 3000 2298 3070 ligentia
2323 2997 2671 3068 prterludens.
2703 2997 2875 3053 Simul
2902 3009 3076 3054 autem
3105 3002 3264 3054 etiam
3292 3001 3506 3072 pietatis
3535 3003 3641 3060 ini-

2073 3092 2208 3143 mico
2232 3088 2459 3143 dwmoni
2480 3104 2698 3156 prorsus
2725 3087 2780 3140 id
2806 3088 2981 3143 studio
3002 3101 3115 3144 erat
3135 3132 3150 3157 ,
3180 3102 3236 3144 ut
3262 3109 3348 3148 vos
3370 3094 3638 3152 electionis

2071 3181 2406 3250 ignoratione
2459 3188 2783 3242 contectum,
2839 3180 3064 3233 otiosum
3111 3190 3162 3234 et
3218 3183 3408 3238 inutile
3461 3194 3635 3252 esset,

2073 3286 2172 3322 neu
2200 3268 2436 3336 prodiret
2469 3269 2520 3320 in
2551 3267 2778 3321 medium
2807 3269 2906 3332 vir,
2938 3271 3026 3338 qui
3068 3271 3237 3339 ipsius
3278 3274 3638 3343 principatum

2071 3376 2346 3413 eversurus
2377 3369 2533 3413 esset.
2568 3359 2693 3414 llaec
2724 3359 2941 3414 locutus
2962 3402 2975 3425 ,
3011 3375 3134 3415 cum
3166 3377 3290 3416 eum
3315 3363 3474 3432 juxta
3503 3380 3639 3421 con-

2073 3457 2289 3504 suetum
2323 3465 2533 3504 morem
2581 3451 2832 3519 ritusque
2863 3450 3142 3506 solemnes
3199 3451 3266 3506 ad
3303 3452 3407 3508 boc
3441 3470 3640 3511 munus

2074 3541 2330 3598 idoneum
2363 3542 2669 3604 effecisset,
2701 3557 2797 3612 per
2824 3543 3192 3599 sacerdotium
3221 3543 3334 3599 Deo
3358 3545 3536 3600 virum
3563 3547 3641 3601 di—

2075 3643 2184 3688 cat.
2224 3633 2493 3689 Omnibus
2531 3643 2711 3691 autem
2749 3650 2951 3690 novum
2992 3634 3335 3692 sacerdotem
3377 3638 3642 3694 intuenti-

2077 3725 2214 3789 bus,
2281 3733 2507 3797 rogatus
2560 3737 2620 3781 ut
2669 3728 2908 3797 aliquam
2964 3727 3032 3781 ad
3077 3728 3369 3784 ecclesiam
3417 3728 3642 3787 haberet

2077 3817 2418 3882 orationem,
2458 3817 2644 3872 statim
2695 3818 2750 3871 in
2796 3817 2957 3871 initio
2999 3833 3111 3873 suae
3150 3818 3642 3877 administrationis

2077 3909 2390 3964 Alexander
2423 3907 2701 3972 ostendit,
2739 3907 2884 3963 haud
2915 3908 3117 3964 falsum
3153 3910 3209 3963 in
3245 3925 3367 3966 sese
3391 3911 3641 3981 Gregorii

2072 4000 2343 4070 judicium
2385 3999 2573 4054 fuisse.
2625 3999 2752 4054 Erat
2782 4000 2926 4055 enim
2967 4001 3144 4056 oratio
3178 4001 3296 4070 ejus
3331 4002 3641 4073 intelligent

2078 4094 2169 4145 tia:
2209 4091 2721 4160 sententiarumque
2772 4091 2966 4160 plena,
3023 4092 3245 4146 dicendi
3274 4091 3502 4148 ﬂoribus
3536 4093 3642 4148 mi-

2078 4200 2184 4239 nus
2240 4193 2526 4239 exornata.
2589 4180 2745 4237 Unde
2777 4183 3031 4251 petulans
3082 4184 3304 4252 quidam
3354 4199 3423 4238 ex
3462 4183 3642 4238 Attica

2079 4275 2403 4328 adolescens
2441 4271 2586 4342 apud
2618 4271 2741 4325 illos
2769 4286 2936 4340 agens
2967 4271 3304 4340 incomptam
3336 4273 3640 4328 dictionem

406 4360 685 4431 θειοτέρας
723 4361 894 4432 ὂψεως
939 4363 1387 4434 σωφρονισθῆναι,
1422 4363 1592 4418 ίδόντα
1635 4365 1969 4435 περιστερῶν

2081 4364 2274 4419 derisit
2298 4403 2312 4427 ,
2346 4363 2490 4433 quod
2521 4378 2633 4416 non
2661 4376 2724 4416 ea
2747 4401 2762 4426 ,
2797 4376 2961 4430 quam
2993 4363 3158 4415 Attici
3190 4363 3244 4416 in
3275 4362 3509 4418 dicendo
3549 4365 3645 4419 ad-

407 4454 608 4522 ἀγέλην
634 4455 898 4524 ἀμηχάνῳ
926 4456 1032 4509 τινὶ
1050 4456 1456 4526 διαλάμπουσαν
1482 4457 1683 4520 κάλλει,
1720 4457 1808 4509 καί
1831 4473 1974 4518 τινος

406 4545 706 4614 ἀκηκοέναι
756 4545 1022 4615 λέγοντος,
1095 4547 1438 4619 Ἀλεξάνδρου
1496 4547 1590 4610 τὰς
1647 4547 1972 4619 περιστερὰς

408 4631 550 4687 εἶναι
573 4635 792 4699 ταύτας,
818 4635 882 4700 ἃς
910 4639 966 4689 ὲν
993 4636 1186 4704 γέλωτι
1219 4639 1421 4700 ἐκεῖνος
1452 4637 1757 4707 πεποίηται.
1779 4638 1842 4690 Τί
1861 4638 1978 4690 τού-

409 4745 517 4780 των
545 4728 610 4780 ἄν
647 4745 728 4791 τις
761 4728 868 4799 πρὸ
914 4729 1004 4781 τοῦ
1045 4730 1230 4800 ἐτέρου
1275 4729 1604 4798 θαυμάσειες
1647 4730 1707 4783 τὸ
1741 4729 1815 4800 μὴ
1853 4730 1975 4782 δυσ-

408 4818 697 4888 ωπηθῆναι
742 4820 832 4872 τὸν
883 4819 1050 4890 ἄνδρα
1098 4821 1207 4872 τῶν
1266 4821 1589 4890 ἀξιωμάτων
1634 4821 1734 4892 τὴν
1778 4821 1974 4890 ψῆφον,

410 4910 501 4960 καὶ
563 4910 636 4978 μὴ
693 4911 1132 4980 συναρπασθῆναι
1197 4910 1330 4981 πρὸς
1373 4910 1468 4972 τάς
1517 4911 1820 4980 μαρτυρίας
1869 4911 1976 4962 τῶν

410 5002 752 5072 προεχόντων
779 5019 791 5032 ·
826 5002 858 5072 ἢ
893 5002 1092 5072 μᾶλλον
1117 5000 1178 5054 τὸ
1213 5001 1488 5071 θαυμάσαι
1542 5001 1629 5055 τὸν
1665 5003 1974 5072 ἐγκεκρυμ-

413 5091 574 5159 μένον
603 5093 715 5154 τοίς
739 5091 963 5161 ἄνθραξι
988 5092 1234 5156 πλοῦτον,
1267 5085 1311 5160 ᾦ
1343 5093 1678 5163 παραχρῆμα
1712 5094 1860 5162 παρὰ
1883 5093 1976 5145 τοῦ

406 5183 547 5236 Θεοῦ
591 5185 625 5253 ἡ
674 5183 775 5253 τῆς
816 5183 981 5254 ὀρθῆς
1026 5183 1256 5256 κρίσεως
1307 5183 1577 5254 μαρτυρία
1616 5183 1703 5236 διὰ
1744 5184 1840 5254 τῆς
1885 5182 1977 5236 τοῦ

411 5277 643 5345 ῥήτορος
683 5274 1116 5344 ἐπηκολούθησεν
1147 5273 1354 5344 δψεως;
1401 5274 1552 5343 Ἐμοὶ
1595 5273 1695 5344 μὲν
1742 5273 1850 5346 γάρ
1894 5274 1978 5342 ἐφ’

409 5365 606 5419 ἑαυτοῦ
628 5365 829 5418 τούτων
857 5365 1114 5436 ἑκάτερον
1140 5363 1373 5419 τοιοῦτον
1399 5359 1532 5417 εἶναι
1557 5364 1720 5430 δοκεῖ,
1750 5364 1824 5427 ὡς
1847 5363 1980 5435 πρὸς

409 5456 617 5527 ἄλληλα
665 5458 763 5529 μὲν
802 5459 946 5530 ἔχειν
992 5457 1091 5528 τὴν
1129 5457 1386 5528 ἅμιλλαν·
1440 5456 1655 5510 πάντων
1698 5456 1756 5509 δὲ
1784 5454 1979 5526 μικροῦ

409 5547 525 5600 δεῖν
565 5549 675 5603 τῶν
713 5549 805 5602 ἐπὶ
855 5549 1091 5620 θαύματι
1133 5546 1618 5619 μνημονευομένων
1659 5544 1977 5616 πρωτεύειν.

410 5641 491 5694 Τό
517 5659 578 5695 τε
610 5642 719 5714 γὰρ
751 5641 1034 5712 ἀντιϐῆναι
1064 5644 1130 5713 τῇ
1169 5640 1277 5695 τῶν
1304 5639 1643 5710 προεχόντων
1690 5638 1856 5707 ὁρμῇ.
1886 5636 1982 5707 τῆς

734 5736 1001 5797 Parnm“
1049 5739 1165 5797 (in.
1212 5734 1430 5794 XLVI.

2077 4456 2358 4516 biberent,
2383 4460 2575 4508 exacta
2601 4462 2764 4522 atque
2789 4466 3195 4522 supervacanea
3222 4467 3353 4506 cura
3380 4462 3645 4507 exornata

2046 4555 2251 4630 .csset,
2281 4560 2440 4614 quem
2476 4545 2629 4598 aiunt
2656 4543 2840 4597 divina
2871 4543 3106 4613 quadam
3138 4544 3360 4602 visione.
3387 4543 3646 4598 emenda—

2077 4649 2191 4691 tum
2243 4653 2396 4699 esse,
2447 4652 2571 4689 cum
2628 4636 3009 4690 columbarum
3062 4651 3279 4706 gregem
3337 4634 3646 4708 incredibili

2077 4729 2314 4798 quadam
2347 4729 2530 4800 pulclu
2550 4728 2764 4782 itudine
2799 4729 3063 4782 nitentem
3091 4727 3442 4796 conspicatus
3467 4736 3646 4791 esset,

2077 4832 2128 4874 ct
2159 4821 2451 4891 quemdam
2479 4819 2816 4881 audivisset,
2858 4820 2949 4887 qui
2986 4817 3226 4880 diceret,
3269 4817 3368 4872 bas
3399 4832 3522 4873 esse
3555 4833 3647 4870 co-

2079 4914 2292 4966 lumbas
2326 4911 2656 4973 Alexandri,
2682 4926 2820 4979 quas
2851 4910 2942 4964 ille
2974 4909 3284 4965 derisisset.
3324 4908 3515 4964 Utrum
3548 4909 3645 4963 lm-

2081 5018 2200 5056 rum
2251 5002 2424 5071 magis
2467 5001 2668 5070 aliquis
2711 4999 3052 5054 admiretur?
3086 5001 3230 5070 quod
3275 5001 3357 5054 vir
3399 5001 3488 5056 ille
3537 5017 3645 5054 non

2080 5102 2261 5147 motus
2293 5102 2376 5147 est
2425 5090 2684 5161 suffragio
2726 5106 2913 5145 eorum
2938 5131 2952 5154 ,
2989 5091 3080 5160 qui
3129 5091 3392 5162 dignitate
3421 5101 3647 5162 prasta—

2080 5184 2242 5246 bant,
2291 5199 2466 5252 neque
2514 5183 2678 5238 simul
2725 5182 2789 5236 ad
2838 5182 3150 5236 testimonia
3197 5183 3523 5252 optimatum
3584 5197 3647 5237 ac

2081 5273 2389 5343 principum
2444 5273 2688 5327 virorum
2743 5283 2931 5342 raptus
2972 5273 3102 5328 est?
3139 5289 3205 5327 an
3246 5273 3422 5344 magis
3474 5274 3649 5328 admi-

2082 5365 2192 5418 rari
2229 5365 2488 5418 convenit
2528 5365 2580 5418 in
2621 5363 2962 5419 carbonibus
3002 5364 3357 5420 absconditos
3389 5364 3648 5428 divitias,

2081 5469 2220 5524 quas
2257 5454 2446 5510 statim
2495 5469 2526 5508 a
2569 5453 2680 5509 Deo
2727 5454 2935 5508 editum
2976 5456 3115 5511 recti
3158 5456 3352 5526 judicii
3403 5456 3647 5511 testium-

2083 5545 2235 5598 nium
2267 5558 2368 5614 per
2399 5544 2664 5600 visionem
2702 5545 2942 5600 oratoris
2973 5558 3334 5602 consecutum
3362 5547 3489 5602 est?
3513 5543 3649 5599 Nam

2084 5637 2218 5693 mihi
2253 5635 2474 5708 quidem
2528 5636 2723 5694 borum
2756 5647 3050 5709 utrumque
3103 5639 3158 5694 in
3206 5653 3332 5695 sese
3381 5634 3652 5704 ejusmodi

3341 5729 3417 5790 30
