4002 6206
469 245 575 300 959

1714 228 1769 282 S.
1815 222 2137 282 GliEGORil
2178 220 2472 283 NYSSEM

3618 232 3716 287 910

471 375 594 416 esse
634 357 866 416 videtur.
900 361 960 408 ut
998 353 1142 407 inter
1183 367 1241 406 se
1288 349 1508 418 quidem
1560 350 1713 417 paria
1766 350 1919 413 sint,
1977 364 2041 402 ae

2156 351 2411 419 itpémou
2445 350 2538 402 καὶ
2569 347 2778 417 ὑψηλῆς
2808 349 3043 411 διανοίας
3076 350 3478 420 ἐναργέστατον
3512 352 3718 420 ἐγίνετο

477 450 635 521 quasi
688 449 756 502 de
796 445 1109 516 principatu
1145 450 1423 498 certamen
1478 442 1681 495 habere
1728 440 2041 506 videantur,

474 546 617 598 inter
644 540 827 596 omnia
865 546 1045 591 autem
1080 550 1172 599 ea,
1207 551 1329 604 qua:
1361 534 1584 587 nomine
1619 534 2046 589 miraculi'cele-

475 636 727 695 brantur,
768 630 974 700 primas
1008 628 1404 698 propemodum
1441 634 1681 681 teneant.
1722 625 1860 680 Nam
1897 626 2045 697 quod

475 724 826 795 optimatium
878 720 1082 776 studiis
1139 720 1463 774 adversatus
1522 726 1638 779 est,
1696 720 2045 783 constantis,

476 817 611 873 recti
655 825 818 883 atque
863 811 1065 867 excelsi
1112 811 1281 866 animi
1338 808 1853 865 manifestissimum
1899 810 2046 864 indi-

481 910 619 963 rium
654 914 810 961 erat:
847 920 875 957 a
910 917 1019 973 quo
1046 902 1261 965 omnia,
1298 915 1418 971 quae
1457 916 1554 970 per
1584 901 1847 956 mundum
1883 916 2050 972 appa-

478 1007 636 1059 rent.
682 1012 749 1052 cx
792 1010 952 1065 aequo
993 993 1468 1062 despiciebantur,
1518 993 1636 1048 sive
1684 994 1751 1048 ad
1796 993 2049 1064 magnifi-

477 1090 711 1143 centiam
747 1094 911 1155 atque
947 1082 1294 1154 splendorem
1316 1122 1331 1149 ,
1372 1082 1490 1138 sive
1527 1084 1693 1137 etiam
1727 1083 1795 1137 ad
1830 1083 2052 1138 humili—

479 1189 647 1235 tatem
674 1185 732 1233 et
766 1175 1166 1231 obscuritatem
1197 1174 1463 1229 accedere
1501 1174 1858 1228 viderentur:
1893 1190 2050 1229 cum-

482 1288 590 1342 que
649 1270 751 1326 soli
809 1268 1002 1322 virtuti
1060 1266 1269 1335 primas
1330 1266 1636 1324 tribueret.
1695 1274 1750 1318 ct
1798 1265 2050 1319 vitiosam

480 1366 649 1418 vitam
680 1362 853 1418 solam
883 1359 1241 1430 rejiciendam
1271 1373 1396 1414 esse
1416 1358 1690 1427 judicaret
1709 1400 1723 1423 ,
1757 1373 1856 1427 pro
1881 1358 2053 1412 nihilo

490 1457 814 1513 intuebatur
856 1456 1078 1519 omnia,
1124 1468 1468 1523 quaecunque
1505 1466 1603 1521 per
1646 1452 1751 1506 hoc
1791 1454 2051 1505 szeculum

481 1548 564 1603 vel
598 1547 783 1616 aliquo
812 1544 1031 1608 studio,
1064 1544 1149 1598 vel
1184 1542 1590 1611 contemptione
1614 1540 1780 1612 digna
1802 1542 2055 1611 judican-

482 1647 594 1692 tnr.
634 1634 790 1701 Quod
821 1635 1082 1689 nimirum
1112 1632 1277 1686 etiam
1313 1640 1443 1685 tunc
1481 1630 1681 1686 fecisse
1712 1632 2056 1686 demonstra-

482 1738 591 1784 tur.
621 1728 758 1782 Cum
795 1727 943 1782 enim
979 1725 1139 1780 daret
1179 1738 1401 1791 operam
1425 1765 1441 1790 ,
1475 1731 1535 1778 ut
1580 1721 1690 1779 Deo
1730 1733 1949 1793 gratum
1991 1738 2055 1778 ac
2086 1704 2127 1758 Β

482 1821 706 1889 dignum
735 1819 1039 1880 inveniret,
1071 1830 1181 1870 non
1224 1815 1448 1869 divitias
1470 1856 1484 1881 ,
1532 1831 1642 1869 non
1691 1814 2016 1885 dignitatem
2040 1858 2055 1877 ,

484 1926 592 1965 non
628 1909 792 1977 hujus
820 1907 1011 1961 mundi
1049 1905 1407 1975 splendores,
1442 1919 1676 1973 quarum
1711 1919 1894 1958 rerum
1923 1905 2059 1959 nihil

486 2002 540 2053 in
565 1999 892 2055 recensione
914 1998 1183 2052 bonorum
1202 2010 1230 2047 a
1255 1994 1439 2049 divina
1464 1994 1747 2063 Scriptura
1769 2009 2057 2050 enumera-

484 2100 594 2156 tur,
618 2104 707 2145 res
732 2088 959 2143 idoneas
981 2086 1209 2157 putabat
1229 2100 1366 2154 quas
1390 2084 1456 2138 ad
1479 2085 1850 2140 testimonium
1870 2086 2061 2140 admit-

486 2190 643 2236 teret.
668 2179 786 2234 Non
814 2179 981 2249 igitur
1003 2177 1107 2231 hoc
1129 2177 1307 2232 solum
1328 2182 1434 2240 est,
1454 2176 1600 2246 quod
1624 2183 1677 2230 et
1704 2176 1862 2231 laude
1884 2184 1938 2232 et
1959 2176 2061 2229 ad-

492 2272 792 2328 miratione
826 2269 1050 2340 dignum
1086 2269 1189 2332 sit,
1228 2267 1374 2337 quod
1409 2268 1618 2336 respuit
1651 2267 1830 2323 studia
1858 2252 2062 2337 princi-

490 2378 616 2432 pum
638 2374 854 2416 :verum
878 2360 1041 2413 etiam
1063 2356 1210 2427 quod
1232 2371 1329 2426 per
1347 2370 1431 2422 ea,
1454 2371 1576 2425 qua:
1597 2363 1890 2411 consecuta
1909 2363 2059 2417 sunt,

489 2456 667 2524 seipse
688 2453 985 2522 superavit.
1004 2447 1141 2502 Nam
1157 2448 1249 2517 qui
1271 2448 1508 2517 ineptam
1526 2461 1589 2500 ac
1607 2446 1788 2501 minus
1810 2446 2059 2501 idoneam

490 2543 819 2601 sententiam
847 2542 1114 2596 duntaxat
1141 2537 1320 2607 rejicit
1339 2578 1354 2602 ,
1380 2551 1558 2605 neque
1603 2536 1793 2605 adjicit
1824 2536 1877 2589 id
1908 2535 2052 2605 quod

493 2653 581 2692 res
604 2634 802 2704 poscit,
820 2632 1022 2686 malum
1043 2629 1263 2699 quidem
1280 2627 1763 2697 prohibet,bonum
1788 2641 1921 2682 vero
1942 2643 2053 2682 non

490 2727 732 2782 conﬁcit.
754 2724 821 2777 At
844 2723 937 2793 qui
965 2729 1327 2790 praeterquam
1350 2718 1495 2786 quod
1520 2732 1628 2771 non
1652 2718 1932 2772 consentit
1953 2717 2048 2772 de-

2146 440 2462 512 γνὼρισμα·
2497 434 2542 510 ᾧ
2586 443 2761 495 πάντα
2788 442 2857 494 τά
2892 441 3031 495 κατά
3062 441 3150 494 τὸν
3178 442 3385 509 κόσμον
3423 443 3720 512 φαινόμενα

2145 535 2204 586 ἐν
2231 534 2309 603 τῷ
2335 532 2503 602 ὁμοίῳ
2534 531 2868 603 καθεωρᾶτο,
2898 532 3009 584 εἴτε
3050 532 3182 602 πρὸς
3212 532 3275 585 τὸ
3313 532 3505 601 μεῖζόν
3528 550 3590 585 τε
3632 536 3723 589 καὶ

2146 625 2627 695 περιφανέστερον,
2669 625 2777 676 εἴτε
2823 624 2916 676 καὶ
2960 624 3094 694 πρὸς
3120 627 3181 677 τὸ
3215 625 3473 678 ταπεινόν
3516 642 3581 677 τε
3639 627 3727 678 καὶ

2146 716 2349 784 ἀφανὲς
2379 715 2592 777 οἰκείως
2654 710 2767 785 εἶχε
2790 730 2802 744 ⁸
2840 716 2976 788 μόνῃ
3020 716 3078 768 δέ
3105 716 3284 786 νέμων
3312 721 3377 788 τῇ
3422 719 3599 788 ἀρετῇ
3634 719 3729 788 τὴν

2148 808 2497 877 προτίμησιν,
2547 806 2641 860 καὶ
2689 807 2855 877 μόνην
2904 807 3001 877 τὴν
3053 808 3113 860 ἐν
3146 808 3310 879 κακίᾳ
3347 809 3489 880 ζωὴν
3519 809 3731 880 κρίνων

2149 898 2474 969 ἀπόϐλητον,
2500 898 2619 953 ἀντ’
2648 897 2857 962 οὐδενὸς
2890 897 3034 970 ἐώρα
3077 898 3147 952 τὰ
3194 900 3388 964 πάντα,
3435 902 3538 954 ὅσα
3586 901 3729 955 κατὰ

2150 988 2241 1041 τὸν
2275 987 2386 1059 βίον
2416 988 2448 1058 ἢ
2496 988 2730 1060 σπουδῆς
2762 1005 2924 1053 τινος,
2968 991 3001 1060 ἢ
3032 991 3253 1060 ἀτιμίας
3291 991 3415 1055 ἀξια
3449 992 3725 1062 κρίνεται.

2158 1083 2222 1134 Ὃ
2246 1081 2309 1151 δὴ
2341 1080 2437 1134 καὶ
2467 1080 2587 1134 τότε
2617 1079 2933 1150 πεποιηκὼς
2968 1082 3354 1135 ἐπιδείκνυται.
3403 1083 3597 1153 Ζητῶν
3622 1083 3729 1152 γὰρ

2150 1171 2240 1225 τὸν
2262 1171 2340 1240 τῷ
2364 1170 2482 1239 Θεῷ
2514 1172 2905 1242 κεχαρισμένον
2932 1172 3047 1224 κα“ι³
3058 1171 3207 1235 ἄξιον
3229 1172 3430 1241 εὑρεῖν,
3461 1171 3566 1224 οὑκ
3588 1171 3731 1237 ἀξιό-

2152 1278 2341 1314 πιστον
2374 1262 2453 1323 είς
2487 1261 2791 1332 μαρτυρίαν
2829 1262 2979 1331 ᾠήθη
3015 1261 3240 1314 πλοῦτον
3268 1261 3608 1331 παραλαϐεῖν
3641 1261 3731 1313 καὶ

2151 1355 2388 1425 ἀξίωμα.
2413 1356 2508 1408 καὶ
2529 1354 2628 1418 τάς
2652 1353 2791 1408 κατὰ
2811 1353 2902 1407 τὸν
2921 1354 3123 1423 κόσμον
3142 1353 3329 1406 τοῦτον
3346 1370 3413 1405 πε
3422 1352 3728 1423 ριφανείας,

2154 1438 2227 1497 ὧν
2267 1444 2420 1497 οὐδὲν
2466 1447 2523 1497 ἐν
2566 1446 2679 1509 τοῖς
2724 1444 2832 1496 τῶν
2883 1442 3100 1510 ἀγαθῶν
3139 1442 3459 1510 καταλόγοις
3501 1442 3535 1493 ὁ
3591 1441 3731 1502 θεῖος

2155 1535 2576 1606 ἀπηριθμήσατο
2616 1536 2792 1602 λόγος.
2844 1537 2920 1589 Οὑ
2959 1535 3117 1588 τοῦτο
3161 1536 3322 1606 μόνον
3365 1536 3546 1615 τοίνυν
3583 1537 3732 1588 ἐστὶν

2157 1628 2376 1683 ἐπαίνου
2399 1645 2459 1681 τε
2488 1629 2582 1681 καὶ
2622 1627 2899 1699 θαύματος
2931 1627 3099 1692 ἄξιον,
3134 1628 3195 1681 τὸ
3230 1628 3302 1699 μὴ
3338 1628 3608 1698 προέσθαι
3636 1626 3731 1689 τὰς

2154 1722 2262 1775 τῶν
2304 1720 2737 1773 δυναστευόντων
2784 1719 3048 1782 σπουδάς·
3092 1719 3227 1773 ἀλλά
3258 1720 3352 1772 καὶ
3379 1719 3466 1772 διὰ
3493 1720 3609 1773 τῶν
3635 1721 3731 1786 ἐφ-

2155 1812 2283 1882 εξῆς
2318 1812 2480 1874 αὑτὸς
2531 1810 2721 1863 ἐαυτὸν
2777 1810 3151 1881 ὑπερϐάλλειν.
3184 1812 3241 1863 Ὁ
3279 1811 3385 1880 γάρ
3436 1812 3599 1880 μόνον
3637 1811 3734 1881 τὴν

2156 1903 2380 1967 ἀναξίαν
2413 1903 2771 1974 ἀπωσάμενος
2791 1903 2989 1973 ψῆφον,
3021 1903 3094 1973 μὴ
3123 1902 3376 1973 προσθεὶς
3394 1902 3450 1955 δὲ
3476 1906 3545 1973 τῇ
3574 1903 3730 1974 χρείᾳ

2157 1996 2214 2047 τὸ
2240 1995 2443 2059 λεῖπον,
2473 1994 2534 2046 τὸ
2575 1994 2672 2063 μὲν
2729 1994 2900 2048 κακὸν
2931 1992 3190 2055 ἐκώλυσε,
3215 1994 3277 2046 τὸ
3306 1994 3362 2047 δέ
3400 1994 3608 2062 ἀγαθὸν
3636 1996 3731 2047 οὐκ

2157 2087 2429 2156 ἐποίησεν.
2486 2085 2545 2138 '0
2582 2084 2639 2137 δέ
2676 2085 2812 2155 πρὸς
2855 2085 2933 2154 τῷ
2977 2084 3050 2157 μὴ
3088 2085 3373 2140 συνθέσθαι
3402 2085 3481 2155 τῷ
3523 2086 3729 2158 χείρονι

2156 2179 2250 2231 καὶ
2282 2177 2341 2231 τὸ
2374 2177 2537 2231 καλὸν
2589 2176 2847 2248 ἐξευρὼν,
2889 2177 2956 2231 δι’
2983 2178 3309 2247 ἀμφοτέρων
3351 2179 3632 2232 ἐτελείωσε
3671 2180 3730 2231 τὸ

2155 2268 2379 2337 ἀγαθὸν,
2404 2267 2530 2321 οὔτε
2559 2267 2636 2337 τῷ
2661 2267 2814 2338 κακῷ
2843 2269 3203 2340 συγχωρήσας
3226 2268 3325 2340 τὴν
3356 2270 3612 2340 πάροδον,
3639 2272 3730 2323 καὶ

2155 2360 2216 2412 τὸ
2243 2360 2407 2414 καλὸν
2455 2360 2824 2427 προσαγαγίον
2870 2363 2950 2425 εἰς
2990 2362 3272 2431 ἐνέργειαν
3294 2377 3310 2392 ·
3342 2362 3416 2424 ὼς
3445 2363 3589 2415 κατά
3620 2364 3730 2431 ἀμ-

2158 2450 2361 2519 φότερα
2394 2448 2647 2516 γενέσθαι
2687 2449 2784 2520 τὴν
2823 2452 3142 2522 εὐεργεσίαν
3169 2450 3262 2504 τοῦ
3304 2452 3534 2522 μεγάλου
3588 2454 3731 2522 Γρη-

2158 2538 2342 2610 γορίου
2376 2542 2433 2591 ἐν
2475 2542 2540 2610 τῇ
2587 2539 2757 2604 πόλει,
2794 2541 2855 2593 τό
2882 2558 2940 2593 τε
2970 2542 3110 2594 κατά
3149 2542 3370 2609 ἄγνοιαν
3401 2544 3520 2612 παρ’
3540 2541 3735 2594 αὑτῶν

2163 2629 2642 2700 πλημμελούμενον
2674 2631 3116 2700 ἐπιστρέψαντος,
3150 2632 3324 2685 καὶτὸ
3351 2632 3737 2703 κεκρυμμένον

2157 2722 2286 2792 παρ’
2321 2721 2503 2784 αὑτοῖς
2534 2722 2735 2790 ἀγαθὸν
2765 2722 2833 2775 δι’
2855 2722 3051 2775 ἐαυτοῦ
3086 2722 3513 2793 φανερώσαντος.

490 2816 699 2877 teriori,
745 2815 909 2869 etiam
948 2812 1156 2865 bonum
1202 2809 1441 2871 invenit,
1488 2821 1584 2875 per
1625 2814 1861 2877 utraque
1893 2807 2097 2863 bonum
2140 2810 2388 2878 perﬁcit,
2433 2811 2562 2866 dum
2605 2827 2784 2881 neque
2828 2814 2971 2868 malo
3012 2812 3222 2867 aditum
3253 2815 3378 2878 dat,
3426 2823 3479 2869 et
3525 2816 3737 2871 bonum

490 2908 554 2960 ad
596 2905 851 2960 effectum
884 2900 1135 2971 producit
1169 2915 1183 2951 :
1226 2902 1362 2952 adeo
1408 2905 1466 2951 ut
1510 2904 1741 2964 utraque
1787 2897 2002 2952 ratione
2045 2898 2369 2954 beneﬁcium
2423 2903 2603 2972 magni
2645 2901 2892 2968 Gregorii
2930 2903 3142 2957 civitati
3196 2905 3514 2975 contigerit,
3549 2907 3649 2976 qui
3686 2916 3741 2960 et

490 3000 545 3054 id
590 2998 734 3067 quod
789 3010 886 3065 per
934 2991 1296 3064 ignorantiam
1345 2990 1414 3045 ab
1457 2989 1525 3044 iis
1567 2990 2007 3059 delinquebatur,
2048 2995 2325 3058 averterit,
2370 3004 2425 3047 et
2466 2996 2669 3050 bonum
2718 2989 2861 3066 apud
2911 3011 3008 3051 eos
3050 2996 3432 3051 absconditum
3471 3013 3576 3068 per
3617 3014 3744 3054 sese

372 3160 393 3171 -
490 3091 824 3164 patefecerit.

559 3187 695 3243 Cum
726 3191 907 3240 autem
943 3180 1126 3237 omnia
1153 3192 1351 3251 magno
1377 3149 1458 3233 illi
1487 3179 1602 3233 viro
1635 3179 1842 3234 auxilio
1870 3181 2049 3234 sancti

2222 3184 2446 3237 Πάντων
2478 3185 2534 3237 δὲ
2569 3184 2709 3239 κατά
2760 3184 2986 3256 γνώμην
3032 3182 3127 3236 τοῦ
3164 3183 3403 3254 μεγάλου
3451 3198 3740 3254 προκεχω-

492 3280 734 3350 Spiritus
763 3292 831 3331 ex
872 3273 1146 3331 sententia
1194 3270 1591 3335 successerint,
1642 3286 1752 3325 non
1794 3271 2060 3341 intempe-

492 3372 692 3427 stivum
714 3367 898 3430 fuerit,
922 3367 1087 3422 etiam
1118 3362 1484 3419 accesserium
1517 3378 1658 3433 opus
1680 3364 1892 3419 itineris
1914 3379 2062 3418 com-

492 3475 819 3523 memorare,
858 3473 971 3528 quo
1011 3472 1107 3527 per
1157 3456 1342 3510 omnia
1384 3455 1583 3525 gratia,
1631 3470 1753 3524 qua:
1787 3456 1907 3509 viro
1956 3471 2059 3509 una

494 3551 708 3616 aderat,
738 3549 1091 3604 ostendatur.
1122 3545 1388 3613 Quoniam
1427 3544 1573 3600 enim
1603 3546 1860 3600 omnibus
1881 3546 2058 3615 palam

492 3650 633 3705 erat,
674 3639 824 3711 quod
857 3640 962 3695 hoc
991 3647 1121 3693 ante
1158 3638 1344 3691 omnia
1385 3636 1488 3691 sibi
1517 3635 1701 3690 studio
1728 3635 1971 3699 haberet,
2005 3646 2063 3690 ut

491 3736 551 3792 in
578 3733 837 3789 omnibus
865 3731 1031 3785 rebus
1063 3728 1128 3781 ad
1147 3730 1423 3799 egentium
1450 3725 1890 3782 consolationem
1924 3742 2063 3796 pra:-

493 3832 584 3882 sto
623 3831 773 3879 esset
804 3839 818 3876 :
852 3804 963 3876 duo
996 3820 1216 3890 quidam
1257 3818 1495 3885 Hebraei,
1526 3819 1641 3874 sive
1679 3819 1890 3872 lucrum
1934 3833 2061 3888 spe—

493 3922 730 3978 ctantes,
775 3911 891 3967 sive
934 3909 1398 3978 vituperationem
1452 3907 1745 3978 quamdam
1799 3907 2061 3962 adversus

492 4007 694 4069 virum,
737 4010 798 4056 ut
845 4002 940 4071 qui
995 3998 1171 4053 fraudi
1226 4013 1291 4052 ac
1349 3997 1658 4068 deceptioni
1717 4009 2061 4067 opportunus

493 4103 661 4159 esset,
704 4100 1012 4164 quaerentes
1065 4091 1190 4160 ejus
1231 4089 1467 4145 reditum
1515 4089 1835 4144 observant.
1883 4091 2062 4160 Atque

491 4186 687 4240 horum
736 4198 882 4237 unus
929 4181 1173 4251 quidem,
1223 4179 1318 4250 qui
1368 4186 1620 4234 mortuus
1671 4194 1793 4236 esse
1839 4180 2063 4236 videba—

492 4287 603 4338 tur,
630 4275 831 4344 supino
864 4274 1049 4329 habitu
1089 4280 1349 4327 extensus
1380 4285 1477 4341 per
1510 4279 1878 4327 transversam
1915 4271 2059 4326 viam

495 4365 767 4436 publicam
802 4366 1084 4434 projectus
1111 4372 1231 4419 erat
1256 4381 1271 4430 ;
1313 4364 1452 4419 alter
1477 4378 1608 4420 vero
1637 4363 1913 4433 jacentcm
1952 4362 2060 4418 sci-

492 4457 617 4511 licet
666 4455 982 4525 deplorans,
1034 4453 1454 4509 lamentantium
1498 4469 1665 4510 voees
1711 4454 2056 4521 imitabatur,

2164 3276 2406 3346 ρηκότων
2422 3277 2485 3345 τῇ
2513 3275 2795 3346 συμμαχίᾳ
2810 3274 2904 3329 τοῦ
2929 3274 3084 3343 ἁγίου
3107 3273 3440 3343 Πνεύματος,
3463 3275 3562 3327 οὑκ
3578 3275 3741 3327 ἄκαι-

2167 3383 2256 3435 ρον
2301 3366 2367 3421 ἂν
2406 3366 2513 3437 εἴη,
2544 3366 2636 3419 καὶ
2668 3366 2731 3419 τὸ
2753 3367 2851 3437 τῆς
2893 3366 3013 3419 ὁδοῦ
3045 3366 3322 3437 πάρεργον
3351 3365 3740 3436 διηγήσασθαι,

2162 3458 2238 3520 ὡς
2285 3458 2350 3510 ἂν
2398 3458 2485 3511 διά
2530 3459 2744 3511 πάντων
2782 3460 2816 3528 ἠ
2863 3457 3222 3529 συμπαροῦσα
3253 3456 3331 3527 τῷ
3379 3458 3534 3529 ἀνδρὶ
3577 3460 3743 3529 χάρις

2162 3548 2525 3603 ἐπεδείκνυτο.
2573 3549 2789 3620 Ἐπειδὴ
2841 3550 2950 3619 γάρ
3002 3548 3172 3601 ἅπασι
3213 3549 3480 3621 πρόδηλον
3517 3544 3609 3620 ἦν,
3651 3550 3743 3602 ὅτι

2161 3639 2318 3692 τοῦτο
2342 3640 2448 3711 πρὸ
2469 3641 2683 3695 πάντων
2704 3640 2780 3711 τῷ
2800 3640 2953 3710 ἀνδρὶ
2974 3638 3304 3693 ἐσπούδαστο
3326 3640 3386 3692 τὸ
3402 3640 3576 3693 πάντα
3597 3641 3750 3709 πρὸς

2161 3730 2261 3801 τὴν
2285 3730 2395 3785 τῶν
2441 3732 2709 3802 δεομένων
2762 3731 3110 3803 παραμυθίαν
3158 3731 3411 3800 βλέπεινο
3445 3733 3551 3786 εἴτε
3595 3734 3745 3803 πρὸς

2161 3823 2349 3894 κέρδος
2371 3824 2604 3896 ὁρῶντες
2635 3825 2701 3877 ἐκ
2724 3823 2833 3876 τῶν
2867 3824 3130 3895 Ἑϐραίων
3158 3824 3252 3877 δύο
3281 3825 3441 3890 τινὲς,
3472 3825 3579 3878 εἴτε
3611 3826 3750 3878 τινὰ

2166 3914 2351 3985 μῶμον
2372 3913 2512 3969 κατὰ
2527 3914 2621 3968 τοῦ
2643 3916 2835 3987 ἀνδρὸς
2859 3915 3213 3979 ἐπινοοῦντες,
3240 3915 3316 3978 ὡς
3339 3915 3573 3977 εὑκόλως
3599 3916 3753 3986 πρὸς

2160 4005 2221 4058 τὸ
2248 4005 2618 4069 ἐξαπατᾶσθαι
2644 4007 3007 4077 διακειμένου,
3033 4006 3546 4077 παραφυλάσσουσιν
3564 4006 3753 4059 αὑτοῦ

2160 4096 2259 4167 τὴν
2291 4096 2566 4150 ἐπάνοδον.
2604 4097 2715 4151 Καὶ
2746 4097 2950 4151 τούτων
2979 4101 3008 4151 6
3038 4098 3157 4168 μὲν,
3187 4097 3433 4151 τεθνάναι
3458 4095 3634 4160 δόξας,
3679 4100 3753 4153 ἐν

2161 4184 2336 4254 ὑπτίῳ
2369 4184 2662 4255 τεταμένος
2690 4185 2769 4256 τῷ
2814 4187 3073 4258 σχήματι,
3104 4187 3245 4241 κατά
3270 4185 3329 4238 τὸ
3372 4185 3596 4253 πλάγιον
3623 4186 3753 4257 τῆς

2160 4276 2433 4348 λεωφόρου
2477 4276 2794 4348 προέκειτο·
2834 4278 2864 4329 6
2896 4276 2952 4330 δέ
2981 4278 3169 4347 ἕτερος
3215 4273 3526 4329 ἐπικωκύων
3562 4274 3754 4345 δῆθεν

2160 4367 2237 4437 τῷ
2269 4367 2504 4437 κειμένῳ
2527 4367 2624 4431 τὰς
2654 4367 2762 4421 τῶν
2787 4367 3127 4438 θρηνούντων
3162 4366 3344 4436 φωνὰς
3376 4365 3751 4438 ὑπεκρίνατο,

2161 4455 2255 4508 καὶ
2300 4457 2560 4527 παριόντα
2608 4456 2700 4509 τὸν
2734 4459 2907 4529 μέγαν
2951 4458 3233 4521 ἐπεϐοᾶτο,
3279 4458 3471 4527 λέγων,
3520 4457 3756 4528 ἀθρόως

491 4562 554 4600 ac
587 4554 1002 4615 pmtercuntem
1035 4560 1290 4614 magnum
1332 4545 1483 4599 illum
1510 4544 1687 4598 virum
1729 4543 2056 4599 inclamabat

2163 4525 2487 4617 συσχεθέντα
2526 4525 2745 4619 θανάτῳ.
2765 4525 2857 4603 τόν
2887 4550 3119 4604 δείλαιον
3145 4525 3362 4611 τοῦτον,
3391 4525 3754 4620 γυμνὸν-κεῖ·-

491 4641 684 4695 dicens
714 4657 725 4691 :
761 4638 1005 4707 Repente
1039 4644 1216 4690 morte
1243 4644 1535 4706 correptus
1559 4636 1649 4691 hic
1678 4636 1848 4690 miser
1878 4635 2057 4689 nudus

486 4731 652 4799 jacet,
702 4730 864 4799 eique
897 4727 1051 4783 deest
1080 4735 1379 4796 apparatus
1427 4727 1494 4780 ad
1541 4727 1902 4797 sepulturam.
1945 4725 2056 4780 Ro-

487 4821 651 4889 gabat
690 4820 858 4889 igitur
905 4832 1161 4888 magnum
1213 4816 1381 4881 istum
1412 4817 1613 4881 virum,
1650 4831 1719 4871 ne
1763 4816 2059 4885 negligerct

486 4916 540 4966 in
572 4913 807 4981 eojusta
848 4919 1214 4973 mortuorum,
1247 4910 1343 4965 sed
1386 4911 1642 4965 misertus
1674 4909 1860 4979 aliquo
1895 4911 2056 4964 modo

486 5004 845 5073 paupertatis,
886 5006 1155 5075 praeberet
1196 5017 1259 5058 ex
1318 5003 1385 5057 iis
1435 5003 1600 5057 rebus
1637 5017 1759 5073 quae
1793 5012 2052 5072 suppete-

486 5103 628 5160 rent,
678 5108 788 5165 quo
832 5104 1108 5151 extremus
1157 5100 1385 5147 ornatus
1443 5092 1658 5162 corpori
1714 5091 2047 5162 injiceretur.

486 5188 580 5243 Ille
609 5186 825 5257 quidem
874 5186 990 5243 haec
1029 5195 1083 5240 et
1128 5185 1257 5240 talia
1291 5185 1482 5239 dicens
1533 5183 1916 5255 supplicabat;
1964 5183 2052 5239 hic

488 5294 612 5334 vero
666 5279 801 5332 nihil
851 5286 1144 5333 cunctatus
1185 5291 1351 5346 super
1392 5275 1665 5343 jacentcm
1720 5276 1923 5344 injecta
1969 5275 2054 5329 di-

487 5371 686 5440 ploide,
738 5384 844 5439 qua
903 5369 1277 5424 circumdatus
1322 5376 1459 5432 erat,
1510 5368 1613 5421 iter
1673 5382 1829 5423 suum
1890 5381 2054 5437 porro

489 5463 939 5533 prosequebatur.
980 5459 1085 5516 Sed
1119 5469 1474 5530 posteaquam
1507 5458 1756 5527 digresso
1791 5459 1906 5522 illo,
1953 5459 2056 5514 soli

481 5564 640 5607 erant
671 5571 700 5609 a
751 5555 953 5625 quibus
985 5554 1058 5605 ita
1097 5553 1321 5607 delusus
1362 5557 1499 5613 erat,
1549 5558 1753 5603 mutata
1797 5550 1851 5604 in
1886 5550 2053 5604 risum

483 5648 742 5701 simulata
793 5644 1179 5703 lamentatione
1227 5644 1492 5712 impostor
1541 5640 1630 5697 ille
1672 5641 1944 5711 jacentcm
1994 5651 2053 5696 ut

2157 4636 2279 4689 σθαι
2313 4638 2405 4690 καὶ
2461 4639 2598 4710 πρὸς
2640 4642 2817 4711 ταφὴν
2859 4638 3285 4712 ἀπαράσκευον(
3311 4642 3511 4694 Ἐδεῖτο
3552 4641 3751 4695 τοίνυν

2152 4728 2248 4781 τοῦ
2280 4730 2514 4797 μεγάλου
2548 4733 2622 4802 μὴ
2653 4734 2912 4803 περιιδεῖν
2942 4734 3030 4786 ἐπ’
3053 4732 3197 4803 αὑτῷ
3228 4733 3329 4804 τὴν
3353 4733 3506 4785 ὁσίαν
3533 4732 3748 4804 ψυχὴν,

2153 4820 2268 4875 ἀλλ’
2296 4817 2474 4875 οἶκτόν
2511 4839 2631 4876 τινα
2677 4825 2776 4894 τῆς
2823 4825 3013 4887 πενίας
3054 4825 3287 4878 λαϐόντα
3332 4826 3639 4896 παρασχεῖν
3672 4828 3750 4879 ’ἐκ

2152 4911 2260 4965 τῶν
2289 4911 2515 4966 ἐνόντων
2541 4914 2633 4967 τὸν
2663 4914 2889 4986 ἔσχατον
2913 4916 3118 4986 κόσμον
3144 4914 3502 4985 ἐπιϐληθῆναι
3528 4913 3606 4986 τῷ
3633 4916 3750 4968 arb.

2166 5018 2311 5071 ματι.
2329 5000 2389 5055 ’0
2414 5002 2511 5073 μὲν
2548 5003 2720 5057 ταῦτα
2750 5005 2844 5059 καὶ
2874 5005 2942 5059 τὰ
2972 5004 3194 5058 τοιαῦτα
3216 5004 3411 5073 λέγων.
3449 5004 3704 5059 ἱκέτευεν
3731 5022 3745 5035 ·

2161 5096 2189 5147 6
2211 5094 2269 5148 δὲ
2302 5095 2571 5166 μελλήσας
2591 5096 2764 5161 οὐδὲν,
2787 5096 2886 5168 τὴν
2908 5097 3298 5168 περικειμένην
3320 5095 3466 5167 αὑτῷ
3488 5095 3743 5151 διπλοΐδα

2162 5185 2434 5240 ἐπιϐαλὼν
2475 5186 2554 5258 τῷ
2601 5188 2858 5259 κειμένῳ,
2894 5188 2985 5242 τοῦ
3042 5189 3233 5260 πρόσω
3281 5190 3380 5259 τῆς
3427 5188 3743 5257 ὁδοιπορίας

2162 5278 2353 5347 εἴχετο.
2394 5280 2544 5334 Ἐπεὶ
2569 5280 2624 5334 δὲ
2658 5281 2940 5345 διαϐάντος
2966 5280 3194 5347 ἐκείνου,
3230 5281 3316 5350 ἐφ’
3349 5280 3560 5335 ἑαυτῶν
3593 5276 3741 5350 ἦσαν

2159 5371 2206 5420 oi
2245 5370 2417 5423 ταῦτα
2470 5372 2587 5425 κατ’
2622 5372 2786 5426 αὑτοῦ
2826 5372 3135 5438 παίξαντες,
3173 5372 3491 5443 μεταϐαλὼν
3522 5374 3551 5425 6
3591 5372 3742 5425 ἀπαο

2155 5458 2292 5512 τεῶν
2314 5462 2517 5525 ἐκεῖνος
2545 5464 3134 5535 τὸνιέσχηματισμένον
3165 5464 3359 5536 θρῆνον
3391 5466 3470 5528 εἰς
3498 5465 3735 5532 γέλωτα,

2154 5550 2523 5608 διανίστασθαι
2557 5555 2634 5624 τῷ
2677 5557 2913 5628 κειμένῳ
2955 5557 3373 5627 παρεκελεύετο,
3418 5557 3508 5626 ὑφ’
3542 5557 3737 5627 ἡδονῆς

2152 5643 2231 5712 τῷ
2255 5646 2315 5698 ἐκ
2346 5645 2441 5715 τῆς
2474 5647 2686 5718 ἀπάτης
2726 5650 2909 5714 αὑτοῖς
2948 5649 3366 5721 προσγενομὲνῳ
3403 5648 3579 5717 κέρδει
3611 5651 3737 5701 ἐπι-
