4002 6206
297 285 400 342 νει

1238 276 1325 332 DE
1364 278 1522 332 VITA
1567 277 1624 335 S.
1668 277 1997 337 GREGOBH
2033 280 2565 339 τιιΑωιΑτυιιοι.

3452 290 3559 348 932

299 392 619 464 καγχάζων.
666 388 723 442 '0
753 387 809 441 δὲ
848 380 915 457 ἦν
950 387 1008 439 ὲν
1046 386 1216 458 ὁμοίῳ
1263 387 1340 458 τῷ
1386 389 1624 459 σχήματι
1661 390 1879 461 μηδενὸς

1991 402 2256 460 surgeret,
2290 391 2636 458 hortabatur,
2663 409 2772 463 pra:
2794 394 2993 462 gaudio
3024 396 3095 450 ob
3118 398 3333 452 lucrum
3366 397 3557 458 fraude

298 487 518 544 ἀκούων
544 481 655 537 τῶν
681 480 1009 550 λεγομένων.
1036 478 1144 533 Τοῦ
1173 479 1229 532 δὲ
1262 482 1608 552 γεγωνοτέρᾳ
1636 485 1702 553 τῇ
1732 486 1881 554 φωνῇ

299 575 672 650 κεχρημένου,
696 572 791 626 καὶ
812 570 929 639 ἅμα
950 571 1028 642 τῷ
1050 570 1173 623 ποδὶ
1186 570 1563 642 διεγείροντος,
1586 572 1736 625 οὐδὲν
1756 572 1885 643 μᾶλ-

300 669 392 721 λον
431 668 459 719 ό
496 664 770 734 κείμενος,
798 660 922 714 οὕτε
950 661 1049 731 τῆς
1089 663 1271 731 φωνῆς
1297 663 1585 732 ἐπήκουεν,
1626 662 1748 716 οὔτε
1786 664 1884 734 τῆς

304 757 521 827 πληγῆς
546 753 883 827 ἐπῃσθάνετο
903 769 916 783 ·
945 752 1060 806 ἀλλ’
1087 748 1155 824 ἦν
1186 752 1386 823 ὁμοίως
1420 754 1777 825 ἐκτεταμένος
1806 755 1885 826 τῷ

306 852 568 921 σχήματι.
600 846 814 918 Νεκρὸς
854 844 963 916 γάρ
988 840 1055 917 ἦν
1081 844 1216 915 ὁμοῦ
1249 847 1314 915 τῇ
1362 845 1585 917 ἐπιϐολῇ
1617 847 1712 900 τοῦ
1755 850 1883 917 ἱμα-

303 932 442 1005 τίου,
478 937 622 991 κατὰ
647 936 902 1009 ἀλήθειαν
932 939 988 989 ἐν
1015 935 1091 1007 τῷ
1117 936 1333 1009 θανάτῳ
1365 938 1675 1009 γενόμενος,
1702 938 1761 991 ὃν
1790 939 1886 991 ἐπὶ

300 1036 368 1103 τῇ
420 1031 606 1103 ἀπάτῃ
662 1028 757 1083 τοῦ
815 1029 1054 1098 μεγάλου
1103 1029 1572 1099 καθυπεκρίνετο’
1619 1031 1758 1084 ῶστε
1809 1030 1884 1100 μὴ

299 1122 605 1193 ψευσθῆναι
656 1120 746 1172 τὸν
788 1119 883 1183 τοῦ
935 1118 1071 1173 Θεοῦ
1114 1120 1420 1191 ἄνθρωπον,
1454 1119 1567 1173 ἀλλ’
1610 1116 1670 1174 οὗ
1727 1121 1885 1191 χάριν

301 1212 457 1281 ἐδόθη
496 1212 627 1278 παρ’
656 1208 822 1262 αὐτοῦ
858 1208 920 1261 τὸ
964 1209 1198 1279 ἱμάτιον,
1242 1210 1301 1261 ἐν
1329 1208 1504 1280 τούτῳ
1529 1212 1641 1274 τοῖς
1662 1209 1884 1263 λαϐοῦσι

300 1302 556 1372 γενέσθαι
600 1301 893 1372 χρήσιμον.
926 1301 990 1353 Εἰ
1030 1300 1085 1353 δὲ
1117 1300 1440 1374 σκυθρωπὸν
1469 1298 1607 1355 εἷναι
1653 1302 1797 1356 δοκεῖ
1824 1303 1886 1355 τὸ

301 1395 540 1449 τοιοῦτον
569 1392 728 1465 ἔργον
754 1393 851 1463 τῆς
873 1392 967 1446 τοῦ
1004 1392 1238 1463 μεγάλου
1272 1392 1508 1458 πίστεώς
1536 1412 1597 1449 τε
1622 1395 1716 1448 καὶ
1737 1397 1886 1451 δυνά-

304 1503 472 1556 μεως,
492 1482 781 1548 ξενιξέσθω
795 1483 1006 1553 μηδεὶς,
1031 1484 1168 1552 πρὸς
1192 1484 1282 1537 τὸν
1307 1484 1479 1555 μέγαν
1496 1485 1700 1557 Πέτρον
1721 1487 1880 1557 ὁρῶν.

299 1576 414 1628 Καὶ
442 1573 552 1646 γὰρ
568 1570 795 1638 ἐκεῖνος,
819 1575 880 1626 οὐ
902 1572 970 1626 δι’
998 1566 1072 1626 ὧν
1103 1574 1387 1646 εὐηργέτει
1421 1576 1580 1645 μόνον
1593 1576 1690 1647 τὴν
1719 1594 1887 1648 προσ-

302 1666 471 1720 οῦσαν
530 1666 874 1719 ἐπεδείκνυτο
906 1665 1156 1735 δύναμιν,
1193 1665 1285 1718 τὸν
1330 1668 1394 1719 ἐκ
1425 1669 1688 1740 γεννητῆς
1714 1668 1883 1740 χωλὸν

1989 481 2278 554 ᾳυωείιυιι]
2331 482 2695 537 cachinnans.
2758 484 2828 536 At
2879 478 3019 539 alter
3084 496 3201 541 erat
3251 488 3307 542 in
3367 490 3558 545 eodem

1986 572 2200 638 habitu,
2251 572 2388 626 nihil
2454 574 2755 630 exaudiens
2798 589 2987 630 eorum
3042 592 3164 646 quae
3208 578 3557 636 dicebantur.

1987 660 2126 716 Cum
2173 670 2353 716 autem
2399 662 2491 716 ille
2539 662 2774 719 clariore
2819 680 2952 720 vnee
2983 674 3249 734 uteretur,
3303 684 3366 724 ac
3396 670 3558 725 simul

1987 752 2123 821 pede
2156 752 2382 807 trudens
2417 768 2542 807 eum
2572 754 2815 809 excitare
2847 757 3135 821 niteretur,
3185 760 3358 814 nihilo
3386 762 3561 833 magis

1985 844 2079 913 qui
2115 842 2333 913 jacebat
2353 844 2436 898 vel
2473 859 2661 899 vocem
2715 847 3060 912 exaudiebat,
3094 850 3179 904 vel
3226 851 3395 907 ictum
3432 869 3560 910 sen-

1984 936 2186 1001 tiebat,
2234 936 2327 991 sed
2367 937 2422 990 in
2467 936 2660 991 eodem
2707 937 2895 991 habitu
2927 948 3191 997 extensus
3231 952 3368 997 erat.
3412 945 3558 1000 Mor-

1987 1036 2114 1081 tnns
2162 1027 2308 1081 enim
2354 1036 2506 1088 erat,
2550 1040 2698 1091 cum,
2734 1027 3088 1100 simulatque
3125 1033 3349 1102 pallium
3397 1050 3562 1105 super

1986 1132 2108 1173 enm
2152 1118 2412 1187 injectum
2458 1127 2599 1183 erat,
2652 1135 2778 1174 vera
2817 1129 3014 1188 morte,
3052 1139 3216 1193 quam
3256 1124 3560 1196 decipiendi

1985 1212 2168 1282 magni
2199 1210 2346 1266 illius
2377 1226 2544 1267 causa
2565 1212 2939 1280 simulaverat,
2963 1224 3251 1285 correptus
3284 1219 3564 1287 exspiras-

1986 1316 2091 1369 set,
2123 1304 2258 1359 adeo
2303 1312 2361 1359 ut
2406 1306 2571 1361 homo
2626 1306 2717 1360 ille
2771 1306 2991 1362 divinus
3046 1308 3193 1364 haud
3239 1309 3414 1367 falsus
3465 1313 3562 1378 sit,

1987 1399 2083 1453 sed
2125 1398 2287 1467 cujus
2340 1398 2418 1454 rei
2470 1398 2643 1468 gratia
2680 1398 2905 1468 pallium
2966 1399 3037 1454 ab
3084 1414 3150 1454 co
3187 1402 3373 1456 datum
3419 1412 3558 1467 erat,

1986 1491 2051 1546 ad
2100 1491 2240 1545 hanc
2274 1506 2387 1545 rem
2435 1491 2486 1545 ei
2532 1492 2625 1561 qui
2672 1492 2996 1561 accepisset,
3032 1494 3157 1547 usui
3203 1502 3368 1549 esset.
3404 1493 3558 1561 Quod

1988 1583 2033 1637 si
2057 1582 2316 1637 acerbum
2344 1590 2398 1637 et
2425 1591 2584 1637 atrox
2617 1582 2886 1651 ejusmodi
2920 1584 3136 1640 facinus
3168 1600 3379 1658 magna:
3414 1587 3563 1641 illius

1986 1682 2039 1727 et
2068 1674 2192 1728 fidei
2228 1682 2282 1728 et
2311 1675 2570 1744 potentiae
2613 1690 2736 1730 esse
2777 1676 3013 1739 videtur,
3055 1693 3216 1732 nemo
3244 1678 3403 1750 quasi
3446 1693 3561 1734 rem

298 1762 561 1834 τρέχοντα
599 1758 675 1830 τῷ
722 1759 838 1830 λαῷ
882 1757 1141 1815 δεικνύων
1194 1761 1288 1814 καὶ
1334 1761 1699 1834 διαλλόμενον,
1746 1764 1878 1836 ἢτῇ

1986 1779 2179 1818 novam
2214 1766 2465 1828 miretur,
2501 1765 2596 1820 sed
2637 1765 2704 1820 ad
2733 1780 2991 1836 magnum
3034 1768 3184 1821 illum
3217 1767 3439 1824 Petrum
3477 1786 3566 1825 reo

301 1854 432 1924 σκιᾷ
460 1851 556 1906 τοῦ
589 1851 716 1905 ἰδίου
747 1850 998 1922 σώματος
1031 1851 1297 1922 ἰατρεύων
1317 1853 1428 1906 τῶν
1458 1851 1884 1925 ἀρρωστούντων

296 1944 369 1997 τὰ
405 1943 572 2019 πάθη,
638 1938 721 2007 οἷς
764 1942 831 1996 ἂν
877 1942 1123 2012 ἐπήγαγε
1177 1943 1318 1996 κατὰ
1366 1944 1466 2015 τὴν
1510 1943 1743 2013 πάροδον
1791 1942 1882 1995 τοῦ

296 2036 594 2091 ἀποστόλου
643 2034 732 2087 διὰ
790 2034 1017 2101 πλαγίου
1068 2033 1146 2104 τῷ
1200 2034 1411 2106 σώματι
1466 2032 1819 2106 προσϐάλλων
1857 2036 1885 2086 ό

295 2129 485 2198 ἣλιος·
514 2126 649 2180 ἀλλὰ
694 2127 791 2180 καὶ
834 2125 928 2180 τοῦ
971 2126 1212 2180 Ἀνανίου
1246 2126 1382 2197 πρὸς
1435 2125 1532 2196 τὴν
1572 2124 1884 2178 ἐνοικοῦσαν

296 2218 380 2290 τῷ
429 2218 709 2289 ἀποστόλῳ
759 2217 988 2288 δύναμιν
1032 2216 1514 2287 καταφρονητικῶς
1554 2216 1885 2279 διατεθέντος

292 2310 651 2374 καταδικάζει
676 2310 767 2363 τὸν
793 2309 1019 2364 θάνατον
1039 2326 1052 2342 ο
1076 2309 1150 2371 ὡς
1178 2308 1263 2374 ἂν,
1296 2305 1469 2378 οἶμαι,
1495 2307 1577 2377 τῷ
1598 2310 1719 2362 κατ’
1747 2311 1885 2361 ἐκεῖ-

287 2422 388 2457 νον
429 2402 581 2474 φόϐῳ
614 2403 721 2455 πᾶν
749 2406 808 2455 τὸ
838 2399 1214 2472 καταφρονοῦν
1244 2402 1301 2453 ἐν
1344 2400 1422 2471 τῷ
1460 2400 1575 2471 λαῷ
1609 2399 1882 2470 σωφρονέο

291 2512 494 2567 στερον
524 2493 745 2564 γένηται
777 2493 853 2563 τῷ
885 2492 1101 2567 φοϐερῷ
1130 2491 1509 2563 ὑποδείγματι,
1544 2491 1680 2562 πρὸς
1718 2492 1779 2544 τὸ
1808 2492 1882 2562 μὴ

278 2589 412 2649 ’τοῖς
467 2587 649 2649 αὐτοῖς
691 2585 1010 2653 ἐγγενέσθαι
1064 2583 1605 2653 παιδαγωγούμενον.
1642 2581 1883 2644 Εἰκότως

288 2680 477 2733 τοίνυν
516 2681 544 2732 ό
579 2680 822 2749 μιμητὴς
856 2676 949 2730 τοῦ
988 2676 1197 2745 Πέτρου
1244 2675 1334 2728 διὰ
1361 2673 1570 2728 πολλῶν
1602 2673 1708 2727 τῶν
1742 2671 1883 2725 κατά

290 2771 397 2835 τὰς
438 2771 759 2842 εὐεργεσίας
808 2767 1102 2840 θαυμάτων
1143 2766 1323 2833 δείξας
1362 2766 1421 2821 τὸ
1473 2766 1573 2837 τῆς
1600 2766 1883 2836 δυνάμεως

293 2862 550 2933 μέγεθος,
588 2862 681 2915 καὶ
712 2862 801 2915 τὸν
835 2861 975 2915 κατὰ
1007 2860 1100 2913 τοῦ
1137 2859 1449 2930 Πνεῦματος
1476 2858 1783 2930 χρήσασθαι
1814 2859 1879 2928 τῇ

289 2956 487 3026 ἀπάτῃ
527 2955 954 3026 ἐπιχειρήσαντα
999 2952 1294 3023 ἀληθεῦσαι
1340 2952 1469 3024 περὶ
1516 2951 1680 3006 αὐτοῦ
1742 2967 1882 3022 παρ-

290 3049 771 3103 εσκεύασεν.Ἕδει
794 3048 924 3119 γὰρ,
951 3043 1123 3117 οἶμαι,
1158 3046 1249 3099 τὸν
1270 3045 1601 3117 καθαιρέτην
1632 3043 1725 3099 τοῦ
1749 3042 1880 3113 dat-:6-

1987 1858 2206 1927 spiciat.
2264 1856 2401 1911 Nam
2451 1867 2505 1913 et
2562 1859 2653 1913 ille
2715 1874 2824 1914 non
2864 1859 3257 1917 benefaciendo
3301 1864 3565 1917 duntaxat

1986 1947 2265 2011 virtutem,
2286 1960 2394 2015 qua
2417 1945 2683 2015 praeditus
2718 1955 2855 2010 erat,
2893 1950 3325 2015 demonstrabat,
3356 1966 3479 2005 cum
3510 1959 3566 2007 et

1985 2053 2131 2103 eum,
2190 2038 2285 2108 qui
2335 2037 2565 2093 claudus
2620 2046 2786 2094 natus
2838 2048 2977 2104 erat,
3030 2051 3341 2098 currentem
3401 2051 3565 2113 atque

1986 2130 2279 2184 saltantem
2324 2131 2527 2200 populo
2559 2130 2897 2197 ostenderet,
2937 2138 2992 2187 et
3039 2134 3123 2189 sui
3159 2134 3411 2204 corporis
3441 2151 3563 2189 uni-

1986 2223 2082 2276 hra
2131 2222 2198 2277 ad
2231 2239 2595 2294 quoscunque
2639 2239 2759 2279 eam
2792 2224 2895 2287 sol,
2931 2232 3254 2280 transeunte
3288 2228 3560 2297 apostolo,

1985 2326 2050 2365 ex
2105 2322 2418 2367 transverso
2463 2314 2679 2382 corpori
2716 2313 3043 2369 incumbens
3074 2315 3336 2386 adigeret,
3378 2333 3560 2389 aegro-

1984 2402 2217 2455 tantium
2265 2403 2491 2458 morbos
2544 2412 2767 2459 sanaret
2799 2423 2811 2458 :
2848 2421 3035 2459 verum
3070 2408 3235 2461 etiam
3268 2410 3558 2469 Ananiani,

1983 2492 2074 2562 qui
2117 2491 2347 2547 insitam
2373 2494 2624 2562 apostolo
2655 2495 2909 2549 virtutem
2946 2497 3352 2559 contemnebat,
3384 2511 3560 2554 morte

1982 2584 2333 2648 condemnat,
2389 2593 2447 2639 ut
2494 2586 2663 2652 illius,
2716 2587 2935 2656 opinor,
2991 2603 3153 2659 poena
3194 2589 3451 2659 quisquis
3503 2593 3557 2643 in

1982 2675 2188 2745 populo
2235 2675 2427 2730 eodem
2472 2676 2898 2746 contemptionis
2933 2679 3128 2733 morbo
3158 2678 3455 2745 laboraret,
3491 2683 3558 2735 ad

1983 2767 2259 2822 saniorem
2316 2767 2629 2837 Opinionem
2688 2777 3078 2836 revocaretur,
3140 2785 3262 2823 cum
3313 2774 3561 2844 exempla

1984 2859 2263 2915 horrendo
2312 2868 2682 2925 coerceretur,
2718 2876 2787 2915 ne
2838 2870 2891 2915 et
2924 2861 3042 2932 ipse
3084 2862 3454 2917 committeret
3500 2875 3560 2918 ut

1984 2950 2177 3006 iisdem
2211 2952 2392 3022 pinnis
2439 2952 2829 3020 subjiceretur.
2883 2952 3078 3007 Merito
3114 2952 3283 3024 igitur
3317 2956 3564 3010 imitator

1984 3038 2155 3107 Petri,
2186 3056 2310 3099 eum
2347 3058 2445 3113 per
2473 3044 2640 3097 inulta
2674 3043 2921 3099 benelica
2971 3045 3236 3099 miracula
3286 3048 3563 3117 magnitu-

287 3141 442 3204 δους,
467 3140 558 3192 καὶ
594 3140 650 3191 ἐν
683 3138 760 3209 τῷ
787 3138 1061 3192 άπατεῶνι
1084 3139 1144 3192 τὸ
1171 3137 1364 3209 ψεῦδος
1388 3137 1771 3209 μεταλλάττειν
1798 3137 1876 3199 είς

1987 3133 2175 3188 dinem
2212 3134 2470 3203 potentia:
2518 3134 2873 3195 ostendisset,
2920 3136 3085 3189 etiam
3121 3152 3273 3217 eum,
3320 3138 3414 3207 qui
3463 3140 3562 3191 ad-

287 3228 576 3300 ἀλήθειαν,
619 3228 694 3290 ὡς
720 3228 786 3282 ἂν
815 3227 984 3281 ἅπασι
1022 3227 1111 3281 διὰ
1149 3226 1309 3282 τοῦτο
1342 3228 1553 3297 γένοιτο
1588 3227 1766 3297 δῆλον,
1795 3227 1875 3279 ότι

288 3323 391 3376 καλ⁸
418 3322 530 3374 πᾶν
550 3320 610 3374 τὸ
644 3321 794 3392 παρὰ
829 3319 923 3374 τοῦ
956 3320 1190 3391 μεγάλου
1226 3320 1519 3390 λεγόμενον
1548 3319 1746 3392 ἀληθὲς
1778 3315 1876 3390 ἦν,

287 3414 389 3467 καὶ
412 3414 550 3484 ὅπερ
576 3413 640 3466 ἂν
683 3412 758 3476 ὡς
793 3411 990 3482 ἀληθὲς
1037 3411 1391 3481 παρεδέξατο,
1423 3411 1617 3482 ψεῦδος
1655 3412 1756 3464 οὐκ
1785 3407 1873 3482 ἦν.

291 3505 356 3557 Οἱ
392 3504 495 3574 μὲν
534 3498 628 3557 οὖν
674 3502 916 3557 Ἰουδαῖοι
953 3504 1093 3557 κατὰ
1132 3504 1222 3558 τὸν
1268 3504 1503 3575 ῥηθέντα
1533 3503 1733 3574 τρόπον
1780 3503 1878 3573 τῆς

288 3596 386 3649 τοῦ
416 3596 653 3667 μεγάλου
682 3594 983 3666 δυνάμεως,
1012 3595 1087 3659 ὡς
1109 3596 1386 3666 ἐνόμισαν,
1417 3593 1873 3664 καταπαὶξαντες,

293 3688 572 3757 παίδευμα
607 3690 720 3749 τοῖς
760 3687 936 3752 ἄλλοις
972 3687 1239 3755 ἐγένοντο,
1278 3688 1350 3759 μὴ
1403 3688 1742 3758 κατατολμᾷν
1774 3687 1872 3757 τῆς

294 3778 535 3848 ἀπάτης,
556 3778 639 3845 ἐφ’
664 3770 738 3829 ὧν
762 3778 790 3829 ό
819 3776 951 3841 Θεὸς
966 3778 1173 3845 γίνεται
1204 3779 1311 3831 τῶν
1339 3778 1715 3848 τολμηθέντων
1744 3794 1875 3831 κατ-

296 3872 519 3942 arceor.

1985 3238 2181 3279 versus
2234 3223 2498 3294 Spiritum
2557 3224 2800 3279 fraudem
2856 3224 3038 3279 facere
3095 3237 3327 3283 conatus
3381 3238 3523 3283 esset

1983 3327 2233 3366 veracem
2267 3314 2531 3368 adversus
2560 3314 2800 3384 seipsum
2829 3313 3032 3368 effecit.
3067 3313 3367 3385 Oportebat
3388 3318 3545 3383 enitr,

1980 3404 2200 3474 opinor,
2234 3405 2504 3459 mendacii
2526 3419 2839 3460 eversorem
2865 3406 3030 3459 etiam
3057 3406 3364 3477 deceptoris
3399 3424 3556 3463 men-

1982 3496 2199 3551 dacium
2236 3503 2561 3551 convertere
2610 3497 2665 3550 in
2715 3496 3024 3564 veritatem,
3068 3506 3129 3552 ut
3168 3500 3422 3557 omnibus
3462 3516 3560 3571 per

1984 3591 2089 3645 hoc
2123 3590 2304 3661 palam
2340 3590 2515 3655 fieret,
2560 3588 2707 3660 quod
2754 3596 2808 3644 et
2846 3589 3113 3660 quidquid
3165 3605 3196 3645 a
3237 3606 3435 3664 magno
3465 3594 3558 3647 illo

1984 3690 2099 3737 tum
2144 3682 2445 3746 diceretur,
2479 3691 2597 3738 turn
2648 3682 2820 3749 fieret,
2860 3697 3052 3738 verum
3098 3690 3265 3746 esset,
3298 3692 3351 3739 et
3391 3686 3560 3756 quod-

1983 3790 2202 3845 cunque
2239 3789 2337 3845 pro
2382 3790 2510 3830 vero
2554 3775 2878 3845 accepisset,
2915 3776 3262 3832 mendacium
3314 3793 3422 3833 non
3464 3795 3555 3835 es—

1987 3878 2089 3923 set.
2119 3868 2197 3922 Ac
2223 3866 2396 3923 Judaai
2432 3867 2676 3937 quidem,
2708 3868 3165 3938 quemadmodum
3196 3870 3399 3924 dictum
3450 3880 3555 3935 est,

296 3963 485 4034 magni
546 3962 693 4018 illius
731 3962 1053 4033 potentiam,
1120 3967 1178 4013 nt
1248 3959 1528 4024 rebantur,
1585 3956 1866 4019 ludificati,
1907 3957 2237 4011 documento
2300 3957 2516 4010 caeteris
2576 3954 2800 4012 fuerunt
2844 3974 2857 4009 :
2896 3971 3007 4010 non
3066 3958 3382 4013 tentandam
3436 3976 3559 4016 esse

296 4051 568 4115 fraudem,
619 4051 673 4105 in
707 4051 907 4121 quibus
940 4049 1083 4105 Deus
1129 4064 1343 4115 eorum,
1377 4063 1499 4119 qua:
1542 4046 1862 4109 tentaveris,
1896 4056 2189 4100 accusator
2222 4045 2461 4102 exsistit.

365 4142 523 4198 Μετὰ
567 4144 739 4198 ταῦτα
769 4144 826 4197 δὲ
854 4144 1109 4213 συλλόγου
1140 4144 1285 4207 τινὸς
1325 4142 1467 4196 κατὰ
1508 4141 1569 4195 τὸ
1610 4141 1872 4213 ὕπαιθρον

293 4235 351 4289 έν
380 4253 486 4290 τινι
510 4235 619 4289 τῶν
649 4236 788 4290 κατὰ
820 4236 916 4307 τὴν
938 4235 1123 4308 χώραν
1141 4237 1320 4289 τόπων
1336 4235 1702 4306 γεγενημένου
1721 4235 1868 4296 ποτὲ,

291 4329 388 4382 καὶ
438 4328 659 4382 πάντων
706 4328 1092 4400 θαυμαστικῶς
1120 4328 1478 4399 διακειμένων
1520 4326 1654 4393 πρὸς
1695 4325 1764 4379 τά
1791 4327 1871 4379 δι-

2054 4139 2184 4194 Post
2213 4139 2328 4194 haec
2377 4156 2502 4194 cum
2537 4141 2759 4211 quidam
2805 4150 3108 4200 conventus
3148 4145 3253 4201 sub
3289 4145 3382 4201 dio
3420 4161 3556 4216 quo.

1982 4231 2107 4285 dam
2139 4231 2195 4285 in
2229 4231 2352 4286 loco
2379 4231 2620 4302 regionis
2655 4231 2948 4301 aliquando
2979 4232 3198 4298 fuisset,
3233 4241 3399 4303 atque
3437 4251 3557 4290 om—

1981 4339 2080 4378 nes
2113 4322 2473 4378 admiratione
2504 4321 2768 4375 doctrinae
2802 4330 3144 4385 tenerentur,
3174 4323 3557 4381 adolescentu-

290 4420 567 4491 δάγματα,
607 4420 893 4491 μειράκιόν
923 4439 975 4474 τι
1009 4420 1145 4491 πρὸς
1193 4421 1318 4484 τοὺς
1349 4420 1687 4484 συνεστῶτας
1722 4419 1869 4483 ἐϐόα,

1985 4416 2069 4470 lus
2103 4415 2327 4485 quidam
2360 4414 2426 4468 ad
2455 4421 2818 4484 congregatos
2857 4414 3149 4478 clamabat,
3174 4430 3283 4470 non
3314 4432 3343 4470 a
3376 4419 3559 4488 seipso

296 4511 373 4582 μὴ
404 4510 537 4581 παρ’
554 4511 717 4565 αὑτοῦ
746 4512 918 4566 ταῦτα
945 4511 1036 4566 τὸν
1056 4512 1373 4566 διδάσκαλον
1405 4512 1605 4580 λέγειν,
1626 4511 1739 4566 ἀλλ’
1761 4512 1878 4564 ἓτε-

297 4618 389 4672 ρον
428 4600 577 4670 αὐτῷ
612 4601 936 4673 παρεστῶτα
977 4603 1226 4670 διεξιέναι
1259 4604 1382 4667 τοὺς
1437 4603 1647 4671 λόγους.
1703 4605 1876 4675 Προσ-

291 4694 554 4766 αχθέντος
579 4693 634 4747 δέ
655 4693 748 4747 τοῦ
772 4694 959 4758 παιδὸς
987 4695 1126 4765 μετὰ
1145 4694 1205 4748 τὸ
1232 4694 1541 4766 διαλυθῆναι
1569 4696 1659 4749 τὸν
1688 4694 1876 4748 σύλλο-

294 4800 414 4851 γον,
450 4785 623 4838 εἰπεῖν
658 4784 878 4855 λέγεται
917 4787 1053 4857 πρὸς
1088 4788 1215 4850 τοὺς
1260 4787 1533 4858 παρόντας
1560 4788 1651 4842 τὸν
1680 4788 1872 4858 μέγαν,

296 4881 376 4954 μὴ
425 4880 751 4953 καθαρεύειν
777 4885 841 4937 ἐκ
874 4882 1127 4953 δαίμονος
1161 4882 1224 4936 τὸ
1274 4882 1586 4954 μειράκιονο
1638 4883 1731 4936 καὶ
1761 4882 1878 4952 ἃμα

294 4971 681 5043 περιελόμενον
728 4973 921 5027 ἐαυτοῦ
953 4973 1016 5027 τὸ
1062 4973 1153 5027 ἐπὶ
1199 4973 1290 5027 τὸν
1318 4967 1468 5046 ὦμον
1512 4974 1737 5032 όθόνιον.
1783 4976 1877 5029 καὶ

254 5063 616 5139 ςπαραθιίντα
660 5063 739 5134 τῷ
775 5064 1014 5134 ἄσθματι
1047 5064 1140 5119 τοῦ
1189 5065 1319 5120 ἰδίου
1372 5067 1659 5137 στόματος,
1706 5067 1876 5132 οὕτως

286 5155 586 5227 ἑπιρῤίψαι
612 5155 690 5227 τῷ
716 5158 841 5228 νέῳ.
870 5158 1164 5229 Γενομένου
1193 5158 1249 5212 δὲ
1271 5158 1482 5225 τούτου,
1508 5160 1877 5231 ταράσσεσθαι

289 5246 504 5318 ἧρξατο
542 5249 637 5302 καὶ
690 5250 925 5321 ἀναϐοᾷν
953 5252 1014 5305 τὸ
1048 5252 1351 5322 μειράκιον,
1387 5254 1482 5306 καὶ
1514 5238 1877 5308 καταπίπτειν

291 5340 395 5394 καὶ
420 5340 880 5413 διαρριπτείσθαι,
913 5344 1008 5398 καὶ
1046 5344 1224 5399 πάντα
1250 5346 1480 5416 πάσχειν
1504 5345 1572 5400 τὰ
1602 5347 1666 5400 ἐκ
1695 5346 1879 5417 δαιμό-

294 5448 408 5483 νων
441 5432 610 5503 πάθη.
645 5429 781 5489 Εἶτα
832 5435 1181 5501 ἐπιϐαλόντος
1222 5436 1316 5490 τοῦ
1364 5438 1520 5505 ἁγίου
1555 5435 1656 5509 τὴν
1699 5442 1876 5509 χεῖρα,

293 5523 396 5576 καὶ
422 5522 522 5595 τὴν
546 5525 791 5598 ταραχὴν
819 5528 1274 5595 κατευνάσαντος,
1303 5529 1613 5600 άποπτῆναι
1651 5531 1749 5601 μὲν
1782 5531 1881 5584 αῦ-

294 5613 395 5668 τοῦ
427 5616 488 5668 τὺ
535 5615 828 5687 δαιμόνιον,
859 5618 951 5673 τὸν
972 5619 1029 5673 δὲ
1065 5619 1225 5675 πάλιν
1258 5622 1317 5673 ἐν
1353 5622 1685 5694 καταστάσει
1727 5622 1880 5690 γενόα

297 5722 484 5776 μενον,
513 5706 710 5779 μηκέτι
736 5708 915 5779 λέγειν
940 5711 1068 5782 ὁρᾷν
1086 5710 1177 5765 ἐπὶ
1196 5710 1292 5765 τοῦ
1308 5712 1466 5780 ἁγίου
1486 5713 1578 5767 τὸν
1598 5713 1877 5784 συμφθεγ-

1984 4509 2306 4577 magistrum
2352 4521 2415 4562 ea
2444 4506 2649 4571 dicere,
2690 4506 2787 4561 sed
2842 4506 3074 4561 alterum
3112 4508 3161 4562 ei
3208 4507 3556 4565 assistentem

1982 4600 2147 4655 verba
2177 4598 2445 4669 proferre.
2478 4599 2614 4653 Cum
2642 4607 2825 4654 autem
2855 4599 3084 4657 dimisso
3112 4610 3383 4656 conventu
3423 4616 3559 4671 puer

1982 4692 2050 4747 ad
2083 4708 2208 4748 eum
2247 4693 2521 4748 adductus
2545 4699 2713 4758 esset,
2741 4691 2952 4750 dixisse
2983 4709 3217 4765 magnus
3244 4694 3349 4749 iste
3382 4693 3559 4747 fertur

1979 4785 2044 4840 ad
2085 4800 2204 4846 eos,
2250 4786 2341 4853 qui
2399 4787 2653 4847 aderant,
2705 4786 3181 4841 adolescentulum
3229 4800 3259 4839 a
3312 4786 3558 4840 daemone

1981 4876 2253 4946 integrum
2302 4890 2410 4928 non
2457 4890 2582 4929 esse
2612 4893 2625 4929 :
2652 4889 2717 4929 ac
2757 4875 2923 4929 simul
2958 4875 3262 4929 detractum
3312 4876 3415 4931 sibi
3449 4876 3556 4930 lin-

1980 4968 2210 5031 teolum,
2272 4966 2417 5036 quod
2471 4966 2526 5020 in
2574 4964 2821 5021 humeris
2868 4967 3150 5036 gestabat,
3203 4976 3257 5022 et
3307 4968 3422 5023 oris
3471 4969 3554 5024 sui

1980 5059 2180 5115 anima:
2220 5057 2527 5123 admotum,
2569 5057 2643 5111 ita
2680 5057 2943 5129 iniecisse
2980 5059 3190 5129 juveni.
3225 5059 3345 5127 Quo
3386 5060 3553 5121 facto,

1980 5154 2194 5209 turbari
2248 5153 2416 5223 carpit
2476 5161 2532 5206 et
2597 5153 2911 5209 exclamare
2967 5154 3446 5219 adolescentulus,
3503 5164 3557 5209 et

1981 5247 2135 5301 humi
2180 5244 2459 5316 prosterni
2511 5252 2566 5300 ct
2614 5245 2724 5299 huc
2768 5244 2899 5299 illuc
2928 5244 3148 5313 jactari,
3194 5255 3248 5299 et
3296 5243 3555 5299 omnibus

1982 5339 2120 5394 aﬂiei
2181 5337 2567 5402 incommodis,
2622 5352 2744 5408 qua:
2798 5351 2829 5392 a
2876 5336 3217 5393 daemonibus
3272 5336 3558 5407 provenire

1982 5433 2180 5487 solent.
2214 5430 2421 5487 Deinde
2454 5446 2580 5486 cum
2609 5438 2838 5486 sanctus
2874 5430 2963 5486 ille
2999 5444 3222 5487 manum
3256 5430 3554 5500 injecisset,

1980 5534 2035 5582 et
2066 5525 2437 5581 turbationem
2474 5522 2744 5590 sedasset,
2778 5524 3107 5579 daemonium
3142 5524 3361 5594 quidem
3396 5521 3467 5576 ab
3491 5537 3559 5575 eo

1982 5620 2253 5685 evolasse,
2297 5620 2415 5689 ipse
2442 5632 2576 5674 vero
2610 5633 2806 5673 rursus
2845 5617 2912 5672 ad
2965 5618 3203 5688 priorem
3242 5626 3446 5672 statum
3482 5623 3561 5670 at-

1980 5730 2090 5785 que
2124 5713 2579 5784 tranquillitatem
2613 5711 2894 5777 redactus,
2939 5727 3048 5767 non
3080 5713 3312 5783 amplius
3350 5712 3558 5767 dixisse
