4002 6206
456 339 565 400 94⁸5

1667 314 1724 369 S.
1767 308 2096 370 CREGORII
2130 306 2423 365 NYSSENI

3600 304 3693 361 ιλιι

462 462 655 522 fertur,
696 452 842 527 quod
872 447 1080 504 videret
1124 448 1320 500 sancto
1365 436 1716 495 assistentem
1760 434 1856 504 qui
1916 447 2025 487 una

2155 430 2382 501 νόμενον.
2413 427 2523 483 Καὶ
2546 426 2652 501 γὰρ
2677 426 2742 498 δὴ
2771 425 2866 479 καὶ
2893 424 3049 480 τοῦτο
3078 425 3188 479 τῶν
3220 422 3475 496 μεγάλων
3495 424 3697 478 ἐκείνου

462 524 799 623 loqueretur.
844 538 1058 597 Etenim
1093 536 1258 591 etiam
1288 533 1392 587 hoc
1434 527 1692 584 nimirum
1725 524 1795 579 ad
1834 538 2029 594 magna

462 617 700 714 pertinet
740 636 863 706 ejus
906 628 1192 691 miracula,
1229 626 1373 697 quod
1422 622 1573 676 nulla
1617 617 1934 674 curiositate
1977 623 2032 669 et

461 710 732 802 exquisita
789 726 1022 797 quadam
1093 723 1304 776 ratione
1361 713 1627 771 miracula
1684 710 2029 766 sanationunt

461 798 718 885 ediceret,
753 817 849 873 sed
893 824 948 871 et
987 813 1056 869 ad
1083 812 1361 866 daemones
1396 803 1667 874 fugandos
1703 809 1757 857 et
1803 798 1871 854 ad
1902 812 2030 852 cor-

463 916 614 987 poris
674 911 894 967 morbos
966 902 1333 978 proﬂigandos
1405 897 1679 956 sulliceret
1738 893 1854 949 oris
1910 891 2032 962 ejus

462 984 760 1069 anhelitus,
808 1000 903 1071 qui
938 1014 1035 1069 per
1086 996 1317 1050 linteum
1376 989 1646 1046 laboranti
1696 985 1896 1055 cuique
1942 984 2035 1040 ad-

464 1090 809 1147 movebatur.
852 1085 1127 1141 Czeterum
1172 1078 1360 1135 omnia
1386 1076 1606 1148 quidem
1661 1074 1808 1129 edita
1862 1072 1931 1127 ab
1966 1085 2033 1126 eo

465 1177 726 1233 miracula
771 1174 1030 1242 deinceps
1071 1167 1264 1223 ordine
1292 1163 1570 1237 persequi,
1605 1161 1835 1232 prolixae
1888 1158 2034 1213 scri-

467 1279 641 1340 pturze
688 1282 775 1322 res
817 1264 986 1318 fuerit
1044 1268 1101 1317 et
1142 1258 1416 1316 sermonis
1457 1255 1551 1325 qui
1592 1267 1833 1325 prmsens
1860 1250 2032 1304 otium

466 1365 793 1427 superaret:
825 1352 990 1408 unius
1022 1357 1200 1403 autem
1225 1356 1485 1417 praeterea
1515 1342 1810 1396 alteriusve
1844 1350 2033 1393 eorum

465 1463 589 1519 quae
626 1446 694 1500 de
731 1458 798 1499 eo
830 1442 1084 1498 feruntur
1129 1434 1520 1492 miraculorum
1554 1432 1829 1486 mentione
1870 1436 2035 1497 atque

467 1515 988 1590 commemoratione
1022 1525 1189 1590 facta,
1235 1522 1322 1577 his
1350 1534 1657 1577 sermonem
1691 1515 2038 1572 circumscri-

467 1627 613 1681 bam.
651 1622 784 1677 Nam
824 1635 950 1676 cum
974 1619 1087 1689 jam
1132 1616 1188 1671 in
1231 1627 1421 1669 omnes
1446 1619 1629 1682 partes
1673 1608 1842 1663 divini
1883 1605 2035 1660 verbi

468 1713 788 1787 praedicatio
829 1709 1111 1779 divulgata
1154 1712 1324 1764 esset,
1353 1709 1409 1757 et
1449 1714 1641 1755 omnes
1677 1706 1786 1752 tam
1816 1696 1908 1766 qui
1946 1711 2037 1748 ur-

2136 522 2429 593 οαυμάτων
2454 519 2592 584 ἐστὶ,
2634 520 2697 572 τὸ
2732 518 2971 590 μηδεμιᾷ
3009 535 3113 571 τινι
3140 515 3436 587 περιεργίᾳ⁵
3469 514 3540 567 τὰ
3567 517 3703 569 κατά

2135 612 2233 677 τὰς
2267 613 2437 676 ἰάσεις
2481 610 2748 664 ἐπιτελεῖν
2774 609 3057 680 θαύματα·
3098 607 3210 662 ἀλλ’
3238 608 3433 678 ἀρκεῖν
3473 611 3615 680 πρὸς
3648 625 3704 661 τε

2134 704 2231 775 τὴν
2271 703 2379 756 τῶν
2410 702 2680 774 δαιμόνων
2711 700 3053 771 ἀπαλλαγὴν,
3095 699 3190 753 καὶ
3235 700 3373 768 πρὸς
3416 700 3520 772 τὴν
3566 699 3708 752 ἴασιν

2136 795 2244 850 τῶν
2276 794 2727 867 ἀρρωστημάτων
2755 792 2850 847 τοῦ
2882 791 3135 863 σώματος
3179 792 3240 845 τὺ
3269 794 3334 845 ὲκ
3369 791 3463 845 τοῦ
3501 792 3709 862 στόμα-

2136 906 2226 953 τος
2257 887 2421 941 αὐτοῦ
2461 883 2647 956 ἆσθμα
2668 885 2755 938 διὰ
2787 885 2886 955 τῆς
2913 883 3105 954 ὀθόνης
3130 882 3210 954 τῷ
3245 883 3500 952 κάμνοντι
3536 898 3708 953 προσ.

2137 980 2423 1050 αγόμενον.
2484 955 2645 1030 Ἀλλά
2693 976 2753 1029 τὸ
2803 976 2898 1048 μὲν
2948 976 3114 1029 πᾶσιν
3166 973 3364 1043 ἐφεξῆς
3405 977 3518 1037 τοῖς
3573 974 3706 1044 παρ’
3746 955 3767 1029 ἶ

2139 1071 2352 1125 ἐκείνου
2376 1070 2647 1140 θαύμασιν
2671 1067 2967 1133 ἐπεξιέναι,
2998 1068 3218 1139 μακρᾶς
3250 1065 3340 1135 εἴη
3364 1063 3707 1135 συγγραφῆς,
3758 1054 3773 1089 ἒ

2140 1163 2234 1217 καὶ
2285 1161 2444 1230 λόγου
2499 1159 2599 1232 τὴν
2674 1159 2949 1231 παροῦσαν
3002 1157 3196 1229 σχολὴν
3250 1157 3355 1210 ὖπε
3365 1155 3673 1226 ρϐαίνοντος
3690 1172 3707 1187 σ

2140 1255 2259 1319 ἑνὸς
2287 1254 2345 1308 δὲ
2372 1254 2406 1324 ἢ
2436 1253 2580 1306 δυοῖν
2614 1252 2693 1305 ἔτι
2740 1251 2851 1304 τῶν
2884 1251 3010 1321 περὶ
3041 1249 3206 1304 αὐτοῦ
3239 1247 3551 1318 λεγομένων
3595 1249 3704 1299 ὲπιο

2144 1344 2423 1415 μνησθεὶς,
2465 1343 2524 1396 ἐν
2563 1341 2774 1406 τούτοις
2804 1338 3124 1412 περιγράψω
3151 1338 3242 1391 τὸν
3279 1337 3459 1406 λόγον.
3506 1338 3712 1389 Παντα-

2141 1435 2238 1506 χοῦ
2259 1434 2368 1506 γὰρ
2400 1434 2502 1506 ἤδη
2532 1431 3009 1502 διαπεφοιτηκότος
3035 1430 3129 1484 τοῦ
3163 1429 3306 1483 θείου
3338 1427 3708 1500 κηρύγματος,

2143 1528 2237 1580 καὶ
2265 1527 2479 1579 πάντων
2508 1524 2651 1578 κατά
2693 1540 2751 1576 τε
2789 1522 2887 1593 τὴν
2936 1521 3110 1585 πόλιν,
3144 1519 3239 1574 καὶ
3267 1520 3367 1589 τὴν
3411 1519 3711 1589 περίοικον,

2145 1615 2279 1687 πρὸς
2304 1615 2402 1684 τὴν
2430 1614 2631 1684 εὐσεϐῆ
2664 1612 2757 1666 τοῦ
2786 1612 3051 1684 δόγματος
3076 1610 3259 1664 πίστιν
3291 1609 3711 1681 μετατεθέντων,

2146 1707 2346 1779 βωμῶν
2387 1723 2447 1759 τε
2475 1707 2569 1759 καὶ
2613 1705 2774 1778 ἰερῶν
2810 1705 2903 1758 καὶ
2949 1702 3180 1756 είδὼλων
3224 1705 3281 1756 ὲν
3312 1702 3493 1766 αὐτοῖς
3522 1703 3713 1755 ἀνατε-

469 1809 593 1862 bem
630 1804 968 1865 habitarent,
1000 1812 1163 1870 quam
1195 1795 1288 1866 qui
1326 1808 1519 1864 agrum
1550 1792 1789 1846 vicinum
1828 1788 2034 1843 incole-

2155 1796 2492 1870 τραμμένων,
2547 1795 2912 1868 καθαρθείσης
2960 1794 3016 1847 δὲ
3063 1793 3161 1865 ἤδη
3207 1793 3307 1862 τῆς
3367 1792 3714 1865 ἀνθρωπίνης

469 1906 615 1961 rent,
667 1896 735 1951 ad
794 1896 940 1965 piam
1001 1889 1265 1944 doctrina:
1319 1883 1477 1938 ﬁdem
1534 1880 1772 1936 traducti
1832 1883 2039 1940 essent,

473 1991 737 2045 altaribus
798 1994 965 2056 atque
1009 1980 1293 2042 delubris,
1343 1989 1571 2047 quaeque
1628 1972 1762 2026 inihi
1825 1971 2044 2024 inerant

471 2079 784 2138 simulacris
815 2074 1044 2139 eversis,
1092 2079 1257 2140 atque
1295 2069 1534 2124 humana
1568 2065 1680 2118 vita
1706 2062 1820 2132 jam
1864 2060 1931 2116 ab
1966 2061 2045 2114 in-

473 2169 844 2246 quinamentis
874 2165 1294 2223 simulacrorum
1341 2165 1661 2228 expurgata,
1694 2155 1908 2223 impuro
1942 2152 2043 2207 ho-

475 2244 706 2321 stiarum
754 2258 950 2314 nidore
992 2254 1264 2310 exstincto
1299 2269 1312 2305 :
1343 2248 1599 2303 altarium
1647 2244 1913 2316 spurcitia
1964 2249 2048 2295 at-

476 2370 584 2427 que
612 2367 676 2406 ex
709 2346 1037 2405 mactatione
1066 2352 1122 2399 et
1159 2339 1530 2397 immolatione
1560 2336 1875 2391 animalium
1915 2347 2047 2388 con-

479 2423 669 2499 tractis
715 2434 1150 2510 inquinamentis
1202 2430 1490 2495 abstersis,
1527 2426 1783 2481 omnibus
1818 2425 1945 2480 item
1990 2423 2047 2477 in

479 2536 627 2589 omni
664 2533 786 2587 loco
815 2527 1015 2598 templa
1053 2525 1118 2579 ad
1146 2520 1416 2579 orandum
1451 2520 1554 2575 sub
1589 2517 1811 2573 nomine
1842 2514 2045 2570 Christi

481 2626 725 2682 studiose
775 2616 1187 2677 exstruentibus
1220 2633 1233 2668 :
1272 2613 1425 2667 furor
1455 2611 1675 2682 quidam
1715 2616 1879 2678 atque
1916 2607 2051 2660 invi-

481 2720 570 2772 dia
606 2713 802 2771 invasit
838 2727 986 2774 eum,
1016 2708 1108 2780 qui
1147 2716 1280 2761 tunc
1313 2713 1546 2775 prmerat
1592 2700 1824 2770 imperio
1850 2697 2050 2751 Roma-

482 2822 702 2865 norum.
749 2820 815 2859 eo
847 2802 990 2874 quod
1016 2800 1176 2872 patrii
1212 2797 1430 2869 quidem
1469 2794 1592 2848 falsi
1622 2793 1802 2847 cultus
1835 2797 1889 2844 et
1921 2789 2050 2843 reli-

482 2900 673 2971 giones
715 2896 1145 2966 negligerentur,
1181 2893 1454 2943 cresceret
1501 2894 1682 2938 autem
1729 2882 2049 2952 mysterium

483 2986 944 3046 Christianorum,
976 2991 1028 3036 et
1068 2981 1125 3034 in
1165 2976 1514 3034 multitudine
1552 2973 1754 3042 ubique
1779 2981 2051 3025 terrarum

486 3085 887 3150 propagaretur
916 3072 1163 3127 Ecclesia
1192 3084 1289 3141 per
1310 3083 1426 3132 eos,
1454 3067 1548 3137 qui
1578 3058 2050 3133 scmpcr‘sermoni

488 3170 941 3240 adiungerentur,
997 3164 1052 3217 in
1107 3158 1537 3231 magnitudinem
1592 3168 1918 3211 excrescens
1950 3171 1962 3205 :
1998 3161 2053 3206 ct

487 3261 795 3317 arbitratus
833 3256 947 3312 ﬁeri
998 3269 1183 3326 posse,
1235 3258 1295 3305 ut
1336 3264 1433 3306 sua
1468 3247 1676 3304 saevitia
1716 3245 1916 3299 divinae
1958 3257 2054 3312 po-

493 3354 676 3409 tentiae
730 3351 1036 3411 resisteret,
1078 3352 1133 3401 et
1179 3339 1669 3415 mysteriiquidem
1715 3336 2056 3407 praedicatio-

489 3460 615 3499 nem
649 3441 942 3502 inhiberet,
990 3445 1045 3492 et
1087 3435 1415 3489 constitutas
1452 3429 1724 3486 Ecclesias
1767 3435 2054 3489 everteret,

492 3534 807 3589 traduceret
833 3538 1013 3585 autem
1050 3541 1246 3583 rursus
1274 3540 1392 3589 eos,
1423 3523 1516 3593 qui
1547 3519 1783 3577 sermoni
1814 3518 2055 3588 adjuncti

492 3634 701 3687 essent,
735 3622 801 3677 ad
828 3620 1122 3677 simulacra
1159 3636 1173 3673 :
1206 3616 1295 3673 bis
1325 3615 1393 3670 de
1428 3614 1614 3669 causis
1661 3612 1825 3665 mittit
1870 3610 1935 3664 ad
1970 3624 2058 3663 re-

492 3722 675 3766 ﬂores
718 3710 965 3781 gentium
1002 3708 1348 3775 edieta,qu:e
1394 3703 1726 3759 terribilium
1774 3713 2057 3771 poenarum

495 3804 550 3855 in
582 3817 676 3857 eos
705 3800 1124 3855 statuendarum
1158 3798 1336 3852 minas
1367 3794 1741 3857 continebant,
1774 3791 1881 3847 nisi
1910 3790 2059 3871 omni

496 3909 692 3966 genere
736 3900 1136 3947 tormentorum
1188 3896 1352 3958 atque
1377 3886 1766 3955 suppliciorum
1801 3882 2061 3936 mulctas-

499 3991 620 4038 sent
664 3997 782 4045 eos,
816 3983 907 4052 qui
941 3978 1145 4034 Christi
1177 3991 1375 4031 nomen
1416 3975 1738 4029 invocarent
1767 3982 1821 4028 et
1863 3972 2061 4027 adora-

500 4081 646 4139 rent,
695 4078 953 4140 metuque
1002 4083 1067 4124 ae
1104 4074 1502 4123 tormentorum
1533 4065 1586 4119 vi
1630 4080 1824 4119 rursus
1870 4078 1968 4119 eos
1995 4062 2063 4118 ad

502 4164 737 4234 patrium
766 4162 1073 4217 daemonum
1104 4159 1311 4213 cultum
1347 4156 1726 4212 adduxissent.
1777 4153 1848 4210 Ut
1883 4162 2063 4209 autem

504 4258 608 4310 hoc
645 4252 889 4310 terribile
909 4259 1074 4322 atque
1107 4250 1331 4322 impium
1365 4249 1607 4305 edictum
1654 4247 2067 4320 magistratibus

499 4346 806 4402 exhibitnm
842 4354 976 4401 est:
1024 4344 1229 4415 quippe
1276 4342 1330 4396 in
1383 4356 1575 4397 omnes
1613 4340 1831 4410 imperii
1881 4347 2067 4410 partes

2144 1890 2288 1959 ζωῆς
2311 1888 2418 1941 τῶν
2462 1888 2589 1959 περὶ
2619 1886 2687 1940 τὰ
2723 1884 2915 1938 εἴδωλα
2953 1883 3296 1956 μιασμάτων,
3331 1882 3551 1952 καὶτῆς
3585 1898 3713 1951 μιαο

2148 1983 2246 2051 ρᾶς
2278 1978 2387 2032 τῶν
2414 1978 2614 2032 θυσιῶν
2641 1976 2869 2046 κνίσσης
2886 1974 3338 2044 ἀποσϐεσθείσης,
3362 1974 3453 2028 καὶ
3475 1971 3574 2026 τοῦ
3595 1974 3712 2025 ἑπι-

2145 2068 2353 2141 ϐωμίου
2383 2070 2580 2141 λύθρου
2612 2068 2706 2123 καὶ
2742 2066 2848 2121 τῶν
2878 2067 2943 2119 ὲκ
2969 2065 3071 2136 τῆς
3106 2064 3406 2129 ζωοθυσίας
3434 2064 3712 2135 μολυσμά-

2143 2176 2252 2212 των
2299 2158 2777 2212 ἀποκλυσθέντων·
2804 2157 3020 2211 πάντων
3056 2154 3114 2209 δὲ
3161 2156 3303 2210 κατά
3341 2156 3497 2209 τόπον
3531 2156 3711 2210 πάντα

2145 2251 2467 2323 εὐκτηρίους
2497 2250 2589 2304 ἐπὶ
2618 2251 2695 2322 τῷ
2732 2250 2954 2321 ὀνόματι
2975 2248 3069 2304 τοῦ
3104 2247 3342 2319 Χριστοῦ
3372 2248 3511 2302 κατά
3543 2265 3710 2302 σπου-

2146 2344 2242 2416 δὴν
2269 2345 2428 2408 ναοὺς
2469 2344 2877 2414 άνεγειρόντων,
2913 2341 3084 2413 θυμὸς
3127 2343 3222 2394 καὶ
3253 2340 3441 2410 φθόνος
3474 2339 3712 2411 εἰσέρχεο

2146 2434 2335 2507 ταιτῷ
2365 2434 2665 2506 τηνικαῦτα
2693 2434 2792 2504 τῆς
2830 2432 3005 2505 ἀρχῆς
3032 2432 3141 2486 τῶν
3185 2431 3465 2501 Ῥωμαίων
3486 2431 3713 2484 ἐπιστα-

2147 2524 2348 2587 τοῦντι,
2396 2526 2479 2592 ἐφ’
2510 2518 2591 2587 οἷς
2634 2523 2888 2595 ἠμελεῖτο
2937 2522 3036 2593 μὲν
3068 2520 3232 2575 αὐτοῦ
3273 2522 3344 2576 τά
3377 2522 3577 2593 πάτρια
3618 2519 3716 2592 τῆς

2150 2618 2363 2688 ἀπάτης
2411 2615 2748 2686 σεϐάσματα,
2779 2615 2993 2686 ηὐξεῖτο
3043 2615 3100 2668 δὲ
3129 2616 3238 2668 τῶν
3281 2613 3622 2685 Χριστιανῶν
3657 2611 3719 2666 τὸ

2153 2709 2471 2779 μυστήριον,
2522 2707 2616 2760 καὶ
2667 2709 2747 2769 είς
2789 2705 2990 2775 πλῆθος
3026 2706 3271 2760 ἐπεδίδου
3320 2703 3603 2775 πανταχοῦ
3625 2705 3719 2776 τῆς

2150 2798 2473 2869 οἰκουμένης
2498 2800 2531 2868 ἡ
2565 2798 2879 2868 Ἐκκλησία,
2903 2796 2992 2850 διὰ
3017 2796 3125 2850 τῶν
3156 2798 3245 2850 ἀεὶ
3283 2794 3719 2868 προστιθεμένων

2150 2893 2229 2964 τῷ
2257 2893 2418 2962 λόγῳ,
2453 2892 2589 2963 πρὸς
2619 2891 2845 2961 μέγεθος
2886 2888 3120 2955 αὔξουσα
3141 2906 3155 2921 ⁸
3193 2889 3287 2943 καὶ
3310 2888 3541 2959 νομίσας
3569 2888 3722 2941 δυνα-

2150 2986 2242 3040 τὸν
2285 2982 2424 3039 εἶναι
2452 2987 2516 3056 τῇ
2550 2983 2669 3055 θείᾳ
2711 2983 2934 3053 δυνάμει
2975 2982 3075 3053 τὴν
3104 2981 3239 3035 ἰδίαν
3265 2981 3587 3051 ἀντιστῆσαι
3632 2998 3721 3033 πι-

2155 3076 2334 3148 κρίαν,
2367 3075 2459 3128 καὶ
2492 3076 2738 3144 ἐπισχεῖν
2766 3074 2862 3144 μὲν
2895 3072 2988 3126 τοῦ
3023 3072 3320 3144 μυστηρίου
3353 3071 3414 3125 τὸ
3438 3073 3719 3144 κήρυγμα,

2157 3166 2457 3221 καταλῦσαι
2489 3166 2545 3218 δὲ
2574 3165 2682 3219 τῶν
2725 3163 3060 3234 Ἐκκλησιῶν
3087 3164 3154 3218 τὰ
3196 3166 3534 3235 συστήματα,
3563 3182 3727 3235 μετα-

2158 3259 2354 3329 στῆσαι
2373 3257 2429 3311 δὲ
2456 3257 2615 3311 πάλιν
2643 3257 2735 3310 ἐπὶ
2759 3255 2828 3309 τὰ
2864 3255 3056 3309 εἴδωλα
3083 3257 3207 3319 τοὺς
3234 3257 3727 3328 προκεχωρηκότας

2156 3347 2234 3418 τῷ
2262 3349 2435 3418 λόγῳ⁸
2464 3348 2669 3418 πέμπει
2691 3346 2867 3401 τοίνυν
2894 3347 3029 3419 πρὸς
3066 3347 3191 3411 τοὺς
3219 3347 3327 3400 τῶν
3354 3346 3523 3399 ἐθνῶν
3552 3346 3727 3417 καθη-

2159 3439 2457 3509 γουμένους
2508 3438 2858 3510 πρόσταγμα,
2920 3437 3155 3509 φοϐερὰν
3213 3438 3334 3491 κατ’
3386 3437 3570 3492 αὐτῶν
3628 3438 3732 3508 τὴν

2160 3528 2389 3600 ἀπειλὴν
2422 3529 2522 3599 τῆς
2569 3529 2840 3599 τιμωρίας
2871 3528 3091 3600 ὁρίζων,
3126 3531 3175 3582 εί
3228 3528 3304 3599 μὴ
3332 3529 3610 3592 παντοίοις
3648 3530 3736 3581 al-

2160 3622 2379 3689 κισμοῖς
2410 3619 2470 3671 τὸ
2495 3618 2665 3690 ὄνομα
2696 3616 2786 3670 τοῦ
2815 3618 3051 3689 Χριστοῦ
3084 3617 3519 3690 προσκυνοῦντας
3545 3617 3739 3671 διαλω-

2161 3712 2430 3782 ϐήσοιντο,
2466 3710 2560 3762 καὶ
2593 3709 2992 3779 προσαγάγοιεν
3036 3708 3195 3762 πάλιν
3248 3709 3444 3771 αὐτοὺς
3485 3707 3639 3778 φόϐῳ
3673 3723 3737 3759 τε

2161 3804 2256 3856 καὶ
2294 3805 2360 3873 τῇ
2399 3802 2509 3855 τῶν
2541 3801 2814 3871 αἰκισμῶν
2852 3801 3065 3874 ἀνάγκῃ
3107 3803 3171 3871 τῇ
3210 3799 3438 3871 πατρῴᾳ
3467 3799 3579 3852 τῶν
3624 3799 3743 3852 δαι-

2166 3896 2341 3967 μόνων
2378 3894 2624 3966 λατρείᾳ.
2676 3895 2762 3956 Ὠς
2788 3893 2844 3946 δὲ
2874 3884 3244 3962 περιηγγέλοη
3271 3895 3382 3955 τοῖς
3422 3893 3655 3961 ἄρχουσι
3681 3890 3744 3943 τδ

2164 3986 2393 4057 φοϐερὸν
2430 3984 2589 4040 τοῦτο
2632 3985 2725 4039 καὶ
2775 3983 2934 4038 ἄθεον
2981 3985 3261 4054 κήρυγμα,
3312 3981 3588 4051 πανταχοῦ
3639 3982 3747 4052 τῆς

2165 4077 2341 4151 ἀρχῆς
2376 4077 2871 4148 διαπεφοιτηκότων
2889 4074 2995 4129 τῶν
3019 4077 3100 4138 είς
3128 4075 3257 4129 αὐτὸ
3278 4074 3429 4128 τοῦτο
3462 4074 3611 4144 παρὰ
3640 4074 3746 4143 τῆς

2166 4169 2493 4241 τυραννικῆς
2522 4167 2871 4238 τεταγμένων
2912 4167 3221 4236 ὠμότητος
3256 4166 3349 4218 καί
3381 4181 3463 4224 τις
3491 4163 3748 4234 ἐπεκρὼ

2165 4277 2248 4314 τει
2284 4258 2378 4313 τοῦ
2423 4258 2563 4312 κατά
2595 4259 2686 4311 τὸν
2717 4258 2878 4311 τόπον
2928 4257 3112 4321 ἔθνους
3144 4256 3404 4321 τοιοῦτος,
3450 4254 3525 4318 ὡς
3567 4256 3749 4327 μηδὲν

2167 4349 2269 4419 τῆς
2296 4347 2697 4419 ὑπερκειμένης
2728 4347 2975 4414 ἐξουσίας
3001 4346 3137 4418 πρὸς
3163 4346 3262 4418 τὴν
3289 4343 3529 4415 πονηρὰν
3561 4345 3748 4417 ὁρμὴν

501 4446 663 4509 atque
691 4436 1005 4509 provincias
1038 4442 1423 4506 pervenerant,
1452 4434 1546 4504 qui
1581 4433 1649 4488 ad
1694 4432 1799 4487 hoc
1828 4433 2005 4502 ipsum
2037 4446 2051 4484 ι

2169 4437 2443 4509 δεηθῆναι,
2478 4437 2687 4491 οἴκοθεν
2734 4437 2871 4508 ἔχων
2909 4439 2973 4490 ὲκ
3004 4436 3219 4506 φύσεως
3259 4436 3362 4507 τὴν
3392 4434 3660 4506 ὠμότητά
3691 4451 3750 4488 τε

506 4530 793 4602 tyrannica
838 4527 1164 4582 crudelitate
1206 4524 1465 4579 destinati
1501 4531 1557 4577 et
1601 4522 1839 4577 ordinati
1867 4529 2061 4577 erant:

503 4636 567 4676 ac
601 4620 728 4675 talis
761 4617 981 4687 quidem
1029 4614 1175 4685 genti
1211 4613 1359 4667 illius
1410 4612 1515 4665 loci
1561 4617 1811 4680 praeerat,
1853 4610 1944 4678 qui
2000 4610 2068 4664 ad

503 4723 731 4783 pravum
778 4704 1018 4761 studium
1072 4710 1235 4771 atque
1287 4709 1545 4755 conatum
1586 4696 1721 4753 nihil
1766 4699 2069 4769 superioris

505 4799 791 4872 porestatis
854 4795 1146 4866 indigeret,
1203 4806 1328 4848 cum
1390 4798 1585 4863 suopte
1632 4791 1853 4861 ingenio
1906 4800 2070 4864 atque

503 4899 699 4945 natura
741 4903 940 4951 szevus,
972 4894 1028 4942 et
1082 4885 1150 4941 iis
1178 4885 1270 4955 qui
1311 4883 1555 4939 sermoni
1587 4883 1956 4939 credidissent
1993 4885 2072 4940 in-

503 4980 695 5036 tensus
725 4986 871 5035 esset
903 4994 918 5032 :
946 4977 1164 5049 publice
1201 4976 1499 5047 propositis
1530 4974 1730 5031 edictis
1775 4977 1844 5031 ab
1874 4992 1941 5032 eo
1983 4977 2073 5032 de-

503 5068 809 5133 nuntiatur,
849 5067 996 5139 quod
1028 5067 1115 5122 vel
1158 5065 1321 5120 ﬁdem
1365 5065 1638 5136 abiurare,
1690 5067 1777 5121 vel
1802 5065 1949 5121 omni
1976 5082 2071 5137 ge-

503 5176 639 5217 nere
709 5160 1106 5230 suppliciorum
1179 5171 1245 5212 ac
1301 5164 1482 5213 morte
1531 5157 1718 5227 puniri
1772 5165 2069 5228 oporteret.

503 5248 774 5320 Nullaque
807 5262 897 5304 res
936 5247 1043 5302 alia
1089 5246 1176 5302 vel
1207 5245 1431 5317 publica
1472 5247 1558 5302 vel
1594 5249 1804 5318 privata
1844 5260 1974 5304 tunc
2003 5252 2073 5307 ab

2169 4527 2266 4581 καὶ
2292 4529 2616 4600 πικρότητα,
2643 4529 2737 4582 καὶ
2762 4528 2865 4601 τὴν
2900 4527 3034 4598 πρὸς
3058 4528 3184 4592 τοὺς
3212 4526 3655 4589 πεπιστευκότας
3672 4525 3750 4596 τῷ

2170 4618 2315 4690 λόγῳ
2350 4621 2701 4691 δυσμένειανο
2749 4621 2843 4674 καὶ
2875 4621 3082 4687 γίνεται
3115 4619 3246 4690 παρ’
3288 4617 3453 4672 αὑτοῦ
3511 4617 3751 4690 φοϐερὸν

2171 4708 2228 4762 ὲν
2256 4708 2532 4780 δημοσίοις
2560 4710 2909 4782 διατάγμασι,
2939 4711 3001 4765 τὸ
3032 4711 3143 4765 δεῖν
3176 4709 3499 4781 ἐξόμνυσθαι
3530 4711 3634 4780 τὴν
3664 4710 3751 4762 πί-

2175 4817 2313 4866 στιν,
2348 4800 2381 4873 ῆ
2420 4802 2711 4874 τιμωρίαις
2751 4802 3116 4866 παντοδαπαῖς
3156 4802 3249 4857 καὶ
3297 4800 3550 4864 θανάτοις
3582 4802 3749 4856 κολάο

2173 4889 2381 4955 ζεσθαι.
2422 4892 2533 4944 Καὶ
2559 4886 2712 4946 οὐδέν
2748 4888 2816 4963 ἦν
2850 4892 3037 4965 ἕτερον
3064 4890 3368 4963 τηνικαῦτα
3395 4892 3664 4965 δημόσιόν
3695 4909 3748 4944 τε

2172 4981 2266 5033 καὶ
2295 4979 2422 5034 ίδιον
2451 4980 2602 5052 παρά
2633 4980 2741 5033 τῶν
2770 4982 2837 5033 τὰ
2866 4982 3017 5036 κοινὰ
3045 4981 3133 5035 διὰ
3170 4982 3352 5053 χειρὸς
3398 4984 3642 5053 ἐχόντων
3672 5001 3750 5051 γι-

2174 5071 2398 5143 νόμενόν
2429 5088 2490 5125 τε
2525 5074 2620 5127 καί
2656 5072 3107 5146 σπουδαζόμενον.
3144 5075 3284 5147 πλὴν
3315 5074 3410 5128 τοῦ
3443 5074 3750 5148 πολιορκεῖν

2172 5181 2233 5218 τε
2285 5166 2381 5219 καὶ
2442 5165 2799 5238 τιμωρεῖσθαι
2859 5169 2985 5231 τοὺς
3043 5168 3441 5240 ἀντεχομένους
3495 5171 3601 5240 τῆς
3664 5168 3749 5222 πί-

2178 5274 2366 5320 στεως.

504 5342 597 5408 iis,
631 5341 724 5413 qui
759 5340 979 5411 publica
1021 5340 1238 5411 negotia
1286 5340 1619 5408 tractabant,
1672 5343 1963 5413 gerebatur
2004 5361 2068 5402 ac
2107 5351 2429 5421 curabatur,
2460 5350 2567 5408 nisi
2601 5358 2661 5406 ut
2695 5360 3078 5423 oppugnarent
3124 5360 3292 5425 atque
3336 5355 3602 5426 punirent
3633 5366 3739 5416 eos.

506 5431 600 5502 qui
631 5429 792 5486 ﬁdem
826 5430 1306 5500 amplecterentur.

577 5521 747 5576 Erant
806 5532 987 5577 autem
1041 5534 1149 5576 non
1179 5521 1237 5578 in
1269 5521 1561 5579 verborum
1610 5522 1878 5582 duntaxat
1906 5526 2070 5585 minis

507 5617 773 5674 terrores.
809 5610 905 5669 sed
935 5625 1040 5666 una
1071 5625 1196 5666 cum
1216 5610 1302 5668 his
1323 5613 1509 5670 varius
1542 5615 1989 5672 carniﬁcinarum
2014 5624 2071 5673 et

510 5709 904 5758 tormentorum
927 5710 1221 5774 apparatus
1245 5718 1460 5760 omnem
1478 5702 2071 5767 atl‘erebatconcussio—

2246 5525 2354 5586 Ἦν
2383 5532 2442 5586 δὲ
2472 5533 2573 5588 οὐκ
2603 5534 2662 5587 ὲν
2691 5534 2813 5598 ταῖς
2836 5533 2947 5588 τῶν
2975 5532 3284 5607 λεγομένων
3316 5534 3568 5600 ἀπειλαῖς
3588 5535 3756 5607 μόνον

2174 5622 2242 5678 τὰ
2274 5623 2540 5697 φόϐητρα,
2570 5624 2706 5679 ἀλλά
2731 5625 2868 5697 μετά
2906 5625 3111 5682 τούτων
3135 5627 3169 5696 ή
3210 5625 3425 5696 ποικίλη
3454 5626 3562 5680 τῶν
3593 5627 3762 5681 κολα-

2178 5715 2413 5785 στηρίων
2455 5715 2768 5788 κατασκευὴ
2815 5718 2993 5771 πᾶσαν
3034 5717 3210 5791 ἐπῆγε
3260 5716 3615 5789 κατάπληξιν,
3658 5716 3767 5772 καὶ
