4002 6206
357 321 470 381 945

1283 309 1372 365 DE
1403 308 1566 365 VITA
1605 308 1665 362 S.
1689 305 2023 364 GREGORII
2057 301 2580 361 THAUMATURGI.

3509 297 3610 354 946

362 429 470 502 πρὸ
494 426 592 497 τῆς
615 422 818 498 πείρας
847 417 1149 493 ἐμποιοῦσα
1166 423 1278 486 τοῖς
1297 420 1604 493 ἀνθρώποις
1630 421 1721 475 τὸν
1750 421 1933 492 φόϐον.

2044 434 2186 483 nem,
2216 417 2376 473 etiam
2405 423 2532 471 ante
2570 413 2874 486 periculum
2905 412 3222 468 hominibus
3264 409 3611 465 formidinem

356 519 499 589 Ξίφη
526 534 586 570 τε
619 517 714 569 καὶ
738 514 870 585 πῦρ,
908 514 1000 567 καὶ
1037 512 1219 585 θηρία,
1249 514 1343 567 καὶ
1365 512 1548 583 βόθροι
1587 512 1768 566 καὶτὰ
1793 528 1940 582 στρε-

359 604 602 658 ϐλωτικὰ
633 602 739 654 τῶν
778 600 958 672 μελῶν
989 602 1196 671 δργανα
1222 618 1235 631 ’
1277 603 1372 654 καὶ
1405 601 1618 672 σιδηραῖ
1664 601 1804 656 κατά
1835 618 1938 653 πυ-

361 698 453 768 ρὸς
498 695 779 767 καθέδραι.
812 695 907 747 καὶ
955 691 1087 758 ξύλα
1122 693 1300 763 ὄρθια,
1335 689 1417 756 οἷς
1461 693 1804 764 ἐντεινόμενα
1831 693 1941 746 τῶν

362 786 730 858 ἐνισταμένων
771 785 841 839 τά
878 787 1107 856 σώματα
1143 787 1264 848 ταῖς
1303 783 1410 836 τῶν
1447 783 1691 855 φοϐερῶν
1737 783 1941 853 ὀνύχων

359 877 690 946 προσϐολαῖς
737 874 1114 938 κατεξαίνετο,
1151 873 1244 926 καὶ
1281 871 1414 926 ἄλλα
1466 873 1635 944 μυρία
1671 872 1806 944 πρὸς
1843 871 1940 930 τὰς

364 964 666 1028 πολυειδεῖς
698 965 963 1035 βασάνους
992 963 1100 1017 τῶν
1124 965 1393 1034 σωμάτων
1439 963 1781 1034 ἐξευρημένα
1808 963 1938 1034 παρ’

362 1056 552 1120 αὐτοῖς
577 1058 851 1109 ἐπενοεῖτο
870 1073 884 1088 ο
914 1055 1010 1109 καὶ
1038 1055 1239 1126 σπουδὴ
1260 1057 1372 1118 τοῖς
1404 1054 1513 1108 τῶν
1538 1055 1794 1121 ἐξουσιῶν
1819 1054 1942 1107 τού-

364 1164 472 1199 των
505 1145 925 1216 ἑπειλημμένοις
954 1141 1023 1217 ἦν
1056 1145 1175 1215 μία,
1213 1145 1273 1198 τὸ
1306 1145 1507 1215 μηδένα
1537 1143 1628 1196 τοῦ
1669 1144 1854 1213 ἐτέρου
1884 1146 1940 1197 ὲν

363 1235 640 1306 ὐπρϐολῇ
684 1235 910 1306 πικρίας
952 1235 1322 1306 ἐπιδειχθῆναι
1367 1236 1686 1308 πραότερον.
1740 1237 1849 1289 Καὶ
1889 1238 1938 1289 οἰ

365 1329 467 1399 μὲν
498 1326 875 1398 εἰσήγγελλον
901 1327 952 1380 οἰ
991 1326 1048 1380 δὲ
1093 1326 1471 1381 ἐπεδείκνυον⁸
1506 1328 1555 1378 οἰ
1598 1327 1654 1380 δὲ
1697 1329 1940 1398 ἠρεύνων

363 1423 493 1485 τοὺς
543 1420 976 1492 κεκρυμμένους.
1031 1419 1216 1472 Ἀλλοι
1260 1421 1374 1482 τοῖς
1427 1420 1718 1488 φεύγουσιν
1759 1420 1940 1474 ἐπετί-

366 1512 549 1566 θεντο’
575 1513 723 1567 ἄλλοι
753 1512 809 1565 δὲ
843 1510 980 1582 πρὸς
1007 1511 1107 1574 τὰς
1143 1514 1363 1582 κτήσεις
1385 1510 1494 1563 τῶν
1526 1510 1733 1564 πιστῶν
1772 1511 1942 1582 δρῶν-

364 1620 477 1669 τες,
511 1604 586 1668 ὡς
621 1602 688 1657 ἂν
715 1603 1002 1674 ἐγκρατεῖς
1027 1602 1267 1670 γένοιντο
1309 1602 1416 1656 τῶν
1457 1603 1814 1674 πραγμάτων,
1849 1603 1940 1656 ἐπὶ

363 1695 445 1767 τῷ
497 1695 851 1766 προσχήματι
893 1697 994 1764 τῆς
1033 1694 1317 1756 εὐσεϐείας
1369 1694 1599 1764 ἤλαυνον
1645 1696 1772 1758 τοὺς
1815 1695 1934 1747 ἀντ-

365 1757 787 1857 εχομένουςντῖής
817 1757 1073 1848 πίστεως.
1121 1757 1474 1856 Σύγχυσιςίδὲ
1515 1781 1582 1856 ἦν
1620 1757 1768 1838 πᾶσα
1801 1783 1941 1838 κατὰ
1972 1757 2012 1812 Β

360 1877 426 1930 τὺ
453 1877 604 1940 ἔθνος
641 1877 734 1930 καὶ
774 1876 1056 1946 ἀμηχανία
1101 1875 1290 1946 πολλὴ,
1330 1875 1547 1929 πάντων
1589 1874 1837 1946 ἀλλήλοις
1873 1875 1941 1928 δι’

363 1968 606 2038 ὑποψίας
651 1967 842 2031 ὄντων,
880 1968 939 2021 οὐ
989 1965 1227 2036 πατράσι
1261 1967 1359 2038 τῆς
1407 1965 1558 2038 παρὰ
1586 1966 1694 2019 τῶν
1738 1968 1941 2019 τέκνων

364 2060 580 2123 εὐνοίας
619 2061 677 2112 ὲν
707 2062 819 2122 τοῖς
847 2059 1096 2129 φοϐεροῖς
1130 2057 1571 2130 παραμενούσης,
1604 2058 1664 2110 οὐ
1698 2057 1854 2110 παισὶ
1881 2057 1943 2110 τὸ

367 2150 563 2203 πιστὸν
606 2149 706 2220 τῆς
756 2149 1028 2220 πατρικῆς
1075 2148 1397 2218 κηδεμονίας
1450 2147 1802 2223 ἐγγυωμένης
1841 2147 1942 2217 τῆς

364 2239 602 2310 φύσεως.
649 2240 964 2311 Ἐμερίζετο
994 2240 1052 2294 δὲ
1095 2241 1215 2294 κατ’
1257 2239 1502 2311 ἀλλήλων
1536 2240 1603 2292 τὰ
1639 2239 1770 2310 γένη
1808 2240 1943 2312 πρὸς

362 2331 466 2394 τὰς
498 2331 790 2402 θρησκείας
830 2330 1138 2402 σχιζόμενα.
1173 2331 1282 2384 Καὶ
1326 2333 1454 2395 παῖς
1486 2330 1809 2402 Ἐλληνίζων
1850 2349 1938 2384 πιο

365 2418 514 2470 στῶν
541 2419 741 2486 γονέων
774 2418 1036 2491 προδότης
1064 2417 1289 2486 ἐγίνετοο
1330 2417 1423 2470 καὶ
1459 2416 1600 2470 κατὰ
1630 2415 1818 2479 παιδὸς
1847 2433 1944 2468 πε-

366 2509 724 2572 πιστευκότος
768 2511 824 2563 ὲν
862 2509 1086 2578 ἀπιστία
1133 2509 1308 2580 μένων
1346 2510 1373 2562 ὁ
1423 2507 1602 2579 πατὴρ
1641 2507 1944 2578 κατήγορος

361 2593 454 2668 ἦν.
504 2597 610 2652 Καὶ
665 2601 889 2669 ἁδελφὸς
928 2604 994 2654 ὲκ
1034 2601 1135 2669 τῆς
1177 2586 1346 2672 αὐτῆς
1379 2601 1557 2664 αἰτίας
1599 2599 1851 2670 ἐπολέμει
1877 2602 1942 2670 τῇ

365 2687 550 2757 φύσει,
593 2690 738 2742 ὅσιον
789 2691 988 2760 κρίνων
1019 2691 1110 2745 τὸν
1144 2690 1378 2761 ὁμογενῆ
1423 2688 1859 2762 τιμωρήσασθαι,
1895 2691 1943 2742 εἰ

363 2777 470 2848 τῆς
497 2778 776 2842 εὐσεϐείας
802 2780 1093 2850 άντέχοιτο.
1113 2780 1389 2832 Ἐντεῦθεν
1429 2779 1656 2851 πλήρεις
1685 2773 1785 2850 μὲν
1804 2775 1944 2850 ἦσαν

363 2867 424 2920 αἰ
458 2869 680 2940 ὲρημίαι
703 2868 808 2922 τῶν
839 2869 1207 2940 ἐλαυνομένων
1224 2910 1238 2934 ,
1264 2870 1417 2922 κεναί
1435 2869 1490 2922 δὲ
1515 2868 1623 2921 τῶν
1644 2869 1944 2940 οἰκητόρων

363 2959 425 3012 αἰ
451 2960 639 3013 οἰκίαι.
673 2961 851 3013 Πολλὰ
882 2960 938 3014 δὲ
966 2961 1072 3013 τῶν
1121 2960 1395 3030 δημοσίων
1439 2959 1774 3030 οἰκημάτων,
1823 2963 1953 3024 ταῖς

361 3049 478 3103 τῶν
501 3050 977 3122 καθειργνυμένων
1007 3050 1343 3105 ἀπετέτακτο
1375 3051 1603 3122 χρείαις.
1645 3051 1720 3104 Οὐ
1749 3047 1943 3123 γὰρῆν

365 3141 536 3196 ἱκανὰ
570 3144 636 3198 τὰ
663 3145 1010 3215 δεσμωτήρια
1039 3147 1234 3216 χωρεῖν
1269 3146 1325 3198 ὲν
1357 3146 1570 3208 ἑαυτοῖς
1600 3145 1708 3199 τῶν
1737 3145 1943 3218 διὰτὴν

364 3233 556 3287 πίστιν
595 3235 1022 3306 τιμωρουμένων
1062 3235 1123 3289 τὸ
1165 3236 1388 3304 πλῆθος.
1423 3236 1642 3308 Ἀγοραί
1683 3253 1742 3289 τε
1775 3238 1946 3290 πᾶσαι

363 3323 468 3377 καὶ
499 3322 767 3392 σύλλογοι,
797 3325 966 3378 κοινοί
997 3343 1055 3379 τε
1083 3326 1176 3379 καὶ
1201 3326 1515 3391 ἰδιάζοντες,
1545 3327 1666 3380 ἀντὶ
1695 3327 1794 3397 τῆς
1824 3344 1947 3380 συν-

364 3414 537 3485 ήθους
578 3415 949 3487 φαιδρότητος,
974 3416 1073 3481 τὰς
1108 3418 1360 3481 τοιαύτας
1386 3417 1789 3488 μετελάμϐανον
1811 3435 1950 3488 συμ-

365 3503 575 3576 φοράς,
601 3503 711 3558 τῶν
741 3507 838 3574 μὲν
875 3508 1270 3578 ἐφελκομένων,
1313 3509 1418 3563 τῶν
1443 3509 1500 3562 δὲ
1547 3507 1908 3577 ἀπαγομένων
1931 3526 1944 3538 ·

364 3596 546 3649 ἄλλων
571 3596 664 3649 ἐπὶ
686 3599 797 3660 τοῖς
825 3598 1131 3669 γινομένοις
1155 3600 1187 3669 ἢ
1219 3598 1501 3667 γελώντων
1524 3598 1556 3669 ἢ
1583 3597 1943 3668 δακρυόντων·

367 3688 433 3742 οὐ
462 3689 672 3758 νηπίων
699 3683 767 3759 ἦν
797 3688 962 3753 ἕλεος,
992 3690 1052 3743 οὐ
1092 3691 1223 3761 τιμὴ
1265 3691 1476 3754 πολιᾶς.
1509 3690 1608 3744 οὐκ
1638 3689 1836 3760 ἀρετῆς
1861 3692 1948 3744 αἰ-

369 3777 478 3842 δὼς
505 3777 676 3849 εἰσῄει
710 3781 820 3844 τοῖς
845 3781 1166 3851 δυσμενέσιν
1191 3797 1204 3809 °
1227 3781 1341 3834 ἀλλ’
1374 3781 1450 3845 ὡς
1487 3783 1545 3834 ὲν
1577 3779 1945 3852 αἰχμαλωσίᾳ,

371 3871 525 3922 πᾶσα
557 3869 745 3938 ήλικία
777 3873 890 3934 τοῖς
927 3870 1206 3942 πολεμίοις
1229 3872 1328 3943 τῆς
1354 3872 1587 3936 πίστεως
1613 3873 1824 3937 ἔκδοτος
1855 3869 1944 3944 ἦν.

368 3959 507 4014 Οὐδὲ
530 3963 649 4023 ταῖς
680 3962 922 4028 γυναιξὶν
958 3962 1127 4015 ἐδίδου
1148 3964 1181 4032 ή
1213 3963 1414 4032 φυσικὴ
1439 3960 1534 4015 τοῦ
1568 3961 1758 4031 γένους
1789 3963 1949 4016 ἀσθέ-

371 4069 513 4116 νεια,
543 4052 652 4105 τῶν
689 4053 943 4106 τοιούτων
980 4055 1233 4122 ἀναγκῶν
1272 4055 1428 4117 ὲκτδς
1477 4055 1690 4125 μένεινο
1725 4055 1838 4108 ἀλλ’
1867 4049 1948 4118 εἷς

369 4137 440 4214 ἦν
460 4143 600 4196 κατὰ
623 4144 838 4197 πάντων
862 4145 892 4196 ὁ
908 4143 1006 4216 τῆς
1035 4145 1315 4216 ὠμότητος
1339 4146 1520 4215 νόμος,
1545 4145 1643 4216 ῐσῳ
1664 4145 1742 4218 τῷ
1765 4146 1948 4218 μέτρῳ

368 4233 472 4302 τῆς
498 4233 766 4306 τιμωρίας
791 4234 899 4288 τῶν
935 4235 1230 4306 γινομένων
1259 4236 1485 4305 ὑπάγων
1517 4236 1606 4290 τὸν
1647 4237 1756 4290 τῶν
1796 4237 1947 4291 εἰδὼς

369 4325 478 4378 λων
503 4326 970 4398 ἀλλοτριούμενον,
1017 4329 1091 4398 μὴ
1141 4328 1430 4399 διακρίνων
1462 4329 1561 4400 τὴν
1602 4328 1778 4399 φύσιν.
1813 4329 1944 4383 Τότε

2042 510 2314 581 injiciens.
2362 508 2558 570 Enses,
2592 507 2752 578 ignis,
2787 505 2995 570 bestiae,
3043 504 3265 559 scrobes
3303 507 3356 556 et
3409 501 3610 567 foveae,

2042 604 2166 658 item
2199 603 2585 666 instrumenta,
2614 599 2814 668 quibus
2838 597 3078 651 membra
3107 594 3615 664 constringerentur

2040 700 2094 747 et
2122 697 2530 760 torquerentur,
2571 695 2684 740 tum
2715 688 2900 741 ferreae
2932 686 3078 739 sellae
3119 684 3334 754 ignita,
3377 690 3493 737 tum
3544 682 3614 736 li-

2041 796 2144 852 gna
2176 789 2380 846 erecta,
2417 780 2470 833 in
2500 779 2701 848 quibus
2736 777 2999 832 stantium
3029 789 3257 844 corpora
3281 775 3408 828 dum
3436 775 3616 828 inten-

2041 874 2320 934 dercntur,
2355 871 2680 924 terribilium
2735 869 2999 939 unguium
3051 867 3306 921 violentis
3348 866 3614 920 admotio-

2041 964 2205 1019 nibus
2261 963 2653 1021 lacerarentur,
2693 969 2850 1030 atque
2897 959 3002 1010 alia
3050 958 3178 1012 item
3223 959 3512 1012 innumera
3546 955 3611 1010 ad

2044 1054 2191 1107 varia
2241 1067 2530 1121 corporum
2585 1058 2854 1104 tormenta
2897 1049 3168 1119 exquisita
3199 1049 3267 1102 ab
3299 1048 3368 1102 iis
3397 1045 3615 1117 excogi-

2043 1151 2298 1198 tabantur
2333 1161 2346 1196 :
2374 1159 2436 1198 ac
2466 1142 2704 1198 studium
2738 1142 2826 1204 iis,
2847 1142 2938 1210 qui
2967 1156 3060 1196 eas
3100 1147 3401 1210 potestates
3426 1153 3617 1193 susce-

2041 1243 2252 1306 perant,
2287 1251 2455 1289 unum
2489 1243 2645 1297 erat,
2685 1250 2751 1288 ne
2803 1233 3090 1302 quisquam
3137 1231 3292 1285 alteri
3339 1230 3617 1284 secundus

2041 1325 2427 1397 exsuperantia
2481 1325 2703 1379 saevitia:
2762 1324 2948 1376 mitior
3004 1321 3305 1376 videretur.
3343 1318 3479 1373 Nam
3523 1319 3615 1373 alii

2041 1419 2256 1488 quidem
2292 1415 2640 1481 deferebant,
2676 1414 2766 1467 alii
2808 1428 2938 1468 vero
2973 1412 3448 1473 demonstrabant,
3473 1423 3616 1462 non-

2043 1511 2178 1564 nulli
2222 1509 2348 1563 item
2385 1507 2590 1562 celatos
2621 1513 2672 1558 rt
2699 1505 3000 1560 occultatos
3035 1502 3443 1564 scrutabantur,
3487 1513 3616 1570 pars

2044 1597 2375 1668 fugientibus
2399 1596 2696 1656 instabant,
2727 1592 2974 1647 nonnulli
3002 1592 3131 1646 item
3166 1589 3616 1660 possessionibus

2045 1687 2281 1742 ﬁdelium
2322 1686 2596 1740 inhiantes
2644 1699 2753 1753 quo
2786 1682 3095 1753 potirentur
3117 1695 3329 1746 earum,
3355 1679 3458 1733 sub
3481 1693 3618 1748 prae~

2043 1788 2191 1834 textu
2221 1778 2445 1848 pietatis
2479 1775 2751 1831 vexabant
2789 1783 2844 1829 et
2889 1773 3238 1843 exagitabant
3271 1785 3386 1836 eos,
3425 1770 3518 1840 qui
3555 1768 3617 1822 ti-

2042 1869 2164 1922 dem
2197 1869 2677 1937 amplecterentur.
2723 1867 2801 1921 Ac
2821 1878 3035 1920 summa
3069 1872 3188 1918 erat
3221 1862 3275 1916 in
3301 1870 3459 1932 gente
3481 1875 3616 1915 con-

2045 1959 2186 2014 fusio
2226 1975 2530 2030 magnaque
2581 1958 2893 2029 trepidatio,
2937 1955 3192 2010 omnibus
3226 1955 3368 2007 inter
3415 1968 3474 2007 se
3515 1969 3614 2006 su-

2043 2049 2264 2119 spectis,
2297 2065 2406 2103 non
2435 2049 2682 2118 patribus
2726 2048 2958 2102 ﬁliorum
2999 2044 3376 2100 benevolentia
3416 2044 3472 2097 in
3502 2041 3618 2097 dis-

2042 2140 2372 2196 criminibus
2421 2151 2582 2209 atque
2633 2139 2890 2209 periculis
2923 2144 3293 2206 permanente,
3336 2150 3445 2188 non
3489 2133 3618 2187 ﬁliis

2045 2232 2204 2286 fidam
2235 2241 2516 2300 paternam
2545 2231 2884 2285 curationem
2933 2229 3238 2299 spondente
3267 2238 3484 2283 natura.
3511 2226 3617 2282 Sed

2045 2323 2260 2377 familiae
2284 2330 2448 2392 atque
2487 2322 2842 2392 cognationes
2867 2321 2988 2374 alia:
3039 2321 3109 2375 ab
3152 2320 3277 2374 aliis
3312 2319 3365 2372 in
3395 2319 3616 2389 religio-

2043 2429 2172 2468 num
2203 2421 2385 2468 sectas
2426 2412 2665 2467 diductas
2695 2412 3059 2467 dissidebant.
3092 2411 3170 2464 Ac
3219 2409 3364 2464 ﬁlius
3398 2410 3618 2465 Graeco-

2043 2520 2164 2559 rum
2202 2519 2420 2560 errores
2454 2503 3072 2574 amplectens,fidelium
3103 2511 3392 2573 parentum
3433 2501 3619 2571 prodi—

2043 2605 2152 2659 tor,
2188 2595 2282 2650 ﬁlii
2313 2595 2470 2651 ﬁdem
2506 2597 2737 2666 amplexi
2762 2596 3002 2666 pater-in
3037 2595 3359 2650 inﬁdelitate
3389 2609 3618 2649 manens

2043 2694 2334 2742 accusator
2361 2694 2499 2742 erat.
2526 2686 2718 2741 Frater
2765 2688 2893 2742 item
2924 2687 3113 2742 eadem
3141 2685 3208 2741 de
3253 2701 3421 2740 causa
3455 2694 3612 2740 natu-

2044 2794 2161 2834 ram
2193 2780 2566 2850 oppugnabat,
2596 2779 2677 2832 fas
2711 2794 2833 2834 esse
2868 2778 3122 2848 judicans
3148 2792 3180 2832 a
3211 2779 3618 2848 consanguineo

2043 2885 2234 2941 ρωπος
2281 2879 2550 2939 expetere.
2603 2870 2647 2923 si
2684 2870 2937 2939 pietatem
2986 2869 3430 2938 amplecteretur.
3481 2867 3619 2922 [line

2046 2962 2214 3030 plena:
2230 2962 2451 3032 quidem
2475 2960 2796 3015 solitudines
2829 2965 2986 3014 erant
3011 2974 3223 3026 eorum,
3242 2959 3334 3028 qui
3354 2959 3618 3028 (suspecti

2045 3054 2378 3122 accusative)
2412 3052 2782 3125 profugissem
2808 3071 2820 3106 :
2850 3067 3022 3106 vacua
3045 3067 3175 3106 vero
3210 3059 3371 3121 atque
3404 3049 3620 3106 deserta

2048 3146 2116 3201 ab
2148 3145 2550 3200 habitatoribus
2583 3143 2857 3197 domicilia
2889 3150 3048 3198 erant
3079 3144 3288 3198 :multa
3322 3143 3448 3196 item
3483 3141 3618 3195 tedi-

2048 3237 2169 3292 ticia
2219 3253 2407 3293 eorum
2476 3236 2570 3306 qui
2622 3235 2858 3291 vinculis
2918 3243 3304 3289 coercerentur
3335 3274 3349 3298 ,
3382 3232 3620 3301 publicis

2047 3330 2240 3383 usibus
2291 3328 2566 3382 destinata
2609 3334 2786 3380 erant.
2819 3326 3083 3381 carceres
3137 3326 3284 3380 enim
3315 3339 3510 3394 capere
3561 3322 3619 3378 in

2047 3433 2168 3473 sese
2198 3433 2306 3472 non
2341 3424 2594 3488 poterant
2629 3431 2820 3472 eorum
2881 3415 3308 3480 multitudinem,
3344 3416 3440 3484 qui
3489 3427 3618 3482 pro—

2045 3518 2166 3579 pter
2223 3508 2382 3564 ﬁdem
2419 3509 2760 3580 punirentur,
2790 3509 3084 3577 omniaque
3116 3506 3235 3560 fora
3273 3513 3440 3576 atque
3481 3520 3618 3560 con-

2046 3608 2243 3657 ventus
2275 3609 2384 3655 tam
2443 3601 2640 3671 publici
2681 3617 2844 3672 quam
2903 3599 3140 3671 privati,
3201 3613 3302 3668 pro
3345 3604 3618 3652 consueta

2048 3694 2321 3749 hilaritate
2345 3701 2509 3764 atque
2541 3693 2726 3748 laetitia
2761 3690 3031 3762 ejusmodi
3078 3689 3312 3745 invicem
3338 3704 3502 3744 casus
3536 3697 3621 3742 ata-

2046 3801 2154 3856 que
2185 3785 2524 3839 calamitates
2549 3784 2912 3854 accipiebant.
2942 3797 3068 3836 cum
3102 3781 3193 3836 alii
3223 3780 3440 3852 quidem
3483 3781 3622 3834 arri-

2047 3885 2346 3948 perentur,
2397 3876 2488 3930 alii
2545 3891 2676 3930 vero
2727 3874 3165 3939 abducerentur,
3197 3872 3382 3928 ceteri
3413 3871 3490 3926 ob
3532 3885 3618 3937 ea,

2047 3985 2169 4038 qua:
2223 3968 2432 4047 fierent,
2475 3969 2559 4024 vel
2599 3967 2843 4023 riderent
2870 3967 2952 4023 vel
3003 3967 3440 4038 laerymarentur
3469 3984 3481 4020 :
3510 3979 3619 4018 non

2045 4060 2420 4115 misericordia
2455 4060 2767 4126 infantium,
2816 4074 2922 4114 non
2977 4058 3156 4114 honor
3199 4057 3420 4112 canitiei
3453 4097 3468 4120 ,
3506 4070 3616 4108 non

2047 4149 2266 4204 virtutis
2311 4148 2641 4204 verecundia
2692 4150 2748 4203 in
2794 4158 3032 4203 mentem
3069 4148 3323 4202 veniebat
3368 4145 3619 4207 infensis,

2048 4241 2143 4297 sed
2189 4249 2448 4311 tanquam
2498 4242 2553 4295 in
2597 4240 2733 4295 urbe
2760 4249 2921 4310 capta
2967 4239 3150 4294 omnis
3180 4248 3312 4293 tetas
3369 4237 3619 4291 hostibus

2047 4332 2172 4388 ﬁdei
2205 4333 2362 4402 quasi
2399 4331 2644 4387 dedititia
2674 4337 2836 4400 atque
2870 4330 3102 4383 obnoxia
3131 4338 3269 4385 erat.
3299 4327 3379 4382 Ne
3424 4328 3620 4381 mulie~

368 4413 464 4470 οὖν
496 4417 620 4470 ἰδὼν
646 4419 674 4470 ὁ
705 4420 876 4488 μέγας
901 4421 1104 4481 ἐκεῖνος
1124 4419 1222 4490 τῆς
1241 4419 1586 4490 ἀνθρωπίνης
1611 4420 1824 4490 φύσεως
1843 4421 1940 4493 τὴν

2047 4439 2166 4479 rum
2207 4424 2422 4494 quidem
2473 4423 2710 4479 naturali
2756 4438 2920 4479 sexus
2950 4421 3252 4476 inﬁrmitati
3297 4419 3608 4490 indulgeba-

369 4508 674 4573 ἀσθένειαν,
714 4509 789 4573 ὡς
820 4511 880 4563 οὐ
910 4511 1222 4581 δυναμένων
1253 4511 1361 4565 τῶν
1403 4511 1616 4565 πολλῶν
1659 4512 1819 4584 μέχρι
1848 4513 1943 4567 τοῦ

371 4599 606 4653 θανάτου
649 4601 749 4671 τῆς
786 4601 1068 4664 εὐσεϐείας
1113 4602 1609 4672 προαγωνίσασθαι,
1645 4603 1944 4675 σύμϐουλος

369 4692 579 4760 γίνεται
607 4695 674 4763 τῇ
719 4691 1013 4762 Ἐκκλησία
1041 4693 1234 4761 μικρὸν
1263 4693 1615 4762 ὑποχωρῆσαι
1639 4696 1704 4764 τῇ
1741 4694 1946 4766 φοϐερᾷ

371 4783 668 4855 προσϐολῇ,
712 4787 958 4854 κρεῖττον
1004 4779 1141 4837 εἶναι
1173 4781 1472 4853 ἡγούμενος
1505 4783 1592 4836 διὰ
1636 4785 1810 4855 φυγῆς
1847 4786 1946 4849 τὰς

367 4877 546 4947 ψυχὰς
572 4877 752 4929 αὐτῶν
797 4874 1228 4946 περισώσασθαι,
1256 4875 1288 4946 ἢ
1319 4875 1558 4936 ἑστῶτας
1585 4877 1678 4928 ἐπὶ
1712 4878 1810 4947 τῆς
1837 4877 1945 4930 τῶν

369 4965 598 5036 ἀγώνων
643 4966 1020 5038 παρατάξεως,
1062 4965 1418 5028 λιποτάκτους
1445 4967 1695 5034 γενέσθαι
1730 4969 1827 5037 τῆς
1855 4969 1946 5021 πί-

370 5073 576 5120 στεως·
628 5058 722 5109 καὶ
752 5056 827 5118 ὡς
855 5055 920 5109 ἂν
974 5056 1206 5126 μάλιστα
1253 5055 1519 5108 πεισθεῖεν
1548 5056 1598 5112 οἰ
1646 5055 1940 5128 ἄνθρωποι,

373 5149 578 5216 μηδένα
609 5147 854 5202 κίνδυνον
882 5147 1068 5219 φέρειν
1110 5149 1175 5218 τῇ
1209 5147 1376 5218 ψυχῇ,
1415 5148 1474 5200 τὸ
1511 5147 1608 5218 τὴν
1635 5148 1816 5202 πίστιν
1857 5150 1946 5203 διὰ

369 5240 550 5309 φυγῆς
605 5238 1030 5310 περισώσασθαι,
1060 5239 1138 5306 τῷ
1173 5237 1294 5291 καθ’
1330 5237 1520 5290 ἑαυτὸν
1565 5238 1940 5308 ὑποδείγματι,

372 5329 674 5400 σύμϐουλος
694 5330 794 5399 τῆς
825 5331 1223 5402 ἀναχωρήσεως
1243 5329 1454 5399 γίνεται
1473 5345 1489 5360 ⁸
1522 5329 1683 5394 αὐτὸς
1713 5330 1818 5400 πρὸ
1837 5330 1944 5384 τῶν

371 5421 546 5475 ἄλλων
587 5423 947 5494 ἀναχωρήσας
990 5425 1056 5493 τῇ
1095 5420 1188 5475 τοῦ
1241 5421 1484 5474 κινδύνου
1527 5423 1698 5492 φορᾷ·
1737 5423 1850 5491 ἅμα
1887 5422 1943 5475 δὲ

372 5513 468 5564 καὶ
494 5511 651 5566 τοῦτο
683 5515 793 5574 τοῖς
827 5512 1086 5584 κρατοῦσι
1120 5512 1207 5566 διὰ
1239 5513 1473 5582 σπουδῆς
1511 5513 1742 5582 μάλιστα
1767 5508 1854 5583 ἦν,
1885 5513 1945 5566 τὸ

369 5603 439 5656 δι’
466 5603 674 5656 ἐκείνου
712 5603 962 5674 καθάπερ
1013 5603 1320 5675 στρατηγοῦ
1365 5603 1736 5674 χειρωθέντος,
1763 5605 1946 5658 πᾶσαν

371 5693 620 5748 διαλῦσαι
671 5695 768 5764 τῆς
817 5695 1050 5760 πίστεως
1085 5695 1183 5767 τὴν
1234 5693 1561 5766 παράταξιν,
1617 5697 1710 5750 καὶ
1753 5695 1942 5750 τούτου

2051 4526 2160 4578 tur,
2195 4523 2254 4570 ut
2283 4514 2552 4584 ejusmodi
2588 4515 2848 4585 periculis
2892 4521 3154 4583 exempta:
3186 4520 3484 4573 manerent,
3521 4507 3614 4562 scd

2048 4621 2155 4660 una
2206 4605 2470 4659 adversus
2511 4619 2703 4659 omnes
2731 4587 3082 4659 crudelitatis
3117 4610 3232 4657 erat
3266 4601 3369 4663 lex,
3425 4598 3616 4652 eodem

2048 4708 2223 4763 pinnae
2265 4693 2447 4755 modo,
2477 4693 2629 4747 nullo
2681 4691 3000 4747 discrimine
3052 4706 3215 4746 sexus
3247 4689 3451 4748 habito,
3488 4685 3618 4740 sub-

2042 4781 2393 4849 jicienscum
2439 4782 2533 4851 qui
2585 4795 2616 4834 a
2654 4780 2966 4836 simulacris
3021 4787 3161 4834 esset
3199 4778 3431 4830 alienus.
3461 4775 3617 4828 Tunc

2045 4885 2275 4941 magnus
2335 4871 2425 4926 ille
2477 4872 2584 4934 vir,
2635 4871 3014 4925 animadversa
3063 4877 3226 4938 atque
3272 4867 3616 4921 considerata

2050 4962 2424 5018 imbecillitate
2478 4970 2531 5016 et
2566 4961 2862 5032 fragilitate
2908 4960 3161 5016 humanm
3211 4968 3442 5023 natune,
3469 4958 3614 5030 quod

2046 5053 2292 5122 plerique
2319 5067 2428 5106 non
2455 5061 2677 5122 possent
2701 5067 2876 5122 usque
2921 5051 2988 5106 ad
3020 5059 3252 5105 mortem
3291 5067 3389 5122 pro
3416 5051 3617 5121 pietate

2046 5147 2348 5207 decertare.
2391 5156 2582 5202 auctor
2623 5147 2886 5202 Ecclesiae
2923 5145 3001 5213 fit,
3035 5154 3094 5200 ut
3127 5147 3424 5202 terribilem
3457 5147 3610 5200 illum

2047 5241 2308 5308 impetum
2348 5247 2513 5308 atque
2541 5239 2824 5293 incursum
2861 5237 3140 5308 paulisper
3175 5238 3499 5301 declinaret,
3533 5253 3617 5290 sae

2046 5329 2156 5382 tius
2185 5345 2306 5383 esse
2331 5330 2539 5384 ducens
2583 5329 2885 5400 perfugam
2929 5330 3143 5383 animas
3164 5344 3352 5382 eorum
3383 5329 3611 5389 servari,

2045 5436 2206 5490 quam
2249 5429 2454 5477 stantes
2487 5422 2541 5474 in
2577 5422 2694 5476 acie
2734 5421 3097 5474 certaminum
3143 5429 3306 5490 atque
3338 5419 3611 5488 periculo-

2047 5530 2163 5566 rum
2202 5512 2323 5566 fidei
2358 5513 2470 5567 ﬁeri
2495 5512 2804 5568 desertores
2837 5528 2852 5567 :
2887 5527 2950 5567 ac
2973 5528 3082 5582 quo
3114 5512 3351 5567 maxime
3377 5512 3612 5565 homini-

2047 5606 2148 5660 bus
2197 5604 2636 5674 persuaderetur.
2675 5606 2884 5658 nullum
2923 5604 3119 5657 anima:
3175 5601 3479 5672 periculum
3532 5602 3605 5655 af-

2051 5698 2208 5763 ferre,
2235 5697 2278 5753 si
2311 5696 2388 5754 vel
2426 5711 2521 5768 per
2549 5694 2728 5767 fugam
2755 5696 2877 5768 quis
2933 5695 3091 5752 fidem
3117 5703 3486 5759 conservaret,
3509 5707 3611 5750 suo
