4002 6206
427 352 527 408 947

1708 343 1767 399 S.
1809 341 2139 398 GREGORH
2176 338 2473 396 NYSSENI

3572 339 3665 395 sts

424 468 669 539 exem'plo
699 475 893 522 auctor
937 464 1223 522 secedendi
1254 465 1332 528 lit,
1373 466 1487 535 ipse
1515 471 1642 519 ante
1687 463 1823 519 alios
1848 476 1999 518 sece-

2103 462 2258 533 χάριν
2294 463 2497 538 εκείνον
2527 458 2631 513 ὑπὸ
2656 460 2813 530 χεῖρα
2846 454 3171 526 ποιήσασθαι
3211 455 3326 517 τοῖς
3356 452 3568 524 ἐχθροῖς
3603 455 3671 507 δι-

424 560 604 616 dendo
653 559 881 629 periculi
944 558 1202 628 impetum
1261 556 1515 611 devitans
1558 570 1568 603 :
1618 553 1782 610 simul
1816 561 1997 608 autem

2106 554 2456 609 εσποὺδαστο.

423 655 590 708 etiam
623 652 727 707 boe
760 653 828 707 iis
856 653 947 721 qui
973 667 1154 706 rerum
1187 650 1554 719 potiebantur,
1586 647 1832 701 maximo
1869 647 2053 703 studio
2081 658 2220 708 erat,
2244 656 2302 702 ut
2327 649 2420 702 illo
2452 655 2714 717 tanquam
2746 646 2885 700 duce
2913 649 3073 712 capto
3100 655 3318 697 omnem
3351 637 3474 693 ﬁdei
3503 637 3670 692 aciem

422 745 714 800 funderent
744 758 808 798 ac
841 742 1193 813 dissiparem,
1236 749 1399 810 atque
1429 739 1635 795 idcirco
1667 739 1873 793 inimici
1905 738 2315 801 annitebantur,
2344 746 2401 793 ut
2429 739 2584 794 illum
2613 737 2926 807 redigerent
2950 735 3006 789 in
3035 739 3382 801 potestatem.

492 840 562 894 At
596 840 684 897 ille
704 854 811 893 una
835 854 957 893 cum
982 853 1047 892 eo
1067 852 1227 906 quem
1250 838 1320 892 ab
1342 834 1585 906 initioad
1606 833 1764 889 (idem
1786 850 1852 889 ex
1874 832 2006 888 aedi-

425 939 518 981 tuo
552 928 876 995 adduxerat,
917 926 1131 982 diaconi
1162 928 1274 996 jam
1316 941 1542 980 munere
1583 924 1863 995 fungente,
1890 925 2005 980 col-

427 1022 529 1074 lem
564 1020 856 1090 quemdam
888 1021 1164 1075 desertum
1198 1028 1591 1087 occupaverat;
1621 1025 2001 1084 persecutores

427 1120 606 1167 autem
648 1112 849 1166 indicio
877 1110 1162 1179 cujusdam
1194 1110 1371 1165 edocti
1396 1125 1504 1178 quo
1533 1110 1590 1163 in
1634 1109 1754 1162 loco
1786 1108 2001 1173 lateret,

427 1216 622 1271 magna
658 1200 1004 1254 multitudine
1041 1198 1284 1268 vestigiis
1323 1198 1651 1253 inhaerentes
1686 1213 1702 1247 :
1746 1198 1838 1252 alii
1879 1198 2002 1268 qui-

426 1292 547 1345 dem
584 1291 863 1346 radicibus
895 1291 1050 1346 collis
1081 1291 1466 1346 circumsessis
1507 1290 1893 1354 observabant,
1931 1306 1998 1345 ne

424 1397 554 1453 qua,
591 1382 636 1437 si
680 1382 859 1452 fugam
891 1390 1188 1446 tentasset,
1216 1381 1448 1436 evadere
1494 1383 1668 1451 possit
1700 1401 1714 1448 ;
1744 1383 1991 1437 nonnulli

423 1490 575 1537 vero,
617 1475 712 1543 qui
746 1480 982 1528 montem
1020 1473 1327 1536 subierunt,
1351 1474 1405 1526 in
1458 1472 1715 1528 omnibus
1752 1475 1997 1544 partibus

426 1574 758 1629 scrutantes,
788 1565 901 1634 jam
935 1578 1132 1634 magno
1167 1564 1244 1618 illi
1272 1572 1429 1620 erant
1482 1566 1536 1619 in
1573 1575 1871 1635 conspectu
1915 1582 2004 1622 re-

426 1667 514 1712 cta
541 1659 608 1713 ad
634 1673 757 1712 eum
794 1656 1112 1712 subeuntes.
1144 1656 1238 1712 Ille
1274 1672 1401 1711 vero
1434 1658 1689 1712 comitem
1725 1658 1996 1723 hortatus,

426 1760 486 1806 ut
519 1750 672 1805 ﬁrma
696 1760 859 1819 atque
889 1749 1193 1804 indubitata
1222 1764 1349 1819 erga
1388 1749 1554 1804 Deum
1584 1750 1783 1806 ﬁducia
1823 1753 2003 1807 consi-

427 1847 612 1903 steret,
650 1842 811 1909 eique
839 1839 1068 1895 salutem
1128 1840 1513 1903 committeret,
1542 1840 1792 1895 similiter
1844 1854 2006 1912 atque

427 1934 543 2001 ipse
571 1932 797 1997 faceret,
831 1945 1026 1986 manus
1052 1931 1119 1985 ad
1153 1932 1457 1986 orationem
1486 1933 1809 1997 extendens,
1834 1948 1897 1987 ae
1938 1950 2004 1989 ne

427 2025 471 2078 si
513 2039 684 2094 prape
719 2022 939 2092 quidem
998 2031 1382 2092 persecutores
1433 2025 1819 2087 accessissent,
1856 2034 2002 2080 metu

428 2112 583 2167 Iidem
634 2127 924 2168 excussam
977 2111 1303 2181 projiceret,
1359 2114 1668 2183 exemplum
1720 2115 1842 2184 ejus
1896 2117 2001 2181 rei,

424 2219 588 2272 quam
630 2203 979 2273 przecipiebat
1011 2203 1247 2259 diacono
1277 2205 1519 2276 seipsum
1547 2208 1845 2275 praebebat,
1876 2223 2002 2262 cum

424 2304 479 2350 et
539 2295 784 2349 immotis
821 2296 1029 2363 oculis,
1062 2306 1116 2352 et
1170 2298 1350 2367 passis
1392 2298 1647 2355 manibus
1704 2307 1759 2355 et
1809 2300 2000 2356 habitu

426 2386 600 2439 arduo
639 2395 801 2457 atque
848 2396 1036 2443 erecto
1086 2390 1287 2443 coelum
1349 2390 1677 2446 intueretur.
1730 2392 1911 2463 Atque
1946 2394 1999 2448 bi

411 2476 643 2547 quidem
679 2477 793 2531 haec
848 2478 1116 2548 agebant;
1153 2479 1231 2532 illi
1277 2495 1432 2543 vero,
1468 2480 1561 2551 qui
1598 2479 1663 2534 ad
1716 2497 1840 2536 eum
1874 2498 2003 2538 eva-

423 2574 630 2630 serant,
658 2584 783 2622 cum
820 2571 997 2623 locum
1031 2579 1202 2633 totum
1255 2571 1708 2640 perlustrassent,
1754 2583 1808 2627 et
1866 2574 2002 2628 inibi

424 2660 608 2715 omnia
640 2660 859 2715 dumeta
929 2668 1092 2731 atque
1145 2663 1368 2717 arbusta
1388 2702 1401 2726 ,
1424 2663 1608 2718 omnia
1634 2663 2002 2734 prominentia

424 2765 580 2813 saxa,
623 2765 811 2807 omnes
838 2766 1102 2807 cavernas
1146 2755 1472 2824 voraginum
1509 2770 1632 2809 cum
1671 2772 1888 2811 summa
1921 2757 2003 2812 di-

423 2840 647 2911 ligentia
678 2843 1004 2909 perscrutati
1034 2852 1240 2904 essent.
1264 2860 1458 2899 rursus
1497 2845 1564 2899 ad
1598 2845 1758 2900 collis
1788 2845 2000 2902 radices

423 2933 780 2997 contendunt,
828 2941 885 2987 ut
913 2939 1059 2986 metu
1086 2935 1547 3002 perscrutantium
1583 2935 1673 2989 ille
1729 2936 1781 2989 in
1816 2936 1998 3006 fugam

423 3036 621 3078 versus
652 3023 709 3079 in
764 3031 1089 3091 potestatem
1128 3040 1318 3079 eorum
1361 3026 1592 3091 veniret,
1625 3029 1720 3095 qui
1757 3030 1997 3082 intimam

2180 835 2239 889 '0
2275 835 2331 888 δὲ
2355 830 2422 905 ἦν
2446 833 2648 905 ἔρημόν
2670 849 2792 885 τινα
2814 827 3137 884 καταλαϐὼν
3162 824 3366 894 λοιοιὰν,
3394 823 3535 892 ἔχων
3558 819 3671 891 μεθ’

2100 923 2293 977 ἑαυτοῦ
2326 924 2417 977 τὴν
2444 925 2509 976 ὲκ
2536 922 2804 993 νεωκόρου
2833 919 2953 974 κατ’
2991 916 3168 990 ἀρχὰς
3199 912 3568 986 προσαχθέντα
3608 912 3671 980 τῇ

2101 1018 2302 1075 πίστει.
2334 1016 2432 1088 ἤδη
2465 1018 2530 1086 τῇ
2560 1014 2744 1085 χάριτι
2772 1013 2873 1083 τῆς
2908 1009 3182 1071 διακονίας
3212 1001 3670 1076 ὑπηρετοὺμενον.

2099 1111 2219 1163 Τῶν
2263 1108 2319 1164 δὲ
2360 1109 2663 1162 διωκόντων
2695 1107 2814 1160 κατ’
2851 1105 2995 1175 ίχνος
3046 1099 3328 1171 ἑπομένων
3377 1098 3436 1149 ὲν
3482 1092 3673 1165 πλήθει

2101 1202 2301 1273 πολλῷ,
2336 1201 2674 1272 μηνύσαντος
2694 1201 2875 1262 αὐτοῖς
2911 1197 3001 1250 τὸν
3037 1196 3201 1249 τόπον
3235 1191 3380 1255 τινὸς
3404 1182 3523 1257 ὲνῷ
3549 1205 3674 1243 κατ-

2103 1294 2437 1366 εκρὺπτετο·
2470 1294 2518 1345 οἱ
2550 1293 2649 1362 μὲν
2690 1294 2747 1344 ὲν
2779 1290 2964 1359 κύκλῳ
2988 1288 3087 1359 τὴν
3146 1285 3425 1357 ὑπώρειαν
3464 1283 3563 1353 τῆς
3589 1282 3675 1335 λο-

2105 1386 2232 1454 φιᾶς
2251 1381 2591 1444 διαλαϐόντες
2613 1379 2924 1450 ἐφύλαττον,
2944 1379 3091 1438 ὅπως
3110 1374 3174 1428 ἂν
3194 1370 3507 1445 μηδαμόθεν
3533 1366 3677 1436 αὑτῷ

2104 1476 2316 1545 γένοιτο
2348 1476 2651 1544 διαφυγεῖν,
2706 1473 2865 1542 εἴπερ
2897 1473 2976 1533 είς
3017 1469 3176 1521 τοῦτο
3218 1465 3454 1536 τραπείη
3479 1480 3496 1495 ·
3530 1462 3583 1515 οἱ
3623 1460 3676 1513 δὲ

2109 1567 2441 1637 προσϐάντες
2462 1565 2542 1636 τῷ
2571 1565 2705 1635 δρει,
2733 1562 2875 1616 κατὰ
2905 1563 3014 1613 πᾶν
3050 1558 3215 1629 μέρος
3241 1552 3674 1625 διερευνώμενοι,

2106 1660 2208 1731 ήδη
2257 1658 2589 1726 καταφανεῖς
2625 1654 2864 1722 ἐγίνοντο
2908 1650 2987 1721 τῷ
3036 1648 3273 1720 μεγάλῳ,
3314 1645 3434 1699 κατ’
3464 1641 3677 1696 εὐθεῖαν

2107 1750 2243 1822 πρὸς
2273 1749 2435 1803 αὐτὸν
2465 1747 2871 1819 ἀνατρέχοντες.
2918 1745 3154 1805 Ἐκεῖνος
3186 1740 3240 1794 δὲ
3261 1736 3675 1804 διακελευσάμε-

2107 1860 2194 1906 νος
2218 1840 2294 1913 τῷ
2327 1843 2441 1912 μετ’
2466 1839 2654 1902 αὑτοῦ,
2680 1839 2874 1910 στερεᾷ
2906 1854 2966 1890 τε
3001 1835 3094 1889 καὶ
3137 1831 3446 1900 ἅδιστάκτῳ
3472 1831 3538 1899 τῇ
3578 1843 3675 1879 πε-

2106 1933 2355 2007 ποιθήσει
2393 1933 2584 2002 στῆναι
2624 1931 2757 2002 πρὸς
2791 1928 2882 1984 τὸν
2912 1927 3064 1991 Θεὸν,
3107 1925 3200 1978 καὶ
3247 1917 3675 1976 καταπιστεῦσαι

2105 2024 2204 2094 τὴν
2232 2023 2507 2096 σωτηρίαν
2536 2020 2705 2091 αὐτῷ,
2739 2019 2838 2083 τὰς
2872 2022 3058 2090 χεῖρας
3085 2019 3165 2080 είς
3203 2012 3511 2085 προσευχὴν
3542 2010 3672 2064 ἁνα-

2107 2115 2376 2180 τείναντα,
2412 2115 2507 2167 καὶ
2531 2113 2663 2184 μηδὲ
2694 2114 2743 2165 εί
2778 2110 3004 2182 πλησίον
3035 2109 3277 2177 γένοιντο
3300 2106 3349 2159 οἱ
3391 2104 3668 2164 διώκοντες

2107 2207 2502 2280 ἐκκῳυσθῆναι
2530 2205 2607 2276 τῷ
2638 2204 2786 2274 φόϐῳ
2816 2202 2914 2273 τὴν
2943 2202 3145 2253 πίστιν·
3170 2197 3476 2264 ὑπόδειγμα
3502 2192 3667 2261 δὲτῆς

2105 2298 2478 2369 παραγγελίας
2516 2297 2708 2350 ἑαυτὸν
2746 2295 2917 2348 ἐποίει
2953 2292 3032 2363 τῷ
3068 2290 3333 2360 διακόνῳ,
3377 2286 3585 2358 βλέπων
3614 2301 3667 2337 τε

2105 2391 2241 2462 πρὸς
2268 2389 2495 2461 οὐρανὸν
2535 2386 2932 2458 ἀμετατρέπτῳ
2961 2386 3188 2455 ὄμματι,
3223 2380 3317 2447 καὶ
3351 2376 3667 2447 τεταμέναις

2103 2487 2220 2549 ταῖς
2253 2484 2438 2554 χερσὶν
2464 2485 2521 2537 ὲν
2553 2480 2719 2553 ὀρθίῳ
2748 2479 2826 2550 τῷ
2858 2480 3117 2550 σχήματι·
3150 2476 3244 2530 καὶ
3274 2475 3325 2528 οἱ
3358 2473 3454 2545 μὲν
3474 2474 3530 2524 ἐν
3552 2471 3664 2523 τοὺ-

2104 2597 2216 2642 τοις
2234 2575 2394 2650 ἦσαν.
2429 2578 2493 2631 Οἱ
2517 2577 2573 2630 δὲ
2600 2576 2734 2648 πρὸς
2753 2576 2949 2638 αὐτοὺς
2974 2571 3398 2643 ἀναδραμόντες,
3428 2566 3664 2637 πανταχῆ

2103 2670 2194 2723 τὸν
2252 2668 2416 2722 τόπον
2469 2664 2962 2737 περισκεψάμενοι,
3021 2663 3114 2717 καὶ
3175 2663 3357 2715 πᾶσαν
3422 2658 3664 2711 ἔνστασιν

2105 2761 2329 2832 θάμνου,
2358 2761 2451 2813 καὶ
2480 2761 2659 2812 πᾶσαν
2690 2758 2891 2830 πέτρας
2931 2753 3257 2828 προσϐολὴν,
3289 2753 3381 2806 καὶ⁸
3410 2752 3585 2805 πᾶσαν
3608 2750 3667 2801 ἐκ

2103 2856 2379 2926 χαράδρας
2406 2853 2694 2923 κοιλότητα
2725 2851 2862 2922 μετὰ
2900 2851 3079 2920 πάσης
3101 2847 3385 2919 ἀκριϐείας
3408 2844 3668 2914 διερευνη-

2105 2946 2351 3015 σάμενοι,
2388 2944 2550 2997 πάλιν
2581 2943 2679 3015 τὴν
2718 2942 2994 3014 ὑπώρειαν
3024 2938 3555 3008 καταλαμϐάνουσιν,
3598 2932 3668 2995 ὡς

2102 3038 2252 3108 φόϐῳ
2283 3037 2391 3090 τῶν
2418 3035 2858 3106 διερευνωμένων
2897 3036 2977 3097 είς
3006 3032 3183 3102 φυγὴν
3223 3029 3538 3101 τραπόντων
3563 3026 3669 3085 τοῖς

424 3124 633 3187 partem
696 3116 856 3171 collis
889 3116 1391 3187 circumsepissent.
1421 3115 1490 3170 Ut
1523 3118 1690 3188 igitur
1722 3134 1900 3188 ireque
1935 3120 1999 3174 ab

2106 3129 2255 3182 κάτω
2301 3127 2857 3199 περιεστοιχισμένοις
2904 3125 3009 3178 ὑπὸ
3058 3128 3215 3194 χεῖρα
3269 3119 3544 3190 γενέσθαι.
3586 3118 3668 3176 Ὠς

422 3206 512 3264 bis
533 3208 789 3263 inventus
818 3217 920 3275 est,
957 3225 1136 3278 neque
1161 3210 1305 3280 apud
1348 3211 1473 3265 illos
1513 3218 1651 3274 erat,
1671 3219 1842 3286 atque
1874 3228 1997 3281 spe-

423 3300 641 3356 culator
698 3300 788 3356 ille
835 3300 1014 3355 locum
1072 3301 1163 3355 ubi
1213 3316 1447 3371 magnus
1493 3302 1587 3357 ille
1645 3302 1993 3369 consisteret,

424 3393 598 3464 signis
625 3392 998 3458 describebat,
1027 3394 1086 3448 in
1120 3409 1228 3464 quo
1275 3396 1399 3449 loco
1431 3403 1770 3451 scrutatores
1802 3406 1997 3465 praeter

423 3487 563 3541 duas
598 3486 868 3541 duntaxat
897 3486 1122 3541 arbores
1148 3487 1429 3556 paululum
1463 3488 1609 3543 inter
1641 3504 1701 3543 se
1729 3489 1998 3545 distantes

426 3577 696 3633 neminem
739 3593 797 3633 se
828 3578 1034 3635 vidisse
1079 3579 1438 3634 allirmabant.
1472 3579 1748 3650 Digressis
1779 3580 1994 3634 tandem

426 3668 831 3722 scrutatoribus
851 3683 973 3723 cum
998 3669 1334 3726 substitisset
1374 3670 1557 3736 index,
1594 3678 1758 3739 atque
1791 3671 1844 3725 in
1870 3686 1994 3725 ora-

427 3760 578 3814 tione
606 3768 660 3815 et
697 3760 873 3829 ipsum
924 3762 1082 3815 illum
1136 3762 1313 3817 virum
1368 3776 1625 3833 magnum
1657 3770 1711 3817 et
1739 3764 1994 3818 comitem

426 3849 548 3919 ejus
570 3850 912 3914 offendisset,
937 3860 1103 3923 atque
1144 3855 1198 3906 in
1246 3870 1348 3923 ope
1404 3854 1592 3909 divina
1633 3854 1838 3910 factum
1873 3871 1997 3911 esse

420 3939 718 4011 judicaret,
749 3949 809 3994 ut
841 3941 917 3995 illi
950 3943 1410 4012 persequentibus
1442 3945 1666 4002 arbores
1695 3962 1818 4004 esse
1847 3947 1997 4002 vide-

424 4042 639 4097 rentur,
672 4034 979 4103 procumbit
1007 4034 1056 4090 ei
1097 4035 1163 4089 ad
1194 4036 1380 4105 pedes,
1408 4038 1694 4107 creditque
1732 4040 1995 4107 sermoni,

425 4131 479 4178 et
500 4122 594 4193 qui
626 4125 790 4194 paulo
811 4133 935 4180 ante
960 4134 1280 4194 persecutor
1305 4126 1506 4194 fuerat,
1543 4145 1684 4184 unus
1718 4143 1784 4183 ex
1811 4128 1997 4198 profu-

425 4218 509 4287 gis
537 4215 716 4273 (iebat.
746 4217 882 4272 Cum
920 4217 1086 4288 igitur
1112 4219 1557 4290 multotempore
1590 4221 1647 4276 in
1698 4220 1998 4276 solitudine

426 4315 712 4362 manerent
762 4307 1157 4377 (invalescebat
1207 4309 1351 4363 enim
1398 4310 1595 4365 bellum
1644 4309 1907 4366 adversus
1936 4310 1998 4364 li-

428 4399 572 4462 dem,
615 4400 843 4468 praeside
878 4401 1169 4468 provincia:
1198 4401 1435 4470 graviter
1480 4402 1737 4458 saeviente
1789 4403 1843 4455 in
1877 4417 1994 4463 eos,

427 4488 521 4559 qui
542 4488 781 4543 sermoni
801 4488 1589 4561 pietatisadhaererent),atque
1608 4506 1799 4545 omnes
1825 4490 1877 4542 in
1907 4487 1996 4543 fu-
2032 4483 2073 4537 ι)

427 4594 549 4650 gam
592 4580 732 4634 versi
765 4587 946 4634 essent
975 4598 989 4632 :
1023 4588 1378 4650 posteaquam
1433 4582 1579 4651 quod
1613 4579 1680 4634 ad
1736 4594 1992 4649 magnum

428 4669 582 4724 illum
609 4670 785 4724 virum
822 4669 1036 4731 attinet,
1066 4669 1493 4739 desperaverant
1539 4687 1661 4725 eum
1698 4669 1994 4739 aliquando

424 4765 483 4818 in
530 4772 855 4834 potestatem
899 4763 1343 4833 persequentium
1376 4770 1667 4819 venturum
1696 4780 1708 4816 :
1742 4771 1872 4816 tunc
1901 4762 1997 4816 ad-

423 4871 619 4913 versus
643 4856 886 4926 reliquos
908 4855 1182 4911 rabiosam
1214 4855 1483 4911 saevitiam
1514 4870 1669 4909 suam
1698 4861 1992 4918 vertentes,

427 4946 487 4999 in
537 4947 795 5001 omnibus
842 4947 1091 5015 partibus
1150 4946 1449 5015 provinciae
1510 4944 1996 5014 perscrutabantur

427 5051 619 5101 omnes
663 5037 915 5090 similiter
962 5046 1071 5091 tam
1132 5036 1390 5092 mulieres
1434 5044 1488 5091 et
1552 5051 1775 5105 pueros,
1830 5051 1994 5104 quam

423 5132 609 5197 yiros,
640 5128 959 5199 quicunque
991 5143 1185 5184 nomen
1238 5126 1439 5182 Christi
1480 5136 1893 5190 venerareutur,
1931 5143 1995 5181 ac

424 5221 717 5275 trahebant
761 5219 829 5273 ad
863 5219 1074 5282 urbem,
1106 5226 1161 5273 et
1204 5232 1455 5272 carceres
1484 5218 1852 5286 complebant,
1881 5219 1995 5286 pie-

424 5317 594 5363 tatem
624 5309 706 5363 eis
744 5308 975 5362 alterius
999 5306 1306 5378 eujuspiam
1341 5307 1460 5361 loco
1492 5305 1744 5360 maleﬁcii
1778 5308 1993 5362 crimini

425 5402 642 5463 dantes,
671 5398 808 5454 adeo
844 5406 901 5452 ut
930 5399 984 5452 in
1016 5398 1166 5452 nullo
1200 5398 1310 5452 alio
1342 5397 1560 5469 publico
1604 5400 1823 5469 negotio
1844 5398 1992 5469 judi-

423 5492 508 5544 cia
571 5498 702 5546 tunc
756 5500 1023 5560 occupata
1073 5497 1293 5556 essent,
1336 5498 1695 5559 praeterquam
1745 5491 1888 5561 quod
1940 5490 1993 5545 id

424 5582 602 5634 solum
638 5583 995 5654 magistratus
1031 5583 1259 5654 agebat.
1293 5590 1352 5637 ut
1386 5597 1546 5637 omne
1574 5597 1748 5652 genus
1787 5582 1993 5653 suppli-

424 5668 633 5724 ciorum
664 5672 924 5742 variaque
956 5679 1225 5727 tormenta
1245 5671 1478 5726 solerter
1500 5671 1807 5743 excogitata
1841 5669 1993 5728 adbi-

427 5761 616 5818 bcrcnt
651 5761 717 5817 iis
740 5804 754 5828 ,
786 5764 878 5832 qui
915 5763 1075 5819 ﬁdem
1115 5762 1590 5834 amplecterentur.

2104 3218 2199 3274 οὖν
2224 3219 2348 3272 οὔτε
2372 3218 2522 3289 παρὰ
2554 3218 2758 3272 τούτων
2792 3215 3012 3287 εὑρέθη,
3049 3214 3141 3267 καὶ
3172 3213 3300 3285 παρ’
3326 3210 3552 3274 ἐκείνοις
3576 3208 3669 3261 οὐκ

2104 3307 2197 3380 ἦν·
2239 3311 2268 3363 ὀ
2306 3310 2362 3363 δὲ
2385 3311 2475 3364 τὸν
2498 3311 2657 3362 τόπον
2690 3309 2787 3378 τῆς
2809 3306 2902 3360 τοῦ
2937 3305 3171 3377 μεγάλου
3205 3302 3482 3373 διαγωγῆς
3510 3319 3670 3355 κατα-

2107 3400 2444 3473 σκεψάμενος
2477 3401 2721 3472 σημείοις
2758 3399 3094 3469 ὑπὲγραφεν,
3123 3399 3180 3450 ὲν
3202 3390 3246 3465 ᾧ
3280 3396 3677 3450 διεϐεϐαιοῦντο

2104 3494 2153 3545 ei
2189 3492 2480 3565 ζητοῦντες
2514 3491 2710 3562 μεδένα
2738 3491 3060 3562 ἑωρακέναι,
3098 3488 3236 3559 πλὴν
3270 3491 3319 3542 εί
3351 3490 3427 3560 μὴ
3453 3487 3546 3541 δύο
3569 3489 3679 3549 Bev-

2102 3585 2205 3658 δρα
2231 3584 2392 3655 μόνον
2436 3582 2632 3655 μικρὸν
2660 3581 2753 3635 ἀπ’
2783 3580 3026 3652 αλλήλων
3066 3580 3409 3649 διεστηκότα.
3455 3582 3677 3632 Ἀνακε-

2102 3677 2430 3749 χωρηκότων
2546 3674 2655 3728 τῶν
2693 3673 3021 3746 ζητούντων,
3058 3673 3401 3743 ὑπολειφθεὶς
3440 3676 3468 3727 ό
3501 3691 3675 3743 μηνυ-

2104 3773 2222 3843 τὴς,
2258 3771 2348 3825 καὶ
2375 3769 2695 3823 καταλαϐὼν
2716 3772 2773 3822 ὲν
2799 3773 3074 3841 προσευχῇ
3104 3769 3268 3821 αὐτόν
3296 3786 3357 3822 τε
3386 3769 3478 3821 τὸν
3505 3770 3679 3839 μέγαν

2105 3863 2199 3917 καὶ
2231 3862 2322 3916 τὸν
2358 3862 2453 3914 σὺν
2486 3860 2658 3931 αὐτῷ,
2690 3861 2784 3914 καὶ
2809 3861 2969 3927 γνοὺς
3004 3862 3102 3929 τὴν
3137 3857 3286 3912 θείαν
3318 3860 3580 3931 φρουράν,
3609 3858 3679 3911 δι’

2102 3949 2167 4024 ἧς
2196 3955 2390 4007 ἐκείνοι
2421 3953 2612 4023 δένδρα
2639 3954 2750 4015 τοῖς
2784 3950 3066 4004 διώκουσιν
3096 3951 3479 4022 ἐνομίσθησαν,
3510 3967 3683 4022 προσ-

2103 4047 2291 4099 πίπτει
2321 4062 2380 4099 τε
2419 4044 2586 4114 αὐτῷ,
2626 4045 2720 4097 καὶ
2755 4042 3000 4096 πιστεύει
3039 4042 3117 4114 τῷ
3148 4043 3310 4113 λόγῳ.
3355 4043 3465 4096 Καὶ
3502 4045 3531 4095 ὁ
3566 4043 3679 4113 πρὲ

2105 4137 2332 4209 βραχέος
2362 4134 2615 4205 διώκτης,
2645 4130 2724 4198 εἷς
2750 4134 2856 4188 τῶν
2885 4135 3190 4204 φευγόντων
3210 4135 3440 4202 ἐγένετο.
3472 4135 3684 4188 Μενόν-

2102 4247 2208 4283 των
2232 4227 2408 4283 τοίνυν
2434 4227 2575 4281 κατὰ
2603 4227 2700 4298 τὴν
2741 4226 2943 4298 ἔρημον
2985 4228 3175 4299 χρόνον
3209 4228 3371 4281 πολὺν
3410 4227 3681 4298 (ἐπεκράο

2101 4338 2185 4373 τει
2212 4322 2322 4390 γὰρ
2361 4322 2386 4375 έ
2419 4320 2558 4374 κατὰ
2598 4319 2699 4389 τῆς
2727 4319 2961 4381 πίστεως
3000 4319 3253 4389 πόλεμος,
3293 4317 3538 4389 χαλεπῶς
3576 4320 3681 4372 τοῦ

2103 4410 2515 4482 καθηγουμένου
2540 4410 2679 4464 κατὰ
2705 4409 2813 4463 τῶν
2837 4409 3274 4480 προστιθεμένων
3300 4410 3380 4482 τῷ
3412 4409 3555 4480 λόγῳ
3577 4410 3684 4482 τῆς

2102 4501 2381 4565 εὐσεϐείας
2422 4502 2767 4568 λυσσῶντος),
2810 4503 2905 4555 καὶ
2944 4500 3161 4555 πάντων
3210 4502 3348 4572 πρὸς
3380 4502 3559 4571 φυγὴν
3587 4518 3685 4554 τις

2102 4592 2465 4662 τραμμένων’
2506 4592 2693 4662 ἐπειδὴ
2733 4592 2792 4645 τὸ
2830 4591 2973 4646 κατὰ
3004 4592 3096 4644 τὸν
3143 4593 3317 4662 μέγαν
3349 4592 3534 4655 αὐτοῖς
3581 4593 3684 4644 ἀπ’

2102 4682 2321 4746 ἐλπίδος
2338 4679 2426 4754 ἦν,
2451 4683 2527 4748 ὡς
2555 4685 2655 4737 οὑκ
2687 4684 2752 4737 ἂν
2778 4683 2882 4736 ὑπὸ
2912 4684 3067 4755 χεῖρά
3091 4700 3218 4737 ποτε
3246 4684 3536 4753 γενόμενον
3567 4686 3687 4746 τοῖς

2101 4769 2385 4823 διώκουσι’
2430 4771 2553 4825 τότε
2606 4772 2750 4825 κατὰ
2782 4773 2890 4825 τῶν
2931 4772 3240 4827 ὑπολοίπων
3284 4774 3385 4843 τὴν
3426 4772 3681 4842 λυσσώδη

2105 4860 2300 4930 μανίαν
2335 4860 2542 4914 ἑαυτῶν
2575 4860 2895 4932 τρέψαντες,
2939 4862 3187 4932 πανταχῆ
3234 4861 3375 4913 κατὰ
3422 4861 3484 4913 τὸ
3527 4861 3684 4924 ἔθνος

2102 4951 2184 5019 διη
2197 4950 2460 5022 ρευνῶντο
2505 4952 2711 5015 πάντας
2738 4953 2937 5022 ὁμοίως
2970 4953 3168 5024 ἄνδρας
3202 4971 3262 5007 τε
3292 4955 3387 5007 καὶ
3413 4956 3685 5022 γυναῖκας

2104 5042 2198 5095 καὶ
2245 5042 2462 5105 παῖδας,
2492 5043 2637 5104 ὅσοις
2683 5042 2744 5094 τὸ
2775 5042 2945 5112 ὄνομα
2987 5043 3081 5097 τοῦ
3130 5042 3367 5114 Χριστοῦ
3405 5044 3467 5097 τὸ
3513 5044 3684 5096 σεϐά-

2106 5148 2262 5200 σμιον
2296 5126 2363 5201 ἦν
2387 5146 2399 5159 ’
2449 5131 2542 5184 καὶ
2579 5126 2759 5184 εἷλκον
2789 5132 2883 5185 ἐπὶ
2909 5132 3005 5203 τὴν
3032 5133 3207 5197 πόλιν,
3241 5134 3333 5186 καὶ
3368 5133 3440 5186 τὰ
3468 5133 3686 5203 δεσμω-

2100 5223 2265 5290 τήρια
2283 5223 2524 5293 κατεπλή
2534 5241 2674 5295 ρουν,
2695 5224 2810 5277 ἀντ’
2831 5225 2996 5293 ἄλλης
3023 5225 3167 5288 τινος
3194 5225 3406 5288 ἀδικίας
3428 5223 3683 5294 ἔγκλημα

2103 5313 2410 5384 ποιούμενοι
2437 5318 2554 5369 κατ’
2580 5315 2759 5369 αὐτῶν
2785 5315 2882 5387 τὴν
2909 5316 3210 5380 εὐσέϐειαν,
3237 5316 3313 5379 ὡς
3341 5314 3533 5386 μηδενὶ
3557 5316 3681 5368 τότε

2100 5402 2208 5456 τῶν
2239 5405 2429 5459 κοινῶν
2465 5406 2948 5478 προσασχολεῖσθαι
2975 5408 3042 5460 τὰ
3073 5408 3416 5476 δικαστήρια,
3450 5406 3485 5477 ἢ
3519 5406 3685 5459 τοῦτο

2105 5496 2263 5565 μόνον
2290 5496 2376 5550 διὰ
2418 5498 2653 5565 σπουδῆς
2685 5500 2798 5559 τοῖς
2831 5496 3122 5567 κρατοῦσιν
3161 5492 3320 5561 εἶναι,
3360 5496 3424 5549 τὸ
3470 5498 3684 5557 πάντας

2102 5588 2393 5656 αἰκισμοὺς
2445 5589 2537 5642 καὶ
2589 5588 2848 5652 παντοίας
2898 5588 3259 5659 στρεϐλώσεις
3307 5588 3375 5641 δι’
3431 5587 3679 5649 ἐπινοίας

2102 5679 2326 5749 ἐπάγειν
2358 5681 2496 5736 κατὰ
2523 5680 2628 5737 τῶν
2660 5681 3029 5751 ἀντεχομένων
3059 5682 3158 5753 τῆς
3202 5681 3454 5743 πίστεως.
