4002 6206
348 326 456 386 949

1310 342 1399 401 DE
1434 345 1597 403 VlTA
1633 349 1689 405 S.
1733 351 2063 410 GREGORII
2087 355 2618 417 THAUMATURGI.

3506 368 3611 425 950

428 449 596 558 :EVOG
618 451 805 558 6h‘xai.
843 456 1039 527 μᾶλλον
1084 463 1217 516 πᾶσι
1262 438 1566 537 ἶιατάδηλον
1601 469 1831 538 γίνεται,
1872 472 1912 527 τὶ

2105 476 2261 533 Tunc
2295 494 2428 536 vero
2455 482 2617 537 etiam
2648 484 2824 555 magis
2858 486 3036 556 palam
3065 486 3321 543 omnibus
3354 486 3433 554 ﬁt,
3458 490 3605 558 quod

354 541 519 612 μηδὲν
548 543 701 597 ἀθεεὶ
733 545 825 599 τὸν
865 550 1040 618 μέγαν
1064 553 1267 607 ἐκεῖνον
1293 554 1662 625 βουλεύεσθαι.
1685 562 1927 629 Φυλάξας

350 631 462 703 γὰρ
491 633 687 688 ἑαυτὸν
712 635 800 690 διὰ
844 641 945 709 τῆς
977 642 1152 713 φυγῆς
1184 643 1261 715 τῷ
1293 645 1439 719 λαῷ,
1466 650 1617 721 κοινὴ
1645 655 1928 723 συμμαχία

350 725 464 815 τοῖς
513 724 655 796 ὑπὲρ
686 726 785 796 τῆς
838 729 1070 796 πίστεως
1117 734 1535 808 ἀγωνιζομένοις
1594 741 1796 796 ἅπασιν
1834 740 1925 815 ἦν.

353 814 619 909 lia-(lance
652 817 759 889 γὰρ
796 822 923 909 περὶ
949 822 1043 875 τοῦ
1068 826 1344 892 Μωῦσὲως
1369 830 1660 902 ἀκούομεν,
1693 834 1775 888 ὅτι
1796 814 1928 909 πόρ-

353 903 526 972 ρωθεν
553 907 875 978 ἀφεστηκὼς
893 911 992 981 τῆς
1019 914 1127 968 τῶν
1151 916 1526 989 Ἀμαληκιτῶν
1548 903 1921 994 παρατάξεως,

346 994 438 1047 διὰ
463 998 768 1067 προσευχῆς
792 998 1018 1056 ἐνετίθει
1043 1008 1157 1069 τοῖς
1182 1009 1473 1078 ὁμοφύλοις
1505 1014 1646 1068 κατά
1674 1016 1782 1070 τῶν
1823 1019 1925 1071 ὑπ-

345 1086 609 1139 εναντίων
625 1086 724 1158 τὴν
746 1089 969 1161 δύναμιν
992 1111 1007 1125 ⁸
1031 1096 1169 1150 κατά
1199 1098 1291 1152 τὸν
1320 1102 1479 1156 αὐτὸν
1505 1106 1702 1174 τρόπον
1740 1108 1924 1161 κάκεῖ-

344 1191 454 1267 νος,
476 1173 587 1267 οἷον
617 1179 829 1250 ἐφορῶν
845 1182 923 1251 τῷ
949 1184 1211 1259 ὀφθαλμῷ
1224 1190 1326 1259 τῆς
1349 1190 1528 1263 ψυχῆς
1543 1173 1612 1247 τὰ
1642 1197 1918 1267 γινόμενα,

342 1266 445 1333 τὴν
478 1266 628 1320 θείαν
656 1271 972 1326 ἐπεκαλεῖτο
994 1279 1309 1348 συμμαχίαν
1338 1282 1478 1353 ὑπὲρ
1499 1284 1605 1338 τῶν
1637 1266 1922 1341 ὲναθλούν-

340 1371 454 1407 των
493 1358 558 1425 τῇ
587 1358 848 1430 ὁμολογίᾳ
892 1364 991 1432 τῆς
1033 1367 1285 1431 πίστεως.
1326 1372 1437 1424 Καί
1484 1390 1613 1426 ποτε
1650 1377 1785 1445 μετά
1811 1378 1919 1432 τῶν

343 1455 612 1502 συνόντων
647 1452 786 1504 κατά
822 1451 881 1505 τὸ
925 1455 1153 1525 σύνηθὲς
1182 1458 1260 1529 τῷ
1295 1459 1415 1531 Θεῷ
1461 1467 1916 1536 προσευχόμενος,

341 1536 550 1629 ἀθρόως
580 1540 789 1607 ἀγῶνός
808 1559 865 1595 τε
890 1546 984 1598 καὶ
1011 1545 1237 1618 θορύϐου
1262 1554 1683 1625 καταπλησθεὶς,
1703 1558 1917 1629 ἔνδηλος

339 1623 408 1698 ἦν
434 1632 493 1682 ὲν
525 1635 636 1695 τοῖς
666 1635 929 1705 παροῦσιν
953 1633 1064 1693 οἷον
1098 1641 1452 1714 ξενιζόμενος,
1485 1650 1577 1702 καὶ
1607 1651 1917 1720 ἐναγωνιῶν

335 1719 419 1790 τῷ
472 1720 724 1792 θεάματι,
768 1727 862 1780 καὶ
882 1728 981 1799 τὴν
1016 1733 1182 1804 ἀκοὴν
1236 1737 1466 1806 ἐπέχων,
1503 1719 1753 1813 καθάπερ
1781 1744 1913 1815 ἤχου

2035 565 2169 622 nihil
2227 569 2350 626 sine
2411 573 2634 629 numine
2684 575 2873 631 divino
2938 577 3153 639 consilii
3213 593 3445 650 magnus
3519 580 3610 636 ille

2035 659 2119 713 vir
2142 658 2323 715 iniret.
2353 662 2490 716 Nam
2520 677 2644 718 eum
2684 680 2781 734 per
2806 665 2990 738 fugam
3021 682 3081 723 se
3131 670 3334 738 populo
3381 684 3609 726 conser-

2033 762 2236 818 vasset,
2270 768 2562 811 commune
2588 757 2846 813 omnibus
2883 774 2983 831 pro
3045 759 3151 814 ﬁde
3192 761 3608 817 dccertantibus

2033 844 2295 898 auxilium
2358 852 2522 916 atque
2568 848 2879 915 praesidium
2934 860 3070 904 erat.
3137 848 3605 916 Quemadmodum

2031 934 2176 987 enim
2203 933 2271 989 de
2295 934 2480 1007 Moyse
2508 938 2784 1005 audimus,
2825 941 2971 1009 quod
3006 956 3131 996 cum
3157 944 3349 1012 procul
3391 944 3609 1001 abesset

2030 1024 2099 1078 ab
2130 1026 2246 1081 acie
2276 1026 2728 1095 Amalecitarum,
2768 1046 2864 1100 per
2893 1035 3195 1090 orationem
3245 1036 3607 1105 popularibus

2030 1112 2177 1169 vires
2203 1114 2466 1171 adversus
2492 1116 2678 1173 hostes
2721 1118 2993 1187 injiceret,
3022 1120 3215 1176 eodem
3243 1122 3407 1177 modo
3436 1124 3604 1177 etiam

2029 1204 2121 1260 ille
2154 1208 2313 1276 quasi
2344 1209 2516 1263 animi
2551 1210 2725 1264 oculis
2751 1211 3057 1267 intueretur
3086 1228 3151 1266 ea
3206 1228 3327 1282 quae
3381 1215 3604 1279 fiebant,

2027 1296 2271 1352 divinum
2306 1300 2565 1354 auxilium
2599 1316 2697 1370 pro
2758 1302 2845 1366 iis,
2880 1305 2973 1373 qui
3025 1304 3248 1360 nomine
3307 1304 3433 1360 fidei
3472 1320 3605 1360 con-

2027 1386 2286 1445 fessionis
2313 1388 2683 1455 decertarent,
2703 1393 3017 1458 invocabat,
3054 1396 3603 1467 cumquealiquando

2026 1494 2132 1532 una
2170 1494 2293 1533 cum
2340 1479 2729 1548 familiaribus,
2786 1492 2846 1537 ut
2876 1486 3104 1551 solebat,
3141 1486 3311 1547 Deum
3351 1503 3603 1556 precare-

2026 1575 2135 1631 tur,
2169 1577 2392 1638 repente
2416 1585 2618 1640 angore
2648 1587 2712 1626 ac
2754 1574 3120 1642 trepidatione
3158 1574 3398 1644 repletus
3424 1576 3489 1629 iis
3507 1574 3599 1643 qui

2024 1661 2253 1716 aderant
2299 1662 2459 1732 quasi
2513 1678 2627 1718 rem
2682 1679 2877 1718 novam
2931 1665 3192 1719 admirari
3251 1673 3413 1720 eteo
3454 1666 3600 1735 quod

2024 1759 2295 1820 spectaret
2355 1754 2504 1824 angi,
2555 1761 2610 1809 et
2664 1756 2831 1809 veluti
2882 1770 3019 1810 sono
3064 1754 3301 1826 quodam
3360 1754 3428 1809 ad
3476 1771 3600 1811 eum

336 1812 481 1916 τινὸς
534 1816 668 1884 πρὸς
720 1817 883 1873 αὐτὸν
932 1821 1313 1891 διαϐαίνοντος.
1366 1830 1478 1883 Καὶ
1529 1812 1912 1905 διαγενομένου

2015 1845 2342 1912 pertinente,
2373 1859 2537 1900 aures
2569 1845 2861 1901 admovere
2890 1853 3079 1917 aperte
3104 1846 3412 1910 videbatur,
3440 1855 3603 1916 atque

332 1900 700 1993 διαστήματος
736 1908 835 1959 οὐκ
890 1908 1070 1979 ὀλίγου
1094 1954 1109 1978 ,
1147 1915 1335 1982 μείνας
1382 1918 1558 1972 πάντα
1607 1900 1697 1973 τὸν
1728 1900 1786 1975 ἐν
1838 1922 1918 1993 τῷ

338 1991 492 2062 μέσῳ
525 1995 732 2063 χρόνον,
763 1997 990 2070 ἀκλινὴς
1023 2004 1116 2056 καὶ
1142 2004 1416 2075 ἀκίνητος,
1452 2004 1552 2062 εἷθ’
1603 2010 1792 2083 ὥσπερ
1821 1991 1914 2067 τού

333 2085 697 2154 προκειμένου
729 2087 1000 2160 θεάματος
1021 2094 1101 2156 είς
1129 2096 1333 2163 ἀγαθὸν
1371 2098 1790 2171 καταλήξαντος,
1814 2106 1917 2159 πά-

331 2173 418 2226 λιν
464 2174 732 2247 ἐπανῆλθε
776 2196 834 2231 τε
871 2182 1007 2250 πρὸς
1034 2183 1096 2236 τὸ
1145 2185 1394 2257 σύνηθες,
1429 2190 1523 2242 καὶ
1557 2191 1914 2264 ἀνευφήμησε

325 2264 425 2316 τὸν
456 2264 589 2318 Θεὸν
613 2268 671 2319 ὲν
705 2267 1062 2343 λαμπροτάτῃ
1091 2278 1239 2346 φωνῇ
1264 2317 1279 2341 ,
1308 2278 1399 2330 τὸν
1428 2279 1692 2333 ἐπινίκιόν
1726 2298 1785 2334 τε
1824 2283 1916 2336 καὶ

328 2353 753 2427 εὐχαριστήριον
814 2358 984 2431 ὕμνον
1033 2364 1501 2437 ἐπιφθεγξάμενος
1520 2411 1535 2432 ,
1562 2371 1621 2424 δν
1676 2372 1915 2444 πολλαχῆ

324 2444 432 2512 τῆς
489 2444 804 2518 ψαλμῳδίας
857 2453 952 2506 τοῦ
998 2455 1164 2509 Δαϐὶδ
1211 2458 1479 2530 ἀκούομεν
1528 2461 1809 2530 λέγοντος,
1855 2466 1915 2518 τὸ

329 2534 677 2605 Εὐλογητὸς
700 2545 734 2595 ό
761 2544 924 2609 Θεὸς,
959 2545 1025 2611 ὃς
1050 2550 1166 2602 οὐκ
1186 2550 1411 2605 ἔδωκεν
1432 2552 1587 2621 ἡμᾶς
1611 2555 1698 2621 εἰς
1727 2557 1916 2624 θήραν

326 2627 457 2693 τοῖς
495 2629 744 2687 ὀδοῦσιν
772 2635 991 2692 αὐτῶν.
1023 2640 1143 2694 Τῶν
1179 2642 1235 2695 δὲ
1268 2645 1396 2715 περὶ
1424 2645 1585 2699 αὑτὸν
1613 2646 1913 2719 θαυμαστιο

327 2720 447 2782 κῶς
498 2722 870 2792 διατεθέντων,
906 2730 998 2783 καὶ
1052 2732 1242 2802 μαθεῖν
1296 2735 1661 2801 ἀξιούντων,ὃ
1692 2739 1912 2795 τί·ποτε

324 2810 418 2880 εἴη
448 2812 507 2864 τὸ
533 2814 590 2867 ἐν
623 2815 919 2889 ὀφθαλμοῖς
965 2821 1127 2875 αὐτοῦ
1171 2826 1458 2896 γενόμενον
1490 2828 1667 2900 θέαμα
1690 2874 1702 2896 ,
1738 2834 1912 2886 εἰπεῖν

324 2902 572 2997 λέγεται,
606 2907 751 2975 μέγα
781 2911 980 2981 πτῶμα
1009 2914 1151 2967 κατὰ
1184 2916 1282 2987 τὴν
1314 2918 1462 2989 ὤραν
1487 2922 1702 2994 ἐκείνην
1732 2926 1909 2997 ἑωρα-

326 2995 504 3058 κέναι,
547 3000 1079 3067 καταπαλαισθέντος
1136 3006 1230 3059 τοῦ
1268 3009 1514 3064 διαϐόλου
1571 3015 1675 3068 ὑπὸ
1700 3018 1910 3071 νεανίου

322 3088 474 3150 τινὸς
501 3090 558 3141 ἐν
586 3093 698 3154 τοῖς
723 3093 866 3164 ὑπὲρ
898 3095 1180 3161 εὐσεϐείας
1203 3100 1399 3167 ἀγῶσι.
1429 3103 1549 3156 Τῶν
1569 3105 1625 3158 δὲ
1655 3109 1909 3176 ἀγνοούν-

324 3194 436 3230 των
465 3179 543 3232 ἔτι
579 3182 640 3235 τι
676 3186 965 3256 εἰρημένον
985 3231 999 3251 ,
1026 3190 1357 3263 σαφέστερον
1389 3194 1569 3260 αὐτοῖς
1604 3166 1904 3267 διηγεῖται,
1934 3166 1978 3223 c

320 3270 410 3322 ὅτι
442 3276 730 3346 συμμαχίᾳ
757 3278 1024 3348 κρείττονι
1059 3282 1200 3335 κατά
1226 3284 1325 3355 τὴν
1356 3286 1506 3356 ὥραν
1550 3290 1765 3361 ἐκείνην
1793 3310 1909 3348 νεα-

322 3361 447 3423 νίας
484 3379 568 3425 τις
600 3364 708 3418 τῶν
755 3366 1129 3439 εὐπατριδῶν,
1164 3375 1276 3435 τοῖς
1318 3374 1502 3445 ἱδρῶσι
1530 3377 1631 3448 τῆς
1671 3379 1907 3444 πίστεως

323 3453 713 3521 ἐνηγωνίσατο,
736 3459 1064 3529 προσαχθεὶς
1084 3463 1187 3516 ὑπὸ
1206 3464 1313 3517 τῶν
1339 3466 1548 3536 δημίων
1568 3468 1643 3539 τῷ
1664 3470 1902 3542 ἄρχοντι.

328 3543 646 3619 Προσέθηκε
672 3546 729 3601 δὲ
757 3550 851 3602 καὶ
879 3550 938 3603 τὸ
965 3551 1135 3622 ὄνομα
1153 3593 1166 3618 ,
1196 3554 1469 3626 Τρωάδιον
1506 3560 1666 3614 αὐτὸν
1709 3561 1906 3632 ὀνομά-

326 3652 464 3698 σας·
494 3638 589 3690 καὶ
637 3638 718 3691 ὅτι
767 3642 904 3710 μετά
950 3643 1152 3709 πολλὰς
1184 3646 1469 3717 βασάνους,
1505 3645 1593 3715 αἷς
1644 3656 1908 3721 γενναίως

329 3732 730 3805 ἐνεκαρτέρησε
756 3778 770 3799 ,
804 3737 896 3791 τὸν
954 3738 1041 3794 διὰ
1092 3741 1193 3811 τῆς
1255 3747 1559 3817 μαρτυρίας
1613 3749 1906 3821 ἀνεδήσατο

326 3821 612 3889 στέφανον.
645 3827 968 3897 Ἐκπλαγεὶς
992 3831 1050 3883 δὲ
1088 3834 1224 3904 πρὸς
1247 3836 1346 3907 τὴν
1380 3837 1549 3908 ἀκοὴν
1582 3841 1611 3891 ὁ
1639 3840 1902 3907 διάκονος,

325 3915 422 3965 καὶ
453 3913 576 3968 οὔτε
605 3918 852 3973 ἀπιστεῖν
884 3937 990 3975 τινι
1034 3924 1143 3977 τῶν
1188 3925 1492 3997 λεγομένων
1538 3930 1752 4001 τολμῶν
1771 3951 1787 3965 ο
1813 3936 1906 3987 καὶ

324 4004 444 4074 ἅμα
474 4011 717 4078 κρεῖττον
739 4013 838 4083 τῆς
868 4014 1216 4086 ἀνθρωπίνης
1246 4019 1460 4088 φύσεως
1489 4018 1629 4076 εἶναι
1659 4025 1903 4095 νομίσας,

324 4098 386 4149 τὸ
427 4099 710 4169 πόρρωθεν
730 4103 857 4157 ὄντα
879 4106 978 4176 τῆς
1005 4108 1229 4173 πόλεως,
1261 4110 1486 4180 μηδενὸς
1522 4114 1807 4186 ἀνθρώπου
1839 4119 1907 4171 τὰ

325 4188 446 4239 κατ’
463 4189 625 4243 αὑτὸν
651 4191 1162 4261 διαγγείλαντος,ὼς
1185 4200 1463 4267 ἐφεστῶτα
1486 4206 1597 4268 τοῖς
1620 4207 1905 4277 πράγμασι

326 4277 506 4368 λέγειν
528 4282 665 4352 πρὸς
696 4286 823 4347 τοὺς
859 4288 1118 4352 συνόντας
1147 4292 1409 4362 περὶτῶν
1435 4295 1552 4349 ἐκεῖ
1575 4298 1901 4368 γενομένων,

326 4366 749 4458 ίκέτηςᾼγίνεται
780 4374 874 4427 τοῦ
913 4375 1231 4434 διδασκάλου
1267 4381 1563 4455 ὀφθαλμοῖς
1600 4366 1905 4458 ἐπιτραπῆ-

2019 1933 2164 1987 haud
2197 1933 2398 2004 exiguo
2424 1936 2702 2004 praeterito
2739 1937 2919 2005 spatio
2946 1951 3070 1992 cum
3100 1944 3217 1991 toto
3264 1936 3370 1991 hoc
3427 1936 3600 1991 inter.

2020 2026 2251 2081 cedente
2281 2033 2530 2096 tempore
2562 2035 2779 2083 erectus
2811 2037 2864 2082 et
2884 2028 3147 2083 immotus
3174 2027 3597 2097 permansisset,

2018 2114 2214 2169 deinde
2239 2115 2396 2184 quasi
2438 2119 2776 2186 propositum
2809 2117 3185 2187 spectaculum
3216 2116 3421 2172 bonum
3444 2132 3603 2172 even-

2016 2214 2131 2258 tum
2172 2205 2473 2270 habuisset,
2524 2216 2578 2263 et
2607 2208 2676 2262 ad
2709 2216 2913 2264 statum
2964 2209 3263 2280 pristinum
3320 2208 3505 2275 rediit,
3545 2221 3600 2265 et

2015 2296 2154 2350 elata
2181 2310 2316 2352 voce
2336 2298 2777 2365 Deumlandarit,
2811 2300 3076 2370 adjiciens
3120 2315 3245 2355 eum
3264 2312 3595 2362 sermonem,

2015 2402 2126 2456 quo
2156 2388 2445 2442 victoriam
2486 2388 2669 2459 adepti
2703 2391 2779 2445 uti
2804 2406 2869 2446 ac
2901 2392 3011 2446 Deo
3042 2390 3249 2461 gratias
3276 2404 3437 2458 agere
3452 2389 3596 2444 sole-

2014 2492 2161 2541 mus,
2185 2493 2347 2546 quem
2376 2478 2433 2533 in
2456 2481 2645 2536 multis
2676 2481 2950 2537 locislibri
2972 2479 3316 2535 Psalmorum
3334 2476 3594 2533 Davidem

2015 2569 2269 2625 audimus
2301 2572 2789 2640 pronuntiantem:
2824 2571 3140 2628 Benedictus
3176 2570 3339 2634 Deus,
3373 2571 3460 2639 qui
3488 2584 3594 2623 non

2013 2659 2156 2714 dedit
2186 2677 2280 2716 nos
2312 2663 2367 2716 in
2387 2663 2621 2730 pristiam
2648 2663 2892 2718 dentibus
2922 2680 3103 2718 eorum
3128 2664 3174 2718 ⁹.
3202 2660 3589 2716 Familiaribus

2015 2764 2195 2807 autem
2221 2755 2343 2824 ejus
2369 2754 2770 2811 admirantibus
2791 2764 2843 2810 et
2866 2757 3011 2811 scire
3039 2752 3374 2815 volentibus,
3413 2750 3589 2820 quod-

2013 2859 2139 2898 nam
2182 2845 2235 2899 id
2280 2847 2498 2901 tandem
2544 2848 2918 2916 spectaculum
2979 2846 3201 2910 fuisset,
3245 2842 3393 2913 quod
3460 2848 3591 2897 ante

2011 2932 2203 2989 oculos
2235 2933 2357 3002 ejus
2388 2934 2795 2998 obversaretur,
2825 2933 3032 2990 dixisse
3086 2933 3281 2999 fertur,
3338 2946 3588 3003 magnam

2011 3037 2073 3077 se
2105 3023 2161 3077 in
2186 3023 2280 3077 illa
2329 3023 2463 3077 hora
2492 3023 2700 3080 vidisse
2749 3024 2990 3090 ruinam,
3029 3023 3254 3079 diabolo
3290 3023 3362 3078 ab
3405 3023 3591 3078 adole-

2011 3123 2199 3170 scente
2226 3116 2465 3185 quodam
2498 3115 2553 3169 in
2604 3116 3002 3172 certaminibus
3036 3130 3135 3184 pro
3176 3114 3374 3184 pietate
3401 3128 3590 3168 susce-

2012 3204 2119 3273 ptis
2142 3203 2379 3260 devicto.
2411 3205 2592 3274 Atque
2621 3205 2730 3259 illis
2762 3205 2941 3260 adhuc
2988 3220 3098 3260 non
3152 3204 3582 3274 intelligentibus

2012 3292 2065 3348 id
2094 3292 2240 3363 quod
2265 3292 2518 3357 dixisset,
2549 3294 2796 3363 apertius
2820 3295 2901 3349 eis
2923 3296 3170 3363 exponit,
3196 3292 3343 3363 quod
3383 3293 3588 3348 auxilio

2009 3383 2194 3438 divino
2223 3383 2278 3437 in
2312 3383 2885 3441 illaboraadolescens
2910 3383 3136 3454 quidam
3163 3384 3364 3440 nobilis
3388 3384 3450 3461 in
3469 3385 3585 3453 pri-

2008 3478 2114 3531 mis
2142 3476 2211 3531 ab
2242 3476 2528 3531 lictoribus
2559 3474 2628 3530 ad
2670 3476 2957 3546 praesidem
3008 3475 3298 3540 adductus,
3352 3476 3410 3531 in
3467 3490 3586 3532 cer-

2007 3567 2212 3623 tamine
2241 3582 2341 3638 pro
2369 3567 2476 3623 lidc
2506 3575 2762 3637 suscepto
2790 3567 3134 3623 desudasset.
3164 3566 3378 3636 Adjecit
3405 3577 3582 3622 autem

2006 3660 2172 3713 etiam
2209 3674 2427 3724 nomen,
2464 3658 2760 3715 Troadium
2806 3675 2929 3714 eum
2975 3658 3311 3722 nominans,
3348 3667 3402 3715 et
3441 3659 3583 3729 quod

2007 3760 2130 3821 post
2183 3753 2353 3807 multa
2396 3760 2703 3818 tormenta,
2765 3768 2888 3822 quae
2937 3751 3153 3807 fortiter
3205 3752 3583 3820 toleravisset,

2010 3842 2261 3912 martyrii
2315 3858 2523 3897 corona
2585 3843 2877 3899 redimitus
2937 3851 3103 3900 esset.
3161 3840 3584 3913 Obstupefactus

2007 3942 2191 3988 autem
2223 3940 2279 3988 et
2298 3935 2567 3989 attonitus
2598 3935 2685 3990 his
2715 3935 2920 3991 auditis
2938 3934 3228 3999 diaconus,
3257 3949 3380 3991 cum
3407 3950 3584 4005 neque

2007 4022 2169 4077 ﬁdem
2203 4021 2469 4094 derogare
2498 4023 2588 4085 iis.
2610 4038 2733 4094 quae
2773 4022 3113 4089 dicerentur,
3156 4025 3403 4089 auderet,
3443 4023 3583 4078 etsi-

2006 4114 2119 4168 mul
2149 4115 2506 4171 excellentius
2535 4131 2698 4185 quam
2716 4115 2958 4170 humana
2988 4122 3182 4170 natura
3205 4124 3441 4185 caperet,
3462 4126 3586 4169 esse

2000 4204 2297 4273 judicaret,
2338 4205 2431 4275 qui
2468 4205 2660 4275 procul
2700 4205 2919 4259 abesset
2957 4204 3025 4258 ab
3068 4205 3224 4267 urbe,
3259 4219 3382 4279 cum
3424 4217 3585 4256 neruo

2006 4294 2288 4350 hominum
2325 4310 2450 4350 eum
2477 4294 2547 4350 de
2603 4295 2722 4350 suis
2776 4295 2946 4351 rebus
2992 4295 3282 4350 certiorem
3338 4293 3579 4351 fecisset.

2007 4385 2152 4441 hunc
2180 4384 2405 4456 perinde
2432 4402 2497 4442 ac
2526 4387 2573 4442 si
2608 4385 2976 4451 interfuisset,
3008 4386 3077 4441 ad
3102 4385 3402 4441 familiares
3428 4383 3579 4455 loqui

324 4469 421 4505 ναι
442 4456 543 4556 καῖ.
570 4457 774 4555 γνῶναι
805 4462 873 4515 τὰ
926 4467 1287 4556 πεπραγμένα
1313 4486 1326 4498 ο
1354 4473 1447 4524 καὶ
1476 4472 1549 4544 μὴ
1594 4456 1901 4546 κωλυθῆναι

2014 4477 2073 4533 de
2105 4477 2395 4532 rebusillis
2424 4478 2614 4549 gestis,
2634 4486 2756 4533 urat
2782 4478 3126 4549 magistrum,
3161 4478 3582 4548 utpermittere-

323 4544 454 4608 παρ’
479 4543 646 4597 αὑτοῦ
679 4548 931 4613 γενέσθαι
960 4553 1120 4625 μέχρι
1148 4544 1269 4609 τῶεῖ
1295 4558 1477 4613 τόπων
1510 4543 1709 4629 αὐτῶν,
1740 4543 1903 4629 ὲνόἶς

2014 4575 2094 4622 tur
2122 4569 2225 4625 sibi
2256 4571 2432 4626 oculis
2461 4570 2753 4641 inspicere,
2784 4585 2906 4641 quae
2936 4581 3054 4626 acta
3077 4579 3285 4635 essent,
3316 4587 3422 4626 neu
3458 4584 3581 4640 pro-

319 4631 384 4685 τὸ
414 4631 602 4705 θαῦμα
626 4637 861 4705 ἐγένετο.
904 4642 1010 4696 Τοῦ
1043 4644 1100 4698 δὲ
1134 4647 1358 4718 φοϐερὸν
1389 4647 1525 4705 εἶναι
1554 4652 1821 4721 λέγοντος,
1842 4657 1904 4710 τὸ

318 4726 380 4778 ὲν
412 4726 564 4797 μέσῳ
613 4729 720 4783 τῶν
765 4733 1037 4801 φονευτῶν
1090 4737 1359 4805 γενέσθαι,
1411 4741 1503 4795 καὶ
1558 4743 1815 4809 πολλάκις
1847 4746 1906 4812 ἐξ

319 4818 590 4887 ἐπηρείας
617 4821 710 4875 τοῦ
741 4825 1114 4897 ἀντικειμένου
1138 4846 1189 4881 τι
1216 4830 1322 4884 τῶν
1350 4832 1661 4907 ἀϐουλήτων
1691 4839 1901 4905 παθεῖν,

318 4911 637 4983 ἑπιθαρσεῖν
696 4915 878 4985 ἔλεγεν
929 4920 958 4972 ὁ
1001 4918 1247 4984 διάκονος
1275 4925 1342 4994 τῇ
1382 4924 1490 4979 τῶν
1531 4927 1707 4999 εὐχῶν
1740 4930 1902 4984 αὑτοῦ

319 5003 634 5073 συμμαχίᾳ,
666 5005 1036 5077 φθεγξάμενος
1061 5009 1261 5081 ταύτην
1298 5014 1434 5084 πρὸς
1462 5018 1624 5070 αὑτὸν
1661 5020 1759 5090 τὴν
1793 5038 1903 5088 φω-

315 5094 450 5163 νήν·
494 5096 579 5148 Σύ
601 5113 679 5165 με
722 5099 990 5168 παράθου
1037 5102 1115 5167 τῷ
1145 5105 1287 5173 Θεῷ,
1321 5109 1418 5163 καί
1446 5108 1645 5177 οὐδείς
1674 5129 1773 5180 μοι
1804 5114 1905 5180 φό-

315 5186 422 5251 ϐος
442 5187 542 5240 καὶ
572 5186 690 5242 τῶν
715 5193 1018 5261 πολεμίων
1037 5196 1385 5266 καθάψεται.
1412 5199 1517 5253 Τοῦ
1561 5200 1618 5253 δὲ
1653 5196 1901 5275 καθάπερ

319 5276 664 5364 συνέμπορον
694 5281 841 5353 αὐτῷ
864 5284 961 5355 τὴν
985 5286 1076 5340 τοῦ
1111 5288 1244 5349 Θεοῦ
1281 5288 1532 5360 βοήθειαν
1561 5292 1649 5347 διὰ
1682 5294 1780 5364 τῆς
1811 5297 1901 5349 εύ-

316 5363 423 5433 κῆς
451 5371 949 5441 συνεκπέμψαντος,
982 5376 1255 5442 πεποιθὼς
1303 5381 1400 5451 τὴν
1435 5381 1551 5435 ὁδὸν
1578 5363 1895 5457 διῄει,ίπρὸς

312 5456 508 5512 οωένα
537 5459 645 5514 τῶν
691 5464 1055 5521 ἀπαντώντων
1088 5470 1565 5543 ἐπιστρεφόμενος.
1616 5475 1895 5549 Ἐσπέριος

312 5544 373 5600 δὲ
408 5546 508 5618 τῆς
532 5547 738 5618 πόλεως
784 5555 933 5619 ἐντὸς
965 5557 1222 5628 γεγονὼς,
1252 5563 1345 5617 καὶ
1391 5562 1641 5634 κοπώδης
1670 5567 1748 5623 ,ὲκ
1781 5544 1896 5638 *τῆς

390 5722 410 5751 ⁵
451 5719 597 5783 Psal.
630 5741 818 5795 cxxttt,
854 5728 907 5784 6.

2004 4661 2285 4718 hiberetur
2302 4663 2372 4718 ab
2400 4676 2467 4718 eo
2492 4664 2777 4733 pervenire
2810 4680 2983 4735 usque
3012 4665 3081 4719 ad
3118 4680 3183 4720 ea
3213 4664 3353 4726 loca,
3387 4663 3441 4716 in
3459 4665 3580 4733 qui-

2001 4753 2104 4811 bus
2135 4754 2462 4810 miraculum
2497 4756 2704 4811 editum
2753 4765 2875 4812 erat
2910 4776 2923 4812 :
2973 4767 3026 4812 at
3077 4756 3172 4811 illo
3210 4756 3578 4825 periculosum

2002 4860 2125 4901 esse
2143 4847 2361 4902 dicente
2395 4846 2602 4903 versari
2657 4846 2714 4901 in
2762 4848 2940 4901 medio
2971 4849 3211 4901 virorum
3240 4845 3407 4900 caedis
3460 4845 3577 4898 avi-

2005 4933 2224 4998 dorum,
2255 4950 2319 4990 ac
2350 4950 2495 5005 saepe
2524 4951 2593 4991 ex
2626 4936 2850 4990 incursu
2874 4935 3259 5005 atqueintpetu
3278 4934 3574 4990 adversarii

2002 5040 2163 5095 posse
2228 5025 2479 5081 accidere
2531 5024 2738 5096 aliquid
2799 5037 3019 5096 repente
3078 5034 3272 5096 praeter
3327 5026 3575 5080 volunta-

2002 5119 2130 5175 tem,
2164 5111 2231 5167 de
2261 5128 2370 5182 quo
2403 5114 2701 5182 cegitatum
2741 5129 2849 5169 non
2875 5122 3056 5171 esset:
3086 5114 3352 5169 diaconus
3380 5130 3439 5169 se
3454 5129 3576 5184 pre-

2002 5219 2125 5257 cum
2161 5203 2282 5273 ejus
2344 5205 2554 5260 auxilio
2613 5204 2891 5262 conlidere
2944 5206 3102 5268 dixit.
3143 5205 3227 5263 his
3267 5206 3451 5262 verbis
3506 5205 3571 5259 ad

2001 5308 2125 5347 cum
2159 5302 2318 5349 utens
2353 5313 2365 5348 ε
2403 5294 2479 5350 Tu
2525 5314 2603 5351 me
2647 5297 2953 5352 commenda
3004 5297 3133 5362 Deo,
3168 5306 3218 5352 et
3272 5298 3447 5352 nullus
3507 5297 3571 5350 ab

2004 5382 2238 5437 hostibus
2262 5391 2431 5438 terror
2458 5402 2538 5439 me
2559 5386 2787 5440 invadet.
2840 5386 3088 5457 Cumque
3120 5386 3209 5441 ille
3258 5385 3571 5455 praesidium

2003 5473 2244 5529 divinum
2274 5491 2372 5547 pro
2404 5478 2599 5532 comite
2623 5494 2717 5548 per
2745 5493 2931 5548 preces
2964 5494 3071 5533 ttna
3102 5492 3223 5532 cum
3264 5491 3328 5531 eo
3364 5477 3574 5532 emisis-

2003 5573 2117 5630 set,
2155 5565 2364 5624 ﬁducia:
2399 5568 2593 5638 plenus
2627 5569 2729 5624 iter
2761 5568 2990 5626 faciebat
3030 5568 3097 5625 ad
3151 5568 3423 5625 neminem
3478 5567 3568 5623 obo
