4002 6206
440 359 545 420 95!

1724 354 1781 410 S.
1824 345 2152 409 GREGORII
2184 345 2482 405 NYSSENI

3600 342 3696 400 952

443 481 591 536 viam
630 480 941 536 venientem
976 495 1098 537 sese
1127 488 1476 538 convertens.
1528 477 1666 534 Cum
1710 481 1894 531 autem
1930 487 2024 528 vc-

2137 467 2432 541 Βδοιπορίας
2463 467 2749 538 γενόμενος
2768 460 2804 531 τ
2822 464 3031 538 λουτρῷ
3057 462 3393 537 θεραπεῦσαι
3421 461 3516 516 τὸν
3535 462 3696 515 κόπον

446 572 593 641 speri
623 572 679 626 in
713 572 902 627 urbem
931 572 1290 643 pervenisset,
1327 582 1380 629 et
1417 572 1484 627 dc
1514 570 1602 624 via
1634 567 1818 623 fessus
1850 571 2019 625 esset,

448 661 803 731 defatigatum
845 663 1033 718 labore
1073 678 1276 736 corpus
1319 665 1542 717 lavacro
1570 674 1766 715 curare
1797 654 2024 712 necesse

446 765 569 806 esse
601 751 847 820 putabat.
885 752 1282 809 Dominabatur
1311 760 1492 807 autem
1528 751 1583 805 in
1634 748 1728 804 illo
1759 747 1882 802 loco
1924 745 2037 799 διο-κ

446 855 577 896 mon
608 841 833 911 quidam
870 842 1169 907 homicida,
1211 844 1266 898 in
1296 842 1492 897 balneo
1526 837 1734 895 versari
1789 837 2020 893 solitus:

447 930 608 1000 cujus
627 931 940 1002 perniciosa
965 941 1131 1003 atque
1159 930 1414 1002 pestifera
1445 929 1531 984 vis
1559 928 1612 982 in
1653 924 1894 981 tenebris
1924 924 2025 977 ad-

451 1034 647 1076 versus
678 1020 1115 1091 propinquantes
1136 1020 1517 1083 exercebatur,
1550 1026 1605 1073 et
1641 1016 1849 1071 idcirco
1906 1022 2028 1084 post

451 1112 586 1168 solis
603 1127 861 1168 occasum
890 1114 1099 1169 balnea:
1126 1113 1231 1168 illa;
1262 1127 1369 1167 non
1399 1110 1815 1173 exercebantur,
1840 1120 2029 1160 neme—

452 1218 560 1273 que
590 1218 655 1259 eo
686 1204 949 1259 accedere
976 1204 1030 1259 id
1063 1205 1325 1274 temporis
1357 1201 1589 1267 solebat,
1618 1200 1684 1255 ad
1710 1213 1849 1269 quas
1873 1205 2029 1252 stans

452 1295 718 1347 diaconus
749 1292 1067 1363 praefectum
1104 1292 1209 1346 loci
1257 1291 1506 1360 rogabat,
1540 1300 1602 1344 ut
1633 1288 1837 1344 ostium
1896 1300 2027 1355 ape-

453 1386 611 1445 riret,
671 1391 726 1439 et
758 1384 964 1439 aditum
1011 1385 1114 1439 sibi
1157 1383 1442 1454 praeberet,
1473 1396 1577 1436 neu
1612 1379 1878 1434 invideret
1924 1376 2031 1431 sibi

453 1490 563 1544 quo
586 1474 1213 1544 minuscorpuslavacro
1236 1474 1506 1528 reficeret.
1527 1471 1625 1524 Illo
1658 1484 1786 1524 vero
1798 1474 2033 1523 testante

455 1565 750 1632 nemiuem,
789 1566 882 1636 qui
932 1566 1078 1620 circa
1136 1566 1281 1619 illam
1315 1565 1508 1619 horam
1556 1577 1753 1633 aquam
1818 1559 2033 1631 ingredi

455 1673 626 1713 ausus
664 1667 832 1720 esset,
868 1658 986 1712 suis
1016 1656 1247 1726 pedibus
1275 1672 1558 1712 reversum
1596 1670 1744 1719 esse,
1777 1653 1874 1710 sed
1908 1658 2034 1724 post

457 1764 745 1821 vesperum
778 1749 1108 1804 daemonium
1141 1763 1333 1805 omnes
1368 1749 1423 1803 in
1470 1756 1741 1820 potestate
1790 1748 2031 1814 habere,

2122 562 2415 631 ἀναγκαῖον
2470 561 2644 632 ᾠήθη.
2714 559 3038 631 Ἐπεκράτει
3084 557 3143 609 δὲ
3196 554 3340 609 κατὰ
3398 552 3493 607 τὸν
3542 551 3699 607 τόπον

2123 657 2327 708 ἐκεῖνον
2367 654 2574 724 δαίμων
2617 670 2703 716 τις
2741 649 3186 724 ἀνθρωποκτόνος
3214 646 3603 718 ἐπιχωριάζων
3628 644 3700 715 τῷ

2122 739 2424 815 λουτρῷ,οὖ
2445 746 2478 816 ἡ
2501 743 2824 816 φθοροποιδς
2851 742 3080 812 δύναμις
3102 738 3327 811 ἐνεργὸς
3350 736 3489 809 μετά
3514 735 3702 799 σκότος

2124 836 2266 890 κατά
2291 834 2400 888 τῶν
2434 832 2906 905 προσεγγιζόντων
2940 830 3175 899 ἐγίνετο,
3208 827 3303 882 καὶ
3326 826 3515 879 τούτου
3540 824 3704 896 χάριν

2126 926 2322 982 ἀϐατον
2348 925 2408 979 τὸ
2433 925 2656 996 λουτρὸν
2688 920 2757 994 ἦν
2782 925 2960 976 ἐκεῖνο
3007 923 3147 994 μετά
3182 920 3283 984 τὰς
3312 919 3459 991 ἡλίου
3490 916 3703 988 δυσμὰς

2128 1019 2222 1073 καὶ
2272 1017 2630 1089 ἀνενέργητον
2654 1034 2669 1049 σ
2704 1009 2750 1084 ᾧ
2790 1015 3076 1087 παραστάς
3113 1013 3266 1085 ἠξίου
3320 1012 3410 1065 τὸν
3452 1013 3703 1064 ἐπιτετα·

2125 1110 2330 1182 γμένον
2349 1109 2557 1176 ἀνοῖξαι
2586 1108 2683 1180 τὴν
2704 1106 2895 1179 θύραν,
2917 1106 3099 1160 δοῦναί
3128 1123 3187 1158 τε
3216 1104 3313 1176 τὴν
3334 1102 3535 1156 εἴσοδον
3559 1099 3704 1169 αὐτῷ

2128 1202 2223 1254 καὶ
2255 1201 2329 1271 μὴ
2364 1200 2626 1271 φθονῆσαι
2651 1200 2749 1270 τῆς
2774 1200 2839 1252 ἐκ
2862 1198 2957 1251 τοῦ
2983 1195 3209 1269 λουτροῦ
3253 1194 3573 1266 θεραπείας.
3601 1192 3703 1246 Τοῦ

2128 1290 2185 1344 δὲ
2217 1289 2665 1362 μαρτυρουμένου
2696 1288 2902 1359 μηδένα
2927 1286 3036 1339 τῶν
3077 1284 3222 1340 κατὰ
3250 1285 3351 1356 τὴν
3384 1283 3537 1355 ὥραν
3568 1281 3708 1336 ὲκεί-

2130 1400 2228 1454 νην
2281 1381 2745 1453 κατατολμώντων
2793 1379 2888 1434 τοῦ
2938 1378 3132 1442 ὓδατος
3182 1376 3331 1440 ίδίοις
3370 1373 3709 1446 ὑποστρέψαι

2133 1474 2312 1537 ποσὶν,
2352 1474 2489 1527 ἀλλά
2522 1473 2739 1527 πάντων
2763 1470 2903 1542 μετά
2936 1471 3037 1540 τὴν
3063 1468 3302 1539 ἑσπέραν
3345 1467 3711 1537 κατακρατεῖν

2132 1566 2194 1621 τὸ
2233 1565 2506 1636 δαιμόνιον
2523 1607 2537 1631 ,
2580 1565 2673 1619 καὶ
2712 1564 2939 1626 πολλοὺς
2982 1562 3074 1615 ὑπ’
3106 1560 3333 1630 ἀγνοίας
3374 1559 3477 1631 ήδη
3519 1558 3712 1612 παθεῖν

2133 1657 2203 1711 τά
2264 1658 2571 1727 ἀνήκεστα,
2610 1656 2704 1720 οὓς
2748 1655 2869 1709 ἀντὶ
2923 1655 3023 1725 τῆς
3077 1651 3428 1719 ἐλπισθείσης
3480 1651 3715 1713 ἀνέσεως

2138 1749 2326 1822 θρῆνοι
2354 1749 2449 1804 καὶ
2480 1749 2717 1820 οἰμωγαὶ
2750 1746 3052 1812 διεδέξαντο
3073 1764 3087 1778 ·
3120 1744 3296 1799 ταῦτα
3348 1744 3442 1798 καὶ
3484 1743 3554 1797 τά
3602 1760 3715 1797 τοι-

456 1856 522 1896 ac
563 1842 763 1896 multos
812 1842 925 1910 jam
984 1841 1357 1911 imprudentes
1404 1841 1459 1896 in
1515 1841 1841 1896 insanabilia
1893 1840 2034 1894 mala

2139 1816 2277 1898 αῦτα
2328 1816 2650 1909 διεξιόντος,
2705 1840 2856 1895 οὐδὲν
2917 1838 3116 1910 μᾶλλον
3171 1840 3377 1901 ἐκεῖνος
3430 1835 3577 1905 ὐφίει
3617 1835 3717 1905 τῆς

456 1935 780 1998 incurrisse,
818 1949 958 2004 quos
998 1949 1099 2005 pro
1137 1941 1357 2005 sperato
1386 1934 1654 1989 levamine
1690 1932 2035 1987 lamentatio-

456 2040 556 2081 nes
585 2033 640 2079 et
686 2026 997 2096 sepulturae,
1028 2033 1083 2083 et
1126 2026 1362 2097 gemitus
1402 2032 1779 2096 exceperunt:
1822 2024 1936 2079 haec
1981 2032 2038 2079 et

456 2118 728 2188 ejusmodi
752 2118 1069 2175 balneatore
1095 2117 1335 2182 dicente,
1361 2118 1536 2173 nihilo
1557 2119 1729 2189 magis
1760 2118 1847 2173 ille
1880 2116 2038 2188 quid-

456 2224 622 2280 quam
652 2209 720 2266 de
753 2209 1052 2280 cupiditate
1086 2211 1398 2267 remittebat
1430 2230 1444 2264 ε
1479 2210 1572 2267 sed
1620 2210 1859 2266 instabat
1886 2209 2037 2263 omni

457 2300 619 2356 modo
649 2317 853 2373 urgens
895 2317 1042 2367 eum,
1080 2310 1138 2357 ut
1171 2318 1232 2358 se
1266 2302 1672 2358 intromitteret.
1711 2304 1780 2356 At
1820 2302 2040 2357 balnea—

456 2402 546 2447 tor
596 2394 651 2448 in
697 2393 853 2448 lucro
890 2408 1139 2463 ponens,
1180 2394 1227 2449 si
1273 2409 1385 2449 non
1436 2408 1544 2448 una
1599 2407 1725 2447 cum
1787 2391 2038 2461 imperito

458 2483 673 2553 hospite
710 2484 1133 2554 periclitaretur,
1170 2500 1293 2540 cum
1338 2484 1544 2540 clavem
1592 2485 1640 2541 ei
1688 2482 2037 2545 tradidisset,

456 2578 652 2647 procul
680 2592 712 2631 a
743 2577 963 2632 lavacro
988 2578 1253 2647 discedit;
1283 2588 1636 2648 posteaquam
1669 2588 1852 2633 autem
1874 2576 2039 2631 nuda-

458 2676 549 2723 tus
575 2667 727 2721 intus
763 2675 902 2734 erat,
964 2670 1295 2741 multiplices
1351 2669 1604 2740 quaedam
1660 2676 1935 2724 terrorum
1984 2675 2039 2723 et

458 2759 885 2815 concussionum
935 2762 1181 2817 materiae
1234 2776 1265 2816 a
1297 2760 1567 2816 daemonio
1602 2759 2036 2823 instruebantur,

460 2858 675 2923 spectra
709 2853 991 2924 variaigni
1025 2863 1081 2909 et
1104 2852 1257 2908 fumo
1291 2854 1508 2909 mistam
1532 2860 1788 2907 naturam
1827 2867 1938 2923 prae
1979 2867 2040 2907 se

461 2940 718 3009 ferentia,
762 2942 819 2998 in
862 2945 1040 2999 forma
1087 2944 1369 2998 hominum
1400 2955 1454 2999 et
1473 2943 1714 2999 ferarum
1743 2944 1920 2999 oculis
1954 2943 2038 2997 in-

460 3033 721 3099 cidentia,
738 3035 1312 3098 auribusinsonantia.
1329 3034 1574 3090 anhelitu
1597 3036 2040 3105 appropinquan-

2135 1934 2628 2006 ὲπιθυμίας,⁹ἀλλ’
2688 1933 2929 1986 ἐνέκειτο
2982 1931 3147 1985 παντὶ⁵
3195 1931 3381 2001 τρόπῳ
3445 1944 3715 1995 καταναγ-

2137 2025 2318 2094 κάζων
2358 2027 2542 2091 αὑτὸν,
2584 2028 2664 2090 είς
2699 2027 2768 2081 τά
2803 2026 2952 2090 ἐντὸς
2986 2020 3408 2096 παραδέξασθαι.
3456 2022 3514 2074 Ὁ
3564 2021 3619 2074 δέ
3652 2019 3714 2073 τδ

2141 2120 2216 2191 μὴ
2273 2116 2716 2188 συγκινδυνεῦσαι
2769 2119 2835 2188 τῇ
2891 2115 3086 2188 ἀγνοίᾳ
3134 2114 3231 2169 τοῦ
3288 2114 3439 2176 ξένου
3465 2153 3481 2174 ,
3527 2112 3711 2182 κέρδος

2139 2208 2487 2280 ποιούμενος,
2563 2208 2660 2278 τὴν
2711 2207 2858 2260 κλεῖν
2922 2207 3007 2259 ἐπ’
3056 2204 3207 2276 αύτῷ
3325 2202 3709 2272 ποιησάμενος,

2139 2300 2329 2373 πόρρω
2377 2299 2470 2353 τοῦ
2516 2298 2741 2370 λουτροῦ
2783 2296 3210 2352 ἀπαλλάσσεται.
3258 2295 3479 2361 Ἐπειδὴ
3524 2294 3582 2346 δὲ
3616 2310 3710 2361 γυ·-

2143 2392 2374 2465 μνωθεὶς
2407 2391 2558 2456 ἐντὸς
2584 2388 2673 2464 ἦν,
2711 2390 3035 2463 πολύτροποί
3065 2406 3209 2452 τινες
3237 2387 3419 2458 φόϐων
3457 2387 3552 2441 καὶ
3586 2401 3713 2438 κατ’

2139 2483 2424 2552 απλήξεων
2463 2483 2709 2554 ἀφορμαὶ
2750 2481 2899 2552 παρά
2940 2480 3038 2533 τοῦ
3076 2481 3354 2552 δαιμονίου
3403 2477 3712 2532 συνεσκευά-

2139 2577 2312 2643 ζοντο,
2348 2576 2609 2648 φάσματα
2668 2577 2985 2631 παντοδαπά
3018 2576 3152 2647 πυρὶ
3199 2575 3294 2629 καὶ
3336 2572 3527 2643 καπνῷ
3562 2589 3710 2642 μεμι-

2139 2671 2348 2742 γμένην
2370 2670 2470 2741 τὴν
2517 2669 2678 2739 φύσιν
2705 2669 3146 2741 ἐπιδεικνύμενα,
3190 2669 3249 2720 ἐν
3282 2665 3585 2738 ἀνθρώπων
3620 2664 3711 2717 καὶ

2140 2761 2344 2833 θηρίων
2416 2764 2597 2832 μορφῇ
2652 2763 2767 2824 τοῖς
2824 2760 3123 2832 ὀφθαλμοῖς
3176 2759 3520 2831 ἐμπίπτοντα
3549 2800 3565 2822 ,
3596 2758 3711 2833 ταῖς

2140 2824 2330 2916 ἀκοαῖς
2369 2824 2683 2923 ἐνηχοῦντα,
2706 2852 2786 2923 τῷ
2812 2824 3048 2923 ἄσθματι
3071 2824 3520 2924 προσεγγίζοντα,
3537 2824 3724 2918 κύκλᾷ

2141 2949 2270 3020 περὶ
2305 2947 2367 3001 τὸ
2405 2945 2566 3018 σῶμα
2612 2945 2867 3016 χεόμενα.
2897 2945 2954 2999 '0
2979 2944 3035 2998 δὲ
3077 2944 3179 3014 τὴν
3224 2942 3495 3014 σφραγίόα
3525 2939 3710 2994 ἑαυτοῦ

2143 3037 2596 3109 προϐαλλόμενος,
2621 3038 2716 3091 καὶ
2737 3037 2799 3090 τὸ
2816 3035 2912 3090 τοῦ
2939 3035 3177 3107 Χριστοῦ
3209 3034 3499 3088 ἀνακαλῶν
3526 3034 3708 3102 δνομα.

460 3125 556 3193 tia,
582 3125 824 3197 undique
852 3126 1069 3197 corpori
1100 3142 1159 3182 se
1186 3126 1697 3182 circumfundentia.
1723 3127 1794 3180 At
1839 3127 1929 3181 ille
1970 3126 2034 3181 si-

2140 3128 2357 3200 ἀπαθὴς
2408 3128 2498 3182 τὸν
2555 3128 2772 3198 πρῶτον
2828 3126 3072 3199 διεξῆλθε
3125 3126 3218 3179 τὸν
3268 3119 3441 3180 οἷκον.
3498 3124 3616 3178 Ἐπὶ
3655 3123 3712 3176 δὲ

460 3231 625 3287 gnum
658 3215 883 3288 (crucis)
912 3224 1041 3272 ante
1054 3231 1175 3273 sese
1191 3217 1480 3286 objiciens,
1497 3217 1816 3288 Christique
1838 3233 2035 3274 nomen

461 3306 748 3370 invocans,
786 3307 1023 3376 primum
1073 3307 1335 3364 conclave
1389 3307 1596 3364 illaasus
1639 3308 1917 3376 transivit,
1968 3310 2036 3364 ad

462 3397 777 3454 interiorem
805 3405 985 3455 autem
1010 3406 1221 3469 partem
1238 3400 1439 3455 aedium
1469 3415 1796 3471 progressus
1853 3401 1907 3457 in
1930 3417 2043 3457 mo-

464 3489 685 3545 lestiora
718 3490 910 3546 incidit
935 3491 1270 3561 spectacula,
1327 3490 1382 3544 in
1416 3491 1807 3547 terribiliorem
1843 3493 2036 3549 faciem

463 3581 861 3638 transformata
885 3583 1188 3651 daemonio;
1215 3590 1271 3638 et
1292 3583 1456 3639 simul
1504 3592 1665 3640 terra:
1695 3593 1849 3640 motu
1905 3601 2041 3642 con-

461 3671 576 3725 cuti
601 3670 865 3727 conclave
912 3671 964 3727 ei
1002 3670 1316 3735 videbatur,
1360 3669 1495 3726 adeo
1525 3679 1585 3725 ut
1636 3671 1800 3726 etiam
1861 3672 2038 3728 solum

461 3762 605 3818 infra
626 3771 848 3834 ruptum
876 3762 1173 3833 flammam,
1213 3778 1334 3834 quae
1372 3763 1566 3819 subtus
1603 3772 1771 3831 esset,
1835 3763 2036 3819 nudam

462 3854 907 3924 conspiciendam
943 3856 1230 3924 praeberet.
1283 3854 1647 3926 scintillasque
1703 3855 1939 3912 ﬂamma:
1968 3856 2040 3912 ab

463 3945 622 4016 aquis
651 3946 1052 4009 emitterentur,
1085 3961 1150 4001 ac
1183 3961 1376 4003 rursus
1405 3947 1610 4003 eisdem
1642 3949 1833 4016 armis,
1881 3949 2040 4021 signo

463 4037 667 4107 (crucis
722 4036 955 4103 scilicet)
1010 4046 1063 4092 et
1106 4037 1327 4093 nomine
1389 4036 1614 4105 Christi,
1674 4038 2041 4111 praesidioque

462 4145 687 4199 precum
720 4130 966 4200 magistri
1011 4137 1252 4186 terrores
1283 4145 1474 4186 earum
1504 4146 1705 4198 rerum,
1749 4148 1872 4203 quae
1926 4144 2039 4188 tum

464 4221 683 4288 fiebant,
704 4221 990 4278 discussit.
1019 4221 1267 4292 Cumque
1290 4222 1403 4293 jam
1425 4237 1567 4294 aqua
1589 4234 1870 4281 recreatus
1891 4227 2041 4282 exire

463 4314 769 4377 festinaret,
821 4329 1018 4370 rursus
1071 4316 1461 4385 prohibebatur
1519 4332 1549 4371 a
1597 4317 1865 4382 daemone,
1941 4320 2035 4389 qui

459 4408 660 4463 ostium
689 4419 1072 4480 occupaverat.
1094 4408 1296 4465 Verum
1320 4409 1482 4465 etiam
1507 4412 1610 4465 hoc
1640 4427 1834 4467 rursus
1869 4412 2039 4482 impe-

2138 3218 2201 3273 τὸ
2257 3218 2530 3291 ἐνδότερον
2576 3219 2862 3291 χωρήσας,
2915 3217 3312 3289 χαλεπωτέροις
3350 3215 3565 3286 ἐνέτυχε
3602 3216 3713 3277 τοῖς

2140 3309 2408 3381 θεάμασιν
2433 3350 2449 3376 ,
2487 3311 2568 3374 είς
2609 3309 2992 3382 φοϐερωτέραν
3043 3306 3576 3380 μετασκευασθέντος
3616 3305 3714 3358 τοῦ

2138 3400 2415 3472 δαιμονίου
2443 3400 2542 3472 τὴν
2568 3399 2689 3470 ὄψιν
2718 3416 2733 3433 ο
2760 3400 2855 3454 καὶ
2886 3400 3002 3471 ἅμα
3039 3398 3248 3471 σεισμῷ
3272 3398 3719 3453 κατακλονεῖσθαι

2138 3495 2231 3549 τὸν
2267 3489 2415 3547 οἶκον
2446 3492 2604 3563 ᾤετο,
2642 3492 2735 3546 καὶ
2765 3492 2827 3545 τὸ
2868 3491 3061 3561 ἔδαφος
3101 3491 3586 3564 ύπορῤηγνύμενον
3620 3508 3723 3559 γυ-

2143 3586 2282 3658 μνὴν
2328 3583 2697 3639 ὑποδεικνύειν
2743 3584 2842 3655 τὴν
2889 3583 3041 3638 κάτω
3084 3582 3280 3653 φλόγα,
3316 3583 3616 3654 σπινθῆράς
3656 3599 3723 3636 τε

2142 3674 2440 3746 φλογώδεις
2474 3674 2582 3729 ἀπὸ
2605 3673 2714 3728 τῶν
2744 3674 2952 3728 ὑδάτων
2998 3673 3402 3745 ἐκπέμπεσθαι,
3425 3675 3520 3726 καὶ
3560 3672 3725 3727 πάλιν

2140 3767 2286 3840 αὐτῷ
2322 3769 2384 3822 τὺ
2416 3768 2528 3821 ίσον
2568 3766 2732 3820 ὅπλον
2762 3768 2796 3837 ἡ
2825 3767 3078 3837 σφραγὶς,
3117 3766 3214 3820 καὶ
3258 3766 3321 3819 τὸ
3357 3765 3451 3819 τοῦ
3484 3764 3726 3837 Χριστοῦ

2139 3861 2331 3933 ὄνομα,
2357 3861 2452 3915 καὶ
2473 3862 2507 3933 ἠ
2528 3860 2618 3915 διὰ
2644 3858 2755 3914 τῶν
2785 3858 2962 3931 εὐχῶν
2985 3859 3080 3912 τοῦ
3112 3858 3433 3912 διδασκάλου
3463 3857 3689 3929 βοήθεια
3706 3895 3725 3919 ,

2140 3953 2208 4007 τὰ
2229 3951 2437 4023 φοϐερά
2454 3951 2562 4005 τῶν
2594 3950 2936 4022 φαινομένων
2956 3967 3015 4004 τε
3048 3950 3140 4003 καὶ
3167 3949 3463 4019 γινομένων
3494 3949 3730 4018 διέχεεν.

2154 4044 2392 4108 Ἀνεθεὶς
2409 4044 2465 4098 δὲ
2492 4043 2592 4115 ἥδη
2614 4042 2693 4114 τῷ
2719 4042 2891 4107 ὕδατι,
2931 4042 3024 4096 καὶ
3055 4041 3191 4112 πρὸς
3216 4040 3315 4112 τὴν
3340 4040 3517 4106 ἔξοδον
3550 4039 3732 4092 σπεύ-

2140 4138 2267 4205 δων,
2290 4137 2451 4191 πάλιν
2479 4135 2769 4199 ἐκωλύετο,
2793 4135 2887 4188 τοῦ
2906 4134 3183 4205 δαιμονίου
3200 4134 3299 4204 τῆς
3334 4132 3501 4202 θύρας
3532 4132 3734 4185 ἀντει-

2141 4229 2205 4301 λη
2215 4227 2443 4300 μμένου.
2468 4226 2630 4281 Ἀλλά
2658 4226 2753 4280 καὶ
2783 4225 2942 4279 τοῦτο
2967 4225 3129 4279 πάλιν
3155 4224 3216 4276 τὸ
3244 4223 3464 4292 κώλυμα
3501 4222 3592 4275 διά
3615 4223 3733 4293 τῆς

2143 4322 2264 4392 ίσης
2284 4319 2564 4391 δυνάμεως
2600 4318 2924 4389 αὐτομάτως
2971 4314 3158 4370 ἐλύετο
3180 4356 3195 4378 ,
3226 4319 3291 4386 τῇ
3328 4314 3582 4386 σφραγίδι
3616 4315 3735 4386 τῆς

2142 4412 2311 4483 θύρας
2332 4408 2740 4482 ὑποχωρούσης.
2772 4409 2924 4462 Ἐπεὶ
2954 4408 3010 4461 δέ
3037 4407 3179 4462 κατά
3204 4407 3328 4461 νοῦν
3369 4406 3516 4477 αύτῷ
3545 4407 3732 4475 1:906-

460 4499 762 4556 dimentum
795 4515 892 4571 per
920 4502 1165 4555 eamdem
1202 4502 1552 4570 vim,sponte
1591 4518 1687 4557 sua
1730 4504 1903 4573 janua
1947 4519 2034 4560 ce-

2141 4505 2446 4575 κεχωρήκει
2485 4502 2554 4556 τά
2597 4500 2796 4563 πάντα,
2831 4499 3100 4569 ἐκϐοῆσαι
3134 4498 3351 4567 λέγεται
3380 4497 3516 4569 πρὸς
3558 4497 3730 4551 αὑτὸν

460 4589 807 4660 dentc,siguo
831 4589 1060 4660 (crucis)
1091 4591 1512 4646 diseutiebatur.
1545 4592 1907 4665 Posteaquam
1941 4610 2039 4650 au-

460 4692 569 4738 tem
588 4683 637 4739 ei
656 4682 842 4739 omnia
869 4698 934 4737 ex
961 4684 1232 4738 sententia
1258 4686 1667 4751 successerant,
1697 4688 2038 4746 exclamasse

458 4772 664 4828 dicitur
683 4773 749 4827 ad
785 4787 910 4828 eum
945 4772 1182 4827 humana
1222 4788 1356 4829 voce
1419 4776 1768 4845 daemonium,
1811 4794 1881 4834 ne
1930 4779 2035 4835 sibi

457 4864 713 4920 virtutem
743 4864 889 4919 illam
915 4865 1234 4934 imputaret,
1260 4882 1359 4937 per
1386 4884 1549 4938 quam
1578 4872 1872 4941 perniciem
1901 4872 2039 4930 eﬂ'u-

2135 4595 2233 4649 ἀνθ
2243 4595 2450 4667 ρωπίνῃ
2481 4596 2631 4664 φωνῇ
2652 4594 2714 4646 τὸ
2741 4591 3035 4663 δαιμόνιον,
3065 4591 3139 4662 μὴ
3166 4593 3254 4644 ἐπ’
3270 4589 3419 4661 αὐτῷ
3437 4590 3537 4659 τὴν
3564 4588 3733 4642 δύνα-

2139 4705 2230 4759 μιν
2267 4686 2479 4757 ἐκείνην
2527 4684 2864 4753 λογίσασθαι,
2893 4684 2960 4738 δι’
2988 4680 3058 4757 ἧς
3097 4683 3188 4737 τὸν
3212 4680 3434 4754 ὄλεθρον
3476 4682 3685 4752 ἔφυγεν
3709 4699 3725 4712 ο

2134 4782 2169 4852 ὴ
2203 4780 2312 4850 γὰρ
2345 4778 2496 4849 φωνὴ
2519 4776 2614 4831 τοῦ
2662 4775 3045 4848 παραθεμένου
3074 4775 3239 4830 αὑτὸν
3272 4774 3350 4845 τῷ
3390 4774 3727 4845 φυλάσσοντι

2133 4875 2196 4927 τὸ
2234 4870 2444 4933 ἀπαθὲς
2470 4869 2784 4941 ἐχαρίσατο.
2890 4912 2895 4917 .

459 4956 662 5024 gisset;
716 4956 1093 5011 vocemrenim
1141 4956 1286 5025 ejus,
1337 4974 1366 5014 a
1408 4976 1520 5031 quo
1557 4963 1822 5019 custodite
1870 4974 2036 5037 atque
2078 4964 2336 5040 praesidio
2375 4961 2561 5018 divino
2602 4957 3020 5015 commendatus
3058 4964 3227 5025 esset,
3277 4956 3381 5014 hoc
3408 4960 3459 5013 ei
3504 4958 3725 5027 paesti-

457 5050 611 5113 tisse,
644 5057 703 5104 ut
729 5050 798 5104 ab
826 5050 1187 5107 incommodis
1216 5059 1369 5107 tutus
1398 5061 1563 5109 esset.

530 5140 791 5197 Servatus
826 5142 1026 5214 igitur,
1074 5144 1534 5214 quemadmodum
1567 5145 1827 5214 diximus,
1862 5149 2037 5206 admi-

458 5234 657 5289 rationi
697 5235 801 5291 loci
845 5236 1120 5306 praefectis
1148 5236 1282 5302 fuit,
1336 5251 1402 5292 eo
1435 5238 1581 5308 quod
1623 5254 1784 5295 nemo
1814 5257 2030 5307 eorum,

458 5324 550 5393 qui
588 5340 826 5394 unquam
883 5326 935 5381 id
978 5328 1242 5398 temporis
1283 5343 1478 5398 aquam
1510 5330 1717 5399 ingredi
1766 5335 1916 5391 aussi
1945 5350 2035 5390 es-

458 5425 603 5483 sent,
629 5417 771 5474 inter
791 5418 946 5474 vivos
973 5431 1162 5489 postea
1196 5431 1526 5492 conspectus
1556 5434 1723 5479 esset.
1760 5425 1896 5480 Cum
1936 5441 2035 5482 au-

456 5512 567 5559 tem
594 5516 648 5561 et
676 5507 776 5562 hos
800 5523 921 5579 quae
946 5510 1051 5564 sibi
1082 5511 1432 5577 accidissent,
1457 5512 1761 5579 docuisset,
1795 5523 1849 5571 et
1882 5531 2029 5571 mar-

457 5602 636 5665 tyrum
660 5598 716 5652 in
739 5600 873 5655 urbe
901 5599 1061 5655 fortia
1084 5600 1227 5657 facta
1256 5603 1329 5656 ita
1355 5603 1627 5658 accidisse
1659 5606 2024 5674 cognovisset,

456 5689 914 5757 quemadmodum
937 5708 1168 5764 magnus
1197 5695 1287 5749 ille
1302 5695 1384 5748 vir
1415 5695 1469 5749 in
1502 5695 1797 5751 solitudine
1826 5697 2029 5767 degens

459 5787 585 5835 ante
614 5783 992 5850 exposuisset,
1039 5794 1262 5856 propter
1301 5803 1393 5843 eas
1430 5803 1517 5842 res
1543 5803 1680 5857 quas
1712 5797 1765 5844 et
1795 5789 2022 5847 vidisset

2204 5145 2499 5209 Διασωθεὶς
2524 5144 2704 5199 τοίνυν
2752 5145 2896 5201 κατὰ
2924 5144 3014 5199 τὸν
3045 5144 3337 5218 εἰρημένον
3372 5144 3596 5217 τρόπον,
3626 5142 3724 5198 εκ-

2133 5241 2328 5311 πληξιν
2358 5240 2584 5309 παρεῖχε
2611 5239 2723 5301 τοῖς
2752 5237 3106 5291 ἐπιστατοῦσι
3150 5238 3245 5291 τοῦ
3286 5238 3473 5298 τόπου,
3501 5237 3720 5300 οὐδενὸς

2131 5332 2240 5386 τῶν
2278 5329 2496 5385 πώποτε
2524 5328 2666 5382 κατά
2696 5329 2795 5400 τὴν
2836 5329 2985 5400 ὥραν
3026 5330 3243 5398 ἐκείνην
3266 5327 3717 5400 κατατολμησάν-

2132 5442 2239 5478 των
2270 5422 2364 5477 τοῦ
2395 5422 2589 5485 ὓδατος
2612 5423 2670 5475 ἐν
2707 5423 2819 5485 τοῖς
2849 5419 2985 5485 ζῶσι
3015 5422 3295 5491 φανέντος.
3336 5421 3489 5474 Ἐπεὶ
3509 5421 3570 5474 δὲ
3588 5421 3716 5474 τού-

2134 5533 2249 5581 τοις
2270 5514 2338 5569 τά
2368 5514 2490 5568 καθ’
2505 5513 2694 5567 ἑαυτὸν
2712 5513 3031 5584 διηγήσατο,
3053 5512 3147 5566 καὶ
3172 5512 3243 5566 τὰ
3272 5511 3412 5566 κατά
3435 5513 3537 5575 τὴν
3564 5512 3716 5564 πόλιν

2136 5608 2244 5661 τῶν
2277 5605 2568 5677 μαρτύρων
2605 5605 3072 5678 ἀνδραγαθήματα
3100 5606 3293 5661 τοῦτον
3313 5605 3455 5674 ἔγνω
3487 5622 3718 5674 γεγενη-

2142 5698 2276 5771 μένα
2301 5697 2392 5750 τὸν
2411 5697 2632 5768 τρόπον,
2656 5695 2714 5748 ὃν
2744 5697 2836 5750 ἐπὶ
2862 5697 2963 5767 τῆς
2998 5697 3235 5769 ἐρημίας
3259 5700 3286 5750 ὀ
3319 5697 3494 5768 μέγας
3513 5696 3718 5764 διάγων

2135 5788 2555 5861 προδιηγήσατο,
2584 5786 2839 5860 προσθεὶς
2889 5791 3000 5852 τοῖς
3041 5790 3167 5860 περὶ
3213 5788 3377 5843 αὐτοῦ
3410 5788 3721 5860 διηγήμασί
