4002 6206
351 307 467 366 955

1348 311 1436 366 DE
1476 313 1634 368 VITA
1675 313 1733 370 S.
1762 313 2095 372 GREGORII
2135 313 2672 377 THAUMATURGI.

3497 321 3604 378 954

353 442 419 479 τε
468 425 561 479 καὶ
593 423 855 496 θαύμασι,
886 425 952 480 δι’
982 419 1057 480 ὧν
1108 445 1166 480 τε
1196 426 1324 494 εἶδε,
1348 430 1442 482 καὶ
1492 430 1561 484 δι’
1608 425 1684 485 ὧν
1713 435 1935 504 ἤκουσε,

2052 440 2088 488 at
2121 433 2440 498 audivisset,
2471 443 2525 490 et
2551 451 2647 506 per
2674 451 2812 504 quas
2845 453 2946 494 suo
2981 437 3226 509 periculo
3255 446 3418 510 atque
3439 455 3606 508 expe-

356 515 452 569 καὶ
478 516 548 570 δι’
578 509 652 570 ὧν
680 519 744 589 τῇ
771 517 964 572 ἐαυτοῦ
995 519 1157 590 πείρα
1187 519 1282 590 τῆς
1313 520 1406 573 τοῦ
1440 521 1675 590 μεγάλου
1701 524 1931 589 πίστεως

355 607 612 679 ἐδιδάχθη
651 610 749 683 τὴν
797 610 1046 681 δύναμιν,
1143 612 1632 684 προσεμαρτύρησε
1660 614 1719 667 τὸ
1743 616 1931 686 δαιμό-

357 717 495 763 νιον,
522 701 685 754 πάλιν
721 702 1008 774 ἀνατρέχει
1039 703 1174 773 πρὸς
1219 703 1310 755 τὸν
1343 703 1690 758 διδάσκαλον·
1724 708 1834 769 τοῖς
1874 724 1933 759 τε

359 790 483 843 κατ’
510 779 816 854 αὐτὸν,’καὶ
847 795 960 856 τοῖς
995 794 1131 862 μετά
1163 791 1336 846 ταῦτα
1377 794 1551 847 κοινὸν
1571 794 1730 863 ἀφεὶς
1763 795 1934 864 φυλα-

360 882 604 952 κτήριον,
633 883 692 935 τὸ
715 881 806 935 διὰ
832 883 940 935 τῶν
972 884 1160 955 ἱερέων
1212 873 1442 940 ἓκάστον
1488 888 1678 942 ἑαυτὸν
1705 889 1781 959 τῷ
1818 889 1937 960 Θεῷ

362 969 786 1037 παρατίθεσθαι.
831 973 942 1024 Καὶ
969 972 1063 1025 νῦν
1094 975 1208 1027 ἐστι
1257 975 1355 1044 μὲν
1418 978 1559 1029 κατὰ
1611 979 1790 1031 πᾶσαν
1841 979 1938 1050 τὴν

376 1061 724 1132 Ἐκκλησίαν,
772 1063 1061 1134 ἐξαιρέτως
1093 1065 1150 1117 δὲ
1196 1069 1323 1138 παρ’
1373 1068 1600 1131 ἐκείνοις
1648 1070 1937 1140 ἡτοιαύτη

361 1151 539 1222 φωνὴ,
594 1153 695 1222 τῆς
730 1153 850 1205 τότε
905 1154 1274 1226 γεγενημένης
1324 1156 1401 1228 τῷ
1446 1158 1598 1228 ἀνδρὶ
1643 1160 1793 1229 παρὰ
1843 1159 1936 1212 τοῦ

360 1242 670 1316 Γρηγορίου
720 1244 970 1316 βοηθείας
1009 1248 1368 1318 μνημόσυνον.
1404 1249 1515 1318 Τῆς
1539 1249 1596 1302 δὲ
1631 1249 1941 1320 τυραννίδος

365 1335 585 1407 ἐκείνης
611 1337 712 1407 ἤδη
745 1337 886 1391 κατά
916 1336 1065 1391 θείαν
1105 1340 1418 1410 συμμαχίαν
1457 1339 1819 1410 διαλυθείσης,
1847 1341 1942 1394 καὶ

366 1425 531 1479 πάλιν
562 1427 786 1498 εἰρήνης
831 1427 930 1497 τὴν
957 1427 1302 1499 ἀνθρωπίνην
1349 1428 1494 1501 ζωὴν
1521 1429 1904 1501 διαδεξαμένης
1925 1469 1940 1494 ,

365 1515 491 1570 καθ’
525 1518 591 1588 ἢν
619 1517 806 1581 ἄνετος
835 1513 902 1589 ἦν
935 1519 1052 1572 κατ’
1094 1520 1342 1584 ἐξουσίαν
1383 1520 1718 1592 προκειμένη
1777 1522 1942 1574 πᾶσιν

362 1611 399 1679 ή
422 1625 490 1660 πε
501 1609 552 1679 ρὶ
580 1608 640 1661 τὸ
658 1608 810 1662 Θεῖον
837 1610 1058 1680 σπουδὴ,
1087 1612 1329 1676 καταϐὰς
1346 1613 1505 1666 πάλιν
1529 1613 1622 1666 ἐπὶ
1646 1612 1745 1684 τὴν
1767 1612 1940 1677 πόλιν,

364 1700 464 1753 καὶ
492 1700 671 1752 πᾶσαν
709 1703 1100 1772 περινοστήσας
1125 1703 1183 1755 ἐν
1204 1703 1387 1775 κύκλῳ
1411 1704 1509 1774 τὴν
1538 1702 1742 1774 χώραν,
1776 1720 1944 1774 προσ-

2033 525 2230 579 rientia
2255 526 2434 594 magni
2458 525 2606 582 illius
2631 527 2734 582 viri
2767 527 2890 584 ﬁdei
2915 530 3054 595 vim,
3087 532 3177 586 cui
3208 530 3370 586 etiam
3402 531 3606 585 damo-

2035 618 2187 671 nium
2246 617 2470 687 insuper
2517 620 2891 674 testimonium
2939 621 3276 690 perhiberet,
3328 620 3608 676 didicisset

2038 707 2124 776 (de
2157 706 2438 762 miraculis
2480 708 2602 776 ejus
2647 725 2756 763 non
2802 711 3036 779 amplius
3072 710 3375 780 dubitans),
3409 712 3604 766 iterum

2037 797 2177 852 redit
2223 799 2288 851 ad
2334 799 2678 869 magistrum,
2726 808 2783 854 et
2814 815 2927 854 sua
2967 803 3144 856 atatis
3195 801 3508 856 hominibus
3556 810 3608 854 et

2038 886 2273 956 posteris
2315 901 2604 942 commune
2654 888 2966 958 prasidium
3013 889 3358 958 relinquens,
3406 897 3464 944 ut
3513 904 3608 959 per

2041 978 2352 1033 sacerdores
2391 979 2620 1049 quisque
2669 995 2790 1036 sese
2832 979 2943 1034 Deo
2999 981 3341 1036 commendet
3377 1000 3391 1035 :
3444 989 3610 1050 atque

2039 1070 2200 1123 etiam
2235 1084 2381 1124 nunc
2409 1085 2531 1123 cum
2572 1085 2668 1138 per
2700 1085 2923 1126 onmem
2963 1073 3285 1136 Ecclesiam,
3321 1080 3434 1126 tum
3471 1087 3609 1142 pra-

2040 1161 2198 1229 cipue
2225 1161 2364 1230 apud
2400 1162 2520 1217 illos
2549 1163 2818 1232 ejusmodi
2856 1179 2958 1217 vox
2999 1179 3098 1232 pro
3128 1179 3482 1219 monumento
3519 1163 3613 1216 ha-

2041 1251 2202 1305 betur
2227 1253 2423 1306 auxilii
2462 1262 2624 1323 atque
2663 1256 2926 1324 prasidii,
2967 1255 3111 1326 quod
3162 1264 3293 1309 tunc
3325 1255 3398 1308 illi
3436 1255 3553 1310 viro
3581 1269 3612 1308 a

2042 1343 2302 1414 Gregorio
2329 1347 2629 1415 prastitum
2670 1357 2774 1402 est.
2807 1347 3074 1402 leerum
3114 1363 3238 1418 cum
3261 1348 3371 1417 jam
3410 1346 3614 1400 auxilio

2041 1435 2231 1490 divino
2257 1437 2508 1506 tyrannis
2538 1437 2630 1490 illa
2662 1438 2928 1494 dissoluta
2959 1447 3138 1502 esset,
3180 1453 3243 1491 ac
3276 1453 3378 1507 pax
3417 1451 3612 1490 rursus

2042 1525 2338 1579 humanam
2371 1526 2538 1578 vitam
2573 1527 2913 1596 excepisset,
2963 1543 3058 1597 per
3096 1543 3261 1597 quam
3301 1526 3611 1596 expeditum

2043 1627 2160 1672 erat
2183 1617 2251 1671 ad
2279 1619 2566 1672 arbitrium
2596 1620 2851 1674 omnibus
2887 1620 3103 1675 abunde
3131 1620 3470 1689 propositum
3500 1625 3617 1673 stu-

2044 1708 2194 1763 dium
2226 1724 2351 1779 erga
2380 1726 2580 1765 numen
2609 1712 2874 1776 divinum,
2898 1710 3179 1766 descendit
3208 1725 3401 1765 rursus
3428 1708 3494 1761 ad
3525 1724 3619 1761 ur-

366 1789 548 1861 θήκην
604 1793 836 1844 ἐποιεῖτο
884 1793 996 1856 τοῖς
1043 1793 1350 1864 ἁπανταχοῦ
1401 1795 1550 1859 λαοῖς
1585 1796 1684 1866 τῆς
1734 1795 1862 1865 περὶ
1885 1793 1947 1848 τὸ

2052 1798 2190 1864 bern,
2221 1809 2276 1853 et
2307 1802 2454 1854 omni
2490 1801 2640 1854 circa
2687 1801 2909 1869 regione
2939 1800 3180 1870 undique
3225 1806 3512 1870 peragrata
3555 1811 3618 1850 ac

365 1881 524 1935 Θεῖον
555 1883 814 1953 σπουδῆς,
841 1883 938 1948 τὰς
971 1885 1109 1956 ὑπὲρ
1141 1886 1249 1939 τῶν
1270 1886 1639 1959 ἐνηθληκότων
1669 1890 1734 1958 τῇ
1763 1887 1945 1940 πίστει

369 1972 702 2042 πανηγύρεις
733 1974 1113 2045 νομοθετήσας.
1151 1977 1259 2030 Καὶ
1299 1977 1640 2040 διαλαϐόντες
1669 1977 1826 2042 ἀλλος
1853 1978 1946 2030 ἀλ-

367 2059 508 2129 λαχῆ
542 2061 650 2114 τῶν
679 2063 970 2134 μαρτύρων
1010 2066 1077 2119 τὰ
1117 2066 1376 2137 σώματα,
1411 2068 1550 2122 κατὰ
1591 2068 1687 2139 τὴν
1730 2070 1943 2139 ἐτήσιον

371 2153 466 2204 τοῦ
513 2155 837 2208 ἐνιαυσιαίου
884 2144 1081 2210 κύκλου
1133 2159 1378 2228 περίοδον
1429 2161 1730 2225 συνιόντες,
1777 2161 1946 2232 ἠγάλ-

368 2240 525 2295 λοντο
577 2247 643 2314 τῇ
685 2248 816 2315 τιμῇ
861 2247 970 2298 τῶν
1002 2249 1292 2318 μαρτύρων
1323 2252 1802 2322 πανηγυρίζοντες.
1836 2252 1947 2304 Καὶ

372 2333 483 2402 γὰρ
514 2333 578 2405 δὴ
612 2336 890 2390 καὶτοῦτο
931 2340 1031 2407 τῆς
1081 2340 1320 2410 μεγάλης
1365 2342 1528 2395 αὐτοῦ
1577 2342 1766 2411 σοφίας
1811 2343 1946 2396 ἀπό-

370 2420 541 2486 δειξις
570 2417 658 2493 ἦν,
701 2425 780 2477 ὅτι
803 2426 938 2496 πρὸς
965 2429 1146 2481 καινὸν
1171 2429 1284 2499 βίον
1336 2432 1788 2502 μεταρῤυθμίζων
1839 2435 1947 2487 πᾶ-

377 2529 477 2566 σαν
512 2514 723 2586 ἀθρόως
766 2518 865 2588 τὴν
910 2522 1029 2573 κατ’
1058 2521 1220 2576 αὑτὸν
1243 2524 1454 2591 γενεὰν,
1483 2520 1605 2578 οἷόν⁹
1623 2543 1706 2590 τις
1736 2526 1949 2597 ἡνίοχος

376 2608 604 2670 ἐπιστὰς
640 2611 704 2679 τῇ
745 2610 941 2678 φύσει,
973 2613 1064 2666 καὶ
1108 2617 1219 2677 τοῖς
1260 2616 1358 2686 τῆς
1403 2616 1636 2681 πίστεως
1690 2619 1785 2672 καὶ
1834 2619 1950 2672 θεο-

375 2697 614 2764 γνωσίας
645 2700 878 2768 χαλινοῖς
910 2703 1162 2772 ἀσφαλῶς
1204 2707 1398 2769 αὐτοὺς
1441 2708 1759 2782 ὑποζεύξας,
1784 2709 1950 2762 ἐνεδί-

375 2791 469 2842 δου
500 2807 552 2842 τι
603 2792 796 2862 μικρὸν
825 2793 901 2863 τῷ
933 2795 1080 2866 ζυγῴ
1114 2797 1212 2865 τῆς
1247 2799 1482 2862 πίστεως
1511 2801 1577 2852 δι’
1618 2801 1950 2872 εὐφροσύνης

377 2881 712 2953 ὑποσκιρτᾷν
761 2884 822 2936 τὸ
851 2886 1108 2956 ὑπήκοον.
1147 2887 1377 2940 Συνιδὼν
1405 2889 1512 2959 γὰρ
1555 2890 1637 2942 ὅτι
1681 2893 1800 2952 ταῖς
1850 2908 1954 2942 σω·-

380 2975 637 3042 ματικαῖς
670 2975 954 3045 θυμηδίαις
988 2980 1052 3048 τῇ
1095 2979 1222 3048 περὶ
1258 2979 1326 3032 τὰ
1355 2980 1544 3032 εἴδωλα
1577 2981 1754 3052 πλάνῃ
1776 2998 1953 3052 παρα-

378 3063 534 3131 μένει
565 3065 623 3116 τὸ
649 3066 916 3136 νηπιῶδες
961 3067 1069 3120 τῶν
1104 3068 1312 3122 πολλῶν
1362 3071 1455 3124 καὶ
1489 3071 1842 3124 ἀπαίδευτον·
1877 3073 1952 3135 ὡς

2046 1891 2415 1961 perlustrata,
2463 1891 2892 1946 additamentum
2949 1899 3004 1946 et
3052 1890 3207 1960 quasi
3261 1888 3615 1944 corollarium

2046 1981 2212 2037 studii
2247 1996 2374 2050 erga
2407 1997 2604 2036 numen
2641 1981 2885 2035 divinum
2919 1981 3238 2035 instituebat
3265 1978 3406 2048 apud
3429 1992 3619 2032 omnes

2050 2071 2249 2142 ubique
2297 2073 2525 2141 populos
2560 2072 2850 2137 sanciens,
2906 2078 2966 2124 ut
3007 2070 3225 2126 nomine
3257 2083 3478 2132 eorum,
3529 2070 3620 2136 qui

2047 2176 2148 2231 pro
2192 2161 2298 2216 ﬁde
2339 2163 2751 2226 decertassent,
2804 2161 2924 2216 dies
2973 2159 3096 2215 festi
3144 2166 3306 2228 atque
3351 2158 3622 2212 solemnes

2048 2259 2351 2307 conventus
2403 2253 2813 2306 celebrarentur
2847 2267 2861 2304 :
2916 2263 3150 2319 cumque
3180 2248 3317 2303 alius
3367 2248 3421 2300 in
3457 2247 3620 2300 alium

2049 2343 2226 2398 locum
2257 2357 2488 2413 corpora
2516 2349 2818 2412 martyrum
2849 2340 3214 2403 diduxisseut,
3245 2352 3341 2408 per
3369 2336 3624 2391 anniver-

2051 2435 2258 2490 sarium
2295 2434 2486 2488 circuli
2522 2433 2786 2486 ambitum
2830 2430 3144 2502 congregati
3181 2429 3522 2489 latabantur,
3565 2427 3622 2480 in

2051 2525 2312 2578 honorem
2354 2534 2657 2592 martyrum
2712 2521 2877 2575 ferias
2926 2528 3168 2590 agentes.
3221 2518 3426 2572 Etenim
3454 2517 3620 2571 etiam

2050 2617 2154 2670 hoc
2185 2617 2440 2670 nimirum
2477 2630 2687 2686 magna:
2714 2614 2995 2684 sapientia:
3023 2620 3186 2682 atque
3239 2610 3473 2666 solertia
3502 2607 3623 2677 ejus

2051 2711 2443 2765 documentum
2485 2718 2600 2772 est,
2653 2708 2798 2778 quod
2839 2723 2963 2761 cum
3015 2720 3207 2760 omnes
3250 2719 3362 2758 sua
3396 2717 3624 2772 prorsus

2051 2803 2229 2857 atatis
2255 2817 2320 2856 ac
2341 2801 2520 2872 gentis
2555 2800 2804 2855 homines
2837 2800 2902 2853 ad
2941 2813 3138 2852 novum
3163 2797 3286 2850 vita
3318 2794 3622 2849 institutum

2054 2893 2495 2957 transformaret,
2549 2899 2600 2947 et
2645 2899 2904 2960 tanquam
2938 2890 3124 2959 auriga
3158 2887 3378 2958 quidam
3419 2893 3626 2952 natura

2059 2982 2354 3051 prafectus
2385 2979 2509 3035 ﬁdei
2545 2995 2608 3034 ac
2632 2979 2728 3034 Dei
2763 2978 3062 3051 agnitionis
3111 2976 3281 3032 frenis
3318 2990 3413 3031 eos
3454 2973 3624 3027 ﬁrmi-

2053 3080 2136 3128 ter
2163 3074 2500 3143 subjugaret,
2545 3071 2884 3140 indulgebat,
2933 3080 2992 3124 ut
3040 3068 3320 3138 paululum
3365 3063 3625 3134 quiddam

378 3152 449 3204 ἂν
480 3152 541 3204 τὸ
572 3156 981 3226 προηγούμενον
1009 3158 1145 3221 τέως
1177 3161 1235 3211 ἐν
1281 3162 1465 3224 αὐτοῖς
1490 3161 1720 3230 μάλιστα
1755 3179 1950 3231 κατορ-

2057 3163 2258 3217 subditi
2288 3163 2536 3232 subjugo
2563 3161 2684 3217 ﬁdei
2710 3161 2891 3215 latitia
2911 3161 3266 3214 exsultarent.
3293 3155 3427 3211 Cum
3451 3156 3628 3209 anim-

377 3241 598 3314 θωθείη,
635 3245 694 3297 τὸ
721 3247 856 3317 πρὸς
878 3247 1009 3301 Θεὸν
1041 3249 1160 3302 ἀντὶ
1185 3250 1293 3303 τῶν
1328 3250 1570 3320 ματαίων
1598 3252 1954 3321 σεϐασμάτων

377 3331 620 3402 βλέπειν,
653 3337 936 3406 ἐπαφῆκεν
960 3340 1142 3402 αὐτοῖς
1166 3343 1284 3404 ταῖς
1311 3341 1418 3393 τῶν
1453 3341 1621 3407 ἁγίων
1663 3341 1951 3411 μαρτύρων

376 3422 840 3494 ἐμφαιδρύνεσθαι
875 3429 1135 3497 μνήμαις,
1162 3427 1254 3480 καὶ
1292 3429 1567 3493 εὐπαθεῖν,
1602 3429 1696 3480 καὶ
1721 3429 1950 3510 ἀγάλλε-

379 3513 526 3577 σθαι,
558 3515 633 3578 ὠς
658 3517 833 3588 χρόνῳ
860 3519 988 3571 ποτέ
1012 3521 1149 3573 κατά
1178 3521 1237 3573 τὸ
1262 3521 1565 3592 αὐτόματον
1587 3523 1722 3593 πρὸς
1755 3525 1948 3594 σεμνό-

376 3606 534 3676 τερόν
587 3625 646 3660 τε
694 3611 786 3663 καὶ
829 3612 1217 3683 ἀκριϐέστερον
1283 3615 1783 3687 μετατεθησομένου
1854 3618 1949 3671 τοῦ

379 3696 521 3765 βίου,
563 3701 656 3752 καὶ
704 3701 838 3782 πρδς
880 3704 1054 3758 ἐκεῖνο
1097 3705 1511 3776 καθηγουμένης
1551 3705 1652 3775 τῆς
1694 3707 1948 3772 πίστεως,

377 3787 519 3858 ὅπερ
544 3789 606 3860 δὴ
637 3791 728 3843 καὶ
758 3793 815 3843 ἐν
842 3795 953 3856 τοῖς
978 3793 1193 3856 πολλοῖς
1239 3795 1338 3864 ἤδη
1371 3795 1725 3867 κατωρθώθη,
1771 3797 1949 3866 πάσης

379 3879 646 3950 θυμηδίας
667 3883 775 3936 ἀπὸ
801 3885 912 3936 τῶν
948 3885 1038 3938 τοῦ
1066 3885 1314 3954 σώματος
1336 3887 1507 3958 ἡδέων
1543 3888 1678 3958 πρὸς
1702 3889 1762 3942 τὸ
1789 3907 1950 3942 πνευ-

383 3972 611 4040 ματικὸν
631 3974 731 4044 τῆς
754 3975 1088 4047 εὐφροσύνης
1121 3973 1259 4040 εἶδος
1299 3979 1702 4050 μετατεθείσης.

2056 3241 2385 3307 advertisset
2417 3254 2562 3307 enim
2603 3250 2750 3321 quod
2786 3259 3006 3320 propter
3031 3248 3282 3318 corporis
3317 3247 3626 3314 voluptates

2053 3343 2287 3412 simplex
2313 3349 2368 3396 et
2397 3342 2709 3411 imperitum
2743 3342 2938 3411 vulgus
2974 3339 3025 3392 in
3059 3353 3248 3394 errore
3298 3336 3627 3392 simulacro-

2049 3449 2171 3487 rum
2207 3433 2391 3488 cultus
2412 3439 2778 3501 permaneret.
2803 3447 2912 3502 quo
2939 3430 3172 3484 maxime
3207 3427 3282 3492 id,
3317 3425 3460 3496 quod
3485 3440 3625 3496 pra-

2048 3525 2268 3595 cipuum
2296 3530 2410 3585 est,
2443 3523 2662 3578 interim
2709 3521 2765 3576 in
2797 3523 2864 3578 iis
2893 3530 3298 3590 assequeretur,
3331 3530 3524 3585 nempe
3559 3522 3619 3568 ut

2057 3616 2214 3670 vanis
2239 3614 2727 3685 superstitionibus
2769 3613 2972 3668 relictis
3021 3611 3086 3665 ad
3131 3610 3298 3664 Deum
3348 3615 3628 3662 converte-

2056 3717 2266 3771 rentur,
2301 3706 2552 3776 permisit
2583 3705 2699 3768 eis,
2747 3714 2802 3759 ut
2835 3705 2891 3760 in
2945 3702 3262 3758 memoriam
3313 3707 3628 3754 sanctorum

2056 3807 2356 3870 martyrum
2397 3813 2520 3854 sese
2562 3798 2934 3854 exhilararent
2983 3803 3038 3850 et
3075 3795 3438 3854 oblectarent,
3469 3799 3632 3858 atque

2056 3894 2114 3947 in
2150 3893 2393 3948 latitiam
2437 3890 2849 3947 effunderentur
2895 3908 2908 3945 :
2945 3889 3090 3959 quod
3131 3901 3394 3943 successu
3426 3893 3627 3953 tempo-

2054 3987 2134 4041 ris
2163 3983 2461 4054 aliquando
2492 3983 2735 4038 futurum
2757 3990 3000 4044 esset,ut
3035 3995 3132 4036 sua
3166 3986 3361 4049 sponte
3389 3975 3634 4029 homines

382 4063 451 4116 ad
476 4065 840 4121 honestiorem
865 4077 918 4122 et
946 4069 1275 4123 exactiorem
1303 4071 1422 4124 vita
1454 4071 1718 4125 rationem
1761 4073 2081 4139 transirent,
2131 4076 2435 4147 praesertim
2485 4091 2611 4131 cum
2660 4075 2826 4130 etiam
2879 4071 3011 4127 ﬁdes
3051 4071 3115 4125 ad
3159 4071 3302 4124 illam
3342 4080 3452 4121 rem
3493 4064 3631 4116 viam

381 4165 828 4223 pramonstraret
861 4177 874 4211 :
906 4175 1027 4228 qua
1057 4175 1144 4214 res
1181 4161 1437 4214 nimirum
1472 4161 1584 4232 jam
1613 4162 1778 4216 etiam
1809 4163 1862 4217 in
1903 4166 2180 4237 plerisque
2209 4167 2479 4222 successit
2508 4174 2674 4236 atque
2700 4162 2947 4218 confecta
2981 4167 3085 4224 est,
3113 4159 3258 4213 omni
3293 4157 3568 4222 voluptate
3601 4164 3632 4203 a

383 4251 634 4317 corporis
671 4251 1082 4306 oblectamentis
1116 4252 1180 4304 ad
1219 4253 1555 4322 spiritualem
1591 4255 1786 4309 latitia
1822 4256 2052 4312 formam
2080 4259 2348 4314 traducta.

453 4342 656 4395 Τοῦτον
679 4344 734 4396 δὲ
767 4345 857 4397 τὸν
883 4346 1082 4416 τρόπον
1115 4345 1602 4417 ἐμπολιτευόμενος
1624 4351 1692 4420 τῇ
1725 4349 1956 4420 Ἐκκλη-

2135 4352 2271 4407 Cum
2304 4359 2485 4406 autem
2512 4348 2616 4404 hoc
2642 4346 2804 4403 modo
2830 4361 2890 4401 se
2925 4350 3159 4415 gereret,
3191 4347 3246 4394 et
3282 4351 3505 4392 munere
3533 4352 3634 4392 suo

385 4434 498 4502 σία,
534 4435 624 4487 καὶ
663 4435 898 4507 σπουδὴν
951 4436 1090 4504 ἔχων
1149 4436 1256 4507 πρὸ
1291 4439 1389 4508 τῆς
1418 4440 1482 4490 ἐκ
1515 4438 1608 4492 τοῦ
1643 4439 1759 4510 βίου
1794 4458 1950 4511 μετα-

2065 4443 2386 4516 fungeretur
2416 4444 2470 4497 in
2488 4436 2734 4500 Ecclesia
2765 4433 3226 4494 administranda,
3254 4439 3308 4486 et
3339 4438 3633 4498 antequam

386 4526 629 4588 στάσεως
655 4526 863 4590 πάντας
898 4528 1025 4580 ίδεῖν
1057 4529 1192 4600 πρὸς
1214 4529 1310 4600 τὴν
1347 4530 1609 4602 σωτήριον
1646 4531 1826 4584 πίστιν
1857 4532 1963 4586 ἀπὸ

383 4617 495 4669 τῶν
542 4618 772 4670 είδὼλων
819 4618 1176 4688 μεταθέντας·
1234 4621 1418 4689 ἐπειδὴ
1476 4622 1724 4692 προέγνω
1770 4623 1962 4676 ἑαυτοῦ

385 4709 486 4778 τὴν
535 4710 885 4779 μετάστασιν,
915 4711 1117 4781 σπουδῇ
1181 4712 1360 4763 πᾶσάν
1407 4728 1466 4762 τε
1497 4712 1596 4780 τὴν
1663 4713 1966 4782 περιοικίδα

386 4800 798 4873 διηρευνήσατο,
835 4803 1024 4872 μαθεῖν
1058 4803 1226 4856 θέλων
1261 4803 1314 4855 εἴ
1359 4821 1504 4866 τινες
1555 4800 1664 4856 εἷεν
1706 4805 1757 4857 οί
1820 4823 1966 4876 περι-

389 4889 696 4958 λειφθέντες
749 4891 853 4955 ἔξω
913 4895 1008 4964 τῆς
1066 4892 1316 4956 πίστεως.
1355 4893 1504 4946 Ἐπεὶ
1543 4889 1637 4946 οὖν
1674 4893 1816 4961 ἔγνω
1841 4895 1966 4958 τοὺς

390 4986 922 5055 παραμεμενηκότας
952 4988 1018 5056 τῇ
1045 4985 1247 5057 ἀρχαίᾳ
1268 4984 1440 5058 πλάνῃ
1473 4985 1547 5057 μὴ
1577 4985 1796 5050 πλείους
1827 4981 1966 5039 εἶναι

388 5077 497 5129 τῶν
553 5079 941 5141 ἑπτακαίδεκα,
977 5077 1306 5149 Σκυθρωπὺν
1341 5078 1439 5148 μὲν
1482 5078 1576 5130 καὶ
1629 5077 1804 5142 τοῦτο,
1833 5079 1966 5149 φησὶ

391 5169 529 5238 πρὸς
557 5169 646 5223 τὸν
675 5170 806 5222 Θεὸν
838 5170 1167 5239 ἀποϐλέψας,
1197 5169 1256 5223 τὸ
1284 5167 1456 5222 λιπεῖν
1482 5186 1534 5221 τι
1566 5169 1643 5240 τῷ
1668 5171 1776 5222 τῶν
1801 5169 1966 5234 σωζο-

393 5261 572 5331 μένων
625 5261 972 5333 πληρώματι.
1001 5263 1146 5333 Πλὴν
1168 5261 1302 5316 ἀλλὰ
1331 5261 1575 5333 μεγάλης
1620 5262 1966 5332 εὐχαριστίας

393 5349 544 5415 ἄξιον
570 5391 584 5412 ,
615 5352 697 5404 ὅτι
731 5352 1016 5416 τοσούτους
1055 5351 1373 5406 καταλείπει
1423 5351 1551 5414 τοὺς
1581 5351 1968 5420 είδωλολάτρας

391 5441 471 5512 τῷ
497 5444 612 5512 μετ’
633 5444 794 5497 αὑτὸν
819 5445 1155 5516 ἐκδεχομένῳ
1184 5443 1278 5515 τὴν
1321 5445 1665 5514 Ἐκκλησίαν,
1687 5445 1842 5506 ὅσους
1871 5443 1968 5495 αύ-

391 5533 484 5598 τὺς
534 5536 892 5605 Χριστιανοὺς
952 5537 1262 5602 ὑπεδέξατο.
1316 5536 1714 5606 Ἐπευξάμενος
1755 5535 1811 5587 δὲ
1856 5537 1968 5598 τοῖς

393 5641 452 5677 τε
507 5629 922 5682 πεπιστευκόσιν
951 5630 1047 5699 ἤδη
1096 5630 1191 5699 τὴν
1245 5631 1324 5692 είς
1380 5628 1440 5680 τὸ
1494 5628 1690 5680 τέλειον
1721 5625 1966 5696 αὕξησιν,

395 5717 490 5772 καὶ
520 5719 620 5791 τὴν
653 5721 983 5792 ἐπιστροφὴν
1027 5724 1137 5784 τοῖς
1170 5720 1438 5786 ἀπίστοις,
1471 5718 1612 5772 οὕτω
1639 5717 1730 5772 τοῦ
1757 5717 1964 5788 ἀνθρω-

2063 4534 2352 4588 excederet
2385 4533 2515 4594 vita,
2546 4535 2771 4601 cuperet
2800 4541 2990 4582 omnes
3037 4540 3067 4578 a
3103 4520 3414 4578 simulacris
3451 4518 3515 4570 ad
3542 4533 3635 4571 sa-

2066 4624 2297 4677 lutarem
2328 4621 2487 4676 ﬁdem
2514 4619 2700 4674 videre
2724 4628 3052 4677 conversos,
3106 4611 3199 4665 ubi
3231 4623 3390 4664 suum
3426 4606 3633 4659 obitum

2065 4710 2384 4782 prasensit,
2440 4708 2688 4766 studiose
2751 4705 3150 4775 diligenterque
3219 4706 3386 4751 totam
3448 4693 3634 4746 urbem

2065 4816 2367 4873 agrumque
2390 4801 2540 4856 circa
2569 4799 2810 4854 vicinum
2844 4801 3244 4864 perscrutatur,
3277 4788 3416 4844 scire
3447 4784 3638 4840 volens

2066 4896 2224 4966 ecqui
2257 4896 2435 4950 adhuc
2481 4900 2668 4949 essent
2706 4898 2860 4946 extra
2893 4888 3051 4942 ﬁdem
3100 4883 3297 4938 relicti.
3352 4879 3421 4936 Ut
3473 4878 3640 4948 igitur

2065 4988 2343 5060 cognovit,
2374 5002 2483 5041 non
2515 4986 2699 5055 plures
2731 4977 3121 5052 septemdecim
3157 4992 3299 5039 esse,
3331 4974 3424 5044 qui
3465 4973 3517 5026 in
3542 4986 3642 5025 an-

2067 5080 2219 5149 tiquo
2241 5093 2426 5133 errore
2448 5075 2882 5146 permansissent
2907 5091 2920 5125 :
2941 5069 3210 5124 Acerbum
3233 5067 3448 5138 quidem
3475 5063 3637 5118 etiam
3680 5061 3684 5072 '

2067 5173 2200 5235 hoc,
2252 5169 2430 5239 inquit
2487 5169 2553 5220 ad
2596 5166 2766 5222 Deum
2811 5162 3144 5232 suspiciens,
3190 5159 3384 5212 deesse
3431 5153 3636 5223 aliquid

2067 5274 2254 5315 eorum
2307 5255 2673 5327 plenitudini,
2730 5253 2823 5323 qui
2873 5257 3183 5308 servantur.
3249 5245 3637 5301 Verumtamen

2069 5364 2262 5418 magna
2294 5347 2591 5416 gratiarum
2631 5345 2850 5399 actione
2879 5343 3100 5413 dignam
3140 5354 3255 5394 rem
3284 5352 3410 5393 esse
3435 5334 3636 5400 aiebat,

2068 5440 2212 5511 quod
2260 5437 2486 5491 totidem
2538 5437 2957 5491 simulacrorqu
2998 5433 3240 5488 cultores
3305 5429 3641 5496 relinqueret

2068 5531 2139 5592 ci,
2160 5530 2251 5600 qui
2283 5529 2385 5585 sibi
2415 5543 2776 5584 successurus
2802 5534 2949 5580 esset
2980 5525 3032 5578 in
3059 5521 3330 5582 Ecclesia,
3354 5525 3487 5589 quot
3522 5516 3639 5586 ipse

2069 5621 2414 5677 Christianos
2445 5619 2749 5690 accepisset
2789 5635 2801 5672 :
2832 5624 3084 5688 precatus
3116 5623 3307 5668 autem
3342 5619 3398 5666 et
3431 5610 3520 5673 iis,
3545 5606 3640 5677 qui

2067 5715 2179 5785 jam
2215 5712 2609 5778 credidissent,
2661 5711 3059 5768 incrementum
3109 5705 3175 5762 ad
3220 5702 3637 5774 perfectionem.
