4002 6206
382 284 491 342 935

1614 284 1671 339 S.
1733 283 2059 343 GREGORII
2114 288 2404 346 NYSSENI

3526 288 3625 344 956

381 412 436 458 et
464 399 763 456 incredulis
809 399 1257 467 conversionem,
1312 399 1387 455 ita
1428 399 1691 471 (tandem)
1741 417 1807 457 ex
1841 402 1990 464 vita;

2095 405 2211 459 ·ίνου
2244 406 2358 477 βίου
2389 405 2525 477 πρὸς
2562 405 2653 460 τὸν
2692 404 2826 460 Θεὸν
2868 405 3274 476 μετανίσταται,
3324 403 3628 474 ἐπισκὴψας

383 495 622 548 humana
655 494 721 547 ad
755 493 925 548 Deum
976 491 1209 561 migrat,
1259 493 1570 548 obtestatus
1610 495 1954 551 necessarios

384 600 537 647 suos,
573 598 640 636 ne
672 582 998 652 peculiarem
1031 583 1137 638 sibi
1179 583 1361 637 locum
1404 584 1701 653 sepultum
1736 600 1958 654 compa-

385 681 588 728 rarent.
620 673 755 728 Nam
793 674 842 730 si
881 674 1036 729 vivus
1068 674 1271 729 nullius
1317 675 1420 729 loci
1467 676 1725 733 dominus
1765 679 1953 732 vocari

387 764 669 829 voluisset,
699 764 793 821 sed
826 767 879 818 in
911 766 1107 821 alienis
1139 773 1399 834 tanquam
1431 766 1735 835 inquilinus
1758 777 1810 822 et
1837 783 1960 838 per-

386 858 610 928 egrinus
657 859 911 912 habitans
939 858 1105 912 vitam
1140 858 1513 928 transegisset,
1557 875 1624 912 ne
1661 866 1782 929 post
1810 875 1960 913 utor-

388 958 495 1003 tem
521 949 738 1018 quidem
763 963 989 1018 prorsus
1018 947 1405 1016 inquilinatum
1434 946 1536 1001 sibi
1565 947 1820 1003 dedecori
1848 947 1964 1001 fore.

389 1047 577 1109 putare
608 1057 621 1092 :
649 1038 751 1092 Sed
770 1041 1080 1108 insequenti,
1128 1038 1324 1107 inquit,
1360 1038 1554 1092 saeculo
1581 1038 1730 1107 fama
1767 1038 1963 1107 proda-

390 1140 497 1196 tur,
529 1129 666 1195 quod
688 1128 967 1199 Gregorius
990 1145 1082 1183 nec
1106 1131 1274 1183 vivens
1305 1129 1515 1199 quidem
1542 1129 1607 1181 ab
1643 1130 1821 1200 aliquo
1851 1129 1964 1183 loco

389 1222 786 1289 cognominatus
814 1223 906 1283 sit,
933 1232 981 1275 et
1009 1231 1127 1288 post
1159 1229 1377 1274 mortem
1401 1220 1697 1275 alienorum
1729 1221 1966 1275 locorum

390 1307 547 1375 fuerit
574 1308 880 1376 inquilinus,
903 1325 1019 1361 cum
1037 1308 1101 1361 ab
1128 1309 1269 1363 omni
1292 1318 1494 1363 terrena
1514 1311 1839 1377 possessione
1860 1328 1971 1364 sese

393 1399 756 1463 abstinuisset,
809 1401 937 1453 adeo
964 1412 1020 1454 ut
1075 1417 1137 1455 ne
1181 1400 1389 1469 sepeliri
1425 1401 1635 1469 quidem
1671 1403 1726 1455 in
1756 1403 1970 1471 proprio

394 1488 508 1544 loco
557 1491 908 1554 sustinuerit;
973 1493 1145 1546 solum
1196 1495 1334 1547 enim
1388 1494 1541 1547 illam
1590 1495 1969 1561 possessionem

395 1584 681 1650 pretiosam
731 1593 782 1637 et
821 1584 1164 1651 expetendam
1204 1598 1441 1653 putasse,
1485 1601 1602 1655 qua:
1667 1585 1876 1653 fraudis
1923 1593 1972 1638 et

396 1676 639 1729 avaritiae
679 1676 951 1745 vestigium
984 1678 1037 1729 in
1080 1692 1191 1730 sese
1248 1693 1353 1729 non
1396 1677 1650 1730 admittit.
1703 1676 1973 1731 Caeterum

398 1767 545 1838 quod
581 1768 835 1823 universa
870 1777 1093 1839 repente
1124 1769 1272 1822 natio
1308 1784 1336 1821 a
1379 1769 1697 1823 Graecanica
1731 1770 1973 1824 vanitate

398 1862 464 1914 ad
523 1860 857 1930 agnitionem
910 1862 1159 1916 veritatis
1217 1860 1470 1914 traducta
1516 1871 1629 1926 est,
1674 1861 1975 1917 admiretur

399 1952 616 2023 quidem
643 1954 958 2022 quicunque
993 1953 1095 2005 hoc
1123 1952 1391 2022 scriptum
1429 1952 1605 2022 leget;
1651 1968 1814 2007 nemo
1847 1969 1975 2008 vero

402 2046 562 2099 tidem
593 2044 866 2108 detrahat,
898 2044 992 2098 sed
1039 2044 1105 2098 ad
1139 2045 1555 2114 dispositionem
1588 2055 1753 2115 atque
1786 2047 1973 2101 consi-

402 2138 532 2190 lium
572 2136 853 2205 respiciat,
886 2152 998 2206 quo
1024 2144 1171 2190 tanta
1210 2138 1443 2191 mutatio
1480 2136 1621 2190 facta
1654 2146 1738 2192 est
1760 2153 1975 2204 eorum,

401 2228 493 2299 qui
534 2242 564 2281 a
596 2228 884 2283 mendacio
916 2228 983 2283 ad
1032 2230 1318 2283 veritatem
1368 2228 1602 2283 traducti
1633 2237 1781 2286 sunt.
1841 2230 1977 2285 Nam

402 2318 550 2388 quod
577 2318 632 2371 in
664 2318 858 2387 primis
888 2317 1184 2375 sacerdotii
1218 2320 1339 2387 ejus
1382 2320 1717 2390 temporibus
1754 2320 1977 2385 accidit,

403 2410 550 2481 quod
580 2407 647 2462 ad
688 2409 897 2478 reliqua
930 2409 1195 2463 miracula
1238 2408 1507 2463 festinans
1539 2409 1719 2463 oratio
1763 2418 1982 2478 prteter-

407 2502 576 2562 niisit,
611 2515 758 2553 nunc
788 2501 1073 2569 repetitum
1119 2509 1283 2570 atque
1323 2510 1661 2571 resumptum
1687 2506 1979 2571 evponam;
2016 2528 2021 2531 -

409 2592 582 2648 Feria:
610 2592 856 2663 quaedam
885 2592 1117 2661 publica:
1139 2602 1193 2647 et
1223 2593 1565 2649 universales
1591 2602 1747 2647 erant
1777 2593 1831 2647 in
1853 2596 1984 2649 urbe

408 2686 639 2740 tltBtnOlti
670 2685 884 2737 cuidam
917 2684 1238 2749 domestico,
1272 2685 1451 2753 patrio
1505 2684 1741 2753 quodam
1774 2685 1879 2738 ritu
1921 2700 1985 2739 ac

413 2791 561 2831 more
587 2775 817 2830 solemni
849 2776 1112 2829 celebrari
1137 2785 1434 2838 consuetae,
1467 2775 1531 2829 ad
1561 2792 1698 2846 quas
1724 2792 1829 2830 una
1859 2792 1985 2830 eum

414 2866 642 2922 urbanis
687 2865 1047 2920 celebrandas
1108 2865 1361 2920 universa
1411 2867 1802 2935 propemodum
1853 2884 1987 2938 gens

413 2978 477 3018 cx
507 2969 617 3015 tota
663 2975 725 3014 ea
774 2960 994 3030 regione
1038 2957 1346 3036 conﬂuebat
1400 2978 1412 3013 :
1458 2968 1623 3028 atque
1655 2975 1847 3014 eorum
1893 2963 1985 3031 qui

414 3060 830 3115 concurrerant,
861 3052 1130 3106 theatrum
1166 3051 1384 3120 plenum
1415 3059 1551 3115 erat,
1581 3060 1634 3105 et
1660 3067 1873 3113 eorum,
1894 3053 1986 3121 qui

418 3146 676 3216 postremi
705 3144 1057 3207 atiluxerant,
1103 3142 1397 3197 multitudo
1428 3142 1708 3198 subselliis
1751 3143 1992 3214 undique

418 3236 934 3307 superfundebatur,
974 3242 1138 3304 atque
1168 3233 1424 3289 omnibus
1459 3233 1524 3287 ad
1559 3234 1871 3304 spectacula
1912 3243 1994 3287 at-

419 3345 526 3399 que
589 3335 899 3383 acroamata
959 3327 1302 3382 orchestram
1371 3326 1573 3380 intueri
1619 3326 1991 3396 cupientibus,

422 3423 581 3492 plena
613 3427 732 3475 erat
765 3434 930 3475 scena
973 3420 1242 3473 tumultus
1278 3426 1332 3474 et
1367 3418 1772 3488 trepidationis,
1808 3418 1995 3473 irrita-

422 3529 529 3585 que
554 3512 1041 3583 praestigiatoribus
1081 3512 1523 3581 mirabiliumque
1556 3513 1996 3580 spectaculorum

426 3604 730 3659 artiﬁcibus
759 3603 1075 3665 oswntatio,
1116 3602 1353 3656 tumultu
1398 3616 1520 3656 sese
1561 3596 1753 3655 mutuo
1786 3601 1997 3656 consti-

427 3696 672 3765 pantium
736 3709 844 3748 non
896 3692 1058 3747 modo
1104 3693 1528 3748 oblectationem
1563 3691 1787 3745 musicae
1833 3690 2003 3760 impe-

427 3786 630 3849 diente,
656 3783 749 3838 sed
780 3784 851 3839 ne'
870 3783 1291 3838 circulatoribus
1317 3780 1536 3852 quidem
1555 3788 1607 3835 et
1635 3779 2000 3851 praestigiato-

431 3878 584 3932 ribus
605 3889 732 3929 suas
753 3884 899 3929 artes
918 3874 1228 3929 ostentandi
1248 3881 1461 3935 tempus
1483 3871 1838 3928 concedente.
1864 3870 2001 3926 Tum

432 3984 561 4023 vero
593 3967 901 4023 communis
945 3968 1013 4021 ab
1058 3967 1207 4020 omni
1243 3965 1596 4020 multitudine
1628 3966 1869 4035 erumpit
1899 3980 2006 4021 vox

434 4059 858 4121 daemonein.cui
888 4058 1029 4114 diem
1059 4057 1261 4113 festum
1284 4057 1537 4128 agebant,
1572 4057 2004 4126 implorantium,

372 4197 381 4208 .
435 4167 488 4213 et
519 4156 587 4211 ab
610 4155 703 4210 illo
728 4153 833 4209 sibi
858 4152 1132 4206 laxitatem
1160 4149 1274 4205 ﬁeri
1297 4149 1616 4225 petentium.
1644 4145 2008 4220 Posteaquam

434 4257 613 4303 autem
660 4246 916 4301 omnibus
950 4242 1114 4298 simul
1164 4239 1518 4310 loquentibus
1577 4238 1629 4291 in
1674 4239 1847 4292 altum
1904 4253 2009 4291 vox

435 4340 750 4401 tollebatur,
785 4353 846 4391 ac
876 4337 1043 4391 totius
1080 4334 1323 4389 civitatis
1352 4332 1518 4387 veluti
1561 4331 1724 4385 unius
1751 4332 1866 4385 oris
1893 4346 2012 4385 ser-

2055 501 2167 561 τοίς
2195 498 2533 570 ἐπιτηδείοις,
2567 498 2641 570 μὴ
2676 498 2977 570 κτήσασθαι
3006 497 3167 550 τόπον
3199 497 3349 568 αὐτῷ
3373 497 3508 568 πρὸς
3535 516 3631 550 τα-

2059 587 2164 658 φὴν
2200 588 2484 651 ἰδιάζοντα.
2518 589 2581 641 Et
2627 587 2734 658 γὰρ
2767 588 2906 653 ζῶν,
2958 587 3143 658 κύριος
3176 587 3435 657 κληθῆναι
3469 587 3632 640 τόπου

2057 678 2203 741 τινὸς
2225 680 2323 733 οὐκ
2366 678 2604 743 ἐδέξατο,
2636 679 2771 732 ἀλλὰ
2829 677 3110 749 παροικῶν
3133 678 3189 731 ἐν
3218 676 3515 748 ἀλλοτρὶοις
3540 678 3635 730 τὸν

2062 769 2174 841 βίον
2218 770 2493 841 διήγαγεν,
2530 771 2650 824 οὐδέ
2697 771 2833 840 μετὰ
2864 770 3091 824 θάνατον
3120 772 3185 841 τῇ
3214 770 3464 839 παροικίᾳ
3492 770 3634 823 πάνυ

2060 880 2167 927 τως
2198 863 2691 933 ἐπαισχυνθήσεται
2720 878 2734 892 '
2773 863 2925 916 Ἀλλ’
2965 861 3143 927 ἔστω,
3174 862 3337 930 φησὶ,
3368 859 3444 926 τῷ
3483 862 3640 931 μετὰ

2063 953 2247 1007 ταῦτα
2268 955 2386 1018 ,ϐίῳ
2409 951 2685 1022 διήγημα,
2714 952 2804 1006 ὅτι
2833 953 3155 1020 Γρηγόριος
3199 951 3336 1005 οὔτε
3382 949 3491 1009 (Cur
3532 951 3640 1001 e1-

2065 1040 2379 1110 ωνομάσοη
2404 1044 2561 1108 τόπῳ
2586 1042 2721 1103 τινὶ,
2749 1043 2842 1095 καὶ
2862 1040 3011 1110 μετὰ
3035 1040 3293 1094 θάνατον
3312 1039 3642 1106 ἀλλοτρίων

2066 1132 2268 1202 τάρων
2300 1133 2535 1202 ἐγένετο
2589 1132 2893 1200 πάροικος,
2925 1132 3128 1197 πάσης
3159 1130 3269 1199 τῆς
3321 1130 3392 1182 ἐν
3436 1128 3509 1196 τῇ
3564 1127 3640 1197 γῇ

2068 1224 2336 1290 κτήσεως
2362 1224 2579 1277 ἑαυτὸν
2609 1224 2985 1293 ἀποστήσας,
3021 1225 3100 1289 ὡς
3132 1221 3286 1291 μηδὲ
3314 1220 3644 1289 ἐνταφῆναι

2072 1316 2197 1381 ἰδίῳ
2217 1314 2647 1379 καταδέξασθαι
2670 1317 2832 1379 τόπῳ
2850 1333 2862 1345 ·
2885 1316 3084 1383 μόνην
3111 1314 3219 1384 γὰρ
3241 1311 3404 1376 αὐτῷ
3432 1312 3646 1378 κτῆσιν

2072 1408 2272 1477 τιμίαν
2313 1404 2464 1461 εἶναι
2496 1407 2733 1475 ἔκρινεν
2763 1407 3004 1473 ἐκείνην
3026 1446 3040 1470 ,
3074 1404 3112 1472 ἢ
3144 1403 3497 1469 πλεονεξίας
3555 1404 3645 1472 ἐφ’

2072 1499 2296 1567 ἑαυτῆς
2323 1499 2493 1569 ἴχνος
2524 1500 2595 1552 οὐ
2649 1498 2901 1567 δέχεται.
2936 1498 3046 1569 Τὴν
3095 1498 3151 1552 δὲ
3210 1496 3414 1568 ἀθρόαν
3452 1496 3649 1559 παν-τὴ

2072 1590 2166 1643 τοῦ
2197 1589 2382 1653 ἔθνους
2416 1590 2742 1663 μετάστασιν
2765 1591 2871 1643 ἀπὸ
2893 1592 2993 1661 τῆς
3020 1589 3337 1659 Ἑλληνικῆς
3365 1589 3651 1658 ματαιότη-

2076 1699 2167 1746 τος
2189 1683 2267 1745 εἶς
2289 1682 2388 1753 τὴν
2414 1683 2706 1750 ἐπίγνωσιν
2745 1681 2848 1751 τῆς
2886 1680 3143 1750 ἀληθείας
3172 1678 3498 1749 θαυμαζέτω
3524 1678 3653 1730 Exa-

2007 1753 2047 1807 Β
2083 1790 2206 1835 στος
2231 1773 2340 1826 τῶν
2374 1774 2808 1842 ἐντυγχανόντων
2839 1772 2916 1843 τῷ
2964 1772 3126 1841 λόγῳ,
3158 1773 3251 1825 καὶ
3304 1770 3494 1841 μηδεὶς
3524 1771 3649 1822 ἀτι-

2084 1866 2276 1918 στείτω
2313 1865 2449 1936 πρὸς
2477 1866 2574 1936 τὴν
2620 1865 2929 1935 οἰκονομίαν
2962 1864 3192 1933 βλέπων,
3219 1863 3286 1916 δι’
3328 1858 3395 1934 ἧς
3436 1862 3654 1931 γέγονεν

2083 1959 2117 2029 ἡ
2179 1959 2413 2030 τοσαύτη
2471 1958 2738 2029 μεταϐολὴ
2786 1959 2892 2012 τῶν
2937 1957 3369 2028 μετατιθεμένων
3422 1954 3528 2008 ἀπὸ
3563 1954 3652 2007 τοῦ

2082 2051 2309 2123 ψεύδους
2342 2049 2477 2121 πρὸς
2505 2051 2603 2121 τὴν
2636 2049 2914 2119 ἀλήθειαν.
2943 2049 3015 2101 Τὸ
3043 2048 3152 2120 γὰρ
3193 2049 3251 2099 ἐν
3280 2050 3392 2110 τοῖς
3426 2046 3655 2118 premam;

2085 2143 2250 2198 αὑτοῦ
2281 2144 2380 2212 τῆς
2412 2141 2709 2213 ἱερωσύνης
2730 2140 3092 2210 γεγενημένον
3119 2138 3346 2216 χρόνοις,
3373 2140 3509 2207 ὅπερ
3528 2137 3658 2205 πρὸς

2085 2233 2155 2285 τὰ
2182 2230 2347 2285 λοιπὰ
2392 2230 2502 2284 τῶν
2545 2230 2836 2300 θαυμάτων
2885 2228 3234 2299 ἐπειγόμενος
3264 2230 3291 2280 ό
3328 2228 3483 2295 λόγος
3518 2244 3655 2296 παρ·

2088 2325 2309 2394 έδραμε,
2343 2322 2438 2378 νῦν
2478 2320 2834 2375 ἐπαναλαὸὼν
2871 2321 3223 2391 διηγήσομαι.
3257 2318 3451 2388 Ἐορτή
3480 2334 3561 2379 τις
3591 2313 3656 2385 ἦν

2089 2413 2367 2483 πάνδημος
2396 2415 2454 2485 ἐκ
2496 2415 2573 2483 ’τῇ
2630 2410 2803 2474 πόλει,
2844 2409 3060 2480 δαίμονξ
3094 2426 3201 2461 τινι
3251 2408 3357 2461 τῶν
3389 2405 3658 2477 ἐγχωρίων

2089 2502 2231 2556 κατὰ
2259 2520 2310 2555 τι
2358 2503 2585 2572 πάτριον
2623 2489 2885 2571 ἀγομένηῖ
2919 2500 3060 2571 Πρὸς
3079 2498 3282 2568 ταύτην
3317 2496 3460 2551 ἅπαν
3484 2494 3661 2564 σχεδὸν

2093 2597 2343 2665 συνέρρει
2376 2594 2438 2647 τὸ
2474 2593 2645 2658 ἔθνος,
2666 2594 2764 2662 τῆς
2796 2590 2978 2662 χώρας
3007 2591 3185 2658 πάσης
3210 2586 3663 2658 συνεορταζούσης

2091 2691 2156 2758 τῇ
2187 2688 2357 2740 πόλει.
2398 2684 2782 2755 Ἐπεπλήρωτο
2829 2684 2885 2736 δὲ
2913 2682 3018 2735 τῶν
3066 2679 3577 2751 συνδεδραμηκότων
3605 2678 3666 2729 τὸ

2095 2782 2337 2852 θέατρον,
2375 2779 2468 2831 καὶ
2502 2778 2817 2847 ὑπερεχεῖτο
2858 2773 3188 2843 πανταχόθεν
3227 2771 3367 2842 ὑπὲρ
3404 2769 3501 2832 τὰς
3538 2768 3668 2821 καθ-

2097 2871 2254 2941 έδρας
2290 2868 2396 2941 τῶν
2428 2868 2794 2938 ἐπιρρυέντων
2825 2865 2887 2916 τὸ
2913 2862 3136 2933 πλῆθος,
3168 2863 3263 2915 καὶ
3292 2861 3508 2913 πάντων
3544 2856 3669 2926 περὶ

2097 2963 2163 3015 τὰ
2194 2960 2440 3029 θεάματα
2476 2976 2535 3010 τε
2568 2959 2661 3011 καὶ
2708 2956 3033 3026 ἀκροάματα
3078 2953 3211 3024 πρὸς
3243 2951 3340 3021 τὴν
3371 2949 3669 3019 ὀρχήστραν

2098 3051 2422 3105 ἀποϐλέπειν
2470 3045 2928 3117 προθυμουμένων
2953 3083 2968 3106 ,
3000 3041 3227 3113 θορύϐου
3260 3038 3473 3110 πλήρης
3521 3031 3586 3106 ἦν
3631 3038 3665 3104 ἡ

2100 3142 2293 3212 σκηνὴ,
2323 3141 2416 3194 καὶ
2465 3138 2742 3208 ἄπρακτος
2795 3135 3004 3203 ἐγίνετο
3031 3134 3141 3194 τοῖς
3193 3126 3608 3199 θαυματοποιοῖς
3634 3124 3667 3191 ἡ

2100 3232 2376 3296 ἐπίδειξις,
2408 3232 2507 3301 τῆς
2540 3229 2781 3299 ταραχῆς
2811 3226 2918 3278 τῶν
2952 3218 3468 3294 στενοχωρουμένων
3497 3217 3556 3268 οὐ
3592 3215 3673 3285 μό-

2101 3343 2190 3380 νον
2221 3326 2319 3395 τὴν
2349 3322 2643 3376 ἀπόλαυσιν
2677 3319 2775 3387 τῆς
2822 3316 3087 3389 μουσικῆς
3117 3309 3543 3378 ἐπικοπτούσης,
3566 3305 3671 3358 ἀλλ’

2102 3412 2223 3466 οὔτε
2266 3414 2378 3473 τοῖς
2411 3407 2831 3479 θαυματοποιοῖς
2874 3401 3180 3470 ἐνδιδούσης
3217 3395 3410 3466 καιρὸν
3443 3394 3510 3446 τὰ
3560 3394 3681 3444 ἐαυο

2104 3503 2211 3557 τῶν
2268 3498 2690 3554 ἐπιδείκνυσθαι.
2747 3493 2914 3546 Ἔνθα
2962 3492 3019 3544 δέ
3074 3488 3227 3557 κοινὴ
3282 3485 3434 3556 παρὰ
3489 3480 3679 3540 παντὸς

2107 3596 2437 3667 ἐκρήγνυται
2464 3589 2558 3644 τοῦ
2585 3590 2758 3659 δήμου
2786 3584 2958 3657 φωνὴ,
2982 3582 3071 3635 τὸν
3102 3580 3351 3650 δαίμονα,
3373 3569 3417 3644 ᾧ
3446 3575 3544 3645 τὴν
3568 3575 3683 3667 ἐορ-

2105 3688 2202 3759 τὴν
2235 3682 2390 3755 ἦγον,
2425 3680 2853 3743 ἀνακαλούντων,
2899 3678 2994 3730 καὶ
3034 3676 3162 3742 παρ’
3193 3670 3402 3725 ἐκείνου
3448 3668 3547 3736 τὴν
3597 3664 3683 3716 es-

2111 3753 2387 3850 ρυχωρίαν
2451 3774 2634 3835 αὐτοῖς
2689 3768 2981 3834 ἀξιούντων
3048 3761 3318 3833 γενέσθαι.
3368 3756 3583 3825 Ἐπειδὴ
3629 3753 3685 3806 δὲ

2358 3865 2607 3937 ἀλλήλοις
2654 3857 3172 3932 συμφθεγγομένων,
3197 3855 3273 3916 εἰς
3302 3850 3433 3920 ὕψος
3466 3848 3627 3918 ᾔρετο
3647 3847 3687 3937 Ai]

2111 3962 2283 4034 φωνὴ,
2328 3960 2421 4014 καὶ
2464 3935 2643 4026 πάσης
2691 3954 2864 4008 ἐδόκει
2900 3951 3003 4021 τῆς
3048 3947 3255 4008 πόλεως
3294 3941 3543 4008 καθάπερ
3570 3935 3688 4034 ἐνός

2111 4072 2253 4119 τινος
2318 4052 2579 4122 στόματος
2605 4051 2634 4101 ὁ
2661 4047 2818 4115 λόγος
2852 4040 3013 4107 εἶναι,
3064 4043 3093 4094 ὁ
3135 4039 3236 4109 τὴν
3283 4034 3445 4107 εὐχὴν
3486 4028 3686 4098 ταύτην

2114 4146 2403 4218 προσάγων
2433 4142 2511 4212 τῷ
2545 4142 2758 4211 δαίμονι
2799 4132 2888 4207 (ἦν
2935 4135 2988 4188 δέ
3043 4135 3074 4203 ἡ
3124 4130 3281 4202 εὐχὴ,
3306 4129 3377 4191 ὡς
3405 4125 3487 4178 ἐπ’
3513 4122 3687 4191 αὐτῆς

2116 4239 2343 4294 ἀκοῦσαι
2368 4237 2464 4306 τῆς
2494 4233 2690 4300 λέξεως
2726 4246 2741 4260 ·
2773 4229 2887 4282 Ζεῦ
2911 4267 2924 4291 ,
2950 4226 3211 4292 ποίησον
3247 4219 3387 4290 ἡμῖν
3440 4214 3647 4283 τόπον)
3673 4232 3686 4244 ·

2118 4330 2354 4392 ἀκούσας
2372 4329 2428 4380 δὲ
2456 4329 2483 4379 6
2522 4324 2694 4396 μέγας
2746 4322 2950 4381 ἐκεῖνος
2986 4317 3077 4370 τοῦ
3122 4316 3254 4386 ἤχου
3288 4311 3396 4365 τῶν
3434 4306 3696 4377 ὀνομαστὶ

439 4449 527 4486 mo
556 4445 679 4485 esse
714 4429 1021 4489 videbatur,
1077 4419 1187 4495 quo
1224 4427 1306 4480 lite
1346 4440 1537 4496 preces
1581 4422 1815 4477 danuoni
1851 4421 1990 4475 adhi-

2118 4418 2502 4488 ἐπιϐοωμένων
2532 4415 2621 4468 τὸν
2651 4413 2879 4482 δαίμονα
2902 4451 2916 4472 .
2948 4409 3073 4479 παρ’
3104 4402 3164 4459 οὗ
3216 4404 3313 4475 τὴν
3354 4400 3697 4473 εὐρυχωρίαν

2128 4512 2151 4519 ..
2411 4508 2421 4519 .
2464 4506 2489 4519 Α
2616 4507 2642 4519 ι..
2733 4502 2765 4519 n
2932 4518 2939 4519 ,
2965 4499 2997 4519 ,ι
3054 4496 3186 4519 _-1_
3218 4494 3411 4519 ...'._-:.-
3476 4490 3697 4519 -.ι...ν,.-

438 4524 713 4578 bebantur
742 4518 894 4593 (erat
928 4526 1110 4573 autem
1141 4516 1404 4586 precatio,
1437 4525 1496 4570 ut
1544 4517 1661 4585 ipsa
1690 4515 1858 4570 verba
1888 4512 2012 4582 ejus

439 4617 776 4673 audiantur:
824 4611 1056 4681 Jupiter,
1095 4610 1181 4679 [ac
1224 4609 1373 4663 nobis
1415 4608 1630 4679 locum),
1663 4603 1850 4662 audito
1884 4619 2016 4660 sane

380 4729 385 4733 ·
441 4725 672 4781 magnus
698 4707 791 4762 ille
833 4704 914 4758 vir
949 4717 1090 4758 sono
1126 4699 1453 4757 nominatim
1493 4700 1868 4755 invocantium
1901 4698 2013 4752 da:-

2121 4512 2281 4582 ᾔτουν
2302 4506 2552 4576 γενέσθαι
2580 4507 2646 4576 τῇ
2678 4502 2848 4569 πόλει,
2874 4499 3008 4571 φησὶ
3051 4496 3186 4568 πρὸς
3215 4494 3432 4556 αὐτοὺς,
3475 4490 3698 4560 πέμψας

2120 4601 2241 4655 τινὰ
2268 4599 2375 4653 τῶν
2421 4596 2862 4669 παρεστηκότων,
2893 4589 3213 4661 δοθήσεσθαι
3254 4588 3437 4646 αὐτοῖς
3458 4584 3582 4636 ὅσον
3611 4583 3700 4634 οὐ-

2121 4694 2268 4746 δέπω
2298 4690 2518 4743 πλείονα
2546 4689 2644 4758 τῆς
2664 4687 2827 4758 εὐχῆς
2857 4684 2956 4754 τὴν
2981 4679 3338 4753 εὐρυχωρίαν,

441 4765 680 4866 nionem,
714 4815 742 4853 a
772 4813 883 4870 quo
912 4796 1197 4852 laxitatem
1230 4791 1442 4848 civitati
1479 4791 1596 4848 ﬁeri
1629 4791 1910 4862 petebant,
1949 4786 2187 4858 quodam
2214 4799 2279 4840 ex
2305 4781 2661 4839 adstantibus
2687 4778 2756 4834 ad
2784 4793 2884 4836 eos
2908 4776 3101 4839 misso,
3136 4771 3423 4825 laxitatem
3450 4768 3529 4823 ait
3564 4765 3700 4836 ipsis

442 4908 565 4946 mox
602 4891 788 4945 datum
831 4891 894 4944 iri
932 4889 1217 4960 majorem,
1249 4904 1413 4960 quam
1445 4896 1720 4959 optarent.

514 4988 629 5043 Hac
657 4996 836 5041 autem
869 4988 939 5042 ab
969 5004 1034 5042 eo
1083 5003 1218 5042 voce
1271 4993 1534 5054 tanquam
1588 4982 1737 5038 tristi
1787 4980 2021 5051 quadam

445 5082 713 5141 sententia
748 5080 978 5151 prolata,
1025 5078 1338 5150 pestilentia
1376 5070 1722 5146 frequentem
1753 5074 1904 5128 illum
1943 5071 2019 5126 l'e-

444 5178 555 5232 rias
604 5173 881 5245 agentium
935 5181 991 5227 et
1044 5172 1206 5225 ludos
1245 5168 1648 5223 celebrantium
1686 5171 2020 5220 conventum

444 5270 671 5339 excipit.
699 5269 774 5321 Ac
810 5265 992 5322 statim
1026 5260 1452 5332 tripudiantinm
1480 5257 1666 5312 choris
1704 5253 2025 5309 lamentatio

449 5362 805 5422 miscebatur,
855 5357 991 5411 adeo
1032 5362 1089 5407 ut
1138 5354 1191 5406 in
1230 5353 1411 5406 luctus
1452 5357 1506 5403 et
1558 5346 1899 5401 calamitates
1947 5343 2026 5398 eis

450 5451 756 5519 voluptates
799 5455 1271 5507 converterentur,
1320 5457 1444 5498 cunt
1502 5455 1596 5509 pro
1647 5437 1930 5507 plausibus
1972 5442 2025 5489 et

450 5552 615 5595 cantu
661 5541 916 5595 tibiarum
955 5540 1074 5593 alia:
1116 5552 1280 5607 super
1315 5536 1451 5588 alias
1491 5532 1680 5587 nmuiae
1720 5539 2025 5599 cantusque

452 5632 710 5699 lugubres
740 5633 931 5687 urbem
970 5630 1174 5701 passim
1203 5627 1558 5683 invasissent.
1602 5622 1739 5678 Cum
1773 5622 1915 5676 enim
1947 5636 2025 5676 se-

455 5724 562 5779 tncl
613 5723 840 5778 morbus
902 5723 1150 5777 homines
1199 5719 1517 5782 invasisset,
1560 5715 1817 5784 opinione
1862 5713 2022 5771 citius

2187 4973 2403 5042 Ταύτης
2431 4972 2487 5025 δὲ
2509 4970 2639 5041 παρ’
2677 4966 2843 5022 αὑτοῦ
2897 4966 2999 5038 τῆς
3038 4965 3218 5036 φωνῆς
3248 4955 3357 5015 οἷόν
3389 4973 3535 5019 τινος
3581 4971 3705 5007 σκυσ

2121 5064 2342 5136 θρωπῆς
2373 5062 2700 5131 ἀποφάσεως
2724 5058 3095 5129 ἐξενεχθείσης
3116 5099 3130 5122 ,
3153 5052 3340 5123 λοιμὸς
3370 5049 3469 5121 τὴν
3497 5046 3703 5116 πάνδη·

2127 5172 2226 5226 μον
2271 5153 2481 5224 ἐκείνην
2514 5149 2829 5222 ἱερομηνίαν
2885 5146 3186 5216 ἐκδέχεται.
3212 5141 3325 5196 Καὶ
3360 5138 3705 5208 παραχρῆμα

2126 5248 2485 5319 κατεμίγνυτο
2544 5247 2662 5307 ταῖς
2698 5239 3074 5315 χοροστασίαις
3103 5239 3129 5292 ό
3162 5235 3380 5306 θρῆνος,
3420 5231 3560 5285 ὥστε
3611 5228 3707 5319 αύ-

2126 5345 2235 5405 τοῖς
2262 5318 2338 5403 εἰς
2365 5338 2534 5407 πένθη
2564 5336 2655 5390 καλ⁴
2687 5333 2972 5405 συμφορὰς
3011 5326 3452 5402 μεταστραφῆναι
3481 5321 3580 5383 τὰς
3616 5318 3706 5371 θυ-

2135 5434 2349 5506 μηδίας,
2376 5431 2494 5484 ἀντὶ
2520 5428 2697 5483 αὐλῶν
2731 5426 2824 5481 καὶ
2850 5425 3059 5496 κρότων
3090 5420 3191 5488 τῆς
3231 5414 3531 5484 ἐπαλλήλου
3577 5411 3704 5479 θρη-

2132 5500 2321 5586 νωδίας
2364 5518 2720 5588 διαλαϐούσης
2752 5516 2850 5587 τὴν
2884 5514 3055 5568 πόλιν.
3091 5507 3397 5578 Ἐνσκῆψαν
3427 5504 3536 5574 γὰρ
3560 5500 3703 5562 ἅπαξ

2133 5619 2241 5679 τοῖς
2268 5611 2571 5684 ἀνθρώποις
2591 5610 2651 5664 τὸ
2672 5608 2860 5670 πάθος,
2891 5606 3082 5659 θᾶττον
3108 5602 3141 5672 ἢ
3173 5600 3293 5652 κατ’
3328 5594 3543 5656 ἐλπίδας
3568 5589 3701 5684 διεξο

2133 5707 2218 5779 ῄει
2267 5704 2434 5774 πυρός
2481 5703 2631 5771 δίκην
2679 5700 2803 5763 τοὺς
2846 5698 3025 5760 οἴκους
3073 5691 3524 5756 ἐπιϐοσκόμενον,
3563 5681 3698 5737 ὥστε
