  <div class='ocr_page' id='page_1' title='image "/cluster/home/n/w/nwhite01/storage/ocr_20150623/46/hvd.32044054112198/494.png"; bbox 0 0 4002 6206; ppageno 0'>
   <div class='ocr_carea' id='block_1_1' title="bbox 416 342 524 397">
    <p class='ocr_par' dir='ltr' id='par_1_1' title="bbox 416 342 524 397">
     <span class='ocr_line' id='line_1_1' title="bbox 416 342 524 397; baseline -0.009 -2"><span class='ocrx_word' id='word_1_1' title='bbox 416 342 524 397; x_wconf 82' lang='lat'><strong>957</strong></span> 
     </span>
    </p>
   </div>
   <div class='ocr_carea' id='block_1_2' title="bbox 1409 349 2716 414">
    <p class='ocr_par' dir='ltr' id='par_1_2' title="bbox 1409 349 2716 414">
     <span class='ocr_line' id='line_1_2' title="bbox 1409 349 2716 414; baseline 0.005 -11"><span class='ocrx_word' id='word_1_2' title='bbox 1409 349 1497 403; x_wconf 84' lang='lat' dir='ltr'><strong>DE</strong></span> <span class='ocrx_word' id='word_1_3' title='bbox 1528 349 1690 405; x_wconf 78' lang='lat' dir='ltr'><strong>VJTA</strong></span> <span class='ocrx_word' id='word_1_4' title='bbox 1731 350 1791 407; x_wconf 87' lang='lat' dir='ltr'><strong>S.</strong></span> <span class='ocrx_word' id='word_1_5' title='bbox 1825 351 2153 408; x_wconf 78' lang='lat' dir='ltr'><strong>GREGOllll</strong></span> <span class='ocrx_word' id='word_1_6' title='bbox 2183 353 2716 414; x_wconf 76' lang='lat' dir='ltr'><strong>TlIAUMATURGl.</strong></span> 
     </span>
    </p>
   </div>
   <div class='ocr_carea' id='block_1_3' title="bbox 3573 363 3676 416">
    <p class='ocr_par' dir='ltr' id='par_1_3' title="bbox 3573 363 3676 416">
     <span class='ocr_line' id='line_1_3' title="bbox 3573 363 3676 416; baseline 0 0"><span class='ocrx_word' id='word_1_7' title='bbox 3573 363 3676 416; x_wconf 76' lang='lat'><strong>958</strong></span> 
     </span>
    </p>
   </div>
   <div class='ocr_carea' id='block_1_4' title="bbox 416 456 1980 544">
    <p class='ocr_par' dir='ltr' id='par_1_4' title="bbox 416 456 1980 537">
     <span class='ocr_line' id='line_1_4' title="bbox 416 456 1980 537; baseline 0.007 -26"><span class='ocrx_word' id='word_1_8' title='bbox 416 456 752 529; x_wconf 82' lang='grc' dir='ltr'>πληροῦσθαι</span> <span class='ocrx_word' id='word_1_9' title='bbox 804 460 901 528; x_wconf 78' lang='grc' dir='ltr'>μὲν</span> <span class='ocrx_word' id='word_1_10' title='bbox 928 461 1035 515; x_wconf 82' lang='grc' dir='ltr'>τῶν</span> <span class='ocrx_word' id='word_1_11' title='bbox 1075 465 1140 533; x_wconf 83' lang='grc' dir='ltr'>τῇ</span> <span class='ocrx_word' id='word_1_12' title='bbox 1197 464 1334 531; x_wconf 85' lang='grc' dir='ltr'>νόσῳ</span> <span class='ocrx_word' id='word_1_13' title='bbox 1383 466 1901 537; x_wconf 73' lang='grc' dir='ltr'><strong>καταφθειρομένων</strong></span> <span class='ocrx_word' id='word_1_14' title='bbox 1933 468 1980 522; x_wconf 76' lang='grc' dir='ltr'>τὲ</span> 
     </span>
    </p>
   </div>
   <div class='ocr_carea' id='block_1_5' title="bbox 2080 456 3674 544">
    <p class='ocr_par' dir='ltr' id='par_1_5' title="bbox 2105 471 3674 544">
     <span class='ocr_line' id='line_1_5' title="bbox 2105 471 3674 544; baseline 0.001 -19"><span class='ocrx_word' id='word_1_15' title='bbox 2105 474 2511 544; x_wconf 78' lang='lat' dir='ltr'><strong>propagabatur</strong></span> <span class='ocrx_word' id='word_1_16' title='bbox 2541 479 2710 543; x_wconf 89' lang='lat' dir='ltr'><strong>atque</strong></span> <span class='ocrx_word' id='word_1_17' title='bbox 2735 471 3011 540; x_wconf 88' lang='lat' dir='ltr'><strong>serpebat,</strong></span> <span class='ocrx_word' id='word_1_18' title='bbox 3050 472 3196 542; x_wconf 77' lang='lat' dir='ltr'><strong>ignis</strong></span> <span class='ocrx_word' id='word_1_19' title='bbox 3231 472 3287 525; x_wconf 92' lang='lat' dir='ltr'><strong>in</strong></span> <span class='ocrx_word' id='word_1_20' title='bbox 3319 471 3542 526; x_wconf 88' lang='lat' dir='ltr'><strong>modum</strong></span> <span class='ocrx_word' id='word_1_21' title='bbox 3573 473 3674 526; x_wconf 87' lang='lat' dir='ltr'><strong>do-</strong></span> 
     </span>
    </p>
   </div>
   <div class='ocr_carea' id='block_1_6' title="bbox 330 546 1992 626">
    <p class='ocr_par' dir='ltr' id='par_1_6' title="bbox 330 546 1992 626">
     <span class='ocr_line' id='line_1_6' title="bbox 330 546 1992 626; baseline 0.007 -28"><span class='ocrx_word' id='word_1_22' title='bbox 330 562 341 569; x_wconf 70' lang='lat'><strong>‘</strong></span> <span class='ocrx_word' id='word_1_23' title='bbox 410 547 539 617; x_wconf 71' lang='grc' dir='ltr'>ἱερά</span> <span class='ocrx_word' id='word_1_24' title='bbox 564 546 672 598; x_wconf 86' lang='grc' dir='ltr'><strong>τῶν</strong></span> <span class='ocrx_word' id='word_1_25' title='bbox 718 548 892 602; x_wconf 80' lang='grc' dir='ltr'>ἐλπίδι</span> <span class='ocrx_word' id='word_1_26' title='bbox 940 549 1233 622; x_wconf 80' lang='grc' dir='ltr'>θεραπείας</span> <span class='ocrx_word' id='word_1_27' title='bbox 1280 555 1770 624; x_wconf 83' lang='grc' dir='ltr'>προσφευγόντων·</span> <span class='ocrx_word' id='word_1_28' title='bbox 1800 556 1992 626; x_wconf 80' lang='grc' dir='ltr'><strong>γέμειν</strong></span> 
     </span>
    </p>
   </div>
   <div class='ocr_carea' id='block_1_7' title="bbox 400 636 1989 717">
    <p class='ocr_par' dir='ltr' id='par_1_7' title="bbox 400 636 1989 717">
     <span class='ocr_line' id='line_1_7' title="bbox 400 636 1989 717; baseline 0.008 -29"><span class='ocrx_word' id='word_1_29' title='bbox 400 636 461 689; x_wconf 81' lang='grc' dir='ltr'>δὲ</span> <span class='ocrx_word' id='word_1_30' title='bbox 497 638 699 708; x_wconf 83' lang='grc' dir='ltr'>πηγὰς,</span> <span class='ocrx_word' id='word_1_31' title='bbox 720 641 813 693; x_wconf 76' lang='grc' dir='ltr'>καὶ</span> <span class='ocrx_word' id='word_1_32' title='bbox 844 644 1226 712; x_wconf 76' lang='grc' dir='ltr'>κρουνοὺς,καὶ</span> <span class='ocrx_word' id='word_1_33' title='bbox 1259 646 1488 717; x_wconf 82' lang='grc' dir='ltr'>φρέατα,</span> <span class='ocrx_word' id='word_1_34' title='bbox 1506 646 1615 701; x_wconf 86' lang='grc' dir='ltr'><strong>τῶν</strong></span> <span class='ocrx_word' id='word_1_35' title='bbox 1649 647 1751 701; x_wconf 84' lang='grc' dir='ltr'><strong>ὑπὸ</strong></span> <span class='ocrx_word' id='word_1_36' title='bbox 1777 648 1876 715; x_wconf 82' lang='grc' dir='ltr'>τῆς</span> <span class='ocrx_word' id='word_1_37' title='bbox 1897 647 1989 701; x_wconf 88' lang='grc' dir='ltr'><strong>τοῦ</strong></span> 
     </span>
    </p>
   </div>
   <div class='ocr_carea' id='block_1_8' title="bbox 404 730 1989 811">
    <p class='ocr_par' dir='ltr' id='par_1_8' title="bbox 404 730 1989 811">
     <span class='ocr_line' id='line_1_8' title="bbox 404 730 1989 811; baseline 0.008 -30"><span class='ocrx_word' id='word_1_38' title='bbox 404 730 716 811; x_wconf 69' lang='grc' dir='ltr'>νοσήματος</span> <span class='ocrx_word' id='word_1_39' title='bbox 760 732 1068 803; x_wconf 80' lang='grc' dir='ltr'><strong>ἀμηχανίας</strong></span> <span class='ocrx_word' id='word_1_40' title='bbox 1108 735 1498 808; x_wconf 85' lang='grc' dir='ltr'>διακαιομένων</span> <span class='ocrx_word' id='word_1_41' title='bbox 1524 740 1581 791; x_wconf 78' lang='grc' dir='ltr'>ἐν</span> <span class='ocrx_word' id='word_1_42' title='bbox 1624 742 1690 810; x_wconf 80' lang='grc' dir='ltr'>τῇ</span> <span class='ocrx_word' id='word_1_43' title='bbox 1728 739 1855 811; x_wconf 69' lang='grc' dir='ltr'>δίψῃ</span> <span class='ocrx_word' id='word_1_44' title='bbox 1883 742 1989 808; x_wconf 74' lang='grc' dir='ltr'><strong>(ἐφ’</strong></span> 
     </span>
    </p>
   </div>
   <div class='ocr_carea' id='block_1_9' title="bbox 408 810 1989 894">
    <p class='ocr_par' dir='ltr' id='par_1_9' title="bbox 408 810 1989 894">
     <span class='ocr_line' id='line_1_9' title="bbox 408 810 1989 894; baseline 0.008 -25"><span class='ocrx_word' id='word_1_45' title='bbox 408 810 487 869; x_wconf 78' lang='grc' dir='ltr'>ὧν</span> <span class='ocrx_word' id='word_1_46' title='bbox 511 820 688 889; x_wconf 78' lang='grc' dir='ltr'>ἠτόνει</span> <span class='ocrx_word' id='word_1_47' title='bbox 722 822 783 874; x_wconf 82' lang='grc' dir='ltr'>τὸ</span> <span class='ocrx_word' id='word_1_48' title='bbox 833 822 975 894; x_wconf 80' lang='grc' dir='ltr'>ὕδωρ</span> <span class='ocrx_word' id='word_1_49' title='bbox 1023 826 1113 878; x_wconf 82' lang='grc' dir='ltr'>τὸν</span> <span class='ocrx_word' id='word_1_50' title='bbox 1152 827 1215 880; x_wconf 80' lang='grc' dir='ltr'>ἐκ</span> <span class='ocrx_word' id='word_1_51' title='bbox 1270 828 1361 882; x_wconf 89' lang='grc' dir='ltr'><strong>τοῦ</strong></span> <span class='ocrx_word' id='word_1_52' title='bbox 1407 828 1610 893; x_wconf 90' lang='grc' dir='ltr'>πάθους</span> <span class='ocrx_word' id='word_1_53' title='bbox 1659 810 1989 883; x_wconf 72' lang='grc' dir='ltr'>κατασϐέσαι</span> 
     </span>
    </p>
   </div>
   <div class='ocr_carea' id='block_1_10' title="bbox 409 909 1989 992">
    <p class='ocr_par' dir='ltr' id='par_1_10' title="bbox 409 909 1989 992">
     <span class='ocr_line' id='line_1_10' title="bbox 409 909 1989 992; baseline 0.009 -31"><span class='ocrx_word' id='word_1_54' title='bbox 409 909 687 980; x_wconf 76' lang='grc' dir='ltr'><strong>φλογμὸν,</strong></span> <span class='ocrx_word' id='word_1_55' title='bbox 716 914 917 984; x_wconf 86' lang='grc' dir='ltr'>ὁμοίως</span> <span class='ocrx_word' id='word_1_56' title='bbox 964 916 1195 986; x_wconf 55' lang='grc' dir='ltr'>ἑκόντων</span> <span class='ocrx_word' id='word_1_57' title='bbox 1244 919 1339 972; x_wconf 59' lang='grc' dir='ltr'><strong>καὶ⁸</strong></span> <span class='ocrx_word' id='word_1_58' title='bbox 1405 920 1543 991; x_wconf 85' lang='grc' dir='ltr'>μετὰ</span> <span class='ocrx_word' id='word_1_59' title='bbox 1594 920 1656 973; x_wconf 86' lang='grc' dir='ltr'>τὸ</span> <span class='ocrx_word' id='word_1_60' title='bbox 1706 920 1870 992; x_wconf 81' lang='grc' dir='ltr'>ὕδωρ,</span> <span class='ocrx_word' id='word_1_61' title='bbox 1896 923 1989 975; x_wconf 78' lang='grc' dir='ltr'>καὶ</span> 
     </span>
    </p>
   </div>
   <div class='ocr_carea' id='block_1_11' title="bbox 409 1000 1985 1080">
    <p class='ocr_par' dir='ltr' id='par_1_11' title="bbox 409 1000 1985 1080">
     <span class='ocr_line' id='line_1_11' title="bbox 409 1000 1985 1080; baseline 0.007 -28"><span class='ocrx_word' id='word_1_62' title='bbox 409 1000 519 1073; x_wconf 81' lang='grc' dir='ltr'>πρὸ</span> <span class='ocrx_word' id='word_1_63' title='bbox 544 1001 638 1054; x_wconf 88' lang='grc' dir='ltr'><strong>τοῦ</strong></span> <span class='ocrx_word' id='word_1_64' title='bbox 666 1002 876 1067; x_wconf 81' lang='grc' dir='ltr'>ὓδατος,</span> <span class='ocrx_word' id='word_1_65' title='bbox 904 1004 1012 1057; x_wconf 83' lang='grc' dir='ltr'><strong>τῶν</strong></span> <span class='ocrx_word' id='word_1_66' title='bbox 1032 1005 1179 1071; x_wconf 78' lang='grc' dir='ltr'>ἅπαξ</span> <span class='ocrx_word' id='word_1_67' title='bbox 1200 1008 1637 1079; x_wconf 87' lang='grc' dir='ltr'>κατασχεθέντων</span> <span class='ocrx_word' id='word_1_68' title='bbox 1665 1009 1740 1079; x_wconf 82' lang='grc' dir='ltr'><strong>τῷ</strong></span> <span class='ocrx_word' id='word_1_69' title='bbox 1780 1010 1985 1080; x_wconf 82' lang='grc' dir='ltr'>πάθει)·</span> 
     </span>
    </p>
   </div>
   <div class='ocr_carea' id='block_1_12' title="bbox 406 1091 1985 1173">
    <p class='ocr_par' dir='ltr' id='par_1_12' title="bbox 406 1091 1985 1173">
     <span class='ocr_line' id='line_1_12' title="bbox 406 1091 1985 1173; baseline 0.006 -30"><span class='ocrx_word' id='word_1_70' title='bbox 406 1091 640 1153; x_wconf 78' lang='grc' dir='ltr'>πολλοὺς</span> <span class='ocrx_word' id='word_1_71' title='bbox 666 1092 721 1145; x_wconf 81' lang='grc' dir='ltr'>δὲ</span> <span class='ocrx_word' id='word_1_72' title='bbox 755 1095 1071 1164; x_wconf 81' lang='grc' dir='ltr'>αὐτομολεῖν</span> <span class='ocrx_word' id='word_1_73' title='bbox 1096 1098 1231 1169; x_wconf 83' lang='grc' dir='ltr'>πρὸς</span> <span class='ocrx_word' id='word_1_74' title='bbox 1254 1100 1377 1162; x_wconf 78' lang='grc' dir='ltr'>τοὺς</span> <span class='ocrx_word' id='word_1_75' title='bbox 1402 1100 1625 1168; x_wconf 67' lang='grc' dir='ltr'>τάφους,</span> <span class='ocrx_word' id='word_1_76' title='bbox 1655 1101 1749 1154; x_wconf 79' lang='grc' dir='ltr'>καὶ</span> <span class='ocrx_word' id='word_1_77' title='bbox 1790 1101 1985 1173; x_wconf 77' lang='grc' dir='ltr'><strong>μηκέτι</strong></span> 
     </span>
    </p>
   </div>
   <div class='ocr_carea' id='block_1_13' title="bbox 403 1185 1986 1263">
    <p class='ocr_par' dir='ltr' id='par_1_13' title="bbox 403 1185 1986 1263">
     <span class='ocr_line' id='line_1_13' title="bbox 403 1185 1986 1263; baseline 0.007 -28"><span class='ocrx_word' id='word_1_78' title='bbox 403 1185 537 1246; x_wconf 83' lang='grc' dir='ltr'>τοὺς</span> <span class='ocrx_word' id='word_1_79' title='bbox 562 1186 850 1255; x_wconf 82' lang='grc' dir='ltr'><strong>περιόντας</strong></span> <span class='ocrx_word' id='word_1_80' title='bbox 887 1187 1136 1257; x_wconf 76' lang='grc' dir='ltr'>ἐξαρκεῖν</span> <span class='ocrx_word' id='word_1_81' title='bbox 1168 1192 1285 1252; x_wconf 83' lang='grc' dir='ltr'>ταῖς</span> <span class='ocrx_word' id='word_1_82' title='bbox 1320 1191 1426 1243; x_wconf 83' lang='grc' dir='ltr'>τῶν</span> <span class='ocrx_word' id='word_1_83' title='bbox 1466 1194 1864 1263; x_wconf 77' lang='grc' dir='ltr'>κατοιχομένων</span> <span class='ocrx_word' id='word_1_84' title='bbox 1893 1211 1986 1246; x_wconf 85' lang='grc' dir='ltr'>τα-</span> 
     </span>
    </p>
   </div>
   <div class='ocr_carea' id='block_1_14' title="bbox 405 1274 1985 1354">
    <p class='ocr_par' dir='ltr' id='par_1_14' title="bbox 405 1274 1985 1354">
     <span class='ocr_line' id='line_1_14' title="bbox 405 1274 1985 1354; baseline 0.008 -30"><span class='ocrx_word' id='word_1_85' title='bbox 405 1275 555 1340; x_wconf 78' lang='grc' dir='ltr'>φαῖς.</span> <span class='ocrx_word' id='word_1_86' title='bbox 595 1274 850 1328; x_wconf 79' lang='grc' dir='ltr'><strong>Γενέσθαι</strong></span> <span class='ocrx_word' id='word_1_87' title='bbox 872 1277 927 1329; x_wconf 77' lang='grc' dir='ltr'>δὲ</span> <span class='ocrx_word' id='word_1_88' title='bbox 961 1279 1061 1331; x_wconf 73' lang='grc' dir='ltr'>οὐκ</span> <span class='ocrx_word' id='word_1_89' title='bbox 1080 1279 1339 1350; x_wconf 81' lang='grc' dir='ltr'>ἀδόκητον</span> <span class='ocrx_word' id='word_1_90' title='bbox 1359 1281 1452 1334; x_wconf 86' lang='grc' dir='ltr'><strong>τοῦ</strong></span> <span class='ocrx_word' id='word_1_91' title='bbox 1484 1283 1651 1336; x_wconf 85' lang='grc' dir='ltr'>κακοῦ</span> <span class='ocrx_word' id='word_1_92' title='bbox 1691 1285 1789 1354; x_wconf 78' lang='grc' dir='ltr'>τὴν</span> <span class='ocrx_word' id='word_1_93' title='bbox 1814 1300 1985 1353; x_wconf 75' lang='grc' dir='ltr'>προσο</span> 
     </span>
    </p>
   </div>
   <div class='ocr_carea' id='block_1_15' title="bbox 406 1359 1985 1442">
    <p class='ocr_par' dir='ltr' id='par_1_15' title="bbox 406 1359 1985 1442">
     <span class='ocr_line' id='line_1_15' title="bbox 406 1359 1985 1442; baseline 0.008 -30"><span class='ocrx_word' id='word_1_94' title='bbox 406 1359 568 1431; x_wconf 76' lang='grc' dir='ltr'>δολὴν</span> <span class='ocrx_word' id='word_1_95' title='bbox 595 1365 707 1442; x_wconf 72' lang='grc' dir='ltr'>τοῖς</span> <span class='ocrx_word' id='word_1_96' title='bbox 762 1362 1102 1435; x_wconf 77' lang='grc' dir='ltr'>ἀνθρὼποις’</span> <span class='ocrx_word' id='word_1_97' title='bbox 1153 1368 1287 1423; x_wconf 85' lang='grc' dir='ltr'>ἀλλά</span> <span class='ocrx_word' id='word_1_98' title='bbox 1340 1387 1482 1433; x_wconf 83' lang='grc' dir='ltr'>τινος</span> <span class='ocrx_word' id='word_1_99' title='bbox 1529 1372 1815 1441; x_wconf 80' lang='grc' dir='ltr'>φάσματος</span> <span class='ocrx_word' id='word_1_100' title='bbox 1862 1375 1985 1425; x_wconf 78' lang='grc' dir='ltr'>ἐπι-</span> 
     </span>
    </p>
   </div>
   <div class='ocr_carea' id='block_1_16' title="bbox 404 1452 1983 1533">
    <p class='ocr_par' dir='ltr' id='par_1_16' title="bbox 404 1452 1983 1533">
     <span class='ocr_line' id='line_1_16' title="bbox 404 1452 1983 1533; baseline 0.008 -31"><span class='ocrx_word' id='word_1_101' title='bbox 404 1452 690 1521; x_wconf 85' lang='grc' dir='ltr'>γινομένου</span> <span class='ocrx_word' id='word_1_102' title='bbox 720 1456 785 1533; x_wconf 75' lang='grc' dir='ltr'><strong>τῇ</strong></span> <span class='ocrx_word' id='word_1_103' title='bbox 835 1454 1098 1527; x_wconf 77' lang='grc' dir='ltr'><strong>μελλούσῃ</strong></span> <span class='ocrx_word' id='word_1_104' title='bbox 1130 1458 1585 1529; x_wconf 76' lang='grc' dir='ltr'>καταφθείρεσθαι</span> <span class='ocrx_word' id='word_1_105' title='bbox 1617 1461 1782 1532; x_wconf 73' lang='grc' dir='ltr'>οἰκίᾳ,</span> <span class='ocrx_word' id='word_1_106' title='bbox 1811 1460 1983 1525; x_wconf 74' lang='grc' dir='ltr'>οὕτως</span> 
     </span>
    </p>
   </div>
   <div class='ocr_carea' id='block_1_17' title="bbox 404 1543 1983 1624">
    <p class='ocr_par' dir='ltr' id='par_1_17' title="bbox 404 1543 1983 1624">
     <span class='ocr_line' id='line_1_17' title="bbox 404 1543 1983 1624; baseline 0.006 -28"><span class='ocrx_word' id='word_1_107' title='bbox 404 1543 794 1599; x_wconf 77' lang='grc' dir='ltr'>ἐπακολουθεῖν</span> <span class='ocrx_word' id='word_1_108' title='bbox 821 1546 917 1617; x_wconf 83' lang='grc' dir='ltr'>τὴν</span> <span class='ocrx_word' id='word_1_109' title='bbox 953 1546 1179 1619; x_wconf 82' lang='grc' dir='ltr'>φθοράν.</span> <span class='ocrx_word' id='word_1_110' title='bbox 1217 1550 1272 1602; x_wconf 86' lang='grc' dir='ltr'>Ἐ</span> <span class='ocrx_word' id='word_1_111' title='bbox 1284 1551 1368 1603; x_wconf 63' lang='grc' dir='ltr'>πελ.</span> <span class='ocrx_word' id='word_1_112' title='bbox 1386 1547 1479 1605; x_wconf 79' lang='grc' dir='ltr'>οὖν</span> <span class='ocrx_word' id='word_1_113' title='bbox 1507 1553 1641 1605; x_wconf 80' lang='grc' dir='ltr'>πᾶσι</span> <span class='ocrx_word' id='word_1_114' title='bbox 1668 1554 1983 1624; x_wconf 77' lang='grc' dir='ltr'>καταφανὴς</span> 
     </span>
    </p>
   </div>
   <div class='ocr_carea' id='block_1_18' title="bbox 402 1634 1981 1713">
    <p class='ocr_par' dir='ltr' id='par_1_18' title="bbox 402 1634 1981 1713">
     <span class='ocr_line' id='line_1_18' title="bbox 402 1634 1981 1713; baseline 0.008 -28"><span class='ocrx_word' id='word_1_115' title='bbox 402 1634 624 1701; x_wconf 84' lang='grc' dir='ltr'>ἐγένετο</span> <span class='ocrx_word' id='word_1_116' title='bbox 667 1637 701 1707; x_wconf 78' lang='grc' dir='ltr'><strong>ἡ</strong></span> <span class='ocrx_word' id='word_1_117' title='bbox 749 1638 897 1691; x_wconf 87' lang='grc' dir='ltr'>αίτία</span> <span class='ocrx_word' id='word_1_118' title='bbox 930 1639 1030 1710; x_wconf 84' lang='grc' dir='ltr'>τῆς</span> <span class='ocrx_word' id='word_1_119' title='bbox 1079 1640 1257 1706; x_wconf 82' lang='grc' dir='ltr'>νόσου,</span> <span class='ocrx_word' id='word_1_120' title='bbox 1291 1642 1371 1694; x_wconf 78' lang='grc' dir='ltr'>ὅτι</span> <span class='ocrx_word' id='word_1_121' title='bbox 1422 1643 1484 1695; x_wconf 85' lang='grc' dir='ltr'>τὸ</span> <span class='ocrx_word' id='word_1_122' title='bbox 1514 1641 1804 1713; x_wconf 74' lang='grc' dir='ltr'>ἐπικληθὲν</span> <span class='ocrx_word' id='word_1_123' title='bbox 1851 1645 1981 1713; x_wconf 87' lang='grc' dir='ltr'>παρ’</span> 
     </span>
    </p>
   </div>
   <div class='ocr_carea' id='block_1_19' title="bbox 399 1726 1981 1805">
    <p class='ocr_par' dir='ltr' id='par_1_19' title="bbox 399 1726 1981 1805">
     <span class='ocr_line' id='line_1_19' title="bbox 399 1726 1981 1805; baseline 0.006 -27"><span class='ocrx_word' id='word_1_124' title='bbox 399 1726 586 1781; x_wconf 82' lang='grc' dir='ltr'>αὐτῶν</span> <span class='ocrx_word' id='word_1_125' title='bbox 614 1728 886 1798; x_wconf 86' lang='grc' dir='ltr'>δαιμόνιον</span> <span class='ocrx_word' id='word_1_126' title='bbox 915 1731 1100 1795; x_wconf 85' lang='grc' dir='ltr'>κακῶς</span> <span class='ocrx_word' id='word_1_127' title='bbox 1134 1732 1370 1803; x_wconf 75' lang='grc' dir='ltr'>ἐπλήρου</span> <span class='ocrx_word' id='word_1_128' title='bbox 1405 1734 1503 1805; x_wconf 80' lang='grc' dir='ltr'>τὴν</span> <span class='ocrx_word' id='word_1_129' title='bbox 1530 1733 1693 1804; x_wconf 82' lang='grc' dir='ltr'>εὐχὴν</span> <span class='ocrx_word' id='word_1_130' title='bbox 1743 1733 1851 1786; x_wconf 85' lang='grc' dir='ltr'>τῶν</span> <span class='ocrx_word' id='word_1_131' title='bbox 1880 1752 1981 1805; x_wconf 82' lang='grc' dir='ltr'>μα-</span> 
     </span>
    </p>
   </div>
   <div class='ocr_carea' id='block_1_20' title="bbox 401 1813 2054 1898">
    <p class='ocr_par' dir='ltr' id='par_1_20' title="bbox 401 1813 2054 1898">
     <span class='ocr_line' id='line_1_20' title="bbox 401 1813 2054 1898; baseline 0.006 -28"><span class='ocrx_word' id='word_1_132' title='bbox 401 1818 592 1883; x_wconf 85' lang='grc' dir='ltr'>ταίων,</span> <span class='ocrx_word' id='word_1_133' title='bbox 623 1819 720 1890; x_wconf 71' lang='grc' dir='ltr'>τὴν</span> <span class='ocrx_word' id='word_1_134' title='bbox 748 1822 991 1892; x_wconf 68' lang='grc' dir='ltr'>πονηρὰν</span> <span class='ocrx_word' id='word_1_135' title='bbox 1033 1823 1235 1895; x_wconf 87' lang='grc' dir='ltr'>ταύτην</span> <span class='ocrx_word' id='word_1_136' title='bbox 1280 1827 1343 1878; x_wconf 84' lang='grc' dir='ltr'>ἐκ</span> <span class='ocrx_word' id='word_1_137' title='bbox 1375 1825 1467 1878; x_wconf 89' lang='grc' dir='ltr'><strong>τοῦ</strong></span> <span class='ocrx_word' id='word_1_138' title='bbox 1506 1826 1711 1889; x_wconf 84' lang='grc' dir='ltr'>πάθους</span> <span class='ocrx_word' id='word_1_139' title='bbox 1741 1826 1983 1898; x_wconf 87' lang='grc' dir='ltr'>εὐρυχω·</span> <span class='ocrx_word' id='word_1_140' title='bbox 2013 1813 2054 1866; x_wconf 79' lang='grc' dir='ltr'><strong>Β</strong></span> 
     </span>
    </p>
   </div>
   <div class='ocr_carea' id='block_1_21' title="bbox 405 1909 1978 1985">
    <p class='ocr_par' dir='ltr' id='par_1_21' title="bbox 405 1909 1978 1985">
     <span class='ocr_line' id='line_1_21' title="bbox 405 1909 1978 1985; baseline 0.007 -25"><span class='ocrx_word' id='word_1_141' title='bbox 405 1909 530 1979; x_wconf 85' lang='grc' dir='ltr'>ρίαν</span> <span class='ocrx_word' id='word_1_142' title='bbox 565 1911 823 1981; x_wconf 76' lang='grc' dir='ltr'>ἐμποιοῦν</span> <span class='ocrx_word' id='word_1_143' title='bbox 852 1917 917 1984; x_wconf 80' lang='grc' dir='ltr'>τῇ</span> <span class='ocrx_word' id='word_1_144' title='bbox 964 1914 1115 1968; x_wconf 88' lang='grc' dir='ltr'>πόλει</span> <span class='ocrx_word' id='word_1_145' title='bbox 1144 1932 1157 1945; x_wconf 73' lang='grc' dir='ltr'><strong><em>ο</em></strong></span> <span class='ocrx_word' id='word_1_146' title='bbox 1204 1915 1331 1969; x_wconf 73' lang='grc' dir='ltr'>ἔνθα</span> <span class='ocrx_word' id='word_1_147' title='bbox 1381 1916 1554 1970; x_wconf 81' lang='grc' dir='ltr'>ἱκέται</span> <span class='ocrx_word' id='word_1_148' title='bbox 1602 1918 1839 1985; x_wconf 90' lang='grc' dir='ltr'>γίνονται</span> <span class='ocrx_word' id='word_1_149' title='bbox 1886 1918 1978 1972; x_wconf 88' lang='grc' dir='ltr'><strong>τοῦ</strong></span> 
     </span>
    </p>
   </div>
   <div class='ocr_carea' id='block_1_22' title="bbox 404 2001 1981 2081">
    <p class='ocr_par' dir='ltr' id='par_1_22' title="bbox 404 2001 1981 2081">
     <span class='ocr_line' id='line_1_22' title="bbox 404 2001 1981 2081; baseline 0.006 -28"><span class='ocrx_word' id='word_1_150' title='bbox 404 2001 663 2070; x_wconf 78' lang='grc' dir='ltr'><strong>μεγάλου,</strong></span> <span class='ocrx_word' id='word_1_151' title='bbox 691 2005 882 2075; x_wconf 82' lang='grc' dir='ltr'>στῆσαι</span> <span class='ocrx_word' id='word_1_152' title='bbox 912 2004 1154 2075; x_wconf 87' lang='grc' dir='ltr'>δεόμενοι</span> <span class='ocrx_word' id='word_1_153' title='bbox 1204 2005 1299 2060; x_wconf 88' lang='grc' dir='ltr'><strong>τοῦ</strong></span> <span class='ocrx_word' id='word_1_154' title='bbox 1338 2007 1506 2061; x_wconf 86' lang='grc' dir='ltr'>κακοῦ</span> <span class='ocrx_word' id='word_1_155' title='bbox 1554 2007 1649 2079; x_wconf 84' lang='grc' dir='ltr'><strong>τὴν</strong></span> <span class='ocrx_word' id='word_1_156' title='bbox 1678 2010 1848 2081; x_wconf 73' lang='grc' dir='ltr'>φορὰν</span> <span class='ocrx_word' id='word_1_157' title='bbox 1892 2011 1981 2063; x_wconf 77' lang='grc' dir='ltr'>διὰ</span> 
     </span>
    </p>
   </div>
   <div class='ocr_carea' id='block_1_23' title="bbox 396 2091 1977 2174">
    <p class='ocr_par' dir='ltr' id='par_1_23' title="bbox 396 2091 1977 2174">
     <span class='ocr_line' id='line_1_23' title="bbox 396 2091 1977 2174; baseline 0.007 -30"><span class='ocrx_word' id='word_1_158' title='bbox 396 2091 499 2145; x_wconf 82' lang='grc' dir='ltr'><strong>τοῦ</strong></span> <span class='ocrx_word' id='word_1_159' title='bbox 530 2097 657 2167; x_wconf 84' lang='grc' dir='ltr'>παρ’</span> <span class='ocrx_word' id='word_1_160' title='bbox 690 2095 854 2149; x_wconf 82' lang='grc' dir='ltr'>αὐτοῦ</span> <span class='ocrx_word' id='word_1_161' title='bbox 886 2100 1285 2169; x_wconf 80' lang='grc' dir='ltr'>γινωσκομένου</span> <span class='ocrx_word' id='word_1_162' title='bbox 1326 2118 1383 2153; x_wconf 86' lang='grc' dir='ltr'><strong>τε</strong></span> <span class='ocrx_word' id='word_1_163' title='bbox 1429 2102 1523 2155; x_wconf 65' lang='grc' dir='ltr'><strong>καλ¹</strong></span> <span class='ocrx_word' id='word_1_164' title='bbox 1577 2103 1977 2174; x_wconf 84' lang='grc' dir='ltr'>κηρυττομένου</span> 
     </span>
    </p>
   </div>
   <div class='ocr_carea' id='block_1_24' title="bbox 398 2182 1981 2263">
    <p class='ocr_par' dir='ltr' id='par_1_24' title="bbox 398 2182 1981 2263">
     <span class='ocr_line' id='line_1_24' title="bbox 398 2182 1981 2263; baseline 0.008 -29"><span class='ocrx_word' id='word_1_165' title='bbox 398 2182 559 2249; x_wconf 84' lang='grc' dir='ltr'>Θεοῦ,</span> <span class='ocrx_word' id='word_1_166' title='bbox 589 2185 648 2239; x_wconf 81' lang='grc' dir='ltr'><strong>δν</strong></span> <span class='ocrx_word' id='word_1_167' title='bbox 693 2188 852 2257; x_wconf 90' lang='grc' dir='ltr'>μόνον</span> <span class='ocrx_word' id='word_1_168' title='bbox 898 2189 1207 2258; x_wconf 84' lang='grc' dir='ltr'>ὡμολόγουν</span> <span class='ocrx_word' id='word_1_169' title='bbox 1263 2192 1478 2263; x_wconf 86' lang='grc' dir='ltr'>ἀληθῶς</span> <span class='ocrx_word' id='word_1_170' title='bbox 1514 2188 1651 2246; x_wconf 80' lang='grc' dir='ltr'>εἶναι</span> <span class='ocrx_word' id='word_1_171' title='bbox 1684 2193 1838 2260; x_wconf 81' lang='grc' dir='ltr'>Θεὸν,</span> <span class='ocrx_word' id='word_1_172' title='bbox 1888 2194 1981 2247; x_wconf 75' lang='grc' dir='ltr'>καὶ</span> 
     </span>
    </p>
   </div>
   <div class='ocr_carea' id='block_1_25' title="bbox 397 2274 1979 2354">
    <p class='ocr_par' dir='ltr' id='par_1_25' title="bbox 397 2274 1979 2354">
     <span class='ocr_line' id='line_1_25' title="bbox 397 2274 1979 2354; baseline 0.006 -29"><span class='ocrx_word' id='word_1_173' title='bbox 397 2274 542 2327; x_wconf 72' lang='grc' dir='ltr'>κατὰ</span> <span class='ocrx_word' id='word_1_174' title='bbox 576 2275 790 2330; x_wconf 87' lang='grc' dir='ltr'>πάντων</span> <span class='ocrx_word' id='word_1_175' title='bbox 845 2279 906 2331; x_wconf 90' lang='grc' dir='ltr'>τὸ</span> <span class='ocrx_word' id='word_1_176' title='bbox 933 2280 1132 2351; x_wconf 89' lang='grc' dir='ltr'>κράτος</span> <span class='ocrx_word' id='word_1_177' title='bbox 1186 2280 1349 2352; x_wconf 76' lang='grc' dir='ltr'>ἔχειν.</span> <span class='ocrx_word' id='word_1_178' title='bbox 1378 2281 1486 2335; x_wconf 91' lang='grc' dir='ltr'>Τοῦ</span> <span class='ocrx_word' id='word_1_179' title='bbox 1530 2282 1638 2353; x_wconf 79' lang='grc' dir='ltr'><strong>γὰρ</strong></span> <span class='ocrx_word' id='word_1_180' title='bbox 1700 2283 1979 2354; x_wconf 80' lang='grc' dir='ltr'>φάσματος</span> 
     </span>
    </p>
   </div>
   <div class='ocr_carea' id='block_1_26' title="bbox 392 2364 1981 2443">
    <p class='ocr_par' dir='ltr' id='par_1_26' title="bbox 392 2364 1981 2443">
     <span class='ocr_line' id='line_1_26' title="bbox 392 2364 1981 2443; baseline 0.006 -27"><span class='ocrx_word' id='word_1_181' title='bbox 392 2364 610 2418; x_wconf 79' lang='grc' dir='ltr'>ἐκείνου</span> <span class='ocrx_word' id='word_1_182' title='bbox 640 2367 744 2438; x_wconf 80' lang='grc' dir='ltr'>πρὸ</span> <span class='ocrx_word' id='word_1_183' title='bbox 777 2368 878 2437; x_wconf 78' lang='grc' dir='ltr'>τῆς</span> <span class='ocrx_word' id='word_1_184' title='bbox 926 2370 1189 2441; x_wconf 77' lang='grc' dir='ltr'>ἐσομένης</span> <span class='ocrx_word' id='word_1_185' title='bbox 1215 2370 1293 2441; x_wconf 84' lang='grc' dir='ltr'>τῷ</span> <span class='ocrx_word' id='word_1_186' title='bbox 1324 2370 1459 2441; x_wconf 72' lang='grc' dir='ltr'>οἴκῳ</span> <span class='ocrx_word' id='word_1_187' title='bbox 1505 2370 1803 2443; x_wconf 82' lang='grc' dir='ltr'>διαφθορᾶς</span> <span class='ocrx_word' id='word_1_188' title='bbox 1846 2387 1981 2443; x_wconf 86' lang='grc' dir='ltr'>προ-</span> 
     </span>
    </p>
   </div>
   <div class='ocr_carea' id='block_1_27' title="bbox 392 2459 1979 2534">
    <p class='ocr_par' dir='ltr' id='par_1_27' title="bbox 392 2459 1979 2534">
     <span class='ocr_line' id='line_1_27' title="bbox 392 2459 1979 2534; baseline 0.005 -25"><span class='ocrx_word' id='word_1_189' title='bbox 392 2459 745 2529; x_wconf 71' lang='grc' dir='ltr'>φαινομένου,</span> <span class='ocrx_word' id='word_1_190' title='bbox 764 2462 855 2514; x_wconf 79' lang='grc' dir='ltr'>καὶ</span> <span class='ocrx_word' id='word_1_191' title='bbox 879 2478 952 2513; x_wconf 90' lang='grc' dir='ltr'><strong>πα</strong></span> <span class='ocrx_word' id='word_1_192' title='bbox 962 2464 1136 2534; x_wconf 87' lang='grc' dir='ltr'>ραχρῆ</span> <span class='ocrx_word' id='word_1_193' title='bbox 1145 2480 1219 2534; x_wconf 85' lang='grc' dir='ltr'><strong>μα</strong></span> <span class='ocrx_word' id='word_1_194' title='bbox 1244 2465 1342 2534; x_wconf 81' lang='grc' dir='ltr'>τὴν</span> <span class='ocrx_word' id='word_1_195' title='bbox 1374 2464 1683 2532; x_wconf 83' lang='grc' dir='ltr'>ἀπόγνωσιν</span> <span class='ocrx_word' id='word_1_196' title='bbox 1703 2464 1803 2534; x_wconf 81' lang='grc' dir='ltr'>τῆς</span> <span class='ocrx_word' id='word_1_197' title='bbox 1833 2461 1979 2533; x_wconf 78' lang='grc' dir='ltr'>ζωῆς</span> 
     </span>
    </p>
   </div>
   <div class='ocr_carea' id='block_1_28' title="bbox 392 2540 1977 2625">
    <p class='ocr_par' dir='ltr' id='par_1_28' title="bbox 392 2540 1977 2625">
     <span class='ocr_line' id='line_1_28' title="bbox 392 2540 1977 2625; baseline 0.003 -24"><span class='ocrx_word' id='word_1_198' title='bbox 392 2550 770 2620; x_wconf 83' lang='grc' dir='ltr'>ἐμποιοῦντος.</span> <span class='ocrx_word' id='word_1_199' title='bbox 803 2549 882 2617; x_wconf 75' lang='grc' dir='ltr'>εἷς</span> <span class='ocrx_word' id='word_1_200' title='bbox 910 2556 1119 2623; x_wconf 74' lang='grc' dir='ltr'>ἐγίνετο</span> <span class='ocrx_word' id='word_1_201' title='bbox 1142 2559 1252 2619; x_wconf 82' lang='grc' dir='ltr'>τοῖς</span> <span class='ocrx_word' id='word_1_202' title='bbox 1291 2540 1658 2610; x_wconf 80' lang='grc' dir='ltr'>κινδυνεύουσῖ</span> <span class='ocrx_word' id='word_1_203' title='bbox 1708 2555 1977 2625; x_wconf 86' lang='grc' dir='ltr'>σωτήριος</span> 
     </span>
    </p>
   </div>
   <div class='ocr_carea' id='block_1_29' title="bbox 390 2643 1976 2716">
    <p class='ocr_par' dir='ltr' id='par_1_29' title="bbox 390 2643 1976 2716">
     <span class='ocr_line' id='line_1_29' title="bbox 390 2643 1976 2716; baseline 0.003 -22"><span class='ocrx_word' id='word_1_204' title='bbox 390 2643 616 2712; x_wconf 81' lang='grc' dir='ltr'>τρόπος,</span> <span class='ocrx_word' id='word_1_205' title='bbox 650 2643 711 2696; x_wconf 85' lang='grc' dir='ltr'>τὸ</span> <span class='ocrx_word' id='word_1_206' title='bbox 737 2645 885 2709; x_wconf 70' lang='grc' dir='ltr'>ἐντὸς</span> <span class='ocrx_word' id='word_1_207' title='bbox 931 2646 1138 2701; x_wconf 81' lang='grc' dir='ltr'>ἐκείνου</span> <span class='ocrx_word' id='word_1_208' title='bbox 1178 2648 1429 2716; x_wconf 87' lang='grc' dir='ltr'>γενέσθαι</span> <span class='ocrx_word' id='word_1_209' title='bbox 1450 2645 1545 2701; x_wconf 88' lang='grc' dir='ltr'><strong>τοῦ</strong></span> <span class='ocrx_word' id='word_1_210' title='bbox 1570 2646 1721 2700; x_wconf 70' lang='grc' dir='ltr'>οἴκου</span> <span class='ocrx_word' id='word_1_211' title='bbox 1753 2646 1842 2699; x_wconf 70' lang='grc' dir='ltr'>τὸν</span> <span class='ocrx_word' id='word_1_212' title='bbox 1879 2646 1976 2716; x_wconf 80' lang='grc' dir='ltr'>μέ-</span> 
     </span>
    </p>
   </div>
   <div class='ocr_carea' id='block_1_30' title="bbox 388 2735 1978 2808">
    <p class='ocr_par' dir='ltr' id='par_1_30' title="bbox 388 2735 1978 2808">
     <span class='ocr_line' id='line_1_30' title="bbox 388 2735 1978 2808; baseline 0.001 -22"><span class='ocrx_word' id='word_1_213' title='bbox 388 2751 501 2802; x_wconf 83' lang='grc' dir='ltr'><strong>γαν</strong></span> <span class='ocrx_word' id='word_1_214' title='bbox 530 2735 857 2807; x_wconf 81' lang='grc' dir='ltr'>Γρηγόριον,</span> <span class='ocrx_word' id='word_1_215' title='bbox 887 2738 980 2790; x_wconf 77' lang='grc' dir='ltr'>καὶ</span> <span class='ocrx_word' id='word_1_216' title='bbox 1010 2738 1078 2791; x_wconf 79' lang='grc' dir='ltr'><strong>δι’</strong></span> <span class='ocrx_word' id='word_1_217' title='bbox 1100 2738 1267 2808; x_wconf 75' lang='grc' dir='ltr'>εὐχῆς</span> <span class='ocrx_word' id='word_1_218' title='bbox 1301 2738 1361 2790; x_wconf 87' lang='grc' dir='ltr'>τὸ</span> <span class='ocrx_word' id='word_1_219' title='bbox 1403 2737 1681 2807; x_wconf 76' lang='grc' dir='ltr'>ὲνσκῆψαν</span> <span class='ocrx_word' id='word_1_220' title='bbox 1723 2735 1801 2807; x_wconf 72' lang='grc' dir='ltr'>τῷ</span> <span class='ocrx_word' id='word_1_221' title='bbox 1843 2736 1978 2806; x_wconf 77' lang='grc' dir='ltr'>οἴκῳ</span> 
     </span>
    </p>
   </div>
   <div class='ocr_carea' id='block_1_31' title="bbox 392 2824 1977 2899">
    <p class='ocr_par' dir='ltr' id='par_1_31' title="bbox 392 2824 1977 2899">
     <span class='ocr_line' id='line_1_31' title="bbox 392 2824 1977 2899; baseline 0.001 -21"><span class='ocrx_word' id='word_1_222' title='bbox 392 2824 570 2889; x_wconf 80' lang='grc' dir='ltr'>πάθος</span> <span class='ocrx_word' id='word_1_223' title='bbox 600 2825 947 2881; x_wconf 84' lang='grc' dir='ltr'>ἀπώσασθαι.</span> <span class='ocrx_word' id='word_1_224' title='bbox 981 2829 1216 2899; x_wconf 85' lang='grc' dir='ltr'>Ταχείας</span> <span class='ocrx_word' id='word_1_225' title='bbox 1241 2828 1298 2881; x_wconf 84' lang='grc' dir='ltr'>δὲ</span> <span class='ocrx_word' id='word_1_226' title='bbox 1336 2829 1424 2882; x_wconf 81' lang='grc' dir='ltr'><strong>διὰ</strong></span> <span class='ocrx_word' id='word_1_227' title='bbox 1447 2828 1556 2881; x_wconf 84' lang='grc' dir='ltr'><strong>τῶν</strong></span> <span class='ocrx_word' id='word_1_228' title='bbox 1597 2827 1977 2898; x_wconf 82' lang='grc' dir='ltr'>τετυχηκότων</span> 
     </span>
    </p>
   </div>
   <div class='ocr_carea' id='block_1_32' title="bbox 390 2916 1977 2989">
    <p class='ocr_par' dir='ltr' id='par_1_32' title="bbox 390 2916 1977 2989">
     <span class='ocr_line' id='line_1_32' title="bbox 390 2916 1977 2989; baseline 0.001 -21"><span class='ocrx_word' id='word_1_229' title='bbox 390 2916 455 2971; x_wconf 82' lang='grc' dir='ltr'>ὲν</span> <span class='ocrx_word' id='word_1_230' title='bbox 486 2916 722 2989; x_wconf 87' lang='grc' dir='ltr'>πρώτοις</span> <span class='ocrx_word' id='word_1_231' title='bbox 758 2919 858 2989; x_wconf 84' lang='grc' dir='ltr'>τῆς</span> <span class='ocrx_word' id='word_1_232' title='bbox 905 2919 1160 2989; x_wconf 79' lang='grc' dir='ltr'>τοιαύτης</span> <span class='ocrx_word' id='word_1_233' title='bbox 1204 2919 1476 2989; x_wconf 81' lang='grc' dir='ltr'>σωτηρίας</span> <span class='ocrx_word' id='word_1_234' title='bbox 1510 2919 1603 2973; x_wconf 74' lang='grc' dir='ltr'><strong>ἐπὶ</strong></span> <span class='ocrx_word' id='word_1_235' title='bbox 1645 2918 1853 2981; x_wconf 80' lang='grc' dir='ltr'>πάντας</span> <span class='ocrx_word' id='word_1_236' title='bbox 1879 2919 1977 2988; x_wconf 71' lang='grc' dir='ltr'>τῆς</span> 
     </span>
    </p>
   </div>
   <div class='ocr_carea' id='block_1_33' title="bbox 391 3006 1976 3082">
    <p class='ocr_par' dir='ltr' id='par_1_33' title="bbox 391 3006 1976 3082">
     <span class='ocr_line' id='line_1_33' title="bbox 391 3006 1976 3082; baseline -0.001 -20"><span class='ocrx_word' id='word_1_237' title='bbox 391 3010 583 3080; x_wconf 74' lang='grc' dir='ltr'>φήμης</span> <span class='ocrx_word' id='word_1_238' title='bbox 618 3009 1049 3080; x_wconf 83' lang='grc' dir='ltr'>διαδραμούσης,</span> <span class='ocrx_word' id='word_1_239' title='bbox 1086 3012 1263 3064; x_wconf 83' lang='grc' dir='ltr'>πάντα</span> <span class='ocrx_word' id='word_1_240' title='bbox 1313 3010 1460 3081; x_wconf 83' lang='grc' dir='ltr'>ἀργὰ</span> <span class='ocrx_word' id='word_1_241' title='bbox 1499 3006 1598 3082; x_wconf 77' lang='grc' dir='ltr'>ἦν,</span> <span class='ocrx_word' id='word_1_242' title='bbox 1627 3010 1663 3064; x_wconf 82' lang='grc' dir='ltr'>ἃ.</span> <span class='ocrx_word' id='word_1_243' title='bbox 1712 3010 1976 3081; x_wconf 86' lang='grc' dir='ltr'>πρότερον</span> 
     </span>
    </p>
   </div>
   <div class='ocr_carea' id='block_1_34' title="bbox 390 3099 1973 3173">
    <p class='ocr_par' dir='ltr' id='par_1_34' title="bbox 390 3099 1973 3173">
     <span class='ocr_line' id='line_1_34' title="bbox 390 3099 1973 3173; baseline 0.001 -22"><span class='ocrx_word' id='word_1_244' title='bbox 390 3099 503 3152; x_wconf 81' lang='grc' dir='ltr'><strong>ὑπὸ</strong></span> <span class='ocrx_word' id='word_1_245' title='bbox 547 3100 904 3173; x_wconf 88' lang='grc' dir='ltr'>ματαιότητος</span> <span class='ocrx_word' id='word_1_246' title='bbox 936 3101 1120 3166; x_wconf 80' lang='grc' dir='ltr'>αὐτοῖς</span> <span class='ocrx_word' id='word_1_247' title='bbox 1176 3102 1553 3168; x_wconf 76' lang='grc' dir='ltr'>ἐσπουδάζετο,</span> <span class='ocrx_word' id='word_1_248' title='bbox 1588 3102 1896 3173; x_wconf 84' lang='grc' dir='ltr'>χρηστήριά</span> <span class='ocrx_word' id='word_1_249' title='bbox 1916 3118 1973 3153; x_wconf 90' lang='grc' dir='ltr'><strong>τε</strong></span> 
     </span>
    </p>
   </div>
   <div class='ocr_carea' id='block_1_35' title="bbox 391 3175 1975 3265">
    <p class='ocr_par' dir='ltr' id='par_1_35' title="bbox 391 3175 1975 3265">
     <span class='ocr_line' id='line_1_35' title="bbox 391 3175 1975 3265; baseline 0.003 -22"><span class='ocrx_word' id='word_1_250' title='bbox 391 3191 489 3244; x_wconf 78' lang='grc' dir='ltr'>καὶ</span> <span class='ocrx_word' id='word_1_251' title='bbox 522 3190 811 3264; x_wconf 85' lang='grc' dir='ltr'>καθάρσια,</span> <span class='ocrx_word' id='word_1_252' title='bbox 834 3193 928 3246; x_wconf 79' lang='grc' dir='ltr'>καὶ</span> <span class='ocrx_word' id='word_1_253' title='bbox 950 3195 984 3264; x_wconf 83' lang='grc' dir='ltr'>ἡ</span> <span class='ocrx_word' id='word_1_254' title='bbox 1012 3195 1069 3246; x_wconf 81' lang='grc' dir='ltr'>ὲν</span> <span class='ocrx_word' id='word_1_255' title='bbox 1096 3196 1207 3257; x_wconf 88' lang='grc' dir='ltr'>τοῖς</span> <span class='ocrx_word' id='word_1_256' title='bbox 1257 3193 1495 3259; x_wconf 79' lang='grc' dir='ltr'>εἰδώλοις</span> <span class='ocrx_word' id='word_1_257' title='bbox 1525 3175 1797 3265; x_wconf 69' lang='grc' dir='ltr'>διατριϐὴ,</span> <span class='ocrx_word' id='word_1_258' title='bbox 1840 3193 1975 3248; x_wconf 85' lang='grc' dir='ltr'>πάν-</span> 
     </span>
    </p>
   </div>
   <div class='ocr_carea' id='block_1_36' title="bbox 388 3279 1972 3353">
    <p class='ocr_par' dir='ltr' id='par_1_36' title="bbox 388 3279 1972 3353">
     <span class='ocr_line' id='line_1_36' title="bbox 388 3279 1972 3353; baseline 0.001 -22"><span class='ocrx_word' id='word_1_259' title='bbox 388 3296 505 3332; x_wconf 86' lang='grc' dir='ltr'><strong>των</strong></span> <span class='ocrx_word' id='word_1_260' title='bbox 534 3279 668 3348; x_wconf 75' lang='grc' dir='ltr'>πρὸς</span> <span class='ocrx_word' id='word_1_261' title='bbox 689 3281 781 3333; x_wconf 86' lang='grc' dir='ltr'>τὸν</span> <span class='ocrx_word' id='word_1_262' title='bbox 814 3280 987 3352; x_wconf 84' lang='grc' dir='ltr'>μέγαν</span> <span class='ocrx_word' id='word_1_263' title='bbox 1045 3282 1198 3353; x_wconf 79' lang='grc' dir='ltr'>ἱερέα</span> <span class='ocrx_word' id='word_1_264' title='bbox 1251 3281 1586 3351; x_wconf 85' lang='grc' dir='ltr'>βλεπόντων,</span> <span class='ocrx_word' id='word_1_265' title='bbox 1622 3284 1715 3336; x_wconf 74' lang='grc' dir='ltr'>καὶ</span> <span class='ocrx_word' id='word_1_266' title='bbox 1744 3282 1972 3335; x_wconf 76' lang='grc' dir='ltr'>ἑκάστου</span> 
     </span>
    </p>
   </div>
   <div class='ocr_carea' id='block_1_37' title="bbox 392 3370 1973 3445">
    <p class='ocr_par' dir='ltr' id='par_1_37' title="bbox 392 3370 1973 3445">
     <span class='ocr_line' id='line_1_37' title="bbox 392 3370 1973 3445; baseline 0.001 -22"><span class='ocrx_word' id='word_1_267' title='bbox 392 3370 536 3441; x_wconf 77' lang='grc' dir='ltr'>πρὸς</span> <span class='ocrx_word' id='word_1_268' title='bbox 564 3372 753 3426; x_wconf 79' lang='grc' dir='ltr'>ἑαυτὸν</span> <span class='ocrx_word' id='word_1_269' title='bbox 784 3374 878 3426; x_wconf 76' lang='grc' dir='ltr'><strong>ἐπὶ</strong></span> <span class='ocrx_word' id='word_1_270' title='bbox 907 3374 1149 3445; x_wconf 73' lang='grc' dir='ltr'>σωτηρίᾳ</span> <span class='ocrx_word' id='word_1_271' title='bbox 1179 3374 1377 3437; x_wconf 81' lang='grc' dir='ltr'>παντὸς</span> <span class='ocrx_word' id='word_1_272' title='bbox 1404 3374 1497 3427; x_wconf 82' lang='grc' dir='ltr'><strong>τοῦ</strong></span> <span class='ocrx_word' id='word_1_273' title='bbox 1536 3375 1726 3443; x_wconf 80' lang='grc' dir='ltr'>γένους</span> <span class='ocrx_word' id='word_1_274' title='bbox 1751 3374 1973 3442; x_wconf 81' lang='grc' dir='ltr'>ἐφελκο-</span> 
     </span>
    </p>
   </div>
   <div class='ocr_carea' id='block_1_38' title="bbox 398 3461 1973 3537">
    <p class='ocr_par' dir='ltr' id='par_1_38' title="bbox 398 3461 1973 3537">
     <span class='ocr_line' id='line_1_38' title="bbox 398 3461 1973 3537; baseline 0.004 -24"><span class='ocrx_word' id='word_1_275' title='bbox 398 3462 587 3531; x_wconf 83' lang='grc' dir='ltr'>μένου.</span> <span class='ocrx_word' id='word_1_276' title='bbox 620 3465 825 3528; x_wconf 82' lang='grc' dir='ltr'>Μισθὸς</span> <span class='ocrx_word' id='word_1_277' title='bbox 852 3461 1002 3537; x_wconf 82' lang='grc' dir='ltr'>δὲῆν</span> <span class='ocrx_word' id='word_1_278' title='bbox 1036 3465 1185 3536; x_wconf 83' lang='grc' dir='ltr'><strong>αὑτῷ</strong></span> <span class='ocrx_word' id='word_1_279' title='bbox 1213 3466 1366 3537; x_wconf 74' lang='grc' dir='ltr'>παρὰ</span> <span class='ocrx_word' id='word_1_280' title='bbox 1403 3466 1512 3519; x_wconf 86' lang='grc' dir='ltr'>τῶν</span> <span class='ocrx_word' id='word_1_281' title='bbox 1566 3466 1889 3535; x_wconf 78' lang='grc' dir='ltr'>σωζομένων</span> <span class='ocrx_word' id='word_1_282' title='bbox 1940 3465 1973 3534; x_wconf 78' lang='grc' dir='ltr'><strong>ἡ</strong></span> 
     </span>
    </p>
   </div>
   <div class='ocr_carea' id='block_1_39' title="bbox 393 3552 1975 3632">
    <p class='ocr_par' dir='ltr' id='par_1_39' title="bbox 393 3552 1975 3632">
     <span class='ocr_line' id='line_1_39' title="bbox 393 3552 1975 3632; baseline 0.002 -26"><span class='ocrx_word' id='word_1_283' title='bbox 393 3552 506 3606; x_wconf 81' lang='grc' dir='ltr'><strong>τῶν</strong></span> <span class='ocrx_word' id='word_1_284' title='bbox 531 3554 718 3625; x_wconf 81' lang='grc' dir='ltr'>ψυχῶν</span> <span class='ocrx_word' id='word_1_285' title='bbox 758 3558 1019 3629; x_wconf 87' lang='grc' dir='ltr'>σωτηρία.</span> <span class='ocrx_word' id='word_1_286' title='bbox 1053 3557 1129 3629; x_wconf 81' lang='grc' dir='ltr'><strong>Τῇ</strong></span> <span class='ocrx_word' id='word_1_287' title='bbox 1160 3559 1271 3630; x_wconf 76' lang='grc' dir='ltr'><strong>γάρ</strong></span> <span class='ocrx_word' id='word_1_288' title='bbox 1295 3559 1516 3632; x_wconf 82' lang='grc' dir='ltr'>τοιαύτῃ</span> <span class='ocrx_word' id='word_1_289' title='bbox 1550 3559 1714 3629; x_wconf 83' lang='grc' dir='ltr'>πείρᾳ</span> <span class='ocrx_word' id='word_1_290' title='bbox 1754 3558 1853 3629; x_wconf 86' lang='grc' dir='ltr'>τῆς</span> <span class='ocrx_word' id='word_1_291' title='bbox 1883 3557 1975 3609; x_wconf 85' lang='grc' dir='ltr'>εύ-</span> 
     </span>
    </p>
   </div>
   <div class='ocr_carea' id='block_1_40' title="bbox 396 3641 1973 3727">
    <p class='ocr_par' dir='ltr' id='par_1_40' title="bbox 396 3641 1973 3727">
     <span class='ocr_line' id='line_1_40' title="bbox 396 3641 1973 3727; baseline 0 -32"><span class='ocrx_word' id='word_1_292' title='bbox 396 3643 619 3707; x_wconf 81' lang='grc' dir='ltr'>σεόείας</span> <span class='ocrx_word' id='word_1_293' title='bbox 640 3644 734 3698; x_wconf 88' lang='grc' dir='ltr'><strong>τοῦ</strong></span> <span class='ocrx_word' id='word_1_294' title='bbox 758 3645 945 3715; x_wconf 77' lang='grc' dir='ltr'>ἱερέως</span> <span class='ocrx_word' id='word_1_295' title='bbox 967 3662 1204 3727; x_wconf 49' lang='grc' dir='ltr'>φανφου</span> <span class='ocrx_word' id='word_1_296' title='bbox 1212 3647 1400 3717; x_wconf 86' lang='grc' dir='ltr'>μένης,</span> <span class='ocrx_word' id='word_1_297' title='bbox 1430 3646 1614 3699; x_wconf 79' lang='grc' dir='ltr'>οὐκέτι</span> <span class='ocrx_word' id='word_1_298' title='bbox 1645 3641 1716 3715; x_wconf 86' lang='grc' dir='ltr'>ἦν</span> <span class='ocrx_word' id='word_1_299' title='bbox 1738 3642 1973 3715; x_wconf 79' lang='grc' dir='ltr'>ἀναϐολὴ</span> 
     </span>
    </p>
   </div>
   <div class='ocr_carea' id='block_1_41' title="bbox 394 3735 1976 3809">
    <p class='ocr_par' dir='ltr' id='par_1_41' title="bbox 394 3735 1976 3809">
     <span class='ocr_line' id='line_1_41' title="bbox 394 3735 1976 3809; baseline 0.003 -23"><span class='ocrx_word' id='word_1_300' title='bbox 394 3735 537 3806; x_wconf 69' lang='grc' dir='ltr'>πρὸς</span> <span class='ocrx_word' id='word_1_301' title='bbox 565 3735 664 3806; x_wconf 85' lang='grc' dir='ltr'>τὴν</span> <span class='ocrx_word' id='word_1_302' title='bbox 686 3737 1080 3805; x_wconf 82' lang='grc' dir='ltr'>συγκατάθεσιν</span> <span class='ocrx_word' id='word_1_303' title='bbox 1108 3737 1203 3791; x_wconf 91' lang='grc' dir='ltr'><strong>τοῦ</strong></span> <span class='ocrx_word' id='word_1_304' title='bbox 1262 3737 1580 3809; x_wconf 81' lang='grc' dir='ltr'>μυστηρίου,</span> <span class='ocrx_word' id='word_1_305' title='bbox 1605 3739 1716 3801; x_wconf 85' lang='grc' dir='ltr'>τοῖς</span> <span class='ocrx_word' id='word_1_306' title='bbox 1742 3736 1829 3789; x_wconf 77' lang='grc' dir='ltr'><strong>διὰ</strong></span> <span class='ocrx_word' id='word_1_307' title='bbox 1867 3735 1976 3790; x_wconf 86' lang='grc' dir='ltr'><strong>τῶν</strong></span> 
     </span>
    </p>
   </div>
   <div class='ocr_carea' id='block_1_42' title="bbox 394 3826 1979 3901">
    <p class='ocr_par' dir='ltr' id='par_1_42' title="bbox 394 3826 1979 3901">
     <span class='ocr_line' id='line_1_42' title="bbox 394 3826 1979 3901; baseline 0.001 -21"><span class='ocrx_word' id='word_1_308' title='bbox 394 3827 577 3899; x_wconf 81' lang='grc' dir='ltr'>ἔργων</span> <span class='ocrx_word' id='word_1_309' title='bbox 619 3828 1025 3900; x_wconf 81' lang='grc' dir='ltr'>διδασκομένοις</span> <span class='ocrx_word' id='word_1_310' title='bbox 1050 3831 1151 3901; x_wconf 86' lang='grc' dir='ltr'>τὴν</span> <span class='ocrx_word' id='word_1_311' title='bbox 1187 3831 1286 3901; x_wconf 78' lang='grc' dir='ltr'>τῆς</span> <span class='ocrx_word' id='word_1_312' title='bbox 1329 3830 1563 3893; x_wconf 85' lang='grc' dir='ltr'>πίστεως</span> <span class='ocrx_word' id='word_1_313' title='bbox 1594 3828 1840 3898; x_wconf 87' lang='grc' dir='ltr'>δύναμιν.</span> <span class='ocrx_word' id='word_1_314' title='bbox 1875 3826 1979 3881; x_wconf 80' lang='grc' dir='ltr'><strong>Οὕ-</strong></span> 
     </span>
    </p>
   </div>
   <div class='ocr_carea' id='block_1_43' title="bbox 394 3918 1977 3992">
    <p class='ocr_par' dir='ltr' id='par_1_43' title="bbox 394 3918 1977 3992">
     <span class='ocr_line' id='line_1_43' title="bbox 394 3918 1977 3992; baseline 0.002 -23"><span class='ocrx_word' id='word_1_315' title='bbox 394 3932 506 3980; x_wconf 87' lang='grc' dir='ltr'><strong>τως</strong></span> <span class='ocrx_word' id='word_1_316' title='bbox 534 3918 751 3985; x_wconf 74' lang='grc' dir='ltr'>ἐγένετο</span> <span class='ocrx_word' id='word_1_317' title='bbox 772 3923 885 3984; x_wconf 86' lang='grc' dir='ltr'>τοῖς</span> <span class='ocrx_word' id='word_1_318' title='bbox 922 3920 1230 3992; x_wconf 85' lang='grc' dir='ltr'>ἀνθρώποις</span> <span class='ocrx_word' id='word_1_319' title='bbox 1260 3921 1485 3984; x_wconf 77' lang='grc' dir='ltr'>ἐκείνοις</span> <span class='ocrx_word' id='word_1_320' title='bbox 1528 3920 1850 3992; x_wconf 85' lang='grc' dir='ltr'>ἰσχυροτέρα</span> <span class='ocrx_word' id='word_1_321' title='bbox 1875 3919 1977 3989; x_wconf 80' lang='grc' dir='ltr'>τῆς</span> 
     </span>
    </p>
   </div>
   <div class='ocr_carea' id='block_1_44' title="bbox 395 4006 1976 4081">
    <p class='ocr_par' dir='ltr' id='par_1_44' title="bbox 395 4006 1976 4081">
     <span class='ocr_line' id='line_1_44' title="bbox 395 4006 1976 4081; baseline 0.003 -23"><span class='ocrx_word' id='word_1_322' title='bbox 395 4006 585 4074; x_wconf 81' lang='grc' dir='ltr'>ὑγείας</span> <span class='ocrx_word' id='word_1_323' title='bbox 615 4008 647 4077; x_wconf 79' lang='grc' dir='ltr'>ἡ</span> <span class='ocrx_word' id='word_1_324' title='bbox 680 4007 854 4073; x_wconf 89' lang='grc' dir='ltr'>νόσος.</span> <span class='ocrx_word' id='word_1_325' title='bbox 888 4010 1049 4064; x_wconf 87' lang='grc' dir='ltr'>Ὅσον</span> <span class='ocrx_word' id='word_1_326' title='bbox 1078 4012 1186 4081; x_wconf 77' lang='grc' dir='ltr'><strong>γὰρ</strong></span> <span class='ocrx_word' id='word_1_327' title='bbox 1210 4010 1266 4063; x_wconf 80' lang='grc' dir='ltr'>ἐν</span> <span class='ocrx_word' id='word_1_328' title='bbox 1297 4014 1362 4081; x_wconf 76' lang='grc' dir='ltr'>τῇ</span> <span class='ocrx_word' id='word_1_329' title='bbox 1394 4010 1572 4081; x_wconf 74' lang='grc' dir='ltr'>ὑγιείᾳ</span> <span class='ocrx_word' id='word_1_330' title='bbox 1593 4014 1727 4078; x_wconf 83' lang='grc' dir='ltr'>πρὸς</span> <span class='ocrx_word' id='word_1_331' title='bbox 1750 4009 1849 4080; x_wconf 79' lang='grc' dir='ltr'><strong>τὴν</strong></span> <span class='ocrx_word' id='word_1_332' title='bbox 1880 4009 1976 4062; x_wconf 91' lang='grc' dir='ltr'><strong>τοῦ</strong></span> 
     </span>
    </p>
   </div>
   <div class='ocr_carea' id='block_1_45' title="bbox 397 4099 1977 4172">
    <p class='ocr_par' dir='ltr' id='par_1_45' title="bbox 397 4099 1977 4172">
     <span class='ocr_line' id='line_1_45' title="bbox 397 4099 1977 4172; baseline 0.002 -22"><span class='ocrx_word' id='word_1_333' title='bbox 397 4099 702 4170; x_wconf 85' lang='grc' dir='ltr'>μυστηρίου</span> <span class='ocrx_word' id='word_1_334' title='bbox 757 4101 1068 4172; x_wconf 82' lang='grc' dir='ltr'>παραδοχὴν</span> <span class='ocrx_word' id='word_1_335' title='bbox 1126 4105 1239 4165; x_wconf 85' lang='grc' dir='ltr'>τοῖς</span> <span class='ocrx_word' id='word_1_336' title='bbox 1298 4102 1578 4172; x_wconf 86' lang='grc' dir='ltr'>λογισμοῖς</span> <span class='ocrx_word' id='word_1_337' title='bbox 1627 4100 1977 4164; x_wconf 82' lang='grc' dir='ltr'>ἀσθενοῦντες</span> 
     </span>
    </p>
   </div>
   <div class='ocr_carea' id='block_1_46' title="bbox 392 4187 1976 4267">
    <p class='ocr_par' dir='ltr' id='par_1_46' title="bbox 392 4187 1976 4267">
     <span class='ocr_line' id='line_1_46' title="bbox 392 4187 1976 4267; baseline 0.002 -21"><span class='ocrx_word' id='word_1_338' title='bbox 392 4187 566 4264; x_wconf 73' lang='grc' dir='ltr'>ἦσαν.</span> <span class='ocrx_word' id='word_1_339' title='bbox 589 4194 843 4250; x_wconf 85' lang='grc' dir='ltr'>τοσοῦτον</span> <span class='ocrx_word' id='word_1_340' title='bbox 870 4199 937 4266; x_wconf 80' lang='grc' dir='ltr'>τῇ</span> <span class='ocrx_word' id='word_1_341' title='bbox 969 4198 1255 4267; x_wconf 83' lang='grc' dir='ltr'>σωματικῇ</span> <span class='ocrx_word' id='word_1_342' title='bbox 1297 4196 1438 4265; x_wconf 88' lang='grc' dir='ltr'>νόσῳ</span> <span class='ocrx_word' id='word_1_343' title='bbox 1485 4194 1620 4267; x_wconf 76' lang='grc' dir='ltr'>πρὸς</span> <span class='ocrx_word' id='word_1_344' title='bbox 1660 4194 1757 4265; x_wconf 82' lang='grc' dir='ltr'>τὴν</span> <span class='ocrx_word' id='word_1_345' title='bbox 1793 4194 1976 4249; x_wconf 84' lang='grc' dir='ltr'>πίστιν</span> 
     </span>
    </p>
   </div>
   <div class='ocr_carea' id='block_1_47' title="bbox 395 4284 1977 4358">
    <p class='ocr_par' dir='ltr' id='par_1_47' title="bbox 395 4284 1977 4358">
     <span class='ocr_line' id='line_1_47' title="bbox 395 4284 1977 4358; baseline 0.001 -20"><span class='ocrx_word' id='word_1_346' title='bbox 395 4284 772 4357; x_wconf 77' lang='grc' dir='ltr'>ὲρῤὠσοησαν.</span> <span class='ocrx_word' id='word_1_347' title='bbox 796 4288 908 4340; x_wconf 77' lang='grc' dir='ltr'><strong>Καὶ</strong></span> <span class='ocrx_word' id='word_1_348' title='bbox 939 4286 1081 4341; x_wconf 74' lang='grc' dir='ltr'>οὕτω</span> <span class='ocrx_word' id='word_1_349' title='bbox 1112 4288 1212 4357; x_wconf 82' lang='grc' dir='ltr'>τῆς</span> <span class='ocrx_word' id='word_1_350' title='bbox 1269 4288 1395 4358; x_wconf 58' lang='grc' dir='ltr'><strong>περὶ⁵</strong></span> <span class='ocrx_word' id='word_1_351' title='bbox 1426 4287 1496 4340; x_wconf 74' lang='grc' dir='ltr'><strong>τὰ</strong></span> <span class='ocrx_word' id='word_1_352' title='bbox 1547 4287 1738 4340; x_wconf 80' lang='grc' dir='ltr'>εἴδωλα</span> <span class='ocrx_word' id='word_1_353' title='bbox 1771 4286 1977 4357; x_wconf 85' lang='grc' dir='ltr'>πλάνης</span> 
     </span>
    </p>
   </div>
   <div class='ocr_carea' id='block_1_48' title="bbox 395 4375 1975 4449">
    <p class='ocr_par' dir='ltr' id='par_1_48' title="bbox 395 4375 1975 4449">
     <span class='ocr_line' id='line_1_48' title="bbox 395 4375 1975 4449; baseline 0.001 -20"><span class='ocrx_word' id='word_1_354' title='bbox 395 4376 780 4448; x_wconf 68' lang='grc' dir='ltr'>ἐλεγχθείσης,</span> <span class='ocrx_word' id='word_1_355' title='bbox 840 4378 1038 4443; x_wconf 81' lang='grc' dir='ltr'>πάντες</span> <span class='ocrx_word' id='word_1_356' title='bbox 1088 4379 1224 4449; x_wconf 71' lang='grc' dir='ltr'>πρὸς</span> <span class='ocrx_word' id='word_1_357' title='bbox 1278 4379 1340 4431; x_wconf 86' lang='grc' dir='ltr'>τὸ</span> <span class='ocrx_word' id='word_1_358' title='bbox 1390 4378 1557 4448; x_wconf 77' lang='grc' dir='ltr'>ὄνομα</span> <span class='ocrx_word' id='word_1_359' title='bbox 1608 4377 1700 4431; x_wconf 87' lang='grc' dir='ltr'><strong>τοῦ</strong></span> <span class='ocrx_word' id='word_1_360' title='bbox 1740 4375 1975 4448; x_wconf 82' lang='grc' dir='ltr'>Χριστοῦ</span> 
     </span>
    </p>
   </div>
   <div class='ocr_carea' id='block_1_49' title="bbox 2096 564 3677 637">
    <p class='ocr_par' dir='ltr' id='par_1_49' title="bbox 2096 564 3677 637">
     <span class='ocr_line' id='line_1_49' title="bbox 2096 564 3677 637; baseline 0.001 -17"><span class='ocrx_word' id='word_1_361' title='bbox 2096 583 2218 623; x_wconf 82' lang='lat' dir='ltr'><strong>mos</strong></span> <span class='ocrx_word' id='word_1_362' title='bbox 2244 568 2576 637; x_wconf 90' lang='lat' dir='ltr'><strong>depascens,</strong></span> <span class='ocrx_word' id='word_1_363' title='bbox 2601 565 2738 620; x_wconf 88' lang='lat' dir='ltr'><strong>adeo</strong></span> <span class='ocrx_word' id='word_1_364' title='bbox 2774 571 2833 618; x_wconf 92' lang='lat' dir='ltr'><strong>ut</strong></span> <span class='ocrx_word' id='word_1_365' title='bbox 2865 564 3009 619; x_wconf 69' lang='lat' dir='ltr'><strong>aedes</strong></span> <span class='ocrx_word' id='word_1_366' title='bbox 3049 565 3272 635; x_wconf 85' lang='lat' dir='ltr'><strong>quidem</strong></span> <span class='ocrx_word' id='word_1_367' title='bbox 3322 581 3519 628; x_wconf 69' lang='lat' dir='ltr'><strong>sacrae,</strong></span> <span class='ocrx_word' id='word_1_368' title='bbox 3568 583 3677 636; x_wconf 85' lang='lat' dir='ltr'><strong>quo</strong></span> 
     </span>
    </p>
   </div>
   <div class='ocr_carea' id='block_1_50' title="bbox 2094 655 3674 728">
    <p class='ocr_par' dir='ltr' id='par_1_50' title="bbox 2094 655 3674 728">
     <span class='ocr_line' id='line_1_50' title="bbox 2094 655 3674 728; baseline -0.002 -14"><span class='ocrx_word' id='word_1_369' title='bbox 2094 674 2191 728; x_wconf 86' lang='lat' dir='ltr'><strong>spe</strong></span> <span class='ocrx_word' id='word_1_370' title='bbox 2221 657 2529 713; x_wconf 73' lang='lat' dir='ltr'><strong>sanationis</strong></span> <span class='ocrx_word' id='word_1_371' title='bbox 2557 665 2719 726; x_wconf 88' lang='lat' dir='ltr'><strong>atque</strong></span> <span class='ocrx_word' id='word_1_372' title='bbox 2746 655 2975 710; x_wconf 82' lang='lat' dir='ltr'><strong>remedii</strong></span> <span class='ocrx_word' id='word_1_373' title='bbox 3014 655 3423 727; x_wconf 80' lang='lat' dir='ltr'><strong>confugiebant,</strong></span> <span class='ocrx_word' id='word_1_374' title='bbox 3459 658 3547 723; x_wconf 90' lang='lat' dir='ltr'><strong>iis,</strong></span> <span class='ocrx_word' id='word_1_375' title='bbox 3583 660 3674 727; x_wconf 87' lang='lat' dir='ltr'><strong>qui</strong></span> 
     </span>
    </p>
   </div>
   <div class='ocr_carea' id='block_1_51' title="bbox 2094 746 3673 818">
    <p class='ocr_par' dir='ltr' id='par_1_51' title="bbox 2094 746 3673 818">
     <span class='ocr_line' id='line_1_51' title="bbox 2094 746 3673 818; baseline 0.001 -15"><span class='ocrx_word' id='word_1_376' title='bbox 2094 750 2286 804; x_wconf 88' lang='lat' dir='ltr'><strong>morbo</strong></span> <span class='ocrx_word' id='word_1_377' title='bbox 2316 748 2586 818; x_wconf 78' lang='lat' dir='ltr'><strong>peribant,</strong></span> <span class='ocrx_word' id='word_1_378' title='bbox 2614 748 2858 818; x_wconf 59' lang='lat' dir='ltr'><strong>repleta}:</strong></span> <span class='ocrx_word' id='word_1_379' title='bbox 2888 746 3066 801; x_wconf 80' lang='lat' dir='ltr'><strong>fontes</strong></span> <span class='ocrx_word' id='word_1_380' title='bbox 3090 763 3241 809; x_wconf 85' lang='lat' dir='ltr'><strong>vero,</strong></span> <span class='ocrx_word' id='word_1_381' title='bbox 3271 765 3426 817; x_wconf 78' lang='lat' dir='ltr'><strong>aqua:</strong></span> <span class='ocrx_word' id='word_1_382' title='bbox 3453 750 3673 816; x_wconf 87' lang='lat' dir='ltr'><strong>ductus,</strong></span> 
     </span>
    </p>
   </div>
   <div class='ocr_carea' id='block_1_52' title="bbox 2093 838 3676 909">
    <p class='ocr_par' dir='ltr' id='par_1_52' title="bbox 2093 838 3676 909">
     <span class='ocr_line' id='line_1_52' title="bbox 2093 838 3676 909; baseline 0.002 -16"><span class='ocrx_word' id='word_1_383' title='bbox 2093 839 2571 909; x_wconf 82' lang='lat' dir='ltr'><strong>scaturiginesque</strong></span> <span class='ocrx_word' id='word_1_384' title='bbox 2598 852 2664 893; x_wconf 87' lang='lat' dir='ltr'><strong>ac</strong></span> <span class='ocrx_word' id='word_1_385' title='bbox 2718 838 2863 907; x_wconf 84' lang='lat' dir='ltr'><strong>putei</strong></span> <span class='ocrx_word' id='word_1_386' title='bbox 2917 854 3131 899; x_wconf 85' lang='lat' dir='ltr'><strong>eorum.</strong></span> <span class='ocrx_word' id='word_1_387' title='bbox 3190 853 3333 909; x_wconf 87' lang='lat' dir='ltr'><strong>quos</strong></span> <span class='ocrx_word' id='word_1_388' title='bbox 3382 844 3676 896; x_wconf 90' lang='lat' dir='ltr'><strong>atrocitate</strong></span> 
     </span>
    </p>
   </div>
   <div class='ocr_carea' id='block_1_53' title="bbox 2092 927 3674 1003">
    <p class='ocr_par' dir='ltr' id='par_1_53' title="bbox 2092 927 3674 1003">
     <span class='ocr_line' id='line_1_53' title="bbox 2092 927 3674 1003; baseline 0.003 -21"><span class='ocrx_word' id='word_1_389' title='bbox 2092 929 2267 983; x_wconf 86' lang='lat' dir='ltr'>morbi</span> <span class='ocrx_word' id='word_1_390' title='bbox 2292 927 2416 983; x_wconf 83' lang='lat' dir='ltr'><strong>sitis</strong></span> <span class='ocrx_word' id='word_1_391' title='bbox 2440 930 2724 995; x_wconf 76' lang='lat' dir='ltr'><strong>exurebat,</strong></span> <span class='ocrx_word' id='word_1_392' title='bbox 2755 928 2944 983; x_wconf 77' lang='lat' dir='ltr'><strong>referti</strong></span> <span class='ocrx_word' id='word_1_393' title='bbox 2978 940 3165 984; x_wconf 82' lang='lat' dir='ltr'><strong>essent</strong></span> <span class='ocrx_word' id='word_1_394' title='bbox 3192 930 3269 997; x_wconf 89' lang='lat' dir='ltr'><strong>(in</strong></span> <span class='ocrx_word' id='word_1_395' title='bbox 3300 932 3499 1000; x_wconf 78' lang='lat' dir='ltr'><strong>quibus</strong></span> <span class='ocrx_word' id='word_1_396' title='bbox 3534 950 3674 1003; x_wconf 86' lang='lat' dir='ltr'><strong>aqua</strong></span> 
     </span>
    </p>
   </div>
   <div class='ocr_carea' id='block_1_54' title="bbox 2090 1019 3674 1091">
    <p class='ocr_par' dir='ltr' id='par_1_54' title="bbox 2090 1019 3674 1091">
     <span class='ocr_line' id='line_1_54' title="bbox 2090 1019 3674 1091; baseline 0.003 -17"><span class='ocrx_word' id='word_1_397' title='bbox 2090 1021 2264 1074; x_wconf 84' lang='lat' dir='ltr'><strong>morbi</strong></span> <span class='ocrx_word' id='word_1_398' title='bbox 2293 1019 2606 1074; x_wconf 85' lang='lat' dir='ltr'><strong>incendium</strong></span> <span class='ocrx_word' id='word_1_399' title='bbox 2629 1020 2974 1089; x_wconf 83' lang='lat' dir='ltr'><strong>restinguere</strong></span> <span class='ocrx_word' id='word_1_400' title='bbox 2996 1037 3102 1074; x_wconf 88' lang='lat' dir='ltr'><strong>non</strong></span> <span class='ocrx_word' id='word_1_401' title='bbox 3128 1023 3362 1085; x_wconf 90' lang='lat' dir='ltr'><strong>valebat,</strong></span> <span class='ocrx_word' id='word_1_402' title='bbox 3389 1023 3480 1091; x_wconf 87' lang='lat' dir='ltr'><strong>qui</strong></span> <span class='ocrx_word' id='word_1_403' title='bbox 3507 1026 3674 1078; x_wconf 87' lang='lat' dir='ltr'><strong>semel</strong></span> 
     </span>
    </p>
   </div>
   <div class='ocr_carea' id='block_1_55' title="bbox 2090 1112 3672 1184">
    <p class='ocr_par' dir='ltr' id='par_1_55' title="bbox 2090 1112 3672 1184">
     <span class='ocr_line' id='line_1_55' title="bbox 2090 1112 3672 1184; baseline 0.001 -20"><span class='ocrx_word' id='word_1_404' title='bbox 2090 1112 2279 1165; x_wconf 88' lang='lat' dir='ltr'><strong>morbo</strong></span> <span class='ocrx_word' id='word_1_405' title='bbox 2298 1112 2533 1181; x_wconf 87' lang='lat' dir='ltr'><strong>correpti</strong></span> <span class='ocrx_word' id='word_1_406' title='bbox 2552 1117 2758 1175; x_wconf 83' lang='lat' dir='ltr'><strong>essent,</strong></span> <span class='ocrx_word' id='word_1_407' title='bbox 2775 1112 3002 1180; x_wconf 87' lang='lat' dir='ltr'><strong>perinde</strong></span> <span class='ocrx_word' id='word_1_408' title='bbox 3022 1120 3143 1181; x_wconf 85' lang='lat' dir='ltr'><strong>post</strong></span> <span class='ocrx_word' id='word_1_409' title='bbox 3160 1129 3357 1182; x_wconf 86' lang='lat' dir='ltr'><strong>aquam</strong></span> <span class='ocrx_word' id='word_1_410' title='bbox 3376 1124 3672 1184; x_wconf 85' lang='lat' dir='ltr'><strong>sumptam,</strong></span> 
     </span>
    </p>
   </div>
   <div class='ocr_carea' id='block_1_56' title="bbox 2087 1204 3671 1273">
    <p class='ocr_par' dir='ltr' id='par_1_56' title="bbox 2087 1204 3671 1273">
     <span class='ocr_line' id='line_1_56' title="bbox 2087 1204 3671 1273; baseline 0 -16"><span class='ocrx_word' id='word_1_411' title='bbox 2087 1212 2250 1272; x_wconf 86' lang='lat' dir='ltr'><strong>atque</strong></span> <span class='ocrx_word' id='word_1_412' title='bbox 2294 1213 2591 1273; x_wconf 82' lang='lat' dir='ltr'><strong>antequam</strong></span> <span class='ocrx_word' id='word_1_413' title='bbox 2633 1219 2753 1259; x_wconf 90' lang='lat' dir='ltr'><strong>eam</strong></span> <span class='ocrx_word' id='word_1_414' title='bbox 2804 1205 3168 1273; x_wconf 80' lang='lat' dir='ltr'><strong>sumpsissent</strong></span> <span class='ocrx_word' id='word_1_415' title='bbox 3210 1204 3476 1273; x_wconf 68' lang='lat' dir='ltr'><strong>allectis),</strong></span> <span class='ocrx_word' id='word_1_416' title='bbox 3517 1207 3671 1259; x_wconf 90' lang='lat' dir='ltr'><strong>multi</strong></span> 
     </span>
    </p>
   </div>
   <div class='ocr_carea' id='block_1_57' title="bbox 2087 1295 3674 1367">
    <p class='ocr_par' dir='ltr' id='par_1_57' title="bbox 2087 1295 3674 1367">
     <span class='ocr_line' id='line_1_57' title="bbox 2087 1295 3674 1367; baseline 0.003 -19"><span class='ocrx_word' id='word_1_417' title='bbox 2087 1295 2215 1351; x_wconf 87' lang='lat' dir='ltr'><strong>item</strong></span> <span class='ocrx_word' id='word_1_418' title='bbox 2235 1297 2378 1351; x_wconf 91' lang='lat' dir='ltr'><strong>ultro</strong></span> <span class='ocrx_word' id='word_1_419' title='bbox 2396 1297 2697 1352; x_wconf 89' lang='lat' dir='ltr'><strong>transirent</strong></span> <span class='ocrx_word' id='word_1_420' title='bbox 2721 1296 2786 1350; x_wconf 90' lang='lat' dir='ltr'><strong>ad</strong></span> <span class='ocrx_word' id='word_1_421' title='bbox 2806 1297 3079 1367; x_wconf 90' lang='lat' dir='ltr'><strong>sepulcra,</strong></span> <span class='ocrx_word' id='word_1_422' title='bbox 3096 1313 3161 1352; x_wconf 89' lang='lat' dir='ltr'><strong>eo</strong></span> <span class='ocrx_word' id='word_1_423' title='bbox 3184 1297 3330 1367; x_wconf 88' lang='lat' dir='ltr'><strong>quod</strong></span> <span class='ocrx_word' id='word_1_424' title='bbox 3350 1300 3674 1367; x_wconf 86' lang='lat' dir='ltr'><strong>superstites</strong></span> 
     </span>
    </p>
   </div>
   <div class='ocr_carea' id='block_1_58' title="bbox 2085 1386 3672 1456">
    <p class='ocr_par' dir='ltr' id='par_1_58' title="bbox 2085 1386 3672 1456">
     <span class='ocr_line' id='line_1_58' title="bbox 2085 1386 3672 1456; baseline 0.001 -16"><span class='ocrx_word' id='word_1_425' title='bbox 2085 1386 2414 1452; x_wconf 88' lang='lat' dir='ltr'><strong>sepeliendis</strong></span> <span class='ocrx_word' id='word_1_426' title='bbox 2447 1386 2681 1440; x_wconf 87' lang='lat' dir='ltr'><strong>mortuis</strong></span> <span class='ocrx_word' id='word_1_427' title='bbox 2708 1401 2817 1441; x_wconf 91' lang='lat' dir='ltr'><strong>non</strong></span> <span class='ocrx_word' id='word_1_428' title='bbox 2842 1388 3079 1456; x_wconf 84' lang='lat' dir='ltr'><strong>amplius</strong></span> <span class='ocrx_word' id='word_1_429' title='bbox 3101 1386 3435 1450; x_wconf 87' lang='lat' dir='ltr'><strong>sulIiccrent,</strong></span> <span class='ocrx_word' id='word_1_430' title='bbox 3457 1403 3556 1441; x_wconf 89' lang='lat' dir='ltr'><strong>nec</strong></span> <span class='ocrx_word' id='word_1_431' title='bbox 3589 1388 3672 1441; x_wconf 88' lang='lat' dir='ltr'><strong>in-</strong></span> 
     </span>
    </p>
   </div>
   <div class='ocr_carea' id='block_1_59' title="bbox 2084 1475 3670 1547">
    <p class='ocr_par' dir='ltr' id='par_1_59' title="bbox 2084 1475 3670 1547">
     <span class='ocr_line' id='line_1_59' title="bbox 2084 1475 3670 1547; baseline 0.002 -19"><span class='ocrx_word' id='word_1_432' title='bbox 2084 1475 2309 1545; x_wconf 90' lang='lat' dir='ltr'><strong>opinato</strong></span> <span class='ocrx_word' id='word_1_433' title='bbox 2357 1476 2559 1530; x_wconf 90' lang='lat' dir='ltr'><strong>malum</strong></span> <span class='ocrx_word' id='word_1_434' title='bbox 2599 1476 2849 1531; x_wconf 87' lang='lat' dir='ltr'><strong>homines</strong></span> <span class='ocrx_word' id='word_1_435' title='bbox 2879 1477 3182 1543; x_wconf 81' lang='lat' dir='ltr'><strong>invaderet,</strong></span> <span class='ocrx_word' id='word_1_436' title='bbox 3221 1476 3315 1532; x_wconf 91' lang='lat' dir='ltr'><strong>sed</strong></span> <span class='ocrx_word' id='word_1_437' title='bbox 3348 1477 3503 1547; x_wconf 90' lang='lat' dir='ltr'><strong>quasi</strong></span> <span class='ocrx_word' id='word_1_438' title='bbox 3545 1493 3670 1547; x_wconf 86' lang='lat' dir='ltr'><strong>spe-</strong></span> 
     </span>
    </p>
   </div>
   <div class='ocr_carea' id='block_1_60' title="bbox 2085 1566 3673 1639">
    <p class='ocr_par' dir='ltr' id='par_1_60' title="bbox 2085 1566 3673 1639">
     <span class='ocr_line' id='line_1_60' title="bbox 2085 1566 3673 1639; baseline 0.001 -18"><span class='ocrx_word' id='word_1_439' title='bbox 2085 1575 2260 1621; x_wconf 91' lang='lat' dir='ltr'><strong>ctrum</strong></span> <span class='ocrx_word' id='word_1_440' title='bbox 2288 1566 2561 1637; x_wconf 86' lang='lat' dir='ltr'><strong>quoddam</strong></span> <span class='ocrx_word' id='word_1_441' title='bbox 2586 1568 2650 1622; x_wconf 90' lang='lat' dir='ltr'><strong>ad</strong></span> <span class='ocrx_word' id='word_1_442' title='bbox 2674 1585 2768 1623; x_wconf 91' lang='lat' dir='ltr'><strong>eas</strong></span> <span class='ocrx_word' id='word_1_443' title='bbox 2789 1568 2934 1624; x_wconf 69' lang='lat' dir='ltr'><strong>mdes</strong></span> <span class='ocrx_word' id='word_1_444' title='bbox 2958 1570 3160 1639; x_wconf 86' lang='lat' dir='ltr'><strong>quibus</strong></span> <span class='ocrx_word' id='word_1_445' title='bbox 3187 1569 3458 1639; x_wconf 82' lang='lat' dir='ltr'><strong>pernicies</strong></span> <span class='ocrx_word' id='word_1_446' title='bbox 3493 1570 3673 1623; x_wconf 90' lang='lat' dir='ltr'><strong>immi-</strong></span> 
     </span>
    </p>
   </div>
   <div class='ocr_carea' id='block_1_61' title="bbox 2084 1657 3672 1731">
    <p class='ocr_par' dir='ltr' id='par_1_61' title="bbox 2084 1657 3672 1731">
     <span class='ocr_line' id='line_1_61' title="bbox 2084 1657 3672 1731; baseline 0.003 -21"><span class='ocrx_word' id='word_1_447' title='bbox 2084 1657 2267 1722; x_wconf 85' lang='lat' dir='ltr'><strong>nebat,</strong></span> <span class='ocrx_word' id='word_1_448' title='bbox 2315 1658 2626 1724; x_wconf 86' lang='lat' dir='ltr'><strong>accederet,</strong></span> <span class='ocrx_word' id='word_1_449' title='bbox 2662 1660 2732 1713; x_wconf 84' lang='lat' dir='ltr'><strong>ita</strong></span> <span class='ocrx_word' id='word_1_450' title='bbox 2777 1670 2986 1714; x_wconf 87' lang='lat' dir='ltr'><strong>certum</strong></span> <span class='ocrx_word' id='word_1_451' title='bbox 3036 1660 3265 1713; x_wconf 81' lang='lat' dir='ltr'><strong>exitium</strong></span> <span class='ocrx_word' id='word_1_452' title='bbox 3309 1662 3672 1731; x_wconf 72' lang='lat' dir='ltr'><strong>subseqpere—</strong></span> 
     </span>
    </p>
   </div>
   <div class='ocr_carea' id='block_1_62' title="bbox 2084 1748 3667 1821">
    <p class='ocr_par' dir='ltr' id='par_1_62' title="bbox 2084 1748 3667 1821">
     <span class='ocr_line' id='line_1_62' title="bbox 2084 1748 3667 1821; baseline 0.001 -20"><span class='ocrx_word' id='word_1_453' title='bbox 2084 1756 2195 1801; x_wconf 88' lang='lat' dir='ltr'><strong>tur.</strong></span> <span class='ocrx_word' id='word_1_454' title='bbox 2238 1748 2304 1803; x_wconf 84' lang='lat' dir='ltr'><strong>Ut</strong></span> <span class='ocrx_word' id='word_1_455' title='bbox 2340 1748 2509 1819; x_wconf 82' lang='lat' dir='ltr'><strong>igitur</strong></span> <span class='ocrx_word' id='word_1_456' title='bbox 2549 1764 2719 1806; x_wconf 86' lang='lat' dir='ltr'><strong>causa</strong></span> <span class='ocrx_word' id='word_1_457' title='bbox 2766 1751 2943 1805; x_wconf 91' lang='lat' dir='ltr'><strong>morbi</strong></span> <span class='ocrx_word' id='word_1_458' title='bbox 2975 1751 3232 1806; x_wconf 87' lang='lat' dir='ltr'><strong>omnibus</strong></span> <span class='ocrx_word' id='word_1_459' title='bbox 3260 1751 3531 1821; x_wconf 82' lang='lat' dir='ltr'><strong>patefacta</strong></span> <span class='ocrx_word' id='word_1_460' title='bbox 3562 1758 3667 1815; x_wconf 86' lang='lat' dir='ltr'><strong>est,</strong></span> 
     </span>
    </p>
   </div>
   <div class='ocr_carea' id='block_1_63' title="bbox 2083 1841 3670 1914">
    <p class='ocr_par' dir='ltr' id='par_1_63' title="bbox 2083 1841 3670 1914">
     <span class='ocr_line' id='line_1_63' title="bbox 2083 1841 3670 1914; baseline 0.002 -19"><span class='ocrx_word' id='word_1_461' title='bbox 2083 1856 2279 1912; x_wconf 85' lang='lat' dir='ltr'><strong>nempe</strong></span> <span class='ocrx_word' id='word_1_462' title='bbox 2304 1841 2450 1911; x_wconf 91' lang='lat' dir='ltr'><strong>quod</strong></span> <span class='ocrx_word' id='word_1_463' title='bbox 2480 1843 2693 1898; x_wconf 79' lang='lat' dir='ltr'><strong>daanon</strong></span> <span class='ocrx_word' id='word_1_464' title='bbox 2725 1846 2794 1898; x_wconf 91' lang='lat' dir='ltr'><strong>ab</strong></span> <span class='ocrx_word' id='word_1_465' title='bbox 2827 1845 2962 1914; x_wconf 86' lang='lat' dir='ltr'><strong>ipsis</strong></span> <span class='ocrx_word' id='word_1_466' title='bbox 2992 1844 3281 1911; x_wconf 78' lang='lat' dir='ltr'><strong>invocatus</strong></span> <span class='ocrx_word' id='word_1_467' title='bbox 3310 1846 3449 1900; x_wconf 87' lang='lat' dir='ltr'><strong>male</strong></span> <span class='ocrx_word' id='word_1_468' title='bbox 3471 1850 3670 1901; x_wconf 76' lang='lat' dir='ltr'><strong>stulto-</strong></span> 
     </span>
    </p>
   </div>
   <div class='ocr_carea' id='block_1_64' title="bbox 2084 1932 3670 2004">
    <p class='ocr_par' dir='ltr' id='par_1_64' title="bbox 2084 1932 3670 2004">
     <span class='ocr_line' id='line_1_64' title="bbox 2084 1932 3670 2004; baseline 0.004 -21"><span class='ocrx_word' id='word_1_469' title='bbox 2084 1945 2205 1984; x_wconf 91' lang='lat' dir='ltr'><strong>rum</strong></span> <span class='ocrx_word' id='word_1_470' title='bbox 2238 1946 2303 1984; x_wconf 88' lang='lat' dir='ltr'><strong>ac</strong></span> <span class='ocrx_word' id='word_1_471' title='bbox 2336 1932 2665 1987; x_wconf 88' lang='lat' dir='ltr'><strong>miserorum</strong></span> <span class='ocrx_word' id='word_1_472' title='bbox 2695 1948 2884 2003; x_wconf 88' lang='lat' dir='ltr'><strong>preces</strong></span> <span class='ocrx_word' id='word_1_473' title='bbox 2921 1935 3196 2003; x_wconf 85' lang='lat' dir='ltr'><strong>impleret,</strong></span> <span class='ocrx_word' id='word_1_474' title='bbox 3235 1935 3326 2004; x_wconf 87' lang='lat' dir='ltr'><strong>qui</strong></span> <span class='ocrx_word' id='word_1_475' title='bbox 3369 1935 3509 1988; x_wconf 90' lang='lat' dir='ltr'><strong>hanc</strong></span> <span class='ocrx_word' id='word_1_476' title='bbox 3547 1951 3670 2003; x_wconf 65' lang='lat' dir='ltr'><strong>qua:</strong></span> 
     </span>
    </p>
   </div>
   <div class='ocr_carea' id='block_1_65' title="bbox 2082 2021 3666 2090">
    <p class='ocr_par' dir='ltr' id='par_1_65' title="bbox 2082 2021 3666 2090">
     <span class='ocr_line' id='line_1_65' title="bbox 2082 2021 3666 2090; baseline 0.002 -16"><span class='ocrx_word' id='word_1_477' title='bbox 2082 2021 2329 2076; x_wconf 87' lang='lat' dir='ltr'><strong>morbqu</strong></span> <span class='ocrx_word' id='word_1_478' title='bbox 2350 2034 2644 2079; x_wconf 88' lang='lat' dir='ltr'><strong>consecuta</strong></span> <span class='ocrx_word' id='word_1_479' title='bbox 2671 2034 2838 2088; x_wconf 86' lang='lat' dir='ltr'><strong>esset.</strong></span> <span class='ocrx_word' id='word_1_480' title='bbox 2860 2027 3139 2081; x_wconf 78' lang='lat' dir='ltr'><strong>laxitatem</strong></span> <span class='ocrx_word' id='word_1_481' title='bbox 3164 2026 3219 2079; x_wconf 91' lang='lat' dir='ltr'><strong>in</strong></span> <span class='ocrx_word' id='word_1_482' title='bbox 3248 2026 3383 2080; x_wconf 88' lang='lat' dir='ltr'><strong>urbe</strong></span> <span class='ocrx_word' id='word_1_483' title='bbox 3411 2026 3666 2090; x_wconf 84' lang='lat' dir='ltr'><strong>ellieeret,</strong></span> 
     </span>
    </p>
   </div>
   <div class='ocr_carea' id='block_1_66' title="bbox 2081 2114 3666 2186">
    <p class='ocr_par' dir='ltr' id='par_1_66' title="bbox 2081 2114 3666 2186">
     <span class='ocr_line' id='line_1_66' title="bbox 2081 2114 3666 2186; baseline 0.002 -20"><span class='ocrx_word' id='word_1_484' title='bbox 2081 2127 2278 2183; x_wconf 80' lang='lat' dir='ltr'><strong>magno</strong></span> <span class='ocrx_word' id='word_1_485' title='bbox 2299 2114 2393 2169; x_wconf 89' lang='lat' dir='ltr'><strong>isti</strong></span> <span class='ocrx_word' id='word_1_486' title='bbox 2416 2116 2533 2170; x_wconf 89' lang='lat' dir='ltr'><strong>viro</strong></span> <span class='ocrx_word' id='word_1_487' title='bbox 2555 2118 2833 2185; x_wconf 86' lang='lat' dir='ltr'><strong>supplices</strong></span> <span class='ocrx_word' id='word_1_488' title='bbox 2865 2117 3004 2171; x_wconf 85' lang='lat' dir='ltr'><strong>tiunt</strong></span> <span class='ocrx_word' id='word_1_489' title='bbox 3034 2125 3275 2182; x_wconf 84' lang='lat' dir='ltr'><strong>orantes,</strong></span> <span class='ocrx_word' id='word_1_490' title='bbox 3301 2126 3361 2170; x_wconf 91' lang='lat' dir='ltr'><strong>ut</strong></span> <span class='ocrx_word' id='word_1_491' title='bbox 3394 2131 3489 2186; x_wconf 90' lang='lat' dir='ltr'><strong>per</strong></span> <span class='ocrx_word' id='word_1_492' title='bbox 3520 2131 3666 2178; x_wconf 91' lang='lat' dir='ltr'><strong>eum,</strong></span> 
     </span>
    </p>
   </div>
   <div class='ocr_carea' id='block_1_67' title="bbox 2079 2205 3670 2278">
    <p class='ocr_par' dir='ltr' id='par_1_67' title="bbox 2079 2205 3670 2278">
     <span class='ocr_line' id='line_1_67' title="bbox 2079 2205 3670 2278; baseline 0.001 -21"><span class='ocrx_word' id='word_1_493' title='bbox 2079 2220 2241 2273; x_wconf 91' lang='lat' dir='ltr'><strong>quem</strong></span> <span class='ocrx_word' id='word_1_494' title='bbox 2266 2205 2383 2275; x_wconf 86' lang='lat' dir='ltr'><strong>ipse</strong></span> <span class='ocrx_word' id='word_1_495' title='bbox 2399 2206 2566 2259; x_wconf 92' lang='lat' dir='ltr'><strong>Deum</strong></span> <span class='ocrx_word' id='word_1_496' title='bbox 2593 2216 2917 2277; x_wconf 78' lang='lat' dir='ltr'><strong>agnosceret</strong></span> <span class='ocrx_word' id='word_1_497' title='bbox 2938 2224 3001 2263; x_wconf 90' lang='lat' dir='ltr'><strong>ac</strong></span> <span class='ocrx_word' id='word_1_498' title='bbox 3023 2209 3367 2278; x_wconf 61' lang='lat' dir='ltr'><strong>praidicarct,</strong></span> <span class='ocrx_word' id='word_1_499' title='bbox 3395 2224 3553 2278; x_wconf 89' lang='lat' dir='ltr'><strong>quem</strong></span> <span class='ocrx_word' id='word_1_500' title='bbox 3580 2223 3670 2263; x_wconf 79' lang='lat' dir='ltr'><strong>so-</strong></span> 
     </span>
    </p>
   </div>
   <div class='ocr_carea' id='block_1_68' title="bbox 2080 2295 3670 2369">
    <p class='ocr_par' dir='ltr' id='par_1_68' title="bbox 2080 2295 3670 2369">
     <span class='ocr_line' id='line_1_68' title="bbox 2080 2295 3670 2369; baseline 0.002 -21"><span class='ocrx_word' id='word_1_501' title='bbox 2080 2295 2190 2348; x_wconf 92' lang='lat' dir='ltr'><strong>lum</strong></span> <span class='ocrx_word' id='word_1_502' title='bbox 2219 2310 2407 2351; x_wconf 83' lang='lat' dir='ltr'><strong>revera</strong></span> <span class='ocrx_word' id='word_1_503' title='bbox 2424 2296 2594 2352; x_wconf 90' lang='lat' dir='ltr'><strong>Deum</strong></span> <span class='ocrx_word' id='word_1_504' title='bbox 2617 2314 2760 2361; x_wconf 89' lang='lat' dir='ltr'><strong>esse,</strong></span> <span class='ocrx_word' id='word_1_505' title='bbox 2778 2307 2834 2352; x_wconf 89' lang='lat' dir='ltr'><strong>et</strong></span> <span class='ocrx_word' id='word_1_506' title='bbox 2864 2299 2920 2352; x_wconf 89' lang='lat' dir='ltr'><strong>in</strong></span> <span class='ocrx_word' id='word_1_507' title='bbox 2945 2314 3138 2353; x_wconf 89' lang='lat' dir='ltr'><strong>omnes</strong></span> <span class='ocrx_word' id='word_1_508' title='bbox 3159 2299 3447 2369; x_wconf 84' lang='lat' dir='ltr'><strong>imperium</strong></span> <span class='ocrx_word' id='word_1_509' title='bbox 3470 2300 3670 2353; x_wconf 85' lang='lat' dir='ltr'><strong>habere</strong></span> 
     </span>
    </p>
   </div>
   <div class='ocr_carea' id='block_1_69' title="bbox 2079 2386 3664 2459">
    <p class='ocr_par' dir='ltr' id='par_1_69' title="bbox 2079 2386 3664 2459">
     <span class='ocr_line' id='line_1_69' title="bbox 2079 2386 3664 2459; baseline 0 -18"><span class='ocrx_word' id='word_1_510' title='bbox 2079 2386 2506 2451; x_wconf 83' lang='lat' dir='ltr'><strong>conliterentur,.</strong></span> <span class='ocrx_word' id='word_1_511' title='bbox 2530 2390 2659 2443; x_wconf 90' lang='lat' dir='ltr'><strong>mali</strong></span> <span class='ocrx_word' id='word_1_512' title='bbox 2709 2390 2971 2459; x_wconf 86' lang='lat' dir='ltr'><strong>impetum</strong></span> <span class='ocrx_word' id='word_1_513' title='bbox 3012 2391 3234 2444; x_wconf 88' lang='lat' dir='ltr'><strong>sisteret</strong></span> <span class='ocrx_word' id='word_1_514' title='bbox 3276 2400 3332 2445; x_wconf 90' lang='lat' dir='ltr'><strong>et</strong></span> <span class='ocrx_word' id='word_1_515' title='bbox 3368 2390 3664 2444; x_wconf 83' lang='lat' dir='ltr'><strong>inhiberet.</strong></span> 
     </span>
    </p>
   </div>
   <div class='ocr_carea' id='block_1_70' title="bbox 2078 2477 3665 2552">
    <p class='ocr_par' dir='ltr' id='par_1_70' title="bbox 2078 2477 3665 2552">
     <span class='ocr_line' id='line_1_70' title="bbox 2078 2477 3665 2552; baseline 0.001 -20"><span class='ocrx_word' id='word_1_516' title='bbox 2078 2477 2212 2533; x_wconf 86' lang='lat' dir='ltr'><strong>Nam</strong></span> <span class='ocrx_word' id='word_1_517' title='bbox 2234 2495 2358 2535; x_wconf 89' lang='lat' dir='ltr'><strong>cum</strong></span> <span class='ocrx_word' id='word_1_518' title='bbox 2385 2489 2665 2551; x_wconf 88' lang='lat' dir='ltr'><strong>spectrum</strong></span> <span class='ocrx_word' id='word_1_519' title='bbox 2691 2481 2825 2536; x_wconf 90' lang='lat' dir='ltr'><strong>illud</strong></span> <span class='ocrx_word' id='word_1_520' title='bbox 2856 2494 2983 2537; x_wconf 86' lang='lat' dir='ltr'><strong>ante</strong></span> <span class='ocrx_word' id='word_1_521' title='bbox 3004 2482 3245 2536; x_wconf 81' lang='lat' dir='ltr'><strong>futuram</strong></span> <span class='ocrx_word' id='word_1_522' title='bbox 3276 2490 3482 2552; x_wconf 80' lang='lat' dir='ltr'><strong>pestem</strong></span> <span class='ocrx_word' id='word_1_523' title='bbox 3502 2482 3665 2536; x_wconf 82' lang='lat' dir='ltr'><strong>alicui</strong></span> 
     </span>
    </p>
   </div>
   <div class='ocr_carea' id='block_1_71' title="bbox 2056 2570 3668 2644">
    <p class='ocr_par' dir='ltr' id='par_1_71' title="bbox 2056 2570 3668 2644">
     <span class='ocr_line' id='line_1_71' title="bbox 2056 2570 3668 2644; baseline 0.002 -20"><span class='ocrx_word' id='word_1_524' title='bbox 2056 2570 2262 2625; x_wconf 88' lang='lat' dir='ltr'><strong>-domui</strong></span> <span class='ocrx_word' id='word_1_525' title='bbox 2306 2582 2623 2641; x_wconf 86' lang='lat' dir='ltr'><strong>appareret,</strong></span> <span class='ocrx_word' id='word_1_526' title='bbox 2664 2588 2729 2626; x_wconf 88' lang='lat' dir='ltr'><strong>ac</strong></span> <span class='ocrx_word' id='word_1_527' title='bbox 2776 2574 3029 2644; x_wconf 88' lang='lat' dir='ltr'><strong>protinus</strong></span> <span class='ocrx_word' id='word_1_528' title='bbox 3066 2573 3503 2643; x_wconf 88' lang='lat' dir='ltr'><strong>desperationem</strong></span> <span class='ocrx_word' id='word_1_529' title='bbox 3544 2574 3668 2627; x_wconf 79' lang='lat' dir='ltr'><strong>vita:</strong></span> 
     </span>
    </p>
   </div>
   <div class='ocr_carea' id='block_1_72' title="bbox 2078 2660 3666 2734">
    <p class='ocr_par' dir='ltr' id='par_1_72' title="bbox 2078 2660 3666 2734">
     <span class='ocr_line' id='line_1_72' title="bbox 2078 2660 3666 2734; baseline 0.003 -20"><span class='ocrx_word' id='word_1_530' title='bbox 2078 2660 2486 2718; x_wconf 87' lang='lat' dir='ltr'><strong>habitatoribus</strong></span> <span class='ocrx_word' id='word_1_531' title='bbox 2519 2664 2802 2732; x_wconf 85' lang='lat' dir='ltr'><strong>injiceret,</strong></span> <span class='ocrx_word' id='word_1_532' title='bbox 2838 2680 2945 2717; x_wconf 89' lang='lat' dir='ltr'><strong>una</strong></span> <span class='ocrx_word' id='word_1_533' title='bbox 2980 2664 3423 2734; x_wconf 81' lang='lat' dir='ltr'><strong>periclitantibus</strong></span> <span class='ocrx_word' id='word_1_534' title='bbox 3467 2664 3666 2718; x_wconf 88' lang='lat' dir='ltr'><strong>salutis</strong></span> 
     </span>
    </p>
   </div>
   <div class='ocr_carea' id='block_1_73' title="bbox 2077 2752 3666 2824">
    <p class='ocr_par' dir='ltr' id='par_1_73' title="bbox 2077 2752 3666 2824">
     <span class='ocr_line' id='line_1_73' title="bbox 2077 2752 3666 2824; baseline 0 -16"><span class='ocrx_word' id='word_1_535' title='bbox 2077 2755 2220 2808; x_wconf 82' lang='lat' dir='ltr'><strong>ratio</strong></span> <span class='ocrx_word' id='word_1_536' title='bbox 2248 2766 2386 2818; x_wconf 87' lang='lat' dir='ltr'><strong>erat,</strong></span> <span class='ocrx_word' id='word_1_537' title='bbox 2417 2755 2459 2808; x_wconf 88' lang='lat' dir='ltr'><strong>si</strong></span> <span class='ocrx_word' id='word_1_538' title='bbox 2496 2754 2619 2808; x_wconf 91' lang='lat' dir='ltr'><strong>illas</strong></span> <span class='ocrx_word' id='word_1_539' title='bbox 2642 2755 2789 2810; x_wconf 65' lang='lat' dir='ltr'><strong>aedes</strong></span> <span class='ocrx_word' id='word_1_540' title='bbox 2822 2770 3053 2824; x_wconf 75' lang='lat' dir='ltr'><strong>magnus</strong></span> <span class='ocrx_word' id='word_1_541' title='bbox 3077 2754 3374 2823; x_wconf 83' lang='lat' dir='ltr'><strong>Gregorius</strong></span> <span class='ocrx_word' id='word_1_542' title='bbox 3416 2752 3666 2822; x_wconf 78' lang='lat' dir='ltr'><strong>ingrede-</strong></span> 
     </span>
    </p>
   </div>
   <div class='ocr_carea' id='block_1_74' title="bbox 2076 2841 3665 2912">
    <p class='ocr_par' dir='ltr' id='par_1_74' title="bbox 2076 2841 3665 2912">
     <span class='ocr_line' id='line_1_74' title="bbox 2076 2841 3665 2912; baseline -0.002 -15"><span class='ocrx_word' id='word_1_543' title='bbox 2076 2850 2251 2904; x_wconf 88' lang='lat' dir='ltr'><strong>retur,</strong></span> <span class='ocrx_word' id='word_1_544' title='bbox 2288 2857 2351 2895; x_wconf 90' lang='lat' dir='ltr'><strong>ac</strong></span> <span class='ocrx_word' id='word_1_545' title='bbox 2376 2857 2473 2911; x_wconf 90' lang='lat' dir='ltr'><strong>per</strong></span> <span class='ocrx_word' id='word_1_546' title='bbox 2496 2858 2683 2912; x_wconf 88' lang='lat' dir='ltr'><strong>preces</strong></span> <span class='ocrx_word' id='word_1_547' title='bbox 2716 2843 3007 2906; x_wconf 90' lang='lat' dir='ltr'><strong>morbum,</strong></span> <span class='ocrx_word' id='word_1_548' title='bbox 3042 2842 3139 2910; x_wconf 85' lang='lat' dir='ltr'><strong>qui</strong></span> <span class='ocrx_word' id='word_1_549' title='bbox 3179 2842 3402 2896; x_wconf 88' lang='lat' dir='ltr'><strong>domum</strong></span> <span class='ocrx_word' id='word_1_550' title='bbox 3430 2841 3665 2895; x_wconf 82' lang='lat' dir='ltr'><strong>invasis-</strong></span> 
     </span>
    </p>
   </div>
   <div class='ocr_carea' id='block_1_75' title="bbox 2075 2931 3666 3003">
    <p class='ocr_par' dir='ltr' id='par_1_75' title="bbox 2075 2931 3666 3003">
     <span class='ocr_line' id='line_1_75' title="bbox 2075 2931 3666 3003; baseline -0.003 -15"><span class='ocrx_word' id='word_1_551' title='bbox 2075 2941 2190 2998; x_wconf 84' lang='lat' dir='ltr'><strong>set,</strong></span> <span class='ocrx_word' id='word_1_552' title='bbox 2213 2934 2501 3003; x_wconf 87' lang='lat' dir='ltr'><strong>repelleret</strong></span> <span class='ocrx_word' id='word_1_553' title='bbox 2523 2948 2587 2987; x_wconf 86' lang='lat' dir='ltr'><strong>ac</strong></span> <span class='ocrx_word' id='word_1_554' title='bbox 2608 2933 2981 2988; x_wconf 87' lang='lat' dir='ltr'><strong>submoveret.</strong></span> <span class='ocrx_word' id='word_1_555' title='bbox 3024 2931 3162 2986; x_wconf 88' lang='lat' dir='ltr'><strong>Cum</strong></span> <span class='ocrx_word' id='word_1_556' title='bbox 3197 2940 3380 2985; x_wconf 90' lang='lat' dir='ltr'><strong>autem</strong></span> <span class='ocrx_word' id='word_1_557' title='bbox 3414 2931 3666 2986; x_wconf 82' lang='lat' dir='ltr'><strong>celeriter</strong></span> 
     </span>
    </p>
   </div>
   <div class='ocr_carea' id='block_1_76' title="bbox 2075 3022 3664 3096">
    <p class='ocr_par' dir='ltr' id='par_1_76' title="bbox 2075 3022 3664 3096">
     <span class='ocr_line' id='line_1_76' title="bbox 2075 3022 3664 3096; baseline -0.003 -16"><span class='ocrx_word' id='word_1_558' title='bbox 2075 3040 2173 3095; x_wconf 90' lang='lat' dir='ltr'><strong>per</strong></span> <span class='ocrx_word' id='word_1_559' title='bbox 2216 3041 2342 3091; x_wconf 90' lang='lat' dir='ltr'><strong>eos,</strong></span> <span class='ocrx_word' id='word_1_560' title='bbox 2397 3026 2490 3096; x_wconf 89' lang='lat' dir='ltr'><strong>qui</strong></span> <span class='ocrx_word' id='word_1_561' title='bbox 2539 3025 2699 3095; x_wconf 86' lang='lat' dir='ltr'><strong>primi</strong></span> <span class='ocrx_word' id='word_1_562' title='bbox 2745 3041 2810 3079; x_wconf 89' lang='lat' dir='ltr'><strong>ea</strong></span> <span class='ocrx_word' id='word_1_563' title='bbox 2861 3026 3077 3078; x_wconf 89' lang='lat' dir='ltr'><strong>ratione</strong></span> <span class='ocrx_word' id='word_1_564' title='bbox 3117 3023 3321 3078; x_wconf 83' lang='lat' dir='ltr'><strong>servati</strong></span> <span class='ocrx_word' id='word_1_565' title='bbox 3369 3030 3560 3087; x_wconf 90' lang='lat' dir='ltr'><strong>erant,</strong></span> <span class='ocrx_word' id='word_1_566' title='bbox 3595 3022 3664 3076; x_wconf 78' lang='lat' dir='ltr'><strong>ad</strong></span> 
     </span>
    </p>
   </div>
   <div class='ocr_carea' id='block_1_77' title="bbox 2076 3114 3665 3185">
    <p class='ocr_par' dir='ltr' id='par_1_77' title="bbox 2076 3114 3665 3185">
     <span class='ocr_line' id='line_1_77' title="bbox 2076 3114 3665 3185; baseline -0.003 -15"><span class='ocrx_word' id='word_1_567' title='bbox 2076 3132 2269 3171; x_wconf 91' lang='lat' dir='ltr'><strong>omnes</strong></span> <span class='ocrx_word' id='word_1_568' title='bbox 2299 3116 2443 3170; x_wconf 64' lang='lat' dir='ltr'><strong>[auia</strong></span> <span class='ocrx_word' id='word_1_569' title='bbox 2475 3126 2879 3185; x_wconf 85' lang='lat' dir='ltr'><strong>permanasset,</strong></span> <span class='ocrx_word' id='word_1_570' title='bbox 2909 3115 3129 3178; x_wconf 88' lang='lat' dir='ltr'><strong>omnia,</strong></span> <span class='ocrx_word' id='word_1_571' title='bbox 3164 3131 3286 3184; x_wconf 75' lang='lat' dir='ltr'><strong>quae</strong></span> <span class='ocrx_word' id='word_1_572' title='bbox 3318 3116 3470 3184; x_wconf 88' lang='lat' dir='ltr'><strong>prius</strong></span> <span class='ocrx_word' id='word_1_573' title='bbox 3505 3114 3665 3168; x_wconf 86' lang='lat' dir='ltr'><strong>vani-</strong></span> 
     </span>
    </p>
   </div>
   <div class='ocr_carea' id='block_1_78' title="bbox 2077 3205 3661 3279">
    <p class='ocr_par' dir='ltr' id='par_1_78' title="bbox 2077 3205 3661 3279">
     <span class='ocr_line' id='line_1_78' title="bbox 2077 3205 3661 3279; baseline -0.002 -18"><span class='ocrx_word' id='word_1_574' title='bbox 2077 3216 2188 3263; x_wconf 84' lang='lat' dir='ltr'><strong>tate</strong></span> <span class='ocrx_word' id='word_1_575' title='bbox 2214 3219 2381 3279; x_wconf 85' lang='lat' dir='ltr'><strong>atque</strong></span> <span class='ocrx_word' id='word_1_576' title='bbox 2407 3209 2641 3261; x_wconf 84' lang='lat' dir='ltr'><strong>stultitia</strong></span> <span class='ocrx_word' id='word_1_577' title='bbox 2670 3207 2895 3261; x_wconf 89' lang='lat' dir='ltr'><strong>adducti</strong></span> <span class='ocrx_word' id='word_1_578' title='bbox 2926 3207 3215 3272; x_wconf 85' lang='lat' dir='ltr'><strong>curabant,</strong></span> <span class='ocrx_word' id='word_1_579' title='bbox 3241 3205 3661 3269; x_wconf 89' lang='lat' dir='ltr'><strong>omittebantur,</strong></span> 
     </span>
    </p>
   </div>
   <div class='ocr_carea' id='block_1_79' title="bbox 2073 3297 3664 3368">
    <p class='ocr_par' dir='ltr' id='par_1_79' title="bbox 2073 3297 3664 3368">
     <span class='ocr_line' id='line_1_79' title="bbox 2073 3297 3664 3368; baseline -0.003 -14"><span class='ocrx_word' id='word_1_580' title='bbox 2073 3301 2323 3363; x_wconf 85' lang='lat' dir='ltr'><strong>oracula,</strong></span> <span class='ocrx_word' id='word_1_581' title='bbox 2364 3300 2638 3355; x_wconf 80' lang='lat' dir='ltr'><strong>sacriﬁcia</strong></span> <span class='ocrx_word' id='word_1_582' title='bbox 2680 3299 3007 3368; x_wconf 85' lang='lat' dir='ltr'><strong>piacularia,</strong></span> <span class='ocrx_word' id='word_1_583' title='bbox 3049 3297 3103 3352; x_wconf 92' lang='lat' dir='ltr'><strong>in</strong></span> <span class='ocrx_word' id='word_1_584' title='bbox 3150 3297 3400 3352; x_wconf 89' lang='lat' dir='ltr'><strong>delubris</strong></span> <span class='ocrx_word' id='word_1_585' title='bbox 3437 3297 3664 3352; x_wconf 84' lang='lat' dir='ltr'><strong>simula-</strong></span> 
     </span>
    </p>
   </div>
   <div class='ocr_carea' id='block_1_80' title="bbox 2075 3388 3663 3459">
    <p class='ocr_par' dir='ltr' id='par_1_80' title="bbox 2075 3388 3663 3459">
     <span class='ocr_line' id='line_1_80' title="bbox 2075 3388 3663 3459; baseline -0.004 -12"><span class='ocrx_word' id='word_1_586' title='bbox 2075 3405 2298 3447; x_wconf 88' lang='lat' dir='ltr'><strong>crorum</strong></span> <span class='ocrx_word' id='word_1_587' title='bbox 2339 3391 2736 3456; x_wconf 87' lang='lat' dir='ltr'><strong>commoratio,</strong></span> <span class='ocrx_word' id='word_1_588' title='bbox 2788 3390 3047 3444; x_wconf 88' lang='lat' dir='ltr'><strong>omnibus</strong></span> <span class='ocrx_word' id='word_1_589' title='bbox 3097 3403 3355 3459; x_wconf 78' lang='lat' dir='ltr'><strong>magnum</strong></span> <span class='ocrx_word' id='word_1_590' title='bbox 3401 3388 3663 3442; x_wconf 86' lang='lat' dir='ltr'><strong>sacerdo-</strong></span> 
     </span>
    </p>
   </div>
   <div class='ocr_carea' id='block_1_81' title="bbox 2077 3478 3664 3552">
    <p class='ocr_par' dir='ltr' id='par_1_81' title="bbox 2077 3478 3664 3552">
     <span class='ocr_line' id='line_1_81' title="bbox 2077 3478 3664 3552; baseline -0.001 -16"><span class='ocrx_word' id='word_1_591' title='bbox 2077 3491 2185 3537; x_wconf 90' lang='lat' dir='ltr'><strong>tem</strong></span> <span class='ocrx_word' id='word_1_592' title='bbox 2228 3481 2607 3546; x_wconf 83' lang='lat' dir='ltr'><strong>intuentibus,</strong></span> <span class='ocrx_word' id='word_1_593' title='bbox 2645 3493 2700 3537; x_wconf 89' lang='lat' dir='ltr'><strong>et</strong></span> <span class='ocrx_word' id='word_1_594' title='bbox 2737 3497 3072 3552; x_wconf 86' lang='lat' dir='ltr'><strong>unoquoque</strong></span> <span class='ocrx_word' id='word_1_595' title='bbox 3112 3495 3237 3535; x_wconf 89' lang='lat' dir='ltr'><strong>eum</strong></span> <span class='ocrx_word' id='word_1_596' title='bbox 3274 3480 3343 3535; x_wconf 88' lang='lat' dir='ltr'><strong>ad</strong></span> <span class='ocrx_word' id='word_1_597' title='bbox 3390 3494 3451 3534; x_wconf 90' lang='lat' dir='ltr'><strong>se</strong></span> <span class='ocrx_word' id='word_1_598' title='bbox 3492 3478 3664 3534; x_wconf 87' lang='lat' dir='ltr'><strong>totius</strong></span> 
     </span>
    </p>
   </div>
   <div class='ocr_carea' id='block_1_82' title="bbox 2078 3569 3660 3642">
    <p class='ocr_par' dir='ltr' id='par_1_82' title="bbox 2078 3569 3660 3642">
     <span class='ocr_line' id='line_1_82' title="bbox 2078 3569 3660 3642; baseline -0.001 -17"><span class='ocrx_word' id='word_1_599' title='bbox 2078 3572 2296 3626; x_wconf 67' lang='lat' dir='ltr'><strong>fanuiilia:</strong></span> <span class='ocrx_word' id='word_1_600' title='bbox 2334 3587 2449 3627; x_wconf 67' lang='lat' dir='ltr'><strong>sua:</strong></span> <span class='ocrx_word' id='word_1_601' title='bbox 2483 3573 2770 3629; x_wconf 79' lang='lat' dir='ltr'><strong>servanda:</strong></span> <span class='ocrx_word' id='word_1_602' title='bbox 2799 3574 2976 3642; x_wconf 76' lang='lat' dir='ltr'><strong>gratia</strong></span> <span class='ocrx_word' id='word_1_603' title='bbox 3024 3572 3322 3628; x_wconf 86' lang='lat' dir='ltr'><strong>allicienle.</strong></span> <span class='ocrx_word' id='word_1_604' title='bbox 3356 3569 3660 3624; x_wconf 81' lang='lat' dir='ltr'><strong>Mercedem</strong></span> 
     </span>
    </p>
   </div>
   <div class='ocr_carea' id='block_1_83' title="bbox 2077 3663 3660 3734">
    <p class='ocr_par' dir='ltr' id='par_1_83' title="bbox 2077 3663 3660 3734">
     <span class='ocr_line' id='line_1_83' title="bbox 2077 3663 3660 3734; baseline -0.001 -16"><span class='ocrx_word' id='word_1_605' title='bbox 2077 3672 2260 3719; x_wconf 86' lang='lat' dir='ltr'><strong>autem</strong></span> <span class='ocrx_word' id='word_1_606' title='bbox 2296 3665 2368 3720; x_wconf 91' lang='lat' dir='ltr'><strong>ab</strong></span> <span class='ocrx_word' id='word_1_607' title='bbox 2398 3664 2489 3731; x_wconf 91' lang='lat' dir='ltr'><strong>iis,</strong></span> <span class='ocrx_word' id='word_1_608' title='bbox 2522 3666 2619 3734; x_wconf 89' lang='lat' dir='ltr'><strong>qui</strong></span> <span class='ocrx_word' id='word_1_609' title='bbox 2651 3666 3034 3728; x_wconf 85' lang='lat' dir='ltr'><strong>servabantur,</strong></span> <span class='ocrx_word' id='word_1_610' title='bbox 3078 3665 3316 3720; x_wconf 84' lang='lat' dir='ltr'><strong>salutem</strong></span> <span class='ocrx_word' id='word_1_611' title='bbox 3352 3663 3660 3717; x_wconf 86' lang='lat' dir='ltr'><strong>animarum</strong></span> 
     </span>
    </p>
   </div>
   <div class='ocr_carea' id='block_1_84' title="bbox 2076 3757 3662 3827">
    <p class='ocr_par' dir='ltr' id='par_1_84' title="bbox 2076 3757 3662 3827">
     <span class='ocr_line' id='line_1_84' title="bbox 2076 3757 3662 3827; baseline -0.001 -17"><span class='ocrx_word' id='word_1_612' title='bbox 2076 3758 2547 3826; x_wconf 89' lang='lat' dir='ltr'><strong>consequebatur.</strong></span> <span class='ocrx_word' id='word_1_613' title='bbox 2592 3757 2729 3812; x_wconf 89' lang='lat' dir='ltr'><strong>Cum</strong></span> <span class='ocrx_word' id='word_1_614' title='bbox 2767 3758 2915 3811; x_wconf 88' lang='lat' dir='ltr'><strong>enim</strong></span> <span class='ocrx_word' id='word_1_615' title='bbox 2962 3757 3237 3827; x_wconf 87' lang='lat' dir='ltr'><strong>ejusmodi</strong></span> <span class='ocrx_word' id='word_1_616' title='bbox 3281 3757 3662 3827; x_wconf 76' lang='lat' dir='ltr'><strong>experimento</strong></span> 
     </span>
    </p>
   </div>
   <div class='ocr_carea' id='block_1_85' title="bbox 2078 3846 3660 3919">
    <p class='ocr_par' dir='ltr' id='par_1_85' title="bbox 2078 3846 3660 3919">
     <span class='ocr_line' id='line_1_85' title="bbox 2078 3846 3660 3919; baseline -0.005 -13"><span class='ocrx_word' id='word_1_617' title='bbox 2078 3851 2254 3919; x_wconf 84' lang='lat' dir='ltr'><strong>pietas</strong></span> <span class='ocrx_word' id='word_1_618' title='bbox 2284 3848 2591 3904; x_wconf 88' lang='lat' dir='ltr'><strong>sacerdotis</strong></span> <span class='ocrx_word' id='word_1_619' title='bbox 2624 3848 2907 3918; x_wconf 88' lang='lat' dir='ltr'><strong>patelieret</strong></span> <span class='ocrx_word' id='word_1_620' title='bbox 2933 3888 2947 3912; x_wconf 87' lang='lat'><strong>,</strong></span> <span class='ocrx_word' id='word_1_621' title='bbox 2988 3864 3097 3903; x_wconf 90' lang='lat' dir='ltr'><strong>non</strong></span> <span class='ocrx_word' id='word_1_622' title='bbox 3129 3849 3365 3918; x_wconf 78' lang='lat' dir='ltr'><strong>amplius</strong></span> <span class='ocrx_word' id='word_1_623' title='bbox 3398 3846 3660 3901; x_wconf 64' lang='grc' dir='ltr'><strong>ἀίστωρ...</strong></span> 
     </span>
    </p>
   </div>
   <div class='ocr_carea' id='block_1_86' title="bbox 2076 3939 3660 4011">
    <p class='ocr_par' dir='ltr' id='par_1_86' title="bbox 2076 3939 3660 4011">
     <span class='ocr_line' id='line_1_86' title="bbox 2076 3939 3660 4011; baseline -0.003 -16"><span class='ocrx_word' id='word_1_624' title='bbox 2076 3941 2207 3996; x_wconf 90' lang='lat' dir='ltr'><strong>dum</strong></span> <span class='ocrx_word' id='word_1_625' title='bbox 2234 3940 2567 4006; x_wconf 87' lang='lat' dir='ltr'><strong>censebant,</strong></span> <span class='ocrx_word' id='word_1_626' title='bbox 2595 3941 2732 4010; x_wconf 87' lang='lat' dir='ltr'><strong>quin</strong></span> <span class='ocrx_word' id='word_1_627' title='bbox 2770 3940 3094 4011; x_wconf 81' lang='lat' dir='ltr'><strong>mysterium</strong></span> <span class='ocrx_word' id='word_1_628' title='bbox 3132 3940 3532 4009; x_wconf 84' lang='lat' dir='ltr'><strong>approbarent,</strong></span> <span class='ocrx_word' id='word_1_629' title='bbox 3565 3939 3660 4007; x_wconf 82' lang='lat' dir='ltr'><strong>qui</strong></span> 
     </span>
    </p>
   </div>
   <div class='ocr_carea' id='block_1_87' title="bbox 2078 4031 3662 4103">
    <p class='ocr_par' dir='ltr' id='par_1_87' title="bbox 2078 4031 3662 4103">
     <span class='ocr_line' id='line_1_87' title="bbox 2078 4031 3662 4103; baseline -0.001 -16"><span class='ocrx_word' id='word_1_630' title='bbox 2078 4049 2174 4103; x_wconf 86' lang='lat' dir='ltr'><strong>per</strong></span> <span class='ocrx_word' id='word_1_631' title='bbox 2203 4048 2369 4102; x_wconf 88' lang='lat' dir='ltr'><strong>opera</strong></span> <span class='ocrx_word' id='word_1_632' title='bbox 2402 4033 2664 4087; x_wconf 85' lang='lat' dir='ltr'><strong>virtutem</strong></span> <span class='ocrx_word' id='word_1_633' title='bbox 2711 4032 2838 4086; x_wconf 86' lang='lat' dir='ltr'><strong>lidei</strong></span> <span class='ocrx_word' id='word_1_634' title='bbox 2884 4033 3319 4102; x_wconf 79' lang='lat' dir='ltr'><strong>cognoscebant.</strong></span> <span class='ocrx_word' id='word_1_635' title='bbox 3370 4032 3518 4086; x_wconf 83' lang='lat' dir='ltr'><strong>Adeo</strong></span> <span class='ocrx_word' id='word_1_636' title='bbox 3554 4031 3662 4086; x_wconf 80' lang='lat' dir='ltr'><strong>illis</strong></span> 
     </span>
    </p>
   </div>
   <div class='ocr_carea' id='block_1_88' title="bbox 2077 4120 3657 4185">
    <p class='ocr_par' dir='ltr' id='par_1_88' title="bbox 2077 4120 3657 4185">
     <span class='ocr_line' id='line_1_88' title="bbox 2077 4120 3657 4185; baseline -0.003 -9"><span class='ocrx_word' id='word_1_637' title='bbox 2077 4122 2394 4177; x_wconf 89' lang='lat' dir='ltr'><strong>hominibus</strong></span> <span class='ocrx_word' id='word_1_638' title='bbox 2422 4125 2660 4177; x_wconf 87' lang='lat' dir='ltr'><strong>sanitate</strong></span> <span class='ocrx_word' id='word_1_639' title='bbox 2685 4123 2917 4177; x_wconf 86' lang='lat' dir='ltr'><strong>morbus</strong></span> <span class='ocrx_word' id='word_1_640' title='bbox 2946 4123 3180 4178; x_wconf 83' lang='lat' dir='ltr'><strong>validior</strong></span> <span class='ocrx_word' id='word_1_641' title='bbox 3205 4132 3343 4176; x_wconf 89' lang='lat' dir='ltr'><strong>erat.</strong></span> <span class='ocrx_word' id='word_1_642' title='bbox 3377 4120 3482 4185; x_wconf 87' lang='lat' dir='ltr'><strong>Qui</strong></span> <span class='ocrx_word' id='word_1_643' title='bbox 3510 4121 3657 4175; x_wconf 87' lang='lat' dir='ltr'><strong>enim</strong></span> 
     </span>
    </p>
   </div>
   <div class='ocr_carea' id='block_1_89' title="bbox 2080 4211 3660 4283">
    <p class='ocr_par' dir='ltr' id='par_1_89' title="bbox 2080 4211 3660 4283">
     <span class='ocr_line' id='line_1_89' title="bbox 2080 4211 3660 4283; baseline -0.002 -16"><span class='ocrx_word' id='word_1_644' title='bbox 2080 4216 2132 4268; x_wconf 93' lang='lat' dir='ltr'><strong>in</strong></span> <span class='ocrx_word' id='word_1_645' title='bbox 2177 4214 2414 4269; x_wconf 85' lang='lat' dir='ltr'><strong>sanitate</strong></span> <span class='ocrx_word' id='word_1_646' title='bbox 2440 4214 2507 4268; x_wconf 90' lang='lat' dir='ltr'><strong>ad</strong></span> <span class='ocrx_word' id='word_1_647' title='bbox 2549 4214 3005 4283; x_wconf 83' lang='lat' dir='ltr'><strong>approbationem</strong></span> <span class='ocrx_word' id='word_1_648' title='bbox 3056 4213 3304 4282; x_wconf 85' lang='lat' dir='ltr'><strong>mysterii</strong></span> <span class='ocrx_word' id='word_1_649' title='bbox 3348 4211 3660 4265; x_wconf 82' lang='lat' dir='ltr'><strong>rationibus</strong></span> 
     </span>
    </p>
   </div>
   <div class='ocr_carea' id='block_1_90' title="bbox 2079 4300 3660 4371">
    <p class='ocr_par' dir='ltr' id='par_1_90' title="bbox 2079 4300 3660 4371">
     <span class='ocr_line' id='line_1_90' title="bbox 2079 4300 3660 4371; baseline -0.001 -16"><span class='ocrx_word' id='word_1_650' title='bbox 2079 4301 2281 4356; x_wconf 80' lang='lat' dir='ltr'><strong>inﬁrmi</strong></span> <span class='ocrx_word' id='word_1_651' title='bbox 2311 4309 2519 4367; x_wconf 87' lang='lat' dir='ltr'><strong>essent,</strong></span> <span class='ocrx_word' id='word_1_652' title='bbox 2545 4302 2821 4371; x_wconf 89' lang='lat' dir='ltr'><strong>corporali</strong></span> <span class='ocrx_word' id='word_1_653' title='bbox 2850 4301 3044 4355; x_wconf 86' lang='lat' dir='ltr'><strong>morbo</strong></span> <span class='ocrx_word' id='word_1_654' title='bbox 3072 4301 3140 4353; x_wconf 87' lang='lat' dir='ltr'><strong>ad</strong></span> <span class='ocrx_word' id='word_1_655' title='bbox 3174 4301 3336 4355; x_wconf 79' lang='lat' dir='ltr'><strong>[idem</strong></span> <span class='ocrx_word' id='word_1_656' title='bbox 3363 4300 3660 4354; x_wconf 73' lang='lat' dir='ltr'><strong>convalue—</strong></span> 
     </span>
    </p>
   </div>
   <div class='ocr_carea' id='block_1_91' title="bbox 2081 4389 3661 4463">
    <p class='ocr_par' dir='ltr' id='par_1_91' title="bbox 2081 4389 3661 4463">
     <span class='ocr_line' id='line_1_91' title="bbox 2081 4389 3661 4463; baseline -0.001 -17"><span class='ocrx_word' id='word_1_657' title='bbox 2081 4402 2231 4448; x_wconf 87' lang='lat' dir='ltr'><strong>runt.</strong></span> <span class='ocrx_word' id='word_1_658' title='bbox 2265 4393 2445 4463; x_wconf 82' lang='lat' dir='ltr'><strong>Atque</strong></span> <span class='ocrx_word' id='word_1_659' title='bbox 2479 4393 2553 4446; x_wconf 92' lang='lat' dir='ltr'><strong>ita</strong></span> <span class='ocrx_word' id='word_1_660' title='bbox 2591 4393 3017 4448; x_wconf 89' lang='lat' dir='ltr'><strong>simulacrorqu</strong></span> <span class='ocrx_word' id='word_1_661' title='bbox 3046 4391 3229 4446; x_wconf 88' lang='lat' dir='ltr'><strong>cultus</strong></span> <span class='ocrx_word' id='word_1_662' title='bbox 3256 4406 3448 4445; x_wconf 88' lang='lat' dir='ltr'><strong>errore</strong></span> <span class='ocrx_word' id='word_1_663' title='bbox 3471 4389 3661 4458; x_wconf 84' lang='lat' dir='ltr'><strong>depre-</strong></span> 
     </span>
    </p>
   </div>
   <div class='ocr_carea' id='block_1_92' title="bbox 396 4468 1980 4549">
    <p class='ocr_par' dir='ltr' id='par_1_92' title="bbox 396 4468 1978 4542">
     <span class='ocr_line' id='line_1_92' title="bbox 396 4468 1978 4542; baseline 0 -21"><span class='ocrx_word' id='word_1_664' title='bbox 396 4468 761 4538; x_wconf 81' lang='grc' dir='ltr'>μετετίθεντο,</span> <span class='ocrx_word' id='word_1_665' title='bbox 797 4471 846 4523; x_wconf 77' lang='grc' dir='ltr'>οἱ</span> <span class='ocrx_word' id='word_1_666' title='bbox 884 4471 981 4541; x_wconf 70' lang='grc' dir='ltr'>μὲν</span> <span class='ocrx_word' id='word_1_667' title='bbox 1009 4471 1097 4525; x_wconf 77' lang='grc' dir='ltr'><strong>διὰ</strong></span> <span class='ocrx_word' id='word_1_668' title='bbox 1131 4472 1226 4542; x_wconf 83' lang='grc' dir='ltr'>τῆς</span> <span class='ocrx_word' id='word_1_669' title='bbox 1251 4470 1644 4540; x_wconf 72' lang='grc' dir='ltr'>ἐπιγενομένης</span> <span class='ocrx_word' id='word_1_670' title='bbox 1676 4469 1830 4523; x_wconf 89' lang='grc' dir='ltr'>νόσου</span> <span class='ocrx_word' id='word_1_671' title='bbox 1864 4486 1978 4539; x_wconf 82' lang='grc' dir='ltr'>χει-</span> 
     </span>
    </p>
   </div>
   <div class='ocr_carea' id='block_1_93' title="bbox 2080 4468 3657 4549">
    <p class='ocr_par' dir='ltr' id='par_1_93' title="bbox 2081 4481 3657 4549">
     <span class='ocr_line' id='line_1_93' title="bbox 2081 4481 3657 4549; baseline -0.003 -11"><span class='ocrx_word' id='word_1_672' title='bbox 2081 4486 2285 4549; x_wconf 89' lang='lat' dir='ltr'><strong>henso,</strong></span> <span class='ocrx_word' id='word_1_673' title='bbox 2335 4499 2529 4540; x_wconf 90' lang='lat' dir='ltr'><strong>omnes</strong></span> <span class='ocrx_word' id='word_1_674' title='bbox 2580 4484 2650 4538; x_wconf 89' lang='lat' dir='ltr'><strong>ad</strong></span> <span class='ocrx_word' id='word_1_675' title='bbox 2698 4499 2900 4539; x_wconf 85' lang='lat' dir='ltr'><strong>nomen</strong></span> <span class='ocrx_word' id='word_1_676' title='bbox 2942 4482 3151 4539; x_wconf 85' lang='lat' dir='ltr'><strong>Christi</strong></span> <span class='ocrx_word' id='word_1_677' title='bbox 3187 4481 3657 4545; x_wconf 88' lang='lat' dir='ltr'><strong>traducebantur,</strong></span> 
     </span>
    </p>
   </div>
   <div class='ocr_carea' id='block_1_94' title="bbox 396 4560 1979 4635">
    <p class='ocr_par' dir='ltr' id='par_1_94' title="bbox 396 4560 1979 4635">
     <span class='ocr_line' id='line_1_94' title="bbox 396 4560 1979 4635; baseline -0.009 -6"><span class='ocrx_word' id='word_1_678' title='bbox 396 4560 816 4630; x_wconf 76' lang='grc' dir='ltr'>ραγωγηθέντες</span> <span class='ocrx_word' id='word_1_679' title='bbox 857 4561 991 4633; x_wconf 78' lang='grc' dir='ltr'>πρὸς</span> <span class='ocrx_word' id='word_1_680' title='bbox 1024 4564 1124 4634; x_wconf 73' lang='grc' dir='ltr'>τὴν</span> <span class='ocrx_word' id='word_1_681' title='bbox 1162 4563 1449 4635; x_wconf 83' lang='grc' dir='ltr'>ἀλήθειαν·</span> <span class='ocrx_word' id='word_1_682' title='bbox 1473 4564 1523 4616; x_wconf 82' lang='grc' dir='ltr'>οἱ</span> <span class='ocrx_word' id='word_1_683' title='bbox 1561 4563 1618 4616; x_wconf 79' lang='grc' dir='ltr'>δὲ</span> <span class='ocrx_word' id='word_1_684' title='bbox 1644 4564 1738 4615; x_wconf 67' lang='grc' dir='ltr'>καὶ</span> <span class='ocrx_word' id='word_1_685' title='bbox 1773 4579 1979 4633; x_wconf 75' lang='grc' dir='ltr'>προφυο</span> 
     </span>
    </p>
   </div>
   <div class='ocr_carea' id='block_1_95' title="bbox 394 4648 1981 4722">
    <p class='ocr_par' dir='ltr' id='par_1_95' title="bbox 394 4648 1981 4722">
     <span class='ocr_line' id='line_1_95' title="bbox 394 4648 1981 4722; baseline 0.001 -20"><span class='ocrx_word' id='word_1_686' title='bbox 394 4648 569 4719; x_wconf 80' lang='grc' dir='ltr'>λακὴν</span> <span class='ocrx_word' id='word_1_687' title='bbox 597 4650 691 4703; x_wconf 84' lang='grc' dir='ltr'><strong>τοῦ</strong></span> <span class='ocrx_word' id='word_1_688' title='bbox 724 4649 912 4721; x_wconf 88' lang='grc' dir='ltr'>λοιμοῦ</span> <span class='ocrx_word' id='word_1_689' title='bbox 934 4690 949 4715; x_wconf 93' lang='grc'><strong>,</strong></span> <span class='ocrx_word' id='word_1_690' title='bbox 991 4649 1089 4722; x_wconf 79' lang='grc' dir='ltr'>τὴν</span> <span class='ocrx_word' id='word_1_691' title='bbox 1120 4650 1302 4704; x_wconf 84' lang='grc' dir='ltr'>πίστιν</span> <span class='ocrx_word' id='word_1_692' title='bbox 1350 4651 1449 4721; x_wconf 80' lang='grc' dir='ltr'>τὴν</span> <span class='ocrx_word' id='word_1_693' title='bbox 1498 4653 1579 4713; x_wconf 87' lang='grc' dir='ltr'><strong>είς</strong></span> <span class='ocrx_word' id='word_1_694' title='bbox 1607 4650 1698 4703; x_wconf 81' lang='grc' dir='ltr'><strong>τὸν</strong></span> <span class='ocrx_word' id='word_1_695' title='bbox 1743 4650 1981 4720; x_wconf 63' lang='grc' dir='ltr'>Χριστὸν</span> 
     </span>
    </p>
   </div>
   <div class='ocr_carea' id='block_1_96' title="bbox 395 4738 1978 4815">
    <p class='ocr_par' dir='ltr' id='par_1_96' title="bbox 395 4738 1978 4815">
     <span class='ocr_line' id='line_1_96' title="bbox 395 4738 1978 4815; baseline 0.004 -24"><span class='ocrx_word' id='word_1_696' title='bbox 395 4738 843 4811; x_wconf 79' lang='grc' dir='ltr'>προϐαλλόμενοι.</span> <span class='ocrx_word' id='word_1_697' title='bbox 870 4742 1024 4795; x_wconf 83' lang='grc' dir='ltr'>Ἔστι</span> <span class='ocrx_word' id='word_1_698' title='bbox 1056 4742 1114 4795; x_wconf 82' lang='grc' dir='ltr'>δὲ</span> <span class='ocrx_word' id='word_1_699' title='bbox 1166 4743 1258 4796; x_wconf 67' lang='grc' dir='ltr'>καὶ</span> <span class='ocrx_word' id='word_1_700' title='bbox 1310 4742 1443 4795; x_wconf 73' lang='grc' dir='ltr'>ἄλλα</span> <span class='ocrx_word' id='word_1_701' title='bbox 1487 4746 1554 4813; x_wconf 78' lang='grc' dir='ltr'>τῇ</span> <span class='ocrx_word' id='word_1_702' title='bbox 1590 4746 1777 4815; x_wconf 74' lang='grc' dir='ltr'>μνήμῃ</span> <span class='ocrx_word' id='word_1_703' title='bbox 1817 4744 1978 4815; x_wconf 82' lang='grc' dir='ltr'>μέχρι</span> 
     </span>
    </p>
   </div>
   <div class='ocr_carea' id='block_1_97' title="bbox 393 4830 1979 4905">
    <p class='ocr_par' dir='ltr' id='par_1_97' title="bbox 393 4830 1979 4905">
     <span class='ocr_line' id='line_1_97' title="bbox 393 4830 1979 4905; baseline 0.001 -19"><span class='ocrx_word' id='word_1_704' title='bbox 393 4832 490 4886; x_wconf 87' lang='grc' dir='ltr'><strong>τοῦ</strong></span> <span class='ocrx_word' id='word_1_705' title='bbox 511 4830 673 4904; x_wconf 88' lang='grc' dir='ltr'>δεῦρο</span> <span class='ocrx_word' id='word_1_706' title='bbox 695 4832 1068 4904; x_wconf 76' lang='grc' dir='ltr'>διασωζόμενα</span> <span class='ocrx_word' id='word_1_707' title='bbox 1107 4833 1200 4886; x_wconf 88' lang='grc' dir='ltr'><strong>τοῦ</strong></span> <span class='ocrx_word' id='word_1_708' title='bbox 1237 4834 1474 4904; x_wconf 83' lang='grc' dir='ltr'>μεγάλου</span> <span class='ocrx_word' id='word_1_709' title='bbox 1522 4835 1821 4905; x_wconf 83' lang='grc' dir='ltr'>Γρηγορίου</span> <span class='ocrx_word' id='word_1_710' title='bbox 1848 4836 1979 4888; x_wconf 81' lang='grc' dir='ltr'>θαύ-</span> 
     </span>
    </p>
   </div>
   <div class='ocr_carea' id='block_1_98' title="bbox 398 4924 1978 4997">
    <p class='ocr_par' dir='ltr' id='par_1_98' title="bbox 398 4924 1978 4997">
     <span class='ocr_line' id='line_1_98' title="bbox 398 4924 1978 4997; baseline 0.001 -20"><span class='ocrx_word' id='word_1_711' title='bbox 398 4941 567 4994; x_wconf 84' lang='grc' dir='ltr'>ματα.</span> <span class='ocrx_word' id='word_1_712' title='bbox 602 4926 744 4996; x_wconf 78' lang='grc' dir='ltr'>άπερ</span> <span class='ocrx_word' id='word_1_713' title='bbox 793 4924 1095 4995; x_wconf 79' lang='grc' dir='ltr'>φειδόμενοι</span> <span class='ocrx_word' id='word_1_714' title='bbox 1146 4925 1248 4994; x_wconf 83' lang='grc' dir='ltr'>τῆς</span> <span class='ocrx_word' id='word_1_715' title='bbox 1293 4926 1630 4997; x_wconf 83' lang='grc' dir='ltr'>ἁπιστούσης</span> <span class='ocrx_word' id='word_1_716' title='bbox 1677 4927 1863 4996; x_wconf 83' lang='grc' dir='ltr'>ἀκοῆς,</span> <span class='ocrx_word' id='word_1_717' title='bbox 1902 4928 1978 4991; x_wconf 83' lang='grc' dir='ltr'>ὡς</span> 
     </span>
    </p>
   </div>
   <div class='ocr_carea' id='block_1_99' title="bbox 396 5014 1976 5087">
    <p class='ocr_par' dir='ltr' id='par_1_99' title="bbox 396 5014 1976 5087">
     <span class='ocr_line' id='line_1_99' title="bbox 396 5014 1976 5087; baseline 0.001 -19"><span class='ocrx_word' id='word_1_718' title='bbox 396 5016 466 5068; x_wconf 84' lang='grc' dir='ltr'>ἂν</span> <span class='ocrx_word' id='word_1_719' title='bbox 490 5014 569 5086; x_wconf 77' lang='grc' dir='ltr'>μὴ</span> <span class='ocrx_word' id='word_1_720' title='bbox 604 5014 849 5085; x_wconf 78' lang='grc' dir='ltr'>βλαϐεῖεν</span> <span class='ocrx_word' id='word_1_721' title='bbox 868 5017 917 5069; x_wconf 74' lang='grc' dir='ltr'>οἱ</span> <span class='ocrx_word' id='word_1_722' title='bbox 946 5016 1007 5068; x_wconf 79' lang='grc' dir='ltr'>τὸ</span> <span class='ocrx_word' id='word_1_723' title='bbox 1031 5015 1229 5084; x_wconf 81' lang='grc' dir='ltr'>ἀληθὲς</span> <span class='ocrx_word' id='word_1_724' title='bbox 1257 5017 1313 5069; x_wconf 84' lang='grc' dir='ltr'>ὲν</span> <span class='ocrx_word' id='word_1_725' title='bbox 1342 5016 1420 5086; x_wconf 82' lang='grc' dir='ltr'>τῷ</span> <span class='ocrx_word' id='word_1_726' title='bbox 1449 5016 1666 5087; x_wconf 79' lang='grc' dir='ltr'>μεγέθει</span> <span class='ocrx_word' id='word_1_727' title='bbox 1690 5015 1798 5069; x_wconf 82' lang='grc' dir='ltr'>τῶν</span> <span class='ocrx_word' id='word_1_728' title='bbox 1824 5016 1976 5085; x_wconf 84' lang='grc' dir='ltr'>λεγο-</span> 
     </span>
    </p>
   </div>
   <div class='ocr_carea' id='block_1_100' title="bbox 399 5106 1974 5178">
    <p class='ocr_par' dir='ltr' id='par_1_100' title="bbox 399 5106 1974 5178">
     <span class='ocr_line' id='line_1_100' title="bbox 399 5106 1974 5178; baseline -0.001 -18"><span class='ocrx_word' id='word_1_729' title='bbox 399 5106 579 5177; x_wconf 84' lang='grc' dir='ltr'>μένων</span> <span class='ocrx_word' id='word_1_730' title='bbox 614 5106 807 5177; x_wconf 73' lang='grc' dir='ltr'>ψεῦδος</span> <span class='ocrx_word' id='word_1_731' title='bbox 842 5107 1097 5177; x_wconf 81' lang='grc' dir='ltr'>οἰόμενοι,</span> <span class='ocrx_word' id='word_1_732' title='bbox 1132 5108 1243 5170; x_wconf 87' lang='grc' dir='ltr'>τοῖς</span> <span class='ocrx_word' id='word_1_733' title='bbox 1272 5108 1676 5178; x_wconf 77' lang='grc' dir='ltr'>γεγραμμένοις</span> <span class='ocrx_word' id='word_1_734' title='bbox 1712 5109 1769 5159; x_wconf 63' lang='grc' dir='ltr'>οὔ</span> <span class='ocrx_word' id='word_1_735' title='bbox 1808 5124 1974 5178; x_wconf 83' lang='grc' dir='ltr'>προσ-</span> 
     </span>
    </p>
   </div>
   <div class='ocr_carea' id='block_1_101' title="bbox 396 5195 1975 5270">
    <p class='ocr_par' dir='ltr' id='par_1_101' title="bbox 396 5195 1975 5270">
     <span class='ocr_line' id='line_1_101' title="bbox 396 5195 1975 5270; baseline 0.001 -20"><span class='ocrx_word' id='word_1_736' title='bbox 396 5195 693 5269; x_wconf 82' lang='grc' dir='ltr'>εθήκαμεν.</span> <span class='ocrx_word' id='word_1_737' title='bbox 743 5197 965 5270; x_wconf 81' lang='grc' dir='ltr'>Χριστῷ</span> <span class='ocrx_word' id='word_1_738' title='bbox 989 5198 1046 5252; x_wconf 79' lang='grc' dir='ltr'>δὲ</span> <span class='ocrx_word' id='word_1_739' title='bbox 1100 5197 1177 5269; x_wconf 80' lang='grc' dir='ltr'><strong>τῷ</strong></span> <span class='ocrx_word' id='word_1_740' title='bbox 1221 5198 1445 5253; x_wconf 84' lang='grc' dir='ltr'>τοιαῦτα</span> <span class='ocrx_word' id='word_1_741' title='bbox 1490 5198 1577 5253; x_wconf 63' lang='grc' dir='ltr'>διὰ</span> <span class='ocrx_word' id='word_1_742' title='bbox 1611 5199 1721 5253; x_wconf 83' lang='grc' dir='ltr'>τῶν</span> <span class='ocrx_word' id='word_1_743' title='bbox 1776 5198 1975 5253; x_wconf 84' lang='grc' dir='ltr'>δούλων</span> 
     </span>
    </p>
   </div>
   <div class='ocr_carea' id='block_1_102' title="bbox 397 5286 1974 5362">
    <p class='ocr_par' dir='ltr' id='par_1_102' title="bbox 397 5286 1974 5362">
     <span class='ocr_line' id='line_1_102' title="bbox 397 5286 1974 5362; baseline 0.001 -22"><span class='ocrx_word' id='word_1_744' title='bbox 397 5286 565 5341; x_wconf 84' lang='grc' dir='ltr'>αὐτοῦ</span> <span class='ocrx_word' id='word_1_745' title='bbox 605 5288 1061 5361; x_wconf 84' lang='grc' dir='ltr'>τερατουργοῦντι</span> <span class='ocrx_word' id='word_1_746' title='bbox 1102 5289 1303 5359; x_wconf 84' lang='grc' dir='ltr'>πρέπει</span> <span class='ocrx_word' id='word_1_747' title='bbox 1337 5289 1483 5355; x_wconf 79' lang='grc' dir='ltr'>δόξα,</span> <span class='ocrx_word' id='word_1_748' title='bbox 1518 5290 1651 5362; x_wconf 83' lang='grc' dir='ltr'>τιμὴ</span> <span class='ocrx_word' id='word_1_749' title='bbox 1685 5290 1777 5342; x_wconf 70' lang='grc' dir='ltr'>καὶ</span> <span class='ocrx_word' id='word_1_750' title='bbox 1807 5306 1974 5360; x_wconf 79' lang='grc' dir='ltr'>προσ-</span> 
     </span>
    </p>
   </div>
   <div class='ocr_carea' id='block_1_103' title="bbox 398 5377 1971 5449">
    <p class='ocr_par' dir='ltr' id='par_1_103' title="bbox 398 5377 1971 5449">
     <span class='ocr_line' id='line_1_103' title="bbox 398 5377 1971 5449; baseline -0.012 0"><span class='ocrx_word' id='word_1_751' title='bbox 398 5377 646 5449; x_wconf 73' lang='grc' dir='ltr'>κύνησις.</span> <span class='ocrx_word' id='word_1_752' title='bbox 669 5378 766 5434; x_wconf 68' lang='grc' dir='ltr'><strong>νῦν</strong></span> <span class='ocrx_word' id='word_1_753' title='bbox 796 5380 887 5434; x_wconf 74' lang='grc' dir='ltr'><strong>καὶ</strong></span> <span class='ocrx_word' id='word_1_754' title='bbox 922 5381 1028 5444; x_wconf 76' lang='grc' dir='ltr'>ἀεὶ,</span> <span class='ocrx_word' id='word_1_755' title='bbox 1066 5381 1159 5434; x_wconf 71' lang='grc' dir='ltr'><strong>καὶ</strong></span> <span class='ocrx_word' id='word_1_756' title='bbox 1193 5381 1274 5445; x_wconf 77' lang='grc' dir='ltr'><strong>είς</strong></span> <span class='ocrx_word' id='word_1_757' title='bbox 1315 5381 1440 5444; x_wconf 73' lang='grc' dir='ltr'>τοὺς</span> <span class='ocrx_word' id='word_1_758' title='bbox 1471 5380 1671 5445; x_wconf 74' lang='grc' dir='ltr'>αἰῶνας</span> <span class='ocrx_word' id='word_1_759' title='bbox 1704 5380 1812 5434; x_wconf 83' lang='grc' dir='ltr'>τῶν</span> <span class='ocrx_word' id='word_1_760' title='bbox 1844 5378 1971 5434; x_wconf 71' lang='grc' dir='ltr'><strong>αἰώ-</strong></span> 
     </span>
    </p>
   </div>
   <div class='ocr_carea' id='block_1_104' title="bbox 397 5468 760 5542">
    <p class='ocr_par' dir='ltr' id='par_1_104' title="bbox 397 5468 760 5542">
     <span class='ocr_line' id='line_1_104' title="bbox 397 5468 760 5542; baseline 0.011 -21"><span class='ocrx_word' id='word_1_761' title='bbox 397 5484 524 5522; x_wconf 82' lang='grc' dir='ltr'>νων.</span> <span class='ocrx_word' id='word_1_762' title='bbox 567 5468 760 5542; x_wconf 69' lang='grc' dir='ltr'>Ἀμήν.</span> 
     </span>
    </p>
   </div>
   <div class='ocr_carea' id='block_1_105' title="bbox 2078 4574 3655 4646">
    <p class='ocr_par' dir='ltr' id='par_1_105' title="bbox 2078 4574 3655 4646">
     <span class='ocr_line' id='line_1_105' title="bbox 2078 4574 3655 4646; baseline -0.002 -17"><span class='ocrx_word' id='word_1_763' title='bbox 2078 4592 2205 4645; x_wconf 85' lang='lat' dir='ltr'><strong>pars</strong></span> <span class='ocrx_word' id='word_1_764' title='bbox 2226 4584 2453 4646; x_wconf 77' lang='lat' dir='ltr'><strong>urgente</strong></span> <span class='ocrx_word' id='word_1_765' title='bbox 2485 4576 2680 4630; x_wconf 89' lang='lat' dir='ltr'><strong>morbo</strong></span> <span class='ocrx_word' id='word_1_766' title='bbox 2710 4575 2776 4629; x_wconf 89' lang='lat' dir='ltr'><strong>ad</strong></span> <span class='ocrx_word' id='word_1_767' title='bbox 2809 4577 3093 4632; x_wconf 85' lang='lat' dir='ltr'><strong>veritatem</strong></span> <span class='ocrx_word' id='word_1_768' title='bbox 3125 4576 3287 4646; x_wconf 86' lang='lat' dir='ltr'><strong>quasi</strong></span> <span class='ocrx_word' id='word_1_769' title='bbox 3313 4574 3655 4639; x_wconf 80' lang='lat' dir='ltr'><strong>nianuducti,</strong></span> 
     </span>
    </p>
   </div>
   <div class='ocr_carea' id='block_1_106' title="bbox 2076 4667 3654 4738">
    <p class='ocr_par' dir='ltr' id='par_1_106' title="bbox 2076 4667 3654 4738">
     <span class='ocr_line' id='line_1_106' title="bbox 2076 4667 3654 4738; baseline -0.003 -17"><span class='ocrx_word' id='word_1_770' title='bbox 2076 4683 2206 4738; x_wconf 88' lang='lat' dir='ltr'><strong>pars</strong></span> <span class='ocrx_word' id='word_1_771' title='bbox 2235 4669 2401 4722; x_wconf 85' lang='lat' dir='ltr'><strong>etiam</strong></span> <span class='ocrx_word' id='word_1_772' title='bbox 2436 4667 2597 4723; x_wconf 84' lang='lat' dir='ltr'><strong>tidem</strong></span> <span class='ocrx_word' id='word_1_773' title='bbox 2627 4668 2681 4723; x_wconf 91' lang='lat' dir='ltr'><strong>in</strong></span> <span class='ocrx_word' id='word_1_774' title='bbox 2710 4668 2992 4724; x_wconf 87' lang='lat' dir='ltr'><strong>Christum</strong></span> <span class='ocrx_word' id='word_1_775' title='bbox 3022 4667 3181 4738; x_wconf 86' lang='lat' dir='ltr'><strong>quasi</strong></span> <span class='ocrx_word' id='word_1_776' title='bbox 3214 4667 3612 4723; x_wconf 87' lang='lat' dir='ltr'><strong>munimentum</strong></span> <span class='ocrx_word' id='word_1_777' title='bbox 3638 4700 3654 4727; x_wconf 85' lang='lat'><em>.</em></span> 
     </span>
    </p>
   </div>
   <div class='ocr_carea' id='block_1_107' title="bbox 2075 4754 3656 4829">
    <p class='ocr_par' dir='ltr' id='par_1_107' title="bbox 2075 4754 3656 4829">
     <span class='ocr_line' id='line_1_107' title="bbox 2075 4754 3656 4829; baseline -0.004 -17"><span class='ocrx_word' id='word_1_778' title='bbox 2075 4774 2186 4829; x_wconf 91' lang='lat' dir='ltr'><strong>quo</strong></span> <span class='ocrx_word' id='word_1_779' title='bbox 2216 4759 2318 4812; x_wconf 90' lang='lat' dir='ltr'><strong>tuti</strong></span> <span class='ocrx_word' id='word_1_780' title='bbox 2358 4766 2548 4814; x_wconf 91' lang='lat' dir='ltr'><strong>essent</strong></span> <span class='ocrx_word' id='word_1_781' title='bbox 2582 4758 2851 4815; x_wconf 72' lang='lat' dir='ltr'><strong>adversus</strong></span> <span class='ocrx_word' id='word_1_782' title='bbox 2878 4771 3109 4828; x_wconf 85' lang='lat' dir='ltr'><strong>pestem,</strong></span> <span class='ocrx_word' id='word_1_783' title='bbox 3133 4756 3478 4826; x_wconf 85' lang='lat' dir='ltr'><strong>nbjicientes.</strong></span> <span class='ocrx_word' id='word_1_784' title='bbox 3516 4754 3656 4807; x_wconf 87' lang='lat' dir='ltr'><strong>Sunt</strong></span> 
     </span>
    </p>
   </div>
   <div class='ocr_carea' id='block_1_108' title="bbox 2075 4830 3658 4919">
    <p class='ocr_par' dir='ltr' id='par_1_108' title="bbox 2075 4830 3658 4919">
     <span class='ocr_line' id='line_1_108' title="bbox 2075 4830 3658 4919; baseline -0.004 -14"><span class='ocrx_word' id='word_1_785' title='bbox 2075 4859 2260 4905; x_wconf 85' lang='lat' dir='ltr'><strong>autem</strong></span> <span class='ocrx_word' id='word_1_786' title='bbox 2305 4852 2472 4905; x_wconf 88' lang='lat' dir='ltr'><strong>etiam</strong></span> <span class='ocrx_word' id='word_1_787' title='bbox 2514 4851 2621 4904; x_wconf 89' lang='lat' dir='ltr'><strong>alia</strong></span> <span class='ocrx_word' id='word_1_788' title='bbox 2669 4830 2850 4919; x_wconf 47' lang='lat' dir='ltr'><strong>magni</strong></span> <span class='ocrx_word' id='word_1_789' title='bbox 2903 4850 3151 4919; x_wconf 76' lang='lat' dir='ltr'><strong>Gregorii</strong></span> <span class='ocrx_word' id='word_1_790' title='bbox 3194 4848 3494 4910; x_wconf 88' lang='lat' dir='ltr'><strong>miracula,</strong></span> <span class='ocrx_word' id='word_1_791' title='bbox 3537 4862 3658 4915; x_wconf 79' lang='lat' dir='ltr'><strong>qua:</strong></span> 
     </span>
    </p>
   </div>
   <div class='ocr_carea' id='block_1_109' title="bbox 2076 4938 3654 5011">
    <p class='ocr_par' dir='ltr' id='par_1_109' title="bbox 2076 4938 3654 5011">
     <span class='ocr_line' id='line_1_109' title="bbox 2076 4938 3654 5011; baseline -0.002 -16"><span class='ocrx_word' id='word_1_792' title='bbox 2076 4943 2341 4997; x_wconf 87' lang='lat' dir='ltr'><strong>memoria</strong></span> <span class='ocrx_word' id='word_1_793' title='bbox 2370 4957 2545 5011; x_wconf 90' lang='lat' dir='ltr'><strong>usque</strong></span> <span class='ocrx_word' id='word_1_794' title='bbox 2575 4941 2755 4996; x_wconf 88' lang='lat' dir='ltr'><strong>adhuc</strong></span> <span class='ocrx_word' id='word_1_795' title='bbox 2787 4948 3041 4995; x_wconf 88' lang='lat' dir='ltr'><strong>tenentur</strong></span> <span class='ocrx_word' id='word_1_796' title='bbox 3074 4956 3087 4992; x_wconf 90' lang='lat'><strong>:</strong></span> <span class='ocrx_word' id='word_1_797' title='bbox 3115 4955 3180 4994; x_wconf 92' lang='lat' dir='ltr'><strong>ea</strong></span> <span class='ocrx_word' id='word_1_798' title='bbox 3215 4956 3314 4994; x_wconf 89' lang='lat' dir='ltr'><strong>nos</strong></span> <span class='ocrx_word' id='word_1_799' title='bbox 3357 4938 3654 4993; x_wconf 81' lang='lat' dir='ltr'><strong>incredulis</strong></span> 
     </span>
    </p>
   </div>
   <div class='ocr_carea' id='block_1_110' title="bbox 2075 5031 3653 5103">
    <p class='ocr_par' dir='ltr' id='par_1_110' title="bbox 2075 5031 3653 5103">
     <span class='ocr_line' id='line_1_110' title="bbox 2075 5031 3653 5103; baseline -0.004 -15"><span class='ocrx_word' id='word_1_800' title='bbox 2075 5035 2301 5089; x_wconf 88' lang='lat' dir='ltr'><strong>auribus</strong></span> <span class='ocrx_word' id='word_1_801' title='bbox 2331 5041 2640 5103; x_wconf 86' lang='lat' dir='ltr'><strong>parcentes,</strong></span> <span class='ocrx_word' id='word_1_802' title='bbox 2669 5048 2739 5087; x_wconf 92' lang='lat' dir='ltr'><strong>ne</strong></span> <span class='ocrx_word' id='word_1_803' title='bbox 2772 5031 3121 5087; x_wconf 83' lang='lat' dir='ltr'><strong>oll&#39;endantur</strong></span> <span class='ocrx_word' id='word_1_804' title='bbox 3153 5032 3246 5101; x_wconf 92' lang='lat' dir='ltr'><strong>qui</strong></span> <span class='ocrx_word' id='word_1_805' title='bbox 3280 5038 3504 5100; x_wconf 86' lang='lat' dir='ltr'><strong>propter</strong></span> <span class='ocrx_word' id='word_1_806' title='bbox 3533 5044 3653 5082; x_wconf 88' lang='lat' dir='ltr'><strong>am-</strong></span> 
     </span>
    </p>
   </div>
   <div class='ocr_carea' id='block_1_111' title="bbox 2075 5118 3653 5196">
    <p class='ocr_par' dir='ltr' id='par_1_111' title="bbox 2075 5118 3653 5196">
     <span class='ocr_line' id='line_1_111' title="bbox 2075 5118 3653 5196; baseline -0.006 -16"><span class='ocrx_word' id='word_1_807' title='bbox 2075 5125 2401 5196; x_wconf 90' lang='lat' dir='ltr'><strong>plitudinem</strong></span> <span class='ocrx_word' id='word_1_808' title='bbox 2428 5139 2617 5177; x_wconf 88' lang='lat' dir='ltr'><strong>earum</strong></span> <span class='ocrx_word' id='word_1_809' title='bbox 2655 5139 2837 5179; x_wconf 85' lang='lat' dir='ltr'><strong>rerum</strong></span> <span class='ocrx_word' id='word_1_810' title='bbox 2861 5139 2981 5192; x_wconf 70' lang='lat' dir='ltr'><strong>quae</strong></span> <span class='ocrx_word' id='word_1_811' title='bbox 3011 5131 3412 5185; x_wconf 87' lang='lat' dir='ltr'><strong>memorantur,</strong></span> <span class='ocrx_word' id='word_1_812' title='bbox 3449 5118 3653 5174; x_wconf 85' lang='lat' dir='ltr'><strong>verita-</strong></span> 
     </span>
    </p>
   </div>
   <div class='ocr_carea' id='block_1_112' title="bbox 2075 5205 3654 5281">
    <p class='ocr_par' dir='ltr' id='par_1_112' title="bbox 2075 5205 3654 5281">
     <span class='ocr_line' id='line_1_112' title="bbox 2075 5205 3654 5281; baseline -0.005 -14"><span class='ocrx_word' id='word_1_813' title='bbox 2075 5223 2180 5270; x_wconf 89' lang='lat' dir='ltr'><strong>tem</strong></span> <span class='ocrx_word' id='word_1_814' title='bbox 2228 5211 2573 5267; x_wconf 88' lang='lat' dir='ltr'><strong>mendacium</strong></span> <span class='ocrx_word' id='word_1_815' title='bbox 2617 5229 2740 5267; x_wconf 88' lang='lat' dir='ltr'><strong>esse</strong></span> <span class='ocrx_word' id='word_1_816' title='bbox 2782 5219 3011 5281; x_wconf 87' lang='lat' dir='ltr'><strong>putant,</strong></span> <span class='ocrx_word' id='word_1_817' title='bbox 3046 5210 3271 5280; x_wconf 90' lang='lat' dir='ltr'><strong>scriptis</strong></span> <span class='ocrx_word' id='word_1_818' title='bbox 3304 5225 3411 5263; x_wconf 89' lang='lat' dir='ltr'><strong>non</strong></span> <span class='ocrx_word' id='word_1_819' title='bbox 3445 5205 3654 5276; x_wconf 77' lang='lat' dir='ltr'><strong>adjeci-</strong></span> 
     </span>
    </p>
   </div>
   <div class='ocr_carea' id='block_1_113' title="bbox 2078 5294 3652 5369">
    <p class='ocr_par' dir='ltr' id='par_1_113' title="bbox 2078 5294 3652 5369">
     <span class='ocr_line' id='line_1_113' title="bbox 2078 5294 3652 5369; baseline -0.006 -15"><span class='ocrx_word' id='word_1_820' title='bbox 2078 5316 2223 5356; x_wconf 82' lang='lat' dir='ltr'><strong>mus.</strong></span> <span class='ocrx_word' id='word_1_821' title='bbox 2253 5299 2473 5355; x_wconf 86' lang='lat' dir='ltr'><strong>Christo</strong></span> <span class='ocrx_word' id='word_1_822' title='bbox 2507 5314 2670 5368; x_wconf 91' lang='lat' dir='ltr'><strong>porro</strong></span> <span class='ocrx_word' id='word_1_823' title='bbox 2699 5299 2825 5352; x_wconf 86' lang='lat' dir='ltr'><strong>talia</strong></span> <span class='ocrx_word' id='word_1_824' title='bbox 2858 5313 2959 5369; x_wconf 88' lang='lat' dir='ltr'><strong>per</strong></span> <span class='ocrx_word' id='word_1_825' title='bbox 2994 5302 3187 5353; x_wconf 83' lang='lat' dir='ltr'><strong>serves</strong></span> <span class='ocrx_word' id='word_1_826' title='bbox 3219 5312 3352 5352; x_wconf 86' lang='lat' dir='ltr'><strong>suos</strong></span> <span class='ocrx_word' id='word_1_827' title='bbox 3387 5294 3652 5349; x_wconf 82' lang='lat' dir='ltr'><strong>miracula</strong></span> 
     </span>
    </p>
   </div>
   <div class='ocr_carea' id='block_1_114' title="bbox 2079 5382 3654 5455">
    <p class='ocr_par' dir='ltr' id='par_1_114' title="bbox 2079 5382 3654 5455">
     <span class='ocr_line' id='line_1_114' title="bbox 2079 5382 3654 5455; baseline -0.003 -16"><span class='ocrx_word' id='word_1_828' title='bbox 2079 5385 2351 5455; x_wconf 85' lang='lat' dir='ltr'><strong>operanti,</strong></span> <span class='ocrx_word' id='word_1_829' title='bbox 2381 5386 2636 5440; x_wconf 85' lang='lat' dir='ltr'><strong>convenit</strong></span> <span class='ocrx_word' id='word_1_830' title='bbox 2674 5386 2879 5455; x_wconf 79' lang='lat' dir='ltr'><strong>gloria.</strong></span> <span class='ocrx_word' id='word_1_831' title='bbox 2911 5384 3089 5438; x_wconf 87' lang='lat' dir='ltr'><strong>honor</strong></span> <span class='ocrx_word' id='word_1_832' title='bbox 3122 5392 3175 5438; x_wconf 84' lang='lat' dir='ltr'><strong>et</strong></span> <span class='ocrx_word' id='word_1_833' title='bbox 3204 5382 3477 5447; x_wconf 90' lang='lat' dir='ltr'><strong>adoratio,</strong></span> <span class='ocrx_word' id='word_1_834' title='bbox 3508 5393 3654 5435; x_wconf 86' lang='lat' dir='ltr'><strong>nunc</strong></span> 
     </span>
    </p>
   </div>
   <div class='ocr_carea' id='block_1_115' title="bbox 2080 5470 3426 5543">
    <p class='ocr_par' dir='ltr' id='par_1_115' title="bbox 2080 5470 3426 5543">
     <span class='ocr_line' id='line_1_115' title="bbox 2080 5470 3426 5543; baseline -0.001 -17"><span class='ocrx_word' id='word_1_835' title='bbox 2080 5482 2132 5526; x_wconf 90' lang='lat' dir='ltr'><strong>et</strong></span> <span class='ocrx_word' id='word_1_836' title='bbox 2167 5487 2402 5543; x_wconf 83' lang='lat' dir='ltr'><strong>semper,</strong></span> <span class='ocrx_word' id='word_1_837' title='bbox 2435 5479 2490 5527; x_wconf 91' lang='lat' dir='ltr'><strong>et</strong></span> <span class='ocrx_word' id='word_1_838' title='bbox 2519 5471 2571 5526; x_wconf 92' lang='lat' dir='ltr'><strong>in</strong></span> <span class='ocrx_word' id='word_1_839' title='bbox 2608 5471 2807 5527; x_wconf 70' lang='lat' dir='ltr'><strong>sacula</strong></span> <span class='ocrx_word' id='word_1_840' title='bbox 2840 5471 3195 5527; x_wconf 61' lang='lat' dir='ltr'><strong>saeculorum.</strong></span> <span class='ocrx_word' id='word_1_841' title='bbox 3229 5470 3426 5524; x_wconf 89' lang='lat' dir='ltr'><strong>Amen.</strong></span> 
     </span>
    </p>
   </div>
   <div class='ocr_carea' id='block_1_116' title="bbox 1996 5678 2064 5692">
    <p class='ocr_par' dir='ltr' id='par_1_116' title="bbox 1996 5678 2064 5692">
     <span class='ocr_line' id='line_1_116' title="bbox 1996 5678 2064 5692; baseline 0.029 -2"><span class='ocrx_word' id='word_1_842' title='bbox 1996 5678 2064 5692; x_wconf 45' lang='grc' dir='ltr'><strong>..ἢ</strong></span> 
     </span>
    </p>
   </div>
  </div>
