4002 6206
401 303 508 363 959

1707 303 1766 361 S.
1803 301 2133 360 GREGOBII
2173 301 2468 360 NYSSENI

421 455 3630 494 Μ

1153 617 1406 702 ΤΟΥ
1469 569 1626 701 ΕΝ
1690 617 2118 702 ΑΓΙΟΙΣ
2181 618 2909 705 ΓΡΗΓΟΡΙΟΥ

605 819 846 931 ΕΙΣ
917 815 1235 932 ΤΟΝ
1278 814 1684 930 ’ΒΙΟΝ
1763 819 2062 929 ΤΗΣ
2143 815 2592 931 ΟΣΙΑΣ
2665 818 3466 934 ΜΑΚΡΙΝΗΣ

1389 1025 1701 1078 ΑΔΕΛΦΗΣ
1748 1026 1885 1080 ΤΟΥ
1917 1025 2249 1081 ΜΕΓΑΛΟΥ
2295 1026 2678 1082 ΒΑΣΙΛΕΙΟΥ.

1446 1358 1540 1446 S.
1620 1358 1728 1446 P.
1809 1357 1928 1446 N.
2008 1353 2596 1446 GREGORII

1008 1563 1361 1683 VlTA
1442 1565 1561 1679 S.
1631 1566 2338 1680 MACRINIE
2418 1567 3066 1684 VIRGINIS

1615 1785 1914 1844 SORORIS
1951 1785 2032 1840 BA
2044 1785 2198 1842 SlLll
2237 1786 2472 1844 MAGNI.

1518 1947 1800 2011 Interprete
1841 1945 2106 1998 Francisco
2129 1945 2250 1998 Zino
2270 1948 2567 1999 Veronensi.

487 2249 602 2307 lloe
629 2251 847 2322 quidem
877 2252 1169 2308 voluminis
1195 2268 1367 2324 genus
1394 2270 1459 2310 ex
1483 2253 1845 2324 inscriptione
1873 2270 1992 2326 epi-

2167 2257 2240 2310 Τὺ
2271 2258 2368 2327 μὲν
2401 2251 2539 2320 εἶδος
2564 2257 2658 2310 τοῦ
2691 2257 2915 2328 βιϐλίου,
2947 2258 3070 2312 ὅσον
3101 2260 3159 2311 ἐν
3191 2257 3269 2330 τῷ
3296 2258 3396 2329 τῆς
3429 2276 3668 2333 προγραο

415 2346 560 2399 stola
594 2346 810 2400 videtur
841 2361 964 2419 esse
996 2347 1072 2416 (l)
1108 2366 1122 2402 :
1156 2347 1249 2401 sed
1284 2349 1404 2418 ejus
1448 2347 1731 2418 longitudo
1773 2348 1995 2402 modum

415 2440 662 2508 epistola:
693 2445 950 2510 superat,
997 2446 1052 2493 et
1079 2438 1280 2509 justam
1313 2439 1439 2493 libri
1471 2439 1854 2508 complectitur
1880 2454 1997 2492 ma-

416 2530 758 2600 gnitudinem
795 2550 810 2587 :
848 2547 936 2587 me
970 2540 1150 2586 tamen
1189 2530 1290 2594 rei,
1325 2545 1491 2600 quam
1537 2537 1598 2584 ut
1632 2529 1832 2583 litteris
1863 2542 1998 2582 con-

418 2622 693 2692 signarem
747 2624 1064 2694 imperasti,
1131 2622 1377 2677 defendit
1433 2631 1839 2692 argumentum.
1902 2619 1999 2676 Est

415 2713 562 2765 enim
599 2713 774 2782 majus
799 2725 854 2768 et
884 2714 1134 2776 uberius,
1166 2728 1328 2782 quam
1367 2721 1428 2766 ut
1459 2712 1706 2782 epistola:
1748 2711 2000 2767 terminis

417 2805 675 2859 concludi
710 2807 904 2875 possit.
929 2805 1167 2860 Omnino
1189 2804 1605 2860 consuetudinis
1626 2805 1776 2858 illius
1797 2805 2000 2859 oblitus

417 2911 544 2952 esse
578 2912 684 2950 non
717 2897 906 2962 debes,
939 2913 1064 2952 cum
1098 2897 1164 2952 ad
1201 2897 1390 2951 urbem
1428 2897 1680 2950 Antiochi
1714 2897 1998 2967 congressi

418 3002 651 3054 sumus,
686 3004 796 3059 quo
846 2996 1092 3060 tempore
1140 2989 1361 3058 petebas
1420 2987 1890 3058 Hierosolymam,
1940 2995 2002 3041 ut

419 3089 773 3134 monumenta
806 3081 1013 3136 Christi
1045 3080 1534 3151 peregrinationis,
1575 3081 1704 3135 dum
1741 3082 1795 3136 in
1833 3097 2000 3137 carne

419 3178 588 3235 esset,
626 3171 917 3235 inviseres,
950 3188 1251 3242 eorumque
1286 3187 1629 3235 sermonum,
1659 3187 1801 3242 quos
1829 3173 2000 3228 variis

421 3263 490 3317 de
534 3266 698 3320 rebus
742 3265 886 3319 inter
926 3281 1027 3320 nos
1061 3267 1422 3322 contulimus.
1457 3264 1646 3335 Neque
1677 3267 1821 3321 enim
1861 3280 2001 3320 con-

421 3369 644 3424 gressus
681 3356 771 3411 ille
801 3358 1002 3412 tacitus
1033 3373 1157 3412 esse
1182 3359 1379 3426 potuit,
1412 3374 1536 3413 cum
1573 3358 1859 3428 prudentia
1907 3368 2001 3413 tua

424 3445 779 3517 multiplicem
807 3447 1154 3517 colloquendi
1187 3447 1536 3504 occasionem
1567 3448 1888 3518 subjiceret.

496 3535 642 3590 Inter
682 3537 1075 3606 disputandum
1110 3539 1315 3611 igitur,
1353 3547 1412 3594 ut
1449 3541 1505 3596 in
1545 3540 1816 3610 ejusmodi
1861 3555 1998 3595 con-

2098 2347 2204 2418 φῆς
2233 2346 2407 2418 τύπῳ,
2438 2347 2692 2418 ἐπιστολὴ
2721 2343 2859 2403 εἶναι
2892 2349 3040 2402 δοκεῖ
3061 2365 3074 2379 ·
3123 2348 3184 2401 τὸ
3213 2350 3269 2402 δὲ
3296 2349 3500 2420 πλῆθος
3533 2352 3669 2423 ὑπὲρ

2095 2437 2187 2491 τὸν
2229 2438 2632 2508 ἐπιπολιμαῖον
2673 2441 2796 2510 ὅρον
2837 2441 3006 2502 ἐστὶν,
3051 2441 3132 2504 είς
3161 2443 3539 2511 συγγραφικήν
3569 2461 3668 2513 μα⁸

2098 2528 2399 2599 κρηγορίαν
2444 2530 2938 2600 παρατεινὸμενονδ
2988 2531 3102 2585 ἀλλ’
3153 2531 3491 2600 ἀπολογεῖται
3530 2532 3672 2604 ὑπὲρ

2099 2617 2256 2688 ἡμῶν
2305 2622 2338 2690 ἡ
2393 2620 2658 2685 σύνθεσις,
2701 2616 2768 2692 ἦς
2800 2622 2984 2675 ἕνεκεν
3014 2622 3220 2692 γράψαι
3270 2624 3668 2693 παρεκελεύσω,

2099 2710 2300 2764 πλείων
2324 2708 2476 2775 οὖσα,
2518 2713 2549 2783 ἧ
2595 2716 2714 2766 κατ’
2743 2713 3028 2784 ἐπιστολῆς
3059 2716 3416 2786 συμμετρίαν.
3454 2717 3671 2777 Πάντως

2098 2804 2156 2856 δὲ
2177 2805 2276 2857 οὐκ
2308 2807 2642 2875 άμνημονεῖς
2670 2806 2770 2875 τῆς
2803 2807 3110 2876 συντυχίας,
3141 2808 3231 2860 ὅτε
3278 2809 3398 2860 κατ’
3425 2807 3588 2877 εὐχὴν
3617 2807 3673 2858 ἐν

2111 2895 2504 2966 Ἰεροσολύμοις
2523 2898 2810 2968 ἐπιφοιτᾷν
2836 2898 3062 2969 μέλλων,
3093 2900 3176 2966 ἐφ’
3195 2891 3240 2967 ᾧ
3263 2899 3331 2952 τὰ
3357 2902 3560 2969 σημεῖα
3579 2897 3674 2966 τῆς

2097 2989 2193 3042 τοῦ
2219 2988 2424 3058 Κυρίου
2449 2989 2536 3043 διὰ
2559 2991 2761 3062 σαρκὸς
2781 2992 3070 3061 ἐπιδημίας
3095 2992 3153 3046 ὲν
3176 2994 3287 3054 τοῖς
3317 2991 3510 3054 τύποις
3527 2991 3669 3052 ἰδεῖν,

2102 3080 2434 3151 συνέδραμον
2461 3099 2564 3145 σοι,
2598 3085 2737 3136 κατά
2770 3084 2868 3154 τὴν
2905 3084 3172 3154 Ἀντιόχου
3199 3084 3351 3136 πόλιν
3379 3122 3394 3145 ,
3431 3084 3526 3135 καὶ
3545 3101 3670 3136 παν·

2099 3173 2258 3225 τοίων
2286 3173 2725 3242 άνακινουμένων
2759 3176 2890 3244 ἡμῖν
2919 3174 3091 3242 λόγων
3118 3189 3130 3202 ·
3158 3174 3277 3228 οὐδὲ
3303 3175 3412 3243 γάρ
3444 3175 3588 3238 εἰκὸς
3607 3170 3670 3244 ἦν

2101 3266 2159 3316 ἐν
2186 3268 2363 3335 σιωπῇ
2397 3264 2492 3334 τὴν
2525 3267 2812 3334 συντυχίαν
2860 3261 3018 3320 εἶναι’
3065 3266 3264 3329 πολλὰς
3291 3266 3370 3337 τῷ
3407 3267 3550 3337 λόγῳ
3578 3266 3668 3328 τὰς

2101 3356 2356 3428 ἀφορμάς
2382 3360 2482 3428 τῆς
2516 3358 2612 3427 σῆς
2646 3360 2910 3422 συνέσεως
2934 3358 3350 3428 ἐπιϐαλλούσης.

2174 3523 2275 3582 Οἴα
2299 3529 2356 3582 δὲ
2385 3529 2528 3599 φιλεῖ
2551 3530 2807 3592 πολλάκις
2835 3532 2891 3582 ὲν
2916 3529 3121 3593 τούτοις
3151 3528 3417 3598 γίνεσθαι,
3448 3529 3528 3591 είς
3547 3530 3678 3599 μνή-

423 3629 801 3697 gressionibus
855 3631 945 3692 tit,
991 3632 1046 3685 in
1095 3633 1429 3687 mentionem
1477 3633 1663 3702 probae
1711 3633 1997 3702 cujusdam

2111 3637 2217 3690 μην
2259 3620 2372 3690 βίου
2418 3620 2562 3683 τινὸς
2614 3620 2901 3691 εὐδοκίμου
2951 3619 3188 3698 προῆλθε
3232 3619 3372 3689 ῥέων
3407 3621 3436 3672 ὁ
3485 3619 3674 3686 λόγος’

423 3716 672 3771 mulieris
715 3718 1032 3774 incidimus.
1085 3721 1140 3776 Si
1180 3731 1363 3776 tamen
1404 3737 1468 3776 ex
1505 3731 1700 3776 natura
1733 3724 1933 3779 mulier
1971 3739 2002 3778 a

426 3807 587 3862 nobis
621 3810 947 3878 appellanda
976 3820 1083 3878 est,
1119 3829 1239 3882 quas
1270 3821 1480 3868 natura:
1510 3814 1829 3871 conditione
1864 3831 2004 3886 prae-

425 3900 660 3953 stantior
714 3899 834 3954 fuit.
879 3901 1001 3956 Non
1055 3911 1238 3958 autem
1285 3921 1350 3958 ex
1406 3905 1602 3960 alienis
1651 3909 2002 3964 sermonibus

426 3991 732 4045 narrationi
763 3993 919 4048 fidem
954 3994 1189 4049 faciebat
1227 3997 1426 4058 oratio,
1457 3997 1553 4052 sed
1593 3997 1887 4068 diligenter
1913 4016 2000 4069 ea,

425 4098 659 4153 quorum
691 4086 1030 4154 experientia
1068 4087 1330 4156 magistra
1381 4087 1592 4152 fuerat,
1634 4089 2004 4160 persequeba-

425 4186 536 4241 tur,
571 4187 626 4232 et
666 4177 803 4232 nihil
838 4176 951 4233 fere
984 4180 1169 4234 alieno
1203 4180 1425 4236 auditus
1452 4181 1772 4235 testimonio
1800 4181 2003 4236 confiro

424 4271 629 4326 mabat.
679 4271 863 4341 Neque
899 4273 1045 4327 enim
1083 4275 1267 4345 virgo,
1301 4287 1408 4344 qua
1451 4274 1519 4329 de
1551 4274 1715 4328 verba
1764 4273 2003 4330 facieba-

425 4377 569 4425 mus,
601 4377 801 4430 genere
835 4364 993 4419 nobis
1019 4372 1139 4420 erat
1163 4365 1471 4435 peregrina,
1509 4372 1567 4418 ut
1606 4379 1727 4434 quas
1757 4365 2000 4420 admira-

425 4454 556 4509 bilia
584 4455 651 4508 de
682 4455 772 4508 illa
797 4456 1026 4510 dicenda
1057 4464 1238 4519 erant,
1268 4473 1364 4527 per
1387 4457 1525 4511 alios
1546 4473 1648 4512 nos
1668 4471 2002 4528 cognoscere

421 4554 728 4617 oporteret,
758 4549 852 4602 sed
882 4548 1086 4602 eisdem
1114 4555 1235 4602 orta
1271 4549 1624 4617 parentibus:
1649 4549 1853 4618 quippe
1877 4565 2003 4618 qua:

423 4646 686 4708 tanquam
734 4637 947 4692 fructus
1004 4637 1370 4706 primitiarum
1421 4653 1490 4692 ex
1546 4646 1797 4692 materno
1845 4645 2002 4690 utero

424 4729 601 4798 prima
631 4729 1016 4799 pullulaverat.
1043 4727 1314 4794 Quoniam
1343 4730 1510 4800 igitur
1537 4730 1805 4785 bonorum
1831 4729 2002 4782 histo-

422 4819 560 4874 riam
587 4837 714 4877 esse
760 4821 1076 4892 frugiferam
1115 4822 1380 4877 censuisti
1405 4861 1420 4885 ,
1451 4837 1518 4877 ne
1563 4823 1688 4876 vita:
1715 4821 1861 4876 illius
1892 4822 2002 4874 vir-

422 4911 600 4983 ginis,
632 4931 754 4983 qua:
797 4915 865 4968 ad
910 4916 1163 4969 humana:
1197 4916 1418 4972 virtutis
1468 4915 1751 4985 fastigium
1786 4930 1882 4983 per
1913 4929 2001 4969 sa-

423 5001 644 5072 pientia:
679 5003 921 5057 studium
969 5006 1248 5074 pervenit,
1282 5005 1594 5074 exemplum
1631 5010 1881 5072 posteros
1921 5003 2002 5056 la-

423 5103 555 5161 teat,
590 5108 726 5149 neve
777 5093 898 5148 sine
945 5094 1125 5150 fruetu
1182 5102 1427 5149 transeat
1477 5093 1818 5156 involutum,
1868 5091 2001 5145 mihi

425 5186 735 5241 faciendum
769 5186 1101 5250 existimavi,
1127 5193 1187 5241 ut
1209 5185 1306 5240 tibi
1335 5200 1608 5254 parerem,
1637 5193 1694 5238 ct
1717 5185 2002 5250 incompo-

422 5278 528 5332 sita
582 5278 934 5347 simplicique
985 5278 1238 5332 oratione
1287 5277 1456 5330 vitam
1505 5275 1628 5346 ejus
1669 5290 1836 5346 quam
1875 5273 2002 5329 bre-

423 5367 650 5423 vissime
682 5385 900 5438 possem
940 5369 1294 5438 explicarem.

493 5457 748 5514 Macrine
788 5459 987 5530 virgini
1031 5475 1231 5515 nomen
1269 5467 1388 5515 erat
1413 5499 1427 5521 ,
1473 5459 1552 5514 sic
1594 5475 1624 5514 a
1677 5463 1998 5532 parentibus

2102 3710 2239 3780 γυνὴ
2266 3709 2324 3762 δὲ
2355 3704 2424 3780 ἦν
2452 3712 2485 3780 ἡ
2525 3709 2620 3762 τοῦ
2653 3711 2984 3783 διηγήματος
3012 3711 3233 3782 ἀφορμή
3258 3726 3273 3740 ’
3311 3709 3470 3780 εἴπερ
3498 3710 3629 3777 γυνή
3669 3725 3675 3731 '

2101 3802 2203 3854 οὐκ
2244 3796 2359 3855 οῖδα
2397 3801 2505 3870 γὰρ
2544 3803 2593 3853 εί
2615 3802 2823 3872 πρέπον
2853 3803 2999 3856 ἐστὶν
3049 3805 3112 3856 ἐκ
3142 3803 3242 3872 τῆς
3266 3800 3482 3872 φύσεως
3511 3798 3678 3870 αὐτὴν

2102 3895 2413 3964 ὀνομάζειν,
2459 3895 2559 3966 τὴν
2601 3896 2713 3949 ἄνω
2742 3897 3044 3968 γενομένην
3089 3897 3188 3966 τῆς
3231 3896 3466 3966 φύσεως.
3515 3894 3587 3947 Τὸ
3620 3893 3682 3946 δὲ

2101 3991 2346 4061 διήγημα
2385 3991 2515 4060 ἡμῖν
2554 3989 2654 4043 οὐκ
2689 3988 2749 4054 ἐξ
2780 3989 2951 4058 άκοῆς
2991 3989 3192 4059 ἐτέρων
3219 3988 3572 4059 διηγημάτων
3615 3984 3678 4036 τὸ

2103 4082 2293 4134 πιστὸν
2319 4076 2465 4151 εἶχεν
2487 4097 2502 4112 '
2537 4081 2650 4135 ἀλλ’
2681 4074 2756 4136 ὦν
2783 4084 2816 4151 ἡ
2844 4084 3007 4153 πεῖρα
3037 4081 3352 4143 διδάσκαλος
3384 4076 3471 4150 ἦν,
3502 4077 3677 4132 ταῦτα

2103 4175 2170 4228 δι’
2200 4172 2487 4246 άκριὸείας
2519 4172 2735 4244 ἐπεξῄει
2767 4174 2797 4224 ὁ
2825 4171 2999 4240 λόγος,
3034 4175 3112 4236 είς
3145 4172 3296 4226 οὐδὲν
3325 4171 3483 4240 ἀκοὴν
3515 4170 3680 4222 ἀλλο-

2101 4268 2256 4338 τρίαν
2299 4266 2855 4338 ἐπιμαρτυρούμενος.
2888 4266 3020 4318 Οὑδέ
3067 4265 3178 4338 γὰρ
3207 4264 3328 4333 ξένη
3363 4261 3455 4315 τοῦ
3483 4262 3680 4331 γένους

2108 4359 2257 4429 ἡμῶν
2291 4362 2322 4428 ἡ
2356 4359 2784 4430 μνημονευθεῖσα
2828 4358 3116 4430 παρθένος,
3152 4359 3228 4421 ὡς
3269 4357 3511 4428 ἀνάγκην
3539 4352 3684 4409 εἶναι

2102 4450 2168 4503 δι’
2194 4451 2393 4521 ἐτέρων
2421 4451 2710 4519 γινώσκειν
2757 4451 2824 4504 τὰ
2859 4451 2977 4504 κατ’
3007 4449 3222 4520 ἐκείνην
3244 4448 3517 4519 θαύματα,
3565 4447 3683 4500 ἀλλ’

2103 4543 2166 4594 ἐκ
2198 4541 2306 4594 τῶν
2336 4543 2514 4596 αὐτῶν
2545 4544 2676 4613 ἡμῖν
2723 4541 2946 4610 γονέων,
2975 4543 3163 4613 ὥσπερ
3193 4559 3276 4602 τις
3300 4540 3522 4610 ἀπαρχὴ
3549 4556 3688 4609 mp-

2103 4633 2256 4697 πῶν,
2302 4633 2491 4704 πρώτη
2543 4635 2642 4704 τῆς
2676 4633 2935 4705 μητρῴας
2967 4633 3157 4704 νηδύος
3202 4632 3684 4704 ἀναϐλαστῆσασα.

2115 4724 2266 4776 Ἐπεὶ
2293 4719 2385 4777 οὖν
2412 4725 2736 4793 ἐδοκίμασας
2766 4725 2949 4795 φέρειν
2974 4742 3028 4777 τι
3059 4723 3249 4794 κέρδος
3285 4723 3383 4794 τὴν
3409 4723 3518 4776 τῶν
3548 4724 3688 4791 ἀγα-

2103 4817 2212 4870 θῶν
2249 4817 2488 4887 ἱστορίαν
2513 4834 2529 4850 ο
2579 4818 2656 4880 ὡς
2683 4817 2750 4870 ἃν
2786 4819 2859 4889 μὴ
2885 4817 3036 4871 λάθοι
3064 4817 3157 4869 τὸν
3186 4815 3327 4870 κατὰ
3360 4815 3532 4870 ταῦτα
3558 4817 3689 4885 χρό-

2103 4927 2192 4964 νον
2219 4911 2248 4962 6
2281 4909 2519 4972 τοιοῦτος
2553 4909 2686 4980 βίος,
2721 4910 2856 4980 μηδὲ
2883 4907 3164 4980 ἀνωφελὴς
3211 4907 3563 4979 παραδράμοι
3593 4907 3690 4962 διὰ

2104 5000 2313 5070 σιωπῆς
2358 5000 2794 5069 συγκαλυφθεῖσα
2845 5002 2876 5069 ἡ
2931 4999 3066 5070 πρὸς
3102 5001 3192 5053 τὸν
3234 4999 3535 5071 ἀκρότατον
3583 4998 3689 5066 τῆς

2102 5091 2449 5162 ἀνθρωπίνης
2495 5091 2696 5162 ἀρετῆς
2725 5093 2850 5162 ὅρον
2878 5091 3074 5161 ἑαυτὴν
3107 5091 3194 5144 διὰ
3239 5090 3556 5158 φιλοσοφίας
3588 5091 3688 5140 ἐπ-

2103 5184 2304 5255 άρασα,
2340 5185 2519 5248 καλῶς
2547 5183 2613 5237 ἂν
2641 5183 2782 5252 ἔχειν
2808 5183 3015 5254 ᾠήθην,
3048 5183 3130 5235 σοί
3159 5200 3217 5235 τε
3247 5183 3553 5252 πεισθῆναι,
3588 5181 3689 5233 καὶ

2101 5276 2166 5329 δι’
2189 5276 2402 5344 ὀλίγων,
2424 5277 2500 5341 ὡς
2530 5277 2596 5330 ἂν
2620 5272 2730 5340 οἷός
2759 5293 2818 5328 τε
2844 5269 2911 5338 ὦ,
2938 5275 3006 5352 τά
3030 5277 3153 5329 κατ’
3175 5275 3346 5345 αὐτὴν
3379 5273 3684 5343 ἱστορῆσαι.

2102 5371 2160 5421 ἐν
2192 5369 2550 5440 άκατασκεύῳ
2581 5387 2638 5422 τε
2666 5369 2760 5422 καὶ
2783 5368 2939 5438 ἁπλῷ
2970 5367 3288 5438 διηγήματι.

2167 5459 2420 5530 Μακρίνα
2447 5456 2514 5531 ἦν
2552 5461 2722 5530 ὅνομα
2753 5463 2818 5530 τῇ
2864 5460 3118 5532 παρθένῳ
3138 5475 3150 5489 ·
3195 5459 3480 5527 εὐδόκιμος
3504 5455 3563 5508 δέ
3597 5471 3686 5516 τις

424 5550 744 5618 appellatae,
787 5551 935 5624 quod
976 5553 1108 5607 olim
1156 5553 1390 5622 insignis
1436 5553 1685 5622 quaedam
1720 5556 1774 5609 in
1809 5564 1997 5611 nostra

2106 5553 2260 5608 πάλαι
2288 5553 2428 5606 κατὰ
2447 5553 2506 5608 τὸ
2531 5553 2685 5621 γένος
2710 5548 2777 5624 ἦν
2797 5555 2830 5624 ὴ
2847 5553 3121 5622 Μακρίνα,
3147 5551 3332 5622 μήτηρ
3357 5548 3450 5603 τοῦ
3478 5554 3682 5615 πατρὸς

499 5729 578 5803 (1)
611 5731 706 5788 Est
739 5737 969 5828 epistola
997 5739 1118 5807 ejus
1148 5738 1213 5794 ad
1237 5736 1542 5810 Olympium
1568 5742 1914 5796 monachum.
