4002 6206
458 304 551 361 961

1689 313 1778 370 DE
1811 315 1970 371 VITA
2007 317 2064 374 S.
2106 317 2458 375 MACRINAE.

3578 335 3687 390 962

457 417 623 512 ἡμῶν
639 416 1005 489 γεγενημένη,
1027 420 1145 483 ταῖς
1176 419 1319 492 ὑπὲρ
1341 422 1575 495 Χριστοῦ
1606 427 1914 496 ὁμολογίαις
1950 429 2011 500 τᾷ

2130 429 2335 484 familia
2378 430 2619 486 lliacrina
2650 432 2850 512 luerat,
2881 435 3052 504 patris
3081 436 3256 492 nostri
3283 438 3533 495 videlicet
3577 459 3688 500 ma-

455 507 633 578 καιρῷ
654 508 764 560 τῶν
783 508 1036 579 διωγμῶν
1060 511 1417 582 ὲναθλήσασα,
1437 515 1472 584 ἢ
1493 515 1850 588 ἐπωνομάσθη
1873 521 2022 590 παρὰ

450 597 559 650 τῶν
585 597 788 667 γονέων
811 601 844 670 ἡ
877 601 1023 663 παῖς.
1066 601 1226 655 Ἀλλὰ
1247 603 1404 657 τοῦτο
1430 605 1528 675 μὲν
1548 601 1615 676 ἦν
1638 607 1696 659 ὲν
1722 608 1942 680 φανερῷ
1962 610 2024 662 τὸ

450 688 659 757 ὄνομα,
717 688 778 741 τὸ
831 689 982 759 παρὰ
1033 691 1141 746 τῶν
1188 695 1564 760 γινωσκόντων
1605 697 2018 769 ὀνομαζόμενον.

453 779 678 849 Ἕτερον
703 779 760 832 δὲ
789 781 932 834 κατὰ
956 783 1016 835 τὸ
1047 782 1268 854 λεληθὸς
1284 787 1420 856 αὐτῇ
1446 787 1804 858 ἐπεκέκλητο⁸
1841 789 1869 841 ὃ
1893 791 2022 860 πρὶν

454 868 626 921 ἐλθεῖν
655 867 744 921 διά
781 870 890 924 τῶν
923 871 1127 927 ὠδίνων
1156 875 1238 936 είς
1263 875 1399 944 φῶς,
1443 877 1508 931 ἐκ
1533 896 1677 942 τινος
1706 880 2022 948 ἐπιφανείας

449 965 812 1036 ἐπωνομάσθη
839 981 854 996 °
886 961 953 1033 ἦν
983 966 1092 1038 γὰρ
1129 967 1192 1038 δὴ
1229 970 1453 1041 τοιαύτη
1491 973 1612 1025 κατ’
1641 973 1838 1045 ἀρετὴν
1869 974 1962 1027 καὶ
1985 976 2018 1044 ἠ

451 1056 637 1126 μήτηρ
659 1095 674 1121 ,
723 1056 799 1118 ὠς
840 1058 1114 1128 πανταχοῦ
1141 1060 1220 1130 τῷ
1247 1061 1374 1132 θείῳ
1405 1062 1704 1135 βουλήματι
1749 1083 2005 1137 χειραγω-

445 1148 660 1215 γεῖσθαι
687 1165 702 1180 ·
750 1149 1107 1221 διαφερόντως
1131 1151 1189 1204 δὲ
1222 1153 1320 1223 τὴν
1363 1155 1606 1225 καθαράν
1631 1172 1688 1208 τε
1711 1157 1804 1209 καὶ
1833 1157 2022 1227 ἀκηλί-

444 1238 614 1292 δωτον
649 1238 741 1292 τοῦ
775 1240 890 1310 βίου
918 1241 1192 1313 διαγωγὴν
1231 1245 1555 1314 ἡσπασμένη
1583 1288 1597 1310 ,
1641 1247 1717 1310 ὠς
1754 1247 1888 1318 μηδὲ
1928 1248 2018 1301 τὸν

446 1328 624 1397 γάμον
652 1329 912 1390 ἑκουσίως
940 1327 1170 1384 ἑλέσθαι.
1213 1331 1350 1384 Ἀλλ’
1383 1333 1568 1406 ἐπειδὴ
1593 1335 1800 1406 ὀρφανὴ
1829 1337 1926 1405 μὲν
1959 1336 2018 1402 ἐξ

449 1418 772 1488 ἀμφοτέρων
800 1415 868 1491 ἦν
891 1437 906 1453 ο
949 1421 1240 1493 ὑπερήνθει
1267 1423 1323 1476 δὲ
1349 1426 1414 1495 τῇ
1449 1424 1567 1497 ῶρᾳ
1599 1426 1695 1479 τοῦ
1723 1425 1973 1496 σώματος
1997 1442 2014 1458 ⁸

447 1510 544 1563 καὶ
575 1509 803 1572 πολλοὺς
837 1513 869 1580 ὴ
904 1511 1061 1581 φήμη
1097 1512 1197 1582 τῆς
1227 1513 1525 1586 εὐμορφίας
1565 1517 1698 1588 πρὸς
1745 1516 1842 1586 τὴν
1885 1535 2017 1588 μνη-

444 1601 629 1654 στείαν
661 1601 978 1670 συνήγειρε·
1020 1599 1261 1664 κίνδυνος
1299 1602 1356 1655 δὲ
1385 1599 1474 1674 ἦν,
1510 1606 1557 1657 εί
1590 1606 1663 1675 μὴ
1695 1604 1832 1659 κατὰ
1861 1605 2017 1660 ἑκού-

442 1691 560 1744 σιόν
596 1709 700 1744 τινι
731 1689 1150 1761 συναρμοσθείη,
1181 1692 1371 1746 παθεῖν
1400 1711 1453 1746 τι
1484 1694 1588 1747 τῶν
1619 1695 1929 1767 ἀϐουλήτων
1957 1696 2016 1761 ἐξ

440 1783 726 1852 ἐπηρείας,
765 1782 899 1854 πρὸς
930 1783 1183 1853 ἁρπαγὰς
1217 1786 1750 1856 παρεσκευασμένων
1763 1787 1870 1840 τῶν
1892 1788 2012 1840 ἐπι·
2046 1781 2086 1834 Β

443 1891 510 1944 με
520 1874 764 1944 μηνότων
777 1873 854 1945 τῷ
872 1874 1078 1928 κάλλει·
1096 1875 1183 1928 διὰ
1203 1873 1358 1928 τοῦτο
1376 1876 1600 1948 ἑλομένη
1615 1877 1703 1930 τὸν
1716 1878 1808 1931 ἐπὶ
1829 1895 1887 1930 σε
1895 1878 2014 1947 μνό-

439 1981 564 2034 τητι
597 1965 714 2034 βίου
752 1966 1144 2038 γνωριζόμενόν
1169 1984 1228 2019 τε
1255 1967 1348 2020 καὶ
1380 1970 1838 2040 μαρτυρούμενον,
1870 1969 2011 2024 ὥστε

439 2055 658 2125 φύλακα
704 2057 1002 2130 κτήσασθαι
1048 2059 1146 2130 τῆς
1196 2061 1327 2123 ίδίας
1367 2059 1508 2132 ζωῆς
1535 2101 1550 2125 ,
1605 2061 1766 2127 εὐθὺς
1806 2065 1863 2117 ἐν
1893 2046 2012 2127 ταῖς

440 2153 686 2225 πρώταις
715 2151 886 2216 ὠδῖσι,
927 2150 1130 2220 ταύτης
1159 2153 1367 2220 γίνεται
1417 2155 1637 2225 μήτηρ⁹
1686 2156 1778 2208 καὶ
1825 2156 2010 2227 ἐπειδὴ

440 2244 622 2314 παρῆν
651 2245 679 2296 ὁ
717 2244 926 2313 καιρὸς,
961 2240 1084 2295 καθ’
1113 2242 1172 2294 ὃν
1208 2242 1314 2296 ἔδει
1342 2243 1569 2314 λυθῆναι
1615 2244 1711 2315 τὴν
1748 2245 1910 2298 ὠδῖνα
1935 2246 2012 2316 τῷ

436 2337 604 2405 τόκῳ,
649 2336 728 2399 είς
758 2335 923 2388 ὕπνον
953 2339 1244 2407 τραπεῖσα,
1281 2337 1464 2410 φέρειν
1503 2339 1675 2392 ἐδόκει
1704 2339 1794 2393 διὰ
1830 2340 2011 2412 χειρὸς

434 2427 501 2482 τδ
529 2426 604 2489 ῶς
625 2444 677 2479 τι
711 2427 816 2480 ὑπὸ
839 2427 947 2480 τῶν
975 2428 1295 2499 σπλάγχνων
1322 2431 1706 2501 περιεχόμενον
1728 2449 1742 2462 ·
1778 2432 1869 2484 καί
1890 2450 2009 2485 τινα

435 2518 497 2570 ὲν
520 2517 649 2569 εἴδει
677 2519 768 2570 καὶ
797 2521 896 2588 σχὴ
907 2536 1034 2588 ματι
1071 2519 1650 2592 μεγαλοπρεπεστέρῳ,
1691 2523 1723 2576 ἢ
1754 2523 1894 2576 κατὰ
1914 2523 2009 2577 άν-

439 2609 660 2680 θρωττον
702 2611 1059 2676 ἐπιφανέντα,
1111 2615 1424 2682 προσειπεῖν
1471 2612 1568 2684 τὴν
1602 2612 2009 2685 βασταζομένην

435 2702 504 2752 ὲκ
537 2699 628 2752 τοῦ
657 2701 917 2770 ὀνόματος
946 2701 1152 2771 Θέκλην
1179 2720 1191 2732 ·
1242 2703 1448 2774 Θέκλης
1479 2705 1711 2775 ἐκείνης,
1744 2701 1811 2777 ἦς
1843 2706 2009 2770 πολὺς

436 2796 500 2845 ἐν
527 2796 645 2856 ταῖς
675 2793 962 2863 παρθένοις
988 2794 1016 2845 ὁ
1049 2793 1224 2862 λόγος.
1269 2795 1578 2866 Ποιήσαντα
1623 2796 1682 2850 δὲ
1723 2797 1878 2850 τοῦτο
1915 2799 2008 2852 καὶ

437 2884 886 2955 μαρτυρούμενον
911 2886 989 2947 είς
1021 2884 1162 2956 τρὶς,
1201 2886 1530 2956 μεταστῆναι
1560 2886 1666 2939 τῶν
1691 2886 1884 2957 ὄψεων,
1913 2889 2009 2942 καὶ

431 2976 621 3029 δοῦναι
649 2979 715 3047 τῇ
743 2977 890 3030 ὠδῖνι
917 2977 1014 3046 τὴν
1043 2975 1289 3029 εὐκολίαν
1307 3016 1322 3040 ,
1370 2975 1444 3040 ὠς
1471 2975 1606 3046 ὁμοῦ
1633 2995 1688 3032 τε
1715 2979 1808 3032 τοῦ
1841 2979 2007 3033 ὕπνου

2126 533 2228 586 ter,
2266 537 2389 591 qua:
2424 531 2670 592 tempore
2698 527 3140 593 persecutionum
3180 544 3279 598 pro
3310 530 3513 586 Christi
3553 549 3688 588 con-

2124 610 2363 666 fessione
2400 623 2755 683 pugnaverat.
2803 614 2918 670 Iloc
2951 618 3170 687 quidem
3206 619 3425 689 vulgato
3464 625 3688 679 nomine

2124 714 2154 752 a
2193 700 2552 759 familiaribus
2585 704 2884 759 vocabatur
2915 724 2928 760 :
2964 707 3060 762 sed
3108 723 3368 764 arcanum
3401 719 3456 764 et
3492 728 3688 767 recon-

2122 790 2293 843 ditum
2327 793 2560 847 alterum
2590 793 2826 850 habebat
2854 811 3072 862 nomen,
3099 815 3208 868 quo
3233 816 3328 869 per
3359 803 3534 858 visum
3564 804 3686 859 fue-

2123 890 2208 934 rat
2259 882 2522 954 insignita
2582 887 2906 956 priusquam
2955 888 3011 942 in
3077 890 3253 944 lucem
3298 907 3328 945 a
3380 905 3556 949 matre
3589 910 3702 966 per‘

2121 972 2343 1028 dolores
2385 975 2657 1031 ederetur.
2693 976 2826 1030 Nam
2861 979 2977 1048 ipsa
3013 996 3229 1051 quoque
3267 993 3441 1037 mater
3476 1000 3540 1039 ea
3568 986 3683 1039 vir-

2123 1072 2238 1118 tute
2267 1077 2404 1132 erat,
2443 1077 2500 1122 ut
2528 1070 2760 1124 consilio
2791 1069 2885 1126 Dei
2919 1087 3040 1126 sese
3078 1074 3130 1127 in
3162 1076 3418 1130 omnibus
3452 1087 3682 1147 regeret,

2121 1171 2424 1226 puramque
2449 1167 2503 1214 et
2533 1161 2797 1231 integram
2832 1163 3050 1218 vivendi
3084 1167 3355 1221 rationem
3393 1168 3446 1221 in
3495 1169 3686 1238 primis

2119 1248 2395 1317 diligeret,
2433 1251 2569 1307 adeo
2601 1261 2657 1306 ut
2690 1269 2797 1308 non
2832 1264 3048 1324 sponte,
3086 1258 3179 1312 sed
3214 1259 3384 1312 invita
3417 1261 3687 1328 quodam-

2119 1342 2281 1396 modo
2321 1345 2573 1411 nupserit
2607 1363 2620 1398 :
2665 1348 2864 1400 etenim
2897 1364 3021 1402 eum
3064 1359 3295 1422 utroque
3326 1359 3549 1420 parente
3595 1368 3686 1406 or-

2119 1431 2243 1486 bata
2295 1432 2352 1487 in
2400 1434 2522 1504 ipso
2561 1445 2708 1491 esset
2747 1439 2925 1493 aetatis
2955 1437 3121 1504 ﬂore,
3155 1439 3408 1511 famaque
3439 1442 3684 1512 pulchri-

2120 1522 2325 1579 tudinis
2382 1528 2620 1591 multos,
2678 1539 2735 1582 ut
2781 1544 2898 1584 eam
2950 1530 3054 1584 sibi
3102 1546 3326 1585 uxorem
3377 1541 3678 1599 cuperent,

2117 1614 2392 1680 incitaret,
2429 1627 2482 1671 et
2521 1618 2816 1688 periculum
2853 1630 3000 1677 esset
3031 1622 3136 1676 nisi
3168 1623 3357 1678 volens
3397 1624 3452 1677 in
3488 1626 3682 1678 matri-

2120 1709 2303 1763 monio
2350 1709 2586 1779 cuipiam
2628 1712 3010 1779 collocaretur,
3057 1731 3127 1770 ne
3173 1730 3270 1784 per
3303 1715 3413 1772 uim
3463 1714 3678 1770 adversi

2114 1798 2320 1868 aliquid
2353 1800 2401 1855 ei
2447 1800 2788 1873 contingeret
2819 1802 2988 1875 (nam
3032 1806 3152 1874 ejus
3207 1805 3378 1858 forma
3419 1805 3564 1874 capti
3611 1798 3683 1858 ad

2113 1891 2363 1959 rapinam
2409 1893 2790 1964 spectabant),
2837 1903 2896 1949 ut
2939 1897 3106 1950 saluti
3159 1897 3509 1962 consuleret,
3557 1896 3684 1950 vita?

2113 1983 2378 2053 gravitate
2407 1992 2714 2054 spectatum
2757 1985 3314 2055 commendatumque
3355 1985 3531 2040 virum
3571 1986 3680 2040 sibi

2112 2071 2297 2143 elegit,
2329 2075 2614 2144 primoque
2636 2087 2794 2146 partu
2825 2076 3054 2144 hujusce
3074 2087 3158 2131 est
3183 2075 3325 2130 facta
3351 2084 3543 2130 mater.
3578 2075 3682 2130 Vc-

2112 2179 2232 2218 rum
2266 2181 2392 2220 cum
2432 2168 2676 2236 pariendi
2709 2176 2922 2237 tempus
2953 2169 3216 2233 instaret,
3246 2183 3442 2222 somno
3478 2183 3679 2224 conso-

2111 2260 2244 2326 pita,
2283 2274 2446 2313 manu
2478 2269 2690 2330 gestare
2725 2261 2829 2315 sibi
2863 2261 2980 2315 visa
3010 2270 3094 2316 est
3128 2259 3181 2314 id
3208 2261 3352 2330 quod
3383 2260 3564 2315 adhuc
3595 2261 3680 2316 in-

2110 2358 2195 2404 tra
2221 2349 2432 2405 viscera
2462 2350 2796 2416 continebat,
2818 2358 2871 2406 et
2901 2350 3189 2420 quemdam
3219 2350 3460 2404 humana
3495 2353 3679 2421 specie

2109 2450 2163 2495 et
2201 2440 2371 2494 forma
2410 2441 2783 2510 augustiorem
2815 2441 3042 2505 intueri,
3081 2441 3173 2510 qui
3205 2438 3420 2495 Thecla
3453 2442 3674 2495 nomine

2112 2531 2331 2583 liliolam
2367 2530 2692 2599 appellavit,
2726 2529 2973 2596 Theclze,
3025 2531 3250 2602 inquam
3275 2568 3291 2595 ,
3337 2531 3486 2585 illius
3532 2531 3678 2585 inter

2109 2629 2376 2690 martyres
2408 2621 2782 2676 celeberriutze
2817 2641 2829 2675 :
2862 2620 2915 2675 id
2949 2628 3130 2676 autem
3159 2635 3283 2675 cum
3312 2629 3396 2675 ter
3421 2629 3676 2690 repetens

2112 2721 2369 2767 testatum
2389 2711 3009 2780 reliquisset,discessit.
3030 2709 3106 2764 Ea
3125 2726 3255 2766 vero
3280 2711 3462 2766 statim
3481 2726 3677 2767 somno

2109 2807 2288 2859 soluta
2317 2811 2423 2866 est,
2452 2811 2506 2857 et
2539 2811 2698 2872 partu
2730 2801 2889 2857 facile
2916 2802 3114 2865 levata,
3141 2809 3198 2855 ut
3221 2810 3274 2855 et
3299 2816 3492 2856 somno
3513 2803 3676 2857 simul

2109 2895 2347 2949 excitata
2387 2893 2479 2955 sit,
2521 2902 2575 2948 et
2607 2891 2753 2962 quod
2799 2891 2851 2943 in
2894 2891 3081 2960 quiete
3137 2890 3380 2952 viderat,
3420 2890 3674 2945 effectum

2110 2984 2432 3054 inspexerit.
2460 2984 2734 3036 Arcanum
2762 2983 2924 3052 igitur
2948 2996 3144 3039 nomen
3180 2981 3286 3036 hoc
3317 2981 3393 3035 illi
3423 2980 3545 3036 fuit.
3579 2979 3674 3034 Vi-

431 3068 606 3138 αύτὴν
630 3067 930 3138 διαστῆναι,
956 3067 1049 3122 καὶ
1075 3067 1136 3120 τὸ
1169 3067 1414 3121 ἐνύπνιον
1448 3067 1596 3139 ῦπαρ
1630 3070 1774 3124 ίδεῖν.
1813 3070 1885 3123 Τὸ
1909 3072 2006 3141 μὲν

2111 3074 2270 3129 detur
2309 3082 2491 3130 autem
2523 3074 2666 3128 'mihi
2698 3075 2764 3140 is,
2791 3075 2885 3143 qui
2920 3089 3015 3144 per
3053 3073 3293 3144 quietem
3325 3084 3674 3144 apparuerat,

430 3154 529 3212 οὖν
555 3158 722 3227 ὁνομα
741 3159 801 3210 τὸ
828 3159 1204 3228 κεκρυμμένον
1229 3158 1401 3210 έκεῖνο
1423 3154 1508 3230 ἦν.
1542 3162 1698 3212 Δοκεῖ
1722 3159 1779 3212 δέ
1809 3176 1898 3229 μοι
1930 3159 2006 3229 μὴ

2111 3181 2227 3221 eam
2284 3181 2469 3220 vocem
2521 3165 2944 3234 pronuntiasse,
2993 3180 3102 3220 non
3154 3173 3263 3218 tam
3286 3204 3301 3229 ,
3333 3172 3391 3218 ut
3427 3179 3538 3234 quo
3575 3180 3676 3218 no-

430 3249 685 3303 τοσοῦτον
719 3251 854 3322 πρὸς
899 3251 998 3320 τὴν
1046 3249 1409 3320 ὀνομαστικὴν
1453 3250 1645 3320 κλῆσιν
1669 3250 1880 3320 ὁδηγῶν
1909 3251 2008 3321 τὴν

432 3341 763 3411 γειναμένην
802 3342 831 3393 ὁ
857 3341 1137 3407 ἐπιφανεὶς
1168 3340 1324 3392 τοῦτο
1362 3341 1802 3412 προφθέγξασθαι
1827 3357 1841 3371 ⁶
1873 3341 2007 3394 ἀλλὰ

429 3431 529 3483 τὸν
575 3431 685 3500 βίον
730 3433 1010 3502 προειπεῖν
1055 3431 1156 3501 τῆς
1188 3431 1334 3497 νέας,
1367 3431 1462 3485 καὶ
1491 3430 1589 3500 τὴν
1620 3431 1716 3500 τῆς
1748 3431 2006 3502 προαιρέο

435 3538 578 3585 σεως
604 3523 892 3593 ὁμοιότητα
925 3522 1012 3577 διὰ
1038 3525 1138 3591 τῆς
1169 3523 1487 3594 ὁμωνυμίας
1517 3521 1900 3587 ἐπιδείξασθαι.

507 3613 777 3683 Τρέφεται
818 3613 995 3666 τοίνυν
1025 3612 1088 3665 τὸ
1129 3613 1338 3667 παιδίον
1365 3631 1380 3645 ο
1425 3611 1590 3684 οὔσης
1617 3613 1716 3684 μὲν
1739 3613 1886 3684 αύτῷ
1915 3615 2009 3668 καὶ

431 3707 660 3776 τιθήνης
693 3707 846 3770 ἰδίας,
879 3704 950 3758 τὰ
972 3705 1028 3758 δὲ
1057 3704 1226 3758 πολλὰ
1253 3705 1352 3775 τῆς
1383 3703 1586 3776 μητρὸς
1617 3705 1674 3757 ὲν
1698 3707 1818 3768 ταῖς
1851 3706 2007 3777 χερσὶ

430 3802 554 3863 ταῖς
589 3799 741 3862 ἰδίαις
769 3797 1180 3870 τιθηνουμένης.
1225 3797 1538 3868 ’Υπερῦᾶσα
1567 3795 1624 3850 δὲ
1655 3795 1752 3868 τὴν
1779 3797 1885 3852 τῶν
1910 3815 2006 3869 νη-

433 3891 577 3944 πίων
605 3891 850 3961 ἡλικίαν,
897 3891 1141 3962 εὐμαθὴς
1183 3885 1251 3961 ἦν
1297 3889 1406 3943 τῶν
1440 3888 1704 3943 παιδικῶν
1752 3888 2006 3960 μαθημά-

433 4000 544 4036 των
568 3998 582 4013 ⁶
611 3983 858 4055 καὶπρὸς
887 3984 1022 4054 ὅπερ
1049 3983 1116 4036 ἂν
1140 3985 1174 4052 ἡ
1199 3982 1308 4035 τῶν
1334 3982 1534 4050 γονέων
1560 3982 1738 4054 κρίσις
1762 3977 1863 4052 ἦγε
1899 3981 2004 4052 μά-

432 4076 586 4146 θημα
606 4117 621 4141 ,
671 4076 790 4129 κατ’
820 4077 994 4129 έκεῖνο
1024 4077 1057 4145 ἡ
1087 4075 1245 4144 φύσις
1271 4075 1370 4144 τῆς
1401 4075 1524 4138 νέας
1555 4075 1868 4144 διέλαμπεν.
1897 4070 2006 4128 Ἦν

432 4166 493 4219 δὲ
527 4170 590 4237 τῇ
637 4168 804 4237 μητρὶ
850 4165 1074 4237 σπουδὴ,
1107 4165 1392 4218 παιδεῦσαι
1418 4165 1516 4235 μὲν
1543 4166 1640 4236 τὴν
1673 4165 1836 4218 παῖδα
1863 4181 1877 4195 ⁶
1930 4164 2005 4236 μὴ

436 4261 538 4329 μέν
557 4276 638 4313 τοι
666 4261 763 4330 τὴν
788 4258 984 4326 ἔξωθεν
1024 4258 1225 4326 ταύτην
1255 4258 1347 4310 καὶ
1377 4257 1660 4325 ἐγκύκλιον
1692 4257 2003 4322 παίδευσιν,

433 4350 525 4420 ἢν,
558 4351 632 4414 ὠς
661 4352 727 4404 τὰ
758 4350 949 4410 πολλὰ,
979 4349 1066 4402 διὰ
1092 4349 1200 4402 τῶν
1233 4348 1547 4419 ποιημάτων
1571 4351 1628 4402 αί
1655 4348 1866 4419 πρῶται
1899 4347 2005 4402 τῶν

2109 3259 2257 3311 mine
2295 3255 2619 3325 appellanda
2654 3265 2822 3319 esset,
2859 3255 3145 3318 indicaret,
3183 3269 3347 3324 quam
3383 3263 3444 3309 ut
3482 3254 3676 3308 simili-

2107 3347 2298 3401 tudine
2341 3345 2586 3402 nominis
2630 3343 2773 3402 idem
2805 3343 3120 3401 ostenderet
3170 3343 3390 3401 vivendi
3428 3342 3674 3400 studium

2105 3442 2160 3490 et
2181 3435 2515 3489 institutum.

2178 3607 2458 3663 Educatur
2484 3624 2615 3680 ergo
2644 3609 2886 3680 puellula
2919 3615 2972 3664 et
3006 3624 3318 3680 quanquam
3350 3610 3568 3681 propria
3594 3611 3672 3667 illi

2105 3702 2292 3754 nutrix
2327 3702 2538 3765 aderat,
2567 3708 2751 3756 tamen
2786 3701 2841 3755 in
2874 3701 3130 3756 manibus
3165 3701 3278 3757 fere
3312 3705 3505 3760 matris
3538 3720 3674 3761 enu-

2102 3789 2537 3845 triebatur.Cum
2561 3798 2742 3846 autem
2761 3790 3005 3846 infantia:
3025 3799 3237 3848 aetatem
3260 3805 3407 3849 esset
3427 3783 3670 3866 egressa,

2103 3879 2337 3934 docilem
2369 3879 2662 3935 admodum
2696 3888 2947 3935 naturam
2988 3881 3045 3936 in
3077 3881 3459 3952 perdiscendis
3491 3885 3674 3954 pueri-

2103 3971 2252 4027 libus
2281 3971 2391 4026 illis
2424 3971 2691 4028 institutis
2716 3987 2826 4043 prae
2859 3988 2918 4029 se
2950 3973 3111 4040 tulit;
3145 3974 3412 4044 quidquid
3445 3975 3590 4030 enim
3622 3975 3673 4031 ei

2106 4063 2427 4120 discendum
2465 4074 2720 4134 parentes
2750 4065 3104 4129 indicabant,
3148 4064 3205 4119 in
3247 4079 3314 4119 eo
3354 4065 3548 4133 puella:
3585 4065 3672 4118 iu-

2106 4157 2324 4228 genium
2354 4157 2677 4212 excellebat.
2727 4156 2993 4212 Studebat
3035 4164 3216 4210 autem
3255 4164 3432 4208 mater
3461 4164 3522 4208 ut
3565 4154 3675 4209 filia

2106 4249 2456 4315 erudiretur,
2505 4249 2600 4303 sed
2651 4263 2758 4302 non
2803 4247 2909 4302 ista
2944 4256 3128 4302 tamen
3167 4254 3396 4301 externa
3429 4245 3677 4314 discipli-

2106 4355 2302 4396 narum
2329 4340 2509 4404 serie,
2540 4353 2647 4409 qua
2680 4339 3000 4409 plerumque
3024 4351 3089 4391 ex
3122 4345 3408 4406 poetarum
3441 4335 3676 4390 lectione

435 4443 840 4511 παιδευομένων
859 4441 1064 4512 ἡλικίαι
1085 4441 1445 4495 διδάσκονται.
1465 4441 1698 4511 Αίσχρὸν
1719 4441 1827 4511 γὰρ
1845 4439 2000 4510 ᾤετο,

2111 4433 2298 4504 prima:
2322 4432 2654 4488 discentium
2677 4437 2870 4484 aetates
2887 4428 3209 4482 imbuuntur
3231 4444 3244 4480 :
3270 4435 3428 4496 turpe
3449 4426 3594 4481 enim
3623 4434 3678 4480 et

433 4534 532 4587 καὶ
565 4534 909 4588 παντάπασιν
947 4533 1211 4603 ἀπρεπὲς,
1247 4532 1281 4602 ἢ
1315 4531 1382 4584 τὰ
1417 4531 1654 4602 τραγικά
1681 4531 1861 4603 πάθη,
1905 4531 2003 4584 ὅσα

433 4629 499 4679 ὲκ
523 4627 796 4695 γυναικῶν
818 4625 916 4688 τὰς
943 4625 1116 4696 ἀρχὰς
1153 4624 1248 4678 καὶ
1273 4623 1372 4686 τὰς
1404 4623 1687 4686 ὑποθέσεις
1708 4625 1820 4686 τοῖς
1847 4640 2002 4694 ποιη-

431 4721 551 4780 ταῖς
580 4718 785 4770 ἕδωκαν
805 4758 822 4782 ,
857 4717 891 4786 ἢ
931 4715 1029 4779 τὰς
1077 4713 1403 4785 κωμῳδικὰς
1428 4713 1832 4784 ἀσχημοσύνας,
1861 4715 2002 4767 ἀπα-

431 4812 529 4882 λὴν
577 4811 670 4864 καὶ
702 4808 1002 4862 εὔπλαστον
1042 4808 1201 4876 φύσιν
1242 4806 1603 4870 διδάσκεσθαι,
1641 4804 2003 4875 καταμολυνο-

435 4905 606 4974 μένην
633 4902 832 4974 τρόπον
855 4899 975 4953 τινὰ
1003 4901 1113 4962 τοῖς
1144 4897 1523 4968 ἀσεμνοτέροις
1544 4901 1672 4968 περὶ
1695 4896 1800 4949 τῶν
1823 4912 2004 4963 γυναι-

430 4994 596 5047 κείων
625 4990 1129 5063 διηγήμασιν.⁹Δλλ’
1157 4990 1256 5042 ὅσα
1306 4990 1405 5058 τῆς
1453 4987 1806 5042 θεοπνεύστου
1858 4988 1999 5057 Γρα-

429 5088 537 5157 φῆς
570 5086 917 5157 άληπτότερα
949 5086 1069 5148 ταῖς
1090 5082 1331 5156 πρώταις
1358 5081 1597 5154 ἡλικίαις
1630 5081 1795 5142 δοκεῖ,
1826 5079 1999 5134 ταῦτα

427 5176 498 5251 ἦν
527 5183 592 5251 τῇ
625 5179 776 5232 παιδὶ
806 5179 874 5233 τὰ
908 5178 1224 5249 μαθήματα.
1259 5176 1354 5230 καὶ
1385 5175 1619 5246 μάλιστα
1655 5176 1686 5242 ή
1722 5172 1816 5226 τοῦ
1844 5172 2001 5226 Σολο-

431 5273 643 5342 μῶντος
677 5272 845 5340 Σοφία
868 5288 883 5304 ο
916 5271 1010 5324 καὶ
1033 5270 1233 5341 ταύτης
1262 5269 1445 5330 πλέον,
1479 5269 1578 5321 ὅσα
1607 5267 1741 5337 πρὸς
1769 5265 1858 5318 τὸν
1881 5264 2000 5335 ἠθι-

428 5361 524 5414 κὸν
553 5361 707 5432 ἡμῶν
741 5360 902 5430 ἔφερε
930 5359 1062 5429 βίον.
1106 5358 1262 5410 Ἀλλά
1295 5357 1509 5425 καὶτῆς
1532 5353 1998 5426 ψαλμῳδουμένης

427 5451 652 5522 Γραφῆς
681 5451 790 5506 οὐδ’
824 5450 1000 5504 ὁτιοῦν
1039 5449 1220 5519 ἠγνόει
1246 5464 1261 5479 ο
1310 5449 1520 5517 καιροῖς
1573 5445 1721 5508 ἰδίοις
1773 5444 1998 5497 ἕκαστον

431 5540 598 5612 μέρος
623 5543 719 5612 τῆς
741 5538 1058 5610 ψαλμῳδίας
1087 5536 1355 5605 διεξιοῦσα
1379 5552 1392 5566 ·
1428 5535 1528 5605 τῆς
1548 5551 1607 5587 τε
1637 5535 1821 5607 κοίτης
1837 5535 1999 5589 διανι-

427 5630 691 5702 σταμένη,
725 5631 820 5684 καὶ
862 5630 968 5682 τῶν
1011 5627 1310 5682 σπουδαίων
1344 5625 1622 5696 ἁπτομένη
1655 5642 1711 5678 τε
1746 5625 1841 5678 καὶ
1870 5627 2000 5678 ἀνα-
2061 5690 2074 5698 _

429 5722 731 5792 παυομένη,
764 5723 856 5777 καὶ
888 5719 1212 5789 προσιεμένη
1242 5717 1446 5790 τροφὴν
1471 5756 1486 5779 .
1521 5717 1614 5771 κα)⁸
1645 5716 1996 5788 ἀναχωροῦσα

2110 4526 2428 4582 indecorum
2462 4539 2690 4596 prorsus
2727 4520 3100 4586 existimabat,
3132 4519 3219 4573 vel
3253 4519 3481 4590 tragicis
3522 4517 3678 4573 femi-

2109 4627 2304 4669 narum
2337 4611 2842 4684 perturbationibus
2867 4650 2882 4674 ,
2914 4609 3060 4665 unde
3093 4608 3369 4665 scribendi
3403 4607 3674 4678 principia

2107 4713 2160 4762 et
2197 4714 2518 4776 argumenta
2549 4712 2722 4774 poetae
2747 4709 3135 4773 sumpserunt,
3165 4699 3248 4754 vel
3282 4697 3674 4754 comcediarum

2109 4798 2469 4862 fmditatibus,
2512 4799 2594 4851 vel
2620 4795 2890 4866 pudendis
2919 4809 3133 4855 eorum,
3163 4793 3255 4863 qui
3289 4799 3369 4845 tot
3400 4803 3676 4846 aerumnas

2109 4886 2176 4940 ad
2211 4885 2364 4942 Ilium
2385 4887 2757 4956 pertulerant,
2786 4884 2943 4938 factis
2963 4891 3211 4938 tenerum
3229 4889 3283 4935 et
3307 4881 3444 4936 bene
3471 4879 3676 4934 forma-

2108 4985 2222 5030 tum
2259 4977 2500 5029 animum
2537 4973 2720 5035 infici,
2755 4981 2810 5028 et
2840 4973 3020 5028 minus
3049 4973 3310 5042 gravibus
3347 4971 3414 5026 de
3457 4971 3676 5025 feminis

2107 5067 2520 5123 narrationibus
2559 5064 2964 5135 quodammodo
3014 5062 3383 5132 coinquinari.
3439 5059 3678 5114 Proinde

2106 5173 2230 5230 qua
2255 5173 2322 5212 ex
2353 5157 2540 5213 divino
2573 5156 2779 5228 Spiritu
2815 5157 3020 5210 dictata
3053 5153 3338 5225 Scriptura
3371 5154 3561 5225 prima:
3599 5152 3676 5205 illi

2104 5251 2338 5308 aetatula:
2367 5251 2617 5304 faciliora
2650 5250 2974 5321 aptioraque
3021 5247 3373 5310 videbantur,
3411 5243 3675 5298 discenda

2105 5343 2478 5414 proponebat,
2513 5356 2637 5397 cum
2683 5342 2875 5413 primis
2917 5347 3098 5394 autem
3150 5337 3486 5407 Sapientiam
3523 5334 3678 5388 Salo-

2106 5433 2308 5498 monis,
2344 5433 2512 5503 idque
2545 5448 2609 5488 ex
2639 5447 2702 5487 ea
2744 5432 3113 5501 potissimum,
3148 5427 3295 5499 quod
3334 5427 3400 5481 ad
3427 5426 3592 5479 vitam
3620 5433 3675 5480 et

2104 5541 2287 5582 mores
2316 5525 2554 5581 maxime
2581 5525 2940 5579 conducebat.
2974 5521 3104 5576 Erat
3130 5522 3293 5576 etiam
3331 5519 3674 5575 Psalmorum

2103 5620 2528 5690 haudquaquam
2582 5618 2770 5688 ignara
2825 5617 3255 5688 praelinitamque
3305 5629 3494 5668 eorum
3549 5626 3675 5681 par-

2105 5723 2211 5770 tem
2239 5713 2458 5768 statutis
2486 5711 2825 5783 temporibus
2850 5707 3226 5780 percurrcbat.
3251 5703 3382 5760 Nam
3409 5704 3525 5761 sive
3546 5717 3671 5759 sur-
