4002 6206
414 281 518 337 96⁸5

1619 282 1677 338 S.
1717 279 2048 337 GBEGORII
2085 274 2376 338 NYSSENI

3571 276 3671 332 θοι

417 409 569 474 geret
607 415 638 455 e
679 401 910 463 lectulo,
958 401 1075 455 sive
1133 401 1200 455 ad
1251 401 1435 457 studia
1493 403 1817 466 accederet,
1883 403 1966 457 siv

2100 404 2396 476 τραπέζης.
2428 405 2524 458 καὶ
2551 404 2643 458 ἐπὶ
2670 404 2857 473 κοίτην
2885 400 3037 457 ἰοῦσα
3059 440 3074 465 ,
3126 401 3220 456 καὶ
3259 403 3341 464 εἰς
3372 399 3672 469 προσευχὰς

418 488 722 545 discederet
751 492 819 545 ab
842 491 943 553 eis,
967 491 1082 546 sive
1106 491 1292 546 cibum
1318 501 1583 556 sumeret,
1617 494 1735 548 sive
1759 511 1788 547 a
1813 508 2000 549 mensa

419 581 733 644 recederet,
763 580 879 636 sive
916 582 1164 635 cubitum
1197 597 1257 637 se
1285 582 1597 650 conferret,
1630 583 1748 639 sive
1780 584 1846 638 ad
1880 601 2002 654 pre-

418 671 652 726 candum
685 683 1025 742 exsurgeret,
1058 689 1274 744 semper
1298 684 1356 728 ut
1384 675 1615 738 bonam,
1640 691 1810 745 seque
1840 678 1992 733 nullo

2100 498 2504 568 διανισταμένη,
2550 495 2826 565 πανταχοῦ
2873 496 2971 566 τὴν
3002 493 3336 565 Ψαλμῳδίαν
3367 488 3533 561 εἶχεν,
3566 485 3674 544 οἷόν

2100 605 2222 641 τινα
2252 588 2465 641 σύνοδον
2494 585 2705 656 ἀγαθὴν
2748 583 2973 655 μηδενὸς
3008 582 3526 652 ἁπολιμπανομένην
3553 581 3675 651 χρόα

2097 697 2212 732 νου.

419 770 659 832 tempore
689 763 1029 819 deserentem
1062 767 1341 830 comitem,
1368 764 1710 820 Psalmorum
1751 768 1988 825 habebat
2025 772 2379 826 cantilenam.

374 901 390 916 ,
487 853 625 909 Dum
680 856 766 911 his
812 863 866 910 et
912 856 1190 912 similibus
1236 859 1508 913 institutis
1546 857 1838 922 educatur,
1881 876 1995 913 ma.

417 962 657 1017 numque
706 949 990 1004 tractanda
1050 951 1177 1004 lana
1232 951 1570 1006 excellenter
1627 961 1879 1015 exercet,
1928 953 1996 1007 ad

415 1039 800 1093 duodecimum
832 1042 1008 1093 aetatis
1043 1057 1245 1095 annum
1295 1044 1566 1111 pervenit.
1606 1045 1727 1109 Quo
1768 1045 1993 1112 quidem

414 1122 929 1200 tempore’juventze
968 1132 1066 1189 llos
1103 1134 1335 1189 mirifice
1381 1136 1668 1205 splendere
1704 1138 1870 1205 coepit
1892 1179 1908 1202 ,
1941 1146 1995 1190 et

412 1225 557 1291 quod
608 1226 968 1281 admiratione
1005 1227 1229 1295 dignum
1267 1236 1384 1293 est,
1421 1228 1675 1297 quamvis
1716 1229 1995 1282 velaretur

409 1313 603 1381 puclla:
644 1315 1017 1380 pulehritudo,
1052 1318 1220 1372 latere
1256 1326 1438 1372 tamen
1487 1333 1596 1372 non
1640 1321 1839 1389 potuit.
1882 1318 1991 1375 Nec

406 1406 465 1457 in
525 1407 698 1474 patria
748 1407 1048 1478 quidquam
1099 1425 1254 1478 mque
1300 1409 1625 1465 admirabile
1673 1411 1991 1473 videbatur,

407 1502 576 1564 atque
611 1494 785 1549 forma
817 1506 870 1551 et
899 1507 1158 1553 venustas
1184 1500 1354 1561 illius,
1384 1506 1444 1553 ut
1473 1515 1540 1554 ne
1565 1501 1840 1570 pictorum
1870 1500 1994 1570 qui-

406 1584 527 1639 dem
575 1601 770 1641 manus
811 1589 932 1656 ejus
976 1589 1233 1644 decorem
1276 1600 1728 1660 assequerentur,
1773 1599 1829 1645 et
1868 1606 1990 1660 quae

2169 862 2391 925 Τούτοις
2423 860 2859 933 συναυξανομένη
2877 861 3100 923 καὶτοῖς
3124 857 3377 921 τοιούτοις
3397 857 3676 927 ἐπιτηδεύ-

2102 971 2233 1024 μασι
2257 993 2272 1016 ,
2322 954 2414 1008 καὶ
2457 952 2554 1023 τὴν
2586 955 2747 1023 χεῖρα
2782 953 2919 1024 πρὸς
2949 952 3047 1023 τὴν
3078 950 3366 1023 ὲρουργίαν
3390 950 3664 1020 διαφερόν-

2094 1059 2202 1105 τως
2229 1043 2537 1113 ἀσκήσασα,
2588 1044 2834 1112 πρόεισιν
2861 1043 2939 1104 εἰς
2984 1040 3285 1094 δωδέκατον
3329 1039 3442 1100 ἔτος
3470 1055 3482 1067 ·
3531 1040 3589 1090 ἐν

2100 1133 2333 1203 μάλιστα
2362 1133 2423 1185 τὸ
2450 1133 2547 1201 τῆς
2593 1133 2843 1202 νεότητος
2886 1132 3046 1194 ἄνθος
3075 1132 3380 1201 ἐκλάμπειν
3424 1132 3671 1202 ἄρχεται.

2100 1222 2270 1275 Ἔνθα
2297 1222 2362 1293 δὴ
2391 1224 2483 1276 καὶ
2514 1223 2812 1294 θαυμάζειν
2836 1223 3006 1287 ἄξιον,
3036 1224 3184 1287 ὅπως
3208 1222 3330 1275 οὐδὲ
3361 1222 3675 1293 κεκρυμμέ-

2094 1332 2183 1368 νον
2213 1316 2275 1368 τὸ
2301 1315 2493 1378 κάλλος
2521 1315 2622 1385 τῆς
2657 1315 2782 1377 νέας
2823 1315 3129 1369 ἐλάνθανεν.
3159 1314 3296 1368 esse
3322 1331 3377 1366 τι
3407 1314 3548 1367 κατὰ
3574 1314 3672 1384 τὴν

2094 1407 2329 1477 πατρίδα
2372 1408 2551 1459 πᾶσαν
2596 1406 2810 1472 ἐκείνην
2851 1406 3090 1460 τοιοῦτον
3118 1405 3304 1475 θαῦμα
3336 1405 3527 1469 ἐδόκει,
3560 1401 3673 1459 οἷον

2094 1501 2152 1551 ἐν
2183 1498 2469 1568 συγκρίσει
2495 1497 2590 1550 τοῦ
2622 1498 2852 1561 κάλλους
2880 1498 3089 1550 ἐκείνου
3119 1498 3213 1550 καὶ
3246 1497 3349 1566 τῆς
3369 1497 3672 1568 εὐμορφίας

2092 1585 2231 1642 εἶναι
2254 1605 2269 1619 ·
2318 1590 2395 1652 ὡς
2422 1590 2557 1659 μηδὲ
2586 1588 2890 1659 ζωγράφων
2915 1590 3104 1658 χεῖρας
3131 1586 3417 1657 ἐφικέσθαι
3440 1587 3673 1657 δυνηθῆο

404 1691 495 1731 ars
535 1677 671 1731 nihil
706 1695 814 1733 non
847 1682 1194 1736 machinatur
1222 1692 1278 1737 et
1307 1682 1533 1752 effingit,
1565 1683 1808 1737 maxima
1840 1698 1970 1753 quae:

2091 1698 2178 1734 ναι
2203 1682 2302 1750 τῆς
2323 1681 2472 1753 ὧρας
2502 1697 2514 1710 ⁸
2547 1681 2681 1734 ἀλλὰ
2702 1681 2801 1749 τὴν
2822 1679 2997 1733 πάντα
3028 1679 3426 1749 μηχανωμένην
3451 1680 3667 1749 τέχνην,

402 1783 509 1837 que
550 1770 758 1826 audens
800 1780 854 1827 et
897 1772 1147 1843 ipsorum
1176 1775 1343 1829 etiam
1394 1775 1660 1845 imagines
1700 1775 1991 1831 elemento.

402 1875 522 1914 rum
554 1862 855 1917 imitatione
882 1866 1221 1933 exprimens,
1254 1881 1319 1919 ea
1348 1866 1498 1919 illius
1532 1866 1726 1920 format
1758 1866 1987 1920 felicita-

400 1961 509 2005 tem
542 1953 746 2006 imitari
781 1970 890 2009 non
923 1964 1129 2023 posset.
1154 1956 1523 2020 Quamobrem
1550 1971 1808 2025 magnum
1831 1957 1990 2024 juve-

398 2056 528 2093 nmn
582 2043 807 2111 nuptias
855 2044 977 2111 ejus
1031 2045 1393 2099 ambientium
1453 2061 1685 2100 examen
1732 2055 1987 2115 parentes

396 2131 811 2186 circumstabat.
842 2132 1006 2188 Pater
1030 2143 1236 2197 autem,
1279 2136 1372 2205 qui
1412 2150 1714 2205 sanequam
1741 2136 1985 2201 prudens

394 2228 449 2273 et
490 2222 543 2274 in
594 2222 759 2278 rebus
810 2224 1057 2281 honestis
1111 2226 1484 2294 dijudicandis
1529 2238 1788 2297 expertus
1834 2236 1981 2292 erat,

392 2312 684 2380 quemdam
736 2323 848 2367 tum
904 2331 1136 2385 genere,
1192 2316 1337 2372 tum‘
1381 2319 1634 2374 moribus
1688 2320 1981 2373 honestum

392 2404 794 2475 probatumque.
821 2409 1231 2463 adolescentem
1271 2410 1495 2480 reliquis
1532 2412 1794 2479 praetulit,
1820 2413 1982 2481 eique

393 2496 441 2550 si
470 2497 535 2550 ad
567 2505 783 2553 mtatem
814 2502 1182 2569 pervenisset,
1215 2502 1379 2555 filiam
1408 2503 1726 2573 despondit.
1755 2504 1976 2559 Interim

390 2586 481 2641 ille
516 2603 764 2658 magnam
797 2590 865 2644 de
898 2605 957 2645 se
986 2594 1451 2662 exspectationem
1482 2596 1783 2657 concitare,
1809 2597 1860 2649 in
1889 2595 1979 2664 ju-

389 2678 661 2748 diciisque
715 2697 840 2735 reos
898 2681 1244 2738 defendendo
1297 2686 1571 2755 egregiam
1622 2686 1840 2742 dicendi
1895 2685 1977 2739 fa—

389 2770 651 2824 cultatem
695 2786 805 2840 pne
839 2787 900 2826 se
937 2773 1101 2837 ferre,
1134 2782 1297 2844 atque
1332 2776 1405 2827 ita
1447 2777 1587 2845 patri
1629 2778 1822 2845 puella:
1857 2786 1977 2832 tan-

385 2875 549 2929 quam
572 2871 785 2930 gralum
814 2862 946 2917 dare
964 2866 1303 2933 sponsalinm
1328 2882 1552 2920 munus.
1585 2867 1760 2933 Quam
1792 2880 1971 2925 tamen

385 2952 703 3020 przeclaram
768 2968 920 3022 spem
970 2957 1263 3026 interrupit
1317 2957 1524 3011 invidia
1565 2974 1688 3012 eum
1740 2959 1866 3015 vita:
1914 2963 1967 3016 in

386 3043 503 3105 ipsa
545 3043 854 3098 miseranda
900 3046 1212 3115 subripiens
1253 3049 1644 3105 adolescentia.

2092 1774 2321 1836 καὶτοῖς
2353 1773 2627 1843 μεγίστοις
2665 1770 3061 1840 ἐπιτολμῶσαν,
3102 1770 3177 1833 ὡς
3224 1769 3319 1822 καὶ¹
3350 1769 3527 1823 αὐτῶν
3558 1770 3668 1822 τῶν

2091 1864 2370 1933 στοιχείων
2414 1863 2514 1926 τὰς
2542 1863 2756 1925 εἰκόνας
2797 1862 2885 1914 διὰ
2921 1862 3018 1930 τῆς
3054 1861 3334 1930 μιμήσεως
3367 1858 3670 1913 ἀνατυποῦ-

2089 1954 2236 2015 σθαι.
2268 1954 2366 2024 τὴν
2394 1957 2494 2025 τῆς
2529 1953 2740 2023 μορφῆς
2782 1951 2996 2020 ἐκείνης
3024 1951 3315 2021 εύκληρίαν
3346 1950 3422 2019 μὴ
3452 1948 3665 2019 ἰσχῦσαι

2085 2048 2151 2100 δι’
2179 2046 2460 2116 ἀκριϐείας
2491 2044 2851 2117 μιμήσασθαι.
2883 2042 3083 2097 Τούτου
3112 2044 3269 2113 χάριν
3302 2042 3467 2105 πολὺς
3498 2041 3663 2111 ἐσμὸς

2084 2138 2192 2191 τῶν
2243 2137 2646 2207 μνηστευόντων
2694 2134 2784 2189 τὸν
2835 2135 3011 2203 γάμον
3057 2135 3227 2203 αὐτῆς
3280 2137 3395 2196 τοῖς
3447 2134 3659 2201 γονεῦσι

2085 2231 2406 2299 περιεχεῖτο.
2453 2228 2512 2279 '0
2558 2227 2615 2279 δὲ
2660 2225 2839 2297 πατὴρ
2891 2221 2979 2297 (ἦν
3024 2224 3133 2293 γάρ
3165 2224 3231 2295 δὴ
3282 2224 3513 2293 σώφρων
3564 2224 3660 2278 καὶ

2085 2321 2293 2391 κρίνειν
2332 2319 2393 2371 τὸ
2423 2317 2587 2371 καλὸν
2634 2315 3063 2387 έπεσκεμμένυς)
3099 2315 3377 2386 εύδόκιμόν
3407 2334 3527 2369 τινα
3550 2316 3660 2369 τῶν

2082 2412 2146 2463 ἐκ
2174 2411 2364 2479 γένους
2390 2408 2669 2479 γνώριμον
2714 2409 2806 2462 ἐπὶ
2839 2407 3185 2479 σωφροσύνῃ,
3230 2409 3355 2479 ἄρτι
3390 2408 3497 2461 τῶν
3529 2426 3658 2462 παι-

2079 2501 2379 2571 δευτηρίων
2409 2500 2770 2569 ἐπανήκοντα,
2799 2497 2908 2550 τῶν
2937 2498 3137 2551 λοιπῶν
3171 2498 3489 2568 ἀποκρίνας,
3518 2498 3659 2551 ἐκεί-

2078 2610 2155 2661 νῳ
2187 2589 2593 2659 κατεγγυᾶσθαι
2619 2589 2848 2664 ἐγνώκει
2874 2590 2971 2659 τὴν
3001 2589 3165 2642 παῖδα
3191 2629 3205 2653 ,
3247 2590 3405 2659 εἴπερ
3434 2592 3510 2653 εἰς
3534 2590 3655 2660 ἠλι-

2078 2687 2203 2739 κίαν
2253 2684 2417 2737 ἔλθοι.
2477 2685 2565 2737 Ἐν
2612 2683 2787 2754 τούτῳ
2826 2683 2882 2735 δὲ
2927 2687 2957 2736 ὁ
2991 2684 3087 2753 μὲν
3120 2684 3179 2735 ἐν
3207 2682 3417 2735 ἐλπίσιν
3442 2679 3510 2754 ἦν
3541 2686 3657 2747 ταῖς

2076 2775 2507 2846 χρηστοτέραις·
2559 2774 2654 2825 καὶ
2701 2772 2952 2843 καθάπερ
2993 2789 3044 2824 τι
3090 2772 3200 2826 τῶν
3248 2773 3658 2843 κεχαρισμένων

2076 2870 2263 2930 ἕδνων,
2309 2866 2409 2936 τὴν
2435 2865 2524 2918 διὰ
2553 2864 2662 2917 τῶν
2705 2864 2878 2931 λόγων
2907 2863 3256 2933 εὐδοκίμησιν
3291 2868 3536 2934 προσῆγε
3579 2864 3659 2933 τῷ

2074 2959 2243 3030 πατρὶ
2263 2959 2359 3028 τῆς
2386 2957 2533 3021 νέας,
2554 2957 2612 3009 ἐν
2640 2957 2751 3018 τοῖς
2782 2955 2921 3025 ὑπὲρ
2954 2954 3064 3008 τῶν
3084 2955 3455 3026 ἀδικουμένων
3484 2956 3655 3024 ἀγῶσι

1997 3016 2038 3072 C
2071 3053 2169 3123 τὴν
2190 3016 2977 3116 ’τῶν-λόγωννέπιδεικνύμενος
3005 3044 3257 3117 δύναμιν.
3276 3016 3352 3099 "0
3377 3047 3435 3099 δὲ
3464 3016 3653 3116 φθόνος

383 3135 668 3188 ἐπικόπτει
689 3136 788 3199 τάς
819 3138 1191 3209 χρηστοτέρας
1209 3139 1447 3205 ἐλπίδας.
1465 3143 1785 3213 ἀναρπάσας
1810 3144 1974 3198 αὐτὸν
1999 3149 2063 3200 ἐκ
2089 3144 2188 3212 τῆς
2215 3140 2362 3209 ζωῆς
2386 3141 2444 3192 ὲν
2463 3139 2669 3207 ὲλεεινῇ
2697 3139 2765 3208 τῇ
2788 3136 3021 3206 νεότητι.

452 3229 583 3293 Quae
612 3236 794 3283 autem
836 3244 866 3283 a
897 3240 1052 3301 patre
1084 3241 1291 3287 statuta
1337 3236 1605 3298 fuissent,
1638 3240 1816 3308 puella
1858 3255 1966 3294 non

380 3320 668 3389 ignorabat
705 3339 718 3376 :
763 3337 888 3376 nam
924 3323 1296 3381 adulescentis
1331 3328 1481 3383 obitu
1529 3330 1786 3400 cognovit
1835 3347 1969 3386 con-

380 3411 564 3465 silium
612 3414 836 3482 patris:
887 3415 1073 3484 itaque
1102 3416 1372 3485 judicium
1424 3420 1576 3475 illius
1628 3422 1965 3476 connubium

378 3518 606 3566 vocans,
638 3513 897 3575 tanquam
928 3507 984 3560 id
1010 3507 1156 3577 quod
1186 3518 1342 3579 pater
1370 3510 1693 3568 decreverat
1713 3513 1965 3568 effectum

378 3604 560 3658 esset,
599 3597 653 3650 in
688 3598 962 3667 reliquum
1002 3603 1125 3654 vita:
1173 3609 1391 3671 tempus
1441 3604 1585 3673 apud
1633 3620 1692 3660 se
1741 3621 1964 3662 manere

378 3685 686 3750 constituit,
728 3688 785 3741 in
828 3691 1217 3761 sententiaque
1265 3695 1567 3764 permansit
1616 3698 1962 3751 constantius

375 3791 540 3846 quam
582 3779 650 3833 ab
685 3780 776 3833 illa
811 3790 974 3836 :etate
1004 3786 1405 3854 postulabatur.
1445 3786 1660 3842 Etenim
1696 3804 1818 3843 Cum
1855 3806 1959 3845 sae-

375 3882 675 3935 penumero
703 3878 992 3939 parentum
1029 3875 1097 3929 ad
1128 3891 1247 3929 eam
1274 3876 1623 3932 deferrentur
1652 3894 1957 3941 sermones,

375 3964 662 4026 prOpterea
718 3960 863 4028 quod
906 3963 1063 4015 multi
1102 3972 1283 4029 erant,
1324 3966 1418 4035 qui
1465 3965 1608 4021 fama
1653 3969 1959 4038 pulchritu-

375 4046 522 4102 dinis
564 4048 685 4118 ejus
719 4049 939 4104 adducti
977 4051 1124 4106 illam
1168 4056 1273 4110 sibi
1305 4069 1571 4126 cuperent
1604 4075 1832 4114 uxorem
1862 4061 1961 4114 ad-

370 4137 631 4209 jungere,
666 4142 964 4197 absurdum
1005 4156 1058 4200 et
1095 4147 1345 4216 iniquum
1386 4165 1510 4204 esse
1556 4151 1809 4216 dicebat,
1858 4154 1960 4208 sibi

375 4246 487 4286 non
538 4235 781 4304 permitti
820 4246 882 4290 ut
922 4238 1056 4293 illud
1093 4242 1410 4312 conjugium
1443 4245 1686 4309 coleret,
1724 4263 1835 4318 quo
1871 4263 1960 4303 se-

374 4324 479 4379 mel
522 4340 550 4379 a
603 4334 760 4396 patre
805 4329 1061 4386 devincta
1099 4342 1279 4400 esset,
1318 4334 1413 4388 sed
1458 4336 1524 4390 ad
1560 4338 1793 4394 alterum
1840 4342 1959 4412 cogi

2136 3235 2255 3291 Οὐκ
2288 3235 2473 3306 ἠγνόει
2520 3232 2579 3286 δὲ
2618 3231 2687 3285 τὰ
2731 3230 2810 3301 τῷ
2857 3231 3026 3301 πατρὶ
3071 3229 3369 3300 δεδογμένα
3414 3232 3447 3299 ἠ
3493 3229 3646 3302 κόρη.

2077 3327 2218 3382 Ἀλλ’
2239 3325 2423 3395 ἐπειδὴ
2444 3323 2523 3394 τῷ
2547 3323 2762 3392 θανάτῳ
2780 3321 2875 3376 τοῦ
2895 3320 3107 3375 νεανίου
3135 3321 3197 3374 τὸ
3221 3322 3546 3392 κεκριμένον
3564 3321 3649 3375 ἐπ’

2064 3420 2201 3489 αὐτῇ
2217 3417 2462 3484 διεκόπη·
2484 3415 2659 3483 γάμον
2676 3412 2989 3481 ὀνομάσασα
3004 3411 3100 3483 τὴν
3116 3411 3208 3465 τοῦ
3228 3413 3433 3483 πατρὸς
3450 3415 3648 3482 κρίσιν,
3736 3418 3741 3420 ⁷

2068 3512 2144 3573 ὡς
2176 3509 2545 3580 γεγενημένου
2578 3506 2673 3560 τοῦ
2711 3507 3038 3578 κεκριμένου
3060 3544 3076 3570 ,
3127 3505 3309 3577 μένειν
3341 3509 3427 3575 ἐφ’
3455 3509 3651 3578 ἑαυτῆς

2065 3604 2127 3655 τὸ
2176 3601 2363 3655 λοιπὸν
2391 3599 2567 3670 ἠξίου.
2615 3599 2725 3653 Καὶ
2764 3594 2831 3671 ἦν
2869 3601 2902 3670 ἡ
2934 3598 3114 3669 κρίσις
3143 3598 3246 3668 τῆς
3289 3600 3507 3670 ἡλικίας
3551 3618 3653 3653 πα-

2067 3694 2327 3764 γιωτέρα.
2380 3692 2647 3756 Πολλάκις
2679 3690 2788 3762 γὰρ
2829 3692 2965 3762 αὐτῇ
3002 3692 3131 3754 τοὺς
3157 3692 3285 3763 περὶ
3316 3692 3424 3745 τῶν
3456 3693 3650 3763 γάμων

2068 3784 2526 3858 προσαγαγόντων
2568 3784 2757 3851 λόγους
2798 3782 2908 3836 τῶν
2953 3783 3405 3852 γεννησαμένων,
3444 3783 3537 3835 διά
3587 3784 3651 3835 τὸ

2066 3879 2291 3942 πολλοὺς
2338 3873 2478 3930 εἶναι
2510 3876 2636 3940 τοὺς
2678 3876 2820 3929 κατὰ
2852 3876 3041 3947 φήμην
3092 3874 3185 3928 τοῦ
3226 3874 3452 3935 κάλλους
3508 3892 3651 3946 μνη-

2065 3969 2277 4023 στεύειν
2323 3968 2625 4031 ἐθέλοντας,
2667 3968 2865 4021 ἄτοπον
2898 3963 3036 4021 εἶναι
3083 3966 3235 4035 ἔλεγε
3278 3967 3373 4019 καὶ
3414 3967 3652 4036 παράνο-

2064 4078 2198 4132 μον,
2255 4061 2329 4132 μὴ
2372 4060 2622 4130 στέργειν
2664 4058 2757 4112 τὸν
2804 4058 2949 4124 ἅπαξ
3000 4060 3064 4112 ἐκ
3110 4057 3205 4111 τοῦ
3251 4057 3456 4128 πατρὸς
3504 4058 3643 4127 αὐτῇ

2060 4154 2373 4226 κυρωθέντα
2401 4154 2600 4223 γάμον,
2641 4151 2777 4206 ἀλλὰ
2818 4151 2913 4204 καὶ
2959 4150 3096 4221 πρὸς
3127 4150 3311 4218 ἕτερον
3338 4149 3644 4216 ἀναγκάζε-

2060 4244 2183 4297 σθαι
2203 4244 2437 4314 ’βλέπειν
2463 4260 2477 4273 ’
2516 4243 2634 4306 ἐνὸς
2674 4242 2825 4305 ὄντος
2851 4243 2908 4293 ἐν
2931 4245 2997 4312 τῇ
3035 4240 3193 4311 φύσει
3221 4240 3311 4294 τοῦ
3337 4241 3533 4311 γάμου,
3563 4240 3644 4302 ὡς

2063 4335 2161 4404 μία
2191 4334 2424 4401 γένεσις,
2448 4333 2543 4385 καὶ
2567 4332 2793 4406 θάνατος
2827 4328 2907 4395 εἷς
2932 4349 2945 4360 ·
2997 4331 3086 4384 τὸν
3114 4331 3169 4384 δὲ
3204 4331 3645 4401 συναρμοσθέντα

371 4418 687 4488 respicere;
735 4437 859 4475 cum
904 4441 1074 4478 unum
1130 4436 1323 4480 natura
1375 4428 1444 4482 sit
1501 4431 1949 4495 matrimonium,

2073 4425 2199 4481 ιατὰ
2234 4423 2333 4496 τὴν
2361 4424 2467 4477 τῶν
2498 4424 2699 4493 γονέων
2744 4423 2926 4494 κρίσιν
2962 4422 3036 4493 μὴ
3083 4423 3333 4477 τεθνάναι
3377 4423 3647 4493 διισχυρί-

373 4507 833 4575 quemadmodum
868 4527 1010 4568 unus
1032 4522 1189 4569 ortus
1221 4525 1275 4569 et
1303 4532 1409 4569 una
1439 4532 1608 4573 mors.
1644 4518 1778 4573 Eum
1803 4536 1951 4583 vero,

369 4598 521 4653 cuia
558 4602 875 4669 parentibus
922 4601 1117 4658 fuisset
1164 4605 1462 4675 desponsa,
1501 4624 1612 4662 non
1654 4624 1776 4663 esse
1811 4625 1955 4662 mor-

370 4696 524 4743 tuum
560 4690 952 4755 contendebat,
988 4694 1082 4748 sed
1123 4710 1219 4765 spe
1253 4700 1674 4753 resurrectionis
1722 4699 1830 4752 Deo
1872 4698 1953 4751 vi-

368 4797 515 4835 vere.
554 4782 900 4854 Quapropter
924 4801 1048 4840 cum
1083 4801 1141 4841 se
1190 4804 1298 4843 non
1335 4790 1563 4854 ohiisse,
1598 4790 1693 4846 sed
1730 4806 1953 4861 peregre

369 4870 675 4939 profectum
715 4891 838 4930 esse
869 4876 1157 4945 judicare,
1196 4890 1249 4933 et
1280 4879 1437 4936 nefas
1471 4881 1585 4936 fore
1620 4882 1666 4937 si
1708 4881 1950 4953 peregri~

369 4963 521 5016 nanti
562 4979 765 5033 sponso
816 4967 975 5022 fidem
1009 4985 1119 5024 non
1158 4982 1424 5026 servaret.
1462 4973 1739 5040 Ejusmodi
1782 4974 1949 5027 ratio-

342 5053 532 5155 ’nibus
551 5056 824 5125 repellens
840 5073 959 5122 eos,
982 5061 1075 5129 qui
1100 5061 1205 5115 sibi
1230 5063 1559 5131 persuadere
1580 5065 1946 5131 conabantur,

365 5144 608 5202 decrevit
640 5147 694 5203 in
729 5163 815 5216 eo,
855 5151 1002 5220 quod
1045 5152 1146 5206 sibi
1188 5164 1574 5223 proposuerat,
1607 5166 1854 5226 perstare
1883 5173 1949 5212 ac

365 5247 432 5289 ne
469 5245 745 5291 momento
777 5238 997 5308 quidem
1030 5241 1294 5323 temporis
1329 5257 1359 5295 a
1404 5242 1576 5298 latere
1618 5244 1812 5299 matris
1842 5260 1947 5299 un.-

362 5338 529 5392 quam
558 5326 862 5384 discedere.
908 5320 1274 5395 Quamobrem
1311 5334 1360 5389 ei
1395 5349 1538 5405 smpe
1575 5320 1795 5391 dicebat
1831 5352 1947 5391 ma-

365 5422 467 5476 ter,
503 5432 563 5473 sc
606 5420 854 5491 reliquos
896 5421 1101 5477 liberos
1143 5423 1199 5478 in
1231 5433 1391 5479 utero
1422 5435 1669 5496 tempore
1707 5429 1943 5498 quodam

365 5508 635 5574 praefinito
674 5513 946 5583 gessisse,
980 5514 1126 5568 illam
1158 5531 1289 5572 vero
1325 5529 1590 5589 perpetuo
1624 5521 1678 5574 in
1725 5523 1946 5578 visceri-

364 5595 467 5653 bus
515 5601 629 5657 suis
671 5603 1078 5673 quodammodo
1123 5608 1506 5666 circumferre.
1555 5611 1707 5667 Filire
1760 5623 1945 5679 tamen

363 5689 652 5749 convictus
688 5711 788 5751 nec
820 5697 1062 5755 laborem
1108 5702 1269 5756 matri
1306 5717 1406 5757 nec
1443 5703 1703 5760 damnum
1747 5707 1941 5763 affere-

2057 4514 2211 4579 ζετο,
2258 4515 2395 4569 ἀλλά
2436 4516 2543 4581 τὸν,
2568 4514 2648 4585 τῷ
2686 4514 2804 4584 Θεῴ
2839 4514 3037 4578 ζῶντα,
3073 4513 3160 4568 διὰ
3201 4520 3300 4584 τὴν
3327 4514 3518 4566 ἐλπίδα
3546 4514 3646 4583 τῆς

2053 4606 2443 4671 ἀναστάσεως,
2491 4607 2772 4677 ἐπόδημον
2829 4607 3076 4678 κρίνειν,
3132 4606 3224 4659 καὶ
3279 4607 3341 4658 οὐ
3403 4606 3597 4677 νεκρόν
3626 4624 3640 4634 ·

2052 4698 2251 4752 ἄτοπον
2288 4698 2344 4750 δὲ
2373 4694 2512 4751 εἶναι
2544 4697 2624 4768 τῷ
2652 4698 2973 4769 ἐπιδημοῦντι
3000 4697 3213 4768 νυμφίῳ
3238 4696 3312 4768 μὴ
3343 4697 3641 4765 φυλάσσειν

2052 4789 2150 4860 τὴν
2180 4788 2380 4841 πίστιν.
2419 4789 2545 4851 Τοῖς
2573 4788 2835 4851 τοιούτοις
2880 4789 3059 4858 λόγοις
3100 4788 3466 4859 ἀπωθουμένη
3510 4789 3639 4851 τους

2052 4879 2412 4951 παραπείθειν
2440 4880 2872 4952 ἐπιχειροῦντας,
2901 4880 2958 4933 ἓν
2991 4881 3309 4951 ἐδοκίμασεν
3340 4883 3504 4951 ἑαυτῇ
3538 4881 3639 4952 τῆς

2049 4974 2258 5043 ἀγαθῆς
2287 4974 2518 5045 κρίσεως
2546 4975 2935 5044 φυλακτήριον,
2977 4974 3036 5027 τὸ
3073 4974 3339 5045 μηδέποτε
3365 4975 3464 5044 τῆς
3498 4974 3641 5039 ἰδίας

2053 5069 2277 5138 μητρὸς,
2329 5066 2463 5137 μηδὲ
2512 5067 2573 5119 ὲν
2621 5068 2821 5137 ἀκαρεί
2861 5066 2955 5120 τοῦ
2997 5067 3189 5137 χρόνου
3230 5066 3637 5137 διαζευχθῆναικ

2048 5159 2123 5222 ὡς
2154 5159 2414 5221 πολλάκις
2455 5161 2553 5230 τὴν
2590 5159 2798 5229 μητέρα
2836 5158 2971 5229 πρὸς
3014 5159 3186 5230 αὐτὴν
3225 5161 3421 5221 εἰπεῖν,
3451 5160 3536 5210 δτι
3566 5158 3637 5210 τά

2047 5249 2210 5304 λοιπά
2236 5250 2342 5303 τῶν
2372 5249 2576 5303 τέκνων
2619 5251 2938 5320 τεταγμένῳ
2972 5251 3077 5304 τινί
3104 5250 3280 5321 χρόνῳ
3322 5250 3629 5321 ἐκυοφόρη-

2049 5358 2159 5405 σεν,
2195 5342 2409 5413 ἐκείνην
2436 5342 2492 5396 δέ
2523 5344 2811 5406 διαπαντὸς
2842 5344 2995 5415 φέρει
3025 5343 3257 5396 πάντοτε
3282 5342 3482 5414 τρόπον
3507 5342 3633 5394 τινά

2044 5436 2158 5496 τοῖς
2203 5433 2528 5504 σπλάγχνοις
2576 5435 2775 5505 ἑαυτῆς
2827 5435 3176 5505 περιέχουσα.
3239 5434 3377 5505 Ἀλλ’
3423 5434 3526 5487 οὐκ
3558 5430 3628 5504 ἦν

2046 5525 2316 5589 ἐπίπονος,
2343 5526 2462 5578 οὐδὲ
2485 5526 2719 5599 ἀκερδὴς
2747 5530 2813 5597 τῇ
2844 5529 3003 5598 μετρὶ
3030 5528 3129 5598 τῆς
3155 5526 3422 5598 θυγατρὸς
3449 5529 3482 5595 ἡ
3507 5543 3626 5579 aw-

2042 5617 2304 5687 διαγωγή.
2350 5618 2492 5669 ’Λντὶ
2522 5617 2632 5687 γὰρ
2662 5616 2870 5670 πολλῶν
2895 5618 3041 5688 αὐτῇ.
3066 5618 3463 5689 θεραπαινίδων
3490 5612 3559 5687 ἧν
3587 5619 3620 5685 ἡ

2044 5708 2191 5779 παρὰ
2219 5707 2319 5778 τῆς
2366 5709 2631 5780 θυγατρδς
2659 5709 2920 5781 θεραπεία
2946 5724 2961 5740 ⁸
3012 5712 3105 5764 καὶ
3150 5707 3217 5781 ἦν
3237 5710 3503 5772 ἁντίδοσίς
3537 5725 3615 5769 τις
