4002 6206
363 244 472 302 9.55
1599 231 1686 288 ms
1719 230 1876 286 vm
1917 231 1976 288 s.
2018 229 2371 286 ΜΑειιιΝίΕ.
3498 237 3609 295 956

356 353 537 425 ἀγαθὴ
587 351 717 421 παρ’
761 348 1082 420 ἀμφοτέρων
1140 346 1394 416 ἀλλήλαις
1436 344 1925 415 ἀντι-πληρουμένη.

2031 345 2140 399 hat.
2180 347 2319 408 Ουῐιι
2359 345 2523 398 etiam
2557 343 2798 399 olliciosa
2842 343 2964 415 ejus
3009 345 3273 403 sedulitas
3305 348 3601 404 multarum

370 449 434 502 ἰι
480 445 578 516 μὲν
621 443 730 512 γάρ
757 441 852 512 τήν
885 439 1062 510 ψυχὴν
1093 441 1189 510 τῆς
1221 437 1366 500 νέας,
1399 437 1431 506 ἡ
1463 436 1518 488 δὲ
1548 437 1607 488 τὸ
1649 436 1805 506 σῶμα
1833 435 1931 504 τῆς

2035 435 2356 488 ancillarum
2391 435 2567 488 instar
2595 441 2734 495 erat,
2765 444 2818 488 et
2851 444 3040 490 mutua
3067 436 3315 506 quadam
3344 438 3486 494 inter
3512 455 3606 495 eas

359 537 567 610 μητρὸς
591 534 938 606 ἐθεράπευεν,
966 531 1020 584 ἔν
1045 547 1104 583 τε
1127 531 1238 592 τοῖς
1265 528 1444 592 ἄλλοις
1473 529 1602 580 πᾶσι
1625 526 1722 595 τὴν
1743 527 1934 594 ζητου-

2035 526 2250 594 vigebat
2293 525 2682 580 remuneratio.
2727 523 3008 594 Siquidem
3053 528 3220 582 altera
3263 529 3608 584 custodiebat

359 628 529 698 μένην
553 623 858 696 ὑπηρεσίαν
887 620 1100 690 άποπλη
1111 619 1274 690 ροῦσα
1294 635 1309 650 ·
1341 617 1434 671 καὶ
1456 618 1512 670 ὲν
1535 614 1611 685 τῷ
1633 618 1749 678 ταῖς
1779 615 1933 677 ἰδίαις

2036 615 2277 668 animum
2327 613 2484 678 tiliae,
2529 615 2698 668 altera
2749 616 2969 683 corpori
3009 617 3200 672 matris
3242 617 3607 686 inserviebat,

355 719 515 792 χερσὶ
547 716 807 778 πολλάκις
833 717 900 784 τῇ
936 711 1103 783 μητρὶ
1144 707 1580 781 παρασκευάζειν
1625 706 1715 758 τὸν
1747 706 1930 775 ἄρτον.

2035 705 2194 775 eique
2239 705 2292 758 in
2331 705 2557 776 reliquis
2602 705 2794 760 ciliciis
2831 707 3090 760 omnibus
3135 708 3510 776 ministrabat,
3550 725 3610 767 ut

360 814 538 882 Ὅπερ
574 811 634 864 οὑ
665 807 806 862 κατὰ
838 805 897 859 τὸ
923 801 1328 875 προηγούμενον
1358 801 1495 870 αὑτῇ
1524 795 1934 866 διεσπουδάσθη.

2037 795 2276 866 prepriis
2326 797 2495 850 etiam
2544 798 2800 852 manibus
2851 798 3012 852 matri
3069 813 3265 867 panem
3322 804 3605 870 pracberet.

374 899 510 953 Ἀλλ’
543 898 730 968 ἐπειδὴ
761 897 882 958 ταῖς
925 895 1210 964 μυστικαῖς
1241 891 1571 964 ὑπηρεσίαις
1607 890 1708 953 τὰς
1749 891 1936 959 χεῖρας

2037 888 2170 953 Quae
2235 894 2415 941 tamen
2458 887 2535 941 illi
2584 888 2857 958 praecipua
2917 903 3050 943 cura
3104 905 3214 944 non
3279 899 3398 945 erat
3445 908 3457 943 ε
3514 894 3607 948 sed

356 993 557 1061 ἑαυτῆς
581 991 788 1062 ἔχρισε,
825 988 1053 1056 πρέπειν
1086 985 1408 1056 ἡγησαμένη
1436 981 1513 1053 τῷ
1547 979 1936 1050 ἐπιτηδεύματι

2037 987 2394 1050 posteaquam
2429 981 2608 1034 sacris
2637 979 2830 1034 olIieiis
2871 979 3248 1047 satisfecerat,
3288 981 3611 1038 existimans

354 1084 450 1138 τοῦ
482 1083 597 1154 βίου
633 1081 734 1152 τὴν
779 1081 908 1151 περὶ
939 1076 1098 1130 τοῦτο
1137 1074 1389 1146 σπουδὴν,
1426 1075 1488 1128 ὲκ
1519 1073 1612 1126 τοῦ
1661 1072 1934 1143 περιόντος

2038 1075 2090 1128 id
2143 1089 2244 1128 suo
2304 1073 2428 1130 vitae
2481 1073 2736 1127 instituto
2785 1073 3104 1137 convenire,
3160 1089 3226 1127 ex
3277 1074 3464 1130 labore
3511 1089 3613 1130 suo

353 1179 422 1246 τῇ
473 1173 640 1245 μητρὶ
684 1171 1052 1240 παρεχορήγει
1094 1167 1191 1238 τὴν
1231 1169 1295 1218 ἐκ
1343 1165 1451 1218 τῶν
1497 1163 1711 1218 οἰκείων
1761 1163 1933 1215 πόνων

2039 1167 2198 1220 matri
2235 1166 2437 1221 victum
2479 1165 2956 1220 subministrabat.
2995 1163 3164 1234 quue
3210 1180 3317 1218 non
3353 1165 3404 1220 ei
3437 1167 3611 1219 solum

353 1265 586 1338 τροφήν.
637 1263 747 1316 Καὶ
793 1262 855 1314 οὐ
884 1259 1040 1313 τοῦτο
1072 1258 1252 1330 μόνον,
1284 1255 1420 1310 ἀλλὰ
1462 1256 1556 1309 καὶ
1591 1257 1772 1308 πᾶσαν
1799 1255 1933 1324 αὑτῇ

2039 1253 2186 1308 cordi
2227 1265 2372 1315 erat,
2421 1254 2514 1308 sed
2567 1255 2727 1307 etiam
2782 1264 2838 1307 ut
2887 1262 3110 1308 matrem
3165 1268 3422 1308 curarum
3474 1256 3615 1309 mole

360 1355 781 1427 συνδιῳκονὸμει
835 1351 932 1424 τήν
961 1349 1312 1421 ἐπικειμένην
1341 1347 1617 1420 φροντίδα.
1642 1347 1936 1417 Τεσσάρων

2040 1349 2264 1402 levaret.
2303 1345 2473 1400 Mater
2501 1347 2642 1400 enim
2678 1353 2915 1416 quatuor
2947 1345 3087 1399 tilios
3120 1353 3176 1399 et
3209 1348 3448 1415 quinque
3473 1345 3613 1402 tilias

358 1447 470 1518 γὰρ
498 1445 627 1498 υἱῶν
655 1439 722 1514 ἦν
759 1443 963 1513 μήτηρ,
996 1441 1088 1493 καὶ
1122 1439 1284 1492 πέντε
1329 1437 1661 1509 θυγατέρων,
1696 1436 1788 1488 καὶ
1822 1451 1938 1505 τρι-

2039 1439 2271 1493 habebat
2301 1454 2314 1490 :
2350 1439 2527 1492 trihus
2559 1448 2823 1507 praeterea
2851 1437 3191 1508 principibus
3225 1439 3450 1508 vectigal
3482 1453 3615 1508 pra:-

362 1539 447 1591 σὶν
485 1537 740 1606 ἄρχουσιν
777 1531 1046 1595 ὑπετέλει,
1089 1530 1177 1582 διὰ
1210 1529 1270 1582 τὸ
1313 1531 1370 1582 ὲν
1413 1527 1686 1591 τοσούτοις
1729 1525 1937 1579 ἔθνεσιν

2039 1531 2308 1591 stabatur,
2359 1529 2619 1599 quoniam
2652 1529 2773 1599 ejus
2818 1530 3098 1599 possessio
3141 1528 3196 1582 in
3237 1537 3316 1582 tot
3359 1529 3615 1599 gentibus

359 1630 530 1698 αὑτῆς
563 1625 938 1694 κατεσπάρθαι
971 1622 1068 1693 τήν
1090 1621 1301 1692 κτῆσιν.

975 1622 1068 1693 τήν
1090 1621 1301 1692 κτῆσιν.
2039 1619 2397 1672 disseminata
2419 1629 2555 1672 erat.

450 1718 717 1782 Ποικξλως
761 1715 938 1770 τοίνυν
985 1717 1084 1785 τῆς
1131 1712 1336 1784 μητρὸς
1389 1715 1508 1775 ταῖς
1555 1709 1798 1780 φροντίσι
1850 1707 1937 1762 διὰ
1970 1726 2010 1780 Β

2109 1709 2244 1764 Cum
2263 1711 2428 1780 igitur
2467 1718 2642 1764 mater
2669 1709 2839 1766 variis
2867 1711 3021 1768 curis
3049 1711 3474 1782 distringeretur
3500 1712 3617 1782 (pa-

357 1810 519 1864 τοῦτο
553 1805 915 1880 μεριζομένης
937 1822 950 1836 ’
981 1806 1082 1876 ήδη
1107 1805 1214 1876 γὰρ
1247 1807 1274 1857 6
1300 1805 1480 1875 πατὴρ
1508 1803 1814 1874 ἐξεληλύθει
1844 1804 1934 1856 τὸν

2043 1809 2126 1856 ter
2157 1800 2302 1855 enim
2332 1801 2444 1870 jam
2474 1810 2684 1856 natura:
2709 1803 3116 1872 concesserat),
3147 1803 3202 1856 in
3235 1803 3493 1858 omnibus
3528 1805 3609 1856 la-«

359 1901 522 1972 βίον·
565 1901 622 1952 ὲν
678 1899 810 1951 πᾶσι
839 1895 1050 1959 τούτοις
1095 1894 1351 1956 κοινωνὸς
1399 1889 1466 1965 ἦν
1510 1896 1577 1965 τῇ
1622 1893 1790 1964 μητρὶ
1827 1894 1932 1946 τῶν

2040 1890 2268 1946 boribus
2315 1893 2476 1946 matri
2518 1907 2579 1946 se
2621 1893 2826 1947 sociam
2867 1893 3160 1963 praebebat,
3201 1902 3256 1949 et
3291 1895 3619 1950 sollicitudi-

360 1993 560 2051 πόνων,
603 1985 1052 2057 συνδιαιρουμένη
1077 1985 1175 2048 τὰς
1203 1985 1484 2058 φροντίδας
1511 2024 1525 2048 ,
1573 1987 1665 2038 καὶ
1699 1985 1758 2038 τὸ
1797 1985 1933 2055 βαρῦ

2043 1997 2174 2036 rium
2210 1991 2418 2052 partem
2460 1983 2575 2053 ipsa
2617 1983 2844 2039 subiens
2887 2000 3008 2038 eam
3052 1987 3207 2055 gravi
3243 1987 3617 2042 molestiarum

357 2083 473 2136 τῶν
520 2081 828 2152 ἀλγηδόνων
880 2075 1306 2147 ὲπικουφίζουσα
1335 2093 1348 2108 ο
1397 2077 1491 2130 καὶ
1533 2075 1668 2147 όμοῦ
1719 2077 1818 2146 μὲν
1867 2079 1934 2147 τῇ

2043 2087 2213 2129 onere
2265 2073 2501 2129 levabat.
2555 2074 2729 2128 Simul
2779 2084 2960 2129 autem
2995 2083 3052 2130 et
3087 2077 3282 2134 matris
3328 2077 3617 2148 disciplina

360 2171 710 2243 παιδαγωγίᾳ
746 2171 842 2238 τῆς
876 2167 1080 2242 μητρὸς
1119 2165 1346 2238 ἄμωμον
1379 2166 1733 2236 διεφύλασσεν
1769 2168 1933 2237 ἑαυτῇ

2042 2163 2209 2218 vitam
2246 2163 2316 2218 ab
2363 2164 2511 2217 omni
2568 2163 2993 2233 reprehensione
3043 2165 3312 2235 integram
3347 2167 3617 2226 servavit.

357 2266 456 2318 τὸν
495 2261 607 2333 βίον
654 2265 711 2316 ὲν
757 2258 1032 2332 μητρῴοις
1078 2257 1374 2328 ὀφθαλμοῖς
1403 2259 1692 2320 διαπαντὸς
1719 2257 1937 2311 εὑθυνύυ

2043 2272 2168 2311 cum
2247 2258 2302 2310 in
2356 2255 2476 2324 ejus
2511 2257 2688 2309 oculi's
2745 2271 2963 2326 seraper
3021 2265 3209 2326 ageret
3264 2257 3620 2328 ejusdemque

363 2354 526 2424 μενόν
560 2369 618 2404 τε
649 2352 740 2404 καὶ
767 2347 1206 2420 μαρτυρούμενον
1231 2361 1244 2375 ·
1278 2345 1413 2416 ὁμοῦ
1443 2363 1502 2399 τε
1535 2346 1772 2418 παρέσχε
1803 2347 1936 2417 πρὸς

2043 2347 2358 2404 testimonio
2405 2347 2757 2415 probaretur,
2803 2354 2860 2400 et
2891 2360 2951 2400 se
2995 2346 3246 2402 vicissim
3281 2347 3330 2401 ei
3369 2362 3617 2418 magnam

357 2447 456 2498 τὸν
491 2444 604 2498 ἴσον
628 2443 844 2508 σκοπὸν,
875 2441 965 2494 τὸν
989 2438 1128 2492 κατὰ
1156 2437 1470 2507 φιλοσοφίαν
1501 2437 1662 2506 λέγω,
1697 2437 1937 2506 μεγάλην

2045 2442 2113 2496 ad
2157 2456 2344 2512 parem
2385 2439 2748 2510 philosophiae
2783 2454 3012 2508 scopum
3045 2439 3298 2510 exemplo
3339 2439 3466 2496 vita:
3507 2455 3621 2496 suae

359 2539 432 2607 τῇ
465 2535 632 2606 μητρὶ
667 2532 756 2586 διὰ
794 2532 887 2586 τοῦ
921 2531 1037 2602 βίου
1069 2530 1268 2598 ἑαυτῆς
1313 2529 1412 2600 τὴν
1463 2529 1766 2599 ὑφήγησιν,
1817 2531 1936 2581 κατ’

2045 2534 2244 2588 ducem
2290 2532 2543 2602 praebuit,
2591 2531 2849 2600 paulatim
2884 2529 3060 2600 ipsam
3093 2529 3161 2584 ad
3196 2530 3472 2600 puriorem
3496 2547 3621 2600 per—

360 2628 544 2694 ὀλίγον
572 2625 740 2696 αὑτήν
762 2623 896 2694 πρὸς
921 2623 1020 2692 τὴν
1049 2621 1209 2674 ἄῦλόν
1236 2637 1295 2672 τε
1321 2620 1414 2674 καὶ
1440 2619 1774 2690 τελειοτέραν
1795 2619 1938 2690 ζωήν

2047 2626 2440 2694 fectioremque
2479 2624 2644 2678 vitam
2683 2624 2924 2678 trahens.
2979 2624 3116 2678 Cum
3158 2632 3342 2678 autem
3397 2624 3622 2693 reliqua:

361 2715 728 2786 ἐφελκομένη.
756 2715 866 2768 Καὶ
905 2712 1091 2783 ἐπειδὴ
1119 2711 1186 2764 τὰ
1229 2710 1369 2764 κατὰ
1403 2708 1501 2773 τὰς
1540 2709 1780 2778 ἀδελφὰς
1806 2710 1940 2780 πρὸς

2046 2729 2268 2770 sorores
2317 2713 2549 2767 honeste
2601 2713 2886 2767 collocatae
2923 2719 3108 2768 essent
3139 2727 3167 2765 a
3210 2722 3421 2775 matre,
3457 2728 3487 2767 a
3517 2729 3622 2782 pu-

360 2809 426 2862 τὸ
446 2806 635 2861 δοκοῦν
664 2805 870 2878 ἑκάστῃ
894 2803 1008 2874 μετ’
1039 2800 1450 2872 εὐσχημοσύνης
1477 2803 1510 2872 ἡ
1539 2803 1718 2872 μήτηρ
1741 2801 1940 2872 ᾠκονο-

2046 2805 2208 2860 blicis
2230 2805 2535 2859 litterarum
2568 2805 2892 2876 gymnasiis,
2929 2804 2984 2858 in
3016 2803 3221 2873 quibus
3245 2805 3338 2858 diu
3373 2813 3623 2861 versatus

366 2899 604 2968 μήσατο,
626 2896 901 2948 ἐπάνεισιν
924 2895 982 2946 ὲν
1007 2892 1180 2962 τούτῳ
1209 2891 1316 2944 τῶν
1345 2890 1741 2962 παιδευτηρίων
1763 2890 1942 2962 πολλῷ

2047 2895 2249 2964 fuerat,
2286 2896 2588 2951 revertitur
2619 2910 2853 2964 magnus
2892 2895 3128 2950 Basilius
3167 2895 3344 2964 ipsius
3373 2894 3626 2949 Macrina:

365 2989 546 3059 χρόνῳ
581 2985 981 3056 προσασκηθεὶς
1009 2987 1122 3046 τοῖς
1152 2983 1353 3051 λόγοις.
1385 2985 1414 3036 ὀ
1447 2981 1609 3043 πολὺς
1643 2981 1938 3046 Βασίλειος,

2051 2986 2221 3042 frater
2255 3006 2269 3042 :
2309 3003 2470 3057 quem
2499 2987 2592 3040 illa
2629 2987 2860 3066 scientia
2895 2993 2951 3040 et
2995 2987 3304 3056 eloquentia
3337 2986 3627 3041 vehemen-

362 3082 398 3134 ὁ
440 3076 666 3146 ἁδελφὸς
697 3077 796 3146 τῆς
825 3074 1248 3147 προειρημένης.
1290 3073 1544 3127 Λαῦοὖσα
1583 3073 1758 3127 τοίνυν
1788 3074 1942 3128 αὑτὸν

2054 3083 2136 3130 ter
2165 3076 2367 3131 elatum
2417 3076 2742 3131 existimans
2788 3090 3090 3144 omnesque.
3119 3074 3511 3145 despicientem
3539 3074 3625 3128 die

366 3167 665 3238 ὑπερφυῶς
682 3167 821 3238 ἐπῃρ
829 3165 988 3235 μένον
1011 3164 1089 3234 τῷ
1110 3182 1176 3217 πε
1186 3164 1239 3235 pi
1258 3166 1383 3228 τοὺς
1404 3163 1594 3231 λόγους
1619 3165 1946 3236 φρονήματι,

2051 3167 2313 3238 gnitates,
2337 3175 2394 3220 et
2415 3165 2559 3222 fastu
2584 3174 2933 3236 superantem
2965 3181 3060 3221 eos
3093 3167 3187 3236 qui
3215 3167 3270 3220 in
3303 3167 3627 3237 magistratu

363 3259 466 3313 καὶ
501 3260 677 3312 πάντα
724 3255 1153 3328 περιφρονοῦντα
1201 3257 1269 3310 τὰ
1307 3255 1624 3328 ἀξιώματα,
1675 3257 1769 3308 καὶ
1809 3257 1943 3326 ὑπὲρ

2049 3267 2260 3324 essent,
2296 3266 2448 3312 tanta
2482 3259 2767 3313 celeritate
2798 3258 2866 3311 ad
2901 3257 3043 3312 idem
3073 3258 3352 3327 sapientia:
3385 3258 3627 3314 studium

362 3353 498 3412 τοὺς
523 3353 580 3403 ἐν
608 3351 674 3420 τῇ
715 3348 1003 3420 δυναστείᾳ⁵
1027 3349 1313 3419 λαμπροὺς
1345 3347 1650 3420 ἐπῃρμένον
1679 3347 1754 3418 τῷ
1779 3347 1942 3420 όγκῳ1

2053 3351 2320 3412 incitavit,
2351 3358 2414 3404 ut
2445 3349 2632 3404 mundi
2665 3350 2981 3419 posthabita
3027 3352 3304 3412 claritate.
3344 3351 3630 3422 despecta-

365 3441 610 3512 τοσούτῳ
658 3440 812 3511 τάχει
871 3443 1120 3494 κάκεῖνον
1174 3439 1310 3509 πρὸς
1355 3439 1446 3492 τὸν
1495 3439 1596 3509 τῆς
1637 3439 1945 3510 φιλοσοφίας

2051 3457 2158 3511 que
2182 3441 2512 3511 eloquentia:
2553 3440 2747 3510 gloria,
2791 3441 3125 3496 laboriosum
3171 3442 3274 3496 hoc
3304 3457 3625 3513 operosum-

369 3532 575 3585 σκοπὸν
604 3532 952 3584 ἐπεσπάσατο
975 3552 996 3596 ,·
1040 3530 1182 3584 ὥστε
1211 3530 1523 3584 ἀποστάντα
1552 3529 1653 3599 τῆς
1685 3531 1949 3601 κοσμικῆς

2053 3547 2160 3602 que
2189 3532 2407 3588 vivendi
2435 3545 2607 3601 genus
2633 3545 2730 3601 per
2763 3541 3136 3602 paupertatem
3182 3532 3484 3603 perfectam
3517 3549 3630 3587 am-

369 3624 753 3690 περιφανείας,
793 3623 888 3676 καὶ
917 3622 1239 3694 ὑπεριδόντα
1268 3621 1362 3675 τοῦ
1395 3622 1482 3683 διὰ
1509 3623 1600 3676 τὸν
1632 3623 1786 3690 λόγον
1819 3621 1949 3675 θαυ-

2054 3625 2269 3695 plexus,
2302 3621 2609 3692 expeditam
2638 3623 2744 3678 sibi
2779 3623 2844 3678 ad
2874 3625 3134 3679 virtutem
3168 3625 3314 3678 viam
3346 3624 3627 3680 struxerit.

373 3713 666 3786 μάζεσθαι,
696 3716 830 3786 πρὸς
855 3715 944 3768 τὸν
975 3713 1261 3785 ἐργατικὸν
1290 3714 1498 3767 τουτονὶ
1539 3715 1634 3768 καὶ
1664 3713 1953 3784 αὐτόχειρα

2055 3714 2324 3770 Caeterum
2363 3715 2512 3770 illius
2541 3715 2654 3769 vita
2684 3730 2748 3768 ac
2775 3715 3024 3770 instituta
3055 3712 3256 3785 quibus
3291 3717 3347 3771 in
3375 3715 3631 3771 omnibus

373 3807 492 3876 βίον
518 3806 904 3877 αὐτομολῆσαι,
931 3805 1020 3859 διὰ
1051 3807 1148 3876 τῆς
1173 3805 1384 3870 τελείας
1415 3807 1820 3878 ἀκτημοσὺνης,
1862 3807 1953 3860 άν-

2055 3807 2208 3863 orbis
2230 3807 2502 3876 partibus,
2529 3821 2650 3876 quae
2683 3806 3032 3862 illustrantur
3057 3822 3089 3864 a
3122 3808 3260 3870 sole.
3290 3807 3629 3869 celebratus,

372 3897 700 3968 εμπόδιστον
734 3897 910 3967 ἑαυτῷ
941 3896 1033 3950 τὸν
1081 3899 1160 3960 εἰς
1191 3897 1388 3968 ἀρετὴν
1441 3897 1553 3967 βίον
1607 3898 1952 3968 παρασκευά-

2058 3899 2233 3970 gloria
2271 3913 2371 3952 sua
2411 3899 2764 3969 splendorem
2810 3902 3058 3956 omnium
3085 3901 3289 3956 virtute
3333 3900 3630 3956 illustrium

373 3989 559 4054 ζοντα.
596 3988 734 4042 Ἀλλ’
763 3991 792 4042 6
825 3989 920 4060 μὲν
942 3987 1152 4042 ἐκείνου
1182 3988 1314 4058 βίος,
1345 3989 1439 4042 καὶ
1461 3989 1529 4042 τὰ
1557 3988 1751 4059 ἐφεξῆς
1769 3990 1953 4060 ἐπιτη-

2058 3991 2398 4054 ohscuravit,
2448 3991 2664 4063 longam
2703 3995 3060 4064 scriptionem
3111 4002 3167 4049 et
3204 3994 3435 4050 multum
3497 4001 3605 4050 tem

371 4083 640 4153 δεύματα,
673 4082 738 4136 δι’
775 4076 850 4135 ὧν
880 4081 1176 4152 ὀνομαστὸς
1211 4083 1266 4133 ὲν
1296 4083 1443 4152 πάσῃ
1473 4083 1540 4150 τῇ
1578 4081 1668 4150 ὑφ’
1689 4081 1838 4150 ἥλιον
1868 4097 1951 4148 γε·

2060 4083 2215 4154 poris
2252 4082 2591 4142 desiderant.
2642 4084 2990 4156 QuaprOpter
3023 4087 3176 4154 illuc,
3213 4087 3360 4142 unde
3383 4085 3631 4153 digressa

372 4177 600 4246 νόμενος
621 4213 637 4240 ,
687 4174 972 4246 ἀπέκρυψε
1014 4175 1079 4244 τῇ
1126 4172 1252 4244 δόξῃ
1284 4172 1492 4236 πάντας
1524 4174 1656 4236 τοὺς
1703 4174 1760 4226 ὲν
1790 4173 1952 4243 ἀρετῇ

2061 4181 2168 4234 est,
2192 4181 2384 4229 nostra
2417 4183 2727 4230 revertatur
2747 4177 2944 4231 oratio.
2973 4176 3110 4231 Cum
3133 4177 3251 4246 ipsa
3275 4191 3306 4229 a
3329 4191 3388 4231 se
3415 4189 3631 4230 onmem

373 4266 804 4337 διαλάμψαντας,
830 4266 1042 4336 μακρᾶς
1075 4263 1140 4318 ἂν
1175 4265 1258 4336 εἴη
1297 4264 1620 4334 συγγραφῆς
1647 4263 1740 4318 καὶ
1768 4264 1953 4335 χρόνον

2063 4267 2482 4322 turbulentioris
2525 4271 2649 4323 vitae
2682 4269 2966 4324 materiam
3010 4275 3371 4338 amputasset,
3405 4280 3635 4335 persua-

377 4352 576 4409 ποὶλοῦ
600 4371 614 4385 ο
653 4355 776 4424 ἐμοὶ
801 4355 858 4408 δὲ
892 4355 1027 4426 πρὸς
1058 4354 1118 4407 τὺ
1147 4353 1504 4426 προκείμενον
1562 4355 1721 4408 πάλιν
1749 4357 1777 4408 6
1807 4353 1957 4422 λόγος

2066 4359 2139 4414 sit
2165 4361 2350 4426 matri,
2395 4367 2476 4423 ut,
2519 4361 2710 4416 relicta
2741 4361 2991 4431 pristinae
3042 4361 3171 4415 vitae
3209 4360 3631 4421 consuetudine.

377 4445 689 4518 τετράφθω.
751 4445 968 4516 Ἐπειδὴ
1015 4444 1122 4516 γὰρ
1175 4447 1357 4516 πάσης
1401 4444 1772 4516 ὑλωδεστέρας
1817 4443 1957 4516 ζωῆς

2063 4453 2402 4522 elatioreque
2448 4453 2664 4508 vivendi
2715 4457 2901 4520 modo,
2951 4469 3089 4523 quas
3135 4461 3254 4510 arte
3291 4454 3545 4509 subditas
3581 4462 3636 4507 et

378 4537 636 4601 ὑπόθεσις
665 4537 766 4608 ήδη
793 4537 964 4606 αὐτῆς
993 4536 1378 4608 περικέκοπτο,
1422 4537 1723 4608 πείθειτὴν
1753 4537 1958 4608 μητέρα

2064 4543 2298 4598 ancillas
2328 4543 2396 4598 ad
2429 4559 2566 4599 usus
2602 4545 2858 4614 proprios
2887 4545 3236 4609 adhibuerat,
3266 4561 3456 4602 serum
3484 4545 3635 4614 ejus-

379 4629 788 4684 καταλιποῦσαν
815 4628 906 4682 τὸν
931 4629 990 4681 ὲν
1022 4627 1133 4680 ἔθει
1165 4627 1301 4697 βίον,
1334 4626 1428 4696 καὶ
1455 4627 1553 4695 τὴν
1582 4626 1959 4698 κομπωδεστέ-

2063 4633 2184 4689 dem
2229 4633 2401 4689 sortis
2439 4641 2607 4705 atque
2651 4635 2865 4692 ordinis
2920 4651 3046 4692 esse
3073 4637 3272 4698 vellet.
3326 4649 3491 4707 atque
3526 4652 3637 4690 una

381 4741 483 4795 ραν
502 4721 798 4793 διαγωγὴν,
826 4723 921 4776 καὶ⁸
949 4719 1050 4784 τὰς
1075 4722 1139 4774 ὲκ
1163 4719 1272 4772 τῶν
1301 4719 1626 4790 ὑποχειρίων
1638 4718 1961 4790 θεραπείας,

2064 4739 2190 4778 cum
2238 4725 2352 4781 illis
2398 4727 2571 4782 vitam
2623 4741 2750 4781 cum
2792 4728 3106 4795 virginibus
3156 4729 3488 4784 traduceret.
3531 4729 3637 4786 Sed

379 4808 468 4878 αἷς
495 4813 806 4886 προείθιστο
831 4812 972 4868 κατὰ
1004 4811 1096 4866 τὸν
1115 4809 1420 4882 ἔμπροσθεν
1446 4810 1635 4882 χρόνον
1657 4853 1672 4874 ,
1702 4810 1959 4882 ὁμότιμον

2065 4817 2408 4874 narrationis
2439 4817 2592 4872 tilum
2645 4819 2770 4872 volo
2818 4834 3118 4890 parumper
3152 4820 3537 4880 intermittere.
3571 4837 3641 4877 ne

377 4905 636 4974 γενέσθαι
657 4907 770 4970 τοῖς
800 4904 1016 4968 πολλοῖς
1045 4901 1123 4974 τῷ
1151 4903 1460 4974 φρονήματι
1487 4940 1504 4964 ,
1545 4902 1638 4955 καὶ
1663 4901 1957 4973 καταμῖξαι

2065 4923 2206 4972 rem,
2239 4923 2349 4978 qua
2381 4908 2697 4965 sublimitas
2721 4909 2954 4979 virginis
2997 4911 3172 4981 magis
3193 4911 3531 4979 declaratur,
3567 4913 3643 4970 si-

378 4999 480 5070 τὴν
519 4999 656 5052 ἰδίαν
705 4997 851 5070 ζωὴν
899 4999 965 5068 τῇ
1016 4993 1154 5067 μετὰ
1204 4994 1312 5049 τῶν
1345 4993 1632 5066 παρθένων
1677 4995 1916 5066 διαγωγῇ
1943 5035 1958 5058 ,

1057 4993 1154 5049 ετὰ
1204 4994 1312 5049 τῶν
1345 4993 1632 5066 παρθένων
1677 4995 1916 5066 διαγωγῇ
1943 5035 1960 5058 ,
2067 4998 2240 5054 lentio
2266 5005 2634 5053 transeamus.

375 5094 511 5156 ὅσας
547 5087 662 5161 εἶχε
693 5091 808 5160 μεθ’
835 5089 1032 5158 ἑαυτῆς
1065 5088 1131 5140 ὲκ
1171 5085 1442 5149 δουλίδων,
1473 5086 1568 5139 καὶ
1599 5087 1924 5158 ὑποχειρίων
1961 5087 2218 5159 ἀδελφὰς,
2249 5091 2344 5143 καὶ
2369 5087 2663 5160 ὁμοτίμους
2694 5091 3038 5163 ποιησαμένη
3063 5109 3078 5124 ο
3131 5093 3332 5163 μᾶλλον
3357 5095 3415 5148 δὲ
3452 5095 3647 5166 μικρόν

377 5199 433 5235 τι
466 5180 726 5252 βούλομαι
764 5179 1108 5250 παρενθεῖναι
1140 5175 1217 5247 τῷ
1246 5175 1562 5246 διηγήματι,
1596 5175 1690 5230 καὶ
1719 5175 1793 5246 μὴ
1831 5177 2209 5250 παραδραμεῖν
2232 5176 2584 5249 ἀνιστόρητον
2609 5179 2841 5250 πρᾶγμα
2867 5179 3124 5248 τοιοῦτον,
3162 5181 3230 5236 δι’
3257 5174 3319 5234 οὗ
3356 5183 3555 5254 μᾶλλον
3585 5184 3650 5238 τὸ

381 5275 590 5344 ὑψηλὸν
617 5275 713 5344 τῆς
749 5273 1018 5344 παρθένου
1049 5269 1479 5342 καταμηνύεται.

455 5361 565 5418 Ἶιν
607 5365 716 5418 τῶν
758 5364 1040 5434 τεσσάρων
1081 5361 1346 5431 ἀδελφῶν,
1376 5364 1405 5416 6
1431 5361 1680 5432 δεύτερος
1711 5362 1846 5434 μετᾶ
1875 5364 1966 5418 τὸν

2138 5365 2215 5421 Ex
2247 5375 2487 5438 quatuor
2520 5365 2785 5422 fratribus
2827 5367 2875 5424 is
2907 5368 3000 5439 qui
3035 5369 3342 5424 secundum
3381 5369 3645 5425 Basiliam

386 5455 563 5526 μέγαν
593 5453 896 5518 Βασίλειον,
927 5452 1272 5524 Ναυκράτιος
1298 5449 1488 5521 ὄνομα,
1523 5450 1737 5520 φύσεως
1776 5451 1966 5521 εὐκλη-

2069 5465 2202 5511 natu
2241 5456 2514 5511 maximus
2544 5467 2682 5522 erat,
2715 5457 3047 5513 Naucratius
3075 5461 3394 5520 vocabatur,
3429 5459 3647 5529 juvenis

351 5545 358 5554 ’
387 5547 505 5617 pia,
535 5545 630 5599 καὶ
665 5545 915 5615 σώματος
948 5541 1156 5608 κάλλει,
1185 5543 1281 5598 καὶ
1324 5541 1505 5615 ῥώμῃ,
1541 5543 1635 5596 καὶ
1665 5542 1842 5614 τάχει,
1876 5562 1931 5597 κσ

2069 5547 2288 5602 eximiis
2346 5554 2463 5602 tum
2500 5546 2704 5616 ingenii
2750 5555 2867 5604 tum
2919 5549 3173 5620 corporis
3231 5550 3455 5606 dotibus
3507 5566 3649 5620 prae.-

385 5641 452 5711 τῇ
506 5638 640 5710 πρὸς
690 5638 797 5692 πᾶν
847 5635 1240 5708 ἐπιτηδειότητι
1295 5635 1567 5706 διαφέρων
1619 5635 1726 5690 τῶν
1769 5636 1961 5692 ἄλλων.

2067 5640 2219 5697 ditus
2243 5655 2255 5693 :
2285 5653 2411 5694 nam
2437 5649 2490 5696 et
2522 5638 2931 5710 pulchritudine
2957 5649 3010 5697 et
3037 5643 3232 5698 robore
3261 5649 3316 5698 et
3340 5642 3646 5702 celeritate.
