  <div class='ocr_page' id='page_1' title='image "/cluster/home/n/w/nwhite01/storage/ocr_20150623/46/hvd.32044054112198/499.png"; bbox 0 0 4002 6206; ppageno 0'>
   <div class='ocr_carea' id='block_1_1' title="bbox 441 263 546 322">
    <p class='ocr_par' dir='ltr' id='par_1_1' title="bbox 441 263 546 322">
     <span class='ocr_line' id='line_1_1' title="bbox 441 263 546 322; baseline -0.029 0"><span class='ocrx_word' id='word_1_1' title='bbox 441 263 546 322; x_wconf 82' lang='lat'><strong>967</strong></span> 
     </span>
    </p>
   </div>
   <div class='ocr_carea' id='block_1_2' title="bbox 1636 261 2398 319">
    <p class='ocr_par' dir='ltr' id='par_1_2' title="bbox 1636 261 2398 319">
     <span class='ocr_line' id='line_1_2' title="bbox 1636 261 2398 319; baseline 0 -3"><span class='ocrx_word' id='word_1_2' title='bbox 1636 262 1694 316; x_wconf 89' lang='lat' dir='ltr'><strong>S.</strong></span> <span class='ocrx_word' id='word_1_3' title='bbox 1737 261 2064 319; x_wconf 78' lang='lat' dir='ltr'><strong>GREGORI]</strong></span> <span class='ocrx_word' id='word_1_4' title='bbox 2101 261 2398 319; x_wconf 70' lang='lat' dir='ltr'><strong>NYSSEM</strong></span> 
     </span>
    </p>
   </div>
   <div class='ocr_carea' id='block_1_3' title="bbox 3577 264 3680 322">
    <p class='ocr_par' dir='ltr' id='par_1_3' title="bbox 3577 264 3680 322">
     <span class='ocr_line' id='line_1_3' title="bbox 3577 264 3680 322; baseline 0 0"><span class='ocrx_word' id='word_1_5' title='bbox 3577 264 3680 322; x_wconf 77' lang='lat'><strong>968</strong></span> 
     </span>
    </p>
   </div>
   <div class='ocr_carea' id='block_1_4' title="bbox 441 373 2035 458">
    <p class='ocr_par' dir='ltr' id='par_1_4' title="bbox 441 376 2009 458">
     <span class='ocr_line' id='line_1_4' title="bbox 441 376 2009 458; baseline 0 -23"><span class='ocrx_word' id='word_1_6' title='bbox 441 388 498 435; x_wconf 91' lang='lat' dir='ltr'><strong>ct</strong></span> <span class='ocrx_word' id='word_1_7' title='bbox 529 376 810 432; x_wconf 88' lang='lat' dir='ltr'><strong>habilitate</strong></span> <span class='ocrx_word' id='word_1_8' title='bbox 846 377 1085 447; x_wconf 86' lang='lat' dir='ltr'><strong>quadam</strong></span> <span class='ocrx_word' id='word_1_9' title='bbox 1118 379 1183 433; x_wconf 88' lang='lat' dir='ltr'><strong>ad</strong></span> <span class='ocrx_word' id='word_1_10' title='bbox 1217 379 1400 432; x_wconf 81' lang='lat' dir='ltr'><strong>omnia</strong></span> <span class='ocrx_word' id='word_1_11' title='bbox 1439 378 1744 449; x_wconf 88' lang='lat' dir='ltr'><strong>peragenda</strong></span> <span class='ocrx_word' id='word_1_12' title='bbox 1781 381 2009 458; x_wconf 76' lang='lat' dir='ltr'><strong>reliquis</strong></span> 
     </span>
    </p>
   </div>
   <div class='ocr_carea' id='block_1_5' title="bbox 2140 373 3676 458">
    <p class='ocr_par' dir='ltr' id='par_1_5' title="bbox 2140 373 3676 450">
     <span class='ocr_line' id='line_1_5' title="bbox 2140 373 3676 450; baseline 0.001 -16"><span class='ocrx_word' id='word_1_13' title='bbox 2140 379 2394 450; x_wconf 82' lang='grc' dir='ltr'>Ιροελθὼν</span> <span class='ocrx_word' id='word_1_14' title='bbox 2422 373 2572 442; x_wconf 73' lang='grc' dir='ltr'>οὗτος</span> <span class='ocrx_word' id='word_1_15' title='bbox 2601 379 2676 441; x_wconf 81' lang='grc' dir='ltr'><strong>είς</strong></span> <span class='ocrx_word' id='word_1_16' title='bbox 2703 376 2951 447; x_wconf 88' lang='grc' dir='ltr'>δεύτερον</span> <span class='ocrx_word' id='word_1_17' title='bbox 2985 376 3102 441; x_wconf 79' lang='grc' dir='ltr'>ἔτος</span> <span class='ocrx_word' id='word_1_18' title='bbox 3141 379 3235 431; x_wconf 75' lang='grc' dir='ltr'>καὶ</span> <span class='ocrx_word' id='word_1_19' title='bbox 3265 379 3508 432; x_wconf 75' lang='grc' dir='ltr'>εἰκοστὸν</span> <span class='ocrx_word' id='word_1_20' title='bbox 3531 419 3546 444; x_wconf 97' lang='grc'><strong>,</strong></span> <span class='ocrx_word' id='word_1_21' title='bbox 3587 383 3676 436; x_wconf 77' lang='grc' dir='ltr'>καὶ</span> 
     </span>
    </p>
   </div>
   <div class='ocr_carea' id='block_1_6' title="bbox 443 469 2008 542">
    <p class='ocr_par' dir='ltr' id='par_1_6' title="bbox 443 469 2008 542">
     <span class='ocr_line' id='line_1_6' title="bbox 443 469 2008 542; baseline 0 -17"><span class='ocrx_word' id='word_1_22' title='bbox 443 472 759 542; x_wconf 68' lang='lat' dir='ltr'><strong>praestabat.</strong></span> <span class='ocrx_word' id='word_1_23' title='bbox 805 469 908 534; x_wconf 84' lang='lat' dir='ltr'><strong>Qui</strong></span> <span class='ocrx_word' id='word_1_24' title='bbox 950 485 1074 524; x_wconf 89' lang='lat' dir='ltr'><strong>cum</strong></span> <span class='ocrx_word' id='word_1_25' title='bbox 1113 471 1435 524; x_wconf 89' lang='lat' dir='ltr'><strong>vicesimum</strong></span> <span class='ocrx_word' id='word_1_26' title='bbox 1486 471 1785 525; x_wconf 87' lang='lat' dir='ltr'><strong>secundum</strong></span> <span class='ocrx_word' id='word_1_27' title='bbox 1830 473 2008 526; x_wconf 63' lang='lat' dir='ltr'><strong>aetatis</strong></span> 
     </span>
    </p>
   </div>
   <div class='ocr_carea' id='block_1_7' title="bbox 442 560 2010 632">
    <p class='ocr_par' dir='ltr' id='par_1_7' title="bbox 442 560 2010 632">
     <span class='ocr_line' id='line_1_7' title="bbox 442 560 2010 632; baseline -0.001 -15"><span class='ocrx_word' id='word_1_28' title='bbox 442 578 647 617; x_wconf 87' lang='lat' dir='ltr'><strong>annum</strong></span> <span class='ocrx_word' id='word_1_29' title='bbox 708 560 1072 624; x_wconf 71' lang='lat' dir='ltr'><strong>confecisset,</strong></span> <span class='ocrx_word' id='word_1_30' title='bbox 1122 561 1464 630; x_wconf 84' lang='lat' dir='ltr'><strong>dicendoque</strong></span> <span class='ocrx_word' id='word_1_31' title='bbox 1512 561 1727 632; x_wconf 88' lang='lat' dir='ltr'><strong>publice</strong></span> <span class='ocrx_word' id='word_1_32' title='bbox 1761 563 1868 616; x_wconf 87' lang='lat' dir='ltr'><strong>tale</strong></span> <span class='ocrx_word' id='word_1_33' title='bbox 1899 569 2010 617; x_wconf 82' lang='lat' dir='ltr'><strong>stu-</strong></span> 
     </span>
    </p>
   </div>
   <div class='ocr_carea' id='block_1_8' title="bbox 445 649 2010 719">
    <p class='ocr_par' dir='ltr' id='par_1_8' title="bbox 445 649 2010 719">
     <span class='ocr_line' id='line_1_8' title="bbox 445 649 2010 719; baseline 0 -15"><span class='ocrx_word' id='word_1_34' title='bbox 445 651 662 704; x_wconf 88' lang='lat' dir='ltr'><strong>diorum</strong></span> <span class='ocrx_word' id='word_1_35' title='bbox 709 665 931 704; x_wconf 85' lang='lat' dir='ltr'><strong>suorum</strong></span> <span class='ocrx_word' id='word_1_36' title='bbox 968 649 1243 719; x_wconf 89' lang='lat' dir='ltr'><strong>specimen</strong></span> <span class='ocrx_word' id='word_1_37' title='bbox 1295 650 1569 714; x_wconf 90' lang='lat' dir='ltr'><strong>dedisset,</strong></span> <span class='ocrx_word' id='word_1_38' title='bbox 1619 658 1680 702; x_wconf 93' lang='lat' dir='ltr'><strong>ut</strong></span> <span class='ocrx_word' id='word_1_39' title='bbox 1717 665 1877 704; x_wconf 89' lang='lat' dir='ltr'><strong>omne</strong></span> <span class='ocrx_word' id='word_1_40' title='bbox 1916 666 2010 704; x_wconf 87' lang='lat' dir='ltr'><strong>au-</strong></span> 
     </span>
    </p>
   </div>
   <div class='ocr_carea' id='block_1_9' title="bbox 443 741 2011 810">
    <p class='ocr_par' dir='ltr' id='par_1_9' title="bbox 443 741 2011 810">
     <span class='ocr_line' id='line_1_9' title="bbox 443 741 2011 810; baseline -0.002 -14"><span class='ocrx_word' id='word_1_41' title='bbox 443 743 713 796; x_wconf 88' lang='lat' dir='ltr'><strong>dientium</strong></span> <span class='ocrx_word' id='word_1_42' title='bbox 774 742 1046 794; x_wconf 77' lang='lat' dir='ltr'><strong>theatrum</strong></span> <span class='ocrx_word' id='word_1_43' title='bbox 1114 741 1285 810; x_wconf 79' lang='lat' dir='ltr'><strong>ipsius</strong></span> <span class='ocrx_word' id='word_1_44' title='bbox 1343 741 1707 796; x_wconf 77' lang='lat' dir='ltr'><strong>admiratione</strong></span> <span class='ocrx_word' id='word_1_45' title='bbox 1763 757 2011 796; x_wconf 85' lang='lat' dir='ltr'><strong>commo-</strong></span> 
     </span>
    </p>
   </div>
   <div class='ocr_carea' id='block_1_10' title="bbox 444 833 2012 903">
    <p class='ocr_par' dir='ltr' id='par_1_10' title="bbox 444 833 2012 903">
     <span class='ocr_line' id='line_1_10' title="bbox 444 833 2012 903; baseline -0.001 -13"><span class='ocrx_word' id='word_1_46' title='bbox 444 843 687 896; x_wconf 85' lang='lat' dir='ltr'><strong>veretur,</strong></span> <span class='ocrx_word' id='word_1_47' title='bbox 721 833 902 887; x_wconf 87' lang='lat' dir='ltr'><strong>divina</strong></span> <span class='ocrx_word' id='word_1_48' title='bbox 935 834 1169 902; x_wconf 89' lang='lat' dir='ltr'><strong>quadam</strong></span> <span class='ocrx_word' id='word_1_49' title='bbox 1207 833 1549 902; x_wconf 82' lang='lat' dir='ltr'><strong>providentia</strong></span> <span class='ocrx_word' id='word_1_50' title='bbox 1581 848 1778 903; x_wconf 85' lang='lat' dir='ltr'><strong>magno</strong></span> <span class='ocrx_word' id='word_1_51' title='bbox 1817 835 2012 888; x_wconf 85' lang='lat' dir='ltr'><strong>mentis</strong></span> 
     </span>
    </p>
   </div>
   <div class='ocr_carea' id='block_1_11' title="bbox 447 925 2014 995">
    <p class='ocr_par' dir='ltr' id='par_1_11' title="bbox 447 925 2014 995">
     <span class='ocr_line' id='line_1_11' title="bbox 447 925 2014 995; baseline 0 -15"><span class='ocrx_word' id='word_1_52' title='bbox 447 927 650 995; x_wconf 87' lang='lat' dir='ltr'><strong>impetu</strong></span> <span class='ocrx_word' id='word_1_53' title='bbox 687 926 907 989; x_wconf 91' lang='lat' dir='ltr'><strong>ductus,</strong></span> <span class='ocrx_word' id='word_1_54' title='bbox 949 926 1148 994; x_wconf 90' lang='lat' dir='ltr'><strong>spretis</strong></span> <span class='ocrx_word' id='word_1_55' title='bbox 1183 925 1437 980; x_wconf 87' lang='lat' dir='ltr'><strong>omnibus</strong></span> <span class='ocrx_word' id='word_1_56' title='bbox 1486 940 1608 994; x_wconf 62' lang='lat' dir='ltr'><strong>quae</strong></span> <span class='ocrx_word' id='word_1_57' title='bbox 1656 925 1714 979; x_wconf 92' lang='lat' dir='ltr'><strong>in</strong></span> <span class='ocrx_word' id='word_1_58' title='bbox 1759 926 2014 980; x_wconf 89' lang='lat' dir='ltr'><strong>manibus</strong></span> 
     </span>
    </p>
   </div>
   <div class='ocr_carea' id='block_1_12' title="bbox 447 1015 2016 1084">
    <p class='ocr_par' dir='ltr' id='par_1_12' title="bbox 447 1015 2016 1084">
     <span class='ocr_line' id='line_1_12' title="bbox 447 1015 2016 1084; baseline -0.001 -14"><span class='ocrx_word' id='word_1_59' title='bbox 447 1018 715 1081; x_wconf 85' lang='lat' dir='ltr'><strong>habebat,</strong></span> <span class='ocrx_word' id='word_1_60' title='bbox 759 1015 827 1069; x_wconf 91' lang='lat' dir='ltr'><strong>ad</strong></span> <span class='ocrx_word' id='word_1_61' title='bbox 883 1016 1184 1070; x_wconf 79' lang='lat' dir='ltr'><strong>solitariam</strong></span> <span class='ocrx_word' id='word_1_62' title='bbox 1222 1024 1275 1070; x_wconf 93' lang='lat' dir='ltr'><strong>et</strong></span> <span class='ocrx_word' id='word_1_63' title='bbox 1319 1015 1536 1084; x_wconf 85' lang='lat' dir='ltr'><strong>inopem</strong></span> <span class='ocrx_word' id='word_1_64' title='bbox 1568 1017 1736 1069; x_wconf 88' lang='lat' dir='ltr'><strong>vitam</strong></span> <span class='ocrx_word' id='word_1_65' title='bbox 1781 1032 1840 1070; x_wconf 91' lang='lat' dir='ltr'><strong>se</strong></span> <span class='ocrx_word' id='word_1_66' title='bbox 1882 1032 2016 1070; x_wconf 88' lang='lat' dir='ltr'><strong>cou-</strong></span> 
     </span>
    </p>
   </div>
   <div class='ocr_carea' id='block_1_13' title="bbox 448 1105 2015 1176">
    <p class='ocr_par' dir='ltr' id='par_1_13' title="bbox 448 1105 2015 1176">
     <span class='ocr_line' id='line_1_13' title="bbox 448 1105 2015 1176; baseline 0.001 -16"><span class='ocrx_word' id='word_1_67' title='bbox 448 1110 595 1172; x_wconf 88' lang='lat' dir='ltr'><strong>tulit,</strong></span> <span class='ocrx_word' id='word_1_68' title='bbox 629 1110 763 1162; x_wconf 86' lang='lat' dir='ltr'><strong>nihil</strong></span> <span class='ocrx_word' id='word_1_69' title='bbox 805 1123 991 1162; x_wconf 89' lang='lat' dir='ltr'><strong>secum</strong></span> <span class='ocrx_word' id='word_1_70' title='bbox 1023 1115 1219 1176; x_wconf 85' lang='lat' dir='ltr'><strong>practer</strong></span> <span class='ocrx_word' id='word_1_71' title='bbox 1255 1107 1494 1176; x_wconf 90' lang='lat' dir='ltr'><strong>seipsum</strong></span> <span class='ocrx_word' id='word_1_72' title='bbox 1537 1105 1740 1160; x_wconf 80' lang='lat' dir='ltr'><strong>ferens.</strong></span> <span class='ocrx_word' id='word_1_73' title='bbox 1777 1105 2015 1165; x_wconf 82' lang='lat' dir='ltr'><strong>Secutus</strong></span> 
     </span>
    </p>
   </div>
   <div class='ocr_carea' id='block_1_14' title="bbox 448 1197 2018 1268">
    <p class='ocr_par' dir='ltr' id='par_1_14' title="bbox 448 1197 2018 1268">
     <span class='ocr_line' id='line_1_14' title="bbox 448 1197 2018 1268; baseline -0.002 -12"><span class='ocrx_word' id='word_1_74' title='bbox 448 1210 535 1256; x_wconf 87' lang='lat' dir='ltr'><strong>est</strong></span> <span class='ocrx_word' id='word_1_75' title='bbox 572 1217 696 1254; x_wconf 90' lang='lat' dir='ltr'><strong>eum</strong></span> <span class='ocrx_word' id='word_1_76' title='bbox 741 1215 770 1253; x_wconf 92' lang='lat' dir='ltr'><strong>e</strong></span> <span class='ocrx_word' id='word_1_77' title='bbox 828 1199 1148 1253; x_wconf 85' lang='lat' dir='ltr'><strong>domesticis</strong></span> <span class='ocrx_word' id='word_1_78' title='bbox 1199 1213 1342 1252; x_wconf 88' lang='lat' dir='ltr'><strong>unus</strong></span> <span class='ocrx_word' id='word_1_79' title='bbox 1370 1197 1745 1268; x_wconf 74' lang='lat' dir='ltr'><strong>(Ihrysaphius</strong></span> <span class='ocrx_word' id='word_1_80' title='bbox 1796 1200 2018 1253; x_wconf 88' lang='lat' dir='ltr'><strong>nomine</strong></span> 
     </span>
    </p>
   </div>
   <div class='ocr_carea' id='block_1_15' title="bbox 450 1291 2019 1362">
    <p class='ocr_par' dir='ltr' id='par_1_15' title="bbox 450 1291 2019 1362">
     <span class='ocr_line' id='line_1_15' title="bbox 450 1291 2019 1362; baseline 0 -16"><span class='ocrx_word' id='word_1_81' title='bbox 450 1294 540 1362; x_wconf 84' lang='lat' dir='ltr'><strong>qui</strong></span> <span class='ocrx_word' id='word_1_82' title='bbox 573 1302 625 1345; x_wconf 91' lang='lat' dir='ltr'><strong>et</strong></span> <span class='ocrx_word' id='word_1_83' title='bbox 657 1293 807 1344; x_wconf 92' lang='lat' dir='ltr'><strong>illum</strong></span> <span class='ocrx_word' id='word_1_84' title='bbox 854 1292 1135 1360; x_wconf 85' lang='lat' dir='ltr'><strong>diligebat,</strong></span> <span class='ocrx_word' id='word_1_85' title='bbox 1173 1299 1227 1345; x_wconf 90' lang='lat' dir='ltr'><strong>et</strong></span> <span class='ocrx_word' id='word_1_86' title='bbox 1258 1291 1450 1345; x_wconf 88' lang='lat' dir='ltr'><strong>eodem</strong></span> <span class='ocrx_word' id='word_1_87' title='bbox 1486 1292 1610 1345; x_wconf 67' lang='lat' dir='ltr'><strong>vita:</strong></span> <span class='ocrx_word' id='word_1_88' title='bbox 1650 1291 1836 1345; x_wconf 90' lang='lat' dir='ltr'><strong>studio</strong></span> <span class='ocrx_word' id='word_1_89' title='bbox 1869 1299 2019 1346; x_wconf 85' lang='lat' dir='ltr'><strong>tene-</strong></span> 
     </span>
    </p>
   </div>
   <div class='ocr_carea' id='block_1_16' title="bbox 452 1383 2020 1454">
    <p class='ocr_par' dir='ltr' id='par_1_16' title="bbox 452 1383 2020 1454">
     <span class='ocr_line' id='line_1_16' title="bbox 452 1383 2020 1454; baseline -0.001 -16"><span class='ocrx_word' id='word_1_90' title='bbox 452 1388 630 1438; x_wconf 89' lang='lat' dir='ltr'><strong>batur.</strong></span> <span class='ocrx_word' id='word_1_91' title='bbox 677 1383 880 1437; x_wconf 81' lang='lat' dir='ltr'><strong>Nactus</strong></span> <span class='ocrx_word' id='word_1_92' title='bbox 919 1384 1087 1452; x_wconf 80' lang='lat' dir='ltr'><strong>igitur</strong></span> <span class='ocrx_word' id='word_1_93' title='bbox 1142 1399 1421 1438; x_wconf 88' lang='lat' dir='ltr'><strong>secessqu</strong></span> <span class='ocrx_word' id='word_1_94' title='bbox 1463 1385 1753 1452; x_wconf 83' lang='lat' dir='ltr'><strong>quemdam</strong></span> <span class='ocrx_word' id='word_1_95' title='bbox 1796 1392 2020 1454; x_wconf 87' lang='lat' dir='ltr'><strong>pr0pter</strong></span> 
     </span>
    </p>
   </div>
   <div class='ocr_carea' id='block_1_17' title="bbox 452 1474 2019 1546">
    <p class='ocr_par' dir='ltr' id='par_1_17' title="bbox 452 1474 2019 1546">
     <span class='ocr_line' id='line_1_17' title="bbox 452 1474 2019 1546; baseline -0.001 -19"><span class='ocrx_word' id='word_1_96' title='bbox 452 1475 646 1529; x_wconf 90' lang='lat' dir='ltr'><strong>lridem</strong></span> <span class='ocrx_word' id='word_1_97' title='bbox 696 1476 817 1546; x_wconf 90' lang='lat' dir='ltr'><strong>(est</strong></span> <span class='ocrx_word' id='word_1_98' title='bbox 865 1483 1044 1530; x_wconf 90' lang='lat' dir='ltr'><strong>autem</strong></span> <span class='ocrx_word' id='word_1_99' title='bbox 1098 1474 1199 1528; x_wconf 84' lang='lat' dir='ltr'><strong>Iris</strong></span> <span class='ocrx_word' id='word_1_100' title='bbox 1257 1475 1454 1530; x_wconf 91' lang='lat' dir='ltr'><strong>ﬂuvius</strong></span> <span class='ocrx_word' id='word_1_101' title='bbox 1499 1477 1592 1545; x_wconf 89' lang='lat' dir='ltr'><strong>qui</strong></span> <span class='ocrx_word' id='word_1_102' title='bbox 1645 1491 1742 1544; x_wconf 86' lang='lat' dir='ltr'><strong>per</strong></span> <span class='ocrx_word' id='word_1_103' title='bbox 1789 1475 2019 1528; x_wconf 88' lang='lat' dir='ltr'><strong>mediam</strong></span> 
     </span>
    </p>
   </div>
   <div class='ocr_carea' id='block_1_18' title="bbox 453 1565 2022 1637">
    <p class='ocr_par' dir='ltr' id='par_1_18' title="bbox 453 1565 2022 1637">
     <span class='ocr_line' id='line_1_18' title="bbox 453 1565 2022 1637; baseline 0 -17"><span class='ocrx_word' id='word_1_104' title='bbox 453 1567 608 1620; x_wconf 84' lang='lat' dir='ltr'><strong>Ponti</strong></span> <span class='ocrx_word' id='word_1_105' title='bbox 639 1567 970 1637; x_wconf 79' lang='lat' dir='ltr'><strong>provinciam</strong></span> <span class='ocrx_word' id='word_1_106' title='bbox 1001 1567 1218 1630; x_wconf 86' lang='lat' dir='ltr'><strong>labitur,</strong></span> <span class='ocrx_word' id='word_1_107' title='bbox 1251 1576 1405 1622; x_wconf 93' lang='lat' dir='ltr'><strong>ortus</strong></span> <span class='ocrx_word' id='word_1_108' title='bbox 1437 1566 1767 1636; x_wconf 82' lang='lat' dir='ltr'><strong>principium</strong></span> <span class='ocrx_word' id='word_1_109' title='bbox 1801 1567 1867 1619; x_wconf 88' lang='lat' dir='ltr'><strong>ab</strong></span> <span class='ocrx_word' id='word_1_110' title='bbox 1904 1565 2022 1634; x_wconf 89' lang='lat' dir='ltr'><strong>ipsa</strong></span> 
     </span>
    </p>
   </div>
   <div class='ocr_carea' id='block_1_19' title="bbox 452 1652 2025 1724">
    <p class='ocr_par' dir='ltr' id='par_1_19' title="bbox 452 1652 2025 1724">
     <span class='ocr_line' id='line_1_19' title="bbox 452 1652 2025 1724; baseline -0.003 -14"><span class='ocrx_word' id='word_1_111' title='bbox 452 1657 663 1710; x_wconf 80' lang='lat' dir='ltr'><strong>ducens</strong></span> <span class='ocrx_word' id='word_1_112' title='bbox 694 1655 969 1717; x_wconf 85' lang='lat' dir='ltr'><strong>Armenia,</strong></span> <span class='ocrx_word' id='word_1_113' title='bbox 1004 1670 1102 1723; x_wconf 91' lang='lat' dir='ltr'><strong>per</strong></span> <span class='ocrx_word' id='word_1_114' title='bbox 1149 1655 1537 1724; x_wconf 81' lang='lat' dir='ltr'><strong>regionemque</strong></span> <span class='ocrx_word' id='word_1_115' title='bbox 1569 1664 1812 1708; x_wconf 83' lang='lat' dir='ltr'><strong>nostram</strong></span> <span class='ocrx_word' id='word_1_116' title='bbox 1848 1652 2025 1707; x_wconf 90' lang='lat' dir='ltr'><strong>inﬂuit</strong></span> 
     </span>
    </p>
   </div>
   <div class='ocr_carea' id='block_1_20' title="bbox 2113 468 3680 540">
    <p class='ocr_par' dir='ltr' id='par_1_20' title="bbox 2113 468 3680 540">
     <span class='ocr_line' id='line_1_20' title="bbox 2113 468 3680 540; baseline 0.001 -16"><span class='ocrx_word' id='word_1_117' title='bbox 2113 473 2234 535; x_wconf 78' lang='grc' dir='ltr'>δοὺς</span> <span class='ocrx_word' id='word_1_118' title='bbox 2256 471 2364 523; x_wconf 91' lang='grc' dir='ltr'><strong>τῶν</strong></span> <span class='ocrx_word' id='word_1_119' title='bbox 2383 471 2595 524; x_wconf 86' lang='grc' dir='ltr'>οίκείων</span> <span class='ocrx_word' id='word_1_120' title='bbox 2622 469 2796 522; x_wconf 81' lang='grc' dir='ltr'>πόνων</span> <span class='ocrx_word' id='word_1_121' title='bbox 2825 468 2917 521; x_wconf 79' lang='grc' dir='ltr'><strong>ἐπὶ</strong></span> <span class='ocrx_word' id='word_1_122' title='bbox 2950 468 3211 538; x_wconf 79' lang='grc' dir='ltr'><strong>δημοσίας</strong></span> <span class='ocrx_word' id='word_1_123' title='bbox 3236 471 3407 540; x_wconf 81' lang='grc' dir='ltr'><strong>ἀκοῆς</strong></span> <span class='ocrx_word' id='word_1_124' title='bbox 3431 469 3530 534; x_wconf 73' lang='grc' dir='ltr'>τὰς</span> <span class='ocrx_word' id='word_1_125' title='bbox 3551 474 3680 525; x_wconf 84' lang='grc' dir='ltr'>ἀπο-</span> 
     </span>
    </p>
   </div>
   <div class='ocr_carea' id='block_1_21' title="bbox 2114 559 3680 630">
    <p class='ocr_par' dir='ltr' id='par_1_21' title="bbox 2114 559 3680 630">
     <span class='ocr_line' id='line_1_21' title="bbox 2114 559 3680 630; baseline 0.001 -15"><span class='ocrx_word' id='word_1_126' title='bbox 2114 561 2470 625; x_wconf 82' lang='grc' dir='ltr'>δείξεις,ὥστε</span> <span class='ocrx_word' id='word_1_127' title='bbox 2488 561 2635 614; x_wconf 78' lang='grc' dir='ltr'>ἆπαν</span> <span class='ocrx_word' id='word_1_128' title='bbox 2655 560 2740 613; x_wconf 83' lang='grc' dir='ltr'>ἐπ’</span> <span class='ocrx_word' id='word_1_129' title='bbox 2762 559 2911 630; x_wconf 87' lang='grc' dir='ltr'>αὑτῷ</span> <span class='ocrx_word' id='word_1_130' title='bbox 2938 559 3215 630; x_wconf 80' lang='grc' dir='ltr'><strong>σεισθῆναι</strong></span> <span class='ocrx_word' id='word_1_131' title='bbox 3237 561 3347 614; x_wconf 91' lang='grc' dir='ltr'><strong>τῶν</strong></span> <span class='ocrx_word' id='word_1_132' title='bbox 3376 563 3680 616; x_wconf 76' lang='grc' dir='ltr'><strong>ἀκουόντων</strong></span> 
     </span>
    </p>
   </div>
   <div class='ocr_carea' id='block_1_22' title="bbox 2115 649 3687 724">
    <p class='ocr_par' dir='ltr' id='par_1_22' title="bbox 2115 649 3687 724">
     <span class='ocr_line' id='line_1_22' title="bbox 2115 649 3687 724; baseline 0.001 -20"><span class='ocrx_word' id='word_1_133' title='bbox 2115 652 2174 704; x_wconf 75' lang='grc' dir='ltr'>τὸ</span> <span class='ocrx_word' id='word_1_134' title='bbox 2197 653 2437 723; x_wconf 82' lang='grc' dir='ltr'>θέατρον,</span> <span class='ocrx_word' id='word_1_135' title='bbox 2465 650 2582 720; x_wconf 66' lang='grc' dir='ltr'>θείᾳ</span> <span class='ocrx_word' id='word_1_136' title='bbox 2607 651 2713 702; x_wconf 71' lang='grc' dir='ltr'>τινὶ</span> <span class='ocrx_word' id='word_1_137' title='bbox 2742 649 3051 722; x_wconf 79' lang='grc' dir='ltr'>προμηθείᾳ</span> <span class='ocrx_word' id='word_1_138' title='bbox 3078 650 3184 703; x_wconf 92' lang='grc' dir='ltr'><strong>τῶν</strong></span> <span class='ocrx_word' id='word_1_139' title='bbox 3210 654 3267 704; x_wconf 90' lang='grc' dir='ltr'><strong>ἐν</strong></span> <span class='ocrx_word' id='word_1_140' title='bbox 3298 654 3488 724; x_wconf 82' lang='grc' dir='ltr'>χερσὶν</span> <span class='ocrx_word' id='word_1_141' title='bbox 3525 655 3687 708; x_wconf 73' lang='grc' dir='ltr'>ἁπάνο</span> 
     </span>
    </p>
   </div>
   <div class='ocr_carea' id='block_1_23' title="bbox 2116 741 3690 816">
    <p class='ocr_par' dir='ltr' id='par_1_23' title="bbox 2116 741 3690 816">
     <span class='ocr_line' id='line_1_23' title="bbox 2116 741 3690 816; baseline 0.001 -20"><span class='ocrx_word' id='word_1_142' title='bbox 2116 761 2222 796; x_wconf 90' lang='grc' dir='ltr'><strong>των</strong></span> <span class='ocrx_word' id='word_1_143' title='bbox 2252 741 2540 814; x_wconf 82' lang='grc' dir='ltr'>ὑπεριδὼν,</span> <span class='ocrx_word' id='word_1_144' title='bbox 2581 743 2717 814; x_wconf 74' lang='grc' dir='ltr'>πρὸς</span> <span class='ocrx_word' id='word_1_145' title='bbox 2754 742 2846 796; x_wconf 82' lang='grc' dir='ltr'><strong>τὸν</strong></span> <span class='ocrx_word' id='word_1_146' title='bbox 2886 745 3094 814; x_wconf 80' lang='grc' dir='ltr'>μονήρη</span> <span class='ocrx_word' id='word_1_147' title='bbox 3123 745 3216 796; x_wconf 72' lang='grc' dir='ltr'><strong>καὶ</strong></span> <span class='ocrx_word' id='word_1_148' title='bbox 3244 745 3524 815; x_wconf 75' lang='grc' dir='ltr'>ἀκτήμονά</span> <span class='ocrx_word' id='word_1_149' title='bbox 3578 747 3690 816; x_wconf 87' lang='grc' dir='ltr'>βίον</span> 
     </span>
    </p>
   </div>
   <div class='ocr_carea' id='block_1_24' title="bbox 2117 835 3692 908">
    <p class='ocr_par' dir='ltr' id='par_1_24' title="bbox 2117 835 3692 908">
     <span class='ocr_line' id='line_1_24' title="bbox 2117 835 3692 908; baseline 0.002 -18"><span class='ocrx_word' id='word_1_150' title='bbox 2117 837 2357 906; x_wconf 81' lang='grc' dir='ltr'>ἀπῆλθεν</span> <span class='ocrx_word' id='word_1_151' title='bbox 2383 839 2440 889; x_wconf 82' lang='grc' dir='ltr'><strong>ἐν</strong></span> <span class='ocrx_word' id='word_1_152' title='bbox 2473 836 2684 908; x_wconf 78' lang='grc' dir='ltr'>μεγάλῃ</span> <span class='ocrx_word' id='word_1_153' title='bbox 2706 835 2813 888; x_wconf 75' lang='grc' dir='ltr'>τινὶ</span> <span class='ocrx_word' id='word_1_154' title='bbox 2834 836 2934 906; x_wconf 89' lang='grc' dir='ltr'><strong>τῆς</strong></span> <span class='ocrx_word' id='word_1_155' title='bbox 2957 835 3191 900; x_wconf 82' lang='grc' dir='ltr'><strong>διανοίας</strong></span> <span class='ocrx_word' id='word_1_156' title='bbox 3213 839 3373 907; x_wconf 83' lang='grc' dir='ltr'><strong>ὁρμῇ,</strong></span> <span class='ocrx_word' id='word_1_157' title='bbox 3401 839 3555 893; x_wconf 76' lang='grc' dir='ltr'>οὐδὲν</span> <span class='ocrx_word' id='word_1_158' title='bbox 3591 842 3692 892; x_wconf 81' lang='grc' dir='ltr'>ἐπ-</span> 
     </span>
    </p>
   </div>
   <div class='ocr_carea' id='block_1_25' title="bbox 2120 928 3692 1004">
    <p class='ocr_par' dir='ltr' id='par_1_25' title="bbox 2120 928 3692 1004">
     <span class='ocr_line' id='line_1_25' title="bbox 2120 928 3692 1004; baseline 0.003 -23"><span class='ocrx_word' id='word_1_159' title='bbox 2120 930 2382 1000; x_wconf 89' lang='grc' dir='ltr'>αγόμενος</span> <span class='ocrx_word' id='word_1_160' title='bbox 2402 929 2520 999; x_wconf 82' lang='grc' dir='ltr'>μεθ’</span> <span class='ocrx_word' id='word_1_161' title='bbox 2542 929 2735 982; x_wconf 76' lang='grc' dir='ltr'>ἑαυτοῦ</span> <span class='ocrx_word' id='word_1_162' title='bbox 2755 929 2892 1001; x_wconf 77' lang='grc' dir='ltr'>πλὴν</span> <span class='ocrx_word' id='word_1_163' title='bbox 2909 928 3124 981; x_wconf 83' lang='grc' dir='ltr'>ἐαυτοῦ’</span> <span class='ocrx_word' id='word_1_164' title='bbox 3148 929 3329 982; x_wconf 81' lang='grc' dir='ltr'>εἵπετο</span> <span class='ocrx_word' id='word_1_165' title='bbox 3353 931 3409 982; x_wconf 87' lang='grc' dir='ltr'>δέ</span> <span class='ocrx_word' id='word_1_166' title='bbox 3431 948 3516 994; x_wconf 91' lang='grc' dir='ltr'><strong>τις</strong></span> <span class='ocrx_word' id='word_1_167' title='bbox 3541 933 3692 1004; x_wconf 84' lang='grc' dir='ltr'>αύτῷ</span> 
     </span>
    </p>
   </div>
   <div class='ocr_carea' id='block_1_26' title="bbox 2121 1019 3692 1092">
    <p class='ocr_par' dir='ltr' id='par_1_26' title="bbox 2121 1019 3692 1092">
     <span class='ocr_line' id='line_1_26' title="bbox 2121 1019 3692 1092; baseline 0.003 -19"><span class='ocrx_word' id='word_1_168' title='bbox 2121 1023 2212 1073; x_wconf 71' lang='grc' dir='ltr'>καὶ</span> <span class='ocrx_word' id='word_1_169' title='bbox 2229 1019 2336 1073; x_wconf 74' lang='grc' dir='ltr'><strong>τῶν</strong></span> <span class='ocrx_word' id='word_1_170' title='bbox 2350 1019 2576 1073; x_wconf 71' lang='grc' dir='ltr'>οἰκετῶν</span> <span class='ocrx_word' id='word_1_171' title='bbox 2593 1021 2904 1090; x_wconf 75' lang='grc' dir='ltr'>Χρυσάφιος</span> <span class='ocrx_word' id='word_1_172' title='bbox 2929 1019 3184 1091; x_wconf 77' lang='grc' dir='ltr'>τοῦνομα,</span> <span class='ocrx_word' id='word_1_173' title='bbox 3205 1020 3283 1090; x_wconf 82' lang='grc' dir='ltr'>τῷ</span> <span class='ocrx_word' id='word_1_174' title='bbox 3299 1038 3356 1073; x_wconf 90' lang='grc' dir='ltr'><strong>τε</strong></span> <span class='ocrx_word' id='word_1_175' title='bbox 3373 1023 3504 1092; x_wconf 77' lang='grc' dir='ltr'>πρὸς</span> <span class='ocrx_word' id='word_1_176' title='bbox 3530 1025 3692 1077; x_wconf 76' lang='grc' dir='ltr'>αὑτὸν</span> 
     </span>
    </p>
   </div>
   <div class='ocr_carea' id='block_1_27' title="bbox 2122 1111 3690 1184">
    <p class='ocr_par' dir='ltr' id='par_1_27' title="bbox 2122 1111 3690 1184">
     <span class='ocr_line' id='line_1_27' title="bbox 2122 1111 3690 1184; baseline 0.001 -19"><span class='ocrx_word' id='word_1_177' title='bbox 2122 1113 2264 1182; x_wconf 80' lang='grc' dir='ltr'>ἔχειν</span> <span class='ocrx_word' id='word_1_178' title='bbox 2283 1115 2487 1165; x_wconf 68' lang='grc' dir='ltr'>ἐκεῖνον</span> <span class='ocrx_word' id='word_1_179' title='bbox 2510 1111 2846 1181; x_wconf 87' lang='grc' dir='ltr'>ἐπιτηδείως,</span> <span class='ocrx_word' id='word_1_180' title='bbox 2871 1111 2965 1165; x_wconf 75' lang='grc' dir='ltr'><strong>καὶ</strong></span> <span class='ocrx_word' id='word_1_181' title='bbox 2985 1111 3062 1182; x_wconf 82' lang='grc' dir='ltr'>τῷ</span> <span class='ocrx_word' id='word_1_182' title='bbox 3080 1113 3178 1183; x_wconf 83' lang='grc' dir='ltr'>τὴν</span> <span class='ocrx_word' id='word_1_183' title='bbox 3198 1112 3365 1183; x_wconf 76' lang='grc' dir='ltr'>αὐτὴν</span> <span class='ocrx_word' id='word_1_184' title='bbox 3378 1113 3690 1184; x_wconf 83' lang='grc' dir='ltr'>προαίρεσιν</span> 
     </span>
    </p>
   </div>
   <div class='ocr_carea' id='block_1_28' title="bbox 2123 1203 3691 1273">
    <p class='ocr_par' dir='ltr' id='par_1_28' title="bbox 2123 1203 3691 1273">
     <span class='ocr_line' id='line_1_28' title="bbox 2123 1203 3691 1273; baseline 0.001 -18"><span class='ocrx_word' id='word_1_185' title='bbox 2123 1204 2251 1273; x_wconf 60' lang='grc' dir='ltr'><strong>περὶ¹</strong></span> <span class='ocrx_word' id='word_1_186' title='bbox 2278 1203 2369 1256; x_wconf 82' lang='grc' dir='ltr'><strong>τὸν</strong></span> <span class='ocrx_word' id='word_1_187' title='bbox 2404 1203 2516 1273; x_wconf 89' lang='grc' dir='ltr'>βίον</span> <span class='ocrx_word' id='word_1_188' title='bbox 2543 1203 2921 1273; x_wconf 84' lang='grc' dir='ltr'>ἐνστήσασθαι.</span> <span class='ocrx_word' id='word_1_189' title='bbox 2964 1203 3127 1273; x_wconf 90' lang='grc' dir='ltr'>Διῆγε</span> <span class='ocrx_word' id='word_1_190' title='bbox 3150 1203 3327 1256; x_wconf 86' lang='grc' dir='ltr'>τοίνυν</span> <span class='ocrx_word' id='word_1_191' title='bbox 3360 1203 3484 1257; x_wconf 74' lang='grc' dir='ltr'>καθ’</span> <span class='ocrx_word' id='word_1_192' title='bbox 3509 1205 3691 1258; x_wconf 80' lang='grc' dir='ltr'>ἑαυτὸν</span> 
     </span>
    </p>
   </div>
   <div class='ocr_carea' id='block_1_29' title="bbox 2125 1295 3693 1370">
    <p class='ocr_par' dir='ltr' id='par_1_29' title="bbox 2125 1295 3693 1370">
     <span class='ocr_line' id='line_1_29' title="bbox 2125 1295 3693 1370; baseline 0.002 -21"><span class='ocrx_word' id='word_1_193' title='bbox 2125 1297 2382 1366; x_wconf 84' lang='grc' dir='ltr'>ἐσχατιάν</span> <span class='ocrx_word' id='word_1_194' title='bbox 2412 1313 2534 1349; x_wconf 88' lang='grc' dir='ltr'>τινα</span> <span class='ocrx_word' id='word_1_195' title='bbox 2564 1295 2901 1360; x_wconf 79' lang='grc' dir='ltr'>καταλαϐὼν,</span> <span class='ocrx_word' id='word_1_196' title='bbox 2942 1296 3076 1367; x_wconf 79' lang='grc' dir='ltr'>πρὸς</span> <span class='ocrx_word' id='word_1_197' title='bbox 3107 1295 3184 1366; x_wconf 82' lang='grc' dir='ltr'><strong>τῷ</strong></span> <span class='ocrx_word' id='word_1_198' title='bbox 3217 1297 3394 1366; x_wconf 84' lang='grc' dir='ltr'>Ἴριδι.</span> <span class='ocrx_word' id='word_1_199' title='bbox 3446 1299 3693 1370; x_wconf 78' lang='grc' dir='ltr'>Ποταμδς</span> 
     </span>
    </p>
   </div>
   <div class='ocr_carea' id='block_1_30' title="bbox 2125 1384 3696 1459">
    <p class='ocr_par' dir='ltr' id='par_1_30' title="bbox 2125 1384 3696 1459">
     <span class='ocr_line' id='line_1_30' title="bbox 2125 1384 3696 1459; baseline 0.001 -17"><span class='ocrx_word' id='word_1_200' title='bbox 2125 1389 2182 1442; x_wconf 85' lang='grc' dir='ltr'><strong>δέ</strong></span> <span class='ocrx_word' id='word_1_201' title='bbox 2207 1390 2235 1440; x_wconf 99' lang='lat'><strong>6</strong></span> <span class='ocrx_word' id='word_1_202' title='bbox 2259 1384 2398 1458; x_wconf 87' lang='grc' dir='ltr'>Ἶρις</span> <span class='ocrx_word' id='word_1_203' title='bbox 2429 1388 2564 1453; x_wconf 74' lang='grc' dir='ltr'>ἐστὶ,</span> <span class='ocrx_word' id='word_1_204' title='bbox 2595 1387 2756 1458; x_wconf 82' lang='grc' dir='ltr'>μέσον</span> <span class='ocrx_word' id='word_1_205' title='bbox 2788 1387 3050 1459; x_wconf 77' lang='grc' dir='ltr'>διαρρέων</span> <span class='ocrx_word' id='word_1_206' title='bbox 3094 1389 3184 1441; x_wconf 78' lang='grc' dir='ltr'><strong>τὸν</strong></span> <span class='ocrx_word' id='word_1_207' title='bbox 3215 1390 3414 1443; x_wconf 81' lang='grc' dir='ltr'>Πόντον</span> <span class='ocrx_word' id='word_1_208' title='bbox 3438 1404 3455 1420; x_wconf 84' lang='grc'>⁶</span> <span class='ocrx_word' id='word_1_209' title='bbox 3508 1391 3568 1454; x_wconf 84' lang='grc' dir='ltr'>ὃς</span> <span class='ocrx_word' id='word_1_210' title='bbox 3602 1392 3696 1444; x_wconf 80' lang='grc' dir='ltr'><strong>ἀπ’</strong></span> 
     </span>
    </p>
   </div>
   <div class='ocr_carea' id='block_1_31' title="bbox 2127 1477 3701 1552">
    <p class='ocr_par' dir='ltr' id='par_1_31' title="bbox 2127 1477 3701 1552">
     <span class='ocr_line' id='line_1_31' title="bbox 2127 1477 3701 1552; baseline 0.001 -19"><span class='ocrx_word' id='word_1_211' title='bbox 2127 1479 2298 1549; x_wconf 78' lang='grc' dir='ltr'>αὐτῆς</span> <span class='ocrx_word' id='word_1_212' title='bbox 2318 1478 2417 1549; x_wconf 88' lang='grc' dir='ltr'><strong>τῆς</strong></span> <span class='ocrx_word' id='word_1_213' title='bbox 2451 1479 2736 1550; x_wconf 82' lang='grc' dir='ltr'>Ἀρμενίας</span> <span class='ocrx_word' id='word_1_214' title='bbox 2757 1477 2853 1540; x_wconf 78' lang='grc' dir='ltr'>τὰς</span> <span class='ocrx_word' id='word_1_215' title='bbox 2876 1477 3050 1550; x_wconf 80' lang='grc' dir='ltr'>ἀρχὰς</span> <span class='ocrx_word' id='word_1_216' title='bbox 3075 1479 3231 1549; x_wconf 74' lang='grc' dir='ltr'>ἔχων,</span> <span class='ocrx_word' id='word_1_217' title='bbox 3261 1479 3347 1533; x_wconf 81' lang='grc' dir='ltr'>διὰ</span> <span class='ocrx_word' id='word_1_218' title='bbox 3369 1481 3475 1533; x_wconf 91' lang='grc' dir='ltr'><strong>τῶν</strong></span> <span class='ocrx_word' id='word_1_219' title='bbox 3501 1480 3701 1552; x_wconf 77' lang='grc' dir='ltr'>ήμετέο</span> 
     </span>
    </p>
   </div>
   <div class='ocr_carea' id='block_1_32' title="bbox 2132 1569 3700 1643">
    <p class='ocr_par' dir='ltr' id='par_1_32' title="bbox 2132 1569 3700 1643">
     <span class='ocr_line' id='line_1_32' title="bbox 2132 1569 3700 1643; baseline 0.002 -20"><span class='ocrx_word' id='word_1_220' title='bbox 2132 1587 2240 1641; x_wconf 88' lang='grc' dir='ltr'><strong>ρων</strong></span> <span class='ocrx_word' id='word_1_221' title='bbox 2268 1569 2469 1632; x_wconf 88' lang='grc' dir='ltr'>τόπων,</span> <span class='ocrx_word' id='word_1_222' title='bbox 2501 1570 2594 1622; x_wconf 67' lang='grc' dir='ltr'><strong>ἐπὶ</strong></span> <span class='ocrx_word' id='word_1_223' title='bbox 2621 1569 2711 1622; x_wconf 83' lang='grc' dir='ltr'><strong>τὸν</strong></span> <span class='ocrx_word' id='word_1_224' title='bbox 2743 1569 2994 1635; x_wconf 80' lang='grc' dir='ltr'>Εὐξείνου</span> <span class='ocrx_word' id='word_1_225' title='bbox 3028 1570 3225 1623; x_wconf 80' lang='grc' dir='ltr'>Πόντον</span> <span class='ocrx_word' id='word_1_226' title='bbox 3269 1572 3330 1625; x_wconf 81' lang='grc' dir='ltr'>τὸ</span> <span class='ocrx_word' id='word_1_227' title='bbox 3360 1572 3571 1643; x_wconf 76' lang='grc' dir='ltr'>ῥεῖθρον</span> <span class='ocrx_word' id='word_1_228' title='bbox 3605 1575 3700 1626; x_wconf 81' lang='grc' dir='ltr'>ἐκ·</span> 
     </span>
    </p>
   </div>
   <div class='ocr_carea' id='block_1_33' title="bbox 2130 1659 3701 1738">
    <p class='ocr_par' dir='ltr' id='par_1_33' title="bbox 2130 1659 3701 1738">
     <span class='ocr_line' id='line_1_33' title="bbox 2130 1659 3701 1738; baseline 0.001 -23"><span class='ocrx_word' id='word_1_229' title='bbox 2130 1663 2336 1715; x_wconf 90' lang='grc' dir='ltr'>δίδωσι.</span> <span class='ocrx_word' id='word_1_230' title='bbox 2377 1662 2511 1731; x_wconf 74' lang='grc' dir='ltr'>Περὶ</span> <span class='ocrx_word' id='word_1_231' title='bbox 2535 1661 2722 1714; x_wconf 79' lang='grc' dir='ltr'>τοῦτον</span> <span class='ocrx_word' id='word_1_232' title='bbox 2752 1659 2925 1734; x_wconf 82' lang='grc' dir='ltr'>εὑρών</span> <span class='ocrx_word' id='word_1_233' title='bbox 2950 1679 3070 1715; x_wconf 89' lang='grc' dir='ltr'>τινα</span> <span class='ocrx_word' id='word_1_234' title='bbox 3111 1662 3275 1716; x_wconf 87' lang='grc' dir='ltr'>τόπον</span> <span class='ocrx_word' id='word_1_235' title='bbox 3303 1665 3331 1716; x_wconf 91' lang='grc' dir='ltr'><strong>ὁ</strong></span> <span class='ocrx_word' id='word_1_236' title='bbox 3358 1664 3571 1727; x_wconf 75' lang='grc' dir='ltr'>νεανίας</span> <span class='ocrx_word' id='word_1_237' title='bbox 3601 1664 3701 1738; x_wconf 75' lang='grc' dir='ltr'>ὖλῃ</span> 
     </span>
    </p>
   </div>
   <div class='ocr_carea' id='block_1_34' title="bbox 456 1739 2035 1826">
    <p class='ocr_par' dir='ltr' id='par_1_34' title="bbox 456 1745 2030 1816">
     <span class='ocr_line' id='line_1_34' title="bbox 456 1745 2030 1816; baseline -0.001 -17"><span class='ocrx_word' id='word_1_238' title='bbox 456 1749 510 1800; x_wconf 91' lang='lat' dir='ltr'><strong>in</strong></span> <span class='ocrx_word' id='word_1_239' title='bbox 559 1748 793 1799; x_wconf 87' lang='lat' dir='ltr'><strong>Pontum</strong></span> <span class='ocrx_word' id='word_1_240' title='bbox 837 1745 1172 1814; x_wconf 78' lang='lat' dir='ltr'><strong>Euxinum),</strong></span> <span class='ocrx_word' id='word_1_241' title='bbox 1208 1748 1350 1816; x_wconf 90' lang='lat' dir='ltr'><strong>apud</strong></span> <span class='ocrx_word' id='word_1_242' title='bbox 1398 1748 1542 1802; x_wconf 87' lang='lat' dir='ltr'><strong>hunc</strong></span> <span class='ocrx_word' id='word_1_243' title='bbox 1575 1746 1798 1801; x_wconf 86' lang='lat' dir='ltr'><strong>ﬂuvium</strong></span> <span class='ocrx_word' id='word_1_244' title='bbox 1836 1753 2030 1800; x_wconf 89' lang='lat' dir='ltr'><strong>nactus</strong></span> 
     </span>
    </p>
   </div>
   <div class='ocr_carea' id='block_1_35' title="bbox 2140 1739 3700 1826">
    <p class='ocr_par' dir='ltr' id='par_1_35' title="bbox 2140 1753 3700 1826">
     <span class='ocr_line' id='line_1_35' title="bbox 2140 1753 3700 1826; baseline 0 -18"><span class='ocrx_word' id='word_1_245' title='bbox 2140 1754 2322 1825; x_wconf 73' lang='grc' dir='ltr'>βαθείᾳ</span> <span class='ocrx_word' id='word_1_246' title='bbox 2353 1753 2626 1824; x_wconf 86' lang='grc' dir='ltr'>κομῶντα,</span> <span class='ocrx_word' id='word_1_247' title='bbox 2672 1754 2762 1806; x_wconf 72' lang='grc' dir='ltr'><strong>καὶ</strong></span> <span class='ocrx_word' id='word_1_248' title='bbox 2791 1753 2951 1822; x_wconf 77' lang='grc' dir='ltr'>λόφον</span> <span class='ocrx_word' id='word_1_249' title='bbox 2977 1753 3100 1806; x_wconf 78' lang='grc' dir='ltr'>τινὰ</span> <span class='ocrx_word' id='word_1_250' title='bbox 3130 1754 3228 1819; x_wconf 85' lang='grc' dir='ltr'><strong>τῆς</strong></span> <span class='ocrx_word' id='word_1_251' title='bbox 3260 1756 3700 1826; x_wconf 77' lang='grc' dir='ltr'>ὑπερτεταμένης</span> 
     </span>
    </p>
   </div>
   <div class='ocr_carea' id='block_1_36' title="bbox 454 1839 2020 1908">
    <p class='ocr_par' dir='ltr' id='par_1_36' title="bbox 454 1839 2020 1908">
     <span class='ocr_line' id='line_1_36' title="bbox 454 1839 2020 1908; baseline 0 -16"><span class='ocrx_word' id='word_1_252' title='bbox 454 1839 777 1892; x_wconf 74' lang='lat' dir='ltr'><strong>adolescens</strong></span> <span class='ocrx_word' id='word_1_253' title='bbox 842 1839 1020 1892; x_wconf 92' lang='lat' dir='ltr'><strong>locum</strong></span> <span class='ocrx_word' id='word_1_254' title='bbox 1096 1840 1386 1908; x_wconf 88' lang='lat' dir='ltr'><strong>quemdam</strong></span> <span class='ocrx_word' id='word_1_255' title='bbox 1448 1839 1637 1896; x_wconf 88' lang='lat' dir='ltr'><strong>densis</strong></span> <span class='ocrx_word' id='word_1_256' title='bbox 1699 1839 2020 1895; x_wconf 89' lang='lat' dir='ltr'><strong>nemoribus</strong></span> 
     </span>
    </p>
   </div>
   <div class='ocr_carea' id='block_1_37' title="bbox 453 1930 2020 2000">
    <p class='ocr_par' dir='ltr' id='par_1_37' title="bbox 453 1930 2020 2000">
     <span class='ocr_line' id='line_1_37' title="bbox 453 1930 2020 2000; baseline 0.002 -19"><span class='ocrx_word' id='word_1_257' title='bbox 453 1931 749 1989; x_wconf 86' lang='lat' dir='ltr'><strong>consitum.</strong></span> <span class='ocrx_word' id='word_1_258' title='bbox 791 1942 844 1983; x_wconf 86' lang='lat' dir='ltr'><strong>et</strong></span> <span class='ocrx_word' id='word_1_259' title='bbox 881 1930 1074 1982; x_wconf 89' lang='lat' dir='ltr'><strong>collem</strong></span> <span class='ocrx_word' id='word_1_260' title='bbox 1107 1931 1272 1982; x_wconf 90' lang='lat' dir='ltr'><strong>dorso</strong></span> <span class='ocrx_word' id='word_1_261' title='bbox 1312 1932 1557 1998; x_wconf 70' lang='lat' dir='ltr'><strong>praecelsi</strong></span> <span class='ocrx_word' id='word_1_262' title='bbox 1594 1933 1795 1986; x_wconf 86' lang='lat' dir='ltr'><strong>montis</strong></span> <span class='ocrx_word' id='word_1_263' title='bbox 1825 1947 2020 2000; x_wconf 90' lang='lat' dir='ltr'><strong>snper-</strong></span> 
     </span>
    </p>
   </div>
   <div class='ocr_carea' id='block_1_38' title="bbox 455 2017 2023 2088">
    <p class='ocr_par' dir='ltr' id='par_1_38' title="bbox 455 2017 2023 2088">
     <span class='ocr_line' id='line_1_38' title="bbox 455 2017 2023 2088; baseline -0.001 -15"><span class='ocrx_word' id='word_1_264' title='bbox 455 2031 686 2074; x_wconf 79' lang='lat' dir='ltr'><strong>exteuso</strong></span> <span class='ocrx_word' id='word_1_265' title='bbox 715 2018 1078 2080; x_wconf 79' lang='lat' dir='ltr'><strong>reconditum,</strong></span> <span class='ocrx_word' id='word_1_266' title='bbox 1133 2017 1185 2070; x_wconf 93' lang='lat' dir='ltr'><strong>in</strong></span> <span class='ocrx_word' id='word_1_267' title='bbox 1220 2033 1286 2072; x_wconf 92' lang='lat' dir='ltr'><strong>eo</strong></span> <span class='ocrx_word' id='word_1_268' title='bbox 1318 2020 1505 2088; x_wconf 85' lang='lat' dir='ltr'><strong>procul</strong></span> <span class='ocrx_word' id='word_1_269' title='bbox 1551 2022 1619 2074; x_wconf 86' lang='lat' dir='ltr'><strong>ab</strong></span> <span class='ocrx_word' id='word_1_270' title='bbox 1667 2021 1892 2075; x_wconf 83' lang='lat' dir='ltr'><strong>urbanis</strong></span> <span class='ocrx_word' id='word_1_271' title='bbox 1944 2029 2023 2072; x_wconf 86' lang='lat' dir='ltr'><strong>tu-</strong></span> 
     </span>
    </p>
   </div>
   <div class='ocr_carea' id='block_1_39' title="bbox 457 2109 2024 2180">
    <p class='ocr_par' dir='ltr' id='par_1_39' title="bbox 457 2109 2024 2180">
     <span class='ocr_line' id='line_1_39' title="bbox 457 2109 2024 2180; baseline 0 -16"><span class='ocrx_word' id='word_1_272' title='bbox 457 2113 721 2164; x_wconf 89' lang='lat' dir='ltr'><strong>multibus</strong></span> <span class='ocrx_word' id='word_1_273' title='bbox 769 2109 1132 2177; x_wconf 86' lang='lat' dir='ltr'><strong>omnibusque</strong></span> <span class='ocrx_word' id='word_1_274' title='bbox 1165 2117 1276 2162; x_wconf 88' lang='lat' dir='ltr'><strong>tum</strong></span> <span class='ocrx_word' id='word_1_275' title='bbox 1317 2110 1523 2164; x_wconf 67' lang='lat' dir='ltr'><strong>militiae</strong></span> <span class='ocrx_word' id='word_1_276' title='bbox 1554 2120 1666 2163; x_wconf 88' lang='lat' dir='ltr'><strong>tttm</strong></span> <span class='ocrx_word' id='word_1_277' title='bbox 1694 2111 2024 2180; x_wconf 85' lang='lat' dir='ltr'><strong>judiciorum</strong></span> 
     </span>
    </p>
   </div>
   <div class='ocr_carea' id='block_1_40' title="bbox 458 2201 2026 2272">
    <p class='ocr_par' dir='ltr' id='par_1_40' title="bbox 458 2201 2026 2272">
     <span class='ocr_line' id='line_1_40' title="bbox 458 2201 2026 2272; baseline 0 -16"><span class='ocrx_word' id='word_1_278' title='bbox 458 2201 961 2272; x_wconf 78' lang='lat' dir='ltr'><strong>perturbationibus</strong></span> <span class='ocrx_word' id='word_1_279' title='bbox 991 2210 1042 2254; x_wconf 87' lang='lat' dir='ltr'><strong>et</strong></span> <span class='ocrx_word' id='word_1_280' title='bbox 1068 2201 1300 2269; x_wconf 85' lang='lat' dir='ltr'><strong>strepitu</strong></span> <span class='ocrx_word' id='word_1_281' title='bbox 1333 2203 1685 2267; x_wconf 89' lang='lat' dir='ltr'><strong>constitutus,</strong></span> <span class='ocrx_word' id='word_1_282' title='bbox 1707 2204 1870 2258; x_wconf 86' lang='lat' dir='ltr'><strong>vitam</strong></span> <span class='ocrx_word' id='word_1_283' title='bbox 1902 2217 2026 2272; x_wconf 88' lang='lat' dir='ltr'><strong>age-</strong></span> 
     </span>
    </p>
   </div>
   <div class='ocr_carea' id='block_1_41' title="bbox 459 2289 2027 2360">
    <p class='ocr_par' dir='ltr' id='par_1_41' title="bbox 459 2289 2027 2360">
     <span class='ocr_line' id='line_1_41' title="bbox 459 2289 2027 2360; baseline -0.006 -12"><span class='ocrx_word' id='word_1_284' title='bbox 459 2294 572 2356; x_wconf 87' lang='lat' dir='ltr'><strong>bat,</strong></span> <span class='ocrx_word' id='word_1_285' title='bbox 607 2305 776 2360; x_wconf 86' lang='lat' dir='ltr'><strong>seque</strong></span> <span class='ocrx_word' id='word_1_286' title='bbox 823 2289 892 2342; x_wconf 89' lang='lat' dir='ltr'><strong>ab</strong></span> <span class='ocrx_word' id='word_1_287' title='bbox 936 2289 1045 2343; x_wconf 88' lang='lat' dir='ltr'><strong>illis</strong></span> <span class='ocrx_word' id='word_1_288' title='bbox 1091 2289 1379 2351; x_wconf 85' lang='lat' dir='ltr'><strong>molestiis,</strong></span> <span class='ocrx_word' id='word_1_289' title='bbox 1411 2289 1612 2358; x_wconf 87' lang='lat' dir='ltr'><strong>quibus</strong></span> <span class='ocrx_word' id='word_1_290' title='bbox 1643 2289 1879 2341; x_wconf 89' lang='lat' dir='ltr'><strong>humana</strong></span> <span class='ocrx_word' id='word_1_291' title='bbox 1913 2289 2027 2340; x_wconf 89' lang='lat' dir='ltr'><strong>vita</strong></span> 
     </span>
    </p>
   </div>
   <div class='ocr_carea' id='block_1_42' title="bbox 458 2380 2029 2450">
    <p class='ocr_par' dir='ltr' id='par_1_42' title="bbox 458 2380 2029 2450">
     <span class='ocr_line' id='line_1_42' title="bbox 458 2380 2029 2450; baseline -0.005 -8"><span class='ocrx_word' id='word_1_292' title='bbox 458 2395 712 2447; x_wconf 79' lang='lat' dir='ltr'><strong>vexatur,</strong></span> <span class='ocrx_word' id='word_1_293' title='bbox 745 2385 1006 2445; x_wconf 87' lang='lat' dir='ltr'><strong>liberans,</strong></span> <span class='ocrx_word' id='word_1_294' title='bbox 1041 2397 1200 2437; x_wconf 90' lang='lat' dir='ltr'><strong>senes</strong></span> <span class='ocrx_word' id='word_1_295' title='bbox 1251 2381 1518 2450; x_wconf 87' lang='lat' dir='ltr'><strong>quosdam</strong></span> <span class='ocrx_word' id='word_1_296' title='bbox 1573 2382 1734 2436; x_wconf 88' lang='lat' dir='ltr'><strong>simul</strong></span> <span class='ocrx_word' id='word_1_297' title='bbox 1785 2380 2029 2434; x_wconf 81' lang='lat' dir='ltr'><strong>viventes</strong></span> 
     </span>
    </p>
   </div>
   <div class='ocr_carea' id='block_1_43' title="bbox 459 2471 2031 2548">
    <p class='ocr_par' dir='ltr' id='par_1_43' title="bbox 459 2471 2031 2548">
     <span class='ocr_line' id='line_1_43' title="bbox 459 2471 2031 2548; baseline -0.004 -16"><span class='ocrx_word' id='word_1_298' title='bbox 459 2485 703 2548; x_wconf 79' lang='lat' dir='ltr'><strong>egestate</strong></span> <span class='ocrx_word' id='word_1_299' title='bbox 747 2483 802 2529; x_wconf 92' lang='lat' dir='ltr'><strong>et</strong></span> <span class='ocrx_word' id='word_1_300' title='bbox 847 2474 1040 2527; x_wconf 90' lang='lat' dir='ltr'><strong>morbo</strong></span> <span class='ocrx_word' id='word_1_301' title='bbox 1079 2474 1392 2528; x_wconf 83' lang='lat' dir='ltr'><strong>laborantes</strong></span> <span class='ocrx_word' id='word_1_302' title='bbox 1415 2473 1676 2536; x_wconf 88' lang='lat' dir='ltr'><strong>curabat,</strong></span> <span class='ocrx_word' id='word_1_303' title='bbox 1707 2471 1948 2525; x_wconf 88' lang='lat' dir='ltr'><strong>studium</strong></span> <span class='ocrx_word' id='word_1_304' title='bbox 1978 2477 2031 2525; x_wconf 80' lang='lat' dir='ltr'><strong>et</strong></span> 
     </span>
    </p>
   </div>
   <div class='ocr_carea' id='block_1_44' title="bbox 464 2563 2031 2639">
    <p class='ocr_par' dir='ltr' id='par_1_44' title="bbox 464 2563 2031 2639">
     <span class='ocr_line' id='line_1_44' title="bbox 464 2563 2031 2639; baseline -0.005 -15"><span class='ocrx_word' id='word_1_305' title='bbox 464 2569 742 2639; x_wconf 88' lang='lat' dir='ltr'><strong>negotium</strong></span> <span class='ocrx_word' id='word_1_306' title='bbox 777 2566 908 2620; x_wconf 86' lang='lat' dir='ltr'><strong>illud</strong></span> <span class='ocrx_word' id='word_1_307' title='bbox 948 2574 1144 2634; x_wconf 88' lang='lat' dir='ltr'><strong>putans</strong></span> <span class='ocrx_word' id='word_1_308' title='bbox 1175 2580 1205 2618; x_wconf 91' lang='lat' dir='ltr'><strong>a</strong></span> <span class='ocrx_word' id='word_1_309' title='bbox 1250 2579 1350 2618; x_wconf 89' lang='lat' dir='ltr'><strong>suo</strong></span> <span class='ocrx_word' id='word_1_310' title='bbox 1384 2564 1598 2618; x_wconf 79' lang='lat' dir='ltr'><strong>vivendi</strong></span> <span class='ocrx_word' id='word_1_311' title='bbox 1636 2563 1891 2617; x_wconf 82' lang='lat' dir='ltr'><strong>inStituto</strong></span> <span class='ocrx_word' id='word_1_312' title='bbox 1922 2577 2031 2616; x_wconf 92' lang='lat' dir='ltr'><strong>non</strong></span> 
     </span>
    </p>
   </div>
   <div class='ocr_carea' id='block_1_45' title="bbox 465 2655 2038 2725">
    <p class='ocr_par' dir='ltr' id='par_1_45' title="bbox 465 2655 2038 2725">
     <span class='ocr_line' id='line_1_45' title="bbox 465 2655 2038 2725; baseline -0.004 -10"><span class='ocrx_word' id='word_1_313' title='bbox 465 2663 780 2715; x_wconf 88' lang='lat' dir='ltr'><strong>abhorrere.</strong></span> <span class='ocrx_word' id='word_1_314' title='bbox 826 2656 1090 2712; x_wconf 74' lang='lat' dir='ltr'><strong>Venando</strong></span> <span class='ocrx_word' id='word_1_315' title='bbox 1135 2656 1304 2725; x_wconf 82' lang='lat' dir='ltr'><strong>igitur</strong></span> <span class='ocrx_word' id='word_1_316' title='bbox 1328 2655 1629 2725; x_wconf 87' lang='lat' dir='ltr'><strong>(quoniam</strong></span> <span class='ocrx_word' id='word_1_317' title='bbox 1666 2655 1731 2708; x_wconf 88' lang='lat' dir='ltr'><strong>ad</strong></span> <span class='ocrx_word' id='word_1_318' title='bbox 1760 2669 1921 2708; x_wconf 91' lang='lat' dir='ltr'><strong>omne</strong></span> <span class='ocrx_word' id='word_1_319' title='bbox 1948 2668 2038 2723; x_wconf 78' lang='lat' dir='ltr'><strong>ge-</strong></span> 
     </span>
    </p>
   </div>
   <div class='ocr_carea' id='block_1_46' title="bbox 467 2747 2033 2814">
    <p class='ocr_par' dir='ltr' id='par_1_46' title="bbox 467 2747 2033 2814">
     <span class='ocr_line' id='line_1_46' title="bbox 467 2747 2033 2814; baseline -0.004 -9"><span class='ocrx_word' id='word_1_320' title='bbox 467 2767 572 2806; x_wconf 87' lang='lat' dir='ltr'><strong>nus</strong></span> <span class='ocrx_word' id='word_1_321' title='bbox 614 2750 879 2804; x_wconf 71' lang='lat' dir='ltr'><strong>venatica:</strong></span> <span class='ocrx_word' id='word_1_322' title='bbox 908 2748 1194 2802; x_wconf 47' lang='lat' dir='ltr'><strong>industria).</strong></span> <span class='ocrx_word' id='word_1_323' title='bbox 1225 2747 1618 2802; x_wconf 85' lang='lat' dir='ltr'><strong>solertissimus</strong></span> <span class='ocrx_word' id='word_1_324' title='bbox 1639 2748 1790 2814; x_wconf 91' lang='lat' dir='ltr'><strong>erat)</strong></span> <span class='ocrx_word' id='word_1_325' title='bbox 1828 2748 2033 2798; x_wconf 89' lang='lat' dir='ltr'><strong>victum</strong></span> 
     </span>
    </p>
   </div>
   <div class='ocr_carea' id='block_1_47' title="bbox 468 2836 2037 2908">
    <p class='ocr_par' dir='ltr' id='par_1_47' title="bbox 468 2836 2037 2908">
     <span class='ocr_line' id='line_1_47' title="bbox 468 2836 2037 2908; baseline -0.006 -12"><span class='ocrx_word' id='word_1_326' title='bbox 468 2841 694 2896; x_wconf 88' lang='lat' dir='ltr'><strong>senibus</strong></span> <span class='ocrx_word' id='word_1_327' title='bbox 728 2838 1072 2908; x_wconf 57' lang='lat' dir='ltr'><strong>quatritabat,</strong></span> <span class='ocrx_word' id='word_1_328' title='bbox 1115 2844 1169 2890; x_wconf 91' lang='lat' dir='ltr'><strong>et</strong></span> <span class='ocrx_word' id='word_1_329' title='bbox 1191 2837 1278 2889; x_wconf 91' lang='lat' dir='ltr'><strong>bis</strong></span> <span class='ocrx_word' id='word_1_330' title='bbox 1309 2837 1588 2890; x_wconf 87' lang='lat' dir='ltr'><strong>laboribus</strong></span> <span class='ocrx_word' id='word_1_331' title='bbox 1624 2838 1828 2906; x_wconf 90' lang='lat' dir='ltr'><strong>pariter</strong></span> <span class='ocrx_word' id='word_1_332' title='bbox 1855 2836 2037 2889; x_wconf 90' lang='lat' dir='ltr'><strong>doma-</strong></span> 
     </span>
    </p>
   </div>
   <div class='ocr_carea' id='block_1_48' title="bbox 469 2928 2040 2987">
    <p class='ocr_par' dir='ltr' id='par_1_48' title="bbox 469 2928 2040 2987">
     <span class='ocr_line' id='line_1_48' title="bbox 469 2928 2040 2987; baseline -0.005 0"><span class='ocrx_word' id='word_1_333' title='bbox 469 2934 564 2987; x_wconf 86' lang='lat' dir='ltr'><strong>bat</strong></span> <span class='ocrx_word' id='word_1_334' title='bbox 618 2931 1086 2985; x_wconf 88' lang='lat' dir='ltr'><strong>adolescentiam:</strong></span> <span class='ocrx_word' id='word_1_335' title='bbox 1122 2944 1222 2982; x_wconf 83' lang='lat' dir='ltr'><strong>nec</strong></span> <span class='ocrx_word' id='word_1_336' title='bbox 1263 2929 1333 2981; x_wconf 91' lang='lat' dir='ltr'><strong>ob</strong></span> <span class='ocrx_word' id='word_1_337' title='bbox 1386 2929 1436 2981; x_wconf 87' lang='lat' dir='ltr'><strong>id</strong></span> <span class='ocrx_word' id='word_1_338' title='bbox 1495 2929 1662 2981; x_wconf 86' lang='lat' dir='ltr'><strong>alacri</strong></span> <span class='ocrx_word' id='word_1_339' title='bbox 1716 2928 1900 2981; x_wconf 90' lang='lat' dir='ltr'><strong>animo</strong></span> <span class='ocrx_word' id='word_1_340' title='bbox 1931 2942 2040 2980; x_wconf 89' lang='lat' dir='ltr'><strong>ma-</strong></span> 
     </span>
    </p>
   </div>
   <div class='ocr_carea' id='block_1_49' title="bbox 473 3019 2038 3091">
    <p class='ocr_par' dir='ltr' id='par_1_49' title="bbox 473 3019 2038 3091">
     <span class='ocr_line' id='line_1_49' title="bbox 473 3019 2038 3091; baseline -0.004 -10"><span class='ocrx_word' id='word_1_341' title='bbox 473 3039 640 3081; x_wconf 63' lang='lat' dir='ltr'><strong>terna:</strong></span> <span class='ocrx_word' id='word_1_342' title='bbox 681 3024 948 3078; x_wconf 87' lang='lat' dir='ltr'><strong>voluntati</strong></span> <span class='ocrx_word' id='word_1_343' title='bbox 997 3037 1186 3091; x_wconf 86' lang='lat' dir='ltr'><strong>parere</strong></span> <span class='ocrx_word' id='word_1_344' title='bbox 1225 3021 1528 3083; x_wconf 86' lang='lat' dir='ltr'><strong>desinebat,</strong></span> <span class='ocrx_word' id='word_1_345' title='bbox 1583 3020 1629 3076; x_wconf 88' lang='lat' dir='ltr'><strong>si</strong></span> <span class='ocrx_word' id='word_1_346' title='bbox 1670 3019 1802 3089; x_wconf 89' lang='lat' dir='ltr'><strong>quid</strong></span> <span class='ocrx_word' id='word_1_347' title='bbox 1853 3021 1922 3074; x_wconf 91' lang='lat' dir='ltr'><strong>ab</strong></span> <span class='ocrx_word' id='word_1_348' title='bbox 1974 3035 2038 3074; x_wconf 83' lang='lat' dir='ltr'><strong>ea</strong></span> 
     </span>
    </p>
   </div>
   <div class='ocr_carea' id='block_1_50' title="bbox 2125 1845 3700 1916">
    <p class='ocr_par' dir='ltr' id='par_1_50' title="bbox 2125 1845 3700 1916">
     <span class='ocr_line' id='line_1_50' title="bbox 2125 1845 3700 1916; baseline -0.001 -17"><span class='ocrx_word' id='word_1_349' title='bbox 2125 1846 2218 1899; x_wconf 73' lang='grc' dir='ltr'>τοῦ</span> <span class='ocrx_word' id='word_1_350' title='bbox 2243 1846 2403 1915; x_wconf 81' lang='grc' dir='ltr'>ὅρους</span> <span class='ocrx_word' id='word_1_351' title='bbox 2429 1845 2618 1916; x_wconf 76' lang='grc' dir='ltr'>ῥαχίας</span> <span class='ocrx_word' id='word_1_352' title='bbox 2647 1845 3109 1915; x_wconf 80' lang='grc' dir='ltr'>ἐγκεκρυμμένον,</span> <span class='ocrx_word' id='word_1_353' title='bbox 3130 1846 3186 1898; x_wconf 85' lang='grc' dir='ltr'><strong>ἐν</strong></span> <span class='ocrx_word' id='word_1_354' title='bbox 3215 1846 3362 1914; x_wconf 82' lang='grc' dir='ltr'>αύτῷ</span> <span class='ocrx_word' id='word_1_355' title='bbox 3387 1845 3562 1916; x_wconf 82' lang='grc' dir='ltr'>διῆγε,</span> <span class='ocrx_word' id='word_1_356' title='bbox 3591 1848 3700 1898; x_wconf 90' lang='grc' dir='ltr'><strong>τῶν</strong></span> 
     </span>
    </p>
   </div>
   <div class='ocr_carea' id='block_1_51' title="bbox 2128 1935 3701 2008">
    <p class='ocr_par' dir='ltr' id='par_1_51' title="bbox 2128 1935 3701 2008">
     <span class='ocr_line' id='line_1_51' title="bbox 2128 1935 3701 2008; baseline 0 -18"><span class='ocrx_word' id='word_1_357' title='bbox 2128 1936 2378 1990; x_wconf 87' lang='grc' dir='ltr'>ἁστυκῶν</span> <span class='ocrx_word' id='word_1_358' title='bbox 2417 1935 2658 2007; x_wconf 79' lang='grc' dir='ltr'>θορύϐων</span> <span class='ocrx_word' id='word_1_359' title='bbox 2696 1937 2788 1989; x_wconf 75' lang='grc' dir='ltr'>καὶ</span> <span class='ocrx_word' id='word_1_360' title='bbox 2816 1936 2921 1988; x_wconf 92' lang='grc' dir='ltr'><strong>τῶν</strong></span> <span class='ocrx_word' id='word_1_361' title='bbox 2947 1937 3053 1990; x_wconf 82' lang='grc' dir='ltr'><strong>άπὸ</strong></span> <span class='ocrx_word' id='word_1_362' title='bbox 3085 1938 3366 2008; x_wconf 82' lang='grc' dir='ltr'>στρατείας</span> <span class='ocrx_word' id='word_1_363' title='bbox 3394 1955 3452 1990; x_wconf 89' lang='grc' dir='ltr'><strong>τε</strong></span> <span class='ocrx_word' id='word_1_364' title='bbox 3481 1941 3571 1992; x_wconf 67' lang='grc' dir='ltr'>καὶ</span> <span class='ocrx_word' id='word_1_365' title='bbox 3595 1939 3701 1991; x_wconf 89' lang='grc' dir='ltr'><strong>τῶν</strong></span> 
     </span>
    </p>
   </div>
   <div class='ocr_carea' id='block_1_52' title="bbox 2129 2027 3699 2100">
    <p class='ocr_par' dir='ltr' id='par_1_52' title="bbox 2129 2027 3699 2100">
     <span class='ocr_line' id='line_1_52' title="bbox 2129 2027 3699 2100; baseline 0.001 -21"><span class='ocrx_word' id='word_1_366' title='bbox 2129 2030 2186 2081; x_wconf 82' lang='grc' dir='ltr'><strong>ἐν</strong></span> <span class='ocrx_word' id='word_1_367' title='bbox 2215 2027 2582 2098; x_wconf 83' lang='grc' dir='ltr'>δικαστηρίοις</span> <span class='ocrx_word' id='word_1_368' title='bbox 2611 2027 2902 2098; x_wconf 77' lang='grc' dir='ltr'>ῥητορικῆς</span> <span class='ocrx_word' id='word_1_369' title='bbox 2930 2027 3320 2098; x_wconf 85' lang='grc' dir='ltr'>ἁσχολημάτων</span> <span class='ocrx_word' id='word_1_370' title='bbox 3348 2029 3535 2100; x_wconf 75' lang='grc' dir='ltr'>πόρρω</span> <span class='ocrx_word' id='word_1_371' title='bbox 3557 2028 3699 2096; x_wconf 84' lang='grc' dir='ltr'>γενό-</span> 
     </span>
    </p>
   </div>
   <div class='ocr_carea' id='block_1_53' title="bbox 2135 2118 3698 2191">
    <p class='ocr_par' dir='ltr' id='par_1_53' title="bbox 2135 2118 3698 2191">
     <span class='ocr_line' id='line_1_53' title="bbox 2135 2118 3698 2191; baseline -0.001 -20"><span class='ocrx_word' id='word_1_372' title='bbox 2135 2135 2314 2190; x_wconf 84' lang='grc' dir='ltr'>μενος.</span> <span class='ocrx_word' id='word_1_373' title='bbox 2375 2118 2486 2170; x_wconf 78' lang='grc' dir='ltr'>Καὶ</span> <span class='ocrx_word' id='word_1_374' title='bbox 2515 2118 2732 2172; x_wconf 88' lang='grc' dir='ltr'>πάντων</span> <span class='ocrx_word' id='word_1_375' title='bbox 2762 2118 2869 2171; x_wconf 91' lang='grc' dir='ltr'><strong>τῶν</strong></span> <span class='ocrx_word' id='word_1_376' title='bbox 2896 2120 3022 2190; x_wconf 68' lang='grc' dir='ltr'>περὶ</span> <span class='ocrx_word' id='word_1_377' title='bbox 3045 2118 3135 2170; x_wconf 81' lang='grc' dir='ltr'><strong>τὸν</strong></span> <span class='ocrx_word' id='word_1_378' title='bbox 3163 2119 3274 2188; x_wconf 87' lang='grc' dir='ltr'>βίον</span> <span class='ocrx_word' id='word_1_379' title='bbox 3301 2118 3698 2191; x_wconf 70' lang='grc' dir='ltr'>περιηχούντων</span> 
     </span>
    </p>
   </div>
   <div class='ocr_carea' id='block_1_54' title="bbox 2131 2206 3699 2278">
    <p class='ocr_par' dir='ltr' id='par_1_54' title="bbox 2131 2206 3699 2278">
     <span class='ocr_line' id='line_1_54' title="bbox 2131 2206 3699 2278; baseline 0.001 -19"><span class='ocrx_word' id='word_1_380' title='bbox 2131 2207 2228 2278; x_wconf 79' lang='grc' dir='ltr'><strong>τὴν</strong></span> <span class='ocrx_word' id='word_1_381' title='bbox 2277 2206 2620 2278; x_wconf 86' lang='grc' dir='ltr'>ἀνθρωπίνην</span> <span class='ocrx_word' id='word_1_382' title='bbox 2671 2207 2812 2277; x_wconf 77' lang='grc' dir='ltr'>ζωὴν</span> <span class='ocrx_word' id='word_1_383' title='bbox 2880 2208 3068 2260; x_wconf 80' lang='grc' dir='ltr'>ἑαυτὸν</span> <span class='ocrx_word' id='word_1_384' title='bbox 3116 2207 3481 2278; x_wconf 77' lang='grc' dir='ltr'>ἐλευθερώσας</span> <span class='ocrx_word' id='word_1_385' title='bbox 3508 2250 3525 2274; x_wconf 93' lang='grc'><strong>,</strong></span> <span class='ocrx_word' id='word_1_386' title='bbox 3577 2209 3699 2271; x_wconf 70' lang='grc' dir='ltr'>τοὺς</span> 
     </span>
    </p>
   </div>
   <div class='ocr_carea' id='block_1_55' title="bbox 2133 2296 3698 2369">
    <p class='ocr_par' dir='ltr' id='par_1_55' title="bbox 2133 2296 3698 2369">
     <span class='ocr_line' id='line_1_55' title="bbox 2133 2296 3698 2369; baseline 0.001 -21"><span class='ocrx_word' id='word_1_387' title='bbox 2133 2297 2444 2367; x_wconf 71' lang='grc' dir='ltr'>πρεσϐύτας</span> <span class='ocrx_word' id='word_1_388' title='bbox 2470 2297 2620 2361; x_wconf 81' lang='grc' dir='ltr'>τινὰς</span> <span class='ocrx_word' id='word_1_389' title='bbox 2663 2297 2818 2369; x_wconf 81' lang='grc' dir='ltr'>πενίᾳ</span> <span class='ocrx_word' id='word_1_390' title='bbox 2852 2299 2944 2350; x_wconf 77' lang='grc' dir='ltr'><strong>καὶ</strong></span> <span class='ocrx_word' id='word_1_391' title='bbox 2967 2299 3246 2369; x_wconf 66' lang='grc' dir='ltr'>ἀρρωστίᾳ</span> <span class='ocrx_word' id='word_1_392' title='bbox 3274 2296 3563 2360; x_wconf 77' lang='grc' dir='ltr'>συζῶντας,</span> <span class='ocrx_word' id='word_1_393' title='bbox 3585 2301 3698 2359; x_wconf 88' lang='grc' dir='ltr'>ταῖς</span> 
     </span>
    </p>
   </div>
   <div class='ocr_carea' id='block_1_56' title="bbox 2139 2389 3700 2460">
    <p class='ocr_par' dir='ltr' id='par_1_56' title="bbox 2139 2389 3700 2460">
     <span class='ocr_line' id='line_1_56' title="bbox 2139 2389 3700 2460; baseline 0.002 -19"><span class='ocrx_word' id='word_1_394' title='bbox 2139 2389 2298 2452; x_wconf 76' lang='grc' dir='ltr'>ἰδίαις</span> <span class='ocrx_word' id='word_1_395' title='bbox 2323 2390 2506 2460; x_wconf 73' lang='grc' dir='ltr'>χερσὶν</span> <span class='ocrx_word' id='word_1_396' title='bbox 2535 2389 2826 2459; x_wconf 78' lang='grc' dir='ltr'>ἐθεράπευε</span> <span class='ocrx_word' id='word_1_397' title='bbox 2853 2405 2868 2420; x_wconf 82' lang='grc'>⁶</span> <span class='ocrx_word' id='word_1_398' title='bbox 2905 2389 3129 2460; x_wconf 79' lang='grc' dir='ltr'>πρέπειν</span> <span class='ocrx_word' id='word_1_399' title='bbox 3159 2390 3460 2460; x_wconf 81' lang='grc' dir='ltr'>δοκιμάσας</span> <span class='ocrx_word' id='word_1_400' title='bbox 3483 2389 3560 2460; x_wconf 82' lang='grc' dir='ltr'>τῷ</span> <span class='ocrx_word' id='word_1_401' title='bbox 3593 2389 3700 2460; x_wconf 76' lang='grc' dir='ltr'>ἰδίῳ</span> 
     </span>
    </p>
   </div>
   <div class='ocr_carea' id='block_1_57' title="bbox 2139 2479 3698 2552">
    <p class='ocr_par' dir='ltr' id='par_1_57' title="bbox 2139 2479 3698 2552">
     <span class='ocr_line' id='line_1_57' title="bbox 2139 2479 3698 2552; baseline 0.001 -21"><span class='ocrx_word' id='word_1_402' title='bbox 2139 2479 2238 2552; x_wconf 84' lang='grc' dir='ltr'><strong>βίῳ</strong></span> <span class='ocrx_word' id='word_1_403' title='bbox 2299 2481 2399 2552; x_wconf 80' lang='grc' dir='ltr'>τὴν</span> <span class='ocrx_word' id='word_1_404' title='bbox 2454 2479 2711 2551; x_wconf 76' lang='grc' dir='ltr'>τοιαύτην</span> <span class='ocrx_word' id='word_1_405' title='bbox 2770 2479 3023 2550; x_wconf 80' lang='grc' dir='ltr'>ἀσχολίαν</span> <span class='ocrx_word' id='word_1_406' title='bbox 3080 2479 3169 2534; x_wconf 80' lang='grc' dir='ltr'><strong>διὰ</strong></span> <span class='ocrx_word' id='word_1_407' title='bbox 3225 2481 3499 2550; x_wconf 77' lang='grc' dir='ltr'>φροντίδος</span> <span class='ocrx_word' id='word_1_408' title='bbox 3541 2481 3698 2550; x_wconf 82' lang='grc' dir='ltr'>ἔχειν.</span> 
     </span>
    </p>
   </div>
   <div class='ocr_carea' id='block_1_58' title="bbox 2138 2573 3702 2644">
    <p class='ocr_par' dir='ltr' id='par_1_58' title="bbox 2138 2573 3702 2644">
     <span class='ocr_line' id='line_1_58' title="bbox 2138 2573 3702 2644; baseline 0 -18"><span class='ocrx_word' id='word_1_409' title='bbox 2138 2573 2395 2644; x_wconf 85' lang='grc' dir='ltr'>Θηρεύων</span> <span class='ocrx_word' id='word_1_410' title='bbox 2425 2573 2601 2628; x_wconf 89' lang='grc' dir='ltr'>τοίνυν</span> <span class='ocrx_word' id='word_1_411' title='bbox 2639 2573 2827 2643; x_wconf 75' lang='grc' dir='ltr'>ἰχθύας</span> <span class='ocrx_word' id='word_1_412' title='bbox 2856 2574 3086 2644; x_wconf 81' lang='grc' dir='ltr'>ῆγρευεν</span> <span class='ocrx_word' id='word_1_413' title='bbox 3111 2575 3139 2626; x_wconf 91' lang='lat'><strong>6</strong></span> <span class='ocrx_word' id='word_1_414' title='bbox 3171 2574 3431 2642; x_wconf 83' lang='grc' dir='ltr'>γεννάδας</span> <span class='ocrx_word' id='word_1_415' title='bbox 3455 2591 3468 2603; x_wconf 76' lang='grc' dir='ltr'><strong>ο</strong></span> <span class='ocrx_word' id='word_1_416' title='bbox 3494 2573 3589 2626; x_wconf 79' lang='grc' dir='ltr'>καὶ</span> <span class='ocrx_word' id='word_1_417' title='bbox 3621 2573 3702 2626; x_wconf 69' lang='grc' dir='ltr'><strong>διὰ</strong></span> 
     </span>
    </p>
   </div>
   <div class='ocr_carea' id='block_1_59' title="bbox 2139 2659 3703 2734">
    <p class='ocr_par' dir='ltr' id='par_1_59' title="bbox 2139 2659 3703 2734">
     <span class='ocr_line' id='line_1_59' title="bbox 2139 2659 3703 2734; baseline -0.001 -17"><span class='ocrx_word' id='word_1_418' title='bbox 2139 2664 2200 2717; x_wconf 82' lang='grc' dir='ltr'><strong>τὸ</strong></span> <span class='ocrx_word' id='word_1_419' title='bbox 2225 2664 2360 2734; x_wconf 80' lang='grc' dir='ltr'>πρὸς</span> <span class='ocrx_word' id='word_1_420' title='bbox 2388 2665 2496 2716; x_wconf 78' lang='grc' dir='ltr'><strong>πᾶν</strong></span> <span class='ocrx_word' id='word_1_421' title='bbox 2544 2659 2683 2726; x_wconf 79' lang='grc' dir='ltr'>εἶδος</span> <span class='ocrx_word' id='word_1_422' title='bbox 2735 2663 3057 2734; x_wconf 84' lang='grc' dir='ltr'>θηρευτικῆς</span> <span class='ocrx_word' id='word_1_423' title='bbox 3105 2664 3347 2726; x_wconf 79' lang='grc' dir='ltr'>ἐπινοίας</span> <span class='ocrx_word' id='word_1_424' title='bbox 3397 2662 3703 2733; x_wconf 79' lang='grc' dir='ltr'>ἐπιτηδείως</span> 
     </span>
    </p>
   </div>
   <div class='ocr_carea' id='block_1_60' title="bbox 2141 2754 3703 2826">
    <p class='ocr_par' dir='ltr' id='par_1_60' title="bbox 2141 2754 3703 2826">
     <span class='ocr_line' id='line_1_60' title="bbox 2141 2754 3703 2826; baseline -0.002 -18"><span class='ocrx_word' id='word_1_425' title='bbox 2141 2757 2302 2826; x_wconf 80' lang='grc' dir='ltr'>ἔχειν,</span> <span class='ocrx_word' id='word_1_426' title='bbox 2328 2754 2544 2824; x_wconf 80' lang='grc' dir='ltr'>ὲπόριζε</span> <span class='ocrx_word' id='word_1_427' title='bbox 2572 2754 2660 2807; x_wconf 76' lang='grc' dir='ltr'><strong>διὰ</strong></span> <span class='ocrx_word' id='word_1_428' title='bbox 2689 2754 2786 2824; x_wconf 89' lang='grc' dir='ltr'><strong>τῆς</strong></span> <span class='ocrx_word' id='word_1_429' title='bbox 2815 2754 2982 2826; x_wconf 87' lang='grc' dir='ltr'>θήρας</span> <span class='ocrx_word' id='word_1_430' title='bbox 3013 2757 3123 2818; x_wconf 88' lang='grc' dir='ltr'>τοῖς</span> <span class='ocrx_word' id='word_1_431' title='bbox 3154 2754 3438 2823; x_wconf 79' lang='grc' dir='ltr'>στέργουσι</span> <span class='ocrx_word' id='word_1_432' title='bbox 3462 2754 3561 2825; x_wconf 78' lang='grc' dir='ltr'>τὴν</span> <span class='ocrx_word' id='word_1_433' title='bbox 3585 2769 3703 2823; x_wconf 81' lang='grc' dir='ltr'>τρο·-</span> 
     </span>
    </p>
   </div>
   <div class='ocr_carea' id='block_1_61' title="bbox 2142 2845 3704 2916">
    <p class='ocr_par' dir='ltr' id='par_1_61' title="bbox 2142 2845 3704 2916">
     <span class='ocr_line' id='line_1_61' title="bbox 2142 2845 3704 2916; baseline -0.001 -18"><span class='ocrx_word' id='word_1_434' title='bbox 2142 2848 2246 2916; x_wconf 76' lang='grc' dir='ltr'><strong>φήν</strong></span> <span class='ocrx_word' id='word_1_435' title='bbox 2268 2863 2282 2876; x_wconf 78' lang='grc' dir='ltr'><strong>ο</strong></span> <span class='ocrx_word' id='word_1_436' title='bbox 2316 2847 2408 2898; x_wconf 74' lang='grc' dir='ltr'><strong>καὶ</strong></span> <span class='ocrx_word' id='word_1_437' title='bbox 2438 2846 2534 2916; x_wconf 80' lang='grc' dir='ltr'><strong>τὴν</strong></span> <span class='ocrx_word' id='word_1_438' title='bbox 2559 2846 2785 2916; x_wconf 82' lang='grc' dir='ltr'>νεότητα</span> <span class='ocrx_word' id='word_1_439' title='bbox 2806 2848 2917 2909; x_wconf 87' lang='grc' dir='ltr'>τοῖς</span> <span class='ocrx_word' id='word_1_440' title='bbox 2941 2846 3200 2909; x_wconf 85' lang='grc' dir='ltr'>τοιούτοις</span> <span class='ocrx_word' id='word_1_441' title='bbox 3227 2845 3341 2916; x_wconf 73' lang='grc' dir='ltr'><strong>ἅμα</strong></span> <span class='ocrx_word' id='word_1_442' title='bbox 3369 2846 3704 2915; x_wconf 76' lang='grc' dir='ltr'>κατεδάμαζς</span> 
     </span>
    </p>
   </div>
   <div class='ocr_carea' id='block_1_62' title="bbox 2143 2921 3706 3006">
    <p class='ocr_par' dir='ltr' id='par_1_62' title="bbox 2143 2921 3706 3006">
     <span class='ocr_line' id='line_1_62' title="bbox 2143 2921 3706 3006; baseline -0.002 -17"><span class='ocrx_word' id='word_1_443' title='bbox 2143 2937 2323 2999; x_wconf 87' lang='grc' dir='ltr'>πόνοις</span> <span class='ocrx_word' id='word_1_444' title='bbox 2349 2952 2362 2965; x_wconf 75' lang='grc'><strong>⁸</strong></span> <span class='ocrx_word' id='word_1_445' title='bbox 2409 2934 2543 2988; x_wconf 79' lang='grc' dir='ltr'>ἀλλὰ</span> <span class='ocrx_word' id='word_1_446' title='bbox 2587 2921 2680 2987; x_wconf 78' lang='grc' dir='ltr'>καὶ</span> <span class='ocrx_word' id='word_1_447' title='bbox 2717 2938 2827 2998; x_wconf 85' lang='grc' dir='ltr'>τοῖς</span> <span class='ocrx_word' id='word_1_448' title='bbox 2859 2935 3126 3006; x_wconf 78' lang='grc' dir='ltr'>μητρῴοις</span> <span class='ocrx_word' id='word_1_449' title='bbox 3155 2935 3472 3006; x_wconf 82' lang='grc' dir='ltr'>θελήμασιν,</span> <span class='ocrx_word' id='word_1_450' title='bbox 3508 2935 3706 2988; x_wconf 77' lang='grc' dir='ltr'>εἴποτέ</span> 
     </span>
    </p>
   </div>
   <div class='ocr_carea' id='block_1_63' title="bbox 2142 3021 3705 3098">
    <p class='ocr_par' dir='ltr' id='par_1_63' title="bbox 2142 3021 3705 3098">
     <span class='ocr_line' id='line_1_63' title="bbox 2142 3021 3705 3098; baseline -0.002 -19"><span class='ocrx_word' id='word_1_451' title='bbox 2142 3045 2194 3079; x_wconf 89' lang='grc' dir='ltr'><strong>τι</strong></span> <span class='ocrx_word' id='word_1_452' title='bbox 2227 3028 2353 3098; x_wconf 77' lang='grc' dir='ltr'>παρ’</span> <span class='ocrx_word' id='word_1_453' title='bbox 2380 3028 2548 3097; x_wconf 79' lang='grc' dir='ltr'>αὐτῆς</span> <span class='ocrx_word' id='word_1_454' title='bbox 2573 3025 2958 3097; x_wconf 83' lang='grc' dir='ltr'>προσταχθείη,</span> <span class='ocrx_word' id='word_1_455' title='bbox 2989 3025 3280 3096; x_wconf 80' lang='grc' dir='ltr'>προθύμως</span> <span class='ocrx_word' id='word_1_456' title='bbox 3311 3021 3617 3095; x_wconf 74' lang='grc' dir='ltr'>ὑπηρετῶν,</span> <span class='ocrx_word' id='word_1_457' title='bbox 3643 3025 3705 3077; x_wconf 75' lang='grc' dir='ltr'>δι’</span> 
     </span>
    </p>
   </div>
   <div class='ocr_carea' id='block_1_64' title="bbox 473 3088 2035 3191">
    <p class='ocr_par' dir='ltr' id='par_1_64' title="bbox 473 3088 2035 3189">
     <span class='ocr_line' id='line_1_64' title="bbox 473 3088 2035 3189; baseline -0.005 -17"><span class='ocrx_word' id='word_1_458' title='bbox 473 3117 766 3189; x_wconf 85' lang='lat' dir='ltr'><strong>aliquando</strong></span> <span class='ocrx_word' id='word_1_459' title='bbox 803 3088 1184 3176; x_wconf 36' lang='lat' dir='ltr'><strong>manda—batur,</strong></span> <span class='ocrx_word' id='word_1_460' title='bbox 1218 3113 1424 3183; x_wconf 86' lang='lat' dir='ltr'><strong>duplici</strong></span> <span class='ocrx_word' id='word_1_461' title='bbox 1465 3113 1648 3167; x_wconf 87' lang='lat' dir='ltr'><strong>studio</strong></span> <span class='ocrx_word' id='word_1_462' title='bbox 1688 3088 1836 3167; x_wconf 83' lang='lat' dir='ltr'><strong>recte</strong></span> <span class='ocrx_word' id='word_1_463' title='bbox 1869 3113 2035 3165; x_wconf 88' lang='lat' dir='ltr'><strong>vitam</strong></span> 
     </span>
    </p>
   </div>
   <div class='ocr_carea' id='block_1_65' title="bbox 2140 3088 3707 3191">
    <p class='ocr_par' dir='ltr' id='par_1_65' title="bbox 2143 3117 3707 3191">
     <span class='ocr_line' id='line_1_65' title="bbox 2143 3117 3707 3191; baseline -0.001 -19"><span class='ocrx_word' id='word_1_464' title='bbox 2143 3120 2466 3191; x_wconf 68' lang='grc' dir='ltr'>ἀμφοτέρων</span> <span class='ocrx_word' id='word_1_465' title='bbox 2501 3117 2778 3191; x_wconf 81' lang='grc' dir='ltr'>κατώρθου</span> <span class='ocrx_word' id='word_1_466' title='bbox 2813 3118 2901 3170; x_wconf 74' lang='grc' dir='ltr'>τὸν</span> <span class='ocrx_word' id='word_1_467' title='bbox 2934 3118 3045 3188; x_wconf 74' lang='grc' dir='ltr'>βίον</span> <span class='ocrx_word' id='word_1_468' title='bbox 3069 3134 3083 3147; x_wconf 84' lang='lat'><strong><em>°</em></strong></span> <span class='ocrx_word' id='word_1_469' title='bbox 3113 3119 3224 3180; x_wconf 83' lang='grc' dir='ltr'>τοῖς</span> <span class='ocrx_word' id='word_1_470' title='bbox 3250 3135 3308 3169; x_wconf 89' lang='grc' dir='ltr'><strong>τε</strong></span> <span class='ocrx_word' id='word_1_471' title='bbox 3339 3119 3521 3179; x_wconf 83' lang='grc' dir='ltr'>πόνοις</span> <span class='ocrx_word' id='word_1_472' title='bbox 3547 3133 3707 3170; x_wconf 83' lang='grc' dir='ltr'>κατα-</span> 
     </span>
    </p>
   </div>
   <div class='ocr_carea' id='block_1_66' title="bbox 475 3204 2039 3274">
    <p class='ocr_par' dir='ltr' id='par_1_66' title="bbox 475 3204 2039 3274">
     <span class='ocr_line' id='line_1_66' title="bbox 475 3204 2039 3274; baseline -0.004 -12"><span class='ocrx_word' id='word_1_473' title='bbox 475 3210 856 3268; x_wconf 89' lang='lat' dir='ltr'><strong>instituens,ut</strong></span> <span class='ocrx_word' id='word_1_474' title='bbox 876 3213 929 3259; x_wconf 89' lang='lat' dir='ltr'><strong>et</strong></span> <span class='ocrx_word' id='word_1_475' title='bbox 946 3207 1131 3258; x_wconf 89' lang='lat' dir='ltr'><strong>labore</strong></span> <span class='ocrx_word' id='word_1_476' title='bbox 1152 3206 1418 3259; x_wconf 80' lang='lat' dir='ltr'><strong>fervorem</strong></span> <span class='ocrx_word' id='word_1_477' title='bbox 1445 3204 1620 3257; x_wconf 82' lang='lat' dir='ltr'><strong>aetatis</strong></span> <span class='ocrx_word' id='word_1_478' title='bbox 1645 3206 2039 3274; x_wconf 84' lang='lat' dir='ltr'><strong>exstingueret.</strong></span> 
     </span>
    </p>
   </div>
   <div class='ocr_carea' id='block_1_67' title="bbox 473 3295 2042 3366">
    <p class='ocr_par' dir='ltr' id='par_1_67' title="bbox 473 3295 2042 3366">
     <span class='ocr_line' id='line_1_67' title="bbox 473 3295 2042 3366; baseline -0.003 -13"><span class='ocrx_word' id='word_1_479' title='bbox 473 3310 529 3353; x_wconf 89' lang='lat' dir='ltr'><strong>et</strong></span> <span class='ocrx_word' id='word_1_480' title='bbox 556 3297 910 3366; x_wconf 86' lang='lat' dir='ltr'><strong>obsequendo</strong></span> <span class='ocrx_word' id='word_1_481' title='bbox 945 3296 1103 3349; x_wconf 85' lang='lat' dir='ltr'><strong>matri</strong></span> <span class='ocrx_word' id='word_1_482' title='bbox 1137 3304 1282 3350; x_wconf 89' lang='lat' dir='ltr'><strong>recta</strong></span> <span class='ocrx_word' id='word_1_483' title='bbox 1317 3296 1401 3348; x_wconf 88' lang='lat' dir='ltr'><strong>via</strong></span> <span class='ocrx_word' id='word_1_484' title='bbox 1431 3295 1496 3348; x_wconf 89' lang='lat' dir='ltr'><strong>ad</strong></span> <span class='ocrx_word' id='word_1_485' title='bbox 1533 3295 1697 3349; x_wconf 85' lang='lat' dir='ltr'><strong>Deum</strong></span> <span class='ocrx_word' id='word_1_486' title='bbox 1733 3311 1828 3365; x_wconf 87' lang='lat' dir='ltr'><strong>per</strong></span> <span class='ocrx_word' id='word_1_487' title='bbox 1858 3295 2042 3350; x_wconf 89' lang='lat' dir='ltr'><strong>divina</strong></span> 
     </span>
    </p>
   </div>
   <div class='ocr_carea' id='block_1_68' title="bbox 477 3388 1148 3443">
    <p class='ocr_par' dir='ltr' id='par_1_68' title="bbox 477 3388 1148 3443">
     <span class='ocr_line' id='line_1_68' title="bbox 477 3388 1148 3443; baseline -0.003 -1"><span class='ocrx_word' id='word_1_488' title='bbox 477 3390 736 3443; x_wconf 89' lang='lat' dir='ltr'><strong>mandata</strong></span> <span class='ocrx_word' id='word_1_489' title='bbox 767 3388 1148 3443; x_wconf 85' lang='lat' dir='ltr'><strong>contenderet.</strong></span> 
     </span>
    </p>
   </div>
   <div class='ocr_carea' id='block_1_69' title="bbox 551 3478 2045 3549">
    <p class='ocr_par' dir='ltr' id='par_1_69' title="bbox 551 3478 2045 3549">
     <span class='ocr_line' id='line_1_69' title="bbox 551 3478 2045 3549; baseline -0.001 -15"><span class='ocrx_word' id='word_1_490' title='bbox 551 3481 643 3535; x_wconf 82' lang='lat' dir='ltr'><strong>Sic</strong></span> <span class='ocrx_word' id='word_1_491' title='bbox 671 3480 835 3549; x_wconf 87' lang='lat' dir='ltr'><strong>igitur</strong></span> <span class='ocrx_word' id='word_1_492' title='bbox 864 3479 1278 3548; x_wconf 72' lang='lat' dir='ltr'><strong>philosonhans,</strong></span> <span class='ocrx_word' id='word_1_493' title='bbox 1313 3485 1366 3530; x_wconf 89' lang='lat' dir='ltr'><strong>et</strong></span> <span class='ocrx_word' id='word_1_494' title='bbox 1397 3478 1505 3530; x_wconf 89' lang='lat' dir='ltr'><strong>vita</strong></span> <span class='ocrx_word' id='word_1_495' title='bbox 1537 3493 1632 3532; x_wconf 89' lang='lat' dir='ltr'><strong>sua</strong></span> <span class='ocrx_word' id='word_1_496' title='bbox 1668 3486 1897 3532; x_wconf 86' lang='lat' dir='ltr'><strong>matrem</strong></span> <span class='ocrx_word' id='word_1_497' title='bbox 1928 3480 2045 3532; x_wconf 87' lang='lat' dir='ltr'><strong>bea-</strong></span> 
     </span>
    </p>
   </div>
   <div class='ocr_carea' id='block_1_70' title="bbox 474 3570 2046 3638">
    <p class='ocr_par' dir='ltr' id='par_1_70' title="bbox 474 3570 2046 3638">
     <span class='ocr_line' id='line_1_70' title="bbox 474 3570 2046 3638; baseline -0.003 -11"><span class='ocrx_word' id='word_1_498' title='bbox 474 3580 588 3627; x_wconf 87' lang='lat' dir='ltr'><strong>tam</strong></span> <span class='ocrx_word' id='word_1_499' title='bbox 635 3572 903 3636; x_wconf 86' lang='lat' dir='ltr'><strong>reddens,</strong></span> <span class='ocrx_word' id='word_1_500' title='bbox 959 3570 1211 3638; x_wconf 84' lang='lat' dir='ltr'><strong>quintum</strong></span> <span class='ocrx_word' id='word_1_501' title='bbox 1249 3585 1453 3622; x_wconf 92' lang='lat' dir='ltr'><strong>annum</strong></span> <span class='ocrx_word' id='word_1_502' title='bbox 1489 3580 1782 3638; x_wconf 81' lang='lat' dir='ltr'><strong>exegerat,</strong></span> <span class='ocrx_word' id='word_1_503' title='bbox 1825 3585 1950 3623; x_wconf 91' lang='lat' dir='ltr'><strong>cum</strong></span> <span class='ocrx_word' id='word_1_504' title='bbox 1992 3577 2046 3625; x_wconf 92' lang='lat' dir='ltr'><strong>et</strong></span> 
     </span>
    </p>
   </div>
   <div class='ocr_carea' id='block_1_71' title="bbox 490 3661 2049 3732">
    <p class='ocr_par' dir='ltr' id='par_1_71' title="bbox 490 3661 2049 3732">
     <span class='ocr_line' id='line_1_71' title="bbox 490 3661 2049 3732; baseline -0.003 -16"><span class='ocrx_word' id='word_1_505' title='bbox 490 3663 858 3732; x_wconf 88' lang='lat' dir='ltr'><strong>temperantia</strong></span> <span class='ocrx_word' id='word_1_506' title='bbox 903 3671 1093 3729; x_wconf 84' lang='lat' dir='ltr'><strong>pectus</strong></span> <span class='ocrx_word' id='word_1_507' title='bbox 1128 3661 1419 3715; x_wconf 86' lang='lat' dir='ltr'><strong>instrueret</strong></span> <span class='ocrx_word' id='word_1_508' title='bbox 1449 3668 1501 3713; x_wconf 90' lang='lat' dir='ltr'><strong>ct</strong></span> <span class='ocrx_word' id='word_1_509' title='bbox 1539 3663 1667 3714; x_wconf 92' lang='lat' dir='ltr'><strong>totis</strong></span> <span class='ocrx_word' id='word_1_510' title='bbox 1700 3661 1907 3714; x_wconf 91' lang='lat' dir='ltr'><strong>viribus</strong></span> <span class='ocrx_word' id='word_1_511' title='bbox 1941 3675 2049 3713; x_wconf 87' lang='lat' dir='ltr'><strong>ma-</strong></span> 
     </span>
    </p>
   </div>
   <div class='ocr_carea' id='block_1_72' title="bbox 476 3751 2044 3821">
    <p class='ocr_par' dir='ltr' id='par_1_72' title="bbox 476 3751 2044 3821">
     <span class='ocr_line' id='line_1_72' title="bbox 476 3751 2044 3821; baseline 0 -15"><span class='ocrx_word' id='word_1_512' title='bbox 476 3753 580 3806; x_wconf 87' lang='lat' dir='ltr'><strong>tris</strong></span> <span class='ocrx_word' id='word_1_513' title='bbox 616 3753 1014 3821; x_wconf 89' lang='lat' dir='ltr'><strong>obsequeretur</strong></span> <span class='ocrx_word' id='word_1_514' title='bbox 1044 3752 1349 3815; x_wconf 90' lang='lat' dir='ltr'><strong>voluntati,</strong></span> <span class='ocrx_word' id='word_1_515' title='bbox 1392 3751 1613 3820; x_wconf 91' lang='lat' dir='ltr'><strong>quando</strong></span> <span class='ocrx_word' id='word_1_516' title='bbox 1643 3751 1841 3805; x_wconf 90' lang='lat' dir='ltr'><strong>misere</strong></span> <span class='ocrx_word' id='word_1_517' title='bbox 1881 3753 2044 3818; x_wconf 91' lang='lat' dir='ltr'><strong>dolis,</strong></span> 
     </span>
    </p>
   </div>
   <div class='ocr_carea' id='block_1_73' title="bbox 478 3841 2050 3911">
    <p class='ocr_par' dir='ltr' id='par_1_73' title="bbox 478 3841 2050 3911">
     <span class='ocr_line' id='line_1_73' title="bbox 478 3841 2050 3911; baseline -0.001 -14"><span class='ocrx_word' id='word_1_518' title='bbox 478 3850 540 3897; x_wconf 90' lang='lat' dir='ltr'><strong>ut</strong></span> <span class='ocrx_word' id='word_1_519' title='bbox 567 3843 782 3911; x_wconf 91' lang='lat' dir='ltr'><strong>opinor,</strong></span> <span class='ocrx_word' id='word_1_520' title='bbox 819 3842 1117 3896; x_wconf 87' lang='lat' dir='ltr'><strong>adversarii</strong></span> <span class='ocrx_word' id='word_1_521' title='bbox 1167 3857 1331 3910; x_wconf 81' lang='lat' dir='ltr'><strong>grave</strong></span> <span class='ocrx_word' id='word_1_522' title='bbox 1361 3850 1414 3895; x_wconf 90' lang='lat' dir='ltr'><strong>et</strong></span> <span class='ocrx_word' id='word_1_523' title='bbox 1438 3841 1704 3910; x_wconf 85' lang='lat' dir='ltr'><strong>tragicqu</strong></span> <span class='ocrx_word' id='word_1_524' title='bbox 1741 3843 1940 3896; x_wconf 86' lang='lat' dir='ltr'><strong>vulnus</strong></span> <span class='ocrx_word' id='word_1_525' title='bbox 1971 3843 2050 3895; x_wconf 88' lang='lat' dir='ltr'><strong>in-</strong></span> 
     </span>
    </p>
   </div>
   <div class='ocr_carea' id='block_1_74' title="bbox 479 3933 2050 4002">
    <p class='ocr_par' dir='ltr' id='par_1_74' title="bbox 479 3933 2050 4002">
     <span class='ocr_line' id='line_1_74' title="bbox 479 3933 2050 4002; baseline -0.001 -14"><span class='ocrx_word' id='word_1_526' title='bbox 479 3935 686 3988; x_wconf 90' lang='lat' dir='ltr'><strong>ﬂictum</strong></span> <span class='ocrx_word' id='word_1_527' title='bbox 715 3944 799 3989; x_wconf 91' lang='lat' dir='ltr'><strong>est</strong></span> <span class='ocrx_word' id='word_1_528' title='bbox 828 3933 974 4002; x_wconf 89' lang='lat' dir='ltr'><strong>quod</strong></span> <span class='ocrx_word' id='word_1_529' title='bbox 1004 3933 1320 3987; x_wconf 89' lang='lat' dir='ltr'><strong>calamitate</strong></span> <span class='ocrx_word' id='word_1_530' title='bbox 1349 3947 1403 3987; x_wconf 86' lang='lat' dir='ltr'><strong>et</strong></span> <span class='ocrx_word' id='word_1_531' title='bbox 1429 3948 1663 3987; x_wconf 75' lang='lat' dir='ltr'><strong>tnwrore</strong></span> <span class='ocrx_word' id='word_1_532' title='bbox 1694 3940 1863 3986; x_wconf 90' lang='lat' dir='ltr'><strong>totam</strong></span> <span class='ocrx_word' id='word_1_533' title='bbox 1899 3933 2050 3987; x_wconf 82' lang='lat' dir='ltr'><strong>fami-</strong></span> 
     </span>
    </p>
   </div>
   <div class='ocr_carea' id='block_1_75' title="bbox 478 4021 2053 4092">
    <p class='ocr_par' dir='ltr' id='par_1_75' title="bbox 478 4021 2053 4092">
     <span class='ocr_line' id='line_1_75' title="bbox 478 4021 2053 4092; baseline 0 -13"><span class='ocrx_word' id='word_1_534' title='bbox 478 4026 608 4080; x_wconf 87' lang='lat' dir='ltr'><strong>liam</strong></span> <span class='ocrx_word' id='word_1_535' title='bbox 648 4023 845 4079; x_wconf 74' lang='lat' dir='ltr'><strong>aﬂ‘ecit.</strong></span> <span class='ocrx_word' id='word_1_536' title='bbox 890 4023 1136 4092; x_wconf 80' lang='lat' dir='ltr'><strong>Repente</strong></span> <span class='ocrx_word' id='word_1_537' title='bbox 1183 4023 1325 4077; x_wconf 89' lang='lat' dir='ltr'><strong>enim</strong></span> <span class='ocrx_word' id='word_1_538' title='bbox 1359 4021 1678 4079; x_wconf 86' lang='lat' dir='ltr'><strong>adolescens</strong></span> <span class='ocrx_word' id='word_1_539' title='bbox 1709 4025 1835 4077; x_wconf 57' lang='lat' dir='ltr'><strong>vita}</strong></span> <span class='ocrx_word' id='word_1_540' title='bbox 1875 4025 2053 4079; x_wconf 85' lang='lat' dir='ltr'><strong>subri-</strong></span> 
     </span>
    </p>
   </div>
   <div class='ocr_carea' id='block_1_76' title="bbox 479 4117 2046 4189">
    <p class='ocr_par' dir='ltr' id='par_1_76' title="bbox 479 4117 2046 4189">
     <span class='ocr_line' id='line_1_76' title="bbox 479 4117 2046 4189; baseline 0.001 -17"><span class='ocrx_word' id='word_1_541' title='bbox 479 4118 650 4189; x_wconf 85' lang='lat' dir='ltr'><strong>pitur,</strong></span> <span class='ocrx_word' id='word_1_542' title='bbox 691 4134 801 4172; x_wconf 91' lang='lat' dir='ltr'><strong>non</strong></span> <span class='ocrx_word' id='word_1_543' title='bbox 839 4117 1030 4170; x_wconf 86' lang='lat' dir='ltr'><strong>morbo</strong></span> <span class='ocrx_word' id='word_1_544' title='bbox 1079 4117 1262 4184; x_wconf 88' lang='lat' dir='ltr'><strong>aliquo</strong></span> <span class='ocrx_word' id='word_1_545' title='bbox 1298 4125 1392 4169; x_wconf 90' lang='lat' dir='ltr'><strong>aut</strong></span> <span class='ocrx_word' id='word_1_546' title='bbox 1440 4117 1601 4171; x_wconf 90' lang='lat' dir='ltr'><strong>solita</strong></span> <span class='ocrx_word' id='word_1_547' title='bbox 1649 4117 1756 4170; x_wconf 91' lang='lat' dir='ltr'><strong>ulla</strong></span> <span class='ocrx_word' id='word_1_548' title='bbox 1793 4119 2007 4174; x_wconf 90' lang='lat' dir='ltr'><strong>ratione</strong></span> <span class='ocrx_word' id='word_1_549' title='bbox 2031 4158 2046 4182; x_wconf 96' lang='lat'><strong>,</strong></span> 
     </span>
    </p>
   </div>
   <div class='ocr_carea' id='block_1_77' title="bbox 479 4209 2048 4266">
    <p class='ocr_par' dir='ltr' id='par_1_77' title="bbox 479 4209 2048 4266">
     <span class='ocr_line' id='line_1_77' title="bbox 479 4209 2048 4266; baseline 0.001 -1"><span class='ocrx_word' id='word_1_550' title='bbox 479 4213 774 4266; x_wconf 86' lang='lat' dir='ltr'><strong>immatura</strong></span> <span class='ocrx_word' id='word_1_551' title='bbox 796 4223 971 4265; x_wconf 88' lang='lat' dir='ltr'><strong>morte</strong></span> <span class='ocrx_word' id='word_1_552' title='bbox 1002 4210 1253 4264; x_wconf 88' lang='lat' dir='ltr'><strong>sublatus</strong></span> <span class='ocrx_word' id='word_1_553' title='bbox 1280 4228 1294 4263; x_wconf 90' lang='lat'><strong>:</strong></span> <span class='ocrx_word' id='word_1_554' title='bbox 1329 4209 1423 4264; x_wconf 92' lang='lat' dir='ltr'><strong>scd</strong></span> <span class='ocrx_word' id='word_1_555' title='bbox 1452 4226 1575 4263; x_wconf 83' lang='lat' dir='ltr'><strong>cum</strong></span> <span class='ocrx_word' id='word_1_556' title='bbox 1610 4210 1675 4262; x_wconf 93' lang='lat' dir='ltr'><strong>ad</strong></span> <span class='ocrx_word' id='word_1_557' title='bbox 1701 4212 2048 4266; x_wconf 85' lang='lat' dir='ltr'><strong>venationem</strong></span> 
     </span>
    </p>
   </div>
   <div class='ocr_carea' id='block_1_78' title="bbox 480 4301 2052 4374">
    <p class='ocr_par' dir='ltr' id='par_1_78' title="bbox 480 4301 2052 4374">
     <span class='ocr_line' id='line_1_78' title="bbox 480 4301 2052 4374; baseline 0.003 -19"><span class='ocrx_word' id='word_1_558' title='bbox 480 4302 761 4374; x_wconf 79' lang='lat' dir='ltr'><strong>profectus</strong></span> <span class='ocrx_word' id='word_1_559' title='bbox 790 4311 968 4365; x_wconf 89' lang='lat' dir='ltr'><strong>esset,</strong></span> <span class='ocrx_word' id='word_1_560' title='bbox 1001 4317 1110 4370; x_wconf 91' lang='lat' dir='ltr'><strong>qua</strong></span> <span class='ocrx_word' id='word_1_561' title='bbox 1146 4301 1416 4356; x_wconf 90' lang='lat' dir='ltr'><strong>industria</strong></span> <span class='ocrx_word' id='word_1_562' title='bbox 1456 4301 1610 4356; x_wconf 84' lang='lat' dir='ltr'><strong>senio</strong></span> <span class='ocrx_word' id='word_1_563' title='bbox 1637 4301 1905 4360; x_wconf 83' lang='lat' dir='ltr'><strong>confectis</strong></span> <span class='ocrx_word' id='word_1_564' title='bbox 1945 4304 2052 4360; x_wconf 89' lang='lat' dir='ltr'><strong>illis</strong></span> 
     </span>
    </p>
   </div>
   <div class='ocr_carea' id='block_1_79' title="bbox 482 4392 2050 4461">
    <p class='ocr_par' dir='ltr' id='par_1_79' title="bbox 482 4392 2050 4461">
     <span class='ocr_line' id='line_1_79' title="bbox 482 4392 2050 4461; baseline 0.002 -17"><span class='ocrx_word' id='word_1_565' title='bbox 482 4393 650 4447; x_wconf 80' lang='lat' dir='ltr'><strong>victui</strong></span> <span class='ocrx_word' id='word_1_566' title='bbox 701 4392 1083 4461; x_wconf 89' lang='lat' dir='ltr'><strong>suppeditabat</strong></span> <span class='ocrx_word' id='word_1_567' title='bbox 1129 4392 1441 4446; x_wconf 87' lang='lat' dir='ltr'><strong>necessaria</strong></span> <span class='ocrx_word' id='word_1_568' title='bbox 1469 4432 1483 4455; x_wconf 89' lang='lat'><strong>,</strong></span> <span class='ocrx_word' id='word_1_569' title='bbox 1525 4400 1778 4447; x_wconf 91' lang='lat' dir='ltr'><strong>mortuus</strong></span> <span class='ocrx_word' id='word_1_570' title='bbox 1830 4395 2050 4447; x_wconf 90' lang='lat' dir='ltr'><strong>domum</strong></span> 
     </span>
    </p>
   </div>
   <div class='ocr_carea' id='block_1_80' title="bbox 483 4482 2054 4552">
    <p class='ocr_par' dir='ltr' id='par_1_80' title="bbox 483 4482 2054 4552">
     <span class='ocr_line' id='line_1_80' title="bbox 483 4482 2054 4552; baseline 0 -16"><span class='ocrx_word' id='word_1_571' title='bbox 483 4489 812 4552; x_wconf 82' lang='lat' dir='ltr'><strong>reportatur,</strong></span> <span class='ocrx_word' id='word_1_572' title='bbox 845 4497 952 4534; x_wconf 91' lang='lat' dir='ltr'><strong>una</strong></span> <span class='ocrx_word' id='word_1_573' title='bbox 979 4496 1105 4534; x_wconf 92' lang='lat' dir='ltr'><strong>cum</strong></span> <span class='ocrx_word' id='word_1_574' title='bbox 1141 4482 1236 4535; x_wconf 91' lang='lat' dir='ltr'><strong>illo</strong></span> <span class='ocrx_word' id='word_1_575' title='bbox 1268 4482 1385 4550; x_wconf 90' lang='lat' dir='ltr'><strong>ipso</strong></span> <span class='ocrx_word' id='word_1_576' title='bbox 1418 4483 1573 4537; x_wconf 90' lang='lat' dir='ltr'><strong>socio</strong></span> <span class='ocrx_word' id='word_1_577' title='bbox 1602 4494 1656 4538; x_wconf 90' lang='lat' dir='ltr'><strong>et</strong></span> <span class='ocrx_word' id='word_1_578' title='bbox 1681 4484 1734 4537; x_wconf 92' lang='lat' dir='ltr'><strong>in</strong></span> <span class='ocrx_word' id='word_1_579' title='bbox 1764 4485 1914 4538; x_wconf 92' lang='lat' dir='ltr'><strong>omni</strong></span> <span class='ocrx_word' id='word_1_580' title='bbox 1946 4486 2054 4537; x_wconf 85' lang='lat' dir='ltr'><strong>vita</strong></span> 
     </span>
    </p>
   </div>
   <div class='ocr_carea' id='block_1_81' title="bbox 483 4573 2059 4643">
    <p class='ocr_par' dir='ltr' id='par_1_81' title="bbox 483 4573 2059 4643">
     <span class='ocr_line' id='line_1_81' title="bbox 483 4573 2059 4643; baseline 0 -14"><span class='ocrx_word' id='word_1_581' title='bbox 483 4573 938 4643; x_wconf 76' lang='lat' dir='ltr'><strong>coniunctissimo</strong></span> <span class='ocrx_word' id='word_1_582' title='bbox 975 4573 1340 4643; x_wconf 86' lang='lat' dir='ltr'><strong>Chrysaphio.</strong></span> <span class='ocrx_word' id='word_1_583' title='bbox 1395 4574 1591 4629; x_wconf 85' lang='lat' dir='ltr'><strong>Procul</strong></span> <span class='ocrx_word' id='word_1_584' title='bbox 1637 4585 1816 4630; x_wconf 89' lang='lat' dir='ltr'><strong>autem</strong></span> <span class='ocrx_word' id='word_1_585' title='bbox 1873 4577 2059 4630; x_wconf 87' lang='lat' dir='ltr'><strong>aberat</strong></span> 
     </span>
    </p>
   </div>
   <div class='ocr_carea' id='block_1_82' title="bbox 483 4661 2058 4728">
    <p class='ocr_par' dir='ltr' id='par_1_82' title="bbox 483 4661 2058 4728">
     <span class='ocr_line' id='line_1_82' title="bbox 483 4661 2058 4728; baseline 0.001 -12"><span class='ocrx_word' id='word_1_586' title='bbox 483 4671 681 4728; x_wconf 86' lang='lat' dir='ltr'><strong>mater,</strong></span> <span class='ocrx_word' id='word_1_587' title='bbox 735 4663 900 4714; x_wconf 86' lang='lat' dir='ltr'><strong>trium</strong></span> <span class='ocrx_word' id='word_1_588' title='bbox 949 4661 1164 4715; x_wconf 91' lang='lat' dir='ltr'><strong>dierum</strong></span> <span class='ocrx_word' id='word_1_589' title='bbox 1213 4662 1410 4717; x_wconf 90' lang='lat' dir='ltr'><strong>itinere</strong></span> <span class='ocrx_word' id='word_1_590' title='bbox 1467 4664 1536 4718; x_wconf 92' lang='lat' dir='ltr'><strong>ab</strong></span> <span class='ocrx_word' id='word_1_591' title='bbox 1571 4679 1633 4719; x_wconf 90' lang='lat' dir='ltr'><strong>ea</strong></span> <span class='ocrx_word' id='word_1_592' title='bbox 1670 4675 1878 4718; x_wconf 87' lang='lat' dir='ltr'><strong>remota</strong></span> <span class='ocrx_word' id='word_1_593' title='bbox 1913 4665 2058 4718; x_wconf 88' lang='lat' dir='ltr'><strong>cala-</strong></span> 
     </span>
    </p>
   </div>
   <div class='ocr_carea' id='block_1_83' title="bbox 485 4751 2055 4824">
    <p class='ocr_par' dir='ltr' id='par_1_83' title="bbox 485 4751 2055 4824">
     <span class='ocr_line' id='line_1_83' title="bbox 485 4751 2055 4824; baseline 0 -16"><span class='ocrx_word' id='word_1_594' title='bbox 485 4756 695 4808; x_wconf 89' lang='lat' dir='ltr'><strong>mitate.</strong></span> <span class='ocrx_word' id='word_1_595' title='bbox 720 4752 852 4818; x_wconf 68' lang='lat' dir='ltr'><strong>Quae</strong></span> <span class='ocrx_word' id='word_1_596' title='bbox 896 4752 1023 4806; x_wconf 91' lang='lat' dir='ltr'><strong>licet</strong></span> <span class='ocrx_word' id='word_1_597' title='bbox 1059 4751 1112 4805; x_wconf 93' lang='lat' dir='ltr'><strong>in</strong></span> <span class='ocrx_word' id='word_1_598' title='bbox 1143 4752 1293 4805; x_wconf 90' lang='lat' dir='ltr'><strong>omni</strong></span> <span class='ocrx_word' id='word_1_599' title='bbox 1327 4769 1527 4822; x_wconf 84' lang='lat' dir='ltr'><strong>genere</strong></span> <span class='ocrx_word' id='word_1_600' title='bbox 1563 4757 1780 4810; x_wconf 90' lang='lat' dir='ltr'><strong>virtutis</strong></span> <span class='ocrx_word' id='word_1_601' title='bbox 1812 4755 2055 4824; x_wconf 81' lang='lat' dir='ltr'><strong>perfecta</strong></span> 
     </span>
    </p>
   </div>
   <div class='ocr_carea' id='block_1_84' title="bbox 485 4845 2052 4916">
    <p class='ocr_par' dir='ltr' id='par_1_84' title="bbox 485 4845 2052 4916">
     <span class='ocr_line' id='line_1_84' title="bbox 485 4845 2052 4916; baseline 0.001 -17"><span class='ocrx_word' id='word_1_602' title='bbox 485 4854 654 4909; x_wconf 85' lang='lat' dir='ltr'><strong>esset,</strong></span> <span class='ocrx_word' id='word_1_603' title='bbox 684 4854 865 4899; x_wconf 87' lang='lat' dir='ltr'><strong>tamen</strong></span> <span class='ocrx_word' id='word_1_604' title='bbox 896 4859 1020 4897; x_wconf 82' lang='lat' dir='ltr'><strong>eum</strong></span> <span class='ocrx_word' id='word_1_605' title='bbox 1049 4851 1159 4896; x_wconf 87' lang='lat' dir='ltr'><strong>tam</strong></span> <span class='ocrx_word' id='word_1_606' title='bbox 1186 4845 1442 4899; x_wconf 90' lang='lat' dir='ltr'><strong>acerbum</strong></span> <span class='ocrx_word' id='word_1_607' title='bbox 1474 4847 1728 4901; x_wconf 90' lang='lat' dir='ltr'><strong>nuntium</strong></span> <span class='ocrx_word' id='word_1_608' title='bbox 1757 4862 1785 4899; x_wconf 91' lang='lat' dir='ltr'><strong>a</strong></span> <span class='ocrx_word' id='word_1_609' title='bbox 1817 4847 2052 4916; x_wconf 89' lang='lat' dir='ltr'><strong>quodam</strong></span> 
     </span>
    </p>
   </div>
   <div class='ocr_carea' id='block_1_85' title="bbox 487 4937 2052 5006">
    <p class='ocr_par' dir='ltr' id='par_1_85' title="bbox 487 4937 2052 5006">
     <span class='ocr_line' id='line_1_85' title="bbox 487 4937 2052 5006; baseline 0.001 -16"><span class='ocrx_word' id='word_1_610' title='bbox 487 4937 811 5006; x_wconf 86' lang='lat' dir='ltr'><strong>accepisset,</strong></span> <span class='ocrx_word' id='word_1_611' title='bbox 859 4943 1081 5002; x_wconf 88' lang='lat' dir='ltr'><strong>natura,</strong></span> <span class='ocrx_word' id='word_1_612' title='bbox 1115 4943 1175 4988; x_wconf 95' lang='lat' dir='ltr'><strong>ut</strong></span> <span class='ocrx_word' id='word_1_613' title='bbox 1211 4949 1306 5004; x_wconf 88' lang='lat' dir='ltr'><strong>par</strong></span> <span class='ocrx_word' id='word_1_614' title='bbox 1335 4944 1439 4997; x_wconf 87' lang='lat' dir='ltr'><strong>est,</strong></span> <span class='ocrx_word' id='word_1_615' title='bbox 1478 4945 1789 5006; x_wconf 90' lang='lat' dir='ltr'><strong>superante,</strong></span> <span class='ocrx_word' id='word_1_616' title='bbox 1812 4938 2052 5006; x_wconf 87' lang='lat' dir='ltr'><strong>collapsa</strong></span> 
     </span>
    </p>
   </div>
   <div class='ocr_carea' id='block_1_86' title="bbox 485 5028 2052 5098">
    <p class='ocr_par' dir='ltr' id='par_1_86' title="bbox 485 5028 2052 5098">
     <span class='ocr_line' id='line_1_86' title="bbox 485 5028 2052 5098; baseline 0.001 -17"><span class='ocrx_word' id='word_1_617' title='bbox 485 5028 907 5097; x_wconf 76' lang='lat' dir='ltr'><strong>exanimataque</strong></span> <span class='ocrx_word' id='word_1_618' title='bbox 931 5036 1141 5082; x_wconf 91' lang='lat' dir='ltr'><strong>tantum</strong></span> <span class='ocrx_word' id='word_1_619' title='bbox 1171 5045 1279 5082; x_wconf 90' lang='lat' dir='ltr'><strong>non</strong></span> <span class='ocrx_word' id='word_1_620' title='bbox 1303 5030 1463 5084; x_wconf 90' lang='lat' dir='ltr'><strong>simul</strong></span> <span class='ocrx_word' id='word_1_621' title='bbox 1489 5045 1770 5084; x_wconf 87' lang='lat' dir='ltr'><strong>cumvoce</strong></span> <span class='ocrx_word' id='word_1_622' title='bbox 1801 5029 2052 5098; x_wconf 83' lang='lat' dir='ltr'><strong>Spiritum</strong></span> 
     </span>
    </p>
   </div>
   <div class='ocr_carea' id='block_1_87' title="bbox 487 5117 2055 5190">
    <p class='ocr_par' dir='ltr' id='par_1_87' title="bbox 487 5117 2055 5190">
     <span class='ocr_line' id='line_1_87' title="bbox 487 5117 2055 5190; baseline 0.001 -17"><span class='ocrx_word' id='word_1_623' title='bbox 487 5119 690 5175; x_wconf 85' lang='lat' dir='ltr'><strong>amisit.</strong></span> <span class='ocrx_word' id='word_1_624' title='bbox 737 5117 899 5173; x_wconf 81' lang='lat' dir='ltr'><strong>Ratio</strong></span> <span class='ocrx_word' id='word_1_625' title='bbox 928 5121 1074 5174; x_wconf 82' lang='lat' dir='ltr'><strong>enim</strong></span> <span class='ocrx_word' id='word_1_626' title='bbox 1104 5120 1311 5175; x_wconf 90' lang='lat' dir='ltr'><strong>doloris</strong></span> <span class='ocrx_word' id='word_1_627' title='bbox 1344 5121 1724 5190; x_wconf 85' lang='lat' dir='ltr'><strong>magnitudine</strong></span> <span class='ocrx_word' id='word_1_628' title='bbox 1753 5121 1894 5174; x_wconf 86' lang='lat' dir='ltr'><strong>victa</strong></span> <span class='ocrx_word' id='word_1_629' title='bbox 1923 5135 2055 5175; x_wconf 87' lang='lat' dir='ltr'><strong>suc-</strong></span> 
     </span>
    </p>
   </div>
   <div class='ocr_carea' id='block_1_88' title="bbox 485 5210 2056 5282">
    <p class='ocr_par' dir='ltr' id='par_1_88' title="bbox 485 5210 2056 5282">
     <span class='ocr_line' id='line_1_88' title="bbox 485 5210 2056 5282; baseline 0 -16"><span class='ocrx_word' id='word_1_630' title='bbox 485 5211 707 5275; x_wconf 88' lang='lat' dir='ltr'><strong>cubuit,</strong></span> <span class='ocrx_word' id='word_1_631' title='bbox 747 5210 970 5279; x_wconf 87' lang='lat' dir='ltr'><strong>ipsaque</strong></span> <span class='ocrx_word' id='word_1_632' title='bbox 1014 5210 1177 5265; x_wconf 87' lang='lat' dir='ltr'><strong>veluti</strong></span> <span class='ocrx_word' id='word_1_633' title='bbox 1228 5227 1526 5280; x_wconf 89' lang='lat' dir='ltr'><strong>generosus</strong></span> <span class='ocrx_word' id='word_1_634' title='bbox 1572 5211 1795 5282; x_wconf 89' lang='lat' dir='ltr'><strong>quidam</strong></span> <span class='ocrx_word' id='word_1_635' title='bbox 1854 5211 2056 5267; x_wconf 86' lang='lat' dir='ltr'><strong>athleta</strong></span> 
     </span>
    </p>
   </div>
   <div class='ocr_carea' id='block_1_89' title="bbox 485 5301 1489 5372">
    <p class='ocr_par' dir='ltr' id='par_1_89' title="bbox 485 5301 1489 5372">
     <span class='ocr_line' id='line_1_89' title="bbox 485 5301 1489 5372; baseline 0.001 -16"><span class='ocrx_word' id='word_1_636' title='bbox 485 5301 782 5371; x_wconf 84' lang='lat' dir='ltr'><strong>improviso</strong></span> <span class='ocrx_word' id='word_1_637' title='bbox 809 5301 1035 5356; x_wconf 85' lang='lat' dir='ltr'><strong>vulnere</strong></span> <span class='ocrx_word' id='word_1_638' title='bbox 1064 5301 1266 5356; x_wconf 81' lang='lat' dir='ltr'><strong>afﬂicta</strong></span> <span class='ocrx_word' id='word_1_639' title='bbox 1296 5302 1489 5372; x_wconf 86' lang='lat' dir='ltr'><strong>jacuit.</strong></span> 
     </span>
    </p>
   </div>
   <div class='ocr_carea' id='block_1_90' title="bbox 2141 3208 3706 3282">
    <p class='ocr_par' dir='ltr' id='par_1_90' title="bbox 2141 3208 3706 3282">
     <span class='ocr_line' id='line_1_90' title="bbox 2141 3208 3706 3282; baseline -0.003 -18"><span class='ocrx_word' id='word_1_640' title='bbox 2141 3212 2356 3282; x_wconf 85' lang='grc' dir='ltr'>κρατῶν</span> <span class='ocrx_word' id='word_1_641' title='bbox 2377 3212 2479 3281; x_wconf 87' lang='grc' dir='ltr'><strong>τῆς</strong></span> <span class='ocrx_word' id='word_1_642' title='bbox 2510 3211 2776 3281; x_wconf 85' lang='grc' dir='ltr'>νεότητος,</span> <span class='ocrx_word' id='word_1_643' title='bbox 2807 3213 2870 3280; x_wconf 80' lang='grc' dir='ltr'>τῇ</span> <span class='ocrx_word' id='word_1_644' title='bbox 2889 3228 2944 3263; x_wconf 91' lang='grc' dir='ltr'><strong>τε</strong></span> <span class='ocrx_word' id='word_1_645' title='bbox 2978 3209 3103 3279; x_wconf 81' lang='grc' dir='ltr'><strong>περὶ</strong></span> <span class='ocrx_word' id='word_1_646' title='bbox 3135 3209 3234 3281; x_wconf 85' lang='grc' dir='ltr'><strong>τὴν</strong></span> <span class='ocrx_word' id='word_1_647' title='bbox 3262 3209 3474 3279; x_wconf 78' lang='grc' dir='ltr'>μητέρα</span> <span class='ocrx_word' id='word_1_648' title='bbox 3496 3208 3706 3278; x_wconf 74' lang='grc' dir='ltr'>σπουδῇ,</span> 
     </span>
    </p>
   </div>
   <div class='ocr_carea' id='block_1_91' title="bbox 2142 3297 3706 3369">
    <p class='ocr_par' dir='ltr' id='par_1_91' title="bbox 2142 3297 3706 3369">
     <span class='ocr_line' id='line_1_91' title="bbox 2142 3297 3706 3369; baseline 0 -19"><span class='ocrx_word' id='word_1_649' title='bbox 2142 3299 2231 3350; x_wconf 73' lang='grc' dir='ltr'><strong>διὰ</strong></span> <span class='ocrx_word' id='word_1_650' title='bbox 2258 3297 2364 3350; x_wconf 90' lang='grc' dir='ltr'><strong>τῶν</strong></span> <span class='ocrx_word' id='word_1_651' title='bbox 2397 3298 2554 3352; x_wconf 88' lang='grc' dir='ltr'>θείων</span> <span class='ocrx_word' id='word_1_652' title='bbox 2585 3297 2832 3364; x_wconf 76' lang='grc' dir='ltr'>ἐντολῶν,</span> <span class='ocrx_word' id='word_1_653' title='bbox 2881 3297 3015 3369; x_wconf 78' lang='grc' dir='ltr'>πρὸς</span> <span class='ocrx_word' id='word_1_654' title='bbox 3052 3298 3140 3352; x_wconf 88' lang='grc' dir='ltr'><strong>τὸν</strong></span> <span class='ocrx_word' id='word_1_655' title='bbox 3171 3298 3302 3350; x_wconf 79' lang='grc' dir='ltr'>Θεὸν</span> <span class='ocrx_word' id='word_1_656' title='bbox 3344 3297 3706 3367; x_wconf 80' lang='grc' dir='ltr'>εύοδούμενος.</span> 
     </span>
    </p>
   </div>
   <div class='ocr_carea' id='block_1_92' title="bbox 2213 3475 3714 3550">
    <p class='ocr_par' dir='ltr' id='par_1_92' title="bbox 2213 3475 3714 3550">
     <span class='ocr_line' id='line_1_92' title="bbox 2213 3475 3714 3550; baseline -0.001 -19"><span class='ocrx_word' id='word_1_657' title='bbox 2213 3479 2470 3550; x_wconf 81' lang='grc' dir='ltr'>Πέμπτον</span> <span class='ocrx_word' id='word_1_658' title='bbox 2499 3478 2754 3547; x_wconf 80' lang='grc' dir='ltr'>διήγαγεν</span> <span class='ocrx_word' id='word_1_659' title='bbox 2788 3477 2904 3539; x_wconf 75' lang='grc' dir='ltr'>ἔτος</span> <span class='ocrx_word' id='word_1_660' title='bbox 2939 3475 3125 3529; x_wconf 77' lang='grc' dir='ltr'>τοῦτον</span> <span class='ocrx_word' id='word_1_661' title='bbox 3154 3476 3243 3528; x_wconf 72' lang='grc' dir='ltr'>τὸν</span> <span class='ocrx_word' id='word_1_662' title='bbox 3275 3477 3478 3548; x_wconf 81' lang='grc' dir='ltr'>τρόπον</span> <span class='ocrx_word' id='word_1_663' title='bbox 3507 3477 3714 3546; x_wconf 78' lang='grc' dir='ltr'>φιλοσο-</span> 
     </span>
    </p>
   </div>
   <div class='ocr_carea' id='block_1_93' title="bbox 2147 3567 3714 3640">
    <p class='ocr_par' dir='ltr' id='par_1_93' title="bbox 2147 3567 3714 3640">
     <span class='ocr_line' id='line_1_93' title="bbox 2147 3567 3714 3640; baseline -0.002 -18"><span class='ocrx_word' id='word_1_664' title='bbox 2147 3571 2281 3640; x_wconf 80' lang='grc' dir='ltr'>φῶν,</span> <span class='ocrx_word' id='word_1_665' title='bbox 2309 3571 2403 3623; x_wconf 69' lang='grc' dir='ltr'><strong>καὶ</strong></span> <span class='ocrx_word' id='word_1_666' title='bbox 2433 3570 2769 3640; x_wconf 74' lang='grc' dir='ltr'>μακαριστὴν</span> <span class='ocrx_word' id='word_1_667' title='bbox 2800 3568 2964 3621; x_wconf 88' lang='grc' dir='ltr'>ποιῶν</span> <span class='ocrx_word' id='word_1_668' title='bbox 2992 3567 3087 3638; x_wconf 75' lang='grc' dir='ltr'><strong>τὴν</strong></span> <span class='ocrx_word' id='word_1_669' title='bbox 3113 3568 3321 3639; x_wconf 79' lang='grc' dir='ltr'>μητέρα</span> <span class='ocrx_word' id='word_1_670' title='bbox 3349 3571 3413 3638; x_wconf 79' lang='grc' dir='ltr'>τῇ</span> <span class='ocrx_word' id='word_1_671' title='bbox 3449 3568 3556 3639; x_wconf 76' lang='grc' dir='ltr'>ἰδίᾳ</span> <span class='ocrx_word' id='word_1_672' title='bbox 3582 3569 3714 3636; x_wconf 73' lang='grc' dir='ltr'>ζωῇ,</span> 
     </span>
    </p>
   </div>
   <div class='ocr_carea' id='block_1_94' title="bbox 2146 3656 3716 3730">
    <p class='ocr_par' dir='ltr' id='par_1_94' title="bbox 2146 3656 3716 3730">
     <span class='ocr_line' id='line_1_94' title="bbox 2146 3656 3716 3730; baseline -0.003 -18"><span class='ocrx_word' id='word_1_673' title='bbox 2146 3656 2226 3724; x_wconf 73' lang='grc' dir='ltr'>οἷς</span> <span class='ocrx_word' id='word_1_674' title='bbox 2249 3678 2306 3713; x_wconf 91' lang='grc' dir='ltr'><strong>τε</strong></span> <span class='ocrx_word' id='word_1_675' title='bbox 2342 3660 2666 3730; x_wconf 79' lang='grc' dir='ltr'>κατεκόσμει</span> <span class='ocrx_word' id='word_1_676' title='bbox 2697 3660 2783 3712; x_wconf 75' lang='grc' dir='ltr'>διὰ</span> <span class='ocrx_word' id='word_1_677' title='bbox 2820 3659 3168 3728; x_wconf 63' lang='grc' dir='ltr'>σωφροσύνης</span> <span class='ocrx_word' id='word_1_678' title='bbox 3206 3657 3303 3729; x_wconf 83' lang='grc' dir='ltr'>τὴν</span> <span class='ocrx_word' id='word_1_679' title='bbox 3338 3658 3516 3711; x_wconf 80' lang='grc' dir='ltr'>οἰκίαν</span> <span class='ocrx_word' id='word_1_680' title='bbox 3553 3657 3716 3728; x_wconf 75' lang='grc' dir='ltr'>ζωὴν,</span> 
     </span>
    </p>
   </div>
   <div class='ocr_carea' id='block_1_95' title="bbox 2147 3749 3720 3822">
    <p class='ocr_par' dir='ltr' id='par_1_95' title="bbox 2147 3749 3720 3822">
     <span class='ocr_line' id='line_1_95' title="bbox 2147 3749 3720 3822; baseline -0.004 -16"><span class='ocrx_word' id='word_1_681' title='bbox 2147 3749 2227 3817; x_wconf 74' lang='grc' dir='ltr'>οἷς</span> <span class='ocrx_word' id='word_1_682' title='bbox 2268 3771 2327 3806; x_wconf 90' lang='grc' dir='ltr'><strong>τε</strong></span> <span class='ocrx_word' id='word_1_683' title='bbox 2370 3756 2594 3822; x_wconf 85' lang='grc' dir='ltr'>παρεῖχε</span> <span class='ocrx_word' id='word_1_684' title='bbox 2629 3754 2805 3804; x_wconf 84' lang='grc' dir='ltr'>πᾶσαν</span> <span class='ocrx_word' id='word_1_685' title='bbox 2839 3751 2934 3821; x_wconf 80' lang='grc' dir='ltr'>τὴν</span> <span class='ocrx_word' id='word_1_686' title='bbox 2965 3750 3192 3820; x_wconf 82' lang='grc' dir='ltr'>δύναμιν</span> <span class='ocrx_word' id='word_1_687' title='bbox 3218 3749 3422 3803; x_wconf 68' lang='grc' dir='ltr'>ἑαυτοῦ</span> <span class='ocrx_word' id='word_1_688' title='bbox 3442 3749 3520 3822; x_wconf 80' lang='grc' dir='ltr'>τῷ</span> <span class='ocrx_word' id='word_1_689' title='bbox 3561 3749 3720 3820; x_wconf 80' lang='grc' dir='ltr'>θελή-</span> 
     </span>
    </p>
   </div>
   <div class='ocr_carea' id='block_1_96' title="bbox 2153 3837 3722 3916">
    <p class='ocr_par' dir='ltr' id='par_1_96' title="bbox 2153 3837 3722 3916">
     <span class='ocr_line' id='line_1_96' title="bbox 2153 3837 3722 3916; baseline -0.003 -19"><span class='ocrx_word' id='word_1_690' title='bbox 2153 3862 2280 3916; x_wconf 88' lang='grc' dir='ltr'>ματι</span> <span class='ocrx_word' id='word_1_691' title='bbox 2305 3845 2402 3913; x_wconf 86' lang='grc' dir='ltr'><strong>τῆς</strong></span> <span class='ocrx_word' id='word_1_692' title='bbox 2429 3843 2857 3913; x_wconf 83' lang='grc' dir='ltr'>γεννησαμένης.</span> <span class='ocrx_word' id='word_1_693' title='bbox 2891 3837 3020 3893; x_wconf 72' lang='grc' dir='ltr'>Εἶτα</span> <span class='ocrx_word' id='word_1_694' title='bbox 3053 3839 3188 3911; x_wconf 82' lang='grc' dir='ltr'>βαρύ</span> <span class='ocrx_word' id='word_1_695' title='bbox 3229 3858 3280 3892; x_wconf 87' lang='grc' dir='ltr'><strong>τι</strong></span> <span class='ocrx_word' id='word_1_696' title='bbox 3326 3841 3422 3893; x_wconf 72' lang='grc' dir='ltr'><strong>καὶ</strong></span> <span class='ocrx_word' id='word_1_697' title='bbox 3460 3841 3722 3911; x_wconf 80' lang='grc' dir='ltr'>τραγικὸν</span> 
     </span>
    </p>
   </div>
   <div class='ocr_carea' id='block_1_97' title="bbox 2150 3929 3726 4002">
    <p class='ocr_par' dir='ltr' id='par_1_97' title="bbox 2150 3929 3726 4002">
     <span class='ocr_line' id='line_1_97' title="bbox 2150 3929 3726 4002; baseline -0.03 17"><span class='ocrx_word' id='word_1_698' title='bbox 2150 3935 2317 3997; x_wconf 73' lang='grc' dir='ltr'><strong>πάθοῖ</strong></span> <span class='ocrx_word' id='word_1_699' title='bbox 2343 3935 2398 4001; x_wconf 66' lang='grc' dir='ltr'><strong>ἐξ</strong></span> <span class='ocrx_word' id='word_1_700' title='bbox 2437 3933 2722 4001; x_wconf 64' lang='grc' dir='ltr'>ἐπιϐουλῆς</span> <span class='ocrx_word' id='word_1_701' title='bbox 2741 3974 2754 3996; x_wconf 77' lang='grc' dir='ltr'><strong>ν</strong></span> <span class='ocrx_word' id='word_1_702' title='bbox 2779 3929 2949 4002; x_wconf 75' lang='grc' dir='ltr'>οἶμαι,</span> <span class='ocrx_word' id='word_1_703' title='bbox 2982 3931 3073 3983; x_wconf 79' lang='grc' dir='ltr'><strong>τοῦ</strong></span> <span class='ocrx_word' id='word_1_704' title='bbox 3102 3930 3478 3999; x_wconf 75' lang='grc' dir='ltr'>ἀντικειμένου</span> <span class='ocrx_word' id='word_1_705' title='bbox 3515 3934 3580 4001; x_wconf 79' lang='grc' dir='ltr'>τῇ</span> <span class='ocrx_word' id='word_1_706' title='bbox 3615 3950 3726 4002; x_wconf 80' lang='grc' dir='ltr'>μη-</span> 
     </span>
    </p>
   </div>
   <div class='ocr_carea' id='block_1_98' title="bbox 2151 4023 3727 4100">
    <p class='ocr_par' dir='ltr' id='par_1_98' title="bbox 2151 4023 3727 4100">
     <span class='ocr_line' id='line_1_98' title="bbox 2151 4023 3727 4100; baseline -0.005 -17"><span class='ocrx_word' id='word_1_707' title='bbox 2151 4031 2238 4100; x_wconf 69' lang='grc' dir='ltr'><strong>τρὶ</strong></span> <span class='ocrx_word' id='word_1_708' title='bbox 2268 4026 2564 4097; x_wconf 78' lang='grc' dir='ltr'>συνηνέχθη</span> <span class='ocrx_word' id='word_1_709' title='bbox 2586 4069 2599 4092; x_wconf 93' lang='grc'><strong>,</strong></span> <span class='ocrx_word' id='word_1_710' title='bbox 2628 4025 2655 4077; x_wconf 79' lang='grc' dir='ltr'>ὃ</span> <span class='ocrx_word' id='word_1_711' title='bbox 2685 4027 2845 4078; x_wconf 70' lang='grc' dir='ltr'>παντὶ</span> <span class='ocrx_word' id='word_1_712' title='bbox 2877 4023 2954 4092; x_wconf 84' lang='grc' dir='ltr'>τῷ</span> <span class='ocrx_word' id='word_1_713' title='bbox 2999 4023 3141 4090; x_wconf 81' lang='grc' dir='ltr'>γένει</span> <span class='ocrx_word' id='word_1_714' title='bbox 3172 4023 3305 4093; x_wconf 76' lang='grc' dir='ltr'>πρὸς</span> <span class='ocrx_word' id='word_1_715' title='bbox 3355 4024 3634 4092; x_wconf 73' lang='grc' dir='ltr'>συμφοράν</span> <span class='ocrx_word' id='word_1_716' title='bbox 3665 4040 3727 4075; x_wconf 87' lang='grc' dir='ltr'><strong>τε</strong></span> 
     </span>
    </p>
   </div>
   <div class='ocr_carea' id='block_1_99' title="bbox 2152 4112 3727 4187">
    <p class='ocr_par' dir='ltr' id='par_1_99' title="bbox 2152 4112 3727 4187">
     <span class='ocr_line' id='line_1_99' title="bbox 2152 4112 3727 4187; baseline -0.007 -12"><span class='ocrx_word' id='word_1_717' title='bbox 2152 4123 2247 4175; x_wconf 76' lang='grc' dir='ltr'><strong>καὶ</strong></span> <span class='ocrx_word' id='word_1_718' title='bbox 2280 4120 2471 4181; x_wconf 78' lang='grc' dir='ltr'>πένθος</span> <span class='ocrx_word' id='word_1_719' title='bbox 2509 4119 2833 4187; x_wconf 83' lang='grc' dir='ltr'>ἐπήρκεσεν.</span> <span class='ocrx_word' id='word_1_720' title='bbox 2879 4115 3166 4183; x_wconf 76' lang='grc' dir='ltr'>Αίφνιδίως</span> <span class='ocrx_word' id='word_1_721' title='bbox 3199 4115 3304 4183; x_wconf 72' lang='grc' dir='ltr'><strong>γὰρ</strong></span> <span class='ocrx_word' id='word_1_722' title='bbox 3343 4114 3402 4165; x_wconf 78' lang='grc' dir='ltr'><strong>ἐκ</strong></span> <span class='ocrx_word' id='word_1_723' title='bbox 3436 4113 3531 4181; x_wconf 81' lang='grc' dir='ltr'><strong>τῆς</strong></span> <span class='ocrx_word' id='word_1_724' title='bbox 3571 4112 3727 4183; x_wconf 81' lang='grc' dir='ltr'>ζωῆς</span> 
     </span>
    </p>
   </div>
   <div class='ocr_carea' id='block_1_100' title="bbox 2152 4203 3728 4282">
    <p class='ocr_par' dir='ltr' id='par_1_100' title="bbox 2152 4203 3728 4282">
     <span class='ocr_line' id='line_1_100' title="bbox 2152 4203 3728 4282; baseline -0.007 -14"><span class='ocrx_word' id='word_1_725' title='bbox 2152 4211 2543 4282; x_wconf 79' lang='grc' dir='ltr'>ἀναρπάζεται,</span> <span class='ocrx_word' id='word_1_726' title='bbox 2577 4209 2637 4260; x_wconf 83' lang='grc' dir='ltr'>οὺ</span> <span class='ocrx_word' id='word_1_727' title='bbox 2675 4209 2976 4277; x_wconf 78' lang='grc' dir='ltr'>νοσήματος</span> <span class='ocrx_word' id='word_1_728' title='bbox 3003 4203 3420 4275; x_wconf 84' lang='grc' dir='ltr'>προελπισθῆναι</span> <span class='ocrx_word' id='word_1_729' title='bbox 3455 4203 3513 4254; x_wconf 84' lang='grc' dir='ltr'><strong>τὸ</strong></span> <span class='ocrx_word' id='word_1_730' title='bbox 3541 4203 3728 4266; x_wconf 88' lang='grc' dir='ltr'>πάθος</span> 
     </span>
    </p>
   </div>
   <div class='ocr_carea' id='block_1_101' title="bbox 2154 4294 3732 4373">
    <p class='ocr_par' dir='ltr' id='par_1_101' title="bbox 2154 4294 3732 4373">
     <span class='ocr_line' id='line_1_101' title="bbox 2154 4294 3732 4373; baseline -0.005 -17"><span class='ocrx_word' id='word_1_731' title='bbox 2154 4300 2694 4373; x_wconf 73' lang='grc' dir='ltr'>παρασκευάσαντος,</span> <span class='ocrx_word' id='word_1_732' title='bbox 2725 4298 2824 4350; x_wconf 80' lang='grc' dir='ltr'><strong>οὐκ</strong></span> <span class='ocrx_word' id='word_1_733' title='bbox 2849 4296 3004 4350; x_wconf 74' lang='grc' dir='ltr'>ἄλλου</span> <span class='ocrx_word' id='word_1_734' title='bbox 3031 4296 3272 4349; x_wconf 89' lang='grc' dir='ltr'>τοιούτου</span> <span class='ocrx_word' id='word_1_735' title='bbox 3299 4295 3436 4357; x_wconf 85' lang='grc' dir='ltr'>τινὸς</span> <span class='ocrx_word' id='word_1_736' title='bbox 3465 4294 3572 4346; x_wconf 90' lang='grc' dir='ltr'><strong>τῶν</strong></span> <span class='ocrx_word' id='word_1_737' title='bbox 3594 4311 3732 4348; x_wconf 85' lang='grc' dir='ltr'>συν·</span> 
     </span>
    </p>
   </div>
   <div class='ocr_carea' id='block_1_102' title="bbox 2158 4386 3733 4465">
    <p class='ocr_par' dir='ltr' id='par_1_102' title="bbox 2158 4386 3733 4465">
     <span class='ocr_line' id='line_1_102' title="bbox 2158 4386 3733 4465; baseline -0.004 -19"><span class='ocrx_word' id='word_1_738' title='bbox 2158 4393 2304 4465; x_wconf 90' lang='grc' dir='ltr'>ήθων</span> <span class='ocrx_word' id='word_1_739' title='bbox 2351 4392 2444 4444; x_wconf 74' lang='grc' dir='ltr'>καὶ</span> <span class='ocrx_word' id='word_1_740' title='bbox 2470 4389 2759 4460; x_wconf 88' lang='grc' dir='ltr'>γνωρίμων</span> <span class='ocrx_word' id='word_1_741' title='bbox 2788 4388 3156 4456; x_wconf 80' lang='grc' dir='ltr'>ἐπαγαγόντος</span> <span class='ocrx_word' id='word_1_742' title='bbox 3191 4387 3268 4458; x_wconf 80' lang='grc' dir='ltr'>τῷ</span> <span class='ocrx_word' id='word_1_743' title='bbox 3303 4387 3407 4456; x_wconf 85' lang='grc' dir='ltr'><strong>νέῳ</strong></span> <span class='ocrx_word' id='word_1_744' title='bbox 3436 4387 3524 4439; x_wconf 82' lang='grc' dir='ltr'><strong>τὸν</strong></span> <span class='ocrx_word' id='word_1_745' title='bbox 3563 4386 3733 4440; x_wconf 87' lang='grc' dir='ltr'>θάνα-</span> 
     </span>
    </p>
   </div>
   <div class='ocr_carea' id='block_1_103' title="bbox 2155 4473 3727 4551">
    <p class='ocr_par' dir='ltr' id='par_1_103' title="bbox 2155 4473 3727 4551">
     <span class='ocr_line' id='line_1_103' title="bbox 2155 4473 3727 4551; baseline -0.004 -17"><span class='ocrx_word' id='word_1_746' title='bbox 2155 4499 2246 4535; x_wconf 90' lang='grc' dir='ltr'><strong>τον</strong></span> <span class='ocrx_word' id='word_1_747' title='bbox 2274 4499 2290 4513; x_wconf 89' lang='grc'>·</span> <span class='ocrx_word' id='word_1_748' title='bbox 2325 4480 2439 4534; x_wconf 84' lang='grc' dir='ltr'>ἀλλ’</span> <span class='ocrx_word' id='word_1_749' title='bbox 2485 4482 2576 4532; x_wconf 58' lang='grc' dir='ltr'><strong>ἐπὶ⁵</strong></span> <span class='ocrx_word' id='word_1_750' title='bbox 2608 4479 2778 4549; x_wconf 91' lang='grc' dir='ltr'>θήραν</span> <span class='ocrx_word' id='word_1_751' title='bbox 2824 4479 3103 4550; x_wconf 87' lang='grc' dir='ltr'>ὁρμήσας,</span> <span class='ocrx_word' id='word_1_752' title='bbox 3137 4477 3205 4530; x_wconf 84' lang='grc' dir='ltr'>δι’</span> <span class='ocrx_word' id='word_1_753' title='bbox 3240 4473 3306 4551; x_wconf 84' lang='grc' dir='ltr'>ἦς</span> <span class='ocrx_word' id='word_1_754' title='bbox 3348 4479 3572 4547; x_wconf 79' lang='grc' dir='ltr'>παρεῖχε</span> <span class='ocrx_word' id='word_1_755' title='bbox 3605 4480 3727 4540; x_wconf 87' lang='grc' dir='ltr'>τοῖς</span> 
     </span>
    </p>
   </div>
   <div class='ocr_carea' id='block_1_104' title="bbox 2156 4568 3736 4646">
    <p class='ocr_par' dir='ltr' id='par_1_104' title="bbox 2156 4568 3736 4646">
     <span class='ocr_line' id='line_1_104' title="bbox 2156 4568 3736 4646; baseline -0.005 -18"><span class='ocrx_word' id='word_1_756' title='bbox 2156 4572 2665 4646; x_wconf 85' lang='grc' dir='ltr'>γηρωκομουμένοις</span> <span class='ocrx_word' id='word_1_757' title='bbox 2690 4570 2758 4623; x_wconf 74' lang='grc' dir='ltr'>τὰ</span> <span class='ocrx_word' id='word_1_758' title='bbox 2801 4569 3078 4640; x_wconf 85' lang='grc' dir='ltr'>ἐπιτήδεια</span> <span class='ocrx_word' id='word_1_759' title='bbox 3097 4608 3112 4632; x_wconf 96' lang='grc'><strong>,</strong></span> <span class='ocrx_word' id='word_1_760' title='bbox 3143 4569 3332 4638; x_wconf 82' lang='grc' dir='ltr'>νεκρὸς</span> <span class='ocrx_word' id='word_1_761' title='bbox 3359 4568 3437 4638; x_wconf 82' lang='grc' dir='ltr'>τῷ</span> <span class='ocrx_word' id='word_1_762' title='bbox 3460 4568 3593 4638; x_wconf 79' lang='grc' dir='ltr'>οίκῳ</span> <span class='ocrx_word' id='word_1_763' title='bbox 3628 4569 3736 4621; x_wconf 74' lang='grc' dir='ltr'><strong>αὖ·</strong></span> 
     </span>
    </p>
   </div>
   <div class='ocr_carea' id='block_1_105' title="bbox 2154 4660 3736 4730">
    <p class='ocr_par' dir='ltr' id='par_1_105' title="bbox 2154 4660 3736 4730">
     <span class='ocr_line' id='line_1_105' title="bbox 2154 4660 3736 4730; baseline -0.003 -14"><span class='ocrx_word' id='word_1_764' title='bbox 2154 4663 2249 4718; x_wconf 80' lang='grc' dir='ltr'>τοῦ</span> <span class='ocrx_word' id='word_1_765' title='bbox 2276 4663 2606 4730; x_wconf 80' lang='grc' dir='ltr'>ἐπανάγεται</span> <span class='ocrx_word' id='word_1_766' title='bbox 2635 4702 2648 4723; x_wconf 93' lang='grc'><strong>,</strong></span> <span class='ocrx_word' id='word_1_767' title='bbox 2689 4661 2854 4723; x_wconf 85' lang='grc' dir='ltr'>αὐτός</span> <span class='ocrx_word' id='word_1_768' title='bbox 2882 4677 2941 4713; x_wconf 90' lang='grc' dir='ltr'><strong>τε</strong></span> <span class='ocrx_word' id='word_1_769' title='bbox 2993 4662 3196 4722; x_wconf 84' lang='grc' dir='ltr'>ἐκεῖνος</span> <span class='ocrx_word' id='word_1_770' title='bbox 3223 4701 3236 4722; x_wconf 91' lang='grc'><strong>,</strong></span> <span class='ocrx_word' id='word_1_771' title='bbox 3281 4661 3375 4711; x_wconf 73' lang='grc' dir='ltr'>καὶ</span> <span class='ocrx_word' id='word_1_772' title='bbox 3419 4660 3448 4711; x_wconf 87' lang='grc' dir='ltr'><strong>ό</strong></span> <span class='ocrx_word' id='word_1_773' title='bbox 3475 4660 3736 4722; x_wconf 82' lang='grc' dir='ltr'>κοινωνὸς</span> 
     </span>
    </p>
   </div>
   <div class='ocr_carea' id='block_1_106' title="bbox 2155 4743 3738 4824">
    <p class='ocr_par' dir='ltr' id='par_1_106' title="bbox 2155 4743 3738 4824">
     <span class='ocr_line' id='line_1_106' title="bbox 2155 4743 3738 4824; baseline -0.005 -17"><span class='ocrx_word' id='word_1_774' title='bbox 2155 4754 2302 4824; x_wconf 85' lang='grc' dir='ltr'>αύτῷ</span> <span class='ocrx_word' id='word_1_775' title='bbox 2329 4753 2420 4806; x_wconf 77' lang='grc' dir='ltr'>τοῦ</span> <span class='ocrx_word' id='word_1_776' title='bbox 2453 4753 2565 4822; x_wconf 86' lang='grc' dir='ltr'>βίου</span> <span class='ocrx_word' id='word_1_777' title='bbox 2601 4751 2934 4822; x_wconf 83' lang='grc' dir='ltr'>Χρυσάφιος.</span> <span class='ocrx_word' id='word_1_778' title='bbox 2962 4750 3157 4818; x_wconf 73' lang='grc' dir='ltr'>Πόρῤω</span> <span class='ocrx_word' id='word_1_779' title='bbox 3185 4748 3239 4800; x_wconf 84' lang='grc' dir='ltr'><strong>δέ</strong></span> <span class='ocrx_word' id='word_1_780' title='bbox 3266 4743 3334 4815; x_wconf 77' lang='grc' dir='ltr'><strong>ῆν</strong></span> <span class='ocrx_word' id='word_1_781' title='bbox 3374 4747 3482 4800; x_wconf 87' lang='grc' dir='ltr'><strong>τῶν</strong></span> <span class='ocrx_word' id='word_1_782' title='bbox 3509 4747 3738 4816; x_wconf 76' lang='grc' dir='ltr'>γινομέ-</span> 
     </span>
    </p>
   </div>
   <div class='ocr_carea' id='block_1_107' title="bbox 2154 4837 3740 4916">
    <p class='ocr_par' dir='ltr' id='par_1_107' title="bbox 2154 4837 3740 4916">
     <span class='ocr_line' id='line_1_107' title="bbox 2154 4837 3740 4916; baseline -0.006 -16"><span class='ocrx_word' id='word_1_783' title='bbox 2154 4847 2314 4916; x_wconf 85' lang='grc' dir='ltr'>νωνή</span> <span class='ocrx_word' id='word_1_784' title='bbox 2343 4845 2542 4916; x_wconf 82' lang='grc' dir='ltr'>μήτηρ,</span> <span class='ocrx_word' id='word_1_785' title='bbox 2566 4843 2728 4914; x_wconf 91' lang='grc' dir='ltr'>τριῶν</span> <span class='ocrx_word' id='word_1_786' title='bbox 2760 4842 2979 4913; x_wconf 78' lang='grc' dir='ltr'>ἡμερῶν</span> <span class='ocrx_word' id='word_1_787' title='bbox 3009 4841 3128 4892; x_wconf 73' lang='grc' dir='ltr'>ὁδὸν</span> <span class='ocrx_word' id='word_1_788' title='bbox 3158 4837 3446 4908; x_wconf 80' lang='grc' dir='ltr'>ἀφεστῶσα</span> <span class='ocrx_word' id='word_1_789' title='bbox 3476 4839 3573 4906; x_wconf 85' lang='grc' dir='ltr'><strong>τῆς</strong></span> <span class='ocrx_word' id='word_1_790' title='bbox 3599 4855 3740 4908; x_wconf 86' lang='grc' dir='ltr'>συμ-</span> 
     </span>
    </p>
   </div>
   <div class='ocr_carea' id='block_1_108' title="bbox 2157 4930 3738 5008">
    <p class='ocr_par' dir='ltr' id='par_1_108' title="bbox 2157 4930 3738 5008">
     <span class='ocr_line' id='line_1_108' title="bbox 2157 4930 3738 5008; baseline -0.008 -16"><span class='ocrx_word' id='word_1_791' title='bbox 2157 4940 2348 5008; x_wconf 82' lang='grc' dir='ltr'>φορᾶς.</span> <span class='ocrx_word' id='word_1_792' title='bbox 2368 4937 2477 4990; x_wconf 86' lang='grc' dir='ltr'><strong>Καί</strong></span> <span class='ocrx_word' id='word_1_793' title='bbox 2498 4953 2583 5000; x_wconf 91' lang='grc' dir='ltr'><strong>τις</strong></span> <span class='ocrx_word' id='word_1_794' title='bbox 2617 4935 2841 5003; x_wconf 77' lang='grc' dir='ltr'>ἀφίκετο</span> <span class='ocrx_word' id='word_1_795' title='bbox 2864 4935 2992 5004; x_wconf 75' lang='grc' dir='ltr'>παρ’</span> <span class='ocrx_word' id='word_1_796' title='bbox 3014 4932 3182 5002; x_wconf 81' lang='grc' dir='ltr'>αὐτὴν</span> <span class='ocrx_word' id='word_1_797' title='bbox 3213 4930 3433 5001; x_wconf 90' lang='grc' dir='ltr'>μηνύων</span> <span class='ocrx_word' id='word_1_798' title='bbox 3453 4931 3515 4984; x_wconf 82' lang='grc' dir='ltr'>τὸ</span> <span class='ocrx_word' id='word_1_799' title='bbox 3540 4930 3738 4993; x_wconf 77' lang='grc' dir='ltr'>πάθοςο</span> 
     </span>
    </p>
   </div>
   <div class='ocr_carea' id='block_1_109' title="bbox 2154 5017 3740 5101">
    <p class='ocr_par' dir='ltr' id='par_1_109' title="bbox 2154 5017 3740 5101">
     <span class='ocr_line' id='line_1_109' title="bbox 2154 5017 3740 5101; baseline -0.007 -18"><span class='ocrx_word' id='word_1_800' title='bbox 2154 5033 2187 5101; x_wconf 85' lang='grc' dir='ltr'><strong>ή</strong></span> <span class='ocrx_word' id='word_1_801' title='bbox 2219 5030 2276 5083; x_wconf 84' lang='grc' dir='ltr'><strong>δέ</strong></span> <span class='ocrx_word' id='word_1_802' title='bbox 2303 5027 2483 5082; x_wconf 87' lang='grc' dir='ltr'>τελεία</span> <span class='ocrx_word' id='word_1_803' title='bbox 2518 5028 2614 5098; x_wconf 84' lang='grc' dir='ltr'>μὲν</span> <span class='ocrx_word' id='word_1_804' title='bbox 2642 5029 2754 5090; x_wconf 87' lang='grc' dir='ltr'>τοῖς</span> <span class='ocrx_word' id='word_1_805' title='bbox 2802 5028 2926 5078; x_wconf 84' lang='grc' dir='ltr'>κατ’</span> <span class='ocrx_word' id='word_1_806' title='bbox 2955 5023 3153 5094; x_wconf 83' lang='grc' dir='ltr'>ἀρετὴν</span> <span class='ocrx_word' id='word_1_807' title='bbox 3193 5022 3394 5076; x_wconf 75' lang='grc' dir='ltr'>ἅπασιν</span> <span class='ocrx_word' id='word_1_808' title='bbox 3437 5017 3507 5092; x_wconf 82' lang='grc' dir='ltr'>ἦν</span> <span class='ocrx_word' id='word_1_809' title='bbox 3533 5061 3548 5082; x_wconf 91' lang='grc'><strong>,</strong></span> <span class='ocrx_word' id='word_1_810' title='bbox 3597 5021 3740 5090; x_wconf 74' lang='grc' dir='ltr'>πλὴν</span> 
     </span>
    </p>
   </div>
   <div class='ocr_carea' id='block_1_110' title="bbox 2155 5110 3742 5192">
    <p class='ocr_par' dir='ltr' id='par_1_110' title="bbox 2155 5110 3742 5192">
     <span class='ocr_line' id='line_1_110' title="bbox 2155 5110 3742 5192; baseline -0.006 -19"><span class='ocrx_word' id='word_1_811' title='bbox 2155 5121 2372 5192; x_wconf 81' lang='grc' dir='ltr'>ἐκράτει</span> <span class='ocrx_word' id='word_1_812' title='bbox 2405 5117 2663 5187; x_wconf 83' lang='grc' dir='ltr'>κάκείνης</span> <span class='ocrx_word' id='word_1_813' title='bbox 2715 5117 2856 5169; x_wconf 79' lang='grc' dir='ltr'>κατὰ</span> <span class='ocrx_word' id='word_1_814' title='bbox 2888 5115 2949 5168; x_wconf 80' lang='grc' dir='ltr'><strong>τὸ</strong></span> <span class='ocrx_word' id='word_1_815' title='bbox 3001 5110 3116 5167; x_wconf 71' lang='grc' dir='ltr'>ἶσον</span> <span class='ocrx_word' id='word_1_816' title='bbox 3159 5115 3192 5184; x_wconf 82' lang='grc' dir='ltr'><strong>ἡ</strong></span> <span class='ocrx_word' id='word_1_817' title='bbox 3227 5113 3409 5182; x_wconf 76' lang='grc' dir='ltr'>φύσις.</span> <span class='ocrx_word' id='word_1_818' title='bbox 3427 5113 3742 5166; x_wconf 81' lang='grc' dir='ltr'>Ὀκλάσασα</span> 
     </span>
    </p>
   </div>
   <div class='ocr_carea' id='block_1_111' title="bbox 2156 5203 3737 5282">
    <p class='ocr_par' dir='ltr' id='par_1_111' title="bbox 2156 5203 3737 5282">
     <span class='ocr_line' id='line_1_111' title="bbox 2156 5203 3737 5282; baseline -0.006 -18"><span class='ocrx_word' id='word_1_819' title='bbox 2156 5212 2264 5282; x_wconf 80' lang='grc' dir='ltr'><strong>γὰρ</strong></span> <span class='ocrx_word' id='word_1_820' title='bbox 2296 5212 2393 5282; x_wconf 82' lang='grc' dir='ltr'>τὴν</span> <span class='ocrx_word' id='word_1_821' title='bbox 2425 5209 2622 5280; x_wconf 75' lang='grc' dir='ltr'>ψυχὴν,</span> <span class='ocrx_word' id='word_1_822' title='bbox 2649 5208 2852 5268; x_wconf 78' lang='grc' dir='ltr'>ἄπνους</span> <span class='ocrx_word' id='word_1_823' title='bbox 2872 5223 2930 5258; x_wconf 91' lang='grc' dir='ltr'><strong>τε</strong></span> <span class='ocrx_word' id='word_1_824' title='bbox 2963 5207 3055 5258; x_wconf 77' lang='grc' dir='ltr'><strong>καὶ</strong></span> <span class='ocrx_word' id='word_1_825' title='bbox 3085 5204 3355 5272; x_wconf 71' lang='grc' dir='ltr'>ἄφθογγος</span> <span class='ocrx_word' id='word_1_826' title='bbox 3389 5203 3737 5274; x_wconf 81' lang='grc' dir='ltr'>παραχρῆμα</span> 
     </span>
    </p>
   </div>
   <div class='ocr_carea' id='block_1_112' title="bbox 2161 5294 3733 5369">
    <p class='ocr_par' dir='ltr' id='par_1_112' title="bbox 2161 5294 3733 5369">
     <span class='ocr_line' id='line_1_112' title="bbox 2161 5294 3733 5369; baseline -0.006 -14"><span class='ocrx_word' id='word_1_827' title='bbox 2161 5303 2377 5369; x_wconf 85' lang='grc' dir='ltr'>ἐγένετο</span> <span class='ocrx_word' id='word_1_828' title='bbox 2398 5341 2413 5365; x_wconf 89' lang='grc'><strong>,</strong></span> <span class='ocrx_word' id='word_1_829' title='bbox 2451 5299 2544 5353; x_wconf 81' lang='grc' dir='ltr'>τοῦ</span> <span class='ocrx_word' id='word_1_830' title='bbox 2586 5295 2844 5368; x_wconf 87' lang='grc' dir='ltr'>λογισμοῦ</span> <span class='ocrx_word' id='word_1_831' title='bbox 2880 5295 2956 5365; x_wconf 83' lang='grc' dir='ltr'><strong>τῷ</strong></span> <span class='ocrx_word' id='word_1_832' title='bbox 3001 5294 3160 5349; x_wconf 88' lang='grc' dir='ltr'>πάθει</span> <span class='ocrx_word' id='word_1_833' title='bbox 3195 5297 3733 5366; x_wconf 78' lang='grc' dir='ltr'>παραχωρήσαντος,</span> 
     </span>
    </p>
   </div>
   <div class='ocr_carea' id='block_1_113' title="bbox 485 5386 3736 5466">
    <p class='ocr_par' dir='ltr' id='par_1_113' title="bbox 485 5386 3736 5466">
     <span class='ocr_line' id='line_1_113' title="bbox 485 5386 3736 5466; baseline -0.003 -20"><span class='ocrx_word' id='word_1_834' title='bbox 485 5393 580 5446; x_wconf 80' lang='grc' dir='ltr'><strong>καὶ</strong></span> <span class='ocrx_word' id='word_1_835' title='bbox 622 5392 799 5447; x_wconf 78' lang='grc' dir='ltr'>ἔκειτο</span> <span class='ocrx_word' id='word_1_836' title='bbox 842 5391 976 5462; x_wconf 81' lang='grc' dir='ltr'>ὁμοῦ</span> <span class='ocrx_word' id='word_1_837' title='bbox 1009 5394 1074 5464; x_wconf 80' lang='grc' dir='ltr'><strong>τῇ</strong></span> <span class='ocrx_word' id='word_1_838' title='bbox 1109 5393 1376 5465; x_wconf 78' lang='grc' dir='ltr'>προσὸολῇ</span> <span class='ocrx_word' id='word_1_839' title='bbox 1421 5393 1522 5464; x_wconf 92' lang='grc' dir='ltr'><strong>τῆς</strong></span> <span class='ocrx_word' id='word_1_840' title='bbox 1581 5395 1825 5466; x_wconf 81' lang='grc' dir='ltr'>πονηρᾶς</span> <span class='ocrx_word' id='word_1_841' title='bbox 1871 5395 2076 5466; x_wconf 83' lang='grc' dir='ltr'>ἀκοῆς,</span> <span class='ocrx_word' id='word_1_842' title='bbox 2115 5393 2366 5463; x_wconf 85' lang='grc' dir='ltr'>καθάπερ</span> <span class='ocrx_word' id='word_1_843' title='bbox 2413 5407 2497 5453; x_wconf 89' lang='grc' dir='ltr'><strong>τις</strong></span> <span class='ocrx_word' id='word_1_844' title='bbox 2546 5387 2782 5459; x_wconf 74' lang='grc' dir='ltr'>ἀθλητὴς</span> <span class='ocrx_word' id='word_1_845' title='bbox 2818 5388 3084 5454; x_wconf 81' lang='grc' dir='ltr'>γενναῖος,</span> <span class='ocrx_word' id='word_1_846' title='bbox 3126 5386 3518 5457; x_wconf 83' lang='grc' dir='ltr'>ἀπροσδοκήτῳ</span> <span class='ocrx_word' id='word_1_847' title='bbox 3562 5399 3736 5437; x_wconf 83' lang='grc' dir='ltr'>κατα-</span> 
     </span>
    </p>
   </div>
   <div class='ocr_carea' id='block_1_114' title="bbox 488 5479 999 5552">
    <p class='ocr_par' dir='ltr' id='par_1_114' title="bbox 488 5479 999 5552">
     <span class='ocr_line' id='line_1_114' title="bbox 488 5479 999 5552; baseline -0.004 -16"><span class='ocrx_word' id='word_1_848' title='bbox 488 5481 764 5536; x_wconf 88' lang='grc' dir='ltr'>σεισθεῖσα</span> <span class='ocrx_word' id='word_1_849' title='bbox 793 5479 976 5552; x_wconf 87' lang='grc' dir='ltr'>πληγῇ</span> <span class='ocrx_word' id='word_1_850' title='bbox 987 5522 999 5534; x_wconf 94' lang='grc'><strong><em>.</em></strong></span> 
     </span>
    </p>
   </div>
   <div class='ocr_carea' id='block_1_115' title="bbox 559 5550 2053 5644">
    <p class='ocr_par' dir='ltr' id='par_1_115' title="bbox 559 5550 2053 5644">
     <span class='ocr_line' id='line_1_115' title="bbox 559 5550 2053 5644; baseline 0.003 -20"><span class='ocrx_word' id='word_1_851' title='bbox 559 5571 659 5626; x_wconf 83' lang='lat' dir='ltr'><strong>Hic</strong></span> <span class='ocrx_word' id='word_1_852' title='bbox 691 5550 898 5640; x_wconf 63' lang='lat' dir='ltr'><strong>magnai</strong></span> <span class='ocrx_word' id='word_1_853' title='bbox 949 5550 1207 5626; x_wconf 76' lang='lat' dir='ltr'><strong>Macrinte</strong></span> <span class='ocrx_word' id='word_1_854' title='bbox 1255 5571 1430 5627; x_wconf 88' lang='lat' dir='ltr'><strong>virtus</strong></span> <span class='ocrx_word' id='word_1_855' title='bbox 1468 5573 1743 5643; x_wconf 91' lang='lat' dir='ltr'><strong>apparuit,</strong></span> <span class='ocrx_word' id='word_1_856' title='bbox 1791 5589 1912 5644; x_wconf 67' lang='lat' dir='ltr'><strong>quae</strong></span> <span class='ocrx_word' id='word_1_857' title='bbox 1941 5588 2053 5628; x_wconf 93' lang='lat' dir='ltr'><strong>non</strong></span> 
     </span>
    </p>
   </div>
   <div class='ocr_carea' id='block_1_116' title="bbox 490 5659 2052 5731">
    <p class='ocr_par' dir='ltr' id='par_1_116' title="bbox 490 5659 2052 5731">
     <span class='ocr_line' id='line_1_116' title="bbox 490 5659 2052 5731; baseline 0.001 -17"><span class='ocrx_word' id='word_1_858' title='bbox 490 5659 666 5714; x_wconf 84' lang='lat' dir='ltr'><strong>solum</strong></span> <span class='ocrx_word' id='word_1_859' title='bbox 700 5675 760 5716; x_wconf 85' lang='lat' dir='ltr'><strong>se</strong></span> <span class='ocrx_word' id='word_1_860' title='bbox 787 5660 1046 5717; x_wconf 88' lang='lat' dir='ltr'><strong>invictam</strong></span> <span class='ocrx_word' id='word_1_861' title='bbox 1077 5672 1238 5731; x_wconf 90' lang='lat' dir='ltr'><strong>atque</strong></span> <span class='ocrx_word' id='word_1_862' title='bbox 1279 5669 1518 5718; x_wconf 87' lang='lat' dir='ltr'><strong>erectam</strong></span> <span class='ocrx_word' id='word_1_863' title='bbox 1563 5663 1820 5728; x_wconf 81' lang='lat' dir='ltr'><strong>servavit,</strong></span> <span class='ocrx_word' id='word_1_864' title='bbox 1865 5678 2052 5718; x_wconf 86' lang='lat' dir='ltr'><strong>verum</strong></span> 
     </span>
    </p>
   </div>
   <div class='ocr_carea' id='block_1_117' title="bbox 2242 5563 3741 5637">
    <p class='ocr_par' dir='ltr' id='par_1_117' title="bbox 2242 5563 3741 5637">
     <span class='ocr_line' id='line_1_117' title="bbox 2242 5563 3741 5637; baseline 0.007 -50"><span class='ocrx_word' id='word_1_865' title='bbox 2242 5569 2331 5621; x_wconf 73' lang='grc' dir='ltr'><strong>,Εν</strong></span> <span class='ocrx_word' id='word_1_866' title='bbox 2363 5565 2539 5636; x_wconf 84' lang='grc' dir='ltr'>τούτῳ</span> <span class='ocrx_word' id='word_1_867' title='bbox 2587 5565 2644 5618; x_wconf 83' lang='grc' dir='ltr'>δὲ</span> <span class='ocrx_word' id='word_1_868' title='bbox 2693 5564 2862 5635; x_wconf 84' lang='grc' dir='ltr'>ἐφάνη</span> <span class='ocrx_word' id='word_1_869' title='bbox 2921 5563 3022 5634; x_wconf 82' lang='grc' dir='ltr'><strong>τῆς</strong></span> <span class='ocrx_word' id='word_1_870' title='bbox 3077 5565 3317 5635; x_wconf 74' lang='grc' dir='ltr'>μεγάλης</span> <span class='ocrx_word' id='word_1_871' title='bbox 3360 5565 3646 5636; x_wconf 68' lang='grc' dir='ltr'><strong>Μακρενης</strong></span> <span class='ocrx_word' id='word_1_872' title='bbox 3702 5565 3741 5637; x_wconf 60' lang='grc' dir='ltr'>ἡ</span> 
     </span>
    </p>
   </div>
   <div class='ocr_carea' id='block_1_118' title="bbox 2162 5655 3741 5730">
    <p class='ocr_par' dir='ltr' id='par_1_118' title="bbox 2162 5655 3741 5730">
     <span class='ocr_line' id='line_1_118' title="bbox 2162 5655 3741 5730; baseline -0.002 -17"><span class='ocrx_word' id='word_1_873' title='bbox 2162 5659 2365 5730; x_wconf 81' lang='grc' dir='ltr'>ἀρετή·</span> <span class='ocrx_word' id='word_1_874' title='bbox 2412 5658 2561 5721; x_wconf 82' lang='grc' dir='ltr'>ὅπως</span> <span class='ocrx_word' id='word_1_875' title='bbox 2597 5656 2673 5728; x_wconf 83' lang='grc' dir='ltr'>τῷ</span> <span class='ocrx_word' id='word_1_876' title='bbox 2717 5655 2876 5710; x_wconf 85' lang='grc' dir='ltr'>πάθει</span> <span class='ocrx_word' id='word_1_877' title='bbox 2923 5657 3014 5710; x_wconf 84' lang='grc' dir='ltr'><strong>τὸν</strong></span> <span class='ocrx_word' id='word_1_878' title='bbox 3046 5657 3303 5729; x_wconf 71' lang='grc' dir='ltr'>λογισμὸν</span> <span class='ocrx_word' id='word_1_879' title='bbox 3342 5658 3741 5728; x_wconf 75' lang='grc' dir='ltr'>ἀντιστήσασα,</span> 
     </span>
    </p>
   </div>
  </div>
