4002 6206
335 309 444 369 969

1572 314 1664 371 DE
1696 314 1861 372 Vl'fA
1898 286 1955 371 ε.
1995 314 2355 373 mentm.

3487 324 3592 382 97”

331 418 537 490 ἑαυτήν
581 434 640 472 τε
694 416 944 473 ἄπτωτον
987 418 1305 490 διεφύλαξε,
1357 422 1453 477 καὶ
1494 424 1594 494 τῆς
1642 426 1901 496 μητρικῆς

2017 426 2181 481 etiam
2212 426 2405 483 matris
2435 426 2866 487 imbecillitatem
2906 430 3061 488 fulsit
3090 440 3257 506 atque
3304 439 3589 498 sustinuit.

329 509 620 573 ἀσθενείας
651 509 884 581 ἔρεισμα
925 510 1191 584 γενομένη
1215 554 1231 578 ,
1263 513 1427 567 πάλιν
1479 515 1545 568 ἐκ
1591 514 1687 569 τοῦ
1744 515 1908 586 βυθοῦ

328 603 430 672 τῆς
449 600 628 673 λύπης
649 601 821 675 αὐτὴν
839 602 1172 660 ἀνενεώσατο
1190 620 1202 633 ·
1231 604 1309 675 τῷ
1337 604 1459 658 καθ’
1480 606 1676 675 ἑαυτὴν
1698 608 1913 679 στερρῷ

327 712 389 749 τε
435 694 529 748 καὶ
564 694 829 765 ἀνενδότῳ
855 736 869 758 ,
900 680 994 749 καὶ
1043 694 1144 767 τὴν
1174 698 1277 768 τῆς
1324 696 1528 770 μητρὸς
1569 697 1747 769 ψυχὴν
1776 699 1913 770 πρὸς

330 786 584 859 ἀνδρείαν
610 785 1103 858 παιδοτριϐήσασα.

402 876 612 932 Οὐκοῦν
658 878 719 933 ού
780 878 1066 951 παρεσύρη
1115 880 1253 952 πρὸς
1296 881 1359 936 τὸ
1392 882 1563 947 πάθος
1612 885 1646 955 ἡ
1686 884 1909 956 μήτηρ,

327 970 452 1025 οὐδὲ
490 970 661 1025 ἔπαθε
692 969 1033 1039 δυσγενές,τι
1084 973 1178 1026 καὶ
1220 978 1530 1042 γυναικεῖον
1554 1018 1569 1042 ,
1608 975 1749 1030 ὥστε
1782 977 1912 1049 βοῆο·

331 1077 422 1115 σαι
447 1061 585 1133 πρὸς
616 1062 677 1115 τὸ
715 1061 887 1119 κακὸν
911 1101 927 1126 ,
964 1060 997 1133 ἢ
1037 1063 1470 1134 περιρρήξασθαι
1501 1066 1562 1119 τὸ
1591 1064 1804 1138 ἱμάτιον
1826 1109 1843 1135 ,
1873 1068 1908 1139 ἢ

326 1152 675 1207 ὲπικωκῦσαι
700 1152 780 1224 τῷ
806 1152 993 1218 πάθει,
1021 1153 1055 1225 ἢ
1085 1157 1204 1219 ταῖς
1224 1160 1445 1227 γοεραῖς
1475 1156 1762 1228 μελῳδίαις
1782 1159 1911 1213 ἀνα-

323 1244 549 1315 κινῆσαι
572 1245 701 1310 τοὺς
730 1245 980 1317 θρήνους.
1022 1246 1183 1301 Ἀλλά
1212 1249 1391 1320 ἠσυχῆ
1429 1248 1769 1322 διεκαρτέρει
1800 1253 1912 1315 τοῖς

324 1337 611 1409 λογισμοῖς
628 1379 643 1403 ,
670 1340 792 1402 ταῖς
829 1338 930 1408 τῆς
958 1338 1173 1407 φύσεως
1202 1339 1530 1410 προσϐολαῖς
1549 1341 1909 1414 διωθουμένη,

325 1429 607 1499 λογισμοῖς
644 1446 706 1482 τε
758 1432 869 1491 τοῖς
910 1429 1060 1492 ἰδίοις
1105 1431 1201 1485 καὶ
1239 1433 1352 1493 τοῖς
1394 1430 1549 1504 παρὰ
1588 1432 1691 1502 τῆς
1738 1430 1910 1501 θυγα-

323 1520 455 1592 τρὸς
486 1521 625 1591 αὐτῇ
661 1520 799 1591 πρὸς
830 1519 931 1592 τὴν
972 1520 1069 1574 τοῦ
1104 1520 1277 1575 κακοῦ
1308 1520 1602 1592 θεραπείαν
1633 1539 1911 1596 προσαγο-

329 1615 533 1685 μὲνοις.
561 1614 694 1667 Τότε
721 1612 830 1684 γὰρ
851 1612 914 1684 δὴ
942 1613 1178 1685 μάλιστα
1202 1614 1381 1687 ὑψηλή
1412 1631 1474 1668 τε
1501 1616 1596 1670 καὶ
1623 1616 1907 1689 ἐπηρμένη

322 1710 358 1779 ἠ
390 1707 492 1779 τῆς
516 1706 789 1778 παρθένου
816 1707 963 1778 ψυχὴ
991 1707 1219 1779 διεφάνη
1245 1721 1260 1736 ⁸
1290 1709 1372 1763 ὅτι
1397 1710 1493 1763 καὶ
1519 1711 1578 1763 ὲν
1602 1710 1784 1783 ἐκείνῃ
1808 1711 1909 1782 μὲν

2017 518 2150 574 Nam
2180 520 2426 574 animum
2456 519 2579 590 ejus
2611 521 2941 592 gravissimo
2965 539 3102 581 casu
3138 527 3411 597 dejectum
3442 535 3593 588 exci—

2014 618 2140 668 tans
2182 621 2239 668 et
2273 627 2554 677 recreans,
2585 613 2792 669 invicto
2818 615 3017 673 robore
3060 634 3163 673 suo
3202 621 3269 676 ad
3308 620 3594 679 fortitudi-

2013 714 2139 756 nem
2166 709 2221 756 et
2247 700 2597 755 tolerantiam
2632 702 2900 759 instituit.

2086 874 2180 932 Sic
2227 876 2397 947 igitur
2433 879 2653 935 tandem
2700 889 2875 938 mater
2900 882 3076 939 dolori
3112 885 3333 951 restitit,
3380 906 3478 945 nec
3510 891 3594 945 in-

2011 967 2238 1038 dignum
2272 978 2368 1023 aut
2397 969 2770 1025 effeminatum
2804 973 3087 1044 quidpiam
3129 975 3373 1042 admisit,
3412 990 3470 1033 ut
3508 983 3592 1036 vel

2013 1059 2429 1127 vociferaretur,
2478 1061 2564 1117 vel
2594 1063 2820 1133 pallium
2867 1065 3176 1134 scinderet,
3210 1070 3295 1125 vel
3337 1070 3591 1140 ejularet,

2013 1150 2102 1208 vel
2133 1152 2402 1209 luctuosis
2430 1152 2768 1210 clamoribus
2798 1156 3222 1215 lamentationes
3257 1161 3589 1219 intenderet.

2013 1241 2121 1299 Sed
2160 1244 2373 1299 ratione
2423 1245 2626 1301 sensim
2675 1246 2913 1317 impetus
2959 1257 3170 1305 natum
3204 1252 3442 1323 depulit,
3474 1263 3590 1310 tum

2012 1336 2273 1406 propriis,
2305 1343 2420 1390 tum
2452 1336 2576 1391 filia:
2622 1339 2869 1396 consiliis
2906 1343 3221 1413 aegritudini
3262 1345 3590 1403 medicinam

2010 1420 2586 1484 aﬂ'erentibuszunc
2634 1431 2781 1485 enim
2815 1434 3053 1489 maxime
3086 1436 3313 1506 virginis
3370 1438 3591 1494 animus

2010 1520 2267 1575 excelsus
2291 1529 2345 1575 et
2366 1521 2620 1577 sublimis
2652 1523 2885 1578 exstitit.
2916 1523 3130 1581 Etenim
3158 1529 3412 1598 quamvis
3449 1531 3500 1584 in
3524 1545 3588 1585 ea

2010 1614 2121 1667 vim
2166 1628 2320 1668 suam
2367 1622 2565 1667 natura
2618 1624 2906 1672 exerceret
2937 1617 3090 1688 (erat
3142 1621 3286 1675 enim
3317 1621 3485 1676 frater
3533 1631 3591 1678 et.

2015 1704 2245 1760 fratrum
2270 1704 2632 1760 charissimus
2662 1710 2755 1777 qui
2789 1715 2898 1761 tam
2930 1710 3132 1764 acerbo
3158 1726 3358 1781 genere
3393 1716 3589 1770 mortis

320 1800 356 1869 ἠ
388 1797 554 1869 φύσις
580 1798 642 1852 τὸ
672 1798 802 1853 ῑδιον
828 1798 1067 1870 ἔπασχεν
1092 1816 1107 1831 ·
1137 1800 1363 1870 ἀδελφὸς
1381 1800 1492 1873 γάρ
1518 1797 1609 1873 ἦν,
1638 1802 1732 1856 καὶ
1760 1802 1901 1856 ἁδελ-

2007 1798 2320 1853 exstinctus
2352 1796 2529 1853 fuerat
2551 1805 2567 1865 j
2589 1838 2604 1864 ,
2641 1808 2827 1856 tamen
2853 1807 3050 1855 natura
3093 1803 3383 1859 sublimior
3416 1804 3584 1871 facta,

323 1888 444 1959 φῶν
486 1890 516 1942 ὁ
542 1888 960 1959 κεχαρισμένος,
996 1891 1026 1942 ό
1072 1888 1148 1961 τῷ
1192 1890 1419 1961 τοιούτῳ
1462 1892 1651 1964 τρόπῳ
1676 1891 1773 1945 τοῦ
1812 1893 1909 1946 θα-

320 1980 485 2036 νάτου
528 1979 918 2051 ἀναρπασθείς.
955 1979 1146 2050 Ὅμως
1175 1980 1480 2053 ὑψηλοτέρα
1502 1984 1765 2055 γενομένη
1810 1982 1909 2055 τῆς

320 2070 544 2142 φύσεως
562 2111 578 2133 ,
602 2072 877 2143 συνεπῆρε
897 2074 1010 2135 τοῖς
1042 2072 1195 2135 ἰδίοις
1225 2071 1504 2144 λογισμοῖς
1531 2072 1632 2144 τὴν
1670 2074 1905 2145 μητέρα,

318 2164 420 2218 καὶ
453 2164 709 2236 ὑπεράνω
758 2162 853 2217 τοῦ
888 2163 1093 2228 πάθους
1133 2163 1340 2236 ’ἔστησε
1363 2181 1378 2194 ·
1421 2164 1500 2236 τῷ
1548 2165 1672 2218 καθ’
1713 2164 1909 2237 ἑαυτὴν

320 2251 719 2327 ὑποδείγματι,
749 2254 886 2326 πρὸς
913 2254 1193 2325 ὑπομονήν
1217 2270 1277 2307 τε
1307 2253 1404 2307 καὶ
1431 2254 1683 2326 ἀνδρείαν
1707 2254 1903 2308 παιδαο

316 2347 627 2418 γωγήσασα
644 2364 660 2379 θ
683 2345 859 2410 ἄλλως
891 2344 948 2399 δὲ
968 2345 1061 2398 καὶ
1088 2346 1117 2399 ό
1149 2343 1263 2416 βίος
1284 2344 1455 2415 αὐτῆς
1487 2345 1576 2399 ἀεὶ
1601 2344 1669 2398 δι’
1703 2344 1905 2416 ἀρετῆς

2004 1889 2317 1944 rationibus
2364 1890 2481 1944 suis
2535 1898 2764 1946 matrem
2814 1892 3162 1960 sublevabat,
3222 1898 3586 1970 exemploque

2006 1996 2111 2037 suo
2140 1980 2207 2034 ad
2239 1980 2559 2049 patientiam
2590 1991 2645 2036 et
2680 1983 2939 2038 virtutem
2974 1985 3233 2041 erudiens
3268 1987 3590 2056 perficiebat

2007 2079 2067 2126 ut
2105 2070 2295 2127 dolore
2347 2073 2600 2143 superior
2638 2074 2938 2130 exsisteret
2974 2095 2988 2130 :
3019 2091 3336 2148 quanquam
3367 2086 3420 2134 et
3466 2080 3590 2149 ejus

2005 2164 2119 2219 vita
2149 2163 2351 2220 virtute
2395 2180 2612 2235 semper
2656 2166 2937 2223 excellens
2967 2169 3179 2224 nullum
3213 2171 3429 2227 sinebat
3461 2187 3589 2229 esse

2009 2260 2250 2324 tempus,
2284 2269 2392 2324 quo
2423 2263 2599 2311 mater
2635 2263 2863 2326 propter
2905 2258 3225 2315 mmstitiam
3264 2261 3450 2332 potius
3496 2277 3592 2319 ano

2009 2354 2254 2417 geretur,
2281 2360 2443 2417 quam
2475 2347 2733 2417 praesenti
2762 2347 2904 2403 bono
2928 2350 3213 2419 gauderet.

317 2439 660 2512 ὑψούμενος,
694 2441 755 2495 ού
782 2441 1013 2511 παρεῖχε
1036 2440 1103 2511 τῇ
1143 2439 1313 2512 μητρὶ
1340 2438 1533 2511 καιρὸν
1589 2438 1684 2492 ἐπὶ
1721 2437 1800 2510 τῷ
1840 2438 2083 2496 λείποντι
2131 2440 2507 2513 δυσχεραίνειν
2555 2442 2756 2513 μᾶλλον
2778 2483 2795 2509 ,
2864 2444 2899 2516 ἢ
2946 2445 3025 2517 τῷ
3069 2446 3331 2520 ὁρωμένῳ
3394 2448 3588 2522 ἀγαθῷ

194 2549 201 2555 ’
315 2534 746 2604 ὲπαγάλλεσθαι.

402 2629 555 2683 Ἐπεὶ
573 2621 667 2682 οὖν
693 2628 970 2683 ἐπαύσατο
998 2630 1067 2700 τῇ
1109 2627 1295 2700 μητρὶ,
1322 2628 1441 2700 ἦτε
1483 2628 1587 2698 τῆς
1622 2628 1909 2701 ’τιιαιδοτρο⁹

316 2721 452 2793 φίας
493 2722 714 2793 φροντὶς
757 2723 854 2776 καὶ
894 2722 929 2793 ὴ
977 2722 1081 2792 τῆς
1127 2720 1464 2786 παιδεύσεώς
1499 2738 1560 2775 τε
1606 2719 1702 2775 καὶ
1738 2736 1910 2793 κατα-

2080 2624 2216 2681 Cum
2249 2624 2417 2697 igitur
2439 2624 2553 2695 jam
2580 2632 2635 2680 et
2672 2626 3094 2684 nutriendorum
3124 2630 3423 2691 liberorum
3450 2653 3586 2695 cura

2005 2723 2062 2774 et
2092 2716 2438 2774 educationis
2473 2725 2637 2787 atque
2665 2719 3047 2778 collocationis
3081 2738 3269 2779 eorum
3307 2739 3452 2785 esset
3481 2733 3586 2787 sol-

317 2815 568 2879 στάσεως
604 2815 715 2869 τῶν
758 2814 966 2868 τέκνων
1011 2816 1271 2887 μέριμνα,
1310 2815 1406 2869 καὶ
1451 2816 1507 2869 αί
1542 2813 1757 2878 πλείους
1803 2812 1901 2884 τῆς

2007 2809 2293 2866 licitudine
2333 2809 2583 2876 liberata,
2617 2817 2673 2864 et
2716 2811 2983 2867 molestiae
3024 2812 3341 2874 domesticae
3374 2821 3586 2892 majore

315 2910 691 2980 ὑλωδεστέρας
719 2909 863 2979 ζωῆς
894 2910 1177 2981 ἀφορμαὶ,
1207 2911 1286 2973 είς
1322 2909 1391 2962 τὰ
1420 2908 1584 2962 τέκνα
1610 2906 1901 2982 κατεμερί-

2007 2916 2072 2959 ex
2099 2909 2255 2973 parte
2300 2901 2445 2957 inter
2496 2901 2646 2971 ipsos
2689 2902 2832 2959 ﬁlios
2871 2905 3062 2962 divisa:
3101 2907 3328 2973 forent:
3364 2923 3581 2980 auctor,

316 3002 548 3073 σθησαν-
585 3003 731 3066 τότε,
759 3001 939 3065 καθὼς
969 3002 1292 3073 προείρηται
1316 3040 1331 3066 ,
1360 3001 1569 3070 γίνεται
1600 3000 1900 3072 σύμϐουλος

2007 3002 2069 3048 ιιι
2112 2992 2323 3079 dictum
2374 3000 2490 3053 est.
2520 2992 2683 3046 matri
2735 2994 2888 3065 virgo
2928 2994 3052 3063 fuit,
3084 3005 3145 3052 ut
3186 2999 3252 3053 ad
3298 3002 3585 3072 sapientiae

311 3095 415 3166 τῆς
459 3094 663 3165 μητρὸς
717 3094 751 3164 ἠ
785 3096 884 3164 τῆς
927 3093 1195 3165 παρθένου
1226 3092 1338 3164 ζωὴ
1384 3094 1519 3165 πρὸς
1546 3093 1645 3164 τὴν
1678 3092 1901 3163 ἐμφιλό-

2007 3077 2251 3135 studium
2274 3089 2330 3134 et
2351 3077 2551 3151 'pnram
2579 3080 2796 3136 vivendi
2826 3083 3094 3140 rationem
3120 3101 3241 3142 sese
3261 3089 3538 3147 conferret
3563 3110 3580 3146 :

317 3205 485 3257 σοφον
529 3186 734 3256 ταύτην
789 3186 881 3240 καὶ
933 3185 1094 3241 άῦλον
1141 3185 1234 3239 τοῦ
1297 3184 1414 3256 βίου
1463 3186 1768 3259 διαγωγήν·
1809 3187 1901 3239 καὶ

2007 3186 2241 3242 eamque
2279 3187 2309 3226 a
2343 3172 2576 3243 reliquis
2600 3174 2858 3229 omnibus
2897 3175 3062 3231 rebus
3100 3190 3153 3231 et
3196 3179 3425 3248 pristina
3456 3198 3584 3238 cou-

312 3279 674 3348 ἀποστήσασα
701 3277 810 3330 τῶν
836 3277 893 3329 ἐν
933 3275 1189 3347 συνηθείᾳ
1232 3276 1479 3339 πάντων,
1524 3276 1661 3347 πρὸς
1685 3276 1746 3328 τὸ
1771 3275 1901 3328 ίδιον

2007 3266 2328 3329 suetudine,
2375 3265 2442 3319 ad
2489 3267 2768 3337 propriam
2817 3267 3044 3323 humilis
3075 3269 3408 3341 ahjeetmque
3458 3278 3581 3331 vitae

310 3372 415 3442 τῆς
451 3368 950 3441 ταπεινοφροσύνης
999 3367 1195 3439 μέτρον
1244 3370 1554 3439 μετήγαγεν
1577 3384 1592 3399 ’
1634 3367 1897 3437 ὁμότιμον

2007 3357 2435 3413 moderationem
2475 3359 2725 3424 adduxit,
2764 3367 2825 3413 ut
2872 3361 2926 3414 in
2979 3375 3043 3415 ea
3075 3362 3348 3435 virginum
3392 3369 3579 3421 multi-

311 3465 489 3536 αὐτὴν
512 3462 762 3533 γενέσθαι
797 3461 874 3532 τῷ
907 3460 1231 3532 πληρώματι
1260 3459 1369 3515 τῶν
1408 3459 1692 3532 παρθένων
1720 3474 1899 3531 παρα-

2007 3448 2196 3504 tudiue
2226 3449 2418 3504 eadem
2451 3465 2576 3504 cum
2613 3450 2723 3505 illis
2755 3451 3075 3507 conditione
3090 3454 3319 3518 viveret,
3359 3473 3579 3529 unaque

316 3557 657 3621 σκευάσασα,
684 3555 759 3619 ὡς
798 3555 892 3609 καὶ
916 3552 1196 3626 τραπέζης
1225 3555 1355 3624 μιᾶς
1376 3594 1391 3619 ,
1420 3554 1516 3609 καὶ
1553 3552 1774 3625 κοίτης,
1804 3552 1900 3607 καὶ¹

2007 3555 2215 3607 mensa,
2249 3541 2415 3598 simili
2445 3542 2665 3607 lectulo,
2696 3543 2813 3614 pari
2851 3544 3088 3614 denique
3113 3553 3168 3601 et.
3194 3563 3349 3618 aequa
3390 3565 3574 3605 rerum

314 3652 538 3705 πάντων
566 3649 675 3703 τῶν
717 3647 853 3718 πρὸς
886 3647 983 3719 τὴν
1029 3647 1176 3718 ζωὴν
1207 3646 1352 3701 κατὰ
1388 3646 1449 3701 τὸ
1483 3648 1596 3700 ίσον
1627 3645 1900 3716 συμμετέ-

314 3760 435 3814 χειν
465 3742 690 3804 αύταῖς,
741 3738 924 3810 πάσης
972 3738 1075 3809 τῆς
1116 3738 1258 3791 κατὰ
1302 3738 1402 3810 τὴν
1438 3737 1595 3804 ἀξίαν
1637 3736 1899 3810 διαφορᾶς

315 3832 707 3904 ὑφαιρεθείσης
739 3830 918 3885 αὐτῶν
948 3830 1046 3902 τῆς
1099 3828 1266 3900 ζωῆς.
1300 3830 1407 3883 Καὶ
1454 3829 1672 3899 τοιαύτη
1719 3845 1804 3892 τις
1830 3823 1899 3900 ἦν

314 3928 349 3997 ἡ
377 3924 476 3979 τοῦ
505 3924 620 3995 βίου
652 3923 803 3990 τάξις
822 3962 837 3985 ,
873 3923 969 3977 καὶ
989 3922 1242 3976 τοσοῦτον
1273 3919 1335 3974 τὸ
1380 3920 1512 3991 ὕψος
1556 3921 1653 3991 τῆς
1686 3918 1900 3989 φιλοσο-

315 4017 449 4085 φίας
472 4055 487 4079 ,
521 4016 617 4069 καὶ
645 4018 678 4085 ή
727 4012 897 4085 σεμνὴ
945 4011 1042 4083 τῆς
1095 4012 1241 4083 ζωῆς
1282 4010 1525 4065 πολιτεία
1564 4012 1622 4064 ἐν
1676 4015 1743 4083 τῇ
1776 4009 1897 4065 καθ’

315 4106 531 4178 ἡμέραν
553 4122 612 4157 τε
640 4103 733 4157 καὶ
766 4102 937 4157 νύκτα
973 4102 1216 4172 διαγωγῇ
1242 4142 1257 4167 ,
1306 4101 1384 4164 ὡς
1420 4098 1769 4172 ὑπερϐαίνειν
1800 4099 1898 4171 τὴν

315 4200 380 4252 ἐκ
404 4199 515 4251 τῶν
544 4197 718 4264 λόγων
758 4194 1104 4266 ύπογραφήν.
1143 4192 1411 4264 Καθάπερ
1441 4192 1549 4263 γάρ
1600 4193 1654 4246 αί
1684 4192 1771 4247 διά
1796 4191 1896 4246 θα-

315 4292 477 4346 νάτου
506 4289 617 4342 τῶν
651 4289 919 4358 σωμάτων
953 4285 1259 4340 ἑκλυθεῖσαι
1278 4285 1467 4356 ψυχαὶ,
1497 4285 1590 4337 καὶ
1619 4282 1725 4336 τῶν
1754 4283 1899 4337 κατὰ

314 4382 407 4435 τὸν
458 4380 571 4450 βίον
602 4378 793 4432 τοῦτον
843 4377 1120 4448 μεριμνῶν
1153 4374 1554 4438 συνεκλύονται,
1605 4374 1777 4438 οὕτως
1806 4392 1894 4427 κε-

313 4472 552 4543 χώριστο
591 4471 769 4524 αὐτῶν
800 4470 833 4540 ἡ
862 4468 973 4539 ζωὴ
998 4511 1011 4532 ,
1053 4469 1147 4522 καὶ
1177 4466 1459 4537 άπῴκιστο
1508 4468 1680 4537 πάσης
1715 4466 1898 4537 βιωτι-

315 4564 421 4637 κῆς
445 4563 832 4634 ματαιότητος,
858 4562 951 4615 καὶ
975 4559 1110 4632 πρὸς
1141 4561 1371 4632 μίμησιν
1394 4559 1496 4631 τῆς
1517 4559 1624 4614 τῶν
1648 4558 1895 4627 ἀγγέλων

314 4656 461 4729 ζωῆς
485 4655 866 4728 ὲῤῥυθμίζετο.
902 4652 991 4705 Ἐν
1014 4645 1094 4715 οἷς
1116 4651 1226 4723 γάρ
1261 4651 1322 4705 ού
1351 4649 1523 4722 θυμὸς
1542 4692 1556 4715 ,
1589 4650 1649 4703 ού
1678 4650 1891 4719 φθόνος,

313 4751 377 4804 οὐ
414 4752 570 4821 μῖσος
597 4788 612 4812 ,
642 4748 740 4817 οὐχ
767 4744 1036 4817 ὑπεροψία
1062 4784 1077 4808 ,
1104 4744 1204 4797 οὐκ
1236 4742 1363 4798 ἄλλο
1408 4759 1460 4795 τι
1491 4742 1601 4795 τῶν
1639 4742 1893 4795 τοιούτων

314 4842 617 4913 ὲνεωράτο·
652 4840 688 4910 ἦ
709 4856 767 4893 τε
798 4838 905 4892 τῶν
938 4836 1180 4908 ματαίων
1207 4834 1493 4904 ἐπιθυμία,
1522 4834 1687 4905 τιμῆς
1718 4852 1774 4887 τε
1800 4833 1895 4887 καὶ

311 4932 507 5003 δόξης,
557 4933 651 4986 καὶ
708 4930 912 5001 τύφου,
946 4929 1040 4983 καὶ
1090 4926 1503 4999 ὑπερηφανίας,
1550 4928 1642 4980 καὶ
1676 4927 1893 4980 πάντων

310 5025 421 5079 τῶν
444 5024 700 5079 τοιούτων
740 5021 1172 5094 ἐκϐεϐλημένων.
1202 5021 1394 5093 Τρυφὴ
1428 5019 1483 5072 δὲ
1516 5013 1583 5090 ἦν
1634 5021 1668 5089 ὴ
1701 5019 1897 5091 ἐγκρά-

308 5131 457 5179 τεια,
501 5116 594 5168 καὶ
620 5112 745 5179 δόξα
788 5113 849 5167 τὸ
884 5111 958 5183 μὴ
992 5108 1374 5181 γινώσκεσθαι.
1406 5109 1642 5174 Πλοῦτος
1668 5109 1726 5163 δὲ
1761 5104 1831 5180 ἦν
1854 5111 1888 5181 ἡ

308 5207 665 5278 ἀκτημοσύνη
690 5248 705 5271 ,
740 5207 835 5260 καὶ
866 5204 928 5258 τὸ
970 5205 1149 5260 πᾶσαν
1191 5203 1287 5275 τὴν
1320 5204 1511 5275 ὑλικὴν
1556 5204 1891 5275 περιουσίαν,

308 5292 425 5351 οἷόν
455 5316 575 5352 τινα
608 5299 754 5353 κόνιν
785 5299 892 5352 τῶν
919 5299 1207 5370 σωμάτων,
1234 5294 1894 5368 ἁποτινάξασθαι.Ἐργον

306 5387 372 5441 δὲ
398 5386 505 5440 τῶν
531 5387 672 5441 κατὰ
698 5387 798 5459 τὴν
827 5386 971 5458 ζωὴν
1006 5385 1208 5457 ταύτην
1244 5382 1688 5454 σπουδαζομένων
1718 5381 1893 5445 οὐδὲν,

308 5478 397 5531 ὅτι
428 5477 505 5549 μὴ
534 5480 831 5550 πάρεργον.
867 5476 1013 5547 Μόνη
1041 5476 1097 5529 δὲ
1135 5477 1168 5546 ἡ
1201 5475 1308 5529 τῶν
1334 5473 1493 5528 θείων
1535 5472 1733 5544 μελέτη
1754 5513 1768 5536 ,
1798 5474 1894 5527 καὶ

305 5568 374 5623 τὸ
411 5569 513 5640 τῆς
541 5570 847 5641 προσευχῆς
879 5568 1238 5631 ἀδιάλειπτον,
1268 5566 1363 5621 καὶ
1389 5567 1421 5638 ἡ
1444 5565 1721 5629 ἄπαυστος
1764 5565 1893 5635 ύμν-

307 5662 465 5735 ῳδίαο
496 5663 635 5717 κατὰ
670 5663 731 5716 τὸ
763 5662 876 5717 ίσον
908 5659 1453 5733 συμπαρατεινομένη
1480 5658 1560 5731 τῷ
1585 5658 1781 5729 χρόνῳ,
1807 5656 1896 5712 διὰ

310 5755 506 5818 νυκτδς
546 5756 641 5809 καὶ
669 5755 881 5826 ἡμέρας
920 5754 1097 5821 πάσης
1124 5769 1138 5785 ο
1167 5752 1306 5805 ὥστε
1353 5750 1541 5816 αὑταῖς
1614 5750 1708 5806 καὶ
1734 5748 1794 5822 ἔρ
1812 5765 1896 5819 ζον

556 5853 831 5914 ΡΑτιιοι.
877 5850 995 5912 Gn.
1046 5849 1265 5911 XLVI.

1999 3634 2245 3688 omnium
2270 3648 2391 3705 qua:
2424 3635 2492 3689 ad
2526 3635 2694 3690 vitam
2727 3638 3020 3706 pertinent,
3058 3640 3272 3696 ratione
3307 3653 3575 3708 uteretur,

2000 3725 2149 3779 omni
2176 3741 2245 3781 ex
2277 3726 2521 3803 ipsarum
2555 3727 2666 3781 vita
2693 3727 2979 3799 dignitatis
3004 3728 3311 3787 differentia
3336 3737 3575 3791 sublata.

1999 3814 2367 3883 Quamobrem
2409 3818 2535 3875 talis
2567 3828 2686 3874 erat
2740 3820 2866 3876 vita:
2902 3822 3041 3876 ordo
3076 3831 3339 3896 tantaque
3379 3827 3433 3882 in
3483 3844 3577 3885 sa-

2001 3911 2220 3979 pientiae
2274 3910 2462 3967 studio
2512 3914 2830 3982 praestantia
2864 3923 2920 3970 et
2954 3923 3062 3970 tam
3117 3920 3300 3988 gravis
3356 3921 3578 3979 vivendi

1997 4001 2314 4073 disciplina,
2363 4010 2425 4056 ut
2468 4005 2618 4060 nulla
2667 4004 2907 4062 describi
2960 4008 3137 4078 possit
3169 4013 3439 4069 orationis
3491 4014 3575 4069 fa-

1997 4095 2242 4149 cultate:
2278 4096 2469 4165 quales
2489 4097 2637 4152 enim
2674 4106 2805 4154 sunt
2832 4100 3025 4163 animi,
3057 4102 3149 4171 qui
3175 4104 3425 4171 corporis
3454 4105 3577 4159 vin-

1996 4187 2136 4242 culis
2179 4187 2345 4242 soluti
2390 4187 2772 4260 molestiisque
2820 4190 3036 4245 liberati
3060 4206 3126 4246 ex
3153 4192 3258 4248 hoc
3294 4194 3419 4250 vitae
3451 4210 3577 4250 car-

1997 4293 2122 4334 cere
2166 4279 2527 4335 avolaverunt
2563 4299 2575 4334 :
2609 4282 2738 4336 talis
2772 4290 2892 4335 erat
2940 4296 3132 4337 earum
3177 4285 3318 4351 vita,
3372 4287 3579 4359 quippe

1998 4385 2120 4440 qute
2160 4371 2229 4425 ab
2272 4372 2421 4425 omni
2463 4371 2644 4427 rerum
2693 4371 3061 4427 humanarum
3105 4374 3350 4432 vanitate
3398 4378 3578 4434 aliena

1999 4465 2065 4514 aol
2113 4463 2431 4533 angelorum
2479 4463 2604 4518 vita:
2653 4463 3070 4520 similitudinem
3131 4468 3380 4536 proxime
3420 4484 3573 4525 acre-

2000 4552 2184 4608 debat.
2218 4551 2335 4608 Non
2372 4555 2476 4620 ira,
2526 4569 2634 4609 non
2677 4554 2909 4622 invidia,
2957 4571 3068 4611 non
3106 4557 3316 4619 odium,
3348 4575 3456 4614 non
3486 4578 3578 4637 suv

2000 4646 2173 4715 spicio
2208 4647 2354 4701 inter
2374 4662 2468 4703 eas
2498 4648 2868 4715 cernebatur;
2905 4649 3087 4705 omnis
3113 4649 3362 4718 bonoris,
3393 4651 3576 4723 glorise

1997 4749 2051 4793 et
2098 4740 2331 4795 aliarum
2374 4740 2427 4796 id
2479 4756 2656 4813 genus
2721 4741 2966 4798 inanium
3031 4758 3215 4798 rerum
3280 4744 3576 4815 cupiditas,

1997 4835 2182 4888 omnis
2229 4836 2407 4890 fastus
2443 4845 2499 4890 et
2544 4835 2828 4906 superbia,
2876 4844 2930 4889 et
2963 4836 3174 4906 reliqua
3210 4837 3417 4892 similia
3447 4839 3577 4892 vitia

1998 4923 2125 4979 inde
2178 4926 2381 4992 rejecta
2435 4932 2614 4981 erant.
2663 4923 2896 4982 Delicias
2932 4940 3066 4982 suas
3123 4929 3579 4996 intemperantia

1996 5017 2375 5083 collocabant;
2412 5018 2644 5089 glorlam
2685 5033 2840 5073 suam
2909 5018 2964 5073 in
2999 5034 3064 5075 eo
3104 5020 3374 5091 putabant
3414 5024 3578 5077 sitam

1996 5109 2144 5178 quod
2168 5115 2311 5162 noue
2338 5116 2527 5163 essent
2558 5108 2797 5175 nemini;
2818 5107 3061 5175 divitias,
3093 5110 3244 5181 quod
3274 5111 3413 5166 nihil
3447 5127 3582 5181 pns-

1995 5198 2260 5264 siderent,
2283 5198 2543 5269 quodque
2565 5207 2817 5256 terrenas
2846 5215 3040 5258 onmes
3070 5202 3282 5273 copias,
3317 5212 3578 5274 tanquam

2000 5291 2305 5362 pulverem,
2342 5308 2372 5347 a
2413 5294 2743 5363 corporibus
2778 5295 2900 5350 suis
2932 5296 3333 5351 excussissem.
3352 5293 3577 5350 Nullum

1997 5392 2182 5438 autem
2213 5397 2324 5439 non
2368 5387 2532 5440 inane
2570 5384 2816 5442 studium
2852 5400 2978 5443 esse
3009 5385 3307 5450 ducebant,
3337 5387 3483 5458 quod
3521 5386 3578 5442 in

2001 5475 2105 5531 bac
2134 5476 2243 5531 vita
2280 5476 2525 5532 curanda
2568 5478 2911 5548 colcndaque
2953 5488 3270 5547 poneretur.
3302 5479 3429 5533 Sola
3466 5479 3578 5534 illic

2000 5581 2186 5622 rerum
2252 5565 2563 5623 divinarum
2630 5567 2847 5638 vigebat
2902 5583 3072 5633 cura,
3143 5576 3580 5641 perpetuumque

2000 5658 2265 5731 precandi
2303 5659 2584 5724 studium,
2633 5669 2689 5716 et
2726 5659 2949 5717 assidua
2990 5662 3331 5733 psalmorum
3370 5665 3579 5719 decan-

2002 5752 2158 5821 tatio,
2212 5769 2335 5824 quas
2381 5753 2536 5809 nullo
2579 5770 2822 5826 unquam
2882 5760 3129 5825 tempore
3172 5769 3274 5810 ure
3330 5753 3421 5811 die
3476 5768 3581 5812 nec

3264 5852 3333 5914 31
