4002 6206
378 319 394 329 "
414 309 510 363 9‘71

1656 302 1714 359 S.
1761 302 2091 359 GREGORII
2128 302 2422 358 NYSSENI

3547 304 3649 358 97:3.

417 429 574 476 nocte
604 416 1069 473 interniittehatur
1100 435 1111 471 :
1137 425 1195 471 ut
1225 415 1279 470 in
1306 430 1367 470 ca
1396 431 1454 472 re
1504 425 1558 471 et
1582 432 1719 487 opus
1742 418 1983 488 ipsarum

2103 415 2225 472 εἶναι
2262 419 2436 487 τοῦτο,
2467 421 2558 472 καὶ
2583 419 2761 490 ἔργον.
2793 416 3110 471 ἀνάπαυσιν.
3140 416 3250 488 Τὴν
3277 416 3455 470 τοίνυν
3483 416 3653 470 τοιαῦ-

416 511 621 582 pariter
664 518 720 564 et
772 508 931 579 quies
964 508 1311 564 consisteret.
1352 506 1613 583 Quaenam
1660 506 1834 579 igitur
1882 509 1986 564 liti-

417 618 576 656 mana
604 598 823 657 dicendi
854 602 935 657 vis
957 601 1102 656 hanc
1132 600 1353 655 vivendi
1393 600 1665 655 rationein
1706 603 1990 671 explicare

417 696 613 765 queat?
647 694 777 748 Erat
829 696 1076 764 ipsarum
1122 694 1229 747 vita
1277 693 1419 747 inter
1475 693 1771 746 humanam
1824 694 1989 749 cmic-

419 794 672 855 stemque
705 793 955 839 naturam
1008 783 1326 852 interjecta,
1358 783 1650 853 utriusque
1678 784 1987 855 particeps,

421 874 642 945 utrique
706 872 934 927 ﬁnitima
972 892 987 927 :
1021 873 1228 929 etenim
1272 881 1544 942 quatenus
1593 874 1663 928 ab
1732 874 1991 931 humanis

421 966 928 1037 perturbationibus
955 980 1012 1021 se
1037 964 1364 1031 vindicarat,
1402 964 1642 1022 hominis
1673 966 1992 1023 conditione

423 1058 771 1128 praestantior
812 1066 963 1125 erat;
1001 1064 1273 1126 quatenus
1312 1065 1494 1112 autem
1530 1057 1586 1111 in
1617 1072 1846 1128 corpore
1872 1074 1994 1114 cer-

421 1148 675 1213 nebatur,
706 1155 759 1203 et
786 1147 1029 1202 hominis
1056 1147 1447 1202 continebatur
1467 1147 1640 1218 figura
1657 1157 1710 1204 et
1730 1166 1990 1206 sensuum

420 1235 804 1290 instrumentis
839 1234 1118 1299 utebatur,
1146 1236 1407 1306 angelicae
1432 1243 1487 1290 et
1509 1236 1762 1305 corporis
1783 1239 1992 1310 experti

420 1334 632 1379 natura!
665 1326 939 1380 cedebat:
974 1325 1123 1380 ausit
1160 1325 1390 1382 forsitan
1447 1327 1650 1399 aliquis
1682 1330 1846 1384 etiam
1881 1346 1993 1385 non

422 1418 740 1473 inferiorem
794 1434 918 1475 esse
958 1420 1316 1474 contendere.
1358 1416 1818 1492 Quandoquidem
1865 1436 1992 1476 cum

420 1524 585 1563 carne
614 1511 879 1575 viventes,
930 1510 996 1565 ad
1047 1511 1466 1568 similitudinem
1509 1515 1823 1568 vacantium
1870 1529 1995 1568 cor-

423 1614 554 1667 pore
577 1608 932 1669 potestatum,
963 1616 1129 1657 onere
1150 1603 1404 1671 corporis
1430 1618 1538 1658 non
1570 1604 1990 1674 premebantur:

421 1690 518 1745 sed
564 1692 782 1745 excelsa
832 1699 886 1746 et
916 1693 1170 1751 sublimis
1215 1704 1335 1750 erat
1388 1710 1578 1751 earum
1610 1696 1745 1761 vita,
1793 1696 1996 1768 quippe

2089 527 2189 580 την
2217 508 2490 579 διαγωγὴν
2532 509 2615 573 τίς
2642 508 2708 561 ἂν
2757 509 2846 560 ὑπ’
2873 508 2993 577 ὄψιν
3027 507 3219 576 ἀγάγοι
3247 507 3411 575 λόγος
3453 503 3655 577 ἀνθρὼ-

2091 594 2282 661 πινὸςς
2318 597 2453 665 Παρ’
2483 590 2565 658 οἷς
2597 594 2848 666 μεθόριος
2879 591 2949 665 ἦν
2991 598 3025 666 ἡ
3057 595 3171 666 ζωὴ
3211 595 3312 665 τῆς
3345 611 3407 647 τε
3455 593 3658 666 ἀνθρω-

2091 685 2252 756 πίνης
2296 685 2388 737 καὶ
2413 685 2514 755 τῆς
2559 685 2854 753 ἀσωμάτου
2881 684 3116 752 φύσεως.
3145 684 3220 736 Τὸ
3249 684 3346 754 μὲν
3376 686 3486 755 γάρ
3514 683 3663 736 ἐλευ-

2089 773 2394 846 θερωθῆναι
2432 776 2539 828 τῶν
2584 775 2937 847 ἀνθρωπίνων
2982 776 3315 846 παθημάτων
3358 774 3456 845 τὴν
3500 773 3663 844 φύσιν

2091 871 2337 938 κρεῖττον
2390 866 2423 939 ἢ
2477 868 2616 921 κατά
2664 866 2950 937 ἄνθρωπον
2982 862 3078 936 ἦν’
3128 867 3189 918 τὸ
3235 866 3290 918 δὲ
3340 867 3396 918 ἐν
3443 864 3663 935 σώματι

2091 956 2375 1029 φαίνεσθαι
2395 959 2492 1012 καὶ
2519 958 2759 1028 σχήματι
2786 955 3184 1029 περιειλῖῃςθαι,
3216 956 3307 1010 καὶ
3334 959 3442 1020 τοῖς
3469 956 3680 1041 αἰσθηιι⁹

2088 1053 2260 1114 τικσῖς
2291 1050 2543 1122 ὀργάνοις
2574 1048 2742 1121 συζῇν
2762 1090 2778 1114 ,
2836 1051 2895 1102 ἐν
2933 1047 3108 1118 τούτῳ
3138 1047 3239 1118 τῆς
3272 1048 3563 1118 άγγελικῆς
3608 1060 3666 1100 τε

2091 1146 2188 1200 καλ⁵
2215 1146 2506 1216 ἀσωμάτου
2534 1144 2748 1215 φύσεως
2797 1144 2858 1196 τὸ
2912 1143 3130 1197 ἔλαττον
3156 1137 3320 1212 εἶχον.
3348 1139 3501 1209 Τάχα
3531 1138 3577 1191 δ’
3602 1137 3665 1190 ἄν

2092 1254 2175 1300 τις
2204 1236 2477 1307 τολμήσας
2508 1236 2649 1288 εἴποι
2682 1236 2817 1306 μηδὲ
2869 1234 3297 1304 καταδεεστέραν
3337 1233 3433 1302 τὴν
3462 1231 3670 1303 παραλ-

2093 1328 2264 1399 λαγὴν
2295 1324 2472 1381 εἶναι’
2522 1328 2603 1380 ὅτι
2649 1328 2811 1397 σαρκὶ
2864 1325 3169 1391 συζῶντες,
3222 1323 3344 1377 καθ’
3376 1323 3668 1394 ὁμοιότητα

2094 1419 2201 1472 τῶν
2235 1417 2540 1488 ἀσωμάτων
2565 1416 2864 1487 δυνάμεων,
2888 1417 2990 1470 οὐκ
3014 1415 3305 1488 ἐϐαροῦντο
3327 1414 3406 1485 τῷ
3433 1414 3670 1483 ἐφολκίῳ

2092 1509 2188 1564 τοῦ
2222 1507 2506 1581 σώματος·
2559 1509 2674 1563 ἀλλ’
2704 1510 2993 1581 ἀνωφερὴς
3043 1527 3103 1563 τε
3145 1508 3242 1563 καὶ
3280 1507 3551 1579 μετέωρος
3600 1502 3670 1576 ἦν

2094 1599 2273 1655 αὐτῶν
2321 1601 2354 1670 ἡ
2391 1599 2542 1670 ζωὴ,
2591 1602 2711 1664 ταῖς
2754 1599 3032 1671 οὐρανίαις
3074 1596 3672 1669 συμμετεωροποροῦσα

2093 1691 2353 1763 δυνάμεσι
2376 1707 2390 1720 ·
2425 1690 2614 1763 χρόνος
2657 1686 2726 1761 ἦν
2771 1690 2871 1760 τῆς
2917 1690 3171 1759 τοιαύτης
3220 1689 3531 1758 διαγωγῆς,
3568 1688 3669 1741 οὐκ

423 1796 547 1851 quze
604 1782 716 1836 alto
762 1794 1060 1852 erectoque
1106 1785 1291 1839 animo
1338 1802 1464 1841 cum
1518 1788 1835 1844 cmlestibus
1886 1789 1996 1845 illis

2103 1756 2278 1851 ὀλίγος
2300 1799 2314 1814 ·
2342 1756 2760 1853 καί-συνηύξετο
2805 1756 2883 1853 τῷ
2920 1781 3096 1854 χρόνῳ
3127 1756 3203 1835 τὰ
3232 1756 3626 1852 κατορθώματα
3650 1816 3669 1842 ,

416 1873 794 1942 potestatibus
835 1874 1215 1929 versabantur.
1266 1875 1324 1930 lu
1356 1876 1463 1931 hoc
1494 1878 1711 1932 vivendi
1742 1878 1998 1935 instituto

423 1978 532 2017 non
569 1978 734 2033 parvo
773 1971 1018 2031 tempore
1054 1964 1327 2030 vixerant,
1371 1981 1497 2021 cuin
1526 1967 1766 2023 assiduis
1804 1969 1998 2024 inven-

2100 1873 2187 1928 ἀεὶ
2218 1872 2355 1944 πρὸς
2379 1873 2441 1927 τδ
2477 1871 2859 1944 καθαρώτερον
2896 1875 3014 1936 ταῖς
3049 1871 3156 1926 τῶν
3199 1870 3669 1943 ἐφευρισκομένων

2100 1963 2321 2035 ἀγαθῶν
2354 1964 2692 2036 προσθήκαις
2715 1966 2815 2035 τῆς
2846 1964 3161 2035 φιλοσοφίας
3188 1964 3548 2034 ἐπιδιδούσης.

401 2062 603 2108 torum
640 2054 905 2108 bonorum
940 2055 1377 2121 accessionibus,
1418 2059 1709 2129 sapientiae
1741 2061 1985 2116 studium
2024 2065 2289 2133 augentes
2321 2059 2387 2114 ad
2457 2059 2719 2130 majorem
2784 2057 2954 2114 animi
2994 2058 3317 2114 munditiam
3371 2055 3667 2129 appropin-

465 2154 680 2198 uarcnl.

423 2161 680 2215 quarcnt.

492 2236 572 2289 Ad
618 2236 761 2290 hunc
806 2245 982 2290 autem
1028 2244 1139 2289 tam
1189 2238 1514 2306 praeclarum
1571 2254 1799 2312 scopum
1840 2257 1994 2299 asse-

415 2327 697 2398 quendum
733 2341 934 2396 magno
958 2337 1076 2381 erat
1106 2325 1424 2398 adjumento
1448 2330 1617 2387 frater
1649 2332 1870 2404 quidam
1901 2349 1996 2391 eo-

420 2420 550 2475 dem
603 2434 667 2472 ex
725 2426 881 2472 utero
908 2418 1115 2481 editus,
1151 2420 1243 2490 qui
1277 2420 1471 2478 Petrus
1524 2425 1920 2494 appellabatur,
1944 2426 2003 2481 in

426 2522 538 2577 quo
570 2505 821 2576 pariendi
852 2505 1070 2562 dolores
1100 2507 1311 2563 ﬁnierat
1338 2519 1510 2565 mater
1540 2527 1555 2563 :
1591 2513 1680 2569 hic
1699 2514 1841 2567 enim
1872 2514 2005 2568 ulti-

2156 2233 2269 2294 Ἦν
2291 2236 2348 2291 δέ
2377 2237 2538 2308 αὐτῇ,
2565 2238 2594 2291 ὁ
2623 2237 2856 2307 μάλιστα
2883 2236 3023 2308 πρὸς
3045 2236 3136 2291 τὸν
3164 2236 3334 2308 μέγαν
3361 2236 3546 2291 τοῦτον
3573 2237 3664 2291 τοῦ

2095 2332 2209 2402 βίου
2262 2328 2460 2383 σκοπὸν
2506 2329 2813 2400 ὑπηρετῶν,
2863 2330 3090 2400 ἀδελφός
3135 2346 3218 2392 τις
3271 2331 3660 2400 ὁμογάστριος,

2095 2422 2299 2495 Πέτρος
2335 2421 2506 2492 δνομα
2529 2420 2679 2492 αὐτῷ
2699 2461 2715 2485 ,
2765 2422 2850 2490 ἐφ’
2873 2415 2919 2491 ᾧ
2944 2420 3138 2493 ἔληξαν
3162 2421 3265 2491 τῆς
3289 2422 3495 2493 μητρὸς
3513 2423 3664 2492 ἡμῶν

2100 2514 2153 2566 αἱ
2190 2511 2398 2576 ὠδῖνες.
2444 2502 2614 2575 Οὗτος
2644 2510 2752 2583 γὰρ
2783 2507 2851 2584 ἦν
2892 2512 2920 2564 ὁ
2956 2510 3263 2575 τελευταῖος
3309 2511 3418 2564 τῶν
3462 2510 3665 2565 ὠδίνων

428 2614 550 2652 mus
582 2614 611 2651 a
642 2598 957 2666 parentibus
993 2607 1282 2669 susceptus
1309 2613 1394 2656 est
1424 2601 1591 2667 ﬁlius,
1624 2606 1721 2675 qui
1762 2606 1925 2661 simul
1954 2616 2000 2663 et

2104 2601 2331 2671 βλαστός
2354 2618 2369 2633 ·
2406 2601 2471 2665 ὃς
2507 2601 2642 2673 ὁμοῦ
2683 2620 2744 2656 τε
2786 2603 2928 2667 υίὸς,
2959 2602 3052 2657 καὶ
3084 2604 3316 2673 ὀρφανὸς
3342 2604 3659 2676 ὠνομάσθη’

422 2696 589 2743 natus
619 2699 674 2742 et
712 2687 883 2741 orbus
920 2688 1039 2743 fuit.
1073 2689 1194 2754 Quo
1223 2690 1368 2745 enim
1409 2700 1653 2764 tempore
1692 2696 1807 2766 ipse
1842 2697 1898 2751 in
1923 2697 2004 2753 ln-

424 2795 542 2835 ccm
606 2777 890 2842 edebatur,
921 2791 1073 2846 pater
1122 2795 1153 2835 e
1191 2781 1303 2834 vita
1357 2782 1611 2840 decessit.
1663 2785 1844 2852 Hunc,
1883 2804 2006 2859 qua:

418 2870 565 2924 inter
593 2868 796 2923 liberos
836 2881 955 2924 erat
1008 2878 1141 2924 natu
1184 2872 1418 2927 maxima
1446 2914 1461 2939 ,
1487 2891 1593 2944 qua
1636 2877 1704 2933 de
1756 2879 2005 2935 instituta

424 2961 538 3015 hrec
590 2968 676 3015 est
718 2960 919 3025 oratio,
973 2962 1138 3033 paulo
1182 2972 1311 3032 post
1340 2964 1462 3035 ejus
1511 2980 1693 3023 ortum
1734 2970 1804 3024 ab
1835 2972 2004 3029 ubere

2102 2692 2221 2763 ἅμα
2260 2693 2367 2767 γάρ
2394 2692 2473 2763 τῷ
2502 2694 2789 2766 παρελθεῖν
2820 2695 3008 2751 τοῦτον
3043 2696 3123 2759 εἰς
3163 2695 3279 2764 φῶς
3300 2738 3315 2762 ,
3357 2697 3665 2751 καταλείπει

2100 2783 2130 2835 ὁ
2156 2782 2335 2854 πατὴρ
2361 2782 2453 2837 τὸν
2480 2782 2612 2853 βίον.
2659 2784 2797 2837 Ἀλλ’
2831 2786 2864 2855 ἡ
2897 2783 3241 2855 πρεσϐυτάτη
3265 2785 3373 2839 τῶν
3405 2786 3664 2855 ἀδελφῶν,

2103 2872 2231 2944 περὶ
2256 2866 2325 2944 ἧς
2357 2873 2384 2925 ό
2415 2872 2571 2941 λόγος
2592 2913 2608 2938 ,
2646 2874 2816 2947 μικρὰ
2841 2874 2940 2945 τῆς
2983 2874 3150 2946 θηλῆς
3177 2876 3338 2930 αὐτὸν
3374 2878 3528 2949 παρά
3575 2878 3665 2949 τὴν

2101 2962 2323 3036 πρώτην
2352 2963 2564 3033 γένεσιν
2595 2965 2949 3036 μετασχόντα,
2980 2967 3142 3033 εὐθὺς
3183 2969 3551 3022 ἀποσπάσασα
3574 2969 3669 3039 τῆς

420 3052 656 3109 nutricis
707 3053 978 3109 sublatum
1005 3053 1121 3124 ipsa
1153 3057 1341 3111 statim
1381 3060 1647 3127 enutriit,
1684 3065 2000 3120 excellenti-

2104 3055 2525 3127 τιθηνουμένης,
2558 3055 2625 3109 δι’
2653 3057 2847 3130 ἑαυτῆς
2886 3059 3183 3131 ἀνατρέφει
3217 3077 3277 3113 τε
3314 3062 3408 3115 καὶ
3447 3062 3540 3116 ἐπὶ
3567 3064 3666 3115 πᾶ-

422 3162 532 3218 que
574 3147 866 3217 disciplina
909 3146 1200 3215 educavit,
1235 3151 1410 3208 sacris
1459 3153 1727 3212 institutis
1762 3171 1791 3210 a
1829 3172 2002 3227 puero

423 3238 605 3308 ipsum
634 3237 917 3301 erudiens,
952 3238 1091 3293 adeo
1124 3247 1185 3294 ut
1218 3239 1354 3294 nihil
1388 3243 1484 3297 otii
1516 3247 1870 3313 concesserit,
1893 3263 2003 3317 quo

423 3336 611 3399 posset
657 3328 855 3384 studiis
904 3329 1163 3385 inanibus
1209 3346 1436 3398 vacare;
1471 3349 1595 3389 nam
1617 3336 1693 3391 illi
1745 3351 1804 3392 se
1828 3345 1882 3392 et
1907 3353 2004 3409 pa-

426 3430 562 3473 treni
590 3427 642 3474 et
675 3418 997 3488 magistrum
1025 3426 1079 3474 et
1126 3421 1437 3487 custodem,
1480 3429 1534 3478 et
1569 3432 1819 3487 matrem,
1853 3435 1908 3481 et
1934 3427 2002 3481 ad

427 3508 633 3578 optima
679 3523 911 3578 qumque
972 3510 1366 3565 consultricem
1422 3513 1675 3583 praebuit,
1730 3517 2005 3587 talemque

424 3594 664 3650 reddidit
692 3604 751 3650 ut
788 3606 1079 3668 antequam
1102 3599 1389 3655 excederet
1413 3617 1442 3654 e
1465 3604 1696 3671 pueritia
1730 3605 1784 3659 in
1815 3616 2004 3662 tenero

426 3685 523 3740 illo
565 3687 744 3743 artatis
792 3687 928 3743 ﬁore
957 3688 1025 3741 ad
1075 3690 1355 3745 excelsum
1387 3693 1743 3765 phiIOSOphia:
1776 3696 2003 3767 gradum

427 3778 759 3832 ascenderit.
792 3776 867 3833 Ea
896 3780 1123 3850 quidem
1158 3790 1274 3836 erat
1298 3782 1503 3853 ingenii
1539 3785 1803 3851 bonitate,
1846 3799 1906 3845 ut
1934 3789 2005 3846 ad

429 3869 609 3921 omnia
643 3870 844 3923 artium
872 3885 1071 3941 genera
1100 3872 1263 3926 etiam
1309 3890 1431 3944 quze
1459 3878 1711 3936 manibus
1743 3897 2007 3938 exercen-

428 3966 520 4012 tur
561 3960 925 4028 perdiscenda
952 3968 1114 4017 natus
1137 3977 1259 4018 esse
1297 3964 1617 4022 videretur:
1658 3986 1829 4041 quare
1854 3973 2006 4027 nullo

427 4050 568 4105 duce
602 4049 902 4122 perfectam
937 4067 1129 4106 eorum
1173 4054 1423 4123 peritiam
1463 4065 1547 4114 est
1572 4072 1859 4119 assecutus
1886 4078 2009 4137 qua:

427 4142 612 4197 caeteri
654 4141 830 4195 multo
883 4149 1128 4212 tempore
1165 4151 1220 4222 et
1253 4143 1437 4200 labore
1491 4146 1711 4204 discunt
1742 4166 1771 4205 a
1804 4167 2009 4222 praece-

428 4233 699 4302 ptoribus.
753 4228 804 4286 ls
835 4245 968 4303 ergo
1013 4220 1320 4288 studiorum
1367 4246 1717 4295 externorum
1773 4220 2011 4314 occupa-

2104 3162 2204 3201 σαν
2230 3144 2326 3217 τὴν
2347 3145 2683 3219 ὑψηλοτέραν
2708 3148 2883 3219 ἧγαγε
2923 3150 3222 3215 παίδευσιν,
3245 3154 3356 3215 τοῖς
3384 3153 3548 3223 ίεροῖς
3565 3152 3667 3206 τῶν

2105 3235 2442 3307 μαθημάτων
2493 3237 2558 3290 ὲκ
2590 3237 2800 3307 νηπίων
2848 3239 3010 3294 αὑτὸν
3065 3242 3415 3313 ἐνασκήσασα
3440 3282 3455 3306 ,
3489 3244 3562 3307 ὡς
3596 3243 3669 3315 μὴ

2101 3327 2280 3382 δοῦναι
2309 3330 2374 3399 τῇ
2402 3326 2545 3400 ψυχῇ
2574 3328 2767 3401 σχολὴν
2800 3329 2936 3401 πρός
2980 3348 3031 3385 τι
3058 3332 3168 3385 τῶν
3200 3333 3444 3404 ματαίων
3469 3335 3673 3388 ἐπικλι-

2104 3417 2283 3488 θῆναι.
2327 3418 2487 3472 Ἀλλά
2516 3419 2691 3475 πάντα
2715 3420 2979 3494 γενομένη
3011 3422 3086 3493 τῷ
3114 3424 3219 3495 νέῳ
3244 3465 3260 3489 ,
3287 3427 3469 3498 πατὴρ
3492 3466 3508 3489 ,
3532 3426 3675 3481 διδά-

2105 3509 2330 3576 σκαλος,
2363 3510 2737 3580 παιδαγωγὸς,
2771 3513 2955 3585 μήτηρ
2978 3555 2997 3577 ν
3050 3514 3257 3583 ἀγαθοῦ
3294 3517 3492 3582 παντὸς
3536 3519 3673 3589 σύμ-

2103 3600 2311 3666 ϐουλος,
2352 3601 2589 3656 τοιοῦτον
2624 3602 2783 3657 αὐτὸν
2816 3604 3219 3675 ἀπειργάσατο,
3248 3608 3325 3673 ὡς
3364 3609 3496 3680 πρὶν
3531 3611 3678 3676 ἐξελ-

2103 3688 2217 3744 θεῖν
2246 3688 2345 3761 τὴν
2388 3690 2600 3761 ἠλικίαν
2644 3690 2753 3745 τῶν
2804 3692 3009 3747 παίδων
3048 3695 3127 3749 ἔτι
3172 3699 3230 3749 ἐν
3271 3700 3575 3771 μειρακίῳ,
3604 3704 3671 3773 τῇ

2101 3779 2402 3852 ἀπαλότητι
2431 3783 2530 3853 τῆς
2568 3781 2784 3853 ἡλικίας
2827 3783 3089 3838 ἀνθοῦντα
3114 3826 3128 3847 ,
3166 3787 3304 3859 πρὸς
3336 3788 3430 3843 τὸν
3471 3791 3678 3860 ὑψηλὸν

2102 3872 2201 3943 τῆς
2232 3872 2545 3942 φιλοσοφίας
2574 3872 2774 3928 σκοπὸν
2805 3876 3129 3947 ἐπαρθῆναι.
3165 3878 3271 3932 Καί
3315 3897 3421 3933 τινι
3462 3882 3682 3951 φύσεως

2105 3963 2367 4036 εὐκληρίᾳ
2399 3963 2535 4035 πρὸς
2590 3966 2769 4019 πᾶσαν
2801 3966 2995 4038 τέχνην
3050 3968 3183 4023 ἰδίαν
3211 3970 3310 4041 τὴν
3360 3971 3447 4025 διά
3492 3974 3680 4046 χειρὸς

2104 4053 2501 4125 ἐνεργουμένην
2521 4055 2835 4126 ἐπιτηδείως
2858 4057 2999 4127 ἔχειν
3019 4098 3036 4124 ,
3055 4058 3130 4123 ὡς
3155 4061 3379 4132 μηδενὸς
3404 4063 3685 4133 καθηγου-

2111 4143 2271 4215 μένου
2291 4186 2305 4208 ,
2341 4143 2427 4197 διὰ
2456 4146 2635 4216 πάσης
2665 4147 2949 4217 ἀκριϐείας
2989 4150 3217 4205 ἐκάστου
3242 4153 3337 4223 τὴν
3361 4156 3682 4227 ἐπιστήμην

2108 4234 2565 4306 κατωρθωκέναι,
2617 4231 2692 4292 ὧν
2730 4239 2907 4312 χρόνῳ
2954 4242 3049 4295 καλ⁸
3085 4243 3231 4315 πόνῳ
3260 4247 3365 4309 τοῖς
3394 4246 3613 4312 πολλοῖς
3645 4251 3683 4321 ὴ

429 4324 611 4379 tiones
668 4333 1016 4393 aspernatus,
1062 4332 1115 4380 et
1151 4325 1430 4397 ingenium
1485 4329 1550 4384 ad
1585 4346 1777 4389 omnes
1837 4335 2000 4391 bonas

2113 4325 2343 4398 μάθησις
2367 4324 2592 4394 γίνεται.
2633 4323 2797 4393 Οὗτος
2821 4331 2997 4384 τοίνυν
3026 4332 3130 4403 τῆς
3158 4334 3286 4406 περὶ
3317 4336 3440 4399 τοὺς
3475 4337 3687 4405 ἔξωθεν

431 4414 754 4483 disciplinas
791 4415 1171 4486 percipiendas
1199 4429 1382 4487 aptuin
1417 4419 1644 4485 habens,
1679 4439 2000 4496 semperque

2103 4416 2212 4470 τῶν
2243 4416 2413 4485 λόγων
2441 4417 2693 4488 ἀσχολίας
2723 4419 2991 4494 ὑπεριδὼν
3017 4461 3032 4485 ,
3059 4423 3246 4495 ἱκανὴν
3274 4424 3331 4477 δὲ
3359 4425 3685 4485 διδάσκαλον

430 4505 736 4574 respiciens
770 4506 839 4559 ad
893 4520 1161 4571 sororem,
1192 4522 1355 4575 quam
1389 4509 1496 4565 sibi
1550 4520 1805 4582 tanquam
1836 4516 2005 4571 totius

430 4597 558 4651 boni
613 4611 840 4666 scopum
897 4604 1287 4666 proposuerat,
1312 4614 1407 4654 eos
1459 4601 1525 4656 ad
1560 4604 1816 4659 virtutem
1874 4621 2004 4676 pro-

430 4702 655 4758 gressus
678 4685 827 4748 fecit,
867 4696 924 4740 ut
970 4688 1024 4742 in
1056 4688 1269 4759 reliqua
1302 4690 1410 4743 vita
1436 4707 1638 4763 magno
1659 4696 1864 4750 Basilio
1894 4697 2006 4750 vir-

431 4779 569 4833 tutis
620 4779 933 4848 prmstantia
986 4777 1158 4833 nihilo
1212 4778 1437 4836 inferior
1469 4782 1586 4838 fore
1618 4785 2001 4853 judicaretur:

432 4868 588 4924 Tunc
630 4878 810 4924 autem
856 4870 1031 4925 sorori
1077 4877 1131 4925 et
1174 4871 1335 4926 matri
1367 4882 1484 4927 erat
1535 4876 1708 4929 instar
1736 4877 2002 4944 omnium,

434 4972 481 5013 ei
514 4974 619 5012 una
642 4975 766 5014 cum
804 4961 914 5017 illis
950 4962 1017 5018 ad
1042 4964 1343 5035 angelicam
1390 4966 1536 5019 illam
1590 4968 1757 5021 vitam
1782 4975 2007 5022 conten-

434 5052 618 5108 debat.

505 5229 639 5281 tlum
682 5235 865 5282 autem
917 5229 1068 5298 gravi
1117 5228 1354 5299 quodam
1385 5239 1630 5302 tempore
1665 5233 2010 5287 laboraretur

438 5320 619 5390 inepia
639 5327 692 5374 et
717 5318 879 5384 fame,
903 5320 1168 5391 multique
1200 5319 1341 5375 fama
1374 5322 1745 5378 beneﬁcentiae
1788 5324 2009 5379 excitati

440 5411 676 5482 undique
700 5410 1040 5466 confluerent
1081 5411 1146 5466 ad
1182 5427 1305 5466 eum
1340 5428 1643 5480 recessum,
1677 5430 1836 5485 quem
1865 5415 2014 5469 inco-

438 5501 654 5569 lebant;
697 5509 907 5555 tantum
961 5502 1231 5557 industria
1271 5518 1369 5560 sua
1416 5505 1752 5575 pauperibus
1777 5505 2013 5560 cibario-

439 5608 559 5647 rum
614 5593 1093 5661 subministravit,
1140 5604 1200 5650 ut
1257 5593 1662 5651 adventantium
1703 5595 2010 5667 frequentia

438 5677 593 5738 locus
618 5681 728 5749 ille,
758 5698 865 5738 non
911 5682 1153 5739 solitudo
1175 5684 1455 5740 videretur
1493 5698 1638 5749 esse,
1669 5684 1767 5741 sed
1792 5686 2005 5743 civitas.

2107 4505 2304 4569 παντὸς
2335 4507 2541 4577 ἀγαθοῦ
2579 4509 2899 4580 μαθήματος
2948 4513 3045 4583 τὴν
3085 4515 3245 4583 φύσιν
3277 4515 3417 4586 ἔχων
3441 4559 3456 4581 ,
3504 4519 3590 4572 ἀεί
3622 4539 3689 4575 τε

2106 4595 2243 4666 πρὸς
2272 4595 2368 4668 τὴν
2394 4597 2629 4670 ἀδελφὴν
2655 4599 2864 4670 βλέπων
2889 4643 2903 4667 ,
2932 4604 3024 4657 καὶ
3056 4606 3255 4658 σκοπὸν
3294 4607 3501 4674 ἀγαθοῦ
3537 4629 3688 4665 παν-

2105 4687 2193 4753 τὸς
2218 4689 2430 4760 ἐκείνην
2474 4690 2820 4762 ποιούμενος,
2853 4697 2931 4759 είς
2959 4696 3208 4771 τοσοῦτον
3249 4700 3522 4756 ἐπέδωκεν
3546 4705 3690 4774 ἀρε-

2105 4780 2204 4850 τῆς
2244 4778 2379 4846 εἶδος
2402 4823 2417 4848 ,
2452 4783 2528 4846 ὡς
2562 4784 2727 4855 μηδὲν
2754 4785 2973 4839 ἔλαττον
3007 4788 3099 4841 τοῦ
3127 4791 3362 4859 μεγάλου
3400 4793 3693 4851 Βασιλείου

2106 4869 2279 4927 δοκεῖν
2319 4870 2461 4943 ἔχειν
2488 4877 2544 4927 ἐν
2572 4877 2683 4939 τοῖς
2710 4878 2828 4929 κατ’
2854 4878 3053 4950 ἀρετὴν
3087 4883 3497 4953 προτερήμασιν
3524 4887 3580 4937 ὲν
3610 4888 3697 4957 τῷ

2112 4958 2252 5030 μετά
2285 4960 2457 5016 ταῦτα
2480 4961 2599 5034 βίῳ.
2630 4964 2762 5017 Τότε
2787 4965 2844 5019 δέ
2871 4967 2990 5021 ἀντὶ
3019 4969 3233 5024 πάντων
3264 4966 3333 5042 ἦν
3376 4975 3445 5044 τῇ
3480 4974 3691 5048 ἀδελφῇ

2107 5051 2201 5104 καὶ
2228 5054 2292 5122 τῇ
2325 5054 2509 5124 μητρὶ,
2560 5056 2834 5127 συνεργῶν
2865 5059 3053 5122 αὑταῖς
3079 5061 3214 5132 πρὸς
3246 5063 3342 5131 τὴν
3386 5066 3695 5138 ἀγγελικὴν

2109 5142 2324 5212 ἐκείνην
2359 5143 2523 5216 ζωήν.

2182 5235 2281 5298 ’ος
2312 5252 2441 5289 ποτε
2484 5238 2577 5291 καὶ
2624 5240 2950 5311 σιτολειψίας
2995 5243 3238 5316 χαλεπῆς
3268 5250 3689 5320 γεγενημένης,

2112 5323 2203 5375 καὶ
2251 5323 2459 5377 πολλῶν
2512 5328 2846 5398 πανταχόθεν
2906 5332 3045 5385 κατὰ
3082 5333 3268 5404 φήμην
3306 5336 3406 5405 τῆς
3440 5338 3692 5403 εὐποιίας

2112 5413 2249 5483 πρὸς
2275 5414 2372 5485 τὴν
2402 5417 2655 5486 ἐσχατιὰν
2677 5458 2691 5481 ,
2729 5420 2788 5471 ἐν
2828 5414 2861 5494 ᾖ
2913 5422 3193 5494 κατῴκουν
3213 5467 3228 5492 ,
3278 5428 3648 5500 ἐπιρῤεόνιων
3671 5445 3689 5462 ⁸

2112 5504 2361 5559 τοσοῦτον
2384 5506 2450 5559 δι’
2480 5509 2729 5563 ἐπινοιῶν
2752 5512 2850 5575 τὰς
2876 5514 3082 5584 τροφὰς
3111 5517 3437 5573 ἐπλεόνασεν
3459 5561 3475 5585 ,
3512 5522 3585 5584 ὡς
3611 5522 3690 5593 τῷ

2113 5593 2307 5665 πλήθει
2340 5595 2448 5649 τῶν
2490 5599 2920 5667 ἐπιφοιτώντων,
2966 5604 3118 5658 πόλιν
3143 5602 3280 5661 εἶναι
3317 5610 3416 5677 τὴν
3455 5612 3690 5682 ἐρημίαν

2113 5686 2314 5741 δοκεῖν·
2361 5687 2417 5741 ἐν
2454 5688 2626 5763 τούτῳ
2677 5691 2758 5756 είς
2802 5692 2980 5765 γῆρας
3029 5694 3255 5768 λιπαρὸν
3289 5700 3620 5772 προελθοῦσα
