4002 6206
380 298 487 355 973

1619 297 1706 352 DE
1744 294 1909 352 VITA
1940 295 1997 350 S.
2031 293 2383 349 ΜΑΕΒΙΝΑΞ.

3530 294 3636 350 974

383 418 600 486 μήτηρ,
635 414 771 485 πρὸς
800 416 889 469 τὸν
921 415 1053 470 Θεὸν
1085 417 1461 486 μετανίστατο,
1483 419 1538 470 ἐν
1576 419 1695 479 ταῖς
1720 415 1964 488 ἀμφοτέ-

2069 415 2285 469 lnterim
2333 429 2499 468 senex
2525 411 2820 468 admodum
2881 421 3054 467 mater
3114 414 3169 468 in
3219 412 3508 483 utriusque
3542 415 3674 499 ﬁlii;

380 521 492 577 ρων
518 504 629 558 τῶν
667 505 869 558 τέκνων
901 507 1057 578 χερσὶ
1093 506 1181 560 τὸν
1212 506 1324 577 βίον
1353 507 1552 578 ἑαυτῆς
1578 507 1958 560 ἀναπαύσασθε.

378 591 490 660 Ἦς
529 596 679 661 ἄξιον
705 595 804 666 τὴν
834 597 932 668 τῆς
961 597 1208 666 εὐλογίας
1240 597 1520 669 ἱστορῆσαι
1554 597 1769 668 φωνὴν,
1872 597 1964 650 ἐπὶ

379 686 490 740 τῶν
517 687 722 739 τέκνων
761 688 1051 757 ἐχρήσατο,
1075 686 1184 740 τῶν
1213 704 1272 739 τε
1316 687 1390 758 μὴ
1423 687 1705 758 παρόντων
1732 687 1961 740 ἑκάστου

382 778 523 834 κατά
568 779 629 832 τὸ
670 779 807 846 πρὸς
836 779 988 847 φίλον
1035 779 1451 848 ὲπιμνησθεῐσα,
1477 779 1551 842 ὡς
1584 779 1719 849 μηδὲ
1744 779 1838 832 ἕνα
1871 795 1963 848 γε-

380 871 565 925 νέσθαι
612 870 713 940 τῆς
761 868 1010 938 εὐλογίας
1050 871 1360 941 ἁπὸκληρον
1391 911 1404 934 ,
1462 871 1554 923 καὶ
1601 870 1964 941 διαφερόντως

379 962 508 1025 τοὺς
540 961 815 1032 παρόντας
846 961 982 1033 αὐτῇ
1027 961 1105 1032 τῷ
1145 961 1263 1033 Θεῷ
1312 961 1400 1016 διὰ
1446 966 1752 1034 προσευχῆς
1791 979 1965 1033 παρα-

380 1054 611 1124 θεμένη.
650 1052 1134 1122 Παρακαθημένων
1171 1053 1279 1124 γὰρ
1314 1052 1447 1123 αὐτῇ
1481 1053 1622 1106 κατὰ
1651 1053 1712 1105 τὸ
1739 1053 1964 1120 πλάγιον

381 1145 468 1215 ἐφ’
501 1147 735 1215 ἑκάτερα
785 1144 886 1214 τῆς
922 1144 1109 1214 κλίνης
1150 1143 1258 1197 τῶν
1305 1145 1399 1198 δύο
1447 1146 1650 1198 τούτων
1676 1185 1689 1208 ,
1730 1145 1965 1216 ἑκατέρα

381 1237 527 1309 χειρὶ⁸
576 1235 903 1306 ἐφαψαμένη
935 1235 1044 1290 τῶν
1074 1235 1279 1292 τέκνων
1302 1278 1318 1303 ,
1347 1235 1519 1290 ταῦτα
1550 1236 1685 1307 πρὸς
1711 1237 1801 1290 τὸν
1834 1236 1966 1291 Θεὸν

379 1327 535 1384 εἶπεν
561 1331 619 1382 ὲν
640 1328 978 1392 τελευταίαις
1004 1330 1228 1396 φωναίςο
1265 1347 1282 1379 ι
1306 1329 1417 1393 Σοὶ,
1447 1327 1638 1400 Κύριε,
1669 1329 1763 1382 καὶ
1784 1329 1966 1400 ἀπάρ-

379 1438 548 1491 χομαι
580 1459 595 1484 ,
633 1421 728 1473 καὶ
773 1419 1093 1474 ἀποδεκατῶ
1149 1419 1242 1475 τὸν
1303 1421 1513 1492 καρπὸν
1573 1423 1680 1476 τῶν
1735 1423 1961 1478 ὠδίνων.

393 1513 640 1584 Ἀπαρχὴ
675 1529 764 1582 μοι
815 1514 850 1583 ἡ
901 1511 1244 1582 πρωτότοκος
1299 1513 1472 1585 αῦτη,
1505 1515 1600 1568 καὶ⁸
1649 1514 1966 1577 ὲπιδέκατος

378 1599 534 1668 οὗτος
575 1606 608 1674 ὴ
653 1604 935 1658 τελευταία
963 1604 1109 1668 ὠδίς.
1141 1605 1230 1657 Σοὶ
1268 1605 1325 1657 δὲ
1352 1607 1652 1678 ἀφιέρωται
1690 1608 1841 1678 παρὰ
1871 1607 1964 1662 τοῦ

380 1698 548 1768 νόμου
576 1697 834 1767 ἑκάτερα,
867 1696 963 1750 καὶ
990 1697 1061 1750 σά
1086 1699 1234 1749 ἐστιν
1259 1697 1603 1768 ἀναθήματα.
1641 1699 1850 1753 Οὐκοῦν
1879 1698 1965 1751 ἔλ-

381 1767 465 1839 θοι
503 1788 532 1839 6
572 1786 844 1855 ἁγιασμὸς
882 1786 973 1838 ὲπί
1009 1802 1070 1838 τε
1116 1786 1216 1856 τὴν
1260 1767 1447 1858 ἀρχήν
1477 1804 1577 1858 μου
1604 1787 1836 1858 ταύτην,
1870 1787 1965 1841 καί¹
1998 1767 2038 1821 Β

380 1879 474 1930 ἐπὶ
493 1878 553 1931 τὸ
583 1878 898 1931 ἐπιδέκατον
925 1876 1082 1931 τοῦτο
1102 1894 1114 1906 ³
1138 1895 1155 1928 ›
1189 1877 1410 1944 δείξασα
1430 1881 1548 1942 ταῖς
1573 1879 1963 1943 ὲπιδεικτικαῖς

381 1973 587 2038 φωναῖς
626 1971 724 2040 τὴν
778 1969 1053 2040 θυγατέρα
1113 1970 1207 2024 καὶ
1243 1970 1334 2024 τὸν
1383 1970 1567 2024 παῖδα.
1624 1972 1687 2024 Ἢ
1737 1971 1836 2042 μὲν
1870 1967 1964 2025 οῦν

378 2062 474 2116 τοῦ
499 2063 738 2130 εὐλογεῖν
764 2061 1113 2132 παυσαμένη,
1140 2061 1235 2116 καὶ
1264 2061 1357 2115 τοῦ
1400 2061 1499 2134 ζῇν
1529 2062 1826 2127 ἐπαύσατο,
1851 2063 1963 2126 τοῖς

383 2155 570 2208 παισὶν
604 2153 954 2225 ἐπισκήψασα
979 2154 1040 2207 τὸ
1065 2157 1132 2226 τῇ
1165 2154 1395 2226 πατρῴᾳ
1434 2155 1577 2226 σορῷ
1611 2155 1703 2208 καί⁵
1728 2154 1793 2208 τὸ
1819 2151 1963 2208 ὲκεί-

379 2264 479 2316 νης
522 2243 881 2298 ὲναποθέσθαι
925 2243 1106 2315 σῶμα.
1141 2246 1202 2299 Οἱ
1235 2245 1293 2298 δὲ
1325 2245 1711 2317 πληρώσαντες
1747 2243 1811 2297 τὸ
1848 2243 1962 2296 δια-

378 2337 751 2407 τεταγμένον,
803 2336 1137 2408 ὑψηλότερον
1191 2337 1398 2408 εἴχοντο
1451 2337 1552 2407 τῆς
1610 2336 1957 2406 φιλοσοφίας,

378 2429 469 2481 ἀεὶ
527 2426 662 2498 πρὸς
723 2428 815 2481 τὸν
882 2428 1011 2482 ἴδιον
1061 2428 1475 2500 διαμιλλώμενοι
1534 2427 1685 2497 βίον,
1749 2428 1842 2482 καὶ
1891 2429 1960 2482 τὰ

379 2519 662 2588 φθάσαντα
719 2520 828 2573 τῶν
885 2520 1325 2592 κατορθωμάτων
1393 2523 1506 2583 τοῖς
1563 2518 1759 2590 ἑφεξῆς
1818 2519 1957 2572 ἀπο.

380 2611 734 2685 κρύπτοντες.

463 2706 551 2759 Ἐν
591 2705 764 2776 τούτῳ
797 2706 826 2758 ό
863 2706 1030 2767 πολὺς
1061 2705 1118 2758 ὲν
1149 2706 1322 2773 ἁγίοις
1353 2703 1630 2768 Βασίλειος
1654 2705 1754 2776 τῆς
1789 2703 1960 2775 μεγά-

381 2797 478 2868 λης
507 2798 828 2867 Καισαρέων
867 2797 1188 2866 Ἐκκλησίας
1219 2797 1498 2868 ἀνεδείχθη
1531 2787 1842 2868 προστάτης
1861 2816 1872 2827 ·
1900 2796 1960 2860 ὃς

380 2887 474 2939 ἐπὶ
514 2887 603 2940 τὸν
644 2887 845 2957 κλῆρον
886 2888 983 2958 τῆς
1017 2889 1074 2940 ὲν
1107 2887 1185 2958 τῷ
1223 2888 1632 2959 πρεσϐυτερείῳ
1664 2886 1961 2959 ἱερωσύνης

377 2981 470 3033 τὸν
517 2979 743 3048 ἀδελφὸν
807 2979 951 3048 ἄγει,
993 2983 1113 3036 ταῖς
1165 2983 1452 3048 μυστικαῖς
1501 2979 1694 3034 ἑαυτοῦ
1751 2981 1961 3052 ἱερουρ-

2063 505 2318 560 manibus
2359 503 2636 568 moriens,
2669 503 2921 574 migravit
2958 504 3024 558 ad
3063 503 3253 559 Deum.
3305 502 3476 573 Cujus
3520 521 3641 575 qua!

2061 595 2467 651 benedictionis
2497 611 2599 648 vox
2662 593 2827 649 fuerit
2881 595 3050 656 illius.
3087 611 3195 666 qua
3239 611 3368 667 erga
3436 595 3641 650 liberos

2064 703 2162 741 usa
2193 694 2755 749 est,commemorare
2795 702 2900 741 non
2935 688 3040 742 erit
3063 688 3321 742 alienttm.
3359 687 3492 742 Nam
3515 704 3640 742 cum

2064 778 2131 832 de
2161 777 2484 832 absentibus
2510 777 2827 848 singulatim
2857 787 3104 834 amanter
3134 781 3460 835 mentionem
3493 780 3642 844 fecit,

2065 879 2124 923 ut
2167 869 2351 923 nullus
2405 878 2551 923 esset
2603 885 2802 939 expers
2837 869 3282 925 benedictionis:
3339 883 3450 925 tum
3501 886 3641 940 prte-

2065 961 2223 1031 cipue
2271 968 2571 1030 praesentes
2607 960 2726 1030 ipsa
2781 962 3038 1031 precibus
3092 962 3206 1018 suis
3261 963 3461 1016 obtulit
3509 963 3639 1017 Deo.

2066 1051 2278 1106 Etenim
2328 1067 2450 1106 cum
2495 1052 2544 1107 ei
2597 1067 2659 1107 ex
2716 1060 2950 1123 utraque
2999 1063 3154 1122 parte
3210 1053 3393 1108 lectuli
3425 1053 3642 1108 adversi

2066 1144 2395 1208 assiderent,
2433 1144 2602 1198 altera
2658 1159 2823 1198 manu
2857 1153 3152 1213 utrumque
3201 1143 3644 1214 tangens,hisce

2067 1235 2250 1290 verbis
2307 1234 2602 1304 postremis
2649 1233 2822 1288 Deum
2859 1235 3096 1288 allocuta
3131 1245 3216 1289 est
3248 1249 3260 1284 :
3302 1252 3320 1284 ‹
3356 1232 3506 1300 Tibi,
3539 1231 3645 1288 Do-

2067 1329 2231 1389 mine.
2255 1336 2308 1382 et
2340 1327 2612 1396 primitias
2635 1335 2689 1382 et
2710 1326 2998 1382 decumam
3031 1327 3156 1381 dico
3191 1327 3467 1381 fructuum
3505 1327 3642 1381 tueri

2066 1421 2191 1475 mei.
2233 1418 2608 1474 Primitiarum
2661 1421 2807 1474 enim
2863 1419 3043 1473 locum
3089 1420 3203 1474 haec
3257 1420 3390 1474 mihi
3433 1420 3644 1474 obtinet

2067 1511 2464 1582 primogenita,
2506 1512 2753 1566 decuma:
2782 1527 2913 1569 vero
2961 1520 3240 1568 extremus
3273 1512 3362 1565 hic
3397 1513 3643 1566 decimus

2069 1601 2234 1658 ﬁlius.
2265 1601 2388 1656 'l‘ibi
2443 1612 2623 1657 autem
2683 1603 2796 1674 lege
2851 1611 3084 1674 utraque
3132 1605 3419 1668 debentur,
3457 1613 3510 1660 et
3549 1614 3641 1658 tua

2068 1703 2197 1749 sunt
2229 1710 2478 1749 munera.
2518 1694 2576 1749 In
2628 1695 2771 1750 hanc
2822 1697 2989 1766 igitur
3015 1697 3431 1766 primOgenitam
3463 1712 3640 1752 meam

2064 1796 2119 1842 et
2170 1788 2315 1842 hunc
2370 1788 2642 1843 decimum
2709 1789 2892 1842 veniat
2947 1790 3641 1860 sanctiinoniao,oratione

2065 1881 2356 1950 perspicua
2413 1880 2710 1950 designans
2741 1889 2794 1934 et
2826 1879 2991 1934 ﬁliam
3025 1891 3080 1937 et
3137 1881 3330 1935 ﬁlium.
3361 1883 3437 1935 lta
3464 1891 3518 1934 et
3548 1881 3642 1936 be-

2065 1968 2366 2027 nedictioni
2401 1981 2456 2027 et
2491 1973 2614 2026 vita:
2667 1971 2827 2027 ﬁnem
2878 1973 3093 2037 statuit,
3121 1988 3246 2027 cum
3280 1975 3433 2042 prius
3480 1987 3639 2025 man-

2065 2062 2253 2120 dasset
2275 2062 2402 2120 ﬁliis
2427 2074 2486 2118 ut
2510 2079 2570 2120 se
2594 2065 2649 2120 in
2683 2067 2997 2138 sepulcrum
3022 2073 3309 2136 paternum
3341 2062 3637 2118 inferrent:

2064 2153 2118 2208 id
2148 2155 2229 2209 illi
2254 2155 2333 2208 uti
2362 2154 2505 2224 jussi
2540 2154 2762 2211 fuerant
2813 2170 2938 2212 cum
2974 2155 3386 2227 praestitissent,
3422 2155 3478 2209 in
3513 2155 3641 2208 reli-

2060 2261 2233 2316 quum
2295 2253 2510 2316 tempus
2575 2246 2644 2300 ad
2699 2249 2982 2318 sapientia:
3043 2247 3366 2320 fastigium,
3427 2262 3642 2316 semper

2061 2353 2188 2391 cum
2241 2345 2492 2393 anteacta
2541 2339 2654 2393 vita
2709 2347 3035 2409 pugnantes,
3081 2347 3135 2394 et
3169 2340 3444 2409 praeterita
3477 2340 3643 2393 bene-

2061 2427 2207 2483 facta
2265 2429 2674 2499 posterioribus
2709 2446 2972 2503 superare
3005 2432 3292 2488 studentes
3340 2432 3642 2487 contende-

2060 2519 2211 2574 bant.

2129 2701 2343 2760 lnterea
2396 2703 2626 2774 insignis
2684 2704 2826 2758 inter
2881 2711 3103 2760 sanctos
3139 2705 3641 2776 Basilius,magn:n

2061 2795 2324 2850 Caesareae
2353 2795 2665 2850 declaratus
2689 2805 2776 2850 est
2813 2796 3064 2861 antistes,
3091 2806 3146 2850 ct
3191 2796 3436 2867 mysticis
3467 2799 3608 2851 sacri
3627 2828 3641 2837 -

2062 2886 2201 2943 ficiis
2222 2887 2338 2943 suis
2357 2886 2582 2942 fratrem
2613 2902 2968 2953 consecrans,
2990 2889 3056 2942 ad
3081 2904 3296 2943 sacram
3321 2889 3641 2959 presbyterii

2060 2979 2378 3051 dignitatem
2432 2983 2701 3052 provexit.
2751 2982 2928 3052 Atque
2993 2981 3082 3036 hic
3137 2997 3330 3037 rursus
3386 2983 3468 3039 eis
3517 2983 3644 3037 vita:

377 3069 524 3138 γίαις
551 3068 882 3139 άφιερώσας.
916 3067 1026 3121 Καὶ
1059 3069 1117 3119 ἐν
1156 3067 1330 3138 τούτῳ
1366 3067 1528 3121 πάλιν
1557 3069 1738 3131 αὐτοῖς
1780 3067 1872 3120 ι-ὶπλ⁸
1900 3066 1962 3120 τὸ

2069 3089 2260 3129 cursus
2291 3075 2356 3126 ad
2383 3075 2636 3144 graviora
2687 3075 3072 3144 sanctioraque
3121 3074 3490 3145 dirigebatur,
3518 3091 3642 3130 cum

380 3162 702 3234 σεμνότερόν
731 3178 788 3213 τε
817 3161 910 3214 καὶ
936 3159 1232 3230 άγιώτερον
1262 3161 1454 3231 προῄει
1480 3162 1509 3214 6
1534 3160 1647 3231 βίος
1673 3200 1686 3222 .
1716 3163 1782 3232 τῇ
1814 3161 1964 3232 ἱερωο

379 3253 516 3322 σύνῃ
548 3251 646 3321 τῆς
699 3249 1016 3319 φιλοσοφίας
1047 3249 1464 3320 ὲπαυξηθείσης.
1521 3249 1692 3304 Ὀκτὼ
1734 3250 1789 3303 δὲ
1827 3251 1963 3321 μετὰ

374 3343 538 3398 τοῦτο
563 3341 961 3411 διαγενομένων
1012 3341 1152 3394 ὲτῶν
1177 3382 1190 3405 ,
1227 3341 1306 3412 τῷ
1357 3343 1560 3411 έννάτῳ
1610 3341 1842 3411 ἐνιαυτῷ
1871 3380 1886 3403 ,
1934 3342 1963 3393 6

377 3435 522 3489 κατά
555 3437 734 3488 πᾶσαν
762 3436 860 3506 τὴν
889 3434 1214 3506 οἰκουμένην
1245 3433 1543 3502 ὀνομαστὸς
1580 3433 1878 3498 Βασίλειος,
1903 3433 1963 3500 ἐξ

377 3527 682 3598 ἀνθρώπων
730 3527 865 3597 πρὸς
902 3526 993 3579 τὸν
1024 3526 1157 3579 Θεὸν
1187 3524 1548 3596 μετοικίζεται
1577 3565 1591 3590 ,
1630 3523 1783 3595 κοινὴ
1832 3524 1960 3578 πέν-

378 3617 509 3682 θους
545 3618 768 3690 ἀφορμὴ
806 3619 873 3689 τῇ
911 3617 1131 3702 πατρίδι
1178 3617 1273 3669 καὶ
1303 3620 1366 3689 τῇ
1414 3615 1706 3687 οἰκουμένῃ
1733 3615 1959 3686 γενόμε-

375 3727 488 3773 νος.
524 3710 589 3762 Ἠ
617 3711 673 3763 δὲ
711 3709 994 3781 πόρρωθεν
1033 3711 1097 3763 ἐκ
1140 3711 1329 3780 φήμης
1364 3707 1646 3762 ἀκούσασα
1681 3707 1780 3774 τὴν
1825 3725 1963 3779 συμ-

378 3803 574 3873 φορὰν,
616 3802 786 3856 ἔπαθε
832 3802 930 3873 μὲν
962 3801 1061 3874 τὴν
1100 3801 1276 3873 ψυχὴν
1303 3801 1396 3855 ἐπὶ
1427 3803 1494 3873 τῇ
1521 3800 1758 3871 τοσαύτῃ
1791 3799 1963 3871 ζημίᾳ

379 3896 522 3964 (πῶς
550 3895 659 3967 γὰρ
685 3896 784 3949 οὐκ
814 3895 1038 3967 ἔμελλεν
1076 3894 1343 3949 ἅπτεσθαι
1378 3893 1638 3963 κάκείνης
1665 3893 1728 3946 τὸ
1769 3892 1962 3957 πάθος,

377 3981 440 4040 οὗ
471 3987 563 4040 καὶ
587 3988 634 4039 οἱ
664 3987 847 4058 ἐχθροὶ
884 3987 984 4057 τῆς
1011 3986 1268 4057 ἀληθείας
1300 3984 1620 4056 ὲπῄσθοντο;
1645 3985 1685 4055 )·
1712 3983 1964 4054 καθάπερ

378 4079 436 4131 δὲ
466 4079 563 4150 τὴν
601 4078 694 4131 τοῦ
723 4077 923 4150 χρυσοῦ
950 4095 1082 4147 φασι
1115 4077 1438 4147 δοκιμασίαν
1473 4079 1528 4129 ὲν
1569 4075 1843 4147 διαφόροις
1875 4075 1963 4144 γί-

378 4171 565 4225 νεσθαι
595 4172 980 4242 χωνευτηρίοις
1003 4211 1018 4236 ,
1051 4171 1127 4232 ὡς
1153 4171 1204 4223 εἴ
1237 4188 1288 4222 τι
1323 4169 1420 4239 τὴν
1465 4168 1688 4243 πρώτην
1713 4168 1964 4238 διαφύγοι

379 4266 610 4335 χωνείαν
635 4303 650 4327 ,
695 4267 753 4318 ὲν
791 4265 856 4333 τῇ
907 4261 1134 4332 δευτέρα
1171 4259 1549 4330 διακριθῆναι,
1588 4259 1681 4312 καὶ
1714 4259 1873 4311 πάλιν
1906 4258 1965 4308 ὲν

379 4359 443 4426 τῇ
475 4354 758 4424 τελευταία
795 4354 968 4406 πάντα
999 4351 1088 4406 τὸν
1122 4350 1536 4422 ὲμμεμιγμένον
1567 4350 1737 4421 ῥύπον
1766 4350 1831 4420 τῇ
1862 4347 1964 4420 ὕλῃ

2069 3165 2362 3223 sacerdotii
2412 3165 2653 3234 dignitas
2688 3166 2969 3237 sapientiae
3005 3167 3299 3235 conjuncta
3339 3167 3522 3222 studio
3549 3183 3643 3222 cu.

2070 3258 2392 3311 mutaretur.
2449 3256 2578 3311 Post
2628 3265 2808 3312 autem
2861 3259 3023 3314 annis
3084 3266 3207 3314 octo
3246 3261 3540 3315 transactis
3591 3270 3645 3313 at

2068 3363 2213 3403 nono
2246 3347 2504 3401 inchoato
2537 3364 2631 3417 per
2669 3356 2846 3402 totum
2895 3349 3081 3405 orbem
3119 3351 3511 3406 celeberrimus
3543 3353 3643 3406 Ba-

2067 3438 2227 3492 silius
2257 3437 2322 3492 ab
2348 3437 2662 3492 hominibus
2691 3439 2756 3492 ad
2783 3438 2948 3495 Deum
2981 3443 3277 3507 concessit,
3299 3457 3642 3497 communem

2067 3524 2255 3593 patrim
2278 3532 2330 3578 et
2353 3522 2614 3579 Ecclesia:
2638 3525 2816 3583 luctus
2833 3529 3182 3584 occasionem
3203 3530 3472 3598 praebens.
3493 3529 3644 3585 "illic

2065 3615 2434 3670 calamitatem
2481 3631 2604 3670 cum
2658 3617 2724 3672 ad
2772 3617 3069 3674 Macrinam
3105 3637 3296 3675 rumor
3334 3621 3642 3684 detulisset.

2065 3705 2250 3759 animo
2285 3706 2374 3758 illa
2411 3705 2630 3775 quidem
2666 3723 2777 3762 non
2812 3709 2989 3778 potuit
3040 3709 3094 3763 in
3132 3720 3283 3765 tanto
3312 3711 3647 3768 detrimento

2065 3811 2175 3850 non
2209 3799 2544 3852 commoveri
2577 3816 2589 3851 :
2627 3799 2743 3868 (qui
2795 3801 2939 3854 enim
2985 3816 3230 3856 sororem
3258 3817 3365 3857 non
3403 3811 3647 3875 tangeret

2065 3892 2221 3947 dolor
2241 3907 2350 3962 quo
2401 3893 2502 3962 ipsi
2543 3909 2762 3964 quoque
2795 3895 3000 3951 inimici
3033 3897 3410 3954 adiciebantur
3432 3900 3476 3971 Υ)
3509 3909 3649 3955 atta-

2065 3998 2189 4038 men
2221 3991 2279 4036 ut
2307 3998 2500 4039 aurum
2536 3986 2771 4042 diversis
2801 3988 2955 4041 aiunt
3006 3987 3324 4048 fornacibus
3351 3993 3646 4063 explorari,

2068 4083 2126 4128 ut
2176 4074 2223 4130 si
2270 4075 2499 4144 primam
2549 4079 2809 4143 evaserit,
2853 4083 2907 4134 in
2962 4081 3134 4136 altera
3190 4083 3556 4153 adjudicetur,
3593 4096 3648 4138 et

2067 4179 2288 4220 rursum
2330 4166 2384 4220 in
2424 4177 2667 4222 estrema
2706 4183 2898 4224 omnes
2924 4169 3043 4238 ejus
3072 4173 3314 4226 materia:
3346 4175 3650 4226 commisla!

2067 4256 2260 4312 sordes
2308 4257 2610 4313 cluantur:
2657 4260 2990 4328 exquisitum
3041 4272 3219 4315 autem
3279 4263 3468 4331 optimi
3527 4265 3647 4317 auri

2068 4349 2332 4404 indicium
2355 4367 2498 4416 esse,
2526 4353 2571 4406 si
2611 4367 2706 4422 per
2733 4367 2925 4408 omnes
2952 4354 3230 4409 transiens
3261 4354 3396 4409 nihil
3431 4355 3650 4410 emittat

379 4447 850 4519 ἀποκαθαίρεσθαι
869 4463 882 4477 ·
911 4448 1009 4517 τὴν
1051 4447 1108 4500 δε
1139 4445 1534 4517 ἀκριϐεστέραν
1564 4439 1703 4498 εῖναι
1735 4443 1963 4512 βάσανον

2069 4442 2353 4498 sordium:
2390 4445 2469 4499 sic
2516 4444 2564 4500 ei
2619 4446 2889 4517 contigit,
2923 4453 2983 4500 ut
3041 4447 3212 4501 variis
3273 4447 3647 4502 molestiarum

378 4539 472 4594 τοῦ
497 4540 722 4609 δοκίμου
756 4537 958 4608 χρυσοῦ
987 4576 1001 4600 ,
1086 4537 1175 4590 διὰ
1209 4537 1388 4604 πάσης
1423 4534 1708 4601 διεξελθὼν
1739 4533 1968 4605 χωνείας

383 4631 586 4701 μηδένα
642 4629 811 4700 ῥύπον
865 4629 1251 4698 άποποιήσειεο
1304 4627 1549 4680 τοιοῦτόν
1605 4645 1656 4680 τι
1719 4628 1812 4680 καὶ
1879 4625 1967 4679 ἐπ’

381 4721 598 4791 ἐκείνης
645 4720 840 4790 συνέϐη
867 4737 878 4750 ·
905 4721 1024 4781 ταῖς
1053 4719 1328 4790 διαφόροις
1377 4718 1484 4772 τῶν
1514 4717 1770 4789 λυπηρῶν
1799 4733 1967 4787 προσ-

380 4811 563 4874 ϐολαῖς
602 4813 700 4881 τῆς
731 4810 940 4879 ὑψηλῆς
988 4809 1222 4870 διανοίας
1257 4807 1675 4878 βασανισθείσης
1702 4849 1718 4871 ,
1756 4824 1964 4861 παντα-

384 4902 539 4972 χόθεν
580 4902 962 4972 ἀναδειχθῆναι
1010 4901 1069 4953 τὸ
1123 4901 1220 4971 τῆς
1259 4900 1438 4970 ψυχῆς
1486 4899 1872 4970 ἁκιόδήλευτόν
1907 4916 1964 4952 τε

384 4996 477 5049 καί
510 4995 898 5047 ἀταπείνωτον.
934 4991 1204 5064 Πρότερον
1254 4991 1352 5062 μὲν
1402 4992 1460 5044 ὲν
1514 4995 1579 5062 τῇ
1614 4991 1706 5044 τοῦ
1738 4991 1966 5060 ἀδελφοῦ

383 5086 476 5140 τοῦ
503 5087 661 5141 άλλου
686 5087 1014 5156 μεταστάσει
1037 5101 1048 5113 ·
1077 5084 1214 5155 μετὰ
1235 5082 1404 5136 ταῦτα
1429 5082 1485 5136 δὲ
1516 5085 1572 5135 ὲν
1597 5083 1674 5153 τῷ
1705 5083 1966 5155 χωρισμῷ

2071 4535 2298 4591 casibus
2317 4537 2623 4606 explorata,
2643 4541 2955 4610 pra‘stantis
2980 4540 3127 4596 illius
3156 4541 3321 4594 animi
3351 4541 3648 4611 probitate,

2072 4626 2209 4681 nihil
2257 4644 2497 4698 unquam
2529 4630 2582 4684 in
2637 4645 2700 4685 ea
2733 4631 2968 4696 sordidi,
3003 4632 3135 4686 nihil
3170 4632 3460 4687 adttlterini
3497 4648 3642 4702 repe-

2073 4719 2298 4775 riretur.
2323 4723 2400 4774 Ac
2429 4722 2609 4792 primo
2639 4725 2856 4792 quidem
2895 4726 3195 4794 periculum
3238 4725 3438 4779 factum
3474 4723 3652 4778 fuerat

2073 4812 2127 4866 in
2158 4813 2312 4868 obitu
2345 4815 2573 4870 alterius
2612 4817 2799 4873 fratris
2831 4837 2842 4872 :
2880 4818 3079 4874 deinde
3108 4819 3162 4872 in
3215 4819 3407 4873 matris
3439 4820 3647 4878 funere,

2074 4905 2239 4960 tertio
2259 4908 2483 4977 quando
2511 4923 2800 4963 commune
2829 4912 3047 4980 generis
3075 4910 3245 4965 decus
3276 4909 3516 4966 Basilius
3559 4911 3648 4964 de-

2075 4996 2262 5051 cessit.
2294 4996 2455 5051 Stetit
2483 4998 2673 5069 igitur,
2710 5009 2971 5069 tanquam
3015 5001 3254 5055 invictus
3296 5002 3464 5072 pugil,
3502 5001 3654 5055 nullo

2073 5089 2446 5143 calamitatum
2477 5091 2679 5162 impetu
2724 5094 3012 5148 labefacta.

383 5183 483 5250 τῆς
517 5183 724 5253 μητρός
745 5199 756 5212 ο
801 5183 863 5233 ὲκ
896 5182 1077 5254 τρίτου
1109 5180 1164 5233 δὲ
1187 5221 1200 5244 ,
1225 5181 1313 5234 ὅτε
1348 5179 1408 5232 τὸ
1442 5181 1616 5231 κοινὸν
1643 5179 1739 5250 τῆς
1777 5182 1971 5248 γενεᾶς
2009 5181 2191 5245 καλὸν,
2226 5187 2254 5237 6
2289 5185 2461 5254 μέγας
2485 5186 2781 5253 Βασίλειος,
2812 5188 2908 5257 τῆς
2948 5188 3294 5261 ἀνθρωπίνης
3335 5188 3479 5260 ζωῆς
3517 5189 3653 5259 ὲχω-

388 5278 587 5348 ρίςετο.
627 5277 849 5346 Ἔμεινε
876 5274 1079 5340 τοίνυν,
1117 5274 1366 5343 καθάπερ
1401 5291 1483 5337 τις
1511 5272 1748 5342 ἀθλητὴς
1773 5274 2236 5341 ἀκαταγώνιστος,
2275 5278 2509 5348 οὐδαμοῦ
2546 5282 2612 5351 τῇ
2650 5281 2918 5353 προσόολῇ
2986 5281 3094 5334 τῶν
3161 5283 3454 5354 συμφορῶν
3513 5283 3650 5335 ἀπο·

386 5369 656 5422 κλάσασα.

459 5466 719 5526 Ἐννατος
756 5461 822 5535 ἦν
869 5464 1006 5534 μετὰ
1044 5462 1106 5514 τὸ
1137 5461 1305 5524 πάθος
1348 5461 1504 5514 τοῦτο
1536 5460 1672 5532 μὴν,
1705 5461 1737 5532 ἦ
1773 5460 1966 5532 μικρὸν

385 5555 527 5624 ὑπὲρ
553 5554 710 5606 τοῦτο
733 5597 745 5616 ,
773 5555 864 5606 καὶ
891 5552 1105 5614 σύνοδος
1127 5551 1440 5604 ἐπισκόπων
1465 5551 1606 5603 κατὰ
1628 5551 1726 5621 τὴν
1763 5552 1966 5604 Ἀντιό-

384 5665 481 5718 χου
522 5647 676 5699 πόλιν
717 5645 998 5716 ἠθροίζετο
1021 5686 1035 5710 ,
1071 5640 1135 5715 ἧς
1167 5644 1259 5696 καὶ
1287 5645 1444 5714 ἡμεῖς
1481 5643 1829 5714 μετέσχομεν.
1859 5644 1968 5698 Καὶ

384 5738 578 5808 ἐπειδὴ
613 5736 774 5791 πάλιν
805 5736 940 5805 πρὸς
974 5735 1068 5806 τὴν
1103 5736 1295 5789 ἑαυτοῦ
1337 5737 1564 5798 ἕκαστος
1595 5732 1964 5805 ditari-Myer,

2142 5458 2272 5512 Erat
2330 5468 2454 5529 post
2507 5459 2650 5513 lianc
2697 5460 2970 5529 jacturam
3030 5477 3209 5519 nonus
3263 5465 3506 5529 mensis,
3559 5476 3656 5522 aut

2072 5553 2234 5624 paulo
2250 5551 2508 5621 amplius,
2523 5567 2645 5604 cum
2663 5553 3047 5622 episcoporum
3067 5554 3360 5608 concilium
3389 5555 3653 5613 indictum

2071 5655 2152 5698 est
2187 5642 2513 5706 Antiochia‘,
2543 5640 2630 5694 cui
2669 5657 2770 5696 nos
2806 5643 2932 5694 item
2960 5642 3335 5698 interfuimus.
3363 5642 3468 5699 Sed
3505 5658 3656 5717 post-

2071 5751 2301 5807 eaquam
2351 5736 2571 5789 domutn
2605 5735 2836 5805 quisque
2893 5750 3047 5789 suam
3084 5736 3463 5803 discessimus,
3499 5751 3656 5795 antc-
