4002 6206
335 243 442 303 975

1579 235 1992 294 S.-GliEGORll
2027 232 2323 292 NYSSENI

3490 231 3594 287 976

321 384 504 441 quam
553 381 732 422 annus
767 363 1094 436 praeteriret,
1144 361 1275 417 mibi
1327 361 1593 434 Gregorio
1646 359 1918 432 cupiditas

2040 357 2151 428 τρὶν
2182 356 2274 410 τὸν
2300 355 2542 411 ἐνιαὺτὸν
2574 351 2885 426 παρελθεῖν,
2914 351 3163 422 ἐνθύμιον
3197 351 3322 422 ἐμοὶ
3354 347 3434 420 τῷ
3458 349 3598 441 Γρηο

339 463 534 518 incidit
568 469 628 515 ut
655 474 900 516 sororem
933 458 1247 513 inviserem.
1283 456 1536 526 Magnum
1571 455 1717 510 enim
1749 455 1920 508 inter-

338 559 582 608 cesserat
633 550 900 621 temporis
958 550 1342 610 intervallum,
1394 563 1504 618 quo
1543 555 1733 601 mutuo
1778 547 1920 600 inter

337 639 442 701 no‘s
473 651 775 714 conspectu
804 659 913 697 non
946 651 1304 712 potueramus
1335 639 1465 703 frui,
1503 637 1921 709 prohibentibus

339 735 706 790 teutationum
731 732 1005 787 molestiis
1031 747 1172 802 quas
1202 731 1270 784 ab
1305 729 1533 784 lueresis
1571 727 1922 799 principibus

339 826 511 895 patria
540 824 732 894 pulsus
761 824 967 893 ubique
1014 824 1407 879 sustinuerant.
1438 818 1575 874 Nam
1616 819 1920 874 dimetienti

339 915 469 968 mihi
503 915 768 985 temporis
793 916 1055 986 spatium,
1085 913 1230 982 quod
1257 913 1478 967 interim
1511 912 1762 975 ﬂuxerat,
1792 910 1920 965 dum

337 1006 610 1076 ejusmodi
652 1005 1164 1076 perturbationibus
1219 1019 1556 1074 congressus
1592 1011 1780 1057 noster
1815 1002 1921 1055 imo

339 1100 588 1169 peditur,
623 1109 748 1152 octo
777 1099 902 1168 plus
937 1097 1120 1150 minus
1153 1109 1424 1148 annorum
1451 1094 1759 1148 videbatur.
1783 1093 1921 1147 Cum

341 1191 513 1260 igitur
552 1188 667 1258 jam
725 1189 958 1242 multum
991 1186 1205 1240 itineris
1238 1184 1624 1249 confecissem,
1672 1199 1772 1238 nec
1808 1198 1922 1236 am-

340 1283 484 1353 plius
523 1296 688 1350 quam
738 1283 902 1334 unius
931 1279 1044 1332 dici
1078 1277 1166 1331 via
1198 1285 1456 1339 restaret,
1489 1275 1631 1330 visio
1660 1274 1794 1328 mihi
1828 1288 1925 1343 per

341 1372 578 1442 quietem
632 1369 986 1424 manifestum
1045 1381 1234 1422 corum
1275 1381 1398 1435 quae
1457 1372 1616 1420 erant
1657 1371 1923 1418 eventura

341 1468 608 1539 judicium
639 1462 899 1520 ostendit.
927 1458 1164 1512 Videbar
1197 1457 1340 1512 enim
1378 1455 1512 1508 mihi
1553 1463 1770 1526 gestare
1810 1469 1924 1506 ma.

341 1563 865 1626 nibusmartyrum
931 1549 1226 1618 reliquias,
1284 1562 1348 1602 ex
1401 1547 1604 1616 quibus
1659 1545 1924 1616 splendor

341 1652 613 1716 elucebat,
635 1645 818 1717 qualis
843 1659 873 1698 e
905 1641 1008 1696 levi
1061 1638 1314 1711 speculo,
1339 1639 1388 1694 si
1423 1639 1658 1693 adverso
1685 1637 1787 1693 soli
1826 1652 1924 1706 op-

2023 449 2191 520 γορίῳ
2245 449 2450 517 γίνεται
2508 447 2644 516 πρὸς
2673 446 2845 516 αὐτὴν
2885 443 3151 514 διαϐῆναι.
3187 442 3365 498 Πολὺς
3393 441 3500 512 γάρ
3533 437 3602 510 ἦν

2019 541 2048 592 ὁ
2089 539 2178 594 διά
2212 540 2374 610 μέσου
2424 539 2646 610 χρόνος,
2694 539 2752 590 ἐν
2780 529 2825 604 ᾧ
2873 536 2972 600 τὰς
3017 534 3335 604 ἐπισκέψεις
3385 536 3444 586 at
3498 534 3604 585 τῶν

2022 631 2344 702 πειρασμῶν
2375 630 2725 699 περιστάσεις
2755 626 3059 692 ἐκώλυσαν,
3083 626 3148 690 ἃς
3175 626 3444 695 ὑπέμενον
3470 641 3606 677 παν-

2022 719 2188 790 ταχοῦ
2223 721 2320 791 τῆς
2359 720 2613 792 πατρίδος
2647 720 2752 773 ὑπὸ
2794 719 2904 772 τῶν
2947 719 3048 788 τῆς
3083 717 3343 790 αἱρέσεως
3374 719 3594 771 ἐπιστα-

2021 811 2256 864 τούντων
2287 811 2724 881 ἐξελαυνόμενος.
2759 811 2870 865 Καὶ
2914 811 3238 883 ἀριθμοῦντί
3267 829 3354 883 μοι
3389 811 3481 865 τὸν
3514 813 3604 865 δι)

2027 903 2194 974 μέσου
2221 903 2430 974 χρόνον,
2464 906 2520 956 ἐν
2541 895 2585 970 ᾧ
2607 904 2706 974 τὴν
2739 905 2861 956 κατ’
2891 903 3204 974 ὀφθαλμοὺς
3234 905 3516 974 συντυχίαν
3551 904 3605 955 οἱ

2027 997 2322 1068 πειρασμοὶ
2355 995 2684 1051 διεκώλυσαν
2707 1037 2723 1062 ,
2752 996 2852 1050 οὐκ
2893 996 3074 1065 ὀλίγον
3120 997 3370 1066 ἐφαίνετο
3392 997 3455 1050 τὸ
3482 997 3604 1049 διά-

2027 1105 2210 1160 στημα
2254 1087 2399 1144 ὀκτὼ
2458 1088 2654 1160 μικροῦ
2699 1088 2810 1142 δεῖν
2841 1090 3361 1160 παραμετρούμονον
3408 1089 3604 1142 ἐτεσιν.

2038 1179 2256 1252 Ἐπειδὴ
2281 1181 2459 1234 τοίνυν
2483 1182 2543 1234 τὸ
2571 1182 2706 1236 πολὺ
2729 1181 2828 1252 τῆς
2851 1180 2972 1234 ὁδοῦ
2999 1181 3281 1244 διανύσας,
3310 1183 3438 1250 μιᾶς
3468 1179 3608 1251 ὴμέ-

2030 1289 2128 1342 ρας
2165 1273 2389 1342 ἀπεῖχον
2410 1273 2525 1326 ὁδὸν
2545 1311 2560 1337 ,
2591 1272 2711 1341 θέαις
2733 1289 2815 1336 τις
2838 1274 2968 1343 ἡμῖν
2989 1272 3050 1336 ἐξ
3073 1272 3319 1325 ἐνυπνίου
3353 1274 3605 1340 φανεῖσα,

2027 1363 2261 1435 φοϐερὰς
2292 1363 2463 1416 ἐποίει
2495 1363 2594 1427 τὰς
2629 1363 2850 1428 ἐλπίδας
2875 1363 2968 1417 τοῦ
3015 1363 3314 1433 μέλλοντος.
3359 1362 3609 1415 Ἐδόκουν

2025 1456 2134 1526 γὰρ
2178 1455 2406 1524 λείψανα
2437 1455 2728 1528 μαρτύρων
2759 1455 2850 1508 διὰ
2902 1455 3083 1526 χειρὸς
3128 1454 3315 1525 φέρειν
3337 1469 3352 1484 ·
3381 1453 3520 1506 είναι
3548 1453 3607 1506 δέ

2025 1549 2119 1602 ἀπ’
2145 1547 2321 1602 αὐτῶν
2347 1547 2522 1618 αύγὴν
2541 1588 2556 1612 ,
2584 1543 2672 1600 οἷα
2697 1548 2760 1600 ἐκ
2800 1547 3040 1618 καθαροῦ
3071 1563 3215 1609 τινος
3244 1545 3449 1614 γίνεται
3476 1555 3611 1598 κατ-

2025 1641 2226 1713 όπτρου
2273 1679 2288 1704 ,
2335 1641 2463 1693 ὅταν
2507 1639 2643 1710 πρὸς
2675 1640 2767 1693 τὸν
2803 1640 2955 1710 ἥλιον
2999 1639 3128 1710 τεθῇ
3173 1639 3606 1710 ἀντιπρόσωπον,

342 1749 600 1813 ponatur,
639 1735 948 1807 egreditur,
996 1747 1107 1801 quo
1156 1731 1377 1802 quidem
1433 1728 1659 1782 luminis
1713 1725 1925 1798 fulgore

2040 1732 2165 1785 ὒστε
2198 1749 2286 1802 μοι
2313 1731 2414 1793 τὰς
2439 1730 2591 1800 ὄψεις
2626 1729 2761 1800 πρὸς
2800 1730 2900 1800 τὴν
2936 1728 3306 1800 μαρμαρυγὴν
3346 1727 3443 1798 τῆς
3468 1727 3607 1796 λαμ-

341 1835 488 1891 oculi
521 1826 1193 1900 meiperstringebautur.
1227 1822 1340 1878 Iloc
1375 1830 1556 1876 autem
1584 1821 1763 1875 visum
1789 1819 1922 1873 mihi

343 1936 427 1982 ter
457 1922 698 1980 occurrit
727 1919 917 1975 eadem
949 1925 1128 1979 nocte,
1163 1929 1264 1970 nec
1305 1913 1474 1984 .plane
1493 1952 1509 1978 ,
1536 1912 1922 1982 quidporten-

343 2018 494 2073 deret
547 2013 826 2083 conjicere
881 2005 1474 2078 poteram;sollicitus
1523 2005 1709 2073 itaque
1740 2003 1925 2056 animo

345 2109 644 2181 agitabam,
690 2101 1162 2170 observabamque
1204 2104 1263 2152 ut
1297 2097 1422 2168 ejus
1465 2095 1924 2168 significationem

342 2199 492 2255 exitu
512 2195 842 2265 judicarem.

413 2287 550 2345 Cum
571 2287 684 2356 jam
710 2282 775 2338 ad
795 2295 1102 2342 secessum,
1125 2280 1180 2333 in
1203 2293 1314 2349 quo
1341 2279 1432 2333 illa
1503 2278 1804 2348 angelicam
1823 2293 1929 2332 coe-

343 2382 652 2449 lestemque
700 2375 866 2429 vitam
897 2373 1152 2442 degebat.
1182 2363 1738 2440 appropinquassent,
1767 2369 1928 2423 fami-

345 2475 570 2528 liarium
601 2468 893 2540 quemdam
927 2463 1262 2534 interrogavi
1295 2464 1527 2533 primmu
1556 2463 1622 2517 de
1646 2462 1833 2524 fratre,
1861 2477 1928 2515 an

345 2563 565 2619 adesset
600 2579 615 2614 :
650 2575 760 2629 quo
817 2545 1191 2627 respondente
1236 2556 1387 2610 illum
1427 2554 1540 2625 jam
1598 2563 1798 2624 quarto
1843 2554 1932 2609 die

345 2654 698 2719 discessisse,
729 2665 1074 2721 cognoscens
1101 2663 1226 2705 eum
1278 2647 1450 2702 altera
1485 2647 1646 2703 nobis
1673 2647 1758 2702 via
1805 2661 1932 2716 pro-

237 2799 246 2807 .
346 2745 518 2800 diisse
570 2742 812 2804 obviam,
847 2747 960 2792 tum
993 2739 1158 2793 etiam
1213 2737 1280 2792 de
1320 2753 1516 2808 magna
1548 2739 1639 2792 illa
1695 2753 1931 2807 percon-

348 2844 498 2890 tatus
525 2848 646 2889 sum
686 2850 698 2885 :
725 2845 962 2900 cumque
994 2829 1085 2883 ille
1116 2827 1512 2898 respondisset,
1543 2842 1663 2882 eam
1695 2827 1931 2898 quodam

348 2926 546 2980 morbo
575 2923 849 2988 laborare,
881 2920 1088 2990 majore
1133 2919 1394 2974 incensus
1423 2918 1628 2985 studio,
1663 2919 1810 2988 quod
1843 2935 1933 2975 re-

350 3019 562 3086 liquum
615 3021 732 3070 erat
787 3013 885 3067 viae
921 3011 1248 3066 festinanter
1291 3011 1522 3080 arripui.
1561 3010 1694 3064 Nam
1734 3012 1931 3066 timore

2029 1821 2253 1892 πηδόνος
2288 1820 2677 1890 ἀμϐλύνεσθαι.
2716 1821 2825 1873 Καὶ
2851 1819 2953 1888 τῆς
2987 1819 3156 1890 αὐτῆς
3184 1835 3274 1888 μοι
3311 1817 3501 1882 νυκτὸς
3528 1820 3610 1882 εἰς

2025 1912 2144 1982 τρὶς
2183 1911 2484 1982 γενομένης
2510 1911 2611 1981 τῆς
2638 1909 2894 1981 τοιαύτης
2927 1910 3124 1979 ὅψεως,
3181 1908 3477 1980 συμϐαλεῖν
3512 1909 3610 1978 μὲν

2025 2003 2126 2056 οὐκ
2153 1998 2296 2072 εἶχον
2326 2000 2581 2072 καθαρῶς
2608 1999 2702 2054 τοῦ
2749 1999 3002 2054 ἐνυπνίου
3047 2000 3109 2053 τὸ
3143 2001 3372 2070 αἴνιγμα
3397 2016 3410 2029 ’
3435 1999 3608 2070 λύπην

2027 2093 2082 2147 δέ
2106 2110 2229 2147 τινα
2256 2096 2324 2165 τῇ
2353 2093 2500 2164 ψυχῇ
2533 2094 2886 2166 προσεώρων,
2912 2093 3004 2146 καὶ
3032 2093 3331 2163 ἐπετήρουν
3354 2094 3419 2162 τῇ
3448 2091 3610 2147 ἐκϐό-

2031 2204 2113 2240 σει
2143 2189 2326 2258 κρῖναι
2357 2187 2456 2257 τὴν
2479 2185 2799 2255 φαντασίαν.

2101 2277 2210 2330 Καὶ
2241 2277 2304 2348 δὴ
2333 2278 2622 2348 γενόμενος
2650 2279 2875 2350 πλησίον
2905 2280 3004 2348 τῆς
3030 2277 3322 2348 ἐσχατιᾶς,
3364 2281 3422 2332 ἐν
3532 2279 3612 2334 δι-

2031 2370 2164 2441 ῆγεν
2193 2369 2378 2440 ἐκείνη
2410 2371 2509 2441 τὴν
2545 2371 2842 2441 ἀγγελικὴν
2869 2383 2930 2423 τε
2961 2371 3054 2424 καὶ
3081 2371 3401 2442 ἐπουράνιον
3420 2388 3612 2442 κατορ-

2034 2459 2200 2513 θοῦσα
2229 2460 2376 2531 ζωὴν
2399 2500 2414 2524 ,
2447 2461 2662 2532 ἠρόμην
2694 2460 2802 2515 τῶν
2837 2461 3154 2532 ἐπιτηδείων
3196 2463 3317 2516 τινὰ
3351 2462 3475 2533 περὶ
3516 2461 3610 2516 τοῦ

2033 2550 2264 2620 ἀδελφοῦ
2315 2551 2528 2622 πρῶτον
2549 2593 2566 2619 ,
2596 2553 2645 2606 εί
2699 2551 2890 2624 παρὼν
2923 2553 3009 2624 είη
3029 2569 3045 2584 ⁸
3076 2554 3345 2624 φήσαντος
3391 2553 3446 2606 δὲ
3473 2553 3612 2624 πρὸς

2033 2644 2181 2714 ἡμᾶς
2201 2683 2218 2709 ,
2247 2644 2410 2698 αὑτὸν
2442 2643 2847 2716 ἐξωρμηκὼαι,
2879 2647 2971 2700 καὶ
2995 2647 3263 2717 τετάρτην
3288 2647 3461 2715 ἄγειν,
3487 2665 3612 2701 συν-

2033 2736 2113 2799 εὶς
2144 2736 2280 2806 ὅπερ
2311 2729 2412 2807 ἦν,
2439 2736 2520 2789 ὃτι
2545 2736 2612 2789 δι’
2638 2737 2828 2808 ἐτέρας
2867 2737 2988 2790 ὁδοῦ
3037 2737 3261 2806 γέγονεν
3298 2739 3447 2810 αύτῷ
3482 2739 3614 2809 πρὸς

2035 2828 2180 2897 ἡμᾶς
2215 2828 2249 2897 ἡ
2279 2826 2445 2898 ὁρμὴ,
2476 2827 2596 2880 τότε
2629 2831 2724 2882 καὶ
2753 2829 2882 2900 περὶ
2911 2829 3012 2900 τῆς
3040 2831 3300 2901 Μεγάλης
3329 2831 3616 2886 ἐπυνθανόο

2039 2935 2177 2989 μηνο
2212 2917 2304 2972 τοῦ
2325 2919 2380 2971 δὲ
2410 2920 2713 2990 φήσαντος,
2749 2923 2806 2973 ἐν
2833 2921 3115 2992 ἀρρωστίᾳ
3142 2921 3469 2992 γεγενῆσθαί
3494 2940 3614 2984 τινι,

2037 3007 2451 3080 σπουδαιότερον
2479 3011 2706 3080 εἰχόμην
2731 3051 2746 3078 ,
2782 3012 2840 3063 ἐν
2865 3009 3070 3076 ἐπείξει
3092 3012 3152 3065 τὸ
3183 3012 3501 3083 λειπόμενον
3524 3017 3616 3085 τῆς

349 3110 512 3166 etiam
556 3105 794 3178 quodam
845 3105 1184 3176 perterritus
1235 3104 1452 3159 animus
1502 3103 1749 3158 futurum
1797 3120 1933 3174 pra:-

2040 3100 2154 3154 όδοῦ
2187 3100 2439 3155 διανύων.
2470 3102 2578 3154 Καὶ
2605 3103 2712 3173 γάρ
2754 3119 2821 3173 με
2852 3102 2994 3174 λύπη
3021 3121 3106 3165 τις
3135 3105 3229 3158 καὶ
3259 3106 3424 3177 φόϐος
3455 3122 3608 3175 μηνυο

353 3199 603 3270 sagiebat
636 3214 649 3252 :
684 3197 779 3254 sed
825 3212 949 3250 cum
1002 3195 1070 3250 ad
1105 3197 1286 3250 locum
1329 3197 1668 3264 accederem,
1695 3214 1936 3254 conven-

351 3301 444 3347 tus
474 3291 760 3347 hominum
793 3290 962 3362 (fama
1008 3289 1152 3344 enim
1191 3304 1276 3344 me
1294 3288 1408 3358 jam
1442 3289 1637 3344 adesse
1667 3289 1935 3347 fratribus

353 3387 840 3460 praenuntiarerat)
876 3401 940 3440 ex
984 3385 1123 3440 locis
1171 3385 1226 3438 in
1271 3383 1474 3454 quibus
1517 3385 1842 3440 habitabant
1869 3386 1935 3440 ad

353 3495 455 3534 nos
511 3477 793 3533 confluxit.
826 3475 960 3529 Nam
1003 3475 1232 3530 honoris
1259 3475 1433 3545 gratia
1474 3475 1668 3529 amicis
1719 3477 1935 3530 obviam

356 3570 650 3640 procedere
698 3574 1123 3624 consueverunt.
1169 3567 1240 3621 At
1285 3565 1559 3638 virginum
1615 3567 1819 3622 chorus
1871 3567 1936 3622 ad

353 3661 645 3717 ecclesiam
677 3659 922 3715 modeste
959 3668 1209 3715 nostrum
1238 3658 1532 3714 adventum
1560 3660 1937 3729 exspectabat.

357 3750 561 3806 Verum
600 3766 724 3804 cum
761 3749 1090 3806 fecissemus
1123 3759 1178 3805 et
1209 3750 1468 3820 precandi
1494 3758 1548 3805 et
1582 3751 1939 3805 benedicendi

357 3839 546 3902 linem,
583 3847 748 3907 atque
802 3839 926 3894 illa).
970 3839 1238 3893 inclinato
1277 3838 1433 3908 prius
1474 3839 1655 3908 capite
1711 3838 1938 3894 benedi-

355 3931 528 3986 ctioni
551 3969 566 3995 ,
596 3931 828 3985 honeste
861 3929 1209 3985 discedentes
1249 3930 1520 3985 abiissent
1563 3931 1630 3985 ad
1668 3931 1786 3985 loca
1817 3946 1939 3996 sua,

358 4038 460 4077 nec
520 4037 630 4077 uua
691 4021 912 4092 quidem
954 4035 1140 4076 rarum
1198 4022 1341 4090 apud
1390 4036 1492 4077 nos
1528 4023 1719 4077 relicta
1773 4032 1940 4091 esset,

360 4113 522 4168 facile
581 4111 635 4167 id
672 4111 818 4183 quod
875 4120 995 4167 erat
1049 4111 1303 4181 conjeci,
1341 4127 1449 4166 non
1483 4127 1606 4168 esse
1653 4113 1796 4168 inter
1850 4128 1944 4170 cas

361 4207 605 4276 ipsarum
664 4205 898 4272 ducem,
967 4215 1020 4260 et
1085 4205 1427 4274 praecedente
1485 4205 1724 4275 quodam
1783 4217 1946 4277 atque

361 4297 562 4352 ostium
610 4297 946 4366 opperiente.
1003 4312 1218 4352 sacram
1274 4297 1419 4352 illam
1459 4296 1717 4362 domum,
1750 4297 1805 4352 in
1836 4313 1947 4369 qua

363 4387 541 4440 inerat
571 4386 664 4440 illa
717 4401 912 4456 magna
949 4387 1230 4456 ingressus
1258 4402 1378 4441 smn
1417 4405 1432 4454 ;
1464 4388 1819 4444 vehementer
1854 4405 1945 4443 au-

364 4486 472 4534 tem
505 4486 640 4533 tunc
668 4479 992 4548 aegrotabat.
1021 4495 1197 4547 neque
1219 4495 1348 4534 vero
1377 4480 1430 4534 in
1471 4480 1614 4534 lecto
1637 4489 1734 4534 aut
1770 4489 1945 4534 strato

361 4570 665 4640 quopiam.
715 4569 808 4623 sed
860 4568 1009 4621 humi
1065 4569 1420 4637 quiescebat,
1461 4571 1711 4639 subjecta
1781 4585 1946 4625 sacco

365 4662 574 4727 tabula,
607 4669 662 4716 et
694 4661 864 4714 altera
905 4671 1068 4728 caput
1100 4661 1220 4729 ejus
1256 4663 1562 4717 sustinente
1600 4664 1804 4725 tabula,
1827 4677 1948 4732 qua:

364 4751 669 4820 pulvinaris
702 4751 821 4804 loco
859 4750 1058 4819 insigni
1093 4753 1264 4820 figura
1302 4751 1502 4805 collum
1532 4752 1655 4820 ejus
1705 4753 1944 4815 subibat,

364 4851 419 4898 et
444 4845 713 4898 cervicem
750 4843 926 4912 ipsius
961 4845 1014 4895 in
1057 4859 1114 4897 se
1149 4843 1345 4898 decore
1387 4844 1703 4914 recipiebat.

2035 3187 2134 3266 τῆς
2175 3193 2269 3247 τοῦ
2319 3193 2601 3265 μέλλοντος
2640 3195 2972 3270 ὑποδραμὼν
3023 3196 3384 3268 διετάρασσεν
3408 3215 3423 3230 ο
3453 3198 3538 3262 ’ὡς
3564 3198 3617 3252 δὲ

2038 3289 2133 3342 καὶ
2170 3288 2288 3342 κατ’
2331 3288 2494 3342 αὑτὸν
2525 3291 2794 3359 ἐγενόμην
2823 3291 2913 3344 τὸν
2939 3291 3102 3346 τόπον
3123 3331 3139 3355 ,
3183 3293 3279 3346 καὶ
3309 3294 3620 3364 προκατήγ-

2038 3382 2236 3455 γε[ι]λε
2273 3386 2338 3453 τῇ
2383 3382 2699 3453 ἀδελφότητι
2733 3383 2828 3454 τὴν
2861 3384 3158 3455 παρουσίαν
3208 3387 3241 3455 ἠ
3299 3387 3474 3456 φήμη·
3508 3385 3624 3439 τότε

2041 3475 2326 3545 σύνταγμα
2357 3474 2466 3526 τῶν
2497 3474 2708 3544 ἀνδρῶν
2735 3475 2880 3529 ἅπαν
2909 3516 2923 3539 ,
2968 3479 3034 3529 ἐκ
3071 3476 3164 3530 τοῦ
3198 3477 3465 3546 ἀνδρῶνος
3493 3477 3628 3550 πρὸς

2040 3567 2186 3637 ἡμᾶς
2213 3565 2480 3637 προεχέθη
2509 3584 2522 3596 ·
2557 3565 2784 3636 σύνηθες
2819 3566 2927 3638 γάρ
2954 3567 3136 3631 αὐτοῖς
3161 3571 3330 3640 τιμᾷν
3359 3572 3425 3640 τῇ
3457 3571 3623 3624 ὑπαν-

2041 3659 2194 3727 τήσει
2242 3657 2367 3720 τοὺς
2397 3656 2785 3727 καταθυμίους.
2827 3657 2884 3707 ’0
2912 3657 2969 3710 δὲ
3001 3659 3058 3710 ἐν
3101 3659 3316 3726 γυναιξὶ
3348 3663 3450 3730 τῆς
3480 3678 3622 3732 παρ-

2043 3747 2222 3811 θενίας
2255 3749 2413 3819 χορὸς
2443 3747 2727 3818 εὐκόσμως
2760 3749 2900 3803 κατά
2923 3749 3021 3821 τὴν
3052 3750 3344 3820 ἐκκλησίαν
3372 3753 3472 3824 τὴν
3504 3753 3622 3805 εἶσ-

2043 3841 2159 3894 οδον
2185 3840 2341 3912 ἡμῶν
2378 3840 2661 3912 ἀνέμενεν.
2701 3842 2853 3894 Ἐπεὶ
2877 3842 2933 3895 δὲ
2969 3843 3122 3904 τέλος
3150 3839 3294 3913 εἶχεν
3337 3844 3370 3914 ἡ
3400 3845 3532 3914 εὐχή
3568 3862 3630 3898 τε

2044 3931 2139 3985 καὶ
2173 3932 2206 4002 ή
2231 3931 2470 3999 εὐλογία,
2501 3933 2599 3985 καὶ
2629 3933 2684 3985 αἱ
2719 3933 2815 4003 μὲν
2843 3933 2980 4003 μετά
3009 3934 3069 3986 τὸ
3097 3935 3354 4004 ὑποσχεῖν
3387 3938 3452 4007 τῇ
3481 3936 3632 3989 εὐλο-

2045 4023 2140 4096 γίᾳ
2172 4022 2268 4094 τὴν
2319 4023 2562 4094 κεφαλὴν
2611 4024 2966 4094 εὐσχημόνως
3020 4025 3441 4090 ἀναποδίζουσαι
3492 4026 3630 4096 πρὸς

2048 4113 2246 4176 ἑαυτάς
2265 4111 2593 4185 ἀνεχώρουν,
2618 4114 2943 4168 ὑπελείπετο
2966 4115 3022 4168 δὲ
3043 4116 3101 4183 ἐξ
3126 4115 3305 4169 αὐτῶν
3327 4117 3459 4187 πρὸς
3478 4118 3629 4187 ἡμᾶς

2047 4203 2291 4274 οὐδεμία·
2329 4203 2553 4267 εἰκάσας
2588 4204 2725 4274 ὅπερ
2759 4200 2848 4274 ἦν,
2887 4205 2960 4276 μὴ
2994 4207 3052 4258 ἐν
3093 4207 3324 4270 ἐκείναις
3360 4203 3497 4260 εἶναι
3524 4208 3628 4280 τὴν

2051 4295 2498 4367 καθηγουμένην,
2527 4297 2984 4366 προηγησαμένου
3024 4298 3168 4360 τινὸς
3199 4301 3284 4352 ἐπὶ
3321 4300 3408 4354 τὸν
3445 4295 3629 4369 οἷκον,

2051 4389 2108 4440 ἐν
2139 4381 2184 4455 ᾧ
2216 4383 2284 4457 ἦν
2319 4386 2401 4458 [ἡ]
2432 4387 2681 4457 Μεγάλη,
2725 4388 2819 4441 καὶ
2847 4388 2946 4458 τὴν
2977 4388 3148 4460 θύραν
3185 4390 3634 4460 διαπετάσαντος,

2049 4478 2199 4540 ἐντὸς
2237 4480 2336 4547 τῆς
2375 4479 2526 4549 ἱερᾶς
2553 4480 2768 4548 ἐκείνης
2801 4481 3069 4550 ἐγενόμην
3113 4482 3312 4552 μονῆς’
3349 4484 3382 4554 ἡ
3415 4484 3472 4536 δὲ
3505 4502 3637 4552 croco

2046 4566 2187 4638 δρῶς
2224 4567 2326 4637 ἤδη
2352 4571 2417 4638 τῇ
2447 4569 2729 4640 ἀρρωστίᾳ
2768 4569 3068 4639 κατείχετο·
3105 4572 3410 4628 ἀνεπαύετο
3446 4575 3502 4627 δὲ
3536 4575 3636 4630 οὐκ

2049 4660 2140 4713 ἐπὶ
2169 4659 2356 4729 κλίνης
2384 4661 2526 4724 τινὸς
2555 4661 2588 4732 ἢ
2622 4665 2908 4735 στρωμνῆς
2930 4703 2944 4726 ,
2970 4665 3084 4718 ἀλλ’
3123 4667 3216 4720 ἐπὶ
3252 4666 3348 4719 τοῦ
3383 4668 3633 4736 ἐδάφους,

2052 4749 2260 4812 σανίδος
2305 4751 2715 4820 ὑποτεταμένης
2751 4752 2828 4824 τῷ
2865 4753 3052 4826 σάκκῳ
3077 4797 3090 4820 ,
3131 4759 3222 4810 καὶ
3260 4759 3360 4828 τὴν
3397 4760 3637 4829 κεφαλὴν

2051 4843 2245 4913 ἑτέρας
2279 4841 2440 4894 πάλιν
2493 4842 2701 4906 σανίδος
2751 4844 3271 4920 ύπερειὸούσης,ἦς
3321 4851 3352 4919 ή
3408 4851 3638 4922 ἐργασία

363 4936 588 5008 τοιαύτη
635 4954 717 5000 τις
743 4932 817 5007 ’ἦν
841 4977 854 5000 ,
887 4937 961 5000 ὼς
1005 4935 1126 4990 ἀντὶ
1156 4935 1589 5006 προσκεφαλαίου
1630 4940 1696 5007 τῇ
1740 4938 1950 5009 κεφαλῇ
1989 4935 2264 5006 γίνεσθαι,
2300 4936 2355 4986 ἐν
2393 4933 2530 5004 λοξῷ
2602 4935 2682 5006 τῷ
2732 4937 2971 5008 σχήματι
3019 4941 3144 5004 τοὺς
3185 4941 3440 5007 τένοντας
3507 4945 3639 4998 ὐποο

367 5031 661 5094 ϐαίνουσα,
700 5033 793 5084 καὶ
825 5031 1176 5102 καταθυμίως
1209 5033 1478 5101 ἀνέχουσα
1510 5031 1595 5101 ἐφ’
1630 5032 1827 5102 ἑαυτῆς
1861 5033 1952 5086 τὸν
1990 5032 2211 5103 αὐχένα.

438 5123 574 5179 Cum
603 5123 771 5194 igitur
797 5123 1026 5179 vidisset
1055 5139 1139 5178 me
1169 5139 1335 5194 ιιι-ονε
1383 5122 1529 5178 fores
1559 5138 1700 5191 esse,
1741 5139 1864 5180 sese
1895 5124 1949 5178 iu

372 5216 622 5270 cubitum
653 5215 894 5284 erigens,
922 5229 1216 5270 accurrere
1253 5214 1342 5267 illa
1381 5214 1601 5284 quidem
1633 5231 1742 5269 non
1776 5215 1951 5286 potuit

376 5307 532 5365 (nam
561 5304 701 5360 febri
733 5305 1049 5362 defecerant
1078 5305 1283 5371 vires),
1317 5306 1412 5362 sed
1456 5313 1636 5360 tamen
1687 5307 1806 5362 solo
1840 5320 1956 5360 ma-

2133 5122 2286 5176 Ἐπεὶ⁸
2333 5117 2428 5176 οὖν
2454 5117 2594 5175 εἶδεν
2636 5124 2803 5192 ἐγγὺς
2845 5123 2955 5178 τῶν
2997 5123 3179 5196 θυρῶν
3218 5142 3286 5196 με
3326 5127 3639 5198 γενόμενον.

2050 5211 2339 5284 ὀρθώσασα
2394 5212 2592 5283 ἑαυτὴν
2646 5215 2734 5266 ἐπ’
2781 5213 3064 5282 ἀγκῶνος,
3115 5215 3488 5287 προσδραμεῖν
3543 5217 3639 5286 οὐχ

2053 5306 2140 5360 οἶα
2164 5305 2210 5358 τ’
2237 5299 2326 5375 ἦν,
2361 5305 2418 5357 ἐν
2458 5304 2535 5374 τῷ
2576 5304 2796 5377 πυρετῷ
2841 5307 2942 5376 ήδη
2987 5306 3086 5376 τῆς
3138 5307 3320 5377 ἰσχύος
3359 5307 3642 5362 ύπολυθεί-

374 5412 504 5449 nmn
558 5395 806 5466 aﬂigens.
871 5411 1039 5465 seque
1077 5404 1343 5465 quantum
1391 5403 1608 5463 poterat
1649 5411 1714 5450 ex
1759 5395 1930 5450 humil

2059 5415 2178 5469 σης’
2224 5395 2441 5468 πήξασα
2469 5397 2526 5450 δὲ
2568 5399 2660 5450 ἐπὶ
2692 5397 2787 5452 τοῦ
2810 5399 3039 5469 ἐδάφους
3069 5399 3170 5463 τάς
3197 5403 3407 5472 χεῖρας,
3434 5401 3528 5454 καὶ⁹
3554 5400 3638 5468 ἐφ’

335 5485 580 5550 ,lectulo
637 5502 987 5556 promovens,
1047 5488 1310 5542 honorem
1365 5488 1576 5554 habuit,
1627 5504 1788 5558 quem
1826 5489 1933 5544 mih

2058 5489 2184 5543 ὅσον
2212 5482 2323 5540 οἷόν
2364 5506 2422 5542 τε
2458 5484 2546 5560 ἦν,
2579 5489 2684 5555 ἔξω
2729 5489 2928 5560 ἑαυτὴν
2960 5489 3055 5544 τοῦ
3084 5492 3380 5562 χαμευνίω
3423 5491 3639 5563 προτεί-

378 5571 606 5628 obriaus
646 5585 908 5644 praestare
938 5586 1278 5648 nonpotcrat
1327 5596 1340 5630 :

1393 5577 1487 5632 sed
1518 5593 1618 5648 ego
1659 5593 1960 5636 accurrens

390 5663 742 5736 manibusque
773 5670 1081 5740 suscipiens
1115 5671 1260 5724 humi
1306 5669 1578 5739 dejectam
1610 5670 1862 5735 excitavi,
1905 5680 1958 5725 et

2067 5596 2223 5643 νασα,
2271 5579 2369 5650 τὴν
2410 5580 2508 5651 τῆς
2551 5581 2905 5652 ύπαντήσεως
2942 5583 3178 5654 ἐπλήρου
3228 5585 3427 5654 τιμήν’
3489 5580 3636 5651 κάγὼ

2069 5670 2468 5743 προσδραμὼν,
2515 5673 2608 5727 καὶ
2651 5675 2768 5736 ταῖς
2806 5675 2992 5744 χερσὶν
3046 5675 3330 5731 ὑποϐαλὼν
3379 5672 3632 5746 χαμαὶιὴ
