4002 6206
400 357 501 416 977

1638 353 1726 408 DE
1760 353 1920 409 νιτΑ
1962 355 2018 411 S.
2059 353 2410 412 MACRlN/E.

3540 361 3656 418 978

395 469 687 542 πρόσωπον
722 467 1060 538 κεκλιμένον,
1116 465 1418 538 ἀνώρθωσά
1471 484 1528 520 τε
1569 467 1738 540 αὐτὴν
1792 469 2011 532 πάλιν,,

2119 471 2247 525 ubili
2285 470 2448 526 solito
2508 471 2742 526 restitui.
2782 470 2879 526 llic
2921 472 3014 526 illa
3070 473 3328 528 manibus
3380 475 3448 530 ad
3481 473 3650 530 Deum

389 562 485 616 καὶ
507 561 768 616 ἀπέδωκα
795 560 875 630 τῷ
911 559 1131 630 συνήθει
1169 560 1267 631 τῆς
1293 558 1670 624 κατακλίσεως
1712 563 1973 632 σχήματι.

400 652 466 705 Ἦ
492 652 549 704 δὲ
595 650 924 722 προτείνασα
960 649 1038 721 τῷ
1069 649 1187 720 Θεῷ
1211 649 1310 719 τὴν
1342 651 1519 720 χεῖρα,
1563 667 1582 700 ι
1621 649 1730 704 Καὶ
1772 650 1976 722 ταύτην

399 741 726 813 ἐπλήρωσάς
781 757 871 811 μοι
895 781 908 802 ,
950 759 970 792 ι
1022 739 1176 809 φησὶ,
1216 757 1234 790 ι
1271 737 1366 810 τὴν
1411 738 1592 810 χάριν,
1635 741 1663 792 6
1693 739 1851 804 Θεός·
1885 742 1978 794 καὶ

390 836 490 906 οὐχ
533 832 839 903 ὑστέρησάς
872 848 939 901 με
963 832 1027 884 ἐκ
1060 830 1160 900 τῆς
1212 830 1510 900 ἐπιθυμίας
1564 848 1668 901 μου
1689 849 1702 862 ·
1752 831 1833 885 ὅτι
1864 832 1977 886 ἐκί-

393 942 566 998 τησας
605 924 695 977 τὸν
727 923 818 976 σὸν
856 923 1075 992 οἰκέτην
1121 922 1203 986 εἰς
1239 921 1525 990 ἐπίσκεψιν
1557 924 1656 992 τῆς
1689 922 1979 992 παιδίσκης

401 1037 515 1075 σου.
558 1037 576 1071 ι
615 1018 724 1071 Καὶ
751 1017 827 1078 ὼς
869 1015 935 1070 ἃν
975 1015 1253 1087 μηδεμίαν
1290 1014 1559 1084 ἐπαγάγοι
1592 1017 1660 1086 τῇ
1694 1016 1798 1086 ἐμῇ
1832 1015 1977 1086 ψυχῇ

400 1109 716 1180 δυσθυμίαν,
746 1107 838 1160 τὸν
865 1093 1166 1177 στεναγμὸν
1187 1106 1548 1178 κατεπράϋνε,
1585 1105 1680 1159 καὶ
1723 1105 1822 1177 τὴν
1852 1123 1980 1159 συν-

399 1199 532 1269 οχὴν
581 1197 675 1250 τοῦ
723 1196 1000 1266 ἄσθματος
1058 1195 1322 1267 κρύπτειν
1388 1213 1506 1258 πως
1559 1193 1844 1258 ἐϐιάζετο·
1895 1195 1982 1249 διὰ

403 1291 628 1345 πάντων
649 1307 708 1343 τε
740 1289 876 1361 πρὸς
909 1287 970 1342 τὸ
1009 1286 1374 1359 εὐθυμότερον
1411 1287 1821 1359 μεθηρμόζετο,
1874 1289 1984 1341 τῶν

401 1380 770 1452 καταθυμίων..
796 1379 968 1448 λόγων
1003 1380 1138 1450 αὐτή
1172 1395 1231 1431 τε
1280 1378 1664 1450 κατάρχουσα,
1714 1380 1808 1433 καὶ
1853 1381 1986 1451 ἡμῖν

401 1472 503 1536 τὰς
535 1470 822 1542 ἀφορμὰς,
859 1471 927 1524 δι’
959 1463 1034 1524 ὧν
1065 1468 1286 1542 ἠρώτα,
1320 1468 1834 1542 παρασκευάζουσα.
1877 1472 1987 1541 Τῆς

403 1562 460 1615 δέ
496 1561 624 1632 περὶ
651 1561 742 1613 τοῦ
770 1559 1005 1630 μεγάλου
1037 1560 1318 1613 Βασιλείου
1353 1561 1571 1632 μνήμης
1601 1563 1667 1632 τῇ
1696 1561 1987 1631 ἀκολουθίᾳ

405 1649 499 1703 τοῦ
539 1650 698 1718 λόγου
739 1649 1232 1722 παρεμπεσούσης,
1287 1651 1410 1722 ἐμοὶ
1461 1651 1561 1722 μὲν
1605 1650 1984 1722 ἐπὼκλαζενή

403 1738 573 1810 ψυχὴ.
615 1740 709 1793 καὶ
750 1739 1079 1793 συνέπιπτεν
1108 1741 1166 1792 ἐν
1207 1740 1478 1812 κατηφείᾳ
1503 1741 1564 1793 τὸ
1605 1741 1916 1811 πρόσωπονο
1954 1743 1987 1813 ὴ

2077 562 2336 617 sublatis:
2367 581 2383 612 ι
2407 561 2678 627 σπεῦδε.»
2704 564 2930 634 inquit,r
2961 565 3197 636 tibiago,
3228 567 3456 624 Domine
3486 569 3652 632 Deus,

2078 651 2168 721 qui
2196 660 2248 706 et
2281 653 2382 706 hoc
2416 653 2548 706 mibi
2585 653 2818 723 largitus
2851 669 2931 716 es,
2963 668 3064 709 nec
3105 657 3250 725 quod
3285 659 3507 728 optabat
3536 661 3683 714 ani-2

2080 758 2199 797 mus
2256 759 2409 800 meus
2455 745 2505 799 ei
2566 746 2902 814 denegasti:
2960 748 3054 802 sed
3110 749 3378 817 impulisti
3437 765 3656 805 servum

2081 843 2257 898 tuum,
2288 845 2344 890 ut
2371 852 2456 891 me
2480 847 2628 892 tuam
2656 839 2911 892 ancillam
2938 839 3216 894 inviseret.
3241 858 3259 891 ι
3299 840 3376 894 Ac
3398 856 3465 894 ne
3494 857 3657 909 quam

2081 926 2265 978 animo
2309 927 2615 982 molestiam
2663 937 2999 998 aspergeret,
3045 931 3305 1000 gemitum
3358 931 3660 995 molliebat,

2081 1027 2133 1070 et
2164 1017 2347 1071 celare
2393 1018 2762 1074 difﬁcultatem
2819 1021 3065 1090 spirandi
3115 1023 3440 1084 conabatur,
3493 1037 3662 1091 seque

2082 1105 2150 1159 ad
2201 1106 2530 1163 hilaritatem
2588 1112 2737 1164 omni
2793 1113 3007 1165 ratione
3066 1113 3377 1174 revocabat,
3427 1111 3662 1181 jucundi

2085 1198 2357 1252 sermonis
2417 1208 2471 1254 et
2524 1201 2641 1270 ipsa
2673 1217 2928 1271 quaerens
2970 1205 3343 1266 occasionem,
3398 1212 3451 1258 ct
3497 1203 3661 1257 nobis

2087 1288 2611 1359 interrogationibus
2642 1293 2759 1349 suis
2788 1294 3070 1349 materiam
3099 1295 3368 1364 prwbens.
3401 1293 3508 1347 Sed
3536 1309 3662 1346 cum

2087 1381 2258 1436 series
2293 1381 2410 1451 ipsa
2444 1384 2715 1439 sermonis
2750 1400 2849 1438 nos
2881 1385 2946 1438 ad
2985 1387 3317 1440 mentionem
3363 1385 3432 1439 de
3459 1384 3666 1440 Basilio

2089 1472 2458 1540 perduxisset,
2507 1474 2640 1528 mihi
2685 1475 2903 1544 quidem
2949 1485 3258 1531 commotus
3297 1487 3381 1532 est
3424 1476 3664 1534 animus.

2088 1569 2141 1616 et
2174 1578 2286 1634 pra:
2329 1565 2593 1620 maestitia
2646 1569 2829 1622 vultus
2861 1569 3123 1633 concidit,
3172 1580 3224 1623 et
3261 1584 3325 1624 ex
3357 1569 3536 1623 oculis
3588 1568 3668 1620 la-

2091 1664 2292 1722 crymze
2318 1651 2649 1709 deﬂuebant.
2685 1656 2754 1710 At
2791 1657 2882 1709 illa
2916 1667 3124 1711 tantum
3158 1657 3352 1722 abfuit,
3388 1665 3446 1710 ιιι
3476 1656 3669 1712 eadem

2093 1743 2509 1812 perturbatione
2555 1747 2844 1802 nobiscum
2893 1749 3246 1818 dejiceretnr,
3284 1759 3342 1802 ut
3380 1764 3444 1803 ex
3482 1747 3670 1802 Basilii

403 1832 468 1884 δὲι
504 1831 756 1885 τοσοῦτον
809 1833 1015 1902 ἀπέσχε
1057 1832 1135 1904 τῷ
1187 1833 1442 1905 ἡμετέρῳ
1488 1835 2008 1904 συνταπεινωθῆναι,

2119 1833 2380 1898 memoria,
2433 1835 2773 1891 sublimioris
2819 1838 3178 1908 phil050phiae'
3213 1838 3497 1892 materiam
3531 1837 3672 1890 arri-

408 1921 601 1986 πάθει..
628 1923 771 1976 ὥστε
799 1924 1054 1994 ἀφορμὴν
1089 1926 1434 1996 ποιησαμένη
1470 1927 1809 1997 ὑψηλοτέρας
1838 1927 1990 1996 φιλο-

411 2012 604 2082 σοφίας
632 2012 731 2085 τὴν
761 2031 824 2066 πε
836 2015 887 2085 ρ).
921 2014 1013 2067 τοῦ
1055 2014 1238 2084 Ἀγίου
1283 2017 1525 2088 μνήμην,
1555 2017 1828 2081 τοιούτους
1851 2018 1993 2083 διεξ-

2092 1922 2272 1993 piens,
2332 1939 2396 1979 ea
2451 1925 2770 1995 disputarit,
2826 1944 3007 1982 rerum
3059 1925 3424 1981 humanarum
3472 1941 3676 1981 causas

2091 2014 2410 2082 exquirens,
2465 2026 2518 2070 et
2559 2017 2839 2070 occultam
2895 2022 2946 2071 in
2984 2017 3152 2072 rebus
3198 2016 3442 2071 adversis
3494 2014 3677 2084 provi-

409 2104 541 2174 ἦλθε
577 2105 768 2174 λόγους
802 2106 1197 2176 φυσιολογοῦσά
1217 2124 1276 2160 τε
1302 2107 1363 2161 τὸ
1394 2106 1752 2179 ἀνθρώπινον,
1782 2110 1876 2162 καὶ
1897 2109 1995 2181 τὴν

2119 2105 2334 2160 lentiam
2368 2105 2462 2161 Dei
2503 2108 2738 2162 dicendo
2764 2109 3040 2179 aperiens,
3069 2118 3122 2164 et
3150 2125 3273 2180 qua:
3305 2110 3583 2180 pertinent
3609 2107 3679 2161 ad

411 2196 562 2252 θείαν
602 2199 911 2269 οἰκονομίαν
959 2198 1056 2271 τήν
1088 2199 1177 2253 διὰ
1215 2199 1324 2253 τῶν
1374 2199 1717 2271 σκυθρωπῶν
1753 2217 1997 2272 κεκρυμ-

2119 2198 2265 2251 Vitam
2292 2198 2536 2252 futuram
2570 2209 2830 2270 tanquam
2865 2201 3052 2254 divino
3081 2203 3278 2271 spirittt
3324 2200 3523 2262 amata,
3553 2215 3680 2268 per-

413 2287 584 2359 μένην
612 2289 690 2358 τῷ
721 2289 867 2359 λόγῳ
905 2287 1350 2343 διακαλύπτουσα
1371 2306 1384 2321 ο
1411 2288 1479 2342 τά
1499 2305 1560 2340 τε
1587 2288 1714 2359 περὶ
1742 2287 1842 2357 τῆς
1869 2287 1995 2357 μελ-

410 2376 614 2450 λούσης
635 2378 797 2450 ζωῆς.
833 2381 1085 2453 καθάπερ
1121 2381 1519 2452 θεοφορουμένη
1553 2379 1632 2449 τῷ
1661 2379 1800 2449 άγίῳ
1829 2378 1997 2432 Πνεύ-

417 2487 573 2540 ματι,
620 2471 920 2538 διεξιοῦσα*
971 2472 1112 2526 ὥστε
1159 2489 1248 2533 μοι
1296 2471 1393 2542 τὴν
1430 2470 1607 2540 ψυχὴν
1646 2470 1750 2536 ἔξω
1798 2469 1996 2541 μικροῦ

2099 2304 2353 2351 currens,
2394 2299 2453 2344 ut
2480 2292 2701 2345 animus
2743 2307 2897 2344 mens
2926 2291 3088 2345 dit-tis
3137 2293 3281 2345 illius
3313 2292 3589 2345 excitatus
3630 2299 3684 2342 ct

2099 2381 2221 2450 ejus
2244 2383 2496 2437 oratione
2528 2385 2582 2437 in
2610 2385 2930 2438 caelestibus
2957 2383 3136 2454 adytis
3159 2385 3498 2438 constitutus
3526 2389 3682 2436 extra

2102 2482 2355 2528 naturam
2393 2476 2634 2532 hominis
2663 2477 2873 2546 positus
2902 2492 3026 2531 esse
3057 2477 3351 2531 videretur.

415 2563 528 2619 δεῖν
599 2564 698 2636 τῆς
778 2562 1122 2634 ἀνθρωπίνης
1188 2561 1401 2630 φύσεως
1443 2555 1582 2614 εἶναι
1607 2561 1780 2614 δοκεῖν
1835 2565 2262 2635 συνεπαρθεῖσαν
2326 2571 2435 2632 τοῖς
2481 2570 2824 2640 λεγομένοις,
2885 2568 2978 2621 καί
3028 2569 3178 2632 ἐντὸς
3259 2569 3367 2623 τῶν
3418 2564 3685 2637 οὐρανίων

416 2658 622 2713 ἀδύτων
646 2660 713 2728 τῇ
743 2655 1081 2727 χειραγωγίᾳ
1115 2655 1207 2709 τοῦ
1235 2656 1394 2724 λόγου
1431 2655 1856 2726 καθισταμένην.

491 2751 600 2804 Kal
622 2750 812 2820 ὥσπερ
857 2750 949 2804 ἐπὶ
996 2749 1095 2820 τῆς
1139 2747 1234 2801 τοῦ
1275 2747 1392 2801 Ἰὼϐ
1431 2747 1669 2819 ἱστορίας
1708 2748 1998 2819 ἀκούομεν,

421 2841 500 2894 ὅτι
536 2839 873 2909 πανταχόθεν
916 2841 982 2911 τῇ
1018 2839 1268 2908 σηπεδόνι
1295 2838 1403 2891 τῶν
1441 2839 1769 2909 τραυμάτων
1798 2839 1903 2909 ὅλῳ
1927 2837 2003 2909 τῷ

423 2933 638 3003 σώματι
668 2933 733 2986 δι’
766 2931 976 3002 ἰχώρων
1000 2933 1026 2985 6
1057 2931 1195 3003 ἀνὴρ
1236 2931 1653 3001 συντηκόμενος,
1684 2932 1743 2985 οὐ
1777 2933 1912 3003 πρὸς
1946 2931 2006 2984 :6

424 3025 657 3094 ἀλγύνον
677 3023 775 3094 τὴν
809 3023 1060 3095 αἴσθησιν
1085 3025 1198 3086 τοῖς
1219 3021 1500 3092 λογισμοῖς
1533 3021 1864 3085 ἐπεκλίνετο,
1890 3021 2004 3075 ἀλλ’

427 3119 486 3170 ἐν
513 3116 610 3186 μέν
636 3114 713 3185 τῷ
749 3113 984 3185 σώματι,
1017 3114 1080 3167 τὸ
1114 3112 1311 3182 ἀλγοῦν
1350 3108 1528 3182 εἶχεν·
1580 3114 1608 3166 ὁ
1639 3111 1695 3165 δὲ
1727 3111 1864 3183 πρὸς
1908 3110 2008 3182 τὴν

2183 2749 2260 2801 Ac
2294 2750 2756 2820 quemadmodum
2788 2749 2910 2814 Joh,
2946 2758 3005 2803 ut
3037 2748 3091 2802 in
3141 2747 3260 2817 ejus
3293 2747 3521 2803 historia
3554 2749 3688 2820 legi-

2111 2856 2254 2902 mus,
2319 2843 2572 2912 quamvis
2631 2851 2802 2896 totum
2841 2857 3078 2910 corpus,
3114 2841 3396 2896 ulceribus
3447 2842 3693 2911 undique

2112 2935 2582 3002 putrescentibus,
2631 2935 2787 2989 sanie
2847 2933 3285 2995 contabesceret,
3343 2946 3567 2985 sensum
3623 2931 3693 2984 ad

2111 3026 2358 3082 dolorem
2391 3027 2777 3081 ratiocinando
2806 3042 2914 3081 non
2945 3025 3271 3081 demittebat
3299 3039 3313 3077 :
3342 3023 3437 3077 sed
3465 3037 3698 3092 corpore

2114 3121 2335 3191 quidem
2360 3119 2633 3175 sentiebat
2657 3119 2924 3184 dolorem,
2959 3117 3142 3171 animo
3171 3129 3300 3168 vero
3327 3114 3392 3167 ad
3415 3115 3708 3183 propriam

433 3208 570 3261 ἰδίαν
604 3207 880 3276 ἐνέργειαν
935 3207 1034 3259 οὐκ
1083 3203 1419 3276 ⁴ίγμόλύνετο,
1453 3204 1573 3258 οὐδὲ
1610 3203 1863 3258 διέκοπτε
1919 3204 2011 3258 τὸν

2119 3213 2388 3267 actionem
2442 3211 2614 3265 nihilo
2659 3209 2837 3264 factus
2870 3217 2982 3264 erat
3031 3206 3397 3272 imbecillior;
3435 3220 3537 3259 nec
3574 3220 3702 3264 sere

430 3300 591 3369 λόγον
622 3302 732 3363 τοῖς
760 3297 1114 3370 ὑψηλοτέροις
1139 3297 1538 3368 ἐμϐατεύοντα·
1569 3297 1806 3350 τοιοῦτόν
1832 3314 1885 3350 τι
1921 3297 2011 3351 καὶ

2119 3317 2333 3357 monem
2361 3301 2650 3355 altioribus
2682 3299 2749 3354 de
2781 3299 2946 3353 rebus
2993 3297 3303 3351 institutum
3334 3295 3702 3363 interrumpe-

433 3392 531 3445 ἐπὶ
562 3392 664 3460 τῆς
695 3391 936 3462 μεγάλης
967 3390 1154 3461 ἐώρων
1178 3389 1412 3461 ἐκείνης,
1446 3385 1540 3442 τοῦ
1569 3388 1806 3460 πυρετοῦ
1838 3389 2011 3442 πᾶσαν

2120 3395 2249 3448 bat:
2304 3392 2385 3447 sic
2443 3393 2495 3446 in
2552 3406 2751 3461 magna
2803 3391 2896 3444 illa
2925 3388 3265 3444 cernebam:
3320 3386 3524 3442 etenim
3579 3385 3706 3442 licet

434 3483 538 3554 τὴν
579 3482 810 3553 δύναμιν
857 3482 1026 3552 αὐτῆς
1081 3480 1557 3552 καταφρύγοντος,
1621 3481 1717 3533 καὶ
1767 3479 1905 3550 πρὸς
1929 3478 2011 3531 τὸν

2122 3485 2292 3540 febris
2326 3498 2486 3539 omne
2536 3484 2707 3537 robur
2754 3481 2932 3552 ipsius
2977 3479 3339 3542 exsiccasset,
3395 3483 3451 3531 et
3500 3491 3703 3546 corpus

439 3573 668 3627 θάνατον
696 3572 1130 3638 συνελαύνοντος,
1163 3571 1416 3642 καθάπερ
1437 3570 1611 3642 δρόσῳ
1640 3570 1748 3623 τινὶ
1771 3569 1832 3622 τὸ
1866 3569 2011 3638 σῶμα

2123 3578 2244 3646 ejus
2271 3583 2530 3643 tanquam
2567 3589 2692 3629 rore
2721 3570 2961 3644 quodam
2992 3567 3348 3638 frigefaciens
3377 3566 3444 3621 ad
3475 3574 3706 3621 mortem

442 3664 645 3733 ἑαυτῆς
683 3663 1064 3734 ἀναψύχουσα,
1109 3661 1280 3728 οὑτως
1314 3661 1753 3737 ἀπαραπόδιστον
1790 3659 1934 3732 εἶχεν
1968 3662 2011 3714 ἐι

2125 3663 2501 3733 compelleret,
2534 3667 2772 3715 mentem
2801 3667 2983 3714 tamen
3008 3656 3344 3727 expeditam,
3373 3666 3428 3711 et
3450 3666 3709 3725 tanquam

444 3757 512 3827 τῇ
538 3756 667 3826 περὶ
700 3755 807 3809 τῶν
832 3754 1053 3828 ὑψηλῶν
1086 3754 1288 3827 θεωρίᾳ
1315 3753 1406 3808 τὸν
1435 3752 1580 3820 νοῦν,
1611 3753 1762 3806 οὐδὲν
1799 3752 1904 3806 ὑπὸ
1929 3752 2011 3822 τῆς

2129 3755 2323 3810 morbo
2347 3755 2594 3818 illaasam,
2619 3751 2675 3807 in
2699 3766 2885 3807 rerum
2901 3749 3228 3806 sublimium
3252 3747 3714 3817 contemplatione

445 3848 717 3918 τοσαύτης
763 3847 1076 3917 ἀρρωστίας
1122 3845 1668 3918 παραϐλαπτόμενον.
1717 3845 1825 3897 Καὶ
1871 3845 1918 3896 εἰ
1955 3841 2011 3912 μὶ

2131 3845 2430 3902 detinebat.
2461 3843 2617 3911 Quod
2645 3843 2750 3899 nisi
2779 3857 3021 3906 vererer,
3043 3856 3112 3896 ne
3143 3841 3200 3896 in
3231 3841 3560 3895 immensum
3586 3853 3714 3892 ονο-

447 3940 588 4011 πρὸς
633 3939 857 4012 ἄπειρον
890 3938 1184 4006 ἐξετείνετο
1235 3939 1408 4010 μῆκος
1446 3940 1479 4009 ἡ
1512 3937 1820 4009 συγγραφὴ,
1855 3935 2011 3990 πάντι

2132 3940 2210 3994 tio
2231 3938 2668 4009 protraheretur,
2694 3935 2888 3991 ordine
2911 3941 3111 3990 cuncta
3138 3942 3466 4003 persecutus
3491 3947 3667 3986 essen
3694 3946 3706 3980 :

448 4031 516 4085 ἂν
543 4029 776 4102 καθεξῆς
801 4030 1149 4102 διηγησάμην
1168 4046 1182 4061 ο
1211 4031 1357 4093 ὅπως
1380 4030 1594 4101 ἐπήρθη
1629 4027 1707 4099 τῷ
1736 4029 1878 4099 λόγῳ
1907 4045 2011 4098 περ

2135 4029 2412 4102 quomodo
2455 4028 2688 4084 dicendo
2743 4033 3000 4097 provecta
3047 4026 3144 4089 sit,
3182 4033 3242 4078 ut
3279 4032 3333 4078 et
3367 4023 3434 4078 de
3480 4021 3716 4076 hominis

449 4140 511 4176 τε
538 4125 640 4193 τῆς
666 4123 841 4194 ψυχῆς
869 4125 902 4194 ἡ
912 4126 1001 4193 μίν
1022 4121 1387 4192 φιλοσοφοῦσα
1405 4162 1420 4187 ,
1453 4123 1547 4174 καὶ
1579 4122 1676 4191 τῆς
1711 4121 1799 4174 διὰ
1834 4118 2011 4191 σαρκο

2136 4124 2322 4179 animo
2354 4123 2681 4192 disputaret,
2717 4120 3095 4187 rationemque
3124 4118 3249 4170 vitae
3275 4117 3441 4184 hujus
3465 4115 3521 4168 in
3547 4128 3715 4167 carne

453 4214 601 4284 ζωῆς
623 4213 721 4285 τὴν
749 4215 926 4268 αἰτίαν
958 4213 1231 4278 διεξιοῦσα
1252 4229 1264 4242 °
1302 4214 1396 4267 καὶ
1425 4215 1549 4266 ὅτου
1578 4212 1738 4283 χάριν
1770 4212 1802 4263 6
1829 4210 2038 4280 ἄνθρω-

2139 4223 2508 4288 percurreret,
2549 4221 2604 4270 et
2632 4227 2794 4283 quem
2822 4211 2889 4265 ad
2925 4210 3085 4265 ﬁnem
3123 4209 3312 4272 homo,
3342 4216 3397 4262 et
3438 4205 3717 4276 quomodo

456 4322 556 4368 πος
577 4345 591 4368 ,
627 4306 721 4359 καὶ
757 4306 905 4369 ὅπως
946 4305 1138 4378 θνητός
1160 4322 1174 4336 ο
1201 4306 1294 4360 καὶ
1317 4305 1438 4359 ὃθεν
1462 4305 1490 4358 6
1514 4305 1743 4368 θάνατος
1765 4319 1778 4333 ·
1820 4301 1915 4356 καὶ
1955 4301 2008 4354 τί

2140 4307 2392 4364 mortalis
2415 4314 2470 4362 et
2499 4321 2608 4376 qua
2641 4305 2707 4360 de
2742 4317 2910 4359 causa
2950 4299 3301 4362 immortalis,
3345 4306 3400 4353 et
3430 4313 3553 4369 qua:
3592 4297 3720 4350 hinc

457 4399 492 4468 ὴ
527 4397 635 4450 ἀπὸ
659 4396 852 4450 τούτου
883 4397 1022 4469 πρὸς
1041 4397 1140 4468 τὴν
1165 4397 1311 4469 ζωὴν
1335 4397 1497 4452 πάλιν
1519 4395 1796 4458 ἀνάλυσις.
1841 4395 1929 4448 Ἐν
1960 4388 2011 4446 οἶ

2145 4394 2213 4449 ad
2247 4395 2472 4449 alteram
2527 4394 2697 4447 vitam
2768 4390 3057 4446 resolutio.
3096 4388 3227 4455 Quae
3267 4388 3484 4458 quidem
3537 4386 3727 4448 omnia

461 4493 897 4565 ἆπασιν,ῶσπερ
929 4493 1331 4564 ἐμπνευσθεῖσα
1376 4494 1442 4563 τῇ
1482 4491 1707 4562 δυνάμει
1749 4488 1844 4542 τοῦ
1887 4488 2010 4556 ἀγίο

2119 4494 2409 4558 tanquam
2447 4486 2498 4540 vi
2543 4485 2774 4556 spiritus
2814 4491 2989 4551 rapta,
3035 4481 3310 4550 sapienter
3357 4478 3724 4546 distincteque

460 4586 603 4642 Πνεύ
613 4605 777 4658 ματος
802 4589 976 4640 πάντα
995 4585 1192 4656 διεξῄει
1216 4584 1402 4654 σαφῶς
1423 4601 1481 4636 τε
1505 4583 1600 4636 καὶ
1625 4580 1951 4644 ἀκολούθως,
1981 4580 2040 4636 ὲν

463 4680 688 4749 εὐκολίᾳ.
720 4680 869 4751 πάσῃ
897 4678 992 4731 τοῦ
1027 4677 1186 4745 λόγου
1223 4677 1437 4747 ῥέοντος
1465 4673 1717 4744 καθάπερ
1764 4673 1829 4725 ἐκ
1857 4671 2041 4741 πηγῆς

466 4786 633 4833 τινος,
669 4769 763 4822 καὶ¹
791 4767 1244 4839 ἀπαραποδίστως
1267 4765 1403 4837 πρὸς
1430 4764 1490 4817 τὸ
1512 4762 1716 4834 πρανὲς
1743 4761 2044 4833 φερομένου

468 4860 563 4914 τοῦ
587 4859 795 4924 ὑδατός.
1322 4858 1328 4863 ’

554 4953 709 5006 Ἐπεὶ
729 4952 787 5006 δὲ
815 4949 1196 5021 συνεπεράσθη
1229 4947 1478 5017 ὁλόγος,ι
1511 4947 1652 5017 Ὦρα
1681 4962 1784 5010 σοι,
1820 4963 1838 4997 ι
1865 4944 2050 5013 φησὶν,

477 5063 497 5096 ι
523 5044 740 5112 ἀδελφὴ
771 5041 952 5112 πολλῷ
975 5043 1054 5113 τῷ
1074 5041 1226 5110 κόπῳ
1257 5041 1354 5112 τῆς
1368 5038 1672 5109 ὁδοιπορίας
1699 5035 2052 5106 πεπονηκότι,

475 5133 649 5204 βραχύ
669 5150 723 5186 τι
751 5130 1110 5185 διαναπαῦσαι
1138 5128 1200 5183 τὸ
1223 5129 1400 5200 σῶμα.
1433 5147 1450 5179 ι
1479 5127 1656 5197 Κάμοὶ
1701 5124 1913 5194 μεγάλη
1957 5123 2056 5194 μὲν

474 5225 572 5280 καὶ
597 5223 801 5296 ἀληθὴς
833 5225 1016 5287 ἄνεσις
1036 5218 1104 5294 ἦν
1129 5223 1188 5276 τὸ
1222 5222 1495 5292 προσορᾷν
1535 5236 1592 5272 τε
1633 5217 1803 5289 αὐτὴν
1829 5217 1924 5269 καὶ
1948 5215 2057 5268 τῶν

480 5315 735 5388 μεγάλων
786 5313 1163 5386 ἐπακροᾶσθαι
1208 5313 1381 5380 λόγων
1402 5329 1414 5344 ·
1466 5311 1588 5364 ἐπεὶ
1620 5309 1676 5362 δέ
1710 5309 1865 5362 τοῦτο
1893 5325 2056 5378 κεχα-

481 5405 735 5478 ρισμένον
779 5401 850 5476 ἦν
888 5406 982 5459 καὶ
1037 5405 1188 5472 φίλον
1235 5405 1370 5474 αὐτῇ
1396 5445 1409 5466 ,
1465 5403 1538 5464 ὡς
1591 5402 1657 5454 ἂν
1702 5401 1789 5454 διά
1843 5401 2058 5454 πάντων

479 5497 764 5550 πείθεσθαι
796 5501 862 5569 τῇ
889 5497 1190 5566 διδασκάλῳ
1214 5495 1448 5566 δοκοίην,
1484 5496 1538 5547 ἓν
1583 5512 1685 5547 τινι
1733 5492 1842 5545 τῶν
1883 5509 2060 5561 παρα-

483 5588 753 5658 κειμένων
781 5589 996 5659 κηπίων
1041 5588 1336 5660 χαρίεσσάν
1387 5605 1505 5640 τινα
1549 5584 1875 5655 καταγωγὴν
1917 5599 2060 5652 παρο

480 5678 895 5749 εσκευασμένην
927 5677 1134 5750 εὑρὼν,
1183 5679 1288 5731 ὑπὸ
1342 5677 1449 5748 τὴν·
1493 5678 1600 5730 τῶν
1659 5672 2061 5745 ἀναδενδράδων

488 5770 651 5827 σκιὰν
679 5771 1056 5842 ἀνεπαυόμηνο
1089 5771 1200 5824 ἀλλ’
1232 5771 1332 5824 οὐκ
1359 5765 1421 5844 ἦν
1448 5769 1671 5824 δυνατὸν
1703 5765 1810 5822 τῶν
1839 5765 2064 5836 εὐφραι-

2150 4578 2472 4642 declaravit,
2502 4579 2756 4633 oratione
2787 4576 2962 4647 ipsius
3003 4574 3159 4628 facile
3193 4581 3452 4642 tanquam
3485 4584 3623 4639 aqua
3659 4586 3742 4623 ex.

2151 4671 2338 4741 aliquo
2363 4670 2516 4725 fonte
2555 4668 2825 4725 deﬂuente
2859 4674 2912 4722 et
2939 4667 3057 4723 sine
3086 4667 3196 4720 ullo
3221 4664 3612 4734 impedimento
3633 4677 3728 4738 pet:

2153 4779 2387 4835 pronum
2418 4763 2617 4818 delata.

2224 4941 2390 4995 Facto
2419 4949 2599 4994 autem
2619 4938 2837 4995 dicendi
2867 4938 2973 4994 line
3003 4956 3016 4992 :
3048 4957 3066 4989 ι
3092 4937 3332 5007 Tempus
3360 4945 3462 4999 est,
3481 4956 3498 4988 ι
3529 4935 3752 5014 inquit”

2158 5052 2176 5086 ι
2220 5033 2410 5095 frater,
2440 5040 2498 5084 ut
2545 5031 2826 5102 paulisper
2869 5029 3144 5100 quiescas,
3197 5035 3252 5082 et
3297 5041 3498 5096 corpus
3537 5015 3749 5102 eures,1

2153 5125 2358 5195 quippe
2405 5123 2498 5193 qui
2541 5124 2608 5176 de
2636 5122 2722 5176 via
2770 5123 2931 5191 longa
2989 5121 3166 5175 fessus
3210 5119 3308 5172 sis.
3335 5137 3352 5169 ι
3394 5118 3504 5185 Ego
3550 5124 3723 5172 autent

2153 5217 2407 5287 quamvis
2449 5216 2500 5268 in
2541 5215 2661 5283 ejus
2689 5221 2912 5282 aspectu
2936 5221 2987 5265 et
3020 5223 3293 5269 sermone,
3329 5215 3442 5260 tam
3475 5205 3734 5274 gravibus

2159 5308 2228 5363 de
2260 5308 2426 5362 rebus
2464 5307 2815 5360 vehementer
2865 5317 3100 5372 vereque
3127 5299 3602 5368 conquiescerem,
3651 5306 3736 5348 ta-

2162 5413 2285 5451 men
2314 5396 2572 5465 quoniam
2611 5396 2689 5449 sic
2713 5394 2762 5448 ei
2797 5400 3014 5464 gratum
3057 5400 3196 5456 erat,
3242 5407 3308 5444 tte
3338 5405 3444 5442 non
3473 5389 3525 5441 in
3557 5387 3739 5440 enmi-

2166 5486 2266 5541 bus
2298 5487 2572 5556 magistra:
2603 5499 2870 5554 parerent,
2913 5482 2967 5534 in
3017 5482 3192 5535 hortis
3219 5479 3486 5549 proximis
3519 5484 3736 5547 gratum

2165 5577 2437 5647 quoddam
2463 5575 2832 5630 diversorium
2864 5581 3083 5635 nactus,
3116 5571 3217 5626 sub
3241 5571 3590 5624 arbustorum
3622 5584 3743 5621 um-

2170 5667 2269 5723 bra
2303 5666 2679 5738 quiescebam,
2745 5663 2839 5720 sed
2888 5663 3093 5724 nullam
3145 5677 3214 5717 ex
3265 5660 3432 5716 rebus
3481 5657 3745 5728 iucundis

2172 5766 2419 5832 poteram
2482 5756 2901 5814 oblectationem
2967 5755 3270 5824 percipere,
3333 5765 3456 5805 cum
3527 5747 3744 5801 animus

3741 5031 3758 5160 ἰ
