4002 6206
350 314 457 374 979

1607 316 1665 376 S.
1705 313 2031 372 GREGORII
2064 313 2349 370 NYSSENI

3505 315 3612 374 εεο

351 433 501 490 intus
522 451 705 489 rerum
721 436 964 491 tristium
985 437 1400 506 exspectatione
1418 442 1778 506 premeretur.
1794 432 1923 489 Nam

2031 432 2233 485 νόντων
2260 431 2360 502 τὴν
2397 429 2648 499 αἴσθησιν
2700 406 2870 501 ἔχειν,
2923 428 3021 499 τῆς
3072 420 3254 500 ψυχῆς
3280 427 3496 484 ἔνδοθεν
3538 435 3608 504 τῇ

350 542 541 581 eorum
587 543 710 597 qua:
758 545 854 599 per
899 531 1134 600 quietem
1187 544 1509 600 aspexeram
1579 529 1811 598 aenigma
1856 542 1921 582 ex

350 620 717 687 praasentibus
734 622 995 692 explicari
1021 622 1332 677 videbatur.
1363 622 1752 691 Spectaculum
1776 619 1924 675 enim

352 712 692 779 propositum
714 727 839 769 vere
866 713 1040 768 sancti
1060 713 1317 786 martyris
1342 712 1605 782 reliquias
1632 711 1922 775 referebat,

351 816 475 869 qua:
505 810 730 871 peccato
760 803 980 872 quidem
1031 811 1258 858 mortuae
1304 802 1647 856 inhabitants
1683 800 1923 870 Spiritus

270 917 282 931 ι
352 890 528 962 gratia
569 894 1035 964 Splendescerent.
1084 893 1151 948 Et
1181 893 1298 948 hinc
1340 892 1558 948 cuidam
1597 907 1786 947 eorum
1827 891 1923 962 qui

330 995 567 1036 ,mecum
633 991 790 1037 erant
855 982 1129 1052 exposui:
1184 997 1308 1041 cum
1365 989 1546 1035 autem
1598 979 1925 1036 demissiore

353 1067 537 1125 animo
564 1069 744 1126 trlstia
773 1081 1243 1142 exspectaremus,
1289 1059 1398 1126 illa.
1426 1071 1615 1126 nescio
1647 1068 1924 1140 quomodo

350 1163 711 1235 cogitationes
742 1171 965 1227 nostras
998 1164 1324 1235 conjiciens,
1384 1164 1536 1219 misit
1570 1164 1663 1234 qui
1714 1162 1923 1217 laetiora

350 1251 719 1320 denuntiaret,
740 1253 941 1324 jubens
970 1270 1072 1312 nos
1105 1255 1250 1310 bono
1282 1269 1405 1310 esse
1432 1255 1616 1309 animo
1650 1264 1704 1309 et
1731 1253 1924 1308 melio-

350 1359 466 1399 rem
495 1344 563 1402 de
595 1360 657 1402 se
683 1360 837 1417 spem
868 1347 1192 1417 concipere:
1226 1346 1465 1402 sensisse
1497 1345 1641 1401 enim
1672 1343 1921 1398 morbum

349 1435 407 1489 in
434 1436 629 1493 melius
657 1437 816 1492 verti.
850 1435 976 1493 Haec
997 1444 1180 1494 autem
1208 1452 1317 1492 non
1350 1436 1416 1491 ad
1445 1451 1544 1492 nos
1571 1434 1923 1507 decipiendos

348 1525 690 1593 dicebautur,
738 1528 833 1584 sed
880 1544 946 1583 ex
977 1543 1130 1595 vero,
1187 1528 1314 1584 licet
1344 1542 1412 1583 eo
1442 1535 1691 1596 tempore
1724 1539 1826 1579 nos
1868 1522 1921 1578 id

350 1620 730 1689 ignoraremus
758 1638 771 1675 :
804 1634 995 1675 revera
1024 1618 1171 1674 enim
1202 1628 1465 1690 tanquam
1495 1631 1694 1672 cursor
1721 1615 1922 1685 aliquis

348 1705 667 1763 adversario
697 1716 955 1779 superato
981 1708 1203 1779 jamjam
1233 1707 1397 1765 stadii
1425 1716 1623 1763 metam
1650 1708 1923 1778 attingens

348 1806 404 1851 et
435 1796 502 1853 ad
537 1801 822 1869 praemium
849 1803 1343 1872 .appropinquans,
1376 1802 1731 1872 victoriaeque
1759 1815 1919 1856 coro-
1951 1788 1994 1847 Β

351 1904 476 1943 nam
508 1889 805 1961 aspiciens,
858 1898 1123 1962 tanquam
1151 1893 1265 1946 voti
1289 1891 1403 1962 jam
1441 1905 1668 1961 compos
1698 1889 1926 1955 effectus

351 1978 442 2043 sit,
475 1978 717 2044 laetatur,
747 1980 965 2050 sibique
991 1987 1045 2035 et
1079 1980 1272 2035 amicis
1305 1981 1485 2035 laetum
1517 1979 1763 2052 victoria:
1791 1994 1928 2033 nun-

348 2070 486 2125 tium
539 2068 735 2126 affert:
776 2070 858 2126 sic
896 2071 988 2126 illa
1017 2086 1238 2143 quoque
1267 2069 1460 2126 affecta
1506 2071 1734 2128 meliora
1765 2071 1833 2127 de
1865 2088 1927 2128 se

345 2161 577 2232 jubebat
597 2176 820 2234 sperare
846 2181 859 2222 :
889 2162 1006 2234 iam
1037 2179 1290 2234 superna:
1309 2164 1617 2220 vocationis
1640 2166 1923 2235 praemium

350 2260 629 2322 spectans,
656 2268 721 2308 ac
748 2260 960 2308 tantum
1004 2268 1115 2309 non
1165 2253 1258 2310 illa
1284 2253 1533 2325 Apostoli
1563 2252 1726 2308 verba
1763 2254 1834 2309 de
1871 2270 1933 2311 se

348 2342 513 2396 etiam
547 2341 738 2397 dicens
763 2341 805 2407 ι,
848 2361 867 2393 ι
891 2341 966 2398 De
995 2342 1213 2413 reliquo
1260 2341 1505 2411 reposita
1548 2349 1634 2396 est
1668 2341 1801 2395 mihi
1836 2356 1929 2396 co-

348 2447 486 2487 rona
535 2431 768 2504 justitiae
818 2448 981 2504 quam
1023 2434 1213 2489 reddet
1267 2432 1401 2487 mihi
1453 2432 1640 2503 justus
1679 2430 1923 2499 Judex,»

348 2523 791 2595 quandoquidem
831 2543 848 2576 ι
873 2524 1074 2579 bonum
1117 2532 1396 2579 certamen
1431 2523 1660 2589 eertavi,
1713 2532 1768 2579 et
1799 2541 1927 2580 cur-

348 2631 470 2672 sum
496 2615 898 2680 consummavi,
922 2622 977 2671 et
1000 2614 1159 2670 fidem
1190 2615 1424 2670 servavi.
1450 2634 1468 2666 ι

2030 522 2138 577 τῶν
2186 520 2522 593 σκυθρωπῶν
2557 520 2734 575 ἐλπίδι
2776 519 3157 591 συνεχομένης.
3191 519 3316 574 Τῶν
3346 520 3457 592 γὰρ
3510 523 3593 574 ὲν-

2031 612 2238 666 υπνίων
2271 614 2304 680 ἡ
2331 611 2453 682 ὄψις
2482 611 2846 669 ἐκκαλύπτειν
2875 628 2964 683 μοι
2998 611 3087 665 διὰ
3112 611 3221 666 τῶν
3268 613 3612 684 φαινομένων

2030 702 2204 757 ἐδόκει
2232 702 2291 756 τὸ
2331 702 2578 772 αἴνιγμα.
2618 698 2727 757 Ἦν
2776 701 2885 774 γὰρ
2919 702 2996 767 ὠς
3047 703 3245 772 ἀληθὲς
3281 704 3341 758 τδ
3385 707 3611 777 προκεί-

2034 807 2187 865 μενοι
2236 793 2448 864 θέαμα,
2499 793 2775 865 μάρτυρος
2831 794 2988 861 ἁγίου
3034 793 3294 864 λείψανα,
3339 795 3375 850 ἃ
3405 798 3469 868 τῇ
3504 798 3607 868 μὲν

2031 886 2274 956 ἁμαρτίᾳ
2309 884 2660 956 ὲνενέκρωτο,
2685 888 2752 957 τῇ
2779 885 2836 940 δὲ
2865 885 3153 957 ὲνοικούσῃ
3172 886 3265 940 τοῦ
3291 887 3607 958 Πνεύματος

2029 976 2213 1048 χάριτι
2243 975 2640 1047 κατελάμπετο.
2684 976 2795 1031 Καὶ
2827 976 3001 1030 ταῦτα
3030 978 3168 1050 πρός
3206 996 3330 1033 τινα
3376 980 3607 1051 διεξῄειν

2027 1068 2137 1122 τῶν
2172 1067 2593 1138 προακηκοότων
2634 1084 2734 1138 μου
2779 1068 2840 1122 τὸ
2879 1067 3162 1123 ἐνύπνιον·
3199 1069 3608 1142 κατηφέστερον

2028 1159 2082 1213 δὲ
2103 1157 2245 1212 κατὰ
2273 1157 2336 1212 τὸ
2372 1158 2519 1221 εἰκὸς
2546 1157 2705 1228 ἡμῶν
2745 1160 2802 1212 ἐν
2846 1161 2914 1230 τῇ
2949 1159 3248 1232 προσδοκίᾳ
3290 1160 3402 1213 τῶν
3436 1160 3608 1233 λυπη-

2031 1248 2141 1320 ρῶν
2187 1247 2563 1319 διακειμένων,
2610 1249 2713 1304 οὐκ
2756 1245 2854 1304 οἶδ’
2904 1251 3052 1314 ὅπως
3089 1251 3470 1323 στοχασαμένη
3507 1253 3606 1323 τῆς

2028 1341 2087 1394 ὲν
2132 1342 2264 1411 ἡμῖν
2304 1341 2561 1407 διανοίας,
2610 1341 2871 1410 ἀγγελίαν
2913 1342 3036 1396 τινὰ
3077 1342 3188 1396 τῶν
3224 1343 3605 1415 εὐθυμοτέρων

2029 1432 2166 1503 πρὸς
2201 1434 2349 1503 ἡμᾶς
2386 1432 2832 1505 διαπεμψαμένη,
2868 1432 3090 1505 θαρρεῖν
3120 1434 3482 1498 ἐνεκελεύετο,
3508 1436 3605 1497 καὶ

2028 1522 2129 1586 τὰς
2159 1522 2417 1592 ἀμείνους
2461 1522 2602 1595 ὑπὲρ
2643 1523 2813 1593 αὐτῆς
2858 1522 3003 1593 ἔχειν
3032 1522 3283 1587 ἐλπίδας·
3336 1523 3605 1595 έπῄσθετο

2028 1615 2137 1686 γὰρ
2166 1615 2266 1684 τῆς
2306 1614 2442 1686 πρὸς
2479 1614 2539 1668 τὸ
2565 1617 2809 1686 κρεῖττον
2840 1617 3032 1687 ῥοπῆς.
3069 1614 3254 1670 Ταῦτα
3290 1616 3349 1669 δὲ
3376 1617 3439 1669 οὐ
3465 1616 3605 1687 πρὸς

2030 1707 2245 1778 ἀπάτην
2274 1707 2518 1775 ἐλέγετο,
2560 1707 2674 1760 ἀλλ’
2706 1705 2766 1771 ἐξ
2799 1706 2967 1777 αὐτῆς
2995 1707 3096 1778 τῆς
3114 1706 3374 1777 ἀληθείας
3394 1709 3423 1760 ό
3446 1706 3601 1775 λόγος

2020 1796 2110 1871 ἦν,
2138 1799 2241 1854 κᾶν
2290 1802 2450 1869 ἡμεῖς
2484 1798 2619 1869 πρὸς
2653 1797 2715 1852 τὺ
2740 1797 2914 1869 παρὸν
2951 1799 3315 1870 ὴγνοήσαμεν.
3363 1796 3455 1868 Τῷ
3488 1797 3597 1850 δντι

2020 1887 2130 1960 γὰρ
2162 1886 2414 1958 καθάπερ
2439 1904 2524 1949 τις
2567 1886 2801 1960 δρομεὺς
2847 1886 3222 1958 παραδραμὼν
3256 1886 3345 1939 τὸν
3374 1887 3602 1943 ἀντίπα-

2020 1979 2131 2044 λον,
2165 1978 2258 2032 καὶ
2302 1978 2404 2049 ἥδη
2433 1977 2568 2049 πρὸς
2598 1976 2677 2050 τῷ
2711 1977 2945 2049 τέρματι
2969 1977 3063 2031 τοῦ
3116 1977 3330 2032 σταδίου
3379 1977 3602 2048 γενόμεο

2019 2088 2138 2136 νος,
2183 2069 2562 2141 προσεγγίξων
2601 2069 2680 2141 τῷ
2725 2069 2988 2141 βραϐείῳ,
3038 2069 3135 2123 καὶ
3186 2069 3279 2124 τὸν
3331 2069 3599 2124 ἐπινίκιον

2022 2163 2283 2232 στέφανον
2326 2160 2557 2231 βλέπων,
2586 2162 2661 2225 ὡς
2703 2161 2805 2233 ῆδη
2833 2162 3148 2234 τετυχηκὼς
3169 2163 3280 2217 τῶν
3303 2164 3597 2233 προκειμέο

2020 2270 2127 2305 νων
2154 2251 2518 2319 ὲπαγάλλεται
2557 2252 2718 2316 αὐτὸς
2744 2252 2942 2323 ἑαυτῷ,
2964 2254 3060 2307 καὶ
3087 2256 3198 2317 τοῖς
3225 2253 3597 2324 εὐνουστέροις

2022 2341 2131 2396 τῶν
2163 2341 2371 2396 θεατῶν
2401 2342 2499 2414 τὴν
2537 2343 2694 2413 νίκην
2732 2344 3174 2412 εὐαγγελίζεται·
3206 2345 3313 2398 ἀπὸ
3348 2343 3597 2415 τοιαύτης

2022 2434 2156 2503 ἡμῖν
2180 2431 2473 2498 διαθέσεως
2509 2434 2736 2503 κάκείνη
2776 2435 2845 2488 τὰ
2877 2437 3217 2510 χρηστότερα
3259 2438 3387 2508 περὶ
3429 2437 3597 2506 αὐτῆς

2025 2523 2263 2589 ἐλπίζειν
2289 2524 2477 2595 ἐδήλου
2495 2540 2508 2555 ³
2532 2525 2633 2595 ήδη
2662 2525 2796 2596 πρὸς
2824 2527 2885 2579 τὸ
2915 2526 3168 2598 βραϐεῖον
3200 2528 3302 2598 τῆς
3331 2528 3437 2581 ἄνω
3463 2526 3598 2598 κλή-

2026 2630 2164 2677 σεως
2200 2614 2470 2684 βλέπουσα
2489 2656 2503 2681 ,
2555 2615 2651 2670 καὶ
2698 2617 2980 2688 μονονουχὶ
3024 2618 3085 2671 τὸ
3132 2617 3229 2672 τοῦ
3277 2617 3597 2671 Ἀποστόλου

348 2708 714 2785 φθεγγομένη.
776 2709 858 2762 ὅτι
914 2728 933 2761 ι
1017 2708 1334 2765 Ἀπόκειταί
1383 2727 1473 2779 μοι
1527 2708 1714 2762 λοιπὸν
1760 2709 1789 2761 ὁ
1832 2708 1933 2777 τῆς
2001 2708 2346 2780 δικαιοσύνης
2393 2710 2687 2780 στέφανος,
2735 2709 2794 2763 ὃν
2855 2711 3122 2766 ἀποδώσει
3166 2729 3259 2783 μοι
3306 2714 3335 2766 ό
3394 2712 3600 2773 δίκαιος

347 2802 562 2872 Κριτής
581 2818 594 2831 ’
626 2819 644 2851 ι
670 2801 857 2871 ἐπειδὴ
890 2820 909 2857 ι
937 2801 1029 2855 τὸν
1059 2801 1223 2856 καλὸν
1254 2801 1440 2871 ἀγῶνα
1466 2802 1793 2873 ἠγώνισμαι,
1824 2803 1919 2855 καὶ
1945 2800 2038 2855 τὸν
2073 2801 2270 2874 δρόμον
2298 2803 2551 2857 τετέλεκα
2579 2803 2675 2856 καὶ
2697 2802 2795 2875 τὴν
2823 2803 3002 2858 πίστιν
3026 2807 3326 2876 τετήρηκα.
3359 2823 3380 2857 ι

416 2894 500 2949 Ad
525 2895 793 2950 bonorum
821 2895 988 2968 igitur
1021 2896 1274 2951 nuntium
1310 2898 1542 2952 recreati
1579 2898 1921 2953 surreximus

349 2996 408 3043 ut
464 2987 532 3043 iis
581 2987 945 3059 praesentibus
993 2985 1342 3044 frueremur:
1377 2997 1536 3044 erant
1578 2996 1761 3044 autem
1806 2989 1922 3044 haec

2109 2898 2300 2969 Ἡμεῖς
2335 2900 2434 2971 μὲν
2482 2895 2576 2953 οὖν
2602 2902 2740 2971 πρὸς
2780 2901 2879 2973 τὴν
2921 2900 3031 2953 τῶν
3060 2897 3285 2968 ἀγαθῶν
3338 2898 3600 2966 ἀγγελίαν

2026 2987 2252 3061 εὔθυμοι
2296 2989 2694 3056 καταστάντες,
2736 2990 2835 3060 τῆς
2872 2990 2983 3044 τῶν
3023 2992 3402 3060 προκειμένων
3469 2990 3599 3040 ἁπο-

346 3080 518 3149 varia,
554 3089 606 3135 et
634 3080 838 3135 laetitiae
883 3080 1079 3150 plenus
1104 3087 1421 3150 apparatus.
1453 3078 1588 3134 Nam
1639 3080 1923 3151 hucusque

2026 3080 2272 3144 λαύσεως
2301 3076 2462 3153 ἦμεν.
2496 3081 2722 3135 Ποικίλα
2768 3082 2825 3136 δὲ
2853 3077 2923 3149 ἦν
2948 3080 3143 3144 ταῦτα,
3170 3080 3265 3135 καὶ
3298 3078 3479 3148 πάσης
3506 3096 3599 3133 π·

347 3171 532 3230 studio
561 3186 755 3243 magna
783 3171 874 3227 illa
905 3170 1265 3228 descenderat
1291 3190 1304 3227 :
1338 3186 1527 3226 verum
1570 3186 1694 3225 cum
1723 3186 1918 3227 rursus

346 3261 404 3317 in
436 3260 556 3331 ejus
587 3270 939 3330 conspectum
977 3260 1348 3324 venissemus,
1375 3274 1483 3315 non
1514 3260 1768 3329 permisit
1801 3260 1921 3316 ina-

347 3353 489 3408 niter
517 3360 733 3423 tempus
765 3366 1114 3415 consumere,
1148 3355 1244 3409 sed
1271 3367 1307 3429 a'
1326 3352 1563 3423 pueritia
1586 3367 1688 3408 sua
1710 3367 1920 3410 memo-

346 3444 483 3499 riam
512 3459 702 3501 eorum
748 3453 1021 3514 repetens,
1057 3459 1179 3515 qua:
1226 3444 1599 3516 contigerant,
1654 3451 1917 3515 tanquam

346 3533 415 3589 de
440 3533 650 3605 scripto
677 3536 858 3590 omnia
895 3535 1239 3598 recensebat,
1270 3549 1451 3605 neque
1475 3533 1567 3589 illa
1596 3532 1921 3604 praetermit-

346 3634 491 3688 tens,
524 3641 645 3696 quae
669 3627 738 3683 de
773 3638 1060 3698 parentum
1097 3635 1414 3683 nostrorum
1441 3626 1555 3681 vita
1586 3624 1915 3681 recordaba-

346 3726 454 3778 tur.
485 3730 717 3789 quaeque
750 3718 835 3774 vel
863 3727 991 3775 ante
1021 3719 1106 3775 vel
1134 3726 1260 3789 post
1285 3726 1469 3774 ortum
1498 3731 1678 3774 meum
1711 3731 1916 3773 evene-

348 3816 513 3865 rant:
555 3809 857 3865 narrationi
902 3819 1084 3866 autem
1114 3815 1160 3867 is
1191 3818 1313 3867 erat
1350 3810 1667 3881 propositus
1703 3808 1829 3866 finis
1858 3818 1918 3864 ut

349 3900 458 3958 Deo
478 3904 684 3974 gratias
709 3910 895 3974 ageret
919 3920 933 3953 :
966 3902 1211 3974 ipsorum
1235 3902 1379 3958 enim
1407 3908 1696 3974 parentum
1728 3902 1915 3967 vitam,

348 4008 457 4049 non
491 4000 603 4049 tam
631 3994 828 4066 opibus
864 3993 1072 4049 claram
1107 4000 1163 4049 et
1204 3992 1495 4058 illustrem,
1530 4008 1696 4065 quam
1731 3992 1916 4048 divina

347 4085 687 4157 benignitate
724 4094 941 4141 auctam
992 4085 1441 4155 cumulatamque
1478 4083 1914 4149 demonstrabat,

2025 3173 2282 3246 πλήρωτο
2309 3173 2576 3246 θυμηδίας
2611 3177 2645 3246 ἡ
2672 3173 3015 3251 παρασκευὴ,
3043 3171 3187 3226 οὕτω
3215 3173 3313 3242 τῆς
3344 3172 3597 3241 Μεγάλης

2025 3265 2121 3320 καὶ
2165 3265 2329 3340 μέχρι
2371 3266 2575 3321 τούτων
2615 3268 2683 3337 τῇ
2736 3265 2942 3336 σπουδῇ
2984 3262 3297 3333 κατιούσης.
3353 3262 3508 3316 Ἐπεὶ
3540 3261 3597 3315 δι

2025 3357 2188 3413 πάλιν
2232 3360 2293 3411 ὲν
2341 3357 2639 3428 ὀφθαλμοῖς
2675 3352 2819 3429 ἦμεν
2864 3357 3066 3428 αὐτῆς,
3120 3355 3181 3409 οὐ
3225 3354 3337 3425 γὰρ
3369 3355 3455 3407 εἶα
3499 3352 3595 3424 τὴν

2023 3444 2276 3518 εὐσχολον
2304 3445 2453 3517 ὥραν
2486 3447 2571 3515 ἐφ’
2611 3445 2818 3499 ἑαυτῶν
2847 3445 3076 3514 διάγειν,
3117 3442 3462 3497 ἀναλαϐοῦσα
3489 3442 3597 3495 τῶν

2024 3537 2091 3591 ὲκ
2116 3537 2364 3608 νεότητος
2407 3536 2577 3607 αὐτῆς
2610 3535 2957 3607 βεϐιωμένων
2987 3534 3086 3607 τὴν
3133 3534 3375 3606 μνήμην,
3429 3532 3601 3588 καθά-

2025 3643 2130 3698 περ
2171 3628 2263 3682 ἐπὶ
2304 3627 2626 3699 συγγραφῆς
2656 3627 2835 3682 πάντα
2860 3626 3094 3697 καθεξῆς
3118 3625 3435 3696 διεξήρχετο
3454 3640 3471 3656 θ
3505 3624 3602 3679 καὶ

2024 3720 2124 3775 ὅσα
2156 3720 2255 3790 τῆς
2290 3718 2398 3773 τῶν
2427 3718 2676 3789 πατέρων
2703 3716 2850 3789 ζωῆς
2874 3716 2964 3771 διὰ
3003 3716 3221 3787 μνήμης
3247 3710 3388 3785 εἶχε,
3417 3715 3511 3769 καὶ
3534 3713 3601 3769 τὰ

2024 3811 2130 3882 πρὸ
2161 3811 2260 3881 τῆς
2306 3809 2447 3881 ἐμῆς
2478 3809 2808 3882 γεννήσεως,
2838 3810 2933 3863 καὶ
2957 3808 3047 3862 τὸν
3083 3808 3217 3878 μετὰ
3243 3806 3421 3860 ταῦτα
3456 3805 3599 3876 βίον·

2026 3902 2225 3966 σκοπὸς
2257 3901 2315 3956 δὲ
2351 3901 2489 3974 αὐτῇ
2520 3900 2615 3955 τοῦ
2659 3902 2995 3974 διηγήματος
3036 3896 3114 3979 Δῆν
3155 3899 3291 3972 πρὸς
3322 3900 3417 3953 τὸν
3464 3898 3601 3952 Θεδν

2023 3994 2360 4069 εὐχαριστία.
2402 3994 2523 4048 Τῶν
2570 3994 2680 4067 γὰρ
2717 3995 2922 4063 γονέων
2965 3992 3255 4048 ἁπεδείκνυ
3309 3991 3403 4046 τὸν
3449 3991 3597 4062 βίον,

2022 4086 2083 4141 οὐ
2122 4084 2374 4139 τοσοῦτον
2427 4086 2493 4139 ὲκ
2538 4085 2857 4156 περιουσίας
2899 4084 3148 4155 λαμπρὸν
3185 4086 3296 4146 τοῖς
3344 4082 3467 4135 τότε
3505 4084 3598 4136 καὶ

345 4192 470 4232 cum
498 4186 721 4250 propter
749 4178 1159 4235 confessionem
1196 4176 1403 4232 Christi
1436 4176 1609 4246 patris
1637 4175 1916 4247 genitores

2026 4176 2385 4249 περίϐλεπτον
2446 4175 2605 4237 ὄντα.
2666 4177 2789 4231 ὅσον
2852 4178 2916 4229 ὲκ
2974 4174 3126 4237 θείας
3191 4170 3598 4243 φιλανθρωπίας

346 4268 580 4325 fuissent
606 4270 908 4340 oppugnati
938 4279 1102 4341 atque
1125 4271 1308 4326 vexati
1334 4286 1348 4323 :
1384 4283 1548 4323 avum
1577 4276 1762 4325 autem
1795 4284 1915 4324 ma-

2025 4268 2393 4339 έπαυξηθέντα
2411 4307 2427 4333 ,
2456 4267 2566 4321 τῶν
2607 4267 2704 4338 μὲν
2756 4266 2852 4322 τοῦ
2899 4265 3101 4338 πατρὸς
3127 4265 3321 4336 γονέων
3366 4263 3454 4317 διὰ
3494 4263 3600 4335 τὴν

344 4365 558 4410 ternum
582 4357 887 4429 indignatio
917 4360 1061 4428 regia
1085 4359 1428 4420 sustulisset,
1449 4358 1744 4430 omniaque
1766 4359 1918 4415 illius

2025 4363 2106 4426 είς
2149 4359 2383 4432 Χριστὸν
2424 4358 2713 4430 ὁμολογίαν
2754 4358 3199 4430 δεδημευμένων
3243 4354 3336 4409 τοῦ
3365 4356 3424 4409 δὲ
3456 4355 3603 4409 κατὰ

342 4444 487 4499 bona
511 4444 635 4501 aliis
664 4445 905 4502 dominis
936 4446 1314 4504 distribuisset
1341 4468 1353 4503 :
1385 4455 1629 4505 attamen
1654 4445 1791 4502 adeo
1819 4462 1917 4517 per

2025 4451 2235 4524 μητέρα
2261 4451 2600 4524 προπάτορος
2626 4452 2689 4505 ὲκ
2726 4449 3007 4521 βασιλικῆς
3042 4449 3469 4520 ἀγανακτήσεως
3509 4448 3604 4500 ἀν·

344 4533 504 4590 fldem
538 4536 801 4603 crevisse,
856 4544 919 4591 ut
969 4551 1035 4592 eo
1088 4544 1334 4608 tempore
1367 4539 1552 4594 nullus
1595 4538 1677 4594 eis
1719 4537 1921 4593 clarior

2025 4543 2301 4616 ηρημένου
2322 4583 2337 4608 .
2369 4545 2465 4599 καὶ
2502 4545 2721 4599 πάντιοιν
2752 4542 2861 4598 τῶν
2913 4542 3223 4613 προσόντων
3253 4543 3337 4604 είς
3379 4540 3602 4611 ἐτέρους

340 4626 634 4683 exstiterit.
686 4625 821 4684 Rem
863 4638 1043 4683 autem
1095 4628 1460 4695 familiarem,
1523 4629 1775 4701 quamvis
1820 4644 1920 4700 pro

2025 4635 2555 4707 μετακεχωρηκότων
2600 4634 2895 4699 δεσπότας*
2927 4634 3020 4689 καὶ
3046 4634 3196 4704 ὅμως
3225 4632 3306 4695 εἰς
3348 4629 3603 4686 τοσοῦτον

342 4733 576 4776 numero
601 4720 897 4776 liberorum
926 4721 1216 4793 multiplici
1247 4725 1462 4779 ratione
1499 4722 1694 4780 fuisset
1717 4721 1914 4787 divisa,

2025 4724 2107 4780 διὰ
2132 4724 2367 4789 πίστεως
2405 4724 2507 4796 τὴν
2554 4722 2699 4796 ζωὴν
2725 4722 3061 4796 αὐξηθῆναι,
3095 4723 3171 4787 ὡς
3221 4723 3295 4793 μὴ
3322 4716 3465 4777 εἶναι
3509 4721 3602 4775 τὸν

341 4817 523 4865 tamen
553 4826 677 4867 eum
710 4814 991 4868 cumulum
1017 4814 1200 4870 divina
1237 4816 1528 4871 clementia
1563 4816 1910 4887 suscepisse,

2025 4814 2158 4886 ὐπὲρ
2182 4812 2380 4878 αὐτοὺς
2412 4815 2468 4869 ὲν
2497 4817 2610 4879 τοῖς
2648 4815 2769 4868 τότε
2796 4814 3008 4887 χρόνοις
3038 4811 3458 4884 ὀνομαζόμενον.
3488 4812 3603 4866 Ilii-

342 4909 402 4956 ut
440 4910 728 4971 parentum
760 4919 913 4975 opes,
943 4905 1287 4976 singulorum
1328 4908 1625 4964 liberorum
1662 4924 1786 4965 sors
1814 4923 1912 4964 su-

2025 4904 2099 4959 λιν
2122 4905 2181 4958 δὲ
2212 4904 2314 4975 τῆς
2345 4905 2658 4977 περιουσίας
2699 4905 2881 4959 αὐτῶν
2929 4905 3070 4961 κατὰ
3110 4904 3204 4958 τὸν
3226 4903 3462 4974 ἀριθμὸν
3489 4901 3597 4957 τῶν

341 4993 614 5064 peraverit
639 5011 652 5049 :
686 4994 791 5051 sibi
814 5006 998 5052 autem
1025 5014 1091 5055 ex
1110 5013 1267 5070 aequa
1291 5000 1346 5055 in
1378 5000 1574 5057 fratres
1600 5002 1914 5071 partitione,

2025 4994 2216 5048 τέκνων
2266 4995 2492 5065 ὲννεαχῆ
2545 4986 2966 5066 διατμηθείσης,
3023 4991 3198 5056 οὕτως
3267 4992 3485 5062 ἑκάστῳ
3531 4991 3597 5045 δι’

282 5132 291 5137 -
340 5086 614 5155 reliquum
654 5083 854 5143 fecisse
884 5088 1040 5153 nihil,
1082 5090 1178 5145 sed
1222 5091 1405 5146 omnia
1447 5093 1703 5149 manibus
1732 5108 1918 5151 sacer-

2025 5087 2262 5155 εὐλογίας
2287 5085 2657 5157 πληθυνθῆναι
2687 5084 2787 5155 τὴν
2822 5088 3035 5157 μοῖραν,
3067 5085 3146 5149 ῶς
3179 5085 3320 5157 ὑπὲρ
3358 5086 3461 5157 τὴν
3490 5085 3601 5138 τῶν

339 5176 485 5233 (lotis
516 5176 704 5233 divino
735 5176 995 5235 mandato
1028 5180 1400 5252 dispensasse.
1427 5191 1482 5239 et
1514 5184 1626 5240 Deo
1660 5185 1918 5257 suppedi-

2025 5178 2214 5247 γονέων
2266 5176 2561 5248 εὐκληρίαν
2612 5176 2711 5247 τὴν
2758 5176 2990 5230 ἑκάστου
3034 5175 3144 5232 τῶν
3194 5177 3403 5231 τέκνων
3458 5173 3600 5231 εἶναι

339 5276 492 5323 tante
520 5266 683 5324 talem
713 5270 818 5327 sibi
859 5270 1033 5327 fuisse
1061 5273 1249 5339 vitam,
1296 5285 1353 5330 ut
1380 5290 1557 5345 neque
1592 5286 1723 5331 tunc
1755 5276 1915 5345 juxta

2025 5270 2197 5341 ζωήν
2233 5268 2403 5339 αὐτῆς
2446 5268 2503 5322 δὲ
2545 5268 2757 5338 ἐκείνης
2798 5267 2907 5322 τῶν
2959 5268 3057 5339 μὲν
3101 5268 3600 5338 έπωνομασθέντων

341 5371 698 5430 praeceptum,
737 5362 995 5418 manibus
1040 5362 1269 5420 desierit
1319 5366 1591 5433 laborare,
1639 5384 1816 5440 neque
1847 5368 1915 5423 ad

2025 5363 2158 5434 αὐτῇ
2189 5361 2329 5416 κατὰ
2350 5360 2446 5432 τὴν
2478 5360 2584 5415 τῶν
2607 5360 2851 5430 ἀδελφῶν
2877 5359 3180 5430 ἰσομοιρίαν
3205 5358 3600 5429 ὑπολειφθῆναι

344 5448 614 5506 hominem
663 5468 902 5524 unquam
951 5460 1273 5527 respexerit,
1329 5466 1423 5513 aut
1477 5459 1531 5513 in
1584 5461 1914 5532 cujusquam

2026 5453 2191 5525 μηδὲν
2208 5492 2224 5519 ,
2261 5451 2397 5507 ἀλλὰ
2421 5451 2598 5506 πάντα
2640 5453 2762 5516 ταῖς
2789 5448 2948 5524 χερσὶ⁸
2977 5449 3071 5505 τοῦ
3100 5448 3290 5523 ἱερέως
3333 5449 3477 5504 κατὰ
3498 5448 3599 5520 τήν

344 5538 702 5598 beneficentia
765 5544 993 5602 honeste
1049 5547 1266 5605 vivendi
1324 5563 1476 5620 spem
1534 5550 1909 5607 collocaverit.

2025 5545 2175 5605 θείαν
2227 5544 2446 5615 ἐντολὴν
2490 5542 2945 5615 οἰκονομηθῆναν
3010 5541 3101 5596 τὸν
3148 5542 3207 5597 δὲ
3257 5542 3373 5614 βίον
3421 5542 3594 5615 αὐτῆς

419 5723 437 5757 ί
471 5721 518 5780 ιι
552 5723 790 5786 Timolb.
825 5745 906 5795 Iv,
946 5733 995 5785 7.
