4002 6206
384 273 483 332 931

1619 277 1713 333 DE
1743 274 1901 331 VITA
1944 274 2000 331 S.
2039 268 2386 326 MACRINA‘I.

3526 260 3655 317 982:

384 389 629 445 τοιοῦτον
677 391 743 445 ἐκ
788 393 887 462 τῆς
934 389 1028 453 τοῦ
1083 391 1220 446 Θεοῦ
1266 391 1527 464 χορηγίας
1560 389 1843 460 γενέσθαι,
1891 388 1963 451 ὡς

2079 382 2373 450 Quinetiam
2400 389 2459 435 ut
2484 394 2763 449 nunquam
2792 386 3038 450 petentes
3072 375 3353 447 repulerit,
3390 373 3471 428 sic
3501 372 3635 429 dan-

389 480 663 552 μηδέποτε
712 481 869 552 λῆξαι
902 481 1002 546 τὰς
1029 484 1215 555 χεῖρας
1250 483 1331 546 είς
1356 481 1574 552 ἐντολὴν
1611 479 1962 552 ἐνεργούσας,

388 570 527 643 μηδέ
560 570 695 642 πρὸς
717 570 1000 642 ἄνθρωπον
1033 572 1336 643 ἀποϐλέψαι
1365 572 1495 626 ποτέ
1513 585 1528 601 ⁸
1564 571 1698 642 μηδὲ
1714 571 1802 625 διά
1822 587 1968 633 τινος

391 659 738 733 ἀνθρωπίνης
769 661 1086 732 εὐεργεσίας
1140 660 1389 731 γενέσθαι
1411 662 1549 732 αὐτῇ
1573 660 1670 725 τάς
1710 661 1845 732 πρὸς
1870 659 1967 730 τὴν

316 751 336 764 ⁸
388 751 704 821 εὐσχήμονα
756 750 1033 821 διαγωγήν
1088 752 1372 823 ἀφορμάς·
1437 749 1576 804 ἀλλά
1640 750 1775 821 μήτε
1841 749 1968 812 τοὺς

388 838 669 902 αἰτοῦντας
703 840 1158 911 ἀποστραφῆναι,
1211 840 1352 911 μήτε
1396 842 1521 903 τοὺς
1573 839 1809 904 διδόντας
1844 841 1967 894 ἐπι-

389 928 640 1001 ζητῆσαι,
664 929 963 999 λεληθότως
982 931 1075 985 τοῦ
1100 931 1234 986 Θεοῦ
1257 933 1507 1005 καθάπερ
1533 934 1654 988 τινὰ
1678 934 1970 1006 σπέρματα

387 1021 487 1085 τὰς
530 1023 789 1093 βραχείας
834 1023 900 1076 ἐκ
941 1023 1049 1078 τῶν
1093 1022 1271 1096 ἔργων
1295 1026 1548 1097 ἀφορμὰς
1577 1029 1656 1090 είς
1704 1026 1966 1098 πολύχουν

388 1115 600 1183 καρπὸν
655 1116 775 1178 ταῖς
818 1114 1087 1184 εὐλογίαις
1136 1116 1480 1181 ἐπαύξοντος.
1545 1117 1707 1189 Ἐμοῦ
1755 1118 1811 1171 δὲ
1844 1120 1968 1182 τοὺς

391 1204 557 1267 ίδίόυς
586 1206 781 1270 πόνους
805 1246 821 1271 ,
852 1205 911 1259 ἐν
941 1200 1021 1270 οἷς
1050 1207 1218 1277 ήμην,
1245 1207 1552 1273 διεξιόντος,
1576 1208 1840 1280 πρότερον
1870 1208 1969 1280 μὲν

387 1293 483 1347 τοῦ
531 1294 793 1364 βασιλέως
835 1297 1133 1361 Οὐάλεντος
1164 1297 1252 1351 διά
1278 1299 1376 1368 τὴν
1408 1298 1585 1352 πίστιν
1616 1298 1930 1359 ἐλαύνοντος
1950 1339 1966 1363 ,

392 1387 534 1455 μείά
563 1386 619 1439 δὲ
658 1388 833 1441 ταῦτα
862 1389 962 1460 τῆς
1013 1391 1071 1442 ἐν
1112 1391 1231 1453 ταῖς
1275 1389 1621 1462 Ἐκκλησίαις
1656 1390 1970 1461 συγχύσεως

391 1477 529 1548 πρὸς
556 1476 748 1542 ἄθλους
772 1480 920 1549 ἡμᾶς
945 1480 1039 1533 καὶ
1061 1482 1339 1551 καμάτους
1366 1480 1795 1552 ἐκκαλουμένης,
1833 1501 1851 1533 ι
1893 1482 1968 1535 Οὐ

391 1568 597 1655 παύσῃ,
629 1571 793 1641 φησιν
836 1572 868 1642 ή
894 1571 1142 1642 Μεγάλη,
1178 1573 1506 1644 ἀγνωμόνως
1533 1574 1624 1627 ἐπὶ
1672 1576 1781 1638 τοῖς
1807 1573 1970 1638 θείοις

390 1661 616 1729 ἀγαθοῖς
650 1661 1023 1733 διακείμενος;
1075 1665 1149 1717 Οὐ
1188 1665 1543 1736 θεραπεύσεις
1568 1666 1667 1735 τῆς
1704 1666 1881 1737 ψυχῆς
1910 1666 1971 1719 τὸ

390 1750 718 1823 ἀχάριστον;
754 1730 869 1806 Οὐκ
916 1730 1381 1825 ἀντιπαραθήσεις
1421 1757 1533 1819 τοῖς
1578 1730 1685 1808 τῶν
2002 1730 2041 1785 Β

392 1842 460 1895 τὰ
492 1842 594 1909 σάς
619 1842 809 1897 Καίτοι
844 1861 906 1913 γε
955 1844 1092 1899 κατά
1126 1845 1216 1898 τὸν
1256 1846 1459 1916 κόσμον
1490 1844 1675 1899 τοῦτον
1708 1846 1765 1897 ἐν
1794 1846 1971 1916 τούτῳ

389 1932 458 2005 δὴ
489 1934 722 2004 μάλιστα
754 1934 1223 2006 μεγαλιαυχοῦμεν,
1256 1936 1313 1987 ἐν
1341 1935 1418 2005 τῷ
1448 1929 1506 1988 εὖ
1538 1935 1841 2004 γεγονέναι,
1875 1935 1970 1989 καὶ

392 2024 504 2079 ἀπὸ
551 2025 786 2094 εὐγενῶν
834 2025 994 2095 φῦναι
1033 2024 1228 2080 δοκεῖν.
1272 2025 1466 2090 Πολὺς,
1508 2025 1670 2096 φησὶ,
1699 2026 1839 2079 κατά
1871 2024 1967 2095 τὴν

394 2114 676 2168 παίδευσιν
710 2116 768 2167 ἐν
805 2119 916 2179 τοῖς
964 2116 1083 2168 τότε
1127 2116 1336 2187 χρόνοις
1374 2117 1403 2168 ὁ
1442 2115 1625 2187 πατὴρ
1653 2115 1966 2186 ἐνομίζετο,

393 2206 530 2260 ἀλλά
562 2209 724 2277 μέχρι
766 2206 874 2259 τῶν
907 2207 1185 2277 ἐγχωρίων
1210 2207 1574 2278 δικαστηρίων
1600 2208 1632 2277 ή
1659 2207 1779 2260 κατ’
1808 2206 1971 2259 αὐτὸν

389 2296 583 2356 ιῖστατο
604 2297 748 2362 δόξα.
792 2298 947 2351 Μετὰ
976 2296 1147 2351 ταῦτα
1175 2298 1231 2351 δὲ
1263 2298 1371 2352 τῶν
1407 2297 1607 2351 λοιπῶν
1642 2297 1729 2351 διὰ
1752 2297 1851 2367 τῆς
1879 2315 1971 2351 σο-

395 2389 654 2460 φιστικῆς
680 2389 841 2443 αὐτοῦ
874 2389 1313 2461 καθηγουμένου,
1343 2390 1442 2443 οὐκ
1482 2388 1669 2460 ἐξῆλθε
1705 2389 1794 2442 τὸν
1835 2389 1972 2442 Πόν-

393 2499 487 2535 τον
517 2485 550 2553 ή
583 2484 737 2553 φήμη
758 2499 771 2514 ’
815 2484 930 2537 ἀλλ’
959 2482 1238 2554 ἀγαπητὸν
1276 2478 1344 2555 ἦν
1377 2483 1569 2553 ἐκείνῳ
1597 2482 1659 2535 τὸ
1691 2484 1747 2534 ἐν
1773 2485 1840 2553 τῇ
1874 2498 1972 2534 πα-

393 2573 533 2645 τρίδι
558 2574 936 2645 περίϐλεπτον.
956 2576 1028 2630 Σὺ
1043 2575 1124 2637 δὲ,
1152 2594 1170 2626 ι
1194 2575 1346 2646 φησὶ,
1372 2593 1389 2624 ι
1418 2574 1627 2639 πόλεσι,
1652 2573 1743 2626 καὶ
1757 2574 1969 2644 δήμοις,

395 2665 491 2717 καὶ
516 2664 722 2718 ἔθνεσιν
769 2666 1067 2736 ὀνομαστὸς
1115 2661 1197 2720 εἶ·
1252 2665 1347 2720 καὶ
1383 2664 1442 2718 σὲ
1471 2664 1607 2737 πρὸς
1660 2664 1973 2736 συμμαχίαν

2068 485 2149 531 tes
2189 489 2468 544 nunquam
2498 470 2861 542 qumsivisse:
2899 485 3024 525 cum
3056 468 3201 523 Deus
3239 466 3458 522 occulta
3493 481 3634 536 qua-

2067 568 2192 623 dam
2223 566 2437 622 ratione
2466 579 2663 635 parvos
2699 564 2918 618 labores
2966 578 3096 618 suos
3131 570 3393 629 tanquam
3425 559 3635 614 semina

2068 660 2134 714 ad
2161 658 2398 714 fructum
2426 658 2781 727 multiplicem
2810 656 3142 727 benignitate
3166 670 3263 709 sua
3289 652 3635 722 perduceret.

2071 750 2179 806 Sed
2217 765 2341 805 cum
2375 748 2626 820 pr0prios
2653 762 2754 819 ego
2789 747 3026 809 labores,
3060 760 3199 814 quos
3241 747 3636 806 sustinueram,

2069 856 2433 904 recenserem,
2492 840 2729 910 primum
2776 854 2901 893 cum
2957 853 2987 891 a
3031 836 3258 890 Valente
3310 836 3641 903 imperatore

2068 943 2290 1007 propter
2329 934 2486 988 tidem
2519 933 2815 988 fuissemus
2847 931 2901 985 in
2929 929 3184 985 exsilium
3215 928 3395 996 pulsi;
3442 924 3641 980 deinde

2070 1043 2194 1084 cum
2226 1026 2595 1083 Ecclesiarum
2626 1023 2968 1096 perturbatio
3002 1036 3103 1076 nos
3152 1020 3218 1074 ad
3258 1017 3559 1073 certamina
3586 1024 3641 1070 ct

2070 1120 2300 1176 sudores
2323 1127 2574 1175 evocaret
2601 1106 2795 1171 :‘rNon
2814 1115 3083 1180 desines,»
3114 1113 3291 1182 inquit
3309 1112 3455 1173 illa.¢
3492 1110 3635 1164 divi-

2071 1229 2267 1268 norum
2310 1211 2697 1269 beneﬁciorum
2733 1210 3020 1264 immemor
3050 1206 3217 1262 esse?
3240 1203 3439 1273 ingrati
3474 1200 3640 1255 animi

2071 1303 2259 1357 vitium
2310 1316 2421 1356 non
2454 1299 2737 1356 cohibebis
2758 1299 2793 1351 ί·
2817 1312 2926 1352 non
2957 1292 3304 1363 comparabis
3351 1297 3640 1360 parentum

2071 1394 2380 1449 rationibus
2433 1392 2600 1448 tuas?
2653 1390 2818 1461 Atqui
2856 1389 2903 1443 si
2956 1395 3221 1458 quantum
3284 1383 3519 1453 pertinet
3573 1380 3640 1433 ad

2070 1487 2211 1541 hanc
2253 1485 2423 1540 vitam
2472 1498 2537 1538 ea
2577 1497 2637 1537 re
2669 1481 2991 1552 gloriamur,
3048 1475 3195 1547 quod
3247 1475 3395 1528 claro
3445 1468 3644 1542 genere

2072 1581 2205 1641 nati,
2237 1587 2290 1632 et
2325 1575 2572 1630 honestis
2599 1574 2705 1629 orti
2740 1569 3059 1643 parentibus
3098 1581 3311 1627 sumus,
3344 1569 3497 1634 pater
3522 1560 3645 1631 qui-

2073 1670 2197 1725 dem
2234 1668 2347 1722 illis
2391 1665 2729 1737 temporibus
2753 1674 2807 1718 et
2844 1662 3063 1732 juvenis
3091 1668 3316 1714 eatenus
3344 1654 3549 1719 ﬂoruit,
3586 1661 3646 1709 ut

2072 1758 2214 1812 inter
2250 1758 2399 1812 cives
2433 1764 2487 1810 et
2534 1755 2591 1809 in
2641 1751 2869 1824 iudieiis
2910 1750 3031 1820 ejus
3072 1748 3245 1819 gloria
3293 1744 3641 1800 consisteret.

2072 1845 2203 1901 Post
2233 1854 2413 1899 autem
2448 1842 2686 1899 eruditio
2713 1839 2934 1911 quidem
2984 1839 3158 1908 ipsius
3192 1851 3252 1891 se
3299 1833 3518 1904 longius
3549 1847 3645 1885 ex.

2072 1940 2217 2005 tulit,
2260 1937 2404 1992 fama
2449 1945 2633 1991 tamen
2676 1933 2909 1988 Pontum
2952 1946 3059 1985 non
3105 1937 3190 1983 est
3222 1941 3461 1998 egressa.
3497 1922 3645 1978 Satis

2072 2032 2218 2087 enim
2247 2030 2324 2086 illi
2355 2028 2456 2082 fuit
2484 2028 2540 2082 in
2569 2025 2742 2096 patria
2764 2024 2974 2078 clarum
3005 2035 3148 2075 esse.
3177 2017 3258 2071 Tu
3291 2023 3498 2078 autem,
3518 2032 3536 2063 ι
3561 2013 3648 2065 in-

2073 2123 2217 2195 quit,
2253 2139 2272 2173 ι
2297 2118 2634 2183 civitatibus,
2683 2114 2923 2187 populis,
2951 2110 3268 2168 nationibus
3291 2104 3524 2162 celebris
3563 2118 3648 2165 es.

2066 2193 2121 2269 te
2156 2211 2226 2266 ad
2260 2209 2546 2265 ferendum
2578 2207 2865 2272 auxilium,
2903 2212 2956 2258 te
2991 2202 3057 2256 ad
3091 2216 3179 2255 res
3226 2193 3650 2254 constituendas

2067 2302 2327 2358 Ecclesia:
2358 2308 2415 2355 et
2454 2300 2679 2353 mittunt
2726 2304 2781 2352 et
2819 2302 3037 2355 vocant,
3093 2303 3144 2348 et
3179 2290 3273 2345 Dei
3307 2304 3507 2344 munus
3540 2301 3649 2341 non

2068 2392 2321 2464 aspicis?
2366 2405 2468 2445 nec
2521 2389 2714 2443 talium
2758 2387 3030 2441 bonorum
3067 2396 3290 2437 causam
3343 2377 3652 2448 agnoscis?

2068 2484 2363 2539 Parentum
2398 2480 2544 2535 cnim
2578 2493 2769 2547 preces
2798 2485 2851 2531 te
2877 2474 2944 2528 ad
2973 2475 3078 2528 hoc
3110 2472 3386 2541 fastigium
3428 2468 3647 2529 tollunt,

2076 2575 2214 2630 nihil
2250 2582 2346 2627 aut
2400 2571 2751 2642 perexiguum
2797 2569 2865 2622 ad
2894 2581 3013 2623 eam
3048 2580 3162 2621 rem
3200 2562 3320 2633 opis
3360 2560 3647 2615 habentem

2079 2665 2416 2721 domesticae.
2440 2682 2460 2715 ι

393 2772 453 2810 τε
490 2757 582 2810 καὶ
616 2756 899 2827 διόρθωσιν
934 2757 1248 2828 Ἐκκλησίαι
1302 2757 1595 2828 πέμπουσι,
1628 2756 1721 2809 καὶ¹
1757 2754 2006 2808 καλοῦσι’
2040 2757 2134 2811 καὶ
2161 2757 2258 2826 οὐχ
2283 2757 2413 2826 ὁρᾷς
2444 2753 2542 2825 τὴν
2580 2752 2770 2823 χάριν;
2802 2747 2933 2803 Οὐδέ
2968 2743 3344 2814 ἐπιγινώσκεις
3380 2739 3489 2792 τῶν
3554 2753 3652 2805 τη-

392 2849 655 2904 λικούτων
683 2824 903 2916 ἀγαθῶν
937 2847 1035 2919 τήν
1083 2824 1261 2901 αίτίαν
1281 2888 1296 2912 ,
1322 2824 1405 2900 ὅτι
1450 2863 1507 2899 σε
1537 2845 1653 2923 τῶν.
1680 2844 1883 2914 γονέων
1914 2846 1971 2898 αἱ
2007 2844 2165 2917 εὐχαὶ
2362 2824 2507 2912 ὕψος
2538 2841 2804 2912 αἴρουσιν,
2834 2834 3107 2906 οὐδεμίαν,
3136 2833 3171 2905 ἦ
3200 2830 3385 2899 ὀλίγην
3443 2824 3654 2885 οἴκοθεν

395 2939 587 3011 ἔχοντα
619 2937 755 3009 πρὸς
780 2938 937 2990 τοῦτο
966 2939 1349 3009 παρασκευήν;
1392 2956 1411 2988 ι

466 3032 653 3087 Ταῦτα
679 3032 970 3098 διεξιοῦσα,
1005 3028 1114 3098 ἐγὼ
1146 3027 1244 3099 μὲν
1280 3023 1698 3098 παρατείνεσθαι
1729 3023 1889 3077 πλέον
1916 3021 1977 3077 τὸ
2003 3029 2045 3085 C

396 3124 697 3195 ἡμερήσιον
729 3122 957 3176 ἐπόθουν
1000 3120 1218 3192 μέτρον,
1267 3118 1339 3182 ὡς
1368 3116 1434 3172 ἂν
1478 3117 1552 3189 μὴ
1581 3115 1759 3188 λήξειε
1800 3133 1971 3169 κατα-

393 3212 761 3284 γλυκαίνουσα
821 3212 975 3282 ήμῶν
1016 3212 1116 3282 τὴν
1179 3208 1384 3277 ἀκοήν·
1434 3207 1548 3260 ἀλλ’
1595 3211 1627 3276 ή
1678 3204 1829 3275 φωνὴ
1866 3202 1974 3257 τῶν

398 3305 712 3376 ψαλλόντων
744 3306 877 3376 πρὸς
919 3304 1018 3369 τὰς
1042 3301 1383 3374 ἐπιλυχνίους
1407 3298 1754 3369 εὐχαριστίας
1791 3297 1976 3362 ἐξεκα-

399 3397 573 3461 λεῖτο,
611 3397 755 3467 κάμὲ
796 3396 930 3468 πρὸς
962 3395 1059 3466 τὴν
1101 3393 1392 3464 ἐκκλησίαν
1422 3390 1767 3460 ἐκπέμψασα,
1815 3388 1975 3441 πάλιν

406 3491 439 3560 ή
470 3489 695 3561 Μεγάλη
726 3489 815 3543 διά
856 3488 963 3541 τῶν
992 3486 1166 3557 εὐχῶν
1210 3484 1346 3557 πρὸς
1379 3484 1469 3536 τὸν
1512 3482 1646 3535 Θεὸν
1685 3481 1971 3553 ἀνεχώρει.

403 3580 514 3635 Καὶ
541 3581 574 3652 ή
604 3578 701 3651 μὲν
730 3578 826 3646 νύξ
860 3581 916 3631 ἐν
959 3578 1166 3641 τούτοις
1193 3573 1280 3649 ἦν.
1325 3577 1411 3639 Ὠς
1438 3575 1491 3628 δὲ
1526 3573 1707 3646 ήμὲρα
1741 3573 1973 3641 ἐγένετο,

403 3674 526 3746 ἐμοὶ
545 3675 642 3744 μὲν
672 3673 932 3744 πρόδηλον
957 3675 1019 3726 ἐκ
1042 3672 1150 3726 τῶν
1171 3669 1461 3741 ὁρωμένων
1482 3664 1573 3740 ἦν,
1599 3668 1679 3721 ὅτι
1705 3668 1733 3719 ὁ
1753 3666 1977 3735 ἔσχατος

402 3765 539 3835 αὐτῇ
567 3763 667 3833 τῆς
699 3762 838 3816 κατά
873 3762 1051 3832 σάρκα
1080 3759 1226 3831 ζωῆς
1260 3761 1382 3830 ὅρος
1419 3759 1453 3830 ή
1496 3755 1767 3810 ἐνεστῶσα
1803 3755 1979 3826 ἡμέρα

401 3850 503 3926 ἦν,
555 3856 734 3908 πᾶσαν
775 3853 872 3926 τὴν
923 3853 1247 3923 ἐγκειμένην
1289 3853 1354 3920 τῇ
1405 3848 1564 3917 φύσει
1611 3847 1837 3917 δύναμιν
1883 3845 1978 3898 τοῦ

404 3944 641 4017 πυρετοῦ
678 3945 1107 4016 δαπανήσαντος.
1164 3938 1230 3996 Ἦ
1261 3942 1316 3996 δὲ
1346 3940 1478 4013 πρὸς
1521 3940 1583 3993 τὸ
1629 3938 1849 4001 ἀσθενὲς
1882 3936 1980 4008 τῆς

403 4038 642 4103 διανοίας
669 4038 825 4110 ήμῶν
861 4037 1151 4109 βλέπουσα,
1183 4035 1451 4106 παράγειν
1477 4034 1624 4103 ήμᾶς
1649 4033 1714 4085 ἐκ
1738 4030 1838 4100 τῆς
1877 4046 1980 4082 κα-

402 4126 744 4197 τηφεστέρας
799 4124 1011 4187 ἐλπίδος
1050 4125 1387 4195 ἐμηχανᾶτο,
1439 4121 1600 4175 πάλιν
1643 4122 1756 4182 τοῖς
1798 4118 1981 4180 καλοῖς

380 4220 635 4297 ,ἐκείνοις
682 4219 859 4288 λόγοις
900 4217 1187 4288 διαχέουσα
1219 4217 1316 4287 τῆς
1349 4214 1526 4285 ψυχῆς
1559 4213 1619 4266 τὸ
1646 4211 1981 4281 λυπούμενον

406 4312 465 4363 ἐν
495 4309 677 4379 λεπτῷ
717 4310 900 4362 λοιπὸν
927 4309 1021 4361 καὶ
1052 4307 1390 4378 συνεχομένῳ
1417 4306 1494 4376 τῷ
1517 4305 1775 4375 ἄσθματι.
1812 4301 1980 4356 Ἔνθα

404 4401 469 4473 δὴ
532 4403 627 4455 καὶ
679 4401 916 4471 μάλιστα
968 4400 1225 4464 ποικίλως
1280 4397 1539 4452 διετίθετό
1594 4412 1684 4467 μοι
1734 4394 1872 4465 πρὸς
1921 4392 1984 4446 τὸ
2017 4381 2059 4435 ί)

404 4496 727 4564 φαινόμενον
761 4493 959 4564 ήψυχή
983 4508 996 4521 ·
1030 4493 1129 4564 τῆς
1169 4491 1268 4562 μέν
1315 4489 1528 4559 φύσεως
1556 4490 1633 4551 είς
1661 4484 1983 4557 σκυθρωπό-

403 4600 576 4654 τητα,
624 4584 777 4637 κατὰ⁷
814 4584 873 4637 τὸ
922 4583 1099 4646 είκδς,
1146 4580 1506 4652 βαρουμένης,
1534 4578 1621 4631 διὰ
1671 4576 1733 4629 τὸ
1787 4575 1984 4647 μηκέτι

405 4673 711 4746 προσδοκᾷν
732 4674 829 4745 τῆς
851 4674 1104 4743 τοιαύτης
1125 4672 1306 4742 φωνῆς
1330 4671 1423 4724 καὶ
1445 4666 1600 4732 αὖθις
1620 4665 1981 4731 ἀκούσεσθαι,

405 4766 523 4821 ἀλλ’
568 4769 690 4821 ὅσον
746 4767 958 4820 οὐδέπω
1014 4765 1075 4819 τὸ
1121 4764 1296 4817 κοινὸν
1343 4763 1600 4833 καύχημα
1652 4763 1749 4831 τῆς
1793 4759 1987 4827 γενεᾶς

408 4857 649 4922 ἐλπίζειν
708 4860 772 4911 ἐκ
815 4856 908 4911 τοῦ
971 4855 1311 4925 ἀνθρωπίνου
1365 4853 1480 4923 βίου
1529 4847 1983 4922 μεταστήσεσθαιο

333 4970 337 4974 ·
409 4951 507 5022 τῆς
540 4950 594 5002 δὲ
629 4949 827 5021 ψυχῆς,
867 4943 977 5002 οἷον
1009 4946 1366 5013 ἐνθουσιώσης
1398 4947 1461 4997 ἐκ
1483 4942 1591 4995 τῶν
1625 4939 1985 5012 φαινομένων,

411 5040 506 5093 καὶ
531 5040 696 5103 ὅντως
724 5037 1082 5108 ἐκϐεϐηκέναι
1112 5035 1209 5107 τὴν
1235 5034 1417 5105 κοινὴν
1446 5032 1606 5103 φύσιν
1632 5029 1985 5099 ὐπονοούσης.

410 5130 488 5184 Th
516 5131 624 5201 γὰρ
674 5132 806 5201 μηδέ
860 5133 917 5183 ἐν
956 5130 1212 5200 ἐσχάταις
1256 5127 1548 5187 ἀναπνοαῖς
1584 5118 1750 5176 οὖσαν
1797 5120 1989 5173 παθεῖν

410 5222 534 5275 τινα
579 5220 784 5286 ξενικὸν
821 5224 912 5274 ἐπὶ
947 5224 1010 5292 τῇ
1061 5218 1237 5274 ἐλπίδι
1270 5218 1370 5289 τῆς
1403 5214 1815 5288 μεταστάσεως,
1853 5211 1989 5282 μηδέ

411 5309 679 5364 δειλιάσαι
715 5311 850 5381 πρὸς
890 5309 981 5363 τὸν
1009 5309 1283 5381 χωρισμὸν
1326 5307 1424 5379 τῆς
1466 5305 1629 5375 ζωῆς,
1660 5304 1774 5357 ἀλλ’
1808 5301 1987 5371 ὑψηλῇ

413 5404 480 5474 τῇ
512 5403 720 5474 διανοίᾳ
763 5406 876 5467 τοῖς
928 5403 985 5468 ἐξ
1015 5402 1189 5473 ἀρχῆς
1219 5400 1356 5471 αὐτῇ
1409 5401 1538 5470 περὶ
1588 5395 1681 5449 τοῦ
1714 5394 1839 5465 τῇδε
1874 5393 1987 5462 βίου

413 5492 759 5563 κεκριμένοις
824 5493 984 5562 μέχρι
1020 5493 1118 5560 τῆς
1159 5490 1392 5560 ἐσχάτης
1438 5488 1818 5558 ἐμφιλοσοφεῖν
1861 5485 1992 5538 ἀνα-

414 5583 604 5655 πνοῆς,
634 5585 816 5639 οὐκέτι
851 5602 939 5655 μοι
967 5584 1138 5637 ἐδόκει
1166 5581 1274 5636 τῶν
1294 5579 1647 5651 ἀνθρωπίνων
1677 5573 1843 5631 εἷναιο
1874 5574 1989 5629 ἀλλ’

400 5667 527 5757 οἷον
564 5677 796 5746 ἀγγέλου
830 5677 1001 5743 τινὸς,
1032 5673 1386 5745 οἰκονομικῶς
1427 5669 1771 5743 ἀνθρωπίνην
1826 5667 1992 5720 ὑπελ-

2156 3017 2280 3072 Ilmc
2321 3016 2412 3071 illa
2439 3030 2565 3071 cum
2599 3019 3046 3083 persequeretur,
3073 3005 3216 3061 diem
3253 3004 3503 3075 equidem
3536 3019 3657 3075 pro-

2075 3112 2201 3168 duci
2229 3110 2449 3180 longius
2483 3106 2762 3177 optabam,
2795 3119 2863 3158 ne
2890 3100 3038 3155 dulci
3072 3112 3326 3154 sermone
3353 3111 3518 3150 aures
3549 3112 3651 3149 no-

2076 3210 2224 3260 stras
2255 3201 2545 3256 desisteret
2572 3195 2850 3250 oblectare
2883 3208 2896 3244 :
2930 3190 3026 3246 sed
3060 3187 3404 3243 cantantium
3431 3202 3533 3240 vox
3570 3201 3655 3240 me

2076 3295 2144 3351 ad
2169 3294 2375 3366 gratias
2400 3288 2636 3361 agendas
2660 3284 3003 3355 vespertinas
3021 3279 3268 3335 vocabat.
3289 3276 3655 3344 Quamobrem

2075 3401 2200 3440 cum
2247 3399 2334 3438 me
2368 3382 2434 3436 ad
2479 3378 2769 3436 ecclesiam
2811 3374 3130 3436 dimisisset,
3186 3385 3405 3426 rursum
3458 3384 3655 3439 magna

2077 3478 2167 3532 illa
2217 3473 2476 3547 precibus
2528 3470 2595 3525 ad
2627 3468 2795 3524 Deum
2845 3464 3102 3522 accessit.
3147 3463 3223 3517 Ac
3274 3476 3383 3516 nox
3429 3457 3655 3539 quidem

2076 3571 2152 3625 ita
2190 3573 2472 3623 transacta
2501 3571 2604 3620 est.
2641 3562 2776 3618 Cum
2817 3566 2997 3614 autem
3026 3555 3343 3618 diluxisset,
3367 3552 3499 3607 mihi
3532 3550 3655 3621 qui-

2078 3662 2201 3717 dem
2243 3676 2306 3715 ex
2342 3657 2564 3713 indiciis
2616 3652 2970 3709 manifestum
3021 3653 3162 3710 erat,
3216 3645 3359 3700 diem
3405 3644 3557 3697 illum
3600 3641 3653 3698 ei

2078 3756 2200 3825 ejus
2251 3755 2378 3809 vitle
2412 3749 2708 3807 terminum
2763 3744 2898 3804 fore,
2955 3754 3079 3795 cum
3134 3734 3411 3809 quidquid
3446 3743 3662 3789 natura

2079 3822 2279 3902 virium
2308 3846 2505 3903 inerat,
2534 3839 2703 3894 febris
2732 3829 3193 3901 consumpsisset.
3234 3826 3342 3882 Sed
3385 3825 3477 3880 illa
3503 3822 3662 3894 cogi-

2081 3938 2306 3994 talionis
2332 3943 2536 3990 nostrae
2570 3927 2872 4000 respiciens
2893 3921 3344 3979 imbecillitatem.
3379 3915 3659 3988 praeclaris

2082 4028 2192 4083 illis
2244 4022 2595 4081 sermonibus
2651 4015 2961 4080 effundens,
3018 4010 3163 4084 quod
3213 4009 3486 4078 reliquum
3539 4012 3662 4061 erat

2082 4119 2296 4175 afﬂicta:
2329 4117 2543 4178 animae,
2575 4112 2630 4166 in
2661 4123 2877 4166 summa
2911 4102 3153 4176 spirandi
3189 4098 3527 4160 diilicultate,
3557 4109 3659 4150 nos

2085 4228 2114 4265 a
2144 4210 2389 4265 tristiore
2420 4221 2518 4276 spe
2547 4202 2821 4256 abducere
2844 4196 3167 4251 conabatur.
3203 4188 3344 4244 Tum
3382 4201 3509 4241 vero
3540 4185 3657 4239 ani-

2086 4318 2208 4356 mus
2244 4314 2398 4353 mens
2449 4292 2703 4367 prmscnti
2760 4285 3077 4357 spectaculo
3112 4281 3281 4335 variis
3321 4276 3658 4332 adiciebatur

2089 4392 2265 4449 modis
2292 4410 2305 4446 :
2334 4405 2459 4445 nam
2485 4394 2538 4441 et
2570 4391 2762 4438 natura
2792 4379 2908 4448 ipsa
2935 4390 3041 4436 me.
3069 4380 3128 4427 ut
3158 4386 3257 4441 par
3285 4377 3391 4433 est,
3420 4370 3486 4421 ad
3521 4381 3658 4421 mte—

2088 4483 2292 4539 stitiam
2321 4475 2650 4549 impellebat,
2680 4486 2803 4525 cum
2840 4482 2949 4523 non
2990 4476 3269 4535 sperarem
3306 4460 3543 4530 amplius
3571 4474 3658 4514 me

2088 4575 2249 4629 talem
2295 4584 2484 4625 vocem
2531 4564 2865 4626 auditurum,
2915 4557 3009 4614 sed
3055 4554 3461 4627 quamprimum
3508 4566 3659 4607 cont-

2089 4676 2307 4717 tnunem
2335 4658 2563 4731 gloriam
2596 4653 2771 4710 nostri
2802 4650 3020 4723 generis
3058 4664 3124 4702 ex
3155 4647 3392 4701 humana
3415 4643 3527 4697 vita
3558 4642 3660 4695 mi-

2087 4759 2365 4824 graturam
2420 4756 2696 4819 putarem.
2750 4752 2806 4800 et
2857 4757 3014 4797 mens
3055 4756 3118 4796 ex
3152 4740 3234 4793 eis
3262 4751 3382 4807 qum
3421 4733 3657 4797 videbat.

2087 4849 2207 4897 erat
2238 4849 2495 4908 tanquam
2528 4836 2755 4891 numine
2778 4833 2978 4894 amata,
3013 4844 3242 4899 eamque
3273 4842 3396 4881 vere
3417 4840 3481 4881 ex
3512 4841 3662 4879 com-

2090 4934 2241 4989 muni
2286 4939 2485 4986 natura
2514 4928 2820 4983 excessisse
2856 4924 3247 4979 arbitrabatur.
3278 4919 3490 4975 Etenim
3535 4933 3659 4973 cum

2089 5034 2393 5081 extremum
2414 5025 2538 5076 vita:
2565 5020 2821 5090 spiritum
2845 5018 3092 5080 duceret,
3123 5015 3176 5068 in
3199 5030 3294 5084 spe
3319 5010 3659 5083 migrationis

2091 5117 2229 5172 nihil
2273 5114 2400 5170 novi
2447 5114 2676 5175 sentire,
2709 5126 2809 5166 nec
2842 5112 3034 5166 timere
3065 5109 3119 5161 in
3176 5108 3295 5175 ipso
3324 5106 3445 5159 vitm
3476 5104 3659 5158 exitu:

2092 5209 2185 5265 sed
2215 5210 2399 5262 animo
2439 5206 2659 5261 excelso
2709 5205 2777 5259 de
2823 5205 2924 5257 hac
2957 5202 3065 5255 vita
3090 5200 3449 5269 jndicantem,
3483 5191 3681 5263 quoad.

2093 5300 2329 5354 animam
2377 5305 2601 5367 ageret;
2655 5290 3052 5365 philosophati,
3102 5286 3237 5342 mihi
3286 5300 3395 5339 non
3423 5282 3662 5337 hominis

2093 5387 2328 5457 amplius
2350 5385 2653 5445 videbatur.
2688 5384 2784 5438 sed
2814 5378 3101 5451 cujusdam
3130 5376 3329 5448 angeli,
3361 5373 3455 5444 qui
3478 5373 3665 5427 divina

2092 5478 2430 5550 providentia
2463 5475 2693 5529 fortnam
2748 5473 3011 5529 subiissct
3044 5471 3364 5531 humanam,
3404 5479 3504 5517 nec
3555 5461 3663 5515 ulla

2095 5570 2419 5643 cognatione
2448 5576 2542 5622 aut
2575 5564 2981 5622 necessitudine
3011 5576 3137 5617 cum
3170 5561 3271 5614 hac
3302 5557 3413 5611 vita
3445 5552 3665 5610 mortali

2097 5662 2425 5732 coniunctus
2455 5669 2622 5724 esset,
2656 5666 2817 5726 atque
2849 5655 2919 5710 ita
2957 5654 3093 5709 nihil
3117 5651 3436 5707 indecorum
3469 5645 3663 5704 admit-
