4002 6206
337 298 448 354 9ἳεὶ

1587 307 1671 362 DE
1712 308 1871 364 VITA
1939 311 1998 367 S.
2051 309 2402 366 MACRiNIE.

3500 311 3606 367 986

336 420 644 480 ἀντιστήτω
693 420 723 472 ὀ
764 417 1032 490 βάσκανος
1067 425 1134 494 τῇ
1179 421 1284 494 6δῷ
1312 441 1439 496 μου,
1477 425 1612 496 μηδὲ
1660 429 1911 502 εὑρεθείη

2017 439 2152 485 tura:
2202 429 2580 485 inﬁrmitatem
2636 427 2908 499 collapsa,
2953 434 3050 481 aut
3085 427 3256 483 verbo
3296 434 3393 482 aut
3439 442 3606 502 Opere

336 511 675 566 acet-swiner
699 512 810 565 τῶν
836 513 1130 586 ὀφθαλμῶν
1159 532 1252 568 σου
1294 518 1328 588 ὴ
1363 517 1606 588 ἁμαρτία
1637 537 1760 590 μου,
1793 520 1847 574 εί
1866 539 1920 575 τι

340 603 608 672 σφαλεῖσα
636 602 726 657 διὰ
761 603 860 675 τὴν
896 604 1180 660 ἀσθένειαν
1228 607 1329 678 τῆς
1375 608 1588 678 φύσεως
1635 611 1813 682 ἡμῶν,
1862 615 1920 667 ὲν

336 695 501 765 λόγῳ,
537 695 570 766 ἢ
608 694 772 766 ἔργῳ,
803 695 838 766 ἢ
872 697 1014 750 κατὰ
1041 697 1280 752 διάνοιαν
1306 700 1571 772 ἥμαρτον,
1600 703 1630 755 ὀ
1657 703 1795 773 έχων
1827 705 1920 758 ἐπὶ

337 785 442 853 γῆς
481 783 729 849 ἐξουσίαν
766 785 984 854 ἀφιέναι
1017 788 1319 861 ἁμαρτίας,
1355 791 1479 854 άνες
1503 809 1624 863 μοι’
1659 793 1746 848 ἵνα
1789 797 1921 848 ἀνα-

339 875 508 945 ψύξω,
543 875 638 929 καὶ⁹
666 876 874 947 εὑρεθῶ
915 877 1146 932 ἐνώπιόν
1181 897 1276 933 σου
1304 881 1361 934 ὲν
1404 885 1471 953 τῇ
1505 883 1801 938 ἀπεκδύσει
1823 886 1916 938 τοῦ

338 967 593 1038 σώματός
643 986 766 1039 μου,
800 970 874 1041 μὴ
924 969 1122 1041 ἔχουσα
1152 972 1341 1028 σπῖλον
1372 975 1429 1027 ἐν
1471 977 1536 1045 τῇ
1590 979 1772 1048 μορφῇ
1816 978 1918 1047 τῆς

334 1061 517 1131 ψυχῆς
560 1078 682 1131 μου.
721 1061 864 1114 Ἀλλ’
902 1062 1152 1134 ἄμωμος,
1202 1068 1296 1120 καὶ
1325 1067 1654 1137 ἀκηλίδωτος
1684 1071 1916 1140 προσδε-

334 1153 491 1224 χθείη
538 1155 571 1225 ή
607 1154 755 1226 ψυχή
805 1173 906 1226 μου
953 1158 1010 1209 ὲν
1053 1159 1172 1222 ταῖς
1210 1158 1364 1228 χερσί
1403 1176 1518 1222 σου,
1552 1161 1628 1223 ώς
1666 1161 1916 1232 θυμίαμα

335 1243 571 1298 ἐνώπιόν
616 1261 732 1298 σου.
771 1265 790 1296 ι
831 1246 940 1298 Καὶ
981 1247 1154 1301 ταῦτα
1199 1247 1315 1318 ἃμα
1360 1247 1620 1317 λέγουσα,
1677 1252 1915 1304 ἐπετίθει

333 1333 436 1404 τὴν
465 1336 737 1407 σφραγῖδα
770 1340 883 1401 τοῖς
905 1337 1204 1409 ὀφθαλμοῖς
1244 1341 1337 1394 καὶ
1361 1340 1439 1410 τῷ
1470 1343 1697 1410 στόματι
1735 1343 1828 1395 καὶ
1848 1346 1913 1412 τῇ

337 1426 558 1498 καρδίᾳ.
599 1429 708 1481 Καὶ
749 1430 869 1482 κατ’
901 1429 1109 1496 ὀλίγον,
1148 1431 1182 1500 ἦ
1219 1447 1278 1484 τε
1308 1431 1527 1500 γλῶσσα
1563 1433 1641 1502 τῷ
1693 1435 1915 1506 πυρετῷ

341 1522 790 1589 καταφρυγεῖσα,
831 1521 1012 1574 οὐκέτι
1069 1521 1330 1592 διήρθρου
1387 1524 1478 1576 τὸν
1532 1525 1709 1593 λόγον,
1745 1529 1908 1599 καὶὴ

2022 530 2116 575 aut
2151 521 2488 590 cogitatione
2522 519 2764 588 peccavi,
2823 517 3076 573 eondona
3104 517 3158 572 id
3192 517 3348 584 mihi,
3409 523 3468 572 tu
3507 517 3603 588 qui

2021 614 2195 670 habes
2252 615 2308 670 in
2363 624 2512 670 terra
2549 613 2863 668 dimittendi
2906 621 3129 684 peccata
3161 621 3511 684 potestatem.
3542 622 3604 668 ut

2019 707 2315 776 refrigerer
2347 715 2401 762 et
2439 707 2492 760 in
2525 706 2778 776 corporis
2822 705 3150 776 spoliatione
3188 715 3316 758 ante
3367 719 3602 775 conspe-

2018 811 2167 868 etum
2201 807 2354 854 tuum
2380 799 2648 864 inveniar,
2669 814 2778 852 non
2801 798 3011 853 habens
3042 799 3312 852 maculam
3347 799 3400 853 in
3421 798 3601 854 forma

2018 891 2186 944 animi
2229 892 2358 946 mei.
2414 891 2521 946 Sed
2569 891 2690 946 sine
2718 889 3149 959 reprehensione
3179 898 3232 944 et
3266 890 3390 944 labe
3416 891 3598 946 susci-

2015 981 2202 1050 piatur
2231 984 2450 1037 animus
2488 998 2642 1038 meus
2674 982 2729 1036 in
2765 983 3021 1037 manibus
3063 983 3176 1037 tuis
3208 991 3472 1051 tanquam
3517 983 3600 1037 in-

2017 1090 2242 1129 censum
2284 1075 2336 1128 in
2379 1083 2681 1143 conspectu
2717 1082 2832 1128 tuo.
2881 1092 2899 1124 ι
2939 1073 3066 1128 Haec
3108 1073 3300 1128 dicens
3333 1073 3514 1128 oculis
3542 1083 3597 1130 et

2014 1166 2095 1218 ori
2135 1177 2188 1218 et
2241 1165 2392 1220 cordi
2451 1167 2636 1220 crucis
2671 1166 2890 1236 signum
2925 1166 3202 1234 apposuit.
3224 1163 3437 1234 Lingua
3469 1179 3602 1220 vero

2014 1255 2154 1311 febri
2202 1256 2465 1325 paulatim
2519 1257 2740 1326 penitus
2786 1255 3088 1318 exsiccata,
3143 1256 3310 1309 verba
3361 1256 3601 1324 amplius

2015 1363 2121 1400 non
2151 1347 2510 1416 exprimebat,
2553 1356 2609 1402 et
2657 1364 2759 1403 vox
2807 1348 3212 1418 implicabatur.
3267 1346 3450 1413 Quare
3471 1347 3591 1401 sola

2011 1441 2286 1496 lahiorum
2334 1443 2659 1499 dilatatione
2697 1452 2752 1499 et
2800 1459 3061 1497 manuum
3105 1450 3280 1506 motu,
3317 1456 3435 1496 eam
3466 1456 3595 1510 pre-

2011 1535 2216 1588 cationi
2257 1536 2578 1591 incumbere
2605 1536 3094 1605 cognoscebamns.

335 1613 488 1683 φωνὴ
505 1615 907 1669 ὐπεδίδου.Καὶ
932 1617 989 1668 ὲν
1009 1617 1144 1688 μόνῃ
1164 1621 1231 1688 τῇ
1253 1617 1361 1672 τῶν
1389 1620 1612 1689 χειλέων
1630 1622 1903 1697 διαστολῇ,
1944 1630 2039 1682 καὶ
2085 1633 2152 1702 τῇ
2194 1631 2306 1685 τῶν
2355 1630 2552 1703 χειρῶν
2585 1633 2826 1702 κινήσει,
2905 1630 2966 1684 τὸ
3032 1631 3090 1682 ὲν
3132 1629 3408 1700 προσευχῇ
3454 1623 3596 1678 εἶναι

337 1705 509 1776 αὐτὴν
537 1704 928 1777 ὲγινώσκομεν.

405 1798 518 1850 Καὶ
543 1797 601 1850 ὲν
625 1796 834 1861 τούτοις
859 1799 958 1869 τῆς
985 1798 1222 1871 ἑσπέρας
1255 1799 1617 1870 ἐπιλαϐούσης
1635 1841 1650 1866 ,
1676 1802 1771 1856 καὶ
1800 1820 1911 1872 φω-

2087 1805 2224 1860 Cum
2252 1806 2471 1861 interim
2501 1821 2696 1875 vesper
2724 1804 3056 1869 advenisset,
3089 1810 3144 1858 et
3169 1803 3352 1858 lumen
3386 1803 3594 1857 ihatum

333 1889 424 1952 τὸς
465 1889 924 1960 είσκομισθέντος,
969 1889 1164 1962 ἁθρόον
1211 1890 1302 1944 τὸν
1338 1892 1446 1945 τῶν
1489 1892 1752 1965 ὀμμάτων
1792 1895 1911 1948 δια-

335 1980 594 2034 στείλασα
621 1980 845 2042 κύκλον.
876 1981 970 2035 καὶ
997 1981 1133 2054 πρὸς
1165 1983 1263 2054 τὴν
1287 1983 1461 2055 αὐγὴν
1499 1985 1786 2052 ἀπιδοῦσα,
1818 1986 1912 2041 έκ-

332 2071 491 2142 δηλος
523 2071 621 2142 μὲν
646 2066 714 2142 ἦν
742 2071 1075 2141 φθέγξασθαι
1103 2074 1200 2145 τὴν
1229 2075 1535 2146 ὲπιλύχνιον
1565 2079 1912 2150 εὐχαριστίαν

334 2161 759 2232 προθυμουμένη
780 2179 794 2194 ο
827 2164 925 2233 τῆς
961 2163 1017 2216 δὲ
1052 2166 1232 2234 φωνῆς
1258 2167 1662 2240 ἐπιλειπούσης,
1693 2171 1783 2224 διά
1811 2173 1912 2242 τῆς

331 2253 557 2325 καρδίας
589 2255 683 2308 καὶ
715 2255 817 2325 τῆς
847 2257 954 2308 τῶν
995 2257 1191 2328 χειρῶν
1236 2261 1500 2330 κινήσεως
1541 2262 1780 2334 ἐπλήρου
1815 2263 1912 2334 τὴν

330 2348 614 2418 πρόθεσιν,
649 2350 743 2401 καὶ
773 2349 840 2402 τὰ
869 2350 1020 2421 χείλη
1056 2352 1194 2423 πρὸς
1225 2352 1321 2423 τὴν
1346 2353 1554 2408 ἔνδοθεν
1577 2358 1755 2430 ὁρμὴν
1785 2376 1911 2412 συνο

327 2441 598 2492 εκινεῖτο·
633 2439 707 2503 ὡς
745 2441 802 2494 δὲ
831 2441 1113 2515 ἐπλήρωσε
1157 2443 1256 2515 τὴν
1301 2445 1652 2516 εὐχαριστίαν
1675 2488 1690 2513 ,
1745 2452 1836 2503 καὶ
1876 2452 1909 2522 ἡ

329 2530 451 2602 χεὶρ
476 2531 776 2602 ἑπαχθεῖσα
806 2533 895 2587 διὰ
922 2537 1021 2605 τῆς
1063 2537 1354 2608 σφραγῖδος
1389 2537 1464 2607 τῷ
1506 2539 1808 2612 προσώπῳ,
1851 2543 1912 2596 τὸ

332 2623 506 2694 πέρας
548 2624 647 2695 τῆς
689 2625 858 2696 εὐχῆς
903 2626 1250 2698 διεσήμαινε,
1297 2631 1440 2700 μέγα
1487 2649 1540 2684 τι
1583 2633 1677 2687 καὶ
1728 2633 1910 2703 βύθιον

327 2715 737 2781 ἀναπνεύσασα,
773 2721 838 2788 τῇ
876 2723 1148 2791 προσευχῇ
1185 2721 1283 2792 τὴν
1313 2721 1456 2794 ζωὴν
1488 2726 1907 2797 συγκατέληξεν.

338 2806 431 2868 Ὠς
455 2806 509 2860 δὲ
533 2802 601 2877 ἦν
621 2808 681 2860 τὸ
701 2808 886 2862 λοιπὸν
911 2812 1115 2875 ἄπνους
1137 2831 1193 2865 τε
1221 2816 1314 2867 καὶ
1343 2816 1625 2886 ἀκίνητος,
1652 2819 1911 2889 μνησθεὶς

328 2897 439 2950 τῶν
470 2900 720 2965 ἐντολῶν,
754 2901 822 2965 ἃς
853 2903 1015 2966 εὐθὺς
1050 2905 1198 2976 παρὰ
1230 2906 1328 2978 τὴν
1357 2908 1580 2980 πρώτην
1619 2913 1910 2982 συντυχίαν

331 2991 616 3063 πεποίητο,
646 2994 874 3048 εἰποῦσα
897 2995 1182 3065 βούλεσθαι
1201 2999 1300 3062 τὰς
1320 3001 1456 3069 ἐμάς
1481 3005 1593 3065 τοῖς
1612 3003 1911 3075 ὀφθαλμοῖς

327 3085 498 3155 αὐτῆς
533 3085 890 3158 ἐπιϐληθῆναι
941 3093 1164 3161 χεῖρας,
1205 3093 1298 3146 καὶ⁹
1331 3093 1396 3146 δι’
1435 3094 1569 3164 ἐμοῦ
1617 3096 1715 3170 τὴν
1759 3115 1906 3152 νενοο

2013 1906 2182 1960 esset,
2212 1899 2302 1952 illa
2335 1897 2622 1951 oculorum
2654 1896 2842 1950 orbem
2876 1895 3182 1965 explicans,
3226 1904 3281 1948 et
3312 1892 3379 1946 ad
3409 1893 3597 1963 splen-

2013 1991 2200 2046 dorem
2231 1991 2557 2061 respiciens,
2583 1991 2651 2046 ad
2685 1990 3059 2058 vespertinam
3090 1989 3388 2057 gratiarum
3423 1987 3597 2040 actio-

2014 2098 2138 2138 nem
2171 2083 2659 2153 pronuntiandam
2718 2090 3032 2151 promptum
3080 2080 3325 2133 animum
3378 2094 3488 2149 prae
3537 2092 3598 2133 se

2015 2175 2224 2231 ferebat
2263 2195 2276 2229 :
2311 2175 2407 2231 sed
2455 2190 2591 2230 voee
2625 2174 2937 2235 deﬁciente,
2983 2172 3175 2235 corde,
3231 2179 3287 2225 et
3334 2186 3594 2224 tnanunm

2014 2267 2258 2319 motione
2293 2268 2578 2336 pr0posito
2630 2263 3032 2328 satisfaciebat,
3071 2272 3125 2318 et
3169 2263 3236 2315 ad
3275 2263 3593 2316 interiorem

2013 2355 2360 2411 aﬁ‘eetionem
2419 2356 2569 2408 labra
2622 2353 3048 2415 commovebat;
3092 2351 3345 2405 absoluta
3411 2357 3593 2402 autent

2013 2450 2312 2520 gratiarum
2361 2450 2600 2506 actione.
2656 2464 2877 2501 manum
2925 2447 2993 2500 ad
3036 2446 3230 2502 faciem
3268 2445 3593 2516 signandum

2013 2543 2278 2606 admovit,
2321 2552 2374 2597 et
2419 2544 2529 2596 voti
2574 2541 2736 2595 ﬁnem
2790 2541 2986 2595 adesse
3026 2539 3350 2602 declaravit,
3389 2547 3443 2592 et
3479 2552 3596 2590 ma-

2011 2650 2177 2706 gnum
2233 2635 2522 2704 quemdam
2559 2648 2621 2686 ac
2662 2632 2992 2702 profundum
3041 2631 3294 2699 spiritum
3361 2630 3592 2692 ducens,

2011 2740 2136 2779 cum
2193 2723 2508 2792 precatione
2563 2721 2723 2776 simul
2763 2729 2816 2774 et
2861 2720 3030 2773 vitam
3080 2717 3418 2771 terminavit.
3455 2716 3591 2769 Cum

2014 2814 2181 2883 igitur
2226 2828 2327 2866 nec
2379 2812 2614 2881 spiraret
2663 2811 2900 2880 amplius
2932 2817 2986 2864 et
3027 2809 3236 2877 jaceret
3269 2807 3593 2868 immobilis,

2011 2921 2114 2976 ego
2163 2920 2372 2959 memor
2427 2918 2616 2959 eorum
2650 2919 2772 2972 qua:
2818 2903 2872 2956 in
2920 2902 3040 2971 ipso
3075 2901 3253 2970 primo
3293 2915 3592 2970 congressu

2011 2998 2142 3052 mihi
2186 2995 2564 3059 mandaverat,
2609 2995 2800 3050 dicens
2851 3011 2912 3049 se
2956 2994 3114 3057 velle,
3144 3001 3204 3048 ut
3249 3009 3443 3047 manus
3474 3007 3593 3045 mea

2015 3089 2120 3143 sibi
2161 3088 2355 3143 oculos
2379 3087 2682 3150 clauderet,
2715 3094 2770 3140 et
2805 3086 3026 3140 solitum
3065 3084 3148 3137 ori
3181 3099 3281 3138 suo
3310 3091 3595 3152 praestaret

329 3150 606 3246 μισμένην
636 3150 1273 3253 θεραπείανῃὲπαχ-θῆναι
1307 3184 1384 3256 τῷ
1413 3150 1904 3260 σώματι,⁸ὲπήγα-

2016 3178 2293 3242 olﬁeium,
2350 3187 2548 3234 sancto
2601 3178 2774 3232 vultui
2827 3177 3019 3232 dolore
3067 3177 3415 3246 languentem
3478 3188 3596 3225 ma—

326 3283 426 3334 γον
479 3267 558 3338 τῷ
595 3268 734 3339 ἁγίῳ
783 3271 1060 3342 προσώπῳ
1111 3278 1436 3347 νεναρκυῖαν
1480 3279 1545 3331 ἐκ
1575 3279 1668 3332 τοῦ
1704 3280 1908 3347 πάθους

324 3359 430 3424 τὴν
468 3360 624 3430 χεῖρα
645 3399 660 3422 ,
689 3360 812 3415 ὅσον
846 3361 920 3433 μὴ
951 3362 1099 3430 δόξαι
1127 3366 1226 3436 τῆς
1255 3366 1473 3436 ἐντολῆς
1506 3368 1756 3438 ἀμελεῖν·
1787 3371 1909 3425 οὐδὲ

326 3449 443 3520 γάρ
484 3451 592 3504 τῶν
620 3453 1069 3524 ὲπανορθούντων
1115 3457 1165 3510 oi
1215 3457 1482 3528 ὀφθαλμοὶ
1525 3461 1908 3532 προσεδέοντο,

327 3542 582 3615 καθάπερ
608 3546 698 3596 ἐπὶ
726 3545 818 3598 τοῦ
843 3547 982 3600 κατὰ
1009 3547 1170 3616 φύσιν
1197 3547 1405 3617 γίνεται
1437 3548 1626 3613 ὕπνου,
1660 3555 1770 3615 τοῖς
1800 3553 1914 3622 βλε-

327 3634 526 3704 φάροις
552 3635 834 3704 εὐκόσμως
856 3637 1246 3707 διειλημμένοι·
1267 3637 1338 3692 τά
1357 3655 1414 3692 τε
1443 3639 1594 3710 χείλη
1619 3641 1912 3711 προσφυῶς

332 3728 639 3798 μεμυκότα,
688 3729 781 3782 καὶ
817 3731 872 3781 ai
919 3732 1097 3800 χεῖρες
1139 3730 1430 3801 εὐπρεπῶς
1467 3733 1912 3789 ὲπανακλιθεῖσαι

327 3820 411 3887 τῷ
446 3819 650 3890 στήθει,
687 3821 837 3874 πᾶσά
874 3838 934 3874 τε
969 3825 1004 3892 ή
1039 3821 1133 3875 τοῦ
1184 3821 1436 3894 σώματος
1477 3824 1625 3888 θέσις
1668 3827 1910 3898 αὐτομά-

328 3928 439 3974 τως
486 3911 626 3964 κατὰ
653 3911 715 3964 τὸ
751 3906 1025 3984 εὐσχημον
1069 3913 1440 3985 άρμοσθεῖσα,
1479 3916 1630 3970 οὐδὲν
1667 3919 1766 3990 τῆς
1803 3920 1912 3973 τῶν

329 4002 682 4073 κοσμούντων
704 4003 883 4075 χειρὸς
913 4004 1184 4060 ἐπεδέετο.

410 4094 566 4164 Ἐμοὶ
598 4095 656 4149 δὲ
697 4096 907 4166 διχόθεν
945 4097 1156 4166 ἐγίνετο
1202 4101 1438 4172 πάρετος
1479 4102 1514 4172 ἡ
1545 4100 1712 4173 ψυχή’
1743 4102 1823 4165 είς
1851 4103 1913 4156 τὸ

330 4188 656 4258 φαινόμενον
700 4187 924 4242 ἔϐλεπον
944 4230 958 4254 ,
989 4191 1082 4243 καὶ
1123 4190 1222 4262 τὴν
1254 4192 1422 4264 ἀκοὴν
1450 4192 1538 4246 διὰ
1575 4195 1674 4264 τῆς
1715 4195 1914 4265 γοερᾶς

330 4279 440 4332 τῶν
465 4279 752 4352 παρθένων
784 4282 1031 4353 οἰμωγῆς
1061 4284 1457 4356 περιηχούμην.
1490 4285 1639 4349 Τέως
1668 4287 1766 4356 μὲν
1803 4287 1912 4358 γάρ

328 4371 389 4422 ὲν
432 4372 634 4443 ήσυχία
675 4372 1060 4446 διεκαρτέρουν
1101 4377 1338 4440 ἐκεῖναι,
1380 4376 1476 4428 καὶ
1523 4380 1588 4448 τῇ
1633 4377 1777 4448 ψυχῇ
1811 4378 1911 4450 τὴν

2012 3287 2144 3325 num
2179 3270 2431 3333 adhibui,
2487 3285 2556 3324 ne
2593 3269 2916 3322 mandatum
2967 3268 3088 3335 ejus
3131 3265 3403 3336 negligere
3441 3264 3593 3317 vide-

2014 3377 2107 3417 rer
2162 3363 2348 3432 potius
2402 3375 2567 3431 quam
2607 3360 2754 3430 quod
2815 3358 3089 3429 ejusmodi
3145 3358 3379 3411 ollicium
3421 3356 3595 3410 oculis

2011 3455 2135 3525 ejus
2170 3463 2319 3510 esset
2365 3453 2743 3509 necessarium
2792 3470 2806 3506 :
2860 3451 3063 3523 quippe
3107 3449 3201 3520 qui
3241 3446 3624 3517 quemadmo-‘

2011 3545 2140 3602 dum
2194 3546 2252 3599 ﬁt
2283 3546 2337 3600 in
2369 3560 2566 3600 somno
2607 3543 2866 3609 naturali,
2914 3541 3194 3611 palpebris
3231 3539 3432 3592 decore
3457 3554 3594 3591 con-

2012 3637 2139 3690 tecti
2169 3645 2327 3691 erant
2357 3654 2371 3691 :
2405 3644 2460 3689 et
2493 3635 2646 3689 labra
2695 3633 2882 3689 itidem
2915 3634 3127 3696 clausa,
3156 3645 3465 3700 manusque
3502 3645 3594 3682 ve-

2013 3739 2172 3784 nuste
2211 3730 2418 3800 pectori
2463 3728 2823 3790 cohaerentes,
2871 3733 3023 3782 totus
3064 3725 3302 3794 denique
3343 3722 3594 3791 corporis

2013 3821 2155 3876 situs
2183 3835 2246 3874 ea
2283 3820 2552 3891 dignitate
2574 3820 2937 3891 compositus,
2973 3825 3031 3872 ut
3068 3817 3386 3873 ornantium
3426 3830 3590 3868 manu

2011 3929 2123 3969 non
2163 3913 2455 3985 indigeret.

2083 4097 2235 4154 Meus
2272 4105 2456 4152 autem
2501 4098 2722 4152 animus
2779 4095 3074 4164 dupliciter
3107 4095 3431 4162 augebatur,
3475 4099 3589 4142 tum

2011 4191 2083 4246 ob
2113 4207 2175 4246 ea
2205 4206 2328 4261 quae
2367 4189 2678 4250 cernebam,
2724 4199 2838 4242 tum
2883 4187 2956 4240 ob
3000 4188 3280 4240 luctuosas
3318 4185 3591 4253 virginum

2011 4298 2196 4345 voces,
2240 4283 2443 4352 quibus
2479 4296 2642 4335 aures
2673 4296 2804 4334 mea:
2828 4278 3320 4333 eireumsonahaut
3358 4294 3369 4328 :
3402 4276 3593 4328 hat-le-

2016 4391 2118 4429 nus
2157 4375 2303 4429 enim
2352 4373 2457 4428 illae
2510 4373 2863 4442 quiescentes
2921 4385 2981 4424 se
3031 4368 3248 4422 fortiter
3287 4374 3590 4437 gesserant,

327 4462 522 4532 ὀδύνην
555 4465 1060 4532 ὲγκατακλείουσαι,
1087 4470 1186 4538 τὴν
1221 4469 1320 4539 τῆς
1352 4469 1598 4540 οἰμωγῆς
1629 4471 1806 4541 ὀρμὴν
1833 4470 1911 4542 τῷ

2016 4465 2310 4534 animoque
2372 4464 2617 4518 dolorem
2691 4461 2963 4515 inclusum
3025 4461 3374 4513 continentes
3437 4457 3594 4511 ﬂetus

328 4555 468 4624 πρὸς
521 4555 688 4626 αὐτὴν
737 4557 887 4629 φόϐῳ
942 4559 1304 4628 κατέπνιγον,
1362 4561 1552 4632 ὥσπερ
1615 4561 1907 4615 δεδοικυῖαι

328 4646 422 4700 καὶ
484 4648 812 4722 σιωπῶντος⁹
849 4650 950 4721 ἤδη
1014 4651 1109 4705 τοῦ
1166 4653 1459 4723 προσώπου
1504 4653 1604 4725 τὴν
1654 4655 1908 4726 ἐπιτίμη-

329 4757 445 4804 σιν,
501 4741 630 4810 μήτι
676 4742 828 4812 παρὰ
884 4743 947 4795 τὸ
1000 4743 1420 4815 διατεταγμένον
1480 4746 1670 4810 αὐταῖς
1725 4749 1908 4818 φωνῆς

325 4848 470 4894 τινος
529 4835 659 4902 παρ’
711 4835 891 4888 αὐτῶν
941 4837 1302 4907 ἐκραγείσης,
1356 4837 1622 4910 λυπηθείη
1664 4841 1800 4910 πρὸς
1849 4842 1910 4894 τὸ

326 4925 613 4995 γινόμενον
677 4927 711 4997 ή
765 4927 1101 4990 διδάσκαλος.
1163 4927 1316 4982 Ἐπεὶ
1376 4930 1432 4982 δὲ
1499 4931 1683 4984 οὐκέτι
1743 4949 1911 4986 κατα-

328 5014 649 5083 κρατεῖσθαι
717 5016 784 5069 δι⁶
848 5018 1076 5087 ήσυχίας
1148 5017 1206 5071 τὸ
1266 5018 1437 5082 πάθος
1495 5020 1756 5090 ἠδύνατο,
1813 5025 1908 5076 τοῦ

328 5104 560 5167 πένθους
596 5106 758 5159 οἱονεὶ
788 5109 956 5176 πυρός
985 5125 1127 5172 τινος
1165 5108 1374 5162 ἔνδοθεν
1401 5110 1581 5165 αὐτῶν
1610 5111 1706 5176 τὰς
1733 5113 1909 5184 ψυχάς

326 5193 719 5266 διασμύχοντος
743 5238 758 5261 ,
792 5197 1003 5269 άθρόως
1031 5199 1222 5271 πικρός
1251 5217 1333 5264 τις
1359 5203 1452 5255 καὶ
1491 5203 1714 5273 ἄσχετος
1745 5206 1909 5276 ἀναῤ-

329 5286 597 5355 ῥήγνυται
624 5283 787 5357 ἦχος·
823 5287 962 5341 ὥστε
995 5307 1084 5360 μοι
1120 5290 1314 5361 μηκέτι
1350 5292 1532 5361 μένειν
1563 5294 1621 5346 ὲν
1659 5294 1738 5366 τῷ
1780 5296 1909 5350 καθ-

323 5377 583 5446 εστηκότι
601 5379 693 5432 τὸν
717 5379 994 5448 λογισμὸν,
1017 5381 1152 5435 ἀλλὰ
1173 5382 1422 5455 καθάπερ
1442 5385 1740 5456 χειμάρρου
1766 5389 1910 5452 τινὸς

325 5468 756 5533 ἑπικλύσαντος,
791 5470 1120 5541 ὑποϐρύχιον
1164 5475 1563 5544 παρενεχθῆναι
1611 5479 1688 5548 τῷ
1723 5479 1904 5542 πάθει,

326 5560 424 5613 καὶ
454 5561 562 5613 τῶν
590 5563 648 5614 ὲν
673 5563 859 5633 χερσιν
890 5563 1255 5634 ἀμελήσαντα,
1291 5566 1412 5618 ὅλον
1447 5568 1553 5621 τῶν
1587 5569 1798 5640 θρήνων
1828 5567 1906 5624 εἴ·

326 5669 439 5704 ναι.
483 5652 592 5705 Καί
629 5669 719 5722 μοι
751 5652 933 5706 δικαία
969 5670 1082 5717 πως
1121 5654 1290 5708 ἐδόκει
1336 5657 1429 5708 καὶ
1467 5657 1684 5727 εὔλογος
1727 5662 1759 5731 ἡ
1813 5663 1905 5716 τοῦ

330 5742 564 5806 πένθους
604 5743 825 5813 ἀφορμὴ
857 5747 970 5806 ταῖς
1013 5745 1297 5815 παρθένοις
1341 5742 1496 5801 εἶναι.
1533 5749 1607 5801 Οὐ
1640 5748 1748 5819 γάρ
1789 5767 1909 5804 συν⁴

2017 4542 2278 4626 ἰιηρεῖυιιι
2308 4561 2778 4625 compresserant,
2807 4554 3174 4607 observantes
3209 4566 3351 4611 eam,
3391 4566 3591 4603 veri-no

2017 4658 2227 4720 tesque,
2255 4649 2512 4719 quamvis
2558 4663 2762 4713 corpus
2791 4645 2914 4715 ejus
2935 4645 3046 4715 jam
3080 4644 3495 4700 conticesceret.
3527 4657 3594 4694 ne

2018 4743 2434 4812 increpanentur
2458 4748 2581 4804 aut,
2624 4739 2669 4793 si
2697 4754 2805 4804 qua
2837 4753 2936 4791 vox
2977 4744 3173 4790 contra
3210 4735 3590 4805 praescriptum

2015 4841 2348 4902 erumperet,
2382 4848 2450 4886 ne
2477 4831 2736 4900 magistra
2769 4845 2834 4883 ex
2881 4844 2945 4882 ea
2995 4843 3053 4881 re
3096 4826 3396 4880 molestiam
3433 4840 3593 4894 cape-

2018 4933 2120 4979 ret.
2152 4923 2252 4978 Uhi
2297 4940 2429 4978 vero
2485 4923 2705 4977 silentio
2761 4920 2921 4974 dolor
2971 4934 3079 4973 non
3128 4918 3304 4988 potuit
3358 4919 3595 4987 amplius

2018 5018 2285 5076 coerceri,
2329 5030 2435 5068 non
2464 5014 2625 5068 aliter
2653 5027 2818 5081 quam
2858 5012 2901 5066 si
2948 5011 3122 5065 victos
3153 5026 3342 5064 earnm
3381 5011 3596 5064 animos

2015 5110 2240 5179 quidam
2273 5109 2413 5177 ignis
2452 5116 2732 5170 exureret,
2779 5105 2966 5161 statim
3026 5104 3080 5157 in
3120 5105 3380 5158 acerbum
3415 5113 3468 5157 et
3511 5103 3594 5156 in-

2018 5201 2332 5256 credibilem
2362 5201 2568 5254 luctum
2605 5205 2978 5268 proruperunt
3007 5215 3020 5250 :
3055 5195 3192 5251 adeo
3216 5205 3274 5248 ut
3299 5197 3438 5247 ratio
3461 5193 3591 5247 mihi

2017 5308 2127 5346 non
2162 5289 2495 5346 consisteret
2520 5289 2755 5358 amplius
2786 5288 2838 5342 in
2877 5287 3182 5358 proposito,
3207 5285 3300 5340 sed
3331 5294 3589 5354 tanquam

2018 5381 2254 5451 alicujus
2281 5382 2478 5436 obruta
2523 5383 2788 5435 torrentis
2813 5380 3020 5449 impetu
3053 5378 3273 5434 cederet
3301 5378 3593 5448 perturba—

2019 5476 2155 5529 tioni
2205 5491 2373 5546 seque
2415 5485 2580 5530 tatam
2629 5471 3115 5526 lamentationibus
3143 5472 3318 5527 daret.
3358 5470 3594 5541 Equam

2020 5576 2201 5623 autem
2243 5582 2307 5620 ae
2348 5567 2550 5635 justam
2584 5565 2716 5618 mihi
2750 5562 2972 5618 dolendi
3013 5562 3340 5632 lugendique
3370 5575 3596 5615 causam

2020 5660 2221 5715 habere
2250 5658 2492 5729 virgines
2515 5657 2861 5722 videbantur;
2893 5669 3002 5710 non
3041 5655 3190 5711 enim
3220 5671 3280 5709 se
3304 5664 3599 5710 consuetu-

2019 5753 2146 5808 dine
2193 5760 2286 5805 aut
2334 5749 2732 5822 gubernatione
2773 5746 3028 5819 quapiam
3064 5747 3324 5810 humana,
3351 5754 3442 5800 ant
3472 5746 3596 5800 aliis
