4002 6206
421 293 531 350 937

1623 287 1679 344 S.
1723 285 2051 343 GREGQRII
2090 281 2383 339 NYSSENI

3568 290 3676 345 983

418 406 696 478 ejusmodi
747 406 932 472 rebus,
968 420 1106 476 quas
1141 405 1198 460 in
1228 403 1635 461 calamitatibus
1662 401 1780 457 suis
1813 398 1994 454 homi-

2106 396 2286 469 ηθείας
2310 394 2456 458 τινὸς
2485 395 2582 466 τῆς
2616 394 2758 448 κατὰ
2788 394 2966 463 σάρκα
3000 395 3323 467 κηδεμονίας
3353 399 3454 471 τὴν
3484 407 3675 475 στερη-

423 517 523 557 nes
566 500 804 571 graviter
850 498 1053 565 ferunt,
1110 499 1331 554 orbatas
1382 497 1642 553 dolebant
1690 496 1834 553 :sed
1871 505 1995 550 tan-

423 607 590 663 quam
640 591 710 645 ab
765 591 882 661 ipsa
916 591 969 645 in
1000 589 1165 645 Deum
1214 604 1312 659 spe
1357 597 1411 644 et
1453 590 1762 644 animorum
1820 590 1998 644 salute

424 679 690 751 sejun’cta:
723 688 929 743 essent,
983 678 1270 749 plorabant
1300 696 1315 734 :
1346 679 1461 733 haec
1502 678 1556 732 in
1590 678 1995 734 lamentationi-

425 770 529 825 bus
553 770 670 825 suis
702 767 1201 836 conquerebantur,
1221 764 1881 832 dicentes,cExstinctum
1915 774 1999 822 est

423 864 608 918 lumen
653 861 944 915 oculorum
991 867 1346 924 nostrorum;
1382 867 1570 929 erepta
1622 865 1705 914 est
1736 860 1829 914 lux
1877 873 2001 928 qua:

424 950 624 1005 animis
671 948 879 1005 nostris
917 948 971 1002 in
1018 948 1216 1004 itinere
1266 947 1646 1018 praecedebat;
1706 947 1999 1018 disjectum

424 1048 508 1096 est
553 1039 679 1095 vitae.
728 1047 932 1094 nostra:
986 1038 1328 1109 praesidium,
1386 1039 1664 1096 sublatum
1720 1039 2000 1110 specimen

402 1126 793 1202 Lintegritatis;
829 1130 1139 1186 abscissum
1185 1130 1501 1186 concordiae
1524 1130 1828 1194 vinculum,
1861 1144 2001 1185 eon-

402 1182 617 1276 ltrituom
669 1220 1021 1277 imbecillium
1064 1220 1493 1279 ﬁrmamentum.
1556 1222 1634 1278 Te
1700 1223 1841 1279 duce
1893 1238 2002 1280 nox

424 1319 544 1367 erat
571 1311 733 1368 nobis
762 1312 868 1368 diei
904 1314 1045 1379 loco,
1076 1314 1201 1370 vita:
1230 1322 1337 1370 tua:
1367 1314 1659 1385 splendore
1692 1315 1998 1372 illustrata:

426 1403 538 1474 jam
555 1419 687 1460 vero
709 1406 793 1461 vel
812 1406 928 1462 dies
960 1406 1014 1460 in
1045 1407 1300 1463 tenebras
1325 1414 1695 1463 convertetur.
1712 1427 1730 1459 ι
1771 1406 2004 1466 Gravius

429 1501 611 1550 autem
664 1506 858 1566 praeter
905 1504 1133 1553 caeteras
1183 1498 1389 1553 luctum
1449 1498 1829 1563 intendebant,
1883 1514 2006 1568 quae

430 1597 659 1644 matrem
690 1589 866 1659 ipsam
892 1597 948 1645 et
978 1590 1247 1645 nutricem
1276 1591 1622 1659 appellabant
1669 1611 1682 1648 :
1715 1600 1875 1647 erant
1908 1607 2006 1647 au-

432 1686 540 1734 tem
592 1680 695 1734 illa}
733 1696 870 1751 quas
910 1683 1153 1751 penuria:
1201 1681 1474 1752 famisque
1514 1691 1761 1753 tempore
1814 1684 1870 1738 in
1904 1684 2006 1738 ali-

2099 506 2184 542 σιν
2224 486 2601 558 ἀπωδύροντο,
2636 487 2745 542 οὐδ’
2789 489 2917 544 ἀλλο
2962 507 3015 544 τι
3054 491 3292 548 τοιοῦτον
3333 494 3486 548 οὐδὲν
3518 492 3604 565 ἐφ’

2099 582 2235 652 πρὸς
2277 579 2375 645 τὰς
2416 580 2704 652 συμφορὰς
2744 583 3227 656 δυσανασχετοῦσιν
3264 589 3316 641 οἱ
3357 588 3671 661 ἄνθρωπον

2098 671 2213 726 ἀλλ’
2246 672 2323 735 ὡς
2344 671 2443 741 τῆς
2482 672 2625 727 κατά
2655 672 2790 728 Θεὸν
2817 673 3032 739 ἐλπίδος
3066 676 3269 742 αὐτῶν,
3308 679 3414 732 καῖ
3434 680 3535 750 τῆς
3564 682 3676 735 τῶν

2097 762 2285 834 ψυχῶν
2330 761 2604 833 σωτηρίας
2645 763 3091 834 ἀποσχισθεῖσαι,
3133 766 3303 820 ταῦτα
3335 769 3529 832 ἐϐόων,
3577 769 3678 823 καὶ

2098 850 2271 905 ταῦτα
2308 852 2365 904 ὲν
2404 854 2517 914 τοῖς
2543 849 2760 923 θρήνοις
2787 854 3237 927 ἀπωλοφύροντο,
3283 876 3304 910 ι
3351 858 3609 931 Ἐσϐέσθη
3651 879 3672 911 ι

2099 942 2371 1012 λέγουσαι,
2404 963 2422 995 ι
2453 942 2560 997 τῶν
2589 944 2879 1015 ὀφθαλμῶν
2919 948 3078 1019 ἡμῶν
3117 949 3146 1000 ὁ
3183 948 3399 1020 λύχνος⁸
3448 951 3678 1022 ἀπήρθη

2100 1036 2162 1089 τὸ
2200 1034 2315 1105 φῶς
2361 1036 2458 1105 τῆς
2507 1035 2615 1090 τῶν
2649 1036 2835 1108 ψυχῶν
2874 1039 3123 1110 ὁδηγίας·
3153 1041 3367 1113 διελύθη
3406 1043 3501 1113 τῆς
3531 1043 3687 1114 ζωῆς

2101 1126 2259 1197 ἡμῶν
2290 1128 2324 1197 ἠ
2356 1127 2650 1197 ἀσφάλειω
2693 1129 2836 1201 ἤρθη
2871 1132 2904 1201 ἡ
2942 1133 3179 1203 σφραγὶς
3209 1132 3307 1203 τῆς
3345 1134 3680 1205 ἀφθαρσίαςθ

2107 1217 2408 1289 διεσπάσθη
2441 1220 2470 1271 ὁ
2501 1218 2796 1291 σύνδεσμος
2823 1220 2923 1291 τῆς
2971 1222 3325 1294 σωφροσύνης
3346 1242 3360 1255 ·
3389 1224 3679 1296 συνετρίϐη

2103 1307 2164 1360 τὸ
2201 1309 2477 1379 στήριγμα
2503 1308 2611 1361 τῶν
2655 1310 3020 1376 ἀτονούντων,
3063 1312 3312 1384 ἀφῃρέθη
3346 1316 3378 1385 ἡ
3412 1314 3684 1384 θεραπεία

2104 1400 2211 1454 τῶν
2238 1400 2607 1471 ἀσθενούντων
2629 1418 2645 1434 ·
2678 1402 2771 1455 ἐπὶ
2801 1402 2895 1456 σοῦ
2916 1404 3044 1474 ἡμῖν
3074 1406 3222 1476 καὶὴ
3261 1406 3357 1472 νὺξ
3386 1407 3509 1460 ἀντὶ
3545 1408 3682 1478 ἠμέ-

2109 1509 2207 1563 ρας
2242 1487 2333 1563 ἦν,
2380 1493 2439 1545 ὲν
2474 1492 2689 1566 καθαρᾷ
2732 1494 2844 1566 ζωῇ
2878 1496 3217 1567 φωτιζομένη
3242 1514 3256 1528 ·
3296 1496 3391 1550 νῦν
3422 1498 3476 1550 δὲ
3509 1500 3607 1551 καὶ
3648 1502 3680 1568 ή

2104 1584 2290 1657 ήμέρα
2310 1583 2444 1655 πρὸς
2472 1584 2632 1651 ζόφον
2664 1588 3196 1660 μεταστραφήσεται.
3237 1608 3254 1639 ι
3289 1588 3684 1661 Χαλεπὼπτερον

2105 1675 2164 1729 δὲ
2210 1675 2361 1749 παρὰ
2393 1676 2489 1740 τὰς
2539 1677 2700 1741 ἄλλας
2732 1678 2793 1731 τὸ
2836 1679 3029 1742 πένθος
3066 1679 3309 1746 ἐξέκαιον
3352 1681 3411 1734 αί
3463 1682 3679 1751 μητέρα

430 1783 738 1828 mentorum
787 1774 1077 1846 largitione
1111 1775 1382 1846 projectas
1423 1776 1477 1830 in
1528 1777 1634 1831 viis
1678 1778 2003 1843 sustulerat,

2109 1768 2277 1839 αὐτὴν
2317 1768 2411 1822 καὶ
2441 1769 2639 1841 τροφὸν
2683 1769 3069 1824 ἀνακαλοῦσαι.
3111 1766 3289 1825 Ἦσαν
3315 1771 3372 1825 δὲ
3404 1765 3588 1839 αὗται,
3614 1773 3681 1837 ἃς

431 1865 770 1933 alueratque,
817 1875 872 1922 et
923 1866 989 1922 ad
1036 1874 1244 1922 castam
1293 1877 1458 1937 atque
1510 1869 1890 1940 incorruptam
1929 1870 2008 1924 vi—

428 1958 588 2013 vendi
617 1957 884 2013 rationem
919 1958 1336 2015 inl‘ormaverat.

496 2135 699 2192 Verum
744 2146 1102 2207 posteaquam
1145 2137 1388 2192 animum
1445 2145 1704 2209 tanquam
1753 2154 1819 2194 ex
1879 2156 2009 2211 pro-

428 2228 603 2285 fundo
643 2231 879 2300 quodam
923 2245 1132 2299 angore
1153 2229 1371 2300 collegi,
1413 2229 1465 2284 in
1493 2245 1712 2285 sacrum
1742 2231 1875 2285 illud
1915 2247 2008 2286 ca~

427 2328 526 2389 put
558 2318 849 2374 intendens
875 2320 1047 2374 aciem
1079 2320 1389 2384 oculorum,
1445 2320 1604 2389 quasi
1640 2323 2007 2391 reprehensus

428 2410 497 2464 ab
550 2424 617 2464 ea
662 2418 886 2480 propter
935 2408 1280 2464 inconditum
1337 2408 1490 2463 illutn
1549 2410 2002 2465 tumultuantium

428 2501 744 2572 strepitum,
782 2515 978 2570 magna
1008 2514 1144 2556 voce
1188 2501 1473 2556 clamans:
1507 2519 1526 2554 ι
1563 2500 1645 2555 Ad
1696 2501 1858 2567 hanc,
1922 2503 2007 2556 in-

426 2609 614 2663 quam,
668 2593 950 2663 respicite,
1014 2593 1283 2661 virgines,
1333 2602 1387 2647 et
1428 2604 1831 2663 praeceptorum
1881 2595 2006 2663 ejus

427 2687 822 2750 recordamini,
856 2686 1062 2756 quibus
1097 2686 1169 2743 ab
1203 2702 1269 2742 ea
1303 2687 1371 2741 ad
1406 2701 1570 2742 omne
1603 2687 1774 2743 decus
1796 2696 1852 2743 et
1902 2687 2003 2744 lto-

425 2789 696 2835 nestatem
726 2778 865 2834 estis
887 2779 1172 2834 institutae.
1211 2778 1444 2834 Divinas
1466 2778 1559 2833 ille
1592 2779 1812 2835 animus
1835 2796 2002 2834 unum

429 2869 588 2926 nobis
631 2869 997 2941 lacrymarnm
1041 2877 1259 2940 tempus
1289 2870 1644 2940 praescripsit,
1688 2871 1742 2926 id
1767 2870 1883 2927 ﬂeri
1909 2872 2004 2943 ju-

428 2962 582 3023 bens.
616 2974 740 3017 cum
773 2962 1045 3017 vacaretis
1080 2961 1388 3032 precationi
1428 2962 1618 3031 :quod
1658 2978 1806 3018 nunc
1834 2966 2001 3019 etiam

429 3052 663 3125 potestis
702 3052 935 3119 eﬂicere,
973 3054 1385 3110 lamentationis
1411 3055 1706 3111 clamorem
1738 3057 1826 3127 pia
1856 3059 2002 3127 psal-

2109 1863 2167 1915 ὲν
2192 1860 2270 1932 τῷ
2296 1861 2397 1930 τῆς
2431 1861 2693 1926 σιτοδείας
2722 1861 2896 1932 καιρῷ
2925 1862 3066 1916 κατά
3090 1862 3187 1926 τὰς
3227 1864 3380 1927 ὁδοὺς
3416 1864 3685 1935 ἐρριμμέ-

2110 1971 2206 2017 νας
2248 1954 2542 2024 ἀνελομένη
2581 1953 2935 2027 ὲτιθηνήσατό
2961 1972 3021 2007 τε
3050 1956 3145 2010 καὶ
3176 1955 3539 2027 ἀνεθρέψατο,
3589 1955 3681 2013 καὶ

2110 2046 2246 2117 πρὸς
2264 2046 2355 2101 τὸν
2371 2046 2608 2118 καθαρόν
2624 2063 2683 2099 τε
2713 2046 2807 2100 καὶ
2820 2046 3054 2118 ἄφθορον
3077 2048 3192 2117 βίον
3223 2048 3674 2120 ἐχειραγώγησεν.

2194 2138 2346 2192 Ἐπεὶ
2388 2138 2445 2191 δέ
2479 2155 2594 2202 πως
2627 2139 2877 2211 καθάπερ
2920 2142 2984 2193 ὲκ
3021 2140 3184 2209 βυθοῦ
3218 2157 3362 2204 τινος
3390 2140 3488 2212 τὴν
3518 2142 3681 2211 ἐμαυ-

2106 2229 2202 2284 τοῦ
2240 2230 2416 2301 ψυχὴν
2446 2229 2801 2302 ἀνελεξάμην,
2842 2232 2978 2305 πρὸς
3014 2232 3113 2303 τὴν
3143 2233 3303 2301 ἀγίαν
3342 2234 3551 2302 εκείνην
3584 2250 3680 2286 κε-

2108 2321 2281 2391 φαλὴν
2329 2320 2615 2386 ἀτενίσας,
2660 2321 2850 2394 ὥσπερ
2890 2324 3236 2394 ἐπιτιμηθεὶς
3276 2326 3333 2378 ὲν
3370 2327 3437 2396 τῇ
3487 2324 3683 2398 ἀταξία

2106 2411 2213 2467 τῶν
2243 2412 2708 2484 ὲπιθορυϐούντων
2739 2415 2826 2470 διὰ
2852 2416 2944 2469 τοῦ
2979 2416 3199 2488 θρήνου,
3243 2435 3264 2469 ι
3311 2418 3455 2488 Πρὸς
3480 2419 3683 2487 ταύτην

2109 2502 2361 2573 βλέψατε,
2399 2522 2419 2556 ι
2454 2499 2607 2557 εἶπον
2639 2504 2849 2577 μεγάλῃ
2875 2508 2941 2576 τῇ
2978 2509 3152 2578 φωνῇ,
3181 2507 3314 2578 πρὸς
3344 2508 3440 2571 τὰς
3478 2508 3685 2578 παρθέ-

2106 2613 2228 2660 νους
2263 2595 2461 2667 βοήσας
2482 2611 2497 2625 ο
2541 2614 2560 2646 ι
2591 2598 2684 2650 καὶ
2717 2598 2825 2651 τῶν
2859 2598 3324 2669 παρεγγελμάτων
3351 2599 3513 2669 αὐτῆς
3544 2601 3681 2654 ἀνα-

2110 2687 2385 2759 μνήσθητε
2405 2702 2418 2715 ·
2445 2686 2512 2742 δι’
2536 2680 2612 2742 ὧν
2647 2689 2709 2742 τὸ
2746 2689 2807 2764 εν
2834 2690 2995 2743 παντὶ
3023 2690 3352 2760 τεταγμένον
3370 2692 3461 2743 καὶ
3480 2689 3681 2760 εῦσχη-

2110 2796 2212 2849 μον
2242 2780 2372 2850 παρ’
2401 2781 2571 2853 αὐτῆς
2613 2779 2988 2851 ὲπαιδεύθητε.
3028 2781 3165 2834 Ἕνα
3210 2782 3401 2853 καιρὸν
3441 2781 3550 2834 τῶν
3586 2781 3681 2835 δα-

2109 2871 2292 2942 κρύων
2333 2874 2466 2943 ἡμῖν
2500 2872 2535 2942 ἡ
2566 2870 2685 2925 θεία
2710 2871 2859 2943 ψυχὴ
2897 2871 3033 2942 αῦτη
3069 2872 3491 2943 ἐνομοθέτησεν,
3523 2874 3581 2926 ὲν
3606 2872 3680 2943 τῷ

2107 2964 2206 3035 τῆς
2235 2964 2541 3036 προσευχῆς
2563 2964 2741 3035 καιρῷ
2767 2964 2927 3018 τοῦτο
2946 2965 3205 3036 πράττειν
3226 2967 3680 3036 παρεγγυήσασα·

2107 3056 2136 3110 ὃ
2162 3056 2254 3109 καὶ
2281 3055 2374 3111 νῦν
2403 3057 2578 3110 ποιεῖν
2604 3054 2803 3121 ἔξεστι,
2833 3054 2934 3125 τῆς
2960 3055 3067 3109 τῶν
3100 3056 3312 3126 θρήνων
3331 3056 3580 3125 οἰμωγῆς
3603 3058 3681 3118 εἰς

426 3159 642 3201 morum
699 3144 1089 3201 decantatione
1136 3154 1561 3202 comntutantes.
1598 3165 1619 3200 ι
1677 3147 1803 3203 Haec
1837 3164 2001 3219 quam

2110 3146 2373 3218 συμπαθῆ
2417 3147 2735 3219 ψαλμῳδίαν
2769 3121 3242 3218 μετατεθείσης.-)
3284 3121 3451 3203 Ταῦτ’
3503 3121 3679 3214 ελεγον

429 3239 666 3293 maxime
688 3245 934 3308 poteram
963 3239 1114 3293 clara
1139 3253 1275 3294 voce
1297 3237 1571 3305 dicebam,
1600 3248 1661 3295 ut
1688 3252 2006 3312 superarem

428 3331 719 3402 strepitum
764 3332 1259 3401 conquerentium;
1294 3331 1494 3388 deinde
1531 3335 1853 3395 cohortatus
1885 3352 2006 3393 sum

402 3416 547 3487 'eas,
585 3433 647 3478 ut
696 3425 750 3479 in
797 3422 1104 3494 proximam
1147 3422 1371 3478 domum
1418 3425 1758 3493 secederent,
1799 3429 2008 3486 relictis

428 3515 699 3571 duntaxat
743 3514 1023 3586 aliquibus
1078 3529 1317 3585 quarum
1368 3530 1537 3587 opera
1582 3518 1843 3577 libentius
1890 3521 2004 3583 illa.

430 3609 560 3664 dum
592 3609 819 3673 viveret,
844 3607 1124 3664 utebatur.

502 3699 561 3755 ln
604 3716 794 3756 earum
829 3710 949 3756 erat
980 3716 1209 3756 numero
1238 3700 1492 3772 quaedam
1529 3700 1735 3757 femina
1769 3703 2009 3759 nobilis-

431 3793 602 3856 sima,
647 3791 855 3847 divitiis
902 3798 957 3847 et
987 3806 1190 3860 genere
1211 3832 1225 3857 ,
1263 3803 1319 3848 et
1352 3793 1606 3862 corporis
1636 3793 1812 3849 forma
1841 3804 2009 3865 atque

433 3884 558 3939 aliis
590 3883 910 3938 nominibus
938 3884 1173 3939 illustris
1212 3885 1266 3938 in
1309 3886 1428 3954 ipsa
1455 3885 1828 3943 adolescentia
1870 3903 2006 3944 con-

433 3975 650 4032 stituta.
699 3971 827 4028 Haec
874 3975 993 4029 viro
1031 3973 1252 4029 cuidam
1281 3975 1681 4033 honestissimo
1713 3979 1771 4034 in
1811 3982 2007 4036 matri-

431 4067 619 4122 monio
648 4068 915 4121 collocata
944 4065 1144 4130 fuerat,
1174 4067 1270 4122 sed
1303 4068 1456 4123 brevi
1484 4076 1731 4141 tempore
1750 4088 1877 4127 cum
1910 4074 2008 4128 illo

430 4157 663 4213 vixerat.
714 4157 898 4224 Quare
940 4158 1201 4228 conjugio
1248 4158 1519 4225 liberata,
1556 4162 1848 4231 viduitatis
1893 4179 2009 4221 suae

432 4252 716 4304 custodem
755 4263 821 4304 ac
873 4250 1192 4320 magistram
1250 4268 1507 4323 magnam
1561 4253 1862 4311 Macrinam
1905 4257 2012 4313 ele-

429 4348 604 4410 gerat,
640 4349 847 4397 etcum
879 4341 1189 4412 virginibus
1232 4345 1530 4413 plurimum
1563 4346 1911 4410 versabalur.
1950 4356 2010 4403 ut

2111 3238 2316 3312 μείζονι
2348 3242 2413 3311 τῇ
2437 3241 2609 3310 φωνῇ,
2640 3239 2715 3303 ὡς
2745 3238 2811 3293 ἂν
2840 3239 2928 3294 τὸν
2959 3235 3092 3310 ἦχον
3145 3238 3253 3293 τῶν
3277 3238 3490 3310 θρήνων
3520 3240 3679 3310 ὑπερ-

2107 3333 2396 3403 ηχήσαιμι.
2435 3326 2568 3386 Εἶτα
2616 3332 2947 3403 μεταστῆναι
2979 3331 3329 3401 παρεκάλεσα
3360 3331 3556 3402 μικρὸν
3592 3332 3682 3385 ἐπὶ

2106 3422 2200 3475 τὸν
2240 3422 2506 3492 σύνεγγυς
2534 3418 2701 3488 οἷκον,
2737 3422 3163 3491 καταλειφθῆναι
3207 3422 3266 3490 δέ
3308 3439 3459 3484 τινας
3502 3423 3560 3488 ἐξ
3588 3422 3683 3475 αὺ-

2107 3513 2236 3579 τῶν,
2269 3507 2345 3569 ὧν
2388 3513 2561 3586 ἡδέως
2595 3515 2654 3569 ὲν
2686 3517 2754 3585 τῇ
2793 3513 2906 3585 ζωῇ
2949 3513 3048 3585 τὴν
3080 3514 3374 3584 θεραπείαν
3409 3514 3681 3582 προσίετο.

2188 3696 2277 3749 Ἐν
2305 3694 2530 3760 ταύταις
2557 3689 2626 3765 ἦν
2648 3696 2784 3765 γυνή
2812 3712 2896 3759 τις
2918 3695 3027 3749 τῶν
3046 3694 3420 3766 εὐσχημόνων,
3451 3695 3684 3765 πλούτῳ,

2109 3788 2203 3841 καὶ
2242 3787 2422 3856 γένει,
2459 3787 2553 3841 καὶ
2595 3790 2661 3859 τῇ
2691 3786 2785 3841 τοῦ
2839 3787 3091 3858 σώματος
3130 3784 3271 3857 ῶρςι,
3306 3786 3403 3839 καὶ
3428 3788 3495 3856 τῇ
3525 3786 3686 3855 λοιπῇ

2110 3878 2436 3952 περιφανεία
2478 3878 2837 3949 περίϐλεπτος
2876 3878 2935 3929 ὲν
2987 3876 3197 3947 νεότητι
3245 3876 3549 3947 γενομένηο
3593 3876 3693 3930 καὶ

2111 3969 2509 4025 συνοικισθείσά
2548 3987 2654 4023 τινι
2687 3968 2796 4021 τῶν
2829 3968 2921 4022 ἐπὶ
2949 3968 3193 4038 μείζονος
3226 3967 3401 4048 ἀξίας,
3431 3970 3525 4020 καὶ
3552 3968 3690 4038 βρα-

2109 4064 2209 4135 χὺν
2236 4064 2604 4135 συνοικήσασα
2633 4061 2844 4133 χρόνον,
2887 4060 2981 4114 καὶ
3016 4062 3073 4114 ὲν
3115 4060 3219 4131 νέῳ
3242 4058 3318 4130 τῷ
3343 4059 3554 4129 σώματι
3584 4061 3691 4129 τῆς

2110 4155 2369 4225 συζυγίας
2397 4154 2798 4224 διαζευχθεῖσα,
2825 4146 3062 4223 φύλακα,
3093 4153 3188 4206 κει)⁸
3219 4151 3553 4218 παιδαγωγὸν
3583 4151 3691 4221 τῆς

2109 4248 2335 4321 χηρείας
2369 4247 2468 4319 τὴν
2512 4246 2754 4318 μεγάλην
2792 4245 3076 4316 Μακρίναν
3122 4243 3478 4314 ποιησαμένη,
3513 4242 3691 4312 συνῆν

2108 4341 2178 4395 τὰ
2217 4340 2384 4395 πολλὰ
2405 4341 2525 4401 ταῖς
2556 4337 2862 4409 παρθένοις,
2891 4336 2983 4389 τὸν
3022 4336 3159 4409 πρὸς
3189 4334 3385 4407 ἀρετὴν
3409 4332 3523 4404 βίον
3553 4331 3694 4402 παρ’

430 4432 500 4486 ab
528 4432 609 4487 eis
646 4442 853 4489 rectam
891 4445 944 4489 et
987 4450 1054 4489 ex
1086 4436 1292 4492 virtute
1322 4437 1544 4493 vivendi
1571 4441 1845 4495 rationem
1887 4440 2003 4495 edi-

2110 4433 2288 4488 αὐτῶν
2330 4429 2776 4501 ὲκδιδασκομένη.
2824 4428 3088 4499 Οὐετιανὴ
3130 4428 3301 4497 ὄνομα
3330 4428 3397 4496 τῇ
3442 4425 3692 4494 γυναικὶ,

430 4531 634 4580 sceret.
681 4524 944 4580 Vestiana
982 4526 1063 4579 illi
1124 4535 1245 4581 erat
1280 4541 1515 4593 nomen,
1577 4541 1734 4601 pater
1763 4526 2002 4586 Araxius

2110 4518 2179 4597 ἧς
2205 4526 2234 4578 ὁ
2273 4524 2456 4595 πατὴρ
2487 4518 2566 4588 εἷς
2595 4518 2662 4595 ἦν
2687 4522 2796 4575 τῶν
2839 4524 2918 4584 είς
2958 4522 3057 4592 τὴν
3100 4521 3208 4575 τῶν
3237 4519 3461 4573 ὑπάτων
3496 4534 3692 4571 συντε‹

427 4613 750 4677 vocabatur,
784 4630 930 4669 unus
968 4629 1001 4669 e
1028 4630 1259 4671 numero
1286 4627 1611 4674 senatorum
1650 4620 1834 4689 magni
1871 4635 2005 4675 con-

428 4704 538 4761 silii
574 4723 588 4760 :
621 4704 690 4760 ad
720 4709 863 4761 hanc
889 4722 1014 4777 ego,
1052 4724 1071 4759 ι
1110 4707 1269 4765 Nunc
1297 4712 1540 4781 quidem,
1576 4715 1823 4785 inquam,
1857 4714 2004 4768 invi-

427 4795 644 4851 diosum
672 4813 782 4853 non
830 4800 966 4866 erit,
1012 4800 1057 4855 si
1087 4801 1362 4859 defunctae
1392 4805 1823 4874 splendidiorem
1859 4806 2004 4873 adje-

426 4886 669 4942 cerimus
695 4898 976 4955 ornatum,
1003 4898 1058 4946 et
1090 4907 1281 4961 pttram
1308 4893 1453 4948 illam
1478 4895 2001 4964 immaculatamque

426 4989 650 5031 carnem
691 4979 1025 5037 clarioribus
1064 4984 1413 5040 vestimentis
1462 4984 1827 5041 induerimus.
1883 5005 1901 5038 ι
1935 4989 2002 5042 At

429 5069 525 5124 illa
571 5068 876 5143 intelligere
920 5074 1210 5142 respondit
1265 5084 1559 5144 oportere,
1617 5077 1879 5147 quidnam
1920 5078 1999 5133 illi

426 5169 636 5216 sanctae
677 5162 732 5217 in
765 5164 871 5219 hoc
903 5180 1106 5234 genere
1140 5165 1430 5235 probatum
1469 5167 1609 5223 foret
1643 5186 1656 5221 :
1691 5169 1827 5224 nihil
1850 5169 1998 5225 enim

424 5264 458 5305 a
496 5253 657 5308 nobis
700 5256 816 5324 geri
873 5255 955 5312 fas
1006 5272 1131 5313 esse
1163 5266 1356 5312 contra
1408 5260 1749 5317 voluntatem
1801 5262 1999 5331 ipsius.

425 5341 663 5399 Omnino
718 5354 901 5401 autem
966 5349 1111 5418 quod
1174 5350 1289 5405 Deo
1340 5359 1554 5420 gratum
1600 5361 2002 5424 acceptumque

423 5446 594 5505 esset,
631 5438 774 5496 idem
796 5442 845 5496 ei
867 5441 1172 5511 jucundum
1200 5443 1466 5497 futurum.

496 5528 629 5585 Erat
664 5533 911 5601 quaedam
953 5534 1209 5603 praelecta
1233 5534 1509 5604 virginum
1541 5534 1713 5588 choro
1744 5535 1799 5589 in
1842 5536 2001 5590 mini-

426 5615 578 5668 sterii
616 5621 787 5688 gradu
840 5623 1065 5677 nomine
1099 5622 1418 5693 Lampadia,
1455 5638 1578 5692 quae
1622 5624 1745 5692 ejus
1779 5634 2003 5679 senten-

423 5703 558 5758 tiam
584 5707 651 5761 de
685 5708 935 5769 funerum
987 5714 1204 5783 pompis
1245 5729 1305 5771 sc
1351 5715 1512 5785 plane
1558 5714 1705 5770 scire
1754 5714 1996 5771 diccbat.

2103 4619 2339 4674 λούντων
2397 4619 2589 4690 βουλήν
2608 4635 2622 4649 ·
2672 4617 2807 4688 πρὸς
2861 4615 3065 4685 ταύτην
3112 4611 3286 4677 εἷπον,
3329 4611 3694 4680 ἀνεπίφθονον

2103 4707 2241 4767 εἶναι
2270 4711 2366 4766 νῦν
2393 4712 2524 4780 γοῦν
2553 4712 2642 4764 τὸν
2684 4710 3033 4782 φαιδρότερον
3065 4706 3341 4761 ἐπιϐαλεῖν
3375 4706 3579 4775 κόσμον
3612 4702 3695 4774 τῷ

2106 4803 2340 4876 σώματι,
2394 4804 2488 4858 καὶ
2534 4803 2811 4874 λαμπραῖς
2857 4802 3069 4865 ὀθόναις
3115 4798 3541 4867 κατακοσμῆσαι
3585 4798 3694 4866 τὴν

2103 4893 2350 4966 καθαρὰν
2417 4893 2634 4964 ἐκείνην
2707 4891 2804 4945 καὶ
2860 4889 3207 4961 ’ἀκηλίδωτον
3256 4888 3456 4957 σάρκα.
3515 4886 3576 4937 Ἡ
3631 4886 3691 4937 δὲ

2107 4985 2296 5055 μαθεῖν
2339 4983 2443 5055 ἔφη
2473 4983 2691 5053 χρῆναι,
2723 4982 2775 5035 τί
2819 4984 2886 5052 τῇ
2927 4980 3058 5051 ἁγία
3090 4980 3220 5050 περὶ
3259 4979 3466 5031 τούτων
3501 4975 3691 5038 καλῶς

2102 5076 2245 5147 ἔχειν
2283 5073 2636 5145 ἐδοκιμάσθη
2682 5073 2757 5144 μὴ
2796 5073 2902 5143 γὰρ
2929 5071 3126 5140 εὐαγὲς
3153 5065 3293 5123 εἶναι
3325 5068 3475 5136 παρὰ
3509 5067 3570 5119 τὸ
3601 5083 3692 5119 κε-

2103 5169 2430 5241 χαρισμένον
2477 5167 2613 5237 αὐτῇ
2656 5184 2709 5219 τι
2760 5167 2889 5237 παρ’
2941 5163 3094 5234 ἡμῶν
3143 5160 3395 5229 γενέσθαι
3442 5160 3683 5222 πάντως.

2102 5260 2325 5322 Πάντως
2349 5258 2404 5312 δὲ
2426 5258 2455 5311 ὃ
2480 5257 2559 5327 τῷ
2584 5256 2703 5327 Θεῷ
2725 5256 2874 5325 φίλον
2897 5271 2955 5308 τε
2982 5254 3074 5308 καὶ
3104 5253 3419 5322 εὐάρεστον,
3449 5249 3683 5318 κάκείνῃ

2103 5350 2437 5422 καταθύμιόν
2465 5344 2623 5405 εἶναι.

2176 5531 2287 5584 Καὶ
2315 5525 2384 5601 ἦν
2405 5547 2489 5593 τις
2522 5528 2931 5599 προτεταγμένη
2955 5526 3049 5581 τοῦ
3074 5524 3234 5596 χοροῦ
3260 5524 3368 5577 τῶν
3398 5520 3685 5593 παρθένων

2105 5624 2162 5676 ὲν
2194 5620 2269 5692 τῷ
2315 5622 2412 5691 τῆς
2443 5618 2714 5683 διακονίας
2748 5619 2962 5690 βαθμῷ,
2993 5617 3286 5688 Δαμπαδία
3317 5617 3486 5686 ὄνομα
3519 5614 3676 5682 αὖτῇ

2104 5718 2139 5789 ἢ
2162 5712 2405 5786 ἀκριϐῶς
2446 5711 2547 5783 ἔφη
2582 5711 2868 5781 γινώσκειν
2903 5711 3027 5781 περὶ
3064 5709 3172 5765 τῶν
3210 5708 3351 5764 κατά
3377 5707 3475 5779 τὴν
3505 5703 3681 5774 ταφὴν
