4002 6206
316 319 430 381 9τξς)
1561 307 1648 363 DE
1671 306 1835 364 VITA
1897 307 1956 362 S.
2005 305 2358 364 MACRINE.
3480 305 3587 361 990

284 433 659 505 ’δεδογμένων
689 431 902 505 ἐκείνῃ·
948 410 1071 484 ἐπεὶ
1100 428 1156 483 δέ
1181 427 1395 501 ήρόμην
1435 427 1603 499 αὐτὴν
1641 427 1770 499 περί⁸
1789 424 1912 479 τού-

2032 425 2145 479 Haec
2186 439 2217 478 a
2261 437 2350 478 me
2396 421 2482 477 bis
2532 421 2600 475 de
2650 420 2813 476 rebus
2859 421 3190 490 interrogata
3234 418 3414 489 (forte
3437 424 3586 480 enim

314 544 432 581 των
471 521 758 596 (παροῦσα
793 522 902 594 γὰρ
950 520 1108 591 ἔτυχε
1149 520 1215 590 τῇ
1265 517 1571 589 βουλήσει),
1612 515 1716 587 ἔφη
1774 514 1912 586 μετὰ

2040 522 2279 572 ntercrat
2300 513 2733 584 consultationi)
2760 530 2882 568 cum
2919 514 3178 585 lacrymis
3206 516 3543 584 respondens
3568 532 3583 569 :

312 614 575 687 δακρύων
601 630 616 645 ·
648 633 666 665 ι
702 613 783 683 τῇ
810 611 943 683 ἁγίᾳ
964 611 1187 681 κόσμος,
1211 611 1239 663 ό
1264 609 1504 677 καθαρὸς
1533 607 1647 679 βίος
1673 608 1916 661 διεσπου-

315 710 491 780 δὰσθη
510 727 524 740 ο
558 706 717 761 τοῦτο
748 706 844 760 καὶ
874 705 974 776 τῆς
1015 705 1162 774 ζωῆς
1192 700 1641 773 ἐγκαλλὼπισμα,
1684 699 1780 754 καὶ
1818 697 1913 752 τοῦ

318 805 559 859 Θανάτου
592 802 846 871 ἐντάφιον
877 799 1092 869 ἐκείνης
1124 798 1273 852 ἐστί·
1302 797 1371 849 τά
1401 796 1447 849 δ’
1474 796 1575 849 ὅσα
1609 794 1744 865 πρὸς
1780 793 1914 847 καλ-

317 892 607 967 λωπισμὸν
658 892 910 963 σώματος
958 889 1149 960 βλέπει
1176 929 1190 950 .
1228 887 1353 942 οὔτε
1401 888 1459 941 ἐν
1500 885 1578 955 τῷ
1626 885 1722 955 τῆς
1771 883 1915 955 ζωῆς

322 990 502 1060 χρόνῳ
559 990 895 1059 προσήκατο,
939 981 1065 1037 οὔτε
1118 983 1201 1046 είς
1246 981 1347 1053 τὴν
1385 978 1670 1050 παροῦσαν
1719 976 1913 1049 χρῆσιν

318 1076 722 1149 ἐταμιεύσατο·
759 1073 900 1127 ὥστε
945 1072 1068 1127 οὐδὲ
1118 1069 1465 1143 βουλομένοις
1496 1071 1631 1141 ἡμῖν
1672 1067 1827 1122 ἔσται
1860 1083 1913 1118 τι

318 1171 511 1231 πλέον,
545 1169 648 1239 τῆς
672 1169 752 1231 εἰς
776 1167 909 1220 αὐτὸ
948 1163 1106 1220 τοῦτο
1143 1162 1502 1235 παρασκευῆς
1526 1162 1586 1214 ού
1608 1158 1911 1231 παρούσης.

319 1293 398 1303 —
422 1259 533 1314 Kal
576 1261 677 1313 οὐκ
716 1258 864 1311 ἐστιν
899 1258 956 1311 ἐν
984 1257 1097 1318 τοῖς
1123 1252 1507 1325 ἀποκειμένοις
1544 1251 1758 1323 εὑρεῖν,
1780 1248 1915 1318 ἔφην

319 1351 458 1422 ἐγὼ,
480 1352 588 1406 τῶν
612 1348 984 1419 ἐπικοσμῆσαί
1016 1365 1069 1401 τι
1096 1345 1410 1415 δυναμένων
1441 1344 1541 1413 τὴν
1568 1341 1807 1413 ἐκφοράν
1826 1358 1916 1409 ;-

323 1446 531 1512 Ποὶοις,
558 1439 729 1504 εἶπεν,
756 1439 1171 1512 ἁποκειμένοιςς
1206 1438 1293 1491 Ἐν
1317 1437 1503 1509 χερσὶν
1530 1434 1673 1506 ἔχεις
1710 1434 1816 1487 πᾶν
1855 1432 1916 1486 τὸ

324 1534 611 1588 ἀπόθετον·
646 1533 754 1586 ίδοὺ
781 1530 843 1585 τὸ
873 1531 1104 1602 ἱμάτιον,
1136 1528 1243 1582 ἰδοὺ
1277 1528 1377 1600 τῆς
1406 1525 1645 1596 κεφαλῆς
1680 1526 1713 1595 ή
1753 1523 1913 1578 καλύ-

328 1642 504 1696 πτρα,
537 1624 605 1679 τὰ
625 1622 964 1695 τετριμμένα
996 1620 1105 1674 τῶν
1130 1619 1306 1674 ποδῶν
1331 1618 1651 1690 ὑποδήματα
1669 1634 1684 1647 °
1707 1611 1862 1680 οὗτος
1886 1617 1915 1669 ὁ

325 1718 590 1780 πλοῦτος·
624 1714 766 1787 αὕτη
808 1715 842 1786 ἡ
876 1714 1186 1785 περιουσία.
1239 1711 1405 1766 nam
1437 1709 1589 1782 παρὰ
1629 1711 1690 1764 τὸ
1724 1708 1913 1779 φαινό-

330 1827 495 1881 μενον
539 1811 597 1862 ἐν
650 1806 992 1879 ἀποκρύφοις
1034 1805 1357 1868 ἀπόκειται,
1400 1801 1652 1866 κιϐωτοῖς
1690 1818 1831 1855 τισιν
1881 1792 1989 1871 ῆΒ

326 1900 594 1972 θαλάμοις
647 1898 1072 1970 ήσφαλισμὲνον.
1128 1898 1275 1952 Μίαν
1324 1895 1610 1968 ἀποθήκην
1663 1894 1780 1965 ᾔδει
1821 1891 1915 1948 τοῦ

332 1995 469 2049 ἰδίου
494 1993 748 2056 πλούτου,
768 1992 860 2047 τὸν
886 1989 1159 2063 θησαυρὸν
1183 1988 1273 2042 τὸν
1300 1986 1566 2057 ούράνιοψ
1600 1986 1718 2039 ἐκεῖ
1743 1985 1919 2038 πάντα

329 2087 665 2159 ἀποθεμένη,
694 2086 845 2140 οὐδὲν
867 2084 961 2137 ἐπὶ
981 2083 1084 2154 γῆς
1109 2081 1449 2135 ὑπελείπετο.
1466 2078 1613 2130 -Τί
1643 2073 1758 2140 οὖν,
1784 2076 1919 2146 ἔφην

332 2180 473 2253 πρὸς
501 2179 705 2250 ταύτην
730 2176 863 2247 ἐγὼ,
905 2179 953 2229 εί
978 2175 1086 2228 τῶν
1112 2174 1236 2246 ἐμοὶ
1269 2173 1407 2244 πρὸς
1433 2171 1532 2242 τὴν
1559 2169 1737 2239 ταφὴν
1770 2171 1918 2240 ήτοιο

335 2272 635 2341 μασμένων
668 2269 1093 2340 προσαγάγοιμι,
1134 2268 1264 2338 μήτι
1293 2262 1403 2317 τῶν
1432 2261 1745 2332 ἀϐουλήτων
1782 2259 1918 2331 αὐτῇ

328 2362 422 2416 διά
455 2361 614 2415 τοῦτο
646 2362 934 2431 γενήσεται
959 2378 973 2426 ;
1011 2378 1030 2411 ι
1062 2359 1176 2412 Οὐκ
1197 2355 1405 2411 οἴεσθαι
1434 2353 1560 2423 ἔφη,
1584 2352 1740 2407 τοῦτο
1769 2351 1920 2422 παρά

330 2454 563 2525 γνώμην
603 2448 741 2507 εἶναι
779 2452 937 2522 αὐτῇ.
968 2469 986 2502 ι
1017 2449 1323 2521 Προσέσθαι
1370 2447 1479 2518 γὰρ
1516 2445 1581 2500 ἂν
1619 2444 1790 2515 αὐτὴν
1827 2444 1922 2497 καὶ

332 2546 520 2612 ζῶσαν
551 2544 649 2616 τήν
676 2543 932 2613 τοιαύτην
968 2540 1118 2613 παρά
1145 2541 1238 2594 σοῦ
1267 2539 1432 2610 τιμὴν
1471 2536 1590 2591 κατ’
1614 2534 1919 2606 ἀμφότερα,

329 2635 431 2692 διά
455 2654 514 2691 τε
542 2636 640 2708 τὴν
670 2635 992 2706 ἱερωσύνην,
1032 2631 1131 2704 τὴν
1176 2631 1263 2685 ἀεὶ
1286 2629 1473 2701 τιμίαν
1499 2626 1636 2698 αὑτῇ
1658 2667 1672 2691 ,
1701 2625 1796 2679 καὶ
1833 2623 1924 2677 διὰ

328 2731 441 2801 τὴν
476 2727 759 2783 κοινωνίαν
796 2710 895 2797 τῆς
921 2724 1164 2795 φύσεως·
1206 2721 1342 2795 μηδέ
1374 2720 1484 2792 γὰρ
1513 2718 1795 2790 ἀλλότριον
1825 2715 1924 2769 αύ-

329 2822 443 2894 τῆς
469 2820 531 2875 τὸ
557 2818 652 2874 τοῦ
683 2815 913 2886 ἀδελφοῦ
940 2815 1181 2889 νομίσαι.
1212 2814 1311 2867 Διὰ
1341 2810 1502 2866 τοῦτο
1528 2809 1625 2864 καὶ
1654 2809 1775 2871 ταῖς
1805 2809 1926 2872 σαῖς

331 2916 497 2990 χερσὶ
533 2913 873 2985 κοσμηθῆναι
902 2911 964 2966 τὸ
994 2908 1154 2980 σῶμα
1176 2905 1571 2962 διεκελεύσατο.
1602 2922 1621 2956 ι

432 3006 579 3061 Ἐπεὶ
618 3007 676 3061 δέ
722 3005 882 3059 τοῦτο
930 3002 1195 3063 ἐδέδοκτο,
1245 2999 1340 3053 κα)⁵
1387 2997 1493 3051 ἔδει
1534 2993 1926 3068 περισταλῆναι.

2021 629 2040 661 ‹
2105 607 2320 678 lutegre
2370 615 2423 662 et
2478 622 2612 676 pure
2675 604 2947 667 vivendo,
2997 605 3204 675 inquit,
3241 614 3436 660 sancta
3480 606 3588 661 sibi

2015 709 2403 756 Ornamentum
2450 698 2693 769 paravit,
2752 697 2894 767 quod
2929 704 2982 752 et
3014 698 3179 751 vitam
3214 698 3385 768 ipsius
3427 695 3591 752 deco-

2015 802 2162 849 raret
2193 799 2247 847 et
2272 790 2610 861 sepulturam
2640 809 2652 844 :
2682 806 2806 844 nam
2847 789 2991 860 quod
3024 789 3090 842 ad
3135 791 3387 860 corporis
3425 804 3591 845 orna-

2017 897 2130 941 tum
2164 893 2394 954 spectat,
2426 898 2528 938 nec
2561 884 2690 936 dum
2723 883 2929 937 viveret
2960 880 3191 950 accepit,
3227 896 3327 936 nec
3354 882 3407 935 in
3438 882 3588 938 hunc

2018 994 2178 1034 usum
2226 975 2545 1031 reservavit.
2606 973 2785 1041 Quare
2841 990 2910 1029 ne
2969 974 3015 1029 si
3059 974 3296 1028 velimus
3346 972 3589 1043 quidem,

2018 1072 2255 1142 amplius
2292 1071 2438 1135 licet,
2468 1084 2593 1123 cum
2634 1067 2701 1122 ad
2740 1067 2881 1124 hanc
2923 1083 3035 1121 rem
3064 1084 3174 1121 non
3208 1075 3463 1137 suppetat
3495 1083 3595 1139 ap-

2018 1175 2263 1236 paratus.
2302 1193 2375 1206 —
2423 1162 2680 1223 Nihilne,
2744 1160 3011 1229 inquam,
3074 1160 3426 1214 reconditum
3486 1165 3592 1225 est,

2019 1271 2131 1325 quo
2160 1256 2333 1326 justa,
2368 1262 2421 1310 et
2444 1254 2722 1323 exsequire
2750 1251 2964 1323 possint
2994 1251 3299 1305 adornari?
3327 1281 3399 1293 —
3428 1249 3592 1316 Quid,

2019 1348 2197 1418 inquit
2246 1347 2334 1401 illa
2363 1387 2378 1410 ,
2436 1345 2779 1400 reconditum
2826 1342 3063 1397 narras?
3089 1341 3369 1412 Quidquid
3400 1357 3599 1397 recon-

2018 1440 2112 1496 diti
2137 1439 2298 1494 estin
2326 1438 2578 1491 manibus
2604 1437 2794 1497 habes.
2823 1451 2952 1491 ecce
2973 1435 3222 1505 pallium,
3248 1449 3377 1489 ecce
3397 1432 3598 1505 capitis

2021 1540 2272 1601 tegmen,
2334 1540 2387 1586 et
2445 1531 2571 1584 trita
2604 1528 2804 1599 pedum
2862 1528 3260 1583 calceamenta.
3314 1525 3409 1581 Ha:
3467 1533 3599 1582 sunt

2019 1640 2177 1695 opes.
2232 1624 2344 1677 haec
2390 1622 2635 1690 supellex
2672 1637 2684 1673 :
2718 1619 2853 1674 nihil
2891 1627 3088 1689 pra:ter
3130 1618 3183 1672 id
3233 1618 3379 1686 quod
3409 1620 3597 1674 cernis

2021 1718 2076 1771 in
2104 1717 2310 1771 arculis
2331 1725 2426 1769 aut
2455 1714 2713 1768 thalamis
2744 1712 3027 1767 conditum
3058 1710 3187 1765 latet
3218 1728 3230 1764 :
3264 1725 3426 1764 unam
3457 1709 3599 1764 divi-

2020 1811 2220 1865 tiarum
2270 1824 2494 1863 suarum
2564 1807 2755 1862 cellam
2814 1812 3089 1869 noverat,
3133 1804 3458 1858 thesaurum
3488 1815 3599 1858 etn-

2019 1904 2211 1957 lestem
2246 1916 2257 1948 :
2295 1901 2408 1954 illic
2464 1899 2650 1953 omnia
2701 1896 3029 1957 collocavit,
3084 1894 3220 1948 nihil
3270 1892 3499 1962 reliquit
3542 1893 3599 1948 in

2020 2002 2190 2048 terra.
2239 2014 2257 2043 ι
2298 1990 2437 2045 Tum
2473 2005 2607 2059 ego,
2644 2008 2661 2039 ι
2700 1988 2841 2054 Quid
2869 2028 2884 2052 ,
2941 1987 3208 2055 inquam,
3248 1985 3292 2039 si
3336 1984 3405 2038 ad
3436 1985 3601 2039 l‘unus

2019 2083 2327 2140 ornandum
2362 2100 2427 2138 ea
2470 2082 2571 2144 iis,
2618 2095 2742 2149 qua:
2780 2079 2913 2132 mihi
2960 2087 3157 2147 parata
3202 2083 3333 2131 sunt
3393 2072 3602 2145 aliquid

2020 2174 2328 2247 proferam,
2360 2188 2489 2227 num
2520 2171 2836 2227 inconsulte
2863 2169 3067 2224 factum
3091 2166 3459 2224 existimabit?
3489 2185 3508 2219 ι
3548 2164 3601 2220 Id

2021 2275 2220 2338 praeter
2272 2265 2604 2321 sententiam
2637 2263 2759 2333 ejus
2806 2261 3053 2315 futurum
3088 2275 3147 2315 se
3187 2275 3296 2313 non
3342 2256 3602 2313 arbitrari

2023 2358 2308 2428 respondit
2341 2373 2354 2409 :
2393 2376 2410 2407 ι
2448 2354 2583 2409 Nam
2620 2355 2725 2410 etsi
2773 2354 3020 2416 viveret,
3064 2350 3281 2405 duabus
3314 2350 3382 2405 de
3413 2349 3601 2404 causis

2021 2465 2130 2505 non
2170 2449 2489 2519 repudiaret
2522 2447 2787 2501 honorem
2821 2452 3000 2510 tuum,
3032 2442 3115 2499 vel
3153 2449 3379 2512 propter
3417 2454 3605 2494 sacer-

2024 2542 2162 2597 dotii
2214 2541 2535 2613 dignitatem
2582 2553 2747 2610 quam
2805 2552 3022 2606 semper
3060 2542 3320 2609 venerata
3359 2539 3444 2586 est
3471 2570 3486 2594 ,
3520 2528 3605 2584 vel

2023 2642 2250 2705 propter
2285 2640 2498 2687 natura:
2552 2628 3065 2693 necessitudinem;
3127 2641 3308 2696 neque
3362 2623 3604 2677 alienum

2025 2722 2254 2778 duceret
2287 2721 2341 2777 id
2377 2720 2524 2792 quod
2571 2736 2601 2774 a
2645 2719 2817 2774 fratre
2862 2724 3011 2773 esset
3042 2733 3055 2769 :
3085 2715 3297 2770 idcirco
3348 2711 3608 2766 manibus

2025 2815 2193 2871 etiam
2220 2815 2330 2870 tuis
2360 2829 2564 2884 corpus
2600 2820 2661 2866 ut
2700 2821 2991 2866 curaretur
3021 2805 3324 2862 mandavit.
3371 2822 3390 2855 ι

2098 2996 2235 3051 Cum
2296 2994 2462 3063 igitur
2509 2994 2584 3049 ita
2622 2992 2803 3047 visum
2858 2997 3037 3054 esset,
3094 2994 3150 3043 et
3188 2996 3409 3039 sacrum
3476 2978 3610 3033 illud

334 3105 463 3165 ταῖς
506 3100 717 3164 ὀθόναις
767 3097 830 3151 τὸ
879 3095 1023 3169 ἱερὸν
1060 3095 1235 3147 ἐκεῖνο
1270 3091 1430 3162 σῶμα
1449 3129 1464 3153 ,
1499 3088 1797 3158 διελόμενοι
1828 3084 1927 3157 τὴν

2032 3104 2232 3161 corpus
2263 3088 2372 3159 tegi
2401 3086 2651 3142 vestibus
2682 3088 2986 3154 oporteret,
3038 3077 3283 3133 studium
3327 3074 3470 3127 inter
3506 3085 3607 3123 nos

339 3194 605 3265 σπουδὴν,
636 3190 796 3256 ἄλλος
830 3165 960 3244 ἄλλο
996 3204 1050 3242 τι
1084 3184 1212 3257 περὶ
1239 3183 1409 3255 αὐτὴν
1439 3179 1784 3250 ἐπενοοῦμεν.
1818 3176 1930 3231 Kal

2034 3174 2346 3238 dividentes
2380 3180 2529 3234 circa
2564 3177 2770 3245 ipsam,
2812 3172 2954 3226 alius
2992 3167 3143 3224 aliud
3176 3165 3561 3236 cogitabamus
3594 3178 3609 3216 :

340 3284 462 3356 ἐγὼ
511 3286 607 3356 μὲν
652 3283 753 3352 τὴν
804 3280 1007 3352 ἐσθῆτα
1061 3276 1168 3332 τῶν
1213 3275 1361 3347 ἐμῶν
1407 3291 1514 3327 τινι
1563 3269 1931 3343 προσαγαγεῖν

338 3374 786 3445 ἐνεκελευσάμην
809 3387 824 3404 °
866 3372 901 3444 ή
942 3368 999 3424 δέ
1034 3364 1468 3441 μνημονευθεῖσα
1517 3358 1803 3430 Οὐετιανὴ,
1831 3356 1931 3429 τὴν

340 3467 509 3538 ἁγίαν
558 3465 775 3538 ἐκείνην
814 3459 1059 3532 κεφαλὴν
1110 3460 1231 3522 ταῖς
1284 3454 1441 3517 ίδίαις
1484 3450 1644 3524 χερσὶ
1691 3464 1931 3503 κατακο-

344 3559 566 3631 σμοῦσα
590 3599 605 3622 ,
635 3555 823 3626 ἐπειδὴ
849 3552 990 3608 κατά
1018 3550 1110 3606 τδν
1141 3547 1346 3619 αὐχένα
1366 3544 1465 3617 τὴν
1494 3545 1650 3615 χεῖρα
1680 3542 1930 3611 ήνεγκεν,

350 3672 370 3705 ι
427 3651 582 3714 Ἰδοὺ,
611 3648 747 3720 φησὶ
769 3687 784 3707 .
822 3645 959 3718 πρὸς
1003 3642 1106 3714 ἐμὲ
1138 3638 1401 3712 βλέψασα,
1435 3631 1547 3699 οἷος
1587 3632 1934 3705 περιδέραιος

342 3742 555 3813 κόσμος
587 3741 685 3811 τῆς
726 3737 915 3807 Ἀγίας
960 3735 1272 3806 ἐξήρτηται.
1315 3749 1334 3783 ι
1368 3727 1474 3783 Καὶ
1516 3726 1630 3797 ἅμα
1657 3724 1818 3777 τοῦτο
1851 3723 1937 3776 λέ-

343 3853 550 3905 γουσα,
585 3830 859 3886 ἐκλύσασα
892 3828 985 3883 τὸν
1024 3825 1223 3896 δεσμὸν
1256 3825 1320 3877 ἐκ
1366 3820 1459 3876 τοῦ
1494 3818 1759 3880 κατόπιν,
1801 3831 1936 3886 προ-

346 3904 523 3981 έτεινε
562 3924 661 3995 τὴν
698 3924 880 3993 χεῖρα.
934 3918 1027 3974 καὶ
1075 3916 1348 3972 δείκνυσιν
1394 3913 1525 3984 ἡμῖν
1574 3907 1794 3979 σιδηροῦ
1840 3904 1935 3960 τοῦ

349 4014 588 4088 σταυροῦ
631 4013 722 4067 τὸν
766 4011 957 4076 τύπον,
1011 4008 1105 4063 καὶ
1146 4002 1430 4060 δακτύλιόν
1468 4015 1589 4053 τινα
1632 3999 1733 4069 τῆς
1767 3994 1937 4064 αὐτῆς

349 4084 524 4179 ὖληςλ
568 4106 712 4176 απερ
740 4102 1025 4175 ἀμφότερα
1053 4098 1255 4167 λεπτῆς
1295 4084 1812 4179 ὁρμιᾶςᾷἐξημμένα
1845 4085 1939 4179 ἐπὶ

348 4174 456 4270 τῆς
498 4174 723 4268 καρδίας
753 4191 1046 4255 διαπαντὸς
1086 4185 1175 4260 ἦν.
1206 4187 1315 4241 Kal
1348 4184 1457 4255 ἐγὼ
1483 4177 1655 4270 εἶπον·
1690 4199 1709 4231 r
1745 4174 1937 4231 Κοινδν

350 4266 596 4360 γενέσθω
627 4286 688 4339 τδ
716 4285 922 4356 κτῆμα.
970 4282 1079 4335 Καὶ
1114 4281 1179 4333 ob
1221 4279 1319 4350 μὲν
1348 4276 1437 4346 ἐχε
1476 4273 1539 4327 τὸ
1564 4269 1659 4325 τοῦ
1703 4266 1935 4339 σταυροῦ
1964 4266 1973 4271 ”

354 4358 726 4453 (ρυλακτήριον
748 4394 761 4407 ·
792 4376 916 4447 ἐμοὶ
958 4374 1013 4428 δὲ
1048 4370 1272 4443 ἀρκέσει
1311 4370 1345 4439 ή
1379 4365 1470 4420 τοῦ
1499 4360 1780 4418 δακτυλίου
1807 4358 1934 4428 κλη-

2030 3280 2085 3330 et
2118 3287 2221 3343 ego
2271 3268 2494 3339 quidem
2544 3266 2687 3335 jussi
2733 3263 2954 3319 cuidam
2994 3277 3061 3316 ex
3120 3258 3258 3312 meis
3299 3266 3359 3309 ut
3402 3261 3612 3308 vestem

2029 3359 2256 3416 atl‘erret
2302 3376 2318 3414 :
2369 3358 2459 3411 illa
2510 3369 2662 3419 vero,
2708 3367 2817 3423 qua
2858 3351 2928 3405 de
2973 3347 3310 3403 mentionem
3356 3343 3611 3405 iecimus,

2032 3451 2291 3507 Vestiana
2340 3447 2581 3520 propriis
2626 3442 2884 3499 manibus
2921 3455 3130 3497 ornans
3177 3445 3426 3493 sanctum
3478 3433 3612 3488 illud

2032 3551 2238 3613 caput,
2295 3555 2421 3595 cum
2480 3537 2602 3608 ejus
2660 3534 2865 3590 cervici
2936 3544 3161 3586 Inamtm
3236 3526 3613 3586 submisisset,

2039 3653 2059 3686 ι
2102 3633 2240 3688 Ecce
2267 3670 2282 3697 ,
2317 3628 2498 3698 inquit
2570 3626 2638 3681 ad
2675 3640 2760 3680 me
2804 3621 3137 3692 respiciens.
3174 3617 3337 3689 quale
3384 3631 3415 3671 e
3471 3613 3616 3667 collo

2034 3734 2241 3782 sancta:
2291 3721 2513 3777 monilis
2573 3722 2955 3773 ornamentum
3009 3709 3259 3782 pendet:
3319 3728 3337 3760 ι
3397 3715 3455 3761 et
3499 3705 3616 3757 lucc

2034 3820 2225 3875 dicens
2259 3813 2455 3871 solutis
2490 3825 2631 3882 pone
2667 3806 2909 3863 vinculis
2939 3802 3227 3875 praetendit
3282 3814 3447 3853 manu
3508 3795 3615 3875 fer-

2036 3926 2188 3965 reum
2220 3905 2405 3962 crucis
2439 3905 2680 3975 signum,
2714 3907 2769 3955 et
2797 3898 3061 3953 annulum
3090 3892 3384 3964 quemdam
3415 3905 3478 3945 ex
3527 3904 3619 3942 ea-

2036 4000 2159 4055 dem
2184 3997 2449 4061 materia;
2475 4008 2599 4065 quae
2614 3989 2836 4062 quidem
2861 3996 3095 4057 utraque
3113 3984 3263 4038 tenui
3291 3979 3619 4036 redimicqu

2039 4104 2281 4161 appensa
2307 4102 2524 4157 semper
2551 4083 2703 4140 cordi
2741 4081 3115 4137 adhaerebant.
3152 4075 3216 4128 Et
3240 4089 3363 4143 ego,
3401 4091 3418 4123 ι
3450 4069 3617 4124 Com-

2040 4182 2247 4249 munis,
2302 4180 2552 4249 inquam,
2590 4177 2663 4230 sit
2707 4174 2824 4228 haec
2868 4169 3177 4243 possessio.
3211 4167 3368 4218 Actu
3397 4162 3616 4233 quidem

2039 4276 2244 4331 habeas
2301 4270 2487 4327 crucis
2539 4268 2803 4337 insigne:
2850 4261 2984 4315 mihi
3043 4265 3223 4312 autem
3278 4252 3619 4307 hmreditatis

2041 4366 2230 4422 annuli
2279 4363 2418 4420 satis
2456 4362 2583 4422 erit,
2631 4377 2649 4410 ι
2685 4354 2961 4424 siquidem
2994 4351 3049 4405 in
3103 4348 3270 4417 hujus
3303 4345 3467 4399 etiam
3498 4343 3618 4412 pain

358 4439 655 4546 ρονομίαίί
692 4469 787 4524 καὶ
810 4439 920 4538 γὰρ
951 4466 1044 4518 ἐπὶ
1065 4439 1164 4533 τῆς
1193 4458 1382 4515 τούτου
1408 4452 1701 4527 σφραγῖδος
1723 4452 1752 4505 ό
1775 4465 1930 4503 σταυ‹

2042 4475 2180 4516 crux
2223 4464 2341 4512 erat
2381 4454 2669 4524 impressa.
2725 4446 2795 4501 At
2827 4459 2951 4501 eum
2997 4440 3197 4496 mulier
3246 4439 3467 4491 intuens
3496 4449 3623 4487 rur-

362 4540 454 4638 ρδς
487 4540 846 4635 ἐκεχάρακτο.
888 4551 961 4629 ᾯ
995 4554 1369 4615 ἐνατενίσασα,
1415 4549 1548 4620 φησι
1595 4544 1757 4599 πάλιν
1804 4540 1941 4614 πρὸς

358 4632 464 4730 ἐμὲ
495 4658 529 4728 ή
723 4669 739 4686 ο
781 4670 802 4703 ι
854 4651 970 4705 Οὐκ
996 4642 1387 4702 ἀποσκοποῦσα
1415 4642 1637 4709 γέγονεν
1671 4637 1705 4703 ἠ
1744 4632 1941 4703 ἐκλογὴ

359 4725 527 4804 τοῦδε-
557 4747 652 4801 τοῦ
687 4725 986 4815 κτήματος.
1020 4738 1215 4800 Κοϊλος
1252 4734 1361 4804 γὰρ
1402 4730 1544 4785 κατὰ
1586 4728 1685 4807 τὴν
1726 4725 1944 4797 σφενδό-

361 4858 463 4912 νην
495 4839 642 4893 ἐστὶν
666 4839 695 4891 ὁ
728 4833 1035 4896 δακτύλιος,
1066 4830 1164 4884 καὶ
1190 4830 1247 4881 ἐν
1279 4822 1426 4895 αὐτῷ
1453 4825 1517 4876 ἐκ
1538 4820 1634 4875 τοῦ
1659 4819 1815 4885 ξύλου
1843 4816 1947 4886 τῆς

364 4908 514 5003 ζωῆς
552 4928 1039 5001 κατακέκρυπται·
1091 4919 1187 4975 καὶ
1216 4917 1388 4980 οὕτως
1414 4914 1617 4970 ἀνωθεν
1642 4913 1676 4981 ή
1713 4908 1946 4979 σφραγὶς

364 5023 448 5094 τῷ
483 5021 597 5093 ἰδίῳ
637 5019 792 5091 τύπῳ
823 5015 1014 5090 μηνύει
1042 5011 1103 5068 τὸ
1131 5009 1506 5080 ὑποκείμενον.
1542 5023 1560 5057 ι

449 5115 540 5177 Ὠς
569 5090 627 5166 δὲ
655 5090 1254 5181 καὶίπερικαλυφθῆναι
1286 5104 1353 5172 τῇ
1385 5098 1570 5168 ἐσθῆτι
1601 5095 1663 5148 τὸ
1710 5090 1950 5164 καθαρὸν

369 5206 534 5277 σῶμα
570 5204 761 5275 καιρὸς
786 5198 891 5274 ἦν,
917 5198 1085 5270 κάμοὶ
1118 5196 1221 5266 τὴν
1257 5190 1532 5247 διακονίαν
1565 5187 1769 5256 ταύτην
1798 5186 1831 5254 ή
1868 5185 1950 5236 ἐν·

370 5275 501 5370 τολὴ
525 5300 625 5369 τῆς
652 5296 893 5369 μεγάλης
921 5292 1135 5363 ἐκείνης
1161 5285 1463 5357 ἀναγκαίαν
1490 5280 1681 5335 ἐποίειο
1701 5275 1951 5370 παροδσα

370 5389 453 5460 τῷ
489 5366 771 5462 ’ἔργῳ-καὶ
801 5381 1249 5453 συνεφαπτομένη
1275 5378 1309 5449 ἡ
1333 5377 1432 5446 τῆς
1465 5371 1705 5444 μεγάλης
1725 5366 1953 5462 Δἐκείνης

373 5458 508 5552 ἡμῖν
530 5458 899 5552 ᾇλήρονομίας
938 5473 1335 5544 κοινωνήσασα,
1381 5487 1399 5520 ι
1438 5465 1531 5537 Μὴ
1568 5458 1952 5552 παραδρᾷμξις,

2043 4542 2140 4609 sus
2172 4549 2240 4604 ad
2282 4563 2393 4612 me,
2432 4564 2450 4597 ι
2489 4545 2547 4598 ln
2592 4537 2908 4611 deligendo,
2941 4532 3143 4603 inquit,
3175 4546 3285 4585 non
3326 4525 3619 4585 aberrasti,

2042 4643 2243 4700 etenim
2272 4644 2570 4695 excavatus
2590 4644 2675 4689 est
2705 4628 2948 4685 annulus
2981 4623 3085 4680 sub
3110 4624 3230 4693 ipsa
3258 4619 3404 4690 pala,
3430 4616 3621 4684 ibique

2043 4738 2112 4793 de
2165 4735 2315 4805 ligno
2362 4732 2489 4785 vita:
2550 4724 2878 4798 particulam
2916 4717 3194 4774 conditam
3244 4712 3429 4773 habet,
3477 4706 3621 4779 quod

2045 4825 2476 4899 superadjaccns
2512 4818 2635 4891 pata
2664 4812 2833 4871 simili
2878 4819 3006 4865 nota
3038 4805 3332 4878 signiﬁcat.
3375 4822 3393 4854 ι

2116 5088 2388 5142 Caeterum
2441 5095 2565 5135 cum
2616 5087 2835 5148 tempus
2876 5075 3129 5143 posceret
3158 5075 3217 5121 ut
3250 5075 3463 5121 castum
3506 5079 3622 5113 ciu"

2049 5195 2155 5252 pus
2202 5183 2357 5230 veste
2405 5177 2725 5242 tegeretur,
2781 5163 2927 5237 quod
2990 5161 3210 5232 quidem
3273 5157 3517 5212 ofﬁcium
3561 5166 3625 5206 ex

2053 5244 2263 5339 magnae
2316 5261 2579 5319 mandato
2636 5257 2703 5313 ad
2762 5272 2848 5312 me
2909 5251 3215 5324 pertinebat
3285 5244 3626 5307 necessario,

2052 5373 2291 5430 cumque
2330 5368 2572 5427 praesens
2613 5357 2799 5417 esset,
2850 5362 2914 5402 ac
2956 5344 3119 5402 simul
3151 5344 3521 5397 contrectaret
3565 5351 3630 5391 ea

2052 5468 2175 5525 quae
2221 5464 2435 5506 mecum
2489 5459 2703 5516 magnae
2764 5441 2916 5496 illius
2971 5435 3308 5492 hereditatis
3354 5430 3631 5503 particeps

375 5520 565 5645 (ἕησὶν,
610 5520 959 5643 ἀζιστὲρητον
1000 5566 1061 5620 τὸ
1111 5520 1339 5637 μέγεθος
1371 5558 1480 5612 τῶν
1520 5520 1761 5622 imbvit;-

2057 5520 2260 5607 fuerat,
2297 5560 2317 5593 ι
2353 5538 2431 5595 Ne
2457 5533 2902 5611 praetermiseris,
2947 5530 3148 5601 inquit,
3182 5524 3385 5582 intueri
3423 5523 3499 5578 rei
3536 5520 3633 5575 ad-

2115 5637 2127 5645 ·
2254 5635 2269 5645 -
2379 5632 2395 5645 ·
2441 5631 2455 5645 ·
2612 5644 2621 5645 κ
2652 5644 2661 5645 κ
2687 5634 2757 5645 --Α
2790 5622 3047 5645 _-_e---_
3078 5616 3509 5645 .........:....I:.mm
3564 5641 3633 5645 φ

372 5616 582 5736 ταύτης
611 5616 1063 5735 κατορθωθέντων
1096 5616 1551 5727 δαυιμάτωνρ-Τί
1574 5616 1753 5711 mino;
1783 5662 1802 5695 ι
1822 5616 1930 5711 ἔφη’

2056 5635 2321 5693 mirandae
2344 5632 2415 5689 ab
2441 5631 2545 5687 hac
2573 5634 2764 5685 sancta
2789 5622 3049 5697 perfectae
3078 5616 3535 5689 magnitudinem.
3564 5641 3635 5653 -—

2067 5731 2093 5736 Α
2146 5729 2196 5736 --
2362 5728 2373 5736 .
2420 5734 2426 5736 Α
2494 5724 2507 5736 .
2602 5722 2662 5736 -..
2747 5721 2760 5733 .
3044 5716 3099 5736 ,,
3134 5713 3224 5736 ημ
3259 5716 3469 5736 “mm
3505 5720 3630 5736 ML

379 5755 514 5828 ἐγώ.
540 5735 621 5810 ΫἭ
661 5754 716 5810 δέ
767 5753 929 5827 μέρος
966 5768 1020 5807 τι
1057 5749 1151 5805 τοῦ
1183 5746 1409 5821 στήθους
1440 5735 1953 5815 παραγυμνῶσασα,

2057 5729 2329 5800 Quidnam
2362 5724 2509 5784 istud
2537 5722 2662 5780 est?
2693 5740 2710 5773 ι
2747 5721 2993 5791 inquam.
3037 5716 3104 5770 At
3134 5713 3227 5768 illa
3259 5716 3472 5781 partem
3505 5720 3631 5775 pec-
