4002 6206
471 333 566 390 99!

465 559 687 600 scurum
719 551 822 606 sub
840 555 982 610 collo
1005 557 1615 636 signum?»(Vidcbatur
1633 583 1812 630 autem
1832 590 2039 647 puncto

464 637 645 696 simile
703 646 854 699 tenui
911 663 1013 703 acu
1069 654 1380 726 confecto;)
1429 661 1702 734 simulque
1753 667 2037 728 lucernam

466 729 694 797 propius
735 733 976 790 admovit
1034 741 1099 794 ad
1146 743 1325 797 locum
1377 748 1509 802 mihi
1557 752 2035 812 demonstratum:

465 832 489 868 α
517 815 806 885 Quidnam,
834 825 1074 896 inquam,
1106 831 1587 903 admirantlum,si
1630 852 1791 901 tenue
1820 848 2038 919 signum

462 908 517 962 in
558 909 658 964 hac
701 923 855 981 parte
907 931 987 973 est
1011 920 1035 973 ἒ
1061 953 1128 962 -
1159 923 1221 978 Et
1256 925 1380 992 hoc,
1414 930 1610 1000 inquit,
1641 935 1808 992 divini
1846 943 2034 996 auxilii

457 1367 807 1435 medicabile,
836 1375 881 1428 si
919 1376 984 1430 ad
1019 1379 1138 1435 loca
1168 1386 1353 1440 cordis
1377 1394 1897 1468 appropinquasset,
1937 1419 2030 1458 ro-

458 1459 602 1526 gavit
627 1463 830 1531 srepius
855 1474 908 1520 et
932 1469 1240 1528 obsecravit
1275 1489 1468 1544 mater,
1500 1491 1558 1537 ut
1588 1487 1781 1543 medici
1810 1508 2028 1550 manum

458 1549 772 1608 admitteret
819 1572 832 1607 :
870 1572 990 1612 eam
1027 1577 1266 1635 namque
1298 1578 1472 1626 artem
1519 1591 1545 1628 a
1582 1576 1691 1633 Deo
1723 1599 1822 1651 pro
1853 1586 2031 1642 salute

457 1639 743 1703 hominum
783 1659 1065 1706 ostensam
1100 1671 1254 1724 esse;
1307 1661 1399 1716 illa
1449 1681 1579 1721 vero
1615 1685 1736 1724 cum
1787 1675 2025 1746 aliquam

455 1737 705 1804 corporis
725 1748 929 1807 partem
943 1744 1136 1802 alienis
1150 1751 1324 1807 oculis
1341 1757 1556 1824 aperire
1570 1763 1785 1819 morboi

453 1826 887 1899 vinsjudicaret,
905 1836 971 1890 ad
988 1853 1289 1909 vesperam,
1311 1862 1432 1901 cum
1457 1853 1670 1907 solitam
1705 1861 1864 1938 matri
1901 1877 2026 1932 pro-

453 1917 592 1984 priis
613 1923 865 1979 manibus
887 1941 1142 1985 navasset
1160 1949 1405 2004 operam,
1424 1941 1476 1996 in
1498 1948 1759 2001 sacellum
1788 1957 2024 2010 sanctis-

454 2008 654 2064 simum
671 2015 937 2083 ingressa,
956 2029 1124 2076 totam
1146 2036 1359 2082 noctem
1381 2043 1655 2100 prostrata
1673 2045 2022 2104 curationum

452 2097 564 2154 Deo
591 2107 939 2174 supplicavit,
971 2121 1023 2166 et
1054 2131 1174 2183 qnze
1197 2135 1260 2173 ex
1284 2125 1459 2179 oculis
1494 2128 1787 2198 detinebat,
1820 2152 2021 2207 aquam

449 2207 575 2243 cum
615 2201 760 2249 terra
786 2204 1563 2283 commiscens,lacrymarum
1593 2222 1790 2289 lutum,
1833 2229 2023 2285 morbo

448 2283 907 2345 medicamentum
942 2295 1214 2354 adhibuit.
1253 2302 1409 2360 Matri
1456 2319 1639 2366 autem
1673 2317 2018 2388 exanimatae,

448 2373 804 2448 hortantique
841 2392 899 2437 nt
928 2389 1141 2444 medico
1184 2401 1467 2462 uteretur,
1500 2403 1606 2456 sibi
1639 2405 1706 2460 ad
1742 2411 2023 2479 expellen-

447 2465 576 2522 dum
619 2475 871 2530 morbum
917 2483 1050 2536 satis
1086 2500 1208 2541 esse
1250 2493 1562 2560 respondit,
1618 2500 1665 2554 si
1716 2518 1881 2558 manu
1921 2521 2020 2562 sua

447 2569 625 2616 mater
679 2564 795 2634 ipsa
848 2569 1026 2625 locum
1083 2588 1276 2634 sancto
1325 2585 1484 2655 signo
1545 2595 1808 2651 muniret.
1873 2596 2016 2655 Cum

447 2647 615 2718 igitur
651 2664 825 2711 mater
860 2660 912 2714 in
949 2663 1131 2720 sinum
1186 2671 1306 2740 ejus
1363 2691 1584 2732 manum
1624 2683 1921 2753 intulisset,
1961 2700 2019 2745 ut

445 2755 563 2794 eam
597 2756 806 2812 partem
840 2753 1103 2822 signaret,
1133 2761 1350 2831 signum
1381 2771 1602 2837 quidem
1635 2779 1765 2844 egit,
1793 2782 2018 2841 morbus

445 2843 626 2887 autem
661 2839 816 2893 abiit.
853 2844 962 2899 Sed
1007 2849 1120 2904 haec
1155 2869 1320 2922 parva
1366 2869 1493 2913 nota
1515 2904 1529 2928 ,
1581 2839 1703 2921 loco
1732 2869 2016 2931 horribilis

445 2930 681 2984 tumoris
711 2939 989 3004 apparuit,
1017 2951 1070 2996 et
1102 2946 1167 3000 ad
1202 2948 1363 3004 litiem
1393 2968 1568 3025 usque
1600 2967 1922 3030 permansit,
1957 2977 2017 3023 ut

439 3029 624 3084 esset,
659 3029 1118 3092 quemadmodum
1153 3040 1421 3109 arbitror,
1467 3047 1668 3106 divinae
1703 3055 1824 3124 opis
1873 3058 2015 3115 indi-

439 3109 612 3177 cium,
643 3130 752 3186 quo
777 3120 844 3176 ad
880 3127 1118 3194 agendas
1141 3133 1350 3201 gratias
1377 3136 1487 3195 Deo
1509 3144 1856 3206 continenter
1893 3167 2013 3208 mo-
2039 3163 2083 3222 c

437 3213 680 3263 veretur.
727 3229 746 3262 ι

507 3472 871 3549 Posteaquam
923 3487 1109 3569 studio
1153 3504 1344 3552 nostro
1405 3500 1568 3559 tinem
1615 3506 2006 3582 imposuimus,

1004 3558 1016 3569 .
1559 3558 1562 3559 ν
1616 3558 2006 3582 _,,-r.-.-........,

433 3565 491 3615 et
538 3562 859 3627 domesticis
921 3578 1099 3648 copiis
1179 3599 1380 3656 corpus
1428 3601 1848 3670 exornavimus,
1901 3621 2008 3661 non

1278 3650 1293 3656 _
1567 3650 1594 3651 η
1675 3650 1848 3670 _,-___,

434 3650 633 3711 decere
668 3659 806 3717 dixit
834 3666 1091 3726 ministra
1131 3674 1218 3730 illa
1251 3693 1454 3750 corpus
1504 3685 1574 3739 ad
1605 3703 1824 3758 sponsa:
1855 3694 2010 3752 simi-

433 3743 724 3806 litudinem
787 3767 1044 3816 ornatum
1108 3778 1235 3824 ante
1281 3775 1473 3831 oculos
1533 3781 1803 3852 virginum
1855 3791 2005 3857 poni.

445 3853 459 3857 _
508 3836 613 3857 0-!
719 3853 730 3857 -
835 3847 847 3857 ‘
973 3853 983 3857 “

437 3853 459 3887 ‹
508 3836 615 3892 Sed
652 3853 777 3907 est,
835 3847 1047 3920 inquit,
1094 3859 1225 3914 milii
1260 3877 1326 3917 ex
1377 3874 1574 3926 vestrae
1615 3836 1806 3933 matris
1835 3836 2009 3936 vesti-

431 3931 634 3986 mentis
659 3935 874 4005 nigrum
905 3944 1153 4013 pallium,
1187 3953 1334 4020 quod
1367 3967 1538 4026 recte,
1570 3971 1629 4017 ut
1660 3981 1761 4038 ego
1785 3971 2006 4040 quidem

431 4021 635 4088 sentio,
665 4031 868 4093 poterit
896 4039 1242 4112 superinjici,
1273 4062 1343 4102 ne
1363 4058 1595 4111 externo
1631 4021 2008 4121 et‘adJentitio

429 4111 541 4170 isto
573 4121 808 4180 vestitus
831 4138 1030 4185 ornatu
1058 4134 1411 4203 pulchritudo
1435 4144 1548 4200 haec
1577 4163 1735 4206 sacra
1768 4153 2009 4215 illustre-

429 4209 540 4261 tur.
584 4228 603 4261 ι
639 4211 772 4278 ρυλε
810 4223 1086 4277 sententia
1121 4241 1245 4283 cum
1272 4233 1541 4292 valuisset
1567 4247 1622 4295 et
1651 4243 1875 4311 pallium
1909 4250 2008 4304 ad-

423 4295 632 4366 jectum
658 4317 840 4372 esset,
870 4312 990 4383 ipsa
1018 4323 1201 4374 tamen
1234 4322 1288 4376 in
1321 4329 1525 4385 amictu
1579 4336 1730 4405 pullo
1751 4377 1767 4404 ,
1819 4340 2003 4398 divina

428 4397 487 4441 ut
519 4393 762 4452 arbitror
792 4407 1056 4475 potentia,
1090 4418 1144 4466 et
1183 4413 1330 4472 hanc
1362 4393 1594 4492 corpori.
1615 4427 1850 4487 addente
1875 4450 2000 4505 gra-

427 4478 593 4547 tiam,
633 4485 708 4541 ita
743 4493 1102 4566 splendebat,
1140 4514 1197 4558 ut
1238 4478 1699 4577 quemadmodum
1737 4522 1790 4574 in
1818 4478 2001 4594 quoiete
2029 4500 2078 4561 υ

1255 4571 1270 4577 -
1820 4571 2001 4594 1---“,

423 4571 606 4629 visum
637 4585 978 4655 ostenderat,
1015 4594 1151 4649 radii
1188 4599 1409 4668 quidam
1444 4607 1607 4665 olane
1628 4627 1696 4666 cx
1721 4613 1843 4683 ejus
1880 4619 2002 4686 pul-

428 4661 729 4686 AL-!.__.)9,,
805 4673 816 4686 ι
1057 4680 1068 4686 -
1093 4681 1107 4686 -

425 4661 740 4725 chritudine
769 4673 987 4733 elucere
1017 4661 1356 4743 viderentur.

493 4752 716 4814 Interim
761 4762 889 4819 dum
923 4767 1038 4826 hazc
1081 4778 1380 4846 agebamus
1418 4794 1472 4840 et
1520 4791 1794 4863 virginum
1830 4809 1996 4854 cantu

423 4838 910 4912 lamentationibus
953 4866 1245 4923 commisto
1291 4838 1804 4951 resonabatlocus,
1853 4887 1996 4944 fama

422 4936 616 4989 nescio
649 4949 926 5008 quomodo
959 4955 1201 5027 undique
1256 4963 1452 5022 diﬂusa
1477 5009 1492 5034 ,
1545 4987 1738 5032 omnes
1778 4977 1998 5038 ﬁnitimi

421 5022 491 5078 ad
521 5023 686 5086 funus
717 5036 1122 5115 confluxerunt,
1146 5051 1284 5108 adeo
1312 5067 1369 5112 ut
1390 5075 1790 5125 concurrentes
1829 5073 1999 5128 vesti-

420 5115 610 5174 bulum
649 5138 758 5181 non
803 5144 1042 5201 caperet.
1071 5138 1206 5196 Cum
1247 5145 1414 5215 igitur
1453 5164 1726 5214 nocturna
1758 5165 1998 5235 pervigi-

420 5206 549 5235 I...:..
611 5225 662 5235 --ι
694 5217 720 5235 εγ

1268 5206 1296 5215 ν
1503 5206 1514 5208 ,
1540 5206 1726 5214 νε---ιυη
1758 5206 1965 5235 ,ινυυιυι

420 5206 574 5276 latio,
611 5225 668 5269 ut
693 5217 745 5272 in
779 5235 1078 5297 martyrum
1105 5237 1446 5308 celebritate,
1476 5250 1745 5307 canendis
1768 5253 1996 5322 psalmis

420 5302 568 5322 ...μ-ΡΑ
584 5311 627 5322 Αι
642 5320 655 5322 κ
822 5319 829 5322 -
900 5321 903 5322 ⁷

1433 5302 1443 5308 ,
1768 5302 1996 5322 ,-_-....-

419 5302 664 5368 perfecta
687 5319 836 5364 esset
857 5321 912 5368 et
939 5327 1350 5393 crepusculum,
1379 5334 1773 5397 confluentium
1799 5345 1996 5404 vicinis

416 5403 449 5442 ο
489 5392 624 5451 locis
668 5401 924 5462 omnibus
963 5410 1206 5470 virorum
1249 5429 1302 5474 et
1359 5425 1652 5483 mulierum
1700 5436 1995 5495 multitudo

416 5489 754 5551 psalmorum
796 5498 1238 5565 decantationem
1291 5513 1510 5574 ﬂetibus
1557 5521 1987 5597 interpellabat:

416 5589 519 5642 ego
571 5591 751 5640 autem
789 5595 1043 5658 quamvis
1097 5611 1327 5672 propter
1380 5609 1749 5670 calamitatem
1811 5621 1994 5676 animo

1703 359 1760 417 5.
1803 361 2134 425 GREGORH
2175 371 2472 432 NYSSENI

466 454 604 510 toris
630 455 951 530 denudans,
986 483 1005 516 α
1046 465 1210 525 Vides
1243 471 1376 535 hoc,
1413 475 1632 548 inquit,
1667 490 1832 542 tenue
1855 497 1909 542 et
1929 490 2016 545 ob-

2143 515 2161 546 ι
2203 497 2387 570 Ὁρᾷς,
2429 500 2555 570 ἔφη.
2584 504 2645 557 τὸ
2685 505 2879 562 λεπτδν
2919 509 3076 564 τοῦτο

3621 394 3716 450 992

3112 513 3210 565 καὶ·
3243 513 3451 581 ἀφανὲς
3480 515 3588 568 ὑπὸ
3627 516 3721 583 τὴν

2143 588 2340 661 δέρῤην
2390 598 2649 664 σημεῖον;
2691 617 2710 649 ι
2758 599 3027 670 Στίγματι
3067 605 3358 674 προσέοικε
3387 605 3474 659 διὰ
3518 607 3724 677 λεπτῆς

2145 683 2366 751 ῥαφίδος
2395 687 2754 761 ἐγγενομένῳ.
2795 694 2906 746 Καὶ
2947 695 3063 766 ἅμα
3090 696 3182 750 τὸν
3209 697 3396 767 λύχνον
3426 701 3724 770 ἐγγύτερον

2141 771 2313 824 ἐποίει
2363 773 2456 826 τοῦ
2499 775 2848 848 δεικνυμένου
2885 798 2977 851 μοι
3015 783 3204 839 τόπου.
3248 804 3268 836 ‹
3305 786 3367 837 Τί
3391 782 3504 850 οῦν,
3541 783 3724 849 εἷπον,

2141 860 2471 932 θαυμαστὸν,
2520 867 2566 918 εί
2612 869 2812 937 ἀφανεῖ
2856 888 2963 925 τινι
3004 874 3217 946 σημείῳ
3263 876 3323 929 τὸ
3367 878 3526 947 σῶμα
3576 881 3723 930 miti

2137 949 2294 1004 τοῦτο
2320 953 2483 1024 μέρος
2515 955 2788 1024 ἔστικται;
2819 990 2890 1000 --
2921 962 3030 1015 Καὶ
3080 963 3268 1028 τοῦτο,
3296 966 3454 1033 φησὶ,
3484 966 3581 1034 τῆς
3623 983 3714 1034 μευ

2138 1043 2310 1114 γάλης
2363 1045 2456 1098 τοῦ
2498 1047 2631 1100 Θεοῦ
2688 1049 2938 1121 βοηθείας
2987 1055 3327 1126 μνημόσυνον
3375 1056 3450 1126 τῷ
3505 1056 3714 1125 σώματι

2138 1133 2540 1190 ὑπολέλειπται.
2605 1139 2824 1213 Ἐπειδὴ
2871 1143 2980 1214 γὰρ
3013 1147 3168 1213 ἐφύει
3213 1147 3347 1198 ποτέ
3384 1164 3436 1199 τι
3486 1147 3633 1198 κατᾶ
3663 1148 3720 1200 τὸ

2138 1223 2304 1294 μέρος
2326 1226 2484 1281 τοῦτο
2517 1229 2687 1294 πάθος
2720 1233 2962 1305 ἀνιαρὸν,
2993 1237 3084 1288 καὶ
3114 1236 3357 1300 κίνδυνος
3383 1234 3452 1308 ἦν
3474 1240 3716 1307 ἀνατμη-

1932 1311 2034 1364 im-
2136 1315 2295 1384 θῆναι
2333 1319 2425 1371 τὸν
2451 1319 2634 1388 ὄγκον,
2670 1323 2703 1394 ἢ
2735 1324 2912 1395 πάντη
2947 1327 3040 1380 καὶ⁵
3069 1327 3285 1392 πάντως
3312 1330 3393 1392 εἰς
3420 1329 3716 1399 ἀνήκεστον

2134 1407 2417 1478 προελθεῖν
2439 1410 2500 1463 τὸ
2538 1412 2728 1479 κακὸν,
2762 1416 2809 1467 εί
2837 1419 2948 1480 τοῖς
2975 1417 3115 1469 κατὰ
3141 1418 3238 1487 τὴν
3273 1418 3501 1489 καρδίαν
3529 1418 3717 1481 τόποις

2133 1502 2418 1556 πελάσειεν
2443 1521 2457 1534 ·
2494 1503 2672 1558 ἐδέετο
2722 1507 2821 1576 μὲν
2853 1509 2887 1578 ἠ
2931 1509 3162 1580 Μήτηρ,
3185 1509 3368 1614 φησὶ,
3407 1509 3576 1614 πολλὰ
3623 1510 3717 1614 καὶ

2136 1595 2340 1648 ἱκέτευε
2375 1598 2782 1668 παραδέξασθαι
2815 1599 2908 1653 τοῦ
2936 1600 3116 1672 ἰατροῦ
3148 1601 3244 1673 τὴν
3271 1601 3610 1670 ἐπιμέλειαν,
3637 1601 3714 1663 ὡς

2131 1687 2226 1740 καὶ
2263 1687 2463 1758 ταύτης
2502 1691 2566 1742 ἐκ
2603 1688 2736 1742 Θεοῦ
2783 1691 2882 1759 τῆς
2923 1689 3114 1761 τέχνης
3159 1690 3251 1743 ἐπὶ
3293 1691 3537 1761 σωτηρίᾳ
3577 1691 3711 1759 φησι

1793 1782 2029 1840 Psosra—
2058 1829 2099 1853 π
2130 1777 2237 1830 τῶν
2271 1780 2572 1852 ἀνθρώπων
2616 1781 3084 1853 καταδειχθείσης.
3142 1783 3203 1835 'H
3236 1784 3292 1836 δέ
3323 1785 3384 1836 τὸ
3421 1784 3710 1853 γυμνῶσαί

2126 1888 2178 1924 τι
2219 1870 2311 1924 τοῦ
2355 1872 2607 1943 σώματος
2652 1873 2948 1944 ὀφθαλμοῖς
2993 1874 3312 1944 ἀλλοτρίοις,
3357 1875 3452 1928 τοῦ
3506 1877 3705 1938 πάθῡυς

2126 1979 2137 1982 -
2152 1981 2157 1982 ,
2173 1962 2217 1982 ηπ
2236 1980 2250 1982 -
2320 1961 2331 1978 ο
2354 1981 2373 1982 7
2388 1981 2397 1982 κ
2424 1981 2431 1982 ,
2456 1981 2459 1982 ,
2604 1965 2616 1982 Ι
2804 1967 2816 1982 ι
2919 1967 2929 1982 Ι
3201 1967 3217 1982 ς
3272 1967 3301 1982 tl
3350 1968 3361 1979 ι
3523 1970 3534 1982 1
3647 1968 3687 1982 ιο

2126 1961 2502 2034 χαλεπώτερον
2525 1965 2776 2034 κρίνασα,
2799 1967 3036 2037 ἑσπέρας
3059 1967 3491 2037 καταλαϐούσης,
3521 1968 3702 2074 ἐπειδὴ

2123 2057 2190 2126 τῇ
2232 2057 2419 2126 Μητρὶ
2462 2056 2562 2126 τὴν
2615 2057 2819 2130 συνήθη
2861 2058 2949 2111 διὰ
2991 2059 3098 2111 τῶν
3139 2059 3335 2129 χειρῶν
3398 2059 3700 2130 ὑπηρεσίαν

2125 2146 2470 2219 ἐπλήρωσεν,
2501 2149 2649 2211 ἐντὸς
2680 2149 2943 2221 γενομένη
2977 2149 3071 2203 τοῦ
3118 2151 3528 2222 θυσιαστηρίου,
3569 2169 3696 2202 παν-

2124 2237 2304 2307 νύχιον
2337 2239 2664 2310 προσπίπτει
2687 2239 2762 2311 τῷ
2781 2240 2899 2312 Θεῴ
2925 2241 3034 2294 τῶν
3062 2241 3257 2296 ἰάσεων
3276 2261 3288 2274 ·
3320 2245 3414 2296 καὶ
3439 2243 3503 2295 τὸ
3531 2245 3699 2314 ἀττορ-

2124 2331 2246 2404 ρέον
2277 2332 2385 2386 τῶν
2423 2332 2717 2403 ὀφθαλμῶν
2766 2333 2911 2407 ὕδωρ
2956 2333 3093 2406 πρὸς
3132 2335 3230 2406 τὴν
3267 2336 3372 2404 γῆν
3401 2335 3693 2443 ἀναχέασα.

2119 2425 2198 2497 τῷ
2228 2427 2290 2480 ἐκ
2324 2427 2432 2480 τῶν
2465 2427 2715 2499 δακρύων
2748 2428 2924 2500 πηλῷ,
2957 2429 3234 2500 φαρμάκῳ
3267 2428 3402 2500 πρὸς
3432 2429 3493 2482 τὸ
3531 2427 3696 2491 πάθος

2120 2516 2391 2588 ἐχρήσατο
2411 2534 2424 2547 ·
2463 2518 2560 2588 τῆς
2591 2518 2648 2571 δὲ
2692 2519 2911 2589 Μητρὸς
2942 2519 3169 2624 ἀθύμως
3196 2519 3558 2628 διακειμένης,
3603 2522 3700 2572 καί

2120 2606 2282 2660 πάλιν
2302 2607 2542 2662 ἐνδοῦναι
2565 2607 2640 2678 τῷ
2661 2609 2828 2680 ἰατρῷ
2853 2611 3295 2681 παρακαλούσης,
3312 2613 3494 2682 ἀρκεῖν
3517 2611 3633 2679 ἑλεῖ
3647 2629 3690 2673 ε,

2121 2697 2257 2768 πρὸς
2286 2697 2579 2767 θεραπείαν
2613 2700 2749 2770 αὐτῇ
2780 2699 2873 2751 τοῦ
2914 2700 3105 2766 κακοῦ,
3147 2703 3196 2753 εί
3229 2704 3294 2771 τῇ
3342 2701 3693 2806 latagum.)

2117 2789 2318 2860 Μήτηρ
2353 2790 2602 2843 ἐπιὸαλεῖ
2633 2789 2712 2860 τῷ
2751 2791 2901 2860 τόπῳ
2932 2790 3030 2862 τὴν
3072 2791 3233 2860 άγίαν
3275 2792 3560 2864 σφραγῖδα.
3608 2795 3690 2856 Ὡς

2117 2878 2173 2932 δὲ
2214 2880 2364 2944 ἐντὸς
2412 2882 2706 2954 ἐποιήσατο
2739 2882 2833 2936 τοῦ
2867 2883 3064 2936 κόλπου
3095 2884 3192 2956 τὴν
3221 2885 3381 2956 χεῖρα
3413 2886 3445 2955 ή
3475 2886 3690 2955 Μήτηρ,

2117 2972 2200 3040 ἐφ’
2229 2965 2274 3040 ᾧ
2304 2975 2730 3045 περισφραγίσαι
2757 2976 2819 3030 τὸ
2849 2977 3033 3048 μέρος,
3069 2980 3102 3046 ἠ
3141 2977 3238 3047 μὲν
3272 2979 3507 3047 σφραγὶς
3538 2979 3692 3046 ένῆΡ⁸

2116 3079 2222 3131 γει·
2253 3065 2314 3118 τὺ
2336 3066 2390 3118 δὲ
2413 3065 2581 3130 πάθος
2610 3069 2709 3121 οὐκ
2737 3064 2826 3140 ἧν.
2867 3086 2887 3120 ι
2928 3068 3088 3122 Ἀλλὰ
3123 3067 3314 3134 τοῦτο,
3349 3089 3366 3123 ι
3401 3070 3552 3138 φησὶ,
3585 3087 3604 3118 ‹
3634 3068 3688 3118 τὸ

2117 3155 2291 3228 βραχὺ
2324 3161 2568 3229 σημεῖον,
2599 3161 2692 3212 καὶ
2713 3161 2834 3213 τότε
2859 3161 2978 3215 ἀντὶ
3003 3160 3096 3214 τοῦ
3129 3160 3359 3264 φρὶκτοῦ
3390 3161 3574 3264 diinn
3602 3161 3687 3264 ἕλ-

2118 3263 2266 3312 κους,
2296 3249 2390 3302 καὶ
2419 3249 2578 3320 μέχρι
2605 3250 2791 3314 τέλους
2818 3251 3169 3324 παρέμεινεν.
3189 3252 3275 3316 Ὦς
3297 3251 3382 3316 ἂν,
3402 3248 3571 3322 οἶμαι,
3594 3255 3688 3320 τῆς

2115 3336 2266 3400 θείας
2293 3335 2636 3408 ἐπισκέψεως
2671 3341 3011 3412 μνημόσυνον
3043 3341 3128 3412 είη
3159 3343 3296 3412 πρὸς
3319 3344 3570 3413 ἀφορμὴν
3599 3343 3689 3395 καὶ

2115 3427 2371 3482 ὑπόθεσιν
2393 3430 2494 3500 τῆς
2521 3431 2800 3502 διηνεκοῦς
2823 3433 2960 3503 πρὸς
2984 3433 3074 3488 τὸν
3099 3434 3231 3487 Θεὸν
3242 3435 3683 3536 εὐχαριστίας.)

2195 3520 2348 3574 Ἐπεὶ
2379 3520 2437 3575 δὲ
2473 3522 2646 3594 πέρας
2688 3518 2833 3594 εἶχεν
2872 3525 3004 3594 ἡμῖν
3032 3525 3066 3594 ή
3099 3525 3337 3595 σπουδὴ,
3369 3526 3463 3577 καὶ
3495 3528 3557 3577 ἐκ
3587 3525 3691 3577 τῶν

2111 3611 2341 3667 ἐνόντων
2379 3613 2790 3686 περιεκοσμήθη
2829 3614 2890 3667 τὸ
2927 3614 3106 3686 σῶμα,
3139 3614 3300 3668 πάλιν
3327 3617 3490 3686 φησιν
3519 3618 3551 3685 ἠ
3582 3616 3690 3668 διά-

2111 3718 2287 3768 κονος,
2332 3703 2407 3775 μὴ
2459 3704 2689 3775 πρέπειν
2732 3705 3018 3776 νυμφικῶς
3067 3707 3403 3778 ἐσταλμένην
3436 3707 3601 3777 αὐτὴν
3634 3708 3689 3758 ἐν

2109 3793 2406 3866 ὀφθαλμοῖς
2433 3795 2543 3849 τῶν
2583 3795 2869 3868 παρθένων
2897 3797 3145 3869 ὁρᾶσθαι.
3188 3799 3400 3900 ιη’ΔλΥ
3424 3797 3546 3902 ἐστι
3578 3815 3688 3867 μοι,

2110 3885 2267 3958 φησὶ,
2314 3888 2414 3959 τῆς
2461 3889 2667 3960 μητρὸς
2710 3891 2810 3959 τῆς
2853 3888 3124 3996 ὑμετέρας
3165 3890 3283 3996 ,των
3315 3891 3490 3996 (pastini
3518 3908 3690 3996 πεφυο

2107 3976 2376 4049 λαγμένον
2401 3979 2613 4049 ἱμάτιον
2632 3997 2646 4011 '
2675 3979 2704 4032 ὃ
2729 3979 2935 4034 ἄνωθεν
2964 3981 3319 4083 ἐπιϐληθῇναι
3339 3983 3692 4083 καλιῦςὲχειν

2108 4070 2288 4142 φημί·
2342 4071 2419 4134 ὡς
2470 4071 2538 4125 ἂν
2589 4070 2664 4142 μὴ
2707 4070 2786 4141 τῷ
2824 4073 3132 4180 ἐπεισάκτῳ
3180 4072 3268 4178 διὰ
3314 4073 3412 4142 τῆς
3459 4072 3688 4180 {ci-pagg;

2108 4163 2318 4234 κόσμῳ,
2349 4162 2410 4214 τὸ
2434 4161 2578 4234 ἱερὸν
2604 4161 2763 4216 τοῦτο
2787 4163 2979 4228 κάλλος
3005 4164 3381 4236 λαμπρύνοιτο.
3422 4183 3441 4214 ι
3487 4162 3684 4230 Ἐκράρ

2104 4271 2187 4308 τει
2234 4253 2302 4308 τά
2345 4253 2672 4326 δεδογμέναο
2710 4256 2806 4309 καὶ
2841 4255 2903 4308 τὸ
2946 4255 3161 4326 ἱμάτιον
3211 4253 3511 4323 ἐπεϐλήθη·
3549 4257 3584 4324 ή
3627 4253 3692 4309 δὲ

2105 4340 2314 4417 ἔλαμπε
2336 4347 2430 4400 καὶ
2458 4348 2515 4400 ἐν
2543 4346 2622 4418 τῷ
2649 4347 2815 4418 φαιῷ,
2843 4349 2942 4443 της
2982 4347 3164 4412 θείας,
3197 4343 3371 4455 ρίμαι,
3403 4349 3693 4455 δυνάμεως

2109 4439 2202 4491 καὶ
2239 4438 2442 4510 ταύτην
2471 4439 2796 4511 προσθείσης
2827 4430 2924 4510 τὴν
2963 4441 3121 4511 χάριν
3155 4439 3232 4511 τῷ
3266 4439 3509 4510 σώματι·
3547 4440 3691 4493 ὥστε

2111 4529 2251 4582 κατὰ
2286 4529 2384 4601 τὴν
2410 4531 2503 4584 τοῦ
2535 4533 2785 4585 ἐνυπνίου
2814 4533 2936 4602 ὄψιν
2971 4533 3214 4604 ἀκριϐῶς
3238 4533 3416 4602 αὐγάς
3440 4550 3595 4596 τινας
3627 4534 3693 4586 ἐκ
3747 4552 3754 4563 ο

2105 4616 2199 4670 τοῦ
2235 4617 2462 4684 κάλλους
2496 4620 2794 4692 ἐκλάμπειν
2825 4621 3019 4676 δοκεῖν.

2190 4794 2276 4859 Ὠς
2303 4795 2359 4849 δὲ
2391 4799 2555 4868 ἡμεῖς
2591 4801 2649 4852 ἐν
2681 4800 2888 4866 τούτοις
2917 4797 3093 4874 ἦμεν,
3131 4804 3225 4856 καὶ
3268 4804 3325 4856 αί
3374 4803 3690 4874 ψαλμῳδίαι

2103 4887 2210 4941 τῶν
2243 4889 2528 4963 παρθένων
2559 4895 2670 4957 τοῖς
2694 4893 2910 4966 θρήνοις
2940 4896 3359 4966 καταμιχθεῖσαι
3388 4901 3689 4968 περιηχουν

2101 4981 2192 5036 τὸν
2219 4983 2400 5050 τόπον,
2422 4984 2520 5038 οὐκ
2541 4980 2634 5037 οἷδ’
2656 4987 2804 5050 ὅπως
2829 4987 2886 5038 ἐν
2909 4986 3090 5057 κύκλῳ
3115 4987 3448 5058 πανταχόθεν
3472 4990 3690 5060 ἁθρόως

2101 5075 2199 5144 τῆς
2229 5074 2413 5145 φωνῆς
2446 5075 2792 5148 διαχυθείσης
2811 5116 2825 5142 ,
2859 5079 3058 5142 πάντες
3086 5081 3135 5132 οἱ
3165 5081 3571 5152 περιοικοῦντες
3595 5084 3687 5134 ἐπὶ

2101 5164 2192 5216 τὸν
2222 5164 2383 5218 τόπον
2411 5166 2718 5239 συνέρρεονο
2743 5167 2820 5232 ὡς
2847 5169 3042 5238 μηκέτι
3082 5169 3142 5222 τὸ
3172 5169 3465 5242 προαύλιον
3500 5172 3686 5225 ἱκανὸν

2103 5248 2241 5307 εἶναι
2273 5259 2469 5326 χωρεῖν
2501 5261 2627 5326 τοὺς
2658 5259 3196 5338 συντρέχοντας.Τῆς
3215 5259 3308 5316 οὖν
3338 5265 3683 5333 παννυχίδος,

2105 5346 2234 5417 περὶ
2285 5347 2452 5419 αὐτὴν
2486 5351 2543 5402 ἐν
2596 5349 2907 5422 ὑμνῳδίαις,
2942 5353 3190 5425 καθάπερ
3241 5353 3333 5406 ἐπὶ
3387 5356 3685 5426 μαρτύρων

2104 5440 2483 5510 πανηγύρεως,
2506 5442 2851 5514 τελεσθείσης
2871 5462 2884 5474 ·
2922 5445 3108 5518 ἐπειδὴ
3140 5446 3331 5517 ὄρθρος
3361 5447 3598 5514 ἐγένετο,
3621 5449 3683 5500 τὸ

2106 5531 2205 5601 μὲν
2235 5531 2436 5602 πλῆθος
2469 5534 2575 5586 τῶν
2606 5537 2669 5587 ἐκ
2699 5535 2879 5606 πάσης
2912 5536 3013 5607 τῆς
3047 5538 3371 5610 περιοικίδος
3408 5539 3678 5610 συρρυέν-

2095 5640 2202 5676 των
2258 5623 2466 5695 ἀνδρῶν
2505 5626 2598 5678 καὶ
2640 5627 2949 5693 γυναικῶν,
2990 5627 3313 5700 ἐπεθορύσει
3353 5633 3476 5692 ταῖς
3509 5631 3676 5700 οἰμω-

2093 5717 2216 5784 γαῖς
2241 5715 2340 5787 τὴν
2368 5716 2684 5788 ψαλμῳδίαν
2708 5734 2722 5748 '
2750 5719 2861 5786 ἐγὼ
2887 5719 2964 5786 δὲ,
3006 5720 3184 5774 καίτοι
3219 5721 3403 5825 κακῶς
3434 5722 3534 5825 τήν
3566 5721 3673 5825 ᾠμ-

2094 5807 2193 5879 χὴν
2238 5807 2343 5862 ὑπὸ
2386 5809 2482 5879 τῆς
2537 5813 2821 5882 συμφορᾶς
2859 5811 3220 5879 διακείμενος.
3266 5815 3415 5884 ὅμως
3460 5814 3524 5868 ἐκ
3564 5814 3676 5868 τῶν

1829 6044 2094 6169 Α
