4002 6206
302 257 413 317 993
1504 261 1593 317 DE
1641 261 1803 319 νιΤΑ
1846 264 1882 318 S

1995 262 2300 322 ACRINM.
3466 272 3569 331 €94

300 377 536 436 ἐνόντων
567 377 838 443 ἐπενόουν,
869 380 917 433 εί
946 379 1188 446 δυνατὸν,
1225 380 1392 452 μηδὲν
1415 381 1523 435 τῶν
1546 383 1640 436 ἐπὶ
1668 383 1880 454 τοιαύτῃ

1999 383 2188 439 funere
2236 383 2648 440 desideraretur
2688 400 2703 440 :
2741 384 2928 456 itaque
2982 386 3346 444 confluentem
3400 405 3570 462 popu-

304 470 501 542 κηδείᾳ
543 469 866 542 πρεπόντων
898 472 1360 542 παραλειφθῆναι.
1407 475 1566 527 Ἀλλά
1597 476 1884 546 διαστήσας

1996 473 2108 526 lum
2141 474 2196 528 in
2227 490 2428 544 genera
2463 475 2802 531 distribuens
2822 517 2836 542 ,
2884 478 3291 549 mulierumque
3322 482 3572 534 multitu-

300 559 448 613 κατά
477 559 634 626 γένος
669 559 761 612 τὸν
811 561 1110 632 συρρέοντα
1146 562 1273 616 λαὸν
1295 602 1311 627 ,
1342 565 1436 618 καὶ
1477 564 1538 618 τὸ
1584 567 1641 618 ἐν
1680 566 1880 635 γυναιξῖ

1993 563 2177 616 dinem
2202 563 2521 620 admiscens
2558 567 2836 636 virginum
2875 568 3068 634 choro,
3119 573 3362 623 virorum
3392 580 3571 624 autem

301 650 509 722 πλῆθος
539 649 619 721 τῷ
660 651 771 704 τῶν
817 653 1104 723 παρθένων
1141 655 1552 726 συγκαταμίξας
1595 658 1760 728 χορῷ,
1802 659 1881 712 tbi

1994 655 2214 710 turbam
2298 657 2588 713 ascribens
2661 659 3062 714 monachorum
3130 662 3341 724 coetui,
3404 680 3569 716 ttnuul

301 743 364 798 δὲ
392 742 502 796 τῶν
535 742 745 811 ἀνδρῶν
775 742 950 812 δῆμον
982 743 1058 814 τῷ
1095 745 1205 798 τῶν
1242 745 1582 816 μοναζόντων
1615 747 1881 818 τάγματι·

1993 745 2285 814 quemdam
2311 761 2375 801 ex
2405 747 2657 817 utrisque
2684 748 2869 804 studui
2898 756 3083 820 aptum
3105 754 3569 820 concinnumque,

302 835 438 904 μίαν
465 835 522 902 ἐξ
547 835 828 905 ἑκατέρων
851 834 1128 907 εὔρυθμόν
1153 855 1211 891 τε
1243 839 1339 892 καὶ
1366 839 1704 912 ἐναρμόνιον,
1730 838 1882 893 καθά-

1994 843 2259 904 tauquam
2294 837 2348 890 in
2383 837 2624 907 psalmos
2659 841 2976 894 canentium
3010 855 3334 912 congressu,
3365 860 3394 898 e
3421 859 3571 898 com-

215 905 237 929 ¹
301 941 411 995 περ
459 927 516 978 ἐν
548 905 1044 996 χοροστασίᾳμτὴν
1089 927 1408 999 ψαλμῳδίαν
1453 905 1707 998 γενέσθαι
1755 948 1795 984 π

1994 929 2152 982 muni
2191 928 2435 983 omnium
2468 938 2741 986 concentu
2772 940 2896 1002 apte
2931 932 3290 1001 conjunctum
3322 937 3569 989 ordinem

295 1016 598 1080 ισκεύασα,
627 1016 716 1070 διά
735 1018 835 1088 τῆς
862 1018 1049 1088 κοινῆς
1081 1019 1296 1074 πάντων
1319 1021 1581 1090 συνῳδίας
1610 1021 1875 1094 εὐκόσμως

1993 1018 2306 1076 instituere.
2375 1019 2581 1076 Verum
2642 1037 2768 1077 cum
2828 1025 3090 1094 paulatim
3153 1025 3573 1095 progrederetur

296 1108 759 1180 συγκεκραμένην
785 1125 799 1141 ·
845 1109 922 1174 ὡς
959 1109 1015 1162 δὲ
1046 1111 1239 1183 προῄει
1267 1114 1387 1166 κατ’
1417 1113 1596 1182 ὀλίγον
1628 1116 1660 1186 ἡ
1687 1114 1869 1185 ἡμέρα

1993 1110 2133 1176 dies,
2176 1120 2232 1166 et
2262 1111 2418 1167 locus
2449 1127 2561 1182 prae
2586 1113 2981 1170 conﬂuentium
3015 1117 3368 1172 multitudine
3401 1133 3571 1189 angu-

294 1200 397 1253 καὶ
420 1201 841 1270 ἐστενοχωρεῖτο
868 1203 976 1264 πᾶς
1003 1202 1032 1254 ὀ
1052 1202 1152 1270 τῆς
1173 1205 1430 1274 ἐσχατιᾶς
1455 1205 1620 1268 τόπος
1650 1205 1726 1277 τῷ
1753 1206 1874 1278 πλή·

1993 1210 2115 1257 stus
2161 1201 2525 1269 redderetur,
2579 1204 2674 1274 qui
2728 1206 2778 1260 ei
2843 1207 3052 1276 regioni
3110 1207 3406 1278 prmfeetus
3451 1215 3571 1262 erat

295 1289 383 1344 οει
407 1290 516 1343 τῶν
546 1291 942 1362 παραστάντων
961 1331 975 1356 ,
1007 1295 1035 1346 ὁ
1062 1293 1170 1346 τῶν
1203 1294 1380 1348 τόπων
1412 1297 1636 1350 ἐκείνων
1666 1296 1755 1351 διὰ
1791 1297 1875 1368 τῆς

1991 1294 2307 1364 episcopus,
2333 1295 2568 1352 Araxius
2624 1297 2846 1352 nomine
2876 1297 3100 1365 (aderat
3125 1301 3268 1353 enim
3296 1315 3418 1354 cum
3449 1301 3570 1353 uni-

293 1381 608 1451 ἐπισκοπῆς
647 1382 926 1453 προεστὼς
960 1384 1242 1455 (Ἀράξιος
1289 1387 1459 1457 ὄνομα
1492 1387 1642 1459 αὑτῷ
1664 1405 1676 1419 ⁶
1709 1392 1873 1461 παρῆς

1989 1399 2152 1440 versa
2184 1386 2536 1442 multitudine
2560 1387 2952 1455 sacerdotum)
2979 1431 2994 1456 ,
3028 1390 3290 1460 praacepit
3314 1429 3328 1451 ,
3356 1397 3414 1444 ut
3441 1406 3569 1445 scn-

295 1472 410 1545 γάρ
455 1473 550 1527 σὺν
585 1473 748 1526 παντὶ
784 1473 862 1544 τῷ
896 1475 995 1545 τῆς
1027 1475 1324 1549 ἱερωσύνης
1355 1478 1716 1551 πληρώματι)
1745 1500 1875 1554 παρ-

1992 1475 2093 1529 sim
2117 1476 2451 1544 prteccderet
2478 1479 2918 1534 tabernaculum.
2943 1479 3077 1534 Nam
3100 1490 3156 1536 et
3183 1483 3316 1536 satis
3345 1483 3565 1553 longqu

294 1565 452 1633 ἀγειν
496 1564 680 1636 ἡρέμα
709 1567 1007 1637 παρεκάλει
1049 1568 1110 1620 τὸ
1155 1570 1420 1640 σκήνωμα
1444 1586 1458 1599 ⁸
1498 1571 1575 1635 ὡς
1607 1573 1801 1626 πολλοῦ
1831 1592 1874 1627 τε

1990 1567 2092 1620 via:
2122 1569 2470 1623 intervallum
2518 1570 2934 1636 intercedebat,
2995 1582 3048 1626 et
3104 1573 3396 1628 multitudo
3434 1575 3565 1626 alio-

292 1655 448 1717 ὄντος
497 1654 592 1707 τοῦ
653 1655 856 1724 μεταξὺ
909 1655 1315 1728 διαστήματος,
1361 1659 1458 1712 καὶ
1504 1660 1598 1713 τοῦ
1647 1662 1872 1733 πλήθους

1989 1660 2124 1728 quin
2155 1659 2223 1713 ob
2260 1669 2468 1715 motum
2503 1661 2874 1717 incitatiorem
2926 1663 3372 1733 impedimentum
3421 1673 3565 1718 attu-

297 1746 437 1816 πρὸς
462 1745 564 1816 τὴν
587 1745 849 1817 ὀξυτέραν
876 1746 1089 1816 κίνησιν
1114 1749 1364 1818 ἐμποδὼν
1384 1751 1766 1823 γενησομένου”
1791 1754 1877 1807 καὶ

1987 1750 2162 1806 lisset.
2194 1751 2398 1808 Deinde
2419 1769 2634 1817 omnes,
2661 1771 2799 1826 quos
2837 1756 2890 1808 in
2922 1771 3150 1811 munere
3174 1772 3275 1812 suo
3311 1757 3565 1813 obeundo

293 1838 414 1906 ᾰμα
447 1836 621 1891 ταῦτα
655 1837 826 1907 λέγων
853 1840 1244 1912 προσεκαλεῖτο
1277 1841 1483 1906 πάντας
1515 1844 1640 1908 τοὺς
1677 1845 1776 1914 τῆς
1806 1846 1873 1897 ίε-

1985 1841 2273 1898 ministros
2305 1843 2540 1900 habebat
2581 1854 2635 1900 et
2683 1847 3005 1916 adjutores,
3045 1859 3105 1904 ut
3142 1864 3239 1905 sua
3270 1851 3562 1920 praesentia

295 1927 546 2000 ρωσύνης
595 1929 742 2000 αὑτῷ
798 1931 1263 2003 συμμετέχοντας,
1313 1933 1388 1998 ὡς
1430 1933 1498 1989 ἂν
1541 1935 1606 1988 δι’
1657 1935 1875 1990 ἐκείνων

1471 1955 1498 1989 ν
1541 1935 1606 1988 δι’
1657 1935 1882 1990 ἐκείνων
1983 1946 2188 1989 corpus
2214 1933 2563 2001 decorarent,
2591 1936 2917 1992 cohortatus
2949 1947 3051 1994 est.

291 2017 586 2087 κομισθείη
620 2017 682 2070 τὸ
715 2017 894 2088 σῶμα.

381 2110 532 2163 Ἐπεὶ
552 2110 607 2164 δὲ
627 2109 787 2164 τοῦτο
810 2112 1075 2178 ἐδέδοκτο,
1100 2116 1194 2169 καὶ
1221 2117 1278 2169 ἐν
1296 2116 1480 2186 χερσὶν
1501 2111 1622 2189 ἦνή
1654 2117 1877 2191 σπουδή⁶

2055 2109 2188 2165 Cum
2218 2117 2400 2166 autem
2439 2111 2552 2168 haec
2587 2112 2659 2166 ita
2697 2114 3000 2168 constituta
3036 2115 3286 2172 studiose
3313 2132 3565 2186 gereren-

292 2201 506 2266 ὑποϐάς
533 2202 633 2273 τὴν
667 2203 854 2274 κλίνην
889 2205 1000 2274 ἐγὼ
1021 2246 1035 2269 ,
1068 2207 1318 2261 κάκεῖνον
1348 2209 1440 2262 ἐπὶ
1473 2208 1532 2262 τδ
1561 2209 1747 2280 ἕτερον
1788 2211 1872 2282 μέ-

1988 2206 2096 2264 tur,
2128 2214 2229 2268 ego
2259 2199 2518 2255 feretrum
2551 2200 2781 2256 subiens
2815 2201 2967 2256 illum
3019 2203 3303 2270 advocavi,
3340 2214 3398 2258 ut.
3437 2207 3568 2262 alte-

289 2310 389 2364 ρος
417 2293 933 2366 προσκαλεσάμενος
948 2313 962 2326 ο
987 2296 1161 2350 ἄλλων
1185 2315 1245 2350 τε
1269 2297 1362 2351 δύο
1385 2299 1492 2352 τῶν
1511 2301 1569 2352 ἐν
1592 2299 1670 2370 τῷ
1692 2300 1792 2370 κλή
1804 2318 1869 2372 pq

1987 2307 2099 2345 ram
2117 2301 2322 2362 partem
2352 2293 2682 2349 sustineret:
2717 2295 3054 2363 posteriores
3082 2311 3212 2351 vero
3242 2296 3567 2370 fcretripar-

283 2385 689 2456 τετιμημένων,
735 2386 796 2440 τὸ
838 2387 1082 2442 ὀπίσθιον
1123 2389 1223 2460 τῆς
1256 2390 1444 2459 κλίνης
1475 2391 1642 2462 μέρος
1680 2393 1863 2445 ὑπολα-

1983 2394 2067 2439 tes
2096 2383 2386 2438 subierunt
2415 2382 2506 2436 alii
2536 2383 2644 2436 duo
2661 2384 2728 2438 de
2757 2385 2908 2438 clero
2938 2385 3180 2456 insignes
3199 2387 3331 2442 viri:
3357 2390 3563 2444 sensim

285 2475 516 2542 δόντων,
552 2477 670 2547 ⁴ᾔειν
703 2476 795 2530 τοῦ
840 2479 1028 2548 πρόσω
1070 2463 1346 2550 ἐχόμενος,
1383 2480 1569 2552 βάδην,
1605 2482 1680 2546 ὡς
1711 2483 1865 2548 εἰκὸς,

1986 2477 2151 2547 igitur
2190 2476 2614 2547 procedebatur,
2644 2491 2770 2529 cum
2803 2486 2858 2531 et
2891 2477 2985 2546 qui
3021 2478 3289 2548 praeibam
3318 2479 3566 2548 pedeten-

285 2569 387 2622 καὶ
419 2571 538 2622 κατ’
571 2570 750 2638 ὀλίγον
791 2572 924 2641 ἡμῖν
967 2572 1258 2642 γινομένης
1305 2573 1406 2642 τῆς
1446 2575 1735 2645 κινήσεως.
1771 2576 1865 2629 Τοῐ

1983 2568 2081 2623 tim
2115 2567 2452 2633 incederent,
2483 2578 2537 2624 et
2567 2583 2670 2624 nos
2709 2569 2840 2622 item
2871 2569 3142 2636 gradatim
3183 2585 3560 2640 sequeremur.

284 2659 400 2729 γάρ
429 2659 556 2712 λαοῦ
592 2661 719 2730 περὶ
753 2657 851 2732 τὴν
889 2661 1076 2733 κλίνην
1107 2664 1570 2734 πεπυκνωμένου,
1622 2668 1715 2720 καὶ
1748 2669 1864 2722 πάν

1981 2659 2194 2714 Etenim
2254 2675 2380 2714 cum
2419 2659 2676 2730 frequens
2709 2660 2952 2730 populus
2989 2659 3257 2716 feretrum
3323 2661 3561 2717 circum-

282 2766 398 2803 των
430 2748 720 2819 ἀπλήστως
752 2750 984 2820 ἐχόντων
1012 2750 1106 2803 τοῦ
1149 2750 1296 2822 ίεροῦ
1329 2751 1537 2805 ἐκείνου
1569 2751 1862 2824 θεάματος,

1983 2758 2175 2812 staret.
2209 2765 2309 2805 nec
2341 2759 2446 2803 tam
2482 2751 2722 2804 mirabili
2755 2759 2811 2805 et
2843 2767 3006 2806 sacro
3029 2753 3349 2821 spectaculo
3375 2761 3563 2825 posset

282 2840 391 2892 οὐκ
415 2834 481 2910 ἦν
507 2841 564 2893 ἐν
584 2840 804 2912 εὐκολία
836 2839 933 2912 τὴν
962 2843 1186 2913 πορείαν
1211 2844 1342 2913 ἡμῖν
1378 2842 1712 2899 διανύεσθαι·
1753 2864 1862 2917 προ

1984 2842 2213 2912 expleri,
2240 2859 2352 2898 non
2385 2850 2506 2898 erat
2535 2841 2699 2897 facile
2727 2843 2890 2900 nobis
2929 2845 3032 2899 iter
3065 2844 3266 2910 facere,
3295 2861 3361 2900 ex
3413 2855 3564 2900 utra-

281 2933 474 3002 ηγείτο
489 2931 544 2985 δέ
565 2932 687 2985 καθ’
709 2932 968 3004 ἑκάτερον
1000 2933 1065 3004 μέ
1075 2951 1165 3003 ρος
1191 2934 1451 2988 διακόνων
1471 2953 1530 2988 τε
1546 2937 1638 2989 καὶ
1667 2937 1861 3009 ὑπηρε·

1985 2951 2087 3006 que
2127 2942 2308 2990 autem
2335 2943 2490 3005 parte
2521 2935 2869 3004 praecedebat
2894 2952 3003 2992 non
3043 2936 3277 3007 exiguus
3299 2937 3565 2992 diacono-

283 3022 398 3076 τῶν
454 3023 554 3076 οὐκ
587 3024 768 3092 ὀλίγον
824 3024 1050 3096 πλῆθος,
1081 3027 1359 3097 στοιχηδὸν
1386 3026 1482 3081 τοῦ
1517 3026 1863 3101 σκηνώματος

1984 3040 2100 3080 rum
2147 3025 2636 3095 ministrorumque
2666 3041 2954 3091 numerus,
2995 3027 3088 3098 qui
3125 3043 3320 3084 omnes
3371 3029 3564 3083 ordine

281 3115 704 3186 προπομπεῦον,
737 3116 836 3181 τὰς
875 3118 940 3170 ἐκ
971 3118 1141 3190 κηροῦ
1175 3119 1461 3191 λαμπάδας
1490 3119 1708 3192 ἔχοντες
1742 3123 1861 3176 πάν-

1979 3119 2413 3189 progredientes,
2443 3133 2710 3174 accensos
2739 3134 2931 3176 cereos
2965 3121 3219 3176 manibus
3253 3123 3559 3190 gestabant.

278 3223 407 3270 τες’
434 3208 529 3261 καὶ
559 3203 625 3279 ἦν
663 3223 748 3272 τις
788 3211 1026 3280 μυστικὴ
1079 3212 1271 3282 πομπὴ
1303 3212 1364 3264 τὸ
1406 3214 1711 3283 γινόμενον,
1747 3217 1858 3286 ὀμοι

1977 3211 2108 3276 Qua:
2137 3211 2360 3280 quidem
2400 3226 2596 3281 pompa
2621 3227 2732 3266 non
2757 3212 2979 3266 carebat
3019 3215 3301 3283 mysterio,
3357 3229 3481 3266 cum
3529 3229 3557 3267 a

282 3297 482 3365 φώνως
508 3299 606 3369 τῆς
635 3299 956 3371 ψαλμῳδίας
982 3301 1078 3354 ἀπ’
1107 3299 1294 3372 ἄκρων
1323 3303 1416 3355 ἐπὶ⁵
1444 3303 1725 3373 ἐσχάτους,
1749 3305 1862 3358 καθ·

1977 3301 2251 3371 principio
2307 3301 2373 3355 ad
2410 3301 2572 3356 finem
2637 3319 2813 3374 usque
2851 3305 3165 3358 decantatio
3225 3304 3556 3374 psalmorum

280 3389 430 3459 άπερ
460 3389 518 3440 ἐν
557 3392 622 3460 τῇ
651 3390 758 3442 τῶν
803 3391 968 3462 τριῶν
996 3391 1202 3444 παίδων
1233 3392 1498 3464 ὑμνῳδίᾳ,
1529 3393 1860 3464 μελῳδουμέ⁴

1979 3387 2162 3443 eadem
2190 3404 2324 3444 voce
2356 3388 2682 3461 triplicique
2706 3392 3026 3447 canentium
3051 3392 3268 3453 ordine.
3303 3394 3447 3448 sicut
3469 3395 3559 3450 ille

278 3499 404 3552 νης.
446 3482 618 3534 Ἐπτά
653 3481 710 3535 δέ
742 3481 932 3549 ὄντων,
968 3483 1000 3554 ἢ
1034 3482 1176 3536 ὀκτὼ
1203 3483 1308 3537 τῶν
1338 3486 1396 3536 ἐν
1443 3485 1595 3555 μέσῳ
1645 3485 1858 3538 σταδίωι

1976 3481 2138 3535 trium
2169 3497 2464 3552 puerorum
2504 3491 2701 3539 cantus
2725 3485 2769 3549 ⁸,
2803 3485 3202 3540 absolveretur.
3232 3487 3408 3541 Porro
3432 3504 3556 3542 cum

280 3575 396 3628 ἀπὸ
427 3575 526 3646 τῆς
557 3576 816 3645 ἐσχατιᾶς
843 3575 936 3628 ἐπὶ
973 3577 1064 3629 τὸν
1103 3574 1210 3628 τῶν
1240 3577 1411 3645 άγίων
1448 3577 1760 3650 Μαρτύρων
1791 3575 1860 3632 οἷ-

1977 3573 2118 3628 inter
2141 3589 2424 3630 secessum
2452 3583 2507 3630 et
2565 3585 2882 3631 sanctorum
2920 3585 3221 3648 martyrum
3252 3579 3445 3644 :edem,
3501 3581 3557 3634 in

279 3683 402 3726 κον.
438 3668 496 3719 ἐν
522 3661 567 3734 ᾧ
603 3667 700 3719 καὶ
739 3667 808 3720 τά
846 3666 953 3720 τῶν
984 3667 1185 3736 γονέων
1211 3669 1472 3722 ἀπέκειτο
1501 3655 1750 3740 σώματα·
1783 3670 1859 3725 διὰ

1975 3681 2079 3737 qua
2113 3674 2405 3737 parentum
2447 3666 2612 3721 etiam
2644 3681 2878 3738 corpora
2922 3668 3308 3737 quiescebant,
3347 3680 3555 3740 septem

281 3758 466 3828 πάσης
491 3758 674 3828 σχεδὸν
699 3759 799 3829 τῆς
827 3759 1044 3830 ἡμέρας
1076 3759 1230 3830 μόλις
1253 3761 1350 3833 τὴν
1375 3762 1491 3816 ὁδὸν
1512 3762 1861 3834 διηνύσαμεν.

1976 3766 2209 3828 octoque
2240 3757 2644 3813 intercederent
2687 3758 2884 3822 stadia,
2917 3765 3088 3812 totum
3126 3775 3294 3829 prope
3329 3760 3471 3815 diem
3502 3761 3556 3817 in

279 3850 354 3905 οὐ
393 3851 501 3922 γάρ
533 3851 618 3903 εἶα
661 3851 722 3904 τὺ
766 3851 999 3923 πλῆθος,
1036 3853 1096 3906 τό
1141 3871 1200 3906 τε
1241 3856 1630 3926 συνερχόμενον
1671 3856 1764 3910 καὶ
1807 3857 1859 3910 τί

1979 3864 2034 3906 eo
2066 3850 2248 3921 spatio
2284 3849 2627 3906 conficiendo
2664 3851 3145 3920 consumpsimus;
3199 3856 3559 3924 congredien-

278 3944 368 3996 ἀεὶ
411 3942 858 4015 προσγινόμενον,
900 3943 1042 3997 κατά
1070 3943 1296 4016 γνώμην
1327 3947 1426 4016 τὴν
1461 3946 1686 4017 πρόοδον
1719 3948 1858 4016 γενέ·

1975 3944 2105 3998 tium
2131 3943 2277 3998 enim
2313 3942 2607 3998 multitudo
2635 3959 2758 4014 qua:
2785 3943 3008 3999 assidue
3027 3945 3202 4016 magis
3233 3947 3555 4014 augebatur,

280 4034 426 4088 σθαι.
472 4035 688 4106 Ἐπειδὴ
724 4033 818 4091 οὖν
846 4036 996 4100 ἐντὸς
1023 4038 1117 4090 τοῦ
1145 4036 1296 4090 οἴκου
1330 4039 1694 4110 κατέστημεν,
1725 4041 1860 4094 ἀπο-

1972 4049 2079 4089 non
2121 4033 2335 4090 sinebat
2367 4048 2466 4089 nos
2520 4049 2585 4089 ex
2635 4035 2908 4090 sententia
2962 4037 3242 4106 progredi.
3300 4036 3407 4092 Sed
3463 4040 3552 4092 ubi

277 4126 500 4197 θέμενοι
543 4126 641 4198 τὴν
686 4127 893 4197 κλίνην,
928 4127 996 4180 τὰ
1039 4127 1234 4199 πρῶτα
1267 4131 1345 4193 εἰς
1382 4131 1687 4202 προσευχὴν
1720 4133 1857 4203 ἐτρε-

1973 4126 2112 4181 intra
2145 4125 2293 4180 fores
2350 4125 2536 4195 templi
2567 4127 2943 4189 constitimus,
3007 4126 3249 4191 demum,
3302 4129 3553 4196 deposita

276 4218 514 4288 σιτόμεθα⁹
543 4220 576 4289 ή
603 4219 659 4272 δὲ
688 4219 840 4289 εὐχὴ,
873 4218 1086 4291 θρήνων
1119 4219 1329 4288 γίνεται
1365 4221 1591 4292 ἀφορμὴ
1621 4220 1700 4292 τῷ
1723 4222 1856 4293 λαῷ.

1973 4214 2195 4278 feretro,
2264 4229 2366 4270 nos
2411 4215 2479 4268 ad
2549 4215 2921 4284 precationem
2974 4219 3390 4273 convertimus:
3433 4236 3553 4280 qum

274 4311 393 4380 Τῆς
445 4311 555 4381 γὰρ
607 4311 924 4383 ψαλμῳδίας
980 4313 1500 4384 κατασιγασθείσης·
1561 4317 1747 4387 ἐπειδὴ
1803 4318 1854 4372 τὲ

1967 4306 2187 4375 quidem
2224 4306 2469 4375 precatio
2508 4305 2712 4375 populo
2748 4305 2930 4359 luctus
2965 4307 3250 4360 materiam
3298 4310 3547 4377 praebuit.

278 4402 422 4472 ίερὸν
466 4403 644 4455 ἐκεῖνο
695 4401 985 4474 πρόσωπον
1031 4404 1088 4456 αί
1139 4405 1397 4475 παρθένοι
1451 4406 1857 4477 προσέϐλεψαν·

1968 4389 2198 4446 Silentio
2236 4392 2380 4445 etaim
2411 4392 2637 4462 psalmis
2677 4393 2943 4447 canendis
2981 4394 3258 4463 imposito,
3290 4413 3412 4450 cum
3456 4415 3548 4452 sa-

279 4447 415 4472 --τυ
467 4447 642 4455 -.--η-
702 4447 979 4474 "run.-.
1032 4447 1088 4456 ...
1146 4447 1397 4475 “ru.-.
1457 4447 1810 4477 ..γνηνηιγυτ

230 4473 370 4548 ίκαὶ
405 4494 436 4562 ἡ
473 4493 625 4562 σορός
657 4494 756 4565 ήδη
783 4493 890 4546 τῶν
924 4495 1124 4562 γονέων
1155 4495 1592 4559 ἀπεκαλύπτετο,
1620 4499 1677 4550 ἐν
1763 4517 1810 4552 κι

1969 4499 2116 4537 cram
2169 4484 2314 4537 illam
2347 4483 2578 4554 virginis
2648 4483 2841 4538 faciem
2876 4488 3240 4556 aspexissent,
3273 4501 3325 4543 et
3352 4507 3549 4559 parcn-

271 4583 533 4636 ταθέσθαι
572 4582 894 4654 δεδογμένον
923 4579 1012 4654 ἦν’
1051 4587 1179 4656 μιᾶς
1209 4602 1353 4650 τινος
1391 4586 1641 4651 ἀτάκτως
1663 4587 1851 4660 βοησά-

1966 4584 2082 4630 tum
2109 4577 2222 4646 jam
2255 4585 2402 4632 essi-t
2442 4575 2748 4644 patefactus
2778 4579 3044 4642 tumulus,
3075 4580 3126 4634 in
3191 4598 3350 4652 quem
3399 4583 3543 4638 illam

273 4691 374 4742 σης
401 4716 414 4739 ,
443 4676 525 4728 ὅτι
572 4675 754 4728 οὐκέτι
802 4678 940 4746 μετά
970 4676 1068 4746 τὴν
1101 4675 1248 4746 ὥραν
1277 4677 1480 4749 ταύτην
1527 4679 1588 4732 τὸ
1628 4681 1853 4746 θεοειδές

1964 4667 2386 4723 decreveramus
2425 4667 2650 4731 inferre,
2685 4685 2902 4737 unaque
2931 4687 3118 4726 earum
3153 4691 3253 4729 nos
3279 4683 3399 4744 post
3421 4691 3543 4730 eam

269 4767 430 4820 τοῦτο
476 4767 886 4839 προσϐλέψομεν
936 4768 1246 4839 πρόσωπον·
1295 4769 1371 4832 ὼς
1424 4772 1517 4824 καὶ
1564 4773 1621 4824 αί
1670 4771 1849 4828 λοιπαὶ

1965 4759 2157 4815 horam
2183 4760 2430 4815 divinant
2478 4761 2610 4815 illud
2645 4773 2810 4831 caput
2851 4780 2959 4818 non
2994 4767 3234 4834 amplius
3282 4777 3545 4836 spectatu-

270 4860 534 4930 παρθένοι
576 4860 636 4912 τὸ
687 4861 801 4913 ἴσον
849 4859 967 4930 μετ’
1015 4859 1187 4928 αὐτῆς
1235 4859 1550 4932 ἐξεϐόησαν,
1595 4862 1850 4932 σύγχυσις

1964 4870 2058 4910 res
2097 4855 2470 4924 perturbatius
2507 4857 2870 4917 exclamante.
2919 4867 2972 4912 et
3005 4860 3234 4928 reliquis
3283 4861 3542 4932 deinceps

264 4951 504 5014 ἄτακτος
533 4951 630 5022 τὴν
668 4950 929 5005 εῠτακτον
971 4950 1186 5022 ἐκείνην
1210 4953 1304 5005 καὶ
1346 4955 1642 5027 ἱεροπρεπῆ
1674 4956 1844 5027 ψαλμε

1963 4946 2268 5015 virginibus
2299 4946 2489 5004 eadem
2518 4948 2908 5006 vociferatione
2938 4952 3417 5022 subsequentibus,
3457 4956 3543 5011 in-

259 5042 434 5113 ῳδίαν
471 5042 678 5112 διέχεε,
727 5043 944 5097 πάντων
994 5041 1130 5114 πρὸς
1181 5042 1280 5114 τὴν
1315 5043 1424 5097 τῶν
1469 5046 1750 5118 παρθένων
1776 5049 1839 5102 ol-

1960 5037 2178 5092 condita
2215 5038 2463 5108 quzedam
2493 5040 2769 5105 confusio,
2799 5052 2947 5098 recte
2975 5046 3333 5100 constitutmn
3365 5058 3417 5103 et
3449 5065 3539 5104 sa-

266 5134 465 5205 μωγὴν
495 5133 950 5190 ἐπικλασθέντων.
972 5134 1152 5204 Μόγις
1171 5135 1228 5188 δέ
1259 5153 1387 5189 ποτε
1410 5138 1565 5208 ἡμῶν
1593 5138 1692 5210 τὴν
1725 5157 1846 5194 σιω-

1957 5145 2112 5185 crum
2165 5131 2319 5186 illum
2345 5131 2679 5199 psalmorum
2705 5145 2926 5189 cantum
2957 5145 3041 5191 est
3062 5147 3355 5191 consecuta
3377 5157 3390 5193 :
3412 5155 3535 5194 nam

263 5226 378 5297 πὴν
408 5226 782 5289 διανευόντων,
813 5226 909 5281 καὶ
940 5225 1037 5280 τοῦ
1066 5229 1306 5299 κήρυκος
1339 5229 1505 5301 εὐχὴν
1537 5231 1843 5304 ὑφηγουμέ-

1957 5223 2224 5292 virginum
2261 5222 2411 5276 luctu
2444 5221 2603 5278 fracti
2639 5227 2882 5280 omnium
2923 5228 3086 5282 animi
3118 5230 3537 5284 commoveban-

259 5337 382 5383 νου,
415 5322 511 5374 καὶ
541 5321 639 5385 τὰς
671 5321 922 5393 συνήθεις
953 5321 1253 5386 ἐκϐοῶντος
1276 5324 1342 5394 τῇ
1400 5324 1696 5399 Ἐκκλησία
1739 5346 1839 5398 cptu-

1958 5323 2068 5369 tur.
2106 5313 2296 5384 Itaque
2325 5314 2486 5370 nobis
2541 5325 2673 5371 nutu
2725 5317 3001 5374 silentium
3059 5320 3449 5390 imperantibus
3481 5328 3536 5376 et

256 5411 385 5476 νὰς,
417 5411 650 5483 κατέστη
684 5413 820 5482 πρὸς
846 5413 907 5467 τὸ
939 5414 1122 5486 σχῆμα
1150 5414 1246 5488 τῆς
1277 5415 1442 5488 εὐχῆς
1471 5417 1500 5470 ὀ
1534 5418 1677 5484 λαός.

1957 5421 2209 5479 praecone
2239 5415 2519 5478 praeeunte
2547 5420 2600 5463 et
2635 5409 2828 5466 solitas
2862 5410 3123 5467 Ecclesia:
3167 5426 3330 5467 voces
3363 5411 3537 5466 incla-

1958 5508 2163 5565 niante.
2194 5500 2284 5556 vix
2317 5500 2537 5558 tandem
2565 5502 2801 5572 populus
2831 5519 2889 5561 se
2917 5504 2985 5561 ad
3025 5502 3363 5578 precandum
3392 5519 3539 5562 com-

1957 5592 2153 5666 posuit.

371 5699 394 5733 ⁸
424 5698 556 5756 Dan.
607 5716 690 5756 Ill.
