4002 6206
455 287 563 345 995

1660 276 1717 330 s.
1753 272 2078 330 cneconn
2115 246 2408 328 uvsss'm

3614 271 3710 329 996

524 397 793 451 Cancrum
832 392 1222 449 convenienter
1267 390 1416 447 facto
1464 388 1729 462 precandi
1777 388 1886 444 line
1941 401 2029 443 me

2200 388 2311 442 Καὶ
2332 384 2517 457 ἐπειδὴ
2547 385 2608 440 τὸ
2635 383 2843 457 πρέπον
2870 383 2906 455 ἡ
2935 382 3069 456 εὐχὴ
3102 384 3278 456 πέρας
3301 384 3520 450 ἐλαϐεν,
3554 384 3715 455 φόϐος

454 487 625 540 timor
666 486 891 556 quidam
948 482 1154 538 invasit
1214 481 1655 538 considerantem
1696 487 2030 550 praeceptum

456 579 613 642 illud,
650 593 758 648 quo
792 576 1152 648 prohibemur
1184 574 1357 645 patris
1385 582 1481 629 aut
1511 573 1703 627 matn‘s
1739 569 2033 641 turpitudi—

455 686 579 724 nem
611 670 826 740 aperire
856 669 876 700 ⁸
904 687 917 721 :
955 666 1053 721 «Et
1079 665 1377 737 quomodo,
1418 665 1662 735 inquam,
1682 665 1783 718 hoc
1812 678 1913 733 ego
1942 662 2031 730 ju-

456 762 659 816 dicium
690 760 962 830 effugiam,
1000 760 1045 814 si
1074 759 1129 814 in
1159 765 1449 829 parentum
1480 756 1808 824 corporibus
1845 752 2034 809 videro

457 869 801 908 communem
856 852 1109 905 humanae
1170 859 1380 903 naturae
1437 846 1855 917 turpitudinem,
1908 859 2032 898 cum

455 942 754 997 verisimile
786 940 857 996 sit
883 955 945 993 ea
975 939 1219 1008 collapsa
1268 937 1656 1007 dissolutoque
1689 935 1756 990 ad
1814 942 2031 1005 turpem

455 1041 508 1086 et
540 1032 871 1086 inconditam
896 1029 1216 1100 pervenisse
1257 1028 1689 1083 deformitatem.
1721 1046 1739 1078 ι
1791 1025 1915 1081 Hzec
1938 1041 2036 1079 au-

456 1134 563 1180 tem
600 1125 732 1178 mihi
788 1123 1055 1193 cogitanti
1116 1121 1466 1176 formidinem
1520 1121 1676 1174 auxit
1729 1118 2035 1189 indignatio

389 1236 396 1248 ι
461 1215 656 1281 Noe",
693 1215 859 1284 cujus
927 1213 1160 1270 historia
1217 1228 1303 1268 me
1332 1213 1462 1283 quid
1505 1211 1651 1266 facto
1696 1226 1835 1282 opus
1890 1221 2036 1265 esset

455 1308 762 1362 admonuit.

527 1400 852 1470 Priusquam
881 1398 1051 1470 igitur
1093 1412 1325 1469 corpora
1385 1396 1592 1451 nostris
1645 1394 1824 1450 oculis
1849 1401 2035 1449 essent

453 1492 726 1561 exposita,
791 1505 925 1562 pura
981 1492 1212 1547 sindone
1290 1498 1483 1560 operta
1540 1496 1713 1543 sunt:
1750 1500 1875 1540 nam
1906 1500 2033 1541 cum

455 1588 778 1655 operculum
859 1591 1007 1639 esset
1094 1583 1373 1639 sublatum
1440 1597 1503 1636 ex
1579 1591 1811 1649 utraque
1881 1584 2036 1648 parte

458 1690 675 1729 summa
696 1715 710 1738 ,

2138 477 2209 548 μέ
2238 494 2328 541 τις
2352 476 2452 547 τῆς
2482 475 2633 539 Θείας
2659 474 2880 544 ἐντολῆς
2908 475 3238 547 εἰσέρχεται,
3272 477 3374 546 τῆς
3403 476 3715 547 κωλυούσης

2136 569 2341 641 πατρὸς
2393 569 2426 639 ἦ
2453 567 2655 640 μητρὸς
2685 566 3090 621 ἀνακαλύπτειν
3113 567 3523 639 ἀσχημοσύνην.
3559 585 3578 617 ι
3612 568 3718 620 Καὶ

2133 660 2283 724 πῶς,
2313 660 2448 730 ἔφην
2477 658 2609 728 ἐγὼ,
2644 658 2750 723 ἔξω
2783 657 2880 712 τοῦ
2912 658 3153 712 τοιούτου
3186 660 3486 728 γενήσομαι
3516 658 3719 729 κρίμαο

2132 766 2253 813 τος,
2288 749 2346 801 ἐν
2376 751 2486 811 τοῖς
2516 747 2625 801 τῶν
2653 747 2856 815 γονέων
2891 747 3107 819 σώμασι
3144 746 3353 816 βλέπων
3389 749 3490 817 τὴν
3532 748 3719 819 κοινὴν

2133 842 2232 913 τῆς
2264 840 2611 913 ἀνθρωπίνης
2645 840 2859 909 φύσεως
2889 839 3292 910 ἀσχημοσύνηψ
3331 840 3717 895 διαπεπτωκό·

2133 950 2261 993 των.
2293 932 2368 996 ὡς
2389 932 2556 996 εἰκὸς,
2585 933 2679 986 καὶ
2703 931 3123 1002 διαλελυμένων,
3156 931 3251 986 καὶ
3271 934 3348 994 εἰς
3373 933 3588 1004 εἰδεχθῆ
3627 951 3707 989 κα·

2133 1024 2463 1094 δυσάντητον
2486 1023 2759 1095 ἀμορφίαν
2786 1022 3255 1093 μταϐληθέντωνς
3295 1044 3312 1076 ι
3339 1026 3525 1079 Ταῦτα
3545 1027 3606 1079 δέ
3630 1043 3720 1097 μοι

2134 1117 2485 1188 λογιζομένῳ,
2520 1118 2614 1171 καὶ
2643 1117 2742 1187 τῆς
2774 1116 2869 1170 τοῦ
2910 1117 3036 1170 Νῶε
3074 1119 3215 1170 κατὰ
3240 1117 3336 1171 τοῦ
3364 1118 3554 1182 παιδὸς
3584 1122 3720 1187 ἀγα·

2135 1210 2449 1279 νακτήσεως
2483 1211 2857 1278 ἐπιτεινούσης
2888 1208 2978 1262 τὸν
3022 1208 3206 1278 φόϐον,
3255 1208 3622 1279 συμϐουλεύει
3659 1213 3720 1266 τὸ

2136 1308 2411 1379 πρακτέον
2439 1310 2472 1377 η
2503 1308 2713 1378 ἱστορία
2739 1308 2833 1361 τοῦ
2860 1307 3003 1362 Νῶε.

2218 1400 2596 1471 Ἐπεκαλύφθη
2631 1400 2740 1471 γὰρ
2774 1401 2968 1454 σινδόνι
2999 1401 3213 1472 καθαρᾷ
3237 1443 3252 1465 ,
3278 1402 3409 1472 πρὶν
3437 1403 3493 1454 ἐν
3523 1402 3724 1470 ὀφθαλο

2137 1496 2260 1563 μοῖς
2302 1491 2459 1563 ἡμῶν
2508 1492 2760 1559 γενέσθαι
2805 1493 2873 1545 τὰ
2920 1491 3146 1563 σώματα
3200 1496 3265 1564 τῇ
3310 1491 3403 1545 τοῦ
3461 1493 3724 1563 πώματος

2134 1585 2386 1657 ἐπάροει,
2418 1584 2540 1638 καθ’
2568 1584 2827 1656 ἑκάτερον
2852 1585 3020 1656 ἄκρον
3044 1584 3145 1655 τῆς
3170 1585 3403 1648 σινδόνος
3428 1586 3553 1638 ἅντε
3565 1583 3725 1639 ισιούο

805 1675 1034 1729 linteum
1113 1674 1376 1742 injectum
1456 1680 1541 1727 est
1601 1690 1615 1727 :
1666 1685 1777 1741 quo
1868 1669 2035 1723 linteo

2139 1692 2237 1746 σης
2257 1690 2270 1705 ’
2305 1675 2400 1727 καὶ
2428 1673 2602 1738 οὕτως
2633 1674 3092 1746 ὑποκρυφθέντων
3135 1678 3202 1746 τῇ
3236 1676 3436 1729 σινδόνι
3472 1676 3583 1728 τῶν
3618 1694 3722 1730 σω-

454 1768 723 1823 eontectis
792 1775 1078 1837 parentum
1154 1765 1507 1835 corporibus.
1604 1778 1706 1834 ego
1758 1770 1813 1815 et
1855 1761 2035 1831 regio-

2139 1736 2324 1835 ματων
2361 1736 2627 1837 ἀράμενοι
2675 1736 2790 1836 τῆς.
2808 1736 2997 1837 κλίνης
3036 1766 3098 1820 τὸ
3134 1736 3278 1838 ἱερὸν
3311 1768 3489 1821 ἐκεῖνο
3519 1768 3676 1837 σῶμα
3702 1810 3718 1830 ,

454 1861 544 1915 nis
600 1861 894 1928 episcopus
951 1859 1061 1922 ille,
1085 1856 1247 1925 cujus
1294 1858 1626 1910 mentionem
1659 1853 1782 1915 feci,
1834 1866 2034 1921 corpus

452 1967 485 2007 c
514 1951 712 2006 feretro
737 1952 988 2005 tollentes
1014 1951 1169 2019 juxta
1202 1961 1429 2003 matrem
1463 1948 1843 2018 opposuimus,
1869 1955 2035 2015 atque

455 2044 529 2096 ita
566 2050 748 2096 votum
786 2042 1072 2110 utriusque
1100 2041 1540 2110 complevimus:
1573 2052 1684 2092 uno
1707 2038 1855 2091 enim
1909 2051 2034 2090 con-

454 2148 617 2187 sensu
656 2147 873 2201 seu'per
896 2140 1190 2186 oraverant
1211 2131 1403 2196 Deum,
1453 2139 1510 2183 ut
1538 2127 1866 2197 corporibus
1911 2135 2035 2197 post

455 2231 689 2276 mortem
721 2223 1136 2292 copularentur,
1168 2230 1229 2276 ut
1283 2236 1405 2292 qua:
1460 2221 1603 2275 inter
1642 2219 1789 2289 ipsas
1856 2216 2035 2272 fuerat

454 2315 578 2368 vitm
603 2313 938 2383 conjunctio,
970 2329 1039 2368 ne
1095 2314 1150 2368 in
1197 2313 1315 2384 ipsa
1340 2311 1559 2382 quidem
1634 2318 1811 2364 morte
1835 2308 2037 2364 dissol-

451 2415 695 2459 veretur.

524 2495 660 2549 Cum
693 2504 875 2550 autem
906 2495 1071 2565 justis
1101 2494 1345 2565 legitime
1386 2494 1623 2563 peractis
1669 2488 2034 2545 recedendum

453 2596 625 2651 esset,
662 2597 977 2659 prostratus
1035 2586 1102 2641 ad
1155 2587 1426 2641 tumulum
1455 2591 1511 2640 et
1545 2584 1826 2655 pulverem
1871 2596 2038 2637 oscu-

457 2684 629 2745 iatus,
695 2681 876 2736 tristis
907 2690 960 2736 et
1015 2681 1326 2751 lacrymans
1360 2677 1734 2745 discedebam,
1790 2677 2040 2747 cogitans

454 2780 661 2843 quanto
698 2773 840 2827 bono
876 2773 988 2827 vita
1025 2782 1172 2828 esset
1203 2773 1418 2825 orbata.
1451 2768 1586 2823 Cum
1617 2769 1751 2822 mihi
1806 2770 1860 2823 in
1914 2768 2036 2838 ipso

455 2868 653 2923 itinere
681 2866 766 2917 vir
797 2863 1023 2933 quidam
1063 2860 1296 2917 illustris
1346 2864 1401 2914 in
1436 2876 1496 2914 re
1548 2858 1796 2923 militari,
1846 2859 1942 2928 qui
1978 2859 2034 2913 in

455 2960 680 3015 civitate
708 2957 891 3022 Ponti,
923 2956 1010 3009 cui
1048 2968 1248 3007 nomen
1294 2952 1577 3021 Augustae,
1610 2950 1719 3004 dux
1757 2949 2038 3006 exercitus

2136 1854 2246 1923 ἐγώ
2284 1873 2345 1908 τε
2379 1857 2475 1910 καὶ
2521 1858 2549 1910 ὁ
2596 1856 2990 1928 μνημονευθεὶς
3026 1858 3135 1912 τῶν
3169 1859 3352 1913 τόπων
3386 1859 3715 1923 ἐπίσκοπος,

2134 1950 2200 2018 τῇ
2230 1947 2400 2018 μητρὶ
2423 1948 2992 2019 παρακατεκλίναμεν,
3020 1948 3204 2021 κοινὴν
3228 1950 3566 2021 ἀμφοτέραις
3595 1952 3719 2022 πλη-

2138 2038 2356 2109 ροῦντες
2382 2039 2564 2110 εὐχήν.
2592 2039 2762 2093 Τοῦτο
2786 2039 2895 2111 γὰρ
2915 2039 3067 2112 παρὰ
3095 2042 3276 2093 πᾶσαν
3296 2040 3394 2113 τὴν
3415 2040 3560 2112 ζωὴν
3584 2059 3717 2111 cup.-

2137 2128 2330 2198 φώνως
2382 2131 2688 2202 ἀμφότεραι
2738 2131 2826 2185 τὸν
2876 2132 3008 2185 Θεὸν
3037 2131 3297 2204 ᾐτοῦντο,
3344 2134 3714 2205 ἀνακραθῆναι

2140 2222 2277 2292 μετὰ
2301 2221 2394 2276 τὸν
2429 2222 2660 2277 θάνατον
2684 2222 2938 2295 ἀλλήλαις
2963 2224 3033 2277 τὰ
3056 2223 3309 2296 σώματα,
3332 2226 3425 2279 καὶ
3450 2225 3550 2297 τὴν
3576 2227 3716 2279 uti

2135 2312 2228 2365 τὸν
2274 2311 2390 2383 βίον
2429 2313 2488 2366 ἐν
2526 2316 2593 2385 τῇ
2639 2314 2751 2385 ζωῇ
2794 2312 3079 2368 κοινωνίαν
3129 2314 3263 2386 μηδὲ
3292 2317 3353 2368 ἐν
3395 2314 3474 2387 τῷ
3506 2315 3715 2387 θανάτῳ

2134 2402 2536 2474 διαζευχθῆναι.

2220 2492 2376 2549 Ἐπεὶ
2400 2494 2458 2548 δὲ
2496 2495 2675 2549 πάντα
2703 2497 2837 2567 ἡμῖν
2866 2495 2935 2550 τὰ
2965 2498 3023 2549 ἐν
3051 2498 3119 2568 τῇ
3146 2496 3335 2568 κηδείᾳ
3357 2498 3715 2568 νενομισμένα

2138 2585 2495 2657 πεπλήρωτο,
2526 2586 2622 2641 καὶ
2658 2586 2763 2641 ἔδει
2798 2587 2959 2642 πάλιν
3006 2587 3107 2657 τῆς
3143 2588 3399 2642 ἐπανόδου
3428 2590 3714 2657 γενέσθαι,

2137 2677 2421 2733 ἐπιπεσὼν
2451 2678 2528 2750 τῷ
2553 2678 2729 2751 τάφῳ,
2758 2680 2853 2733 xui.
2879 2679 2977 2749 τὴν
3014 2680 3161 2732 κόνιν
3202 2680 3615 2751 ἀσπασάμενος,
3646 2683 3715 2734 εξο

2139 2771 2314 2842 χόμην
2343 2771 2506 2825 πάλιν
2535 2771 2638 2842 τῆς
2662 2770 2782 2825 ὁδοῦ
2811 2773 3061 2843 κατηφής
3082 2789 3141 2825 τε
3172 2772 3266 2826 καὶ
3293 2772 3710 2844 δεδακρυμένος,

2137 2862 2503 2933 λογιζόμενος,
2538 2864 2664 2916 ὅσου
2693 2862 2899 2932 ἀγαθοῦ
2932 2863 3215 2935 διεζεύχθη
3245 2867 3274 2917 ὁ
3302 2863 3434 2934 βίος.
3473 2865 3631 2917 Κατᾶ
3658 2865 3716 2918 δέ

2137 2955 2238 3025 τὴν
2264 2953 2382 3008 όδδν
2413 2955 2556 3026 ἀνήρ
2585 2971 2670 3019 τις
2708 2954 2820 3008 τῶν
2848 2957 2907 3009 ἐν
2936 2957 3194 3028 στρατείᾳ
3224 2955 3514 3026 λαμπρῶν,
3557 2974 3717 3027 στρα-

455 3060 597 3115 erat,
632 3051 819 3105 audita
877 3047 1213 3109 calamitate,
1250 3051 1417 3114 atque
1440 3059 1584 3114 aegre
1646 3041 1850 3107 ferens,
1908 3056 2033 3096 cum

2139 3046 2394 3118 τιωτικὴν
2435 3048 2731 3119 ἡγεμονίαν
2772 3046 2910 3118 ἔχων
2957 3048 3063 3101 τῶν
3104 3050 3163 3100 ἐν
3205 3048 3432 3120 πολίχνῃ
3475 3050 3581 3101 τινί
3612 3049 3720 3101 τῶν

457 3143 697 3200 subditis
737 3139 1049 3195 humaniter
1100 3134 1319 3191 obviam
1378 3131 1670 3204 processit.
1721 3129 1854 3184 Erat
1889 3130 2035 3186 enim

2144 3137 2286 3192 κατὰ
2316 3137 2408 3191 τὸν
2440 3138 2663 3199 Πόντον,
2695 3132 2729 3213 ᾗ
2761 3137 3153 3203 Σεϐαστόπολις
3183 3139 3356 3209 ὄνομα
3379 3179 3395 3204 ,
3449 3139 3585 3209 μετὰ
3613 3139 3720 3193 τῶν

455 3235 619 3292 nobis
646 3242 699 3287 et
749 3229 1036 3303 sanguinis
1066 3237 1119 3283 et
1146 3227 1404 3282 amicitia:
1437 3224 1845 3280 necessitudine
1906 3239 2035 3279 cou-

2143 3228 2405 3300 θπηκόων
2455 3228 2903 3301 ἐνδιαιτώμενος,
2949 3231 3231 3302 ἀπήντησέ
3274 3248 3336 3284 τε
3389 3231 3721 3300 φιλοφρόνως

454 3326 677 3396 junctus
699 3343 711 3377 :
731 3323 821 3376 hic
851 3320 982 3375 mihi
1017 3318 1084 3373 de
1117 3317 1235 3388 ipsa
1266 3317 1590 3372 miraculum
1609 3314 1871 3379 narravit,
1892 3314 2035 3385 quod

2141 3319 2262 3371 κατ’
2294 3318 2465 3390 αὐτὴν
2505 3318 2806 3389 γενομένῳ,
2847 3318 2943 3371 καὶ
2980 3320 3079 3389 τὴν
3126 3320 3414 3392 συμφορὰν
3460 3320 3720 3385 ἀκούσας,

460 3435 628 3472 unum
664 3416 974 3485 ailjungens
1005 3410 1250 3466 historiae
1287 3408 1483 3463 faciam
1537 3406 1813 3462 scribendi
1847 3408 2032 3462 tinem.

2139 3409 2233 3462 καὶ
2264 3409 2516 3479 χαλεπῶς
2542 3408 2782 3475 ἐνεγκὼν
2812 3405 2900 3481 (ἦν
2920 3410 3027 3482 γὰρ
3057 3411 3123 3482 δὴ
3149 3412 3261 3465 τῶν
3289 3413 3355 3466 ἐκ
3381 3412 3571 3481 γένους
3591 3418 3726 3486 ἡμῖν

459 3508 671 3564 Etenim
698 3521 822 3561 cum
858 3501 1113 3575 lacrymis
1141 3499 1362 3553 modum
1396 3498 1744 3561 adhibentes,
1793 3494 2034 3566 colloqui

2139 3499 2355 3552 οἰκείων
2373 3516 2434 3553 τε
2462 3501 2557 3554 καὶ
2578 3500 2941 3572 ἐπιτηδείων),
2968 3500 3271 3572 προσὲθηκέ
3295 3503 3386 3573 μοί
3405 3521 3459 3558 τι
3481 3504 3728 3576 διήγημα

457 3601 749 3670 coepimus,
779 3597 873 3651 ille
907 3593 974 3648 ad
1006 3610 1115 3657 me,
1148 3612 1165 3644 ι
1191 3590 1353 3654 Audi,
1409 3589 1611 3660 inquit,
1652 3588 1817 3659 quale
1859 3602 2035 3658 quan-

2141 3589 2236 3644 τοῦ
2268 3592 2385 3670 κατέ
2420 3591 2591 3663 αὐτὴν
2619 3590 2926 3663 θαύματος,
2953 3592 2983 3646 δ
3017 3592 3082 3664 δὴ
3114 3592 3209 3646 καὶ
3244 3593 3405 3664 μόνον
3440 3597 3729 3667 ἐγγράψας

458 3669 686 3760 tmuque
729 3689 932 3743 bonum
971 3684 1224 3757 migravit
1249 3698 1279 3738 e
1307 3683 1471 3745 vita”
1517 3690 1684 3752 atque
1728 3680 1805 3734 ita
1831 3693 2035 3734 sermo-

2141 3684 2209 3754 τῇ
2265 3669 2518 3755 ίστόρίᾳ,
2569 3684 2907 3739 καταπαύσω
2954 3684 3051 3757 τὴν
3101 3688 3447 3757 συγγραφήν.
3505 3688 3729 3760 Ἐπειδὴ

459 3801 581 3839 "cm
608 3796 839 3837 exorsus
869 3787 974 3833 εει,
1564 3778 1573 3783 ⁷
2142 3773 2250 3843 γὰρ
2287 3772 2643 3844 ἐπαυσάμεθα
2670 3773 2778 3828 τῶν
2802 3774 3073 3846 δακρύων,
3108 3776 3203 3829 καὶ
3234 3776 3315 3839 είς
3347 3776 3562 3846 ὁμιλίαν
3593 3795 3731 3832 κατ-

458 3875 715 3945 έστημεν,
756 3890 774 3923 ι
815 3872 1014 3924 Ἀκουε
1039 3907 1053 3933 ,
1102 3867 1268 3937 φησὶ,
1303 3865 1441 3936 πρός
1489 3881 1557 3935 με
1612 3862 1788 3933 λέγων
1854 3865 2081 3930 ἐκεῖνος,
2155 3858 2298 3931 οἷον,
2352 3866 2444 3919 καὶ
2490 3866 2615 3921 ὅσον
2658 3866 2862 3936 ἀγαθὸν
2919 3868 3018 3939 τῆς
3070 3867 3417 3941 ἀνθρωπίνης
3488 3871 3733 3942 μετέστη

457 3963 625 4036 ζωῆς.
658 3984 677 4015 ι
712 3964 821 4017 Καὶ
846 3961 1018 4015 ταῦτα
1046 3958 1236 4025 εἰπὼν,
1264 3957 1436 4021 οὕτως
1458 3957 1685 4030 ἄρχεται
1712 3956 1805 4011 τοῦ
1835 3958 2194 4029 διηγήματοςο

536 4077 554 4109 ι
583 4056 773 4129 Magna
807 4054 939 4109 mihi
970 4052 1241 4122 uxorique
1284 4065 1418 4105 mea:
1448 4049 1726 4120 quondam
1761 4050 2035 4120 cupiditas

2214 4070 2234 4101 ι
2276 4050 2525 4119 Ἐγένετό
2547 4068 2633 4115 τις
2657 4053 2789 4123 ἡμῖν
2822 4051 3089 4124 ἐπιθυμία
3118 4054 3249 4107 ποτὲ
3278 4056 3343 4125 τῇ
3383 4058 3595 4126 γαμετῇ
3632 4058 3736 4115 καὶ

460 4149 657 4206 incidit
685 4146 904 4203 videndi
941 4145 1163 4201 virtutis
1186 4142 1559 4215 gymnasium.
1593 4140 1685 4197 Sic
1717 4143 1920 4206 enim,»
1955 4143 2035 4197 in-

2139 4144 2261 4215 ἐμοὶ
2288 4143 2637 4209 καταλαϐεῖν,
2668 4144 2810 4199 κατὰ
2838 4146 3096 4216 σπουδὴν,
3128 4146 3190 4200 τὸ
3210 4146 3307 4218 τῆς
3334 4148 3533 4218 ἀρετῆς
3565 4166 3739 4220 φρονο

462 4244 601 4315 quit,
633 4262 651 4294 ι
693 4242 874 4296 locum
936 4238 1089 4293 illum
1155 4236 1211 4290 in
1262 4249 1374 4306 quo
1426 4233 1622 4289 beatus
1675 4233 1768 4288 ille
1824 4235 2035 4289 animus

2139 4236 2432 4307 τιστήριον.
2481 4235 2638 4289 υῢτω
2680 4236 2791 4308 γὰρ
2841 4233 2995 4308 οἶμαι
3047 4238 3266 4309 χρῆναι,
3294 4256 3312 4288 ι
3357 4238 3524 4308 φησὶ,
3568 4258 3591 4291 t
3633 4240 3737 4294 τὸν

462 4334 714 4404 degebat,
772 4329 1162 4401 appellandum
1215 4340 1339 4381 esse
1401 4325 1681 4390 arbitror;
1752 4325 2035 4381 nobiscum

2139 4327 2316 4400 χῶρον
2357 4329 2565 4381 ἐκεῖνον
2591 4327 3083 4398 κατονομάξεσθαι,
3117 4349 3136 4382 ι
3169 4330 3227 4382 ἐν
3254 4322 3299 4398 ᾧ
3316 4329 3412 4400 τὴν
3441 4329 3738 4404 διαγωγὴν

463 4433 645 4479 autem
678 4430 796 4479 erat
828 4422 1018 4483 ﬁliola,
1051 4420 1213 4490 cujus
1240 4418 1461 4473 oculum
1494 4432 1559 4471 ex
1592 4416 1873 4486 pestilenti
1895 4432 2035 4471 mor-

2145 4416 2288 4489 εἶχεν
2318 4420 2351 4489 ἠ
2389 4418 2634 4490 μακαρία
2675 4418 2845 4491 ψυχή’
2884 4420 3048 4491 συνῆν
3072 4420 3130 4474 δὲ
3159 4422 3291 4491 ἡμῖν
3323 4421 3419 4475 καὶ
3460 4421 3524 4475 τδ
3554 4421 3738 4493 θυγά-

464 4515 536 4571 bo
566 4515 852 4568 calamitas
887 4475 1210 4580 occuparat,
1261 4506 1400 4562 adeo
1440 4515 1501 4560 ut
1561 4475 1798 4561 obducta
1857 4507 2035 4561 tunica

2146 4475 2316 4578 τᾶον,
2430 4503 2475 4576 ᾧ
2501 4475 2585 4573 τίς
2612 4475 3335 4583 ἐκολοῗμώδους¹ἀρῤωστίας
3376 4494 3576 4584 συνέϐη
3604 4475 3740 4586 τὲᾏι

464 4607 615 4662 circa
654 4604 938 4675 pupillam,
975 4607 1376 4669 contractaque
1410 4598 1600 4653 albore
1647 4596 1851 4651 fmdum
1902 4600 2035 4649 esset

2143 4599 2235 4653 τὸν
2262 4599 2538 4671 ὀφθαλμὸν
2569 4604 2845 4673 συμφορά·
2878 4601 2969 4656 καὶ
3003 4597 3073 4673 ἦν
3110 4602 3294 4674 θέαμα
3328 4604 3571 4676 εἰδεχθὲς
3591 4647 3607 4670 ,
3638 4608 3738 4661 καὶ

465 4696 951 4763 miserandumque
977 4690 1376 4762 spectaculum.
1414 4687 1663 4743 Divinam
1705 4687 1875 4757 igitur
1898 4685 2035 4739 illam

2145 4690 2406 4756 ἐλεεινὸν,
2452 4692 2815 4764 παχυνθέντος
2855 4692 2948 4746 τοῦ
2980 4694 3107 4765 περὶ
3135 4693 3235 4767 τὴν
3274 4695 3443 4766 κόρην
3476 4698 3734 4767 χιτῶνος,

465 4793 687 4849 domum
729 4785 984 4858 ingressi,
1011 4785 1087 4838 ita
1126 4782 1364 4853 separati
1401 4795 1596 4837 sumus
1634 4780 1689 4834 in
1717 4793 1784 4834 eo
1829 4777 2035 4848 sapient

2146 4783 2240 4837 καὶ
2284 4784 2350 4837 ἐκ
2397 4784 2491 4838 τοῦ
2534 4783 2741 4849 πάθους
2781 4784 3282 4850 ὑπολευκαίνοντος.
3343 4788 3432 4851 Ὠς
3476 4788 3534 4841 δὲ
3583 4790 3740 4852 ἐντὸς

467 4884 555 4937 tia:
590 4880 905 4936 vacantium
944 4878 1086 4942 loco,
1150 4885 1209 4931 ut
1267 4890 1369 4947 ego
1411 4873 1631 4945 quidem
1685 4871 2035 4938 diverterem,

2144 4868 2286 4945 ἦμεν
2316 4877 2414 4944 τῆς
2448 4874 2595 4938 θείας
2627 4874 2843 4946 ἐκείνης
2876 4875 3193 4946 διαγωγῆς,
3237 4876 3539 4948 διελόμενοι
3592 4880 3740 4932 κατὰ

468 4975 562 5029 ubi
593 4972 915 5026 habitabant
941 4970 1069 5034 viri,
1119 4969 1323 5039 quibus
1355 4974 1587 5037 praeerat
1616 4963 1816 5020 Petrus
1871 4962 2035 5019 frater

2140 4966 2297 5035 γένος
2319 4967 2418 5037 τὴν
2438 4966 2726 5038 ἐπίσκεψιν
2753 4967 2863 5021 τῶν
2892 4969 2952 5022 ἐν
2978 4967 3056 5039 τῷ
3084 4968 3236 5038 τόπῳ
3264 4967 3736 5037 φιλοσοφούντων,

2141 5058 2253 5128 ἐγώ
2271 5076 2330 5113 τε
2355 5059 2446 5113 καὶ⁵
2467 5061 2501 5131 ἡ
2523 5059 2791 5131 όμόζυγος
2812 5076 2826 5090 ·
2852 5059 2963 5129 ἐγὼ
2982 5060 3082 5131 μέν
3112 5062 3170 5114 ἐν
3192 5059 3270 5131 τῷ
3299 5059 3531 5132 ἀνδρῶνι
3563 5062 3736 5132 ήμην,

471 5172 522 5216 ta
562 5159 800 5214 Macrina
831 5163 1166 5212 versaretur.
1207 5152 1305 5208 Hic
1322 5168 1445 5207 cum
1471 5149 1867 5221 aliquantulum
1894 5163 2035 5205 esse-

2141 5143 2216 5206 ὧν
2247 5151 2540 5221 καθηγείτο
2570 5153 2775 5225 Πέτρος
2807 5155 2836 5207 ό
2867 5154 2959 5218 σὸς
2987 5152 3216 5223 ἀδελφός
3235 5170 3249 5184 ·
3288 5156 3321 5224 ἠ
3354 5154 3411 5207 δὲ
3442 5153 3541 5208 τοῦ
3598 5172 3737 5225 παρ-

471 5271 592 5310 mus
629 5249 975 5312 commorati,
1015 5257 1231 5318 tempus
1280 5260 1404 5302 esse
1448 5244 1707 5300 duximus
1755 5252 1813 5297 ut
1864 5242 2035 5298 disce-

2144 5244 2372 5309 θενῶνος
2400 5246 2550 5311 ἐντὸς
2574 5247 2842 5318 γενομένη
2870 5250 2936 5319 τῇ
2982 5246 3140 5318 Ἀγίᾳ
3174 5246 3340 5315 συνῆν
3364 5262 3378 5275 ·
3410 5248 3736 5319 συμμέτρου

470 5346 750 5401 deremus.
778 5340 1008 5411 Jamque
1068 5338 1376 5393 discessum
1420 5335 1854 5399 adornabamus.
1918 5348 2035 5388 cum

2146 5335 2204 5390 δὲ
2228 5336 2605 5408 διαγενομένου
2645 5341 2703 5391 ἐν
2742 5338 2819 5409 τῷ
2850 5338 3054 5408 μεταξὺ
3091 5338 3496 5407 διαστήματος,
3538 5340 3734 5409 καιρὸν

471 5432 730 5501 utrinque
755 5428 915 5484 nobis
956 5434 1191 5481 humana
1219 5425 1467 5496 quaedam
1493 5426 1579 5481 vis
1602 5424 1752 5479 illata
1774 5432 1882 5481 est.
1907 5421 2035 5478 Nam

2152 5423 2289 5482 εἶναι
2325 5426 2419 5482 τοῦ
2449 5430 2755 5501 ἀποχωρεῖν
2795 5430 2894 5500 τῆς
2928 5429 3184 5500 ἐσχατιᾶς
3216 5429 3377 5483 πάλιν
3407 5426 3731 5499 ἐκρίναμεν·

470 5531 525 5577 et
564 5520 733 5577 frater
762 5529 887 5575 tuus
912 5517 1313 5588 miliijubebat,
1342 5526 1402 5572 ut
1436 5531 1715 5573 manerem
1748 5525 1802 5573 et
1828 5516 2035 5574 studio-

2153 5519 2246 5574 xai.
2291 5520 2390 5593 ήδη
2426 5520 2558 5592 πρὸς
2586 5519 2739 5575 τοῦτο
2773 5514 2840 5592 ἧν
2869 5519 3026 5591 ἡμῶν
3069 5521 3105 5592 ἡ
3152 5520 3319 5592 ὁρμὴ,
3356 5518 3657 5589 σύμῳωνος
3679 5517 3739 5573 δὲ

472 5079 619 5130 tuus,
653 5067 745 5119 illa
777 5074 960 5120 autem
979 5065 1129 5118 intus
1155 5062 1244 5117 ubi
1263 5068 1420 5115 erant
1449 5058 1715 5128 virgines,
1738 5072 1862 5112 eum
1882 5071 2044 5112 sanc-

580 5697 604 5729 ‘
640 5697 812 5753 Levit.
853 5714 1006 5754 svnt.
1082 5700 1101 5730 '
1142 5697 1277 5753 Gen.
1312 5713 1386 5752 Ix.
