4002 6206
293 308 397 364 9T1

1531 296 1620 353 DE
1648 293 1814 350 VITA
1856 290 1913 348 S.
1955 288 2316 347 MACRINAS.
3461 294 3563 349 993

304 421 429 495 mp’
460 417 737 491 ἑκατέρων
783 419 816 487 ή
863 415 991 488 περὶ
1037 416 1185 487 ἡμᾶς
1221 412 1587 485 φιλοφροσύνη
1640 409 1877 480 ἐγένετο.

2006 419 2174 459 ιοτιιιῐι
2205 417 2409 460 mensa:
2440 406 2717 476 particeps
2744 405 2971 471 ﬁerent;
3027 414 3081 461 et
3138 405 3295 463 beata
3331 407 3423 461 illa
3455 422 3565 462 non

308 494 466 586 Ἐμοί
508 530 569 566 τε
593 512 688 565 καὶ
708 512 737 564 ὁ
775 509 868 574 σὸς
900 507 1126 578 ἀδελφὸς
1162 507 1344 577 μένειν
1379 501 1755 566 ἐνεκελεύετο,
1787 501 1883 553 καὶΙ

2006 494 2296 550 limittebat
2317 509 2548 550 uxorem
2574 511 2775 563 meam,
2808 499 2903 554 sed
2942 498 3167 553 ﬁliolam
3202 498 3259 553 in
3294 497 3419 555 sinu
3470 515 3566 569 ge-

302 607 595 679 μετασχεῖν
635 602 737 673 τῆς
780 600 1070 672 φιλοσόφου
1115 599 1412 671 τραπέζης·
1455 597 1491 667 ἥ
1540 612 1601 650 τε
1638 591 1883 666 μακαρία

2006 604 2110 645 'ens
2142 603 2251 643 non
2274 588 2430 659 prius
2453 588 2600 644 illam
2654 605 2714 647 se
2764 591 3105 647 reddituram
3139 592 3342 658 aiebat,
3401 608 3566 663 quam

297 695 396 767 τὴν
428 693 568 765 ἐμὴν
602 693 851 763 γαμετὴν
876 690 936 744 ού
964 690 1161 761 μεθίει,
1194 687 1310 743 ἀλλ’
1350 688 1409 740 ὲν
1441 686 1660 747 κόλποις
1688 682 1887 753 ἔχουσα

297 789 359 842 τὸ
392 786 710 857 θυγάτριον,
760 784 820 837 οὑ
858 783 1122 852 πρότερον
1153 780 1338 849 ἔλεγεν
1386 777 1711 839 ἀποδώσειν,
1756 775 1886 847 πρὶν

297 871 579 944 τράπεζαν
614 871 807 925 αὑταῖς
842 866 1315 940 παραστήσασθαι.
1346 867 1442 920 καὶ
1475 862 1552 935 τῷ
1598 863 1699 935 τῆς
1741 863 1890 933 φιλο-

298 966 494 1035 σοφίας
519 961 879 1030 δεξιώσασθαι
909 960 1142 1032 πλούτῳο
1167 957 1396 1031 φιλοῦσα
1417 957 1494 1021 δὲ,
1522 953 1611 1010 οἷα
1632 955 1799 1020 εἰκὸς,
1828 954 1893 1009 τὸ

297 1058 535 1119 παιδίον,
566 1056 660 1109 καὶ
704 1056 1058 1128 προσάγουσα
1104 1053 1166 1105 τὸ
1208 1051 1383 1121 στόμα
1413 1053 1525 1113 τοῖς
1556 1048 1888 1120 ὀφθαλμοῖς,

299 1146 488 1216 επειδὴ
517 1141 625 1199 εἶδε
649 1144 710 1198 τὸ
739 1130 866 1215 περὶ
886 1143 983 1215 τὴν
1014 1143 1184 1213 κόρην
1209 1140 1401 1204 πάθος,
1444 1140 1569 1193 Ἐάν
1594 1156 1704 1210 μοι,
1736 1139 1889 1209 φησὶ,

300 1237 434 1290 δῶτε
462 1236 562 1305 τὴν
583 1236 764 1307 χάριν,
790 1236 885 1288 καὶ
912 1234 1012 1304 τῆς
1038 1232 1321 1306 τραπέζης
1344 1234 1476 1303 ἡμῖν
1504 1231 1889 1302 κοινωνήσητε,

302 1330 582 1384 ἀντιδώσω
620 1327 809 1399 μισθὸν
843 1328 969 1397 ὑμῖν
1000 1325 1100 1395 τῆς
1132 1325 1388 1396 τοιαύτης
1417 1325 1586 1395 τιμῆς
1623 1322 1723 1377 οὐκ
1756 1321 1889 1375 ἀνά-

304 1423 437 1488 ξιον.
477 1420 612 1473 Τίνα
639 1419 704 1491 δὴ
744 1418 955 1480 τοῦτον,
986 1416 1244 1488 εἰπούσης
1275 1420 1373 1489 τῆς
1404 1414 1497 1470 τοῦ
1530 1414 1744 1469 παῖδίου
1781 1431 1877 1484 μη-

301 1514 430 1586 τρός
447 1515 629 1583 ;Ἕστι
654 1529 743 1584 μοι
765 1511 1074 1582 φάρμακον,
1096 1512 1130 1582 ή
1151 1509 1377 1582 Μεγάλη
1394 1509 1577 1581 φησὶν,
1595 1508 1624 1561 ὃ
1646 1505 1888 1570 δυνατῶς

301 1600 415 1671 ἔχει
447 1600 509 1653 τὸ
536 1600 679 1653 κατὰ
715 1600 809 1652 τὸν
851 1598 1128 1669 ὀφθαλμὸν
1158 1597 1410 1651 ἰάσασθαι
1450 1597 1642 1660 πάθος.
1685 1596 1807 1649 Ἐπὶ
1831 1594 1889 1649 δὲ

1984 695 2231 737 mensam
2277 689 2623 752 apparasset,
2679 691 2734 738 et
2776 700 2883 740 nos
2930 685 3301 757 philosophia:
3359 686 3569 741 divitiis

1985 773 2315 844 accepisset,
2337 774 2642 844 puellulam
2678 783 2862 831 autem
2891 777 3154 833 osculans
3185 787 3239 833 et
3269 776 3570 834 admovens

1990 880 2055 920 os
2092 865 2276 921 oculis
2313 866 2461 935 ejus,
2495 867 2872 938 ubipupillam
2904 868 3153 925 all‘ectam
3182 869 3351 924 vidit:
3389 869 3445 923 Si
3466 871 3572 925 hoc

1987 955 2146 1024 mihi,
2190 956 2391 1027 inquit,
2426 959 2821 1014 eoneesseritis
2850 970 2910 1013 ut
2937 960 3080 1031 apud
3110 976 3209 1015 nos
3257 975 3380 1016 esse
3435 961 3570 1016 veli-

1990 1048 2080 1113 tis,
2109 1049 2337 1117 gratiam
2395 1050 2554 1105 vobis
2602 1051 2700 1105 tali
2750 1051 2958 1107 honore
3014 1068 3123 1107 non
3173 1053 3454 1124 indignam
3487 1068 3562 1108 re-

1992 1136 2184 1193 ferant.
2229 1138 2509 1210 Ecquam?
2541 1141 2721 1211 inquit
2760 1142 3011 1212 puellulm
3042 1154 3234 1199 mater.
3270 1142 3367 1198 Est
3416 1142 3572 1205 mihi,

1989 1230 2279 1301 respondit
2337 1216 2571 1301 magna,
2619 1233 3077 1290 medicamentum
3144 1234 3212 1289 ad
3268 1234 3574 1289 curandum

1997 1323 2145 1378 hune
2177 1324 2397 1378 ocuhun
2436 1326 2772 1397 appositum.
2834 1327 2965 1394 Quae
3004 1328 3222 1398 quidem
3281 1326 3577 1398 promissio

1995 1428 2121 1468 cum
2149 1414 2280 1469 mihi
2318 1430 2347 1469 a
2379 1416 2619 1486 quodam
2653 1433 2717 1472 ex
2759 1419 3033 1489 virginum
3073 1418 3319 1474 conclavi
3356 1417 3570 1471 nuntia-

1998 1515 2050 1560 ta
2076 1514 2251 1573 esset,
2279 1507 2512 1564 libenter
2558 1511 2884 1576 mansimus,
2931 1511 3265 1580 posthabita,
3299 1524 3421 1580 qua-
3472 1522 3575 1562 nos

1998 1597 2249 1665 urgebat,
2277 1597 2664 1667 proficiscendi
2707 1600 3058 1655 necessitate.

301 1691 555 1757 τούτοις,
601 1690 921 1763 δηλώματός
979 1707 1068 1761 μοι
1115 1690 1265 1761 παρὰ
1307 1689 1408 1760 τῆς
1453 1688 1899 1759 γυναικωνίτιδος
1934 1688 2162 1760 ἥκοντος
2200 1691 2306 1744 ὑπὸ
2333 1691 2433 1764 τὴν
2473 1693 2764 1763 ὑπόσχεσιν
2802 1694 3018 1766 ἐκείνην
3066 1692 3572 1765 καταμηνύσαντος,

304 1786 534 1855 ἄσμενοι
558 1782 993 1854 παρεμείναμεν·
1027 1780 1201 1852 μικρά
1224 1781 1606 1852 φροντίσαντες
1624 1781 1723 1850 τῆς
1753 1781 2082 1865 ἐπειγούσης
2107 1784 2254 1853 ἡμᾶς
2289 1784 2427 1855 πρὸς
2451 1784 2551 1856 τὴν
2580 1785 2891 1858 ὁδοιπορίαν
2920 1787 3187 1857 ἀνάγκης.

390 1896 408 1929 ι
448 1876 540 1940 Ὦς
563 1874 620 1927 δὲ
646 1873 798 1935 τέλος
818 1868 964 1943 εἶχεν
989 1872 1023 1941 ή
1049 1872 1271 1943 εὐωχία,
1301 1872 1397 1925 καὶ
1419 1872 1634 1943 πλήρης
1664 1866 1736 1942 ἦν
1766 1872 1900 1940 ἡμῖν

2077 1871 2244 1925 «Cum
2284 1873 2450 1943 igitur
2477 1875 2813 1938 convivium,
2850 1877 2992 1944 quod
3017 1874 3211 1931 Petrus
3242 1876 3580 1933 immanitate

305 1974 340 2043 ή
366 1968 520 2041 εὐχὴ,
551 1964 647 2020 τοῦ
680 1965 778 2036 μὲν
818 1963 1054 2036 μεγάλου
1102 1963 1310 2037 Πέτρου
1342 1965 1464 2027 ταῖς
1496 1963 1726 2026 οἰκείαις
1762 1977 1890 2033 χερ-

309 2063 396 2117 σὶν
422 2057 753 2132 εὑωχοῦντος
770 2059 942 2129 ἡμᾶς,
970 2058 1067 2112 καὶ
1089 2056 1492 2130 φαιδρὺνοντος,
1521 2057 1621 2125 τῆς
1653 2053 1709 2108 δὲ
1734 2054 1894 2124 ἁγίας

309 2152 620 2226 Μακρίνης,
651 2149 739 2204 διὰ
776 2150 959 2221 πάσης
996 2147 1304 2223 εὐπρεποῦς
1337 2146 1605 2220 θυμηδίας
1628 2146 1728 2220 τὴν
1765 2145 1897 2217 ὁμόο

309 2245 477 2316 ζυγον
495 2246 627 2316 ἡμῖν
646 2241 908 2312 ἀνιείσης·
937 2239 1080 2296 οὕτω
1114 2239 1495 2311 φαιδρύνοντες
1540 2238 1635 2291 καὶ
1662 2236 1889 2308 γεγηθό·

308 2355 423 2403 τες,
447 2337 546 2406 τὴν
570 2335 738 2405 αὐτὴν
758 2333 873 2387 ὁδὸν
896 2335 1246 2403 ὲπανῄειμεν,
1271 2330 1514 2401 διήγημα
1538 2330 1612 2400 τῷ
1636 2329 1806 2399 ἑτέρῳ
1827 2327 1893 2381 τὰ

311 2426 437 2480 καθ’
456 2424 647 2478 ἑαυτὸν
660 2424 916 2494 ἑκάτερος
937 2424 1071 2492 ὲντῇ
1088 2418 1363 2490 ὁδοιπορίᾳ
1383 2416 1537 2471 ποιοὺ
1546 2434 1714 2489 μενοι⁸
1740 2415 1896 2485 κάγὼ

315 2516 419 2589 μὲν
451 2516 694 2589 διεξῄειν
715 2514 781 2569 τὰ
824 2515 890 2568 ἐκ
917 2512 1012 2567 τοῦ
1048 2510 1340 2583 ἀνδρῶνος,
1371 2511 1469 2564 ὅσα
1507 2526 1567 2562 τε
1612 2505 1770 2571 εἶδον,
1801 2507 1898 2563 καὶ

310 2588 419 2661 ὅσα
436 2605 663 2676 ἢκουσαο
687 2588 887 2673 ⁹εκείνη
914 2602 971 2655 δὲ
994 2603 1061 2655 τὰ
1084 2600 1204 2655 καθ’
1226 2601 1454 2653 ἕκαστον
1478 2597 1894 2668 ὲκδιηγουμένη,

314 2697 569 2770 καθάπερ
601 2697 686 2767 ἐφ’
718 2696 978 2767 ἱστορίας,
1012 2693 1163 2747 οὐδὲν
1195 2694 1331 2765 ᾤετο
1352 2692 1483 2751 δεῖν,
1510 2691 1630 2744 οὑδὲ
1662 2691 1772 2743 τῶν
1810 2706 1899 2760 μιο

317 2790 488 2864 ιερῶν,
518 2785 975 2861 παραλανθάνειν’
1008 2783 1317 2847 ἀκολούθως
1344 2783 1400 2836 δὲ
1436 2782 1613 2835 πάντα
1646 2774 1899 2850 καθάπερ

319 2881 413 2937 ἐπὶ
455 2879 688 2951 συζυγίᾳ
728 2878 827 2948 τῆς
854 2877 1177 2948 συγγραφῆς
1206 2875 1479 2942 διεξιοῦσα
1505 2892 1519 2906 ο
1550 2874 1626 2937 ώς
1668 2872 1809 2926 κατὰ
1838 2871 1901 2925 τὸ

318 2973 487 3045 μέρος
514 2972 737 3041 γέγονεν
771 2972 969 3033 ὲκεῖνο,
1001 2969 1057 3023 ὲν
1093 2962 1138 3036 ᾧ
1166 2970 1199 3038 ή
1234 2967 1524 3037 ὑπόσχεσις
1550 2961 1759 3038 ἦν’τῆς
1803 2961 1900 3017 τοῦ

315 3062 601 3136 ὀφθαλμοῦ
655 3061 985 3133 θεραπείας,
1034 3060 1316 3129 ὲκκόψασα
1355 3059 1455 3130 τὴν
1503 3058 1795 3128 διήγησιν,
1835 3055 1902 3109 Τί

315 3156 512 3222 τοῦτο,
565 3155 734 3226 φησὶ,
796 3152 1180 3222 πεπόνθαμεν;
1238 3150 1361 3215 Πῶς
1401 3151 1498 3221 τῆς
1557 3148 1902 3219 ὑποσχέσεως

315 3213 677 3320 ἡμελήΙσαμεν
700 3213 802 3310 ,τὸ
845 3213 1179 3313 ὲπαγγέλθὲν
1224 3213 1355 3313 ἡμῖν
1399 3213 1574 3295 ἐκεῖνο
1614 3242 1673 3293 ὲν
1699 3213 1904 3295 ’κολλυ-
1929 3213 1972 3271 C

322 3341 429 3413 ρίῳ
467 3339 795 3411 φάρμακον;
848 3335 1037 3408 Κάμοῦ
1094 3332 1633 3405 συνδυσχεραίνοντος
1693 3331 1788 3385 ἐπὶ
1835 3333 1905 3403 τῇ

318 3431 554 3503 ἀμελείᾳ
580 3471 594 3497 ,
638 3429 733 3483 καί
781 3445 903 3483 τινα
977 3426 1065 3480 διὰ
1106 3427 1306 3497 τάχους
1359 3424 1650 3496 ἐκδραμεῖν
1694 3424 1789 3476 ἐπὶ
1844 3420 1909 3476 τὸ

318 3526 617 3598 φάρμακον
645 3519 1114 3592 ἐγκελευσαμένου
1134 3562 1148 3585 ,
1198 3518 1385 3589 βλέπει
1415 3517 1555 3571 κατά
1595 3515 1657 3569 τὸ
1692 3514 1908 3586 συμϐὰν

320 3620 465 3693 πρδς
491 3617 590 3689 τὴν
622 3615 834 3687 μητέρα
861 3615 918 3666 ὲν
946 3614 1064 3675 ταῖς
1092 3612 1279 3682 χερσὶν
1306 3608 1365 3663 ὃν
1394 3609 1495 3680 τῆς
1513 3607 1910 3680 τιθηνουμένης

320 3714 386 3768 τὸ
425 3711 641 3783 νήπιον,
685 3710 780 3763 καὶ⁵
816 3709 849 3776 ἡ
889 3708 1071 3779 μήτηρ
1102 3706 1215 3768 τοῖς
1249 3704 1546 3774 ὀφθαλμοῖς
1588 3702 1685 3757 τοῦ
1712 3702 1906 3775 νηπίου

322 3802 723 3865 ὲνατενίσασα,
771 3794 952 3854 Παύου
979 3841 994 3865 ,
1051 3797 1222 3869 φησὶ,
1271 3796 1639 3868 δυσχεραίνων
1693 3796 1786 3849 ἐπὶ
1838 3797 1906 3868 τῇ

322 3893 575 3966 ἀμελείᾳ.
610 3891 838 3965 Μεγάλῃ
885 3890 1043 3944 τοῦτο
1089 3890 1242 3960 φωνῇ
1285 3889 1391 3941 ὑπὸ
1438 3889 1613 3959 χαρᾶς
1656 3886 1771 3959 ἅμα
1816 3888 1908 3941 καὶ

322 3981 642 4055 ἐκπλήξεως
663 3983 916 4052 λέγουσα.
966 3979 1094 4034 ’1δοὺ
1119 3979 1227 4051 γὰρ
1249 3979 1398 4033 οὐδὲν
1422 3978 1756 4032 ἐλλέλειπται
1779 3980 1910 4050 ἡμῖν

324 4077 438 4132 τῶν
484 4075 908 4147 ἐπηγγελμένων
928 4090 943 4106 ο
975 4066 1113 4127 ἀλλά
1146 4071 1208 4124 τὸ
1241 4071 1495 4142 ἀληθινὸν
1526 4071 1741 4141 ἐκείνης
1772 4072 1911 4144 φάρ-

327 4184 527 4241 μακον,
561 4166 622 4219 τὸ
658 4164 766 4218 τῶν
805 4162 1145 4233 παθημάτων
1183 4160 1446 4231 ἰατρικὸν,
1506 4161 1645 4231 ὅπερ
1682 4161 1828 4214 ἐστὶν
1882 4163 1909 4232 ἡ

329 4261 396 4311 ἔκ
417 4256 525 4310 τῶν
555 4255 730 4327 εὐχῶν
764 4252 1027 4325 θεραπεία
1045 4290 1059 4315 ,
1096 4252 1191 4304 καὶ
1222 4249 1411 4315 ἔδωκε,
1442 4251 1533 4304 καὶ
1557 4248 1781 4321 ἐνεργὸν
1808 4248 1909 4320 ἤδη

331 4349 554 4419 γέγονε,
604 4347 701 4400 καὶ
743 4343 1127 4398 ὑπολέλειπται
1176 4342 1273 4414 τῆς
1319 4341 1457 4395 κατά
1499 4341 1591 4396 τὸν
1633 4340 1911 4411 ὀφθαλμὸν

333 4441 642 4515 ἀρρωστίας
674 4437 965 4502 ούδοτιοῦν,
1007 4436 1084 4508 τῷ
1113 4436 1242 4506 θείῳ
1274 4435 1467 4506 ἐκείνῳ
1514 4434 1791 4507 φαρμάκῳ
1817 4452 1912 4488 κε-

1995 1969 2049 2017 et
2082 1963 2257 2033 gratia
2291 1977 2389 2017 sua
2428 1964 2775 2027 condivcrat,
2813 1965 3038 2020 haberet
3083 1965 3265 2029 tinem,
3307 1967 3580 2038 uxorique

1994 2053 2155 2109 nobis
2184 2069 2212 2107 a
2258 2065 2447 2110 saneta
2479 2056 2717 2111 Macrina
2752 2059 2903 2112 omni
2937 2057 3285 2113 convenienti
3314 2059 3581 2128 jucundi-

1996 2151 2109 2201 tate
2145 2156 2389 2203 recreata
2428 2148 2661 2205 remissa
2697 2158 2864 2215 esset,
2907 2150 3092 2205 laetitia
3128 2159 3181 2207 ct
3204 2153 3404 2222 gaudio
3435 2153 3580 2223 pleni

1996 2252 2099 2293 nos
2142 2238 2195 2292 in
2243 2240 2388 2295 viam
2439 2240 2692 2298 dedimus
2734 2262 2746 2297 :
2783 2249 2837 2297 et
2877 2258 2999 2313 quae
3052 2244 3272 2314 utrique
3326 2252 3581 2299 nostrum

1996 2326 2340 2397 contigerant
2378 2327 2524 2384 inter
2560 2328 2804 2384 eundum
2850 2317 3216 2387 nar'rabamus
3254 2350 3267 2386 :
3315 2348 3418 2402 ego
3456 2332 3585 2402 quiv

1996 2416 2120 2472 dem
2169 2434 2508 2491 quascunque
2557 2421 2617 2476 in
2656 2421 2901 2476 virorum
2945 2424 3193 2477 conclavi
3222 2423 3307 2477 vel
3337 2423 3583 2478 videram

2001 2510 2082 2564 vel
2128 2510 2468 2577 audiveram,
2517 2513 2907 2580 recensebam;
2956 2522 3012 2571 et
3048 2515 3138 2570 illa
3178 2515 3424 2571 vicissim
3458 2523 3583 2570 tan-

1998 2617 2161 2671 quam
2198 2617 2265 2656 ex
2302 2602 2531 2657 historia
2568 2605 2785 2676 singula
2836 2615 3110 2675 repetens,
3160 2606 3299 2660 nihil
3356 2605 3583 2659 omnino

1999 2694 2356 2763 quantumvis
2386 2709 2613 2764 parvum
2660 2697 3021 2751 omittendum
3064 2696 3431 2752 existimabat.
3481 2696 3585 2752 Ita-

2000 2801 2108 2855 que
2137 2801 2262 2841 cum
2300 2802 2410 2841 non
2452 2789 2631 2853 aliter,
2665 2804 2830 2859 quam
2863 2805 2929 2845 ex
2976 2788 3182 2861 Scripto
3231 2799 3489 2860 tanquam
3527 2789 3585 2844 in

2002 2874 2173 2930 altera
2203 2878 2360 2933 lance
2395 2879 2733 2949 appendens,
2762 2879 2956 2936 ordine
2982 2888 3183 2936 cuncta
3212 2888 3584 2950 percurreret,

1997 2966 2223 3036 jamque
2250 2968 2319 3023 ad
2341 2983 2459 3023 eam
2491 2971 2828 3041 pervenisset
2858 2981 3095 3043 partem,
3126 2987 3254 3044 qua:
3283 2972 3589 3027 curationis

2002 3059 2149 3113 oculi
2175 3063 2599 3129 promissionem
2635 3063 2974 3128 continebat,
3010 3065 3382 3119 narrationem
3420 3066 3590 3119 inter-

2007 3151 2233 3207 mittens
2266 3170 2280 3206 :
2313 3151 2608 3219 Quidnam,
2655 3154 2855 3225 inquit,
2896 3155 3147 3225 egimus?
3173 3156 3459 3223 Quomodo
3491 3172 3590 3212 ne-

2007 3241 2279 3310 gleximus
2330 3243 2665 3312 promissum
2717 3246 2933 3314 ipsius?
2963 3244 3285 3316 Collyrium,
3341 3247 3587 3317 inquam,

2010 3333 2143 3389 illud
2192 3333 2338 3403 quod
2391 3335 2552 3391 nobis
2599 3337 2967 3406 promiserat?
3016 3337 3265 3408 Cumque
3306 3354 3408 3410 ego
3458 3340 3589 3393 item

2009 3422 2392 3493 negligentiam
2440 3424 2776 3492 incusarem,
2828 3427 3191 3499 juberemque
3234 3435 3293 3483 ut
3337 3430 3591 3485 celeriter

2010 3516 2210 3586 aliquis
2256 3516 2321 3572 ad
2377 3517 2513 3572 illud
2560 3520 2970 3588 exposcendum
3019 3530 3359 3590 exeurreret,
3408 3522 3593 3580 infans

2009 3608 2228 3664 interim
2259 3626 2383 3680 qua
2407 3610 2462 3665 in
2498 3612 2750 3669 manibus
2793 3612 3031 3668 nutricis
3065 3622 3205 3678 erat,
3249 3624 3477 3670 matrem
3509 3630 3590 3671 re-

2010 3703 2174 3772 spicit
2210 3721 2222 3756 :
2258 3702 2422 3756 etiam
2473 3713 2649 3758 mater
2692 3705 2758 3761 ad
2799 3707 2922 3776 ejus
2968 3707 3160 3764 oculos
3194 3709 3364 3763 aciem
3409 3708 3595 3763 inten-

2011 3792 2146 3848 dens
2193 3811 2209 3848 :
2262 3793 2650 3866 Negligenliae,
2700 3797 2899 3869 inquit,
2954 3808 3157 3855 nostrae
3202 3800 3421 3855 desinas
3465 3817 3594 3857 suc-

2012 3896 2258 3938 censere.
2326 3884 2467 3940 Ecce
2517 3886 2616 3941 tibi
2671 3887 2814 3943 bona
2868 3888 2973 3944 [ide
3018 3892 3258 3944 solutum
3305 3891 3450 3961 quod
3504 3892 3596 3946 illa

2014 3974 2339 4044 promiserat
2386 3960 2627 4032 :veram
2689 3980 2836 4034 enim
2897 3980 3214 4035 morborum
3270 3982 3595 4037 medicinam

2013 4080 2136 4136 qua:
2159 4066 2417 4137 precibus
2448 4066 2528 4132 ﬁt,
2564 4069 2724 4124 nobis
2758 4070 3029 4133 exhibuit,
3070 4073 3232 4141 cujus
3263 4089 3325 4127 ea
3372 4073 3455 4127 vis
3493 4072 3597 4127 fuit

2013 4165 2075 4213 ut
2105 4174 2171 4212 ne
2212 4159 2500 4228 vestigium
2549 4161 2767 4229 quidem
2823 4165 2997 4217 morbi
3035 4165 3090 4218 in
3135 4165 3297 4218 oculo
3346 4165 3593 4219 relictum

2014 4251 2105 4316 sit,
2140 4252 2278 4307 adeo
2308 4252 2495 4307 divino
2525 4254 2619 4308 illo
2666 4255 3065 4310 medicamento
3098 4256 3188 4310 ille
3217 4264 3445 4312 curatus
3488 4266 3593 4312 est.

2012 4341 2191 4414 Atque
2249 4343 2323 4396 ita
2380 4344 2612 4414 loquens
2661 4344 2883 4399 ﬁliolam
2946 4346 3291 4417 suscipiens,
3354 4348 3486 4403 mihi
3539 4349 3594 4404 in

2014 4451 2213 4493 manus
2256 4436 2505 4492 tradidit.
2540 4436 2696 4493 Tunc
2727 4453 2827 4509 ego
2870 4438 3139 4493 miracula
3174 4454 3294 4509 quae
3329 4438 3385 4494 in
3418 4438 3599 4494 Evan-
3638 4474 3644 4483 ι

330 4536 698 4608 καθαρμένον.
754 4535 867 4588 Καὶ
920 4533 1037 4604 ἅμα
1086 4531 1259 4585 ταῦτα
1309 4529 1578 4595 διεξιοῦσα
1606 4571 1621 4594 ,
1670 4530 1807 4602 αύτή
1851 4545 1903 4582 τε

2016 4529 2156 4601 gelio
2208 4537 2510 4584 narrantur
2567 4530 2916 4588 incredibilia
2969 4530 3302 4602 cogitatione
3356 4531 3598 4601 comple-

329 4627 392 4682 τὸ
446 4626 659 4680 παιδίον
703 4622 1133 4695 ένηγκαλίζετο,
1170 4622 1265 4674 καὶ
1310 4622 1429 4684 ταῖς
1481 4622 1642 4689 ὲμαίς
1687 4620 1916 4675 ἐνετίθει

330 4718 509 4790 χερσί.
542 4717 714 4786 Κάγὼ
740 4716 865 4770 τότε
905 4715 975 4768 τά
1011 4711 1389 4783 ἀπιστούμενα
1420 4711 1557 4767 κατὰ
1591 4712 1652 4765 τὸ
1672 4713 1917 4782 Εὐαγγέ-

330 4811 444 4865 λιον
475 4808 760 4880 θαύματα,
790 4810 858 4879 τῇ
901 4805 1109 4876 διανοίᾳ
1152 4801 1353 4868 λαϐὼν,
1412 4802 1477 4855 Τί
1524 4803 1691 4874 μέγα,
1741 4798 1915 4868 εἷπον,

329 4902 421 4955 διὰ
466 4900 647 4972 χειρὸς
695 4897 829 4952 Θεοῦ
874 4896 1094 4966 τυφλοῖς
1121 4893 1221 4958 τὰς
1262 4892 1415 4963 δψεις
1451 4892 1913 4947 ἀποκαθίσασθαιο

327 4992 493 5048 ὁπότε
523 4991 619 5045 νῦν
648 4993 681 5063 ή
723 4989 885 5061 δούλη
918 4987 1109 5052 αὑτοῦ,
1147 4986 1244 5050 τὰς
1274 4985 1446 5048 ἰάσεις
1484 4983 1696 5047 ὲκείνας
1722 5002 1919 5056 κατορ-

329 5083 504 5138 θοῦσα
541 5084 608 5154 τῇ
636 5083 715 5144 είς
741 5079 903 5134 αὑτὸν
938 5078 1140 5143 πίστει,
1174 5075 1562 5147 κατείργασται
1598 5075 1828 5145 πρᾶγμα
1855 5076 1916 5128 οὐ

330 5176 470 5229 πολὺ
493 5175 599 5229 τῶν
623 5173 917 5245 θαυμάτων
941 5169 1167 5224 ἐκείνων
1194 5168 1639 5237 ἀτωλειπόμενον;
1680 5186 1700 5219 ι
1734 5164 1920 5219 Ταῦτα

2015 4628 2168 4675 ctens
2200 4637 2214 4676 :
2251 4645 2269 4671 ι
2318 4618 2456 4687 Quid
2485 4622 2705 4687 mirum,
2737 4621 2984 4693 inquam,
3014 4638 3045 4679 c
3075 4637 3241 4677 manu
3287 4623 3381 4677 Dei
3421 4636 3599 4677 caecos

2014 4708 2235 4765 videndi
2284 4718 2610 4782 potestatem
2664 4713 2969 4783 accepisse,
3005 4713 3227 4783 quando
3276 4729 3423 4768 nunc
3477 4710 3600 4782 ejus

2014 4802 2213 4856 ancilla
2244 4817 2338 4872 per
2359 4803 2519 4858 iidem
2547 4804 2601 4857 in
2635 4804 2812 4873 ipsum
2837 4812 3065 4874 praestat
3095 4805 3218 4860 illas
3247 4803 3602 4860 curationes?

2014 4908 2154 4962 opus
2193 4894 2338 4949 enim
2400 4897 2702 4960 cernimus,
2757 4896 2899 4951 haud
2946 4898 3121 4951 multo
3177 4897 3457 4953 miraculis
3492 4898 3601 4953 illis

2020 4985 2273 5042 inferius.
2317 5006 2336 5039 ι
2371 4985 2498 5041 Haec
2544 4987 2635 5042 ille
2677 4987 2809 5041 mihi
2859 4989 2988 5042 dum
3044 5000 3269 5054 narrat,
3327 4992 3602 5062 singultus

2020 5090 2211 5129 vocem
2258 5075 2379 5145 ejus
2432 5077 2745 5149 intercepit,
2780 5086 2834 5134 et
2887 5081 3179 5135 subsecula
3212 5090 3296 5137 est
3326 5084 3482 5151 copia
3524 5082 3604 5135 la-

2022 5182 2356 5240 crymarum.
2392 5171 2573 5240 Atque
2601 5170 2715 5226 hac
2743 5171 2960 5243 quidem
2995 5187 3024 5226 a
3055 5174 3245 5227 milite.

328 5271 509 5340 λέγων
558 5269 764 5341 μεταξὺ
805 5267 998 5339 λυγμῷ
1042 5266 1155 5337 τὴν⁹
1185 5263 1367 5337 φωνὴν
1419 5264 1770 5328 ὲνεκόπτετο,
1846 5261 1957 5315 τῶν
1992 5262 2245 5335 δακρύων
2316 5265 2688 5337 ὲπιρρυέντων
2735 5267 2814 5337 τῷ
2861 5268 3180 5339 διηγήματι.
3229 5268 3308 5323 Τὰ
3366 5269 3464 5341 μὲν
3509 5265 3604 5325 οὖν

329 5365 487 5437 παρὰ
512 5365 607 5421 τοῦ
638 5362 990 5437 στρατιώτου,
1015 5364 1206 5419 ταῦτα.

405 5463 547 5517 Ὅσα
577 5461 633 5515 δὲ
668 5461 763 5514 καὶ
792 5458 929 5515 ἄλλα
964 5455 1190 5513 τοιαῦτα
1222 5455 1376 5530 παρὰ
1402 5454 1508 5510 τῶν
1540 5453 1913 5526 συνεζηκότων

332 5556 496 5627 αὐτῇ,
526 5555 623 5609 καὶ
650 5553 716 5607 δι’
740 5551 1026 5625 ἀκριϐείας
1054 5551 1123 5606 τὰ
1160 5552 1282 5607 κατ’
1323 5548 1493 5622 αὑτὴν
1536 5548 1914 5619 ἐπισταμένων

327 5647 670 5722 ⁴Ιγπούσιίιμεν,
700 5645 800 5699 οὑκ
828 5644 1068 5715 ἀσφαλὲς
1100 5638 1254 5714 οἶμαι
1280 5642 1595 5715 προσθεῖναι
1624 5640 1705 5713 τῷ
1730 5640 1920 5711 διηγή-

332 5756 489 5811 ματι.
527 5738 592 5792 Ol.
619 5735 728 5809 γάρ
758 5735 941 5790 πολλοὶ
968 5736 1075 5791 τῶν
1115 5734 1417 5806 ἀνθρώπων
1446 5734 1583 5805 πρὸς
1610 5732 1678 5786 τὰ
1708 5731 1916 5787 ἑαυτῶν

2091 5447 2222 5516 Quae
2260 5455 2444 5504 autem
2479 5450 2549 5505 ab
2582 5449 2695 5507 illis
2729 5450 2821 5521 qui
2859 5450 3022 5506 simul
3057 5464 3182 5505 cum
3221 5466 3283 5507 ea
3325 5452 3605 5521 vixerunt,

2020 5542 2224 5614 quique
2278 5557 2499 5597 omnem
2552 5542 2699 5599 illius
2746 5543 2912 5599 vitam
2959 5545 3120 5617 plane
3164 5553 3505 5618 perspectam
3552 5558 3609 5604 et

2021 5638 2295 5709 cognitam
2337 5636 2607 5694 habebant
2641 5637 2972 5708 acceperim,
3017 5638 3145 5694 huic
3189 5639 3493 5695 narrationi
3518 5649 3610 5697 at-

2024 5731 2258 5787 texenda
2294 5746 2404 5787 non
2451 5744 2649 5788 censeo
2681 5749 2695 5787 :
2728 5732 2975 5804 plerique
3017 5731 3165 5789 enim
3200 5747 3300 5805 pro
3332 5747 3397 5789 co
3428 5748 3610 5803 quan-
