4002 6206
451 279 559 341 999

1670 288 1728 330 δ.
1761 273 2087 332 enseonu
2118 271 2416 329 NYSSENI
2504 340 2508 344 ,

3580 270 3704 333 ³800

446 407 562 455 tum
589 398 692 471 ipsi
716 406 947 470 possunt
971 395 1202 461 edicere,
1230 400 1464 450 credunt
1491 408 1555 449 ea
1586 408 1706 465 qua:
1736 393 2014 458 dicuntur,

2129 391 2299 462 μέτρα
2309 391 2371 444 τὸ
2387 388 2575 445 πιστὸν
2590 389 2648 443 ἐν
2664 390 2777 454 τοῖς
2787 388 3100 460 λεγομένοις
3112 387 3382 460 κρίνουσι·
3394 386 3458 440 τδ
3469 387 3525 441 δὲ
3540 388 3710 462 ὓπερ-

446 506 569 563 qnae
590 506 718 546 vero
749 490 1019 545 audientis
1054 495 1313 559 superant
1359 488 1525 551 vires,
1554 494 1817 555 tanquam
1850 499 1882 539 a
1919 501 2014 542 ve-

445 585 608 637 ritate
651 591 860 636 remota
893 579 1160 636 mendacii
1208 579 1617 650 suspicionibus
1648 577 2013 633 insectantur.

445 672 683 726 Proinde
715 672 1020 726 mirandam
1055 671 1200 726 illam
1244 671 1300 725 in
1336 669 1564 740 penuria
1604 677 1659 724 et
1690 669 1832 724 l‘atne
1867 668 2015 737 agri-

444 766 715 820 culturam
759 765 1131 834 praetermitto.
1162 763 1446 830 Quomodo
1476 761 1529 816 in
1559 776 1856 831 pauperum
1885 776 2016 816 usus

444 854 752 924 projectum
777 855 1133 915 frumentum,
1170 867 1271 907 nec
1297 852 1425 907 dum
1453 851 1893 916 distribueretur,
1918 865 2019 906 nec

445 951 591 1015 post,
624 944 970 998 imminutum
998 944 1088 1008 sit,
1123 944 1217 999 sed
1245 943 1434 998 eadem
1468 957 1723 997 mensura
1762 957 2018 997 numero-

446 1052 551 1107 que
594 1037 998 1107 permanserit:
1031 1036 1248 1105 aliaque
1301 1035 1387 1090 his
1435 1035 1594 1105 longe
1641 1033 1815 1105 magis
1847 1034 2019 1089 admi-

445 1127 638 1193 randa,
693 1128 1004 1182 morborum
1052 1128 1382 1192 curationes,
1435 1127 1784 1197 expulsiones
1818 1124 2020 1181 daento-

445 1234 575 1272 num
605 1227 661 1273 et
684 1234 840 1273 veras
871 1217 1179 1273 futurorum
1212 1218 1625 1288 praedictiones:
1647 1233 1768 1288 qua:
1798 1217 2016 1288 quidem

444 1310 627 1363 omnia
685 1309 752 1364 iis
814 1310 906 1379 qui
962 1309 1249 1380 diligenter
1291 1310 1684 1379 explorarent,
1732 1324 1859 1364 vera
1897 1323 2020 1363 esse

445 1409 680 1465 constat,
731 1400 859 1455 licet
900 1400 1062 1455 ﬁdem
1112 1416 1373 1471 superare
1414 1400 1723 1464 videantur,
1758 1413 1860 1453 nec
1903 1398 2018 1453 ﬁeri

446 1491 688 1559 potuisse
716 1491 1035 1560 iudicentur
1070 1491 1138 1546 ab
1180 1491 1269 1554 iis,
1299 1507 1392 1562 qut
1430 1490 1585 1545 carni
1615 1490 1788 1560 magis
1816 1488 2018 1545 addicti

447 1587 597 1639 sunt,
637 1581 730 1649 qui
758 1582 1012 1634 nesciunt
1038 1581 1393 1650 proportione
1426 1579 1549 1634 ﬁdei
1584 1594 1871 1635 munerum
1903 1579 2020 1633 ﬁeri

445 1670 886 1727 distributionem
922 1691 934 1727 :
972 1683 1025 1727 et
1058 1686 1224 1743 parva
1265 1670 1488 1742 quidem
1529 1671 1645 1726 dari
1692 1670 2020 1726 habentibus

2122 482 2305 535 ϐαῖνον
2331 482 2430 550 τὴν
2462 480 2556 534 τοῦ
2587 480 2877 543 ἀκούοντος
2908 478 3155 550 δύναμιν,
3194 479 3270 541 ὡς
3301 477 3411 543 ἔξω
3440 481 3539 550 τῆς
3570 480 3708 551 άλη-

2127 572 2297 636 θείας,
2323 575 2441 637 ταῖς
2461 571 2553 625 τοῦ
2576 571 2807 642 ψεύδους
2828 570 3104 635 ὑπονοίαις
3126 570 3431 642 ὑϐρίζουσι.
3446 570 3536 623 Διὸ
3561 587 3711 639 παρ-

2125 663 2244 734 ίημι
2298 664 2396 735 τὴν
2448 663 2674 718 ἄπιστον
2726 663 2944 735 ἐκείνην
2996 663 3055 715 ἐν
3092 661 3169 732 τῷ
3220 661 3367 732 λιμῷ
3409 663 3712 732 γεωργίαν·

2122 755 2239 818 πῶς
2259 753 2653 825 ἐκϐαλλόμενος
2689 754 2719 806 ό
2755 754 2892 825 πρὸς
2912 753 3011 825 τὴν
3039 754 3228 823 χρείαν
3255 755 3416 815 σῖτος,
3444 752 3714 821 οὐδεμίαν

2122 844 2374 916 αἴσθησιν
2395 844 2566 898 ἐποίει
2604 847 2702 915 τῆς
2727 843 3090 914 ὑφαιρέσεως,
3120 845 3180 896 ἐν
3210 842 3289 912 τῷ
3314 844 3481 913 ὁμοίῳ
3506 843 3714 913 διαμέ-

2121 954 2229 992 νων
2280 937 2429 1007 6γκῳ
2449 976 2465 1001 ,
2516 935 2612 989 καὶ
2658 937 2787 1007 πρὶν
2833 935 3049 1007 διαδοθῇ
3096 937 3215 998 ταῖς
3260 935 3366 989 τῶν
3409 934 3712 988 αἰτούντων

2121 1027 2334 1097 χρείαις
2359 1043 2372 1057 ·
2407 1029 2502 1084 καὶ
2529 1027 2666 1098 μετά
2692 1027 2851 1081 τοῦτο
2884 1028 2981 1081 καὶ
3008 1027 3143 1081 ἄλλα
3171 1026 3376 1080 τούτων
3406 1026 3713 1093 παραδοξό-

2122 1136 2288 1190 τερα·
2340 1119 2529 1174 παθῶν
2580 1121 2785 1186 ἰάσεις,
2820 1120 2916 1175 καὶ
2953 1119 3332 1191 δαιμονῶντων
3369 1120 3666 1189 καθάρσεις
3690 1161 3710 1182 ,

2122 1210 2220 1264 καὶ
2246 1209 2496 1279 ἀψευδεῖς
2532 1212 2867 1282 προρρήσεις
2908 1211 3015 1263 τῶν
3047 1210 3448 1281 ἐκϐησομένων·
3489 1209 3711 1262 ἅπαντα

2120 1306 2233 1366 τοῖς
2267 1302 2366 1373 μὲν
2410 1303 2477 1356 δι’
2516 1303 2800 1372 ἀκριϐείας
2838 1303 3154 1371 ἐγνωκόσιν,
3205 1302 3381 1373 ἀληθῆ
3421 1296 3562 1355 εἶναι
3611 1318 3710 1353 πι-

2128 1395 2415 1459 στεύεται,
2451 1394 2556 1449 κᾶν
2586 1394 2726 1468 ὑπὲρ
2755 1396 2939 1450 πίστιν
3074 1397 3165 1449 ἐπὶ
3204 1397 3262 1449 δὲ
3290 1396 3399 1451 τῶν
3430 1396 3710 1468 σαρκωδε-

2126 1489 2353 1561 στέρων,
2371 1487 2476 1553 ἔξω
2496 1487 2591 1541 τοῦ
2614 1488 2964 1560 ἐνδεχομένου
2980 1490 3277 1560 νομίζεται,
3301 1489 3350 1543 οἳ
3376 1490 3476 1542 οὐκ
3500 1490 3707 1555 ἴσασιν.

2123 1582 2205 1634 ὅτι
2238 1580 2381 1634 κατά
2406 1580 2505 1652 τὴν
2534 1580 2823 1650 ἀναλογίαν
2854 1579 2955 1651 τῆς
2971 1581 3226 1648 πίστεως,
3248 1583 3342 1637 καὶ
3362 1584 3396 1651 ἡ
3419 1580 3528 1633 τῶν
3551 1599 3712 1653 χαρι-

2127 1671 2353 1743 σμάτων
2365 1672 2597 1744 διανομὴ
2610 1672 2873 1744 παραγίνε
2880 1689 2990 1726 ταιο
3002 1672 3187 1747 ’μικρὰ
3208 1672 3306 1743 μὲν
3318 1671 3706 1740 ὀλιγοπίστοις,

447 1776 669 1829 parvam
705 1761 884 1826 ﬁdem,
927 1776 1122 1833 magna
1166 1769 1349 1816 autem
1397 1761 1506 1817 illis
1542 1760 1637 1831 qui
1680 1760 1885 1831 ingenti
1920 1760 2024 1813 llde

2129 1764 2336 1834 μεγάλη
2376 1763 2433 1818 δὲ
2463 1767 2577 1827 τοῖς
2605 1763 2804 1835 πολλὴν
2833 1763 3049 1834 ἔχουσιν
3078 1764 3135 1817 ἐν
3168 1764 3383 1827 ἑαυτοῖς
3414 1762 3513 1834 τὴν
3543 1763 3709 1834 εὐρυ-

446 1853 657 1923 ρηεάἰιί
706 1861 854 1908 sunt.
908 1853 1274 1919 Quamobrem
1330 1867 1401 1907 ne
1450 1850 1796 1907 oﬂ‘endantur
1831 1851 1924 1921 qui
1954 1851 2021 1905 ad

447 1943 778 1996 credendum
828 1942 1028 1997 divinis
1071 1943 1394 1997 muneribus
1435 1951 1564 1997 sunt
1613 1942 2021 2006 imbecilliores,

448 2034 773 2089 rublitniora
834 2035 983 2089 illius
1048 2034 1314 2088 miracula
1376 2032 1600 2088 silentio
1656 2032 2021 2103 praeterimus,

449 2126 584 2181 satis
629 2140 753 2181 esse
811 2125 1215 2191 existimantes,
1260 2125 1330 2180 iis
1377 2140 1499 2196 qum
1542 2124 1689 2180 dicta
1729 2131 1860 2180 sunt
1900 2122 2023 2194 ejus

450 2218 737 2273 historiam
768 2218 1126 2276 conclusisse.

2122 1857 2328 1927 χωρίαν
2360 1857 2463 1928 τῆς
2490 1856 2744 1921 πίστεως.
2762 1857 2851 1920 Ὦς
2882 1856 2949 1910 ἂν
2976 1851 3071 1910 οὖν
3101 1855 3176 1926 μὴ
3204 1855 3452 1926 βλαϐεῖεν
3480 1857 3531 1909 οἰ
3570 1857 3707 1909 ἀπι-

2122 1945 2382 2017 στότεροι,
2417 1948 2538 2009 ταῖς
2562 1944 2657 1999 τοῦ
2684 1944 2820 1998 Θεοῦ
2846 1943 3073 2015 δωρεαῖς
3096 1943 3449 2007 ἀπιστοῦντες
3465 1961 3480 1974 ·
3512 1943 3705 1997 τούτου

2119 2036 2303 2090 ἕνεκεν
2332 2035 2567 2108 καθεξῆς
2601 2037 2831 2108 ἱστορεῖν
2860 2034 2991 2104 περὶ
3037 2033 3148 2088 τῶν
3188 2033 3536 2107 ὑψηλοτέρων
3569 2034 3702 2088 θαι)⁹

2123 2127 2308 2197 μάτων
2338 2127 2765 2200 παρῃτησάμην,
2798 2126 2988 2197 ἀρκεῖν
3019 2125 3320 2197 ἡγούμενος
3340 2126 3454 2190 τοῖς
3480 2125 3702 2197 εἰρημέ-

2122 2235 2233 2283 νοις
2268 2218 2604 2291 περιγράψαι
2633 2218 2732 2289 τὴν
2766 2217 2894 2289 περὶ
2923 2215 3095 2286 αὐτῆς
3125 2217 3391 2287 ἱστορίαν.

1092 2432 3700 2448 —————_—_-——_——-—_—-——~

1516 2630 1649 2731 Il.
1733 2670 1831 2708 -ι
1931 2624 2636 2734 EPISTOLZE.

1052 3029 1389 3110 EPISTULA
1428 3030 1469 3086 ι.

2712 3037 3059 3094 ΕΠΙΣΤΟΑΗ
3091 3039 3173 3096 A’.‘

871 3213 1066 3271 Contra
1119 3214 1449 3271 Ilelladium.
1505 3212 1719 3309 Scriptp
1765 3223 1884 3284 post
1934 3213 2153 3270 Petrum
2203 3216 2553 3285 &baslenum
2615 3238 2755 3277 anno
2810 3221 2919 3278 392
2963 3222 3282 3291 defunctum.

720 3390 1001 3464 Gregorius
1030 3390 1331 3463 Nyssenus,
1363 3390 1628 3447 Flaviano
1664 3400 1764 3464 (l).

526 3485 642 3541 Non
673 3487 879 3556 Optimo
913 3494 1065 3548 sunt,
1094 3487 1179 3538 vir
1206 3483 1322 3549 Dei,
1351 3500 1441 3539 res
1469 3491 1672 3539 nostra:
1704 3484 1844 3539 loco.
1892 3482 2029 3538 Nam

457 3577 598 3629 mala
648 3575 1052 3646 progredientia
1105 3575 1160 3628 in
1216 3574 1283 3629 iis
1335 3574 1427 3645 qui
1472 3588 1574 3629 nos
1612 3581 1667 3629 ct
1716 3574 1942 3643 iniusto,
1976 3582 2030 3629 et

459 3668 621 3722 nullis
664 3668 733 3721 de
766 3668 950 3722 causis
990 3673 1247 3737 suscepto
1276 3673 1688 3736 prosequuntur
1722 3665 1873 3730 odio,
1921 3680 2030 3719 non

454 3760 564 3829 jam
605 3759 838 3828 amplius
885 3758 1029 3812 intra
1071 3759 1445 3828 suspicionum
1490 3765 1544 3812 et
1587 3755 2029 3826 conjecturarum

460 3866 579 3905 sese
610 3850 809 3904 limites
843 3849 1159 3916 continent;
1198 3849 1293 3905 sed
1327 3849 1577 3904 libertate
1619 3862 1834 3903 summa
1862 3855 2031 3901 utun-

459 3949 567 4004 tur,
586 3941 743 4010 quasi
772 3941 818 3996 si
844 3941 1089 4011 prreclari
1118 3941 1246 4010 quid
1279 3940 1463 4010 operis
1487 3940 1890 3995 institueretur.
1921 3937 2031 3995 Vos

461 4032 712 4097 interim,
774 4034 867 4103 qui
923 4032 1188 4088 hactenus
1260 4033 1532 4087 immunes
1591 4046 1621 4085 a
1678 4038 1832 4085 tanto
1888 4032 2033 4086 malo

462 4122 665 4188 fuistis,
690 4123 869 4194 ignavi
893 4124 1106 4179 scilicet
1131 4123 1264 4178 estis
1310 4122 1364 4176 in
1397 4122 1785 4192 exstinguenda
1815 4120 2032 4176 ﬂamma

459 4231 581 4283 qua:
621 4215 874 4269 viciniam
924 4220 1160 4270 vestram
1195 4214 1464 4283 depascit,
1500 4229 1625 4268 cum
1675 4215 1710 4268 ii
1746 4215 1840 4285 qui
1887 4223 2035 4271 recte

461 4307 626 4360 rebus
655 4306 770 4362 suis
803 4306 1121 4369 consulunt,
1152 4307 1454 4360 vicinorum
1495 4306 1805 4361 incendium
1835 4321 2033 4377 magno

461 4396 644 4449 studio
674 4396 1014 4465 restinguant
1045 4404 1098 4449 et
1129 4410 1286 4464 opem
1317 4394 1515 4450 vicinis
1551 4394 1774 4449 ferendo
1807 4396 1886 4450 sic
1918 4411 2036 4465 pro-

464 4484 696 4554 spiciant
728 4483 833 4538 sibi
874 4491 931 4538 ut
973 4486 1026 4538 in
1070 4484 1280 4539 eventis
1309 4483 1579 4537 similibus
1613 4484 1843 4536 aliorum
1874 4498 2031 4552 opem

464 4592 573 4630 non
611 4575 913 4644 requirant.
964 4574 1033 4628 Et
1067 4574 1196 4642 quid
1232 4573 1446 4627 tandem
1504 4574 1637 4628 illud
1693 4581 1775 4627 est
1815 4572 1883 4628 de
1923 4588 2033 4642 quo

448 4667 693 4737 loquor?
741 4664 984 4735 Reliquit
1036 4665 1177 4719 hanc
1222 4667 1386 4718 vitam
1432 4664 1643 4735 religio,
1679 4673 1775 4717 aut
1815 4662 1950 4733 fugit
2002 4677 2032 4715 a

2052 3398 2101 3461 C

2384 3397 2708 3467 Γρηγόριος
2737 3401 2771 3453 ό
2802 3397 3082 3466 Νύσσης,
3116 3396 3446 3464 ducam-(Ii.

2200 3482 2313 3537 Οὐκ
2354 3485 2412 3539 ἐν
2438 3485 2637 3550 καλοῖς,
2661 3479 2707 3539 ὧ
2736 3486 2987 3557 ἄνθρωπε
3014 3487 3108 3540 τοῦ
3152 3486 3310 3551 Θεοῦ,
3343 3487 3414 3541 τά
3441 3485 3701 3558 ἡμέτερα.

2130 3574 2396 3645 Προῖόντα
2440 3574 2548 3646 γὰρ
2590 3576 2660 3628 τά
2701 3574 2865 3641 κακά,
2916 3576 2976 3629 ἐν
3015 3580 3128 3640 τοῖς
3170 3576 3232 3630 τὸ
3265 3578 3449 3632 ἄδικόν
3497 3595 3557 3630 τε
3613 3576 3708 3630 καὶ

2129 3666 2534 3735 ἀπροφάσιστον
2559 3667 2677 3721 καθ’
2711 3667 2867 3738 ἡμῶν
2895 3669 3156 3741 τιμήσασι
3185 3671 3366 3740 μῖσος,
3409 3670 3590 3724 οὐκέτι
3618 3669 3709 3722 διά

2134 3759 2456 3829 στοχασμῶν
2519 3776 2680 3814 τινων
2735 3761 3075 3816 ὑπονοεῖται*
3135 3763 3250 3817 ἀλλ’
3308 3764 3369 3817 ἐν
3426 3762 3708 3835 παρρησία⁵

2132 3848 2774 3922 σπουδάζεται,καθάπερ
2797 3868 2848 3904 τι
2870 3851 2979 3905 τῶν
3001 3852 3219 3921 ἀγαθῶν
3242 3854 3706 3924 κατορθωμάτων.

2140 3938 2329 4011 Ὑμεῖς
2368 3940 2446 4006 δὲ,
2470 3943 2518 3994 οί
2557 3941 2695 4005 τέως
2742 3941 2846 4006 ἔξω
2886 3941 3039 4007 ὄντες
3086 3943 3178 3997 τοῦ
3223 3944 3462 3997 τοιούτου
3511 3946 3707 4011 κακοῦ,

2131 4028 2604 4101 καταῤῥᾳθυμεῖτε
2625 4029 2720 4085 τοῦ
2746 4029 2952 4085 παῦσαι
2972 4032 3274 4104 νεμομένην
3294 4034 3353 4086 ἐν
3373 4036 3437 4103 τῇ
3467 4036 3713 4105 γειτονέᾳ

2132 4120 2229 4189 τὴν
2270 4119 2461 4189 φλόγα·
2489 4114 2798 4191 ὥσπερ-οὖν
2829 4120 2879 4172 οἱ
2909 4119 3088 4185 καλῶς
3115 4120 3243 4191 περὶ
3272 4121 3375 4173 τῶν
3407 4120 3549 4172 ἰδίων
3577 4118 3711 4188 βου-

2131 4206 2408 4277 λευόμενοι
2435 4206 2526 4259 τὸν
2551 4206 2658 4259 τῶν
2693 4207 2948 4275 γειτόνων
2975 4208 3297 4278 ἐμπρησμὸν
3338 4208 3393 4259 ἐν
3436 4206 3603 4278 πολλῇ
3633 4211 3707 4279 τῇ

2135 4299 2334 4368 σπουδῇ
2380 4297 2816 4362 καταστέλλουσι,
2843 4298 2910 4350 δι’
2934 4293 3007 4351 ὧν
3029 4301 3141 4362 τοῖς
3174 4297 3388 4368 πλησίον
3421 4297 3711 4368 βοηθοῦσι,

2132 4390 2192 4443 τὸ
2227 4388 2300 4459 μὴ
2334 4389 2590 4460 δεηθῆναι
2641 4389 2739 4454 τῆς
2782 4390 2874 4443 ἐπὶ
2912 4394 3023 4453 τοῖς
3049 4391 3252 4459 ὁμοίοις
3285 4390 3531 4461 βοηθείας
3561 4408 3715 4463 πρα-

2133 4480 2546 4549 γματευόμενοι.
2579 4479 2644 4531 Τί
2669 4476 2760 4533 οὗν
2797 4482 2942 4533 ἐστιν
2964 4480 2992 4532 ὃ
3038 4480 3217 4549 λέγω;
3261 4480 3597 4534 Ἑπιλέλοιπε
3620 4483 3716 4535 τὸν

2135 4569 2245 4637 βίον
2276 4572 2310 4641 ἡ
2346 4571 2559 4640 ὁσιότης
2581 4585 2595 4598 '
2629 4570 2900 4638 πέφευγεν
2943 4571 3034 4639 ἀφ’
3069 4571 3285 4641 ήμῶνή
3318 4570 3575 4642 ἀλήθειαν
3612 4575 3714 4644 τῆς

2131 4662 2187 4715 δὲ
2232 4664 2452 4732 εἰρήνης
2489 4663 2750 4733 πρότερον
2787 4664 2885 4733 μὲν
2914 4662 2971 4716 τὸ
3007 4662 3135 4730 γοῦν
3165 4662 3333 4733 ὅνομα
3368 4664 3588 4734 εἴχομεν
3614 4682 3717 4718 πε-

464 4760 623 4815 nohis
672 4758 921 4813 veritas:
978 4757 1129 4827 pacis
1178 4755 1409 4809 antehac
1456 4755 1648 4809 saltem
1698 4766 1896 4807 nomen
1936 4753 2025 4805 ha-

2136 4755 2487 4824 ριφερόμενον
2514 4755 2571 4806 ἐν
2600 4756 2710 4817 τοῖς
2750 4753 3001 4821 στόμασι,
3033 4751 3125 4805 νῦν
3154 4753 3210 4805 δὲ
3239 4753 3298 4805 οὔ
3335 4753 3494 4822 μόνον
3524 4754 3715 4827 ἐκείνη

465 4849 704 4911 buintus,
754 4848 898 4918 quod
954 4846 1233 4901 hominum
1283 4860 1379 4900 ora
1429 4852 1835 4917 pervagaretur,
1885 4859 2031 4898 nunc

463 4955 574 4997 non
609 4941 698 4995 illa
717 4949 927 4995 tantum
944 4956 1213 5011 nusquam
1234 4947 1339 5003 est,
1374 4939 1558 4995 sedne
1587 4954 1784 4994 nomen
1813 4936 2030 5007 quidem

466 5032 640 5105 ipsius
681 5034 840 5088 nobis
880 5043 1148 5104 superest.
1194 5032 1262 5088 Ut
1293 5042 1470 5088 autem
1507 5031 1710 5087 clarius
1739 5031 2030 5101 intelligas,

464 5138 604 5193 quas
645 5138 731 5178 res
784 5131 891 5177 tam
934 5123 1159 5193 indigno
1191 5121 1430 5175 feramus
1466 5120 1669 5185 animo,
1701 5120 1888 5190 paucis
1936 5119 2034 5176 tibi

465 5216 784 5285 tragmdiam
823 5214 1130 5284 explicabo.
1164 5211 1331 5265 Erant
1378 5211 1626 5265 nonnulli
1673 5212 1764 5283 qui
1814 5212 1879 5265 ad
1933 5227 2034 5267 nos

461 5303 760 5370 deferrent,
796 5302 1311 5359 reverendissimum
1364 5301 1540 5354 virum
1577 5299 1884 5356 Helladium
1933 5300 2032 5354 ho-

465 5397 575 5450 stili
612 5410 739 5465 erga
784 5410 884 5450 nos
917 5393 1100 5447 animo
1143 5392 1419 5457 allectum,
1456 5392 1521 5447 ad
1556 5408 1750 5448 omnes
1788 5407 2028 5447 comme-

465 5503 681 5544 morare
729 5503 813 5544 tne
856 5487 1218 5542 maximorum
1271 5486 1372 5557 ipsi
1431 5485 1698 5541 mulorum
1749 5494 2028 5539 auctorem

2127 4845 2227 4897 οὐκ
2268 4844 2432 4905 ἔστιν,
2463 4843 2575 4897 ἀλλ’
2606 4843 2727 4897 οὐδὲ
2772 4842 2834 4896 τὸ
2862 4843 3031 4913 ὄνομα
3059 4844 3229 4915 αὐτῆς
3256 4846 3286 4913 ἡ
3298 4847 3389 4913 μίν
3436 4845 3703 4900 ὑπολέλειι

2130 4951 2278 4987 πται.
2325 4934 2414 4997 Ὠς
2438 4936 2480 4989 δ’
2518 4934 2582 4987 ἂν
2622 4935 2820 5005 εἰδείης
2852 4937 3186 5005 σαφέστερον
3229 4934 3368 5006 ὑπὲρ
3393 4927 3468 4988 ὧν
3500 4938 3720 5006 σχετλι-

2130 5025 2365 5098 άζομεν,
2405 5027 2474 5082 δι’
2517 5026 2713 5095 ὀλίγων
2765 5045 2846 5080 σοι
2889 5027 2989 5098 τὴν
3037 5029 3340 5099 τραγῳδίαν
3381 5022 3712 5101 ἐκθήσομαι.

2128 5114 2310 5174 *Ησάν
2336 5136 2494 5184 τινες,
2525 5120 2574 5173 οἱ
2602 5121 2692 5174 τὸν
2730 5118 3150 5190 αἰδεσιμώτατον
3204 5120 3475 5174 Ἐλλάδιον
3501 5122 3715 5193 δυσμε-

2130 5211 2236 5274 νῶς
2261 5211 2395 5282 πρὸς
2413 5212 2559 5282 ἡμᾶς
2579 5211 2722 5282 ἔχειν
2742 5211 3204 5283 καταμηνύοντες,
3228 5214 3476 5284 καὶπρὸς
3502 5214 3716 5279 πάντας

2134 5301 2406 5368 διεξιέναι,
2437 5303 2513 5366 ὡς
2548 5303 2658 5356 τῶν
2704 5303 2975 5373 μεγίστων
3017 5304 3166 5376 αὐτῷ
3212 5305 3397 5359 κακῶν
3440 5305 3618 5370 αἴτιος
3643 5302 3719 5377 ἦν

2136 5392 2266 5461 ἐγώ.
2311 5392 2427 5447 Οὐκ
2455 5392 2748 5464 ἐπειθόμην
2775 5396 2889 5457 τοῖς
2927 5394 3259 5465 λεγομένοις,
3289 5395 3428 5466 πρὸς
3470 5397 3719 5466 ἐμαυτὸν

2136 5482 2231 5535 καὶ
2255 5481 2354 5554 τὴν
2391 5484 2450 5536 ὲν
2478 5486 2588 5547 τοῖς
2612 5486 2931 5556 πράγμασιν
2956 5485 3214 5558 ἀλήθειαν
3244 5486 3472 5561 βλέπων.
3538 5489 3630 5554 Ὠς
3655 5487 3717 5545 δὲ

536 5665 614 5736 (l)
651 5665 858 5724 Joanne
890 5664 1233 5724 Lcwenklaio
1269 5665 1585 5735 interprete.
1614 5690 1687 5704 --
1710 5662 1788 5719 Ex
1819 5662 1907 5719 ed.
1936 5678 2026 5719 an.
2068 5663 2224 5730 1658,
2259 5673 2297 5717 I.
2333 5664 2419 5733 ιιι,
2451 5665 2574 5720 646.
