4002 6206
314 254 449 312 1001

1517 234 1903 304 ΕΡΙΒΤΟΜΕ.
1941 274 2011 285 -
2043 240 2258 300 EPIST.
2306 240 2349 298 ῐ.

3417 234 3561 296 ιοου

314 361 468 435 παρὰ
496 361 715 418 πάντων
742 358 1039 433 ὁμοφώνως
1079 358 1150 414 τὰ
1182 359 1321 415 αὑτὰ
1370 359 1506 432 πρὸς
1529 362 1678 432 ἡμᾶς
1705 361 1888 431 ἀπηγ-

2005 370 2134 414 asse.
2188 353 2303 426 Ego
2345 366 2476 410 vero
2522 351 2654 419 illis,
2704 366 2826 425 quae
2862 347 3195 418 dicerentur,
3239 350 3402 408 ﬁdem
3450 368 3564 408 non

315 455 556 526 τέλλετο,
598 455 694 510 xai.
736 450 1021 508 συνέϐαινε
1057 454 1178 515 ταῖς
1218 452 1427 523 φήμαις
1458 451 1528 504 τα
1566 450 1886 523 πράγματα,

316 544 551 616 πρέπειν
570 541 758 614 ᾠήθην
776 540 852 614 μὴ
877 541 1138 613 περιϊδεῖν
1160 540 1532 611 ἀθεράπευτον
1550 539 1650 610 τὴν
1671 539 1890 610 ἄρριζον

319 636 413 696 καὶ
442 633 747 704 ἀφύτευτον
784 634 989 704 ταύτην
1016 632 1353 703 δυσμένειαν.
1396 631 1487 686 Διὸ
1513 632 1607 685 καὶ
1634 630 1770 702 πρὸς
1795 630 1892 701 τὴν

321 728 420 801 σὴν
446 722 753 790 ἐπιστείλας
780 723 1110 792 θεοσέϐειαν,
1158 723 1253 777 καὶ
1284 722 1509 787 πολλοὺς
1536 722 1727 787 ἄλλους
1768 723 1894 786 τοὺς

318 819 652 891 δυναμένους
699 816 1070 889 συμϐαλέσθαι
1116 834 1169 870 τι
1220 816 1356 888 πρὸς
1402 815 1463 869 τὸ
1517 814 1893 887 προκείμενον,

321 911 415 964 ἐπὶ
442 910 539 981 την
568 909 801 982 σπουδὴν
828 907 1032 979 ταύτην
1059 906 1429 980 παρώρμησα.
1464 907 1573 961 Καὶ
1602 906 1771 971 τέλος,
1795 906 1896 977 τὴν

324 1004 545 1075 μνήμην
565 992 659 1056 τοῦ
690 998 1102 1072 μακαριωτάτου
1129 998 1335 1069 Πέτρου
1366 998 1517 1068 παρὰ
1539 996 1896 1066 Σεϐαστηνοῖς

321 1092 554 1164 πρώτως
583 1091 856 1161 ἀγομένην
884 1089 1221 1153 ἐπιτελέσας,
1248 1089 1343 1142 καὶ
1368 1088 1467 1152 τὰς
1497 1087 1737 1159 συνήθως
1768 1088 1895 1159 παρ’

321 1182 501 1237 αὑτῶν
529 1180 949 1251 ἐπιτελουμένας
977 1180 1086 1233 τῶν
1131 1179 1302 1248 ἁγίων
1334 1178 1623 1250 μαρτύρων
1653 1181 1894 1250 μνήμας,

321 1274 416 1327 τὸν
452 1273 613 1328 αὑτὸν
654 1272 845 1344 χρόνον
891 1271 1357 1341 συνδιαγαγόντων
1397 1272 1611 1345 ἐκείνῃ⁸
1666 1273 1759 1326 ἐπὶ
1798 1271 1898 1349 τὴν

323 1364 563 1436 ἐμαυτοῦ
610 1365 770 1419 πάλιν
823 1360 1147 1435 Ἐκκλησίαν
1193 1363 1551 1435 ὑπέστρεφον.
1601 1362 1709 1416 Καί
1759 1379 1899 1427 τινος

326 1456 668 1528 μηνύσαντος
707 1455 848 1509 κατὰ
891 1454 987 1526 τὴν
1011 1453 1226 1525 ὀρεινὴν
1258 1454 1419 1508 αὑτὸν
1444 1456 1657 1524 ἐνορίαν
1694 1453 1900 1522 διάγειν

326 1546 621 1618 μαρτύρων
660 1544 1011 1600 ἐπιτελοῦντα
1059 1544 1301 1616 μνήμας,
1342 1543 1411 1598 τὰ
1450 1544 1548 1614 μὲν
1585 1543 1776 1616 πρῶτα
1800 1544 1900 1614 τῆς

321 1638 444 1693 ὀδοῦ
472 1637 720 1709 είχόμην,
767 1637 1201 1708 εὐπρεπέστερον
1248 1633 1388 1691 εἶναι
1420 1636 1621 1707 κρίνων
1664 1636 1757 1690 ἐπὶ
1804 1638 1901 1708 τῆς

326 1728 716 1799 μητροπόλεως
767 1727 1022 1797 γενέσθαι
1072 1727 1171 1797 τὴν
1220 1728 1526 1799 συντυχίαν.
1589 1728 1674 1789 Ὠς
1718 1728 1774 1780 δέ
1818 1745 1901 1792 τις

324 1817 433 1871 τῶν
487 1818 725 1888 γνησίων
773 1819 914 1872 κατὰ
958 1819 1196 1889 σπουδήν
1245 1835 1334 1889 μοι
1383 1817 1764 1888 συντετύχηκε,
1806 1818 1900 1871 καὶ

324 1910 627 1980 ἀρρωστεῖν
677 1909 840 1963 αὑτὸν
885 1907 1337 1963 διεϐεϐαιώσατο·
1386 1904 1713 1963 καταλιπὼν
1740 1908 1797 1961 ἐν
1823 1907 1900 1978 τῷ

322 2000 473 2069 τόπῳ
491 2000 553 2054 τὸ
583 2000 789 2072 ὄχημα,
814 2003 870 2055 ἐν
902 1992 947 2068 ᾧ
973 2000 1126 2073 παρὰ
1159 2000 1259 2073 τῆς
1281 2000 1532 2069 τοιαύτης
1556 1998 1900 2069 κατελήφθην

324 2091 536 2163 φήμης,
576 2091 728 2162 ἵππῳ
755 2090 816 2145 τὸ
848 2091 1053 2163 μεταξὺ
1084 2090 1296 2161 διῆλθον
1326 2090 1620 2160 διάστημα,
1653 2088 1903 2160 κρημνῶ-

324 2182 413 2243 δες
456 2181 550 2233 καὶ⁵
591 2181 770 2250 ὀλίγου
797 2181 1098 2252 ἁπόρευτον
1124 2184 1244 2245 ταῖς
1280 2180 1644 2252 τραχυτάταις
1672 2180 1899 2244 ἀνόδοις.

322 2266 435 2324 Ἦν
485 2272 542 2325 δέ
586 2272 977 2327 πεντεκαίδεκα
1030 2275 1250 2345 σημεῖα,
1296 2268 1377 2337 οἷς
1424 2273 1484 2325 τὸ
1528 2273 1587 2325 ἐν
1629 2271 1706 2342 τῷ
1752 2271 1901 2342 μέσῳ

322 2363 665 2436 διεμετρεῖτο
698 2363 994 2436 διάστημα.
1024 2364 1242 2419 Τούτων
1274 2364 1341 2419 τὰ
1383 2364 1481 2435 μὲν
1514 2366 1577 2418 ἐκ
1618 2365 1794 2431 ποδὸς,
1833 2364 1902 2421 τὰ

324 2454 382 2509 δέ
408 2454 496 2509 διὰ
536 2455 632 2509 τοῦ
660 2457 824 2510 ἵππου
857 2456 1011 2528 μόλις
1048 2456 1292 2524 διελθὼν,
1327 2456 1562 2529 ὄρθριος,
1614 2458 1767 2529 μέρει
1796 2457 1903 2511 τινὶ

326 2545 424 2599 καὶ
447 2545 547 2616 τῆς
565 2545 757 2611 νυκτὸς
783 2548 1246 2619 συγχρησὰμενος,
1277 2548 1416 2602 κατὰ
1438 2548 1535 2619 τὴν
1561 2547 1781 2620 πρώτην
1804 2549 1902 2619 τῆς

323 2636 539 2709 ἡμέρας
563 2637 714 2710 ὥραν
762 2640 1060 2710 ἐφίσταμαι
1109 2642 1221 2704 τοῖς
1266 2640 1715 2709 Ἀνδουμοκίνοις.
1748 2640 1902 2695 Οὑτω

324 2729 439 2800 γὰρ
483 2728 809 2802 ὀνομάζεται
843 2731 905 2784 τὸ
953 2730 1169 2803 χωρίον,
1226 2734 1283 2785 ἐν
1326 2723 1372 2800 ᾦ
1413 2728 1481 2803 ἦν
1527 2732 1904 2804 ἐκκλησιάζων

326 2821 535 2883 ἐκεῖνος
563 2820 700 2891 μετὰ
723 2820 897 2875 ἄλλων
927 2822 1238 2877 ἐπισκόπων
1267 2822 1379 2877 δύο.
1416 2824 1664 2878 ’Δπωθεν
1691 2823 1747 2878 δέ
1771 2841 1902 2879 κατ-

326 2911 527 2975 ιδόντες
567 2910 627 2977 ἐξ
668 2912 892 2985 αὐχένος
935 2913 1076 2978 τινὸς
1119 2914 1510 2986 ὑπερκειμένου
1553 2914 1664 2986 ’τῆς
1712 2915 1905 2987 κώμης

324 3002 426 3075 τὴν
449 3005 508 3056 ἐν
534 3003 611 3074 τῷ
635 3004 887 3077 ὑπαίθρῳ
917 3005 1018 3075 τῆς
1042 3006 1336 3078 ἐκκλησίας
1374 3006 1698 3079 συνδρομὴν,
1743 3007 1905 3078 βάδην

322 3094 420 3148 τὸν
461 3094 663 3166 μεταξὺ
692 3096 976 3167 διήλθομεν
1006 3098 1188 3163 τόπον,
1230 3100 1295 3153 ἐκ
1324 3098 1480 3162 ποδός
1528 3116 1587 3153 τε
1628 3100 1907 3171 προϊόντες

328 3185 445 3257 ἐγὼ
479 3188 635 3258 καὶή
687 3185 803 3258 μετ’
836 3189 969 3259 ἐμοῦ
1015 3189 1248 3253 συνοδία,
1288 3190 1381 3244 καὶ
1419 3189 1547 3254 τοὺς
1593 3190 1789 3253 ἵππους
1820 3187 1909 3242 διὰ

321 3276 509 3347 χειρὸς
542 3276 910 3346 ἐφελκόμενοι.
958 3279 1119 3332 Ὥστε
1160 3278 1359 3350 φθάσαι
1396 3279 1531 3349 ὁμοῦ
1578 3279 1647 3332 τὰ
1693 3278 1786 3332 δύο
1818 3296 1910 3346 γε-

322 3366 536 3432 νέσθαι,
569 3367 776 3421 ἐκεῖνόν
822 3385 880 3421 τε
915 3369 979 3422 ἐκ
1022 3369 1120 3440 τῆς
1163 3370 1455 3438 ἐκκλησίας
1491 3371 1580 3422 ἐπὶ
1606 3370 1704 3439 τὴν
1735 3371 1909 3423 οἰκίαν

325 3458 691 3531 ὑποστρέψαι,
722 3461 815 3513 κα)⁸
850 3463 999 3532 ἡμᾶς
1034 3462 1326 3532 πλησιάσαι
1355 3461 1433 3532 τῷ
1457 3461 1757 3535 μαρτυρίῳ.
1786 3464 1908 3533 Μη-

321 3549 522 3620 δεμιᾶς
555 3549 613 3603 δέ
642 3552 938 3623 γενομένης
980 3553 1267 3623 ἀναϐολῆς,
1298 3551 1548 3623 ἐπέμφθη
1578 3552 1703 3623 παρ’
1755 3553 1910 3623 ἡμῶν

321 3645 352 3695 ό
390 3641 651 3713 μηνύσων
687 3644 832 3716 αύτῷ
868 3644 966 3716 τὴν
999 3645 1300 3716 παρουσίαν
1321 3662 1332 3675 ·
1366 3646 1462 3698 καὶ
1494 3645 1689 3716 μικροῦ
1728 3645 1910 3714 διαγε-

320 3733 543 3802 γονότος
564 3733 951 3807 διαστηματος,
973 3738 1001 3788 ὁ
1030 3737 1137 3807 ὑπη
1147 3735 1301 3810 ρετού
1310 3755 1468 3809 μενος
1494 3737 1643 3807 αὑτῷ
1666 3737 1909 3800 διάκονος

325 3823 620 3896 συνέτυχεν
650 3827 804 3897 ἡμῖν,
841 3828 899 3882 ὃν
944 3828 1396 3899 παρεκαλέσαμεν
1427 3828 1515 3882 διὰ
1563 3828 1758 3897 τάχους
1808 3845 1909 3897 μη-

322 3912 507 3978 νῦσαι,
570 3912 711 3969 ὥστε
757 3916 851 3969 ἐτι)⁸
901 3917 1062 3970 πλέον
1102 3917 1251 3986 αὑτῷ
1297 3917 1693 3986 συνδιαγαγεῖν,
1734 3916 1820 3987 ἐφ’
1865 3910 1910 3985 ᾧ

320 4020 381 4058 τε
414 4005 611 4076 καιρὸν
641 4007 842 4077 εὑρεῖν,
873 4010 1008 4079 πρὸς
1038 4008 1099 4062 τὸ
1133 4010 1298 4081 μηδὲν
1326 4009 1681 4080 περιοφθῆναι
1715 4010 1821 4061 τῶν
1849 4009 1909 4062 ἐν

322 4097 461 4165 ἡμῖν
494 4095 885 4167 ἀθεράπευτον.
939 4100 1093 4154 Μετὰ
1135 4099 1291 4153 τοῦτο
1334 4098 1446 4169 ἐγὼ
1496 4100 1595 4169 μὲν
1626 4100 1908 4173 ἐκαθήμην

324 4188 467 4241 κατὰ
516 4189 577 4242 τὸ
627 4188 911 4264 ὕπαιθρον,
944 4192 1230 4262 ἀναμένων
1282 4193 1373 4246 τὸν
1413 4192 1781 4257 είσκαλοῦντα,
1817 4194 1911 4246 καὶ

322 4280 668 4352 τροεκείμην
718 4283 945 4354 ἄκαιρον
996 4283 1173 4354 θέαμα
1222 4286 1333 4348 τοῖς
1396 4283 1719 4353 ἐπιδημοῦσι
1771 4283 1909 4338 κατὰ

1991 448 2260 505 habebam
2292 462 2309 500 :
2343 455 2403 502 ut
2443 446 2535 517 qui
2577 453 2631 502 et
2667 446 2909 517 ipsarum
2938 461 3121 502 rerum
3154 446 3440 501 veritatem
3479 444 3565 500 in-

1993 548 2199 596 tuerer.
2222 539 2293 593 At
2320 553 2446 594 eum
2473 538 2544 593 ab
2570 538 2826 595 omnibus
2853 539 3041 595 eadem
3074 538 3263 596 eodem
3289 537 3437 594 velut
3468 549 3566 591 ore

1994 632 2156 688 nobis
2199 631 2669 697 renuntiarentur,
2705 647 2942 704 cumque
2970 633 3285 689 rumoribus
3309 633 3442 702 ipsa:
3471 643 3562 686 res

1994 723 2373 788 convenirent,
2400 723 2594 779 decere
2628 739 2714 779 me
2742 724 3068 792 statuebam,
3100 734 3162 778 ut
3188 739 3259 779 ne
3288 723 3562 780 hostilita-

1996 825 2102 869 tem
2147 814 2289 871 banc
2340 815 2644 870 incuratam
2697 815 3044 888 negligerem,
3097 814 3395 886 praesertim
3441 826 3565 884 quae

1996 903 2233 959 necdum
2279 906 2494 962 radices
2543 907 2728 964 ﬁrmas
2777 908 3000 978 egisset.
3058 908 3246 978 itaque
3294 915 3444 961 tuam
3496 904 3566 960 ad

1996 983 2274 1065 pietatem,
2308 999 2618 1068 multosque
2642 999 2779 1055 alios
2808 1000 3028 1070 scriptis
3064 1000 3280 1065 litteris,
3306 999 3400 1070 qui
3428 1012 3564 1054 cono

1998 1088 2142 1145 ferre
2168 1091 2331 1145 nobis
2364 1072 2569 1161 aiiquid
2594 1091 2661 1146 ad
2696 1092 2799 1147 hoc
2845 1092 3150 1147 institutum
3184 1098 3428 1161 possent,
3457 1102 3570 1144 mo-

1998 1182 2093 1236 nui
2124 1181 2265 1236 hanc
2292 1189 2352 1235 ut
2386 1182 2443 1236 in
2486 1197 2674 1237 curam
2717 1181 3127 1240 incumberetis.
3164 1181 3404 1239 Tandem
3441 1196 3569 1236 cum

2000 1272 2320 1327 memoriam
2386 1273 2689 1329 beatissimi
2752 1272 2933 1337 Petri,
2992 1290 3114 1344 quae
3170 1281 3287 1328 tum
3335 1272 3569 1343 primum

2000 1362 2266 1418 celebrari
2287 1370 2466 1434 coepta
2492 1371 2657 1429 esset,
2683 1365 2826 1434 apud
2851 1364 3181 1421 Sebastenos
3213 1361 3568 1434 peregissem,

2007 1454 2305 1525 itidemque
2336 1455 2668 1526 reliquorum
2718 1456 2841 1511 ﬁdei
2877 1457 3115 1521 testium,
3163 1456 3257 1526 qui
3286 1464 3347 1510 ut
3379 1453 3571 1510 eodem

2002 1560 2127 1600 cum
2156 1543 2319 1601 Petro
2348 1548 2601 1601 vixerunt
2629 1555 2891 1617 tempore,
2920 1549 2995 1601 ita
3020 1547 3287 1604 celebrari
3312 1560 3422 1602 una
3445 1556 3572 1601 cum

2002 1636 2122 1708 ipso
2152 1646 2555 1697 consueverunt
2584 1658 2597 1694 :
2630 1653 2898 1695 converso
2937 1639 3134 1694 itinere
3175 1652 3350 1693 meam
3383 1651 3473 1692 me
3502 1636 3574 1691 ad

2005 1726 2305 1783 Ecclesiam
2338 1728 2687 1799 recipiebam.
2721 1727 2845 1784 Haec
2877 1743 3000 1784 cum
3026 1727 3388 1799 signiﬁcasset
3413 1725 3577 1782 nobis

2004 1818 2248 1888 quidam,
2295 1819 2493 1889 degere
2545 1818 2848 1874 llelladium
2892 1819 2949 1873 in
2994 1818 3241 1874 ﬁnitimis
3272 1817 3576 1884 montibus,

2003 1916 2417 1980 martyrumque
2447 1911 2770 1965 memoriam
2804 1924 3063 1979 peragere
3094 1927 3107 1962 :
3142 1910 3317 1979 primo
3354 1906 3577 1978 quidem

2005 1999 2256 2054 instituto
2286 2001 2340 2054 in
2376 2000 2572 2056 itinere
2602 2003 2914 2073 pergebam,
2947 2000 3095 2071 quod
3124 2000 3298 2070 magis
3333 2012 3458 2054 esse
3482 1998 3579 2054 de-

2004 2104 2137 2145 coro
2163 2100 2590 2148 consentaneum
2635 2099 2907 2162 putarem,
2950 2101 3012 2146 ut
3044 2092 3162 2162 ipsa
3194 2090 3251 2145 in
3290 2088 3575 2159 metropoli

2004 2180 2283 2236 hominem
2301 2183 2667 2238 convenirem.
2689 2183 2888 2238 Verum
2920 2182 3013 2238 ubi
3041 2190 3399 2254 cognatorum
3426 2182 3579 2253 quis-

2003 2274 2149 2343 piam
2189 2273 2315 2329 data
2363 2290 2530 2345 opera
2566 2290 2655 2332 me
2698 2276 3045 2342 accessisset,
3094 2282 3257 2345 atque
3296 2274 3578 2329 hominem

2004 2365 2233 2421 adversa
2253 2367 2562 2423 valetudine
2582 2367 2830 2422 laborare
2861 2381 2960 2437 pro
2991 2374 3144 2423 certo
3163 2367 3570 2421 conﬁrmasset:

2004 2453 2197 2509 relicto
2226 2452 2426 2509 ibidem
2449 2469 2640 2519 curru,
2666 2456 2757 2510 ubi
2788 2456 3039 2510 nuntium
3066 2454 3213 2510 hunc
3234 2469 3574 2526 acceperam,

2007 2531 2151 2615 equo
2183 2543 2456 2616 reliquum
2507 2546 2724 2601 itineris
2768 2546 3113 2603 intervallum
3158 2545 3389 2610 confeci,
3442 2561 3577 2601 sane

2005 2651 2247 2708 praeceps
2288 2644 2343 2693 et
2370 2638 2513 2708 quod
2552 2638 2623 2693 ob
2668 2653 2934 2695 ascensus
2963 2638 3294 2709 asperrimos
3334 2652 3503 2709 pr0pe
3544 2652 3577 2691 a

2004 2727 2164 2783 nobis
2197 2728 2475 2800 peragrari
2517 2743 2624 2784 non
2653 2737 2861 2799 posset.
2902 2728 3153 2801 Spatium
3195 2729 3394 2798 ipsum,
3429 2726 3578 2798 quod

2006 2822 2166 2877 nobis
2196 2820 2558 2878 emetiendum
2589 2830 2726 2887 erat,
2764 2822 2997 2877 habebat
3027 2821 3279 2877 milliaria
3310 2821 3379 2876 ad
3408 2821 3578 2891 quin-

2005 2912 2202 2969 decim.
2232 2912 2358 2970 Haec
2379 2914 2472 2970 ubi
2500 2915 2697 2985 partim
2721 2915 2951 2986 pedibus
2981 2916 3175 2986 partim
3196 2930 3337 2986 equo
3365 2920 3577 2977 vectus.

2007 3005 2099 3060 vix
2140 3007 2408 3062 matutino
2444 3018 2705 3076 tempore,
2754 3014 2918 3077 atque
2961 3007 3126 3063 etiam
3173 3008 3352 3078 aliqua
3396 3008 3579 3062 noctis

2011 3104 2162 3166 parte
2189 3098 2569 3161 absulvissem,
2598 3100 2773 3168 prima
2798 3099 2904 3153 diei
2939 3100 3071 3155 bora
3092 3099 3205 3169 jam
3241 3099 3580 3155 Andumoci—

2007 3188 2095 3243 nis
2148 3204 2317 3243 eram.
2370 3189 2504 3243 Nam
2545 3190 2651 3245 hoc
2691 3191 2812 3245 loco
2858 3191 2934 3246 illi
2965 3203 3081 3245 erat
3126 3205 3343 3256 nomen,
3376 3191 3429 3245 in
3468 3204 3580 3261 quo

2009 3280 2134 3332 cuiu
2164 3281 2377 3335 duobus
2410 3281 2534 3336 aliis
2565 3282 2839 3351 episcOpis
2884 3283 2935 3337 in
2983 3283 3263 3338 hominum
3295 3292 3441 3337 coetu
3477 3282 3581 3337 fre-

2009 3369 2197 3437 quenti
2246 3370 2697 3424 concionabatur.
2752 3371 2997 3442 Cumque
3052 3372 3241 3442 procul
3290 3387 3320 3426 e
3368 3372 3581 3427 tumulo

2008 3457 2266 3528 quodam,
2313 3461 2404 3530 qui
2447 3460 2567 3515 vico
2620 3461 2958 3529 immineret,
3007 3463 3291 3519 concionis
3341 3464 3446 3518 sub
3489 3464 3581 3519 dio

2008 3564 2336 3603 concursum
2390 3550 2775 3609 vidissemus:
2820 3553 3087 3623 gradatim
3142 3554 3400 3625 deinceps
3452 3571 3580 3626 pro-

2009 3640 2181 3709 gressi
2208 3654 2398 3695 sumus
2434 3642 2666 3712 pedites,
2699 3652 2808 3697 tam
2849 3645 2964 3714 ipse
2995 3660 3158 3716 quem
3194 3648 3419 3703 comites
3451 3650 3580 3707 mei.

2009 3744 2283 3800 manuque
2325 3741 2547 3788 nostros
2580 3749 2752 3804 equos
2792 3734 3157 3791 ductavimus.
3198 3736 3318 3805 Quo
3353 3740 3580 3803 factum,

2010 3826 2069 3874 ut
2111 3820 2300 3875 eadem
2358 3822 2637 3878 celeritate
2686 3822 2796 3878 duo
2856 3823 3175 3888 conﬁerent,
3229 3826 3487 3880 nimirum
3523 3835 3584 3880 ut

2009 3911 2126 3981 ipse
2155 3910 2374 3967 domum
2417 3928 2448 3967 e
2482 3914 2746 3970 concione
2785 3915 3005 3983 rediret,
3041 3931 3106 3971 ac
3134 3932 3236 3971 nos
3280 3927 3582 3990 martyrum

2009 4001 2076 4056 ad
2110 4001 2288 4057 locum
2321 4003 2756 4071 perveniremus.
2791 4005 2978 4076 Neque
3007 4022 3163 4063 mora
3196 4007 3302 4061 ulla
3343 4009 3586 4076 interpo-

2010 4095 2113 4150 sita
2143 4094 2350 4149 missus
2398 4109 2427 4147 a
2460 4095 2619 4150 nobis
2659 4106 2763 4161 est,
2792 4097 2886 4167 qui
2922 4102 3213 4153 adventum
3253 4098 3301 4154 ei
3333 4107 3579 4153 nostrum

2009 4186 2313 4241 indicaret:
2348 4195 2402 4241 et
2433 4180 2607 4257 paulo
2643 4196 2766 4257 post
2794 4188 3044 4243 minister
3076 4190 3250 4258 ipsius
3281 4190 3334 4243 in
3366 4205 3467 4244 nos
3497 4191 3583 4245 in-

2011 4278 2166 4343 cidit,
2220 4293 2381 4348 quem
2432 4279 2741 4349 rogavimus
2790 4285 2850 4332 ut
2896 4279 3143 4334 celeriter
3189 4278 3256 4333 ad
3301 4296 3424 4335 eum
3467 4296 3581 4337 rem

321 4370 425 4441 τὴν
452 4372 688 4428 σύνοδον.
732 4372 836 4426 Kal.
881 4376 1070 4448 χρόνος
1101 4375 1368 4444 διεγένετο
1419 4375 1518 4429 οὑκ
1565 4376 1764 4443 ὀλίγος,
1813 4376 1902 4429 καὶ

2014 4368 2273 4435 deferret,
2297 4384 2406 4440 quo
2426 4370 2635 4427 diutius
2661 4368 2806 4440 apud
2834 4370 3012 4440 ipsum
3045 4371 3253 4448 versari
3273 4386 3580 4441 possemus.

322 4462 639 4531 νυσταγμὸς
688 4464 781 4516 ἐπὶ
818 4464 1044 4528 τούτοις,
1093 4466 1185 4519 καὶ
1220 4465 1437 4537 ἁκηδία,
1482 4467 1575 4520 καὶ
1623 4468 1652 4519 ὁ
1700 4468 1763 4521 ἐκ
1809 4466 1909 4538 τῆς

321 4551 446 4606 ὁδοῦ
501 4553 668 4617 κόπος
721 4556 1004 4609 ἐπιτείνων
1050 4556 1146 4628 τὴν
1179 4558 1429 4628 ἀκηδίαν,
1476 4561 1570 4613 καὶ
1610 4559 1670 4613 τὸ
1706 4558 1908 4622 θάλπος

327 4642 569 4714 ίσχυρὸν,
603 4645 697 4698 καὶ
728 4646 778 4698 οί
819 4645 954 4717 πρὸς
991 4647 1136 4717 ἡμᾶς
1168 4648 1584 4713 ἀποϐλέποντες,
1621 4649 1715 4702 καὶ
1746 4649 1909 4718 ἀλλή-

323 4733 435 4798 λοις
464 4735 551 4788 διὰ
579 4736 688 4788 τῶν
736 4737 1010 4791 δακτύλων
1044 4738 1502 4803 ὑποδεικνύοντες.
1546 4741 1652 4792 Καὶ
1695 4741 1907 4794 ἅπαντα

322 4825 395 4879 τὰ
428 4825 653 4880 τοιαῦτα
700 4826 841 4881 οὕτω
890 4845 979 4899 μοι
1031 4829 1201 4899 βαρέα
1251 4824 1340 4899 ἦν,
1392 4829 1466 4893 ὡς
1501 4829 1782 4898 ἀληθεύειν
1818 4830 1905 4882 ἐπ’

323 4916 465 4987 ἐμοῦ
492 4917 554 4970 τὸ
596 4916 691 4971 τοῦ
736 4919 1039 4995 Προφήτου,
1072 4922 1155 4974 ὅτι
1189 4940 1208 4973 ι
1254 4920 1574 4990 Ἠκηδίασεν
1600 4920 1687 4974 ἐπ’
1717 4920 1815 4992 ἐμὲ
1846 4923 1908 4975 τὸ

323 5008 552 5077 πνεῦμά
609 5025 730 5079 μου.
788 5029 807 5062 ι
857 5012 966 5064 Καὶ
1009 5011 1144 5082 πρὸς
1190 5010 1535 5083 μεσημϐρίαν
1566 5011 1668 5082 ἤδη
1710 5011 1908 5083 προελτρ

322 5097 530 5170 θοὺσης
570 5100 668 5170 τῆς
716 5100 865 5173 ὥρας
913 5098 1256 5173 είσηνέχθην,
1307 5102 1475 5156 πολλὰ
1511 5102 1905 5174 μεταμεληθεὶς

321 5191 422 5244 καὶ
453 5192 554 5261 τῆς
587 5193 895 5263 συντυχίας,
946 5193 1022 5257 ὡς
1061 5193 1279 5266 ἐμαυτῷ
1309 5194 1411 5265 τῆς
1440 5193 1660 5265 ἀτιμίας
1686 5194 1904 5265 ἐκείνης

322 5281 630 5352 παρασχὼν
656 5285 754 5355 τὴν
782 5286 981 5341 αἰτίαν.

2012 4469 2067 4517 et
2099 4461 2561 4531 opportunitatem
2612 4461 2851 4532 aliquam
2888 4462 3153 4526 invenire,
3201 4440 3281 4518 n'e
3307 4464 3442 4517 nihil
3473 4480 3582 4519 non

2014 4562 2261 4608 curatum
2313 4553 2730 4623 relinqueretur.
2795 4552 3106 4609 Secundum
3164 4553 3279 4608 haec
3328 4552 3582 4609 sedebam

2013 4644 2267 4714 equidem
2290 4645 2394 4700 sub
2423 4646 2535 4710 dio,
2559 4653 2885 4714 exspectans
2915 4645 3171 4715 aliquem,
3198 4645 3289 4719 qui
3321 4660 3419 4699 nos
3440 4646 3585 4700 intro

2012 4744 2232 4791 vocaret
2276 4756 2289 4790 :
2336 4737 2580 4807 adeoque
2630 4737 2942 4807 propositus
3002 4752 3151 4792 eram
3213 4737 3470 4791 omnibus
3527 4744 3579 4791 ut

2013 4824 2384 4896 importunum
2442 4827 2838 4897 spectaculum,
2889 4834 3154 4897 quotquot
3191 4842 3257 4882 eo
3309 4842 3586 4884 convene-

2012 4926 2155 4973 rant.
2210 4918 2326 4973 Nou
2370 4917 2480 4987 jam
2533 4918 2789 4989 exiguum
2823 4919 3086 4988 temporis
3125 4921 3362 4989 spatium
3412 4922 3586 4977 inter-

2011 5018 2271 5075 cesserat,
2300 5018 2355 5066 et
2388 5011 2670 5066 nictabaut
2702 5012 2870 5075 oculi,
2908 5019 2960 5066 et
2993 5012 3435 5081 consequebatur
3466 5015 3587 5083 qui-

2011 5104 2136 5159 dam
2170 5111 2355 5172 torpor
2391 5110 2445 5158 et
2481 5117 2544 5157 ex
2576 5104 2770 5159 itinere
2807 5102 3049 5172 fatigatio
3080 5101 3386 5156 molestiam
3419 5117 3587 5172 auge-

2009 5195 2124 5260 bat,
2187 5195 2430 5264 itemque
2481 5202 2651 5250 aestus
2713 5194 3024 5255 vehemens.
3077 5200 3132 5248 et
3184 5193 3431 5247 homines
3481 5207 3583 5247 nos

2009 5289 2306 5353 intuentes,
2343 5301 2555 5355 nosque
2583 5285 2768 5355 digitis
2796 5285 2936 5340 inter
2965 5301 3024 5340 se
3054 5293 3395 5341 ostentantes
3423 5301 3438 5338 :
3469 5283 3584 5339 [nec

321 5374 519 5446 igitur,
571 5377 786 5448 aliaque
825 5379 1138 5449 bujusmodi
1168 5381 1355 5436 omnia
1399 5389 1509 5435 tam
1559 5381 1694 5437 mlbi
1744 5390 1901 5437 erant
1930 5383 2139 5455 gravia,
2170 5382 2313 5437 utin
2355 5398 2443 5437 me
2469 5379 2617 5437 Vatis
2647 5382 2777 5436 illud
2844 5382 3066 5435 verbum
3112 5396 3238 5436 vere
3308 5388 3584 5450 compete-

316 5475 451 5521 ret:
488 5484 508 5518 ι
543 5462 835 5539 Obtorpuit
873 5470 929 5525 in
1003 5487 1089 5527 me
1133 5472 1360 5541 spiritus
1406 5488 1583 5529 meus.
1629 5492 1648 5526 ι
1730 5473 1971 5530 Instabat
2005 5473 2119 5544 jam
2155 5474 2431 5538 meridies,
2465 5481 2521 5530 et
2552 5490 2639 5531 me
2668 5478 3015 5533 vehementer
3054 5488 3384 5542 congressus
3419 5470 3585 5540 huius

316 5559 649 5631 ρωιιίιεὺοι,
682 5570 742 5617 ιιι
773 5564 865 5633 qui
914 5565 1159 5621 mihimet
1198 5567 1322 5624 talis
1359 5568 1671 5640 ignominia:
1712 5575 1902 5625 auctor

2012 5569 2293 5625 stitisscm.

397 5675 414 5705 ⁸
458 5673 602 5729 Psai.
635 5691 847 5740 cum,
884 5674 937 5732 7.
1056 5720 1059 5723 .

609 5768 877 5829 ['A'I‘BOL.
928 5771 1041 5831 Gn.
1094 5771 1141 5830 Χ
1160 5770 1309 5832 LVI.

3248 5736 3326 5796 32
