4002 6206
458 230 598 288 10οό

1691 221 1748 279 S.
1786 222 2111 279 GREGORII
2149 222 2440 281 NYSSENI

3568 233 3704 288 {005

524 347 773 415 Cumque
831 345 1051 416 gravior
1101 343 1217 423 lucc
1279 343 1411 398 mihi
1461 343 1737 397 accideret
1798 343 2020 412 injuria,

2199 348 2306 400 Καὶ
2335 346 2710 419 χαλεπώτερον
2754 349 2850 419 τῆς
2882 350 3030 420 παρά
3058 351 3164 404 τῶν
3194 351 3405 423 ἐχθρῶν
3435 368 3523 421 μοι
3555 369 3704 420 γενο-

458 450 620 506 quam
672 436 718 492 si
768 435 836 490 ab
884 420 1420 504 hostibus-profecta
1462 433 1678 498 fuisset,
1729 434 1846 503 ipsa
1895 433 2029 487 mihi

390 601 392 603 ς
458 525 719 598 cogitatio
753 539 873 579 mea
923 525 1230 580 molestiam
1283 521 1600 584 exhibebat,
1649 536 1836 576 secum
1866 521 2028 575 modo

459 615 694 687 quodam
723 630 994 686 pugnans,
1043 624 1098 669 et
1125 613 1453 669 sententiam
1502 627 1658 667 suam
1721 621 1941 666 mutans
1972 611 2029 665 in

457 707 691 765 consilio
741 706 968 762 sinistro
1008 706 1153 774 quod
1202 704 1550 759 instituisset.
1609 701 1711 757 Ubi
1756 717 1886 758 vero
1939 703 2030 756 vix

459 799 681 854 tandem
724 797 884 852 nobis
940 796 1249 850 sacrarium
1301 803 1551 863 apertum
1607 801 1773 858 esset,
1806 793 2031 863 jamque

456 891 689 963 ingressi
722 889 1018 944 fuissemus
1049 888 1244 957 adyta;
1271 885 1465 954 vulgus
1491 884 1712 955 quidem
1743 885 2030 940 hominum

457 982 752 1054 quominus
790 979 1073 1044 introiret,
1116 976 1265 1030 aditu
1304 976 1716 1046 prohibebatur,
1769 991 1888 1032 meo
1917 991 2031 1032 me-

458 1053 584 1127 eum
617 1072 856 1124 intrante
889 1068 1165 1132 ministro,
1194 1066 1290 1136 qui
1339 1082 1506 1120 manu
1537 1053 1738 1136 co‘rpus
1765 1082 1795 1122 e
1833 1067 2023 1122 labore

457 1162 747 1232 fatigatum
778 1159 1018 1214 fulciret.
1051 1156 1192 1212 lline
1223 1170 1346 1210 cum
1381 1157 1657 1212 hominem
1705 1155 2032 1225 compellas-

458 1265 607 1313 sem,
661 1257 716 1303 et
775 1246 1176 1316 aliquantulum
1231 1245 1537 1310 stetissent,
1595 1252 1926 1315 exspectans
1976 1252 2035 1299 ut

459 1342 650 1400 sedere
664 1341 977 1411 juberct,ut
1001 1339 1137 1392 nihil
1159 1338 1354 1392 horum
1385 1336 1604 1404 accidit,
1634 1352 1936 1393 conversus
1967 1337 2034 1392 ad

458 1436 662 1507 gradus
715 1434 994 1504 quosdam,
1028 1432 1221 1504 procul
1263 1430 1390 1486 inde
1427 1430 1676 1494 dissitos,
1735 1430 1790 1485 in
1842 1446 2033 1486 eorum

460 1545 570 1582 uno
599 1525 880 1593 consideo,
908 1534 964 1580 et
991 1521 1238 1594 nunquid
1261 1530 1510 1577 amanter
1539 1523 1917 1579 humaniterve
1952 1523 2035 1577 di-

461 1627 652 1677 cturus
683 1625 826 1675 esset
872 1617 1053 1682 nobis,
1087 1616 1175 1671 vel
1221 1615 1414 1670 saltem
1458 1615 1767 1684 superciliis
1799 1623 2035 1669 annulu-

2133 438 2306 508 μένης
2333 439 2558 510 ὕϐρεως,
2604 436 2632 492 6
2662 441 2794 508 ἐμός
2829 458 2895 510 με
2928 442 3180 512 λογισμὸς
3222 443 3370 511 ¹ἡνία,
3406 444 3709 515 μαχόμενος

2129 529 2325 599 τρόπον
2352 530 2472 582 τινά
2494 530 2626 602 πρὸς
2648 532 2863 595 ἑαυτὸν,
2900 533 2994 584 καὶ
3029 532 3446 602 μεταγινώσκων
3476 536 3534 585 ἐν
3560 535 3712 585 ὑστε-

2131 622 2383 694 ροῦουλίᾳ
2411 623 2553 694 ὑπὲρ
2591 617 2665 677 ὧν
2703 624 2980 694 προέθετο.
3025 625 3114 688 Ὠς
3139 607 3301 678 δ”οὗν
3336 627 3488 696 μόλις
3516 626 3711 696 ἠνοίγη

2129 714 2260 782 ἡμῖν
2285 712 2355 765 τὰ
2385 713 2679 784 ἀνάκτορα,
2707 715 2799 767 καὶ
2825 714 2934 767 τῶν
2964 715 3172 768 ἀδύτων
3196 716 3342 778 ἐντὸς
3371 716 3677 786 ἐγενόμεθα
3697 731 3710 746 ·

2128 804 2178 854 οἱ
2234 801 2331 872 μὲν
2394 803 2577 856 πολλοὶ
2640 803 3076 874 ἀπεκλείσθησαν
3133 805 3232 874 τῆς
3281 807 3513 861 εἰσόδου·
3574 808 3606 860 6
3655 807 3713 859 δὲ

2105 892 2260 962 ίέμὸς
2288 893 2599 963 συνεισῆλθε
2633 895 2894 959 διάκονος,
2940 896 2998 960 ὃς
3040 900 3104 968 τῇ
3134 897 3279 967 χειρὶ
3314 898 3372 950 τὸ
3410 897 3572 967 σῶμα
3603 899 3713 950 ὑπ-

2131 986 2314 1056 ήρειδε
2351 986 2658 1056 πεπονηκὸς
2700 988 2762 1039 ἐκ
2783 987 2875 1040 τοῦ
2903 987 3094 1044 κόπου.
3139 988 3279 1057 Ἐγὼ
3315 989 3371 1042 δὲ
3400 989 3714 1060 προσειπὼν

2131 1077 2305 1148 αύτῷ,
2351 1077 2448 1131 καὶ
2498 1078 2584 1130 ἐπ’
2629 1078 2809 1146 ὀλίγον
2859 1079 3092 1143 σταθεὶς,
3141 1081 3278 1134 ῶστε
3335 1099 3425 1151 μοι
3457 1081 3712 1148 γενέσθαι

2132 1170 2445 1240 προτροπὴν
2488 1171 2567 1232 εἰς
2615 1169 2905 1241 καθέδραν,
2939 1171 3011 1233 ὡς
3039 1171 3188 1223 οὐδὲν
3236 1171 3440 1225 τούτων
3484 1172 3710 1240 ἐγίνετο,

2133 1261 2225 1313 ἐπί
2269 1278 2412 1324 τινος
2439 1261 2545 1313 τῶν
2575 1258 2857 1331 πόρρωθεν
2886 1261 3100 1331 βάθρων
3128 1263 3444 1332 διατραπεὶς
3475 1264 3713 1316 ἀνεπαυ·

2136 1350 2335 1421 σάμην,
2370 1351 2653 1420 ἀναμένων
2699 1352 2747 1403 εί
2795 1351 2902 1421 ἄρα
2945 1369 3000 1404 τι
3046 1351 3332 1420 φθέγξαιτο
3383 1353 3520 1423 πρὸς
3567 1355 3715 1422 ἡμᾶς

2135 1441 2378 1511 εὐμενὲς,
2411 1441 2445 1512 ἦ
2475 1458 2526 1494 τι
2559 1439 2955 1511 φιλάνθρωπον,
2995 1442 3029 1512 ἦ
3056 1443 3173 1504 ταῖς
3199 1441 3330 1510 γοῦν
3367 1441 3566 1512 ὀφρύσι
3600 1443 3711 1496 λοι-

2135 1534 2235 1588 πὸν
2276 1533 2626 1588 ἐπινεύσειεν.
2688 1533 2825 1586 Ἀλλ’
2873 1534 2968 1587 ἀπ’
3016 1534 3274 1586 ἐναντίων
3321 1537 3385 1604 τῇ
3423 1535 3604 1587 ἐλπίδι
3646 1536 3713 1587 τά

2137 1628 2332 1682 πάντα.
2363 1627 2548 1696 Σιωπὴ
2586 1625 2694 1699 γὰρ
2730 1621 2798 1697 ἦν
2831 1626 2891 1679 τὸ
2923 1627 3030 1680 ἀπὸ
3072 1626 3259 1679 τούτου
3285 1627 3588 1697 νυκτερινὴ,
3621 1628 3712 1679 καὶ

460 1727 580 1777 rus,
612 1710 890 1781 opperior.
924 1707 1127 1762 Verum
1150 1706 1335 1762 omnia
1367 1713 1560 1760 contra
1587 1721 1740 1776 spem
1788 1716 2032 1762 nostram

2138 1719 2404 1789 κατήφεια
2445 1717 2704 1789 τραγικὴ,
2747 1719 2842 1772 καὶ
2891 1718 3116 1788 θάμϐος,
3165 1718 3258 1771 καὶ
3298 1717 3576 1789 ἔκπληξις,
3621 1720 3712 1772 καὶ

461 1818 716 1861 evenere.
748 1800 883 1855 Nam
919 1799 1200 1856 silentium
1239 1806 1572 1852 nocturnum
1605 1805 1744 1863 erat,
1773 1805 1827 1852 et
1859 1796 2032 1852 tristi-

461 1896 538 1950 tia
570 1894 816 1964 quzedam
869 1890 1099 1960 tragica,
1131 1895 1185 1944 et
1234 1895 1446 1958 stupor,
1498 1897 1552 1942 et
1609 1889 1662 1942 in
1715 1888 2031 1943 universum

464 1987 617 2041 nulla
648 2000 752 2039 vox
779 1990 861 2038 est
893 1981 1129 2053 prolata.
1179 1979 1426 2048 Denique
1465 1993 1576 2034 non
1607 1979 1863 2049 exiguum
1895 1989 2034 2033 tem-

465 2079 618 2150 poris
668 2076 1017 2131 intervallum
1055 2073 1230 2144 quasi
1284 2075 1443 2145 nigra
1489 2073 1546 2126 in
1595 2079 1756 2125 nocte
1803 2071 2032 2126 silenter

461 2169 803 2240 exigebatur.
831 2167 912 2222 Ad
953 2182 1018 2222 ea
1050 2169 1398 2223 totoanimo
1439 2164 1747 2236 perculsus,
1787 2163 1934 2234 quod
1966 2178 2035 2219 ne

462 2260 924 2334 vulgari‘quidem
944 2273 1090 2318 ,voce
1125 2275 1228 2316 nos
1272 2260 1614 2332 dignaretur,
1651 2274 1751 2329 per
1794 2257 1882 2311 illa
1937 2258 2035 2311 ho-

462 2359 671 2413 minum
704 2357 757 2411 in
787 2371 893 2411 usu
923 2355 1230 2427 frequentia
1279 2354 1462 2418 verba,
1495 2353 1697 2422 quibus
1728 2351 1816 2406 vel
1855 2349 2036 2405 obiter

462 2449 659 2504 saltem
693 2447 947 2518 excipere
992 2455 1207 2501 nosmet
1243 2445 1506 2508 solemus,
1539 2439 1846 2510 cujusmodi
1883 2446 2033 2506 sunt,

467 2559 486 2592 ‹
530 2539 725 2596 Salvus
753 2537 1059 2593 advenisti:
1105 2557 1123 2589 ι
1160 2536 1266 2600 vel,
1300 2554 1318 2586 ι
1355 2533 1509 2590 Unde
1537 2533 1699 2588 nobis
1726 2531 1904 2588 ades?
1928 2545 2034 2601 qua

461 2635 530 2690 de
563 2633 774 2688 causa?
815 2631 1174 2701 quamobrem
1210 2629 1314 2682 huc
1362 2625 1715 2697 properasti?
1748 2623 2036 2678 taciturni-

461 2732 627 2779 tatem
658 2722 805 2776 illam
837 2721 971 2775 mihi
1006 2721 1162 2790 quasi
1191 2717 1466 2788 quandam
1499 2718 1624 2772 vita).
1651 2715 1793 2785 apud
1828 2712 2036 2769 inferos

461 2815 753 2885 imaginem
789 2812 1182 2883 proponebant.
1214 2809 1556 2878 Quamquam
1592 2808 1695 2861 hoc
1726 2805 2034 2874 exemplum

463 2923 533 2964 ne
563 2905 780 2983 quidem
810 2919 1076 2975 usurpare
1100 2902 1388 2957 debebam.
1415 2899 1626 2954 Etenim
1655 2897 1798 2967 apud
1828 2896 2036 2952 inferos

461 3013 659 3068 magna
692 3007 776 3053 est
806 2995 1096 3067 aequalitas
1124 2994 1179 3048 in
1216 2992 1529 3047 conditione
1549 2989 1814 3053 omnium,
1838 2987 2036 3057 quippe

466 3091 557 3146 ubi
591 3091 724 3145 nihil
773 3103 986 3154 eorum,
1027 3102 1148 3159 qua:
1198 3099 1364 3155 supra
1418 3091 1621 3136 terram
1659 3090 1828 3134 totam
1886 3079 2036 3134 illam

462 3185 588 3239 vitae
619 3183 870 3236 humanae
892 3180 1212 3250 tragmdiam
1241 3177 1502 3239 elliciunt,
1531 3171 1706 3228 turbae
1738 3170 2036 3241 quidquam

464 3273 675 3330 afferat.
720 3271 856 3326 Nam
891 3270 1064 3342 gloria
1109 3264 1571 3338 quemadmodum
1611 3269 1764 3317 vates
1815 3260 2036 3330 quidam

464 3365 730 3436 loquitur,
759 3379 865 3418 una
895 3377 1018 3417 eum
1059 3360 1375 3414 hominibus
1421 3372 1529 3412 non
1565 3355 1886 3411 descendit:
1940 3351 2036 3408 sed

465 3457 714 3529 cujusvis
763 3453 1003 3510 hominis
1062 3451 1244 3505 anima
1291 3448 1502 3504 relictis
1548 3447 1635 3512 iis,
1683 3461 1805 3516 qua:
1834 3445 1888 3499 in
1935 3443 2039 3499 hac

463 3549 577 3604 vita
627 3551 964 3617 expetuntur
1013 3558 1044 3597 a
1083 3542 1360 3613 plerisque
1395 3553 1610 3596 summo
1656 3536 1836 3593 studio
1875 3543 2034 3606 petu-

463 3639 654 3704 lantia,
689 3638 934 3708 inquam,
965 3645 1019 3691 et
1063 3634 1339 3704 superbia,
1374 3639 1428 3686 et
1477 3630 1657 3690 fastu,
1709 3627 1937 3697 simplex
1983 3632 2038 3682 et

466 3731 614 3785 omni
652 3730 859 3799 absque
893 3737 1158 3797 apparatu
1183 3723 1250 3777 ad
1285 3721 1492 3778 inferos
1523 3735 1645 3775 sese
1681 3718 1913 3782 confert,
1962 3717 2038 3772 ita

465 3834 526 3879 ut
551 3824 685 3877 nihil
733 3836 916 3877 rerum
950 3824 1004 3875 in
1055 3819 1157 3874 hac
1187 3819 1296 3872 vita
1332 3818 1689 3871 molestarum
1739 3813 2036 3883 quidquam

468 3918 590 3973 istis
621 3915 818 3986 negotii
853 3913 1128 3968 exhibeat.
1158 3908 1288 3964 Utut
1326 3924 1414 3964 res
1457 3923 1578 3963 sese
1630 3906 1847 3969 habeat,
1903 3902 2038 3958 mihi

467 4008 689 4079 quidem
719 4013 865 4062 certe
895 4005 1009 4069 illa,
1042 4018 1162 4073 qua:
1203 4010 1316 4055 tum
1350 3998 1688 4061 accidebant,
1722 3996 1805 4050 vel
1861 3995 2032 4049 infer-

467 4116 597 4166 nus,
627 4099 714 4155 vel
747 4097 1082 4168 caliginosus
1105 4108 1316 4159 carcer,
1341 4091 1426 4147 vel
1459 4090 1564 4143 alia
1587 4088 1832 4160 quaedam
1864 4085 2037 4141 tristis

469 4193 683 4251 ofﬁcina
710 4205 884 4261 pmnae
933 4185 1255 4242 videbantur
1305 4198 1468 4239 esse:
1542 4179 1842 4252 praesertim
1913 4193 2036 4232 cum

471 4297 686 4338 mecum
717 4282 835 4351 ipse
884 4276 1297 4350 perpenderem,
1330 4273 1552 4344 quantis
1583 4272 1637 4326 in
1683 4270 1843 4325 bonis
1875 4283 1904 4321 a
1939 4283 2036 4338 pa-

2135 1807 2400 1881 παντελὴς
2429 1807 2660 1876 ἀφωνία,
2692 1807 2786 1859 καὶ
2829 1806 3015 1878 χρόνος
3042 1807 3141 1858 οὐκ
3175 1807 3232 1857 ἐν
3261 1805 3444 1876 μικρῷ
3486 1806 3708 1876 διαστή-

2137 1915 2267 1967 ματι
2308 1897 2558 1968 καθάπερ
2587 1898 2643 1952 ἐν
2674 1897 2897 1969 μελαίνῃ
2944 1897 3098 1951 νυκτὶ
3144 1897 3210 1950 δι’
3258 1898 3488 1968 ἡσυχίας
3532 1914 3711 1966 παρα·

2133 1989 2458 2060 τεινόμενος.
2557 1989 2700 2058 Ἐγὼ
2759 1989 2818 2042 δὲ
2878 1988 3086 2052 τούτοις
3155 1989 3547 2056 ὲναποπλαγεὶς
3612 1988 3708 2058 τήν

2133 2081 2390 2143 διάνοιαν,
2447 2080 2535 2133 διὰ
2589 2080 2650 2133 τδ
2697 2080 2830 2151 μηδέ
2876 2080 2972 2149 τῆς
3019 2080 3206 2150 κοινῆς
3246 2080 3405 2133 αὑτὸν
3458 2079 3706 2149 ἐθελῆσαι

2139 2169 2455 2241 μεταδοῦναι
2484 2169 2686 2239 φωνῆς,
2721 2168 2808 2222 διὰ
2850 2168 2956 2222 τῶν
2984 2167 3482 2239 κατημαξευμένων
3506 2168 3714 2231 τούτων¹

2133 2261 2233 2330 τὴν
2261 2261 2545 2332 συντυχίαν
2576 2261 3014 2331 ἀφοσιουμένων·
3041 2255 3150 2313 οἷον
3177 2261 3258 2324 τὸ,
3296 2279 3313 2311 ε
3356 2255 3428 2314 Εὖ
3470 2261 3644 2329 ἥκεις,
3674 2260 3706 2330 ἦ

2136 2350 2299 2404 πόθεν
2345 2350 2528 2420 ﬁxere;
2574 2350 2608 2421 ἢ
2665 2349 2804 2420 ὑπὲρ
2834 2348 3012 2413 τίνος;
3040 2348 3072 2420 ἢ
3103 2351 3184 2411 τίς
3214 2349 3368 2419 ήτῆς
3402 2349 3702 2419 παρουσίας

2139 2443 2374 2516 σπουδή;
2409 2462 2429 2497 ι
2461 2442 2560 2512 τὴν
2583 2443 2813 2512 ἡσυχίαν
2842 2441 3054 2511 ἐκείνην
3082 2440 3181 2510 τῆς
3205 2441 3263 2492 ὲν
3285 2440 3407 2512 ᾅδου
3434 2441 3709 2510 διαγωγῆς

2137 2536 2432 2606 ἐποιούμην
2463 2535 2664 2588 είκόνα.
2714 2533 2928 2590 Μᾶλλον
2960 2533 3015 2586 δὲ
3048 2530 3432 2601 καταγινώσκω
3454 2531 3546 2584 τοῦ
3579 2533 3711 2584 ὑπο-

2135 2623 2444 2692 δείγματος.
2510 2621 2598 2674 Ἐν
2632 2620 2757 2690 ᾅδου
2804 2620 2911 2691 γὰρ
2957 2620 3200 2690 ἰσονομία
3250 2619 3435 2690 πολλὴ,
3484 2620 3712 2690 μηδενὸς

2134 2711 2242 2764 τῶν
2275 2711 2413 2782 ὑπὲρ
2448 2710 2552 2779 γῆς
2587 2709 2682 2780 τὴν
2716 2709 2846 2780 περὶ
2874 2709 2965 2761 τὸν
3009 2708 3122 2777 βίον
3157 2709 3459 2780 τραγῳδίαν
3483 2710 3713 2780 ἐργαζο-

2139 2802 2336 2873 μένων,
2373 2802 2587 2872 ἐκείνην
2632 2800 2728 2870 τὴν
2769 2800 3041 2871 διαγωγὴν
3079 2799 3430 2869 διοχλοῦντος.
3482 2801 3558 2853 Οὐ
3608 2801 3713 2870 γὰρ

2137 2893 2578 2963 ουγκαταδαίνει,
2631 2893 2774 2947 καθά
2826 2911 2988 2965 φησιν
3043 2894 3072 2945 6
3121 2894 3434 2963 Προφήτης,
3468 2895 3583 2955 τοῖς
3622 2893 3715 2945 ἀν·

2139 2985 2373 3057 θρώποις
2403 2987 2436 3054 ή
2464 2985 2590 3050 δόξα
2611 3002 2624 3015 ·
2655 2984 2790 3038 ἀλλά
2825 2983 3195 3038 καταλιποῦσα
3237 2985 3269 3053 ή
3303 2983 3532 3036 ἑκάστου
3565 2983 3709 3052 ψυχὴ

2138 3077 2206 3130 τὰ
2249 3075 2343 3130 νῦν
2375 3075 2783 3146 σπουδαζόμενα
2829 3077 2940 3138 τοῖς
2990 3073 3220 3136 πολλοῖς,
3262 3073 3418 3142 ὓϐριν
3450 3072 3594 3140 λέγω
3619 3071 3711 3125 καὶ

2143 3168 2520 3240 ὑπερηφανίαν
2547 3168 2640 3220 καὶ
2680 3167 2866 3236 τύφον,
2893 3165 3035 3236 ἀπλῆ
3073 3165 3165 3218 καὶ
3190 3165 3561 3226 ἀκατάσκευος
3591 3165 3712 3215 ἐπι-

2141 3257 2399 3331 χωριάζει
2441 3260 2552 3322 τοῖς
2586 3258 2754 3322 κάτω,
2800 3257 2876 3320 ὡς
2924 3256 3087 3327 μηδὲν
3131 3255 3238 3307 τῶν
3270 3255 3396 3325 τῇδε
3428 3251 3716 3330 μοχθηρῶν

2139 3327 2235 3406 καί
2289 3351 2420 3422 παρ’
2469 3349 2693 3412 ἐκείνοις
2742 3343 2900 3402 εἶναι.
2959 3348 3104 3418 Πλὴν
3154 3346 3268 3399 ἀλλ’
3319 3346 3443 3416 ἐμοὶ
3496 3327 3626 3415 ᾷδηγς
3675 3342 3714 3413 ἦ

2137 3444 2504 3514 δεσμωτήριον
2547 3440 2804 3510 ἀφεγγὲς,
2837 3439 2870 3509 ἢ
2905 3438 3032 3492 ἀλλο
3083 3455 3136 3490 τι
3193 3435 3509 3507 σκυθρωπδν
3552 3434 3721 3487 κολα-

2141 3537 2358 3606 στήριον
2404 3534 2575 3587 ἐδόκει
2607 3533 2674 3586 τὰ
2717 3531 2958 3602 παρόντα
3000 3525 3160 3593 εἶναι,
3197 3526 3538 3596 λογιζομένῳ
3578 3528 3722 3580 ὅσων

2139 3628 2356 3696 ἀγαθῶν
2380 3625 2675 3696 ἐγενόμεθα
2701 3625 2853 3694 παρά
2877 3621 2985 3675 τῶν
3010 3621 3259 3691 πατέρων
3283 3620 3440 3691 ήμῶν
3462 3619 3720 3688 διάδοχοι,

2139 3720 2234 3774 καὶ
2280 3714 2368 3774 οία
2417 3717 2729 3789 διηγήματα
2765 3717 2876 3778 τοῖς
2931 3712 3047 3784 μεθ’
3099 3713 3244 3782 ἡμᾶς
3296 3709 3722 3780 καταλείψομεν.

2139 3811 2204 3865 Τί
2247 3810 2305 3864 δὲ
2358 3809 2499 3877 λέγω
2553 3807 2662 3860 τῶν
2729 3805 2980 3877 πατέρων
3036 3804 3132 3872 τὴν
3182 3800 3531 3873 ἀγαπητικὴν
3584 3799 3728 3871 προς

2137 3903 2399 3972 ἀλλήλους
2430 3900 2642 3971 σχέσιν;
2681 3897 3004 3968 Θαυμαστὸν
3053 3896 3161 3965 γάρ
3194 3895 3364 3957 οὐδὲν,
3396 3891 3730 3962 ἀνθρώπους

2137 3995 2295 4058 ὄντας
2357 3997 2413 4048 ἐν
2456 3992 2703 4062 ὁμοτίμῳ
2751 3993 2817 4060 τῇ
2864 3988 3043 4057 φύσει,
3097 3987 3261 4058 μηδὲν
3308 3985 3510 4038 ἐθέλειν
3554 3983 3731 4035 πλέον

2139 4086 2380 4156 ἀλλήλων
2429 4085 2592 4154 ἔχειν,
2635 4082 2770 4137 ἀλλά
2823 4085 2888 4152 τῇ
2941 4076 3402 4150 ταπεινοφροσύνῃ
3448 4074 3734 4144 ἀλλήλους

2136 4177 2384 4250 ἡγεῖσθαι
2437 4174 2639 4227 ἑαυτῶν
2693 4171 2998 4241 ὑπερέχειν.
3061 4169 3198 4222 Ἀλλ’
3244 4170 3408 4220 ἐκεῖνο
3469 4164 3734 4234 μάλιστά

2141 4284 2243 4339 μου
2290 4267 2389 4336 τῆς
2429 4263 2662 4325 διανοίας
2705 4261 3031 4330 καθήπτετο,
3065 4259 3145 4311 ὅτι
3194 4260 3220 4311 6
3262 4256 3433 4324 πάσης
3482 4254 3737 4318 κτίσεως

470 4375 653 4430 tribus
682 4374 922 4443 acceptis
950 4383 1306 4425 successores
1339 4366 1465 4421 facti
1498 4365 1782 4428 fuerimus,
1814 4369 1869 4418 et
1901 4376 2036 4432 qua—

2141 4356 2436 4424 Δεσπότης,
2470 4354 2498 4405 6
2541 4349 2829 4421 μονογενὴς
2879 4347 3027 4411 Υἱὸς,
3078 4347 3105 4398 6
3151 4345 3226 4399 ῶν
3268 4347 3324 4396 ἐν
3355 4347 3465 4406 τοῖς
3495 4342 3750 4406 κόλποις*

470 4466 814 4536 ιεειροειοτίε
865 4462 1212 4519 narrationes
1241 4461 1308 4516 de
1352 4458 1513 4513 nobis
1562 4455 1803 4512 relicturi
1847 4453 2037 4507 simus.

469 4557 613 4628 Quid
645 4556 825 4611 dicam
862 4553 930 4608 de
956 4565 1168 4608 summa
1201 4549 1407 4604 amoris
1438 4546 1743 4609 affectione,
1777 4555 1885 4612 qua
1920 4553 2043 4594 sese

471 4657 666 4706 mutuo
698 4655 880 4718 patres
918 4643 1096 4700 nostri
1140 4635 1689 4710 complectebantur?
1718 4630 1867 4686 Nihil
1897 4635 2044 4683 certe

473 4741 604 4796 miri
641 4749 746 4806 est,
774 4753 869 4793 eos
899 4736 989 4806 qui
1022 4734 1134 4788 sint
1163 4730 1411 4786 homines
1435 4730 1488 4784 in
1517 4737 1731 4788 natura,
1768 4721 1926 4789 cujus
1949 4733 2046 4788 per

476 4833 661 4888 omnia
688 4845 786 4900 par
823 4839 906 4884 est
943 4826 1208 4898 dignitas,
1245 4823 1391 4877 nolle
1429 4818 1628 4890 potiori
1664 4811 1876 4871 eaateris
1921 4824 2045 4866 esse

475 4926 619 4987 loco,
670 4921 766 4976 sed
811 4919 1145 4981 existimare,
1199 4923 1389 4970 mutuo
1438 4927 1537 4966 nos
1584 4909 1782 4964 debere
1828 4909 2048 4958 nosmet

474 4993 784 5071 humilitate
811 5025 1092 5081 superare.
1121 5007 1415 5062 Enimvero
1436 5002 1671 5057 maxime
1702 4998 1767 5053 ad
1799 4995 2045 5050 animum

475 5107 611 5164 mihi
645 5104 946 5168 accidebat,
969 5103 1245 5156 universae
1277 5107 1542 5152 creatura:
1574 5092 1888 5153 Dominum,
1924 5087 2050 5142 uni-

474 5213 673 5271 genam
705 5197 860 5251 illum
897 5193 1120 5256 Filium,
1148 5191 1240 5261 qui
1273 5197 1357 5245 est
1385 5187 1441 5241 in
1465 5184 1678 5242 sinibus
1701 5179 1882 5235 Patris
1909 5217 1925 5245 ,
1952 5179 2046 5248 qui

473 5269 689 5344 exstitit
737 5287 893 5342 initio
946 5299 1150 5347 rerum,
1203 5281 1297 5352 qui
1347 5277 1559 5335 exstitit
1606 5275 1661 5329 in
1705 5273 1878 5329 forma
1925 5269 2045 5334 Dei,

477 5380 572 5452 qui
601 5379 857 5434 universa
880 5383 1055 5448 gestat
1077 5375 1244 5430 verbo
1275 5369 1531 5452 potentia:
1566 5381 1702 5428 sum,
1737 5365 1883 5419 hunc
1917 5376 2048 5432 ergo

476 5486 585 5526 non
617 5473 670 5526 in
722 5471 827 5526 hoc
860 5471 1037 5527 solum
1071 5467 1341 5538 abjecisse
1387 5478 1468 5528 se,
1495 5459 1642 5532 quod
1676 5473 1770 5530 per
1825 5468 2047 5510 carnem

479 5561 637 5626 quasi
691 5561 1067 5634 peregrinatus
1129 5558 1200 5613 sit
1246 5558 1302 5612 in
1363 5555 1602 5609 humana
1651 5557 1886 5604 natura:
1951 5546 2045 5601 sed

476 5651 626 5717 quod
650 5653 812 5707 etiam
847 5649 1177 5722 proditorem
1205 5647 1402 5706 Judam
1432 5660 1528 5705 ore
1558 5657 1659 5702 suo
1695 5640 1922 5714 propius
1975 5637 2042 5693 ad

2139 4444 2250 4498 τοῦ·
2284 4444 2513 4515 Πατρδς,
2547 4445 2575 4494 6
2627 4443 2683 4493 ἐν
2728 4441 2869 4510 ἀρχῇ
2924 4438 3018 4502 ῶν,
3061 4437 3089 4488 6
3131 4435 3187 4486 ἐν
3222 4436 3402 4504 μορφῇ
3434 4431 3571 4485 Θεοῦ
3620 4433 3736 4484 ὐπ-

2143 4535 2342 4604 ἁρχων,
2379 4535 2407 4585 6
2434 4533 2501 4584 τά
2536 4530 2826 4600 σύμπαντα
2871 4529 3049 4598 φέρων
3087 4523 3163 4594 τῷ
3197 4524 3401 4594 ῥήματι
3429 4521 3526 4590 τῆς
3563 4521 3741 4575 δυνά-

2147 4643 2290 4696 μεως
2310 4623 2494 4689 αὑτοῦ,
2513 4623 2610 4674 οὐκ
2639 4623 2696 4674 ἐν
2731 4619 2901 4688 τούτῳ
2936 4617 3092 4688 μόνον
3119 4615 3480 4668 ἐταπείνωσεν
3507 4613 3736 4677 ἑαυτὸν,

2145 4717 2202 4767 ἐν
2228 4712 2304 4784 τῷ
2337 4713 2424 4766 διὰ
2472 4709 2670 4782 σαρκὸς
2703 4707 3034 4777 ἐπιδημῆσαι
3077 4706 3141 4774 τῇ
3176 4703 3495 4773 ἀνθρωπίνῃ
3525 4701 3700 4769 φύσει
3721 4717 3737 4733 ο

2145 4783 2285 4859 ἀλλά
2311 4803 2405 4856 καὶ
2436 4803 2526 4854 τὸν
2571 4798 2834 4870 προδότην
2865 4794 3056 4849 ἐαυτοῦ
3115 4793 3311 4847 Ἰούδαν
3341 4792 3420 4862 τῷ
3464 4791 3579 4860 ἰδίῳ
3611 4792 3741 4844 στό-
3829 4783 3838 4793 ’

2149 4914 2297 4966 ματι,
2343 4893 2432 4947 διά
2479 4891 2782 4961 φιλήματος
2834 4885 3263 4957 προσεγγίζοντα
3309 4881 3587 4952 δέχεσθαι,
3639 4883 3741 4936 καὶ

2146 4986 2399 5042 εἰσελθὼν
2433 4986 2512 5048 είς
2539 4983 2636 5054 τὴν
2665 4983 2839 5036 οἰκίαν
2866 4981 3108 5050 Σίμωνος
3143 4978 3236 5030 τοῦ
3268 4976 3494 5047 λεπροῦ,
3531 4974 3603 5026 τὸ
3661 4973 3740 5044 μὴ

2148 5079 2437 5150 φιληθῆναι
2485 5075 2613 5146 παρ’
2648 5074 2834 5138 αὑτοῦ,
2864 5073 2938 5135 ὼς
2972 5069 3371 5141 φιλάνθρωπος,
3421 5067 3735 5130 ὀνειδίζειν.

2158 5170 2299 5239 Ἐγὼ
2331 5169 2387 5223 δέ
2431 5166 2553 5221 οὔτε
2601 5167 2719 5219 ἀντὶ
2748 5163 2841 5218 τοῦ
2884 5163 3088 5235 λεπροῦ
3131 5160 3446 5230 ἐλογίσθην’
3479 5158 3560 5228 τῷ
3593 5160 3740 5222 τίνι;

2159 5265 2217 5318 '0
2261 5263 2379 5329 τίς;
2419 5263 2531 5332 Τὴν
2572 5257 2833 5327 διαφορὰν
2883 5257 3060 5327 εὑρεῖν
3106 5254 3205 5306 οὐκ
3250 5253 3379 5322 ἔχω.
3421 5248 3511 5319 Τῷ
3564 5249 3742 5302 πόθεν

2149 5354 2581 5424 καταϐεϐηκότι;
2615 5351 2787 5404 Ὅπου
2821 5348 3102 5419 κείμενος;
3130 5345 3256 5412 Είγε
3285 5343 3355 5395 τά
3392 5341 3486 5394 τοῦ
3523 5341 3740 5409 κόσμου

2153 5448 2336 5519 βλέποι
2365 5464 2446 5510 τις
2475 5445 2686 5498 τούτου.
2718 5443 2780 5494 Εἰ
2818 5439 2916 5512 μὲν
2945 5438 3052 5508 γὰρ
3085 5436 3151 5490 τά
3181 5437 3278 5506 τῆς
3310 5433 3510 5504 σαρκὸς
3543 5429 3741 5496 ἐξετά-

2150 5541 2231 5604 ζοι
2278 5557 2382 5605 τις,
2433 5536 2684 5592 τοσοῦτον
2719 5533 2848 5594 ἴσως
2895 5527 3198 5598 ἀνεπαχθὲς
3244 5528 3360 5578 ἐστι
3408 5525 3608 5591 λέγειν,
3650 5523 3737 5574 ὅτι

2150 5634 2382 5706 ὁμότιμα
2422 5631 2507 5684 ἐπ’
2551 5626 2876 5700 ἀμφοτέρων
2917 5623 2976 5678 τὸ
3019 5619 3236 5703 εὐγενὲς
3284 5618 3375 5671 καὶ
3423 5614 3730 5683 ἐλεύθερον.
