4002 6206
399 266 539 333 lous
1596 249 1981 320 srisroue.
2014 292 2083 303 —
2109 256 2328 317 EPIST.
2378 252 2418 315 ι.
3514 238 3668 316 ioca

399 393 466 447 Εί
498 389 557 442 δὲ
597 388 696 457 τὴν
742 384 917 456 ἀληθῆ
950 402 1035 449 τις
1075 382 1362 455 ἐπιζητοίη
1413 381 1512 452 τῆς
1561 380 1738 450 ψυχῆς
1771 379 1986 433 ἐλευθε-

2115 390 2270 447 psum
2326 375 2430 431 sub
2476 373 2650 429 osculi
2682 374 2864 443 specie
2928 374 3277 430 accedentem
3340 373 3669 432 admiserit:

403 485 523 554 ρίαν
556 498 616 533 τε
660 480 755 534 καὶ
788 478 1084 547 εὐγένειαν,
1134 476 1331 546 ἐπίσης
1373 473 1548 528 δοῦλοι
1586 472 1684 543 τῆς
1719 470 1992 543 ἁμαρτίας

2105 465 2351 537 quodque
2380 466 2602 520 domum
2635 465 2836 533 leprosi
2869 462 3110 522 Simonis
3150 467 3453 537 ingressus,
3494 470 3673 526 eidem

400 572 724 644 ἀμφότεροι,
762 569 958 640 ἐπίσης
990 567 1086 622 τοῦ
1129 567 1376 638 αἴροντος
1418 565 1518 628 τὰς
1560 564 1835 635 ἁμαρτίας
1880 562 1995 615 δεό-

2105 570 2198 628 pro
2227 565 2441 611 summa
2468 556 2811 611 humanitate
2841 571 2942 611 sua
2968 558 3282 628 exprobret,
3306 560 3452 629 quod
3480 564 3674 617 osculo

406 667 546 735 μεθα
570 680 582 692 ·
633 660 805 735 ἄλλος¹
840 660 1009 723 ἐστὶν,
1056 657 1087 708 ό
1129 656 1206 725 τῷ
1242 655 1361 726 ίὸίῳ
1397 655 1587 724 αἵματι
1622 651 1717 705 τοῦ
1763 651 1993 705 Θανάτου

2105 661 2204 704 non
2236 648 2431 704 fuisset
2467 657 2750 719 exceptus.
2782 647 2894 718 Ego
2924 663 3054 704 vero
3087 663 3155 704 ne
3183 658 3283 720 pro
3312 652 3531 719 leproso
3551 657 3677 724 qui-

405 732 499 808 κα).
561 752 666 804 τῶν
734 732 1019 821 ἁμαρτιῶν
1075 747 1226 817 ἡμᾶς
1275 742 1726 815 λυτρωσάμενος,
1786 741 1845 803 ὃς
1902 739 1996 792 καὶ

2105 739 2221 796 dem
2271 747 2393 796 sam
2445 740 2690 795 habitus.
2741 741 2811 794 At
2867 741 2964 811 qui
3002 741 3120 807 vir,
3175 755 3203 794 a
3255 744 3407 813 quo?
3450 742 3689 821 Nequeo

404 842 736 913 ἐξηγόρασεν
774 839 944 910 ἡμᾶς,
976 838 1069 891 καὶ
1107 834 1484 906 ὑπερηφανίαν
1525 832 1645 886 τινά
1692 831 1835 884 κατά
1882 829 1992 883 τῶν

2105 841 2246 887 certe
2283 832 2586 903 quidquam
2617 833 2956 889 discriminis
3002 833 3266 891 invenire.
3304 836 3459 892 Unde
3488 838 3536 892 is
3581 838 3678 893 de-

405 933 880 1005 ἐξαγορασθέντων
936 930 1037 983 οὑκ
1082 927 1412 992 ἐπεδείξατο,
1447 925 1675 995 νεκροὺς
1722 925 1802 986 είς
1848 923 1991 994 ζωὴν

2105 923 2390 979 scenderat
2411 924 2434 978 ?
2458 922 2562 980 Ubi
2592 924 2838 994 abiectus
2869 925 2987 995 ipse
3019 926 3325 996 jacueram,
3364 931 3408 985 si
3454 929 3674 1000 quidem

403 1023 863 1093 ἀνακαλούμενος,
910 1022 939 1074 ὁ
976 1020 1156 1073 πᾶσαν
1193 1016 1486 1087 ἐξιώμενος
1538 1014 1850 1086 ἀρρωστίαν
1897 1014 1992 1068 καὶ

2105 1015 2378 1071 mundana
2412 1016 2538 1087 quis
2569 1016 2870 1072 intueatur.
2907 1016 3044 1073 Nam
3076 1035 3197 1089 quae
3228 1022 3413 1075 carnis
3449 1030 3596 1087 sunt,
3629 1023 3678 1078 si

402 1115 593 1187 ψυχῶν
620 1115 715 1169 καὶ
745 1113 1036 1184 σωμάτων.

2105 1108 2223 1179 quis
2257 1108 2523 1178 exploret,
2573 1108 2811 1166 fortasse
2851 1108 3066 1165 tantum
3106 1112 3215 1167 dici
3272 1114 3479 1183 absque
3513 1113 3679 1169 mole-

403 1211 514 1264 stia
545 1208 878 1279 cujusquam
907 1211 1115 1275 potest,
1139 1212 1323 1273 parem
1381 1201 1673 1274 utriusque
1738 1200 2061 1272 dignitatem
2100 1216 2248 1266 esse,
2303 1216 2410 1271 qua
2461 1203 2843 1268 nobilitatem,
2886 1219 2994 1275 qua
3041 1204 3460 1276 ingenuitatem.
3511 1208 3578 1261 At
3631 1210 3677 1263 si

401 1312 596 1357 veram
672 1299 799 1370 quis
869 1297 1039 1351 animi
1112 1303 1225 1349 tam
1277 1294 1698 1365 ingenuitatem,
1747 1305 1913 1364 quam
1948 1293 2293 1349 nobilitatem
2346 1293 2630 1364 inquirat,
2677 1295 2876 1366 aequali
2924 1297 3138 1353 ratione
3203 1297 3413 1366 peccati
3485 1302 3680 1353 sumUs

407 1402 642 1464 uterque
672 1389 1087 1460 serviuequali
1119 1388 1333 1443 ratione
1370 1394 1594 1457 peccata
1625 1387 1870 1442 tollentis
1901 1385 2253 1458 indigemus;
2325 1386 2469 1442 alius
2536 1394 2640 1452 est,
2694 1389 2789 1459 qui
2842 1391 3068 1460 praprio
3113 1389 3385 1460 sanguine
3442 1404 3544 1445 nos
3610 1389 3680 1444 de

404 1496 589 1545 morte
632 1485 991 1557 peccatisque
1059 1482 1347 1554 persoluto
1390 1483 1567 1552 pretio
1612 1480 1885 1546 redemit;
1956 1481 2052 1551 qui
2091 1491 2368 1536 mercatus
2400 1490 2485 1535 est
2514 1494 2637 1545 nos,
2673 1497 2852 1553 neque
2885 1490 3066 1537 tamen
3107 1482 3217 1537 ulla
3260 1483 3531 1539 adversus
3563 1494 3681 1538 em:-

405 1592 531 1653 pIos
558 1579 627 1634 ab
653 1593 778 1634 sese
818 1574 1079 1647 superbia
1123 1589 1260 1630 usus
1311 1579 1419 1637 est,
1465 1571 1560 1643 qui
1610 1579 1860 1627 mortuos
1918 1569 1975 1625 in
2013 1569 2183 1625 vitam
2212 1572 2540 1626 revocavit:
2581 1571 2672 1643 qui
2711 1585 2932 1627 omnem
2965 1578 3019 1627 et
3043 1572 3360 1627 animorum
3430 1581 3486 1630 et
3551 1577 3680 1629 c0!“-

404 1678 606 1746 porum
639 1670 975 1725 debilitatem
1008 1665 1248 1724 sanavit.

488 1764 644 1818 Ἐπεὶ
677 1759 772 1817 οῦν
798 1763 828 1817 ό
862 1761 987 1816 καθ’
1015 1760 1175 1833 ἡμῶν
1217 1759 1385 1830 τῦφος
1411 1760 1503 1814 καὶ
1530 1752 1559 1812 ό
1587 1760 1684 1831 τῆς
1712 1758 1999 1832 ὑπερηφα-

2115 1806 2126 1816 ,
2173 1752 2308 1812 Cum
2349 1754 2518 1827 igitUr
2547 1754 2778 1823 insignis
2809 1752 2898 1810 ille
2926 1755 3188 1812 adve‘rSus
3236 1760 3335 1813 nos
3387 1756 3579 1826 fastus,
3624 1760 3680 1817 et

406 1858 528 1922 νίας
555 1857 718 1925 ὃγκος
745 1853 943 1928 μικροῦ
963 1854 1074 1907 δεῖν
1102 1851 1181 1923 τῷ
1209 1852 1448 1924 οὐρανίῳ
1474 1851 1598 1921 ὕψει
1633 1851 1998 1922 στενοχωρού-

2105 1845 2375 1916 superbia:
2406 1846 2725 1916 magnitudo
2756 1860 2948 1916 parum
2977 1847 3195 1903 abesset
3232 1850 3364 1919 quin
3397 1852 3609 1909 cmlesti
3650 1862 3682 1909 a

411 1966 571 2018 μενος
597 1943 687 2019 ἦν,
720 1946 856 2018 ’ὑλην
889 1945 946 2000 δέ
982 1961 1104 1998 τινα
1132 1943 1228 1997 καὶ
1260 1942 1513 2014 ἀφορμὴν
1546 1941 1686 2013 πρὸς
1711 1941 1811 2013 τὴν
1843 1942 1997 2000 νόσον

2105 1938 2441 1993 sublimitate
2466 1952 2578 1992 non
2611 1945 2904 2007 caperetur
2930 1956 2945 1993 :
2977 1947 3214 2010 cumque
3242 1942 3524 1997 materiem
3556 1946 3682 1999 nul-

407 2041 662 2112 οὐδεμίαν
690 2038 895 2111 ἐώρων.
922 2038 1044 2092 ὅθεν
1067 2035 1411 2106 συγγνωστὸν
1440 2035 1647 2105 γίνεται
1672 2033 1733 2087 τὸ
1760 2033 1999 2087 τοιοῦτον

411 2133 607 2199 πάθος,
639 2133 733 2186 ἐπὶ
764 2131 873 2185 τῶν
914 2133 981 2185 ἐκ
1031 2126 1408 2201 περιστάσεοῖκζ
1442 2143 1589 2190 τινος
1632 2125 1836 2195 ταύτην
1868 2125 2001 2178 ἀναο

410 2224 799 2295 λαμϐανόντων
826 2222 926 2293 τὴν
956 2221 1130 2287 νόσον,
1164 2219 1291 2272 ὃταν
1324 2217 1358 2288 ἢ
1405 2216 1585 2285 γένος,
1627 2217 1659 2288 ἦ
1696 2216 1995 2279 παίδευσις,

409 2314 447 2384 ἢ
474 2313 801 2384 ἀξιωμάτων
824 2309 1065 2383 ὑπεροχὴ
1091 2308 1162 2362 τά
1195 2307 1499 2380 χαυνότερα
1524 2306 1630 2378 ἢθη
1657 2305 1996 2378 διαφυσήσῃ·

406 2406 515 2458 οὑκ
552 2400 698 2474 εἶχον
728 2404 873 2466 ὅπως
910 2400 1144 2472 ἐμαυτὸν
1167 2394 1452 2470 ’ἀτρεμεῖν
1496 2397 1821 2468 νουθετήσω,
1871 2396 2002 2450 διοι-

411 2496 614 2567 δούσης
642 2512 733 2566 μοι
763 2495 898 2567 πρὸς
921 2494 1018 2565 τὴν
1048 2492 1270 2562 ἀλογίαν
1305 2491 1413 2544 τῶν
1445 2489 1747 2560 γινομένων
1792 2488 2001 2543 ἔνδοθεν

409 2587 512 2658 τῆς
544 2586 790 2658 καρδίας,
821 2586 917 2639 καὶ
947 2585 1074 2648 τοὺς
1101 2582 1243 2655 ὑπὲρ
1278 2581 1378 2653 τῆς
1403 2580 1681 2652 ὑπομονῆς
1705 2578 2001 2649 λογισμοὺς

412 2677 803 2748 διαπτυοπης.
840 2674 972 2732 Ὅτε
1014 2676 1111 2730 καὶ
1150 2675 1382 2746 μάλιστα
1422 2672 1515 2727 τὸν
1566 2671 1709 2727 θεῖον
1753 2671 2000 2743 ἠγάσθην

426 2767 770 2835 ’Δπόστολον,
811 2768 986 2834 οὑτως
1029 2767 1275 2839 ἐναργῶς
1314 2766 1409 2820 τὸν
1455 2764 1719 2835 ἐμφύλιον
1769 2766 1827 2818 ἐν
1866 2766 1999 2833 ἡμῖν

410 2860 785 2933 διαγράφοντα
829 2859 1101 2930 πόλεμον,
1151 2858 1378 2928 λέγοντα
1428 2853 1568 2911 εἷναί
1612 2874 1735 2910 τινα
1781 2857 1839 2910 ἐν
1888 2859 2001 2921 τοῖς

415 2952 605 3024 μέλεσι
642 2953 807 3024 νόμον
850 2951 1146 3023 ἁμαρτίας,
1187 2950 1280 3004 τὸν
1333 2949 1879 3021 ἀντιστρατευόμενον
1922 2947 2001 3020 τῷ

412 3043 569 3115 νόμῳ
611 3041 706 3096 τοῦ
752 3042 892 3106 νοὸς,
938 3041 1031 3096 καὶ
1081 3040 1341 3095 ποιοῦντα
1389 3039 1649 3103 πολλάκις
1693 3038 1871 3111 ἑαυτῷ
1908 3040 2000 3093 τὸν

2100 2029 2232 2095 tam,
2296 2028 2504 2082 nullam
2548 2030 2897 2085 occasionem
2945 2031 3140 2087 merbo
3196 2031 3326 2086 huic
3396 2035 3681 2105 praebitam

2098 2127 2407 2187 eernercm,
2438 2120 2642 2191 quibus
2663 2134 2732 2177 ex
2759 2121 2926 2179 rebus
2966 2123 3082 2179 b‘aec
3117 2124 3283 2180 animi
3342 2127 3683 2196 perturbatio

2099 2213 2313 2269 veniam
2351 2213 2548 2269 mereri
2576 2214 2885 2281 consuevit,
2938 2215 3154 2285 quoties
3201 2218 3371 2288 aliqui
3427 2225 3685 2275 tenentur

2101 2304 2207 2360 hoc
2241 2304 2436 2359 morbo
2469 2305 2703 2376 quadam
2731 2316 2797 2361 ex
2828 2306 3268 2372 circumstantia,
3296 2309 3555 2364 nimii-dm
3588 2312 3683 2366 ubi

2101 2398 2185 2454 vel
2216 2413 2410 2467 genus.
2442 2399 2524 2453 vel
2553 2398 2852 2463 institutio,
2881 2399 2965 2454 vel
3001 2398 3327 2471 dignitatqu
3364 2399 3684 2472 p'rmstantia

2101 2504 2284 2545 mores
2329 2489 2757 2545 leviusculorum
2798 2490 3079 2546 hominum
3128 2491 3281 2547 inflat
3316 2511 3332 2547 :
3367 2495 3681 2551 nesciebant

2101 2588 2212 2653 quo
2239 2591 2397 2654 pacto
2425 2582 2691 2653 meipsum
2721 2584 3016 2650 erudirem,
3067 2584 3146 2639 uti
3178 2591 3380 2641 memet
3428 2588 3684 2643 contine-

2102 2683 2217 2729 rem
2243 2690 2259 2741 ;
2288 2672 2435 2746 quod
2451 2674 2670 2732 animus
2701 2674 2835 2728 milii
2861 2676 2932 2731 ob
2961 2674 3308 2732 insolentlam
3343 2691 3533 2736 eorum
3561 2694 3685 2749 qua:

2099 2766 2437 2832 acciderent,
2490 2766 2726 2823 interius
2777 2765 3190 2834 intumesceret,
3224 2768 3278 2825 et
3317 2769 3683 2841 cogitationes

2102 2867 2296 2915 Omnes
2321 2858 2389 2914 de
2427 2858 2719 2913 tolerantla
2754 2865 3059 2929 respueret.
3095 2861 3273 2933 Atque
3304 2862 3408 2918 hoc
3436 2870 3685 2933 tempore

2102 2951 2189 3006 vel
2232 2950 2468 3007 maxime
2513 2950 2761 3007 divinum
2807 2952 2960 3007 illum
3005 2951 3331 3024 Apostolum
3376 2954 3680 3013 admiratus

2104 3057 2248 3107 sum,
2278 3042 2370 3112 qui
2401 3046 2513 3096 tam
2554 3042 2757 3098 illustri
2799 3044 3013 3101 ratione
3045 3044 3246 3100 bellum
3281 3046 3422 3100 intra
3466 3062 3568 3102 nos
3595 3049 3681 3102 cla

412 3114 547 3190 νοῦν
575 3133 915 3206 αίχμάλωτόν
945 3150 1005 3187 τε
1039 3133 1133 3187 καὶ
1163 3133 1491 3204 ὑποχείριον.
1523 3129 1737 3202 Ταύτην
1778 3130 2000 3203 ἐμαυτῷ

2105 3137 2211 3191 vile
2240 3134 2568 3205 depinxerit,
2590 3140 2715 3190 cum
2741 3135 2818 3191 ait
2852 3142 2976 3192 esse
3005 3137 3301 3208 quamdam
3332 3138 3384 3192 in
3417 3132 3681 3195 membris

415 3228 636 3299 βλέπων
654 3229 761 3282 τῶν
781 3228 875 3282 δύο
900 3226 1177 3298 λογισμῶν
1200 3226 1299 3298 τὴν
1318 3225 1377 3291 ἐξ
1404 3225 1648 3279 ἐναντίου
1674 3224 1998 3294 παράταξιν,

410 3321 515 3375 τοῦ
544 3339 603 3375 τε
639 3320 1058 3392 χαλεπαίνοντος
1087 3318 1222 3389 πρὸς
1262 3316 1359 3389 τὴν
1400 3318 1465 3370 ἐκ
1491 3316 1593 3386 τῆς
1626 3315 2002 3387 ὑπερηφανίας

415 3413 597 3485 ὓὸριν,
644 3415 739 3468 κα)⁵
772 3412 864 3467 τοῦ
911 3412 972 3465 τὸ
1009 3408 1236 3464 διοιδοῦν
1280 3408 1765 3470 καταστέλλοντος·
1812 3405 2001 3477 ἐπειδῆ

412 3506 562 3561 κατά
583 3507 718 3561 Θεοῦ
750 3506 910 3577 χάριν
936 3507 1035 3559 οὑκ
1060 3503 1364 3576 ἐκράτησεν
1394 3505 1426 3573 ἡ
1454 3502 1654 3573 χείρων
1687 3501 1848 3573 ῥοπὴ,
1880 3500 2001 3554 τότε

415 3597 556 3667 πρὸς
592 3596 755 3650 αὑτὸν
786 3594 937 3650 εἶπον
971 3592 1113 3662 ἐγώ·
1166 3610 1187 3644 ι
1239 3593 1331 3664 Μὴ
1376 3592 1485 3663 ἄρα
1525 3592 1577 3645 τί
1611 3603 1691 3644 σοι
1723 3589 1830 3644 τῶν
1870 3588 2003 3662 περὶ

416 3688 519 3759 τὴν
563 3684 861 3758 θεραπείαν
888 3684 983 3739 τοῦ
1020 3684 1271 3757 σώματος
1313 3679 1761 3751 σπουδαζομένων
1793 3681 1875 3750 τῇ
1895 3696 2000 3733 πα-

421 3778 612 3850 ρουσίᾳ
646 3794 746 3848 μου
788 3777 1108 3848 βλάπτεται,
1154 3774 1248 3829 καὶ
1292 3770 1602 3839 ὑπεξελθεῖν
1632 3772 1780 3824 ἐστιν
1817 3770 2003 3823 εὔκαιά

419 3877 546 3943 ρον;
585 3889 602 3920 ι
638 3868 745 3923 Τοῦ
770 3869 826 3924 δὲ
852 3868 1097 3932 εἰπόντος
1139 3866 1213 3939 μὴ
1242 3865 1466 3939 γρῄζειν
1485 3863 1578 3920 τοῦ
1606 3862 2002 3934 θεραπευθῆναι

414 3964 480 4016 τὸ
519 3963 700 4034 σῶμα,
751 3958 904 4015 εἶπόν
950 3969 1101 4024 τινας
1154 3952 1345 4030 λόγους
1392 3958 1817 4030 θεραπευτικῶς
1866 3955 2006 4026 πρὸς

416 4057 603 4120 αὑτὸν,
654 4052 729 4119 ὡς
768 4049 880 4108 οἷόν
907 4071 968 4108 τε
1016 4046 1106 4126 ἦν.
1155 4052 1427 4107 Κάκείνου
1463 4051 1533 4105 δι’
1566 4049 1761 4119 ὀλίγων
1805 4048 1868 4103 τὸ
1910 4048 2003 4102 ἐπὶ

417 4147 637 4210 πολλοῖς
680 4146 980 4218 ἀδικήμασι
1021 4145 1119 4217 τὴν
1152 4143 1273 4198 καθ’
1305 4144 1465 4216 ἡμῶν
1510 4143 1658 4215 ἔχειν
1701 4142 1878 4215 λύπην
1919 4145 2004 4196 ἐν·

418 4237 759 4309 δειξαμένου,
811 4239 983 4291 ταῦτα
1025 4236 1162 4310 πρὸς
1219 4237 1380 4290 αὑτὸν
1426 4236 1808 4310 ἀπεκρινάμην
1861 4235 1999 4307 ἐγὼ⁶

427 4348 450 4382 σ
489 4331 617 4383 Ὅτι
642 4333 699 4383 ἐν
730 4328 1040 4402 ἀνθρώποις
1069 4328 1269 4399 πολλὴν
1298 4327 1410 4399 ἔχει
1440 4322 1666 4400 δύναμιν
1699 4330 1833 4401 πρὸς
1862 4330 2004 4383 ἀπά-

2109 3226 2317 3281 nostris
2356 3226 2528 3297 legem
2561 3226 2796 3299 peccati,
2831 3228 2990 3300 Quasi
3022 3230 3209 3301 Copias
3240 3244 3371 3286 suas
3416 3231 3686 3301 objicien-

2104 3321 2212 3371 tem
2242 3318 2347 3389 legi
2379 3318 2598 3384 mentis,
2625 3318 2937 3391 sapiusque
2964 3328 3203 3376 mentem
3254 3320 3359 3378 sibi
3410 3322 3683 3392 captivam

2111 3407 2454 3475 reddentem,
2500 3424 2565 3464 ac
2605 3416 2761 3465 suam
2800 3411 2856 3466 in
2902 3420 3224 3483 potestatem
3274 3412 3610 3485 redigentem
3636 3412 3681 3471 ‘.

2106 3496 2438 3570 Hujusmodi
2468 3516 2591 3557 cum
2619 3503 2674 3557 in
2702 3510 2789 3561 me
2818 3504 3050 3560 duarum
3091 3506 3488 3578 cogitationum
3536 3508 3687 3564 Velut

2105 3590 2436 3648 instructam
2467 3595 2732 3666 utrinque
2784 3611 2851 3652 ex
2883 3596 3115 3653 adverso
3154 3599 3325 3654 aciem
3375 3610 3681 3664 cernerem.

2105 3697 2339 3753 quarum
2372 3684 2544 3739 altera
2576 3686 2815 3758 graviter
2842 3683 3009 3744 ferret
3042 3688 3189 3743 illam
3213 3705 3242 3744 a
3266 3691 3521 3761 superbia
3556 3700 3686 3763 pro-

2108 3773 2312 3831 fectam
2342 3777 2599 3848 injuriam
2624 3819 2640 3845 ,
2676 3778 2849 3835 altera
2886 3778 2940 3834 id
2972 3779 3120 3851 quod
3148 3781 3484 3838 intumuerat
3521 3789 3687 3855 paea.

2106 3877 2191 3924 ret
2221 3887 2235 3922 :
2270 3876 2630 3942 posteaqdam
2667 3871 2763 3928 Dei
2795 3872 3066 3928 beneﬁcio
3095 3874 3328 3929 victoria
3371 3890 3481 3931 non
3509 3878 3686 3947 potic-

2104 3958 2269 4012 batur
2298 3958 2351 4013 id
2385 3960 2532 4031 quod
2566 3964 2621 4016 in
2664 3961 2822 4033 pejus
2857 3970 3139 4019 momento
3191 3976 3292 4021 stio
3344 3966 3681 4038 impellebat.

2106 4057 2221 4104 tum
2257 4050 2473 4106 demum
2508 4054 2592 4109 sic
2619 4062 2745 4109 etim
2778 4055 3086 4125 compello:
3126 4055 3264 4111 Num
3294 4058 3427 4128 quid
3464 4072 3680 4121 eorum,

2108 4150 2229 4211 qua:
2262 4142 2329 4196 ad
2355 4143 2607 4213 Corporis
2637 4144 2714 4197 tui
2744 4159 2932 4199 curam
2972 4146 3265 4214 pertinent,
3323 4155 3551 4219 propter
3585 4150 3685 4204 ad-

2104 4240 2327 4288 ventum
2363 4249 2544 4289 meum
2584 4235 2858 4289 omittitur
2909 4246 3034 4289 cum
3091 4238 3446 4294 incommodo
3474 4249 3589 4307 tuo,
3625 4251 3686 4298 ut

2109 4332 2213 4381 nos
2236 4325 2387 4381 exire
2424 4325 2495 4382 sit
2521 4326 2937 4396 opportunum?
2963 4326 3043 4381 Ad
3093 4336 3216 4399 quae
3259 4343 3384 4387 cum
3418 4330 3673 4401 dixisset,

418 4439 521 4493 την
546 4423 608 4475 τὸ
637 4421 831 4491 ψεῦδος
850 4439 863 4453 ·
889 4421 950 4475 τὸ
973 4422 1028 4475 δὲ
1057 4421 1198 4475 θεῖον
1244 4422 1525 4493 κριτήριον
1554 4421 1646 4476 τὸν
1689 4422 1746 4490 ἐξ
1788 4422 2001 4495 ἀπάτης

2108 4434 2220 4473 ιιοη
2268 4433 2391 4475 esse
2450 4418 2555 4474 sibi
2605 4429 2744 4490 opus
2792 4420 3083 4475 curatione
3135 4423 3407 4492 corporis,
3470 4427 3683 4495 subjeci

417 4513 832 4587 παραλογισμδν
870 4514 931 4567 οὑ
976 4513 1348 4584 προσδέχεται.
1392 4513 1545 4585 Ἐμιῆ⁵
1579 4513 1636 4568 δέ
1660 4514 1880 4568 τοσοῦτο
1912 4510 2003 4569 πέ-

416 4608 608 4662 ποιθεν
648 4608 705 4661 ἐν
739 4610 851 4671 τοῖς
885 4604 1019 4677 πρὸς
1049 4606 1109 4659 σέ
1151 4607 1470 4678 πράγμασιν
1501 4609 1534 4677 ἡ
1572 4608 1893 4679 συνείδησις,
1926 4606 2002 4670 ὡς

416 4698 676 4770 εὔχεσθαι
701 4698 812 4753 τῶν
858 4697 960 4769 μὲν
989 4696 1162 4751 ἀλλων
1193 4697 1475 4769 ἁμαρτιῶν
1508 4696 1759 4765 γενέσθαι
1789 4714 1877 4768 μοι
1903 4697 2002 4767 τὴν

420 4792 811 4864 συγχώρησιν
857 4793 905 4845 εί
953 4790 1011 4844 δέ
1064 4806 1116 4844 τι
1173 4790 1315 4844 κατά
1367 4788 1462 4843 σοῦ
1521 4790 1835 4861 πέπρακταί
1886 4807 1998 4860 μοι,

415 4886 581 4939 τοῦτο
627 4887 803 4957 μεῖναι
848 4886 929 4949 εἰς
974 4884 1037 4939 τὸ
1080 4884 1323 4955 διηνεκὲς
1363 4884 1769 4955 ἀσυγχώρητον.
1815 4902 1834 4935 ι
1871 4881 2002 4952 Σχε-

417 4978 645 5042 τλιάσας
667 4977 723 5031 δὲ
748 4976 827 5049 τῷ
851 4977 1015 5047 λόγῳ,
1050 4977 1232 5031 οὐκέτι
1264 4976 1625 5048 προστεθῆναι
1658 4975 1757 5039 τὰς
1783 4974 2003 5029 ἀποδεί-

421 5068 536 5134 ξεις
563 5070 676 5132 τοῖς
697 5060 1004 5140 εἰρημένοις
1035 5067 1271 5135 ἐδέξατο.
1304 5068 1445 5138 Ὅρα
1471 5063 1540 5138 ἦν
1570 5060 1770 5120 πλείων
1804 5062 1836 5137 ἢ
1864 5066 2004 5120 κατὰ

418 5161 525 5230 τὴν
557 5161 754 5231 ἐκτηνο
785 5160 881 5213 καὶ
907 5160 968 5213 τὺ
1008 5160 1229 5230 λουτρὸν
1254 5159 1547 5232 εὐπρεπὲς,
1591 5159 1685 5213 καὶ
1728 5158 1786 5212 ἐν
1827 5175 2004 5229 παρα-

421 5254 596 5323 σκευῇ
636 5253 670 5321 ἡ
700 5251 960 5314 ἑστίασις,
992 5252 1086 5305 καὶ
1124 5249 1398 5306 Σάϐϐα-εον
1437 5252 1471 5321 ἡ
1496 5250 1703 5322 ἡμέρα,
1733 5250 1827 5303 καὶ
1863 5256 2003 5320 μαρ-

417 5343 606 5413 τύρων
665 5344 820 5415 τιμή.
882 5344 993 5395 Καὶ
1062 5342 1223 5396 πάλιν
1289 5344 1318 5395 ὁ
1370 5342 1615 5413 μαθητὴς
1666 5341 1760 5394 τοῦ
1824 5341 2002 5409 Εὐαγ-

418 5435 610 5504 γε).ίου
638 5435 755 5499 πῶς
789 5436 1037 5506 μιμεῖται
1070 5435 1162 5489 τὸν
1199 5434 1293 5488 τοῦ
1330 5433 1660 5503 Εὑαγγελίου
1690 5434 1996 5504 Δεσπότην;

416 5529 449 5580 ὁ
510 5526 610 5596 μὲν
664 5526 802 5597 μετά
863 5527 1109 5581 τελωνῶν
1159 5527 1252 5582 καὶ
1291 5526 1632 5599 ἁμαρτωλῶν
1684 5526 1879 5582 ἐσθίων
1909 5527 2002 5584 καὶ

505 5708 529 5742 ⁸
564 5707 724 5766 Rom.
760 5724 858 5774 vn,
884 5708 974 5762 23:

2109 4510 2276 4566 verba
2332 4512 2607 4581 quaedam,
2649 4513 2850 4581 qdibtis
2900 4528 3104 4585 :rgrum
3162 4514 3400 4573 hominis
3435 4518 3682 4574 animum

2107 4620 2207 4673 pro
2236 4604 2383 4658 virili
2418 4619 2690 4660 curarem.
2740 4604 2991 4677 Cumque
3034 4608 3226 4685 paucis
3282 4609 3374 4665 ille
3423 4628 3482 4668 se
3522 4614 3681 4668 nobis

2106 4696 2274 4751 irasci
2306 4700 2532 4767 propter
2562 4698 2760 4753 multas
2797 4696 3028 4767 injurias
3064 4700 3414 4766 ostendisset,
3448 4720 3678 4773 respou-

2107 4789 2163 4843 (li
2185 4804 2321 4860 ego:
2364 4808 2380 4841 ι
2411 4789 2755 4845 Mendacium
2789 4791 2931 4845 inter
2966 4791 3217 4847 homines
3243 4792 3311 4846 ad
3336 4792 3584 4851 fraudem
3614 4813 3679 4852 ac

2108 4878 2487 4952 deceptionem
2538 4883 2643 4936 vim
2697 4880 2899 4940 habere
2953 4899 3353 4956 permagnam;
3409 4901 3593 4944 verum
3627 4893 3682 4946 in

2107 4972 2203 5029 Dei
2236 4973 2448 5044 judicio
2493 4982 2603 5028 nan
2658 4990 2822 5045 posse
2878 4974 3087 5032 fraudis
3142 4977 3438 5035 falsitatem
3500 4982 3682 5038 locum

2110 5064 2335 5120 habere.
2419 5060 2553 5120 Meae
2616 5083 2750 5122 vero
2810 5069 3165 5125 conscientia:
3234 5078 3388 5126 tanta
3455 5086 3540 5129 est
3624 5075 3681 5131 in

2123 5157 2211 5214 bis
2280 5158 2551 5213 adversus
2617 5164 2671 5215 te
2730 5161 2965 5230 negotiis
3016 5158 3366 5231 confidentia,
3435 5175 3493 5220 ut
3549 5182 3681 5223 exo-

2104 5258 2248 5321 ptem
2274 5250 2506 5305 aliorum
2543 5251 2766 5322 quidem
2800 5253 2933 5307 mihi
2957 5250 3283 5311 delictorum
3318 5258 3532 5313 veniam
3550 5275 3684 5316 con-

2108 5345 2340 5415 tingere,
2373 5355 2429 5399 at
2456 5345 2501 5402 si
2533 5346 2663 5418 quid
2685 5356 2876 5403 contra
2900 5357 2952 5405 te
2981 5353 3253 5416 commisi,
3276 5353 3379 5409 hoc
3407 5356 3539 5410 utin
3562 5372 3683 5425 per-

2106 5447 2329 5507 petuum
2352 5452 2460 5492 non
2485 5438 2851 5493 condonatum
2884 5451 3153 5497 maneat.»
3193 5442 3343 5499 lianc
3371 5438 3460 5500 ille
3475 5448 3683 5501 oratio;

2110 5536 2233 5584 nem
2270 5540 2394 5582 cum
2423 5528 2662 5598 graviter
2682 5530 3020 5603 molesteque
3044 5535 3279 5603 tulisset,
3313 5552 3420 5591 non
3449 5537 3684 5608 amplius
