  <div class='ocr_page' id='page_1' title='image "/cluster/home/n/w/nwhite01/storage/ocr_20150623/46/hvd.32044054112198/519.png"; bbox 0 0 4002 6206; ppageno 0'>
   <div class='ocr_carea' id='block_1_1' title="bbox 392 256 545 316">
    <p class='ocr_par' dir='ltr' id='par_1_1' title="bbox 392 256 545 316">
     <span class='ocr_line' id='line_1_1' title="bbox 392 256 545 316; baseline 0 -1"><span class='ocrx_word' id='word_1_1' title='bbox 392 256 545 316; x_wconf 64' lang='grc'><strong>«1007</strong></span> 
     </span>
    </p>
   </div>
   <div class='ocr_carea' id='block_1_2' title="bbox 1648 249 2421 309">
    <p class='ocr_par' dir='ltr' id='par_1_2' title="bbox 1648 249 2421 309">
     <span class='ocr_line' id='line_1_2' title="bbox 1648 249 2421 309; baseline 0.005 -4"><span class='ocrx_word' id='word_1_2' title='bbox 1648 250 1704 305; x_wconf 88' lang='lat' dir='ltr'><strong>S.</strong></span> <span class='ocrx_word' id='word_1_3' title='bbox 1752 249 2075 306; x_wconf 82' lang='lat' dir='ltr'><strong>GREGORll</strong></span> <span class='ocrx_word' id='word_1_4' title='bbox 2129 249 2421 309; x_wconf 75' lang='lat' dir='ltr'><strong>NYSSENI</strong></span> 
     </span>
    </p>
   </div>
   <div class='ocr_carea' id='block_1_3' title="bbox 3522 267 3660 326">
    <p class='ocr_par' dir='ltr' id='par_1_3' title="bbox 3522 267 3660 326">
     <span class='ocr_line' id='line_1_3' title="bbox 3522 267 3660 326; baseline 0.022 -3"><span class='ocrx_word' id='word_1_5' title='bbox 3522 268 3548 323; x_wconf 73' lang='grc' dir='ltr'><strong>Ι</strong></span> <span class='ocrx_word' id='word_1_6' title='bbox 3557 267 3660 326; x_wconf 85' lang='lat'><strong>008</strong></span> 
     </span>
    </p>
   </div>
   <div class='ocr_carea' id='block_1_4' title="bbox 401 371 1952 458">
    <p class='ocr_par' dir='ltr' id='par_1_4' title="bbox 401 371 1952 447">
     <span class='ocr_line' id='line_1_4' title="bbox 401 371 1952 447; baseline -0.007 -10"><span class='ocrx_word' id='word_1_7' title='bbox 401 380 533 437; x_wconf 87' lang='lat' dir='ltr'><strong>addi</strong></span> <span class='ocrx_word' id='word_1_8' title='bbox 591 377 660 435; x_wconf 87' lang='lat' dir='ltr'><strong>ad</strong></span> <span class='ocrx_word' id='word_1_9' title='bbox 713 392 778 433; x_wconf 88' lang='lat' dir='ltr'><strong>ea</strong></span> <span class='ocrx_word' id='word_1_10' title='bbox 839 391 960 447; x_wconf 70' lang='lat' dir='ltr'><strong>qua:</strong></span> <span class='ocrx_word' id='word_1_11' title='bbox 1013 373 1278 431; x_wconf 75' lang='lat' dir='ltr'><strong>dixissem</strong></span> <span class='ocrx_word' id='word_1_12' title='bbox 1313 371 1667 444; x_wconf 75' lang='lat' dir='ltr'><strong>probationes</strong></span> <span class='ocrx_word' id='word_1_13' title='bbox 1713 371 1952 442; x_wconf 87' lang='lat' dir='ltr'><strong>quasdan</strong></span> 
     </span>
    </p>
   </div>
   <div class='ocr_carea' id='block_1_5' title="bbox 2055 371 3660 458">
    <p class='ocr_par' dir='ltr' id='par_1_5' title="bbox 2055 373 3660 458">
     <span class='ocr_line' id='line_1_5' title="bbox 2055 373 3660 458; baseline 0.011 -33"><span class='ocrx_word' id='word_1_14' title='bbox 2055 373 2275 438; x_wconf 57' lang='lat' dir='ltr'><strong>mivwv,</strong></span> <span class='ocrx_word' id='word_1_15' title='bbox 2308 375 2623 445; x_wconf 80' lang='grc' dir='ltr'><strong>ἀπελογεῖτο</strong></span> <span class='ocrx_word' id='word_1_16' title='bbox 2662 379 2772 443; x_wconf 87' lang='grc' dir='ltr'>τοῖς</span> <span class='ocrx_word' id='word_1_17' title='bbox 2806 380 3178 449; x_wconf 76' lang='grc' dir='ltr'><strong>ὀνειδίζουσιν,</strong></span> <span class='ocrx_word' id='word_1_18' title='bbox 3230 385 3309 449; x_wconf 85' lang='grc' dir='ltr'>ὡς</span> <span class='ocrx_word' id='word_1_19' title='bbox 3352 386 3497 441; x_wconf 86' lang='grc' dir='ltr'>κατά</span> <span class='ocrx_word' id='word_1_20' title='bbox 3546 388 3660 458; x_wconf 85' lang='grc' dir='ltr'><strong>φιλ-</strong></span> 
     </span>
    </p>
   </div>
   <div class='ocr_carea' id='block_1_6' title="bbox 404 464 1976 544">
    <p class='ocr_par' dir='ltr' id='par_1_6' title="bbox 404 464 1976 544">
     <span class='ocr_line' id='line_1_6' title="bbox 404 464 1976 544; baseline -0.007 -15"><span class='ocrx_word' id='word_1_21' title='bbox 404 486 604 544; x_wconf 83' lang='lat' dir='ltr'><strong>passus</strong></span> <span class='ocrx_word' id='word_1_22' title='bbox 626 477 732 527; x_wconf 90' lang='lat' dir='ltr'><strong>est.</strong></span> <span class='ocrx_word' id='word_1_23' title='bbox 765 466 931 524; x_wconf 81' lang='lat' dir='ltr'><strong>Sexta</strong></span> <span class='ocrx_word' id='word_1_24' title='bbox 957 467 1070 537; x_wconf 90' lang='lat' dir='ltr'><strong>jam</strong></span> <span class='ocrx_word' id='word_1_25' title='bbox 1092 467 1227 521; x_wconf 90' lang='lat' dir='ltr'><strong>hora</strong></span> <span class='ocrx_word' id='word_1_26' title='bbox 1252 467 1608 538; x_wconf 67' lang='lat' dir='ltr'><strong>praeterierat,</strong></span> <span class='ocrx_word' id='word_1_27' title='bbox 1637 470 1693 520; x_wconf 90' lang='lat' dir='ltr'><strong>et</strong></span> <span class='ocrx_word' id='word_1_28' title='bbox 1722 464 1976 519; x_wconf 79' lang='lat' dir='ltr'><strong>balneum</strong></span> 
     </span>
    </p>
   </div>
   <div class='ocr_carea' id='block_1_7' title="bbox 401 555 1976 634">
    <p class='ocr_par' dir='ltr' id='par_1_7' title="bbox 401 555 1976 634">
     <span class='ocr_line' id='line_1_7' title="bbox 401 555 1976 634; baseline -0.006 -15"><span class='ocrx_word' id='word_1_29' title='bbox 401 566 683 634; x_wconf 86' lang='lat' dir='ltr'><strong>eleganter</strong></span> <span class='ocrx_word' id='word_1_30' title='bbox 713 562 1043 616; x_wconf 88' lang='lat' dir='ltr'><strong>instructum</strong></span> <span class='ocrx_word' id='word_1_31' title='bbox 1071 566 1212 623; x_wconf 90' lang='lat' dir='ltr'><strong>erat,</strong></span> <span class='ocrx_word' id='word_1_32' title='bbox 1251 570 1309 614; x_wconf 91' lang='lat' dir='ltr'><strong>et</strong></span> <span class='ocrx_word' id='word_1_33' title='bbox 1335 559 1704 628; x_wconf 72' lang='lat' dir='ltr'><strong>apparabatur</strong></span> <span class='ocrx_word' id='word_1_34' title='bbox 1731 555 1976 625; x_wconf 82' lang='lat' dir='ltr'><strong>epulum,</strong></span> 
     </span>
    </p>
   </div>
   <div class='ocr_carea' id='block_1_8' title="bbox 400 648 1974 726">
    <p class='ocr_par' dir='ltr' id='par_1_8' title="bbox 400 648 1974 726">
     <span class='ocr_line' id='line_1_8' title="bbox 400 648 1974 726; baseline -0.004 -16"><span class='ocrx_word' id='word_1_35' title='bbox 400 664 457 710; x_wconf 91' lang='lat' dir='ltr'><strong>et</strong></span> <span class='ocrx_word' id='word_1_36' title='bbox 483 656 601 726; x_wconf 90' lang='lat' dir='ltr'><strong>ipsa</strong></span> <span class='ocrx_word' id='word_1_37' title='bbox 623 652 742 710; x_wconf 79' lang='lat' dir='ltr'><strong>dies</strong></span> <span class='ocrx_word' id='word_1_38' title='bbox 765 651 1063 707; x_wconf 86' lang='lat' dir='ltr'><strong>Sabbatum</strong></span> <span class='ocrx_word' id='word_1_39' title='bbox 1094 659 1233 715; x_wconf 85' lang='lat' dir='ltr'><strong>erat,</strong></span> <span class='ocrx_word' id='word_1_40' title='bbox 1260 658 1315 705; x_wconf 91' lang='lat' dir='ltr'><strong>et</strong></span> <span class='ocrx_word' id='word_1_41' title='bbox 1331 658 1635 721; x_wconf 76' lang='lat' dir='ltr'><strong>martyrum</strong></span> <span class='ocrx_word' id='word_1_42' title='bbox 1660 648 1974 704; x_wconf 75' lang='lat' dir='ltr'><strong>celebratio.</strong></span> 
     </span>
    </p>
   </div>
   <div class='ocr_carea' id='block_1_9' title="bbox 401 740 1978 813">
    <p class='ocr_par' dir='ltr' id='par_1_9' title="bbox 401 740 1978 813">
     <span class='ocr_line' id='line_1_9' title="bbox 401 740 1978 813; baseline -0.002 -15"><span class='ocrx_word' id='word_1_43' title='bbox 401 744 528 799; x_wconf 68' lang='lat' dir='ltr'><strong>llaec</strong></span> <span class='ocrx_word' id='word_1_44' title='bbox 558 758 781 799; x_wconf 87' lang='lat' dir='ltr'><strong>rursum</strong></span> <span class='ocrx_word' id='word_1_45' title='bbox 806 740 940 796; x_wconf 88' lang='lat' dir='ltr'><strong>mihi</strong></span> <span class='ocrx_word' id='word_1_46' title='bbox 967 741 1111 807; x_wconf 91' lang='lat' dir='ltr'><strong>vide,</strong></span> <span class='ocrx_word' id='word_1_47' title='bbox 1140 756 1250 812; x_wconf 92' lang='lat' dir='ltr'><strong>quo</strong></span> <span class='ocrx_word' id='word_1_48' title='bbox 1274 750 1435 812; x_wconf 83' lang='lat' dir='ltr'><strong>pacto</strong></span> <span class='ocrx_word' id='word_1_49' title='bbox 1463 741 1771 813; x_wconf 85' lang='lat' dir='ltr'><strong>discipulus</strong></span> <span class='ocrx_word' id='word_1_50' title='bbox 1799 742 1978 795; x_wconf 87' lang='lat' dir='ltr'><strong>Evan-</strong></span> 
     </span>
    </p>
   </div>
   <div class='ocr_carea' id='block_1_10' title="bbox 399 831 1974 905">
    <p class='ocr_par' dir='ltr' id='par_1_10' title="bbox 399 831 1974 905">
     <span class='ocr_line' id='line_1_10' title="bbox 399 831 1974 905; baseline -0.002 -15"><span class='ocrx_word' id='word_1_51' title='bbox 399 834 526 905; x_wconf 90' lang='lat' dir='ltr'><strong>gelii</strong></span> <span class='ocrx_word' id='word_1_52' title='bbox 556 833 845 889; x_wconf 85' lang='lat' dir='ltr'><strong>Dominum</strong></span> <span class='ocrx_word' id='word_1_53' title='bbox 872 831 1153 904; x_wconf 84' lang='lat' dir='ltr'><strong>Evangelii</strong></span> <span class='ocrx_word' id='word_1_54' title='bbox 1183 834 1453 892; x_wconf 89' lang='lat' dir='ltr'><strong>imitetur.</strong></span> <span class='ocrx_word' id='word_1_55' title='bbox 1483 833 1617 889; x_wconf 83' lang='lat' dir='ltr'><strong>Nam</strong></span> <span class='ocrx_word' id='word_1_56' title='bbox 1641 834 1732 889; x_wconf 90' lang='lat' dir='ltr'><strong>hic</strong></span> <span class='ocrx_word' id='word_1_57' title='bbox 1754 833 1974 904; x_wconf 86' lang='lat' dir='ltr'><strong>quidem</strong></span> 
     </span>
    </p>
   </div>
   <div class='ocr_carea' id='block_1_11' title="bbox 398 924 1975 997">
    <p class='ocr_par' dir='ltr' id='par_1_11' title="bbox 398 924 1975 997">
     <span class='ocr_line' id='line_1_11' title="bbox 398 924 1975 997; baseline 0.001 -16"><span class='ocrx_word' id='word_1_58' title='bbox 398 942 523 982; x_wconf 88' lang='lat' dir='ltr'><strong>cum</strong></span> <span class='ocrx_word' id='word_1_59' title='bbox 555 924 861 995; x_wconf 84' lang='lat' dir='ltr'><strong>publicanis</strong></span> <span class='ocrx_word' id='word_1_60' title='bbox 887 938 952 979; x_wconf 91' lang='lat' dir='ltr'><strong>ac</strong></span> <span class='ocrx_word' id='word_1_61' title='bbox 979 926 1365 997; x_wconf 86' lang='lat' dir='ltr'><strong>peccatoribus</strong></span> <span class='ocrx_word' id='word_1_62' title='bbox 1389 926 1705 991; x_wconf 89' lang='lat' dir='ltr'><strong>comedens,</strong></span> <span class='ocrx_word' id='word_1_63' title='bbox 1737 926 1820 981; x_wconf 90' lang='lat' dir='ltr'><strong>sic</strong></span> <span class='ocrx_word' id='word_1_64' title='bbox 1853 941 1975 982; x_wconf 84' lang='lat' dir='ltr'><strong>sese</strong></span> 
     </span>
    </p>
   </div>
   <div class='ocr_carea' id='block_1_12' title="bbox 399 1016 1973 1089">
    <p class='ocr_par' dir='ltr' id='par_1_12' title="bbox 399 1016 1973 1089">
     <span class='ocr_line' id='line_1_12' title="bbox 399 1016 1973 1089; baseline 0.001 -18"><span class='ocrx_word' id='word_1_65' title='bbox 399 1017 665 1089; x_wconf 78' lang='lat' dir='ltr'><strong>purgabat</strong></span> <span class='ocrx_word' id='word_1_66' title='bbox 704 1016 772 1070; x_wconf 90' lang='lat' dir='ltr'><strong>ad</strong></span> <span class='ocrx_word' id='word_1_67' title='bbox 807 1017 953 1081; x_wconf 90' lang='lat' dir='ltr'><strong>illos,</strong></span> <span class='ocrx_word' id='word_1_68' title='bbox 989 1018 1084 1088; x_wconf 89' lang='lat' dir='ltr'><strong>qui</strong></span> <span class='ocrx_word' id='word_1_69' title='bbox 1119 1018 1223 1073; x_wconf 87' lang='lat' dir='ltr'><strong>hoc</strong></span> <span class='ocrx_word' id='word_1_70' title='bbox 1268 1018 1317 1074; x_wconf 92' lang='lat' dir='ltr'><strong>ei</strong></span> <span class='ocrx_word' id='word_1_71' title='bbox 1368 1018 1488 1073; x_wconf 89' lang='lat' dir='ltr'><strong>loco</strong></span> <span class='ocrx_word' id='word_1_72' title='bbox 1530 1019 1716 1089; x_wconf 87' lang='lat' dir='ltr'><strong>probri</strong></span> <span class='ocrx_word' id='word_1_73' title='bbox 1762 1019 1973 1089; x_wconf 88' lang='lat' dir='ltr'><strong>objice-</strong></span> 
     </span>
    </p>
   </div>
   <div class='ocr_carea' id='block_1_13' title="bbox 395 1104 1971 1181">
    <p class='ocr_par' dir='ltr' id='par_1_13' title="bbox 395 1104 1971 1181">
     <span class='ocr_line' id='line_1_13' title="bbox 395 1104 1971 1181; baseline 0.001 -20"><span class='ocrx_word' id='word_1_74' title='bbox 395 1114 554 1170; x_wconf 90' lang='lat' dir='ltr'><strong>rent,</strong></span> <span class='ocrx_word' id='word_1_75' title='bbox 600 1113 659 1160; x_wconf 92' lang='lat' dir='ltr'><strong>ut</strong></span> <span class='ocrx_word' id='word_1_76' title='bbox 702 1104 909 1161; x_wconf 84' lang='lat' dir='ltr'><strong>diceret</strong></span> <span class='ocrx_word' id='word_1_77' title='bbox 965 1106 1019 1161; x_wconf 91' lang='lat' dir='ltr'><strong>id</strong></span> <span class='ocrx_word' id='word_1_78' title='bbox 1061 1122 1123 1163; x_wconf 89' lang='lat' dir='ltr'><strong>se</strong></span> <span class='ocrx_word' id='word_1_79' title='bbox 1164 1122 1230 1161; x_wconf 78' lang='lat' dir='ltr'><strong>ex</strong></span> <span class='ocrx_word' id='word_1_80' title='bbox 1281 1107 1517 1177; x_wconf 87' lang='lat' dir='ltr'><strong>benigno</strong></span> <span class='ocrx_word' id='word_1_81' title='bbox 1562 1109 1799 1178; x_wconf 91' lang='lat' dir='ltr'><strong>quodam</strong></span> <span class='ocrx_word' id='word_1_82' title='bbox 1842 1124 1971 1181; x_wconf 88' lang='lat' dir='ltr'><strong>erga</strong></span> 
     </span>
    </p>
   </div>
   <div class='ocr_carea' id='block_1_14' title="bbox 395 1195 1972 1269">
    <p class='ocr_par' dir='ltr' id='par_1_14' title="bbox 395 1195 1972 1269">
     <span class='ocr_line' id='line_1_14' title="bbox 395 1195 1972 1269; baseline 0.002 -18"><span class='ocrx_word' id='word_1_83' title='bbox 395 1196 650 1252; x_wconf 75' lang='lat' dir='ltr'><strong>homines</strong></span> <span class='ocrx_word' id='word_1_84' title='bbox 681 1195 863 1252; x_wconf 89' lang='lat' dir='ltr'><strong>studio</strong></span> <span class='ocrx_word' id='word_1_85' title='bbox 903 1197 1106 1255; x_wconf 82' lang='lat' dir='ltr'><strong>facere.</strong></span> <span class='ocrx_word' id='word_1_86' title='bbox 1142 1197 1210 1251; x_wconf 87' lang='lat' dir='ltr'><strong>At</strong></span> <span class='ocrx_word' id='word_1_87' title='bbox 1236 1199 1327 1254; x_wconf 90' lang='lat' dir='ltr'><strong>ille</strong></span> <span class='ocrx_word' id='word_1_88' title='bbox 1354 1199 1559 1269; x_wconf 85' lang='lat' dir='ltr'><strong>piaculi</strong></span> <span class='ocrx_word' id='word_1_89' title='bbox 1585 1200 1706 1255; x_wconf 90' lang='lat' dir='ltr'><strong>loco</strong></span> <span class='ocrx_word' id='word_1_90' title='bbox 1733 1200 1887 1255; x_wconf 81' lang='lat' dir='ltr'><strong>ducit</strong></span> <span class='ocrx_word' id='word_1_91' title='bbox 1918 1210 1972 1255; x_wconf 80' lang='lat' dir='ltr'><strong>et</strong></span> 
     </span>
    </p>
   </div>
   <div class='ocr_carea' id='block_1_15' title="bbox 396 1290 1972 1363">
    <p class='ocr_par' dir='ltr' id='par_1_15' title="bbox 396 1290 1972 1363">
     <span class='ocr_line' id='line_1_15' title="bbox 396 1290 1972 1363; baseline 0.003 -20"><span class='ocrx_word' id='word_1_92' title='bbox 396 1290 797 1360; x_wconf 87' lang='lat' dir='ltr'><strong>inquinamenti</strong></span> <span class='ocrx_word' id='word_1_93' title='bbox 832 1290 1095 1346; x_wconf 84' lang='lat' dir='ltr'><strong>adhibere</strong></span> <span class='ocrx_word' id='word_1_94' title='bbox 1137 1306 1238 1347; x_wconf 91' lang='lat' dir='ltr'><strong>nos</strong></span> <span class='ocrx_word' id='word_1_95' title='bbox 1272 1306 1474 1347; x_wconf 72' lang='lat' dir='ltr'><strong>mensa:</strong></span> <span class='ocrx_word' id='word_1_96' title='bbox 1508 1308 1621 1347; x_wconf 80' lang='lat' dir='ltr'><strong>suae</strong></span> <span class='ocrx_word' id='word_1_97' title='bbox 1659 1301 1783 1363; x_wconf 90' lang='lat' dir='ltr'><strong>post</strong></span> <span class='ocrx_word' id='word_1_98' title='bbox 1816 1293 1972 1348; x_wconf 82' lang='lat' dir='ltr'><strong>defa-</strong></span> 
     </span>
    </p>
   </div>
   <div class='ocr_carea' id='block_1_16' title="bbox 393 1383 1968 1456">
    <p class='ocr_par' dir='ltr' id='par_1_16' title="bbox 393 1383 1968 1456">
     <span class='ocr_line' id='line_1_16' title="bbox 393 1383 1968 1456; baseline 0 -17"><span class='ocrx_word' id='word_1_99' title='bbox 393 1385 708 1456; x_wconf 87' lang='lat' dir='ltr'><strong>tigationem</strong></span> <span class='ocrx_word' id='word_1_100' title='bbox 757 1383 907 1438; x_wconf 89' lang='lat' dir='ltr'><strong>illam</strong></span> <span class='ocrx_word' id='word_1_101' title='bbox 964 1393 1142 1438; x_wconf 89' lang='lat' dir='ltr'><strong>ortam</strong></span> <span class='ocrx_word' id='word_1_102' title='bbox 1183 1398 1245 1439; x_wconf 80' lang='lat' dir='ltr'><strong>ex</strong></span> <span class='ocrx_word' id='word_1_103' title='bbox 1304 1383 1549 1439; x_wconf 86' lang='lat' dir='ltr'><strong>itinere:</strong></span> <span class='ocrx_word' id='word_1_104' title='bbox 1592 1393 1714 1455; x_wconf 88' lang='lat' dir='ltr'><strong>post</strong></span> <span class='ocrx_word' id='word_1_105' title='bbox 1757 1392 1968 1439; x_wconf 90' lang='lat' dir='ltr'><strong>tantum</strong></span> 
     </span>
    </p>
   </div>
   <div class='ocr_carea' id='block_1_17' title="bbox 390 1475 1968 1547">
    <p class='ocr_par' dir='ltr' id='par_1_17' title="bbox 390 1475 1968 1547">
     <span class='ocr_line' id='line_1_17' title="bbox 390 1475 1968 1547; baseline 0 -15"><span class='ocrx_word' id='word_1_106' title='bbox 390 1483 623 1542; x_wconf 66' lang='lat' dir='ltr'><strong>aestum,</strong></span> <span class='ocrx_word' id='word_1_107' title='bbox 679 1475 737 1529; x_wconf 90' lang='lat' dir='ltr'><strong>in</strong></span> <span class='ocrx_word' id='word_1_108' title='bbox 790 1490 901 1545; x_wconf 86' lang='lat' dir='ltr'><strong>quo</strong></span> <span class='ocrx_word' id='word_1_109' title='bbox 952 1475 1259 1532; x_wconf 82' lang='lat' dir='ltr'><strong>assidentes</strong></span> <span class='ocrx_word' id='word_1_110' title='bbox 1302 1476 1476 1547; x_wconf 90' lang='lat' dir='ltr'><strong>ipsius</strong></span> <span class='ocrx_word' id='word_1_111' title='bbox 1507 1477 1572 1531; x_wconf 89' lang='lat' dir='ltr'><strong>ad</strong></span> <span class='ocrx_word' id='word_1_112' title='bbox 1611 1477 1816 1532; x_wconf 91' lang='lat' dir='ltr'><strong>ostium</strong></span> <span class='ocrx_word' id='word_1_113' title='bbox 1865 1477 1968 1532; x_wconf 89' lang='lat' dir='ltr'><strong>sub</strong></span> 
     </span>
    </p>
   </div>
   <div class='ocr_carea' id='block_1_18' title="bbox 391 1567 1966 1638">
    <p class='ocr_par' dir='ltr' id='par_1_18' title="bbox 391 1567 1966 1638">
     <span class='ocr_line' id='line_1_18' title="bbox 391 1567 1966 1638; baseline -0.003 -15"><span class='ocrx_word' id='word_1_114' title='bbox 391 1568 483 1623; x_wconf 91' lang='lat' dir='ltr'><strong>dio</strong></span> <span class='ocrx_word' id='word_1_115' title='bbox 505 1567 851 1623; x_wconf 90' lang='lat' dir='ltr'><strong>torrebamur</strong></span> <span class='ocrx_word' id='word_1_116' title='bbox 884 1586 897 1622; x_wconf 89' lang='lat'><strong>:</strong></span> <span class='ocrx_word' id='word_1_117' title='bbox 931 1575 1057 1638; x_wconf 91' lang='lat' dir='ltr'><strong>post</strong></span> <span class='ocrx_word' id='word_1_118' title='bbox 1075 1567 1291 1623; x_wconf 81' lang='lat' dir='ltr'><strong>tristem</strong></span> <span class='ocrx_word' id='word_1_119' title='bbox 1334 1568 1480 1622; x_wconf 86' lang='lat' dir='ltr'><strong>illam</strong></span> <span class='ocrx_word' id='word_1_120' title='bbox 1510 1568 1966 1631; x_wconf 86' lang='lat' dir='ltr'><strong>taciturnitatem,</strong></span> 
     </span>
    </p>
   </div>
   <div class='ocr_carea' id='block_1_19' title="bbox 390 1659 1965 1729">
    <p class='ocr_par' dir='ltr' id='par_1_19' title="bbox 390 1659 1965 1729">
     <span class='ocr_line' id='line_1_19' title="bbox 390 1659 1965 1729; baseline -0.001 -15"><span class='ocrx_word' id='word_1_121' title='bbox 390 1674 554 1729; x_wconf 89' lang='lat' dir='ltr'><strong>quam</strong></span> <span class='ocrx_word' id='word_1_122' title='bbox 589 1659 799 1728; x_wconf 79' lang='lat' dir='ltr'><strong>experti</strong></span> <span class='ocrx_word' id='word_1_123' title='bbox 825 1674 1069 1722; x_wconf 86' lang='lat' dir='ltr'><strong>eramus,</strong></span> <span class='ocrx_word' id='word_1_124' title='bbox 1106 1667 1465 1729; x_wconf 81' lang='lat' dir='ltr'><strong>posteaquam</strong></span> <span class='ocrx_word' id='word_1_125' title='bbox 1515 1659 1570 1713; x_wconf 91' lang='lat' dir='ltr'><strong>in</strong></span> <span class='ocrx_word' id='word_1_126' title='bbox 1612 1667 1965 1729; x_wconf 87' lang='lat' dir='ltr'><strong>conspectum</strong></span> 
     </span>
    </p>
   </div>
   <div class='ocr_carea' id='block_1_20' title="bbox 2084 467 3659 549">
    <p class='ocr_par' dir='ltr' id='par_1_20' title="bbox 2084 467 3659 549">
     <span class='ocr_line' id='line_1_20' title="bbox 2084 467 3659 549; baseline 0.011 -31"><span class='ocrx_word' id='word_1_127' title='bbox 2084 467 2399 537; x_wconf 88' lang='grc' dir='ltr'>ανθρωπίαν</span> <span class='ocrx_word' id='word_1_128' title='bbox 2465 467 2623 522; x_wconf 83' lang='grc' dir='ltr'>τοῦτο</span> <span class='ocrx_word' id='word_1_129' title='bbox 2674 470 2865 526; x_wconf 84' lang='grc' dir='ltr'>ποιῶν.</span> <span class='ocrx_word' id='word_1_130' title='bbox 2941 474 2998 528; x_wconf 88' lang='grc' dir='ltr'>Ὀ</span> <span class='ocrx_word' id='word_1_131' title='bbox 3054 476 3110 529; x_wconf 89' lang='grc' dir='ltr'><strong>δέ</strong></span> <span class='ocrx_word' id='word_1_132' title='bbox 3155 476 3286 546; x_wconf 83' lang='grc' dir='ltr'>ἄγος</span> <span class='ocrx_word' id='word_1_133' title='bbox 3343 478 3524 549; x_wconf 89' lang='grc' dir='ltr'>κρίνει</span> <span class='ocrx_word' id='word_1_134' title='bbox 3573 481 3659 535; x_wconf 70' lang='grc' dir='ltr'>καὶ</span> 
     </span>
    </p>
   </div>
   <div class='ocr_carea' id='block_1_21' title="bbox 2085 560 3661 640">
    <p class='ocr_par' dir='ltr' id='par_1_21' title="bbox 2085 560 3661 640">
     <span class='ocr_line' id='line_1_21' title="bbox 2085 560 3661 640; baseline 0.01 -29"><span class='ocrx_word' id='word_1_135' title='bbox 2085 560 2330 631; x_wconf 78' lang='grc' dir='ltr'>μίασμα,</span> <span class='ocrx_word' id='word_1_136' title='bbox 2389 562 2488 631; x_wconf 75' lang='grc' dir='ltr'>τὴν</span> <span class='ocrx_word' id='word_1_137' title='bbox 2542 563 2637 617; x_wconf 73' lang='grc' dir='ltr'>ἐπὶ</span> <span class='ocrx_word' id='word_1_138' title='bbox 2683 566 2963 639; x_wconf 76' lang='grc' dir='ltr'><strong>τραπέζης</strong></span> <span class='ocrx_word' id='word_1_139' title='bbox 3022 569 3325 637; x_wconf 73' lang='grc' dir='ltr'><strong>κοινωνίαν,</strong></span> <span class='ocrx_word' id='word_1_140' title='bbox 3382 571 3526 640; x_wconf 84' lang='grc' dir='ltr'><strong>μετά</strong></span> <span class='ocrx_word' id='word_1_141' title='bbox 3574 572 3661 627; x_wconf 68' lang='grc' dir='ltr'><strong>τὸν</strong></span> 
     </span>
    </p>
   </div>
   <div class='ocr_carea' id='block_1_22' title="bbox 2081 652 3657 734">
    <p class='ocr_par' dir='ltr' id='par_1_22' title="bbox 2081 652 3657 734">
     <span class='ocr_line' id='line_1_22' title="bbox 2081 652 3657 734; baseline 0.008 -31"><span class='ocrx_word' id='word_1_142' title='bbox 2081 652 2247 705; x_wconf 83' lang='grc' dir='ltr'>κόπον</span> <span class='ocrx_word' id='word_1_143' title='bbox 2296 655 2537 719; x_wconf 83' lang='grc' dir='ltr'>ἐκεῖνον,</span> <span class='ocrx_word' id='word_1_144' title='bbox 2586 656 2646 709; x_wconf 84' lang='grc' dir='ltr'><strong>ὃν</strong></span> <span class='ocrx_word' id='word_1_145' title='bbox 2694 658 2761 710; x_wconf 84' lang='grc' dir='ltr'><strong>ἐκ</strong></span> <span class='ocrx_word' id='word_1_146' title='bbox 2812 658 2913 726; x_wconf 75' lang='grc' dir='ltr'>τῆς</span> <span class='ocrx_word' id='word_1_147' title='bbox 2968 659 3274 732; x_wconf 78' lang='grc' dir='ltr'><strong>ὁδοιπορίας</strong></span> <span class='ocrx_word' id='word_1_148' title='bbox 3325 663 3657 734; x_wconf 77' lang='grc' dir='ltr'><strong>ὑπέστημεν·</strong></span> 
     </span>
    </p>
   </div>
   <div class='ocr_carea' id='block_1_23' title="bbox 2082 743 3662 826">
    <p class='ocr_par' dir='ltr' id='par_1_23' title="bbox 2082 743 3662 826">
     <span class='ocr_line' id='line_1_23' title="bbox 2082 743 3662 826; baseline 0.008 -31"><span class='ocrx_word' id='word_1_149' title='bbox 2082 743 2218 812; x_wconf 87' lang='grc' dir='ltr'><strong>μετά</strong></span> <span class='ocrx_word' id='word_1_150' title='bbox 2261 744 2321 797; x_wconf 84' lang='grc' dir='ltr'>τὸ</span> <span class='ocrx_word' id='word_1_151' title='bbox 2378 745 2581 811; x_wconf 78' lang='grc' dir='ltr'>θάλπος</span> <span class='ocrx_word' id='word_1_152' title='bbox 2624 748 2685 801; x_wconf 82' lang='grc' dir='ltr'>τὸ</span> <span class='ocrx_word' id='word_1_153' title='bbox 2726 748 2996 816; x_wconf 82' lang='grc' dir='ltr'>τοσοῦτον,</span> <span class='ocrx_word' id='word_1_154' title='bbox 3044 752 3102 804; x_wconf 87' lang='grc' dir='ltr'><strong>ἐν</strong></span> <span class='ocrx_word' id='word_1_155' title='bbox 3136 745 3181 820; x_wconf 78' lang='grc' dir='ltr'>ᾧ</span> <span class='ocrx_word' id='word_1_156' title='bbox 3232 748 3501 826; x_wconf 72' lang='grc' dir='ltr'>ὑπαίθριοι</span> <span class='ocrx_word' id='word_1_157' title='bbox 3539 759 3662 820; x_wconf 87' lang='grc' dir='ltr'>ταῖς</span> 
     </span>
    </p>
   </div>
   <div class='ocr_carea' id='block_1_24' title="bbox 2080 834 3660 917">
    <p class='ocr_par' dir='ltr' id='par_1_24' title="bbox 2080 834 3660 917">
     <span class='ocr_line' id='line_1_24' title="bbox 2080 834 3660 917; baseline 0.008 -30"><span class='ocrx_word' id='word_1_158' title='bbox 2080 834 2271 906; x_wconf 82' lang='grc' dir='ltr'>θύραις</span> <span class='ocrx_word' id='word_1_159' title='bbox 2303 838 2468 891; x_wconf 77' lang='grc' dir='ltr'>αὐτοῦ</span> <span class='ocrx_word' id='word_1_160' title='bbox 2504 839 3003 911; x_wconf 79' lang='grc' dir='ltr'><strong>προσκαθεζόμενοι</strong></span> <span class='ocrx_word' id='word_1_161' title='bbox 3036 843 3488 915; x_wconf 76' lang='grc' dir='ltr'>κατεφρόγημενο</span> <span class='ocrx_word' id='word_1_162' title='bbox 3518 848 3660 917; x_wconf 85' lang='grc' dir='ltr'><strong>μετά</strong></span> 
     </span>
    </p>
   </div>
   <div class='ocr_carea' id='block_1_25' title="bbox 2076 926 3661 1009">
    <p class='ocr_par' dir='ltr' id='par_1_25' title="bbox 2076 926 3661 1009">
     <span class='ocr_line' id='line_1_25' title="bbox 2076 926 3661 1009; baseline 0.008 -29"><span class='ocrx_word' id='word_1_163' title='bbox 2076 926 2177 996; x_wconf 74' lang='grc' dir='ltr'>τὴν</span> <span class='ocrx_word' id='word_1_164' title='bbox 2210 927 2537 1001; x_wconf 77' lang='grc' dir='ltr'><strong>σκυθρωπὴν</strong></span> <span class='ocrx_word' id='word_1_165' title='bbox 2579 932 2794 1001; x_wconf 80' lang='grc' dir='ltr'>ἐκείνην</span> <span class='ocrx_word' id='word_1_166' title='bbox 2825 935 3145 1004; x_wconf 78' lang='grc' dir='ltr'>κατήφειαν,</span> <span class='ocrx_word' id='word_1_167' title='bbox 3177 936 3243 1007; x_wconf 81' lang='grc' dir='ltr'><strong>ἦν</strong></span> <span class='ocrx_word' id='word_1_168' title='bbox 3276 937 3333 989; x_wconf 85' lang='grc' dir='ltr'>ἐν</span> <span class='ocrx_word' id='word_1_169' title='bbox 3357 937 3661 1009; x_wconf 78' lang='grc' dir='ltr'><strong>ὀφθαλμοῖς</strong></span> 
     </span>
    </p>
   </div>
   <div class='ocr_carea' id='block_1_26' title="bbox 2074 1019 3659 1100">
    <p class='ocr_par' dir='ltr' id='par_1_26' title="bbox 2074 1019 3659 1100">
     <span class='ocr_line' id='line_1_26' title="bbox 2074 1019 3659 1100; baseline 0.008 -28"><span class='ocrx_word' id='word_1_170' title='bbox 2074 1019 2238 1074; x_wconf 81' lang='grc' dir='ltr'>αὑτοῦ</span> <span class='ocrx_word' id='word_1_171' title='bbox 2271 1021 2553 1090; x_wconf 83' lang='grc' dir='ltr'><strong>γεγονότες</strong></span> <span class='ocrx_word' id='word_1_172' title='bbox 2596 1022 2924 1095; x_wconf 78' lang='grc' dir='ltr'><strong>ἀνέτλημεν·</strong></span> <span class='ocrx_word' id='word_1_173' title='bbox 2946 1026 3039 1080; x_wconf 78' lang='grc' dir='ltr'>καὶ</span> <span class='ocrx_word' id='word_1_174' title='bbox 3073 1027 3458 1099; x_wconf 81' lang='grc' dir='ltr'><strong>ἀποπέμπεται</strong></span> <span class='ocrx_word' id='word_1_175' title='bbox 3507 1033 3659 1100; x_wconf 79' lang='grc' dir='ltr'>ἡμᾶς</span> 
     </span>
    </p>
   </div>
   <div class='ocr_carea' id='block_1_27' title="bbox 2074 1110 3657 1192">
    <p class='ocr_par' dir='ltr' id='par_1_27' title="bbox 2074 1110 3657 1192">
     <span class='ocr_line' id='line_1_27' title="bbox 2074 1110 3657 1192; baseline 0.009 -29"><span class='ocrx_word' id='word_1_176' title='bbox 2074 1111 2236 1164; x_wconf 86' lang='grc' dir='ltr'>πάλιν</span> <span class='ocrx_word' id='word_1_177' title='bbox 2284 1113 2377 1165; x_wconf 78' lang='grc' dir='ltr'><strong>ἐπὶ</strong></span> <span class='ocrx_word' id='word_1_178' title='bbox 2422 1113 2481 1167; x_wconf 81' lang='grc' dir='ltr'>τὸ</span> <span class='ocrx_word' id='word_1_179' title='bbox 2523 1114 2655 1168; x_wconf 80' lang='grc' dir='ltr'>αὐτὸ</span> <span class='ocrx_word' id='word_1_180' title='bbox 2697 1110 2993 1188; x_wconf 84' lang='grc' dir='ltr'>διάστημα,</span> <span class='ocrx_word' id='word_1_181' title='bbox 3036 1119 3124 1173; x_wconf 88' lang='grc' dir='ltr'><strong>διά</strong></span> <span class='ocrx_word' id='word_1_182' title='bbox 3166 1121 3265 1192; x_wconf 87' lang='grc' dir='ltr'>τῆς</span> <span class='ocrx_word' id='word_1_183' title='bbox 3306 1122 3478 1192; x_wconf 76' lang='grc' dir='ltr'>αὐτῆς</span> <span class='ocrx_word' id='word_1_184' title='bbox 3510 1124 3657 1188; x_wconf 74' lang='grc' dir='ltr'>ὁδοῦ,</span> 
     </span>
    </p>
   </div>
   <div class='ocr_carea' id='block_1_28' title="bbox 2072 1204 3659 1283">
    <p class='ocr_par' dir='ltr' id='par_1_28' title="bbox 2072 1204 3659 1283">
     <span class='ocr_line' id='line_1_28' title="bbox 2072 1204 3659 1283; baseline 0.008 -26"><span class='ocrx_word' id='word_1_185' title='bbox 2072 1204 2554 1276; x_wconf 79' lang='grc' dir='ltr'>ταλαιπωροῦντας</span> <span class='ocrx_word' id='word_1_186' title='bbox 2616 1208 2675 1260; x_wconf 81' lang='grc' dir='ltr'>ὲν</span> <span class='ocrx_word' id='word_1_187' title='bbox 2707 1208 3045 1264; x_wconf 84' lang='grc' dir='ltr'>ἐκλελοιπότι</span> <span class='ocrx_word' id='word_1_188' title='bbox 3089 1211 3189 1283; x_wconf 65' lang='grc' dir='ltr'>ἤδη</span> <span class='ocrx_word' id='word_1_189' title='bbox 3219 1213 3312 1266; x_wconf 74' lang='grc' dir='ltr'><strong>καὶ</strong></span> <span class='ocrx_word' id='word_1_190' title='bbox 3341 1231 3659 1270; x_wconf 81' lang='grc' dir='ltr'>καταπεπο-</span> 
     </span>
    </p>
   </div>
   <div class='ocr_carea' id='block_1_29' title="bbox 2073 1295 3658 1378">
    <p class='ocr_par' dir='ltr' id='par_1_29' title="bbox 2073 1295 3658 1378">
     <span class='ocr_line' id='line_1_29' title="bbox 2073 1295 3658 1378; baseline 0.008 -30"><span class='ocrx_word' id='word_1_191' title='bbox 2073 1295 2290 1365; x_wconf 78' lang='grc' dir='ltr'>νημένῳ</span> <span class='ocrx_word' id='word_1_192' title='bbox 2335 1295 2412 1367; x_wconf 80' lang='grc' dir='ltr'>τῷ</span> <span class='ocrx_word' id='word_1_193' title='bbox 2464 1297 2707 1368; x_wconf 79' lang='grc' dir='ltr'>σώματι’</span> <span class='ocrx_word' id='word_1_194' title='bbox 2760 1299 2903 1353; x_wconf 82' lang='grc' dir='ltr'>ὥστε</span> <span class='ocrx_word' id='word_1_195' title='bbox 2932 1303 3083 1371; x_wconf 81' lang='grc' dir='ltr'><strong>μόλις</strong></span> <span class='ocrx_word' id='word_1_196' title='bbox 3121 1304 3265 1373; x_wconf 79' lang='grc' dir='ltr'>ἡμᾶς</span> <span class='ocrx_word' id='word_1_197' title='bbox 3310 1308 3438 1376; x_wconf 78' lang='grc' dir='ltr'>περὶ</span> <span class='ocrx_word' id='word_1_198' title='bbox 3478 1308 3658 1378; x_wconf 71' lang='grc' dir='ltr'>δείλην</span> 
     </span>
    </p>
   </div>
   <div class='ocr_carea' id='block_1_30' title="bbox 2071 1385 3657 1463">
    <p class='ocr_par' dir='ltr' id='par_1_30' title="bbox 2071 1385 3657 1463">
     <span class='ocr_line' id='line_1_30' title="bbox 2071 1385 3657 1463; baseline 0.009 -26"><span class='ocrx_word' id='word_1_199' title='bbox 2071 1385 2229 1455; x_wconf 70' lang='grc' dir='ltr'>ὀψίαν</span> <span class='ocrx_word' id='word_1_200' title='bbox 2258 1386 2427 1440; x_wconf 84' lang='grc' dir='ltr'>πολλά</span> <span class='ocrx_word' id='word_1_201' title='bbox 2451 1388 2539 1441; x_wconf 79' lang='grc' dir='ltr'><strong>διὰ</strong></span> <span class='ocrx_word' id='word_1_202' title='bbox 2577 1392 2744 1459; x_wconf 88' lang='grc' dir='ltr'>μέσου</span> <span class='ocrx_word' id='word_1_203' title='bbox 2794 1392 3290 1463; x_wconf 79' lang='grc' dir='ltr'><strong>κακοπαθήσαντας</strong></span> <span class='ocrx_word' id='word_1_204' title='bbox 3327 1397 3657 1452; x_wconf 80' lang='grc' dir='ltr'>καταλαϐεῖν</span> 
     </span>
    </p>
   </div>
   <div class='ocr_carea' id='block_1_31' title="bbox 2068 1476 3693 1554">
    <p class='ocr_par' dir='ltr' id='par_1_31' title="bbox 2068 1476 3693 1554">
     <span class='ocr_line' id='line_1_31' title="bbox 2068 1476 3693 1554; baseline 0.009 -26"><span class='ocrx_word' id='word_1_205' title='bbox 2068 1476 2165 1548; x_wconf 78' lang='grc' dir='ltr'>τὴν</span> <span class='ocrx_word' id='word_1_206' title='bbox 2188 1478 2453 1533; x_wconf 89' lang='grc' dir='ltr'>συνοδίαν.</span> <span class='ocrx_word' id='word_1_207' title='bbox 2479 1481 2589 1533; x_wconf 76' lang='grc' dir='ltr'><strong>Καὶ</strong></span> <span class='ocrx_word' id='word_1_208' title='bbox 2616 1480 2724 1554; x_wconf 92' lang='grc' dir='ltr'><strong>γάρ</strong></span> <span class='ocrx_word' id='word_1_209' title='bbox 2753 1499 2805 1535; x_wconf 88' lang='grc' dir='ltr'><strong>τι</strong></span> <span class='ocrx_word' id='word_1_210' title='bbox 2838 1480 2935 1536; x_wconf 67' lang='grc' dir='ltr'>καὶ</span> <span class='ocrx_word' id='word_1_211' title='bbox 2951 1484 3109 1554; x_wconf 68' lang='grc' dir='ltr'>νέφος</span> <span class='ocrx_word' id='word_1_212' title='bbox 3134 1486 3200 1540; x_wconf 81' lang='grc' dir='ltr'><strong>ἐκ</strong></span> <span class='ocrx_word' id='word_1_213' title='bbox 3223 1487 3483 1552; x_wconf 75' lang='grc' dir='ltr'>λαίλαπος</span> <span class='ocrx_word' id='word_1_214' title='bbox 3510 1491 3658 1543; x_wconf 82' lang='grc' dir='ltr'>κατά</span> <span class='ocrx_word' id='word_1_215' title='bbox 3684 1544 3693 1549; x_wconf 68' lang='grc'><strong>,</strong></span> 
     </span>
    </p>
   </div>
   <div class='ocr_carea' id='block_1_32' title="bbox 2067 1565 3656 1649">
    <p class='ocr_par' dir='ltr' id='par_1_32' title="bbox 2067 1565 3656 1649">
     <span class='ocr_line' id='line_1_32' title="bbox 2067 1565 3656 1649; baseline 0.008 -31"><span class='ocrx_word' id='word_1_216' title='bbox 2067 1565 2128 1619; x_wconf 76' lang='grc' dir='ltr'>τὸ</span> <span class='ocrx_word' id='word_1_217' title='bbox 2162 1565 2355 1638; x_wconf 89' lang='grc' dir='ltr'>ἀθρόον</span> <span class='ocrx_word' id='word_1_218' title='bbox 2381 1569 2438 1620; x_wconf 84' lang='grc' dir='ltr'>ἐν</span> <span class='ocrx_word' id='word_1_219' title='bbox 2467 1569 2546 1640; x_wconf 82' lang='grc' dir='ltr'>τῷ</span> <span class='ocrx_word' id='word_1_220' title='bbox 2579 1570 2700 1641; x_wconf 82' lang='grc' dir='ltr'>ἀέρι</span> <span class='ocrx_word' id='word_1_221' title='bbox 2731 1572 3041 1642; x_wconf 87' lang='grc' dir='ltr'>γενόμενον,</span> <span class='ocrx_word' id='word_1_222' title='bbox 3089 1575 3269 1629; x_wconf 77' lang='grc' dir='ltr'>αὐτῶν</span> <span class='ocrx_word' id='word_1_223' title='bbox 3294 1578 3402 1631; x_wconf 81' lang='grc' dir='ltr'>τῶν</span> <span class='ocrx_word' id='word_1_224' title='bbox 3442 1579 3656 1649; x_wconf 82' lang='grc' dir='ltr'>μυελῶν</span> 
     </span>
    </p>
   </div>
   <div class='ocr_carea' id='block_1_33' title="bbox 2069 1660 3656 1743">
    <p class='ocr_par' dir='ltr' id='par_1_33' title="bbox 2069 1660 3656 1743">
     <span class='ocr_line' id='line_1_33' title="bbox 2069 1660 3656 1743; baseline 0.009 -32"><span class='ocrx_word' id='word_1_225' title='bbox 2069 1660 2215 1730; x_wconf 83' lang='grc' dir='ltr'>ἡμᾶς</span> <span class='ocrx_word' id='word_1_226' title='bbox 2244 1660 2429 1735; x_wconf 85' lang='grc' dir='ltr'>λάϐρῳ</span> <span class='ocrx_word' id='word_1_227' title='bbox 2459 1662 2536 1733; x_wconf 81' lang='grc' dir='ltr'><strong>τῷ</strong></span> <span class='ocrx_word' id='word_1_228' title='bbox 2572 1662 2761 1734; x_wconf 75' lang='grc' dir='ltr'>ὄμϐρῳ</span> <span class='ocrx_word' id='word_1_229' title='bbox 2791 1665 3064 1723; x_wconf 85' lang='grc' dir='ltr'>καθίκετο.</span> <span class='ocrx_word' id='word_1_230' title='bbox 3111 1669 3511 1741; x_wconf 82' lang='grc' dir='ltr'>Ἀπαρὰσκευοι</span> <span class='ocrx_word' id='word_1_231' title='bbox 3547 1673 3656 1743; x_wconf 68' lang='grc' dir='ltr'>γὰρ</span> 
     </span>
    </p>
   </div>
   <div class='ocr_carea' id='block_1_34' title="bbox 386 1737 1952 1830">
    <p class='ocr_par' dir='ltr' id='par_1_34' title="bbox 386 1751 1952 1825">
     <span class='ocr_line' id='line_1_34' title="bbox 386 1751 1952 1825; baseline -0.002 -16"><span class='ocrx_word' id='word_1_232' title='bbox 386 1754 510 1825; x_wconf 85' lang='lat' dir='ltr'><strong>ejus</strong></span> <span class='ocrx_word' id='word_1_233' title='bbox 544 1768 892 1809; x_wconf 85' lang='lat' dir='ltr'><strong>veneramus.</strong></span> <span class='ocrx_word' id='word_1_234' title='bbox 919 1752 1191 1808; x_wconf 88' lang='lat' dir='ltr'><strong>Nimirum</strong></span> <span class='ocrx_word' id='word_1_235' title='bbox 1222 1768 1324 1808; x_wconf 91' lang='lat' dir='ltr'><strong>nos</strong></span> <span class='ocrx_word' id='word_1_236' title='bbox 1356 1768 1549 1810; x_wconf 83' lang='lat' dir='ltr'><strong>rursus</strong></span> <span class='ocrx_word' id='word_1_237' title='bbox 1569 1751 1639 1808; x_wconf 92' lang='lat' dir='ltr'><strong>ad</strong></span> <span class='ocrx_word' id='word_1_238' title='bbox 1672 1753 1814 1809; x_wconf 88' lang='lat' dir='ltr'><strong>idem</strong></span> <span class='ocrx_word' id='word_1_239' title='bbox 1839 1768 1952 1824; x_wconf 90' lang='lat' dir='ltr'><strong>spa-</strong></span> 
     </span>
    </p>
   </div>
   <div class='ocr_carea' id='block_1_35' title="bbox 2055 1737 3652 1830">
    <p class='ocr_par' dir='ltr' id='par_1_35' title="bbox 2067 1737 3652 1830">
     <span class='ocr_line' id='line_1_35' title="bbox 2067 1737 3652 1830; baseline 0.006 -27"><span class='ocrx_word' id='word_1_240' title='bbox 2067 1745 2208 1822; x_wconf 81' lang='grc' dir='ltr'>ἦμεν</span> <span class='ocrx_word' id='word_1_241' title='bbox 2238 1752 2325 1806; x_wconf 86' lang='grc' dir='ltr'><strong>διά</strong></span> <span class='ocrx_word' id='word_1_242' title='bbox 2348 1753 2409 1805; x_wconf 84' lang='grc' dir='ltr'><strong>τὸ</strong></span> <span class='ocrx_word' id='word_1_243' title='bbox 2451 1753 2784 1824; x_wconf 73' lang='grc' dir='ltr'>ὑπερϐάλλον</span> <span class='ocrx_word' id='word_1_244' title='bbox 2819 1755 3041 1821; x_wconf 79' lang='grc' dir='ltr'>θάλπος,</span> <span class='ocrx_word' id='word_1_245' title='bbox 3080 1758 3156 1822; x_wconf 87' lang='grc' dir='ltr'><strong>ὡς</strong></span> <span class='ocrx_word' id='word_1_246' title='bbox 3195 1737 3334 1830; x_wconf 81' lang='grc' dir='ltr'>πρὸς</span> <span class='ocrx_word' id='word_1_247' title='bbox 3363 1761 3520 1814; x_wconf 69' lang='grc' dir='ltr'>ὑετοῦ</span> <span class='ocrx_word' id='word_1_248' title='bbox 3552 1737 3652 1829; x_wconf 50' lang='grc' dir='ltr'>τροί-</span> 
     </span>
    </p>
   </div>
   <div class='ocr_carea' id='block_1_36' title="bbox 386 1844 1963 1916">
    <p class='ocr_par' dir='ltr' id='par_1_36' title="bbox 386 1844 1963 1916">
     <span class='ocr_line' id='line_1_36' title="bbox 386 1844 1963 1916; baseline -0.002 -16"><span class='ocrx_word' id='word_1_249' title='bbox 386 1846 523 1900; x_wconf 91' lang='lat' dir='ltr'><strong>tium</strong></span> <span class='ocrx_word' id='word_1_250' title='bbox 569 1845 935 1901; x_wconf 87' lang='lat' dir='ltr'><strong>emetiendum</strong></span> <span class='ocrx_word' id='word_1_251' title='bbox 987 1844 1249 1909; x_wconf 87' lang='lat' dir='ltr'><strong>dimittit,</strong></span> <span class='ocrx_word' id='word_1_252' title='bbox 1291 1854 1349 1900; x_wconf 93' lang='lat' dir='ltr'><strong>ut</strong></span> <span class='ocrx_word' id='word_1_253' title='bbox 1404 1860 1501 1916; x_wconf 89' lang='lat' dir='ltr'><strong>per</strong></span> <span class='ocrx_word' id='word_1_254' title='bbox 1544 1844 1789 1900; x_wconf 88' lang='lat' dir='ltr'><strong>eamdem</strong></span> <span class='ocrx_word' id='word_1_255' title='bbox 1820 1844 1963 1898; x_wconf 88' lang='lat' dir='ltr'><strong>viam</strong></span> 
     </span>
    </p>
   </div>
   <div class='ocr_carea' id='block_1_37' title="bbox 386 1934 1960 2007">
    <p class='ocr_par' dir='ltr' id='par_1_37' title="bbox 386 1934 1960 2007">
     <span class='ocr_line' id='line_1_37' title="bbox 386 1934 1960 2007; baseline 0 -18"><span class='ocrx_word' id='word_1_256' title='bbox 386 1944 605 1991; x_wconf 87' lang='lat' dir='ltr'><strong>nosmet</strong></span> <span class='ocrx_word' id='word_1_257' title='bbox 650 1934 1039 2007; x_wconf 84' lang='lat' dir='ltr'><strong>afﬂigeremus,</strong></span> <span class='ocrx_word' id='word_1_258' title='bbox 1072 1950 1307 2006; x_wconf 87' lang='lat' dir='ltr'><strong>corpore</strong></span> <span class='ocrx_word' id='word_1_259' title='bbox 1336 1935 1449 2006; x_wconf 90' lang='lat' dir='ltr'><strong>jam</strong></span> <span class='ocrx_word' id='word_1_260' title='bbox 1479 1934 1693 1991; x_wconf 81' lang='lat' dir='ltr'><strong>defecto</strong></span> <span class='ocrx_word' id='word_1_261' title='bbox 1724 1942 1777 1990; x_wconf 93' lang='lat' dir='ltr'><strong>et</strong></span> <span class='ocrx_word' id='word_1_262' title='bbox 1808 1935 1960 1990; x_wconf 85' lang='lat' dir='ltr'><strong>labo—</strong></span> 
     </span>
    </p>
   </div>
   <div class='ocr_carea' id='block_1_38' title="bbox 387 2027 1960 2092">
    <p class='ocr_par' dir='ltr' id='par_1_38' title="bbox 387 2027 1960 2092">
     <span class='ocr_line' id='line_1_38' title="bbox 387 2027 1960 2092; baseline -0.004 -7"><span class='ocrx_word' id='word_1_263' title='bbox 387 2029 546 2085; x_wconf 90' lang='lat' dir='ltr'><strong>ribus</strong></span> <span class='ocrx_word' id='word_1_264' title='bbox 591 2038 891 2082; x_wconf 87' lang='lat' dir='ltr'><strong>macerato.</strong></span> <span class='ocrx_word' id='word_1_265' title='bbox 930 2027 1050 2092; x_wconf 88' lang='lat' dir='ltr'><strong>Quo</strong></span> <span class='ocrx_word' id='word_1_266' title='bbox 1097 2028 1332 2091; x_wconf 82' lang='lat' dir='ltr'><strong>factum,</strong></span> <span class='ocrx_word' id='word_1_267' title='bbox 1386 2035 1446 2081; x_wconf 90' lang='lat' dir='ltr'><strong>ut</strong></span> <span class='ocrx_word' id='word_1_268' title='bbox 1492 2027 1583 2082; x_wconf 76' lang='lat' dir='ltr'><strong>vix</strong></span> <span class='ocrx_word' id='word_1_269' title='bbox 1628 2028 1732 2083; x_wconf 90' lang='lat' dir='ltr'><strong>sub</strong></span> <span class='ocrx_word' id='word_1_270' title='bbox 1776 2042 1960 2081; x_wconf 90' lang='lat' dir='ltr'><strong>serum</strong></span> 
     </span>
    </p>
   </div>
   <div class='ocr_carea' id='block_1_39' title="bbox 384 2119 1960 2190">
    <p class='ocr_par' dir='ltr' id='par_1_39' title="bbox 384 2119 1960 2190">
     <span class='ocr_line' id='line_1_39' title="bbox 384 2119 1960 2190; baseline -0.002 -13"><span class='ocrx_word' id='word_1_271' title='bbox 384 2120 588 2177; x_wconf 86' lang='lat' dir='ltr'><strong>multas</strong></span> <span class='ocrx_word' id='word_1_272' title='bbox 614 2119 799 2176; x_wconf 89' lang='lat' dir='ltr'><strong>medio</strong></span> <span class='ocrx_word' id='word_1_273' title='bbox 827 2119 882 2175; x_wconf 88' lang='lat' dir='ltr'><strong>in</strong></span> <span class='ocrx_word' id='word_1_274' title='bbox 918 2120 1111 2176; x_wconf 89' lang='lat' dir='ltr'><strong>itinere</strong></span> <span class='ocrx_word' id='word_1_275' title='bbox 1141 2119 1388 2190; x_wconf 87' lang='lat' dir='ltr'><strong>perpessi</strong></span> <span class='ocrx_word' id='word_1_276' title='bbox 1429 2133 1704 2175; x_wconf 63' lang='lat' dir='ltr'><strong>aerumnas</strong></span> <span class='ocrx_word' id='word_1_277' title='bbox 1730 2119 1960 2174; x_wconf 83' lang='lat' dir='ltr'><strong>comites</strong></span> 
     </span>
    </p>
   </div>
   <div class='ocr_carea' id='block_1_40' title="bbox 383 2211 1956 2284">
    <p class='ocr_par' dir='ltr' id='par_1_40' title="bbox 383 2211 1956 2284">
     <span class='ocr_line' id='line_1_40' title="bbox 383 2211 1956 2284; baseline -0.002 -14"><span class='ocrx_word' id='word_1_278' title='bbox 383 2220 608 2270; x_wconf 89' lang='lat' dir='ltr'><strong>nostros</strong></span> <span class='ocrx_word' id='word_1_279' title='bbox 645 2227 1090 2284; x_wconf 88' lang='lat' dir='ltr'><strong>assequeremur.</strong></span> <span class='ocrx_word' id='word_1_280' title='bbox 1140 2211 1272 2266; x_wconf 81' lang='lat' dir='ltr'><strong>Nam</strong></span> <span class='ocrx_word' id='word_1_281' title='bbox 1308 2222 1364 2268; x_wconf 89' lang='lat' dir='ltr'><strong>et</strong></span> <span class='ocrx_word' id='word_1_282' title='bbox 1393 2212 1571 2267; x_wconf 89' lang='lat' dir='ltr'><strong>nubes</strong></span> <span class='ocrx_word' id='word_1_283' title='bbox 1605 2211 1855 2281; x_wconf 68' lang='lat' dir='ltr'><strong>quaedam</strong></span> <span class='ocrx_word' id='word_1_284' title='bbox 1889 2227 1956 2267; x_wconf 81' lang='lat' dir='ltr'><strong>ex</strong></span> 
     </span>
    </p>
   </div>
   <div class='ocr_carea' id='block_1_41' title="bbox 384 2302 1959 2375">
    <p class='ocr_par' dir='ltr' id='par_1_41' title="bbox 384 2302 1959 2375">
     <span class='ocr_line' id='line_1_41' title="bbox 384 2302 1959 2375; baseline -0.001 -15"><span class='ocrx_word' id='word_1_285' title='bbox 384 2304 602 2361; x_wconf 87' lang='lat' dir='ltr'><strong>turbine</strong></span> <span class='ocrx_word' id='word_1_286' title='bbox 629 2304 813 2359; x_wconf 85' lang='lat' dir='ltr'><strong>subito</strong></span> <span class='ocrx_word' id='word_1_287' title='bbox 840 2303 897 2359; x_wconf 93' lang='lat' dir='ltr'><strong>in</strong></span> <span class='ocrx_word' id='word_1_288' title='bbox 928 2318 1055 2360; x_wconf 89' lang='lat' dir='ltr'><strong>aere</strong></span> <span class='ocrx_word' id='word_1_289' title='bbox 1076 2313 1218 2372; x_wconf 88' lang='lat' dir='ltr'><strong>orta,</strong></span> <span class='ocrx_word' id='word_1_290' title='bbox 1244 2303 1674 2375; x_wconf 71' lang='lat' dir='ltr'><strong>copioso‘imbre</strong></span> <span class='ocrx_word' id='word_1_291' title='bbox 1703 2302 1771 2357; x_wconf 87' lang='lat' dir='ltr'><strong>ad</strong></span> <span class='ocrx_word' id='word_1_292' title='bbox 1808 2303 1959 2372; x_wconf 88' lang='lat' dir='ltr'><strong>ipsas</strong></span> 
     </span>
    </p>
   </div>
   <div class='ocr_carea' id='block_1_42' title="bbox 380 2393 1959 2467">
    <p class='ocr_par' dir='ltr' id='par_1_42' title="bbox 380 2393 1959 2467">
     <span class='ocr_line' id='line_1_42' title="bbox 380 2393 1959 2467; baseline -0.001 -16"><span class='ocrx_word' id='word_1_293' title='bbox 380 2410 559 2466; x_wconf 85' lang='lat' dir='ltr'><strong>usque</strong></span> <span class='ocrx_word' id='word_1_294' title='bbox 594 2395 868 2451; x_wconf 89' lang='lat' dir='ltr'><strong>medullas</strong></span> <span class='ocrx_word' id='word_1_295' title='bbox 914 2404 1138 2451; x_wconf 88' lang='lat' dir='ltr'><strong>nostras</strong></span> <span class='ocrx_word' id='word_1_296' title='bbox 1171 2396 1512 2467; x_wconf 86' lang='lat' dir='ltr'><strong>penetrabat.</strong></span> <span class='ocrx_word' id='word_1_297' title='bbox 1552 2393 1769 2449; x_wconf 83' lang='lat' dir='ltr'><strong>Etenim</strong></span> <span class='ocrx_word' id='word_1_298' title='bbox 1801 2403 1959 2465; x_wconf 86' lang='lat' dir='ltr'><strong>tegu-</strong></span> 
     </span>
    </p>
   </div>
   <div class='ocr_carea' id='block_1_43' title="bbox 379 2486 1955 2560">
    <p class='ocr_par' dir='ltr' id='par_1_43' title="bbox 379 2486 1955 2560">
     <span class='ocr_line' id='line_1_43' title="bbox 379 2486 1955 2560; baseline 0 -19"><span class='ocrx_word' id='word_1_299' title='bbox 379 2487 583 2545; x_wconf 87' lang='lat' dir='ltr'><strong>mentis</strong></span> <span class='ocrx_word' id='word_1_300' title='bbox 608 2486 678 2542; x_wconf 90' lang='lat' dir='ltr'><strong>ob</strong></span> <span class='ocrx_word' id='word_1_301' title='bbox 708 2487 986 2560; x_wconf 77' lang='lat' dir='ltr'><strong>ingentem</strong></span> <span class='ocrx_word' id='word_1_302' title='bbox 1020 2495 1212 2544; x_wconf 69' lang='lat' dir='ltr'><strong>aestum</strong></span> <span class='ocrx_word' id='word_1_303' title='bbox 1259 2488 1521 2543; x_wconf 86' lang='lat' dir='ltr'><strong>instructi</strong></span> <span class='ocrx_word' id='word_1_304' title='bbox 1566 2502 1675 2542; x_wconf 89' lang='lat' dir='ltr'><strong>non</strong></span> <span class='ocrx_word' id='word_1_305' title='bbox 1713 2502 1955 2553; x_wconf 89' lang='lat' dir='ltr'><strong>eramus,</strong></span> 
     </span>
    </p>
   </div>
   <div class='ocr_carea' id='block_1_44' title="bbox 379 2564 1953 2650">
    <p class='ocr_par' dir='ltr' id='par_1_44' title="bbox 379 2564 1953 2650">
     <span class='ocr_line' id='line_1_44' title="bbox 379 2564 1953 2650; baseline 0.001 -17"><span class='ocrx_word' id='word_1_306' title='bbox 379 2589 444 2633; x_wconf 91' lang='lat' dir='ltr'><strong>ut</strong></span> <span class='ocrx_word' id='word_1_307' title='bbox 494 2564 760 2638; x_wconf 81' lang='lat' dir='ltr'><strong>adversus</strong></span> <span class='ocrx_word' id='word_1_308' title='bbox 819 2580 1061 2650; x_wconf 85' lang='lat' dir='ltr'><strong>pluviam</strong></span> <span class='ocrx_word' id='word_1_309' title='bbox 1110 2589 1329 2635; x_wconf 89' lang='lat' dir='ltr'><strong>nosmet</strong></span> <span class='ocrx_word' id='word_1_310' title='bbox 1377 2581 1596 2636; x_wconf 88' lang='lat' dir='ltr'><strong>munire</strong></span> <span class='ocrx_word' id='word_1_311' title='bbox 1645 2594 1953 2649; x_wconf 88' lang='lat' dir='ltr'><strong>possemus.</strong></span> 
     </span>
    </p>
   </div>
   <div class='ocr_carea' id='block_1_45' title="bbox 378 2669 1953 2743">
    <p class='ocr_par' dir='ltr' id='par_1_45' title="bbox 378 2669 1953 2743">
     <span class='ocr_line' id='line_1_45' title="bbox 378 2669 1953 2743; baseline -0.003 -16"><span class='ocrx_word' id='word_1_312' title='bbox 378 2669 864 2728; x_wconf 80' lang='lat' dir='ltr'><strong>Verumenimvero</strong></span> <span class='ocrx_word' id='word_1_313' title='bbox 933 2688 1028 2743; x_wconf 91' lang='lat' dir='ltr'><strong>per</strong></span> <span class='ocrx_word' id='word_1_314' title='bbox 1085 2671 1179 2725; x_wconf 88' lang='lat' dir='ltr'><strong>Dei</strong></span> <span class='ocrx_word' id='word_1_315' title='bbox 1234 2673 1468 2742; x_wconf 79' lang='lat' dir='ltr'><strong>gratiam</strong></span> <span class='ocrx_word' id='word_1_316' title='bbox 1519 2671 1676 2741; x_wconf 88' lang='lat' dir='ltr'><strong>quasi</strong></span> <span class='ocrx_word' id='word_1_317' title='bbox 1748 2671 1840 2740; x_wconf 88' lang='lat' dir='ltr'><strong>qui</strong></span> <span class='ocrx_word' id='word_1_318' title='bbox 1890 2686 1953 2725; x_wconf 83' lang='lat' dir='ltr'><strong>ex</strong></span> 
     </span>
    </p>
   </div>
   <div class='ocr_carea' id='block_1_46' title="bbox 376 2763 1956 2837">
    <p class='ocr_par' dir='ltr' id='par_1_46' title="bbox 376 2763 1956 2837">
     <span class='ocr_line' id='line_1_46' title="bbox 376 2763 1956 2837; baseline -0.002 -18"><span class='ocrx_word' id='word_1_319' title='bbox 376 2770 702 2835; x_wconf 86' lang='lat' dir='ltr'><strong>tempestate</strong></span> <span class='ocrx_word' id='word_1_320' title='bbox 748 2765 835 2821; x_wconf 84' lang='lat' dir='ltr'><strong>vel</strong></span> <span class='ocrx_word' id='word_1_321' title='bbox 878 2764 1170 2837; x_wconf 79' lang='lat' dir='ltr'><strong>naufragio</strong></span> <span class='ocrx_word' id='word_1_322' title='bbox 1227 2765 1363 2821; x_wconf 88' lang='lat' dir='ltr'><strong>salvi</strong></span> <span class='ocrx_word' id='word_1_323' title='bbox 1418 2770 1746 2829; x_wconf 81' lang='lat' dir='ltr'><strong>evaserunt,</strong></span> <span class='ocrx_word' id='word_1_324' title='bbox 1785 2763 1859 2817; x_wconf 89' lang='lat' dir='ltr'><strong>ita</strong></span> <span class='ocrx_word' id='word_1_325' title='bbox 1902 2769 1956 2818; x_wconf 91' lang='lat' dir='ltr'><strong>et</strong></span> 
     </span>
    </p>
   </div>
   <div class='ocr_carea' id='block_1_47' title="bbox 376 2856 1954 2927">
    <p class='ocr_par' dir='ltr' id='par_1_47' title="bbox 376 2856 1954 2927">
     <span class='ocr_line' id='line_1_47' title="bbox 376 2856 1954 2927; baseline -0.001 -17"><span class='ocrx_word' id='word_1_326' title='bbox 376 2856 483 2927; x_wconf 90' lang='lat' dir='ltr'><strong>ipsi</strong></span> <span class='ocrx_word' id='word_1_327' title='bbox 535 2856 766 2911; x_wconf 86' lang='lat' dir='ltr'><strong>comites</strong></span> <span class='ocrx_word' id='word_1_328' title='bbox 818 2866 1044 2914; x_wconf 89' lang='lat' dir='ltr'><strong>nostros</strong></span> <span class='ocrx_word' id='word_1_329' title='bbox 1090 2873 1287 2927; x_wconf 85' lang='lat' dir='ltr'><strong>magna</strong></span> <span class='ocrx_word' id='word_1_330' title='bbox 1347 2871 1471 2912; x_wconf 92' lang='lat' dir='ltr'><strong>cum</strong></span> <span class='ocrx_word' id='word_1_331' title='bbox 1525 2856 1714 2911; x_wconf 64' lang='lat' dir='ltr'><strong>ltetitia</strong></span> <span class='ocrx_word' id='word_1_332' title='bbox 1762 2871 1954 2910; x_wconf 87' lang='lat' dir='ltr'><strong>sumus</strong></span> 
     </span>
    </p>
   </div>
   <div class='ocr_carea' id='block_1_48' title="bbox 377 2944 1952 3018">
    <p class='ocr_par' dir='ltr' id='par_1_48' title="bbox 377 2944 1952 3018">
     <span class='ocr_line' id='line_1_48' title="bbox 377 2944 1952 3018; baseline -0.001 -18"><span class='ocrx_word' id='word_1_333' title='bbox 377 2946 653 3013; x_wconf 75' lang='lat' dir='ltr'><strong>assecuti.</strong></span> <span class='ocrx_word' id='word_1_334' title='bbox 680 2945 930 3018; x_wconf 86' lang='lat' dir='ltr'><strong>Cumque</strong></span> <span class='ocrx_word' id='word_1_335' title='bbox 970 2963 1068 3018; x_wconf 89' lang='lat' dir='ltr'><strong>per</strong></span> <span class='ocrx_word' id='word_1_336' title='bbox 1116 2955 1335 3003; x_wconf 89' lang='lat' dir='ltr'><strong>noctem</strong></span> <span class='ocrx_word' id='word_1_337' title='bbox 1370 2947 1808 3018; x_wconf 90' lang='lat' dir='ltr'><strong>quievissemus,</strong></span> <span class='ocrx_word' id='word_1_338' title='bbox 1843 2944 1952 2999; x_wconf 89' lang='lat' dir='ltr'><strong>vivi</strong></span> 
     </span>
    </p>
   </div>
   <div class='ocr_carea' id='block_1_49' title="bbox 373 3038 2022 3129">
    <p class='ocr_par' dir='ltr' id='par_1_49' title="bbox 373 3038 2022 3129">
     <span class='ocr_line' id='line_1_49' title="bbox 373 3038 2022 3129; baseline -0.004 -34"><span class='ocrx_word' id='word_1_339' title='bbox 373 3049 428 3095; x_wconf 91' lang='lat' dir='ltr'><strong>et</strong></span> <span class='ocrx_word' id='word_1_340' title='bbox 457 3040 764 3097; x_wconf 83' lang='lat' dir='ltr'><strong>incolumes</strong></span> <span class='ocrx_word' id='word_1_341' title='bbox 813 3055 921 3097; x_wconf 88' lang='lat' dir='ltr'><strong>una</strong></span> <span class='ocrx_word' id='word_1_342' title='bbox 960 3055 1083 3095; x_wconf 89' lang='lat' dir='ltr'><strong>cum</strong></span> <span class='ocrx_word' id='word_1_343' title='bbox 1112 3040 1236 3095; x_wconf 91' lang='lat' dir='ltr'><strong>aliis</strong></span> <span class='ocrx_word' id='word_1_344' title='bbox 1269 3038 1337 3094; x_wconf 90' lang='lat' dir='ltr'><strong>ad</strong></span> <span class='ocrx_word' id='word_1_345' title='bbox 1373 3046 1564 3094; x_wconf 85' lang='lat' dir='ltr'><strong>nostra</strong></span> <span class='ocrx_word' id='word_1_346' title='bbox 1614 3052 1788 3107; x_wconf 88' lang='lat' dir='ltr'><strong>usque</strong></span> <span class='ocrx_word' id='word_1_347' title='bbox 1831 3038 1948 3091; x_wconf 87' lang='lat' dir='ltr'><strong>loca</strong></span> <span class='ocrx_word' id='word_1_348' title='bbox 1979 3070 2022 3129; x_wconf 65' lang='grc' dir='ltr'>ο</span> 
     </span>
    </p>
   </div>
   <div class='ocr_carea' id='block_1_50' title="bbox 374 3129 1949 3203">
    <p class='ocr_par' dir='ltr' id='par_1_50' title="bbox 374 3129 1949 3203">
     <span class='ocr_line' id='line_1_50' title="bbox 374 3129 1949 3203; baseline -0.003 -16"><span class='ocrx_word' id='word_1_349' title='bbox 374 3131 749 3202; x_wconf 86' lang='lat' dir='ltr'><strong>pervenimus,</strong></span> <span class='ocrx_word' id='word_1_350' title='bbox 801 3133 904 3188; x_wconf 85' lang='lat' dir='ltr'><strong>hoc</strong></span> <span class='ocrx_word' id='word_1_351' title='bbox 938 3140 1136 3203; x_wconf 68' lang='lat' dir='ltr'><strong>prmter</strong></span> <span class='ocrx_word' id='word_1_352' title='bbox 1174 3133 1280 3186; x_wconf 91' lang='lat' dir='ltr'><strong>alia</strong></span> <span class='ocrx_word' id='word_1_353' title='bbox 1331 3131 1616 3186; x_wconf 89' lang='lat' dir='ltr'><strong>consecuti</strong></span> <span class='ocrx_word' id='word_1_354' title='bbox 1656 3129 1798 3185; x_wconf 85' lang='lat' dir='ltr'><strong>forte</strong></span> <span class='ocrx_word' id='word_1_355' title='bbox 1838 3130 1949 3183; x_wconf 81' lang='lat' dir='ltr'><strong>for-</strong></span> 
     </span>
    </p>
   </div>
   <div class='ocr_carea' id='block_1_51' title="bbox 375 3218 1946 3293">
    <p class='ocr_par' dir='ltr' id='par_1_51' title="bbox 375 3218 1946 3293">
     <span class='ocr_line' id='line_1_51' title="bbox 375 3218 1946 3293; baseline -0.002 -18"><span class='ocrx_word' id='word_1_356' title='bbox 375 3230 533 3290; x_wconf 86' lang='lat' dir='ltr'><strong>tuna,</strong></span> <span class='ocrx_word' id='word_1_357' title='bbox 567 3221 715 3293; x_wconf 91' lang='lat' dir='ltr'><strong>quod</strong></span> <span class='ocrx_word' id='word_1_358' title='bbox 757 3237 948 3279; x_wconf 85' lang='lat' dir='ltr'><strong>eorum</strong></span> <span class='ocrx_word' id='word_1_359' title='bbox 986 3223 1232 3279; x_wconf 88' lang='lat' dir='ltr'><strong>omnium</strong></span> <span class='ocrx_word' id='word_1_360' title='bbox 1261 3237 1382 3292; x_wconf 66' lang='lat' dir='ltr'><strong>qua:</strong></span> <span class='ocrx_word' id='word_1_361' title='bbox 1420 3221 1578 3292; x_wconf 89' lang='lat' dir='ltr'><strong>prius</strong></span> <span class='ocrx_word' id='word_1_362' title='bbox 1607 3218 1946 3283; x_wconf 86' lang='lat' dir='ltr'><strong>acciderunt,</strong></span> 
     </span>
    </p>
   </div>
   <div class='ocr_carea' id='block_1_52' title="bbox 371 3311 1949 3383">
    <p class='ocr_par' dir='ltr' id='par_1_52' title="bbox 371 3311 1949 3383">
     <span class='ocr_line' id='line_1_52' title="bbox 371 3311 1949 3383; baseline -0.003 -15"><span class='ocrx_word' id='word_1_363' title='bbox 371 3314 490 3375; x_wconf 66' lang='lat' dir='ltr'><strong>haec</strong></span> <span class='ocrx_word' id='word_1_364' title='bbox 521 3312 790 3370; x_wconf 86' lang='lat' dir='ltr'><strong>adversus</strong></span> <span class='ocrx_word' id='word_1_365' title='bbox 820 3330 922 3370; x_wconf 90' lang='lat' dir='ltr'><strong>nos</strong></span> <span class='ocrx_word' id='word_1_366' title='bbox 957 3314 1012 3369; x_wconf 92' lang='lat' dir='ltr'><strong>in</strong></span> <span class='ocrx_word' id='word_1_367' title='bbox 1050 3314 1155 3369; x_wconf 90' lang='lat' dir='ltr'><strong>hoc</strong></span> <span class='ocrx_word' id='word_1_368' title='bbox 1196 3320 1440 3383; x_wconf 88' lang='lat' dir='ltr'><strong>tempore</strong></span> <span class='ocrx_word' id='word_1_369' title='bbox 1469 3311 1709 3368; x_wconf 77' lang='lat' dir='ltr'><strong>exercita</strong></span> <span class='ocrx_word' id='word_1_370' title='bbox 1746 3311 1949 3381; x_wconf 84' lang='lat' dir='ltr'><strong>injuria</strong></span> 
     </span>
    </p>
   </div>
   <div class='ocr_carea' id='block_1_53' title="bbox 369 3403 1948 3477">
    <p class='ocr_par' dir='ltr' id='par_1_53' title="bbox 369 3403 1948 3477">
     <span class='ocr_line' id='line_1_53' title="bbox 369 3403 1948 3477; baseline -0.004 -15"><span class='ocrx_word' id='word_1_371' title='bbox 369 3408 695 3463; x_wconf 83' lang='lat' dir='ltr'><strong>memoriam</strong></span> <span class='ocrx_word' id='word_1_372' title='bbox 726 3409 1031 3463; x_wconf 87' lang='lat' dir='ltr'><strong>renovarit.</strong></span> <span class='ocrx_word' id='word_1_373' title='bbox 1059 3407 1321 3477; x_wconf 88' lang='lat' dir='ltr'><strong>Adeoque</strong></span> <span class='ocrx_word' id='word_1_374' title='bbox 1350 3404 1656 3461; x_wconf 88' lang='lat' dir='ltr'><strong>necessitas</strong></span> <span class='ocrx_word' id='word_1_375' title='bbox 1698 3403 1815 3474; x_wconf 85' lang='lat' dir='ltr'><strong>ipsa</strong></span> <span class='ocrx_word' id='word_1_376' title='bbox 1848 3417 1948 3456; x_wconf 92' lang='lat' dir='ltr'><strong>nos</strong></span> 
     </span>
    </p>
   </div>
   <div class='ocr_carea' id='block_1_54' title="bbox 369 3493 1945 3572">
    <p class='ocr_par' dir='ltr' id='par_1_54' title="bbox 369 3493 1945 3572">
     <span class='ocr_line' id='line_1_54' title="bbox 369 3493 1945 3572; baseline -0.006 -16"><span class='ocrx_word' id='word_1_377' title='bbox 369 3500 539 3572; x_wconf 55' lang='lat' dir='ltr'><strong>cogit:</strong></span> <span class='ocrx_word' id='word_1_378' title='bbox 569 3507 630 3557; x_wconf 91' lang='lat' dir='ltr'><strong>ut</strong></span> <span class='ocrx_word' id='word_1_379' title='bbox 663 3499 718 3556; x_wconf 90' lang='lat' dir='ltr'><strong>in</strong></span> <span class='ocrx_word' id='word_1_380' title='bbox 753 3511 1032 3570; x_wconf 87' lang='lat' dir='ltr'><strong>posterum</strong></span> <span class='ocrx_word' id='word_1_381' title='bbox 1064 3507 1118 3555; x_wconf 89' lang='lat' dir='ltr'><strong>et</strong></span> <span class='ocrx_word' id='word_1_382' title='bbox 1150 3498 1256 3569; x_wconf 90' lang='lat' dir='ltr'><strong>ipsi</strong></span> <span class='ocrx_word' id='word_1_383' title='bbox 1294 3506 1485 3552; x_wconf 83' lang='lat' dir='ltr'><strong>nostra</strong></span> <span class='ocrx_word' id='word_1_384' title='bbox 1525 3511 1693 3552; x_wconf 88' lang='lat' dir='ltr'><strong>causa</strong></span> <span class='ocrx_word' id='word_1_385' title='bbox 1728 3493 1945 3550; x_wconf 87' lang='lat' dir='ltr'><strong>consilii</strong></span> 
     </span>
    </p>
   </div>
   <div class='ocr_carea' id='block_1_55' title="bbox 368 3586 1948 3664">
    <p class='ocr_par' dir='ltr' id='par_1_55' title="bbox 368 3586 1948 3664">
     <span class='ocr_line' id='line_1_55' title="bbox 368 3586 1948 3664; baseline -0.004 -17"><span class='ocrx_word' id='word_1_386' title='bbox 368 3593 652 3664; x_wconf 87' lang='lat' dir='ltr'><strong>quidpiam</strong></span> <span class='ocrx_word' id='word_1_387' title='bbox 730 3593 1057 3664; x_wconf 88' lang='lat' dir='ltr'><strong>capiamus,</strong></span> <span class='ocrx_word' id='word_1_388' title='bbox 1121 3591 1204 3647; x_wconf 86' lang='lat' dir='ltr'><strong>vel</strong></span> <span class='ocrx_word' id='word_1_389' title='bbox 1281 3591 1465 3662; x_wconf 90' lang='lat' dir='ltr'><strong>potius</strong></span> <span class='ocrx_word' id='word_1_390' title='bbox 1531 3589 1680 3644; x_wconf 90' lang='lat' dir='ltr'><strong>illius</strong></span> <span class='ocrx_word' id='word_1_391' title='bbox 1772 3586 1948 3658; x_wconf 92' lang='lat' dir='ltr'><strong>ipsius</strong></span> 
     </span>
    </p>
   </div>
   <div class='ocr_carea' id='block_1_56' title="bbox 375 3678 1947 3751">
    <p class='ocr_par' dir='ltr' id='par_1_56' title="bbox 375 3678 1947 3751">
     <span class='ocr_line' id='line_1_56' title="bbox 375 3678 1947 3751; baseline -0.004 -16"><span class='ocrx_word' id='word_1_392' title='bbox 375 3696 563 3738; x_wconf 77' lang='lat' dir='ltr'><strong>causa.</strong></span> <span class='ocrx_word' id='word_1_393' title='bbox 608 3680 744 3736; x_wconf 77' lang='lat' dir='ltr'><strong>Nam</strong></span> <span class='ocrx_word' id='word_1_394' title='bbox 792 3681 938 3751; x_wconf 91' lang='lat' dir='ltr'><strong>quod</strong></span> <span class='ocrx_word' id='word_1_395' title='bbox 980 3681 1100 3751; x_wconf 89' lang='lat' dir='ltr'><strong>ejus</strong></span> <span class='ocrx_word' id='word_1_396' title='bbox 1154 3680 1467 3736; x_wconf 90' lang='lat' dir='ltr'><strong>institutum</strong></span> <span class='ocrx_word' id='word_1_397' title='bbox 1534 3679 1586 3732; x_wconf 92' lang='lat' dir='ltr'><strong>in</strong></span> <span class='ocrx_word' id='word_1_398' title='bbox 1636 3678 1774 3742; x_wconf 88' lang='lat' dir='ltr'><strong>illis,</strong></span> <span class='ocrx_word' id='word_1_399' title='bbox 1824 3692 1947 3746; x_wconf 80' lang='lat' dir='ltr'><strong>qua:</strong></span> 
     </span>
    </p>
   </div>
   <div class='ocr_carea' id='block_1_57' title="bbox 372 3767 1947 3839">
    <p class='ocr_par' dir='ltr' id='par_1_57' title="bbox 372 3767 1947 3839">
     <span class='ocr_line' id='line_1_57' title="bbox 372 3767 1947 3839; baseline -0.003 -15"><span class='ocrx_word' id='word_1_400' title='bbox 372 3768 623 3824; x_wconf 82' lang='lat' dir='ltr'><strong>accidere</strong></span> <span class='ocrx_word' id='word_1_401' title='bbox 669 3768 862 3839; x_wconf 84' lang='lat' dir='ltr'><strong>prius,</strong></span> <span class='ocrx_word' id='word_1_402' title='bbox 917 3769 1238 3839; x_wconf 87' lang='lat' dir='ltr'><strong>impeditum</strong></span> <span class='ocrx_word' id='word_1_403' title='bbox 1288 3784 1396 3825; x_wconf 91' lang='lat' dir='ltr'><strong>non</strong></span> <span class='ocrx_word' id='word_1_404' title='bbox 1446 3768 1645 3832; x_wconf 82' lang='lat' dir='ltr'><strong>fuerit,</strong></span> <span class='ocrx_word' id='word_1_405' title='bbox 1705 3767 1756 3822; x_wconf 79' lang='lat' dir='ltr'><strong>id</strong></span> <span class='ocrx_word' id='word_1_406' title='bbox 1817 3781 1947 3821; x_wconf 89' lang='lat' dir='ltr'><strong>vero</strong></span> 
     </span>
    </p>
   </div>
   <div class='ocr_carea' id='block_1_58' title="bbox 372 3859 1943 3930">
    <p class='ocr_par' dir='ltr' id='par_1_58' title="bbox 372 3859 1943 3930">
     <span class='ocr_line' id='line_1_58' title="bbox 372 3859 1943 3930; baseline -0.003 -12"><span class='ocrx_word' id='word_1_407' title='bbox 372 3861 647 3918; x_wconf 88' lang='lat' dir='ltr'><strong>hominem</strong></span> <span class='ocrx_word' id='word_1_408' title='bbox 699 3871 808 3916; x_wconf 90' lang='lat' dir='ltr'><strong>tam</strong></span> <span class='ocrx_word' id='word_1_409' title='bbox 868 3862 1222 3916; x_wconf 88' lang='lat' dir='ltr'><strong>immodicum</strong></span> <span class='ocrx_word' id='word_1_410' title='bbox 1294 3862 1361 3916; x_wconf 88' lang='lat' dir='ltr'><strong>ad</strong></span> <span class='ocrx_word' id='word_1_411' title='bbox 1411 3862 1615 3916; x_wconf 74' lang='lat' dir='ltr'><strong>fastum</strong></span> <span class='ocrx_word' id='word_1_412' title='bbox 1677 3859 1943 3930; x_wconf 82' lang='lat' dir='ltr'><strong>provexit.</strong></span> 
     </span>
    </p>
   </div>
   <div class='ocr_carea' id='block_1_59' title="bbox 369 3954 1943 4027">
    <p class='ocr_par' dir='ltr' id='par_1_59' title="bbox 369 3954 1943 4027">
     <span class='ocr_line' id='line_1_59' title="bbox 369 3954 1943 4027; baseline -0.001 -18"><span class='ocrx_word' id='word_1_413' title='bbox 369 3954 735 4022; x_wconf 78' lang='lat' dir='ltr'><strong>Quamobrem</strong></span> <span class='ocrx_word' id='word_1_414' title='bbox 795 3963 852 4009; x_wconf 94' lang='lat' dir='ltr'><strong>ut</strong></span> <span class='ocrx_word' id='word_1_415' title='bbox 918 3955 1101 4027; x_wconf 84' lang='lat' dir='ltr'><strong>seipse</strong></span> <span class='ocrx_word' id='word_1_416' title='bbox 1164 3954 1422 4009; x_wconf 87' lang='lat' dir='ltr'><strong>reddatur</strong></span> <span class='ocrx_word' id='word_1_417' title='bbox 1494 3954 1728 4019; x_wconf 78' lang='lat' dir='ltr'><strong>melior,</strong></span> <span class='ocrx_word' id='word_1_418' title='bbox 1807 3968 1943 4009; x_wconf 91' lang='lat' dir='ltr'><strong>cou-</strong></span> 
     </span>
    </p>
   </div>
   <div class='ocr_carea' id='block_1_60' title="bbox 365 4046 1946 4127">
    <p class='ocr_par' dir='ltr' id='par_1_60' title="bbox 365 4046 1946 4127">
     <span class='ocr_line' id='line_1_60' title="bbox 365 4046 1946 4127; baseline -0.001 -24"><span class='ocrx_word' id='word_1_419' title='bbox 365 4047 517 4104; x_wconf 80' lang='lat' dir='ltr'><strong>venit</strong></span> <span class='ocrx_word' id='word_1_420' title='bbox 559 4047 744 4127; x_wconf 72' lang='lat' dir='ltr'><strong>l&#39;orsan</strong></span> <span class='ocrx_word' id='word_1_421' title='bbox 775 4062 804 4101; x_wconf 93' lang='lat' dir='ltr'><strong>a</strong></span> <span class='ocrx_word' id='word_1_422' title='bbox 857 4046 1015 4102; x_wconf 89' lang='lat' dir='ltr'><strong>nobis</strong></span> <span class='ocrx_word' id='word_1_423' title='bbox 1052 4062 1270 4117; x_wconf 78' lang='lat' dir='ltr'><strong>Quoque</strong></span> <span class='ocrx_word' id='word_1_424' title='bbox 1316 4048 1562 4104; x_wconf 88' lang='lat' dir='ltr'><strong>nonnihil</strong></span> <span class='ocrx_word' id='word_1_425' title='bbox 1605 4046 1849 4117; x_wconf 88' lang='lat' dir='ltr'><strong>suscipi,</strong></span> <span class='ocrx_word' id='word_1_426' title='bbox 1885 4054 1946 4101; x_wconf 89' lang='lat' dir='ltr'><strong>ut</strong></span> 
     </span>
    </p>
   </div>
   <div class='ocr_carea' id='block_1_61' title="bbox 368 4137 1945 4209">
    <p class='ocr_par' dir='ltr' id='par_1_61' title="bbox 368 4137 1945 4209">
     <span class='ocr_line' id='line_1_61' title="bbox 368 4137 1945 4209; baseline 0 -15"><span class='ocrx_word' id='word_1_427' title='bbox 368 4154 429 4194; x_wconf 90' lang='lat' dir='ltr'><strong>se</strong></span> <span class='ocrx_word' id='word_1_428' title='bbox 476 4139 750 4194; x_wconf 85' lang='lat' dir='ltr'><strong>hominem</strong></span> <span class='ocrx_word' id='word_1_429' title='bbox 786 4153 909 4194; x_wconf 85' lang='lat' dir='ltr'><strong>esse</strong></span> <span class='ocrx_word' id='word_1_430' title='bbox 939 4137 1159 4203; x_wconf 84' lang='lat' dir='ltr'><strong>discat,</strong></span> <span class='ocrx_word' id='word_1_431' title='bbox 1226 4140 1320 4209; x_wconf 89' lang='lat' dir='ltr'><strong>qui</strong></span> <span class='ocrx_word' id='word_1_432' title='bbox 1398 4140 1604 4195; x_wconf 89' lang='lat' dir='ltr'><strong>nullam</strong></span> <span class='ocrx_word' id='word_1_433' title='bbox 1678 4140 1945 4195; x_wconf 86' lang='lat' dir='ltr'><strong>adversus</strong></span> 
     </span>
    </p>
   </div>
   <div class='ocr_carea' id='block_1_62' title="bbox 366 4230 1944 4307">
    <p class='ocr_par' dir='ltr' id='par_1_62' title="bbox 366 4230 1944 4307">
     <span class='ocr_line' id='line_1_62' title="bbox 366 4230 1944 4307; baseline 0.001 -22"><span class='ocrx_word' id='word_1_434' title='bbox 366 4230 540 4285; x_wconf 82' lang='lat' dir='ltr'><strong>eidem</strong></span> <span class='ocrx_word' id='word_1_435' title='bbox 597 4230 842 4286; x_wconf 87' lang='lat' dir='ltr'><strong>addictos</strong></span> <span class='ocrx_word' id='word_1_436' title='bbox 876 4232 1190 4296; x_wconf 72' lang='lat' dir='ltr'><strong>sententiae,</strong></span> <span class='ocrx_word' id='word_1_437' title='bbox 1223 4230 1596 4303; x_wconf 79' lang='lat' dir='ltr'><strong>dignitateque</strong></span> <span class='ocrx_word' id='word_1_438' title='bbox 1629 4247 1822 4307; x_wconf 83' lang='lat' dir='ltr'><strong>pares,</strong></span> <span class='ocrx_word' id='word_1_439' title='bbox 1858 4232 1944 4287; x_wconf 85' lang='lat' dir='ltr'><strong>vel</strong></span> 
     </span>
    </p>
   </div>
   <div class='ocr_carea' id='block_1_63' title="bbox 366 4322 1942 4394">
    <p class='ocr_par' dir='ltr' id='par_1_63' title="bbox 366 4322 1942 4394">
     <span class='ocr_line' id='line_1_63' title="bbox 366 4322 1942 4394; baseline 0.002 -19"><span class='ocrx_word' id='word_1_440' title='bbox 366 4322 582 4392; x_wconf 68' lang='lat' dir='ltr'><strong>injuriae</strong></span> <span class='ocrx_word' id='word_1_441' title='bbox 635 4323 719 4377; x_wconf 90' lang='lat' dir='ltr'><strong>vel</strong></span> <span class='ocrx_word' id='word_1_442' title='bbox 763 4322 1076 4394; x_wconf 69' lang='lat' dir='ltr'><strong>ignominiae</strong></span> <span class='ocrx_word' id='word_1_443' title='bbox 1140 4331 1469 4393; x_wconf 88' lang='lat' dir='ltr'><strong>potestatem</strong></span> <span class='ocrx_word' id='word_1_444' title='bbox 1531 4322 1749 4378; x_wconf 86' lang='lat' dir='ltr'><strong>habeat.</strong></span> <span class='ocrx_word' id='word_1_445' title='bbox 1801 4322 1942 4378; x_wconf 87' lang='lat' dir='ltr'><strong>Ecce</strong></span> 
     </span>
    </p>
   </div>
   <div class='ocr_carea' id='block_1_64' title="bbox 2065 1841 3651 1921">
    <p class='ocr_par' dir='ltr' id='par_1_64' title="bbox 2065 1841 3651 1921">
     <span class='ocr_line' id='line_1_64' title="bbox 2065 1841 3651 1921; baseline 0.008 -27"><span class='ocrx_word' id='word_1_446' title='bbox 2065 1841 2254 1913; x_wconf 80' lang='grc' dir='ltr'>λακήν.</span> <span class='ocrx_word' id='word_1_447' title='bbox 2299 1842 2445 1914; x_wconf 78' lang='grc' dir='ltr'><strong>Πλὴν</strong></span> <span class='ocrx_word' id='word_1_448' title='bbox 2472 1844 2607 1899; x_wconf 82' lang='grc' dir='ltr'><strong>ἀλλά</strong></span> <span class='ocrx_word' id='word_1_449' title='bbox 2640 1847 2782 1901; x_wconf 85' lang='grc' dir='ltr'><strong>κατά</strong></span> <span class='ocrx_word' id='word_1_450' title='bbox 2823 1847 2958 1901; x_wconf 78' lang='grc' dir='ltr'>Θεοῦ</span> <span class='ocrx_word' id='word_1_451' title='bbox 2989 1849 3169 1921; x_wconf 83' lang='grc' dir='ltr'><strong>χάριν,</strong></span> <span class='ocrx_word' id='word_1_452' title='bbox 3202 1850 3277 1913; x_wconf 77' lang='grc' dir='ltr'>ὡς</span> <span class='ocrx_word' id='word_1_453' title='bbox 3304 1853 3355 1904; x_wconf 81' lang='grc' dir='ltr'><strong>οἱ</strong></span> <span class='ocrx_word' id='word_1_454' title='bbox 3387 1852 3496 1904; x_wconf 73' lang='grc' dir='ltr'><strong>ἀπὸ</strong></span> <span class='ocrx_word' id='word_1_455' title='bbox 3522 1854 3651 1907; x_wconf 84' lang='grc' dir='ltr'>κλύ-</span> 
     </span>
    </p>
   </div>
   <div class='ocr_carea' id='block_1_65' title="bbox 2063 1933 3650 2011">
    <p class='ocr_par' dir='ltr' id='par_1_65' title="bbox 2063 1933 3650 2011">
     <span class='ocr_line' id='line_1_65' title="bbox 2063 1933 3650 2011; baseline 0.006 -25"><span class='ocrx_word' id='word_1_456' title='bbox 2063 1933 2227 1995; x_wconf 87' lang='grc' dir='ltr'>δωνος</span> <span class='ocrx_word' id='word_1_457' title='bbox 2271 1933 2304 2004; x_wconf 87' lang='grc' dir='ltr'>ἢ</span> <span class='ocrx_word' id='word_1_458' title='bbox 2354 1935 2611 2003; x_wconf 82' lang='grc' dir='ltr'>ναυαγίου</span> <span class='ocrx_word' id='word_1_459' title='bbox 2660 1937 3077 2007; x_wconf 80' lang='grc' dir='ltr'>περισωθέντες,</span> <span class='ocrx_word' id='word_1_460' title='bbox 3124 1939 3351 2008; x_wconf 86' lang='grc' dir='ltr'>ἄσμενοι</span> <span class='ocrx_word' id='word_1_461' title='bbox 3391 1941 3487 2011; x_wconf 77' lang='grc' dir='ltr'>τὴν</span> <span class='ocrx_word' id='word_1_462' title='bbox 3525 1959 3650 1996; x_wconf 80' lang='grc' dir='ltr'>συνο</span> 
     </span>
    </p>
   </div>
   <div class='ocr_carea' id='block_1_66' title="bbox 2062 2023 3643 2104">
    <p class='ocr_par' dir='ltr' id='par_1_66' title="bbox 2062 2023 3643 2104">
     <span class='ocr_line' id='line_1_66' title="bbox 2062 2023 3643 2104; baseline 0.006 -27"><span class='ocrx_word' id='word_1_463' title='bbox 2062 2024 2209 2077; x_wconf 88' lang='grc' dir='ltr'>οδίαν</span> <span class='ocrx_word' id='word_1_464' title='bbox 2260 2023 2420 2095; x_wconf 78' lang='grc' dir='ltr'>ἡμῶν</span> <span class='ocrx_word' id='word_1_465' title='bbox 2469 2025 2872 2098; x_wconf 83' lang='grc' dir='ltr'>κατελάϐομεν·</span> <span class='ocrx_word' id='word_1_466' title='bbox 2913 2028 3005 2081; x_wconf 69' lang='grc' dir='ltr'>καὶ</span> <span class='ocrx_word' id='word_1_467' title='bbox 3057 2030 3504 2101; x_wconf 74' lang='grc' dir='ltr'>ἀναπαυσάμενοι</span> <span class='ocrx_word' id='word_1_468' title='bbox 3546 2035 3643 2104; x_wconf 71' lang='grc' dir='ltr'><strong>τὴν</strong></span> 
     </span>
    </p>
   </div>
   <div class='ocr_carea' id='block_1_67' title="bbox 2060 2115 3641 2195">
    <p class='ocr_par' dir='ltr' id='par_1_67' title="bbox 2060 2115 3641 2195">
     <span class='ocr_line' id='line_1_67' title="bbox 2060 2115 3641 2195; baseline 0.006 -27"><span class='ocrx_word' id='word_1_469' title='bbox 2060 2115 2233 2170; x_wconf 74' lang='grc' dir='ltr'>νύκτα</span> <span class='ocrx_word' id='word_1_470' title='bbox 2283 2116 2419 2187; x_wconf 78' lang='grc' dir='ltr'>μετὰ</span> <span class='ocrx_word' id='word_1_471' title='bbox 2470 2117 2736 2189; x_wconf 85' lang='grc' dir='ltr'>ἀλλήλων,</span> <span class='ocrx_word' id='word_1_472' title='bbox 2774 2118 2973 2183; x_wconf 76' lang='grc' dir='ltr'>ζῶντες</span> <span class='ocrx_word' id='word_1_473' title='bbox 3018 2121 3177 2192; x_wconf 86' lang='grc' dir='ltr'>μέχρι</span> <span class='ocrx_word' id='word_1_474' title='bbox 3221 2122 3331 2174; x_wconf 79' lang='grc' dir='ltr'><strong>τῶν</strong></span> <span class='ocrx_word' id='word_1_475' title='bbox 3362 2125 3641 2195; x_wconf 77' lang='grc' dir='ltr'>ἡμετέρων</span> 
     </span>
    </p>
   </div>
   <div class='ocr_carea' id='block_1_68' title="bbox 2060 2207 3642 2288">
    <p class='ocr_par' dir='ltr' id='par_1_68' title="bbox 2060 2207 3642 2288">
     <span class='ocr_line' id='line_1_68' title="bbox 2060 2207 3642 2288; baseline 0.006 -27"><span class='ocrx_word' id='word_1_476' title='bbox 2060 2207 2397 2280; x_wconf 86' lang='grc' dir='ltr'>διεσώθημεν</span> <span class='ocrx_word' id='word_1_477' title='bbox 2458 2211 2640 2264; x_wconf 87' lang='grc' dir='ltr'>τόπων</span> <span class='ocrx_word' id='word_1_478' title='bbox 2669 2227 2682 2240; x_wconf 66' lang='grc'><strong>⁸</strong></span> <span class='ocrx_word' id='word_1_479' title='bbox 2743 2211 2900 2266; x_wconf 80' lang='grc' dir='ltr'>τοῦτο</span> <span class='ocrx_word' id='word_1_480' title='bbox 2968 2214 3366 2285; x_wconf 84' lang='grc' dir='ltr'>προσλαϐόντες</span> <span class='ocrx_word' id='word_1_481' title='bbox 3422 2219 3487 2270; x_wconf 85' lang='grc' dir='ltr'><strong>ἐκ</strong></span> <span class='ocrx_word' id='word_1_482' title='bbox 3546 2217 3642 2288; x_wconf 80' lang='grc' dir='ltr'>τῆς</span> 
     </span>
    </p>
   </div>
   <div class='ocr_carea' id='block_1_69' title="bbox 2067 2301 3641 2380">
    <p class='ocr_par' dir='ltr' id='par_1_69' title="bbox 2067 2301 3641 2380">
     <span class='ocr_line' id='line_1_69' title="bbox 2067 2301 3641 2380; baseline 0.006 -27"><span class='ocrx_word' id='word_1_483' title='bbox 2067 2301 2397 2372; x_wconf 57' lang='grc' dir='ltr'>συντυχίαςξ</span> <span class='ocrx_word' id='word_1_484' title='bbox 2416 2303 2497 2355; x_wconf 85' lang='grc' dir='ltr'><strong>ὃτι</strong></span> <span class='ocrx_word' id='word_1_485' title='bbox 2544 2303 2759 2357; x_wconf 86' lang='grc' dir='ltr'>πάντων</span> <span class='ocrx_word' id='word_1_486' title='bbox 2796 2304 2902 2357; x_wconf 84' lang='grc' dir='ltr'>τῶν</span> <span class='ocrx_word' id='word_1_487' title='bbox 2942 2307 3204 2376; x_wconf 84' lang='grc' dir='ltr'>πρότερον</span> <span class='ocrx_word' id='word_1_488' title='bbox 3254 2309 3576 2377; x_wconf 84' lang='grc' dir='ltr'>γεγονότων,</span> <span class='ocrx_word' id='word_1_489' title='bbox 3608 2312 3641 2380; x_wconf 76' lang='grc' dir='ltr'><strong>η</strong></span> 
     </span>
    </p>
   </div>
   <div class='ocr_carea' id='block_1_70' title="bbox 2064 2391 3644 2470">
    <p class='ocr_par' dir='ltr' id='par_1_70' title="bbox 2064 2391 3644 2470">
     <span class='ocr_line' id='line_1_70' title="bbox 2064 2391 3644 2470; baseline 0.007 -27"><span class='ocrx_word' id='word_1_490' title='bbox 2064 2391 2293 2461; x_wconf 75' lang='grc' dir='ltr'>ἔναγχος</span> <span class='ocrx_word' id='word_1_491' title='bbox 2321 2392 2588 2464; x_wconf 85' lang='grc' dir='ltr'>γενομένη</span> <span class='ocrx_word' id='word_1_492' title='bbox 2622 2394 2741 2447; x_wconf 88' lang='grc' dir='ltr'>καθ’</span> <span class='ocrx_word' id='word_1_493' title='bbox 2776 2396 2933 2467; x_wconf 76' lang='grc' dir='ltr'>ἡμῶν</span> <span class='ocrx_word' id='word_1_494' title='bbox 2961 2396 3118 2468; x_wconf 79' lang='grc' dir='ltr'>ὕϐρις</span> <span class='ocrx_word' id='word_1_495' title='bbox 3149 2398 3246 2469; x_wconf 81' lang='grc' dir='ltr'>τὴν</span> <span class='ocrx_word' id='word_1_496' title='bbox 3299 2402 3520 2470; x_wconf 77' lang='grc' dir='ltr'>μνήμην</span> <span class='ocrx_word' id='word_1_497' title='bbox 3554 2402 3644 2454; x_wconf 80' lang='grc' dir='ltr'>ἀν-</span> 
     </span>
    </p>
   </div>
   <div class='ocr_carea' id='block_1_71' title="bbox 2059 2482 3646 2564">
    <p class='ocr_par' dir='ltr' id='par_1_71' title="bbox 2059 2482 3646 2564">
     <span class='ocr_line' id='line_1_71' title="bbox 2059 2482 3646 2564; baseline 0.009 -32"><span class='ocrx_word' id='word_1_498' title='bbox 2059 2482 2344 2537; x_wconf 84' lang='grc' dir='ltr'>ενεώσατο.</span> <span class='ocrx_word' id='word_1_499' title='bbox 2382 2485 2492 2538; x_wconf 86' lang='grc' dir='ltr'>Καί</span> <span class='ocrx_word' id='word_1_500' title='bbox 2533 2504 2614 2541; x_wconf 85' lang='grc' dir='ltr'>τοι</span> <span class='ocrx_word' id='word_1_501' title='bbox 2655 2487 3078 2559; x_wconf 64' lang='grc' dir='ltr'>ἀναγκαζόμεθα</span> <span class='ocrx_word' id='word_1_502' title='bbox 3127 2489 3311 2544; x_wconf 83' lang='grc' dir='ltr'>λοιπὸν</span> <span class='ocrx_word' id='word_1_503' title='bbox 3359 2493 3451 2545; x_wconf 80' lang='grc' dir='ltr'>καὶ</span> <span class='ocrx_word' id='word_1_504' title='bbox 3496 2494 3646 2564; x_wconf 82' lang='grc' dir='ltr'>ὑπὲρ</span> 
     </span>
    </p>
   </div>
   <div class='ocr_carea' id='block_1_72' title="bbox 2055 2570 3643 2650">
    <p class='ocr_par' dir='ltr' id='par_1_72' title="bbox 2055 2570 3643 2650">
     <span class='ocr_line' id='line_1_72' title="bbox 2055 2570 3643 2650; baseline 0.008 -28"><span class='ocrx_word' id='word_1_505' title='bbox 2055 2570 2212 2641; x_wconf 80' lang='grc' dir='ltr'>ἡμῶν</span> <span class='ocrx_word' id='word_1_506' title='bbox 2256 2573 2676 2643; x_wconf 76' lang='grc' dir='ltr'>βουλεῦσασθαι“</span> <span class='ocrx_word' id='word_1_507' title='bbox 2717 2576 2916 2647; x_wconf 83' lang='grc' dir='ltr'>μᾶλλον</span> <span class='ocrx_word' id='word_1_508' title='bbox 2941 2576 2997 2631; x_wconf 83' lang='grc' dir='ltr'>δὲ</span> <span class='ocrx_word' id='word_1_509' title='bbox 3044 2578 3186 2650; x_wconf 78' lang='grc' dir='ltr'>ὑπὲρ</span> <span class='ocrx_word' id='word_1_510' title='bbox 3217 2579 3370 2632; x_wconf 76' lang='grc' dir='ltr'>αὐτοῦ</span> <span class='ocrx_word' id='word_1_511' title='bbox 3397 2581 3643 2635; x_wconf 80' lang='grc' dir='ltr'>ἐκείνου.</span> 
     </span>
    </p>
   </div>
   <div class='ocr_carea' id='block_1_73' title="bbox 2057 2661 3645 2743">
    <p class='ocr_par' dir='ltr' id='par_1_73' title="bbox 2057 2661 3645 2743">
     <span class='ocr_line' id='line_1_73' title="bbox 2057 2661 3645 2743; baseline 0.008 -30"><span class='ocrx_word' id='word_1_512' title='bbox 2057 2661 2129 2714; x_wconf 85' lang='grc' dir='ltr'>Τὸ</span> <span class='ocrx_word' id='word_1_513' title='bbox 2156 2662 2265 2733; x_wconf 78' lang='grc' dir='ltr'>γὰρ</span> <span class='ocrx_word' id='word_1_514' title='bbox 2297 2663 2372 2737; x_wconf 83' lang='grc' dir='ltr'>μὴ</span> <span class='ocrx_word' id='word_1_515' title='bbox 2397 2664 2737 2735; x_wconf 86' lang='grc' dir='ltr'>ἀνακοπῆναι</span> <span class='ocrx_word' id='word_1_516' title='bbox 2774 2667 2870 2738; x_wconf 77' lang='grc' dir='ltr'>τὴν</span> <span class='ocrx_word' id='word_1_517' title='bbox 2898 2668 3063 2722; x_wconf 75' lang='grc' dir='ltr'>αὐτοῦ</span> <span class='ocrx_word' id='word_1_518' title='bbox 3087 2670 3393 2743; x_wconf 83' lang='grc' dir='ltr'>προαίρεσιν</span> <span class='ocrx_word' id='word_1_519' title='bbox 3425 2670 3483 2723; x_wconf 81' lang='grc' dir='ltr'><strong>ἐν</strong></span> <span class='ocrx_word' id='word_1_520' title='bbox 3514 2675 3645 2738; x_wconf 83' lang='grc' dir='ltr'>τοῖς</span> 
     </span>
    </p>
   </div>
   <div class='ocr_carea' id='block_1_74' title="bbox 2056 2755 3643 2835">
    <p class='ocr_par' dir='ltr' id='par_1_74' title="bbox 2056 2755 3643 2835">
     <span class='ocr_line' id='line_1_74' title="bbox 2056 2755 3643 2835; baseline 0.008 -30"><span class='ocrx_word' id='word_1_521' title='bbox 2056 2755 2320 2826; x_wconf 89' lang='grc' dir='ltr'>πρότερον</span> <span class='ocrx_word' id='word_1_522' title='bbox 2359 2758 2761 2828; x_wconf 81' lang='grc' dir='ltr'>γεγενημένοις,</span> <span class='ocrx_word' id='word_1_523' title='bbox 2807 2762 2886 2824; x_wconf 86' lang='grc' dir='ltr'><strong>είς</strong></span> <span class='ocrx_word' id='word_1_524' title='bbox 2914 2760 3118 2831; x_wconf 83' lang='grc' dir='ltr'>ταύτην</span> <span class='ocrx_word' id='word_1_525' title='bbox 3143 2762 3305 2815; x_wconf 80' lang='grc' dir='ltr'>αὐτὸν</span> <span class='ocrx_word' id='word_1_526' title='bbox 3341 2764 3511 2835; x_wconf 74' lang='grc' dir='ltr'>ἤγαγε</span> <span class='ocrx_word' id='word_1_527' title='bbox 3536 2764 3643 2817; x_wconf 73' lang='grc' dir='ltr'>τοῦ</span> 
     </span>
    </p>
   </div>
   <div class='ocr_carea' id='block_1_75' title="bbox 2054 2845 3643 2921">
    <p class='ocr_par' dir='ltr' id='par_1_75' title="bbox 2054 2845 3643 2921">
     <span class='ocr_line' id='line_1_75' title="bbox 2054 2845 3643 2921; baseline 0.008 -24"><span class='ocrx_word' id='word_1_528' title='bbox 2054 2845 2225 2915; x_wconf 76' lang='grc' dir='ltr'>τύφου</span> <span class='ocrx_word' id='word_1_529' title='bbox 2258 2847 2359 2919; x_wconf 84' lang='grc' dir='ltr'><strong>τὴν</strong></span> <span class='ocrx_word' id='word_1_530' title='bbox 2393 2850 2677 2921; x_wconf 85' lang='grc' dir='ltr'>ἀμετρίαν.</span> <span class='ocrx_word' id='word_1_531' title='bbox 2720 2852 2927 2905; x_wconf 77' lang='grc' dir='ltr'>Οὐκοῦν</span> <span class='ocrx_word' id='word_1_532' title='bbox 2956 2853 3033 2918; x_wconf 81' lang='grc' dir='ltr'>ὡς</span> <span class='ocrx_word' id='word_1_533' title='bbox 3074 2854 3140 2908; x_wconf 84' lang='grc' dir='ltr'>ἂν</span> <span class='ocrx_word' id='word_1_534' title='bbox 3169 2857 3416 2919; x_wconf 81' lang='grc' dir='ltr'>κάκεῖνος</span> <span class='ocrx_word' id='word_1_535' title='bbox 3439 2856 3643 2911; x_wconf 79' lang='grc' dir='ltr'>ἐαυτοῦ</span> 
     </span>
    </p>
   </div>
   <div class='ocr_carea' id='block_1_76' title="bbox 2056 2936 3640 3018">
    <p class='ocr_par' dir='ltr' id='par_1_76' title="bbox 2056 2936 3640 3018">
     <span class='ocr_line' id='line_1_76' title="bbox 2056 2936 3640 3018; baseline 0.007 -30"><span class='ocrx_word' id='word_1_536' title='bbox 2056 2936 2262 3004; x_wconf 85' lang='grc' dir='ltr'>γένοιτο</span> <span class='ocrx_word' id='word_1_537' title='bbox 2300 2937 2579 3008; x_wconf 83' lang='grc' dir='ltr'>κρείττων,</span> <span class='ocrx_word' id='word_1_538' title='bbox 2612 2941 2749 3011; x_wconf 85' lang='grc' dir='ltr'>τάχα</span> <span class='ocrx_word' id='word_1_539' title='bbox 2788 2960 2839 2996; x_wconf 91' lang='grc' dir='ltr'><strong>τι</strong></span> <span class='ocrx_word' id='word_1_540' title='bbox 2881 2946 3147 3016; x_wconf 82' lang='grc' dir='ltr'>προσήκει</span> <span class='ocrx_word' id='word_1_541' title='bbox 3182 2947 3274 2999; x_wconf 80' lang='grc' dir='ltr'>καὶ</span> <span class='ocrx_word' id='word_1_542' title='bbox 3324 2946 3451 3017; x_wconf 71' lang='grc' dir='ltr'>παρ’</span> <span class='ocrx_word' id='word_1_543' title='bbox 3477 2948 3640 3018; x_wconf 74' lang='grc' dir='ltr'>ἡμῶν</span> 
     </span>
    </p>
   </div>
   <div class='ocr_carea' id='block_1_77' title="bbox 2055 3029 3639 3109">
    <p class='ocr_par' dir='ltr' id='par_1_77' title="bbox 2055 3029 3639 3109">
     <span class='ocr_line' id='line_1_77' title="bbox 2055 3029 3639 3109; baseline 0.008 -28"><span class='ocrx_word' id='word_1_544' title='bbox 2055 3029 2327 3097; x_wconf 85' lang='grc' dir='ltr'>γενέσθαι,</span> <span class='ocrx_word' id='word_1_545' title='bbox 2372 3030 2448 3094; x_wconf 84' lang='grc' dir='ltr'>ὡς</span> <span class='ocrx_word' id='word_1_546' title='bbox 2478 3031 2542 3085; x_wconf 84' lang='grc' dir='ltr'>ἂν</span> <span class='ocrx_word' id='word_1_547' title='bbox 2575 3031 2721 3104; x_wconf 80' lang='grc' dir='ltr'>μάθῃ</span> <span class='ocrx_word' id='word_1_548' title='bbox 2766 3034 3054 3106; x_wconf 84' lang='grc' dir='ltr'>ἄνθρωπος</span> <span class='ocrx_word' id='word_1_549' title='bbox 3099 3037 3195 3102; x_wconf 83' lang='grc' dir='ltr'><strong>ὣν,</strong></span> <span class='ocrx_word' id='word_1_550' title='bbox 3236 3039 3330 3092; x_wconf 73' lang='grc' dir='ltr'>καὶ</span> <span class='ocrx_word' id='word_1_551' title='bbox 3379 3040 3639 3109; x_wconf 72' lang='grc' dir='ltr'>οὐδεμίαν</span> 
     </span>
    </p>
   </div>
   <div class='ocr_carea' id='block_1_78' title="bbox 2055 3122 3638 3203">
    <p class='ocr_par' dir='ltr' id='par_1_78' title="bbox 2055 3122 3638 3203">
     <span class='ocr_line' id='line_1_78' title="bbox 2055 3122 3638 3203; baseline 0.008 -30"><span class='ocrx_word' id='word_1_552' title='bbox 2055 3123 2197 3176; x_wconf 81' lang='grc' dir='ltr'>κατὰ</span> <span class='ocrx_word' id='word_1_553' title='bbox 2241 3122 2348 3175; x_wconf 82' lang='grc' dir='ltr'><strong>τῶν</strong></span> <span class='ocrx_word' id='word_1_554' title='bbox 2390 3125 2704 3194; x_wconf 80' lang='grc' dir='ltr'>όμοφρόνων</span> <span class='ocrx_word' id='word_1_555' title='bbox 2742 3145 2801 3181; x_wconf 85' lang='grc' dir='ltr'><strong>τε</strong></span> <span class='ocrx_word' id='word_1_556' title='bbox 2846 3129 2940 3181; x_wconf 76' lang='grc' dir='ltr'><strong>καὶ</strong></span> <span class='ocrx_word' id='word_1_557' title='bbox 2995 3130 3273 3201; x_wconf 81' lang='grc' dir='ltr'>ὁμοτίμων</span> <span class='ocrx_word' id='word_1_558' title='bbox 3318 3131 3526 3203; x_wconf 73' lang='grc' dir='ltr'>ὕϐρεώς</span> <span class='ocrx_word' id='word_1_559' title='bbox 3576 3151 3638 3187; x_wconf 73' lang='grc' dir='ltr'><strong>τε</strong></span> 
     </span>
    </p>
   </div>
   <div class='ocr_carea' id='block_1_79' title="bbox 2053 3214 3635 3295">
    <p class='ocr_par' dir='ltr' id='par_1_79' title="bbox 2053 3214 3635 3295">
     <span class='ocr_line' id='line_1_79' title="bbox 2053 3214 3635 3295; baseline 0.007 -28"><span class='ocrx_word' id='word_1_560' title='bbox 2053 3216 2147 3267; x_wconf 75' lang='grc' dir='ltr'><strong>καὶ</strong></span> <span class='ocrx_word' id='word_1_561' title='bbox 2176 3214 2398 3284; x_wconf 86' lang='grc' dir='ltr'>ἀτιμίας</span> <span class='ocrx_word' id='word_1_562' title='bbox 2439 3216 2539 3287; x_wconf 78' lang='grc' dir='ltr'>τὴν</span> <span class='ocrx_word' id='word_1_563' title='bbox 2586 3218 2868 3273; x_wconf 76' lang='grc' dir='ltr'>αὑθεντίαν</span> <span class='ocrx_word' id='word_1_564' title='bbox 2914 3220 3072 3291; x_wconf 80' lang='grc' dir='ltr'>ἔχων.</span> <span class='ocrx_word' id='word_1_565' title='bbox 3123 3223 3254 3276; x_wconf 76' lang='grc' dir='ltr'>Ἰδοὺ</span> <span class='ocrx_word' id='word_1_566' title='bbox 3289 3224 3395 3295; x_wconf 73' lang='grc' dir='ltr'>γὰρ</span> <span class='ocrx_word' id='word_1_567' title='bbox 3439 3224 3635 3295; x_wconf 75' lang='grc' dir='ltr'>ἀληθὲς</span> 
     </span>
    </p>
   </div>
   <div class='ocr_carea' id='block_1_80' title="bbox 2050 3301 3633 3386">
    <p class='ocr_par' dir='ltr' id='par_1_80' title="bbox 2050 3301 3633 3386">
     <span class='ocr_line' id='line_1_80' title="bbox 2050 3301 3633 3386; baseline 0.007 -28"><span class='ocrx_word' id='word_1_568' title='bbox 2050 3301 2188 3359; x_wconf 81' lang='grc' dir='ltr'>εἶναι</span> <span class='ocrx_word' id='word_1_569' title='bbox 2216 3306 2467 3373; x_wconf 81' lang='grc' dir='ltr'>δεδόσθω,</span> <span class='ocrx_word' id='word_1_570' title='bbox 2491 3308 2655 3378; x_wconf 86' lang='grc' dir='ltr'>(λέγω</span> <span class='ocrx_word' id='word_1_571' title='bbox 2687 3310 2809 3365; x_wconf 81' lang='grc' dir='ltr'>καθ’</span> <span class='ocrx_word' id='word_1_572' title='bbox 2837 3312 3114 3380; x_wconf 82' lang='grc' dir='ltr'>ὑπόθεσιν)</span> <span class='ocrx_word' id='word_1_573' title='bbox 3142 3316 3470 3385; x_wconf 76' lang='grc' dir='ltr'>γεγενῆσθαι</span> <span class='ocrx_word' id='word_1_574' title='bbox 3500 3316 3633 3386; x_wconf 83' lang='grc' dir='ltr'>παρ’</span> 
     </span>
    </p>
   </div>
   <div class='ocr_carea' id='block_1_81' title="bbox 2051 3396 3628 3475">
    <p class='ocr_par' dir='ltr' id='par_1_81' title="bbox 2051 3396 3628 3475">
     <span class='ocr_line' id='line_1_81' title="bbox 2051 3396 3628 3475; baseline 0.007 -26"><span class='ocrx_word' id='word_1_575' title='bbox 2051 3396 2185 3469; x_wconf 57' lang='grc' dir='ltr'>ἐμοῦ</span> <span class='ocrx_word' id='word_1_576' title='bbox 2226 3415 2279 3451; x_wconf 90' lang='grc' dir='ltr'>τι</span> <span class='ocrx_word' id='word_1_577' title='bbox 2322 3396 2562 3470; x_wconf 83' lang='grc' dir='ltr'>λυπηρὸν</span> <span class='ocrx_word' id='word_1_578' title='bbox 2603 3400 2723 3455; x_wconf 81' lang='grc' dir='ltr'>κατ’</span> <span class='ocrx_word' id='word_1_579' title='bbox 2754 3402 2961 3455; x_wconf 82' lang='grc' dir='ltr'>ἐκείνου</span> <span class='ocrx_word' id='word_1_580' title='bbox 2986 3420 3000 3434; x_wconf 79' lang='grc'><strong><em>⁸</em></strong></span> <span class='ocrx_word' id='word_1_581' title='bbox 3037 3407 3187 3458; x_wconf 76' lang='grc' dir='ltr'>ποῖον</span> <span class='ocrx_word' id='word_1_582' title='bbox 3235 3407 3463 3475; x_wconf 84' lang='grc' dir='ltr'>συνέστη</span> <span class='ocrx_word' id='word_1_583' title='bbox 3501 3406 3628 3460; x_wconf 77' lang='grc' dir='ltr'>καθ’</span> 
     </span>
    </p>
   </div>
   <div class='ocr_carea' id='block_1_82' title="bbox 2050 3488 3634 3569">
    <p class='ocr_par' dir='ltr' id='par_1_82' title="bbox 2050 3488 3634 3569">
     <span class='ocr_line' id='line_1_82' title="bbox 2050 3488 3634 3569; baseline 0.006 -29"><span class='ocrx_word' id='word_1_584' title='bbox 2050 3488 2203 3558; x_wconf 78' lang='grc' dir='ltr'>ἡμῶν</span> <span class='ocrx_word' id='word_1_585' title='bbox 2232 3490 2323 3541; x_wconf 73' lang='grc' dir='ltr'>ἐπὶ</span> <span class='ocrx_word' id='word_1_586' title='bbox 2365 3493 2477 3553; x_wconf 84' lang='grc' dir='ltr'>τοῖς</span> <span class='ocrx_word' id='word_1_587' title='bbox 2525 3493 2851 3563; x_wconf 83' lang='grc' dir='ltr'>γινομένοις,</span> <span class='ocrx_word' id='word_1_588' title='bbox 2974 3495 3391 3565; x_wconf 83' lang='grc' dir='ltr'>ὑπονοουμένοις</span> <span class='ocrx_word' id='word_1_589' title='bbox 3435 3500 3634 3569; x_wconf 80' lang='grc' dir='ltr'>κριτή-</span> 
     </span>
    </p>
   </div>
   <div class='ocr_carea' id='block_1_83' title="bbox 2053 3580 3635 3657">
    <p class='ocr_par' dir='ltr' id='par_1_83' title="bbox 2053 3580 3635 3657">
     <span class='ocr_line' id='line_1_83' title="bbox 2053 3580 3635 3657; baseline 0.006 -26"><span class='ocrx_word' id='word_1_590' title='bbox 2053 3596 2197 3648; x_wconf 81' lang='grc' dir='ltr'>ριον;</span> <span class='ocrx_word' id='word_1_591' title='bbox 2243 3580 2339 3643; x_wconf 85' lang='grc' dir='ltr'><strong>Τίς</strong></span> <span class='ocrx_word' id='word_1_592' title='bbox 2385 3582 2657 3648; x_wconf 83' lang='grc' dir='ltr'>ἀπόδειξις</span> <span class='ocrx_word' id='word_1_593' title='bbox 2699 3585 2797 3654; x_wconf 83' lang='grc' dir='ltr'>τὴν</span> <span class='ocrx_word' id='word_1_594' title='bbox 2849 3585 3061 3639; x_wconf 84' lang='grc' dir='ltr'>ἀδικίαν</span> <span class='ocrx_word' id='word_1_595' title='bbox 3114 3586 3417 3657; x_wconf 70' lang='grc' dir='ltr'>ἀπήλεγξες</span> <span class='ocrx_word' id='word_1_596' title='bbox 3472 3589 3635 3654; x_wconf 82' lang='grc' dir='ltr'>Τίνες</span> 
     </span>
    </p>
   </div>
   <div class='ocr_carea' id='block_1_84' title="bbox 2051 3671 3633 3749">
    <p class='ocr_par' dir='ltr' id='par_1_84' title="bbox 2051 3671 3633 3749">
     <span class='ocr_line' id='line_1_84' title="bbox 2051 3671 3633 3749; baseline 0.006 -27"><span class='ocrx_word' id='word_1_597' title='bbox 2051 3671 2272 3734; x_wconf 86' lang='grc' dir='ltr'>κανόνες</span> <span class='ocrx_word' id='word_1_598' title='bbox 2330 3673 2453 3727; x_wconf 84' lang='grc' dir='ltr'>καθ’</span> <span class='ocrx_word' id='word_1_599' title='bbox 2506 3674 2666 3745; x_wconf 83' lang='grc' dir='ltr'>ήμῶν</span> <span class='ocrx_word' id='word_1_600' title='bbox 2714 3675 3160 3745; x_wconf 85' lang='grc' dir='ltr'>ἀνεγνώσθησαν;</span> <span class='ocrx_word' id='word_1_601' title='bbox 3216 3677 3353 3732; x_wconf 77' lang='grc' dir='ltr'>Ποία</span> <span class='ocrx_word' id='word_1_602' title='bbox 3410 3678 3633 3749; x_wconf 74' lang='grc' dir='ltr'>ἔννομος</span> 
     </span>
    </p>
   </div>
   <div class='ocr_carea' id='block_1_85' title="bbox 2050 3764 3630 3842">
    <p class='ocr_par' dir='ltr' id='par_1_85' title="bbox 2050 3764 3630 3842">
     <span class='ocr_line' id='line_1_85' title="bbox 2050 3764 3630 3842; baseline 0.006 -27"><span class='ocrx_word' id='word_1_603' title='bbox 2050 3764 2348 3818; x_wconf 83' lang='grc' dir='ltr'>ἐπισκόπου</span> <span class='ocrx_word' id='word_1_604' title='bbox 2372 3765 2645 3836; x_wconf 78' lang='grc' dir='ltr'>ἀπόφασις</span> <span class='ocrx_word' id='word_1_605' title='bbox 2670 3767 2768 3840; x_wconf 78' lang='grc' dir='ltr'>τὴν</span> <span class='ocrx_word' id='word_1_606' title='bbox 2788 3768 2909 3822; x_wconf 86' lang='grc' dir='ltr'>καθ’</span> <span class='ocrx_word' id='word_1_607' title='bbox 2932 3770 2965 3841; x_wconf 78' lang='grc' dir='ltr'>ἡ</span> <span class='ocrx_word' id='word_1_608' title='bbox 2975 3770 3088 3841; x_wconf 80' lang='grc' dir='ltr'>μῶν</span> <span class='ocrx_word' id='word_1_609' title='bbox 3108 3770 3287 3842; x_wconf 89' lang='grc' dir='ltr'>κρίσιν</span> <span class='ocrx_word' id='word_1_610' title='bbox 3316 3771 3630 3842; x_wconf 74' lang='grc' dir='ltr'>ἐκύρωσενς</span> 
     </span>
    </p>
   </div>
   <div class='ocr_carea' id='block_1_86' title="bbox 2046 3856 3632 3932">
    <p class='ocr_par' dir='ltr' id='par_1_86' title="bbox 2046 3856 3632 3932">
     <span class='ocr_line' id='line_1_86' title="bbox 2046 3856 3632 3932; baseline 0.004 -23"><span class='ocrx_word' id='word_1_611' title='bbox 2046 3858 2108 3910; x_wconf 86' lang='grc' dir='ltr'><strong>Εἰ</strong></span> <span class='ocrx_word' id='word_1_612' title='bbox 2147 3856 2287 3910; x_wconf 83' lang='grc' dir='ltr'>δέτι</span> <span class='ocrx_word' id='word_1_613' title='bbox 2330 3858 2423 3911; x_wconf 71' lang='grc' dir='ltr'><strong>καὶ</strong></span> <span class='ocrx_word' id='word_1_614' title='bbox 2470 3859 2712 3927; x_wconf 84' lang='grc' dir='ltr'>ἐγεγόνει</span> <span class='ocrx_word' id='word_1_615' title='bbox 2757 3859 2961 3913; x_wconf 80' lang='grc' dir='ltr'>τούτων</span> <span class='ocrx_word' id='word_1_616' title='bbox 3005 3861 3264 3932; x_wconf 86' lang='grc' dir='ltr'>ἐννόμως,</span> <span class='ocrx_word' id='word_1_617' title='bbox 3313 3863 3531 3926; x_wconf 85' lang='grc' dir='ltr'>πάντως</span> <span class='ocrx_word' id='word_1_618' title='bbox 3564 3864 3632 3917; x_wconf 81' lang='grc' dir='ltr'><strong>ἂν</strong></span> 
     </span>
    </p>
   </div>
   <div class='ocr_carea' id='block_1_87' title="bbox 2047 3947 3632 4024">
    <p class='ocr_par' dir='ltr' id='par_1_87' title="bbox 2047 3947 3632 4024">
     <span class='ocr_line' id='line_1_87' title="bbox 2047 3947 3632 4024; baseline 0.004 -23"><span class='ocrx_word' id='word_1_619' title='bbox 2047 3948 2175 4019; x_wconf 69' lang='grc' dir='ltr'>περὶ</span> <span class='ocrx_word' id='word_1_620' title='bbox 2202 3947 2293 4001; x_wconf 78' lang='grc' dir='ltr'><strong>τὸν</strong></span> <span class='ocrx_word' id='word_1_621' title='bbox 2334 3948 2539 4019; x_wconf 74' lang='grc' dir='ltr'>βαθμὸν</span> <span class='ocrx_word' id='word_1_622' title='bbox 2571 3952 2598 4001; x_wconf 86' lang='grc' dir='ltr'>ὀ</span> <span class='ocrx_word' id='word_1_623' title='bbox 2622 3950 2865 4014; x_wconf 85' lang='grc' dir='ltr'>κίνδυνος</span> <span class='ocrx_word' id='word_1_624' title='bbox 2901 3947 2988 4021; x_wconf 77' lang='grc' dir='ltr'><strong>ἦν.</strong></span> <span class='ocrx_word' id='word_1_625' title='bbox 3040 3953 3235 4024; x_wconf 80' lang='grc' dir='ltr'>Ὕϐριν</span> <span class='ocrx_word' id='word_1_626' title='bbox 3264 3953 3317 4006; x_wconf 85' lang='grc' dir='ltr'><strong>δὲ</strong></span> <span class='ocrx_word' id='word_1_627' title='bbox 3358 3954 3495 4007; x_wconf 85' lang='grc' dir='ltr'><strong>κατά</strong></span> <span class='ocrx_word' id='word_1_628' title='bbox 3516 3954 3632 4009; x_wconf 80' lang='grc' dir='ltr'><strong>τῶν</strong></span> 
     </span>
    </p>
   </div>
   <div class='ocr_carea' id='block_1_88' title="bbox 2044 4041 3627 4116">
    <p class='ocr_par' dir='ltr' id='par_1_88' title="bbox 2044 4041 3627 4116">
     <span class='ocr_line' id='line_1_88' title="bbox 2044 4041 3627 4116; baseline 0.003 -22"><span class='ocrx_word' id='word_1_629' title='bbox 2044 4041 2367 4115; x_wconf 80' lang='grc' dir='ltr'>ἐλευθέρων,</span> <span class='ocrx_word' id='word_1_630' title='bbox 2412 4044 2504 4096; x_wconf 69' lang='grc' dir='ltr'>καὶ</span> <span class='ocrx_word' id='word_1_631' title='bbox 2556 4042 2777 4113; x_wconf 81' lang='grc' dir='ltr'>ἀτιμίαν</span> <span class='ocrx_word' id='word_1_632' title='bbox 2821 4045 2962 4096; x_wconf 80' lang='grc' dir='ltr'><strong>κατά</strong></span> <span class='ocrx_word' id='word_1_633' title='bbox 3009 4046 3116 4098; x_wconf 81' lang='grc' dir='ltr'>τῶν</span> <span class='ocrx_word' id='word_1_634' title='bbox 3147 4046 3439 4116; x_wconf 79' lang='grc' dir='ltr'>ὁμοτίμων,</span> <span class='ocrx_word' id='word_1_635' title='bbox 3478 4049 3627 4098; x_wconf 86' lang='grc' dir='ltr'>ποῖοι</span> 
     </span>
    </p>
   </div>
   <div class='ocr_carea' id='block_1_89' title="bbox 2046 4135 3619 4209">
    <p class='ocr_par' dir='ltr' id='par_1_89' title="bbox 2046 4135 3619 4209">
     <span class='ocr_line' id='line_1_89' title="bbox 2046 4135 3619 4209; baseline 0.001 -21"><span class='ocrx_word' id='word_1_636' title='bbox 2046 4135 2270 4200; x_wconf 81' lang='grc' dir='ltr'>κανόνες</span> <span class='ocrx_word' id='word_1_637' title='bbox 2326 4135 2724 4208; x_wconf 78' lang='grc' dir='ltr'>ἐνομοθέτησαν</span> <span class='ocrx_word' id='word_1_638' title='bbox 2756 4154 2770 4202; x_wconf 87' lang='grc'><strong>;</strong></span> <span class='ocrx_word' id='word_1_639' title='bbox 2804 4140 2992 4209; x_wconf 81' lang='grc' dir='ltr'>Κρῖμα</span> <span class='ocrx_word' id='word_1_640' title='bbox 3036 4138 3237 4193; x_wconf 76' lang='grc' dir='ltr'>δίκαιον</span> <span class='ocrx_word' id='word_1_641' title='bbox 3283 4139 3523 4207; x_wconf 79' lang='grc' dir='ltr'>κρίνατε,</span> <span class='ocrx_word' id='word_1_642' title='bbox 3566 4139 3619 4190; x_wconf 79' lang='lat' dir='ltr'><strong>ei</strong></span> 
     </span>
    </p>
   </div>
   <div class='ocr_carea' id='block_1_90' title="bbox 2044 4226 3624 4300">
    <p class='ocr_par' dir='ltr' id='par_1_90' title="bbox 2044 4226 3624 4300">
     <span class='ocr_line' id='line_1_90' title="bbox 2044 4226 3624 4300; baseline 0.001 -19"><span class='ocrx_word' id='word_1_643' title='bbox 2044 4228 2179 4300; x_wconf 79' lang='grc' dir='ltr'>πρὸς</span> <span class='ocrx_word' id='word_1_644' title='bbox 2212 4226 2343 4280; x_wconf 82' lang='grc' dir='ltr'>Θεὸν</span> <span class='ocrx_word' id='word_1_645' title='bbox 2371 4228 2625 4298; x_wconf 76' lang='grc' dir='ltr'>ὁρῶντες,</span> <span class='ocrx_word' id='word_1_646' title='bbox 2656 4230 2713 4280; x_wconf 90' lang='grc' dir='ltr'>ἐν</span> <span class='ocrx_word' id='word_1_647' title='bbox 2742 4229 2847 4281; x_wconf 82' lang='grc' dir='ltr'>τίνι</span> <span class='ocrx_word' id='word_1_648' title='bbox 2886 4229 3222 4296; x_wconf 72' lang='grc' dir='ltr'>συγγνωστὸν</span> <span class='ocrx_word' id='word_1_649' title='bbox 3262 4228 3476 4298; x_wconf 80' lang='grc' dir='ltr'>ἡγεῖσθε</span> <span class='ocrx_word' id='word_1_650' title='bbox 3512 4230 3624 4300; x_wconf 71' lang='grc' dir='ltr'><strong>τὴν</strong></span> 
     </span>
    </p>
   </div>
   <div class='ocr_carea' id='block_1_91' title="bbox 2045 4317 3629 4391">
    <p class='ocr_par' dir='ltr' id='par_1_91' title="bbox 2045 4317 3629 4391">
     <span class='ocr_line' id='line_1_91' title="bbox 2045 4317 3629 4391; baseline 0 -19"><span class='ocrx_word' id='word_1_651' title='bbox 2045 4320 2165 4373; x_wconf 81' lang='grc' dir='ltr'>καθ’</span> <span class='ocrx_word' id='word_1_652' title='bbox 2187 4321 2219 4390; x_wconf 84' lang='grc' dir='ltr'>ἡ</span> <span class='ocrx_word' id='word_1_653' title='bbox 2229 4317 2342 4389; x_wconf 82' lang='grc' dir='ltr'><strong>μῶν</strong></span> <span class='ocrx_word' id='word_1_654' title='bbox 2364 4318 2587 4388; x_wconf 80' lang='grc' dir='ltr'>ἀτιμίαν</span> <span class='ocrx_word' id='word_1_655' title='bbox 2608 4335 2621 4383; x_wconf 90' lang='lat'><strong>;</strong></span> <span class='ocrx_word' id='word_1_656' title='bbox 2648 4319 2707 4371; x_wconf 80' lang='grc' dir='ltr'><strong>Εἰ</strong></span> <span class='ocrx_word' id='word_1_657' title='bbox 2735 4319 2872 4373; x_wconf 79' lang='grc' dir='ltr'><strong>κατά</strong></span> <span class='ocrx_word' id='word_1_658' title='bbox 2888 4319 2985 4390; x_wconf 79' lang='grc' dir='ltr'><strong>τὴν</strong></span> <span class='ocrx_word' id='word_1_659' title='bbox 3009 4319 3298 4391; x_wconf 77' lang='grc' dir='ltr'>ίερωσύνην</span> <span class='ocrx_word' id='word_1_660' title='bbox 3321 4319 3379 4372; x_wconf 75' lang='grc' dir='ltr'>τὸ</span> <span class='ocrx_word' id='word_1_661' title='bbox 3399 4318 3629 4388; x_wconf 74' lang='grc' dir='ltr'>ἀξίωμα.</span> 
     </span>
    </p>
   </div>
   <div class='ocr_carea' id='block_1_92' title="bbox 364 4409 1952 4485">
    <p class='ocr_par' dir='ltr' id='par_1_92' title="bbox 364 4414 1941 4485">
     <span class='ocr_line' id='line_1_92' title="bbox 364 4414 1941 4485; baseline 0 -17"><span class='ocrx_word' id='word_1_662' title='bbox 364 4414 547 4479; x_wconf 86' lang='lat' dir='ltr'><strong>enim,</strong></span> <span class='ocrx_word' id='word_1_663' title='bbox 593 4428 780 4481; x_wconf 79' lang='lat' dir='ltr'><strong>verum</strong></span> <span class='ocrx_word' id='word_1_664' title='bbox 826 4429 948 4470; x_wconf 90' lang='lat' dir='ltr'><strong>esse</strong></span> <span class='ocrx_word' id='word_1_665' title='bbox 979 4414 1277 4485; x_wconf 77' lang='lat' dir='ltr'><strong>largiamur</strong></span> <span class='ocrx_word' id='word_1_666' title='bbox 1311 4414 1525 4485; x_wconf 85' lang='lat' dir='ltr'><strong>(dicam</strong></span> <span class='ocrx_word' id='word_1_667' title='bbox 1574 4414 1793 4484; x_wconf 87' lang='lat' dir='ltr'><strong>quidem</strong></span> <span class='ocrx_word' id='word_1_668' title='bbox 1839 4414 1941 4469; x_wconf 89' lang='lat' dir='ltr'><strong>sub</strong></span> 
     </span>
    </p>
   </div>
   <div class='ocr_carea' id='block_1_93' title="bbox 2055 4409 3633 4485">
    <p class='ocr_par' dir='ltr' id='par_1_93' title="bbox 2055 4409 3633 4480">
     <span class='ocr_line' id='line_1_93' title="bbox 2055 4409 3633 4480; baseline 0 -18"><span class='ocrx_word' id='word_1_669' title='bbox 2055 4411 2301 4479; x_wconf 71' lang='grc' dir='ltr'>κρίνοιτο,</span> <span class='ocrx_word' id='word_1_670' title='bbox 2329 4409 2416 4479; x_wconf 76' lang='grc' dir='ltr'>ἴση</span> <span class='ocrx_word' id='word_1_671' title='bbox 2450 4409 2598 4480; x_wconf 71' lang='grc' dir='ltr'>παρὰ</span> <span class='ocrx_word' id='word_1_672' title='bbox 2629 4410 2846 4463; x_wconf 84' lang='grc' dir='ltr'>συνόδου</span> <span class='ocrx_word' id='word_1_673' title='bbox 2877 4411 2970 4463; x_wconf 78' lang='grc' dir='ltr'><strong>καὶ</strong></span> <span class='ocrx_word' id='word_1_674' title='bbox 3012 4410 3111 4480; x_wconf 87' lang='grc' dir='ltr'><strong>μία</strong></span> <span class='ocrx_word' id='word_1_675' title='bbox 3138 4411 3353 4478; x_wconf 86' lang='grc' dir='ltr'>γέγονεν</span> <span class='ocrx_word' id='word_1_676' title='bbox 3380 4410 3633 4478; x_wconf 71' lang='grc' dir='ltr'>ἀμφοτέ-</span> 
     </span>
    </p>
   </div>
   <div class='ocr_carea' id='block_1_94' title="bbox 365 4504 1936 4578">
    <p class='ocr_par' dir='ltr' id='par_1_94' title="bbox 365 4504 1936 4578">
     <span class='ocr_line' id='line_1_94' title="bbox 365 4504 1936 4578; baseline 0 -18"><span class='ocrx_word' id='word_1_677' title='bbox 365 4505 711 4577; x_wconf 86' lang='lat' dir='ltr'><strong>conditione)</strong></span> <span class='ocrx_word' id='word_1_678' title='bbox 744 4504 1090 4576; x_wconf 82' lang='lat' dir='ltr'><strong>designatum</strong></span> <span class='ocrx_word' id='word_1_679' title='bbox 1131 4523 1163 4561; x_wconf 90' lang='lat' dir='ltr'><strong>a</strong></span> <span class='ocrx_word' id='word_1_680' title='bbox 1204 4523 1291 4563; x_wconf 90' lang='lat' dir='ltr'><strong>me</strong></span> <span class='ocrx_word' id='word_1_681' title='bbox 1318 4506 1578 4577; x_wconf 89' lang='lat' dir='ltr'><strong>quiddam</strong></span> <span class='ocrx_word' id='word_1_682' title='bbox 1611 4523 1754 4573; x_wconf 88' lang='lat' dir='ltr'><strong>esse,</strong></span> <span class='ocrx_word' id='word_1_683' title='bbox 1791 4504 1936 4578; x_wconf 87' lang='lat' dir='ltr'><strong>quod</strong></span> 
     </span>
    </p>
   </div>
   <div class='ocr_carea' id='block_1_95' title="bbox 362 4597 1934 4668">
    <p class='ocr_par' dir='ltr' id='par_1_95' title="bbox 362 4597 1934 4668">
     <span class='ocr_line' id='line_1_95' title="bbox 362 4597 1934 4668; baseline -0.002 -16"><span class='ocrx_word' id='word_1_684' title='bbox 362 4605 509 4653; x_wconf 89' lang='lat' dir='ltr'><strong>esset</strong></span> <span class='ocrx_word' id='word_1_685' title='bbox 542 4597 642 4668; x_wconf 87' lang='lat' dir='ltr'><strong>ipsi</strong></span> <span class='ocrx_word' id='word_1_686' title='bbox 670 4598 943 4667; x_wconf 85' lang='lat' dir='ltr'><strong>ingratum</strong></span> <span class='ocrx_word' id='word_1_687' title='bbox 972 4598 1367 4667; x_wconf 82' lang='lat' dir='ltr'><strong>molcStumque</strong></span> <span class='ocrx_word' id='word_1_688' title='bbox 1396 4616 1407 4652; x_wconf 94' lang='lat'><strong>:</strong></span> <span class='ocrx_word' id='word_1_689' title='bbox 1436 4598 1711 4667; x_wconf 88' lang='lat' dir='ltr'><strong>quodnam</strong></span> <span class='ocrx_word' id='word_1_690' title='bbox 1741 4598 1934 4650; x_wconf 84' lang='lat' dir='ltr'><strong>adver-</strong></span> 
     </span>
    </p>
   </div>
   <div class='ocr_carea' id='block_1_96' title="bbox 363 4685 1934 4757">
    <p class='ocr_par' dir='ltr' id='par_1_96' title="bbox 363 4685 1934 4757">
     <span class='ocr_line' id='line_1_96' title="bbox 363 4685 1934 4757; baseline -0.002 -16"><span class='ocrx_word' id='word_1_691' title='bbox 363 4702 482 4741; x_wconf 90' lang='lat' dir='ltr'><strong>sum</strong></span> <span class='ocrx_word' id='word_1_692' title='bbox 531 4702 630 4742; x_wconf 92' lang='lat' dir='ltr'><strong>nos</strong></span> <span class='ocrx_word' id='word_1_693' title='bbox 674 4685 744 4741; x_wconf 87' lang='lat' dir='ltr'><strong>ob</strong></span> <span class='ocrx_word' id='word_1_694' title='bbox 789 4700 851 4741; x_wconf 87' lang='lat' dir='ltr'><strong>ea</strong></span> <span class='ocrx_word' id='word_1_695' title='bbox 885 4702 1003 4757; x_wconf 81' lang='lat' dir='ltr'><strong>qua-</strong></span> <span class='ocrx_word' id='word_1_696' title='bbox 1062 4688 1147 4742; x_wconf 89' lang='lat' dir='ltr'><strong>vel</strong></span> <span class='ocrx_word' id='word_1_697' title='bbox 1196 4687 1341 4743; x_wconf 78' lang='lat' dir='ltr'><strong>facta</strong></span> <span class='ocrx_word' id='word_1_698' title='bbox 1384 4697 1535 4754; x_wconf 88' lang='lat' dir='ltr'><strong>sunt,</strong></span> <span class='ocrx_word' id='word_1_699' title='bbox 1570 4688 1653 4743; x_wconf 86' lang='lat' dir='ltr'><strong>vel</strong></span> <span class='ocrx_word' id='word_1_700' title='bbox 1688 4702 1748 4742; x_wconf 80' lang='lat' dir='ltr'><strong>ex</strong></span> <span class='ocrx_word' id='word_1_701' title='bbox 1801 4700 1934 4739; x_wconf 88' lang='lat' dir='ltr'><strong>con-</strong></span> 
     </span>
    </p>
   </div>
   <div class='ocr_carea' id='block_1_97' title="bbox 357 4776 1934 4853">
    <p class='ocr_par' dir='ltr' id='par_1_97' title="bbox 357 4776 1934 4853">
     <span class='ocr_line' id='line_1_97' title="bbox 357 4776 1934 4853; baseline -0.001 -22"><span class='ocrx_word' id='word_1_702' title='bbox 357 4778 588 4846; x_wconf 87' lang='lat' dir='ltr'><strong>jecturis</strong></span> <span class='ocrx_word' id='word_1_703' title='bbox 620 4778 874 4853; x_wconf 73' lang='lat' dir='ltr'><strong>collecta,</strong></span> <span class='ocrx_word' id='word_1_704' title='bbox 904 4778 1177 4847; x_wconf 85' lang='lat' dir='ltr'><strong>judicium</strong></span> <span class='ocrx_word' id='word_1_705' title='bbox 1200 4788 1282 4835; x_wconf 86' lang='lat' dir='ltr'><strong>est</strong></span> <span class='ocrx_word' id='word_1_706' title='bbox 1304 4780 1618 4835; x_wconf 86' lang='lat' dir='ltr'><strong>institutum</strong></span> <span class='ocrx_word' id='word_1_707' title='bbox 1645 4778 1668 4831; x_wconf 78' lang='lat' dir='ltr'><strong>‘l</strong></span> <span class='ocrx_word' id='word_1_708' title='bbox 1698 4792 1819 4847; x_wconf 68' lang='lat' dir='ltr'><strong>qua:</strong></span> <span class='ocrx_word' id='word_1_709' title='bbox 1856 4776 1934 4832; x_wconf 88' lang='lat' dir='ltr'><strong>rei</strong></span> 
     </span>
    </p>
   </div>
   <div class='ocr_carea' id='block_1_98' title="bbox 362 4863 1936 4937">
    <p class='ocr_par' dir='ltr' id='par_1_98' title="bbox 362 4863 1936 4937">
     <span class='ocr_line' id='line_1_98' title="bbox 362 4863 1936 4937; baseline 0.003 -21"><span class='ocrx_word' id='word_1_710' title='bbox 362 4863 612 4934; x_wconf 80' lang='lat' dir='ltr'><strong>probatio</strong></span> <span class='ocrx_word' id='word_1_711' title='bbox 643 4865 710 4920; x_wconf 91' lang='lat' dir='ltr'><strong>de</strong></span> <span class='ocrx_word' id='word_1_712' title='bbox 755 4866 903 4920; x_wconf 89' lang='lat' dir='ltr'><strong>illata</strong></span> <span class='ocrx_word' id='word_1_713' title='bbox 948 4867 1151 4937; x_wconf 86' lang='lat' dir='ltr'><strong>injuria</strong></span> <span class='ocrx_word' id='word_1_714' title='bbox 1189 4883 1287 4923; x_wconf 88' lang='lat' dir='ltr'><strong>nos</strong></span> <span class='ocrx_word' id='word_1_715' title='bbox 1324 4871 1561 4924; x_wconf 86' lang='lat' dir='ltr'><strong>couvicit</strong></span> <span class='ocrx_word' id='word_1_716' title='bbox 1584 4871 1607 4923; x_wconf 90' lang='lat'><strong>?</strong></span> <span class='ocrx_word' id='word_1_717' title='bbox 1631 4867 1735 4934; x_wconf 87' lang='lat' dir='ltr'><strong>Qui</strong></span> <span class='ocrx_word' id='word_1_718' title='bbox 1768 4881 1936 4921; x_wconf 87' lang='lat' dir='ltr'><strong>cano-</strong></span> 
     </span>
    </p>
   </div>
   <div class='ocr_carea' id='block_1_99' title="bbox 364 4957 1937 5032">
    <p class='ocr_par' dir='ltr' id='par_1_99' title="bbox 364 4957 1937 5032">
     <span class='ocr_line' id='line_1_99' title="bbox 364 4957 1937 5032; baseline 0.003 -21"><span class='ocrx_word' id='word_1_719' title='bbox 364 4972 463 5013; x_wconf 85' lang='lat' dir='ltr'><strong>nes</strong></span> <span class='ocrx_word' id='word_1_720' title='bbox 493 4957 759 5014; x_wconf 83' lang='lat' dir='ltr'><strong>adversus</strong></span> <span class='ocrx_word' id='word_1_721' title='bbox 791 4975 893 5016; x_wconf 90' lang='lat' dir='ltr'><strong>nos</strong></span> <span class='ocrx_word' id='word_1_722' title='bbox 937 4961 1242 5032; x_wconf 84' lang='lat' dir='ltr'><strong>producti?</strong></span> <span class='ocrx_word' id='word_1_723' title='bbox 1283 4961 1546 5028; x_wconf 79' lang='lat' dir='ltr'><strong>Qmeuam</strong></span> <span class='ocrx_word' id='word_1_724' title='bbox 1596 4962 1834 5032; x_wconf 83' lang='lat' dir='ltr'><strong>legitime</strong></span> <span class='ocrx_word' id='word_1_725' title='bbox 1868 4960 1937 5015; x_wconf 88' lang='lat' dir='ltr'><strong>ab</strong></span> 
     </span>
    </p>
   </div>
   <div class='ocr_carea' id='block_1_100' title="bbox 362 5051 1935 5119">
    <p class='ocr_par' dir='ltr' id='par_1_100' title="bbox 362 5051 1935 5119">
     <span class='ocr_line' id='line_1_100' title="bbox 362 5051 1935 5119; baseline 0.003 -16"><span class='ocrx_word' id='word_1_726' title='bbox 362 5051 624 5119; x_wconf 85' lang='lat' dir='ltr'><strong>episcopo</strong></span> <span class='ocrx_word' id='word_1_727' title='bbox 654 5052 938 5106; x_wconf 85' lang='lat' dir='ltr'><strong>enuntiata</strong></span> <span class='ocrx_word' id='word_1_728' title='bbox 969 5054 1134 5109; x_wconf 86' lang='lat' dir='ltr'><strong>verba</strong></span> <span class='ocrx_word' id='word_1_729' title='bbox 1207 5055 1535 5109; x_wconf 82' lang='lat' dir='ltr'><strong>sententiam</strong></span> <span class='ocrx_word' id='word_1_730' title='bbox 1590 5062 1783 5109; x_wconf 88' lang='lat' dir='ltr'><strong>contra</strong></span> <span class='ocrx_word' id='word_1_731' title='bbox 1834 5070 1935 5108; x_wconf 90' lang='lat' dir='ltr'><strong>nos</strong></span> 
     </span>
    </p>
   </div>
   <div class='ocr_carea' id='block_1_101' title="bbox 363 5140 1934 5215">
    <p class='ocr_par' dir='ltr' id='par_1_101' title="bbox 363 5140 1934 5215">
     <span class='ocr_line' id='line_1_101' title="bbox 363 5140 1934 5215; baseline 0.003 -23"><span class='ocrx_word' id='word_1_732' title='bbox 363 5140 525 5193; x_wconf 86' lang='lat' dir='ltr'><strong>latam</strong></span> <span class='ocrx_word' id='word_1_733' title='bbox 554 5141 979 5210; x_wconf 87' lang='lat' dir='ltr'><strong>approbaruut?</strong></span> <span class='ocrx_word' id='word_1_734' title='bbox 1009 5143 1163 5210; x_wconf 86' lang='lat' dir='ltr'><strong>Quod</strong></span> <span class='ocrx_word' id='word_1_735' title='bbox 1194 5144 1237 5199; x_wconf 90' lang='lat' dir='ltr'><strong>si</strong></span> <span class='ocrx_word' id='word_1_736' title='bbox 1269 5144 1400 5215; x_wconf 87' lang='lat' dir='ltr'><strong>quid</strong></span> <span class='ocrx_word' id='word_1_737' title='bbox 1432 5143 1707 5215; x_wconf 86' lang='lat' dir='ltr'><strong>ejusmodi</strong></span> <span class='ocrx_word' id='word_1_738' title='bbox 1754 5147 1934 5197; x_wconf 75' lang='lat' dir='ltr'><strong>maxi~</strong></span> 
     </span>
    </p>
   </div>
   <div class='ocr_carea' id='block_1_102' title="bbox 360 5229 1931 5307">
    <p class='ocr_par' dir='ltr' id='par_1_102' title="bbox 360 5229 1931 5307">
     <span class='ocr_line' id='line_1_102' title="bbox 360 5229 1931 5307; baseline 0.004 -22"><span class='ocrx_word' id='word_1_739' title='bbox 360 5246 449 5286; x_wconf 91' lang='lat' dir='ltr'><strong>me</strong></span> <span class='ocrx_word' id='word_1_740' title='bbox 492 5229 693 5285; x_wconf 80' lang='lat' dir='ltr'><strong>factum</strong></span> <span class='ocrx_word' id='word_1_741' title='bbox 730 5241 833 5298; x_wconf 82' lang='lat' dir='ltr'><strong>est,</strong></span> <span class='ocrx_word' id='word_1_742' title='bbox 873 5235 1163 5305; x_wconf 85' lang='lat' dir='ltr'><strong>etquidem</strong></span> <span class='ocrx_word' id='word_1_743' title='bbox 1193 5237 1467 5307; x_wconf 83' lang='lat' dir='ltr'><strong>legitime:</strong></span> <span class='ocrx_word' id='word_1_744' title='bbox 1497 5238 1726 5292; x_wconf 86' lang='lat' dir='ltr'><strong>omnino</strong></span> <span class='ocrx_word' id='word_1_745' title='bbox 1749 5246 1931 5292; x_wconf 87' lang='lat' dir='ltr'><strong>tamen</strong></span> 
     </span>
    </p>
   </div>
   <div class='ocr_carea' id='block_1_103' title="bbox 360 5320 1932 5400">
    <p class='ocr_par' dir='ltr' id='par_1_103' title="bbox 360 5320 1932 5400">
     <span class='ocr_line' id='line_1_103' title="bbox 360 5320 1932 5400; baseline 0.005 -25"><span class='ocrx_word' id='word_1_746' title='bbox 360 5320 419 5375; x_wconf 89' lang='lat' dir='ltr'><strong>in</strong></span> <span class='ocrx_word' id='word_1_747' title='bbox 451 5323 632 5393; x_wconf 83' lang='lat' dir='ltr'><strong>aliquo</strong></span> <span class='ocrx_word' id='word_1_748' title='bbox 666 5323 861 5380; x_wconf 77' lang='lat' dir='ltr'><strong>saltem</strong></span> <span class='ocrx_word' id='word_1_749' title='bbox 913 5326 1088 5397; x_wconf 87' lang='lat' dir='ltr'><strong>gradu</strong></span> <span class='ocrx_word' id='word_1_750' title='bbox 1143 5338 1261 5382; x_wconf 89' lang='lat' dir='ltr'><strong>erat</strong></span> <span class='ocrx_word' id='word_1_751' title='bbox 1294 5328 1620 5398; x_wconf 90' lang='lat' dir='ltr'><strong>periculum.</strong></span> <span class='ocrx_word' id='word_1_752' title='bbox 1667 5330 1736 5383; x_wconf 87' lang='lat' dir='ltr'><strong>At</strong></span> <span class='ocrx_word' id='word_1_753' title='bbox 1773 5338 1932 5400; x_wconf 87' lang='lat' dir='ltr'><strong>petu-</strong></span> 
     </span>
    </p>
   </div>
   <div class='ocr_carea' id='block_1_104' title="bbox 360 5410 1926 5492">
    <p class='ocr_par' dir='ltr' id='par_1_104' title="bbox 360 5410 1926 5492">
     <span class='ocr_line' id='line_1_104' title="bbox 360 5410 1926 5492; baseline 0.007 -27"><span class='ocrx_word' id='word_1_754' title='bbox 360 5410 587 5468; x_wconf 88' lang='lat' dir='ltr'><strong>lantiam</strong></span> <span class='ocrx_word' id='word_1_755' title='bbox 610 5413 877 5481; x_wconf 82' lang='lat' dir='ltr'><strong>adversus</strong></span> <span class='ocrx_word' id='word_1_756' title='bbox 902 5417 1168 5488; x_wconf 85' lang='lat' dir='ltr'><strong>ingenuos</strong></span> <span class='ocrx_word' id='word_1_757' title='bbox 1192 5419 1462 5485; x_wconf 87' lang='lat' dir='ltr'><strong>homines,</strong></span> <span class='ocrx_word' id='word_1_758' title='bbox 1485 5431 1537 5476; x_wconf 93' lang='lat' dir='ltr'><strong>et</strong></span> <span class='ocrx_word' id='word_1_759' title='bbox 1566 5421 1926 5492; x_wconf 85' lang='lat' dir='ltr'><strong>ignominiam</strong></span> 
     </span>
    </p>
   </div>
   <div class='ocr_carea' id='block_1_105' title="bbox 359 5502 1928 5582">
    <p class='ocr_par' dir='ltr' id='par_1_105' title="bbox 359 5502 1928 5582">
     <span class='ocr_line' id='line_1_105' title="bbox 359 5502 1928 5582; baseline 0.008 -27"><span class='ocrx_word' id='word_1_760' title='bbox 359 5502 628 5563; x_wconf 87' lang='lat' dir='ltr'><strong>adversus</strong></span> <span class='ocrx_word' id='word_1_761' title='bbox 661 5507 929 5579; x_wconf 84' lang='lat' dir='ltr'><strong>dignitate</strong></span> <span class='ocrx_word' id='word_1_762' title='bbox 971 5525 1154 5582; x_wconf 86' lang='lat' dir='ltr'><strong>pares,</strong></span> <span class='ocrx_word' id='word_1_763' title='bbox 1189 5511 1411 5582; x_wconf 88' lang='lat' dir='ltr'><strong>quinam</strong></span> <span class='ocrx_word' id='word_1_764' title='bbox 1448 5529 1635 5582; x_wconf 80' lang='lat' dir='ltr'><strong>quaeso</strong></span> <span class='ocrx_word' id='word_1_765' title='bbox 1684 5529 1928 5570; x_wconf 89' lang='lat' dir='ltr'><strong>canones</strong></span> 
     </span>
    </p>
   </div>
   <div class='ocr_carea' id='block_1_106' title="bbox 358 5602 1928 5674">
    <p class='ocr_par' dir='ltr' id='par_1_106' title="bbox 358 5602 1928 5674">
     <span class='ocr_line' id='line_1_106' title="bbox 358 5602 1928 5674; baseline 0.006 -26"><span class='ocrx_word' id='word_1_766' title='bbox 358 5610 600 5664; x_wconf 87' lang='lat' dir='ltr'><strong>unquam</strong></span> <span class='ocrx_word' id='word_1_767' title='bbox 631 5602 1104 5672; x_wconf 77' lang='lat' dir='ltr'><strong>comprobarunt?</strong></span> <span class='ocrx_word' id='word_1_768' title='bbox 1131 5602 1382 5659; x_wconf 84' lang='lat' dir='ltr'><strong>Judieate</strong></span> <span class='ocrx_word' id='word_1_769' title='bbox 1417 5603 1627 5674; x_wconf 89' lang='lat' dir='ltr'><strong>justum</strong></span> <span class='ocrx_word' id='word_1_770' title='bbox 1655 5605 1928 5674; x_wconf 87' lang='lat' dir='ltr'><strong>judicium</strong></span> 
     </span>
    </p>
   </div>
   <div class='ocr_carea' id='block_1_107' title="bbox 358 5687 1925 5765">
    <p class='ocr_par' dir='ltr' id='par_1_107' title="bbox 358 5687 1925 5765">
     <span class='ocr_line' id='line_1_107' title="bbox 358 5687 1925 5765; baseline 0.006 -23"><span class='ocrx_word' id='word_1_771' title='bbox 358 5700 458 5742; x_wconf 76' lang='lat' dir='ltr'><strong>vos</strong></span> <span class='ocrx_word' id='word_1_772' title='bbox 479 5688 575 5759; x_wconf 91' lang='lat' dir='ltr'><strong>qui</strong></span> <span class='ocrx_word' id='word_1_773' title='bbox 600 5687 769 5746; x_wconf 89' lang='lat' dir='ltr'><strong>Deum</strong></span> <span class='ocrx_word' id='word_1_774' title='bbox 816 5691 1110 5765; x_wconf 85' lang='lat' dir='ltr'><strong>respicitis,</strong></span> <span class='ocrx_word' id='word_1_775' title='bbox 1157 5695 1517 5765; x_wconf 88' lang='lat' dir='ltr'><strong>quamobrem</strong></span> <span class='ocrx_word' id='word_1_776' title='bbox 1563 5696 1707 5752; x_wconf 87' lang='lat' dir='ltr'><strong>hanc</strong></span> <span class='ocrx_word' id='word_1_777' title='bbox 1766 5696 1925 5751; x_wconf 68' lang='lat' dir='ltr'><strong>nobis</strong></span> 
     </span>
    </p>
   </div>
   <div class='ocr_carea' id='block_1_108' title="bbox 2045 4499 3630 4572">
    <p class='ocr_par' dir='ltr' id='par_1_108' title="bbox 2045 4499 3630 4572">
     <span class='ocr_line' id='line_1_108' title="bbox 2045 4499 3630 4572; baseline 0.001 -20"><span class='ocrx_word' id='word_1_778' title='bbox 2045 4519 2152 4571; x_wconf 88' lang='grc' dir='ltr'><strong>ρων</strong></span> <span class='ocrx_word' id='word_1_779' title='bbox 2197 4499 2352 4570; x_wconf 81' lang='grc' dir='ltr'>ήμῶν</span> <span class='ocrx_word' id='word_1_780' title='bbox 2405 4503 2436 4570; x_wconf 86' lang='grc' dir='ltr'>ἡ</span> <span class='ocrx_word' id='word_1_781' title='bbox 2497 4501 2785 4571; x_wconf 73' lang='grc' dir='ltr'>προνομία,</span> <span class='ocrx_word' id='word_1_782' title='bbox 2824 4500 3022 4571; x_wconf 76' lang='grc' dir='ltr'>μᾶλλον</span> <span class='ocrx_word' id='word_1_783' title='bbox 3076 4500 3131 4552; x_wconf 78' lang='grc' dir='ltr'><strong>δὲ</strong></span> <span class='ocrx_word' id='word_1_784' title='bbox 3185 4501 3471 4572; x_wconf 71' lang='grc' dir='ltr'>ἠφροντὶς</span> <span class='ocrx_word' id='word_1_785' title='bbox 3520 4500 3630 4570; x_wconf 78' lang='grc' dir='ltr'>τῆς</span> 
     </span>
    </p>
   </div>
   <div class='ocr_carea' id='block_1_109' title="bbox 2042 4591 3631 4663">
    <p class='ocr_par' dir='ltr' id='par_1_109' title="bbox 2042 4591 3631 4663">
     <span class='ocr_line' id='line_1_109' title="bbox 2042 4591 3631 4663; baseline 0 -19"><span class='ocrx_word' id='word_1_786' title='bbox 2042 4592 2146 4645; x_wconf 80' lang='grc' dir='ltr'><strong>τῶν</strong></span> <span class='ocrx_word' id='word_1_787' title='bbox 2178 4594 2370 4647; x_wconf 77' lang='grc' dir='ltr'>κοινῶν</span> <span class='ocrx_word' id='word_1_788' title='bbox 2401 4592 2755 4662; x_wconf 81' lang='grc' dir='ltr'>διορθώσεως,</span> <span class='ocrx_word' id='word_1_789' title='bbox 2799 4595 2858 4647; x_wconf 85' lang='grc' dir='ltr'>ἐν</span> <span class='ocrx_word' id='word_1_790' title='bbox 2885 4593 2963 4663; x_wconf 79' lang='grc' dir='ltr'><strong>τῷ</strong></span> <span class='ocrx_word' id='word_1_791' title='bbox 2992 4593 3052 4645; x_wconf 81' lang='grc' dir='ltr'>τὸ</span> <span class='ocrx_word' id='word_1_792' title='bbox 3099 4593 3211 4647; x_wconf 82' lang='grc' dir='ltr'>ἴσον</span> <span class='ocrx_word' id='word_1_793' title='bbox 3256 4593 3423 4663; x_wconf 79' lang='grc' dir='ltr'>ἔχειν.</span> <span class='ocrx_word' id='word_1_794' title='bbox 3457 4594 3522 4646; x_wconf 74' lang='grc' dir='ltr'>Εἰ</span> <span class='ocrx_word' id='word_1_795' title='bbox 3563 4591 3631 4644; x_wconf 80' lang='grc' dir='ltr'><strong>δέ.</strong></span> 
     </span>
    </p>
   </div>
   <div class='ocr_carea' id='block_1_110' title="bbox 2038 4683 3633 4757">
    <p class='ocr_par' dir='ltr' id='par_1_110' title="bbox 2038 4683 3633 4757">
     <span class='ocr_line' id='line_1_110' title="bbox 2038 4683 3633 4757; baseline -0.003 -18"><span class='ocrx_word' id='word_1_796' title='bbox 2038 4703 2180 4750; x_wconf 88' lang='grc' dir='ltr'>τινες</span> <span class='ocrx_word' id='word_1_797' title='bbox 2208 4687 2353 4757; x_wconf 83' lang='grc' dir='ltr'>ἡμᾶς</span> <span class='ocrx_word' id='word_1_798' title='bbox 2382 4687 2620 4755; x_wconf 79' lang='grc' dir='ltr'>γυμνοὺς</span> <span class='ocrx_word' id='word_1_799' title='bbox 2645 4685 2738 4738; x_wconf 77' lang='grc' dir='ltr'>τοῦ</span> <span class='ocrx_word' id='word_1_800' title='bbox 2769 4686 2909 4739; x_wconf 85' lang='grc' dir='ltr'>κατά</span> <span class='ocrx_word' id='word_1_801' title='bbox 2932 4685 3029 4756; x_wconf 83' lang='grc' dir='ltr'><strong>τὴν</strong></span> <span class='ocrx_word' id='word_1_802' title='bbox 3055 4683 3354 4757; x_wconf 78' lang='grc' dir='ltr'>ἱερωσύνην</span> <span class='ocrx_word' id='word_1_803' title='bbox 3383 4683 3633 4755; x_wconf 79' lang='grc' dir='ltr'>ἀξιώμα-</span> 
     </span>
    </p>
   </div>
   <div class='ocr_carea' id='block_1_111' title="bbox 2039 4774 3631 4846">
    <p class='ocr_par' dir='ltr' id='par_1_111' title="bbox 2039 4774 3631 4846">
     <span class='ocr_line' id='line_1_111' title="bbox 2039 4774 3631 4846; baseline 0 -17"><span class='ocrx_word' id='word_1_804' title='bbox 2039 4794 2128 4842; x_wconf 87' lang='grc' dir='ltr'><strong>τος</strong></span> <span class='ocrx_word' id='word_1_805' title='bbox 2156 4779 2239 4844; x_wconf 77' lang='grc' dir='ltr'><strong>ἐφ’</strong></span> <span class='ocrx_word' id='word_1_806' title='bbox 2287 4777 2514 4840; x_wconf 73' lang='grc' dir='ltr'>ἑαυτοὺς</span> <span class='ocrx_word' id='word_1_807' title='bbox 2557 4776 2822 4846; x_wconf 76' lang='grc' dir='ltr'>βλέποιεν,</span> <span class='ocrx_word' id='word_1_808' title='bbox 2859 4776 2912 4829; x_wconf 88' lang='grc' dir='ltr'><strong>τί</strong></span> <span class='ocrx_word' id='word_1_809' title='bbox 2940 4776 3033 4830; x_wconf 80' lang='grc' dir='ltr'><strong>τοῦ</strong></span> <span class='ocrx_word' id='word_1_810' title='bbox 3075 4776 3262 4845; x_wconf 81' lang='grc' dir='ltr'>ἐτέρου</span> <span class='ocrx_word' id='word_1_811' title='bbox 3294 4775 3475 4829; x_wconf 86' lang='grc' dir='ltr'>πλεῖον</span> <span class='ocrx_word' id='word_1_812' title='bbox 3509 4774 3631 4844; x_wconf 77' lang='grc' dir='ltr'>ἔχει</span> 
     </span>
    </p>
   </div>
   <div class='ocr_carea' id='block_1_112' title="bbox 2036 4865 3629 4939">
    <p class='ocr_par' dir='ltr' id='par_1_112' title="bbox 2036 4865 3629 4939">
     <span class='ocr_line' id='line_1_112' title="bbox 2036 4865 3629 4939; baseline -0.002 -19"><span class='ocrx_word' id='word_1_813' title='bbox 2036 4868 2064 4920; x_wconf 90' lang='grc' dir='ltr'><strong>ό</strong></span> <span class='ocrx_word' id='word_1_814' title='bbox 2092 4866 2307 4939; x_wconf 75' lang='grc' dir='ltr'>ἐτερος;</span> <span class='ocrx_word' id='word_1_815' title='bbox 2340 4865 2527 4935; x_wconf 85' lang='grc' dir='ltr'>γένος;</span> <span class='ocrx_word' id='word_1_816' title='bbox 2580 4866 2900 4932; x_wconf 81' lang='grc' dir='ltr'>παίδευσιν;</span> <span class='ocrx_word' id='word_1_817' title='bbox 2947 4865 3258 4935; x_wconf 72' lang='grc' dir='ltr'>ἐλευθερίαν</span> <span class='ocrx_word' id='word_1_818' title='bbox 3306 4866 3442 4935; x_wconf 72' lang='grc' dir='ltr'>πρὸς</span> <span class='ocrx_word' id='word_1_819' title='bbox 3494 4866 3629 4929; x_wconf 71' lang='grc' dir='ltr'>τοὺς</span> 
     </span>
    </p>
   </div>
   <div class='ocr_carea' id='block_1_113' title="bbox 2035 4957 3629 5030">
    <p class='ocr_par' dir='ltr' id='par_1_113' title="bbox 2035 4957 3629 5030">
     <span class='ocr_line' id='line_1_113' title="bbox 2035 4957 3629 5030; baseline 0.001 -21"><span class='ocrx_word' id='word_1_820' title='bbox 2035 4958 2289 5030; x_wconf 83' lang='grc' dir='ltr'>ἀρίστους</span> <span class='ocrx_word' id='word_1_821' title='bbox 2314 4975 2374 5010; x_wconf 87' lang='grc' dir='ltr'><strong>τε</strong></span> <span class='ocrx_word' id='word_1_822' title='bbox 2406 4959 2497 5011; x_wconf 64' lang='grc' dir='ltr'>καὶ</span> <span class='ocrx_word' id='word_1_823' title='bbox 2525 4957 2841 5028; x_wconf 79' lang='grc' dir='ltr'>εὐδοκίμους</span> <span class='ocrx_word' id='word_1_824' title='bbox 2865 4976 2878 5024; x_wconf 90' lang='grc'>;</span> <span class='ocrx_word' id='word_1_825' title='bbox 2905 4958 3140 5027; x_wconf 75' lang='grc' dir='ltr'>γνῶσινς</span> <span class='ocrx_word' id='word_1_826' title='bbox 3170 4958 3356 5013; x_wconf 80' lang='grc' dir='ltr'>Ταῦτα</span> <span class='ocrx_word' id='word_1_827' title='bbox 3384 4958 3415 5029; x_wconf 79' lang='grc' dir='ltr'>ἢ</span> <span class='ocrx_word' id='word_1_828' title='bbox 3447 4960 3505 5011; x_wconf 81' lang='grc' dir='ltr'><strong>ἐν</strong></span> 
     </span>
    </p>
   </div>
   <div class='ocr_carea' id='block_1_114' title="bbox 2037 5045 3607 5122">
    <p class='ocr_par' dir='ltr' id='par_1_114' title="bbox 2037 5045 3607 5122">
     <span class='ocr_line' id='line_1_114' title="bbox 2037 5045 3607 5122; baseline -0.02 -21"><span class='ocrx_word' id='word_1_829' title='bbox 2037 5051 2134 5121; x_wconf 73' lang='grc' dir='ltr'><strong>ἴσῳ</strong></span> <span class='ocrx_word' id='word_1_830' title='bbox 2177 5050 2269 5104; x_wconf 77' lang='grc' dir='ltr'><strong>καὶ</strong></span> <span class='ocrx_word' id='word_1_831' title='bbox 2317 5051 2446 5121; x_wconf 74' lang='grc' dir='ltr'>παρ’</span> <span class='ocrx_word' id='word_1_832' title='bbox 2475 5045 2604 5122; x_wconf 78' lang='grc' dir='ltr'>ἡμῖν</span> <span class='ocrx_word' id='word_1_833' title='bbox 2651 5050 2794 5103; x_wconf 77' lang='grc' dir='ltr'>ἔστιν</span> <span class='ocrx_word' id='word_1_834' title='bbox 2835 5050 3033 5121; x_wconf 79' lang='grc' dir='ltr'>εὑρεῖν,</span> <span class='ocrx_word' id='word_1_835' title='bbox 3073 5049 3106 5119; x_wconf 77' lang='grc' dir='ltr'><strong>ἢ</strong></span> <span class='ocrx_word' id='word_1_836' title='bbox 3156 5050 3372 5113; x_wconf 61' lang='grc' dir='ltr'><strong>πάντως</strong></span> <span class='ocrx_word' id='word_1_837' title='bbox 3403 5050 3504 5103; x_wconf 49' lang='grc' dir='ltr'><strong>οὐκ</strong></span> <span class='ocrx_word' id='word_1_838' title='bbox 3546 5051 3607 5102; x_wconf 63' lang='grc' dir='ltr'><strong>ἐν</strong></span> 
     </span>
    </p>
   </div>
   <div class='ocr_carea' id='block_1_115' title="bbox 2033 5142 3625 5212">
    <p class='ocr_par' dir='ltr' id='par_1_115' title="bbox 2033 5142 3625 5212">
     <span class='ocr_line' id='line_1_115' title="bbox 2033 5142 3625 5212; baseline 0.001 -18"><span class='ocrx_word' id='word_1_839' title='bbox 2033 5142 2302 5195; x_wconf 78' lang='grc' dir='ltr'>ἐλάσσονι.</span> <span class='ocrx_word' id='word_1_840' title='bbox 2341 5143 2502 5195; x_wconf 83' lang='grc' dir='ltr'>Ἀλλά</span> <span class='ocrx_word' id='word_1_841' title='bbox 2551 5142 2778 5203; x_wconf 77' lang='grc' dir='ltr'>πλοῦτον</span> <span class='ocrx_word' id='word_1_842' title='bbox 2806 5143 2985 5212; x_wconf 76' lang='grc' dir='ltr'>λέγεις</span> <span class='ocrx_word' id='word_1_843' title='bbox 3031 5143 3122 5212; x_wconf 76' lang='grc' dir='ltr'><strong>Μὴ</strong></span> <span class='ocrx_word' id='word_1_844' title='bbox 3149 5143 3360 5211; x_wconf 88' lang='grc' dir='ltr'>γένοιτο</span> <span class='ocrx_word' id='word_1_845' title='bbox 3403 5145 3481 5205; x_wconf 80' lang='grc' dir='ltr'>εἰς</span> <span class='ocrx_word' id='word_1_846' title='bbox 3524 5144 3625 5196; x_wconf 55' lang='grc' dir='ltr'><strong>ἀνθ</strong></span> 
     </span>
    </p>
   </div>
   <div class='ocr_carea' id='block_1_116' title="bbox 2039 5231 3625 5306">
    <p class='ocr_par' dir='ltr' id='par_1_116' title="bbox 2039 5231 3625 5306">
     <span class='ocr_line' id='line_1_116' title="bbox 2039 5231 3625 5306; baseline -0.004 -17"><span class='ocrx_word' id='word_1_847' title='bbox 2039 5235 2215 5306; x_wconf 77' lang='grc' dir='ltr'>ἀγκην</span> <span class='ocrx_word' id='word_1_848' title='bbox 2260 5235 2453 5301; x_wconf 85' lang='grc' dir='ltr'>ἐλθεῖν,</span> <span class='ocrx_word' id='word_1_849' title='bbox 2487 5234 2654 5287; x_wconf 78' lang='grc' dir='ltr'>ταῦτα</span> <span class='ocrx_word' id='word_1_850' title='bbox 2685 5233 2812 5304; x_wconf 72' lang='grc' dir='ltr'>περὶ</span> <span class='ocrx_word' id='word_1_851' title='bbox 2855 5233 3019 5286; x_wconf 75' lang='grc' dir='ltr'>αὐτοῦ</span> <span class='ocrx_word' id='word_1_852' title='bbox 3045 5231 3403 5303; x_wconf 73' lang='grc' dir='ltr'>διηγήσασθαι</span> <span class='ocrx_word' id='word_1_853' title='bbox 3433 5232 3465 5302; x_wconf 79' lang='grc' dir='ltr'><strong>ἢ</strong></span> <span class='ocrx_word' id='word_1_854' title='bbox 3493 5247 3625 5284; x_wconf 60' lang='grc' dir='ltr'>τοτα</span> 
     </span>
    </p>
   </div>
   <div class='ocr_carea' id='block_1_117' title="bbox 2039 5319 3625 5401">
    <p class='ocr_par' dir='ltr' id='par_1_117' title="bbox 2039 5319 3625 5397">
     <span class='ocr_line' id='line_1_117' title="bbox 2039 5319 3625 5397; baseline -0.002 -19"><span class='ocrx_word' id='word_1_855' title='bbox 2039 5325 2193 5378; x_wconf 79' lang='grc' dir='ltr'>οὖτον</span> <span class='ocrx_word' id='word_1_856' title='bbox 2238 5325 2398 5397; x_wconf 84' lang='grc' dir='ltr'>ἀρκεῖ</span> <span class='ocrx_word' id='word_1_857' title='bbox 2441 5326 2600 5396; x_wconf 85' lang='grc' dir='ltr'>μόνον</span> <span class='ocrx_word' id='word_1_858' title='bbox 2635 5326 2831 5389; x_wconf 82' lang='grc' dir='ltr'>εἰπεῖν,</span> <span class='ocrx_word' id='word_1_859' title='bbox 2856 5325 2977 5387; x_wconf 74' lang='grc' dir='ltr'>ὅσος</span> <span class='ocrx_word' id='word_1_860' title='bbox 3005 5319 3072 5394; x_wconf 82' lang='grc' dir='ltr'>ἧν</span> <span class='ocrx_word' id='word_1_861' title='bbox 3108 5323 3168 5375; x_wconf 75' lang='grc' dir='ltr'>τὸ</span> <span class='ocrx_word' id='word_1_862' title='bbox 3195 5323 3496 5395; x_wconf 80' lang='grc' dir='ltr'>καταρχὰς,</span> <span class='ocrx_word' id='word_1_863' title='bbox 3526 5323 3625 5375; x_wconf 73' lang='grc' dir='ltr'><strong>καὶ</strong></span> 
     </span>
    </p>
   </div>
   <div class='ocr_carea' id='block_1_118' title="bbox 2039 5417 3625 5488">
    <p class='ocr_par' dir='ltr' id='par_1_118' title="bbox 2039 5417 3625 5488">
     <span class='ocr_line' id='line_1_118' title="bbox 2039 5417 3625 5488; baseline -0.002 -17"><span class='ocrx_word' id='word_1_864' title='bbox 2039 5418 2132 5471; x_wconf 77' lang='grc' dir='ltr'><strong>νῦν</strong></span> <span class='ocrx_word' id='word_1_865' title='bbox 2159 5418 2281 5481; x_wconf 70' lang='grc' dir='ltr'>ὅσος</span> <span class='ocrx_word' id='word_1_866' title='bbox 2325 5418 2560 5486; x_wconf 86' lang='grc' dir='ltr'>ἐγένετο,</span> <span class='ocrx_word' id='word_1_867' title='bbox 2590 5419 2682 5472; x_wconf 72' lang='grc' dir='ltr'>καὶ</span> <span class='ocrx_word' id='word_1_868' title='bbox 2710 5418 3031 5473; x_wconf 85' lang='grc' dir='ltr'>καταλιπεῖν</span> <span class='ocrx_word' id='word_1_869' title='bbox 3064 5417 3243 5482; x_wconf 81' lang='grc' dir='ltr'>ἄλλοις</span> <span class='ocrx_word' id='word_1_870' title='bbox 3282 5417 3625 5488; x_wconf 72' lang='grc' dir='ltr'>ἀναζητῆσαι</span> 
     </span>
    </p>
   </div>
   <div class='ocr_carea' id='block_1_119' title="bbox 2037 5507 3621 5580">
    <p class='ocr_par' dir='ltr' id='par_1_119' title="bbox 2037 5507 3621 5580">
     <span class='ocr_line' id='line_1_119' title="bbox 2037 5507 3621 5580; baseline -0.02 -5"><span class='ocrx_word' id='word_1_871' title='bbox 2037 5509 2134 5579; x_wconf 76' lang='grc' dir='ltr'><strong>τῆς</strong></span> <span class='ocrx_word' id='word_1_872' title='bbox 2172 5509 2450 5578; x_wconf 72' lang='grc' dir='ltr'>αὒξήσεως</span> <span class='ocrx_word' id='word_1_873' title='bbox 2495 5507 2587 5562; x_wconf 85' lang='grc' dir='ltr'>τοῦ</span> <span class='ocrx_word' id='word_1_874' title='bbox 2622 5508 2851 5562; x_wconf 77' lang='grc' dir='ltr'>πλούτου</span> <span class='ocrx_word' id='word_1_875' title='bbox 2882 5510 2978 5572; x_wconf 79' lang='grc' dir='ltr'><strong>τὰς</strong></span> <span class='ocrx_word' id='word_1_876' title='bbox 3004 5509 3278 5580; x_wconf 75' lang='grc' dir='ltr'>ἀφορμὰς,</span> <span class='ocrx_word' id='word_1_877' title='bbox 3328 5508 3423 5561; x_wconf 68' lang='grc' dir='ltr'><strong>τοῦ</strong></span> <span class='ocrx_word' id='word_1_878' title='bbox 3458 5510 3621 5579; x_wconf 61' lang='grc' dir='ltr'>μέχρι</span> 
     </span>
    </p>
   </div>
   <div class='ocr_carea' id='block_1_120' title="bbox 2036 5599 3621 5671">
    <p class='ocr_par' dir='ltr' id='par_1_120' title="bbox 2036 5599 3621 5671">
     <span class='ocr_line' id='line_1_120' title="bbox 2036 5599 3621 5671; baseline -0.002 -18"><span class='ocrx_word' id='word_1_879' title='bbox 2036 5601 2128 5653; x_wconf 75' lang='grc' dir='ltr'><strong>τοῦ</strong></span> <span class='ocrx_word' id='word_1_880' title='bbox 2161 5600 2425 5670; x_wconf 83' lang='grc' dir='ltr'>παρόντος</span> <span class='ocrx_word' id='word_1_881' title='bbox 2454 5600 2548 5652; x_wconf 74' lang='grc' dir='ltr'>καὶ</span> <span class='ocrx_word' id='word_1_882' title='bbox 2589 5599 2709 5652; x_wconf 83' lang='grc' dir='ltr'>καθ’</span> <span class='ocrx_word' id='word_1_883' title='bbox 2755 5600 2990 5669; x_wconf 78' lang='grc' dir='ltr'>ἑκάστην</span> <span class='ocrx_word' id='word_1_884' title='bbox 3028 5599 3226 5671; x_wconf 79' lang='grc' dir='ltr'>μικροῦ</span> <span class='ocrx_word' id='word_1_885' title='bbox 3268 5600 3376 5652; x_wconf 89' lang='grc' dir='ltr'>δεῖν</span> <span class='ocrx_word' id='word_1_886' title='bbox 3406 5599 3621 5670; x_wconf 74' lang='grc' dir='ltr'>ἡμέραν</span> 
     </span>
    </p>
   </div>
   <div class='ocr_carea' id='block_1_121' title="bbox 2037 5690 3624 5764">
    <p class='ocr_par' dir='ltr' id='par_1_121' title="bbox 2037 5690 3624 5764">
     <span class='ocr_line' id='line_1_121' title="bbox 2037 5690 3624 5764; baseline 0 -17"><span class='ocrx_word' id='word_1_887' title='bbox 2037 5692 2125 5747; x_wconf 72' lang='grc' dir='ltr'>διὰ</span> <span class='ocrx_word' id='word_1_888' title='bbox 2155 5691 2262 5745; x_wconf 85' lang='grc' dir='ltr'><strong>τῶν</strong></span> <span class='ocrx_word' id='word_1_889' title='bbox 2294 5690 2473 5745; x_wconf 82' lang='grc' dir='ltr'>καλῶν</span> <span class='ocrx_word' id='word_1_890' title='bbox 2520 5690 2971 5763; x_wconf 79' lang='grc' dir='ltr'>ἐπιτηδευμάτων</span> <span class='ocrx_word' id='word_1_891' title='bbox 3010 5692 3381 5764; x_wconf 79' lang='grc' dir='ltr'>αὐξανομένου</span> <span class='ocrx_word' id='word_1_892' title='bbox 3420 5706 3482 5743; x_wconf 81' lang='grc' dir='ltr'><strong>τε</strong></span> <span class='ocrx_word' id='word_1_893' title='bbox 3524 5698 3624 5751; x_wconf 62' lang='grc' dir='ltr'>καὶ</span> 
     </span>
    </p>
   </div>
  </div>
