4002 6206
393 377 417 431 l
428 374 531 433 009

1604 393 1988 451 EPISTOLJ'I.
2014 425 2081 436 --
2106 394 2325 452 EPIST.
2365 399 2428 454 li.

3507 414 3645 471 lOlO

391 493 748 591 τρεφομένου.
777 495 872 591 Τίς
914 492 1007 553 οὖν
1047 500 1142 571 τῆς
1170 503 1291 556 καθ’
1323 505 1468 576 ἡμᾶς
1502 506 1710 579 ὕϐρεως
1738 513 1771 583 ἡ
1815 512 1970 579 ἐξου-

2080 510 2279 566 illatam
2313 512 2699 567 contumeliam
2732 510 2929 571 mereri
2960 517 3174 574 veniam
3206 520 3456 590 putetis?
3484 523 3643 591 Quod

388 582 503 677 σία,
533 588 582 637 εἰ
614 586 752 655 μήτε
785 588 973 655 γένους
1015 594 1275 667 ὑπεροχὴ,
1313 599 1448 667 μήτε
1478 598 1786 671 ἀξιώματος
1815 623 1971 677 περι-

390 674 642 768 ιρςιίνεια,Δ
672 680 806 768 μήτε
854 681 1082 751 δύναμις
1141 687 1553 757 ὑπερϐάλλουσα
1601 693 1780 764 λόγῳ,
1843 674 1969 768 pris"

390 762 680 832 εὐεργεσία
710 762 794 829 τις
825 770 1239 840 προῦπάρξασας
1275 774 1434 828 ὁπότε
1470 779 1562 830 καὶ
1595 780 1643 831 εί
1677 762 1854 835 ταῦτα
1876 762 1965 854 ἦν,

392 856 492 944 καὶ.
515 851 688 916 οὕτως
716 855 781 909 ἂν
808 857 868 910 τὸ
897 858 1037 912 κατὰ
1065 862 1162 931 τὴν
1202 863 1355 934 ὓϐριν
1388 866 1615 921 ἐπὶτῶν
1644 851 1963 944 ἐλευθέριόν,
1990 940 1993 941 ν

394 942 797 1035 ἀσύγγνιρστον.
845 948 1086 1019 Μηδενὸς
1132 953 1189 1006 δὲ
1236 956 1440 1010 τούτων
1468 958 1639 1026 ὄντος,
1674 963 1772 1015 οὐκ
1813 942 1966 1035 οἶμαι

393 1032 573 1096 καλῶς
602 1033 874 1107 ἔχειν-τὴν
907 1040 1176 1113 τοσαύτην
1200 1044 1294 1097 τοῦ
1328 1046 1497 1116 τύφου
1526 1050 1677 1103 νόσον
1711 1032 1970 1121 περιϊδεῖν

392 1123 784 1193 ἀθεράπευτον.
839 1130 1113 1199 Θεραπεία
1167 1133 1225 1186 δέ
1281 1135 1392 1189 ἐστι
1440 1137 1503 1190 τὸ
1552 1139 1824 1195 ἐπικλῖναι
1872 1143 1970 1214 τὴν

394 1215 790 1284 ὑπερηφανίαν,
818 1220 910 1272 καὶ
943 1221 1235 1278 διαστεῖλαι
1262 1226 1353 1283 τὸν
1386 1228 1628 1286 διάκενον
1662 1233 1847 1303 ὄγκον,
1882 1254 1972 1307 μι-

390 1307 525 1376 κρὸν
554 1309 999 1376 διαπνευσθέντος
1027 1314 1121 1367 τοῦ
1150 1317 1290 1372 κατὰ
1315 1321 1405 1375 τὸν
1434 1322 1601 1392 τύφον
1629 1328 1966 1397 φυσήματος.

2074 601 2121 656 si
2149 617 2216 656 ex
2250 603 2561 659 sacerdotio
2608 604 2847 674 dignitas
2877 610 3199 665 aestimanda
3239 615 3409 677 venit,
3457 630 3557 685 par
3585 624 3642 671 et

2072 692 2217 749 idem
2249 708 2281 748 a
2312 694 2535 765 Synch
2556 710 2884 753 concessum
2908 701 3129 771 utrique
3153 704 3506 775 privilegium
3533 718 3642 775 est,

2069 787 2153 840 vel
2186 786 2367 856 potius
2395 803 2527 843 cura
2561 791 2970 849 emendationis
3007 796 3261 864 publicae,
3300 798 3467 871 idque
3492 800 3545 855 in
3575 815 3643 856 eo

2068 880 2214 948 quod
2239 879 2363 949 jure
2391 881 2509 950 pari
2540 897 2664 937 esse
2684 882 2827 951 jussi
2874 902 3090 942 sumus.
3123 888 3280 954 Quod
3322 892 3371 947 si
3401 893 3498 962 qui
3543 907 3645 949 nos

2067 977 2222 1025 extra
2265 972 2571 1027 sacerdotii
2614 975 2962 1047 dignitatem,
3020 994 3276 1037 seorsum
3314 985 3642 1053 quemlibet,

2068 1061 2275 1117 intueri
2312 1065 2503 1130 velint,
2558 1066 2693 1136 quid
2742 1068 2981 1140 amplius
3021 1072 3163 1128 alter
3206 1074 3368 1130 habet
3426 1075 3649 1132 altero?

2068 1166 2262 1222 genus.
2311 1154 2757 1223 institutionem,
2798 1159 3195 1230 ingenuitatem
3257 1166 3517 1220 collatam
3577 1166 3647 1222 ad

2069 1244 2556 1313 praestantissimos
2599 1256 2654 1303 et
2684 1250 2869 1307 claros
2917 1268 3159 1324 quoque,
3210 1255 3497 1312 scientiam
3522 1257 3546 1310 ?
3570 1256 3648 1312 Ea

2068 1349 2196 1390 vero
2230 1337 2314 1392 vel
2348 1340 2501 1408 paria
2530 1342 2755 1411 reperiri
2777 1354 3014 1413 possunt
3037 1345 3094 1401 in
3123 1347 3305 1412 nobis,
3337 1349 3424 1404 vel
3450 1350 3646 1404 saltem

396 1399 583 1462 Ὅπως
613 1400 658 1452 δ’
689 1399 754 1453 ἂν
785 1402 992 1469 γένοιτο
1023 1405 1199 1472 τοῦτο,
1231 1409 1350 1483 Θεῷ
1390 1413 1630 1486 μελήσει.

2080 1443 2185 1485 non
2223 1431 2455 1485 minora.
2489 1430 2746 1490 Fortasse
2784 1435 2852 1491 de
2874 1436 3083 1494 divitiis
3118 1438 3312 1494 dicet?
3344 1437 3525 1494 Nolim
3553 1455 3643 1496 me

398 1496 540 1596 cogi,
578 1502 636 1549 ut
664 1495 778 1596 haec
809 1497 877 1552 de
911 1499 1031 1569 ipso
1055 1514 1501 1561 commemorem.
1531 1507 1645 1564 lloc
1715 1513 1878 1569 modo
1941 1514 2124 1575 dicere
2171 1520 2427 1587 sulliciat,
2500 1533 2723 1594 quanta:
2778 1525 2984 1582 fuerint
3037 1528 3143 1584 illa:
3220 1530 3402 1596 initio,
3452 1495 3633 1589 tantas

394 1587 559 1637 etiam
597 1587 756 1692 nobis
786 1602 935 1643 nunc
964 1604 1127 1647 esse:
1174 1604 1435 1664 praeterea
1475 1614 1578 1655 nos
1622 1601 1823 1670 quibus
1867 1609 2253 1667 occasionibus
2282 1628 2376 1668 eas
2445 1587 2585 1683 opes
2647 1617 3188 1686 ampliﬁcaverimus,
3253 1587 3399 1692 quas
3454 1587 3639 1678 hacte-

395 1692 504 1784 nus
527 1688 578 1734 et
604 1678 827 1784 quidem
875 1695 1040 1753 prope
1070 1689 1627 1784 quotidieprgeclaris
1683 1699 1977 1757 conatibus
2012 1718 2276 1775 augemus
2336 1678 2607 1779 quasique
2636 1678 2860 1776 alimus,
2892 1712 3017 1768 aliis
3061 1678 3486 1784 perquirendum
3548 1733 3637 1774 re-

395 1771 677 1875 linquere.
716 1772 1025 1875 Quamnam
1071 1780 1239 1850 igitur
1275 1782 1370 1837 ille
1425 1792 1754 1855 potestatem
1798 1789 1965 1846 habet
2006 1771 2308 1852 inferendae
2351 1771 2539 1855 'nobis
2573 1798 2809 1868 injuriae,
2845 1771 2891 1856 si
2924 1771 3078 1858 nulla
3114 1771 3230 1860 haec
3261 1804 3479 1875 generis
3549 1771 3639 1862 est

395 1870 737 1967 prro-stantia,
769 1885 946 1967 neque
978 1872 1261 1967 dignitatis
1299 1879 1578 1947 splendor,
1620 1898 1800 1952 neque
1840 1886 2037 1941 eximia
2078 1889 2299 1947 dicendi
2337 1892 2441 1957 vis,
2476 1908 2654 1962 neque
2705 1894 3077 1952 beneﬁcentia
3138 1870 3293 1965 prius
3350 1910 3482 1967 erga
3546 1911 3636 1952 me

395 1958 712 2014 declarata?
743 1963 1185 2035 quandoquidem
1241 1970 1459 2026 etiamsi
1492 1972 1607 2029 hzec
1639 1984 1847 2043 essent,
1917 1978 2279 2037 nihilominus
2338 1958 2639 2039 condonari
2702 1999 2813 2040 non
2875 1985 3036 2042 debet
3083 1958 3324 2043 exercita
3373 1958 3636 2043 adversus

396 2053 649 2113 homines
699 2057 979 2128 ingenuos
1042 2061 1362 2130 petulantia.
1414 2061 1621 2120 Verum
1677 2083 1802 2124 cum
1864 2069 2005 2126 nihil
2060 2072 2257 2128 borum
2311 2074 2419 2138 sit,
2469 2091 2579 2130 non
2619 2077 2860 2137 arbitror
2913 2086 3059 2134 recte
3101 2093 3205 2135 nos
3249 2076 3531 2145 facturos,
3583 2077 3635 2136 si

398 2153 608 2240 tantum
669 2149 850 2205 fastus
920 2151 1172 2207 morbum
1225 2154 1537 2210 incuratum
1592 2160 1951 2229 negligamus.
1989 2160 2181 2234 Neque
2211 2181 2342 2221 vero
2406 2166 2512 2221 alia
2547 2175 2728 2237 potest
2752 2183 2877 2224 esse
2925 2169 3162 2234 curatio,
3207 2183 3370 2240 quam
3438 2169 3486 2225 si
3541 2168 3638 2226 de-

395 2238 666 2310 primatur
714 2240 1003 2329 superbia,
1048 2249 1103 2297 et
1163 2242 1343 2299 inanis
1396 2244 1489 2299 ille
1541 2244 1718 2303 fastus
1767 2257 2109 2315 coerceatur,
2166 2251 2448 2309 inﬂatione
2494 2263 2603 2309 tam
2677 2256 2820 2312 elata
2862 2256 3117 2313 nonnihil
3168 2238 3506 2329 exspirante.
3568 2256 3642 2315 Ut

396 2335 577 2384 autem
614 2329 669 2384 id
699 2328 810 2396 ﬁat,
830 2329 941 2388 Deo
960 2333 1352 2404 permittimus,
1376 2336 1467 2390 cui
1496 2337 1637 2393 hanc
1658 2354 1777 2394 rem
1808 2354 1958 2396 curae
1995 2341 2236 2397 futuram
2273 2359 2383 2398 non
2419 2345 2760 2402 dubitamus.

963 2673 1305 2729 ΕΠΙΣΤΟΛΗ
1335 2677 1406 2731 B'.

2651 2674 2983 2733 EPISTOLA
3022 2677 3089 2733 ll.

822 2828 1166 2899 Reprehendit
1204 2832 1403 2887 abusus
1436 2842 1562 2888 tunc
1594 2836 1846 2905 temporis
1880 2838 1936 2890 in
1973 2836 2483 2907 peregrinationibus
2504 2834 2574 2889 ad
2603 2835 2720 2890 loca
2753 2845 2943 2891 sancta
2972 2834 3172 2891 obvios.

589 2986 731 3056 Περὶ
758 2987 878 3043 τῶν
919 2989 1219 3045 ἀπιόντων
1247 2993 1335 3057 εις
1370 2992 1776 3063 Ἰεροσόλυμα.

480 3079 810 3152 Ἐπειδήπερ
840 3078 1164 3152 ἠρώτησας,
1207 3076 1253 3137 ὧ
1281 3083 1424 3154 φίλε,
1464 3084 1553 3140 διὰ
1591 3085 1687 3139 τοῦ
1716 3086 1978 3158 γραμμαρ
2038 3070 2047 3077 ’

394 3189 510 3235 τος,
544 3171 777 3243 πρέπειν
803 3171 988 3244 ᾠήθην
1033 3173 1159 3244 περὶ
1208 3175 1424 3229 πάντων
1454 3193 1537 3230 σοι
1580 3176 1812 3247 καθεξῆς
1845 3178 1980 3232 ἀπο-

395 3262 709 3335 κρίνασθαι.
774 3261 915 3333 Ἐγὼ
945 3265 1071 3329 τοὺς
1106 3264 1251 3332 ἅπαξ
1289 3267 1701 3331 ἀνατεθεικότας
1751 3268 1979 3332 ἑαυτοὺς

394 3356 467 3424 τῇ
499 3354 676 3426 ὑψηλῇ
718 3355 984 3427 πολιτείᾳ,
1023 3356 1202 3420 καλῶς
1233 3356 1377 3428 ἔχειν
1402 3358 1545 3429 φημὶ
1589 3358 1724 3430 πρὸς
1753 3358 1852 3423 τὰς
1881 3357 1976 3412 τοῦ

396 3446 730 3515 Εὑαγγελίου
760 3446 845 3500 διὰ
869 3447 1066 3512 παντὸς
1095 3448 1420 3503 ἀποϐλέπειν
1440 3449 1621 3518 φωνάς
1638 3466 1651 3481 ο
1678 3449 1772 3503 καὶ
1790 3448 1978 3519 ὥσπερ

398 3541 449 3595 οἱ
474 3538 555 3609 τῷ
580 3540 763 3593 κανόνι
788 3540 848 3593 τὸ
876 3541 1231 3611 ὑποκείμενον
1264 3541 1676 3606 ἀπευθύνοντες,
1709 3541 1849 3595 κατὰ
1881 3542 1979 3612 τὴν

398 3630 495 3684 ἐπὶ
522 3630 616 3684 τοῦ
644 3630 865 3694 κανόνος
915 3630 1126 3685 εὐθεῖαν
1170 3632 1237 3686 τὰ
1265 3631 1454 3686 σκολιὰ
1497 3632 1567 3686 τὰ
1588 3633 1646 3685 ἐν
1676 3632 1862 3705 χερσὶν
1900 3633 1980 3695 εἰς

399 3721 671 3791 εὐθύτητα
742 3722 1197 3793 μεταϐάλλουσιν·
1259 3722 1431 3786 οὕτως
1468 3727 1764 3795 προσήκειν
1812 3721 1979 3794 ἠγοῦ-

403 3829 503 3882 μαι
540 3806 652 3865 οἶόν
710 3829 830 3865 τινα
859 3812 1059 3866 κανόνα
1111 3811 1270 3883 ὀρθὸν
1318 3813 1412 3865 καὶ
1461 3812 1839 3882 ὰδιάστροφον,
1883 3811 1982 3881 τὴν

400 3899 761 3970 ιύαγγελικὴν
791 3900 935 3968 λέγω
967 3901 1031 3971 δὴ
1075 3900 1371 3964 πολιτείαν,
1405 3900 1614 3965 τούτοις
1664 3901 1982 3959 ἐπιϐάλλον-

398 4009 521 4056 τας,
552 3992 672 4046 κατ’
700 3992 913 4063 ἐκείνην
944 3993 1079 4064 πρὸς
1103 3992 1193 4046 τὸν
1215 3992 1347 4046 Θεὸν
1370 3992 1787 4048 ἀπευθύνεσθαι.
1827 3993 1983 4046 Ἐπεὶ

401 4082 581 4137 τοίνυν
611 4084 715 4136 εἰσί
742 4100 886 4147 τινες
919 4083 1027 4136 τῶν
1057 4084 1147 4136 τὸν
1193 4085 1401 4154 μονήρη
1436 4084 1530 4137 καὶ
1572 4083 1840 4147 ἰδιάζοντα
1869 4082 1981 4153 βίον

405 4175 854 4247 ὲπανῃρημένων,
901 4169 981 4238 οἷς
1010 4176 1066 4228 ἐν
1097 4174 1250 4247 μέρει
1284 4175 1563 4239 εὐσεϐείας
1582 4175 1892 4245 νενόμισται
1921 4173 1983 4226 τὸ

402 4269 528 4330 τοὺς
566 4270 624 4320 ὲν
655 4267 1045 4338 Ἱεροσολύμοις
1097 4267 1294 4330 τόπους
1346 4267 1491 4329 ἰδεῖν,
1530 4269 1587 4320 ὲν
1614 4262 1695 4331 οἷς
1728 4266 1796 4320 τὰ
1841 4267 1978 4337 σύμ-

2339 2995 2418 3050 De
2456 2996 2522 3051 iis
2562 2996 2654 3066 qui
2698 2994 2895 3049 adeunt
2921 2992 3259 3065 Jerosolyma
3283 2991 3362 3065 (l)
3387 3033 3400 3048 .

2152 3085 2291 3152 Quia
2344 3100 2432 3140 me
2476 3083 2705 3154 rogasti,
2753 3083 2952 3147 amice,
3003 3096 3101 3152 per
3152 3080 3471 3152 epistolam,
3515 3080 3657 3139 mihi

2079 3176 2276 3231 ordine
2311 3174 2379 3230 de
2406 3175 2666 3228 omnibus
2704 3171 2803 3226 tibi
2840 3169 3282 3241 respondendum
3316 3168 3652 3227 existimavi.

2079 3264 2347 3340 Equidem
2391 3269 2487 3339 qui
2523 3267 2695 3323 semel
2729 3282 2793 3322 se
2830 3265 3013 3320 altiori
3054 3262 3273 3319 vivendi
3325 3264 3524 3319 rationi
3557 3264 3656 3321 de-

2079 3358 2358 3421 dicarunt,
2388 3372 2514 3411 cum
2544 3356 2625 3412 eis
2652 3355 2916 3427 praeclare
2946 3352 3031 3425 agi
3058 3367 3281 3414 censeo.
3313 3352 3360 3408 si
3393 3360 3656 3424 perpetuo

2080 3448 2147 3502 ad
2187 3446 2464 3517 Evangelii
2513 3460 2677 3501 voces
2708 3443 3069 3509 inducantur,
3114 3455 3181 3496 ac
3224 3450 3508 3513 tanquam,
3551 3442 3654 3514 qui

2078 3539 2271 3610 regula
2324 3537 2586 3608 quidquid
2642 3536 2985 3608 propositum
3050 3541 3137 3589 est
3197 3533 3479 3605 dirigunt,
3532 3532 3654 3611 ejus

2080 3630 2435 3696 rectitudine,
2484 3638 2730 3685 tortuosa
2765 3643 2889 3700 quae
2931 3627 2985 3681 in
3022 3625 3279 3681 manibus
3315 3625 3538 3691 habent,
3585 3626 3654 3679 ad

2081 3723 2469 3779 rectitudinem
2500 3721 2783 3776 adducunt
2816 3738 2833 3776 :
2862 3720 2937 3774 ita
2967 3716 3261 3774 convenire
3304 3716 3566 3780 arbitror,
3596 3727 3656 3771 ut

2078 3814 2248 3871 veluti
2283 3814 2580 3885 quamdam
2613 3812 2855 3885 regulam
2902 3819 3108 3867 rectam
3138 3818 3195 3865 et
3232 3808 3653 3874 immutabilem,

2080 3910 2450 3980 evangelicam
2491 3908 2616 3963 dico
2656 3907 2927 3978 politiam,
2971 3904 3058 3960 his
3089 3903 3466 3968 admoventes,
3497 3900 3659 3973 juxta

2081 4000 2230 4054 illam
2269 3998 2336 4053 ad
2365 3999 2535 4056 Deum
2568 3998 2891 4069 dirigamur.
2934 3996 3072 4052 Cum
3113 3996 3300 4065 itaque
3337 3996 3447 4051 sint
3482 3993 3653 4064 aliqui

2081 4106 2148 4148 ex
2179 4092 2246 4148 iis
2274 4091 2369 4162 qui
2404 4092 2709 4148 solitariam
2750 4099 2805 4145 et
2845 4090 3118 4160 privatam
3170 4088 3338 4141 vitam
3376 4085 3483 4142 sibi
3518 4084 3661 4140 dele-

2082 4193 2303 4257 gerunt,
2338 4185 2434 4255 qui
2485 4185 2539 4239 in
2573 4193 2731 4254 parte
2782 4182 3005 4253 pietatis
3054 4189 3262 4251 ponant
3298 4177 3658 4248 Jerosolymi-

2083 4285 2209 4332 tana
2253 4276 2375 4331 loca
2422 4277 2649 4342 vidisse,
2698 4275 2753 4328 in
2803 4272 3008 4343 quibus
3052 4272 3255 4326 indicia
3309 4270 3527 4326 Domini
3562 4269 3659 4323 ad-

405 4357 537 4411 ϐολα
570 4360 667 4427 τῆς
719 4358 805 4410 διὰ
837 4358 1037 4428 σαρκὸς
1073 4357 1365 4428 ἐπιδημίας
1389 4356 1483 4409 τοῦ
1523 4356 1726 4428 Κυρίου
1766 4359 1977 4428 ὁρᾶται,

2089 4377 2285 4422 ventus
2317 4382 2414 4437 per
2454 4379 2677 4419 carnem
2706 4342 3149 4433 conspiciuntur,
3179 4360 3441 4430 praeclare
3473 4373 3534 4415 se
3568 4374 3661 4416 res

404 4447 585 4510 καλῶς
612 4448 678 4501 ἂν
706 4447 819 4519 ἔχοι
847 4450 983 4520 πρὸς
1002 4450 1092 4502 τὸν
1119 4449 1319 4502 κανόνα
1346 4448 1561 4519 βλέπειν
1586 4466 1597 4477 ·
1630 4450 1720 4503 καὶ
1746 4451 1795 4503 εί
1815 4449 1979 4504 ταῦτα

2084 4460 2326 4523 habebit,
2365 4460 2411 4514 si
2458 4458 2522 4513 ad
2565 4457 2810 4527 regulam
2841 4456 3015 4525 ipsam
3057 4454 3442 4526 respiciamus,
3493 4452 3659 4521 idque

406 4540 654 4611 βούλεται
682 4544 715 4612 ὴ
743 4542 895 4612 παρὰ
921 4542 1029 4596 τῶν
1071 4542 1299 4596 ἐντολῶν
1331 4543 1686 4614 χειραγωγία,
1728 4546 1900 4598 ποιεῖν
1926 4545 1979 4597 τδ

2083 4551 2130 4607 si
2183 4551 2313 4605 velit
2364 4560 2760 4620 praceptorum
2806 4546 3028 4614 ductus,
3086 4553 3145 4600 ut
3197 4559 3336 4615 opus
3389 4541 3657 4597 faciamus

404 4630 586 4703 ἔργον,
633 4632 708 4696 ὼς
750 4634 1079 4705 πρόσταγμα
1116 4634 1343 4706 Κυρίου.
1384 4636 1447 4689 Et
1494 4636 1548 4690 δὲ
1597 4635 1702 4701 ἔξω
1733 4638 1851 4691 ἐστὶ
1877 4637 1979 4691 τῶν

2084 4644 2244 4714 quasi
2290 4641 2612 4696 mandatum
2643 4638 2860 4694 Domini
2889 4653 2902 4691 :
2937 4639 3023 4695 sin
3052 4647 3249 4709 praeter
3283 4635 3496 4690 Domini
3520 4650 3659 4705 pra:—

404 4724 634 4779 ιντολῶν
651 4725 745 4779 τοῦ
773 4726 1063 4793 Δεσπότου,
1088 4728 1187 4782 οὐκ
1201 4724 1318 4782 οἶδα
1337 4728 1390 4781 τί
1412 4731 1527 4783 ἐστι
1543 4730 1603 4783 τὸ
1622 4730 1979 4801 διατεταγμέ-

2086 4748 2243 4808 cepta
2292 4736 2346 4791 id
2406 4744 2667 4807 appareat
2725 4733 3125 4799 introductum,
3169 4732 3313 4787 haud
3369 4732 3487 4786 scio
3526 4729 3655 4800 quid

404 4836 495 4873 νον
519 4837 570 4873 τι
600 4819 775 4874 θέλειν
823 4824 996 4875 ποιεῖν
1055 4822 1215 4877 αὐτὸν
1254 4822 1448 4877 ἑαυτοῦ
1489 4823 1583 4877 τοῦ
1623 4822 1789 4877 καλοῦ
1820 4824 1979 4894 νόμον

2093 4827 2186 4892 sit,
2218 4824 2365 4896 quod
2404 4824 2684 4896 praecipiat
2713 4825 2851 4879 velle
2882 4823 3011 4892 quid
3037 4824 3273 4892 aliquem
3321 4820 3521 4885 facere,
3564 4820 3657 4890 qui

405 4910 705 4981 γινόμενον.
736 4913 911 4967 Ὅπου
940 4914 1323 4985 προσκαλεῖται
1346 4915 1480 4987 πρὸς
1499 4916 1599 4987 τὴν
1620 4916 1979 4987 κληρονομίαν

2088 4932 2147 4973 se
2205 4917 2310 4971 sibi
2353 4917 2528 4987 legem
2572 4914 2701 4969 boni
2736 4913 2929 4968 fecerit
2985 4913 3184 4983 ipsum.
3233 4911 3333 4967 Ubi
3383 4910 3451 4965 ad
3508 4911 3661 4981 regni

405 5002 503 5072 τῆς
540 5001 814 5072 βασιλείας
842 5006 949 5059 τῶν
978 5006 1220 5077 οὐρανῶν
1252 5009 1281 5059 ό
1301 5008 1499 5079 Κύριος
1529 5009 1655 5071 τοὺς
1676 5008 1979 5079 εὐλογημέ-

2082 5010 2346 5065 caelorum
2383 5007 2769 5067 hmreditatem
2798 5004 3240 5077 consequendam
3275 5013 3435 5060 vocat
3478 5003 3662 5057 Domi-

403 5109 551 5156 νους,
579 5094 641 5147 τὸ
668 5095 921 5149 ἀπελθεῖν
967 5099 1045 5161 είς
1089 5098 1432 5170 Ἰεροσόλυμα
1479 5100 1536 5151 ὲν
1565 5100 1675 5161 τοῖς
1698 5098 1979 5170 ¹κατορθώ-

2083 5116 2191 5155 nus
2223 5098 2563 5163 benedictos,
2599 5095 2993 5166 profectionem
3037 5096 3093 5150 in
3132 5094 3471 5166 JerOSolyma
3519 5096 3662 5148 inter

410 5203 574 5254 μασιν
602 5187 701 5241 οὐκ
731 5189 1138 5259 ἀπηρίθμησεν·
1170 5192 1300 5243 ὅπου
1336 5190 1426 5244 τὸν
1457 5190 1805 5261 μακαρισμὸν
1827 5190 1979 5258 διαγ-

406 5279 608 5347 γέλλει,
647 5281 744 5352 τὴν
793 5282 1047 5351 τοιαύτην
1094 5283 1327 5356 σπουδὴν
1364 5283 1426 5336 οὐ
1462 5282 1800 5353 περιέλαϐεν.
1828 5285 1894 5336 ⁸0
1924 5284 1981 5337 δὲ

412 5371 549 5441 μήτε
580 5374 845 5445 μακάριον
877 5377 1037 5437 ποιεῖ,
1065 5376 1201 5446 μήτε
1234 5375 1367 5449 πρὸς
1398 5375 1496 5447 τὴν
1529 5375 1804 5446 βασιλείαν
1830 5374 1983 5429 εὔθε-

405 5478 520 5525 τον,
554 5464 672 5517 ἀντὶ
706 5464 848 5528 τίνος
883 5466 1256 5532 σπουδάζεται,
1295 5469 1322 5520 ό
1359 5467 1481 5521 νοῦν
1519 5468 1655 5538 ἔχων
1685 5466 1983 5536 ἐπισκεψά-

408 5554 542 5609 σθω.
597 5557 707 5610 Καὶ
748 5558 797 5610 εἰ
831 5557 931 5627 μὲν
964 5559 1240 5629 ὲπωφελὲς
1269 5555 1337 5631 ἦν
1369 5560 1429 5613 τὺ
1458 5561 1760 5631 γινόμενον,
1787 5559 1885 5612 οὐκ
1913 5553 1979 5628 ἦν

404 5645 529 5699 οὐδὲ
554 5647 725 5712 οὕτως
758 5649 919 5703 καλὸν
974 5651 1120 5722 παρὰ
1162 5651 1270 5706 τῶν
1308 5651 1527 5707 τελείων
1560 5650 1975 5715 σπουδάζεσθαι.

2086 5199 2232 5245 recte
2266 5189 2431 5254 facta,
2465 5204 2587 5259 quae
2614 5202 2680 5244 eo
2706 5187 2964 5258 dirigant,
2991 5203 3101 5243 non
3132 5187 3478 5243 enumeravit
3512 5204 3526 5243 :
3564 5186 3655 5240 ubi

2087 5282 2480 5337 beatitudinem
2533 5281 2845 5347 annuntiat,
2894 5279 3000 5335 tale
3060 5279 3324 5343 studium,
3377 5279 3656 5348 talemque

2090 5387 2314 5441 operam
2370 5387 2477 5424 non
2531 5380 2618 5426 est
2668 5370 3009 5440 complexus.
3039 5371 3196 5436 Quod
3249 5378 3428 5424 autem
3485 5384 3663 5438 neque

2090 5462 2306 5516 beatum
2338 5462 2521 5521 etlicit,
2559 5475 2740 5529 neque
2779 5459 2846 5513 ad
2894 5476 3120 5531 regnum
3173 5458 3518 5515 conducibile
3551 5468 3665 5526 est,

2087 5569 2256 5625 quare
2287 5554 2339 5608 in
2374 5568 2439 5608 eo
2470 5542 2805 5608 studium'et
2846 5567 3068 5623 operam
3103 5552 3230 5622 poni
3263 5560 3531 5622 oporteat,
3565 5552 3660 5620 qui

2087 5654 2324 5701 mentem
2374 5646 2575 5711 habet,
2624 5645 2956 5702 consideret.
3009 5646 3170 5716 Atqui
3232 5648 3358 5701 licet
3413 5643 3465 5698 id
3521 5660 3663 5714 opus

2037 5734 2168 5783 α’

478 5828 557 5900 (Ι)
578 5828 789 5886 Incerto
820 5829 1131 5901 interprete.
1152 5861 1200 5871 —
1234 5829 1334 5888 Ed.
1363 5831 1515 5899 t658,
1549 5830 1634 5901 ltl,
1663 5832 1785 5888 65!.
1812 5860 1874 5872 —
1891 5827 2276 5901 Cl'..Gretscri,
2306 5827 2435 5886 Soc.
2462 5825 2616 5898 Iesu,
2641 5826 2813 5897 Notze,
2834 5827 2902 5885 ad
2924 5827 3133 5885 calcem
3156 5825 3323 5899 hujus
3346 5822 3667 5880 voluminis.
