4002 6206
338 353 473 421 {0H

1578 357 1636 414 S.
1669 356 2001 416 GREGORII
2022 359 2318 418 NYSSENI

3473 372 3619 428 1012

336 477 593 533 utilitatis
632 475 762 547 quid
794 474 1043 543 haberet,
1092 492 1162 533 ne
1212 477 1294 534 sic
1329 478 1552 550 quidem
1599 482 1832 539 honeste
1884 499 1917 539 a

2032 488 2184 542 Ἐπεὶ
2200 488 2258 541 δὲ
2276 487 2821 560 καταμανθανόμενον
2836 488 2905 542 δι’
2925 487 2997 542 ἀκ
3005 487 3209 558 ριϐείας
3226 488 3287 543 τδ
3302 491 3619 562 γινόμενον,

338 566 600 638 perfectis
650 567 834 623 studio
864 568 1092 640 dignum
1141 568 1318 625 videri
1363 571 1611 626 deberet.
1644 570 1921 639 Quoniam

335 668 521 715 autem
564 658 620 713 id
674 658 880 715 factum
937 661 1231 731 diligenter
1281 663 1679 731 examinatum,
1736 668 1923 725 animo

339 750 732 809 detrimentum
783 752 1065 817 conciliat,
1120 751 1190 807 iis
1229 752 1325 822 qui
1358 754 1485 807 vita:
1541 764 1800 813 accurate
1827 757 1926 813 de-

337 844 529 914 gendae
554 845 897 908 incumbunt.
937 845 1102 915 longe
1136 845 1321 901 studio
1349 846 1635 919 indignum
1660 860 1744 905 est
1772 865 1789 906 :
1813 849 1924 911 imo

339 937 578 1000 maxime
612 937 942 1001 cavendum,
984 944 1046 991 ut;
1093 938 1231 993 nihil
1272 937 1341 993 ab
1371 953 1436 994 eo
1464 939 1695 995 laedatur
1717 941 1789 1006 is,
1826 941 1922 1012 qui

339 1022 644 1093 sesundum
694 1029 863 1086 Deum
916 1031 1083 1085 vitam
1131 1030 1378 1087 instituit
1438 1031 1730 1103 agendam.
1779 1033 1921 1100 Quid

337 1122 511 1192 igitur
557 1131 644 1178 est
690 1122 749 1177 in
805 1122 896 1178 his
947 1122 1096 1191 quod
1132 1122 1337 1178 laedat?
1383 1122 1587 1180 Sancta
1632 1134 1688 1181 et
1736 1128 1924 1198 gravis

338 1214 466 1272 vita:
512 1212 787 1269 institutio
827 1213 1019 1270 eadem
1053 1217 1313 1273 omnibus
1354 1223 1409 1272 et
1435 1216 1569 1273 viris
1617 1224 1674 1273 et
1705 1217 1924 1277 feminis

337 1309 624 1383 proposita
655 1315 763 1365 est.
791 1307 1098 1365 Peculiaris
1130 1318 1217 1367 est
1242 1310 1372 1367 vitae
1401 1311 1796 1383 philosophicas
1827 1312 1926 1367 ho-

339 1410 533 1461 nestas
588 1410 645 1458 et
689 1404 961 1460 castitas:
994 1419 1117 1474 qua:
1165 1403 1224 1458 in
1257 1404 1369 1459 vita
1421 1418 1524 1467 sua
1583 1418 1761 1477 eaque
1812 1420 1924 1462 non

339 1499 509 1559 mista
542 1510 608 1551 ac
635 1496 868 1553 seorsim
901 1505 1025 1553 acta
1065 1492 1517 1563 consummatur,
1534 1499 1608 1553 ita
1635 1506 1695 1553 ut
1726 1499 1927 1570 imper-

337 1587 510 1645 mista
544 1589 639 1668 sit,
671 1599 727 1645 et
763 1590 992 1645 minime
1014 1590 1246 1646 confusa
1279 1599 1518 1646 natura:
1553 1607 1734 1662 neque
1767 1592 1927 1647 temi-

337 1688 429 1743 nis
468 1687 523 1742 in
552 1688 896 1743 consortium
935 1688 1206 1755 virorum,
1241 1702 1422 1759 neque
1448 1687 1587 1743 viris
1620 1687 1676 1742 in
1724 1686 1924 1743 mulie-

336 1793 463 1834 rum
517 1778 586 1833 ad
613 1778 816 1834 tuenda
851 1779 1124 1836 castitatis
1155 1788 1210 1835 et
1249 1780 1555 1837 honestatis
1581 1778 1758 1834 officia
1786 1794 1926 1834 con-

335 1871 717 1934 tendentibus.
749 1871 821 1925 At
850 1886 985 1927 vero
1009 1872 1225 1926 itineris
1258 1871 1592 1928 conficiendi
1619 1871 1925 1928 necessitas

336 1978 622 2033 nunquam
657 1977 767 2017 non
802 1961 1122 2033 diligentem
1156 1963 1211 2017 in
1244 1963 1330 2019 his
1348 1963 1715 2019 observandis
1747 1962 1920 2018 indif-

337 2056 629 2115 ferentiam
659 2055 905 2110 adducit.
945 2052 1082 2109 Nam
1114 2062 1328 2110 tantam
1367 2056 1510 2111 viam
1544 2056 1771 2123 femina,
1816 2057 1926 2113 nisi

336 2146 433 2216 qui
492 2159 613 2201 eam
663 2150 977 2208 conservet,
1022 2144 1246 2208 habeat,
1301 2160 1629 2215 percurrere
1683 2149 1921 2218 nequit:

337 2249 455 2294 tum
473 2238 602 2309 quia
623 2247 848 2309 propter
874 2238 1185 2293 naturalem
1214 2237 1649 2295 imbecillitatem
1670 2239 1924 2312 jumento

338 2328 670 2401 imponenda
701 2339 808 2394 est,
849 2329 1110 2399 illincque
1149 2327 1518 2399 deponenda:
1552 2340 1667 2388 tum
1697 2333 1828 2402 quia
1865 2331 1922 2387 in

338 2424 758 2481 difﬁcultatibus
802 2421 1008 2478 tuenda
1054 2435 1120 2476 ac
1170 2421 1463 2480 servanda.
1499 2422 1778 2496 Quidquid
1822 2441 1923 2480 au-

337 2528 446 2574 tem
480 2533 796 2590 supponere
824 2519 1126 2589 possimus,
1166 2519 1285 2575 sive
1310 2525 1499 2573 notum
1530 2518 1716 2586 habet,
1746 2518 1839 2590 qui
1871 2520 1925 2574 ei

335 2616 563 2679 praestet
600 2609 951 2679 obsequium,
1002 2608 1120 2665 sive
1150 2609 1579 2675 mercenarium,
1617 2609 1712 2681 qui
1741 2608 1923 2666 famu-

288 2746 292 2751 .
335 2699 502 2760 letur.
530 2715 598 2753 ex
634 2707 868 2767 utraque
900 2710 1055 2769 parte
1089 2699 1239 2770 quod
1282 2698 1395 2764 fiet,
1427 2701 1921 2770 reprehensionem

335 2808 448 2847 non
475 2774 719 2861 effugiet.
754 2791 890 2846 Nam
930 2791 1049 2848 sive
1088 2798 1319 2847 externo
1346 2806 1409 2847 se
1435 2793 1769 2860 committat,
1806 2794 1925 2850 sive
1970 2844 1973 2845 ν

336 2881 643 2941 domestico
699 2879 1102 2951 acquiescen‘s;
1177 2883 1533 2938 continentiae
1586 2883 1759 2954 legem
1811 2900 1921 2941 non

336 2980 652 3028 conservat.
703 2973 842 3028 Cum
889 2981 1072 3029 autem
1121 2972 1179 3028 in
1222 2972 1362 3028 locis
1403 2974 1514 3029 illis
1546 2972 1922 3032 Orientalibus

334 3063 641 3120 diversoria
680 3073 750 3121 et'
786 3064 1046 3135 hospitia,
1097 3065 1379 3137 urbesque
1420 3067 1475 3121 in
1516 3059 1705 3124 multis
1749 3067 1920 3123 licen-

2025 581 2119 634 καὶ
2145 579 2380 652 ψυχικὴν
2433 581 2827 652 προστρίϐεται
2876 580 3083 651 βλάϐην
3119 583 3232 645 τοῖς
3271 581 3365 635 τδν
3409 583 3620 661 ἀκριϐῆ

2026 671 2141 743 βίον
2198 674 2643 746 ἐνστησαμένοις,
2687 673 2790 727 οὐκ
2834 672 2949 726 ἔστι
2990 672 3092 743 τῆς
3125 674 3344 745 μακρᾶς
3377 675 3622 744 σπουδῆς

2024 768 2193 833 ἀξιον.
2227 766 2363 821 ἀλλὰ
2416 767 2518 837 τῆς
2552 766 2817 839 μεγίστης
2850 765 3121 836 φυλακῆς,
3154 764 3232 829 ὡς
3285 766 3471 836 μηδενὶ
3504 767 3617 819 τῶν

2024 858 2516 914 καταϐλαπτόντων
2540 860 2568 912 ό
2586 857 2729 912 κατὰ
2750 858 2885 912 Θεὸν
2914 857 3299 929 προῃρημένος
3322 858 3419 928 ζῇν
3452 876 3613 930 περι-

2025 950 2284 1019 πείροιτο.
2339 949 2404 1002 Τί
2454 943 2548 1002 οὖν
2595 951 2743 1003 ἐστιν
2789 949 2848 1002 ἐν
2893 945 3105 1010 τούτοις
3138 946 3201 998 τὸ
3230 945 3506 1015 summ;
3547 946 3616 1000 Ἠ

2026 1040 2198 1111 σεμνὴ
2233 1039 2475 1093 πολιτεία
2502 1041 2634 1094 πᾶσι
2678 1038 2985 1111 πρόκειται,
3018 1039 3111 1091 καὶ
3143 1037 3370 1111 ἀνδράσι
3404 1030 3502 1092 καὶ
3528 1056 3621 1107 γυ-

2024 1131 2222 1196 ναιξὶν,
2256 1132 2388 1186 ίδιον
2433 1130 2529 1185 τοῦ
2557 1130 2698 1185 κατά
2738 1130 3059 1200 φιλοσοφίαν
3098 1129 3237 1199 βίου,
3280 1131 3315 1202 ἡ
3347 1129 3625 1200 εὐσχημο-

2027 1224 2162 1295 σύνη
2184 1240 2199 1255 ο
2251 1222 2388 1296 αῦτη
2425 1222 2482 1277 δέ
2525 1223 2583 1276 ἐν
2620 1222 2700 1294 τῷ
2733 1222 2950 1295 ἀμίκτῳ
2984 1222 3081 1276 καὶ
3113 1222 3366 1288 ἰδιάζοντι
3392 1223 3493 1295 βίῳ
3516 1225 3627 1294 τῆς

2026 1317 2170 1389 ζωῆς
2216 1314 2597 1388 κατορθοῦται,
2635 1314 2712 1379 ὡς
2760 1316 3115 1387 ἀνεπίμικτον
3163 1315 3258 1369 καὶ
3307 1315 3625 1387 ἀσύγχυτον

2026 1407 2165 1466 εἶναι
2205 1411 2305 1483 τὴν
2344 1410 2527 1479 φύσιν,
2593 1397 2883 1481 μήτετῶν
2945 1409 3222 1478 γυναικῶν
3261 1412 3317 1463 ἐν
3360 1411 3621 1481 ἀνδράσι,

2029 1505 2169 1576 μήτε
2194 1503 2302 1557 τῶν
2352 1499 2580 1574 ἀνδρῶν’
2621 1504 2679 1555 ἐν
2706 1501 2920 1571 γυναιξὶ
2950 1501 3088 1574 πρὸς
3120 1500 3187 1554 τά
3232 1519 3624 1574 παρατετηρη-

2031 1597 2170 1668 μένα
2196 1597 2293 1669 τῆς
2326 1595 2740 1668 εὐσχημοσύνης
2769 1580 3086 1668 ὁρμώντων.
3124 1595 3264 1648 Ἀλλ’
3301 1598 3335 1666 ἡ
3367 1597 3464 1667 τῆς
3482 1597 3623 1651 650t-

2029 1690 2226 1761 πυρίας
2256 1691 2468 1762 ἀνάγκη
2498 1691 2584 1745 ἀεὶ
2612 1692 2709 1763 τὴν
2740 1694 2798 1745 ἐν
2828 1690 3040 1753 τούτοις
3057 1689 3342 1762 ἀκρίϐειαν
3366 1690 3623 1764 καὶπρὸς

2028 1781 2351 1855 ἀδιαφορίαν
2399 1781 2506 1837 τῶν
2559 1800 2842 1854 παρατετη
2852 1800 2917 1854 ρη
2927 1782 3102 1852 μένων
3149 1782 3272 1851 ἄγει
3292 1798 3307 1813 '
3334 1783 3621 1854 ἀμήχανον

2029 1875 2138 1948 γάρ
2187 1876 2410 1944 γυναικὶ
2456 1875 2729 1947 τοσαύτην
2764 1875 2882 1929 ὁδὸν
2945 1875 3282 1946 διαδραμεῖν,
3326 1876 3377 1928 εί
3413 1876 3488 1946 μὴ
3524 1877 3621 1929 τὸν

2027 1965 2362 2031 διασώζοντα
2402 1967 2535 2038 ἔχοι,
2578 1967 2673 2021 καὶ
2695 1967 2785 2021 διὰ
2807 1966 2904 2038 τὴν
2929 1966 3161 2038 φυσικὴν
3184 1967 3466 2021 ἀσθένειαν
3492 1968 3620 2022 ἀνα-

2025 2057 2232 2129 γομένη
2261 2059 2365 2111 ὑπὸ
2390 2057 2451 2111 τὸ
2488 2055 2806 2127 ὑποζύγιον,
2839 2056 3094 2112 κάκεῖθεν
3124 2056 3492 2128 καταγομένη,
3519 2058 3613 2110 καὶ

2024 2149 2082 2202 ἐν
2123 2151 2245 2213 ταῖς
2293 2147 2632 2221 δυσχερείαις
2675 2147 3191 2220 παρακρατουμένη.
3240 2148 3418 2219 Ὅπερ
3468 2147 3512 2200 δ’
3543 2147 3613 2201 ἂν

2024 2238 2372 2310 ύποθώμεθα,
2425 2241 2535 2293 είτε
2586 2238 2863 2311 γνώριμον
2896 2238 3009 2310 ἔχει
3055 2239 3148 2292 τὸν
3179 2237 3279 2311 τὴν
3313 2238 3617 2310 θεραπείαν

2021 2331 2463 2404 ἀποπληροῦντα,
2496 2332 2606 2386 εἴτε
2639 2331 2909 2403 μισθωτὸν
2933 2331 3025 2385 τὸν
3050 2331 3149 2403 τὴν
3176 2330 3452 2386 διακονίαν
3468 2350 3613 2404 παρ-

2021 2428 2303 2499 εχόμενον,
2333 2428 2456 2482 καθ’
2519 2428 2778 2500 ἐκάτερον
2831 2426 2998 2499 μέρος
3058 2427 3119 2480 ού
3175 2425 3456 2496 διαφεύγει
3509 2426 3613 2496 τὴν

2026 2517 2232 2589 μέμψιν
2277 2517 2338 2570 τὸ
2389 2517 2709 2588 γινόμενον·
2768 2513 2891 2569 οὔτε
2943 2514 3051 2587 γὰρ
3100 2514 3181 2585 τῷ
3230 2513 3359 2586 ξένῳ
3405 2515 3611 2585 ἐαυτήν

2024 2608 2546 2682 προσαναπαύουσα,
2580 2605 2703 2660 οὔτε
2729 2605 2806 2678 τῷ
2842 2605 2978 2677 ἰδίῳ,
3009 2606 3100 2659 τὸν
3125 2607 3225 2677 τῆς
3258 2604 3607 2677 σωφροσύνης

2024 2702 2278 2771 φυλάττει
2311 2700 2493 2771 νόμον.
2536 2698 2656 2753 Τῶν
2680 2698 2737 2752 δὲ
2774 2697 2918 2752 κατά
2952 2699 3079 2762 τοὺς
3124 2696 3489 2761 Ἀνατο).ικοί›ς
3512 2696 3608 2750 τόο

2023 2811 2158 2857 πους
2178 2792 2508 2864 πανδοχείων
2527 2791 2621 2846 καὶ
2643 2789 2847 2846 καταλυ
2856 2790 3039 2862 μάτων
3057 2831 3073 2855 ,
3092 2790 3188 2844 καὶ
3211 2790 3415 2844 πόλεων
3434 2788 3611 2842 πολλά

2022 2887 2120 2958 τὴν
2144 2886 2326 2941 ἄδειαν
2346 2884 2598 2957 καὶπρὸς
2613 2884 2671 2938 τὸ
2693 2885 2860 2939 κακὸν
2888 2884 2987 2955 τὴν
3006 2883 3327 2954 ἀδιαφορίαν
3351 2882 3610 2953 ἐχόντων,

2020 2976 2141 3039 πῶς
2171 2974 2323 3029 ἔσται
2377 2974 2602 3029 δυνατὸν
2627 2972 2716 3027 διά
2741 2974 2947 3027 καπνοῦ
2996 2973 3266 3046 παριόντα
3298 2971 3372 3042 μὴ
3408 2972 3613 3045 δριμυ-

2019 3067 2215 3140 χθῆναι
2246 3065 2347 3130 τὰς
2369 3064 2560 3135 δψειςς
2593 3065 2766 3117 Ὅπου
2798 3062 3084 3135 μολύνεται
3116 3064 3214 3135 μὲν
3240 3063 3400 3134 ἀκοὴ,
3440 3063 3604 3134 μολύ-

332 3157 468 3212 tiam
502 3166 555 3215 et
588 3157 655 3213 ad
689 3158 895 3214 malum
933 3158 1360 3217 indifferentiam
1389 3162 1652 3227 habeant,
1677 3161 1770 3234 qui
1797 3161 1916 3218 fieri

2025 3174 2170 3211 νεται
2196 3154 2253 3210 δὲ
2282 3154 2578 3224 ὀφθαλμὸς,
2606 3152 2891 3223 μολύνεται
2907 3152 2962 3206 δέ
2985 3151 3201 3225 καρδία,
3221 3151 3289 3204 δι’
3309 3149 3611 3222 ὀφθαλμῶν

333 3251 562 3321 poterit,
593 3256 655 3304 ut
694 3249 790 3321 qui
834 3265 933 3320 per
966 3247 1177 3305 fumum
1223 3251 1492 3317 ambulet,
1531 3266 1644 3307 non
1685 3266 1921 3323 exaspe—

332 3348 494 3397 retur
546 3340 766 3397 oculis?
823 3339 930 3396 Ubi
992 3341 1321 3412 inquinatur
1362 3343 1537 3408 auris,
1595 3341 1921 3412 inquinatur

331 3432 554 3496 oculus,
596 3431 924 3504 inquinatur
953 3438 1008 3488 et
1057 3446 1177 3496 cor.
1210 3448 1309 3503 per
1337 3433 1531 3489 oculos
1572 3439 1628 3488 et
1667 3432 1919 3488 auditum

332 3523 574 3580 nefanda
610 3523 915 3595 excipiens,
964 3525 1057 3596 qui
1113 3524 1230 3582 fieri
1273 3525 1500 3596 poterit,
1535 3532 1597 3580 ut
1651 3539 1759 3580 non
1803 3523 1920 3579 affi-

333 3619 536 3683 ciatur,
566 3618 661 3688 qui
706 3617 902 3674 affecta
950 3617 1073 3674 loca
1113 3618 1569 3690 transgreditur?
1613 3616 1757 3685 Quid
1788 3632 1920 3673 vero

332 3711 499 3767 etiam
531 3711 656 3780 plus
683 3718 770 3767 est
813 3710 1128 3779 habiturus,
1156 3710 1253 3782 qui
1295 3711 1417 3767 loca
1448 3711 1541 3766 illa
1577 3711 1713 3774 adit,
1757 3708 1919 3781 quasi

332 3815 470 3855 vero
500 3802 805 3856 etiamnum
850 3799 1118 3857 Dominus
1144 3800 1507 3872 corporaliter
1535 3801 1593 3857 in
1629 3800 1767 3856 locis
1805 3798 1919 3855 illis

333 3891 518 3961 degat,
558 3896 725 3961 atque
752 3905 797 3945 ‘a
840 3890 1000 3948 nobis
1053 3890 1294 3948 abierit:
1328 3901 1426 3946 aut
1471 3892 1642 3947 veluti
1691 3897 1918 3948 sanctus

334 3983 577 4055 Spiritus
632 3981 774 4053 apud
820 3980 1317 4055 Jerosolymitanos
1363 3984 1628 4049 abundet,
1682 3983 1750 4038 ad
1814 3998 1918 4039 nos

333 4086 515 4137 autem
568 4077 812 4132 transire
867 4091 978 4131 non
1012 4078 1230 4147 possit?
1274 4076 1456 4148 Atque
1495 4076 1539 4132 si
1565 4091 1631 4131 ex
1681 4075 1752 4131 iis
1795 4090 1919 4146 qua:

327 4169 755 4242 conspiciuntur
798 4169 891 4226 Dei
928 4169 1278 4239 praesentiam
1313 4169 1592 4239 conjicere
1630 4159 1780 4235 licet,
1817 4183 1921 4238 po-

332 4266 443 4323 tius
492 4265 549 4320 in
606 4266 833 4319 natione
876 4262 1262 4335 Cappadocum
1317 4261 1488 4318 Deum
1542 4275 1754 4315 moram
1803 4267 1919 4313 tra-

329 4358 465 4413 here
499 4357 627 4428 quis
681 4356 965 4415 statuerit.
994 4369 1162 4425 quam
1198 4355 1253 4408 in
1298 4354 1544 4410 externis
1587 4353 1745 4409 locis.
1776 4352 1914 4408 Nam

330 4460 466 4518 qnet
514 4456 646 4504 sunt
685 4449 739 4502 in
779 4448 847 4504 iis
880 4447 1101 4509 altaria,
1152 4461 1250 4516 per
1279 4461 1403 4516 quae
1451 4445 1665 4500 Domini
1713 4460 1915 4500 nomen

2027 3250 2120 3303 καὶ
2163 3249 2331 3319 ἀκοῆς
2377 3244 2641 3317 δεχομένη
2680 3245 2749 3299 τὰ
2792 3244 3003 3298 ἄτοπα·
3063 3243 3179 3305 πῶς
3204 3242 3358 3297 ἔσται
3385 3241 3611 3296 δυνατὸν

2027 3340 2254 3405 ἀπαθῶς
2305 3338 2594 3412 παρελθεῖν
2625 3340 2750 3401 τοὺς
2776 3337 3040 3409 ἐμπαθεῖς
3065 3336 3265 3400 τόπους
3289 3352 3304 3402 ;
3327 3333 3394 3389 Τί
3426 3336 3484 3390 δὲ
3513 3337 3610 3389 καὶ

2026 3431 2188 3485 πλέον
2219 3426 2329 3495 ἔξει
2378 3431 2407 3482 ό
2453 3429 2514 3482 ἐν
2563 3430 2676 3491 τοῖς
2706 3427 2891 3492 τόποις
2928 3429 3157 3493 ἐκείνοις
3193 3429 3500 3501 γενόμενος,
3525 3425 3610 3489 ὡς

2029 3525 2192 3596 μέχρι
2226 3522 2320 3576 τοῦ
2343 3521 2438 3576 νῦν
2463 3519 2791 3592 σωματικῶς
2814 3519 2908 3574 τοῦ
2937 3520 3142 3591 Κυρίου
3166 3520 3222 3573 ἐν
3242 3520 3470 3583 ἐκείνοις
3491 3522 3614 3584 τοῖς

2025 3615 2211 3679 τόποις
2255 3613 2553 3682 διάγοντος,
2589 3611 2747 3683 ἡμῶν
2783 3612 2841 3666 δὲ
2870 3610 3275 3680 ἀποφοιτῶντος
3301 3626 3314 3639 ο
3340 3610 3373 3680 ἢ
3402 3609 3477 3673 ὡς
3507 3606 3610 3662 τοῦ

2024 3707 2182 3776 ἁγίου
2217 3696 2532 3775 Πνεύματος
2576 3703 2726 3774 παρά
2753 3703 2865 3766 τοῖς
2901 3700 3353 3774 Ἱεροσολυμίταις
3388 3698 3614 3755 πλεονά-

2026 3798 2227 3864 ξοντος,
2251 3798 2386 3868 πρὸς
2405 3796 2461 3850 δὲ
2488 3797 2634 3866 ἡμᾶς
2652 3794 2900 3865 διαϐῆναι
2926 3792 3335 3855 ἀδυνατοῦντοςς
3363 3791 3474 3845 Καὶ
3500 3792 3613 3862 μὴν

2024 3892 2073 3944 εί
2099 3890 2245 3943 ἐστιν
2272 3890 2336 3941 ἐκ
2364 3888 2471 3941 τῶν
2498 3874 2859 3957 φαινομένων,
2894 3883 3028 3938 Θεοῦ
3074 3884 3378 3956 παρουσίαν
3399 3884 3611 3953 τεκμή-

2028 3980 2241 4053 ρασθαι,
2284 3978 2482 4049 μᾶλλον
2508 3977 2574 4031 ἄν
2594 3994 2679 4041 τις
2722 3977 2781 4029 ἐν
2804 3974 2880 4045 τῷ
2907 3974 3049 4028 ἔθνει
3090 3975 3197 4028 τῶν
3225 3972 3612 4027 Καππαδοκῶν

2022 4074 2115 4127 τὸν
2144 4072 2276 4126 Θεὸν
2302 4070 2610 4124 διαιτᾶσθαι
2641 4069 2931 4139 νομίσειεν,
2966 4067 3111 4137 ἢπερ
3143 4067 3201 4117 ἐν
3232 4068 3342 4128 τοῖς
3381 4064 3485 4130 ἔξω
3515 4064 3609 4116 τό·

2026 4179 2164 4225 ποις.
2196 4161 2333 4214 Ὅσα
2363 4160 2471 4230 γάρ
2504 4161 2648 4212 ἐστιν
2677 4157 2736 4209 ἐν
2770 4155 2980 4218 τούτοις
3024 4153 3395 4224 θυσιαστήρια,
3430 4150 3498 4203 δι’
3523 4145 3604 4203 ῶν

2024 4256 2084 4308 τὸ
2108 4255 2275 4325 ὄνομα
2299 4250 2392 4305 τοῦ
2418 4250 2634 4322 ,Κυρίου
2681 4247 3000 4313 δοξάζεταις
3053 4248 3156 4300 οὐκ
3199 4244 3262 4300 ἀν
3296 4260 3376 4306 τις
3410 4242 3604 4296 τοσάδε

2025 4349 2205 4419 πάσης
2242 4344 2425 4417 σχεδὸν
2454 4343 2554 4414 τῆς
2593 4342 2913 4413 οἰκουμένης
2939 4339 3365 4412 ἐξαριθμήσαιτο
3413 4335 3607 4388 θυσια-

2026 4442 2240 4512 στήρια.
2292 4439 2521 4491 Ἔπειτα
2575 4435 2624 4487 εί
2679 4435 2775 4488 καὶ
2815 4428 2883 4505 ἧν
2926 4431 3104 4485 πλέων
3149 4434 3182 4501 ἡ
3213 4431 3372 4501 χάρις
3405 4428 3463 4480 ἐν
3495 4426 3610 4489 τοῖς

330 4535 680 4593 celebratur?
727 4534 839 4590 Nec
888 4550 1021 4590 sane
1060 4534 1185 4603 quis
1243 4534 1417 4589 totius
1466 4533 1703 4589 fortasse
1762 4533 1915 4588 orbis

2031 4530 2378 4601 Ἰεροσόλυμα
2422 4527 2641 4590 τόποις,
2688 4525 2789 4578 οὐκ
2840 4523 2907 4578 ἂν
2949 4522 3290 4593 ἐπεχωρίαζε
3336 4522 3449 4583 τοῖς
3496 4519 3612 4569 ἐκεῖ

327 4631 563 4691 totidem
610 4616 974 4685 enumeraret
1039 4626 1256 4680 altaria.
1325 4625 1531 4682 Deinde
1590 4626 1807 4683 etiamsi
1863 4627 1918 4679 in

327 4723 471 4778 locis
510 4718 996 4793 Jerosolymitanis
1038 4719 1164 4789 plus
1210 4716 1413 4774 divitﬁe
1451 4720 1642 4788 gratia:
1688 4719 1915 4782 inesset,

326 4816 441 4873 illic
466 4816 769 4871 viventium
808 4820 1097 4885 peccatum
1124 4827 1236 4868 non
1265 4819 1375 4866 tam
1404 4810 1666 4882 frequens
1693 4817 1747 4866 et
1792 4823 1918 4863 con-

332 4917 552 4965 suetum
597 4917 763 4964 esset.
800 4907 921 4963 Jam
973 4922 1109 4963 vero
1152 4906 1365 4962 nullum
1415 4913 1502 4960 est
1554 4901 1918 4958 immunditiaa

328 5015 524 5074 genus,
556 4999 704 5070 quod
737 5000 881 5069 apud
927 5015 1024 5055 eos
1071 5014 1178 5053 non
1215 5004 1606 5068 perpetretur:
1638 5010 1704 5049 ac
1755 4993 1913 5048 mali-

329 5097 441 5161 tiae,
483 5092 776 5158 adulteria,
829 5091 996 5155 furta,
1044 5089 1386 5152 idololatrize,
1432 5085 1721 5149 veneficia,
1773 5085 1912 5140 invi-

326 5187 432 5251 diae
459 5193 513 5242 et
540 5184 742 5255 caedes,
775 5199 839 5240 ac
868 5191 1081 5236 tantum
1118 5182 1172 5235 in
1204 5179 1399 5250 primis
1430 5178 1634 5232 malum
1669 5177 1776 5231 illis
1798 5185 1909 5230 tam

324 5278 588 5349 frequens
618 5287 671 5332 et
700 5277 985 5332 assiduum
1019 5281 1124 5338 est,
1157 5281 1215 5327 ut
1244 5285 1519 5341 nusquam
1553 5279 1704 5323 tanta
1734 5270 1807 5324 sit
1839 5269 1908 5323 ad

2020 4622 2240 4692 ζῶσινή
2272 4618 2531 4691 ἁμαρτία.
2557 4615 2672 4671 Νῦν
2706 4615 2805 4686 μέν
2845 4631 2929 4667 τοι
2954 4613 3055 4666 οὐκ
3082 4613 3232 4666 ἐστιν
3261 4608 3602 4681 ἀκαθαρσίας

2017 4712 2174 4778 εἶδος.
2210 4713 2239 4767 ὃ
2271 4714 2345 4783 μὴ
2371 4711 2639 4782 τολμᾶται
2672 4710 2801 4780 παρ’
2825 4707 3028 4769 αὐτοῖς.
3070 4704 3179 4757 Καὶ
3209 4701 3488 4771 πονηρίαι,
3516 4698 3611 4751 καὶ

2020 4808 2277 4877 μοιχεῖαι,
2319 4803 2412 4859 καὶ
2463 4801 2682 4868 κλοπαὶ,
2729 4800 2823 4853 καὶ
2854 4796 3303 4866 είδωλολατρεῖαι,
3335 4792 3430 4846 καὶ
3468 4806 3610 4859 φαρ-

2020 4901 2264 4969 μακεῖαι,
2318 4897 2414 4951 καὶ
2459 4895 2666 4966 φθόνοι,
2723 4893 2817 4947 καὶ
2849 4893 3020 4963 φόνοι,
3068 4889 3162 4943 καὶ
3197 4885 3434 4958 μάλιστά
3458 4901 3520 4952 γε
3549 4883 3610 4935 τὸ

2018 4989 2258 5043 τοιοῦτον
2295 4986 2648 5058 ἐπιχωριάζει
2680 4984 2870 5049 κακὸν,
2897 4983 3039 5037 ὥστε
3070 4975 3321 5051 μηδαμοῦ
3353 4971 3609 5040 τοιαύτην

2020 5083 2341 5153 ἑτοιμότητα
2370 5077 2507 5133 εἶναι
2532 5079 2668 5150 πρὸς
2691 5077 2752 5131 τὸ
2774 5075 3041 5147 φονεύειν,
3070 5074 3193 5126 ὅσον
3212 5071 3270 5121 ὲν
3294 5068 3407 5128 τοῖς
3420 5064 3610 5124 τόποις

2018 5176 2263 5238 ἐκείνοις,
2295 5172 2499 5243 θηρίων
2520 5172 2676 5242 δίκην
2701 5169 2779 5239 τῷ
2806 5169 3001 5238 αἵματι
3031 5164 3142 5218 τῶν
3163 5158 3451 5233 ὁμοφύλων
3486 5157 3609 5208 ἐπι-

2015 5267 2316 5337 τρεχόντων
2351 5265 2614 5336 ἀλλήλων,
2643 5260 2853 5334 ψυχροῦ
2882 5259 3106 5331 κέρδους
3137 5255 3316 5327 χάριν.

325 5342 713 5426 trucidandum
748 5365 1148 5440 prnmptitndo,
1183 5371 1389 5434 quanta
1425 5361 1536 5416 illis
1574 5362 1711 5416 locis
1745 5360 2039 5427 inhabitat,
2116 5360 2209 5415 ubi
2280 5359 2521 5415 belluino
2598 5371 2748 5415 more
2794 5355 2849 5409 in
2932 5349 3259 5422 sanguinem
3307 5342 3608 5401 contribu-

324 5464 461 5519 lium
494 5475 686 5521 mutuo
718 5448 1036 5527 incurrunt,
1070 5460 1256 5532 frigidi
1285 5459 1420 5521 lucri
1461 5472 1652 5513 causa.

394 5557 502 5612 Ubi
530 5574 660 5630 ergo
690 5559 806 5623 haec
844 5557 1003 5627 fiunt,
1064 5570 1176 5624 quo
1222 5561 1547 5625 argumento
1607 5552 1906 5623 intelligas,

2089 5548 2263 5601 Ὅπου
2295 5545 2475 5600 τοίνυν
2504 5543 2679 5598 ταῦτα
2705 5541 2935 5611 γίνεται,
2967 5537 3129 5593 ποίαν
3158 5533 3434 5602 ἀπόδειξιν
3460 5534 3607 5606 ἔχεις

324 5649 434 5708 illis
463 5650 519 5704 in
551 5626 689 5706 locis
746 5636 1095 5722 ampliorem
1128 5657 1364 5720 gratiam
1403 5645 1575 5703 esse?
1630 5645 1739 5700 Sed
1791 5644 1906 5699 scio

2025 5640 2104 5696 τοῦ
2147 5639 2366 5694 πλείονα
2421 5637 2580 5708 χάριν
2631 5632 2770 5689 εἶναι
2823 5636 2880 5687 ἐν
2926 5634 3040 5694 τοῖς
3092 5629 3280 5692 τόποις
3335 5626 3603 5691 ἐκείνοιςς

325 5743 456 5817 quid
499 5742 633 5798 mihi
668 5743 823 5796 multi
856 5742 1120 5796 adversus
1151 5757 1239 5806 ea,
1264 5754 1386 5810 quae
1406 5738 1549 5793 dicta
1576 5745 1726 5803 sunt,
1760 5736 1902 5805 obji-

2023 5733 2162 5790 Ἀλλ’
2190 5728 2308 5787 οἶδα
2327 5730 2387 5785 τὸ
2411 5727 2827 5799 ἀντιλεγόμενον
2844 5723 2954 5777 τῶν
2969 5721 3180 5775 πολλῶν
3214 5718 3351 5790 πρὸς
3378 5718 3447 5770 τὰ
3473 5728 3602 5785 παρ’

325 5803 500 5907 ciunt.
548 5833 719 5890 Aiunt
765 5829 947 5896 enim:
1006 5803 1364 5906 quamobrem
1422 5829 1537 5895 haec
1602 5836 1795 5891 contra
1832 5803 1904 5903 :tr.

2025 5826 2143 5912 ἐμοῦ
2189 5823 2474 5898 εἰρημένα.
2534 5818 2768 5901 Λέγουσι
2808 5816 2952 5899 γάρ’
2984 5809 3082 5867 Διά
3118 5810 3171 5891 τί
3195 5808 3367 5864 ταῦτα
3391 5805 3483 5861 καὶ
3508 5803 3606 5858 ἐπὶ

1816 6076 2089 6156 1‘
