4002 6206
357 354 494 414 1015

1590 358 1972 418 EPISTOLxE.
2001 349 2069 400 P—
2095 359 2312 417 EPIST.
2345 363 2411 418 ll.

3474 383 3613 440 1014

357 469 416 520 σὲ
436 466 599 522 αὐτὸν
625 468 725 522 οὐκ
757 469 1188 545 ἐνομοθέτησας;
1217 473 1281 528 El
1310 472 1420 545 γὰρ
1454 474 1617 544 μηδὲν
1645 469 1714 545 ἦν
1746 475 1934 540 κέρδος

2037 473 2198 527 etiam
2217 489 2327 529 non
2359 475 2649 534 decernis?
2675 477 2732 535 Si
2759 481 2902 536 enim
2929 480 3138 540 nullum
3171 499 3349 558 operm
3375 493 3616 562 pretium

351 559 432 629 τῷ
461 559 603 613 κατά
635 561 767 615 Θεὸν
818 564 1208 636 ἐκδημήσαντι,
1239 565 1360 620 ἀντὶ
1395 565 1489 618 τοῦ
1516 565 1766 634 γενέσθαι
1800 567 1934 631 ἐκεῖ,

356 649 497 718 ὐπέρ
521 649 664 713 τίνος
698 651 874 730 μάτην
910 654 1147 725 ὑπέστης
1167 655 1264 726 τὴν
1278 654 1546 727 τοσαύτην
1567 655 1718 721 όδόν;
1754 657 1940 710 Ἄκου-

357 739 609 793 σάτωσαν
632 737 723 796 οὖν
755 743 856 813 τῆς
899 745 1036 816 ὑπὲρ
1064 746 1268 800 τούτων
1299 748 1430 818 παρ’
1455 746 1589 818 ἐμοῦ
1621 747 1937 816 ἀπολογίας.

370 831 521 900 Ἐμοὶ
543 831 631 883 διὰ
646 831 743 901 τὴν
761 832 1004 904 ἀνάγκην
1028 833 1232 906 ταύτην
1258 836 1316 889 ἐν
1409 835 1508 907 ζῇν
1535 836 1768 907 ἐτάχθην
1790 835 1938 908 παρὰ

355 917 450 971 τοῦ
484 920 891 990 οίκονομοῦντος
920 922 1076 992 ἡμῶν
1093 922 1188 994 τὴν
1221 923 1388 994 ζωὴν,
1419 923 1635 992 ἐγένετο
1657 925 1754 996 τῆς
1775 926 1938 994 ἁγίας

358 1009 578 1062 συνόδου
631 1010 970 1082 διορθώσεως
1018 1015 1200 1069 ἕνεκεν
1243 1016 1343 1087 τῆς
1371 1019 1512 1073 κατά
1545 1018 1644 1090 τὴν
1677 1021 1937 1092 Ἀραϐίαν

370 1101 718 1171 Ἐκκλησίας,
757 1104 919 1175 μέχρι
947 1106 1054 1160 τῶν
1088 1109 1268 1163 τόπων
1309 1109 1583 1178 γενέσθαι.
1610 1111 1720 1166 Καὶ
1750 1113 1935 1183 ἐπειδὴ

357 1193 557 1264 ὅμορός
584 1196 775 1267 ἐστινὴ
807 1197 1032 1268 Ἀραϐία
1052 1202 1163 1263 τοῖς
1191 1201 1327 1253 κατά
1367 1201 1711 1272 Ἱεροσόλυμα
1726 1202 1934 1269 τόποις,

356 1283 726 1355 ὑποσχόμενος
755 1289 848 1340 καὶ
894 1290 1296 1362 συσκεψόμενος
1337 1295 1450 1356 τοῖς
1488 1295 1792 1365 προεστῶσι
1827 1299 1940 1361 τοῖς

354 1374 464 1429 τῶν
494 1376 665 1443 ἁγίων
709 1377 1150 1451 Ἱεροσολυμιτῶν
1203 1384 1558 1456 Ἐκκλησιῶν,
1583 1387 1671 1442 διὰ
1711 1389 1772 1441 τὸ
1797 1385 1937 1443 εἶναι

355 1467 534 1520 αὐτῶν
562 1468 620 1520 ἐν
652 1473 862 1540 ταραχῇ
898 1470 966 1523 τὰ
1007 1472 1328 1545 πράγματα,
1357 1477 1450 1529 καὶ
1472 1477 1693 1548 χρῄζειν
1725 1477 1818 1532 τοῦ
1843 1496 1938 1549 με-

357 1561 678 1627 σιτεύοντος.
724 1567 950 1620 Ἔπειτα
979 1568 1057 1633 δὲ,
1111 1569 1205 1624 καὶ
1242 1570 1336 1625 τοῦ
1367 1573 1756 1628 εὐσεϐεστάτου
1785 1574 1937 1645 βασις

353 1653 493 1719 λέως
514 1659 928 1728 παρασχομένου
951 1660 1046 1730 τὴν
1058 1661 1304 1716 εὐκολίαν
1321 1664 1418 1734 τῆς
1429 1665 1548 1719 ὁδοῦ
1569 1666 1658 1720 διὰ
1675 1667 1934 1739 δημοσίου

351 1747 632 1816 ὀχήματος
661 1789 676 1810 ,
731 1749 958 1821 οὐδεμία
1015 1755 1146 1822 ἡμῖν
1210 1755 1425 1827 ἀνάγκη
1481 1757 1698 1825 ἐγένετο
1761 1759 1934 1812 ταῦτα

353 1841 606 1912 πάσχειν,
638 1842 674 1896 ἀ
706 1843 800 1897 καὶ
817 1846 909 1897 ἐπὶ
940 1844 1050 1896 τῶν
1073 1845 1246 1900 ἄλλων
1273 1849 1700 1920 κατενοήσαμεν.
1736 1852 1808 1904 Τὸ
1827 1851 1936 1922 γὰρ

350 1931 538 2002 ὄχημα
593 1934 723 2004 ἡμῖν
775 1935 896 1988 ἀντὶ
945 1936 1270 2008 Ἐκκλησίας
1312 1940 1406 1992 καὶ
1458 1941 1818 2013 μοναστηρίου
1847 1938 1936 2014 ἦν,

351 2024 441 2078 διὰ
466 2025 644 2097 πάσης
680 2027 780 2096 τῆς
824 2027 944 2080 ὁδοῦ
986 2029 1408 2099 συμψαλλόντων
1434 2032 1650 2086 πάντων
1688 2034 1782 2087 καὶ
1811 2051 1936 2088 συν-

352 2115 721 2183 νηστευόντων
751 2115 829 2187 τῷ
879 2115 1082 2188 Κυρίῳ.
1142 2119 1215 2172 Τὸ
1267 2116 1358 2175 οῦν
1418 2121 1684 2193 ἡμέτερον
1733 2123 1937 2194 μηδένα

355 2205 752 2270 σκανδαλιζέτω
781 2225 794 2238 ο
836 2207 1034 2277 μᾶλλον
1055 2208 1111 2261 δὲ
1138 2207 1341 2281 πιθανὴ
1375 2211 1667 2284 γενέσθωὴ
1695 2213 1936 2285 συμϐου-

350 2294 444 2347 λία
472 2296 649 2367 ἡμῶν,
672 2298 752 2350 ὃτι
776 2297 902 2368 περὶ
923 2292 998 2352 ὧν
1026 2299 1102 2370 τῷ
1133 2300 1396 2372 ὀφθαλμῷ
1420 2301 1782 2373 ὐπεϐἀλομεν,
1810 2306 1937 2375 περὶ

346 2387 560 2441 τούτων
607 2391 699 2442 καὶ
745 2391 1204 2463 συμϐουλεύομεν.
1243 2393 1435 2464 Ἡμεῖς
1468 2394 1577 2465 γὰρ
1607 2395 1696 2448 τὸν
1737 2398 1937 2466 ἐπιφα-

347 2477 516 2532 νέντα
563 2481 795 2551 Χριστὸν
847 2479 984 2537 εἶναι
1036 2484 1168 2538 Θεὸν
1202 2485 1452 2555 ἀληθινὸν
1504 2485 1936 2558 ὡμολογήσαμεν

351 2570 446 2621 καὶ
476 2572 603 2642 πρὶν
649 2572 742 2624 ἐπὶ
792 2572 883 2627 τοῦ
928 2575 1093 2628 τόπου
1120 2575 1393 2644 γενέσθαι,
1436 2577 1530 2629 καὶ
1567 2577 1707 2648 μετά
1738 2577 1932 2641 ταῦτα,

349 2659 475 2714 οὐτε
519 2662 618 2732 τῆς
683 2663 918 2729 πίστεως
969 2666 1384 2738 ἐλαττουμένης,
1432 2667 1556 2721 οὐτε
1593 2668 1729 2738 μετά
1761 2668 1934 2722 ταῦτα

353 2753 842 2826 προσαυξηθείσης.
859 2757 971 2810 Καὶ
995 2758 1093 2828 τὴν
1115 2758 1203 2812 διὰ
1227 2760 1329 2831 τῆς
1360 2761 1641 2832 Παρθένου
1661 2761 1934 2834 ἐνανθρὼ-

349 2861 520 2916 πησιν
548 2848 642 2901 καὶ
694 2847 799 2919 πρὸ
846 2850 945 2920 τῆς
996 2850 1244 2923 Βηθλεέμ
1283 2854 1655 2925 ἠπιστάμεθα.
1689 2855 1799 2908 Καὶ
1835 2854 1934 2928 τὴν

353 2940 421 2992 ἐκ
447 2939 655 3010 νεκρῶν
685 2940 1046 3007 ἐξανάστασιν
1094 2945 1188 2998 καὶ
1238 2945 1345 3017 πρὸ
1378 2946 1473 2999 τοῦ
1503 2947 1790 3018 μνήματος
1820 2950 1936 3002 ἐπι-

354 3029 664 3100 στεύσαμεν
685 3046 701 3062 ο
741 3031 837 3085 καὶ
864 3033 962 3100 τὴν
996 3033 1077 3096 είς
1110 3034 1368 3104 οὐρανοὺς
1399 3037 1663 3098 ἀνάϐασιν
1696 3039 1789 3092 καὶ
1810 3039 1933 3110 δίχα

345 3121 446 3174 τοῦ
463 3122 522 3174 τὸ
544 3122 667 3194 ὅρος
699 3123 807 3176 τῶν
849 3124 1072 3178 Ἐλαιῶν
1107 3125 1264 3192 ἰδεῖν,
1287 3125 1462 3199 ἀληθῆ
1488 3122 1626 3180 εἶναι
1653 3128 1934 3201 ῶμολογή-
1960 3170 2004 3230 c

347 3231 546 3284 σαμεν.
581 3216 843 3269 Τοσοῦτον
881 3217 938 3269 δὲ
975 3215 1133 3287 μόνον
1168 3218 1233 3270 ἐκ
1268 3219 1364 3288 τῆς
1390 3219 1698 3291 ὁδοιπορίας
1721 3221 1936 3293 ὠφελή-

346 3308 418 3377 θη
429 3325 548 3378 μεν,
574 3309 696 3362 ὅσον
723 3311 778 3362 ἐν
801 3310 1083 3380 συγκρίσει
1112 3309 1334 3378 γνῶναι,
1369 3311 1450 3364 ὅτι
1469 3312 1538 3366 τὰ
1564 3312 1805 3383 ἡμέτερα
1827 3313 1934 3366 τῶν

347 3399 457 3463 ἔξω
488 3400 618 3453 πολὺ
671 3400 948 3472 ἀγυώτερά
977 3403 1142 3458 ἐστιν.
1190 3403 1354 3457 Ὀθεν
1394 3404 1443 3455 οἱ
1479 3403 1802 3474 φοϐούμενοι
1842 3405 1934 3458 τὸν

346 3491 574 3562 Κύριον,
604 3493 662 3545 ἐν
689 3488 769 3556 οἷς
789 3495 912 3546 ἐστε
940 3495 1146 3558 τόποις,
1174 3494 1422 3549 αἱνέσατε
1446 3495 1626 3550 αὐτόν.
1659 3496 1794 3549 Θεοῦ
1824 3496 1932 3568 γὰρ

345 3585 754 3655 προσεγγισμὸν
797 3587 994 3658 τοπικὴ
1030 3587 1355 3657 μετάστασις
1389 3589 1450 3642 οὐ
1493 3588 1888 3660 κατεργάζεται
1915 3602 1957 3642 ἰ

344 3679 464 3732 ἀλλ’
493 3679 736 3749 ὅπουπερ
770 3677 836 3731 ἂν
875 3674 960 3752 ᾖς,
991 3679 1125 3748 πρὸς
1165 3681 1224 3734 σὲ
1254 3681 1373 3751 ἥξει
1416 3683 1444 3735 ό
1473 3681 1624 3745 Θεὸς,
1657 3683 1751 3736 ἐάν
1783 3699 1846 3751 γε
1870 3683 1932 3736 τὸ

342 3771 446 3840 τῆς
467 3769 644 3840 ψυχῆς
669 3787 760 3822 σου
783 3770 1126 3839 καταγώγιον
1145 3771 1385 3826 τοιοῦτον
1407 3773 1626 3844 εὑρεθῇ,
1641 3773 1780 3827 ὥστε
1803 3776 1933 3828 ἐνοι-

341 3864 514 3933 κῆσαι
556 3864 646 3915 τὸν
702 3862 906 3935 Κύριον
935 3864 992 3916 ἐν
1021 3865 1101 3917 σοὶ
1140 3865 1235 3919 καὶ
1273 3867 1739 3939 ἐμπεριπατῆσαι.
1778 3869 1840 3921 El
1873 3868 1930 3921 δὲ

343 3955 531 4025 πλήρη
586 3955 728 4025 ἔχεις
789 3956 881 4009 τὸν
910 3956 1016 4010 ἔσω
1036 3956 1320 4028 ἄνθρωπον
1355 3958 1628 4030 λογισμῶν
1655 3960 1928 4031 πονηρῶν,

343 4048 451 4101 κᾶν
509 4049 600 4099 ἐπὶ⁸
658 4047 752 4100 τοῦ
804 4047 1043 4116 Γολγοθᾶ
1089 4044 1175 4122 ᾖς,
1211 4050 1316 4104 κᾶν
1362 4051 1454 4104 ἐπὶ
1483 4050 1575 4105 τοῦ
1605 4051 1764 4124 ὅρους
1823 4052 1931 4107 τῶν

356 4139 718 4204 Ἐλαιῶν,κᾶν
747 4141 850 4194 ὐπὸ
872 4141 932 4194 τὸ
965 4142 1152 4212 μνῆμα
1169 4142 1269 4212 τῆς
1285 4144 1650 4209 ἀναστάσεως,
1674 4146 1928 4200 τοσοῦτον

345 4232 571 4302 ἀπέχεις
599 4233 690 4286 τὸν
713 4233 944 4304 Χριστὸν
978 4234 1230 4300 δέξασθαι
1263 4237 1321 4288 ἐν
1349 4237 1546 4308 ἐαυτῷ,
1565 4239 1687 4292 ὅσον
1715 4241 1762 4292 οί
1795 4239 1930 4311 μηδὲ

341 4325 444 4394 τὴν
496 4324 668 4396 ἀρχὴν
701 4325 1151 4398 ὁμολογήσαντες.
1201 4327 1610 4397 Συμϐούλευσον
1652 4326 1765 4394 οὖν,
1795 4333 1930 4399 ἀγα-

343 4415 503 4483 πητέ,
534 4419 645 4477 τοῖς
674 4416 921 4485 ἀδελφοῖς
953 4419 1210 4488 ἐκδημεῖν
1244 4418 1352 4472 ἀπὸ
1382 4419 1474 4473 τοῦ
1506 4420 1756 4490 σώματος
1791 4421 1928 4492 πρὸς

2043 564 2194 633 facit,
2234 567 2326 637 qui
2365 570 2669 626 secundum
2704 572 2873 629 Deum
2907 575 3038 632 illuc
3060 583 3443 650 peregrinatus
3487 585 3611 644 fue-

2040 658 2131 724 rit,
2158 662 2517 730 quamobrem
2546 663 2749 719 frustra
2784 673 2994 724 tantam
3029 671 3131 727 vis:
3162 675 3468 731 molestiam
3490 693 3615 736 sus-

2041 752 2295 808 tinuisti?
2339 754 2580 809 Audiant
2608 757 2791 827 igitur,
2823 775 2934 830 quo
2956 761 3084 832 jure
3125 781 3212 821 me
3239 767 3294 822 in
3321 769 3390 825 iis
3421 769 3615 827 defen-

2041 841 2188 896 dam.
2225 842 2354 896 Mihi
2383 851 2609 913 propter
2645 846 2788 902 banc
2820 848 3039 904 vivendi
3071 851 3362 918 rationem,
3419 854 3472 909 in
3504 872 3613 926 qua

2040 940 2101 987 ut
2124 932 2326 998 vivam,
2361 933 2431 988 ab
2454 949 2519 990 eo
2553 935 2646 1006 qui
2675 935 2958 1007 dispensat
2987 939 3154 995 vitam
3187 951 3433 999 nostrain
3479 961 3615 1002 con-

2040 1024 2270 1080 stitutus
2305 1040 2448 1089 sum,
2481 1041 2710 1083 necesse
2740 1027 2842 1082 fuit
2870 1044 2968 1098 pro
2997 1039 3191 1086 saneto
3222 1033 3458 1090 concilio
3515 1037 3615 1090 ha-

2040 1115 2536 1188 bitopmendanda:
2563 1119 2812 1174 Arabica:
2847 1121 3110 1178 Ecclesiae
3142 1125 3343 1195 gratia,
3381 1126 3447 1181 ad
3493 1127 3614 1183 loca

2040 1207 2146 1262 ista
2175 1207 2476 1278 proficisci.
2508 1210 2588 1265 Ae
2627 1226 2749 1265 cum
2780 1221 2929 1268 esset
2969 1213 3168 1269 Arabia
3219 1217 3358 1272 locis
3397 1215 3618 1274 Jeroso-

2038 1299 2318 1370 lymitanis
2348 1300 2714 1363 contermina,
2747 1301 3026 1370 pollicitus
3059 1318 3209 1358 eram
3234 1291 3319 1358 me
3353 1320 3462 1359 una
3483 1321 3607 1360 cum

2039 1391 2110 1446 iis
2128 1392 2220 1460 qui
2241 1390 2450 1446 sanctis
2463 1389 2944 1462 Jerosolymitanis
2957 1403 3199 1464 prmsunt
3211 1393 3473 1452 Ecclesiis
3507 1397 3618 1452 dis-

2037 1483 2554 1554 ceptaturum,quod
2573 1498 2750 1538 rerum
2767 1484 2874 1539 illis
2890 1493 3034 1541 esset
3047 1493 3224 1542 status
3235 1486 3611 1556 perturbatus,

2036 1590 2102 1630 ac
2129 1576 2365 1646 quodam
2406 1575 2498 1645 qui
2533 1575 2742 1630 medius
2782 1576 3143 1632 intercederet
3183 1585 3426 1649 egerent.
3468 1576 3615 1634 Prm-

2037 1673 2184 1721 terea
2215 1681 2366 1731 vero,
2397 1666 2516 1736 ipso
2541 1680 2760 1736 quoque
2789 1666 3038 1736 piissimo
3063 1667 3388 1737 imperatore
3413 1667 3513 1723 vim
3528 1666 3614 1722 fa-

2037 1757 2299 1810 cilitatem
2336 1755 2671 1810 concedente
2701 1769 2864 1809 curru
2893 1754 3134 1824 publico,
3164 1755 3310 1808 nulla
3338 1755 3498 1810 nobis
3519 1770 3616 1810 ne-

2039 1849 2270 1904 cessitas
2289 1848 2388 1902 fuit
2411 1863 2474 1903 ea
2497 1847 2724 1922 perpeti,
2747 1860 2868 1918 quae
2885 1847 2939 1900 in
2964 1846 3085 1902 aliis
3102 1845 3613 1902 animadvertimus.

2041 1936 2365 1992 Vehiculum
2403 1938 2550 1992 enim
2592 1937 2753 1992 nobis
2784 1950 2884 2006 pro
2909 1933 3157 1990 Ecclesia
3187 1944 3242 1990 et
3276 1936 3614 1992 monasterio

2038 2037 2178 2094 erat,
2215 2027 2472 2084 omnibus
2494 2043 2593 2097 per
2616 2033 2786 2080 totam
2815 2026 2956 2080 viam
2986 2025 3149 2081 simul
3171 2026 3530 2096 psallentibus
3560 2034 3618 2082 et

2033 2120 2413 2192 jejunantibus
2445 2118 2695 2174 Domino.
2721 2117 2984 2174 Nostrum
3011 2131 3140 2188 ergo
3173 2118 3483 2186 exemplum
3519 2133 3618 2174 ne-

2039 2213 2238 2268 minem
2272 2211 2511 2267 oﬂendat
2548 2230 2562 2266 :
2595 2211 2728 2281 quin
2763 2210 2947 2280 potius
2982 2210 3322 2281 probabilius
3357 2209 3485 2266 inde
3516 2223 3617 2264 no-

2039 2316 2214 2359 strum
2263 2303 2554 2360 consilium
2596 2302 2708 2366 fiat,
2740 2303 2887 2372 quod
2939 2301 3006 2356 de
3047 2302 3214 2356 rebus
3247 2301 3440 2356 iisdem
3475 2315 3614 2370 quas

2038 2414 2139 2454 nos
2196 2398 2533 2467 aspeximus,
2580 2396 2875 2450 consilium
2929 2401 3179 2449 nostrum
3228 2394 3441 2448 demus.
3498 2392 3610 2450 Nos

2035 2493 2182 2546 enim
2228 2489 2510 2544 Christum
2562 2488 2655 2557 qui
2701 2485 2985 2556 apparuit,
3037 2501 3161 2541 esse
3201 2484 3368 2541 Deum
3421 2501 3612 2541 verum

2038 2581 2278 2638 confessi
2317 2597 2531 2645 sumus,
2566 2581 2730 2635 etiam
2760 2589 3052 2650 antequam
3094 2594 3159 2635 eo
3190 2579 3481 2635 ivissemus
3512 2595 3527 2632 :
3556 2586 3614 2635 et

2033 2675 2182 2740 item,
2215 2673 2317 2728 fide
2347 2689 2524 2742 neque
2556 2671 2843 2726 imminuta
2864 2713 2878 2736 ,
2908 2686 3086 2742 neque
3112 2679 3302 2742 postea
3343 2669 3601 2726 adaucta.

2033 2764 2302 2836 Quodque
2339 2765 2502 2819 homo
2541 2779 2636 2834 per
2678 2761 2955 2833 Virginem
2995 2771 3157 2817 natus
3193 2762 3282 2827 sit,
3321 2768 3612 2830 antequam

2034 2854 2322 2930 Bethleem
2343 2855 2715 2917 intueremur,
2749 2853 3029 2908 scivimus.
3067 2851 3132 2906 Et
3170 2866 3200 2906 a
3245 2851 3478 2906 mortuis
3522 2865 3608 2906 re-

2035 2947 2436 3002 surrectionem
2466 2945 2630 3000 etiam
2674 2951 2801 2999 ante
2831 2951 3242 2998 monumentum
3277 2942 3459 2998 visum
3489 2955 3611 2996 cre-

2034 3038 2274 3095 didimus
2315 3052 2330 3091 :
2372 3047 2539 3108 atque
2589 3037 2969 3092 ascensionem
3017 3035 3072 3088 in
3110 3034 3313 3099 cmlos,
3365 3033 3610 3088 nonduin

2037 3138 2332 3202 conspecto
2365 3137 2552 3184 monte
2593 3128 2897 3192 Olivarum,
2925 3141 3110 3182 veram
3158 3125 3330 3180 fuisse
3370 3123 3612 3179 confessi

2037 3238 2248 3279 sumus.
2284 3221 2646 3276 Emolumenti
2683 3229 2863 3274 autem
2893 3218 2944 3272 id
2991 3216 3258 3271 tantulum
3291 3229 3359 3270 ex
3397 3214 3612 3269 itineris

2035 3314 2394 3369 concessione
2417 3312 2747 3374 habuimus,
2789 3310 2934 3380 quod
2975 3323 3038 3364 ex
3069 3306 3360 3362 collatione
3401 3319 3608 3377 cogno-

2036 3406 2237 3471 vimus,
2276 3408 2465 3460 nostra
2495 3402 2738 3459 externis
2770 3403 2928 3472 longe
2959 3399 3238 3479 sanctiora
3260 3413 3404 3454 esse.
3452 3395 3612 3453 Unde

2032 3512 2133 3553 vos
2177 3495 2272 3567 qui
2321 3495 2528 3551 timetis
2563 3494 2888 3557 Dominum,
2925 3493 2981 3546 in
3027 3491 3227 3562 quibus
3273 3489 3410 3545 locis
3451 3489 3608 3551 estis,

2033 3605 2157 3645 eum
2223 3588 2461 3644 laudate.
2522 3587 2737 3642 Localis
2795 3586 2944 3640 enim
3002 3583 3265 3661 mutatio,
3332 3589 3393 3637 ut
3466 3579 3612 3636 Deus

2032 3682 2254 3753 prepior
2287 3681 2378 3744 sit,
2417 3695 2526 3736 non
2579 3678 2780 3744 ellicit;
2829 3676 2926 3733 sed
2990 3675 3180 3731 ubiubi
3219 3673 3412 3736 fueris,
3459 3670 3526 3726 ad
3559 3679 3612 3726 te

2033 3775 2180 3830 Deus
2210 3773 2410 3837 veniet,
2439 3771 2709 3843 siquidem
2740 3771 2936 3824 animae
2964 3777 3071 3822 tua:
3100 3765 3466 3820 diversorium
3501 3763 3612 3818 tale

2032 3869 2363 3932 inveniatur,
2398 3874 2459 3920 ut
2503 3867 2558 3920 in
2596 3873 2649 3920 te
2694 3863 2958 3918 Dominus
3006 3859 3308 3927 inhabitet,
3351 3857 3610 3913 inambu-

2032 3963 2236 4030 letque.
2277 3961 2377 4016 Sin
2408 3960 2686 4014 hominem
2723 3957 3039 4012 interiorem
3071 3951 3348 4024 perversis
3393 3949 3608 4021 cogita-

2033 4055 2276 4112 tionibus
2303 4053 2522 4124 plenum
2546 4047 3004 4114 babeas,etiamsi
3031 4047 3084 4100 in
3115 4043 3384 4114 Golgotba
3412 4041 3607 4104 fueris,

2031 4147 2249 4204 etiamsi
2275 4147 2326 4199 in
2346 4152 2530 4200 monte
2553 4142 2857 4204 Olivarum,
2880 4139 3098 4195 etiamsi
3121 4137 3222 4194 sub
3249 4139 3606 4189 monumento

2031 4234 2476 4298 resurrectionis,
2522 4240 2736 4305 tantum
2780 4245 2810 4283 a
2843 4229 3051 4283 Christi
3083 4228 3137 4281 in
3177 4225 3422 4278 animum
3451 4230 3608 4275 tuum

2030 4330 2341 4400 receptione
2369 4327 2518 4388 abes,
2559 4331 2823 4394 quantum
2854 4321 2946 4390 qui
2984 4335 3052 4373 ne
3081 4319 3150 4373 ab
3190 4316 3347 4371 initio
3384 4314 3608 4384 quidem

2033 4422 2191 4478 [idem
2229 4418 2462 4490 professi
2491 4426 2639 4472 sunt.
2669 4413 2910 4470 Consule
2941 4426 3103 4481 ergo,
3146 4408 3377 4473 dilecte,
3416 4405 3606 4460 fratri-

341 4505 434 4559 τὸν
462 4506 686 4578 Κύριον,
739 4509 831 4562 καὶ
859 4508 933 4581 μὴ
960 4507 1066 4563 ἀπὸ
1099 4511 1492 4576 Καππαδοκίας
1521 4514 1599 4578 εἰς
1630 4515 1922 4568 Παλαιστί-

2035 4517 2156 4578 bus,
2188 4521 2248 4568 ut
2281 4529 2309 4566 a
2342 4525 2575 4581 corpore
2601 4509 3019 4580 peregrinentur
3047 4504 3115 4559 ad
3142 4501 3466 4564 Dominum,
3497 4514 3609 4552 non

343 4614 462 4666 νην.
515 4598 576 4651 Et
623 4599 677 4652 δέ
705 4617 788 4662 τις
817 4601 916 4672 τὴν
942 4601 1035 4654 τοῦ
1081 4603 1286 4674 Κυρίου
1315 4604 1497 4676 φωνὴν
1535 4606 1795 4676 προϐάλοι
1826 4607 1924 4678 τὴν

345 4689 791 4759 παραγγείλασαν
841 4695 950 4756 τοῖς
1007 4693 1293 4764 μαθηταῖς,
1343 4695 1416 4766 μὴ
1455 4695 1783 4767 χωρίζεσθαι
1817 4699 1926 4752 ἀπὸ
1965 4727 1984 4747 ο

355 4779 764 4852 Ἱεροσολύμων,
815 4785 1060 4856 νοησάτω
1105 4785 1166 4838 τὸ
1193 4786 1514 4856 εἰρημένον·
1563 4790 1922 4861 ἐπειδήπερή

344 4873 440 4925 τοῦ
494 4874 650 4940 ἁγίου
698 4875 1014 4946 Πνεύματος
1052 4877 1211 4949 χάρις
1234 4879 1328 4931 καὶ
1355 4880 1582 4951 διανομὴ
1620 4880 1774 4936 οὐπω
1797 4884 1923 4936 ἐπε-

346 4965 569 5036 φοίτησε
599 4968 710 5031 τοῖς
744 4968 1081 5034 ἀποστόλοις,
1114 4971 1442 5040 προσέταξεν
1472 4973 1698 5037 αὐτοῖςό
1723 4975 1926 5048 Κύριος

345 5059 438 5110 ἐπὶ
476 5058 537 5111 τὸ
576 5059 706 5112 αὐτὸ
744 5061 946 5131 μένειν,
991 5063 1093 5125 ἓως
1135 5064 1203 5117 ἂν
1232 5064 1560 5120 ἐνδύσωνται
1598 5065 1830 5138 δύναμιν
1870 5068 1929 5136 ἐξ

346 5146 535 5215 ὐίξους.
575 5150 635 5202 El
663 5153 760 5220 μὲν
791 5152 820 5204 ὃ
856 5148 923 5222 ἦν
951 5153 1043 5206 ἀπ’
1069 5154 1241 5226 ἀρχῆς
1272 5157 1478 5225 ἐγίνετο
1511 5158 1671 5228 μέχρι
1692 5157 1787 5210 τοῦ
1812 5158 1928 5223 νῦν,

342 5239 439 5291 τοῦ
481 5241 636 5308 ἁγίου
674 5242 813 5295 Πνεύ
824 5262 990 5314 ματος
1019 5247 1076 5300 ἐν
1097 5248 1225 5302 εἴδει
1253 5249 1422 5322 πυρὸς
1451 5251 1558 5304 τῶν
1576 5254 1931 5325 χαρισμάτων

343 5332 752 5402 οἰκονομοῦντος
767 5335 1016 5400 ἕκαστον,
1047 5339 1153 5394 ἔδει
1184 5340 1390 5406 πάντας
1420 5337 1559 5397 εἶναι
1582 5345 1640 5398 ἐν
1669 5344 1748 5416 τῷ
1778 5346 1926 5418 τόπῳ

345 5424 541 5492 ἐκείνῳ
571 5425 627 5478 ἐν
655 5419 747 5496 ᾦὴ
777 5426 1004 5500 διανομὴ
1028 5429 1122 5483 τοῦ
1152 5431 1718 5504 χαρίσματος-ἐγίνετο
1742 5454 1756 5468 ο
1791 5439 1839 5490 εί
1867 5439 1923 5492 δέ

343 5511 406 5564 τὸ
436 5511 660 5584 Πνεῦμα
685 5516 821 5569 ὃπου
851 5516 994 5571 θέλει
1046 5524 1188 5588 πνεῖ,
1217 5523 1310 5577 καὶ
1338 5523 1387 5576 οί
1430 5525 1663 5580 ἐνταῦθα
1703 5529 1924 5583 πιστεύ-

493 5781 509 5813 ¹
549 5783 671 5834 ΑΗ..
704 5800 738 5837 ι.
776 5783 816 5836 ι.

2032 4623 2064 4662 e
2091 4603 2436 4675 Cappadocia
2461 4605 2512 4658 in
2542 4601 2912 4657 Palmstinam.
2945 4598 3101 4666 Quod
3143 4597 3188 4653 si
3220 4595 3348 4668 quis
3383 4593 3611 4662 obiiciat
3640 4593 3646 4598 ’

2034 4699 2250 4754 Domini
2276 4713 2464 4752 vocem
2494 4694 2784 4767 discipulis
2805 4694 3233 4764 praecipientem,
3258 4704 3325 4744 ne
3353 4684 3607 4742 discede-

2033 4800 2156 4846 rent
2197 4790 2266 4844 ab
2299 4786 2658 4858 Jerosolymis
2685 4788 2724 4850 ⁸,
2767 4784 3033 4854 intelligat
3058 4779 3188 4852 quid
3223 4779 3433 4833 dictum
3471 4773 3608 4830 illud

2031 4882 2287 4938 voluerit.
2336 4879 2473 4934 Cum
2516 4876 2692 4932 sancti
2730 4874 2969 4945 Spiritus
3013 4859 3199 4943 'gratia
3237 4877 3291 4925 et
3332 4866 3610 4939 dispersio

2031 4974 2276 5030 nondum
2329 4972 2572 5027 venisset
2633 4967 2932 5038 apostolis,
2986 4964 3154 5036 jussit
3206 4963 3288 5018 eis
3347 4961 3611 5016 Dominus

2029 5067 2219 5124 eodem
2251 5065 2310 5119 in
2346 5064 2470 5119 loco
2498 5061 2664 5117 simul
2705 5074 2950 5122 manere,
2982 5057 3158 5112 donee
3206 5054 3384 5109 induti
3421 5059 3609 5108 essent

2028 5160 2236 5215 virtute
2272 5172 2339 5213 ex
2372 5157 2504 5211 alto.
2534 5155 2605 5210 At
2637 5154 2708 5220 si,
2740 5152 2888 5222 quod
2917 5150 3072 5204 initio
3105 5148 3287 5208 fiebat,
3326 5155 3386 5200 ut
3428 5144 3608 5214 Spiri-

2030 5265 2118 5310 tus
2159 5260 2385 5307 sanctus
2414 5250 2557 5322 ignis
2589 5247 2770 5318 specie
2808 5244 2952 5299 dona
2991 5243 3226 5316 singulis
3270 5239 3605 5308 impertiret,

2030 5348 2319 5416 hucusque
2351 5345 2523 5406 fieret,
2559 5354 2750 5395 omnes
2785 5343 3066 5408 oporteret
3100 5335 3155 5388 in
3197 5348 3263 5387 eo
3308 5333 3430 5386 loco
3476 5345 3603 5385 esse

2031 5441 2125 5496 ubi
2173 5439 2316 5494 dona
2351 5436 2811 5492 distribuerentur
2866 5449 2881 5486 :
2924 5430 3008 5484 sin
3047 5427 3290 5498 Spiritus
3341 5423 3434 5479 ubi
3489 5423 3608 5476 vult

2035 5530 2208 5602 spirat
2240 5546 2252 5582 :
2286 5529 2322 5584 ii
2362 5540 2580 5598 quoque
2610 5522 2704 5595 qui
2737 5521 2827 5576 hic
2853 5525 3002 5588 sunt,
3036 5533 3099 5576 ac
3138 5515 3401 5584 credunt,
3438 5518 3610 5587 partio
