4002 6206
373 304 513 362 1015

1610 305 1665 355 ς..
1722 300 2049 359 CREGORII
2100 272 2393 353 Missam

3482 285 3631 341 1016

370 420 523 486 cipcs
552 417 706 480 ﬁunt,
742 415 899 485 juxta
933 415 1054 471 ﬁdei
1089 418 1426 488 analogiam,
1454 434 1559 472 non
1602 419 1757 488 juxta
1791 434 1939 490 pcre-

2060 430 2250 477 παντες.
2286 411 2502 482 μέτοχοι
2557 409 2796 476 γίνονται
2824 408 2919 461 τοῦ
2958 403 3318 478 χαρίσματος,
3352 401 3493 455 κατά
3522 401 3632 471 τὴν

369 510 734 579 grinationem
774 507 828 561 in
865 505 1201 580 Jerosolyma
1245 519 1577 579 susceptam.

1959 794 2029 813 Ub.

919 920 1253 979 EPISTOLA
1293 922 1377 977 Ill.

2042 503 2328 571 ἀναλογίαν
2365 501 2468 571 τῆς
2497 501 2753 563 πίστεως,
2786 498 2847 553 ού
2872 498 3013 552 κατά
3050 497 3146 568 τῆν
3172 493 3490 565 ἀποδημίαν
3522 493 3636 563 τὴν

2045 596 2101 647 ἐν
2138 593 2398 660 Ἱεροσολύ
2407 609 2549 663 μοις.

2607 924 2952 979 ΕΠΙΣΤΟΛΗ
2976 923 3049 979 Γ.

370 1078 662 1138 Commoda
695 1089 745 1155 et
778 1082 1038 1155 utilitates
1064 1081 1369 1155 spirituales
1408 1097 1473 1136 ea:
1512 1083 1818 1155 eisitatione
1849 1085 2086 1139 locorum
2115 1098 2420 1142 sanctorum
2465 1083 2826 1155 provegientes
2857 1082 3097 1153 agnoscit
3133 1079 3636 1155 manumque‘conf

438 1160 649 1226 questus
678 1150 743 1203 de
771 1150 1014 1226 dissidiis
1060 1146 1313 1226 Ecclesia:
1332 1149 1822 1226 Jerosolymitauas,
1855 1159 2167 1226 mysterium
2190 1146 2581 1212 incarnationis
2613 1152 2829 1207 Domini
2859 1146 3074 1221 eiponit
3105 1166 3318 1205 monens
3363 1159 3422 1200 ut
3452 1146 3638 1215 ﬁrmi-

442 1219 520 1274 ter
540 1219 841 1274 adhwreant
878 1222 1107 1293 antiquae
1139 1221 1264 1291 ﬁdei
1296 1222 1492 1292 regula:
1522 1219 1565 1276 a'
1588 1221 1840 1280 Patribus
1862 1219 1955 1295 pir
1983 1229 2327 1284 traditionem
2355 1236 2602 1298 acceptte.

378 1377 510 1434 Vere
539 1381 810 1453 Aoruatiss.
862 1391 911 1437 et
948 1382 1258 1453 religiosiss.
1314 1383 1602 1445 sororibus,
1636 1381 1938 1438 Eustathiaz

436 1460 487 1504 et
515 1451 828 1517 Ambrositz,
862 1451 1063 1507 necnon
1089 1454 1446 1507 ornatissima:
1473 1463 1524 1507 et
1555 1453 1940 1510 honestissimw

438 1519 569 1590 ﬁlia:
597 1520 899 1590 Basiliam,
922 1521 1206 1593 Gregorius
1234 1524 1461 1579 salutem
1491 1524 1547 1578 in
1576 1523 1805 1580 Domino
1838 1524 1937 1594 (ί).

438 1697 783 1770 Congressus
809 1700 1101 1767 bonorum,
1127 1701 1372 1772 mihique
1398 1717 1464 1758 ex
1497 1702 1681 1758 animo
1710 1701 1940 1757 dilecto-
1972 1695 2016 1751 Β

2052 1384 2183 1458 Ταῖς
2252 1384 2678 1458 κοσμιωτάταις
2736 1379 2978 1458 ᾀιηθῷς
3001 1380 3144 1458 ,καί
3161 1376 3638 1458 εὐλρϐεστιξταις

2115 1446 2441 1527 ἀδελφαῖς,
2495 1446 2801 1527 Εὑσὶαθίᾳ
3001 1450 3313 1527 ᾉμϐροᾳίςέ
3340 1486 3355 1509 ,
3398 1446 3501 1527 καί
3549 1446 3632 1513 τῇ

2118 1518 2492 1596 mammam
2526 1525 2625 1579 καὶ
2644 1518 2982 1596 σεμνοτᾴτῃ
3007 1519 3244 1589 θυγατρί
3270 1518 3635 1584 Βασιλίσσῃ

2118 1592 2444 1666 Γρήγύριος
2461 1592 2535 1651 ἐν·
2566 1592 2761 1665 Κυρίῳ
2786 1592 3032 1663 χαίρειν.

2127 1710 2192 1764 Ἦ
2215 1710 2315 1781 μὲν
2346 1709 2454 1763 τῶν
2481 1707 2699 1778 ἀγαθῶν
2718 1705 2813 1760 καὶ
2841 1702 3191 1774 καταθυμίων
3220 1699 3497 1769 συντυχία,
3533 1698 3637 1754 καὶ

370 1807 516 1858 rum,
546 1803 601 1848 et
627 1793 774 1849 illius
808 1795 1048 1865 ingentis
1084 1795 1447 1852 humanitatis
1474 1798 1633 1854 nobis
1661 1812 1690 1851 a
1713 1796 1945 1853 Domino

2060 1802 2113 1855 τὰ
2134 1802 2487 1874 γνωρίσματα
2508 1801 2606 1871 τῆς
2624 1797 2863 1871 μεγάλης
2879 1796 2972 1850 τοῦ
2998 1794 3270 1848 Δεσπότου
3299 1792 3441 1863 ὑπὲρ
3460 1790 3627 1861 ἡμῶν

370 1885 628 1954 pussula:
683 1896 1078 1951 monumenta,
1140 1903 1265 1957 quae
1324 1889 1490 1944 isthic
1555 1890 1943 1958 ostenduntur,

371 1975 598 2029 maximi
631 1977 813 2047 gaudii
849 1984 904 2031 et
955 1979 1253 2047 voluptatis
1288 1989 1613 2049 argumento
1647 1980 1779 2034 mihi
1828 1980 1947 2037 fue-

373 2071 524 2118 runt.
561 2064 805 2137 Utroque
852 2067 999 2122 enim
1038 2067 1212 2123 modo
1242 2068 1434 2125 feriari
1477 2069 1587 2126 Deo
1631 2069 1767 2141 quid
1800 2078 1947 2127 esset

373 2157 715 2225 cxperiebar,
762 2173 887 2214 cum
939 2169 994 2215 et
1038 2158 1174 2224 Dei,
1225 2161 1317 2230 qui
1365 2162 1532 2216 vitam
1576 2161 1737 2219 nobis
1772 2162 1946 2228 dedit,

374 2247 621 2320 symbola
652 2250 917 2305 salutaria
955 2250 1241 2318 videbam,
1271 2261 1326 2309 et
1356 2254 1411 2308 in
1446 2253 1715 2323 ejusmodi
1754 2270 1948 2325 perso-

374 2353 476 2393 nas
512 2338 835 2404 incideram,
868 2341 922 2395 in
954 2341 1112 2410 queis
1150 2342 1241 2395 illa
1277 2342 1396 2412 ipsa
1429 2342 1584 2413 signa
1616 2342 1804 2411 gratiae
1839 2342 1949 2397 Do-

374 2429 511 2485 mini
540 2430 905 2501 spiritualiter
923 2440 1009 2488 est
1032 2434 1416 2503 contemplari,
1446 2441 1509 2490 ut
1529 2433 1762 2490 credere
1788 2434 1950 2489 liceat

373 2539 498 2580 esse
528 2539 715 2582 revera
752 2526 805 2581 in
839 2527 1023 2582 animo
1062 2527 1213 2583 illius
1245 2527 1339 2598 qui
1376 2526 1545 2582 Deum
1578 2528 1632 2582 in
1675 2542 1736 2583 se
1765 2527 1947 2593 habet,

374 2610 712 2680 Bethlebem,
739 2612 1085 2687 Golgotham,
1119 2615 1409 2681 Olivetum,
1443 2616 1946 2673 Resurrectionem.

373 2700 513 2758 Nam
548 2704 640 2759 ubi
675 2708 729 2759 in
770 2706 956 2777 aliquo
989 2723 1085 2778 per
1112 2708 1312 2762 bonam
1362 2707 1758 2763 conscientiam
1791 2707 1952 2764 Chri-

375 2804 498 2850 stus
528 2793 698 2850 l'uerit
724 2796 1075 2863 informatus,
1110 2808 1200 2854 aut
1225 2798 1425 2868 aliquis
1462 2810 1605 2854 metu
1641 2800 1828 2854 divino
1858 2815 1950 2855 ve-

373 2886 475 2941 luti
516 2886 687 2943 clavis
732 2904 929 2945 carnes
969 2906 1099 2945 suas
1133 2891 1423 2947 conﬁxerit
1447 2930 1464 2954 ,
1503 2890 1778 2962 fueritque
1823 2906 1950 2946 cum

374 2977 595 3034 Christo
644 2981 796 3035 cruci
832 2981 1067 3044 alﬁxus.
1116 2990 1171 3038 et
1204 2998 1373 3054 grave
1420 2998 1614 3039 saxum
1661 2983 1951 3037 mundana:

377 3067 590 3126 fraudis
633 3070 797 3129 fuerit
842 3073 1135 3138 amolitus,
1171 3089 1549 3146 corporeoque
1596 3083 1952 3130 monumento

375 3176 657 3234 egressus,
689 3165 840 3221 velut
870 3165 924 3220 in
965 3182 1107 3222 nova
1139 3166 1253 3222 vita
1282 3166 1568 3224 ambulare
1600 3166 1901 3224 instituerit
1934 3184 1949 3222 :

375 3254 571 3310 relicta
611 3255 718 3311 hac
752 3256 946 3312 humili
980 3266 1147 3328 atque
1183 3259 1337 3315 humi
1380 3269 1603 3331 repente
1636 3261 1954 3316 mortalium

376 3346 526 3414 vita,
558 3347 782 3404 sublimi
832 3349 1110 3406 desiderio
1144 3351 1201 3406 in
1246 3351 1526 3408 caelestem
1559 3352 1955 3422 rempublicam

377 3440 713 3505 ascenderit,
762 3456 1007 3512 superna
1040 3444 1325 3513 cogitans,
1372 3444 1463 3499 ubi
1508 3453 1591 3499 est
1636 3444 1897 3500 Christus
1936 3460 1951 3496 :

376 3529 456 3585 nil
506 3530 753 3601 pondere
800 3533 1049 3603 corporis
1101 3542 1386 3604 gravatus,
1431 3536 1527 3590 sed
1578 3535 1799 3605 puriore
1846 3535 1956 3590 vita

377 3624 561 3682 factus
609 3640 642 3680 a
701 3628 885 3697 seipso
940 3627 1132 3694 levior,
1186 3636 1247 3683 ut
1293 3644 1390 3698 per
1436 3627 1692 3683 sublimia
1732 3642 1956 3683 sursum

376 3717 692 3773 tendentem
715 3732 843 3772 caro
870 3717 1045 3788 ipsius
1069 3718 1231 3774 nubis
1256 3719 1433 3774 instar
1452 3718 1705 3773 comitari
1736 3719 1913 3773 valeat
1939 3735 1953 3772 :

380 3808 471 3863 hic
504 3823 627 3864 meo
656 3809 877 3879 quidem
920 3810 1135 3878 judicio
1179 3811 1323 3867 inter
1365 3812 1488 3867 illas
1535 3812 1767 3867 celebris
1799 3812 1959 3868 fama:

380 3913 471 3955 res
514 3900 728 3954 censeri
765 3899 948 3964 debet.
984 3900 1041 3954 in
1087 3899 1290 3970 quibus
1337 3901 1697 3970 benignitatis
1747 3900 1959 3956 Domini

383 3989 559 4044 nostri
598 4003 726 4059 erga
757 3988 1058 4042 humanum
1094 4004 1266 4059 genus
1299 3998 1652 4044 monumenta
1681 3990 1956 4047 visuntur.

380 4078 517 4135 Cum
554 4079 720 4151 igitur
748 4088 801 4134 et
832 4078 1089 4134 sensibus
1125 4079 1261 4133 meis
1288 4080 1405 4134 loca
1435 4090 1625 4135 sancta
1665 4081 1909 4137 intuerer
1942 4099 1958 4137 :

383 4174 627 4233 intuerer
656 4187 787 4228 vero
822 4172 925 4227 hoc
958 4169 1195 4242 amplius
1220 4171 1387 4227 etiam
1416 4173 1471 4228 in
1502 4174 1657 4229 vobis
1688 4173 1962 4244 ejusmodi

384 4262 633 4316 locorum
665 4276 925 4333 expressa
974 4260 1131 4330 signa
1168 4278 1180 4313 :
1227 4268 1379 4316 tanto
1418 4263 1670 4333 equidem
1719 4265 1963 4337 repletus

2047 1893 2476 1965 φιλανθρωπίας,
2526 1890 2597 1945 τὰ
2637 1892 2696 1944 ἐν
2739 1890 2853 1953 τοῖς
2898 1887 3084 1950 τόποις
3133 1883 3480 1953 δεικνύμενα,
3530 1882 3635 1952 τῆς

2050 1985 2311 2054 μεγίστης
2339 1980 2553 2051 ἐγένετό
2587 1997 2675 2052 μοι
2704 1980 2879 2050 χαρᾶς
2910 1993 2970 2029 τε
3001 1974 3095 2028 καὶ
3117 1972 3453 2044 εὐφροσύνης
3492 1970 3631 2024 ὑπό-

2048 2077 2213 2140 θεσις.
2270 2073 2620 2144 Ἀμφοτέρων
2668 2072 2776 2142 γὰρ
2813 2066 3054 2140 ἐδηλώθη
3103 2082 3194 2136 μοι
3242 2067 3278 2136 ἡ
3321 2063 3459 2117 κατὰ
3494 2063 3630 2116 Θεὸν

2049 2172 2232 2240 ἑορτὴ,
2289 2169 2378 2223 διά
2428 2185 2486 2221 τε
2538 2167 2631 2221 τοῦ
2677 2166 2805 2220 ἰδεῖν
2846 2164 2914 2218 τὰ
2946 2165 3190 2235 σωτήρια
3236 2159 3478 2230 σύμϐολα
3533 2156 3630 2211 τοῦ

2050 2262 2480 2334 ζωοποιήσαντος
2529 2261 2676 2332 ἡμᾶς
2709 2257 2867 2319 Θεοῦ,
2914 2258 3007 2311 καὶ
3043 2255 3130 2309 διὰ
3163 2253 3258 2308 τοῦ
3283 2253 3483 2322 ψυχαξ
3513 2265 3635 2304 συνι-

2048 2353 2250 2421 τυχεῖν,
2296 2352 2353 2404 ἐν
2397 2347 2485 2413 αἷς
2515 2348 2582 2402 τὰ
2623 2348 2845 2402 τοιαῦτα
2881 2346 2981 2416 τῆς
3024 2344 3119 2398 τοῦ
3165 2343 3371 2413 Κυρίου
3408 2341 3634 2412 χάριτος

2052 2442 2252 2511 σημεῖα
2280 2437 2663 2507 πνευματικῶς
2696 2436 2999 2505 θεωρεῖται,
3040 2432 3183 2485 ὥστε
3220 2427 3494 2483 πιστεύειν
3544 2429 3634 2480 ὅτι

2049 2531 2268 2601 ἀληθῶς
2311 2533 2369 2583 ἐν
2422 2531 2488 2600 τῇ
2543 2528 2739 2598 καρδίᾳ
2783 2528 2898 2579 ἐστὶ
2923 2524 3016 2579 τοῦ
3057 2523 3148 2578 τὸν
3176 2522 3304 2576 Θεὸν
3329 2521 3546 2592 ἔχοντος
3594 2519 3634 2589 ἡ

2051 2623 2314 2695 Βηθλεέμ,
2348 2624 2375 2675 6
2413 2619 2696 2689 Γολγοθάς,
2726 2622 2753 2672 ὁ
2803 2614 3048 2679 Ἐλαιὼν,
3076 2617 3112 2686 ἡ
3153 2611 3636 2674 Ἀνάστασις.”οτε

2002 2772 2005 2775 λ
2051 2714 2158 2784 γὰρ
2189 2712 2277 2766 διὰ
2299 2711 2394 2781 τῆς
2426 2710 2634 2780 ἀγαθῆς
2690 2706 3047 2777 συνειδήσεως
3090 2706 3119 2757 6
3164 2703 3391 2775 Χριστος
3414 2702 3638 2771 ἐμμορ-

2050 2803 2226 2873 φωθῇ,
2287 2804 2381 2857 καὶ
2439 2801 2763 2872 καθηλώσας
2810 2799 2886 2869 τῷ
2923 2798 3052 2868 θείῳ
3103 2796 3253 2865 φόϐῳ
3287 2793 3387 2857 τὰς
3422 2793 3634 2862 σάρκας

2050 2895 2237 2955 αὑτοῦ,
2273 2897 2364 2948 καὶ
2395 2892 2795 2964 συσταυρωθεὶς
2820 2889 2896 2960 τῷ
2922 2886 3159 2961 Χριστῷ,
3182 2886 3277 2939 καὶ
3294 2883 3635 2946 ἀποκυλίσας

2055 2989 2148 3056 ἀφ’
2199 2988 2390 3042 ἑαυτοῦ
2439 2987 2529 3040 τὸν
2566 2985 2732 3056 βαρὺν
2775 2984 2873 3054 τῆς
2908 2980 3169 3051 βιωτικῆς
3211 2977 3429 3045 ἀπάτης
3461 2973 3630 3035 λίθον,

2055 3079 2148 3131 καὶ
2188 3077 2415 3144 ἐξελθὼν
2454 3075 2549 3155 τοῦ
2584 3072 2891 3146 σωματικοῦ
2929 3069 3216 3142 μνημείου,
3246 3068 3321 3130 ὡς
3358 3068 3417 3119 ἐν
3454 3063 3635 3118 καινό-

2053 3185 2176 3238 τητι
2198 3166 2343 3237 ζωῆς
2374 3154 2760 3237 περιεπάτησε,
2802 3164 2895 3216 καὶ
2915 3165 2943 3216 ό
2975 3154 3288 3215 καταλιπὼν
3323 3159 3420 3228 τὴν
3450 3154 3633 3224 κοίλην

2056 3262 2151 3315 καὶ
2183 3258 2520 3331 χαμαίζηλον
2555 3257 2663 3311 τῶν
2702 3256 3002 3329 ἀνθρώπων
3032 3252 3200 3322 ζωὴν,
3223 3249 3433 3311 ἀναϐὰς
3464 3247 3521 3299 δὲ
3549 3244 3638 3298 διὰ

2025 3353 2153 3425 ’τῆς
2184 3352 2391 3423 ὑψηλῆς
2424 3350 2713 3421 ἐπιθυμίας
2742 3351 2820 3413 είς
2840 3349 2935 3419 τὴν
2973 3344 3293 3414 ἐπουράνιον
3326 3339 3636 3400 πολιτείαν,

2058 3444 2153 3497 καὶ
2181 3443 2248 3495 τὰ
2277 3443 2390 3496 ἀνω
2433 3441 2666 3512 φρονῶν,
2724 3434 2785 3493 οῦ
2818 3443 2846 3491 ὀ
2885 3436 3139 3510 Χριστὸς,
3166 3434 3262 3487 καὶ
3303 3433 3377 3502 μὴ
3408 3427 3642 3501 βαρυνόο

2062 3552 2218 3605 μενος
2250 3533 2327 3606 τῷ
2350 3534 2503 3605 ἄχθει
2540 3533 2633 3587 τοῦ
2686 3532 2954 3602 σώματος,
2988 3528 3100 3583 ἀλλ’
3143 3521 3509 3593 ἐξελαφρύνας
3551 3520 3645 3572 διὰ

2061 3627 2445 3699 καθαρωτέρας
2497 3625 2665 3695 ζωῆς,
2696 3624 2834 3677 ὥστε
2885 3620 3033 3691 αὐτῷ
3065 3618 3291 3688 νεφέλης
3320 3615 3478 3684 δίκην
3500 3629 3642 3683 συμ-

2063 3718 2494 3787 μετεωροπορείν
2542 3715 2633 3767 ἐπὶ
2660 3715 2728 3766 τά
2759 3714 2868 3766 ἄνω
2901 3711 2998 3780 τὴν
3034 3709 3238 3778 σάρκα·
3286 3700 3464 3766 οὗτος,
3497 3699 3647 3753 κατά

2060 3826 2121 3878 γε
2180 3808 2277 3879 τὴν
2331 3808 2470 3879 ἐμὴν
2523 3806 2721 3877 κρίσιν,
2766 3803 2990 3858 ἐκείνων
3036 3800 3152 3854 ἐστὶ
3180 3796 3285 3851 τῶν
3318 3809 3647 3863 κατωνομα·

2064 3902 2297 3972 σμένων,
2342 3901 2398 3954 ἐν
2426 3894 2505 3962 οἷς
2545 3898 2620 3957 ,τά
2670 3898 3036 3968 ὑπομνήματα
3085 3892 3185 3962 τῆς
3231 3888 3326 3942 τοῦ
3369 3884 3645 3940 Δεσπότου

2063 3996 2202 4066 ὑπὲρ
2253 3993 2410 4065 ἡμῶν
2469 3989 2880 4063 φιλανθρωπίας
2924 3989 3135 4058 ὁρᾶται.
3195 3980 3411 4051 Ἐπειδὴ
3459 3977 3645 4066 τοίνυν

2063 4065 2203 4139 εἶδον
2264 4086 2361 4154 μὲν
2411 4084 2505 4137 καὶ
2569 4079 2843 4150 αἰσθητῶς
2882 4079 3008 4141 τοὺς
3038 4076 3224 4145 ἁγίους
3245 4074 3460 4135 τόπους,
3492 4065 3641 4121 εἶδον

2063 4177 2120 4231 δὲ
2146 4176 2238 4230 καὶ
2270 4174 2326 4227 ἐν
2357 4175 2482 4244 ὑμῖν
2497 4172 2603 4226 τῶν
2630 4170 2883 4224 τοιούτων
2900 4168 3079 4220 τόπων
3103 4165 3294 4234 ἐναργῆ
3313 4160 3378 4214 τὰ
3405 4160 3643 4228 σημεῖα,

2063 4268 2327 4337 τοσαύτης
2378 4262 2697 4336 ἐπληρώθην
2729 4261 2923 4332 χαρᾶς,
2957 4257 3097 4312 ὥστε
3145 4256 3281 4325 ὑπὲρ
3312 4252 3469 4319 λόγον
3496 4245 3649 4302 εἶναι

385 4368 505 4409 sum
536 4354 771 4425 gaudio.
813 4360 873 4407 ut
922 4352 1057 4407 illud
1108 4368 1368 4455 enarra‘re
1413 4355 1560 4410 nulla
1611 4357 1692 4412 vis
1743 4359 1960 4414 dicendi

2067 4360 2159 4415 τοῦ
2193 4356 2398 4428 ἀγαθοῦ
2442 4356 2539 4427 τὴν
2591 4355 2864 4425 διήγησιν.
2911 4348 3047 4403 Ἀλλ’
3098 4344 3286 4416 ἐπειδὴ
3327 4340 3652 4455 ἐοικεζάν-

385 4454 570 4517 queat.
606 4444 710 4499 Sed
744 4445 961 4500 diliicile
985 4452 1090 4508 est,
1121 4461 1189 4499 ne
1221 4432 1397 4500 dic'am
1431 4446 1545 4502 ﬁeri
1571 4451 1795 4505 omnino
1818 4451 1961 4505 haud

2067 4456 2280 4523 θρωπον
2313 4450 2438 4503 ὄντα
2470 4446 2725 4501 δύσκολον
2750 4440 2910 4507 εἶναι,
2941 4443 3026 4496 ἵνα
3067 4439 3141 4512 μὴ
3173 4439 3309 4493 εἴπω
3335 4437 3418 4489 ὅτι
3446 4432 3653 4487 ἀδύνα-

385 4553 570 4616 posse,
600 4544 656 4592 ut
679 4537 844 4594 homo
874 4545 1036 4593 natus
1062 4538 1207 4592 bono
1235 4539 1420 4607 aliquo
1450 4539 1686 4604 fruatur,
1712 4543 1798 4596 cui
1830 4542 1964 4596 nihil

386 4635 515 4689 mali
555 4634 627 4690 sit
672 4633 1009 4688 admistum:
1058 4642 1350 4703 prepterea
1400 4633 1532 4687 mihi
1576 4648 1795 4702 quoque
1840 4645 1963 4683 cum
2009 4674 2037 4703 ,

387 4725 569 4781 dulcia
602 4733 918 4797 gustarem,
959 4725 1125 4781 simul
1161 4735 1215 4779 et
1255 4725 1473 4780 illorum
1508 4725 1716 4795 aliquid
1748 4732 1832 4781 est
1864 4724 1965 4777 mi-

388 4826 559 4883 ειυω,
591 4833 714 4889 quae
742 4822 1250 4873 sensum'amarore
1282 4817 1561 4883 alliciunt,
1591 4817 1663 4872 ob
1694 4831 1815 4887 qua:
1844 4822 1966 4884 post

390 4924 615 4968 suavem
650 4924 834 4965 rerum
887 4912 1132 4967 laetarum
1169 4913 1607 4983 perceptionem,
1642 4919 1873 4965 maestus
1909 4924 1973 4964 ac

390 4997 569 5055 tristis
598 4997 823 5054 domum
862 5002 1174 5056 revertebar
1218 5021 1230 5055 :
1267 5012 1528 5072 reputans
1568 5000 1711 5071 apud
1741 5016 1850 5063 me,
1878 5015 1972 5056 ve-

392 5108 514 5148 rum
548 5107 672 5149 esse
696 5093 843 5163 quod
873 5092 1136 5150 Dominus
1164 5095 1326 5157 dixit.
1359 5094 1621 5148 mundum
1653 5093 1972 5147 universum

395 5185 450 5240 in
486 5184 632 5239 malo
657 5184 859 5240 cubare
887 5184 904 5217 ⁸
939 5200 952 5236 :
983 5186 1055 5239 ita
1094 5195 1154 5240 ut
1176 5201 1305 5256 pars
1335 5186 1480 5240 nulla
1510 5184 1662 5240 orbis
1694 5193 1970 5240 terrarum

395 5274 679 5347 nequioris
706 5275 852 5329 illius
876 5276 1147 5346 portionis
1172 5276 1244 5332 sit
1268 5277 1551 5332 immunis.
1579 5274 1711 5330 Nam
1741 5275 1786 5329 si
1813 5275 1969 5330 locus

394 5368 513 5437 ipse
566 5366 660 5437 qui
715 5375 967 5422 sanctum
1013 5368 1304 5438 vestigium
1347 5384 1489 5424 verae
1538 5368 1662 5423 vitae
1704 5366 1967 5436 suscepit.

397 5473 570 5525 purus
601 5473 633 5512 a
680 5458 840 5514 malis
879 5459 1131 5516 sentibus
1166 5477 1274 5516 non
1309 5471 1392 5518 est
1416 5501 1431 5525 ,
1482 5461 1615 5531 quid
1649 5461 1718 5516 de
1752 5461 1969 5517 caeteris

395 5549 609 5615 opinari
663 5547 946 5616 debemus,
993 5551 1088 5621 qui
1135 5552 1252 5606 sola
1292 5553 1571 5607 auditione
1613 5559 1668 5604 et
1708 5552 1972 5620 prtedica-

471 5655 491 5687 ⁸
526 5652 547 5707 Ι
577 5653 735 5710 Joan.
771 5674 834 5723 v,
871 5659 957 5714 19.

475 5747 553 5820 (1)
586 5747 760 5803 Isaac.
791 5727 1129 5810 Casaubono'
1154 5750 1473 5820 interprete.
1508 5780 1574 5791 -υ
1605 5747 1703 5803 Ed.
1746 5746 1900 5815 l658,
1945 5747 2032 5819 ll],

2061 4561 2172 4607 τον,
2224 4541 2421 4612 ἀμιγὲς
2474 4538 2568 4592 τοῦ
2608 4536 2777 4592 κακοῦ
2809 4536 2871 4589 τὸ
2910 4534 3109 4605 ἀγαθὸν
3150 4529 3525 4603 καρποῦσθαι·
3556 4526 3657 4579 διὰ

2062 4634 2219 4688 τοῦτό
2255 4651 2345 4703 μοι
2393 4634 2458 4704 τῇ
2503 4629 2686 4699 γεύσει
2718 4628 2825 4683 τῶν
2871 4626 3115 4697 γλυκέων
3155 4620 3568 4693 συγκατεμίχθη
3597 4636 3656 4673 τι

2064 4723 2158 4778 καὶ
2185 4723 2291 4776 τῶν
2316 4720 2710 4793 πικραινόντων
2727 4718 2826 4788 τὴν
2852 4715 3103 4786 αἴσθησιν
3125 4728 3137 4741 ·
3173 4712 3256 4782 ἐφ’
3279 4704 3360 4774 οἷς
3391 4710 3529 4780 μετά
3546 4709 3658 4779 τὴν

2068 4813 2276 4884 ἀγαθὴν
2300 4810 2407 4864 τῶν
2448 4808 2848 4881 εὑφραινόντων
2875 4805 3196 4864 ἀπόλαυσιν,
3240 4799 3405 4854 πάλιν
3435 4797 3527 4850 ἐπὶ
3547 4798 3660 4866 τὴν

2070 4905 2299 4975 πατρίδα
2335 4899 2741 4972 σκυθρωπάζων
2756 4898 3116 4969 ἐπορευόμην,
3146 4890 3493 4961 λογιζόμενος
3514 4928 3529 4953 ,
3566 4890 3661 4942 ὅτι

2068 4996 2312 5066 ἀληθῆςό
2328 4989 2417 5048 τοῦ
2446 4992 2652 5066 Κυρίου
2679 4990 2837 5058 λόγος
2862 4991 2889 5042 ό
2909 4986 3077 5040 εἰπὼν
3091 4985 3207 5039 ὅλον
3231 4983 3325 5037 τὸν
3357 4982 3560 5051 κόσμον
3596 4983 3659 5033 ὲν

2068 5090 2145 5158 τῷ
2175 5087 2397 5158 πονηρῷ
2428 5085 2675 5140 κεῖσθαι·
2700 5083 2773 5147 ὡς
2810 5082 2972 5161 μηδὲν
2994 5079 3093 5148 τῆς
3125 5076 3449 5148 οἰκουμένης
3483 5073 3659 5145 μέρος

2069 5179 2351 5249 ἐλεύθερον
2377 5172 2515 5231 εἶναι
2542 5177 2641 5247 τῆς
2669 5173 2861 5247 μοίρας
2888 5171 2982 5226 τοῦ
3011 5169 3273 5242 χείρονος.
3314 5167 3376 5220 Ei
3405 5165 3515 5237 γὰρ
3538 5166 3571 5217 6
3592 5165 3661 5218 τὺ

2068 5272 2220 5345 ἅγιον
2245 5274 2340 5343 τῆς
2369 5270 2535 5331 ὅντως
2564 5267 2707 5338 ζωῆς
2756 5266 2898 5336 ῑχνος
2935 5261 3329 5329 ὑποδεξάμενος
3354 5257 3516 5320 τόπος
3550 5258 3659 5326 τῆς

2071 5366 2310 5437 πονηρᾶς
2326 5363 2565 5432 ἀκάνθης
2593 5361 2654 5414 ού
2684 5356 2997 5431 καθαρεύει,
3021 5356 3071 5408 τί
3094 5354 3198 5426 χρὴ
3240 5351 3366 5423 περὶ
3399 5350 3506 5402 τῶν
3534 5348 3658 5401 λοι-

2072 5455 2187 5509 πῶν
2222 5456 2421 5507 ἐννοεῖν
2453 5452 2654 5517 τόπων,
2677 5446 2757 5513 οἷς
2805 5449 2839 5519 ἡ
2873 5445 2967 5502 τοῦ
2999 5442 3203 5513 ἀγαθοῦ
3235 5439 3497 5513 μετουσία
3519 5453 3658 5491 κατ-

2073 5547 2284 5618 εσπάρη
2317 5544 2403 5599 διὰ
2444 5543 2605 5615 ψιλῆς
2643 5542 2813 5612 ἀκοῆς
2850 5539 2941 5592 καὶ
2979 5535 3355 5609 κηρύγματοςς
3385 5528 3560 5585 ταῦτα
3593 5527 3656 5582 δὲ

2072 5749 2198 5805 655.
