4002 6206
367 360 509 420 ιοιτ

1557 364 1942 423 EPISTOLZE.
1978 396 2048 408 -—
2074 366 2294 427 EPIST.
2332 369 2420 426 Ill.

3482 384 3620 442 1018

363 483 502 555 πρὸς
523 482 552 537 ὅ
572 498 625 536 τι
648 482 858 552 βλέπων
877 486 1041 556 φημὶ,
1064 487 1278 552 πάντως
1304 487 1457 544 οὐδὲν
1480 491 1586 562 χρὴ
1607 494 1838 561 γυμνότε
1847 509 1938 563 ρον

2043 493 2189 549 ιὶοηε
2227 493 2353 549 boni
2404 494 2551 550 illius
2591 496 2974 554 communione
3026 505 3157 552 sunt
3203 500 3453 569 aspersi?
3496 501 3619 570 Quo

360 572 451 628 διὰ
486 572 600 626 τῶν
623 571 797 640 λόγων
853 574 1183 641 ἐκτίθεσθαι,
1233 574 1411 631 αὐτῶν
1462 579 1570 633 τῶν
1606 582 1945 652 πραγμάτων

361 665 549 736 πάσης
581 665 767 735 φωνῆς
808 667 1088 738 γνωρίμου
1120 671 1483 742 γεγωνότερον
1513 672 1853 728 διαϐοώντων
1877 675 1947 728 τὰ

362 756 604 829 λυπηρά.
636 756 781 815 Μίαν
803 756 1004 830 ἔχθραν
1030 760 1416 832 ἐνομοθέτησεν
1450 765 1582 834 ἡμῖν
1611 766 1640 818 6
1665 765 1763 837 τῆς
1799 764 1946 837 ζωῆς

362 849 524 920 ἡμῶν
554 849 877 921 νομοθέτης,
900 850 1000 923 τὴν
1028 852 1163 922 πρὸς
1193 853 1285 907 τὸν
1309 854 1431 924 ὅφιν
1464 855 1607 924 λέγω
1634 872 1647 885 ·
1682 856 1820 928 πρὸς
1851 858 1945 911 ού-

360 940 452 995 δέν
482 941 611 997 ἄλλο
629 941 727 1014 τὴν
750 942 841 996 τοῦ
878 945 1057 1013 μισεῖν
1083 943 1310 1016 δύναμιν
1339 947 1677 1020 ἐνεργεῖσθαι
1708 950 1946 1020 προστά-

361 1030 483 1098 ξας,
514 1036 564 1087 εί
591 1032 666 1105 μὴ
692 1033 829 1105 πρὸς
859 1035 959 1105 τὴν
978 1034 1324 1108 ἀποστροφὴν
1341 1038 1441 1108 τῆς
1462 1039 1948 1109 κακίας.Ἕχθραν

357 1125 473 1197 γὰρ
499 1124 687 1191 θήσω,
733 1125 919 1195 φησιν,
946 1125 1064 1180 ἀνὰ
1090 1126 1286 1195 μέσον
1310 1128 1449 1194 σοῦ,
1487 1129 1587 1183 καί
1614 1130 1731 1185 ἀνὰ
1750 1130 1947 1199 μέσον

356 1217 618 1271 ἐκείνου.
669 1216 887 1287 Ἐπειδὴ
947 1217 1164 1288 ποικίλη
1198 1235 1282 1283 τις
1307 1219 1400 1272 καὶ
1427 1218 1708 1293 πολυειδής
1738 1223 1884 1276 ἐστιν
1908 1223 1943 1294 ἡ

355 1307 549 1369 κακία,
572 1307 661 1362 διὰ
698 1306 790 1360 τοῦ
827 1307 1002 1376 ὄφεως
1048 1309 1077 1361 6
1110 1307 1266 1378 λόγος
1290 1309 1496 1382 ταύτην
1524 1311 1840 1377 αἰνίττεται,
1875 1315 1943 1384 τῇ

356 1402 542 1470 πυκνῇ
572 1400 681 1454 τῶν
714 1399 942 1469 φολίδων
985 1400 1132 1455 θέσει
1158 1401 1218 1454 τὸ
1257 1400 1592 1474 πολύτροπον
1615 1403 1713 1475 τῆς
1745 1403 1947 1468 κακίας

357 1492 799 1564 χαρακτηρίζων.
844 1493 1034 1563 Ἡμεῖς
1056 1493 1113 1547 δὲ
1135 1495 1272 1565 πρὸς
1328 1495 1426 1565 μὲν
1457 1495 1546 1550 τὸν
1569 1495 1691 1566 ὅφιν
1718 1496 1944 1551 ἔνσπον-

354 1583 461 1648 δοι,
491 1584 581 1637 διὰ
605 1585 699 1637 τοῦ
751 1582 822 1638 τὰ
870 1583 1152 1655 θελήματα
1209 1585 1304 1639 τοῦ
1333 1587 1709 1659 ἀντικειμένου
1745 1590 1942 1656 ποιεῖν,

356 1676 664 1746 ἐγενόμεθα
687 1692 704 1709 θ
758 1675 819 1730 τὸ
864 1677 920 1731 δὲ
956 1680 1113 1747 μῖσος
1166 1678 1289 1730 κατ’
1325 1678 1569 1749 ἀλλήλων
1601 1679 1943 1753 ἐτρέψαμενο

354 1767 503 1837 τάχα
531 1768 589 1822 δὲ
619 1768 739 1823 οὐδὲ
765 1770 887 1822 καθ’
925 1769 1104 1839 ἡμῶν,
1134 1770 1269 1823 ἀλλὰ
1303 1771 1446 1825 κατὰ
1472 1771 1564 1825 τοῦ
1597 1772 1696 1844 τὴν
1727 1773 1944 1846 ἐντολὴν

354 1857 669 1923 δεδωκότος.
710 1859 768 1913 '0
795 1860 894 1930 μὲν
941 1860 1050 1934 γάρ
1080 1877 1265 1931 φησιν,
1297 1861 1645 1931 Ἀγαπήσεις
1668 1862 1775 1916 τὸν
1795 1867 1947 1933 πλη-

354 1949 504 2002 σίον
530 1963 669 2011 σου,
708 1949 806 2003 καί
842 1949 1128 2018 μισήσεις
1155 1949 1263 2003 τὸν
1289 1950 1505 2019 ἐχθρόν
1542 1967 1687 2007 σευ·
1727 1953 1819 2006 τὸν
1848 1954 1946 2024 τῆς

355 2040 579 2109 φύσεως
613 2040 772 2111 ἡμῶν
801 2040 1057 2111 πολέμιον
1081 2041 1238 2112 μόνον
1273 2042 1466 2113 ἐχθρὸν
1503 2042 1754 2113 ἡγεῖσθαι
1778 2061 1946 2114 προσ-

350 2131 529 2198 τάξας
553 2149 566 2163 ·
598 2134 774 2186 πάντα
800 2132 857 2187 δὲ
886 2133 976 2187 τὸν
1005 2134 1361 2189 κοινωνοῦντα
1398 2135 1498 2206 τῆς
1527 2136 1764 2204 φύσεως,
1809 2136 1947 2207 πλη-

356 2223 477 2276 σίον
507 2223 736 2277 ἑκάστου
785 2220 925 2278 εἰναι
967 2225 1136 2279 εἰπών
1161 2244 1176 2260 ο
1210 2230 1244 2298 ἡ
1289 2228 1345 2281 δὲ
1381 2227 1741 2299 βαρυκᾶρδιος
1786 2228 1945 2299 ἡμῶν

351 2314 525 2383 γενεὰ
578 2314 674 2368 τοῦ
715 2315 942 2388 πλησίον
981 2319 1132 2388 ἡμᾶς
1179 2318 1536 2390 διαστήσασα,
1590 2319 1813 2373 θάλπειν
1854 2319 1944 2372 τὸν

349 2406 485 2474 ὅφιν
517 2407 759 2477 ἐποίησε,
784 2408 877 2461 καὶ
915 2411 1027 2473 τοῖς
1064 2409 1172 2464 τῶν
1206 2410 1433 2480 φολίδων
1456 2409 1621 2464 αὐτοῦ
1652 2411 1944 2482 στίγμασιν

319 2497 774 2581 κέπιτὲρπεσθαι.
821 2498 962 2567 Ἐγὼ
1012 2499 1121 2571 γὰρ
1175 2499 1238 2553 τὸ
1287 2500 1387 2572 μὲν
1427 2501 1555 2565 τοὺς
1593 2500 1821 2573 ἐχθροὺς
1848 2499 1943 2555 τοῦ

352 2588 493 2642 Θεοῦ
524 2592 701 2660 μισεῖν
769 2590 993 2660 ἔννομον
1035 2586 1171 2645 εῖναι
1209 2608 1373 2664 φημι,
1424 2592 1519 2646 καὶ
1560 2593 1816 2664 ἀρέσκειν
1864 2589 1945 2662 τῷ

351 2680 604 2755 Δεσπότῃ
651 2681 715 2735 τὸ
755 2680 995 2735 τοιοῦτον
1054 2684 1244 2754 μῖσος’
1275 2682 1503 2754 ἐχθροὺς
1549 2684 1604 2736 δὲ
1632 2683 1777 2752 λέγω
1816 2684 1943 2749 τοὺς

356 2772 506 2826 κατὰ
532 2775 710 2827 πάντα
736 2775 937 2846 τρόπον
963 2775 1061 2846 τὴν
1087 2774 1181 2828 τοῦ
1199 2775 1468 2828 Δεσπότου
1493 2774 1650 2840 δόξαν
1678 2777 1945 2846 ἀπαρνου-

356 2864 579 2935 μένους,
605 2864 717 2918 εἴτε
772 2867 899 2926 τοὺς
932 2866 1236 2929 Ἰουδαίους,
1287 2865 1395 2918 εἴτε
1440 2866 1565 2929 τοὺς
1592 2865 1836 2937 φανερῶς
1863 2868 1942 2918 εί-

354 2956 853 3029 δω).ολατροῦντας,
882 2958 991 3011 εἴτε
1023 2960 1148 3022 τοὺς
1179 2957 1267 3012 διὰ
1291 2957 1399 3011 τῶν
1434 2958 1639 3029 Ἀρείου
1656 2958 1941 3029 δογμάτων

354 3052 835 3116 είδωλοποιοῦντας
867 3054 967 3123 τὴν
996 3052 1195 3118 κτίσιν,
1225 3051 1319 3105 καὶ
1347 3050 1446 3122 τὴν
1475 3051 1770 3124 Ἰουδαῖκὴν
1803 3052 1939 3106 πλά-

2047 591 2291 654 spectem
2322 600 2446 640 eum
2476 585 2591 641 haec
2619 584 2745 641 dico
2775 586 2910 641 nihil
2944 589 3243 660 quidquam
3280 592 3475 647 attinet
3501 594 3619 649 evi-

2045 675 2390 731 dentioribus
2425 676 2610 732 verbis
2648 677 2924 747 explicare
2953 694 2969 736 :
3000 693 3125 735 cum
3158 696 3247 737 res
3287 680 3420 753 ipsa:
3449 684 3619 740 altius

2045 783 2112 823 ac
2155 769 2361 823 clarius
2400 783 2563 839 quam
2599 769 2926 840 cujusquam
2958 786 3065 826 vox
3106 773 3193 827 vel
3222 775 3461 831 maxime
3488 784 3622 833 nota

2044 861 2320 925 clament,
2356 874 2604 930 quaenam
2655 861 2748 914 illa
2792 862 2906 917 sint
2943 877 3066 932 quae
3111 863 3343 919 molesta
3391 865 3618 923 fuerint.

2046 950 2226 1007 Unum
2260 951 2446 1007 odium
2478 952 2595 1023 lege
2630 967 2730 1007 sua
2764 953 2951 1007 sanxit
2980 955 3105 1009 vitae
3138 965 3343 1012 nostrae
3371 955 3622 1026 Legisla-

2045 1052 2134 1098 tor
2176 1060 2192 1099 ι
2237 1043 2445 1109 odium,
2493 1042 2643 1105 dico.
2688 1058 2815 1097 cum
2865 1055 3120 1114 serpente
3171 1064 3185 1100 :
3226 1061 3404 1118 neque
3453 1046 3621 1102 ullam

2045 1132 2205 1189 aliam
2235 1134 2304 1188 ad
2337 1149 2451 1189 rem
2476 1148 2730 1189 exercere
2759 1135 2867 1189 vim
2912 1135 3060 1189 illam
3089 1151 3187 1205 per
3208 1152 3372 1207 quam
3403 1137 3620 1194 odimus

2044 1241 2147 1281 nos
2176 1225 2367 1295 jussit,
2397 1225 2504 1282 nisi
2531 1226 2599 1282 ad
2631 1226 2997 1284 aversandum
3026 1227 3256 1281 malum.
3292 1226 3508 1293 Odium,
3531 1227 3622 1282 in-

2044 1317 2184 1388 quit,
2235 1332 2426 1386 ponam
2475 1318 2612 1371 inter
2654 1326 2724 1381 te,
2759 1328 2915 1389 atque
2959 1319 3098 1372 inter
3134 1318 3309 1386 ipsum
3328 1320 3374 1383 ³,
3424 1332 3623 1389 nempe

2045 1410 2171 1481 quia
2196 1408 2348 1463 varia
2375 1415 2429 1464 et
2460 1409 2810 1465 multiformis
2840 1417 2925 1466 est
2986 1409 3294 1475 vitiositas,
3341 1410 3618 1480 serpentis

2046 1500 2405 1571 appellatione
2427 1515 2545 1558 eam
2577 1500 2668 1555 hic
2703 1516 2885 1556 sermo
2908 1501 3158 1572 designat
3190 1520 3203 1555 :
3233 1516 3331 1572 per
3360 1516 3621 1572 squama-

2045 1606 2169 1646 rum
2199 1592 2431 1648 densum
2464 1593 2631 1649 situm
2666 1593 3004 1664 multiplices
3034 1594 3295 1650 vitiorum
3337 1593 3530 1651 modos
3555 1608 3622 1651 ac

2046 1682 2254 1739 formas
2286 1684 2436 1740 velut
2472 1684 2677 1739 indicio
2706 1694 2957 1740 notarum
2988 1687 3323 1755 exprimens.
3351 1685 3463 1742 Nos
3491 1700 3621 1742 vero

2046 1775 2174 1830 dum
2206 1774 2506 1830 adversarii
2531 1776 2848 1833 voluntates
2886 1777 3263 1847 exsequimur,
3291 1776 3469 1833 fcedus
3493 1793 3622 1833 cum

2053 1875 2307 1938 serpente
2337 1868 2591 1934 colimus,
2618 1868 2803 1923 odium
2828 1883 2958 1923 vero
2986 1868 3316 1939 mutuumjn
3340 1883 3441 1924 nos
3468 1869 3618 1939 ipsos

2047 1959 2426 2015 convertimus
2461 1977 2474 2013 :
2511 1974 2574 2014 ac
2611 1959 2848 2022 fortasse
2896 1976 2966 2015 ne
3000 1960 3055 2014 in
3095 1975 3196 2015 nos
3244 1960 3487 2030 quidem,
3525 1958 3623 2015 sed

2044 2050 2102 2105 in
2141 2066 2264 2106 eum
2301 2052 2394 2120 qui
2434 2040 2755 2106 mandatum
2787 2050 2924 2106 illud
2949 2050 3121 2106 dedit.
3160 2051 3252 2105 Ait
3298 2052 3443 2105 enim
3478 2051 3570 2105 ille
3602 2068 3619 2105 :

2043 2142 2266 2198 Amabis
2294 2145 2596 2214 proximum
2641 2152 2811 2209 tuum,
2844 2153 2893 2198 et
2928 2143 3052 2197 odio
3096 2141 3309 2197 habebis
3348 2142 3623 2195 inimicum

2045 2244 2194 2292 tuum
2220 2236 2262 2301 ³,
2304 2235 2483 2291 solum
2519 2234 2672 2290 illum
2706 2234 2801 2305 qui
2833 2246 3045 2291 natura:
3077 2243 3282 2291 nostras
3314 2234 3490 2291 hostis
3515 2241 3619 2301 est,

2043 2328 2246 2383 habere
2278 2342 2377 2398 pro
2416 2327 2642 2381 inimico
2676 2342 2778 2382 nos
2804 2325 2970 2396 jussit
3002 2344 3017 2380 :
3050 2341 3436 2397 quemcunque
3464 2340 3620 2391 vero,

2042 2417 2138 2488 qui
2172 2428 2383 2472 natura:
2415 2415 2583 2486 hujus
2618 2416 2690 2472 sit
2733 2415 3042 2485 particeps.
3074 2415 3386 2485 proximum
3427 2413 3621 2482 cujus-

2042 2522 2151 2579 que
2194 2521 2319 2563 esse
2365 2506 2749 2577 pronuntiavit
2802 2524 2817 2562 :
2873 2514 2929 2561 at
2976 2514 3169 2562 nostra
3219 2504 3338 2560 haec
3382 2505 3622 2575 maligna

2042 2603 2178 2653 aetas
2208 2604 2270 2651 ut
2315 2596 2759 2653 abalienaremur
2801 2610 2833 2650 a
2879 2596 3180 2668 proximis,
3212 2606 3267 2653 et
3310 2605 3621 2666 serpentem

2041 2689 2378 2755 foveremus,
2410 2688 2615 2753 eﬂ‘ecit,
2649 2696 2820 2761 utque
2851 2703 3205 2761 squamarum
3231 2688 3352 2759 ejus
3387 2693 3623 2760 punctu-

2042 2779 2123 2835 ris
2172 2778 2561 2849 gauderemus.
2600 2776 2736 2833 Nam
2770 2779 3026 2848 equidem
3069 2777 3165 2833 Dei
3197 2777 3386 2833 hostes
3431 2776 3625 2833 odisse

2036 2871 2248 2941 justum
2280 2886 2404 2926 esse
2428 2870 2536 2933 aio,
2575 2870 2738 2939 idque
2766 2869 2877 2924 odii
2918 2884 3093 2940 genus
3124 2868 3354 2924 Domino
3384 2867 3619 2938 placere.

2046 2962 2152 3019 Sed
2185 2962 2374 3018 hostes
2407 2959 2503 3017 Dei
2532 2976 2657 3018 esse
2689 2962 2815 3017 illos
2845 2960 2994 3025 dico,
3026 2960 3121 3032 qui
3158 2959 3416 3015 omnibus
3444 2958 3624 3016 modis

2042 3053 2258 3110 Domini
2291 3053 2518 3124 gloriam
2546 3060 2750 3124 negant
2788 3070 2803 3109 :
2837 3053 2952 3109 sive
2996 3053 3077 3109 illi
3116 3059 3244 3108 sunt
3271 3049 3477 3118 Judaei,
3505 3052 3625 3108 sive

352 3160 461 3212 νην
523 3142 1022 3213 ἀναλαμϐάνοντας.
1079 3142 1142 3195 Εί
1197 3141 1253 3195 δὲ
1282 3142 1491 3213 Πατὴρ,
1538 3141 1634 3195 καὶ
1662 3141 1811 3206 Υίὸς,
1847 3143 1941 3196 καὶ

2044 3145 2322 3201 manifesti
2370 3145 2690 3206 idololatrae.
2735 3145 2850 3212 sive
2898 3143 2965 3201 de
2992 3159 3187 3200 eorum
3231 3157 3483 3208 numero,
3522 3143 3621 3215 qui

353 3232 516 3300 ἅγιον
545 3232 767 3303 Πνεῦμα
814 3232 1052 3296 εὐσεϐῶς
1095 3231 1388 3298 δοξάζοιτο,
1437 3232 1532 3285 καὶ
1582 3235 1939 3303 προσκυνοὴο

2036 3251 2134 3306 per
2177 3236 2291 3289 Arii
2332 3236 2588 3304 dogmata
2629 3234 2696 3288 de
2712 3240 2968 3288 creatura
3008 3234 3212 3289 idolum
3268 3232 3515 3304 lingunt,
3566 3240 3623 3290 et

350 3322 513 3394 παρὰ
538 3323 644 3376 τῶν
675 3324 1035 3379 πιστευόντων
1065 3325 1121 3376 ἐν
1135 3324 1422 3394 ἀσυγχύτῳ
1441 3324 1533 3376 καὶ
1551 3323 1936 3394 διακεκριμένη

2043 3341 2276 3381 errorem
2303 3324 2612 3380 Iudaeorum
2641 3324 2977 3395 suscipiunt.
3008 3324 3079 3378 At
3114 3325 3163 3381 si
3190 3322 3386 3389 Pater,
3420 3322 3620 3391 Filius,

351 3416 426 3485 τῇ
464 3415 594 3485 ἁγίᾳ
622 3415 812 3486 Τριάδι
842 3416 969 3486 μίαν
998 3410 1134 3471 εἶναι
1173 3416 1264 3470 καὶ
1294 3415 1471 3483 φύσιν,
1506 3416 1599 3468 καὶ
1638 3415 1812 3483 δόξαν,
1847 3416 1938 3468 καὶ

2043 3422 2090 3471 et
2115 3415 2356 3486 Spiritus
2387 3423 2612 3470 sanctus
2648 3416 2735 3486 pie
2756 3425 3061 3484 asseratur,
3086 3424 3141 3472 et
3164 3415 3425 3471 adoretur
3448 3415 3519 3471 ab
3550 3414 3621 3471 iis

357 3505 658 3576 βασιλείαν,
673 3509 768 3562 καὶ
786 3506 1032 3579 δύναμιν,
1063 3506 1158 3561 καὶ
1178 3506 1275 3576 τὴν
1304 3506 1395 3557 ἐπὶ
1416 3505 1631 3559 πάντων
1659 3504 1935 3574 ἐξουσίανς

2043 3508 2127 3577 qui
2158 3507 2388 3561 eredunt
2410 3508 2463 3560 in
2494 3522 2602 3563 non
2635 3507 2864 3563 confusa
2890 3518 2944 3564 et
2972 3509 3233 3564 distincta
3264 3517 3457 3573 sancta
3488 3507 3619 3562 Trio

354 3598 593 3654 ἐνταῦθα
618 3600 646 3653 6
676 3601 908 3672 πόλεμος
935 3599 1050 3653 τίνα
1080 3599 1297 3668 εύλογον
1328 3598 1507 3653 αἰτίαν
1536 3596 1647 3668 ἔχει
1674 3613 1688 3663 ;

2043 3599 2206 3654 nitate
2238 3612 2399 3651 unam
2441 3613 2564 3653 esse
2597 3605 2651 3653 et
2684 3606 2937 3676 naturam
2965 3607 3019 3653 et
3045 3599 3280 3671 gloriam
3308 3608 3363 3656 et
3390 3611 3622 3669 regnum

355 3699 416 3747 et
453 3690 598 3759 vim,
641 3699 694 3748 et
732 3693 881 3763 pium
918 3692 1127 3748 cultum
1167 3700 1219 3747 et
1253 3706 1419 3763 supra
1457 3693 1644 3747 omnia
1683 3689 1937 3746 diffusam
1978 3699 2307 3762 potestatem
2349 3709 2362 3745 :
2410 3690 2531 3757 hic,
2580 3691 2805 3760 inquam
2829 3732 2843 3756 ,
2874 3707 3061 3763 ecqua:
3128 3692 3256 3749 belli
3323 3690 3621 3764 probabilis

356 3800 525 3842 causa
557 3799 681 3841 esse
706 3785 907 3855 queat?

432 3878 567 3935 Ὅτε
599 3877 890 3948 ἐπεκράτει
927 3876 997 3930 τὰ
1025 3876 1123 3947 τῆς
1151 3874 1413 3947 αίρέσεως
1439 3874 1684 3945 δόγματα
1703 3914 1717 3939 ,
1746 3873 1839 3928 καὶ
1874 3872 1934 3927 τὸ

355 3989 436 4025 πα
444 3969 848 4042 ρακινδυνεῦσαι
868 3968 1000 4041 πρὸς
1008 3968 1106 4030 τὰς
1121 3967 1385 4033 ἐξουσίας,
1400 3967 1466 4022 δι’
1479 3961 1552 4021 ὧν
1567 3965 1740 4020 ἐδόκει
1756 3965 1816 4018 τὸ
1827 3963 1934 4018 τῶν

355 4060 749 4132 ἀντικειμένων
790 4061 966 4131 δόγμα
1000 4058 1398 4131 κρατύνεσθαι,
1444 4057 1625 4122 καλῶς
1663 4053 1827 4129 εἶχεν·
1860 4056 1936 4121 ὼς

2114 3865 2267 3921 Tunc
2296 3881 2430 3922 sane
2459 3844 2583 3922 cum
2602 3867 2711 3924 late
2732 3868 3055 3925 obtinebant
3071 3869 3327 3927 hzcrelica
3348 3871 3618 3944 dogmata,

2037 3959 2124 4014 vei
2164 3975 2291 4014 eum
2334 3960 2593 4029 praesenti
2638 3959 2885 4031 periculo
2919 3977 3195 4033 opponere
3234 3980 3296 4019 se
3332 3967 3622 4036 potestati-

2041 4051 2185 4113 bus,
2228 4063 2327 4119 per
2354 4065 2491 4120 quas
2536 4052 2769 4107 stabiliri
2826 4053 3122 4109 videbatur
3176 4055 3620 4113 adversariorum

356 4154 423 4209 ἂν
446 4155 522 4225 μὴ
544 4153 1060 4209 καταδυναστεύοιτο
1076 4154 1196 4215 ταῖς
1214 4151 1583 4224 ἀνθρωπίναις
1601 4149 1936 4212 δυναστείαις

355 4243 388 4295 6
414 4244 677 4315 σωτήριος
693 4243 866 4312 λόγος·
898 4242 1016 4295 νυνὶ
1043 4242 1098 4295 δὲ
1123 4240 1264 4295 κατὰ
1290 4242 1469 4295 πᾶσαν
1494 4241 1594 4311 τὴν
1616 4237 1937 4309 οἰκουμένην

353 4334 453 4388 ἀπ’
490 4333 657 4405 ἄκρου
710 4333 805 4388 τοῦ
847 4332 1075 4405 ούρανοῦ
1100 4372 1115 4397 ,
1158 4332 1253 4385 καὶ
1282 4332 1388 4395 ἕως
1426 4330 1520 4385 τοῦ
1555 4332 1725 4404 ἄκρου
1770 4327 1935 4383 αὐτοῦ

2041 4140 2261 4211 dogma,
2302 4140 2506 4196 bonum
2546 4140 2750 4197 factum
2778 4151 2921 4208 erat,
2951 4159 3019 4199 ne
3049 4145 3117 4199 ab
3145 4144 3403 4201 humanis
3431 4154 3622 4215 puten-

2041 4231 2247 4287 tatibus
2284 4232 2548 4287 salutaris
2589 4233 2838 4287 doctrina
2874 4235 2925 4288 vi
2961 4236 3366 4304 opprimeretur
3398 4254 3411 4291 :
3447 4251 3619 4305 nunc,

2042 4340 2167 4381 cum
2194 4333 2312 4380 toto
2337 4325 2469 4381 orbe
2498 4333 2771 4381 terrarum
2802 4336 2968 4396 atque
2995 4327 3064 4381 ab
3099 4343 3208 4382 uno
3236 4329 3361 4383 coeli
3394 4329 3621 4387 cardine

356 4426 489 4489 ἴσως
525 4424 935 4497 κηρυσσομὲνης
970 4427 1026 4478 ἐν
1051 4424 1269 4496 φανερῷ
1304 4425 1404 4495 τῆς
1442 4423 1742 4487 εὐσεϐείας,
1771 4425 1801 4475 6
1824 4423 1935 4483 τοῖς

2043 4416 2110 4472 ad
2145 4419 2380 4473 alterum
2420 4432 2487 4472 ex
2527 4431 2685 4487 aequo
2720 4418 2902 4488 palam
2934 4417 3271 4488 praedicetur
3304 4421 3501 4490 pietas,
3523 4423 3619 4494 qui

355 4516 691 4588 κηρύσσουσι
739 4516 838 4588 τὴν
889 4515 1173 4570 εὐσέϐειαν
1226 4516 1502 4587 πολεμῶν,
1550 4516 1651 4569 οὐκ
1704 4515 1935 4579 ἐκείνοις

2043 4525 2161 4566 cum
2229 4509 2544 4566 hominibus
2596 4510 2739 4579 piam
2808 4509 3122 4565 doctrinam
3193 4513 3620 4583 praedicantibus

357 4610 612 4679 μάχεται.
642 4607 777 4662 ἀλλὰ
804 4608 882 4681 τῷ
898 4608 1028 4681 παρ’
1053 4607 1229 4661 αὐτῶν
1250 4608 1489 4671 εὐσεϐῶς
1525 4606 1935 4678 κηρυσσομένῳ.

2043 4602 2242 4659 bellum
2275 4602 2437 4674 gerit,
2483 4617 2831 4673 nequaquam
2886 4603 2977 4659 ille
3011 4603 3230 4675 quidem
3265 4620 3390 4661 cum
3422 4606 3491 4662 iis
3520 4622 3624 4676 pus-

354 4701 454 4765 Τίς
513 4701 623 4772 γὰρ
670 4696 811 4754 εἶναι
860 4701 1061 4765 σκοπὸς
1102 4700 1260 4763 ἄλλος
1303 4699 1505 4769 ὀφείλει
1555 4701 1631 4770 τῷ
1660 4700 1751 4752 τὸν
1798 4696 1940 4751 θεῖον

2043 4706 2193 4768 gnat,
2227 4696 2321 4752 sed
2357 4711 2482 4752 cum
2518 4711 2584 4751 eo
2616 4697 2709 4766 qui
2747 4696 2833 4766 pie
2878 4697 2949 4752 ab
2981 4698 3048 4753 iis
3077 4698 3429 4768 praedicatur.
3483 4697 3619 4755 Nam

353 4793 535 4864 ἔχοντι
574 4792 754 4864 ζῆλον,
786 4795 834 4847 ei
872 4793 946 4865 μὴ
990 4792 1053 4846 τὸ
1095 4792 1258 4845 παντὶ
1304 4790 1490 4861 τρόπῳ
1516 4789 1613 4861 τὴν
1642 4789 1800 4854 δόξαν
1837 4787 1935 4842 τοῦ

2043 4786 2129 4857 [ιυί
2159 4786 2349 4841 divino
2396 4786 2516 4843 zelo
2559 4786 2845 4855 feruntur,
2902 4788 3032 4858 quid
3062 4790 3211 4844 aliud
3247 4797 3493 4861 spectare
3524 4790 3622 4847 de-

352 4884 492 4939 Θεοῦ
518 4884 1011 4955 καταγγέλλεσθαι;
1053 4884 1202 4946 Ἕως
1220 4882 1327 4955 γὰρ
1354 4878 1446 4936 οῦν
1484 4881 1543 4946 ἐξ
1564 4881 1690 4951 ὅλης
1716 4880 1940 4950 καρδίας

351 4992 414 5029 τε
440 4974 535 5028 καὶ
566 4973 743 5046 ψυχῆς
771 4976 866 5028 xui.
893 4973 1128 5033 διανοίας
1162 4975 1533 5043 προσκυνῆται
1570 4974 1598 5026 ό
1643 4971 1939 5044 μονογενὴς

354 5066 511 5130 Θεὸς,
546 5067 722 5120 ἐκεῖνο
760 5061 899 5119 εἶναι
938 5064 1369 5135 πεπιστευμένος
1400 5065 1459 5117 ἐν
1486 5065 1651 5117 πᾶσιν
1685 5064 1823 5134 ὅπερ
1850 5066 1938 5117 ἐσ-

351 5162 438 5213 τἰν
470 5161 499 5214 6
537 5158 761 5230 Πατήρ·
794 5158 1058 5222 ὡσαύτως
1100 5158 1155 5210 δὲ
1197 5157 1292 5211 καὶ
1327 5157 1389 5209 τὸ
1420 5157 1645 5227 Πνεῦμα
1684 5158 1745 5211 τὸ
1781 5157 1934 5227 ἆγιον

352 5253 602 5323 ὁμοτίμῳ
639 5252 1007 5322 προσκυνήσει
1042 5248 1351 5321 δοξάζηται,
1384 5251 1432 5303 οἱ
1466 5249 1535 5302 τὰ
1573 5250 1809 5322 περισσὰ
1845 5267 1934 5302 σο⁶

353 5344 633 5414 φιζόμενοι
688 5345 849 5397 ποίαν
897 5343 990 5396 τοῦ
1026 5343 1262 5414 πολέμου
1312 5343 1668 5413 εὐπρόσωπον
1721 5342 1934 5412 ἔχουσιν

354 5438 632 5510 ἀφορμὴν,
685 5438 961 5510 σχίζοντες
1002 5439 1091 5491 τὸν
1131 5437 1333 5508 χιτῶνα
1377 5435 1468 5489 τὸν
1506 5435 1802 5507 ἄρρηκτον,
1839 5435 1933 5489 καὶ

355 5526 492 5598 πρὸς
516 5528 748 5591 Παῦλον,
780 5528 874 5581 καλ
904 5529 1101 5599 Κηφᾶν
1128 5526 1187 5580 τὸ
1210 5526 1378 5597 ὄνομα
1404 5525 1496 5578 τοῦ
1529 5524 1734 5594 Κυρίου
1767 5542 1933 5577 καταςι

355 5620 672 5693 μερίζοντες
700 5663 715 5686 ,
743 5622 839 5674 καὶ
871 5617 1402 5704 τδνιπροσεγγισμδν
1431 5615 1538 5669 τῶν
1567 5615 1657 5668 τὸν
1697 5615 1933 5688 Χριστὸν

428 5802 450 5833 ⁸
484 5799 619 5857 Gen.
654 5815 735 5870 Ill,
771 5800 853 5857 l5.
932 5802 949 5834 ³
992 5800 1164 5858 Levit.
1202 5817 1286 5857 xu
1313 5841 1328 5869 ,
1366 5801 1465 5871 l8;
1509 5798 1695 5856 Matth.
1734 5816 1797 5868 ν,
1836 5797 1922 5852 45.

2036 4877 2193 4942 bent,
2225 4877 2331 4932 nisi
2365 4887 2424 4931 ut
2444 4893 2667 4947 quoquo
2696 4877 2861 4933 modo
2890 4880 3062 4950 gloria
3097 4880 3189 4936 Dei
3221 4881 3621 4939 annuntietur‘i

2036 4969 2105 5023 At
2144 4967 2387 5040 quandiu
2440 4984 2509 5024 ex
2554 4978 2670 5024 toto
2718 4969 2922 5037 corde,
2982 4972 3162 5025 anima
3199 4980 3255 5029 et
3287 4975 3622 5045 cogitatione

2036 5060 2181 5117 Deus
2220 5059 2538 5132 unigenitus
2579 5060 2872 5127 adoratur,
2919 5062 3084 5133 idque
3125 5079 3248 5121 esse
3276 5064 3332 5120 in
3363 5067 3621 5129 omnibus

2033 5152 2304 5217 creditur,
2360 5152 2508 5222 quod
2550 5152 2711 5209 Pater
2738 5163 2861 5221 est;
2902 5154 3142 5225 quandiu
3195 5154 3437 5227 Spiritus
3480 5172 3621 5228 quo-

2037 5261 2144 5316 que
2174 5253 2403 5301 sanctus
2439 5246 2555 5317 pari
2588 5245 2910 5304 adoratione
2944 5248 3167 5316 colitur;
3203 5263 3434 5320 ecquam
3481 5250 3617 5307 satis

2039 5336 2344 5406 speciosam
2399 5335 2528 5391 belli
2570 5352 2796 5393 causam
2842 5338 3045 5394 habere
3098 5338 3349 5397 homines
3399 5339 3620 5397 curiose

2040 5430 2217 5499 arguti
2260 5437 2482 5500 queant,
2527 5429 2621 5500 qui
2653 5431 2900 5484 tunicam
2953 5431 3102 5486 illam
3145 5431 3433 5486 indivisam
3476 5431 3621 5488 lace-

2041 5527 2185 5586 rant,
2217 5530 2270 5575 et
2292 5520 2496 5576 Christi
2548 5537 2746 5576 nomen
2780 5522 2833 5576 in
2866 5521 3022 5575 Pauli
3053 5530 3110 5579 ct
3142 5521 3340 5593 Cephze
3372 5523 3618 5592 appella-

2042 5616 2222 5671 tiones
2243 5622 2429 5670 secant
2453 5630 2465 5666 :
2491 5622 2546 5671 et
2580 5614 2900 5682 accedentes
2923 5613 2989 5670 ad
3018 5629 3075 5672 se
3098 5630 3194 5673 eos
3219 5615 3310 5688 qui
3332 5614 3615 5674 Christum
