4002 6206
300 385 436 446 1091
479 413 486 420 ·

1506 405 1882 463 EPISTOLZE.
1911 439 1978 448 —
2010 405 2227 461 EPIST.
2266 403 2355 462 ΠΙ.
2431 424 2434 427 ·

3411 405 3550 462 toea

300 504 456 570 νόσος
473 508 616 579 καὶὴ
641 509 908 580 πήρωσις,
937 513 1034 566 οὑκ
1062 514 1121 580 ἐξ
1145 516 1317 587 ἀρχῆς
1339 518 1468 588 ἡμῖν
1494 521 1864 590 συμπέφυκεν1

1981 520 2188 574 formae.
2237 518 2530 588 Pr0pterea
2567 530 2676 571 non
2726 516 3004 574 erubescit
3043 510 3326 590 Scriptura
3359 521 3546 576 omnia

292 597 436 651 ἀλλά
467 599 618 669 παρά
649 600 810 667 φύσιν
841 603 1128 673 συμϐαίνει
1151 623 1165 636 ⁸
1195 606 1366 671 οὕτως
1411 610 1504 661 καὶ
1532 612 1564 679 ἡ
1605 611 1748 664 κατά
1781 629 1877 664 κα-

295 687 426 742 κίαν
448 689 695 759 ἐνέργεια
719 691 968 765 καθάπερ
995 712 1080 758 τις
1106 698 1351 768 πήρωσις
1369 700 1464 752 τοῦ
1499 701 1877 771 ἐμπεφυκότος

295 781 433 849 ἡμῖν
459 780 660 848 ἀγαθοῦ
691 787 910 838 νοεῖται·
939 787 1040 840 οὑκ
1065 791 1121 840 ὲν
1149 790 1226 859 τῷ
1255 792 1422 862 αὑτὴν
1457 793 1750 861 ὑφεστάναι
1779 811 1878 847 κα-

291 871 776 945 ταλαμϐανομένη,
807 876 923 930 ἀλλ’
949 881 1006 931 ὲν
1026 883 1092 952 τῇ
1123 882 1216 934 τοῦ
1245 884 1451 951 ἀγαθοῦ
1477 886 1713 956 ἀπουσίᾳ
1744 885 1877 940 θεω-

297 962 561 1033 ρουμένη.
622 965 681 1018 '0
726 963 962 1040 advehit
1001 971 1161 1040 φύσιν
1214 974 1368 1045 ὑμῶν
1413 976 1548 1045 πρὸς
1583 979 1681 1049 τὴν
1726 978 1876 1032 θείαν

291 1051 526 1123 δύναμιν
555 1059 1069 1129 μεταστοιχειὼσας,
1100 1064 1312 1134 ἀπηρον
1341 1065 1510 1136 αὐτὴν
1549 1067 1644 1120 καὶ
1685 1067 1874 1122 ἄνοσον

291 1146 359 1197 ὲν
386 1145 563 1215 ἑαυτῷ
599 1146 910 1214 διεσώσατο,
949 1153 1046 1224 τὴν
1068 1154 1125 1219 ἐξ
1159 1155 1432 1226 ἁμαρτίας
1465 1159 1758 1231 γινομένην
1805 1164 1871 1234 τῇ

293 1234 617 1305 προαιρέσει
670 1238 916 1308 πήρωσιν
976 1241 1036 1292 οὑ
1101 1243 1552 1314 προσδεξάμενος.
1610 1265 1629 1298 ι
1671 1247 1873 1319 ’Δμαρο

292 1323 420 1376 τίαν
452 1325 560 1396 γάρ
586 1367 600 1390 ,
637 1329 822 1402 φησιν,
869 1331 970 1384 οὐκ
1014 1333 1299 1404 ἐποίησεν·
1352 1336 1459 1388 οὐδ’
1490 1337 1687 1410 εὑρέθη
1727 1340 1875 1404 δόλος

290 1416 356 1467 ὲν
375 1415 452 1485 τῷ
483 1418 708 1488 στόματι
731 1421 919 1476 αὑτοῦ.
947 1441 966 1475 ι
1003 1423 1172 1478 Τοῦτο
1199 1425 1255 1478 δὲ
1284 1427 1345 1479 οὑ
1373 1429 1513 1482 κατά
1540 1445 1592 1482 τι
1626 1431 1874 1500 χρονικὸν

290 1507 571 1579 διάστημα
621 1511 750 1582 περὶ
799 1513 964 1566 αὑτὸν
1011 1513 1344 1587 θεωροῦμεν,
1399 1518 1514 1574 ἀλλ’
1550 1520 1711 1583 εὐθὺς
1740 1523 1767 1574 ὁ
1815 1523 1874 1574 ἐν

292 1600 484 1670 Μαρίᾳ
513 1600 816 1673 ἄνθρωπος,
846 1607 903 1657 ὲν
931 1598 974 1674 ᾧ
1001 1606 1346 1679 ᾠκοδόμησεν
1375 1611 1408 1681 ὴ
1435 1611 1604 1679 Σοφία
1627 1611 1717 1665 τὸν
1746 1612 1873 1665 ἴδιον

289 1683 476 1741 οἶκον·
511 1693 575 1761 τῇ
621 1691 720 1760 μὲν
749 1693 945 1746 ἑαυτοῦ
973 1695 1132 1763 φύσει
1162 1697 1224 1750 ὲκ
1257 1697 1350 1751 τοῦ
1389 1700 1669 1770 ἐμπαθοῦς
1700 1703 1873 1774 φυράε

294 1796 466 1850 ματος
495 1777 562 1852 ἧν
580 1798 594 1812 ο
627 1784 760 1852 ὁμοῦ
782 1783 838 1836 δὲ
863 1788 927 1857 τῇ
954 1787 1233 1841 ὲπελεύσει
1255 1789 1347 1843 τοῦ
1374 1792 1528 1860 ἁγίου
1556 1793 1871 1864 Πνεύματος

1979 612 2046 665 de
2092 626 2157 666 eo
2187 625 2413 664 narrare
2456 623 2578 678 quae
2623 615 2750 662 sunt
2791 615 2998 663 naturae
3042 621 3242 666 nostra:
3285 612 3543 682 propria:

1976 717 2152 766 esum,
2186 711 2392 771 potum,
2425 715 2697 765 somnum,
2726 699 3128 766 lassitudinem,
3153 704 3258 757 cibi
3279 704 3545 773 sumptio-

1979 807 2129 855 nem,
2162 803 2514 864 progressum
2545 803 2819 857 corporea:
2848 797 3090 854 staturae,
3125 791 3542 859 incrementum:

1975 884 2158 937 omnia
2201 882 2433 951 denique
2483 895 2580 950 per
2621 896 2739 948 quae
2773 888 2980 935 natura:
3022 891 3227 937 nostrae
3258 884 3545 939 character

1976 974 2326 1044 exprimitur,
2395 980 2622 1042 excepta
2686 974 3053 1042 propensione
3119 975 3186 1029 ad
3240 984 3542 1045 peccatum.

1975 1063 2267 1119 Peccatum
2297 1066 2466 1130 enim,
2519 1065 2796 1118 aberratio
2830 1080 2859 1116 a
2903 1074 3094 1118 natura
3122 1077 3236 1129 est,
3272 1082 3380 1120 non
3425 1065 3546 1134 ejus

1975 1159 2302 1226 proprietas.
2333 1155 2486 1210 Sicut
2509 1147 2836 1219 morbus,°et
2868 1157 3238 1210 membrorum
3268 1157 3543 1222 debilitas,

1975 1263 2088 1302 non
2140 1247 2457 1302 coalescunt
2513 1255 2724 1301 natura:
2767 1254 2968 1301 nostrae
3000 1262 3029 1300 a
3074 1247 3388 1317 principio;
3448 1249 3543 1303 sed

1977 1344 2167 1391 contra
2215 1348 2462 1392 naturam
2509 1337 2769 1392 accidunt
2812 1355 2825 1390 :
2860 1339 2940 1393 sic
2975 1345 3030 1392 et
3059 1339 3203 1392 actio
3237 1355 3303 1394 ex
3333 1339 3544 1392 vitiosi-

1975 1437 2086 1484 tate
2118 1444 2384 1494 manans,
2413 1430 2562 1483 velut
2594 1429 2848 1484 debilitas
2889 1429 3136 1499 quaedam
3163 1430 3291 1483 boni
3336 1440 3544 1483 naturae

1975 1533 2180 1576 nostra:
2220 1521 2445 1592 ingeniti
2481 1536 2601 1576 esse
2636 1521 2953 1591 intelligitur
2989 1537 3002 1572 :
3037 1538 3156 1592 qua:
3186 1538 3291 1575 non
3321 1537 3386 1576 eo
3417 1537 3542 1590 per-

1974 1615 2178 1686 cipitur
2207 1615 2353 1684 quod
2395 1616 2570 1684 ipsum
2609 1629 2704 1683 per
2738 1629 2796 1668 se
2836 1613 3024 1666 vitium
3054 1613 3338 1678 subsistat,
3361 1615 3454 1668 sed
3486 1617 3539 1669 in

1975 1705 2221 1760 absentia
2267 1706 2390 1760 boni
2422 1706 2820 1759 consideratur.
2871 1703 2919 1758 ls
2969 1705 3134 1774 igitur
3161 1706 3251 1774 qui
3288 1715 3535 1759 naturam

1974 1808 2216 1851 nostram
2250 1797 2317 1850 ad
2347 1795 2584 1850 divinam
2631 1793 2885 1847 virtutem
2919 1793 3361 1863 transformavit',
3407 1797 3540 1849 inte-

289 1872 390 1924 καὶ
414 1875 478 1942 τῇ
509 1875 873 1946 ὲπισκηνὼσει
900 1878 998 1948 τῆς
1017 1879 1109 1932 τοῦ
1127 1881 1378 1950 Ὑψίστου
1403 1884 1702 1955 δυνάμεως,
1733 1888 1864 1960 ὅπερ

1969 1904 2119 1958 gram
2156 1887 2302 1940 illam
2336 1893 2391 1940 et
2430 1900 2459 1938 a
2495 1885 2701 1940 morbis
2735 1886 3032 1939 immunem
3075 1885 3127 1938 in
3160 1901 3218 1940 se
3245 1900 3541 1939 conserva-

287 1963 354 2016 τὸ
388 1965 767 2036 ὲπισκηνῶσαν
798 1965 866 2040 ἦν
902 1971 1060 2040 φύσει
1095 1976 1162 2044 τῇ
1199 1975 1322 2046 ίδίᾳ,
1359 1977 1520 2040 εύθῦς
1546 1981 1719 2033 ἐκεῖνο
1748 1981 1868 2048 ἐγέ-

289 2071 434 2109 νετο.
470 2057 651 2127 Χωρὶς
692 2059 799 2132 γάρ
838 2061 1019 2132 πάσης
1049 2064 1356 2134 ἀντιλογίας
1406 2067 1466 2120 τὸ
1509 2068 1728 2124 ἔλαττον
1758 2071 1866 2124 ὑπὸ

288 2145 389 2198 τοῦ
414 2148 722 2218 κρείττονος
751 2150 1080 2220 εὐλογεῖται.

1970 1979 2075 2042 vit;
2107 1991 2232 2032 cum
2253 1975 2588 2031 debilitatem
2621 1976 2883 2029 voluntati
2915 1991 2979 2029 cx
3015 1983 3238 2045 peccato
3269 1975 3540 2029 inhaeren-

1970 2075 2076 2122 tem
2109 2083 2218 2122 non
2242 2066 2506 2136 suscepit.
2543 2064 2820 2118 Peccatum
2855 2065 3015 2130 enim,
3041 2065 3239 2135 inquit,
3264 2083 3364 2120 non
3390 2067 3538 2134 fecit:

1954 2176 2115 2231 neque
2157 2161 2396 2214 int-enm:
2431 2170 2510 2212 est
2543 2159 2696 2212 dolus
2732 2160 2786 2212 in
2825 2173 2914 2211 ore
2946 2158 3059 2227 ejus
3076 2159 3118 2214 ⁸.
3178 2157 3235 2212 Id
3279 2173 3409 2210 vero
3443 2174 3540 2210 nc-

286 2253 567 2308 quaquam
593 2257 716 2296 cum
748 2243 1031 2302 intervallo
1061 2250 1324 2320 temporis
1360 2251 1413 2305 in
1461 2251 1580 2322 ipso
1618 2251 2035 2308 consideramus
2077 2269 2092 2306 :
2136 2253 2232 2308 sed
2261 2252 2532 2320 extemplo
2569 2267 2690 2304 cum
2752 2257 3050 2320 conceptus
3117 2258 3202 2304 est
3267 2249 3431 2303 homo
3483 2249 3538 2302 in

286 2329 462 2386 Maria
508 2333 584 2404 (in
625 2351 736 2406 quo
764 2338 983 2394 domum
1019 2356 1174 2396 suam
1213 2343 1491 2414 Sapientia
1532 2348 1848 2419 exstruxit),
1888 2347 1956 2402 ad
1991 2357 2240 2402 naturam
2278 2347 2496 2417 quidem
2539 2345 2729 2414 ipsius,
2768 2343 2912 2413 quod
2984 2343 3198 2408 attinet,
3265 2359 3297 2398 e
3358 2357 3538 2397 massa

288 2421 583 2481 alfectibus
616 2428 848 2483 obnoxia
879 2431 1082 2501 prodiit
1125 2434 1260 2490 :sed
1318 2436 1481 2490 simul
1559 2452 1623 2493 ac
1695 2437 1932 2510 Spiritus
1973 2448 2199 2496 sanctus
2227 2437 2561 2509 supervenit,
2596 2443 2648 2489 et
2675 2437 2850 2490 virtus
2877 2434 3139 2489 Altissimi
3184 2433 3406 2487 Mariam
3447 2433 3536 2488 in-

289 2514 608 2581 umbravit,
634 2528 853 2588 repente
899 2522 1034 2579 illud
1077 2524 1178 2580 l'uit
1229 2531 1371 2598 quod
1405 2540 1521 2586 erat
1554 2533 1771 2604 propria
1819 2549 1918 2592 sua
1956 2542 2154 2590 natura
2185 2531 2277 2604 qui
2309 2529 2655 2586 inumbrabat
2688 2545 2701 2582 :
2732 2543 2857 2584 nam
2888 2527 3092 2598 absque
3130 2526 3277 2582 omni
3313 2536 3534 2582 contro-

287 2608 494 2672 versia,
527 2611 672 2680 quod
706 2614 888 2673 minus
921 2627 1002 2673 est
1031 2620 1100 2674 ab
1124 2636 1189 2676 eo
1215 2625 1358 2693 quod
1386 2627 1561 2695 majus
1595 2637 1678 2684 est
1712 2629 2075 2686 benedicitur.

375 2698 528 2791 ξΕπεὶ
570 2701 662 2756 οὖν
703 2705 929 2778 ἄπειρόν
953 2709 1009 2764 τί
1051 2714 1166 2766 ἐστι
1211 2718 1303 2768 καὶ
1329 2717 1635 2790 ἀμέτρητον
1682 2722 1714 2791 ή
1761 2722 1860 2791 τῆς

289 2789 546 2863 θεότητος
571 2794 819 2867 δύναμις,
856 2799 1030 2872 βραχὺ
1055 2804 1111 2857 δὲ
1141 2806 1233 2858 καὶ
1266 2789 1538 2863 οὑτιδαννὸν
1565 2809 1626 2864 τὸ
1661 2789 1865 2884 ἀνθρώ·-

291 2900 453 2936 πινον
474 2900 489 2914 ·
529 2885 644 2956 ἅμα
682 2905 742 2941 τε
775 2889 975 2960 ἐπῆλθε
1008 2893 1067 2946 τὸ
1106 2896 1328 2967 Πνεῦμα
1357 2901 1422 2969 τῇ
1451 2898 1734 2972 Παρθένῳ,
1767 2903 1862 2955 καὶ

288 2975 324 3044 ὴ
348 2973 444 3027 τοῦ
475 2975 728 3045 Ὑψίστου
755 2981 1046 3036 ὲπεσκίασε
1073 2984 1320 3057 δύναμις,
1352 2989 1414 3042 τὸ
1442 2991 1528 3044 διὰ
1557 2992 1654 3062 τῆς
1681 2993 1864 3046 τοιαύ-

287 3083 394 3137 της
416 3068 672 3140 ἀφορμῆς
701 3073 1046 3145 πηγνύμενον
1068 3078 1331 3150 σκήνωμα
1356 3081 1506 3135 οὐδὲν
1528 3084 1623 3155 τῆς
1654 3085 1864 3158 ἀνθρω-

287 3157 454 3229 πίνης
485 3161 720 3233 σαπρίας
745 3168 1204 3234 συνεπεσπάσατο,
1239 3171 1353 3224 ἀλλ’
1385 3172 1573 3246 ὥσπερ
1601 3171 1668 3246 ἦν
1697 3157 1767 3230 ὲν
1786 3178 1863 3248 τῷ

288 3253 632 3323 συστήματι,
687 3257 735 3308 εί
784 3257 876 3310 καὶ
928 3259 1211 3330 ἄνθρωπος
1255 3257 1343 3335 ῆν,
1396 3265 1532 3336 πλὴν
1580 3268 1716 3321 ἀλλά
1769 3272 1863 3324 καὶ

287 3340 512 3412 πνεῦμα
535 3345 628 3420 καὶ
643 3345 802 3428 χάρις
824 3349 918 3402 καὶ
939 3349 1165 3422 δύναμις
1182 3350 1270 3425 ἦν,
1301 3357 1357 3408 ὲν
1379 3359 1442 3427 τῇ
1475 3358 1744 3431 ὑπερϐολῇ
1767 3361 1863 3430 τῆς

287 3432 444 3496 θείας
476 3433 760 3506 δυνάμεως
787 3438 886 3509 τῆς
912 3443 1054 3497 κατά
1081 3445 1178 3516 τὴν
1208 3445 1369 3514 φύσιν
1416 3447 1574 3518 ἡμῶν
1607 3451 1864 3522 ἰδιότητος

286 3524 695 3598 ὲκλαμπούσης.
730 3530 838 3583 Καὶ
867 3531 1055 3604 ἐπειδὴ
1081 3534 1174 3587 δύο
1204 3537 1415 3606 πέρατα
1457 3539 1558 3610 τῆς
1584 3542 1862 3616 ἀνθρωπί-

285 3633 388 3685 νης
414 3617 530 3669 ἐστὶ
552 3617 716 3690 ζωῆς,
738 3621 858 3676 ὅθεν
878 3625 1161 3695 ἀρχόμεθα
1189 3627 1278 3703 καὶΖ
1306 3630 1385 3692 είς
1409 3629 1436 3682 ὂ
1453 3626 1826 3702 καταλήγομεν
1843 3649 1858 3663 ·

285 3707 603 3775 ἀναγκαίως
628 3713 656 3764 ό
693 3714 872 3766 πᾶσαν
911 3715 1066 3784 ἡμῶν
1096 3716 1192 3788 τὴν
1227 3717 1372 3788 ζωὴν
1417 3720 1748 3790 θεραπεύων
1776 3725 1862 3778 διά

285 3798 398 3850 τῶν
436 3800 528 3853 δύο
559 3802 744 3873 ἄκρων
771 3807 919 3876 ἡμᾶς
947 3807 1403 3877 περιπτύσσεται,
1435 3812 1530 3864 καὶ
1558 3813 1656 3884 τῆς
1690 3815 1863 3886 ἀρχῆς

288 3890 449 3959 ἡμῶν
471 3893 564 3945 καὶ
595 3893 688 3946 τοῦ
716 3895 904 3960 τέλους
933 3899 1448 3970 περιδρασσόμενος,
1483 3905 1569 3957 ἵνα
1601 3906 1660 3969 ἐξ
1685 3906 1862 3976 ἀμφοο

285 3981 464 4050 τέρων
497 3983 689 4056 ὑψώσῃ
723 3987 814 4040 τὸν
848 3987 1116 4058 κείμενον,
1163 3991 1339 4063 Ὅπερ
1367 3989 1458 4046 οῦν
1482 3995 1572 4048 ἐπὶ
1598 3996 1691 4050 τοῦ
1722 3998 1862 4052 κατά

285 4071 348 4123 τὸ
387 4073 540 4136 τέλος
579 4075 776 4146 μέρους
819 4079 1330 4154 καταλαμϐάνομεν,
1381 4085 1542 4139 τοῦτο
1591 4088 1686 4140 καὶ
1734 4088 1862 4158 περὶ

284 4159 388 4228 τῆς
419 4162 592 4231 ἀρχῆς
621 4163 963 4236 λογιζόμεθα.
984 4171 1070 4234 Ὠς
1098 4170 1206 4242 γὰρ
1232 4175 1346 4227 ἐκεῖ
1366 4175 1424 4228 τὸ
1459 4163 1560 4247 μὲν
1585 4177 1741 4247 σῶμα
1762 4178 1862 4247 τῆς

285 4248 466 4320 ψυχῆς
510 4253 894 4326 διαζευχθῆναι
930 4263 1050 4312 κατ’
1072 4263 1381 4333 οίκονομίαν
1415 4268 1702 4339 ἐποίησεν·
1739 4271 1772 4340 ἡ
1803 4270 1859 4323 δὲ

286 4342 580 4432 ἀμέριστος
601 4345 790 4416 θεότης
819 4349 961 4417 ἅπαξ
988 4354 1357 4426 ἀνακραθείσα
1385 4358 1464 4427 τῷ
1488 4360 1854 4432 ὑποκειμένῳ,

285 4430 409 4484 οὔτε
444 4434 535 4486 τοῦ
567 4435 838 4506 σώματος,
871 4441 992 4494 οῦτε
1024 4447 1118 4516 τῆς
1140 4446 1319 4518 ψυχῆς
1354 4451 1700 4524 ἀνεσπάσθηο
1725 4454 1858 4507 ἀλλὰ

291 4526 428 4593 μετά
469 4527 564 4596 μὲν
607 4531 706 4599 τῆς
737 4532 912 4604 ψυχῆς
944 4538 1000 4588 ὲν
1041 4538 1119 4609 τῷ
1145 4543 1456 4615 παραδείσῳ
1500 4547 1702 4613 γίνεται
1743 4549 1858 4601 ὁδο-

289 4617 516 4670 ποιοῦσα
535 4621 630 4672 διὰ
649 4623 742 4676 τοῦ
773 4625 969 4696 λῃστοῦ
993 4631 1102 4692 τοῖς
1124 4632 1486 4703 ἀνθρωπίνοις
1509 4636 1605 4707 τὴν
1626 4637 1828 4690 εἴσοδον
1844 4655 1858 4670 ο

282 4707 369 4760 διὰ
395 4709 452 4761 δὲ
479 4711 571 4764 τοῦ
605 4713 854 4784 σώματος
881 4720 937 4772 ἐν
964 4724 1028 4791 τῇ
1057 4723 1251 4794 καρδίᾳ
1284 4725 1382 4793 τῆς
1413 4727 1534 4795 γῆς,
1563 4729 1861 4798 ἀναιροῦσα

283 4799 375 4851 τὸν
401 4801 460 4852 τὸ
481 4803 676 4872 κράτος
698 4805 887 4876 ἔχοντα
912 4810 1004 4863 τοῦ
1032 4811 1260 4866 θανάτου
1283 4831 1297 4846 ο
1314 4817 1406 4871 καὶ
1420 4817 1505 4870 διά
1521 4817 1676 4872 τοῦτο
1693 4821 1862 4874 καὶτὸ

285 4892 491 4961 σῶμακ
503 4894 530 4946 ύ
541 4911 650 4962 ριος
661 4897 894 4966 λέγεται,
911 4901 996 4955 διά
1009 4903 1106 4973 τὴν
1117 4906 1264 4972 ὲγκει
1273 4906 1438 4977 μένην
1453 4908 1677 4979 θεότητα
1687 4925 1701 4939 ⁶
1721 4911 1862 4964 οὕτω

282 4985 375 5036 καὶ
394 4985 486 5038 ἐπὶ
507 4989 606 5056 τῆς
635 4987 813 5058 ψυχῆς
839 4991 1183 5063 λογιζόμεθα,
1207 4997 1286 5048 ὅτι
1311 4997 1406 5069 ὅλῃ
1428 5001 1492 5069 τῇ
1522 5000 1678 5068 φύσει
1697 5001 1858 5072 ἡμῶν

281 5076 314 5143 ἡ
341 5075 432 5128 τοῦ
467 5077 723 5147 Ὑψίστου
744 5082 970 5153 δύναμις
992 5085 1078 5139 διὰ
1100 5088 1197 5157 τῆς
1220 5090 1556 5156 ὲπελεύσεως
1580 5093 1684 5147 τοῦ.
1702 5093 1856 5161 ἀγίου

281 5165 423 5218 Ιῐνεύ
432 5185 599 5236 ματος
617 5172 966 5244 ξγκραθεῖσα,
989 5178 1082 5229 καὶ
1108 5179 1165 5229 ὲν
1188 5183 1252 5250 τῇ
1276 5179 1418 5251 ψυχῇ
1445 5183 1600 5252 ἡμῶν
1623 5184 1853 5251 γίνεται,

280 5257 418 5310 καθὸ
451 5260 596 5324 είκὸς
620 5263 678 5314 ὲν
707 5264 852 5336 ψυχῇ
883 5268 1138 5334 γενέσθαι
1161 5286 1176 5300 ο
1218 5273 1310 5324 καὶ
1351 5273 1425 5342 τῷ
1454 5273 1664 5343 σώματι
1690 5294 1855 5329 κατα-

281 5349 562 5417 μίγνυται,
589 5352 664 5416 ὡς
708 5354 772 5407 ἂν
798 5356 885 5410 διά
921 5358 1135 5412 πάντων
1164 5361 1460 5434 ὁλοτελὴςὴ
1491 5367 1732 5436 σωτηρία
1763 5368 1856 5436 γέ-

278 5455 440 5528 νηται
463 5457 476 5471 ⁶
507 5444 916 5517 φυλασσομένης
939 5454 1005 5521 τῇ
1041 5451 1254 5522 θεότητι
1285 5456 1379 5506 καὶ
1409 5458 1466 5508 ὲν
1489 5459 1552 5526 τῇ
1589 5458 1729 5527 ἀρχῇ
1756 5461 1852 5528 τῆς

275 5526 623 5598 ἀνθρωπίνης
657 5535 798 5605 ζωῆς
829 5539 921 5591 καὶ
953 5542 1010 5593 ὲν
1037 5539 1116 5610 τῷ
1145 5541 1285 5594 τέλει
1307 5543 1404 5612 τῆς
1433 5526 1771 5616 θεοπρεποῦς
1796 5526 1854 5599 τε

275 5621 372 5672 καὶ
416 5621 626 5694 ὑψηλῆς
656 5625 961 5694 ἀπαθείαςο
1010 5632 1135 5685 οὔτε
1179 5633 1286 5704 γὰρ
1327 5635 1361 5702 ἡ
1398 5634 1542 5707 ἀρχὴ
1577 5635 1716 5690 κατά
1756 5636 1855 5707 τὴν

348 5806 369 5837 ⁶
402 5806 422 5861 l
474 5805 619 5864 l‘ctr.
654 5823 714 5876 tt,
746 5810 836 5866 22.

2027 2722 2164 2777 Cum
2197 2721 2358 2792 igitur
2407 2717 2678 2774 infinitum
2733 2715 2938 2786 aliquid
2983 2721 3038 2770 et
3073 2713 3218 2784 quod
3251 2715 3353 2770 sub
3381 2729 3537 2768 men-

1959 2827 2142 2866 suram
2186 2827 2296 2864 non
2329 2809 2484 2866 cadat
2520 2809 2604 2862 vis
2637 2806 2852 2862 deitatis
2903 2805 2974 2861 sit
3017 2820 3030 2856 :
3071 2815 3262 2860 contra
3305 2820 3532 2874 parvum

1957 2903 2088 2974 quid
2110 2911 2162 2957 et
2188 2917 2324 2971 pene
2357 2901 2490 2956 nihil
2519 2900 2754 2953 humana
2783 2907 3012 2964 natura;
3037 2897 3226 2953 eodem
3256 2903 3535 2951 momento

1957 3002 2012 3048 et
2055 2990 2296 3062 Spiritus
2349 2998 2573 3044 sanctus
2603 2987 2814 3058 Virgini
2853 2989 3199 3057 supervenit,
3254 2987 3537 3066 virtusque

1961 3082 2231 3138 Altissimi
2275 3096 2420 3162 eam.
2443 3079 2809 3143 inumbravit,
2833 3131 2835 3134 ι
2860 3087 2914 3132 et
2951 3077 3003 3131 id
3053 3077 3195 3147 quod
3231 3093 3294 3133 ea
3329 3078 3538 3133 ratione

1889 3155 1931 3214 (ἶ
1970 3183 2310 3243 compactum
2327 3155 2420 3226 estV
2440 3169 2876 3231 tabernaculum,
2896 3168 3147 3222 humanae
3168 3168 3534 3238 corruptionis

1963 3266 2101 3318 nihil
2125 3264 2370 3325 attraxit,
2395 3263 2485 3316 sed
2520 3263 2662 3316 sicut
2692 3268 2807 3314 erat
2838 3259 2890 3312 in
2915 3258 3089 3328 prima
3118 3259 3531 3324 constitutione,

1962 3352 2123 3405 etiam
2163 3359 2515 3422 posteaquam
2563 3348 2742 3402 factus
2779 3355 2897 3402 erat
2937 3345 3131 3410 homo,
3175 3347 3532 3404 nihilominus

1963 3450 2142 3497 tamen
2177 3441 2424 3509 spiritus,
2462 3447 2516 3493 et
2549 3439 2745 3509 gratia,
2780 3445 2834 3492 et
2865 3437 3040 3491 virtus
3087 3445 3223 3503 erat,
3270 3438 3324 3491 in
3357 3438 3532 3492 abun-

1963 3533 2147 3586 dantia
2187 3532 2383 3588 divinae
2431 3531 2651 3586 virtutis
2703 3533 3032 3600 preprietate
3075 3541 3284 3584 natura:
3333 3538 3534 3585 nostra:

1963 3623 2288 3694 refulgente.
2341 3622 2606 3690 Quoniam
2641 3637 2773 3677 vero
2814 3623 3068 3676 humanm
3102 3623 3223 3676 vita:
3265 3622 3372 3677 duo
3403 3630 3532 3678 sunt

1962 3724 2224 3779 extrema,
2257 3715 2401 3770 unde
2441 3715 2710 3780 ordimur,
2741 3725 2793 3769 et
2825 3717 2877 3768 in
2906 3713 3050 3785 quod
3078 3713 3402 3779 desinimus,
3439 3731 3532 3770 ne-

1963 3808 2204 3863 cessario
2249 3807 2341 3876 qui
2385 3806 2547 3859 vitam
2591 3815 2835 3862 nostram
2887 3807 3197 3862 universam
3255 3808 3526 3870 medetur,

1963 3899 2052 3954 illa
2081 3897 2189 3951 duo
2221 3906 2408 3953 nostra
2439 3905 2675 3951 extrema
2705 3898 3074 3968 amplectitur,
3099 3898 3313 3952 initium
3337 3897 3528 3951 linem-

1962 4005 2067 4058 que
2096 3999 2340 4044 nostrum
2387 3988 2800 4059 apprehendens
2823 4030 2838 4054 ,
2877 3997 2933 4043 ut
2970 3989 3242 4059 jacentem
3278 3990 3534 4059 utrinque

1963 4081 2234 4135 hominem
2264 4081 2316 4134 in
2343 4081 2576 4136 sublime
2606 4082 2776 4135 tollat.
2811 4082 2969 4148 Quod
3007 4081 3173 4152 igitur
3203 4081 3256 4134 in
3290 4098 3351 4135 ea
3379 4091 3531 4151 parI-e

1963 4187 2082 4242 qua:
2129 4172 2196 4226 ad
2251 4171 2410 4226 ﬁnem
2463 4181 2670 4240 spectat
2717 4173 3206 4243 deprehendimus,
3252 4173 3304 4225 id
3353 4172 3529 4240 ipsum

1960 4264 2122 4319 etiam
2161 4263 2215 4318 in
2250 4263 2519 4333 principio
2548 4264 2797 4317 evenisse
2836 4263 3150 4317 statuimus.
3211 4260 3344 4316 Nam
3389 4263 3531 4316 sicut

1964 4355 2017 4408 in
2055 4363 2228 4409 morte
2266 4363 2323 4408 ut
2359 4368 2560 4424 corpus
2599 4354 2666 4407 ab
2697 4353 2876 4406 anima
2911 4363 3259 4422 separaretur
3287 4368 3382 4422 per
3413 4353 3523 4406 dis-

1961 4445 2332 4514 pensationem
2363 4443 2528 4500 fecit:
2556 4453 2611 4498 at
2640 4443 2814 4498 deitas
2833 4460 2954 4512 qua:
2974 4443 3296 4498 divisionem
3328 4443 3528 4497 nullam

1963 4536 2231 4600 admittit,
2289 4537 2379 4590 ubi
2415 4537 2584 4591 semel
2631 4535 2678 4589 ei
2723 4535 2971 4604 subjecto
3003 4535 3246 4594 cohaesit,
3282 4549 3456 4604 neque
3500 4550 3528 4585 a

1957 4645 2210 4700 corpore,
2241 4644 2416 4698 neque
2443 4628 2510 4682 ab
2543 4627 2721 4681 anima
2756 4641 2994 4697 unquam
3025 4625 3125 4680 fuit
3151 4626 3360 4680 divulsa
3387 4641 3398 4676 :
3434 4624 3529 4680 sed

1960 4737 2082 4776 cum
2113 4720 2294 4774 anima
2334 4719 2553 4790 quidem
2585 4719 2638 4772 in
2675 4719 2987 4788 paradisum
3024 4719 3191 4780 venit,
3227 4733 3326 4789 per
3362 4717 3529 4770 latro-

1955 4829 2085 4869 nem
2132 4813 2275 4866 viam
2321 4811 2574 4866 muniens
2623 4825 2730 4880 qua
2777 4811 3102 4864 mortalibus
3149 4819 3352 4877 pateret
3403 4809 3531 4863 illuc

1961 4905 2143 4960 aditus
2170 4923 2184 4960 :
2215 4918 2309 4974 per
2328 4886 2530 4974 corpus
2553 4918 2703 4965 vero,
2734 4901 2787 4954 in
2819 4901 2998 4954 medio
3028 4909 3187 4954 terra:
3221 4900 3372 4954 illum
3408 4915 3531 4953 sus-

1961 4999 2104 5060 tulit,
2139 5012 2305 5067 penes
2333 5011 2495 5066 quem
2531 5003 2648 5049 erat
2681 4995 2873 5048 mortis
2905 4993 3190 5062 imperium
3221 5009 3233 5044 :
3266 5007 3426 5060 quam
3461 4993 3530 5046 ob

1957 5105 2177 5145 causam
2224 5096 2278 5142 et
2323 5103 2523 5157 corpus
2569 5086 2935 5156 appellatione
2976 5082 3189 5138 Domini
3240 5083 3526 5148 adicimus,

1958 5189 2179 5252 propter
2209 5179 2560 5234 inhaerentem
2593 5178 2640 5232 ei
2669 5176 2959 5241 deitatem;
2987 5176 3066 5230 sic
3096 5177 3258 5229 etiam
3287 5176 3352 5229 de
3375 5177 3528 5243 prin-

1955 5274 2100 5344 cipio
2128 5271 2442 5336 statuimus,
2479 5269 2750 5323 Altissimi
2799 5283 2990 5338 nempe
3042 5267 3300 5320 virtutem
3333 5281 3524 5334 super-

1958 5373 2120 5420 ventu
2145 5362 2382 5432 Spiritus
2411 5360 2587 5415 sancti
2624 5359 2721 5411 toti
2752 5368 2958 5411 natura:
2985 5365 3183 5410 nostrze
3218 5356 3522 5410 coaluisse:

1957 5467 2015 5508 ut
2044 5462 2098 5508 et
2139 5453 2333 5506 anima:
2362 5460 2563 5505 nostrae
2608 5450 2758 5509 insit,
2793 5449 3070 5517 quomodo
3104 5449 3244 5502 ratio
3282 5449 3521 5517 postulat

1958 5554 2015 5598 ut
2051 5544 2182 5598 insit
2217 5543 2268 5596 in
2311 5542 2491 5595 anima
2537 5559 2548 5595 :
2591 5549 2643 5594 et
2675 5538 2892 5609 corpori
2920 5555 3138 5610 quoque
3166 5548 3354 5595 nostro
3383 5555 3526 5592 com-

1956 5637 2286 5702 misceatur,
2341 5649 2448 5704 quo
2478 5632 2716 5703 perfecta
2763 5631 2834 5686 sit
2874 5629 3050 5684 modis
3089 5630 3345 5686 omnibus
3375 5629 3526 5686 salus
