4002 6206
464 280 607 342 1023
1668 288 1728 343 s.
1762 264 2091 345 sescenti
2129 288 2423 345 NYSSENI
3595 283 3741 343 lost

466 399 655 446 nostra
702 403 715 441 :
749 396 802 445 et
850 390 1039 446 deitati
1094 401 1449 450 conservetur
1474 436 1489 460 ,
1520 401 1635 450 tum
1685 399 1739 452 in
1769 400 2041 471 principio

2157 399 2417 471 ἡμετέραν
2445 399 2639 472 ἀρχὴν,
2670 397 2795 451 οὔτε
2826 397 2887 451 τὸ
2912 399 3062 463 τέλος
3086 398 3229 455 κατά
3248 399 3309 455 τὸ
3339 401 3625 474 ἡμέτερον
3653 404 3741 456 τέ-

466 483 594 538 vitre
630 482 901 550 humanae,
923 490 1037 537 tum
1074 484 1130 540 in
1163 486 1289 551 ﬁne,
1320 485 1428 541 Deo
1460 490 1791 545 conveniens
1825 506 1887 546 ac
1915 492 2039 547 sub-

2157 500 2249 556 tog,
2287 490 2424 545 ἀλλὰ
2457 490 2625 555 ἔδειξε
2655 491 2817 544 κάκεῖ
2840 490 2935 544 καὶ
2967 484 3072 545 ὧδε
3099 491 3199 561 τὴν
3226 491 3416 565 θεῖκὴν
3448 494 3740 560 ἐξουσίαν,

466 573 614 629 limis
644 573 892 629 vacuitas
941 572 1235 632 atiectuum
1277 594 1291 631 :
1334 578 1536 648 quippe
1575 594 1676 635 nec
1709 580 2039 652 principium

2157 583 2281 652 ιήτε
2308 582 2410 652 τῆς
2446 583 2621 654 ἀρχῆς
2650 581 2709 634 ὲν
2738 579 2897 652 ἡδονῇ
2927 580 3303 652 μολυνθείσης,
3339 585 3477 655 μήτε
3506 584 3621 639 τοῦ
3655 586 3745 641 τέ-

464 665 588 735 ejus
625 665 807 721 simile
852 665 954 720 fuit
985 668 1254 738 principio
1286 678 1476 724 nostro
1513 685 1526 722 :
1580 686 1761 741 neque
1793 671 1918 727 ﬁnis
1946 672 2039 729 ﬁni

2157 690 2265 737 κους
2297 673 2377 736 είς
2408 671 2614 744 φθορὰν
2643 671 3067 741 καταλήξαντος.
3095 672 3158 725 Εί
3186 669 3278 727 οὖν
3305 674 3476 729 ταῦτα
3504 676 3746 747 βοῶμεν

461 764 659 812 nostro
694 757 1008 836 respondet,
1042 759 1139 814 sed
1176 759 1463 830 utrobique
1488 757 1599 816 Deo
1627 763 1905 832 propriam
1941 780 2040 834 po-

2157 764 2235 816 ιαὶ
2266 761 2749 834 διαμαρτυρόμεθα
2776 802 2792 827 ,
2825 763 2909 816 ὅτι
2940 763 3175 835 Χριστὸς
3202 764 3335 818 Θεοῦ
3357 767 3608 837 δύναμις
3648 768 3747 821 καὶ

464 844 694 899 tentiam
727 847 999 911 ostendit,
1039 848 1257 919 quando
1281 865 1459 920 neque
1507 852 1841 923 principium
1884 856 2043 912 volu—

2157 854 2275 908 θεοῦ
2311 855 2492 924 σοφία,
2522 854 2608 908 ἀεὶ⁹
2644 854 2938 925 ἄτρεπτος,
2978 856 3066 909 ἀεὶ
3104 856 3399 926 ᾇφραστος,
3426 860 3538 913 κᾶν
3561 861 3638 913 ὲν
3665 857 3746 928 τῷ

466 943 617 1006 ptate
658 934 763 989 fuit
793 936 1159 1007 inquinatum,
1189 954 1367 1010 neque
1397 940 1521 997 ﬁnis
1547 943 1601 996 in
1631 945 2040 1015 corruptionem

2157 945 2360 1016 ερεπτῷ
2383 946 2475 1000 καὶ
2498 945 2724 1017 φθαρτῷ
2749 946 2997 1017 γένηται,
3027 947 3127 1000 οὐκ
3146 948 3310 1011 αὐτὸς
3336 948 3743 1020 μολυνόμενος,

470 1028 653 1082 desiit.
689 1026 745 1082 Si
773 1028 939 1099 igitur
964 1030 1078 1085 hmo
1105 1046 1241 1087 voce
1271 1032 1379 1086 alta
1406 1034 1788 1103 praedicamus,
1821 1046 1874 1093 et
1897 1038 2045 1093 testi-

2157 1036 2278 1090 ὶλλὰ
2326 1036 2388 1090 τὸ
2435 1037 2696 1108 μολυνθὲν
2753 1038 3106 1110 καθαρίζων·
3162 1040 3215 1093 τί
3258 1041 3582 1111 ἀδικοῦμεν,
3644 1041 3749 1095 καὶ

469 1119 730 1184 ﬁcamur,
765 1119 1045 1176 Christum
1079 1138 1308 1192 nempe,
1362 1123 1459 1179 Dei
1502 1126 1759 1182 virtutem
1795 1143 1949 1194 esse,
1989 1136 2045 1184 et

2157 1125 2283 1196 ὅπερ
2308 1126 2452 1189 τίνος
2476 1126 2815 1198 μισούμεθα;
2840 1128 2951 1182 Καὶ
2978 1130 3030 1181 τί
3052 1128 3300 1198 βούλεται
3329 1132 3363 1201 ἠ
3388 1130 3501 1184 τῶν
3527 1131 3746 1186 καινῶν

469 1209 563 1265 Dei
588 1211 934 1280 sapientiam,
957 1228 1170 1283 semper
1194 1215 1606 1281 immutabilem,
1632 1232 1849 1289 semper
1871 1220 2048 1274 incor-

2157 1216 2547 1288 luctaot'qplwv
2566 1217 2917 1289 ἀντεξαγωγή
2942 1236 2956 1283 ;
2979 1220 3074 1290 Μὴ
3101 1219 3257 1274 ἄλλον
3289 1221 3504 1292 Ἰησοῦν
3526 1240 3750 1293 καταγ-

469 1302 781 1371 ruptibilem
828 1318 841 1354 :
890 1306 983 1374 qui
1035 1304 1162 1360 licet
1204 1305 1262 1360 in
1312 1308 1563 1389 mutabili
1609 1316 1663 1364 et
1702 1309 2045 1380 corruptibili

2157 1309 2406 1380 γέλλομεν
2429 1326 2445 1376 ;
2477 1309 2563 1383 Μὴ
2584 1310 2770 1383 ἓτερον
2790 1311 3242 1383 ὑποδεικνύομενς
3273 1313 3363 1384 Μὴ
3389 1314 3561 1379 ἄλλας
3586 1315 3751 1386 Γρα-

470 1404 723 1451 versetur
751 1410 983 1465 corpore
1005 1434 1023 1462 ,
1073 1396 1188 1467 ipse
1217 1404 1400 1452 tamen
1432 1414 1541 1453 non
1575 1398 1919 1468 inquinatur,
1947 1400 2042 1456 sed

2157 1402 2251 1473 ράς
2281 1400 2641 1472 ὲκτιθέμεθα;
2670 1403 2762 1474 Μὴ
2787 1403 2884 1473 τὴν
2912 1402 3074 1471 ἁγίαν
3100 1403 3369 1474 Παρθένον
3390 1405 3495 1474 τὴν
3536 1406 3750 1461 Θεοτό-

470 1487 613 1558 qnod
646 1495 763 1543 erat
798 1488 1138 1558 inquinatum
1164 1489 1419 1561 puriﬁcat
1445 1510 1457 1545 :
1481 1507 1602 1562 quae
1625 1502 1813 1548 nostra
1844 1493 2047 1563 injuria

2157 1512 2241 1550 ιιον
2273 1493 2542 1565 ἐτόλμησέ
2584 1510 2668 1557 τις
2708 1491 2865 1565 ἡμῶν
2905 1494 3001 1546 καὶ
3045 1494 3482 1565 ’Δνθρωποτόκον
3510 1498 3746 1550 εἰπεῖν-

470 1579 722 1632 est?Aut
753 1592 915 1647 quam
948 1578 1018 1633 ob
1051 1592 1273 1632 causam
1301 1576 1427 1633 odio
1453 1578 1758 1634 habemur?
1785 1580 1894 1633 Aut
1914 1578 2046 1649 quid

2157 1587 2287 1656 ὅπερ
2319 1583 2592 1655 ἀκούομεν
2626 1600 2780 1647 τινας
2806 1583 2867 1649 ἐξ
2896 1583 3077 1638 αὐτῶν
3100 1583 3333 1653 ἀφειδῶς
3372 1584 3560 1654 λέγειν
3577 1603 3609 1656 ι
3646 1588 3747 1658 Μὴ

475 1666 581 1723 sibi
609 1669 799 1721 volunt
833 1681 973 1722 nova
1018 1667 1133 1723 haec
1166 1667 1428 1724 adversus
1460 1684 1561 1723 nos
1599 1677 1783 1725 erecta
1819 1668 2050 1725 altaria?

2157 1678 2299 1749 τρεῖς
2351 1674 2679 1737 ἀναστάσεις
2729 1672 3163 1745 μυθοποιοῦμενς
3214 1673 3307 1745 Μὴ
3351 1675 3543 1745 χιλίων
3592 1676 3746 1730 ἐτῶν

473 1754 615 1811 Num
664 1756 829 1810 alium
862 1754 1048 1812 Iesum
1095 1756 1524 1813 annuntiamus?
1570 1757 1711 1812 Nuin
1752 1758 1918 1812 alium
1954 1759 2049 1814 de-

2157 1748 2593 1839 γαστριμαργίας
2634 1764 3124 1836 ὲπαγγελλόμεθας
3164 1765 3257 1837 Μὴ
3282 1767 3384 1837 τὴν
3432 1768 3745 1839 Ἰουδαῖκὴν

476 1847 955 1929 signamus?Num
988 1849 1123 1905 alias
1160 1848 1472 1919 Scripturas
1498 1850 1832 1921 proferimus
1856 1853 1880 1906 ?
1908 1850 2050 1906 Num

474 1939 757 2012 Virginem
803 1948 1052 1996 sanctam
1111 1948 1165 1995 et
1210 1939 1495 2011 Deiparam
1554 1956 1723 1998 ausus
1765 1952 1851 1999 est
1899 1945 2053 2013 quis-

477 2050 642 2105 quam
674 2043 921 2090 nostrum
952 2033 1360 2105 Hominiparam
1391 2035 1610 2100 dicere,
1660 2051 1771 2106 quo
1800 2038 1960 2091 modo
1987 2036 2053 2090 il-

477 2126 653 2185 lorum
686 2126 977 2181 nonnullos
1009 2140 1127 2181 eam
1170 2127 1534 2182 irreverenter
1568 2127 1854 2182 nominare
1896 2128 2053 2182 audi-

478 2219 637 2275 mus?
684 2217 821 2271 Num
865 2218 1029 2271 trium
1075 2218 1535 2273 rcsurrectionum
1586 2216 1820 2272 fabulam
1851 2218 2053 2287 proba-

476 2308 638 2368 mus?
670 2307 821 2363 Num'
847 2308 993 2363 mille
1024 2322 1290 2363 annorum
1330 2308 1808 2380 ingurgitationem
1834 2308 2056 2380 pollice-

477 2401 641 2457 mur?
714 2399 855 2455 Num
905 2397 1192 2455 Judaicam
1259 2400 1606 2455 victimarum
1667 2402 2054 2461 mactationem

480 2495 678 2550 iterum
703 2492 1015 2548 restitutum
1048 2492 1114 2546 iri
1145 2492 1446 2548 docemus?
1468 2491 1610 2548 Num
1642 2492 1709 2546 ad
1742 2501 2055 2547 terrestrem

476 2585 782 2642 Jerusalem
817 2599 942 2654 spes
964 2584 1246 2640 hominum
1280 2587 1633 2649 inclinamus,
1658 2592 1713 2640 et
1744 2585 2058 2641 instauran-

478 2679 605 2734 dam
636 2678 784 2731 illam
823 2691 949 2733 esse
975 2677 1294 2733 illustrioris
1324 2679 1564 2733 materia;
1599 2676 1873 2748 lapidibus
1902 2676 2060 2748 ﬁngi-

2153 1854 2455 1922 ζωοθυσίαν
2503 1852 2665 1909 πάλιν
2716 1852 3271 1924 ὲπαναληιρθήσεσθαι
3319 1852 3587 1923 λέγομεν;
3641 1855 3740 1924 Μὴ

2153 1947 2284 2018 περὶ
2309 1946 2409 2016 τὴν
2431 1946 2581 1999 κάτω
2624 1944 2976 2018 Ἰερουσαλὴμ
3001 1944 3100 2009 τὰς
3130 1943 3350 2021 ἐλπίδας
3376 1944 3487 1998 τῶν
3512 1944 3732 2017 ἀνθρὼο

2153 2055 2271 2091 πων
2294 2037 2568 2107 κλίνομεν,
2605 2034 2921 2106 ἀνοικισμὸν
2963 2035 3131 2105 αὐτῆς
3166 2033 3257 2088 διὰ
3279 2035 3380 2105 τῆς
3404 2035 3736 2103 εὐφανεστέ-

2157 2144 2258 2199 ρας
2306 2126 2415 2181 τῶν
2454 2125 2629 2197 λίθων.
2677 2124 2809 2195 ὕλης
2852 2124 3321 2192 ἀναπλάσσοντεςς
3372 2125 3439 2178 Τί
3488 2124 3735 2179 τοιοῦτον

2155 2218 2368 2289 ἔχοντες
2406 2217 2754 2287 ἐγκαλεῖσθαι
2799 2216 3022 2287 φευκτοὶ
3052 2215 3441 2288 ὲνομίσθημεν,
3486 2217 3584 2271 καὶ
3606 2218 3738 2272 ἄλλο

2157 2310 2310 2382 παρά
2350 2327 2512 2364 τινων
2565 2310 2939 2382 ἀντεγείρεται
3002 2310 3133 2381 ἡμῖν
3193 2308 3603 2379 θυσιαστήριον,
3659 2309 3736 2372 ὡς

2156 2397 2311 2471 ἡμῶν
2339 2397 2710 2470 βεϐηλούντων
2749 2398 2818 2452 τὰ
2848 2398 3017 2466 ἆγια;
3059 2398 3232 2469 ’Υπὲρ
3265 2398 3467 2451 τούτων
3497 2401 3559 2454 ὲν
3610 2399 3742 2468 φλε-

2156 2491 2332 2561 γμονῇ
2353 2488 2447 2542 καὶ
2472 2486 2617 2560 λύπῃ
2655 2487 2753 2561 τὴν
2775 2488 3001 2561 καρδίαν
3024 2488 3186 2561 ἔχων,
3215 2488 3343 2561 ὁμοῦ
3366 2489 3444 2559 τῷ
3470 2489 3743 2561 ἐπιϐῆναι

2155 2579 2255 2651 τῆς
2294 2578 2697 2651 μητροπόλεως,
2747 2578 3097 2633 ἀποκενῶσαι
3137 2579 3236 2651 τῆς
3274 2577 3449 2649 ψυχῆς
3494 2578 3606 2650 τὴν
3641 2597 3745 2633 πι-

2158 2671 2339 2743 κρίαν,
2368 2671 2455 2726 διὰ
2492 2671 2585 2725 τοῦ
2618 2669 2825 2743 γράψαι
2855 2670 2992 2742 πρὸς
3015 2670 3117 2743 τὴν
3146 2670 3358 2742 ἀγάπην
3387 2670 3571 2741 ὑμῶν.
3600 2687 3743 2741 προ-

479 2767 646 2823 mus?
676 2766 820 2833 Quid
848 2766 1044 2822 horum
1073 2766 1230 2823 nobis
1257 2767 1421 2837 objici
1448 2774 1644 2837 potest,
1682 2781 1782 2822 cur
1813 2767 2056 2839 fugiendi

2158 2762 2662 2835 εθυμήθην.Ὑμεῖς
2683 2763 2739 2816 δὲ
2768 2762 2854 2832 ἐφ’
2890 2763 3029 2835 ὅπερ
3057 2762 3123 2817 ἂν
3158 2761 3302 2834 ὑμᾶς
3345 2766 3743 2836 χειραγωγήσῃ

477 2856 825 2928 judicemur,
866 2865 923 2912 et
951 2870 1051 2910 cur
1081 2856 1346 2912 adversus
1377 2872 1478 2912 nos
1509 2857 1681 2912 altare
1710 2857 1932 2927 quidam
1960 2872 2056 2912 ex-

2157 2853 2218 2906 τὸ
2241 2851 2462 2924 Πνεῦμα
2488 2852 2549 2906 τὸ
2581 2852 2755 2921 ἅγιον,
2782 2852 2841 2907 ὲν
2862 2852 3055 2925 ἐκείνῳ
3080 2852 3250 2924 εἴητε,
3278 2851 3454 2906 ὀπίσω
3479 2851 3575 2906 τοῦ
3596 2852 3741 2906 Θεοῦ

483 2956 736 3014 struant,
783 2948 941 3020 quasi
988 2948 1092 3021 ipsi
1135 2958 1322 3006 sancta
1378 2949 1787 3020 pollueremus?
1830 2947 2056 3020 Propter

2159 2943 2544 3015 πορευόμεναι,
2576 2944 2741 3015 σαρκὶ
2764 2943 2819 2998 δὲ
2842 2945 2934 2998 καὶ
2959 2944 3149 3017 αἵματι
3180 2943 3255 3015 μὴ
3278 2942 3742 3016 προσανέχουσαι,

484 3039 590 3096 ista
635 3054 760 3094 cum
787 3040 1026 3096 excitata
1062 3039 1194 3095 mihi
1244 3039 1370 3095 bilis
1414 3047 1591 3104 esset,
1636 3046 1690 3093 ct
1722 3039 1878 3095 dolor
1905 3039 2056 3095 cordi

2164 3034 2296 3106 μηδὲ
2332 3034 2587 3106 ἀφορμὴν
2619 3034 3139 3107 παρασκευάζουσαι
3182 3052 3293 3088 τισι
3336 3034 3702 3104 καυχήματος
3724 3073 3744 3097 ,

484 3133 736 3198 obortus,
760 3131 924 3187 simul
954 3147 1016 3188 ac
1042 3147 1294 3188 reversus
1325 3130 1513 3201 pedem
1558 3132 1716 3201 posui
1756 3130 1813 3186 in
1858 3137 2056 3186 metro-

2163 3089 2249 3179 ῖνά
2281 3126 2354 3197 μὴ
2376 3089 2587 3195 ένιθμίν
2616 3089 3020 3197 καυχήσωνται,
3048 3127 3135 3181 διά
3158 3125 3252 3179 τοῦ
3314 3089 3585 3196 ὑμετέρου

482 3223 626 3294 poli,
663 3222 971 3278 faciendum
1002 3221 1154 3289 duxi,
1202 3230 1261 3275 ut
1303 3220 1501 3277 litteris
1530 3221 1597 3277 ad
1630 3237 1726 3278 vos
1754 3222 2056 3278 scribendis

2157 3219 2258 3290 τῆς
2318 3216 2622 3288 φιλοδοξίας
2678 3218 2858 3271 αὐτῶν
2918 3212 3392 3289 ἕπαυξανομένης.
3455 3216 3743 3286 ’Δναμνή-

485 3313 836 3369 acerbitatem
868 3313 1035 3369 animi
1062 3312 1169 3369 mei
1207 3313 1577 3375 exbaurirem,
1608 3310 1717 3368 Vos
1749 3326 1898 3376 vero,
1950 3328 2056 3384 quo

2162 3309 2330 3381 σθητε
2386 3308 2496 3363 τῶν
2543 3308 2713 3379 ἁγίων
2767 3310 3047 3380 Πατέρων,
3090 3303 3172 3373 οἷς
3207 3308 3360 3380 παρά
3407 3305 3499 3361 τοῦ
3556 3324 3753 3377 μακαο

484 3406 829 3461 deducemini
858 3420 890 3459 a
918 3403 1123 3476 Spiritu
1164 3413 1378 3470 sancto,
1414 3405 1470 3459 in
1499 3419 1564 3460 co
1602 3411 1860 3459 manete:
1914 3419 2056 3474 pone

2160 3400 2274 3472 ρίου
2304 3402 2507 3473 πατρὸς
2546 3401 2699 3473 ὑμῶν
2727 3401 3146 3473 ὲνεχειρίσθητε,
3180 3394 3256 3455 ὧν
3286 3400 3379 3454 καὶ
3402 3400 3563 3471 ἡμεῖς
3596 3396 3756 3451 κατὰ

485 3494 777 3552 Dominum
812 3497 1205 3569 ingredientes,
1235 3497 1386 3551 carni
1414 3506 1468 3552 et
1497 3495 1748 3567 sanguini
1802 3511 1913 3551 non
1962 3510 2055 3551 ac-

486 3588 856 3658 quiescentes,
884 3585 1438 3667 nequeoccasionem
1471 3586 1740 3657 gloriandi
1773 3587 2058 3643 nonnullis

486 3679 791 3749 przebentes
813 3718 828 3741 ,
860 3686 920 3732 ut
948 3693 1014 3733 ne
1034 3677 1247 3748 jactent
1279 3692 1339 3733 se
1366 3674 1435 3731 de
1461 3675 1633 3739 vobis,
1669 3690 1803 3731 neve
1835 3684 2057 3747 propter

486 3780 725 3826 vestram
760 3772 930 3825 vitam
960 3809 975 3833 ,
1006 3769 1232 3824 ambitio
1277 3769 1519 3839 ipsorum
1549 3768 1726 3838 capiat
1753 3767 2060 3822 incremen-

485 3869 625 3916 tum.
664 3859 849 3916 Estote
880 3868 1152 3915 memores
1208 3867 1522 3914 sanctorum
1570 3857 1817 3923 Patrum,
1860 3858 2063 3930 quibus

442 3986 451 3993 ι
487 3950 885 4005 commendatae
916 3948 1098 4005 fuistis
1138 3964 1169 4003 a
1215 3949 1375 4005 beato
1407 3957 1561 4019 patre
1593 3957 1797 4014 vestro,
1831 3958 1885 4005 et
1931 3964 2061 4020 quo-

486 4060 609 4101 rum
637 4044 692 4099 in
719 4044 899 4099 locum
929 4042 1034 4113 ipsi
1086 4049 1146 4097 ut
1179 4042 1619 4106 succedercmus,
1663 4056 1760 4112 Per
1791 4041 1885 4098 Dei
1942 4041 2057 4097 fac-

487 4148 605 4193 tum
637 4146 720 4192 est
742 4135 1001 4209 gratiam,
1061 4151 1184 4204 quae
1215 4150 1281 4191 eo
1310 4134 1518 4191 honore
1569 4150 1672 4189 nos
1730 4142 1816 4190 est
1869 4133 2065 4206 digna-

2155 3492 2290 3547 Θεοῦ
2320 3494 2478 3567 χάριν
2519 3493 2618 3565 τὴν
2668 3494 2916 3565 διαδοχὴν
2973 3492 3118 3564 ἔχειν
3149 3489 3591 3563 κατηξιώθημεν.
3624 3489 3760 3542 Καὶ

2159 3583 2235 3655 μὴ
2269 3585 2553 3658 μεταίρετε
2577 3586 2719 3656 ὅρια,
2748 3584 2784 3639 ἀ
2806 3585 2988 3637 ἔθεντο
3012 3585 3059 3636 οἱ
3086 3581 3331 3653 Πατέρες
3358 3580 3534 3653 ἡμῶν,
3560 3579 3754 3650 μηδὲν

2163 3677 2458 3748 ἀτιμάζετε
2492 3677 2585 3730 τὸν
2644 3676 2953 3747 ίδιωτισμὺν
2985 3674 3080 3729 τοῦ
3124 3673 3494 3744 ἀπλουστὲρου
3526 3669 3761 3741 κηρύγ-

2162 3786 2350 3841 ματος.
2369 3771 2540 3841 .Μηδὲ
2569 3771 2842 3834 ποικίλαις
2878 3770 3147 3841 διαδοχαῖς
3179 3768 3241 3821 τὸ
3276 3766 3440 3821 πλέον
3468 3765 3702 3836 νείματε
3732 3778 3754 3795 ·

2159 3860 2295 3914 ἀλλὰ
2326 3863 2587 3932 στοιχεῖτε
2619 3860 2697 3932 τῷ
2730 3861 2943 3932 ἀρχαίῳ
2976 3860 3161 3914 κανόνι
3198 3859 3296 3929 τῆς
3330 3857 3598 3921 πίστεως,
3645 3853 3765 3908 καὶ

2167 3952 2195 4005 ό
2226 3952 2357 4015 Θεὸς
2404 3953 2504 4023 τῆς
2553 3955 2776 4025 εἰρήνης
2827 3951 2979 4005 ἔσται
3030 3950 3148 4022 μεθ’
3199 3949 3353 4018 ὑμῶν
3412 3945 3765 4017 ἐρρωμένων

2167 4041 2311 4114 Ψυχῇ
2339 4044 2431 4097 καὶ
2461 4043 2775 4115 σώματι.’0
2811 4044 3014 4115 Κύριος
3050 4042 3306 4114 φυλάσσοι
3345 4038 3488 4108 ὑμεῖς
3524 4037 3585 4088 ὲν
3634 4033 3770 4103 aq).

2170 4134 2388 4208 θαρσίᾳ,
2420 4135 2601 4199 καθὼς
2620 4135 2910 4207 εὐχόμεθα.

491 4235 570 4284 ta.
619 4225 796 4281 Nolite
829 4239 970 4297 quos
1000 4225 1189 4303 Patres
1233 4224 1407 4279 nostri
1463 4231 1761 4294 posuerunt
1828 4223 2094 4278 terminos
2131 4232 2362 4293 mutare,
2431 4240 2605 4295 neque
2657 4226 3022 4295 aspernemini
3054 4220 3400 4294 simplicioris
3462 4215 3757 4289 praedica-

488 4317 658 4371 tionis
691 4317 1053 4382 idiotismum,
1114 4301 1293 4387 neque
1323 4314 1588 4387 potiorem
1658 4316 1860 4385 putetis
1925 4313 2256 4381 doctrinam,
2323 4331 2444 4387 quae
2512 4331 2609 4387 per
2660 4316 2842 4372 varias
2896 4316 3276 4372 successiones
3334 4309 3602 4371 mutavit;
3644 4305 3757 4360 sed

492 4412 728 4483 antiqua:
756 4413 880 4469 fidei
913 4413 1111 4484 regula:
1142 4413 1449 4483 congruite,
1475 4419 1529 4466 et
1562 4408 1705 4466 Deus
1737 4411 1890 4481 pacis
1949 4410 2231 4467 vobiscum
2265 4413 2390 4482 erit,
2447 4419 2502 4467 et
2560 4412 2743 4468 animo
2819 4421 2873 4468 et
2930 4426 3159 4483 corpore
3220 4405 3554 4466 valentibus.
3618 4397 3738 4453 Do-

492 4505 678 4562 minus
709 4520 811 4561 vos
843 4514 1026 4563 servet
1053 4507 1428 4578 incorruptas,
1461 4504 1604 4561 sicut
1635 4512 1910 4575 optamus.
