4002 6206
484 201 623 263 ,ορτ
1750 191 1808 253 s.
1842 194 2168 254 cneconu
2195 193 2491 254 nvssem
3613 197 3750 261 1023

481 334 513 373 a
555 315 709 373 nulla
756 330 852 382 re,
893 329 1019 386 quae
1073 312 1180 370 sub
1229 309 1655 383 intelligentiam
1708 309 1911 376 cadat,
1943 325 2047 382 cap

2171 312 2514 381 ἐπιφαίνεται
2538 313 2567 365 ό
2594 309 2688 364 τοῦ
2712 311 2912 374 παντὸς
2939 309 3449 383 περιδεδραγμένος,
3482 310 3579 364 καὶ
3607 326 3748 383 περι-

482 417 688 481 potest,
720 407 818 464 sed
857 412 1059 461 cuncta
1084 404 1355 470 continet,
1387 413 1444 460 et
1476 402 1931 474 angustissimum
1951 404 2065 474 jam

481 501 732 570 corporis
777 497 1004 553 humani
1052 497 1399 552 domicilium
1452 495 1772 562 inhabitat;
1827 511 2063 561 summa,

482 594 736 655 scilicet,
764 597 1043 660 potestate
1076 590 1154 643 ita
1187 589 1311 658 ejus
1347 588 1549 643 bonam
1581 587 1925 642 voluntatem
1969 587 2066 642 ob-

481 685 856 747 secundante,
911 697 1164 753 eamque,
1218 694 1554 752 quocunque
1608 679 1863 747 inclinet,
1907 694 2066 749 aequo

480 790 671 844 passu,
726 776 939 830 umbrae
971 775 1171 840 instar,
1205 772 1534 837 comitante,
1570 780 1632 825 ut
1664 785 1769 826 nec
1806 772 1860 825 in
1897 770 2065 825 rebus

482 865 737 922 creandis
762 865 1045 920 voluntate
1073 864 1348 919 inﬁrmior
1376 862 1721 933 deprehensa
1756 862 1852 927 sit,
1885 877 2066 932 neque

481 970 682 1012 rursus
715 956 805 1011 ubi
838 956 905 1009 ad
937 963 1142 1010 nostra:
1176 969 1302 1010 sese
1332 961 1547 1008 natura:
1575 952 1940 1008 humilitatem
1966 967 2065 1023 pro

481 1048 761 1104 communi
801 1047 1086 1102 hominum
1119 1046 1300 1101 salute
1339 1046 1633 1102 demittere
1675 1044 1881 1111 voluit,
1912 1052 2065 1100 tanto

482 1138 698 1192 muneri
732 1116 1065 1207 ’praestando
1114 1137 1293 1207 impar
1341 1124 1542 1203 fuerit;
1588 1136 1682 1193 sed
1722 1144 1780 1193 ct
1806 1145 2062 1207 suscepta

481 1228 805 1283 inﬁrmitate
832 1237 1023 1283 nostra
1044 1266 1059 1292 ,
1099 1227 1345 1282 universi
1397 1235 1578 1282 tamen
1610 1226 2064 1297 gubernationem

483 1335 765 1390 nunquam
786 1319 1094 1374 dimiserit?
1115 1318 1390 1385 Quoniam
1413 1319 1583 1389 igitur
1603 1318 1810 1388 aliquid
1835 1334 2064 1388 prorsus

480 1429 666 1470 causae.
707 1421 827 1479 est,
864 1428 966 1467 cur
1004 1420 1302 1482 utrumque
1335 1411 1538 1466 festum
1581 1412 1923 1483 temporibus
1953 1411 2063 1466 illis

479 1506 826 1573 celebretur;
859 1520 1032 1576 quare
1059 1520 1122 1560 ea
1150 1506 1281 1559 anni
1321 1504 1646 1575 tempestate
1671 1543 1686 1568 ,
1714 1520 1823 1574 qua
1858 1503 2063 1575 longis-

480 1598 635 1653 simae
681 1606 874 1654 noctes
913 1606 1089 1663 sunt,
1131 1613 1301 1653 carne
1329 1606 1591 1668 apparet,
1626 1612 1751 1652 cum
1777 1612 1909 1652 vero
1941 1599 2062 1653 dies

479 1691 738 1747 noctibus
763 1698 1076 1761 aequantur,
1114 1689 1393 1746 hominem
1426 1698 1653 1761 propter
1683 1700 1969 1759 peccatum
2003 1690 2056 1744 in

478 1792 683 1838 terram
714 1798 1020 1849 reversum,
1054 1782 1121 1836 ad
1158 1784 1330 1836 vitam
1362 1798 1561 1838 rursus
1589 1783 1848 1838 revocat?
1878 1782 2056 1853 liuius

478 1876 562 1931 rei
589 1891 813 1931 causam
844 1875 973 1929 dum
999 1888 1099 1944 pro
1127 1873 1277 1927 virili
1296 1872 1542 1928 breviter
1563 1878 1800 1943 expono,
1821 1874 2058 1944 epistola

438 1952 443 1958 ’
479 1968 597 2023 haec
630 1978 691 2022 ut
718 1966 966 2021 muneris
995 1966 1113 2019 loco
1136 1966 1241 2028 sit,
1271 1962 1526 2017 elﬁciam.
1555 1962 1696 2018 Num
1721 1979 1954 2034 prorsus
1968 1980 2059 2020 sa-

478 2060 720 2130 gacitate
748 2067 842 2112 tua
863 2058 979 2128 jam
1010 2055 1331 2113 intellexisti
1360 2055 1709 2127 mysterium,
1732 2055 1881 2127 quod
1912 2056 1971 2111 in
1993 2071 2056 2112 ea

477 2156 789 2220 temporum
855 2148 1174 2203 diversitate
1235 2145 1410 2201 latere
1458 2143 1786 2215 opinamur,
1835 2150 2055 2200 noctem

477 2254 678 2309 nempe
696 2238 837 2294 lucis
856 2238 1198 2293 incremento
1219 2235 1505 2301 contrahi,
1533 2242 1589 2291 et
1615 2234 1898 2299 tenebras.
1928 2250 2059 2290 sen-

477 2329 585 2387 sim
618 2335 898 2385 crescente
928 2327 1110 2398 spatio
1147 2325 1348 2380 diurno
1370 2365 1386 2390 ,
1429 2318 1709 2381 breviores
1737 2323 1895 2380 ﬁeri?
1918 2322 2055 2379 Nam

477 2436 643 2479 nemo
681 2420 917 2476 fortasse
937 2419 1155 2491 ignorat
1179 2431 1291 2473 non
1323 2416 1596 2472 modicam
1626 2417 1888 2474 tenebras
1911 2417 2056 2473 inter

477 2522 533 2572 et
557 2522 847 2585 peccatum
885 2510 1310 2568 similitudinem
1339 2524 1464 2565 esse
1487 2517 1659 2579 atque
1693 2507 2052 2576 aﬁinitatem;

474 2615 531 2663 et
559 2621 693 2662 sane
717 2605 927 2661 malitia
950 2618 1016 2661 eo
1043 2604 1270 2659 nomine
1298 2602 1357 2657 in
1394 2600 1684 2672 Scriptura
1721 2601 2052 2671 appellatur.

2167 401 2385 473 κρατῶν
2415 401 2474 454 ὲν
2505 404 2571 472 τῇ
2603 399 2710 472 ἰδία
2738 399 2963 468 δυνάμει
2991 399 3050 452 τὸ
3077 400 3205 464 πᾶν,
3243 401 3272 452 ό
3314 398 3453 468 μήτε
3489 396 3596 451 ὑπὸ
3622 396 3746 449 τεάν-

2165 509 2274 547 των
2301 493 2410 545 τῶν
2437 491 2644 562 νοητῶν
2677 491 3043 563 χωρούμενος,
3075 490 3213 543 ἀλλά
3236 490 3298 542 τὸ
3318 491 3430 543 πᾶν
3457 488 3745 558 περιέχων,

2166 586 2262 639 καὶ
2293 584 2369 656 τῷ
2394 584 2720 657 βραχυτάτῳ
2741 583 3185 653 εἰσοικιςόμενος,
3202 581 3345 634 οὕτω
3369 580 3471 651 τῆς
3496 579 3748 661 ,μεγάλης

2163 678 2442 749 δυνάμεως
2462 677 2540 748 τῷ
2555 676 2745 746 ἀγαθῷ
2769 677 3034 747 θελήματι
3056 672 3469 744 συνδιεξιοόσης,
3484 674 3583 727 καὶ
3611 673 3749 727 κατὰ

2163 766 2302 834 ἴσον,
2335 771 2583 842 ὅπουπερ
2617 770 2683 823 ἂν
2711 768 2850 841 pte!)
2890 768 2950 821 τὸ
2977 767 3191 838 θέλημα
3210 807 3225 831 ,
3260 767 3388 837 σκιᾷ
3410 765 3615 836 ἑαυτὴν
3645 765 3751 818 δει-

2164 861 2432 932 κνυούσης
2449 899 2464 923 ,
2492 861 2568 925 ὡς
2604 861 2743 932 μήτε
2772 862 2830 915 ὲν
2857 863 2923 931 τῇ
2950 858 3125 913 κτίσει
3153 859 3262 912 τῶν
3290 858 3452 912 ὄντων
3471 858 3745 927 ,ἀτονωτέ-

2167 971 2267 1024 ραν
2305 956 2406 1024 τῆς
2440 953 2746 1024 βουλήσεως
2779 952 3068 1024 εὑρεθῆναι
3118 951 3216 1023 τὴν
3255 950 3506 1020 δύναμιν,
3608 947 3745 1020 μήτε

2164 1044 2481 1115 ὁρμήσαντα
2524 1042 2605 1112 τῷ
2633 1042 2874 1113 ταπεινῷ
2903 1044 3002 1114 τῆς
3042 1041 3257 1112 φύσεως
3287 1040 3444 1113 ήμῶν
3478 1040 3565 1093 ἐπ’
3591 1044 3746 1111 εὐερ-

2165 1135 2325 1206 γεσίᾳ
2354 1134 2462 1188 τῶν
2502 1132 2805 1205 ἀνθρώπων
2856 1134 3293 1207 συγκαταὸῆναι,
3339 1134 3478 1205 πρὸς
3522 1133 3584 1186 τὸ
3615 1132 3743 1186 αὐτὸ

2163 1224 2322 1280 τοῦτο
2345 1225 2694 1296 ἀδυνατῆσαι,
2732 1224 2872 1279 ἀλλά
2898 1226 2993 1278 καὶ
3036 1228 3094 1279 ὲν
3129 1225 3305 1297 τούτῳ
3329 1224 3605 1295 γενέσθαι,
3625 1277 3630 1280 ,
3654 1226 3744 1277 καὶ

2168 1320 2242 1391 μὴ
2275 1319 2545 1388 διαφεῖναι
2566 1318 2626 1372 τὸ
2654 1318 2763 1371 πᾶν
2784 1317 3187 1390 ἀκυϐέρνητον;
3220 1317 3372 1370 Ἐπεὶ
3401 1313 3497 1369 οὖν
3524 1316 3744 1378 πάντως

2161 1427 2246 1473 τις
2283 1409 2438 1478 λόγος
2466 1411 2552 1462 ἐπ’
2578 1407 2902 1480 ἀμφοτέρων
2931 1408 3049 1461 ἐστὶ
3070 1407 3178 1463 τῶν
3207 1407 3433 1479 καιρῶν,
3471 1406 3593 1470 πῶς
3622 1407 3745 1458 τότε

2166 1501 2265 1573 μὲν
2291 1500 2379 1555 διὰ
2408 1501 2609 1573 σαρκὸς
2634 1500 3010 1570 ἐπιφαίνεται,
3060 1502 3127 1571 τῇ
3159 1500 3216 1553 δὲ
3249 1498 3503 1570 ίσημερίᾳ
3530 1498 3631 1551 τὸν
3663 1498 3742 1560 είς

2163 1600 2268 1671 γῆν
2314 1586 2649 1652 ἀναλυθέντα
2714 1596 2802 1650 διὰ
2848 1597 2948 1668 τῆς
2994 1594 3269 1666 ἁμαρτίας
3314 1593 3627 1662 ἄνθρωπον,
3673 1594 3739 1663 τῇ

2090 1679 2132 1734 Β
2161 1691 2272 1761 ζωῇ
2302 1688 2462 1742 πάλιν
2483 1686 2883 1758 ἀποκαθίστησι
2912 1702 2927 1751 ;
2955 1684 3145 1740 Ταῦτα
3165 1684 3255 1738 διὰ
3281 1683 3551 1755 βραχέων,
3574 1684 3652 1746 ὠς
3674 1684 3740 1736 ἂν

2157 1773 2267 1842 οἷός
2296 1795 2356 1832 τε
2381 1771 2448 1842 ὦ,
2478 1777 2837 1849 παραστήσας
2876 1773 2953 1845 τῷ
2985 1774 3150 1844 λόγῳ,
3200 1773 3372 1841 δῶρον
3416 1773 3477 1825 τὸ
3506 1763 3740 1844 γράμμα

2158 1866 2477 1937 ποιήσομαι.
2513 1865 2582 1919 Ἦ
2617 1865 2835 1929 πάντως
2876 1863 3177 1935 προέλαϐες
3221 1862 3329 1916 ἀπὸ
3366 1862 3648 1932 ἀγχινοίας
3678 1862 3739 1915 τὺ

2158 1958 2594 2030 ὑποπτευόμενον
2625 1959 2680 2011 ὲν
2709 1957 2916 2021 τούτοις
2948 1957 3266 2028 μυστήριον,
3301 1955 3382 2008 ὅτι
3414 1953 3735 2023 ὲγκόπτεται

2156 2049 2256 2122 τῆς
2282 2050 2473 2114 νυκτὸς
2502 2052 2536 2121 ή
2566 2049 2792 2122 πρόοδος
2819 2048 3006 2121 τῇίτοῦ
3040 2047 3219 2119 φωτὸς
3272 2046 3590 2119 προσθήκῃ,
3639 2045 3731 2098 καὶ

2159 2140 2539 2196 συστέλλεσθαι
2583 2142 2646 2196 τὺ
2693 2141 2884 2207 σκότος
2940 2142 3166 2214 ἄρχεται
3187 2179 3205 2205 ,
3265 2139 3567 2211 αὐξομένου
3614 2140 3729 2202 ταῖς

2156 2234 2495 2307 προσθήκαις
2542 2234 2637 2289 τοῦ
2683 2234 2944 2308 ἠμερινοῦ
2986 2234 3388 2305 διαστήματος;
3428 2232 3585 2286 τοῦτο
3623 2234 3728 2305 γὰρ

2157 2328 2287 2391 ἴσως
2322 2327 2419 2381 καὶ
2462 2329 2577 2392 τοῖς
2623 2326 2837 2391 πολλοῖς
2867 2326 2943 2397 (8)
2992 2325 3061 2380 ἂν
3096 2325 3311 2395 γένοιτο
3351 2323 3616 2396 φανερὸν,
3649 2324 3729 2376 ὅτι

2157 2417 2432 2488 συγγενῶς
2452 2417 2564 2489 ἔχει
2592 2419 2729 2492 πρὸς
2757 2419 2858 2491 τὴν
2874 2416 3153 2490 ἁμαρτίαν
3178 2416 3241 2470 τὸ
3263 2417 3452 2479 σκότος
3476 2415 3574 2468 καὶ
3592 2414 3731 2468 οὓτω

2151 2508 2214 2562 τὸ
2239 2508 2409 2562 κακὸν
2436 2508 2588 2581 παρά
2617 2509 2715 2581 τῆς
2752 2507 2978 2579 Γραφῆς
3003 2503 3351 2577 ὀνομάζεται.
3395 2503 3611 2557 Οὐκοῦν
3642 2505 3732 2575 ἑρ-

2156 2597 2352 2669 μηνεία
2383 2598 2470 2663 τίς
2497 2601 2613 2654 ἔστι
2661 2600 2760 2669 τῆς
2802 2599 2942 2671 ὑπὲρ
2977 2596 3087 2651 τῶν
3119 2596 3301 2667 ψυχῶν
3337 2594 3491 2666 ήμῶν
3517 2596 3733 2647 οἰκονοο

473 2693 717 2766 Tempus
740 2698 927 2767 itaque
956 2696 1159 2767 ipsum,
1184 2695 1241 2749 in
1272 2708 1382 2764 quo
1419 2692 1819 2764 redemptionis
1850 2698 2049 2763 myste-

2156 2687 2285 2758 μίας
2325 2690 2355 2742 ό
2389 2689 2612 2760 καιρὸς,
2662 2691 2721 2743 ὲν
2761 2680 2811 2757 ᾧ
2836 2688 2899 2743 τὸ
2944 2688 3242 2759 μυστήριον
3274 2686 3429 2758 ήμῶν
3473 2686 3728 2756 ἄρχεται.

474 2785 618 2839 rium
664 2784 890 2854 incipit,
928 2783 1387 2854 dispensationis,
1416 2798 1581 2853 (luam
1609 2797 1712 2852 pro
1737 2792 2049 2839 nostrarum

2156 2779 2303 2833 Ἔδει
2323 2779 2432 2853 γὰρ
2450 2779 2585 2852 πρὸς
2602 2779 2830 2852 ἄπειρον
2849 2780 2949 2851 ήδη
2964 2778 3067 2850 τῆς
3084 2779 3282 2843 κακίας
3297 2777 3622 2848 ἐκχυθείσης
3634 2777 3728 2847 (9),

474 2873 787 2928 animarum
818 2874 1001 2930 salute
1030 2873 1176 2929 Deus
1210 2872 1478 2936 instituit,
1515 2870 1767 2942 quaedam
1804 2871 2049 2942 explica-

2151 2870 2249 2941 τὴν
2267 2871 2355 2926 διὰ
2372 2871 2480 2926 τῶν
2500 2871 2710 2943 ἀρετῶν
2732 2874 2862 2944 ἡμῖν
2884 2870 3307 2944 λαμϐανομένην
3334 2871 3553 2942 ἡμέραν
3580 2869 3729 2940 παρά

456 2965 553 3020 'tio
581 2974 685 3021 est.
714 2964 974 3036 Oportuit
999 2966 1174 3030 enim,
1210 2971 1272 3019 ut
1295 2963 1503 3018 malitia
1540 2963 1654 3034 jam
1687 2964 1744 3018 in
1776 2962 2049 3020 inﬁnitum

2151 2962 2244 3018 τοῦ
2269 2963 2331 3018 τὸ
2349 2963 2590 3019 τοιοῦτον
2608 2964 2725 3036 φῶς
2750 2966 2872 3029 ταῖς
2885 2964 3083 3037 ψυχαῖς
3103 2966 3138 3035 ή
3146 2964 3262 3036 μῶν
3280 2962 3583 3025 ἐντιθέντος
3597 2961 3726 3031 (10),

473 3067 799 3131 propagata,
837 3059 907 3114 ab
933 3073 998 3115 eo
1026 3072 1128 3113 nos
1156 3058 1421 3113 virtutum
1453 3056 1600 3112 diem
1632 3056 2011 3127 acciperemus
2030 3097 2045 3123 ,

2151 3052 2292 3107 ὥστε
2318 3053 2412 3108 τὸν
2459 3055 2556 3126 μὲν
2587 3027 2863 3124 φωτεινόν⁷
2882 3027 2997 3125 βίον
3025 3027 3216 3119 είςξτι
3248 3054 3519 3126 μήκιστον

472 3146 566 3218 qui
603 3148 765 3202 talem
807 3146 1006 3202 animis
1034 3146 1240 3202 nostris
1273 3146 1452 3201 lucem
1493 3143 1759 3211 aﬂundit,
1788 3153 1849 3201 ut
1880 3145 2047 3202 lumi-

470 3254 610 3295 nosa
644 3241 773 3302 vita,
806 3239 965 3295 novis
999 3238 1293 3310 probitatis
1321 3238 1738 3295 accessionibus
1778 3238 2045 3307 adaucta,

471 3346 635 3401 quam
670 3331 908 3386 maxime
935 3331 1303 3402 ampliﬁcetur
1322 3331 1507 3396 {mala
1535 3345 1668 3386 vero
1694 3330 1827 3397 vita,
1856 3332 2049 3402 paula-

468 3424 571 3479 tim
622 3423 769 3479 l'acta
822 3423 1193 3479 diminutione
1231 3423 1596 3490 decrescens,
1646 3423 1704 3478 in
1753 3424 2046 3479 minimum

468 3515 863 3579 contrahatur;
897 3529 1023 3568 nam
1055 3514 1319 3571 bonitatis
1354 3514 1790 3592 incrementum,
1822 3513 2047 3569 malitiae

466 3620 698 3676 prorsus
738 3605 1050 3661 imminutio
1080 3614 1187 3661 est.
1221 3606 1289 3659 At
1323 3619 1453 3661 vero
1496 3604 1918 3660 resurrectionis
1967 3604 2046 3660 fe-

467 3705 615 3751 stum
640 3738 655 3761 ,
689 3714 755 3754 co
798 3697 1100 3753 adveniens
1145 3707 1427 3769 tempore,
1472 3713 1582 3768 quo
1616 3706 1807 3753 noctes
1849 3696 2043 3753 diebus

464 3799 771 3857 aequantur,
799 3788 903 3843 hoc
927 3788 1522 3859 nobisintelligendum
1553 3790 1755 3856 innuit,
1783 3789 2043 3845 virtutem

465 3878 680 3934 scilicet
710 3891 817 3931 non
843 3877 1082 3946 amplius
1113 3877 1380 3932 adversus
1409 3878 1704 3943 malitiam,
1736 3879 2041 3948 aequalibus

463 3983 528 4024 ac
554 3969 673 4046 ipsa
699 3968 911 4023 viribus
942 3967 1266 4038 pollentem,
1297 3967 1527 4038 ancipiti
1559 3976 1736 4025 marte
1764 3979 2040 4040 pugnatu-

462 4078 617 4128 ram;
650 4060 746 4117 sed
772 4059 1101 4115 idololatria!
1121 4059 1365 4115 tenebris
1385 4060 1518 4125 diei,
1545 4060 1649 4115 hoc
1676 4068 1781 4126 est,
1811 4061 1935 4116 ﬁdei
1965 4063 2042 4118 in-

461 4158 744 4207 cremento
774 4148 1063 4219 disjectis,
1109 4147 1440 4204 luminosam
1480 4148 1888 4220 praevalituram
1915 4164 2040 4206 esse

460 4244 651 4300 vitam.
697 4243 763 4297 Et
803 4242 967 4313 hujus
1007 4256 1230 4313 quoque
1260 4242 1341 4297 rei
1387 4243 1562 4314 gratia
1603 4243 1728 4297 luna
1762 4243 2037 4299 decimum

2146 3146 2449 3213 τείνεσθαι,
2499 3148 2620 3211 ταῖς
2660 3139 2892 3216 ἀγαθαῖς
2941 3145 3283 3220 προσθήκαις
3331 3144 3720 3216 αὐξανόμενον

2145 3237 2245 3311 τήν
2272 3239 2330 3293 δὲ
2352 3238 2411 3292 ὲν
2441 3240 2510 3310 τῇ
2542 3239 2712 3310 κακίᾳ
2734 3238 2878 3310 ζωὴν
2901 3238 2990 3293 διὰ
3010 3237 3111 3307 τῆς
3147 3238 3265 3292 κατ’
3288 3236 3471 3306 ὀλίγον
3499 3235 3723 3306 ὑφαιρέι

2147 3346 2286 3395 σεως
2308 3331 2388 3395 είς
2413 3331 2695 3401 ἐλάχιστον
2725 3330 3056 3400 συσταλῆναι
3083 3345 3099 3362 ο
3153 3332 3188 3402 ή
3225 3329 3335 3401 γὰρ
3365 3327 3475 3382 τῶν
3504 3326 3721 3396 ἀγαθῶν

2146 3420 2446 3494 ἑπαύξησις
2470 3421 2565 3476 τοῦ
2605 3420 2777 3476 κακοῦ
2812 3423 3037 3493 μείωσις
3058 3421 3283 3492 γίνεται.
3341 3422 3407 3475 Ἡ
3437 3420 3493 3473 δὲ
3527 3423 3719 3490 ἰσημεει

2146 3512 2239 3585 ρία
2265 3512 2367 3584 τὴν
2394 3513 2763 3585 ἀναστάσιμον
2792 3513 2985 3586 ἑορτήν
3005 3514 3292 3585 δεξαμένη,
3319 3511 3475 3567 τοῦτο
3498 3512 3569 3566 δι’
3598 3513 3724 3564 ἑαυά

2142 3598 2242 3669 τῆς
2273 3599 2587 3671 ἑρμηνεύει,
2609 3601 2690 3655 ὃτι
2717 3599 2901 3654 οὐκέτι
2925 3599 3061 3672 πρὸς
3086 3599 3376 3654 ἀντίπαλον
3399 3596 3556 3663 τάξιν
3584 3599 3726 3651 divti-

2143 3692 2547 3762 καταστήσεται
2563 3729 2578 3756 ,
2629 3691 2899 3755 ίσοπάλως
2925 3690 3000 3761 τῷ
3024 3690 3215 3762 ἀγαθῷ
3240 3690 3341 3760 τῆς
3362 3690 3561 3752 κακίας
3586 3707 3722 3760 συμέ-

2143 3780 2487 3853 πλεκομένης
2509 3796 2524 3812 '
2571 3781 2688 3835 ἀλλ’
2716 3784 2745 3836 ό
2768 3782 3027 3852 φωτεινὸς
3064 3782 3420 3852 ἐπικρατήσει
3460 3780 3591 3851 βίος,
3624 3779 3719 3833 τοῦ

2142 3871 2308 3942 ζόφου
2354 3872 2454 3943 τῆς
2484 3871 2901 3943 εἰδωλολατρίας
2925 3876 2982 3927 ὲν
3001 3872 3080 3944 τῷ
3107 3871 3435 3943 πλεονασμῷ
3456 3871 3558 3941 τῆς
3579 3872 3720 3942 ήμέο

2142 3980 2242 4036 ρας
2264 3963 2688 4035 διαπαυομένου.
2721 3958 2797 4019 OB
2828 3965 3008 4036 χάριν,
3044 3962 3256 4017 καὶτοῦ
3291 3962 3569 4034 σεληναίου
3595 3962 3722 4032 δρό-

2143 4070 2267 4124 μου,
2285 4052 2381 4108 τοῦ
2404 4057 2548 4108 κατά
2564 4056 2664 4128 τὴν
2694 4055 2753 4108 ιδ’
2772 4056 3005 4128 ἡμέραν,
3019 4055 3427 4128 ἀντιπρόσωπον
3443 4054 3721 4107 δείκνυσιν

2138 4145 2307 4214 αὐτὴν
2331 4148 2451 4209 ταῖς
2482 4145 2576 4200 τοῦ
2619 4145 2771 4218 ήλίου
2807 4145 3007 4217 βολαῖς,
3038 4147 3405 4218 πληθύνουσαν
3438 4144 3604 4198 παντὶ
3632 4144 3722 4216 τῷ

2140 4234 2356 4307 πλούτῳ
2394 4234 2495 4308 τῆς
2532 4234 2894 4309 λαμπηδόνος,
2941 4238 3035 4292 καὶ
3068 4236 3333 4310 μηδεμίαν
3358 4230 3451 4289 τοῦ
3481 4232 3721 4302 σκότους

457 4343 715 4407 quartum
762 4351 961 4391 cursus
997 4336 1083 4391 sui
1123 4335 1270 4391 dicm
1308 4336 1656 4406 complente,
1689 4336 1824 4391 solis
1850 4337 2038 4393 radios

2151 4328 2386 4401 Βιαδοχὴν
2405 4331 2462 4383 ὲν
2475 4329 2553 4400 τῷ
2568 4330 2634 4400 μέ
2642 4348 2722 4402 ρει
2744 4330 2995 4400 γενέσθαι
3019 4330 3558 4404 παρασκευάζουσαν.
3576 4328 3719 4385 Aud-

457 4427 688 4481 adversa
716 4425 895 4481 fronte
919 4425 1224 4495 excipiens,
1252 4441 1311 4481 se
1337 4427 1511 4496 ipsam
1539 4427 1689 4481 omni
1714 4427 1853 4485 lucis
1876 4429 2036 4499 copia

2151 4438 2301 4491 μενον
2331 4420 2441 4494 γὰρ
2478 4421 2839 4494 διαδεξαμένη
2872 4423 2963 4477 τὸν
2994 4424 3166 4495 ήλιον,
3191 4425 3252 4477 οὐ
3283 4425 3545 4496 πρότερον
3572 4424 3716 4495 αὑτὴ

457 4517 790 4582 afﬂuentem,
824 4518 1085 4586 nullaque
1113 4516 1200 4570 sui
1224 4524 1380 4586 parte
1408 4518 1735 4588 caligantem
1768 4520 2030 4575 ostendit.

2151 4513 2493 4579 ιαταδύεται,
2541 4516 2669 4585 πρὶν
2713 4518 2835 4578 ταῖς
2866 4514 3145 4586 ἀληθιναῖς
3197 4513 3394 4583 αὐγαῖς
3428 4513 3520 4566 τοῦ
3560 4514 3716 4585 ἡλίου

454 4610 739 4666 Occidenti
773 4607 920 4664 enim
953 4608 1054 4663 soli
1090 4607 1417 4673 succedens,
1452 4626 1562 4665 non
1593 4618 1759 4666 antea
1788 4611 1906 4679 ipsa
1932 4625 2031 4666 oc-

2151 4605 2232 4671 τὰς
2274 4604 2411 4671 ἰδίας
2440 4605 2778 4678 συμμίξειεν,
2810 4605 2951 4661 ὥστε
2998 4607 3054 4660 ἓν
3086 4607 3200 4676 φῶς
3224 4607 3368 4661 κατά
3392 4606 3453 4661 τὸ
3491 4608 3719 4689 συνεχὲς

452 4702 608 4765 cidit,
633 4715 797 4770 quam
822 4699 968 4754 veris
994 4697 1245 4768 ejusdem
1274 4700 1409 4756 solis
1440 4699 1745 4772 fulgoribus
1778 4702 2028 4772 proprios

2151 4701 2428 4772 ῑιαμεῖναι,
2460 4700 2603 4755 κατά
2630 4701 2690 4754 τὸ
2715 4701 2991 4772 διάστημα
3015 4700 3110 4755 τοῦ
3137 4700 3460 4773 νυκτερινοῦ
3483 4700 3595 4770 (Η)
3624 4717 3712 4764 τε,

452 4793 784 4858 immisceat,
818 4794 891 4847 ita
926 4802 984 4847 ut
1019 4807 1130 4846 una
1153 4792 1457 4864 eademque
1487 4795 1602 4859 lux,
1645 4776 1881 4864 utroque
1912 4804 2028 4848 tum

2151 4792 2228 4846 ιαὶ
2262 4792 2524 4864 ήμερινοῦ
2554 4794 2754 4864 δρόμου
2774 4834 2790 4858 ,
2829 4795 2895 4864 τῇ
2927 4794 3321 4866 παρεμπτώσει
3368 4792 3461 4848 τοῦ
3486 4793 3718 4858 σκότους

449 4881 671 4949 diurni,
726 4891 841 4938 tum
884 4883 1145 4940 nocturni
1186 4871 1388 4943 cursus
1431 4888 1613 4958 spatio
1662 4887 2024 4952 continuata,

2151 4884 2385 4956 ιηδαμοῦ
2418 4884 2809 4958 διαιρούμενον.
2862 4885 3049 4940 Ταῦτά
3087 4902 3191 4954 σοι,
3223 4880 3269 4940 ὦ
3299 4884 3428 4956 φίλη
3475 4883 3717 4957 κεφαλὴ,

2121 5139 2301 5197 cnI.V.
2329 5143 2380 5205 1,
2412 5142 2498 5205 10,
2528 5140 2701 5196 Puero
2723 5156 2852 5213 opus
2880 5147 2961 5195 est
2993 5140 3201 5213 cibum.
3229 5136 3317 5213 Ait
3356 5140 3529 5213 igitur
3565 5141 3717 5213 Nys-

2122 5227 2288 5286 senus
2309 5228 2324 5266 :
2343 5212 2509 5286 ΔἜδει
2540 5214 2697 5286 ήμῶν
2726 5210 2824 5286 τὴν
2862 5213 2951 5286 διά
2977 5212 3084 5265 τῶν
3119 5211 3336 5286 ἀρετῶν
3355 5210 3717 5286 λαμβανομέ-

2122 5231 2324 5267 senus:
2360 5231 2509 5267 ’ἰιοει
2540 5231 2697 5283 ημων
2726 5231 2824 5286 την
2862 5231 2950 5266 οια
2977 5231 3084 5265 των
3119 5231 3329 5282 αρετων
3357 5231 3602 5280 Ααμοανο
3650 5231 3714 5264 ε-

2120 5296 2220 5353 νην
2248 5283 2460 5352 ἡμέραν
2491 5284 2642 5354 παρά
2668 5283 2785 5341 τοῦ.
2814 5313 2884 5324 —
2914 5282 3202 5352 Oportebat
3248 5282 3398 5336 nobis
3430 5282 3572 5334 diem
3603 5231 3713 5351 δυο

2121 5353 2261 5407 cem)
2282 5357 2515 5407 accivere
2544 5356 2797 5407 virtutum
2830 5352 2895 5406 ab
2922 5371 3000 5407 eo.
3020 5382 3088 5401 —
3110 5353 3372 5407 Perplexa
3396 5353 3714 5407 aliquantu-

2121 5353 2261 5421 cem)
2282 5357 2515 5424 accipere
2544 5353 2797 5408 virtutum
2830 5353 2895 5406 ab
2922 5371 3000 5408 eo.
3020 5382 3088 5401 —
3110 5353 3372 5424 Perplexa
3396 5353 3707 5420 aliquantu-

2121 5422 2232 5478 lum
2269 5426 2446 5480 oratio
2475 5420 2804 5494 Zacagnium
2840 5424 3099 5494 turbavit.
3132 5423 3370 5478 Canace.
3404 5438 3457 5492 p.
3488 5423 3558 5479 94
3579 5439 3707 5493 sqq.

2195 5494 2309 5564 (10)
2342 5491 2754 5563 Ἐκχυθείόἠς⁸
2775 5493 2910 5550 (Σοά.
2934 5491 3070 5549 Med.
3100 5494 3443 5564 ξγχυθεῐσης.

2191 5562 2240 5633 (l
2259 5560 2306 5635 Ι)
2332 5560 2581 5648 Ιγωὶὲερ.
2611 5560 2693 5622 id.
2714 5560 2841 5622 'cod.
2870 5560 3152 5638 ήμερινοῦ
3170 5560 3234 5618 τε
3260 5560 3461 5636 δρόμου
3486 5561 3584 5618 καὶ
3607 5578 3708 5617 νυ·-

2121 5650 2214 5689 κτε
2226 5651 2394 5706 ρινου.

519 5135 596 5211 (8)
634 5137 820 5211 Τοῦτο
864 5136 985 5211 γὰρΔ
1026 5164 1098 5178 —-
1127 5135 1402 5204 πολλοῖς.
1433 5134 1513 5192 ld.
1539 5134 1664 5193 cod.
1710 5134 1871 5192 τοῦτο
1910 5137 2021 5211 γὰρ

444 5208 541 5265 καῖ
571 5208 690 5271 τοῖς,
709 5209 927 5273 πολλοῖς
963 5208 1115 5271 ἴσως.

519 5279 594 5350 (9)
635 5278 797 5350 ’ἔδει
826 5280 937 5346 γὰρ
968 5275 1422 5350 αγὲντιθέντος.
1462 5277 1792 5350 Corruptum
1837 5278 2020 5350 locum

444 5346 645 5419 putans
675 5346 1084 5419 Zacagniusiob
1117 5348 1386 5419 orationis
1412 5346 1899 5413 constructionem,
1932 5349 2024 5404 ad-

444 5417 524 5490 dit
557 5419 796 5490 ἐπίδοσιν
813 5418 1093 5490 δέχεσθαι.
1128 5417 1234 5490 Sed
1268 5418 1419 5472 nulla
1462 5432 1602 5489 opus
1629 5427 1714 5474 est
1769 5420 2024 5490 immuta-

444 5487 613 5544 tione.
655 5487 1085 5545 Verbum'cnim
1134 5487 1236 5553 δεῖ,
1286 5487 1513 5557 oportet,
1549 5489 1923 5545 accusativum
1970 5498 2021 5544 et

444 5557 687 5630 dativum
732 5559 871 5630 bene
917 5566 1096 5630 potest
1146 5559 1414 5630 accipere.
1461 5556 1556 5612 Ἓν
1591 5558 1672 5630 δεῖ
1705 5559 1862 5629 μόνον
1879 5576 2029 5630 Ῠμοιι

444 5576 687 5611 uauvum
732 5576 871 5615 nene
917 5576 1096 5630 ροιρει
1146 5576 1259 5613 aCCl
1302 5576 1414 5614 ere.
1462 5576 1556 5612 “bV
1591 5576 1669 5611 οει
1705 5576 1862 5629 μονον
1939 5576 2012 5622 οι,

442 5628 612 5683 estin
639 5626 907 5700 Euripide.
930 5629 1023 5687 Sic
1044 5637 1098 5685 et
1135 5576 1298 5699 apudp
1315 5627 1559 5685 Latinos.
1604 5628 1830 5686 Plautus
1875 5576 2014 5685 lyrn-
