4002 6206
1641 225 1702 282 S.
1735 221 2063 285 GREGONI
2099 223 2393 285 NYSSENI

400 234 540 297 103!
1641 227 1702 282 S.
1735 227 2063 285 GREGOBU
2099 227 2393 285 NYSSENI
3514 227 3669 285 1052

399 351 752 416 conﬁtemur,
792 362 898 407 nec
943 345 1227 421 quidpiam
1277 345 1610 411 sublimius,
1643 346 1753 403 nec
1800 347 1976 402 tutius

2087 349 2315 414 πίστεως
2334 346 2599 421 ὀμολογοῦ
2607 364 2727 419 μεν,
2750 347 2843 403 καὶ
2865 344 2987 402 οὔτε
3010 347 3343 421 ὑψηλότερον
3364 346 3465 418 τῆς
3489 366 3665 420 παρα·

400 442 716 513 certiusque
763 456 830 499 ea
874 440 1174 496 traditione
1221 453 1347 496 esse
1394 438 1696 494 credimus.
1758 436 1975 493 Domini

2087 441 2280 505 δόσεως
2308 441 2539 511 ἐκείνης,
2571 440 2697 495 οῦτε
2725 440 3125 511 ἀσφαλέστερον
3148 440 3276 495 ἄλλο
3312 458 3365 494 τι
3393 437 3531 495 εἶναι
3564 459 3666 496 πι-

401 542 586 591 autem
628 533 881 589 doctrina
930 530 1048 587 hac
1087 536 1211 587 est:
1251 529 1487 594 Euntes,
1534 528 1748 599 inquit,
1797 528 1977 583 docete

2087 532 2362 603 στεύομεν.
2405 532 2469 585 Ἢ
2500 533 2556 586 δὲ
2582 532 2676 585 τοῦ
2711 532 2915 601 Κυρίου
2943 531 3257 586 διδασκαλία
3291 533 3443 587 ἐστὶν
3473 531 3616 605 αῦτη
3642 550 3661 565 ·

399 641 582 682 omnes
611 633 789 696 gentes
811 661 827 689 ,
864 623 1199 693 baptismate;
1233 638 1322 677 eos
1352 622 1406 674 in
1432 620 1643 675 nomine
1671 617 1858 673 Pluris
1882 659 1897 684 ,
1927 628 1981 672 et

402 715 573 779 Filii,
602 725 651 769 et
687 713 922 784 Spiritus
967 714 1141 768 sancti
1174 714 1211 769 ⁸.
1249 710 1523 777 Quoniam
1569 710 1735 780 igitur
1774 715 1982 763 sanctae

402 805 693 863 Trinitatis
719 807 864 862 dono
885 844 901 870 ,
929 804 1162 861 viviﬁcae
1206 803 1431 859 virtutis
1469 810 1755 873 compotes
1800 802 1978 869 ﬁunt,

401 901 498 971 qui
524 915 591 955 ex
623 905 800 954 morte
838 897 906 951 ad
936 908 1200 953 aeternam
1248 896 1420 949 vitam
1463 901 1889 964 regenerantur,
1925 900 1981 948 et

404 993 580 1062 gratia
615 991 717 1046 ista
750 1006 849 1061 per
878 990 1041 1044 ﬁdem
1075 988 1228 1060 digni
1261 985 1389 1041 facti
1431 995 1561 1041 sunt
1589 1003 1604 1050 ;
1642 987 1716 1040 ita
1761 1000 1982 1056 quoque

403 1084 720 1155 imperfecta
776 1082 949 1161 gratia
1002 1088 1121 1145 est,
1178 1082 1223 1135 si
1270 1095 1444 1133 unum
1499 1078 1724 1149 aliquod
1775 1087 1983 1133 saneta:

403 1174 695 1231 Trinitatis
729 1189 929 1228 nomen
954 1212 969 1239 ,
1002 1173 1396 1242 qualecunque
1429 1171 1566 1224 illud
1601 1171 1709 1232 sit,
1747 1169 1801 1223 in
1835 1169 1982 1222 salu-

403 1268 506 1321 tari
541 1266 813 1335 baptismo
854 1264 1327 1334 praetermittatur.
1368 1261 1501 1315 Nam
1539 1250 1715 1333 neque
1763 1262 1815 1314 in
1863 1260 1983 1315 solo

403 1357 601 1424 Patre,
634 1366 686 1411 et
731 1356 905 1422 Filio,
944 1358 1065 1412 sine
1114 1363 1311 1412 sancto
1365 1355 1605 1426 Spiritu,
1662 1353 1982 1425 mysterium

412 1450 854 1522 regenerationis
884 1448 1216 1519 adimpletur
1237 1465 1251 1512 ;
1276 1463 1456 1517 neque
1485 1446 1531 1501 si
1562 1444 1736 1501 Filius
1764 1444 1985 1501 silentio

403 1549 784 1614 praetereatur,
820 1542 877 1595 in
913 1542 1032 1597 solo
1066 1539 1266 1605 Patre,
1318 1546 1375 1594 et
1417 1533 1625 1610 Spiritb
1675 1537 1984 1608 haptismus

405 1634 600 1698 habet,
632 1635 777 1688 unde
809 1633 969 1689 nobis
1001 1631 1303 1703 perfectam
1339 1630 1508 1683 vitam
1538 1630 1849 1698 largiatur;
1882 1642 1982 1682 nec

405 1724 460 1780 in
504 1723 666 1780 Patre
698 1732 753 1780 et
784 1722 923 1779 Filio
947 1762 963 1788 ,
1008 1722 1388 1794 praetermisso
1437 1721 1648 1792 Spiritu
1670 1761 1686 1787 ,
1728 1735 1983 1775 resurre-

405 1817 610 1872 ctionis
662 1823 868 1871 nostrae
930 1816 1107 1885 gratia
1154 1822 1594 1870 consummatur.
1639 1811 1986 1882 Quapropter

406 1923 623 1963 omnem
651 1923 836 1978 spem,
860 1915 1024 1977 atque
1052 1904 1307 1959 ﬁduciam
1338 1913 1652 1958 nostrarum
1677 1903 1984 1956 animarum

407 2000 606 2056 salutis
639 2000 695 2054 in
724 2000 903 2054 tribus
931 2000 1207 2069 personis,
1238 2014 1359 2069 qua
1386 1998 1454 2053 iis
1484 1995 1799 2053 nominibus
1825 1994 1987 2049 nobis

408 2090 812 2153 innotescunt,
867 2090 1176 2153 habemus,
1228 2096 1283 2143 et
1328 2087 1609 2143 credimus
1660 2088 1715 2140 in
1765 2084 1983 2138 Patrem

408 2182 630 2237 Domini
681 2181 865 2238 nostri
913 2178 1042 2236 Jesu
1082 2179 1327 2245 Christi,
1384 2178 1477 2250 qui
1527 2186 1614 2234 est
1656 2178 1783 2233 vita:
1825 2176 1984 2241 fons,

407 2283 463 2331 et
492 2275 550 2330 in
582 2273 780 2329 Filium
812 2273 995 2329 Patris
1026 2274 1412 2345 unigenitum,
1446 2271 1541 2342 qui
1586 2279 1673 2326 est
1723 2270 1844 2324 vita:
1890 2283 1988 2321 au-

408 2376 551 2431 ctor,
581 2365 1041 2439 quemadmodum
1064 2367 1144 2421 ait
1165 2364 1464 2435 Apostolus
1493 2364 1535 2426 ’,
1557 2370 1612 2418 et
1639 2362 1693 2415 in
1719 2361 1987 2431 Spiritum

411 2467 666 2517 sanctum
700 2457 829 2523 Dei,
881 2460 949 2514 de
987 2474 1098 2529 quo
1128 2456 1392 2512 Dominus
1444 2456 1556 2520 ait,
1592 2453 1822 2522 Spiritus
1873 2460 1986 2517 est,

409 2551 503 2623 qui
528 2550 757 2620 viviﬁcat
792 2549 833 2602 ³.
869 2548 1008 2615 Quia
1037 2563 1167 2604 vero
1195 2547 1357 2601 nobis
1391 2562 1419 2599 a
1457 2553 1633 2600 morte
1656 2542 1988 2612 redemptis,

410 2640 850 2698 immortalitatis
878 2624 1051 2711 gratia
1082 2655 1179 2711 per
1204 2639 1365 2693 ﬁdem
1398 2638 1453 2692 in
1475 2636 1692 2692 Patrem
1713 2677 1727 2701 ,
1754 2633 1951 2687 Filium
1971 2673 1987 2699 ,

408 2738 468 2786 et
496 2730 766 2800 Spiritum
798 2739 1052 2785 sanctum
1073 2768 1089 2795 ,
1117 2728 1174 2782 in
1201 2735 1393 2783 sancto
1421 2725 1779 2796 baptismate,
1799 2737 1992 2793 quem—

410 2821 705 2877 admodum
761 2819 1036 2886 diximus,
1088 2818 1398 2888 impertitut
1432 2834 1450 2885 ;
1486 2817 1589 2871 hac
1634 2817 1845 2870 ratione
1888 2812 1990 2868 ad-

410 2911 601 2975 ducti,
630 2911 708 2966 nil
740 2910 943 2967 servile
963 2949 979 2975 ,
1016 2910 1093 2965 nil
1123 2917 1371 2967 creatum
1394 2948 1410 2973 ,
1457 2907 1539 2963 nil
1582 2906 1763 2963 Patris
1815 2904 1989 2975 maje-

2079 625 2495 693 Πορευθέντες,
2524 625 2678 696 φησι,
2717 624 3135 694 μαθητεύσατε
3161 624 3360 678 πάντα
3393 626 3467 679 τὰ
3488 629 3660 694 ἔθνη,

2075 715 2465 780 βαπτίζοντες
2493 716 2716 780 αὐτοὺς
2740 718 2828 781 εἰς
2859 716 2923 768 τὸ
2949 716 3137 785 ὄνομα
3167 716 3275 770 τοῦ
3300 717 3528 785 Πατρὸς
3558 716 3663 771 καὶ

2081 809 2188 862 τοῦ
2220 809 2375 872 Υίοῦ,
2399 808 2496 862 καί
2520 808 2624 861 τοῦ
2655 808 2826 875 ἁγίου
2847 808 3210 877 Πνεύματος.
3244 807 3460 880 Ἐπειδὴ
3479 810 3665 863 τοίνυν

2082 900 2116 969 ἡ
2164 897 2426 962 ζοωποιὸς
2470 896 2698 967 δύναμις
2740 897 2831 949 ἐπὶ
2878 897 2987 949 τῶν
3020 899 3085 949 ἐκ
3126 895 3221 950 τοῦ
3251 896 3479 951 θανάτου
3519 899 3661 970 πρὸς

2081 988 2179 1058 τὴν
2217 987 2431 1041 αἰώνιον
2471 986 2617 1059 ζωὴν
2675 987 3173 1057 ἁναγεννωμένων,
3226 987 3319 1042 διὰ
3355 990 3456 1059 τῆς
3496 989 3662 1058 ἁγίας

2083 1079 2311 1150 Τριάδος
2337 1080 2676 1151 περιγίνεται
2705 1084 2817 1144 τοῖς
2856 1081 2994 1152 μετὰ
3033 1081 3271 1145 πίστεως
3298 1081 3660 1153 καταξιουμέ-

2083 1188 2195 1235 νοις
2230 1174 2330 1243 τῆς
2362 1172 2615 1243 χάριτος,
2658 1174 2752 1226 καὶ
2789 1173 2989 1244 ὁμοίως
3027 1173 3224 1246 ἀτελὴς
3253 1175 3286 1245 ἡ
3329 1175 3509 1245 χάρις,
3542 1175 3663 1239 ἑνός

2084 1280 2248 1328 τινος,
2278 1263 2389 1317 οἴου
2417 1264 2636 1336 δήποτε,
2677 1263 2787 1319 τῶν
2817 1266 2881 1318 ἐκ
2906 1265 3004 1336 τῆς
3030 1266 3191 1335 ἁγίας
3217 1265 3446 1337 Τριάδος
3471 1268 3663 1338 ὀνομά-

2083 1372 2193 1409 των
2239 1356 2699 1428 παραλειφθέντος
2742 1360 2801 1412 ὲν
2839 1358 2916 1430 τῷ
2962 1359 3214 1431 σωτηρίῳ
3272 1358 3619 1431 βαπτίσματι
3646 1376 3660 1391 ⁸

2084 1450 2146 1501 ού
2175 1447 2286 1520 γὰρ
2314 1449 2479 1521 χωρὶς
2500 1450 2818 1522 Πνεύματος
2845 1452 2902 1505 ὲν
2933 1452 3080 1523 μόνῳ
3103 1451 3232 1523 Υίῴ,
3259 1454 3351 1507 καὶ
3388 1454 3573 1525 Πατρὶ
3602 1454 3665 1507 τὸ

2090 1544 2386 1613 μυστήριον
2425 1543 2655 1597 τελεῖται
2711 1544 2812 1614 τῆς
2856 1546 3266 1616 άναγεννήσεως
3294 1563 3308 1577 ⁸
3347 1545 3474 1601 οὔτε
3522 1546 3665 1601 Υἱσῦ

2089 1634 2479 1705 σιωπηθέντος,
2533 1638 2592 1690 ὲν
2641 1637 2847 1708 Πατρὶ,
2892 1639 2986 1692 καὶ
3031 1639 3307 1708 Πνεύματι
3344 1638 3404 1691 τὸ
3452 1639 3665 1694 τέλειον

2085 1727 2184 1796 τῆς
2230 1727 2375 1797 ζωῆς
2414 1729 2772 1800 παραγίνεται
2812 1729 3177 1801 βαπτίσματιο
3220 1730 3344 1785 οὔτε
3379 1733 3436 1785 ὲν
3464 1733 3661 1803 Πατρὶ,

2086 1820 2179 1873 καὶ
2208 1819 2354 1890 Υἱῴ,
2392 1820 2723 1893 παρεθέντος
2752 1821 2848 1875 τοῦ
2885 1822 3233 1894 Πνεύματος,
3286 1823 3587 1877 έκτελείται
3628 1827 3663 1894 ἡ

2085 1910 2183 1981 τῆς
2215 1910 2562 1975 ἀναστάσεως
2595 1913 2782 1983 χάρις·
2817 1912 2907 1967 διὰ
2934 1913 3090 1967 τοῦτο
3116 1916 3300 1967 πᾶσαν
3328 1914 3427 1986 τὴν
3451 1914 3663 1980 ἐλπίδα,

2086 2000 2179 2051 καὶ
2207 1999 2306 2069 τὴν
2347 1999 2668 2069 πεποίθησιν
2700 2004 2799 2071 τῆς
2834 2002 2940 2055 τῶν
2988 2002 3175 2072 ψυχῶν
3204 2002 3361 2073 ἡμῶν
3394 2004 3664 2073 σωτηρίας

2088 2093 2145 2143 ὲν
2171 2094 2290 2156 ταῖς
2318 2093 2494 2163 τρισὶν
2510 2093 2866 2148 ὑποστάσεσιν
2888 2094 3098 2165 ἔχομεν,
3133 2092 3219 2146 διά
3247 2094 3358 2147 τῶν
3385 2095 3659 2165 ὀνομάτων

2087 2180 2292 2235 τούτων
2331 2181 2772 2253 γνωριζομένην
2833 2182 2928 2237 καὶ
2966 2182 3296 2253 πιστεύομεν
3338 2186 3419 2248 εἷς
3472 2201 3534 2237 τε
3570 2185 3661 2239 τὸν

2088 2272 2306 2344 Πατέρα
2326 2272 2421 2326 τοῦ
2452 2274 2658 2345 Κυρίου
2686 2275 2843 2347 ἡμῶν
2876 2274 3051 2346 Ἰησοῦ
3078 2276 3337 2347 Χριστοῦ,
3363 2278 3423 2340 ὃς
3449 2278 3597 2330 ἐστιν
3628 2279 3661 2347 ἠ

2090 2364 2242 2435 πηγὴ
2279 2364 2380 2435 τῆς
2414 2362 2583 2436 ζωῆς,
2608 2366 2701 2419 καὶ
2742 2368 2820 2431 είς
2851 2365 2940 2420 τὸν
2973 2366 3234 2437 μονογενῆ
3264 2367 3393 2421 Υἱὸν
3429 2367 3525 2422 τοῦ
3557 2370 3663 2422 Πα-

2090 2457 2237 2528 τρδς,
2267 2456 2325 2520 ὃς
2351 2457 2497 2509 ἐστιν
2532 2458 2772 2528 ἀρχηγὸς
2793 2458 2891 2528 τῆς
2917 2459 3082 2529 ζωῆς,
3117 2459 3261 2513 καθά
3286 2476 3445 2530 φησιν
3465 2463 3494 2513 ὁ
3511 2461 3670 2513 Ἁπό-

2092 2548 2299 2612 στολος,
2338 2549 2432 2603 καὶ
2478 2552 2557 2614 εἰς
2590 2549 2651 2602 τὸ
2681 2550 2904 2621 Πνεῦμα
2934 2551 2997 2603 τὸ
3042 2551 3196 2614 ἅγιον
3224 2551 3314 2604 τοῦ
3340 2551 3490 2608 Θεοῦ.
3524 2553 3662 2623 περὶ

2090 2632 2151 2694 οὗ
2199 2635 2352 2695 εἶπεν
2395 2641 2423 2693 ό
2465 2640 2697 2713 Κύριος,
2756 2642 2837 2695 ὅτι
2872 2643 2940 2695 Τὸ
2969 2641 3211 2711 Πνεῦμά
3249 2645 3371 2697 ἐστι
3400 2644 3466 2696 τὸ
3513 2641 3664 2704 ζωο-

2091 2731 2327 2787 ποιοῦν.
2374 2730 2486 2784 Καὶ
2523 2730 2708 2802 ἐπειδὴ
2739 2734 2849 2794 τοῖς
2886 2730 3234 2803 λυτρωθεῖσιν
3259 2733 3385 2805 ἡμῖν
3412 2734 3526 2787 ἀπὸ
3563 2733 3666 2790 τοῦ

2091 2823 2345 2886 θανάτου,
2368 2824 2401 2895 ὴ
2426 2822 2585 2893 χάρις
2614 2825 2714 2895 τῆς
2742 2822 3047 2895 ἀφθαρσίας
3076 2823 3166 2878 διὰ
3195 2825 3289 2896 τῆς
3314 2826 3393 2889 εἰς
3417 2825 3662 2895 Πατέρα,

2091 2915 2187 2968 καὶ
2211 2913 2361 2982 Υἱδν,
2395 2915 2489 2969 καὶ
2518 2913 2670 2981 ἅγιον
2708 2913 2932 2985 Πνεῦμα
2962 2914 3215 2981 πίστεως,
3231 2917 3288 2970 ὲν
3314 2917 3390 2988 τῷ
3412 2916 3666 2990 σωτηρίῳ

411 3010 559 3058 state
592 3001 881 3073 indignum
911 3010 1119 3057 sanctae
1148 2999 1404 3057 Trinitati
1437 2998 1826 3054 connumerari
1869 3011 1986 3053 cre-

2099 3004 2455 3078 βαπτίσματι,
2490 3005 2670 3069 καθὼς
2694 3006 3015 3077 εἰρήκαμεν,
3046 3007 3432 3080 παραγίνεται,
3464 3011 3526 3063 ἐκ
3552 3009 3666 3063 τούς

411 3094 634 3161 dimus;
671 3094 873 3166 quippe
907 3110 1014 3149 una
1047 3100 1259 3148 tantum
1293 3099 1380 3148 est
1413 3091 1525 3147 vita
1561 3098 1752 3145 nostra
1774 3128 1789 3153 ,
1822 3104 1987 3159 quam

411 3202 511 3259 per
539 3186 702 3241 ﬁdem
738 3188 793 3242 in
825 3194 1075 3242 sanctam
1107 3183 1435 3240 Trinitatem
1476 3182 1890 3252 consequimur,
1923 3197 1990 3236 ex

412 3279 522 3335 Deo
550 3278 773 3350 quidem
825 3280 1251 3345 universorum,
1305 3277 1478 3333 veluti
1527 3275 1715 3340 fonte,
1771 3290 1992 3346 proma-

411 3387 553 3428 nans
580 3410 595 3436 ,
632 3388 729 3443 per
770 3369 968 3426 Filium
1001 3386 1133 3426 vero
1164 3368 1505 3441 procedens,
1555 3377 1611 3425 et
1662 3368 1719 3422 in
1777 3367 1991 3438 Spiritu

413 3472 609 3519 sancto
640 3472 1044 3519 consummata.
1078 3462 1191 3518 lloc
1227 3463 1396 3535 igitur
1441 3471 1658 3517 certum
1699 3470 1866 3531 atque
1896 3476 1992 3515 ex-

412 3555 687 3625 ploratum
740 3554 1040 3620 habentes,
1094 3554 1443 3624 baptizamur
1494 3551 1751 3622 quidem,
1800 3566 1992 3621 quem-

412 3646 706 3701 admodum
737 3646 896 3702 nobis
936 3644 1253 3699 mandatum
1283 3653 1371 3700 est
1398 3660 1413 3709 ;
1444 3643 1730 3698 credimus
1769 3651 1948 3695 autem
1971 3680 1987 3705 ,

410 3737 877 3809 quemadmodum
911 3737 1175 3807 baptizati
1207 3752 1400 3793 sumus
1430 3754 1445 3803 ;
1478 3735 1749 3792 sentimus
1781 3741 1986 3796 autem,

411 3829 872 3899 quemadmodum
930 3829 1250 3893 credimus;
1315 3828 1392 3883 ita
1449 3836 1510 3882 ut
1557 3827 1676 3881 sine
1719 3825 1830 3879 ulla
1884 3824 1991 3879 dis-

411 3920 691 3990 crepantia
720 3920 991 3990 baptisma
1012 3959 1027 3984 ,
1102 3929 1155 3975 et
1186 3920 1321 3976 ﬁdes
1341 3960 1354 3984 ,
1388 3914 1455 3975 et
1498 3920 1769 3974 sententia
1800 3926 1989 3973 nostra

413 4013 471 4068 in
505 4012 707 4076 Patre,
742 4011 915 4078 Filio,
965 4022 1020 4068 et
1073 4011 1287 4083 Spiritu
1338 4018 1531 4068 sancto
1583 4011 1874 4066 consistat.
1932 4007 1989 4063 Si

412 4105 539 4175 quis
564 4116 747 4161 autem
773 4104 942 4171 duos,
966 4105 1049 4159 vel
1073 4113 1184 4160 tres
1208 4104 1366 4169 deos,
1410 4104 1496 4158 vel
1524 4110 1639 4158 tres
1670 4102 1991 4157 divinitates

413 4198 584 4262 dicit,
615 4199 909 4253 anathema
940 4196 1033 4253 sit.
1069 4196 1132 4251 Et
1161 4197 1207 4253 si
1239 4196 1365 4267 quis
1395 4195 1698 4253 secundum
1728 4194 1841 4249 Arii
1876 4208 1994 4264 per-

412 4293 731 4348 versitatem
767 4308 836 4347 ex
867 4307 977 4347 non
1030 4291 1253 4347 entibus
1296 4288 1532 4354 Filium,
1579 4288 1667 4343 vel
1720 4286 1989 4358 Spiritum

2089 3116 2199 3156 των
2225 3098 2607 3172 ὁδηγούμενοι,
2659 3099 2813 3153 οὐδὲν
2847 3100 3066 3165 δοῦλον,
3118 3100 3237 3154 οὐδὲ
3277 3101 3516 3168 κτιστὸν,
3544 3103 3661 3157 οὐδὲ

2088 3191 2190 3262 τῆς
2247 3191 2661 3263 μεγαλειότητος
2718 3191 2813 3246 τοῦ
2867 3193 3077 3261 Πατρδς
3144 3193 3361 3260 ἀνάξιον
3406 3197 3473 3265 τῇ
3536 3196 3661 3265 ἁγίᾳ

2091 3282 2283 3355 Τριάδι
2350 3284 2794 3355 συναριθμεῖσθαι
2851 3284 3196 3356 πιστεύομεν.
3288 3282 3506 3356 Ἐπειδὴ
3571 3288 3663 3357 μία

2092 3374 2240 3428 ἐστὶν
2263 3376 2296 3444 ἠ
2333 3371 2447 3445 ζωὴ
2473 3373 2649 3446 ἡμῶν,
2683 3376 2716 3447 ἡ
2756 3374 2843 3429 διὰ
2871 3375 2969 3445 τῆς
3008 3376 3086 3438 είς
3120 3374 3216 3443 τὴν
3260 3374 3423 3441 ἁγίαν
3460 3375 3663 3444 Τριάόα

2092 3466 2326 3531 πίστεως
2370 3468 2780 3540 παραγινομένη
2804 3484 2820 3502 ο
2872 3470 2935 3520 ἐκ
2968 3466 3067 3537 μὲν
3103 3464 3196 3518 τοῦ
3227 3462 3365 3519 Θεοῦ
3393 3465 3498 3518 τῶν
3527 3465 3666 3519 ὅλων

2090 3558 2447 3627 πηγάζουσα,
2502 3558 2589 3612 διὰ
2639 3560 2696 3613 δὲ
2743 3558 2836 3612 τοῦ
2879 3556 3009 3610 Υίοῦ
3062 3557 3361 3628 προϊοῦσα,
3405 3555 3462 3607 ὲν
3496 3554 3556 3610 δὲ
3586 3555 3666 3626 τῷ

2093 3652 2231 3722 ἁγίῳ
2279 3651 2555 3722 Πνεύματι
2596 3653 2983 3722 ἐνεργουμένη.
3043 3652 3263 3720 Ταύτην
3310 3645 3404 3702 οὖν
3453 3649 3666 3718 ἔχοντες

2089 3740 2190 3811 τὴν
2234 3739 2605 3812 πληροφορίαν
2646 3740 3020 3811 βατιτιζόμεθα
3053 3739 3183 3810 μὲν,
3221 3740 3297 3803 ὠς
3321 3736 3662 3809 προετάχθηο

2095 3849 2193 3902 μεν
2211 3870 2226 3895 ,
2261 3831 2588 3902 πιστεύομεν
2608 3832 2696 3898 δὲ,
2722 3832 2797 3895 ὼς
2828 3830 3203 3902 βαπτιζόμεθα
3220 3870 3234 3893 ,
3261 3830 3552 3899 δοξάζομεν
3584 3829 3661 3892 δὲ,

2092 3919 2166 3982 ὡς
2187 3919 2511 3989 πιστεύομεν
2537 3936 2552 3949 ·
2603 3918 2741 3973 ὥστε
2787 3922 3082 3991 ὁμοφώνως
3124 3920 3186 3972 τὸ
3220 3918 3535 3989 βάπτισμα,
3570 3920 3666 3972 καὶ

2089 4009 2190 4081 τὴν
2236 4009 2449 4077 πίστιν,
2493 4010 2589 4065 καὶ
2623 4012 2722 4083 τὴν
2769 4011 2954 4077 δόξαν.
3001 4014 3081 4073 είς
3111 4012 3328 4082 Πατέρα
3352 4008 3523 4074 εἶναι,
3567 4010 3665 4064 καὶ

2090 4098 2240 4161 Υἰὺν,
2263 4100 2358 4152 καὶ
2384 4099 2607 4171 Πνεῦμα
2640 4099 2813 4171 άγιον.
2850 4102 2912 4154 Εἰ
2940 4101 2996 4154 δέ
3020 4119 3102 4166 τις
3125 4102 3235 4167 δύο,
3255 4101 3286 4173 ἢ
3308 4104 3456 4171 τρεῖς
3479 4100 3657 4165 θεοὺς,

2090 4190 2123 4262 ἢ
2158 4194 2303 4262 τρεῖς
2349 4190 2604 4264 θεὸτητας
2649 4192 2816 4262 λέγει,
2868 4192 3117 4261 ἀνάθεμα
3159 4193 3309 4246 ἔστω.
3360 4190 3461 4244 Καὶ
3488 4191 3659 4255 εἴτις

2092 4281 2232 4336 κατὰ
2271 4281 2368 4353 τὴν
2409 4283 2617 4354 Ἀρείου
2644 4283 2969 4355 διαστροφὴν
2998 4286 3062 4337 ὲκ
3097 4283 3173 4355 μὴ
3203 4284 3366 4337 ὄντων
3392 4282 3540 4351 λέγει
3562 4282 3661 4336 τὸν

413 4392 666 4441 sanctum
702 4383 902 4437 factum
940 4381 1112 4438 fuisse
1143 4381 1316 4444 dicit,
1349 4380 1640 4435 anathema
1681 4380 1774 4435 sit.
1814 4377 1986 4445 Quot-

2103 4376 2242 4441 Υίδν,
2266 4374 2299 4446 ἢ
2329 4375 2390 4429 τὸ
2420 4375 2641 4446 Πνεῦμα
2664 4375 2817 4445 ἅγιον
2852 4375 3199 4445 γεγενῆσθαι,
3221 4376 3467 4447 ἀνάθεμα
3494 4374 3659 4428 ἔστω.

412 4480 549 4544 quot
600 4480 784 4529 autem
853 4474 1097 4528 veritatis
1148 4473 1394 4542 regulam
1442 4470 1660 4538 secuti,
1704 4478 1821 4526 tres
1867 4484 1997 4523 con-

414 4566 636 4621 ﬁtentur
670 4580 972 4635 personas,
1020 4578 1229 4633 easque
1277 4566 1333 4617 in
1390 4563 1509 4619 suis
1561 4562 1993 4633 proprietatibus

411 4657 501 4726 pie
526 4672 591 4712 ae
623 4657 877 4726 religiose
906 4666 1289 4727 cognoscunt,
1322 4663 1376 4709 et
1405 4670 1570 4710 unam
1602 4654 1836 4709 credunt
1869 4667 1993 4707 esse

412 4751 754 4808 divinitatem
775 4790 790 4816 ,
819 4767 987 4807 unam
1018 4750 1321 4807 bonitatem
1343 4789 1358 4815 ,
1390 4766 1559 4805 unum
1592 4747 1986 4820 principatum,

414 4858 578 4897 unam
608 4852 929 4914 potestatem
954 4883 970 4908 ,
1004 4851 1167 4913 atque
1192 4842 1483 4905 virtutem,
1521 4856 1622 4894 nec
1653 4836 1986 4893 monarchia:

413 4935 711 5005 potentiam
760 4936 1063 5005 abrogant,
1095 4949 1201 4990 nec
1229 4933 1299 4990 ad
1345 4932 1696 4989 asserendam
1751 4932 1981 4985 deorum

410 5024 816 5082 multitudinem
862 5027 1215 5092 delabuntur,
1266 5040 1368 5080 nec
1425 5038 1691 5096 personas
1746 5020 1982 5079 confun-

408 5117 579 5184 dunt,
612 5131 714 5173 nec
743 5133 810 5172 ex
835 5117 1199 5177 dissimilibus
1230 5116 1544 5187 diversique
1571 5114 1790 5186 generis
1818 5114 1982 5169 rebus

408 5218 660 5265 sanctam
706 5207 1034 5266 Trinitatem
1074 5217 1454 5279 componunt,
1495 5208 1592 5264 sed
1626 5206 1754 5263 ﬁdei
1784 5207 1986 5279 dogma

409 5298 464 5351 in
524 5297 885 5368 simplicitate
931 5298 1290 5369 suscipiunt,
1348 5312 1568 5353 omnem
1621 5296 1819 5352 salutis
1871 5311 1986 5350 suae

408 5400 561 5453 spem
590 5386 646 5440 in
676 5383 841 5441 Patre
861 5426 877 5453 ,
904 5385 1045 5442 Filio
1068 5428 1084 5451 ,
1117 5394 1171 5442 et
1212 5385 1425 5458 Spiritu
1471 5394 1666 5443 sancto
1709 5386 1987 5443 collocan-

406 5480 521 5538 tes,
571 5476 624 5529 hi
675 5493 843 5531 unum
889 5477 1141 5549 idemque
1190 5479 1481 5535 nobiscum
1528 5477 1810 5542 sentiunt,
1858 5493 1984 5534 cum

408 5564 607 5631 quibus
638 5575 691 5620 et
718 5582 822 5624 nos
854 5578 1062 5639 partem
1092 5569 1149 5625 in
1178 5568 1412 5627 Domino
1437 5568 1644 5625 habere
1670 5582 1977 5639 precamur.

513 5675 529 5705 ³
558 5674 744 5733 Matth.
776 5696 967 5746 xxvm,
1004 5683 1089 5740 l9.
1175 5685 1196 5716 ¹
1233 5684 1356 5739 Act.
1390 5698 1485 5749 nt,
1519 5681 1607 5739 l5.

2093 4466 2249 4519 Ὅσοι
2280 4467 2337 4520 δὲ
2379 4465 2455 4536 τῷ
2493 4467 2676 4522 κανόνι
2714 4467 2814 4536 τῆς
2852 4466 3104 4538 ἀληθείας
3141 4468 3517 4538 στοιχήσουσι,
3566 4468 3667 4520 καὶ

2089 4557 2194 4626 τὰς,
2220 4562 2368 4628 τρεῖς
2408 4558 2757 4629 ὁμολογοῦσιν
2793 4558 3138 4626 ὑποστάσεις,
3177 4559 3419 4623 εὐσεϐῶς
3462 4559 3522 4611 ὲν
3550 4561 3669 4621 τοῖς

2088 4648 2298 4702 ἑαυτῶν
2330 4648 2581 4719 ίδιὼμασι
2612 4650 3014 4721 γνωριζομένοις
3034 4693 3049 4715 ,
3085 4652 3182 4705 καὶ
3217 4651 3345 4722 μίαν
3373 4649 3665 4703 πιστεύου-

2089 4756 2174 4792 σιν
2203 4735 2340 4793 εῐναι
2366 4739 2614 4811 θεότητα,
2649 4741 2775 4812 μίαν
2805 4742 3145 4811 ἁγαθότητα,
3184 4743 3313 4812 μίαν
3343 4741 3541 4813 ἀρχὴν,
3567 4742 3665 4795 καὶ

2091 4830 2364 4899 ἐξουσίαν,
2415 4833 2510 4887 καὶ
2546 4834 2808 4905 δύναμιν·
2862 4836 2956 4888 καὶ
2993 4834 3117 4888 οὔτε
3157 4835 3337 4905 τὸτῆς
3364 4834 3667 4906 μοναρχίας

2089 4918 2341 4975 ἀθετοῦσι
2378 4923 2606 4993 κρᾶτος,
2652 4923 2776 4977 οὔτε
2821 4926 2901 4987 εἰς
2941 4924 3228 4978 πολυθείαν
3280 4924 3663 4989 ἐκπίπτουσιν,

2088 5009 2210 5068 οὗτε
2234 5015 2334 5078 τὰς
2362 5014 2685 5079 ὑποστάσεις
2708 5016 3044 5087 συγχέουσιν,
3071 5014 3193 5070 οὔτε
3216 5015 3274 5082 ἐξ
3305 5017 3390 5069 ἑτε
3401 5016 3663 5087 ρογενῶν,

2087 5104 2183 5157 καὶ
2203 5103 2473 5174 ἀνομοίων
2512 5103 2609 5175 τὴν
2656 5104 2815 5173 ἁγίαν
2862 5105 3066 5176 Τριάδα
3126 5105 3495 5161 συντίθενται·
3544 5106 3662 5159 ἀλλ’

2082 5194 2138 5247 ἐν
2166 5193 2429 5266 ἁπλότητι
2459 5196 2704 5267 δέχονται
2731 5196 2790 5251 τὸ
2819 5198 2919 5266 τῆς
2951 5198 3184 5261 πίστεως
3216 5199 3394 5271 δόγμα
3415 5238 3430 5264 ,
3477 5200 3665 5252 πᾶσαν

2080 5288 2178 5359 τὴν
2206 5287 2395 5340 ἐλπίδα
2424 5288 2521 5359 τῆς
2549 5288 2743 5343 ἑαυτοῦ
2776 5288 3050 5360 σωτηρίας
3092 5290 3151 5343 ὲν
3181 5290 3356 5359 Πατρὶ
3394 5289 3489 5343 καὶ
3524 5288 3663 5360 Υἱῷ,

2080 5380 2176 5433 καὶ
2205 5378 2345 5451 ἁγίῳ
2366 5380 2642 5452 Πνεύματι
2679 5382 3193 5448 καταπιστεύοντες,
3222 5374 3367 5436 οὗτοι
3399 5381 3540 5436 κατὰ
3561 5381 3665 5452 τὴν

2082 5471 2356 5543 ἡμετέραν
2390 5473 2603 5545 κρίσιν,
2653 5477 2722 5529 τὰ
2766 5474 2903 5529 αὐτὰ
2940 5474 3230 5544 φρονοῦσι,
3280 5473 3402 5545 μεθ’
3436 5466 3512 5531 ὧν
3566 5474 3667 5527 καὶ

2085 5565 2248 5637 ἡμεῖς
2279 5564 2420 5637 ἔχειν
2447 5567 2505 5620 ὲν
2542 5567 2731 5639 Κυρίῳ
2766 5566 2929 5641 μέρος
2957 5566 3248 5639 εὐχόμεθα.

1693 5682 1713 5714 ⁸
1750 5678 1907 5736 Joan.
1949 5695 2037 5749 vr,
2079 5675 2170 5735 65.
