4002 6206
351 377 375 432 Ι
388 376 494 434 037

1523 374 1910 433 EPISTOLE.
1945 406 2018 418 —
2078 374 2295 435 EPIST.
2335 375 2471 435 Vl".

3464 383 3486 438 l
3498 383 3598 443 (‘38

354 494 538 567 μενος.
569 490 900 564 Δυστύχημα
929 491 1153 563 γέγονεν
1181 488 1433 547 ἀκούσιον
1456 505 1471 522 ·
1507 490 1593 556 τίς
1621 491 1667 546 δ’
1696 492 1764 547 ἂν
1796 489 1938 545 ἑκὼν

2059 508 2105 548 ιο
2134 493 2243 546 vita
2261 490 2583 563 suffragium
2614 490 2883 548 creditum
2913 499 3019 551 est.
3038 492 3410 554 lnvoluntarie
3432 495 3608 554 infor-

348 584 748 656 δυστυχήσειε;
797 583 909 638 Καὶ
946 582 1043 638 νῦν
1074 583 1325 656 ἔγκλημα
1351 582 1451 654 τὴν
1497 582 1787 653 δυστυχίαν
1830 599 1931 636 πε-

350 676 606 747 ποίηνται
645 674 697 728 oi
729 674 850 728 κατ’
900 672 1068 729 αὑτοῦ
1102 674 1200 746 τήν
1232 674 1576 730 ὲπιθανάτιον
1628 673 1832 746 ταύτην
1857 673 1934 727 δί-

351 785 455 841 κην
502 768 888 839 συστήσαντες.
932 766 1072 820 Ἀλλ’
1123 766 1363 831 ἐκείνους
1412 766 1511 839 μὲν
1558 765 1706 830 ίδίοις
1755 764 1934 837 γράμ-

356 877 491 933 μασι
520 858 843 928 καθυφεῖναι
878 857 977 929 τῆς
1004 858 1172 931 ὀργῆς
1215 857 1530 930 δυσωπῆσαι
1569 856 1931 930 πειράσομαι·

351 952 414 1004 τὸ
450 950 508 1004 δὲ
554 948 647 1003 σὺν
674 947 900 1020 εὐμενὲς
931 948 1071 1019 μετὰ
1115 946 1211 1002 τοῦ
1239 947 1448 1003 δικαίου
1486 948 1582 1002 καὶ
1621 948 1737 1019 μεθ’
1777 946 1935 1017 ήμῶν

350 1042 602 1113 γενέσθαι
628 1038 952 1112 παρακαλῶ,
981 1040 1128 1103 ὅπως
1159 1039 1226 1093 ἂν
1262 1038 1359 1109 τὴν
1380 1037 1670 1108 ἀθλιότητα
1692 1035 1785 1090 τοῦ
1814 1035 1935 1088 νέου

350 1137 387 1209 ἡ
442 1134 510 1205 σὴ
558 1130 936 1205 φιλανθρωπία
982 1132 1242 1202 νικήσειε,
1279 1130 1461 1183 πᾶσαν
1503 1126 1749 1200 μηχανὴν
1783 1124 1936 1191 ἔξευ-

355 1224 544 1294 ροῦσα,
574 1223 642 1277 δι’
685 1219 756 1294 ἧς
800 1222 906 1289 ἔξω
952 1221 1210 1275 κινδύνων
1241 1220 1392 1274 ἔσται
1419 1220 1448 1272 ὁ
1482 1218 1615 1282 νέος,
1644 1218 1736 1271 τὸν
1773 1231 1937 1285 πονη-

356 1318 450 1391 ρὸν
480 1318 606 1371 κατ’
643 1314 807 1370 αὐτοῦ
851 1313 1079 1385 δαίμονα
1106 1312 1193 1367 διὰ
1230 1312 1328 1383 τῆς
1368 1311 1468 1381 σῆς
1517 1308 1830 1380 συμμαχίας
1860 1323 1937 1359 νι-

356 1407 553 1478 κήσας.
585 1405 771 1460 Πάντα
799 1401 948 1458 εἷπον
982 1404 1040 1456 ὲν
1071 1400 1365 1472 κεφαλαίῳ,
1396 1400 1433 1454 ἃ
1465 1397 1751 1470 βούλομαι·
1786 1395 1848 1449 τὸ
1880 1394 1936 1448 δὲ

355 1497 481 1553 καθ’
527 1497 756 1551 ἕκαστον
795 1492 1159 1559 ὑποτίθεσθαι,
1199 1492 1346 1555 ὅπως
1383 1491 1448 1545 ἂν
1479 1487 1844 1559 κατορθωθείη
1877 1484 1938 1538 τὸ

359 1589 809 1660 σπουδαζόμενον,
840 1585 962 1642 οὕτε
1001 1585 1133 1658 ἐμὸν
1161 1583 1226 1639 ἂν
1258 1584 1342 1656 εἴη
1370 1582 1431 1636 rb
1461 1581 1658 1651 λέγειν,
1684 1576 1808 1633 οὔτε
1846 1579 1937 1632 σὸν

357 1680 421 1734 τὺ
451 1678 812 1736 διδάσκεσθαι.

854 2103 1196 2161 summa
1227 2103 1288 2159 ιιι
1314 2101 1448 2176 (53).

2039 582 2256 639 tunium
2281 582 2501 638 accidit.
2524 582 2661 649 Quis
2685 582 2830 639 enim
2856 592 3048 656 sponte
3070 600 3169 642 sua
3193 584 3381 643 infelix
3401 586 3522 645 est?
3541 586 3610 643 Et

2039 689 2188 731 nunc
2217 672 2580 730 infortunium
2620 675 2773 730 istud
2818 676 3037 731 crimini
3074 685 3293 733 vertunt
3321 679 3416 750 qui
3451 678 3606 734 illum

2040 766 2121 822 rei
2152 766 2401 837 capitalis
2428 776 2775 822 accusarunt.
2798 767 2905 825 Sed
2930 783 3026 824 eos
3052 770 3292 840 quidem,
3327 771 3410 826 ira
3438 771 3607 842 depo-

2043 858 2175 921 sita,
2204 858 2367 914 mites
2401 865 2758 929 paeatosque,
2793 858 2980 918 missis
3012 861 3080 915 ad
3109 860 3356 931 singulos
3386 862 3608 929 litteris,

2044 950 2275 1006 reddere
2319 951 2562 1005 conabor
2593 970 2607 1006 :
2647 960 2704 1007 at
2731 966 2861 1007 vero
2903 952 3192 1010 clementia
3222 962 3340 1017 tua,
3366 969 3488 1008 eum
3519 953 3612 1024 ju-

2045 1042 2196 1098 stitia
2222 1040 2541 1112 conjuncta,
2572 1056 2643 1098 ne
2671 1056 2700 1096 a
2735 1042 2894 1098 nobis
2931 1042 3034 1099 hac
3073 1044 3128 1098 in
3166 1060 3225 1100 re
3265 1044 3612 1100 desideretur

2042 1133 2203 1190 enixe
2243 1147 2398 1204 rogo,
2438 1141 2499 1188 ut
2531 1133 2743 1189 scilicet
2789 1134 3097 1206 benignitas
3124 1141 3217 1189 tua
3248 1133 3612 1191 adolescentis

2042 1219 2226 1273 vincat
2256 1219 2643 1283 calamitatem,
2677 1221 2813 1275 nihil
2839 1222 3162 1278 intentatum
3192 1224 3469 1288 omittcns,
3500 1238 3613 1293 quo

2043 1308 2386 1373 adolescens,
2426 1323 2527 1378 ope
2553 1319 2642 1363 tua
2669 1310 2919 1381 improbo
2953 1312 3045 1365 illo
3079 1313 3242 1383 genio
3279 1312 3383 1368 sibi
3415 1312 3611 1367 adver-

2044 1408 2202 1455 sante
2234 1409 2514 1471 superato,
2555 1408 2712 1456 extra
2740 1401 3079 1457 discriminis
3102 1402 3274 1458 aleam
3304 1403 3610 1458 constitua-

2045 1496 2152 1541 tur.
2211 1486 2344 1553 Qua:
2391 1488 2611 1543 animus
2657 1497 2775 1543 erat
2831 1489 3034 1555 dicere,
3086 1492 3275 1561 paucis
3321 1498 3613 1547 “exsecutus

2044 1592 2203 1644 sum;
2263 1593 2372 1648 qua
2428 1593 2559 1634 vero
2615 1580 2826 1634 ratione
2878 1581 2981 1636 rite
3039 1592 3296 1652 recteque
3335 1581 3611 1652 negotium

2046 1665 2232 1738 perfici
2278 1677 2481 1739 queat,
2532 1684 2634 1725 nec
2680 1685 2858 1726 meum
2901 1682 2987 1727 est
3039 1671 3263 1737 dicere,
3322 1687 3424 1728 nec
3460 1682 3611 1728 tuum

2045 1760 2253 1817 doceri.

2578 2100 2913 2159 EPISTULA
2950 2106 3085 2163 Vill.

969 2282 1183 2354 Scripta
1212 2281 1283 2337 ad
1322 2281 1628 2352 Cynegium,
1657 2289 1714 2334 ut
1744 2279 1966 2335 videtur.
2013 2276 2139 2332 Vide
2172 2279 2459 2347 superioris
2492 2281 2728 2349 epistouc
2759 2284 3028 2352 synopsin.

448 2466 567 2537 Ἐφ’
590 2457 636 2535 ᾧ
667 2462 898 2537 μάλιστα
949 2462 1102 2532 παρὰ
1140 2461 1250 2515 τῶν
1294 2460 1471 2531 σοφῶν
1500 2461 1529 2515 ὁ
1562 2460 1814 2531 βασιλεὺς
1841 2458 1948 2513 τῶν

2123 2458 2239 2525 Qua
2283 2459 2338 2514 in
2382 2476 2441 2517 re
2480 2476 2734 2533 magnum
2789 2461 2942 2517 illum
3009 2463 3368 2519 Macedonum
3434 2481 3617 2537 regem

281 2625 287 2629 λ
362 2558 690 2615 Μακεδόνων
714 2554 1054 2627 θαυμάζεται
1081 2550 1451 2622 (θαυμάζεται
1473 2551 1580 2626 γάρ
1603 2552 1664 2604 ού
1696 2550 1947 2604 τοσοῦτον

364 2653 477 2714 τοῖς
516 2648 777 2721 Μηδικοῖς
826 2647 1050 2716 τρόποις
1101 2632 1243 2717 (⁸54),
1281 2642 1403 2697 οὐδὲ
1446 2645 1560 2706 τοῖς
1598 2642 1837 2703 Ἰνδικοῖς
1887 2656 1946 2693 τε

366 2744 462 2799 καὶ
499 2741 629 2814 περὶ
659 2740 751 2794 τὸν
775 2738 1015 2793 ὠκεανὸν
1038 2738 1390 2808 διηγήμασιν,
1413 2734 1535 2788 ὅσον
1554 2734 1645 2786 ἐπὶ
1673 2731 1754 2804 τῷ
1780 2733 1955 2786 εἰπεῖν

365 2836 457 2890 τὸν
487 2831 851 2904 θησαυρὸν-ὲν
877 2832 990 2893 τοῖς
1018 2827 1193 2898 φίλοις
1226 2826 1419 2897 ἔχειν),
1448 2823 1633 2895 τολμῶ
1660 2822 1757 2878 καὶ
1795 2821 1956 2886 αὐτὸς

369 2930 429 2982 ὲν
465 2926 543 2999 τῷ
574 2925 729 2997 μέρει
770 2922 946 2992 τούτῳ
987 2923 1099 2984 τοῖς
1151 2919 1359 2973 ἐκείνου
1405 2916 1677 2989 θαύμασιν
1721 2914 1957 2986 ἐμαυτὸν

373 3019 695 3089 ἁντεπᾶραι,
719 3014 812 3070 καί
838 3031 926 3085 μοι
950 3013 1246 3085 προσήκειν
1266 3009 1357 3065 τδν
1378 3008 1614 3063 τοιοῦτον
1642 3007 1824 3079 μέλλει
1844 3005 1957 3076 (35)

371 3109 529 3177 λόγον
557 3109 750 3162 εἰπεῖν.
783 3105 907 3160 Ὅτι
953 3103 1009 3157 δὲ
1057 3100 1272 3156 πλουτῶ
1313 3102 1379 3171 τῇ
1422 3098 1595 3170 φιλίᾳ,
1642 3097 1737 3150 καὶ
1787 3090 1960 3166 ύπερ-

370 3203 515 3275 αίρω
557 3200 635 3272 τῷ
666 3196 891 3268 τοιούτῳ
942 3196 1182 3266 κτήματι
1234 3193 1374 3264 τάχα
1414 3192 1509 3245 uel
1551 3190 1715 3254 αὐτὸς
1756 3191 1961 3243 ἐκεῖνον

372 3294 467 3346 τὸν
530 3290 624 3344 ἐπὶ
661 3288 835 3359 τούτῳ
893 3283 1414 3357 μεγαλαυχούμενον.
1462 3280 1559 3345 Τίς
1611 3280 1721 3350 γάρ
1770 3277 1963 3348 δκείνῳ

373 3375 615 3440 τοιοῦτος
645 3375 816 3445 φίλος,
842 3367 954 3437 οἷος
998 3372 1122 3443 ἐμοὶ
1163 3372 1251 3433 σὺ,
1275 3369 1363 3424 διὰ
1403 3369 1621 3423 πάντων
1667 3367 1726 3420 ὲν
1751 3367 1965 3438 ἑκάστῳ

377 3468 478 3537 τῆς
512 3469 713 3538 ἀρετῆς
749 3464 878 3518 εἴδει
913 3463 1049 3535 πρὸς
1078 3461 1270 3516 ἑαυτὸν
1300 3459 1711 3532 ἁμιλλώμενοςς
1741 3457 1967 3520 Πάντως

381 3560 491 3632 γὰρ
522 3561 623 3613 οὐκ
651 3558 716 3613 ἄν
740 3575 825 3621 τις
863 3555 1007 3627 ἐμοὶ,
1040 3554 1212 3608 ταῦτα
1258 3553 1469 3622 λέγοντι
1509 3550 1643 3623 (56),
1678 3547 1966 3605 κολακείαν

2056 2550 2332 2618 sapientes
2385 2549 2735 2621 potissimum
2801 2552 3113 2623 suspiciunt
3151 2564 3311 2618 atque
3350 2553 3624 2610 admiran-

2054 2648 2176 2706 tur;
2226 2641 2369 2712 apud
2417 2657 2513 2699 eos
2561 2643 2761 2714 quippe
2806 2643 3159 2700 admirationi
3211 2644 3462 2711 habetur,
3512 2662 3620 2703 non

2055 2739 2166 2785 tam
2200 2731 2272 2787 ob
2300 2732 2562 2788 victorias
2598 2732 2666 2788 de
2694 2731 2867 2789 Medis
2914 2734 3148 2798 relatas,
3199 2734 3281 2793 vel
3312 2734 3383 2791 ob
3411 2751 3475 2792 ea
3503 2752 3626 2808 qua:

2058 2826 2126 2881 de
2150 2825 2317 2883 rebus
2359 2826 2431 2881 ab
2467 2826 2595 2897 ipso’
2615 2826 2671 2880 in
2702 2825 2857 2883 lndia
2891 2834 2944 2882 et
2971 2828 3117 2882 circa
3150 2824 3427 2884 Oceanum
3458 2835 3624 2901 gestis

2057 2924 2388 2983 narrantur,
2444 2932 2607 2988 quam
2660 2916 2803 2988 quod
2829 2917 3031 2975 dixerit
3080 2933 3140 2974 se
3184 2919 3238 2974 in
3269 2920 3462 2975 amicis
3506 2920 3625 2975 the-

2059 3024 2285 3065 saurum
2319 3009 2642 3081 possidere:
2692 3025 2821 3080 qua,
2852 3010 3098 3081 inquam,
3143 3011 3198 3065 in
3238 3027 3297 3068 re
3331 3013 3623 3068 maximam

2061 3099 2155 3155 ille
2178 3100 2264 3155 sui
2290 3099 2710 3155 admirationem
2739 3102 3056 3168 concitavit,
3086 3117 3149 3157 ea
3178 3103 3369 3173 utique
3396 3114 3450 3158 et
3482 3104 3620 3174 ipsc,

2062 3206 2218 3260 reque
2247 3204 2312 3246 ac
2345 3191 2457 3256 ille,
2491 3191 2673 3246 elferri
2700 3190 2845 3245 haud
2876 3207 3092 3257 vereor,
3129 3200 3184 3247 et
3214 3208 3322 3247 non
3354 3192 3626 3250 immerito

2064 3286 2334 3342 allii-mare
2374 3301 2597 3357 possum
2641 3285 2863 3340 effatum
2907 3285 3039 3340 illud
3076 3286 3207 3340 mihi
3232 3287 3396 3341 etiam
3426 3301 3630 3342 conve-

2065 3378 2223 3443 nire;
2274 3391 2398 3432 nam
2446 3391 2570 3432 cum
2610 3391 2807 3449 magna
2845 3377 2978 3431 mihi
3012 3377 3084 3432 sit
3122 3376 3422 3432 amicorum
3453 3378 3629 3449 copia,

2067 3468 2301 3524 fortasse
2351 3475 2407 3523 et
2454 3466 2605 3521 illum
2651 3467 2719 3522 de
2755 3467 2824 3523 iis
2874 3482 2933 3521 se
2985 3467 3270 3538 magnifice
3308 3467 3630 3537 iactantem,

2066 3558 2382 3615 earumdem
2426 3572 2658 3613 numero
2695 3564 2858 3625 atque
2912 3558 3224 3627 prmstantia
3266 3558 3425 3629 longe
3474 3568 3627 3615 antc-

299 4219 305 4225 ’
399 4198 540 4252 Ἀλλ’
583 4195 776 4266 ἐπειδὴ
802 4196 918 4258 τοῖς
961 4192 1143 4255 καλοῖς
1197 4189 1571 4244 πλουτούντων
1620 4187 1749 4241 ίδιον
1794 4186 1856 4241 τδ
1900 4187 1977 4239 εί-

383 3649 750 3713 ιπικαλέσειε,
782 3647 918 3719 πρός
940 3663 1000 3700 τε
1030 3644 1127 3716 τὴν
1155 3644 1371 3716 ἡλικίαν
1400 3643 1501 3714 τὴν
1531 3642 1671 3713 ἐμὴν
1710 3640 1806 3695 καὶ
1833 3639 1948 3710 πρὸς

2076 3650 2234 3706 cello.
2275 3648 2410 3716 Quis
2442 3648 2588 3704 enim
2641 3648 2719 3702 illi
2762 3657 2871 3701 tam
2924 3650 3155 3713 amicus,
3203 3666 3365 3721 quam
3411 3658 3468 3705 tu
3502 3653 3633 3707 mihi

380 3743 474 3797 τὸν
502 3741 596 3795 σὺν
625 3740 738 3811 βίον
770 3738 1011 3809 βλέπων·
1040 3736 1242 3808 ἕξωρός
1268 3752 1328 3789 τε
1361 3735 1471 3807 γάρ
1502 3734 1601 3805 ήδη
1635 3732 1772 3804 πρὸς
1807 3731 1948 3785 κολα⁴

2068 3758 2149 3806 es,
2201 3742 2296 3813 qui
2348 3742 2403 3795 in
2447 3741 2597 3795 omni
2640 3740 2899 3795 virtutum
2949 3755 3149 3812 genere
3198 3757 3413 3813 semper
3445 3750 3637 3799 temet-

380 3834 540 3889 κείαν
565 3835 600 3905 ή
632 3833 813 3897 πολιὰ,
844 3831 940 3885 καὶ
984 3829 1046 3883 τὸ
1090 3829 1268 3900 γῆρας
1306 3828 1387 3891 είς
1434 3827 1675 3881 θωπείαν
1710 3823 1937 3893 άνεπιτή

2081 3835 2262 3904 ipsum
2317 3847 2576 3903 superare
2643 3832 2970 3888 contendis?
3026 3833 3212 3904 Neque
3268 3836 3410 3890 enim
3482 3840 3635 3907 quis-

381 3927 545 3988 δειον,
581 3926 664 3979 σοί
687 3941 769 3989 τε,
804 3924 899 3978 καὶ
937 3922 988 3976 εί
1027 3923 1085 3974 ὲν
1114 3920 1233 3991 ὥρα
1258 3919 1352 3975 τοῦ
1390 3917 1704 3974 κολακεύειν
1733 3912 1785 3969 εἴ
1815 3932 1944 3970 ποτε

2072 3926 2217 3996 piam
2253 3939 2338 3979 me
2380 3925 2484 3979 ista
2519 3923 2789 3981 dicentem
2838 3926 3226 3981 asscntationis
3274 3928 3637 3991 accusaverit,

383 4020 414 4071 ὁ
456 4016 674 4080 ἔπαινος
724 4015 860 4086 πρὸς
908 4011 1170 4082 ὑπόληψιν
1222 4010 1510 4072 κολακείας
1548 4009 1610 4061 οὐ
1648 4007 1947 4062 κατέπιπτε

2073 4012 2120 4066 si
2152 4011 2220 4066 ad
2262 4017 2473 4067 aetatem
2517 4025 2693 4067 meam
2739 4019 2795 4067 et
2829 4021 2983 4067 tuum
3051 4015 3263 4069 vivendi
3327 4016 3633 4070 institutum

418 4105 480 4159 οὗ
545 4104 660 4175 βίου
718 4103 825 4176 πρὸ
863 4101 971 4155 τῶν
1014 4100 1187 4168 λόγων
1243 4097 1551 4161 δεικνύντος
1595 4097 1686 4149 τὸν
1734 4095 1948 4148 ἔπαινον

2073 4102 2350 4172 respiciat.
2393 4101 2530 4156 Nam
2578 4110 2633 4157 et
2673 4104 2933 4160 canitiem
2977 4120 3083 4159 non
3117 4110 3272 4160 decet
3315 4108 3635 4169 assentatio,

2074 4207 2177 4249 nec
2229 4200 2489 4249 senectus
2542 4192 2844 4250 adulationi
2877 4205 2999 4264 apta
3032 4205 3147 4261 est;
3203 4197 3298 4249 tibi
3333 4205 3513 4250 autem
3546 4198 3640 4250 im-

388 4292 536 4346 δέναι
566 4285 889 4359 κεχρῆσθαι,
913 4277 995 4347 οἷς
1027 4282 1136 4353 ἔχει
1168 4281 1304 4353 (57)·
1339 4280 1534 4351 ἀρίστη
1568 4279 1625 4333 δὲ
1642 4279 1835 4350 χρῆσις
1860 4278 1948 4332 τῶι

2075 4281 2272 4351 pertita
2303 4281 2425 4338 laus
2468 4284 2822 4353 quantumvis
2854 4283 3096 4338 adulatio
3136 4297 3339 4341 nostra:
3386 4290 3644 4342 conveni.

391 4380 726 4452 περιόντων,
764 4376 831 4429 τὰ
852 4375 963 4445 (58)
1013 4375 1165 4431 κοινὰ
1208 4371 1520 4446 προτιθέναι
1575 4373 1686 4435 τοῖς
1734 4370 1948 4439 φίλοις(

2079 4379 2164 4426 ret
2192 4371 2360 4434 aetati.
2406 4371 2461 4425 in
2494 4372 2703 4426 nullam
2741 4383 2891 4426 certe
2938 4374 3329 4429 assentatiouis
3359 4377 3639 4447 suspicio-

390 4450 606 4538 ἔχουσι’
654 4465 806 4535 φίλος
854 4463 911 4517 δέ
964 4481 1053 4535 μοι
1103 4463 1322 4517 πάντων
1377 4462 1612 4535 μάλιστα
1656 4459 1744 4513 διὰ
1794 4460 1948 4531 πάσηι

2079 4479 2203 4519 nem
2218 4450 2523 4527 incideret,
2555 4478 2681 4518 cum
2711 4462 2837 4518 vita:
2872 4471 2980 4517 tute
3014 4463 3151 4517 ratio
3181 4464 3258 4517 n'il
3284 4466 3465 4520 verbis
3488 4476 3643 4535 egeat

392 4557 742 4629 γνησιότητος
798 4555 1275 4628 συνηρμοσμένος,
1331 4554 1360 4606 ὁ
1426 4552 1799 4616 ποθεινότατος
1860 4551 1948 4604 υίδ

2080 4565 2141 4610 ιιι
2165 4570 2225 4611 se
2261 4555 2410 4610 omni
2454 4555 2616 4610 laude
2652 4554 2873 4624 dignam
2920 4571 3045 4611 esse
3088 4556 3362 4611 ostendat.
3409 4556 3475 4610 At
3511 4572 3644 4611 vero

407 4650 771 4723 Ἀλέξανδρος
800 4648 1178 4718 παρακλήθητι
1206 4644 1374 4711 δεῖξαι
1410 4644 1558 4715 αύτῷ
1588 4644 1679 4698 τὸν
1713 4644 1845 4713 ἐμὸν
1877 4643 1943 4712 θη

2074 4661 2201 4704 cum
2264 4662 2455 4703 eorum
2505 4649 2598 4717 qui
2641 4648 2838 4709 divites
2890 4648 3031 4703 scite
3071 4646 3477 4719 prudenterque
3518 4666 3643 4705 csse

400 4738 630 4811 σαυρόν·
685 4738 778 4792 καὶ
835 4737 910 4809 μὴ
968 4735 1136 4801 δεῖξαι
1191 4734 1372 4806 μόνον,
1421 4735 1557 4788 ἀλλὰ
1598 4734 1693 4788 καὶ
1739 4733 1947 4802 δαψιλῶ

2075 4749 2317 4807 norunt,
2373 4741 2653 4811 proprium
2706 4741 2778 4795 sit
2825 4741 2967 4794 seire
3014 4740 3122 4795 illis
3176 4740 3255 4793 uti
3307 4740 3466 4795 bonis
3524 4757 3646 4810 qum

398 4833 699 4903 παρασχεῖν
726 4829 1124 4901 ἐμφορηθῆναι,
1173 4826 1250 4897 τῷ
1290 4827 1585 4898 προστῆναι
1633 4826 1796 4879 αὐτοῦ
1838 4826 1948 4896 (59)

2078 4833 2396 4903 possident;
2450 4831 2690 4901 Optimus
2747 4837 2930 4884 autem
2977 4830 3291 4885 divitiarum
3354 4847 3487 4885 usus
3550 4834 3644 4896 sit,

398 4924 540 4994 ὑπὲρ
569 4916 644 4976 ὧν
675 4923 820 4993 ἥκει,
852 4921 951 4991 τῆς
999 4919 1098 4990 σῆς
1145 4918 1478 4989 προστασίας
1524 4918 1807 4986 δεόμενος·
1836 4916 1948 4982 λέξε

2077 4922 2286 4975 amicos
2330 4935 2518 4975 eorum
2567 4933 2688 4988 quae
2727 4918 3074 4989 possidemus
3104 4921 3398 4992 participes
3435 4922 3646 4991 facere;

397 5017 456 5071 δὲ
485 5017 552 5069 δι’
588 5015 781 5069 ἑαυτοῦ
800 5015 869 5068 τά
898 5014 1095 5068 πάντα.
1126 5012 1281 5065 Οὕτω
1317 5010 1426 5083 γὰρ
1451 5012 1909 5083 εὐπρεπέστερον,
1940 5015 1948 5063 1'

2083 5014 2216 5067 mihi
2246 5019 2425 5066 autem
2458 5012 2671 5066 amicus
2699 5011 2773 5066 sit
2796 5012 2995 5066 eximia
3021 5026 3131 5081 prie
3150 5015 3365 5069 caeteris
3392 5012 3650 5067 omnibus

395 5107 469 5161 τά
500 5106 621 5161 καθ’
648 5106 875 5161 ἕκαστον
913 5106 1011 5176 ὲμὲ
1038 5102 1287 5168 διεξιέναι
1315 5103 1393 5173 τῷ
1425 5104 1732 5174 γράμματι.

2085 5103 2403 5159 sinceritate
2458 5102 2811 5171 coniunctus,
2870 5102 3268 5158 dilectissimus
3336 5100 3479 5160 Illius
3534 5105 3654 5157 Ale-

401 5200 651 5257 xander:
690 5201 811 5259 sine
844 5208 904 5254 ut
945 5215 1126 5260 meum
1171 5201 1492 5254 thesaurum
1526 5199 1631 5270 ipsi
1667 5198 1993 5257 ostendam.
2034 5214 2135 5255 nec
2166 5197 2454 5254 ostendam
2528 5198 2938 5266 tantummodo,
2986 5198 3085 5253 scd
3148 5207 3205 5254 et
3231 5198 3460 5254 cﬂiciam
3498 5209 3558 5255 ut
3589 5216 3656 5254 co

475 5404 589 5473 (35)
623 5405 853 5459 ’Exio't.
908 5403 1176 5473 inscripta
1209 5402 1525 5473 perhibetur
1564 5403 1619 5457 in
1667 5418 1773 5457 ms.
1833 5401 1971 5457 Med.

417 5471 786 5544 Ἀντιοχιανῷ,
820 5481 1011 5544 estque
1035 5471 1120 5525 Vl.

480 5545 593 5608 (34)
646 5543 929 5599 Fortasse
958 5544 1239 5611 legendum
1300 5544 1614 5612 τροπαίοις.
1662 5552 1878 5607 ινονωα.
1914 5571 1983 5579 —

2154 5398 2266 5467 (36)
2295 5398 2370 5452 ita
2397 5397 2797 5454 emendandum
2822 5398 3009 5453 censui
3050 5399 3363 5453 Vaticanum
3388 5401 3654 5464 codicem,

2084 5471 2136 5523 in
2173 5488 2283 5536 quo
2312 5470 2528 5536 legitur,
2555 5470 2724 5522 ταῦτα
2759 5468 2951 5536 λέγων.

2149 5532 2262 5620 (ῖζῖ)
2293 5532 2394 5620 Οζῖ
2429 5538 2575 5606 ἔχει.
2606 5538 2796 5593 Medic.
2831 5532 2915 5600 οἷς
2946 5537 3149 5609 ἔχουσι.
3196 5540 3259 5591 Et
3308 5540 3467 5607 paulo
3507 5551 3657 5605 ante,

410 5613 844 5685 ΤρόποιςηΜιξό.
872 5610 1169 5685 τροπαίοις,
1196 5622 1252 5685 ut
1272 5610 1616 5685 reoujiciebat
1657 5612 1948 5685 Zacaguius

2081 5611 2263 5671 καλῶς
2300 5610 2490 5685 πλουτ.

483 5684 593 5752 (55)
616 5675 857 5739 Μέλλει.
884 5675 959 5737 Ill.
990 5684 1112 5736 cod.
1162 5675 1474 5752 μάλλον.Ἐι
1508 5697 1633 5752 niox
1662 5675 1823 5735 αὑτὸν
1846 5684 1948 5733 ἐκεῖ

2150 5678 2430 5752 (58)Δτὼν
2463 5680 2806 5746 περιόντων,
2836 5675 2925 5730 τά.
2966 5676 3067 5734 Ms.
3120 5678 3257 5734 Med.
3304 5678 3412 5731 τῶν
3457 5680 3653 5751 παραὶ.»-

412 5748 520 5807 νον.
578 5748 886 5820 Paucisque
935 5748 1258 5822 intcrjectis,
1304 5752 1476 5805 ταῦτα
1518 5750 1757 5820 λέγοντι,
1819 5766 1948 5820 prou

2080 5766 2207 5822 τωνέ
2242 5748 2321 5822 τό.

408 5824 723 5881 emendavit
755 5817 951 5879 editor.
1076 5817 1091 5822 ⁷
1246 5817 1251 5819 ⁷
1593 5817 1601 5820 ⁷
1820 5817 1835 5820 ”

2152 5818 2263 5887 (59)
2305 5819 2522 5874 Αὑτοῦ.
2555 5817 2632 5875 Id.
2670 5819 2793 5875 cod.
2825 5819 3027 5874 αὐτῶν.

3586 5916 3637 5926 ...ον
