4002 6206
421 379 455 434 Α
467 381 570 438 039
1547 388 1550 390 τ
1696 367 1753 424 8.
1777 363 1990 423 ΟΒΕϐ(

2092 365 2108 420 l
2146 364 2441 421 NYSSENI
3542 361 3682 418 ιοιι,

427 496 630 551 affatim
671 493 928 564 potiatur,
957 488 1085 543 dum
1118 486 1270 542 illum
1299 495 1392 540 tuo
1413 484 1724 555 patrocinio
1759 482 2092 550 indigentem
2159 481 2228 536 iis
2302 481 2356 534 in
2409 479 2648 551 negotiis
2723 477 2964 534 tueberis
3034 487 3199 551 atque
3248 478 3496 551 juvabis,
3539 492 3680 549 quo-

425 608 550 647 rum
590 604 757 645 causa
793 587 857 641 ad
889 594 942 641 te
987 585 1154 640 venit.
1192 583 1310 652 Ipse
1351 592 1533 636 autem
1567 595 1666 650 per
1705 595 1765 635 se
1798 585 1998 632 cuncta
2039 577 2335 643 indicabit;
2361 577 2432 632 ita
2464 577 2608 632 enim
2644 575 2759 630 ﬁeri
2800 575 2982 644 potius
3010 575 3186 640 decet,
3213 592 3384 646 quam
3441 584 3504 630 ut
3573 583 3677 630 stn-

425 685 557 752 gula
591 681 658 736 ad
691 689 744 735 te
768 679 920 735 hisce
952 677 1150 732 litteris
1179 673 1610 745 perscribamus.
2667 664 2673 669 ’

981 958 1317 1018 EPISTOLA
1342 958 1436 1015 IX.

2581 954 2927 1012 ΕΠΙΣΤΟΔΗ
2963 955 3024 1010 θ*
3057 955 3190 1030 (to).

422 1122 506 1178 Ex
531 1122 686 1191 hujus
713 1120 946 1188 episton
968 1126 1275 1191 argumento
1298 1116 1552 1191 discimus
1579 1112 1892 1191 Gregorium
1941 1116 2262 1187 Ngssenum,
2303 1115 2501 1191 ﬂasiIii
2533 1116 2723 1186 fratris
2745 1126 2803 1191 et
2841 1115 3080 1190 Gregorii
3129 1119 3465 1177 Nazianzeni
3502 1141 3676 1179 exem-

487 1185 658 1260 plo'in
689 1185 916 1261 orantum
950 1185 1238 1261 aliquando
1269 1186 1566 1261 secessisse,
1596 1186 1745 1261 cujus
1773 1187 1848 1261 rei
1875 1185 2047 1261 nescio
2074 1204 2142 1261 qn
2174 1185 2312 1261 apud
2346 1187 2510 1261 alium
2547 1189 2846 1256 quempiam
2885 1185 3107 1244 ueterem
3134 1195 3445 1261 scriptorem
3481 1199 3676 1250 mentio

488 1255 764 1315 habeatur.
785 1255 1051 1313 Caeterum
1076 1256 1144 1309 ad
1170 1271 1444 1326 quemnam
1471 1255 1581 1309 lucc
1603 1257 1825 1323 cpistola
1854 1259 2049 1325 scripta
2077 1257 2235 1326 fuerit
2273 1256 2512 1312 divinare
2540 1255 2641 1311 non
2674 1255 2974 1321 possumus.

487 1441 622 1496 Tale
645 1437 924 1510 quidpiam
956 1432 1342 1488 admirandum
1384 1430 1810 1503 prmstigiatores
1848 1431 1982 1484 arti-

2153 1434 2408 1490 Τοιοῦτόν
2450 1453 2504 1490 τι
2556 1436 2739 1509 θαῦμά
2784 1456 2948 1508 φασιν
3001 1442 3058 1493 ὲν
3105 1443 3216 1504 τοῖς
3254 1439 3500 1513 θεάτροις
3538 1446 3676 1507 τοὺς

421 1533 607 1587 iiciose
663 1533 718 1585 in
774 1529 1004 1583 theatris
1057 1526 1219 1581 edere
1271 1525 1458 1588 aiunt,
1517 1539 1641 1577 cum
1695 1521 1878 1576 fabula
1923 1538 1991 1578 ex

421 1622 672 1677 historiis
703 1627 975 1681 mutuata,
1016 1617 1098 1672 vel
1133 1616 1453 1670 narratione
1497 1615 1681 1684 aliqua
1715 1624 1900 1669 vetere
1935 1616 1991 1667 in

418 1714 813 1784 pratstigiarum
838 1709 1113 1764 materiem
1133 1714 1433 1776 assumpta,
1465 1721 1578 1761 rem
1610 1713 1802 1770 totam,
1835 1703 1993 1774 quasi

419 1819 547 1859 vere
587 1812 716 1855 tunc
752 1809 1051 1870 gereretur,
1083 1798 1297 1852 actione
1342 1812 1405 1850 ac
1438 1804 1592 1866 gestu
1623 1804 1991 1864 spectatorum

417 1897 596 1950 oculis
627 1893 948 1962 subjiciunt.
972 1890 1144 1944 Porro
1166 1888 1268 1943 hoc
1292 1896 1472 1958 pacto,
1500 1886 1642 1956 quod
1669 1885 1776 1940 sibi
1796 1900 1994 1956 reprac-

420 1987 748 2041 sentandum
800 1987 1228 2052 proposuerunt,
1281 1977 1525 2032 eﬂiciunt
1554 1996 1566 2031 :
1599 1974 1796 2030 Varias
1845 1975 1992 2029 enim

424 2076 628 2130 lormas
659 2081 822 2140 atque
864 2083 1131 2139 personas
1171 2067 1347 2121 induti
1373 2107 1389 2130 ,
1437 2081 1504 2120 ac
1555 2065 1995 2140 urbemrquoque

421 2169 476 2221 in
518 2166 804 2218 orchestra
839 2178 902 2216 ex
943 2160 1076 2214 velis
1107 2159 1477 2223 elTormantcs,
1506 2160 1711 2212 nudum
1743 2139 1994 2216 ibumlo-

421 2269 544 2309 cum
582 2260 696 2306 tum
737 2251 955 2304 demunt
992 2247 1112 2300 viva
1148 2253 1424 2316 gestarum
1466 2260 1648 2300 rerum
1687 2245 1994 2300 imitatione

422 2347 498 2400 ita
535 2343 602 2396 ad
651 2341 848 2396 fabulae
885 2346 1266 2408 argumentum
1312 2336 1748 2400 accommodant,
1788 2342 1850 2389 ut
1881 2342 1994 2389 tam

422 2437 526 2507 ipsi
566 2451 749 2489 rerum
798 2446 918 2504 quze
954 2433 1007 2484 in
1041 2429 1133 2482 illa
1166 2428 1401 2483 historia
1441 2430 1817 2492 continentur,
1868 2427 1992 2482 imi-

423 2537 649 2591 tatores,
682 2541 844 2598 quam
898 2525 1014 2578 vela
1051 2525 1193 2592 ipsa,
1243 2523 1398 2588 urbs,
1423 2522 1702 2584 videlicet,
1731 2521 1870 2576 velis
1907 2534 1996 2574 re-

422 2629 778 2690 przesentata,
797 2616 1120 2670 miraculum
1141 2613 1543 2684 spectatoribus
1566 2612 1804 2666 ﬁant.At
1826 2625 1997 2680 quare

2095 1525 2632 1597 θαυματοπιοῦντας
2671 1529 3062 1600 τεχνάζεσθαιο
3105 1531 3282 1584 Μῦθον
3307 1533 3365 1598 ἐξ
3404 1535 3675 1604 ἱστορίας,

2093 1615 2128 1686 ἧ
2156 1631 2278 1670 τινα
2305 1615 2412 1669 τῶν
2455 1617 2693 1690 ἀρχαίων
2725 1618 3098 1691 διηγημάτων,
3134 1621 3380 1674 ὑπόθεσιν
3415 1623 3513 1693 τῆς
3542 1623 3681 1676 (tau.

2111 1702 2436 1769 ματοποιίας
2463 1701 2737 1768 λαϐόντες,
2788 1704 2934 1776 ἔργῳ
2959 1707 3070 1768 τοῖς
3113 1704 3324 1768 θεαταῖς
3362 1705 3675 1778 διηγοῦνται

2091 1789 2191 1858 τὴν
2215 1790 2474 1860 ἱστορίαν.
2501 1790 2820 1862 Διηγοῢνται
2847 1791 2904 1845 δὲ
2931 1792 3102 1856 οὓτως
3133 1792 3200 1846 τὰ
3230 1791 3536 1864 meum
3563 1793 3674 1846 τῶν

2096 1882 2523 1952 ἱστορουμένων·
2560 1881 2876 1947 Ὑποδύντες
2930 1883 3183 1954 σχήματά
3230 1900 3289 1936 τε
3347 1885 3444 1937 καὶ
3501 1885 3672 1954 πρόσ-

2093 1989 2239 2034 ωπα,
2268 1971 2361 2025 καὶ
2392 1971 2546 2026 πόλιν
2588 1971 2654 2026 ὲκ
2692 1974 3203 2044 παραπετασμάτων
3247 1973 3342 2026 ἐπὶ
3380 1973 3484 2043 τῆς
3511 1975 3671 2045 όρχή-

2055 2094 2057 2096 ς
2096 2075 2260 2130 στρας
2291 2061 2358 2114 δι’
2387 2061 2699 2133 ὁμοιότητός
2743 2079 2886 2126 τινος
2936 2063 3384 2133 σχηματίσαντες,
3435 2065 3529 2117 καὶ
3556 2065 3668 2134 (41)

2092 2151 2230 2215 τέως
2260 2149 2414 2221 ψιλὸν
2445 2152 2609 2206 τόπον
2639 2155 2703 2224 τῇ
2735 2153 2955 2225 ὲναργεῖ
2987 2155 3215 2226 μιμήσει
3259 2155 3370 2209 τῶν
3415 2158 3667 2227 πραγμά-

2093 2258 2202 2295 των
2245 2241 2644 2310 οίκειὼσαντες,
2690 2243 2874 2316 θαῦμα
2915 2248 3026 2310 τοῖς
3070 2246 3362 2316 θεωμένοις
3408 2248 3665 2316 γίνονται,

2093 2334 2246 2389 αὐτοί
2280 2353 2340 2388 τε
2365 2337 2414 2388 oi
2451 2338 2685 2408 μιμηταὶ
2714 2337 2822 2390 τῶν
2862 2339 2919 2392 ὲν
2954 2341 3017 2408 τῇ
3067 2338 3277 2410 ἱστορίᾳ
3307 2342 3662 2410 πραγμάτων.

2096 2425 2189 2479 καὶ⁷
2214 2425 2282 2479 τὰ
2316 2427 2808 2498 παραπετάσματα,
2856 2428 2890 2498 ἡ
2934 2427 3084 2491 πόλις
3135 2428 3222 2499 δή.
3268 2429 3334 2481 Τί
3369 2425 3461 2482 οὖν
3489 2446 3582 2499 μοι
3607 2430 3669 2482 ιδ

2095 2516 2334 2587 διήγημα
2366 2516 2646 2586 βού).εται;
2683 2519 2897 2590 Ἐπειδὴ
2926 2519 3082 2590 χρεία
3113 2521 3243 2592 ἡμῖν
3267 2521 3362 2592 τὴν
3391 2522 3466 2592 μὴ
3497 2519 3670 2576 οὖσαν

2096 2609 2248 2662 πόλιν
2308 2608 2399 2662 καὶ
2426 2606 2591 2663 οὖσαν
2617 2609 2726 2680 (42)
2752 2608 2920 2675 δεῖξαι
2956 2613 3067 2673 τοῖς
3096 2611 3348 2676 συνιοῦσι,
3375 2614 3664 2682 παρακλή-

424 2711 581 2780 nobis
624 2709 874 2762 instituta
919 2717 1002 2760 est
1053 2704 1168 2756 haec
1211 2702 1496 2756 narratio?
1549 2700 1818 2766 Quoniam
1859 2699 1990 2753 mihi

2096 2699 2217 2770 θητι
2243 2701 2492 2768 γενέσθαι
2523 2700 2622 2771 τῆς
2666 2701 2872 2766 πόλεως
2915 2702 3068 2773 ἡμῶν
3122 2703 3358 2779 οἰκιστὴς
3402 2705 3669 2780 αὐτοσχέ-

421 2777 561 2869 οριιέ
595 2805 682 2852 est
739 2797 952 2860 urbem,
986 2810 1106 2864 quae
1137 2808 1407 2862 nusquam
1438 2799 1525 2846 est
1546 2831 1560 2855 ,
1606 2792 1766 2861 quasi
1797 2804 1990 2844 revera

2092 2789 2219 2855 διος,
2254 2791 2403 2861 αὐτῷ
2423 2791 2500 2862 τῷ
2529 2792 2760 2862 φανῆναι
2813 2793 2969 2863 μόνον
3003 2794 3181 2868 (πόλιν
3210 2777 3340 2853 εἶναι
3373 2799 3549 2852 δοκεῖν
3579 2777 3669 2853 τὸν

417 2897 590 2951 esset,
647 2886 1062 2940 advenientibus
1113 2883 1424 2945 ostendere,
1480 2889 1536 2934 te
1589 2882 1754 2936 etiam
1822 2889 1990 2950 atque

421 2981 585 3033 etiam
617 2993 769 3047 rogo,
807 2985 863 3029 ut
888 2976 1068 3046 specie
1102 2982 1314 3028 tantum
1349 2983 1508 3026 tenus
1539 2973 1670 3026 tein
1703 2978 1990 3041 extempo-

423 3072 590 3126 ralem
637 3069 790 3123 urbis
852 3077 1052 3123 nostra:
1096 3066 1267 3120 civem
1322 3064 1518 3119 ascisci
1563 3063 1792 3133 patiaris
1831 3063 1994 3136 (dabo

373 3187 386 3194 -
423 3164 624 3234 quippe
675 3176 899 3232 Operam
948 3169 1006 3212 ut
1043 3156 1323 3212 solitarius
1363 3156 1465 3210 iste
1510 3154 1666 3209 locus
1712 3153 1844 3209 urbs
1871 3169 1994 3210 esse

425 3256 715 3326 videatur).
750 3252 1192 3325 quandoquidem
1229 3249 1328 3305 tibi
1368 3265 1476 3304 non
1506 3248 1736 3302 multum
1769 3248 1988 3305 itineris

2092 2881 2297 2952 ἔρημον
2319 2883 2494 2954 χῶρον
2520 2886 2921 2956 παρασκευάσω
2947 2883 3106 2962 μδ])⁶
3135 2891 3219 2944 ὅτι
3249 2891 3331 2945 σοὶ
3362 2893 3457 2945 καὶ
3492 2894 3526 2962 ἡ
3555 2892 3669 2954 ὁδὸς

2091 2974 2152 3026 οὐ
2186 2973 2373 3045 πολλὴ,
2408 2976 2500 3028 καὶ
2538 2977 2571 3046 ὴ
2621 2977 2799 3047 χάρις,
2852 2980 2920 3050 ἢν
2959 2980 3169 3047 δώσεις,
3221 2983 3426 3052 σφόδρα
3478 2983 3664 3052 πολλή.

2093 3064 2404 3135 Βουλόμεοα
2437 3066 2544 3138 γὰρ
2575 3067 2957 3139 φαιδροτέρους
2989 3071 3098 3144 (44)
3123 3073 3346 3137 ἑαυτοὺς
3375 3074 3540 3138 δεῖξαι
3562 3078 3667 3134 τοῖς

2097 3155 2366 3219 συνοῦσιν,
2429 3158 2542 3210 ἀντ’
2591 3159 2750 3214 ἄλλον
2797 3163 2940 3228 τινὸς
2991 3165 3214 3236 κόσμου,
3247 3167 3313 3236 τῇ
3358 3165 3662 3236 φαιδρότητι

2100 3247 2253 3319 ὑμῶν
2284 3247 2763 3321 καλλωπιζόμενοι.

423 3348 822 3405 conﬁciendum
873 3353 977 3413 est,
1020 3346 1192 3417 gratia
1226 3352 1429 3410 autem,
1477 3357 1641 3412 quam
1673 3340 1983 3412 praastabis,
2023 3339 2456 3430 valdeOmagna.
2483 3339 2750 3397 Volumus
2794 3345 2996 3415 quippe
3039 3357 3257 3403 nosmet
3300 3349 3449 3420 ipsos
3487 3351 3662 3420 splen-

422 3443 661 3500 didiores
694 3440 1004 3511 hospitibus
1040 3436 1350 3504 ostendere,
1383 3442 1564 3491 vestra
1597 3435 1807 3491 scilicet
1844 3433 2116 3499 claritate,
2145 3448 2255 3504 pra:
2283 3435 2392 3490 alio
2417 3435 2674 3506 qquiam
2711 3437 3220 3503 ornatu,decorati.

967 3774 1328 3834 EPISTOLA
1362 3777 1441 3836 ἶ.

2588 3779 2936 3835 ΕΠΙΣΊὉΔῘῘ
2981 3777 3016 3833 ι’
3039 3777 3174 3854 (45).

425 3952 649 4028 Cuinam
677 3950 787 4028 hcce
813 3951 1050 4028 epistol!
1068 3951 1265 4018 scripta
1299 3950 1481 4020 fuerit,
1513 3951 1730 4028 penitus
1751 3954 1958 4022 ignoro,
1993 3969 2108 4028 cum
2137 3955 2254 4024 ejus
2283 3956 2445 4028 verba
2477 3957 2679 4012 nullam
2705 3957 2776 4013 ad
2808 3959 2864 4028 id
2893 3957 3276 4028 conjiciendum
3304 3977 3446 4028 opem
3473 3977 3660 4026 διαιρε-

491 4023 654 4074 ditent
687 4037 707 4074 .'
742 4019 942 4074 videtur
965 4032 1136 4074 tamen
1158 4037 1217 4074 eo
1245 4019 1472 4089 tempore
1498 4022 1628 4074 data
1653 4019 1834 4090 fuisse,
1863 4041 1964 4093 quo
2001 4019 2276 4095 Nyssénus
2309 4026 2374 4079 ab
2402 4027 2639 4082 Ecclesia
2667 4047 2764 4084 sua
2803 4019 3039 4084 Valentis
3054 4030 3210 4098 jussu
3245 4019 3542 4084 eas'uiubat.

493 4201 727 4266 Quinam
784 4215 951 4254 verno
999 4208 1245 4270 tempore
1292 4199 1390 4255 llos
1451 4211 1559 4255 tam
1590 4207 1812 4272 gratus,
1841 4216 1989 4272 qua:-

2161 4207 2319 4260 Ιῖοῖον
2348 4205 2585 4260 τοιοῦτον
2608 4207 2766 4269 ἄνθος
2789 4209 2845 4260 ὲν
2879 4206 3000 4278 ἔαρι
3025 4223 3040 4273 ;
3077 4206 3233 4270 Τίνες
3257 4207 3488 4260 τοιαῦται
3524 4225 3659 4275 μους

423 4310 545 4348 nam
577 4292 915 4347 cantantium
940 4293 1121 4348 avium
1147 4307 1308 4348 voces
1331 4299 1441 4346 tam
1477 4307 1676 4349 suaves
1698 4332 1714 4359 ,
1740 4307 1989 4364 quamam

422 4395 530 4438 tam
583 4384 810 4454 placidae
857 4394 1019 4454 atque
1051 4386 1200 4440 lenes
1231 4399 1399 4449 aurae,
1430 4385 1632 4455 quibus
1666 4385 1993 4459 tranquilla—

425 4485 538 4527 tum
571 4488 720 4529 mare
758 4474 1018 4540 mitescit,
1081 4491 1330 4545 quaenam
1380 4477 1540 4530 tellus
1584 4476 1846 4547 agricolis
1878 4484 1988 4530 tam

419 4565 688 4633 jucunda,
725 4565 840 4621 sive
875 4565 1038 4619 viridi
1078 4575 1260 4635 segete
1295 4566 1555 4627 luxuriet,
1588 4567 1703 4622 sive
1731 4566 1844 4636 jam
1876 4565 1992 4635 spi-

427 4672 609 4710 carum
640 4657 980 4712 culminibus
1009 4657 1265 4719 ﬂuctuet,
1296 4671 1457 4724 quam
1492 4672 1658 4712 suave
1688 4671 1754 4710 ac
1781 4657 1984 4726 jucun-

421 4747 548 4802 dum
588 4760 670 4803 est
702 4763 796 4803 ver
818 4747 949 4801 illud
979 4747 1264 4816 spirituale
1288 4746 1457 4816 quod,
1490 4748 1602 4802 tuis
1633 4761 1820 4818 pacem
1855 4746 1988 4801 atie-

423 4840 669 4892 rentibm
706 4839 896 4903 radiis,
950 4853 1043 4908 per
1084 4838 1390 4892 litterarum
1433 4847 1652 4893 tuarum
1699 4838 1985 4908 fulgorem,

425 4926 591 4978 vitam
625 4935 895 4989 nostram.
929 4929 1150 4982 [ιμποτὶ
1181 4929 1542 4990 subtractam,
1565 4930 1832 4984 illustrem
1852 4927 1988 4982 hila-

423 5032 648 5086 remque
702 5017 917 5071 reddit?
966 5017 1058 5071 Sic
1098 5019 1259 5072 nobis
1303 5018 1538 5074 fortasse
1569 5020 1821 5090 congruit
1860 5033 1985 5087 pro-

423 5106 696 5174 pheticum
755 5107 884 5160 illud
936 5108 1004 5161 de
1055 5107 1416 5177 prmsentibus
1455 5108 1612 5163 bonis
1667 5121 1980 5178 usurpare:

2097 4295 2265 4349 σικῶν
2319 4295 2545 4366 ὀρνίθων
2603 4295 2774 4364 φωναί
2795 4313 2809 4360 ;
2862 4295 3048 4360 Ποίαις
3101 4296 3318 4359 λεπταῖς
3355 4296 3448 4350 καὶ
3491 4313 3662 4366 προσ.

2088 4390 2248 4461 ηνέσι
2296 4392 2414 4453 ταῖς
2452 4388 2648 4462 αὔραις
2687 4389 3172 4456 καταγλυκαίνεται
3217 4389 3521 4460 γαληνιῶσα
3563 4391 3661 4444 θά-

2094 4478 2303 4546 λασσα;
2349 4479 2444 4542 Τίς
2491 4479 2694 4549 ἄρουρα
2743 4483 2850 4542 τοῖς
2886 4479 3171 4549 γεηπόνοις
3218 4478 3388 4542 οὕτως
3427 4479 3597 4551 ἡδεῖα,
3628 4481 3664 4553 ἢ

2092 4566 2456 4639 εὖθηνουμένη
2503 4566 2693 4637 ληῖοις,
2733 4567 2766 4639 ἢ
2807 4571 2917 4631 τοῖς
2961 4570 3187 4639 καρποῖς
3219 4569 3319 4640 ἧδη
3364 4569 3470 4621 τῶν
3501 4570 3665 4622 ἀστα-

2093 4653 2237 4723 χύων
2270 4654 2730 4724 ὑποκυμαίνουσα,
2775 4655 2897 4708 ὅσον
2939 4655 2998 4709 τδ
3037 4654 3403 4727 πνευματικὸν
3441 4657 3556 4726 ἔαρ,
3600 4660 3666 4710 ὲκ

2091 4744 2190 4815 τῆς
2239 4745 2514 4817 εἰρηνικῆς
2555 4762 2648 4799 σου
2693 4746 2926 4809 ἀκτῖνος,
2974 4744 3060 4798 διὰ
3088 4746 3187 4815 τῆς
3237 4747 3295 4799 ἑν
3341 4750 3453 4810 τοῖς
3481 4748 3663 4816 γράμ-

2094 4853 2227 4905 μασι
2285 4836 2641 4907 λαμπηδόνος,
2690 4835 2786 4906 τὴν
2843 4835 2984 4906 ζωὴν
3030 4835 3187 4906 ἡμῶν
3247 4837 3309 4888 ἐκ
3363 4836 3664 4906 κατηφείας

2093 4924 2485 4998 [ηραιδρῦνονς
2513 4926 2672 4980 Οὕτω
2720 4927 2825 4998 γὰρ
2861 4928 2991 4996 ἡμῖν
3036 4927 3173 4997 τάχα
3219 4927 3279 4980 τὸ
3331 4927 3665 4997 προφητικὸν

2089 5018 2317 5086 ἁρμόσει
2367 5019 2477 5079 τοῖς
2520 5017 2780 5090 παροῦσιν
2835 5015 3055 5084 ἀγαθοῖς
3099 5015 3550 5085 ἐπιφθέγξασθαι.
3579 5018 3664 5071 δτι

2091 5107 2249 5161 Κατὰ
2279 5108 2342 5160 τὸ
2381 5107 2613 5175 πλῆθος
2649 5107 2768 5160 τῶν
2792 5108 3040 5175 ὀδυνῶν,
3071 5107 3188 5161 τῶν
3216 5109 3285 5162 ἐν
3310 5109 3385 5176 τῇ
3425 5107 3663 5176 καρδίᾳ,

423 5195 714 5250 Secundum
769 5196 1157 5250 multitudinem
1201 5198 1442 5252 dolorum
1479 5215 1710 5252 mearum
1747 5201 1799 5252 in
1827 5198 1982 5252 corde

2092 5200 2142 5250 ut
2174 5198 2278 5251 τοῦ
2313 5198 2460 5251 Θεοῦ
2489 5200 2912 5266 παρακλήσεις,
2935 5198 3022 5252 διὰ
3057 5200 3152 5269 τῆς
3181 5198 3278 5268 σῆς
3309 5197 3661 5265 ἀγαθότητος,

423 5306 554 5351 meo,
589 5291 969 5343 consm’ationes
1007 5289 1120 5358 Dei,
1171 5305 1264 5358 per
1287 5290 1612 5359 probitatem
1643 5299 1813 5352 tuam,
1846 5291 1982 5344 (trti-

491 5543 602 5612 (ω)
641 5546 872 5601 Ἔπιστ.
897 5546 1088 5601 lucod.
1124 5546 1262 5601 Med.
1313 5546 1632 5600 inscribitur
1657 5544 1974 5614 Σταγειρίῳθ

419 5619 607 5678 οξςιιιιιτ
639 5616 662 5663 \
685 5615 742 5668 ll.

488 5681 599 5747 (41)
624 5687 749 5734 Καί.
784 5682 858 5739 Ιι-Ι.
881 5685 999 5738 cod.
1029 5687 1121 5739 καὶ
1155 5685 1264 5738 τόν.

487 5749 731 5822 (-Wllx’ul
759 5752 895 5806 οὖσ.
927 5754 1063 5807 Med.
1087 5756 1168 5816 ὡς
1200 5752 1317 5806 οἷς.
1357 5756 1533 5822 Atque
1566 5753 1636 5806 ita
1676 5751 1869 5821 legisse
1906 5752 1982 5805 \‘io

419 5817 576 5874 detur
610 5821 896 5888 interpres.

2089 5286 2202 5352 τὴν
2271 5287 2478 5355 ψυχὴν
2557 5287 2720 5356 ἡμῶν
2791 5289 3138 5358 εὗρμαναν,
3197 5291 3429 5344 ἀκτίνων
3505 5288 3661 5360 δίκην

2160 5543 2270 5614 (45)
2298 5546 2563 5614 Παριισκ.
2599 5543 2674 5597 Id.
2708 5544 2830 5598 cod.
2857 5543 3278 5614 παρασκευάσας
3305 5559 3320 5572 ·
3362 5541 3440 5595 ἔτι
3472 5541 3553 5596 δέ.

2181 5613 2269 5680 Η)
2293 5613 2736 5679 Φαιδροτέρους.
2761 5614 2892 5667 Cod.
2927 5613 3065 5667 Med.
3093 5629 3149 5664 σε
3159 5613 3466 5682 μνοτέρους.

2183 5679 2269 5753 45)
2303 5684 2524 5754 Ἐπιστ.
2562 5683 2616 5736 In
2641 5684 2777 5754 Med.
2804 5685 3064 5754 inscripta
3100 5679 3334 5753 Ὀτρηῖιρ
3378 5679 3665 5751 ἐπισκόπῳ

2087 5751 2412 5823 Μελιτηνῆςο
2457 5762 2646 5822 estque
2681 5753 2863 5808 XVIII.
