  <div class='ocr_page' id='page_1' title='image "/cluster/home/n/w/nwhite01/storage/ocr_20150623/46/hvd.32044054112198/537.png"; bbox 0 0 4002 6206; ppageno 0'>
   <div class='ocr_carea' id='block_1_1' title="bbox 396 339 538 394">
    <p class='ocr_par' dir='ltr' id='par_1_1' title="bbox 396 339 538 394">
     <span class='ocr_line' id='line_1_1' title="bbox 396 339 538 394; baseline 0 0"><span class='ocrx_word' id='word_1_1' title='bbox 396 339 538 394; x_wconf 66' lang='grc' dir='ltr'><strong>ιοιὸ</strong></span> 
     </span>
    </p>
   </div>
   <div class='ocr_carea' id='block_1_2' title="bbox 1633 335 2382 394">
    <p class='ocr_par' dir='ltr' id='par_1_2' title="bbox 1633 335 2382 394">
     <span class='ocr_line' id='line_1_2' title="bbox 1633 335 2382 394; baseline -0.003 -4"><span class='ocrx_word' id='word_1_2' title='bbox 1633 336 1688 390; x_wconf 89' lang='lat' dir='ltr'><strong>S.</strong></span> <span class='ocrx_word' id='word_1_3' title='bbox 1730 335 2054 394; x_wconf 78' lang='lat' dir='ltr'><strong>GREGORII</strong></span> <span class='ocrx_word' id='word_1_4' title='bbox 2089 335 2382 390; x_wconf 74' lang='lat' dir='ltr'><strong>NYSSEN!</strong></span> 
     </span>
    </p>
   </div>
   <div class='ocr_carea' id='block_1_3' title="bbox 3513 332 3652 389">
    <p class='ocr_par' dir='ltr' id='par_1_3' title="bbox 3513 332 3652 389">
     <span class='ocr_line' id='line_1_3' title="bbox 3513 332 3652 389; baseline -0.014 0"><span class='ocrx_word' id='word_1_5' title='bbox 3513 332 3652 389; x_wconf 67' lang='lat' dir='ltr'><strong>10H</strong></span> 
     </span>
    </p>
   </div>
   <div class='ocr_carea' id='block_1_4' title="bbox 391 449 1964 524">
    <p class='ocr_par' dir='ltr' id='par_1_4' title="bbox 391 449 1964 524">
     <span class='ocr_line' id='line_1_4' title="bbox 391 449 1964 524; baseline -0.001 -18"><span class='ocrx_word' id='word_1_6' title='bbox 391 451 487 524; x_wconf 78' lang='lat' dir='ltr'><strong>qui</strong></span> <span class='ocrx_word' id='word_1_7' title='bbox 527 449 840 508; x_wconf 79' lang='lat' dir='ltr'><strong>exsultaudi</strong></span> <span class='ocrx_word' id='word_1_8' title='bbox 873 450 1226 507; x_wconf 77' lang='lat' dir='ltr'><strong>occasionem</strong></span> <span class='ocrx_word' id='word_1_9' title='bbox 1273 452 1392 508; x_wconf 89' lang='lat' dir='ltr'><strong>seni</strong></span> <span class='ocrx_word' id='word_1_10' title='bbox 1442 453 1771 524; x_wconf 69' lang='lat' dir='ltr'><strong>praebuerat.</strong></span> <span class='ocrx_word' id='word_1_11' title='bbox 1800 451 1964 522; x_wconf 84' lang='lat' dir='ltr'><strong>Ulys-</strong></span> 
     </span>
    </p>
   </div>
   <div class='ocr_carea' id='block_1_5' title="bbox 2072 449 3653 524">
    <p class='ocr_par' dir='ltr' id='par_1_5' title="bbox 2072 449 3653 524">
     <span class='ocr_line' id='line_1_5' title="bbox 2072 449 3653 524; baseline -0.002 -20"><span class='ocrx_word' id='word_1_12' title='bbox 2072 452 2384 524; x_wconf 83' lang='grc' dir='ltr'><strong>Τηλέμαχον</strong></span> <span class='ocrx_word' id='word_1_13' title='bbox 2412 451 2578 522; x_wconf 87' lang='grc' dir='ltr'><strong>μάχη.</strong></span> <span class='ocrx_word' id='word_1_14' title='bbox 2615 453 2662 506; x_wconf 78' lang='grc' dir='ltr'><strong>εί</strong></span> <span class='ocrx_word' id='word_1_15' title='bbox 2708 451 2801 504; x_wconf 76' lang='grc' dir='ltr'><strong>καὶ</strong></span> <span class='ocrx_word' id='word_1_16' title='bbox 2827 451 2894 521; x_wconf 81' lang='grc' dir='ltr'><strong>τῇ</strong></span> <span class='ocrx_word' id='word_1_17' title='bbox 2923 450 3111 522; x_wconf 80' lang='grc' dir='ltr'>μνήμῃ</span> <span class='ocrx_word' id='word_1_18' title='bbox 3136 450 3249 520; x_wconf 77' lang='lat'><strong>(55)</strong></span> <span class='ocrx_word' id='word_1_19' title='bbox 3281 449 3395 504; x_wconf 86' lang='grc' dir='ltr'><strong>τῶν</strong></span> <span class='ocrx_word' id='word_1_20' title='bbox 3427 451 3653 519; x_wconf 77' lang='grc' dir='ltr'><strong>Κεφαλ-</strong></span> 
     </span>
    </p>
   </div>
   <div class='ocr_carea' id='block_1_6' title="bbox 391 541 1967 614">
    <p class='ocr_par' dir='ltr' id='par_1_6' title="bbox 391 541 1967 614">
     <span class='ocr_line' id='line_1_6' title="bbox 391 541 1967 614; baseline -0.001 -17"><span class='ocrx_word' id='word_1_21' title='bbox 391 545 472 601; x_wconf 86' lang='lat' dir='ltr'><strong>sis</strong></span> <span class='ocrx_word' id='word_1_22' title='bbox 514 558 639 601; x_wconf 88' lang='lat' dir='ltr'><strong>cum</strong></span> <span class='ocrx_word' id='word_1_23' title='bbox 683 541 1016 599; x_wconf 85' lang='lat' dir='ltr'><strong>Telemacho</strong></span> <span class='ocrx_word' id='word_1_24' title='bbox 1044 543 1115 599; x_wconf 88' lang='lat' dir='ltr'><strong>de</strong></span> <span class='ocrx_word' id='word_1_25' title='bbox 1150 543 1354 601; x_wconf 87' lang='lat' dir='ltr'><strong>virtute</strong></span> <span class='ocrx_word' id='word_1_26' title='bbox 1393 551 1675 600; x_wconf 74' lang='lat' dir='ltr'><strong>certamen</strong></span> <span class='ocrx_word' id='word_1_27' title='bbox 1717 543 1863 614; x_wconf 89' lang='lat' dir='ltr'><strong>quod</strong></span> <span class='ocrx_word' id='word_1_28' title='bbox 1913 552 1967 597; x_wconf 89' lang='lat' dir='ltr'><strong>et</strong></span> 
     </span>
    </p>
   </div>
   <div class='ocr_carea' id='block_1_7' title="bbox 390 619 1968 706">
    <p class='ocr_par' dir='ltr' id='par_1_7' title="bbox 390 619 1968 706">
     <span class='ocr_line' id='line_1_7' title="bbox 390 619 1968 706; baseline 0 -18"><span class='ocrx_word' id='word_1_29' title='bbox 390 633 768 706; x_wconf 77' lang='lat' dir='ltr'><strong>Ceplialleniis</strong></span> <span class='ocrx_word' id='word_1_30' title='bbox 806 619 1174 700; x_wconf 70' lang='lat' dir='ltr'><strong>memorator,</strong></span> <span class='ocrx_word' id='word_1_31' title='bbox 1224 635 1294 691; x_wconf 88' lang='lat' dir='ltr'><strong>ad</strong></span> <span class='ocrx_word' id='word_1_32' title='bbox 1325 636 1502 691; x_wconf 78' lang='lat' dir='ltr'><strong>nostri</strong></span> <span class='ocrx_word' id='word_1_33' title='bbox 1532 635 1806 692; x_wconf 87' lang='lat' dir='ltr'><strong>sermonis</strong></span> <span class='ocrx_word' id='word_1_34' title='bbox 1843 649 1968 690; x_wconf 89' lang='lat' dir='ltr'><strong>sco-</strong></span> 
     </span>
    </p>
   </div>
   <div class='ocr_carea' id='block_1_8' title="bbox 391 724 1968 802">
    <p class='ocr_par' dir='ltr' id='par_1_8' title="bbox 391 724 1968 802">
     <span class='ocr_line' id='line_1_8' title="bbox 391 724 1968 802; baseline 0.003 -21"><span class='ocrx_word' id='word_1_35' title='bbox 391 742 520 797; x_wconf 82' lang='lat' dir='ltr'><strong>pum</strong></span> <span class='ocrx_word' id='word_1_36' title='bbox 565 724 821 795; x_wconf 69' lang='lat' dir='ltr'><strong>confert;</strong></span> <span class='ocrx_word' id='word_1_37' title='bbox 855 729 1303 802; x_wconf 84' lang='lat' dir='ltr'><strong>quandoquidem</strong></span> <span class='ocrx_word' id='word_1_38' title='bbox 1333 729 1671 800; x_wconf 81' lang='lat' dir='ltr'><strong>excipientes</strong></span> <span class='ocrx_word' id='word_1_39' title='bbox 1703 743 1791 784; x_wconf 91' lang='lat' dir='ltr'><strong>me</strong></span> <span class='ocrx_word' id='word_1_40' title='bbox 1819 744 1968 786; x_wconf 87' lang='lat' dir='ltr'><strong>nunc</strong></span> 
     </span>
    </p>
   </div>
   <div class='ocr_carea' id='block_1_9' title="bbox 392 819 1970 892">
    <p class='ocr_par' dir='ltr' id='par_1_9' title="bbox 392 819 1970 892">
     <span class='ocr_line' id='line_1_9' title="bbox 392 819 1970 892; baseline 0.003 -20"><span class='ocrx_word' id='word_1_41' title='bbox 392 828 449 872; x_wconf 87' lang='lat' dir='ltr'><strong>tu</strong></span> <span class='ocrx_word' id='word_1_42' title='bbox 497 829 555 874; x_wconf 89' lang='lat' dir='ltr'><strong>et</strong></span> <span class='ocrx_word' id='word_1_43' title='bbox 593 826 749 890; x_wconf 88' lang='lat' dir='ltr'><strong>pater</strong></span> <span class='ocrx_word' id='word_1_44' title='bbox 777 828 930 885; x_wconf 88' lang='lat' dir='ltr'><strong>tuus,</strong></span> <span class='ocrx_word' id='word_1_45' title='bbox 961 821 1426 892; x_wconf 85' lang='lat' dir='ltr'><strong>quemadmodum</strong></span> <span class='ocrx_word' id='word_1_46' title='bbox 1458 821 1536 875; x_wconf 88' lang='lat' dir='ltr'><strong>illi</strong></span> <span class='ocrx_word' id='word_1_47' title='bbox 1567 819 1840 886; x_wconf 85' lang='lat' dir='ltr'><strong>Laertem,</strong></span> <span class='ocrx_word' id='word_1_48' title='bbox 1868 821 1970 876; x_wconf 73' lang='lat' dir='ltr'><strong>lio-</strong></span> 
     </span>
    </p>
   </div>
   <div class='ocr_carea' id='block_1_10' title="bbox 393 912 1964 984">
    <p class='ocr_par' dir='ltr' id='par_1_10' title="bbox 393 912 1964 984">
     <span class='ocr_line' id='line_1_10' title="bbox 393 912 1964 984; baseline 0.001 -20"><span class='ocrx_word' id='word_1_49' title='bbox 393 925 528 966; x_wconf 86' lang='lat' dir='ltr'><strong>uore</strong></span> <span class='ocrx_word' id='word_1_50' title='bbox 557 918 613 965; x_wconf 88' lang='lat' dir='ltr'><strong>et</strong></span> <span class='ocrx_word' id='word_1_51' title='bbox 645 912 1028 968; x_wconf 83' lang='lat' dir='ltr'><strong>benevolentia</strong></span> <span class='ocrx_word' id='word_1_52' title='bbox 1066 929 1197 984; x_wconf 88' lang='lat' dir='ltr'><strong>erga</strong></span> <span class='ocrx_word' id='word_1_53' title='bbox 1228 929 1354 976; x_wconf 89' lang='lat' dir='ltr'><strong>nos,</strong></span> <span class='ocrx_word' id='word_1_54' title='bbox 1391 913 1459 968; x_wconf 92' lang='lat' dir='ltr'><strong>de</strong></span> <span class='ocrx_word' id='word_1_55' title='bbox 1486 913 1797 984; x_wconf 87' lang='lat' dir='ltr'><strong>principatu</strong></span> <span class='ocrx_word' id='word_1_56' title='bbox 1838 928 1964 967; x_wconf 92' lang='lat' dir='ltr'><strong>cum</strong></span> 
     </span>
    </p>
   </div>
   <div class='ocr_carea' id='block_1_11' title="bbox 393 1002 1969 1077">
    <p class='ocr_par' dir='ltr' id='par_1_11' title="bbox 393 1002 1969 1077">
     <span class='ocr_line' id='line_1_11' title="bbox 393 1002 1969 1077; baseline 0.001 -20"><span class='ocrx_word' id='word_1_57' title='bbox 393 1002 668 1060; x_wconf 82' lang='lat' dir='ltr'><strong>muniﬁcis</strong></span> <span class='ocrx_word' id='word_1_58' title='bbox 708 1005 1020 1076; x_wconf 88' lang='lat' dir='ltr'><strong>quibusque</strong></span> <span class='ocrx_word' id='word_1_59' title='bbox 1059 1021 1124 1062; x_wconf 82' lang='lat' dir='ltr'><strong>ac</strong></span> <span class='ocrx_word' id='word_1_60' title='bbox 1159 1005 1444 1077; x_wconf 77' lang='lat' dir='ltr'><strong>generosis</strong></span> <span class='ocrx_word' id='word_1_61' title='bbox 1499 1005 1636 1062; x_wconf 87' lang='lat' dir='ltr'><strong>viris</strong></span> <span class='ocrx_word' id='word_1_62' title='bbox 1679 1005 1969 1060; x_wconf 88' lang='lat' dir='ltr'><strong>contendi-</strong></span> 
     </span>
    </p>
   </div>
   <div class='ocr_carea' id='block_1_12' title="bbox 391 1093 1966 1167">
    <p class='ocr_par' dir='ltr' id='par_1_12' title="bbox 391 1093 1966 1167">
     <span class='ocr_line' id='line_1_12' title="bbox 391 1093 1966 1167; baseline 0.001 -19"><span class='ocrx_word' id='word_1_63' title='bbox 391 1095 518 1158; x_wconf 81' lang='lat' dir='ltr'><strong>stis,</strong></span> <span class='ocrx_word' id='word_1_64' title='bbox 564 1096 654 1151; x_wconf 90' lang='lat' dir='ltr'><strong>hic</strong></span> <span class='ocrx_word' id='word_1_65' title='bbox 683 1097 905 1167; x_wconf 90' lang='lat' dir='ltr'><strong>quidem</strong></span> <span class='ocrx_word' id='word_1_66' title='bbox 941 1114 1104 1154; x_wconf 88' lang='lat' dir='ltr'><strong>suum</strong></span> <span class='ocrx_word' id='word_1_67' title='bbox 1135 1099 1191 1153; x_wconf 92' lang='lat' dir='ltr'><strong>in</strong></span> <span class='ocrx_word' id='word_1_68' title='bbox 1235 1097 1484 1164; x_wconf 89' lang='lat' dir='ltr'><strong>modum,</strong></span> <span class='ocrx_word' id='word_1_69' title='bbox 1517 1106 1574 1152; x_wconf 93' lang='lat' dir='ltr'><strong>tu</strong></span> <span class='ocrx_word' id='word_1_70' title='bbox 1601 1111 1730 1152; x_wconf 87' lang='lat' dir='ltr'><strong>vero</strong></span> <span class='ocrx_word' id='word_1_71' title='bbox 1761 1110 1794 1151; x_wconf 91' lang='lat' dir='ltr'><strong>e</strong></span> <span class='ocrx_word' id='word_1_72' title='bbox 1821 1093 1966 1166; x_wconf 87' lang='lat' dir='ltr'><strong>Cap-</strong></span> 
     </span>
    </p>
   </div>
   <div class='ocr_carea' id='block_1_13' title="bbox 391 1187 1970 1261">
    <p class='ocr_par' dir='ltr' id='par_1_13' title="bbox 391 1187 1970 1261">
     <span class='ocr_line' id='line_1_13' title="bbox 391 1187 1970 1261; baseline -0.001 -20"><span class='ocrx_word' id='word_1_73' title='bbox 391 1187 622 1256; x_wconf 85' lang='lat' dir='ltr'><strong>padocia</strong></span> <span class='ocrx_word' id='word_1_74' title='bbox 671 1203 770 1258; x_wconf 90' lang='lat' dir='ltr'><strong>per</strong></span> <span class='ocrx_word' id='word_1_75' title='bbox 816 1191 1030 1247; x_wconf 88' lang='lat' dir='ltr'><strong>litteras</strong></span> <span class='ocrx_word' id='word_1_76' title='bbox 1082 1190 1459 1261; x_wconf 78' lang='lat' dir='ltr'><strong>singularibus</strong></span> <span class='ocrx_word' id='word_1_77' title='bbox 1497 1189 1660 1259; x_wconf 87' lang='lat' dir='ltr'><strong>plane</strong></span> <span class='ocrx_word' id='word_1_78' title='bbox 1703 1203 1831 1258; x_wconf 88' lang='lat' dir='ltr'><strong>erga</strong></span> <span class='ocrx_word' id='word_1_79' title='bbox 1881 1202 1970 1241; x_wconf 88' lang='lat' dir='ltr'><strong>me</strong></span> 
     </span>
    </p>
   </div>
   <div class='ocr_carea' id='block_1_14' title="bbox 392 1276 1969 1351">
    <p class='ocr_par' dir='ltr' id='par_1_14' title="bbox 392 1276 1969 1351">
     <span class='ocr_line' id='line_1_14' title="bbox 392 1276 1969 1351; baseline 0.002 -22"><span class='ocrx_word' id='word_1_80' title='bbox 392 1276 595 1332; x_wconf 75' lang='lat' dir='ltr'><strong>ofﬁciis</strong></span> <span class='ocrx_word' id='word_1_81' title='bbox 634 1285 933 1336; x_wconf 88' lang='lat' dir='ltr'><strong>certantes.</strong></span> <span class='ocrx_word' id='word_1_82' title='bbox 971 1280 1114 1347; x_wconf 86' lang='lat' dir='ltr'><strong>Quid</strong></span> <span class='ocrx_word' id='word_1_83' title='bbox 1145 1281 1318 1351; x_wconf 89' lang='lat' dir='ltr'><strong>igitur</strong></span> <span class='ocrx_word' id='word_1_84' title='bbox 1358 1294 1460 1350; x_wconf 85' lang='lat' dir='ltr'><strong>ego</strong></span> <span class='ocrx_word' id='word_1_85' title='bbox 1503 1279 1704 1336; x_wconf 82' lang='lat' dir='ltr'><strong>senex?</strong></span> <span class='ocrx_word' id='word_1_86' title='bbox 1741 1277 1969 1333; x_wconf 82' lang='lat' dir='ltr'><strong>Felicis-</strong></span> 
     </span>
    </p>
   </div>
   <div class='ocr_carea' id='block_1_15' title="bbox 391 1365 1967 1440">
    <p class='ocr_par' dir='ltr' id='par_1_15' title="bbox 391 1365 1967 1440">
     <span class='ocr_line' id='line_1_15' title="bbox 391 1365 1967 1440; baseline 0.003 -22"><span class='ocrx_word' id='word_1_87' title='bbox 391 1365 589 1418; x_wconf 79' lang='lat' dir='ltr'><strong>simam</strong></span> <span class='ocrx_word' id='word_1_88' title='bbox 619 1381 818 1422; x_wconf 79' lang='lat' dir='ltr'><strong>censeo</strong></span> <span class='ocrx_word' id='word_1_89' title='bbox 848 1383 968 1422; x_wconf 89' lang='lat' dir='ltr'><strong>eam</strong></span> <span class='ocrx_word' id='word_1_90' title='bbox 1005 1371 1171 1432; x_wconf 91' lang='lat' dir='ltr'><strong>diem,</strong></span> <span class='ocrx_word' id='word_1_91' title='bbox 1203 1369 1259 1424; x_wconf 91' lang='lat' dir='ltr'><strong>in</strong></span> <span class='ocrx_word' id='word_1_92' title='bbox 1287 1385 1394 1440; x_wconf 87' lang='lat' dir='ltr'><strong>qua</strong></span> <span class='ocrx_word' id='word_1_93' title='bbox 1431 1369 1597 1424; x_wconf 88' lang='lat' dir='ltr'><strong>talem</strong></span> <span class='ocrx_word' id='word_1_94' title='bbox 1633 1368 1795 1423; x_wconf 89' lang='lat' dir='ltr'><strong>video</strong></span> <span class='ocrx_word' id='word_1_95' title='bbox 1824 1367 1967 1422; x_wconf 87' lang='lat' dir='ltr'><strong>inter</strong></span> 
     </span>
    </p>
   </div>
   <div class='ocr_carea' id='block_1_16' title="bbox 393 1459 1967 1530">
    <p class='ocr_par' dir='ltr' id='par_1_16' title="bbox 393 1459 1967 1530">
     <span class='ocr_line' id='line_1_16' title="bbox 393 1459 1967 1530; baseline 0.003 -20"><span class='ocrx_word' id='word_1_96' title='bbox 393 1467 598 1526; x_wconf 79' lang='lat' dir='ltr'><strong>patrem</strong></span> <span class='ocrx_word' id='word_1_97' title='bbox 632 1459 912 1530; x_wconf 78' lang='lat' dir='ltr'><strong>ﬁliumque</strong></span> <span class='ocrx_word' id='word_1_98' title='bbox 963 1463 1399 1517; x_wconf 89' lang='lat' dir='ltr'><strong>contentionem.</strong></span> <span class='ocrx_word' id='word_1_99' title='bbox 1435 1459 1515 1515; x_wconf 83' lang='lat' dir='ltr'><strong>Ne</strong></span> <span class='ocrx_word' id='word_1_100' title='bbox 1554 1459 1742 1528; x_wconf 89' lang='lat' dir='ltr'><strong>itaque</strong></span> <span class='ocrx_word' id='word_1_101' title='bbox 1781 1473 1967 1514; x_wconf 83' lang='lat' dir='ltr'><strong>cesses</strong></span> 
     </span>
    </p>
   </div>
   <div class='ocr_carea' id='block_1_17' title="bbox 386 1545 1966 1618">
    <p class='ocr_par' dir='ltr' id='par_1_17' title="bbox 386 1545 1966 1618">
     <span class='ocr_line' id='line_1_17' title="bbox 386 1545 1966 1618; baseline 0.003 -21"><span class='ocrx_word' id='word_1_102' title='bbox 386 1546 536 1612; x_wconf 85' lang='lat' dir='ltr'><strong>justa</strong></span> <span class='ocrx_word' id='word_1_103' title='bbox 581 1545 708 1599; x_wconf 89' lang='lat' dir='ltr'><strong>boni</strong></span> <span class='ocrx_word' id='word_1_104' title='bbox 759 1555 813 1601; x_wconf 88' lang='lat' dir='ltr'><strong>et</strong></span> <span class='ocrx_word' id='word_1_105' title='bbox 861 1549 1173 1603; x_wconf 86' lang='lat' dir='ltr'><strong>admirandi</strong></span> <span class='ocrx_word' id='word_1_106' title='bbox 1219 1549 1394 1618; x_wconf 86' lang='lat' dir='ltr'><strong>patris</strong></span> <span class='ocrx_word' id='word_1_107' title='bbox 1434 1556 1564 1604; x_wconf 90' lang='lat' dir='ltr'><strong>vota</strong></span> <span class='ocrx_word' id='word_1_108' title='bbox 1612 1547 1864 1616; x_wconf 89' lang='lat' dir='ltr'><strong>implere,</strong></span> <span class='ocrx_word' id='word_1_109' title='bbox 1911 1554 1966 1602; x_wconf 84' lang='lat' dir='ltr'><strong>et</strong></span> 
     </span>
    </p>
   </div>
   <div class='ocr_carea' id='block_1_18' title="bbox 393 1637 2010 1711">
    <p class='ocr_par' dir='ltr' id='par_1_18' title="bbox 393 1637 2010 1711">
     <span class='ocr_line' id='line_1_18' title="bbox 393 1637 2010 1711; baseline 0.003 -22"><span class='ocrx_word' id='word_1_110' title='bbox 393 1637 672 1706; x_wconf 68' lang='lat' dir='ltr'><strong>praeclaris</strong></span> <span class='ocrx_word' id='word_1_111' title='bbox 714 1637 875 1694; x_wconf 85' lang='lat' dir='ltr'><strong>factis</strong></span> <span class='ocrx_word' id='word_1_112' title='bbox 921 1647 1209 1710; x_wconf 84' lang='lat' dir='ltr'><strong>paternam</strong></span> <span class='ocrx_word' id='word_1_113' title='bbox 1239 1640 1471 1711; x_wconf 84' lang='lat' dir='ltr'><strong>gloriam</strong></span> <span class='ocrx_word' id='word_1_114' title='bbox 1520 1655 1808 1711; x_wconf 88' lang='lat' dir='ltr'><strong>superare.</strong></span> <span class='ocrx_word' id='word_1_115' title='bbox 1854 1639 1966 1710; x_wconf 79' lang='lat' dir='ltr'><strong>Ego</strong></span> <span class='ocrx_word' id='word_1_116' title='bbox 2007 1642 2010 1644; x_wconf 64' lang='grc'>⁷</span> 
     </span>
    </p>
   </div>
   <div class='ocr_carea' id='block_1_19' title="bbox 391 1731 1962 1804">
    <p class='ocr_par' dir='ltr' id='par_1_19' title="bbox 391 1731 1962 1804">
     <span class='ocr_line' id='line_1_19' title="bbox 391 1731 1962 1804; baseline 0.003 -22"><span class='ocrx_word' id='word_1_117' title='bbox 391 1743 525 1785; x_wconf 84' lang='lat' dir='ltr'><strong>sane</strong></span> <span class='ocrx_word' id='word_1_118' title='bbox 574 1731 842 1787; x_wconf 86' lang='lat' dir='ltr'><strong>ambobus</strong></span> <span class='ocrx_word' id='word_1_119' title='bbox 877 1733 1036 1787; x_wconf 88' lang='lat' dir='ltr'><strong>vobis</strong></span> <span class='ocrx_word' id='word_1_120' title='bbox 1065 1731 1369 1804; x_wconf 88' lang='lat' dir='ltr'><strong>gratiosum</strong></span> <span class='ocrx_word' id='word_1_121' title='bbox 1412 1747 1499 1787; x_wconf 92' lang='lat' dir='ltr'><strong>me</strong></span> <span class='ocrx_word' id='word_1_122' title='bbox 1534 1732 1774 1802; x_wconf 87' lang='lat' dir='ltr'><strong>judicem</strong></span> <span class='ocrx_word' id='word_1_123' title='bbox 1823 1747 1962 1802; x_wconf 70' lang='lat' dir='ltr'><strong>prae-</strong></span> 
     </span>
    </p>
   </div>
   <div class='ocr_carea' id='block_1_20' title="bbox 394 1820 1963 1895">
    <p class='ocr_par' dir='ltr' id='par_1_20' title="bbox 394 1820 1963 1895">
     <span class='ocr_line' id='line_1_20' title="bbox 394 1820 1963 1895; baseline 0.003 -22"><span class='ocrx_word' id='word_1_124' title='bbox 394 1820 550 1887; x_wconf 88' lang='lat' dir='ltr'><strong>bebo,</strong></span> <span class='ocrx_word' id='word_1_125' title='bbox 605 1822 706 1876; x_wconf 90' lang='lat' dir='ltr'><strong>tibi</strong></span> <span class='ocrx_word' id='word_1_126' title='bbox 756 1823 978 1892; x_wconf 89' lang='lat' dir='ltr'><strong>quidem</strong></span> <span class='ocrx_word' id='word_1_127' title='bbox 1030 1825 1265 1895; x_wconf 85' lang='lat' dir='ltr'><strong>palmam</strong></span> <span class='ocrx_word' id='word_1_128' title='bbox 1315 1823 1384 1880; x_wconf 89' lang='lat' dir='ltr'><strong>de</strong></span> <span class='ocrx_word' id='word_1_129' title='bbox 1427 1829 1586 1895; x_wconf 90' lang='lat' dir='ltr'><strong>patre</strong></span> <span class='ocrx_word' id='word_1_130' title='bbox 1631 1823 1963 1889; x_wconf 89' lang='lat' dir='ltr'><strong>concedens,</strong></span> 
     </span>
    </p>
   </div>
   <div class='ocr_carea' id='block_1_21' title="bbox 392 1911 1967 1986">
    <p class='ocr_par' dir='ltr' id='par_1_21' title="bbox 392 1911 1967 1986">
     <span class='ocr_line' id='line_1_21' title="bbox 392 1911 1967 1986; baseline 0.002 -21"><span class='ocrx_word' id='word_1_131' title='bbox 392 1911 533 1981; x_wconf 82' lang='lat' dir='ltr'><strong>patri</strong></span> <span class='ocrx_word' id='word_1_132' title='bbox 565 1928 692 1968; x_wconf 87' lang='lat' dir='ltr'><strong>vero</strong></span> <span class='ocrx_word' id='word_1_133' title='bbox 721 1913 790 1969; x_wconf 92' lang='lat' dir='ltr'><strong>de</strong></span> <span class='ocrx_word' id='word_1_134' title='bbox 817 1921 889 1970; x_wconf 89' lang='lat' dir='ltr'><strong>te.</strong></span> <span class='ocrx_word' id='word_1_135' title='bbox 922 1913 1034 1971; x_wconf 88' lang='lat' dir='ltr'><strong>Nos</strong></span> <span class='ocrx_word' id='word_1_136' title='bbox 1067 1921 1252 1970; x_wconf 89' lang='lat' dir='ltr'><strong>autem</strong></span> <span class='ocrx_word' id='word_1_137' title='bbox 1291 1930 1566 1986; x_wconf 84' lang='lat' dir='ltr'><strong>asperam,</strong></span> <span class='ocrx_word' id='word_1_138' title='bbox 1607 1929 1719 1969; x_wconf 87' lang='lat' dir='ltr'><strong>non</strong></span> <span class='ocrx_word' id='word_1_139' title='bbox 1746 1921 1855 1967; x_wconf 88' lang='lat' dir='ltr'><strong>tam</strong></span> <span class='ocrx_word' id='word_1_140' title='bbox 1890 1916 1967 1968; x_wconf 89' lang='lat' dir='ltr'><strong>la-</strong></span> 
     </span>
    </p>
   </div>
   <div class='ocr_carea' id='block_1_22' title="bbox 392 2001 1968 2073">
    <p class='ocr_par' dir='ltr' id='par_1_22' title="bbox 392 2001 1968 2073">
     <span class='ocr_line' id='line_1_22' title="bbox 392 2001 1968 2073; baseline 0.001 -18"><span class='ocrx_word' id='word_1_141' title='bbox 392 2002 612 2072; x_wconf 76' lang='lat' dir='ltr'><strong>pidibus</strong></span> <span class='ocrx_word' id='word_1_142' title='bbox 643 2019 809 2073; x_wconf 81' lang='lat' dir='ltr'><strong>quam</strong></span> <span class='ocrx_word' id='word_1_143' title='bbox 866 2005 1241 2060; x_wconf 88' lang='lat' dir='ltr'><strong>habitatorum</strong></span> <span class='ocrx_word' id='word_1_144' title='bbox 1286 2003 1557 2070; x_wconf 89' lang='lat' dir='ltr'><strong>moribus,</strong></span> <span class='ocrx_word' id='word_1_145' title='bbox 1606 2002 1844 2058; x_wconf 87' lang='lat' dir='ltr'><strong>Ithacam</strong></span> <span class='ocrx_word' id='word_1_146' title='bbox 1889 2001 1968 2057; x_wconf 81' lang='lat' dir='ltr'><strong>fe-</strong></span> 
     </span>
    </p>
   </div>
   <div class='ocr_carea' id='block_1_23' title="bbox 392 2091 1967 2165">
    <p class='ocr_par' dir='ltr' id='par_1_23' title="bbox 392 2091 1967 2165">
     <span class='ocr_line' id='line_1_23' title="bbox 392 2091 1967 2165; baseline -0.001 -17"><span class='ocrx_word' id='word_1_147' title='bbox 392 2108 591 2157; x_wconf 85' lang='lat' dir='ltr'><strong>remus,</strong></span> <span class='ocrx_word' id='word_1_148' title='bbox 627 2095 684 2149; x_wconf 90' lang='lat' dir='ltr'><strong>in</strong></span> <span class='ocrx_word' id='word_1_149' title='bbox 724 2109 830 2164; x_wconf 92' lang='lat' dir='ltr'><strong>qua</strong></span> <span class='ocrx_word' id='word_1_150' title='bbox 875 2095 1036 2149; x_wconf 92' lang='lat' dir='ltr'><strong>multi</strong></span> <span class='ocrx_word' id='word_1_151' title='bbox 1081 2094 1238 2165; x_wconf 92' lang='lat' dir='ltr'><strong>proci</strong></span> <span class='ocrx_word' id='word_1_152' title='bbox 1292 2103 1350 2148; x_wconf 89' lang='lat' dir='ltr'><strong>et</strong></span> <span class='ocrx_word' id='word_1_153' title='bbox 1394 2095 1669 2149; x_wconf 89' lang='lat' dir='ltr'><strong>bonorum</strong></span> <span class='ocrx_word' id='word_1_154' title='bbox 1714 2091 1967 2161; x_wconf 68' lang='lat' dir='ltr'><strong>expetita:</strong></span> 
     </span>
    </p>
   </div>
   <div class='ocr_carea' id='block_1_24' title="bbox 391 2183 1968 2257">
    <p class='ocr_par' dir='ltr' id='par_1_24' title="bbox 391 2183 1968 2257">
     <span class='ocr_line' id='line_1_24' title="bbox 391 2183 1968 2257; baseline 0 -19"><span class='ocrx_word' id='word_1_155' title='bbox 391 2184 457 2239; x_wconf 82' lang='lat' dir='ltr'><strong>ad</strong></span> <span class='ocrx_word' id='word_1_156' title='bbox 493 2185 716 2254; x_wconf 86' lang='lat' dir='ltr'><strong>nuptias</strong></span> <span class='ocrx_word' id='word_1_157' title='bbox 749 2185 996 2241; x_wconf 86' lang='lat' dir='ltr'><strong>mulieris</strong></span> <span class='ocrx_word' id='word_1_158' title='bbox 1033 2193 1420 2257; x_wconf 82' lang='lat' dir='ltr'><strong>occupatores,</strong></span> <span class='ocrx_word' id='word_1_159' title='bbox 1452 2186 1548 2256; x_wconf 90' lang='lat' dir='ltr'><strong>qui</strong></span> <span class='ocrx_word' id='word_1_160' title='bbox 1582 2184 1665 2240; x_wconf 89' lang='lat' dir='ltr'><strong>vel</strong></span> <span class='ocrx_word' id='word_1_161' title='bbox 1705 2184 1808 2240; x_wconf 88' lang='lat' dir='ltr'><strong>hoc</strong></span> <span class='ocrx_word' id='word_1_162' title='bbox 1844 2183 1968 2253; x_wconf 89' lang='lat' dir='ltr'><strong>ipso</strong></span> 
     </span>
    </p>
   </div>
   <div class='ocr_carea' id='block_1_25' title="bbox 391 2275 1969 2349">
    <p class='ocr_par' dir='ltr' id='par_1_25' title="bbox 391 2275 1969 2349">
     <span class='ocr_line' id='line_1_25' title="bbox 391 2275 1969 2349; baseline -0.001 -17"><span class='ocrx_word' id='word_1_163' title='bbox 391 2292 650 2347; x_wconf 77' lang='lat' dir='ltr'><strong>sponsam</strong></span> <span class='ocrx_word' id='word_1_164' title='bbox 695 2279 1032 2334; x_wconf 82' lang='lat' dir='ltr'><strong>contumelia</strong></span> <span class='ocrx_word' id='word_1_165' title='bbox 1065 2277 1332 2342; x_wconf 76' lang='lat' dir='ltr'><strong>alliciunt,</strong></span> <span class='ocrx_word' id='word_1_166' title='bbox 1367 2277 1513 2349; x_wconf 91' lang='lat' dir='ltr'><strong>quod</strong></span> <span class='ocrx_word' id='word_1_167' title='bbox 1557 2275 1844 2333; x_wconf 74' lang='lat' dir='ltr'><strong>modestia:</strong></span> <span class='ocrx_word' id='word_1_168' title='bbox 1886 2284 1969 2330; x_wconf 88' lang='lat' dir='ltr'><strong>at-</strong></span> 
     </span>
    </p>
   </div>
   <div class='ocr_carea' id='block_1_26' title="bbox 388 2368 1972 2440">
    <p class='ocr_par' dir='ltr' id='par_1_26' title="bbox 388 2368 1972 2440">
     <span class='ocr_line' id='line_1_26' title="bbox 388 2368 1972 2440; baseline 0.001 -17"><span class='ocrx_word' id='word_1_169' title='bbox 388 2385 498 2439; x_wconf 76' lang='lat' dir='ltr'><strong>que</strong></span> <span class='ocrx_word' id='word_1_170' title='bbox 541 2368 740 2439; x_wconf 88' lang='lat' dir='ltr'><strong>pudori</strong></span> <span class='ocrx_word' id='word_1_171' title='bbox 776 2369 1000 2440; x_wconf 88' lang='lat' dir='ltr'><strong>nuptias</strong></span> <span class='ocrx_word' id='word_1_172' title='bbox 1045 2368 1350 2437; x_wconf 90' lang='lat' dir='ltr'><strong>minantur,</strong></span> <span class='ocrx_word' id='word_1_173' title='bbox 1395 2369 1695 2438; x_wconf 79' lang='lat' dir='ltr'><strong>Melantho,</strong></span> <span class='ocrx_word' id='word_1_174' title='bbox 1744 2371 1830 2425; x_wconf 82' lang='lat' dir='ltr'><strong>vel</strong></span> <span class='ocrx_word' id='word_1_175' title='bbox 1877 2370 1972 2425; x_wconf 80' lang='lat' dir='ltr'><strong>ali-</strong></span> 
     </span>
    </p>
   </div>
   <div class='ocr_carea' id='block_1_27' title="bbox 391 2461 1966 2534">
    <p class='ocr_par' dir='ltr' id='par_1_27' title="bbox 391 2461 1966 2534">
     <span class='ocr_line' id='line_1_27' title="bbox 391 2461 1966 2534; baseline 0.003 -18"><span class='ocrx_word' id='word_1_176' title='bbox 391 2476 499 2532; x_wconf 75' lang='lat' dir='ltr'><strong>qua</strong></span> <span class='ocrx_word' id='word_1_177' title='bbox 547 2461 655 2516; x_wconf 88' lang='lat' dir='ltr'><strong>alia</strong></span> <span class='ocrx_word' id='word_1_178' title='bbox 715 2462 963 2532; x_wconf 89' lang='lat' dir='ltr'><strong>ejusdem</strong></span> <span class='ocrx_word' id='word_1_179' title='bbox 1012 2463 1230 2534; x_wconf 85' lang='lat' dir='ltr'><strong>generis</strong></span> <span class='ocrx_word' id='word_1_180' title='bbox 1286 2465 1537 2531; x_wconf 90' lang='lat' dir='ltr'><strong>muliere,</strong></span> <span class='ocrx_word' id='word_1_181' title='bbox 1594 2473 1655 2520; x_wconf 91' lang='lat' dir='ltr'><strong>ut</strong></span> <span class='ocrx_word' id='word_1_182' title='bbox 1701 2465 1966 2530; x_wconf 85' lang='lat' dir='ltr'><strong>arbitror,</strong></span> 
     </span>
    </p>
   </div>
   <div class='ocr_carea' id='block_1_28' title="bbox 389 2553 1969 2626">
    <p class='ocr_par' dir='ltr' id='par_1_28' title="bbox 389 2553 1969 2626">
     <span class='ocr_line' id='line_1_28' title="bbox 389 2553 1969 2626; baseline 0.003 -19"><span class='ocrx_word' id='word_1_183' title='bbox 389 2553 553 2624; x_wconf 79' lang='lat' dir='ltr'><strong>digna</strong></span> <span class='ocrx_word' id='word_1_184' title='bbox 598 2563 1016 2624; x_wconf 86' lang='lat' dir='ltr'><strong>perpetrantes;</strong></span> <span class='ocrx_word' id='word_1_185' title='bbox 1068 2555 1164 2612; x_wconf 87' lang='lat' dir='ltr'><strong>sed</strong></span> <span class='ocrx_word' id='word_1_186' title='bbox 1195 2555 1290 2626; x_wconf 93' lang='lat' dir='ltr'><strong>qui</strong></span> <span class='ocrx_word' id='word_1_187' title='bbox 1351 2571 1482 2611; x_wconf 90' lang='lat' dir='ltr'><strong>areu</strong></span> <span class='ocrx_word' id='word_1_188' title='bbox 1532 2557 1732 2624; x_wconf 86' lang='lat' dir='ltr'><strong>valeat,</strong></span> <span class='ocrx_word' id='word_1_189' title='bbox 1783 2555 1969 2612; x_wconf 81' lang='lat' dir='ltr'><strong>nullus</strong></span> 
     </span>
    </p>
   </div>
   <div class='ocr_carea' id='block_1_29' title="bbox 390 2645 1968 2720">
    <p class='ocr_par' dir='ltr' id='par_1_29' title="bbox 390 2645 1968 2720">
     <span class='ocr_line' id='line_1_29' title="bbox 390 2645 1968 2720; baseline 0 -18"><span class='ocrx_word' id='word_1_190' title='bbox 390 2648 650 2717; x_wconf 84' lang='lat' dir='ltr'><strong>suppetit.</strong></span> <span class='ocrx_word' id='word_1_191' title='bbox 699 2645 865 2702; x_wconf 83' lang='lat' dir='ltr'><strong>Vides</strong></span> <span class='ocrx_word' id='word_1_192' title='bbox 921 2662 1086 2717; x_wconf 90' lang='lat' dir='ltr'><strong>quam</strong></span> <span class='ocrx_word' id='word_1_193' title='bbox 1147 2649 1396 2704; x_wconf 87' lang='lat' dir='ltr'><strong>seniliter</strong></span> <span class='ocrx_word' id='word_1_194' title='bbox 1437 2649 1492 2703; x_wconf 91' lang='lat' dir='ltr'><strong>in</strong></span> <span class='ocrx_word' id='word_1_195' title='bbox 1544 2649 1664 2712; x_wconf 87' lang='lat' dir='ltr'><strong>his,</strong></span> <span class='ocrx_word' id='word_1_196' title='bbox 1717 2663 1840 2720; x_wconf 62' lang='lat' dir='ltr'><strong>quae</strong></span> <span class='ocrx_word' id='word_1_197' title='bbox 1888 2648 1968 2703; x_wconf 91' lang='lat' dir='ltr'><strong>nil</strong></span> 
     </span>
    </p>
   </div>
   <div class='ocr_carea' id='block_1_30' title="bbox 389 2738 1966 2808">
    <p class='ocr_par' dir='ltr' id='par_1_30' title="bbox 389 2738 1966 2808">
     <span class='ocr_line' id='line_1_30' title="bbox 389 2738 1966 2808; baseline 0.001 -16"><span class='ocrx_word' id='word_1_198' title='bbox 389 2739 550 2792; x_wconf 75' lang='lat' dir='ltr'><strong>nobis</strong></span> <span class='ocrx_word' id='word_1_199' title='bbox 589 2738 948 2800; x_wconf 88' lang='lat' dir='ltr'><strong>conveniunt,</strong></span> <span class='ocrx_word' id='word_1_200' title='bbox 985 2739 1171 2808; x_wconf 81' lang='lat' dir='ltr'><strong>nugati</strong></span> <span class='ocrx_word' id='word_1_201' title='bbox 1208 2755 1422 2794; x_wconf 86' lang='lat' dir='ltr'><strong>sumus.</strong></span> <span class='ocrx_word' id='word_1_202' title='bbox 1463 2738 1568 2794; x_wconf 91' lang='lat' dir='ltr'><strong>Sed</strong></span> <span class='ocrx_word' id='word_1_203' title='bbox 1599 2739 1734 2794; x_wconf 89' lang='lat' dir='ltr'><strong>mihi</strong></span> <span class='ocrx_word' id='word_1_204' title='bbox 1767 2740 1837 2795; x_wconf 90' lang='lat' dir='ltr'><strong>ob</strong></span> <span class='ocrx_word' id='word_1_205' title='bbox 1869 2754 1966 2794; x_wconf 92' lang='lat' dir='ltr'><strong>ca-</strong></span> 
     </span>
    </p>
   </div>
   <div class='ocr_carea' id='block_1_31' title="bbox 389 2827 1962 2901">
    <p class='ocr_par' dir='ltr' id='par_1_31' title="bbox 389 2827 1962 2901">
     <span class='ocr_line' id='line_1_31' title="bbox 389 2827 1962 2901; baseline 0.004 -21"><span class='ocrx_word' id='word_1_206' title='bbox 389 2827 578 2880; x_wconf 81' lang='lat' dir='ltr'><strong>nitiem</strong></span> <span class='ocrx_word' id='word_1_207' title='bbox 637 2827 796 2881; x_wconf 87' lang='lat' dir='ltr'><strong>venia</strong></span> <span class='ocrx_word' id='word_1_208' title='bbox 851 2829 996 2883; x_wconf 88' lang='lat' dir='ltr'><strong>ultro</strong></span> <span class='ocrx_word' id='word_1_209' title='bbox 1049 2829 1230 2882; x_wconf 87' lang='lat' dir='ltr'><strong>danda</strong></span> <span class='ocrx_word' id='word_1_210' title='bbox 1284 2831 1422 2897; x_wconf 87' lang='lat' dir='ltr'><strong>erit;</strong></span> <span class='ocrx_word' id='word_1_211' title='bbox 1482 2832 1763 2901; x_wconf 88' lang='lat' dir='ltr'><strong>proprium</strong></span> <span class='ocrx_word' id='word_1_212' title='bbox 1821 2832 1962 2887; x_wconf 85' lang='lat' dir='ltr'><strong>enim</strong></span> 
     </span>
    </p>
   </div>
   <div class='ocr_carea' id='block_1_32' title="bbox 389 2917 1965 2993">
    <p class='ocr_par' dir='ltr' id='par_1_32' title="bbox 389 2917 1965 2993">
     <span class='ocr_line' id='line_1_32' title="bbox 389 2917 1965 2993; baseline 0.005 -23"><span class='ocrx_word' id='word_1_213' title='bbox 389 2917 688 2970; x_wconf 80' lang='lat' dir='ltr'><strong>senectutis</strong></span> <span class='ocrx_word' id='word_1_214' title='bbox 727 2927 830 2982; x_wconf 89' lang='lat' dir='ltr'><strong>est,</strong></span> <span class='ocrx_word' id='word_1_215' title='bbox 861 2919 1319 2988; x_wconf 77' lang='lat' dir='ltr'><strong>quemadmodum</strong></span> <span class='ocrx_word' id='word_1_216' title='bbox 1351 2920 1544 2976; x_wconf 92' lang='lat' dir='ltr'><strong>oculos</strong></span> <span class='ocrx_word' id='word_1_217' title='bbox 1561 2923 1857 2993; x_wconf 84' lang='lat' dir='ltr'><strong>gravedine</strong></span> <span class='ocrx_word' id='word_1_218' title='bbox 1878 2925 1965 2978; x_wconf 88' lang='lat' dir='ltr'><strong>in-</strong></span> 
     </span>
    </p>
   </div>
   <div class='ocr_carea' id='block_1_33' title="bbox 393 3011 1960 3085">
    <p class='ocr_par' dir='ltr' id='par_1_33' title="bbox 393 3011 1960 3085">
     <span class='ocr_line' id='line_1_33' title="bbox 393 3011 1960 3085; baseline 0.006 -22"><span class='ocrx_word' id='word_1_219' title='bbox 393 3011 591 3065; x_wconf 83' lang='lat' dir='ltr'><strong>festare</strong></span> <span class='ocrx_word' id='word_1_220' title='bbox 629 3018 686 3065; x_wconf 93' lang='lat' dir='ltr'><strong>et</strong></span> <span class='ocrx_word' id='word_1_221' title='bbox 731 3013 994 3068; x_wconf 80' lang='lat' dir='ltr'><strong>membris</strong></span> <span class='ocrx_word' id='word_1_222' title='bbox 1054 3014 1311 3068; x_wconf 89' lang='lat' dir='ltr'><strong>omnibus</strong></span> <span class='ocrx_word' id='word_1_223' title='bbox 1351 3021 1630 3085; x_wconf 90' lang='lat' dir='ltr'><strong>torporem</strong></span> <span class='ocrx_word' id='word_1_224' title='bbox 1679 3017 1960 3084; x_wconf 86' lang='lat' dir='ltr'><strong>inducere,</strong></span> 
     </span>
    </p>
   </div>
   <div class='ocr_carea' id='block_1_34' title="bbox 389 3102 1960 3173">
    <p class='ocr_par' dir='ltr' id='par_1_34' title="bbox 389 3102 1960 3173">
     <span class='ocr_line' id='line_1_34' title="bbox 389 3102 1960 3173; baseline 0.006 -19"><span class='ocrx_word' id='word_1_225' title='bbox 389 3102 460 3154; x_wconf 86' lang='lat' dir='ltr'><strong>ita</strong></span> <span class='ocrx_word' id='word_1_226' title='bbox 501 3110 556 3156; x_wconf 90' lang='lat' dir='ltr'><strong>et</strong></span> <span class='ocrx_word' id='word_1_227' title='bbox 600 3104 877 3173; x_wconf 61' lang='lat' dir='ltr'><strong>garrulam</strong></span> <span class='ocrx_word' id='word_1_228' title='bbox 913 3114 1076 3173; x_wconf 84' lang='lat' dir='ltr'><strong>atque</strong></span> <span class='ocrx_word' id='word_1_229' title='bbox 1121 3105 1410 3160; x_wconf 85' lang='lat' dir='ltr'><strong>verbosam</strong></span> <span class='ocrx_word' id='word_1_230' title='bbox 1442 3120 1586 3162; x_wconf 79' lang='lat' dir='ltr'><strong>esse.</strong></span> <span class='ocrx_word' id='word_1_231' title='bbox 1635 3106 1719 3162; x_wconf 90' lang='lat' dir='ltr'><strong>Tu</strong></span> <span class='ocrx_word' id='word_1_232' title='bbox 1778 3116 1960 3165; x_wconf 90' lang='lat' dir='ltr'><strong>autem</strong></span> 
     </span>
    </p>
   </div>
   <div class='ocr_carea' id='block_1_35' title="bbox 389 3192 1958 3266">
    <p class='ocr_par' dir='ltr' id='par_1_35' title="bbox 389 3192 1958 3266">
     <span class='ocr_line' id='line_1_35' title="bbox 389 3192 1958 3266; baseline 0.007 -20"><span class='ocrx_word' id='word_1_233' title='bbox 389 3193 634 3257; x_wconf 81' lang='lat' dir='ltr'><strong>volubili,</strong></span> <span class='ocrx_word' id='word_1_234' title='bbox 693 3192 902 3249; x_wconf 79' lang='lat' dir='ltr'><strong>fervido</strong></span> <span class='ocrx_word' id='word_1_235' title='bbox 950 3204 1116 3265; x_wconf 86' lang='lat' dir='ltr'><strong>atque</strong></span> <span class='ocrx_word' id='word_1_236' title='bbox 1157 3196 1388 3252; x_wconf 88' lang='lat' dir='ltr'><strong>incitato</strong></span> <span class='ocrx_word' id='word_1_237' title='bbox 1422 3213 1680 3255; x_wconf 89' lang='lat' dir='ltr'><strong>sermone</strong></span> <span class='ocrx_word' id='word_1_238' title='bbox 1727 3215 1850 3266; x_wconf 88' lang='lat' dir='ltr'><strong>nos,</strong></span> <span class='ocrx_word' id='word_1_239' title='bbox 1897 3208 1958 3257; x_wconf 90' lang='lat' dir='ltr'><strong>ut</strong></span> 
     </span>
    </p>
   </div>
   <div class='ocr_carea' id='block_1_36' title="bbox 381 3283 1956 3363">
    <p class='ocr_par' dir='ltr' id='par_1_36' title="bbox 381 3283 1956 3363">
     <span class='ocr_line' id='line_1_36' title="bbox 381 3283 1956 3363; baseline 0.006 -23"><span class='ocrx_word' id='word_1_240' title='bbox 381 3287 639 3354; x_wconf 89' lang='lat' dir='ltr'><strong>juvenem</strong></span> <span class='ocrx_word' id='word_1_241' title='bbox 678 3283 858 3352; x_wconf 88' lang='lat' dir='ltr'><strong>decet,</strong></span> <span class='ocrx_word' id='word_1_242' title='bbox 903 3289 1208 3358; x_wconf 80' lang='lat' dir='ltr'><strong>excipiens,</strong></span> <span class='ocrx_word' id='word_1_243' title='bbox 1259 3305 1344 3346; x_wconf 91' lang='lat' dir='ltr'><strong>me</strong></span> <span class='ocrx_word' id='word_1_244' title='bbox 1365 3291 1644 3361; x_wconf 86' lang='lat' dir='ltr'><strong>juventuti</strong></span> <span class='ocrx_word' id='word_1_245' title='bbox 1687 3295 1956 3363; x_wconf 89' lang='lat' dir='ltr'><strong>quodam-</strong></span> 
     </span>
    </p>
   </div>
   <div class='ocr_carea' id='block_1_37' title="bbox 2067 541 3655 616">
    <p class='ocr_par' dir='ltr' id='par_1_37' title="bbox 2067 541 3655 616">
     <span class='ocr_line' id='line_1_37' title="bbox 2067 541 3655 616; baseline -0.002 -20"><span class='ocrx_word' id='word_1_246' title='bbox 2067 545 2258 615; x_wconf 87' lang='grc' dir='ltr'><strong>λήνων,</strong></span> <span class='ocrx_word' id='word_1_247' title='bbox 2290 543 2424 616; x_wconf 83' lang='grc' dir='ltr'><strong>πρὸς</strong></span> <span class='ocrx_word' id='word_1_248' title='bbox 2456 543 2545 598; x_wconf 77' lang='grc' dir='ltr'><strong>τὸν</strong></span> <span class='ocrx_word' id='word_1_249' title='bbox 2577 542 2777 597; x_wconf 82' lang='grc' dir='ltr'><strong>σκοπὸν</strong></span> <span class='ocrx_word' id='word_1_250' title='bbox 2803 541 2899 595; x_wconf 79' lang='grc' dir='ltr'><strong>τοῦ</strong></span> <span class='ocrx_word' id='word_1_251' title='bbox 2925 542 3082 611; x_wconf 84' lang='grc' dir='ltr'>λόγου</span> <span class='ocrx_word' id='word_1_252' title='bbox 3110 541 3496 612; x_wconf 79' lang='grc' dir='ltr'><strong>συμϐάλλεται.</strong></span> <span class='ocrx_word' id='word_1_253' title='bbox 3530 543 3655 595; x_wconf 84' lang='grc' dir='ltr'><strong>Ὀτι</strong></span> 
     </span>
    </p>
   </div>
   <div class='ocr_carea' id='block_1_38' title="bbox 2072 633 3653 707">
    <p class='ocr_par' dir='ltr' id='par_1_38' title="bbox 2072 633 3653 707">
     <span class='ocr_line' id='line_1_38' title="bbox 2072 633 3653 707; baseline -0.003 -18"><span class='ocrx_word' id='word_1_254' title='bbox 2072 654 2138 707; x_wconf 86' lang='grc' dir='ltr'><strong>με</strong></span> <span class='ocrx_word' id='word_1_255' title='bbox 2169 636 2513 700; x_wconf 79' lang='grc' dir='ltr'><strong>διαλαῦόντες</strong></span> <span class='ocrx_word' id='word_1_256' title='bbox 2543 636 2662 690; x_wconf 76' lang='grc' dir='ltr'><strong>νυνὶ</strong></span> <span class='ocrx_word' id='word_1_257' title='bbox 2689 635 2826 706; x_wconf 84' lang='grc'>(56),</span> <span class='ocrx_word' id='word_1_258' title='bbox 2858 635 2922 688; x_wconf 88' lang='grc' dir='ltr'><strong>σύ</strong></span> <span class='ocrx_word' id='word_1_259' title='bbox 2953 652 3013 688; x_wconf 90' lang='grc' dir='ltr'><strong>τε</strong></span> <span class='ocrx_word' id='word_1_260' title='bbox 3036 634 3128 688; x_wconf 70' lang='grc' dir='ltr'><strong>καὶ</strong></span> <span class='ocrx_word' id='word_1_261' title='bbox 3157 636 3185 688; x_wconf 90' lang='lat'><strong>6</strong></span> <span class='ocrx_word' id='word_1_262' title='bbox 3215 633 3283 688; x_wconf 81' lang='grc' dir='ltr'><strong>τά</strong></span> <span class='ocrx_word' id='word_1_263' title='bbox 3309 634 3491 687; x_wconf 76' lang='grc' dir='ltr'><strong>πάντα</strong></span> <span class='ocrx_word' id='word_1_264' title='bbox 3517 633 3653 687; x_wconf 84' lang='grc' dir='ltr'><strong>Θαυ-</strong></span> 
     </span>
    </p>
   </div>
   <div class='ocr_carea' id='block_1_39' title="bbox 2071 724 3648 798">
    <p class='ocr_par' dir='ltr' id='par_1_39' title="bbox 2071 724 3648 798">
     <span class='ocr_line' id='line_1_39' title="bbox 2071 724 3648 798; baseline -0.002 -18"><span class='ocrx_word' id='word_1_265' title='bbox 2071 727 2264 797; x_wconf 88' lang='grc' dir='ltr'><strong>μάσιος</strong></span> <span class='ocrx_word' id='word_1_266' title='bbox 2294 729 2322 780; x_wconf 98' lang='lat'><strong>6</strong></span> <span class='ocrx_word' id='word_1_267' title='bbox 2353 725 2533 798; x_wconf 77' lang='grc' dir='ltr'><strong>πατὴρ</strong></span> <span class='ocrx_word' id='word_1_268' title='bbox 2555 727 2584 780; x_wconf 85' lang='grc' dir='ltr'><strong>ὁ</strong></span> <span class='ocrx_word' id='word_1_269' title='bbox 2612 727 2726 791; x_wconf 78' lang='grc' dir='ltr'><strong>σὸς,</strong></span> <span class='ocrx_word' id='word_1_270' title='bbox 2770 726 2957 798; x_wconf 86' lang='grc' dir='ltr'><strong>ὥσπερ</strong></span> <span class='ocrx_word' id='word_1_271' title='bbox 3001 727 3094 780; x_wconf 80' lang='grc' dir='ltr'><strong>τὸν</strong></span> <span class='ocrx_word' id='word_1_272' title='bbox 3132 724 3380 796; x_wconf 79' lang='grc' dir='ltr'><strong>Λαέρτην</strong></span> <span class='ocrx_word' id='word_1_273' title='bbox 3417 727 3648 788; x_wconf 78' lang='grc' dir='ltr'><strong>ἐκεῖνοι,</strong></span> 
     </span>
    </p>
   </div>
   <div class='ocr_carea' id='block_1_40' title="bbox 2069 816 3648 891">
    <p class='ocr_par' dir='ltr' id='par_1_40' title="bbox 2069 816 3648 891">
     <span class='ocr_line' id='line_1_40' title="bbox 2069 816 3648 891; baseline -0.002 -19"><span class='ocrx_word' id='word_1_274' title='bbox 2069 818 2383 890; x_wconf 78' lang='grc' dir='ltr'><strong>φιλοτίμους</strong></span> <span class='ocrx_word' id='word_1_275' title='bbox 2429 819 2582 882; x_wconf 83' lang='grc' dir='ltr'><strong>ὅλους</strong></span> <span class='ocrx_word' id='word_1_276' title='bbox 2616 820 2674 873; x_wconf 84' lang='grc' dir='ltr'><strong>ὲν</strong></span> <span class='ocrx_word' id='word_1_277' title='bbox 2702 821 2768 890; x_wconf 81' lang='grc' dir='ltr'><strong>τῇ</strong></span> <span class='ocrx_word' id='word_1_278' title='bbox 2795 819 2930 891; x_wconf 77' lang='grc' dir='ltr'><strong>πρὸς</strong></span> <span class='ocrx_word' id='word_1_279' title='bbox 2964 820 3111 889; x_wconf 74' lang='grc' dir='ltr'><strong>ἡμᾶς</strong></span> <span class='ocrx_word' id='word_1_280' title='bbox 3134 821 3267 888; x_wconf 79' lang='grc' dir='ltr'><strong>τιμῇ</strong></span> <span class='ocrx_word' id='word_1_281' title='bbox 3295 835 3351 870; x_wconf 86' lang='grc' dir='ltr'><strong>τε</strong></span> <span class='ocrx_word' id='word_1_282' title='bbox 3383 818 3479 871; x_wconf 69' lang='grc' dir='ltr'><strong>καὶ</strong></span> <span class='ocrx_word' id='word_1_283' title='bbox 3506 816 3648 885; x_wconf 76' lang='grc' dir='ltr'><strong>φιλο-</strong></span> 
     </span>
    </p>
   </div>
   <div class='ocr_carea' id='block_1_41' title="bbox 2068 907 3645 982">
    <p class='ocr_par' dir='ltr' id='par_1_41' title="bbox 2068 907 3645 982">
     <span class='ocr_line' id='line_1_41' title="bbox 2068 907 3645 982; baseline -0.004 -18"><span class='ocrx_word' id='word_1_284' title='bbox 2068 911 2309 982; x_wconf 81' lang='grc' dir='ltr'><strong>φροσύνῃ</strong></span> <span class='ocrx_word' id='word_1_285' title='bbox 2354 911 2482 982; x_wconf 75' lang='grc' dir='ltr'><strong>περὶ</strong></span> <span class='ocrx_word' id='word_1_286' title='bbox 2525 910 2634 963; x_wconf 84' lang='grc' dir='ltr'><strong>τῶν</strong></span> <span class='ocrx_word' id='word_1_287' title='bbox 2679 911 2962 981; x_wconf 74' lang='grc' dir='ltr'><strong>πρωτείων</strong></span> <span class='ocrx_word' id='word_1_288' title='bbox 3007 907 3422 977; x_wconf 73' lang='grc' dir='ltr'><strong>διαγωνίζεσθε,</strong></span> <span class='ocrx_word' id='word_1_289' title='bbox 3467 911 3494 960; x_wconf 90' lang='lat'><strong>6</strong></span> <span class='ocrx_word' id='word_1_290' title='bbox 3543 908 3645 978; x_wconf 78' lang='grc' dir='ltr'><strong>μὲν</strong></span> 
     </span>
    </p>
   </div>
   <div class='ocr_carea' id='block_1_42' title="bbox 2066 1001 3644 1073">
    <p class='ocr_par' dir='ltr' id='par_1_42' title="bbox 2066 1001 3644 1073">
     <span class='ocr_line' id='line_1_42' title="bbox 2066 1001 3644 1073; baseline -0.003 -18"><span class='ocrx_word' id='word_1_291' title='bbox 2066 1002 2236 1067; x_wconf 73' lang='grc' dir='ltr'><strong>οὕτως</strong></span> <span class='ocrx_word' id='word_1_292' title='bbox 2270 1003 2408 1073; x_wconf 83' lang='grc'>(57),</span> <span class='ocrx_word' id='word_1_293' title='bbox 2461 1002 2525 1055; x_wconf 75' lang='grc' dir='ltr'><strong>σὺ</strong></span> <span class='ocrx_word' id='word_1_294' title='bbox 2567 1001 2625 1054; x_wconf 81' lang='grc' dir='ltr'>δὲ</span> <span class='ocrx_word' id='word_1_295' title='bbox 2653 1002 2758 1055; x_wconf 79' lang='grc' dir='ltr'><strong>ἀπὸ</strong></span> <span class='ocrx_word' id='word_1_296' title='bbox 2787 1001 3181 1063; x_wconf 76' lang='grc' dir='ltr'><strong>Καππαδοκίας</strong></span> <span class='ocrx_word' id='word_1_297' title='bbox 3214 1003 3324 1062; x_wconf 80' lang='grc' dir='ltr'><strong>τοῖς</strong></span> <span class='ocrx_word' id='word_1_298' title='bbox 3356 1001 3644 1070; x_wconf 81' lang='grc' dir='ltr'><strong>γράμμασι</strong></span> 
     </span>
    </p>
   </div>
   <div class='ocr_carea' id='block_1_43' title="bbox 2069 1089 3647 1166">
    <p class='ocr_par' dir='ltr' id='par_1_43' title="bbox 2069 1089 3647 1166">
     <span class='ocr_line' id='line_1_43' title="bbox 2069 1089 3647 1166; baseline -0.003 -19"><span class='ocrx_word' id='word_1_299' title='bbox 2069 1095 2370 1166; x_wconf 80' lang='grc' dir='ltr'><strong>βάλλοντες.</strong></span> <span class='ocrx_word' id='word_1_300' title='bbox 2402 1093 2467 1146; x_wconf 88' lang='grc' dir='ltr'><strong>Τί</strong></span> <span class='ocrx_word' id='word_1_301' title='bbox 2490 1089 2582 1147; x_wconf 76' lang='grc' dir='ltr'><strong>οὖν</strong></span> <span class='ocrx_word' id='word_1_302' title='bbox 2609 1095 2638 1146; x_wconf 90' lang='lat'><strong>6</strong></span> <span class='ocrx_word' id='word_1_303' title='bbox 2663 1093 2838 1166; x_wconf 90' lang='grc' dir='ltr'><strong>γέρων</strong></span> <span class='ocrx_word' id='word_1_304' title='bbox 2865 1092 3007 1162; x_wconf 79' lang='grc' dir='ltr'><strong>ὲγώ;</strong></span> <span class='ocrx_word' id='word_1_305' title='bbox 3054 1092 3405 1163; x_wconf 83' lang='grc' dir='ltr'><strong>Μακαριστὸν</strong></span> <span class='ocrx_word' id='word_1_306' title='bbox 3432 1092 3647 1161; x_wconf 76' lang='grc' dir='ltr'><strong>τίθεμαι</strong></span> 
     </span>
    </p>
   </div>
   <div class='ocr_carea' id='block_1_44' title="bbox 2066 1179 3651 1258">
    <p class='ocr_par' dir='ltr' id='par_1_44' title="bbox 2066 1179 3651 1258">
     <span class='ocr_line' id='line_1_44' title="bbox 2066 1179 3651 1258; baseline -0.003 -18"><span class='ocrx_word' id='word_1_307' title='bbox 2066 1187 2164 1258; x_wconf 81' lang='grc' dir='ltr'><strong>τὴν</strong></span> <span class='ocrx_word' id='word_1_308' title='bbox 2191 1187 2425 1258; x_wconf 81' lang='grc' dir='ltr'><strong>ἡμέραν,</strong></span> <span class='ocrx_word' id='word_1_309' title='bbox 2452 1187 2509 1239; x_wconf 85' lang='grc' dir='ltr'><strong>ὲν</strong></span> <span class='ocrx_word' id='word_1_310' title='bbox 2604 1185 2783 1256; x_wconf 80' lang='grc' dir='ltr'><strong>βλέπω</strong></span> <span class='ocrx_word' id='word_1_311' title='bbox 2809 1185 3063 1255; x_wconf 80' lang='grc' dir='ltr'><strong>τοιαύτην</strong></span> <span class='ocrx_word' id='word_1_312' title='bbox 3095 1185 3244 1238; x_wconf 76' lang='grc' dir='ltr'><strong>παιδὶ</strong></span> <span class='ocrx_word' id='word_1_313' title='bbox 3275 1186 3414 1256; x_wconf 73' lang='grc' dir='ltr'><strong>πρὸς</strong></span> <span class='ocrx_word' id='word_1_314' title='bbox 3435 1185 3651 1253; x_wconf 83' lang='grc' dir='ltr'><strong>πατέρα</strong></span> 
     </span>
    </p>
   </div>
   <div class='ocr_carea' id='block_1_45' title="bbox 2067 1275 3651 1351">
    <p class='ocr_par' dir='ltr' id='par_1_45' title="bbox 2067 1275 3651 1351">
     <span class='ocr_line' id='line_1_45' title="bbox 2067 1275 3651 1351; baseline -0.003 -18"><span class='ocrx_word' id='word_1_315' title='bbox 2067 1280 2164 1351; x_wconf 82' lang='grc' dir='ltr'><strong>τὴν</strong></span> <span class='ocrx_word' id='word_1_316' title='bbox 2213 1279 2464 1346; x_wconf 76' lang='grc' dir='ltr'><strong>ἅμιλλαν.</strong></span> <span class='ocrx_word' id='word_1_317' title='bbox 2510 1280 2765 1351; x_wconf 82' lang='grc' dir='ltr'><strong>Μήποτε</strong></span> <span class='ocrx_word' id='word_1_318' title='bbox 2813 1275 2905 1333; x_wconf 74' lang='grc' dir='ltr'><strong>οὖν</strong></span> <span class='ocrx_word' id='word_1_319' title='bbox 2951 1278 3206 1342; x_wconf 86' lang='grc' dir='ltr'><strong>παύσαιο,</strong></span> <span class='ocrx_word' id='word_1_320' title='bbox 3258 1275 3498 1348; x_wconf 77' lang='grc' dir='ltr'><strong>χρηστοῦ</strong></span> <span class='ocrx_word' id='word_1_321' title='bbox 3558 1278 3651 1329; x_wconf 73' lang='grc' dir='ltr'><strong>καὶ</strong></span> 
     </span>
    </p>
   </div>
   <div class='ocr_carea' id='block_1_46' title="bbox 2067 1368 3650 1441">
    <p class='ocr_par' dir='ltr' id='par_1_46' title="bbox 2067 1368 3650 1441">
     <span class='ocr_line' id='line_1_46' title="bbox 2067 1368 3650 1441; baseline -0.003 -19"><span class='ocrx_word' id='word_1_322' title='bbox 2067 1368 2382 1440; x_wconf 80' lang='grc' dir='ltr'><strong>θαυμαστοῦ</strong></span> <span class='ocrx_word' id='word_1_323' title='bbox 2412 1368 2617 1440; x_wconf 83' lang='grc' dir='ltr'><strong>πατρὸς</strong></span> <span class='ocrx_word' id='word_1_324' title='bbox 2663 1369 2826 1441; x_wconf 77' lang='grc' dir='ltr'><strong>εὐχὴν</strong></span> <span class='ocrx_word' id='word_1_325' title='bbox 2873 1369 3086 1422; x_wconf 85' lang='grc' dir='ltr'><strong>δικαίαν</strong></span> <span class='ocrx_word' id='word_1_326' title='bbox 3132 1368 3462 1438; x_wconf 73' lang='grc' dir='ltr'><strong>ἀποπληρῶν</strong></span> <span class='ocrx_word' id='word_1_327' title='bbox 3488 1407 3503 1429; x_wconf 85' lang='grc'>,</span> <span class='ocrx_word' id='word_1_328' title='bbox 3552 1368 3650 1421; x_wconf 75' lang='grc' dir='ltr'><strong>καὶ</strong></span> 
     </span>
    </p>
   </div>
   <div class='ocr_carea' id='block_1_47' title="bbox 2067 1459 3654 1532">
    <p class='ocr_par' dir='ltr' id='par_1_47' title="bbox 2067 1459 3654 1532">
     <span class='ocr_line' id='line_1_47' title="bbox 2067 1459 3654 1532; baseline -0.003 -18"><span class='ocrx_word' id='word_1_329' title='bbox 2067 1464 2178 1525; x_wconf 87' lang='grc' dir='ltr'><strong>τοῖς</strong></span> <span class='ocrx_word' id='word_1_330' title='bbox 2209 1459 2432 1530; x_wconf 80' lang='grc' dir='ltr'><strong>ἀγαθοῖς</strong></span> <span class='ocrx_word' id='word_1_331' title='bbox 2460 1461 2838 1532; x_wconf 85' lang='grc' dir='ltr'><strong>προτερήμασι</strong></span> <span class='ocrx_word' id='word_1_332' title='bbox 2866 1461 2966 1532; x_wconf 86' lang='grc' dir='ltr'><strong>τὴν</strong></span> <span class='ocrx_word' id='word_1_333' title='bbox 2996 1461 3263 1531; x_wconf 81' lang='grc' dir='ltr'><strong>πατρικὴν</strong></span> <span class='ocrx_word' id='word_1_334' title='bbox 3291 1459 3448 1523; x_wconf 80' lang='grc' dir='ltr'><strong>δόξαν</strong></span> <span class='ocrx_word' id='word_1_335' title='bbox 3477 1459 3654 1528; x_wconf 82' lang='grc' dir='ltr'><strong>ὑπερ-</strong></span> 
     </span>
    </p>
   </div>
   <div class='ocr_carea' id='block_1_48' title="bbox 2068 1551 3650 1624">
    <p class='ocr_par' dir='ltr' id='par_1_48' title="bbox 2068 1551 3650 1624">
     <span class='ocr_line' id='line_1_48' title="bbox 2068 1551 3650 1624; baseline -0.002 -19"><span class='ocrx_word' id='word_1_336' title='bbox 2068 1552 2398 1624; x_wconf 79' lang='grc' dir='ltr'><strong>ϐαλλόμενος</strong></span> <span class='ocrx_word' id='word_1_337' title='bbox 2432 1552 2567 1623; x_wconf 83' lang='grc'>(58).</span> <span class='ocrx_word' id='word_1_338' title='bbox 2617 1551 2754 1622; x_wconf 79' lang='grc' dir='ltr'><strong>Παρ’</strong></span> <span class='ocrx_word' id='word_1_339' title='bbox 2783 1552 3112 1623; x_wconf 77' lang='grc' dir='ltr'><strong>ἀμφοτέροις</strong></span> <span class='ocrx_word' id='word_1_340' title='bbox 3158 1551 3278 1621; x_wconf 85' lang='grc' dir='ltr'><strong>ὑμῖν</strong></span> <span class='ocrx_word' id='word_1_341' title='bbox 3319 1551 3508 1621; x_wconf 67' lang='grc' dir='ltr'><strong>ἔσομαι</strong></span> <span class='ocrx_word' id='word_1_342' title='bbox 3548 1567 3650 1603; x_wconf 79' lang='grc' dir='ltr'><strong>κεο</strong></span> 
     </span>
    </p>
   </div>
   <div class='ocr_carea' id='block_1_49' title="bbox 2067 1643 3652 1716">
    <p class='ocr_par' dir='ltr' id='par_1_49' title="bbox 2067 1643 3652 1716">
     <span class='ocr_line' id='line_1_49' title="bbox 2067 1643 3652 1716; baseline -0.003 -18"><span class='ocrx_word' id='word_1_343' title='bbox 2067 1644 2396 1716; x_wconf 86' lang='grc' dir='ltr'><strong>χαρισμένος</strong></span> <span class='ocrx_word' id='word_1_344' title='bbox 2439 1644 2633 1715; x_wconf 85' lang='grc' dir='ltr'><strong>κριτής</strong></span> <span class='ocrx_word' id='word_1_345' title='bbox 2658 1659 2674 1677; x_wconf 78' lang='grc' dir='ltr'><strong>ο</strong></span> <span class='ocrx_word' id='word_1_346' title='bbox 2730 1644 2812 1697; x_wconf 68' lang='grc' dir='ltr'><strong>σοι</strong></span> <span class='ocrx_word' id='word_1_347' title='bbox 2859 1644 2959 1714; x_wconf 75' lang='grc' dir='ltr'><strong>μὲν</strong></span> <span class='ocrx_word' id='word_1_348' title='bbox 3008 1643 3077 1696; x_wconf 78' lang='grc' dir='ltr'><strong>τά</strong></span> <span class='ocrx_word' id='word_1_349' title='bbox 3108 1645 3349 1712; x_wconf 76' lang='grc' dir='ltr'><strong>πρωτεῖα</strong></span> <span class='ocrx_word' id='word_1_350' title='bbox 3379 1645 3516 1713; x_wconf 75' lang='grc' dir='ltr'><strong>πρὸς</strong></span> <span class='ocrx_word' id='word_1_351' title='bbox 3553 1643 3652 1694; x_wconf 74' lang='grc' dir='ltr'><strong>τὸν</strong></span> 
     </span>
    </p>
   </div>
   <div class='ocr_carea' id='block_1_50' title="bbox 2069 1733 3649 1808">
    <p class='ocr_par' dir='ltr' id='par_1_50' title="bbox 2069 1733 3649 1808">
     <span class='ocr_line' id='line_1_50' title="bbox 2069 1733 3649 1808; baseline -0.003 -19"><span class='ocrx_word' id='word_1_352' title='bbox 2069 1737 2279 1808; x_wconf 85' lang='grc' dir='ltr'><strong>πατέρα</strong></span> <span class='ocrx_word' id='word_1_353' title='bbox 2305 1735 2504 1808; x_wconf 83' lang='grc' dir='ltr'><strong>νέμων,</strong></span> <span class='ocrx_word' id='word_1_354' title='bbox 2539 1733 2616 1806; x_wconf 86' lang='grc' dir='ltr'><strong>τῷ</strong></span> <span class='ocrx_word' id='word_1_355' title='bbox 2647 1735 2816 1806; x_wconf 72' lang='grc' dir='ltr'><strong>πατρὶ</strong></span> <span class='ocrx_word' id='word_1_356' title='bbox 2837 1734 2894 1789; x_wconf 75' lang='grc' dir='ltr'><strong>δὲ</strong></span> <span class='ocrx_word' id='word_1_357' title='bbox 2919 1734 3056 1806; x_wconf 83' lang='grc' dir='ltr'><strong>πρὸς</strong></span> <span class='ocrx_word' id='word_1_358' title='bbox 3084 1734 3144 1787; x_wconf 85' lang='grc' dir='ltr'><strong>σέ</strong></span> <span class='ocrx_word' id='word_1_359' title='bbox 3163 1749 3176 1764; x_wconf 88' lang='grc'><strong>·</strong></span> <span class='ocrx_word' id='word_1_360' title='bbox 3222 1735 3386 1804; x_wconf 66' lang='grc' dir='ltr'><strong>ἡμεῖς,</strong></span> <span class='ocrx_word' id='word_1_361' title='bbox 3417 1733 3475 1786; x_wconf 81' lang='grc' dir='ltr'><strong>δὲ</strong></span> <span class='ocrx_word' id='word_1_362' title='bbox 3505 1733 3649 1786; x_wconf 67' lang='grc' dir='ltr'><strong>οἴσο-</strong></span> 
     </span>
    </p>
   </div>
   <div class='ocr_carea' id='block_1_51' title="bbox 2071 1824 3648 1900">
    <p class='ocr_par' dir='ltr' id='par_1_51' title="bbox 2071 1824 3648 1900">
     <span class='ocr_line' id='line_1_51' title="bbox 2071 1824 3648 1900; baseline -0.004 -18"><span class='ocrx_word' id='word_1_363' title='bbox 2071 1845 2169 1899; x_wconf 91' lang='grc' dir='ltr'><strong>μεν</strong></span> <span class='ocrx_word' id='word_1_364' title='bbox 2194 1827 2291 1900; x_wconf 85' lang='grc' dir='ltr'><strong>τὴν</strong></span> <span class='ocrx_word' id='word_1_365' title='bbox 2315 1829 2572 1900; x_wconf 85' lang='grc' dir='ltr'><strong>τραχεῖαν</strong></span> <span class='ocrx_word' id='word_1_366' title='bbox 2631 1826 2866 1898; x_wconf 82' lang='grc' dir='ltr'><strong>Ἰθάκην,</strong></span> <span class='ocrx_word' id='word_1_367' title='bbox 2908 1825 2970 1879; x_wconf 89' lang='grc' dir='ltr'><strong>ού</strong></span> <span class='ocrx_word' id='word_1_368' title='bbox 3010 1825 3177 1889; x_wconf 79' lang='grc' dir='ltr'><strong>λίθοις</strong></span> <span class='ocrx_word' id='word_1_369' title='bbox 3203 1824 3478 1887; x_wconf 71' lang='grc' dir='ltr'><strong>τοσοῦτον,</strong></span> <span class='ocrx_word' id='word_1_370' title='bbox 3523 1825 3648 1878; x_wconf 79' lang='grc' dir='ltr'><strong>ὅσον</strong></span> 
     </span>
    </p>
   </div>
   <div class='ocr_carea' id='block_1_52' title="bbox 2065 1909 3652 1991">
    <p class='ocr_par' dir='ltr' id='par_1_52' title="bbox 2065 1909 3652 1991">
     <span class='ocr_line' id='line_1_52' title="bbox 2065 1909 3652 1991; baseline -0.005 -17"><span class='ocrx_word' id='word_1_371' title='bbox 2065 1922 2178 1984; x_wconf 90' lang='grc' dir='ltr'><strong>τοῖς</strong></span> <span class='ocrx_word' id='word_1_372' title='bbox 2209 1919 2364 1991; x_wconf 57' lang='lat' dir='ltr'><strong>nam</strong></span> <span class='ocrx_word' id='word_1_373' title='bbox 2395 1918 2504 1975; x_wconf 84' lang='grc' dir='ltr'><strong>τῶν</strong></span> <span class='ocrx_word' id='word_1_374' title='bbox 2531 1919 2831 1990; x_wconf 74' lang='grc' dir='ltr'><strong>οἰκητόρων</strong></span> <span class='ocrx_word' id='word_1_375' title='bbox 2859 1916 3280 1988; x_wconf 85' lang='grc' dir='ltr'><strong>τραχυνομένην,</strong></span> <span class='ocrx_word' id='word_1_376' title='bbox 3311 1917 3370 1969; x_wconf 75' lang='grc' dir='ltr'><strong>ὲν</strong></span> <span class='ocrx_word' id='word_1_377' title='bbox 3464 1915 3652 1968; x_wconf 74' lang='grc' dir='ltr'><strong>πολλοὶ</strong></span> 
     </span>
    </p>
   </div>
   <div class='ocr_carea' id='block_1_53' title="bbox 2069 2004 3650 2085">
    <p class='ocr_par' dir='ltr' id='par_1_53' title="bbox 2069 2004 3650 2085">
     <span class='ocr_line' id='line_1_53' title="bbox 2069 2004 3650 2085; baseline -0.006 -18"><span class='ocrx_word' id='word_1_378' title='bbox 2069 2013 2378 2085; x_wconf 82' lang='grc' dir='ltr'><strong>μνηστῆρες</strong></span> <span class='ocrx_word' id='word_1_379' title='bbox 2401 2051 2419 2079; x_wconf 95' lang='grc'><strong>,</strong></span> <span class='ocrx_word' id='word_1_380' title='bbox 2469 2012 2564 2066; x_wconf 76' lang='grc' dir='ltr'><strong>καὶ</strong></span> <span class='ocrx_word' id='word_1_381' title='bbox 2607 2011 2714 2071; x_wconf 82' lang='grc' dir='ltr'><strong>τῶν</strong></span> <span class='ocrx_word' id='word_1_382' title='bbox 2743 2009 3036 2081; x_wconf 81' lang='grc' dir='ltr'><strong>κτημάτων</strong></span> <span class='ocrx_word' id='word_1_383' title='bbox 3079 2010 3180 2079; x_wconf 79' lang='grc' dir='ltr'><strong>τῆς</strong></span> <span class='ocrx_word' id='word_1_384' title='bbox 3207 2004 3650 2079; x_wconf 80' lang='grc' dir='ltr'><strong>μνηστευομένης</strong></span> 
     </span>
    </p>
   </div>
   <div class='ocr_carea' id='block_1_54' title="bbox 2067 2095 3644 2177">
    <p class='ocr_par' dir='ltr' id='par_1_54' title="bbox 2067 2095 3644 2177">
     <span class='ocr_line' id='line_1_54' title="bbox 2067 2095 3644 2177; baseline -0.007 -18"><span class='ocrx_word' id='word_1_385' title='bbox 2067 2106 2336 2177; x_wconf 79' lang='grc' dir='ltr'><strong>κρατῆρες</strong></span> <span class='ocrx_word' id='word_1_386' title='bbox 2371 2104 2507 2173; x_wconf 82' lang='grc'>(59),</span> <span class='ocrx_word' id='word_1_387' title='bbox 2537 2105 2586 2157; x_wconf 92' lang='grc' dir='ltr'><strong>οί</strong></span> <span class='ocrx_word' id='word_1_388' title='bbox 2612 2103 2705 2157; x_wconf 75' lang='grc' dir='ltr'><strong>καὶ</strong></span> <span class='ocrx_word' id='word_1_389' title='bbox 2727 2101 2876 2171; x_wconf 82' lang='grc' dir='ltr'><strong>αύτῷ</strong></span> <span class='ocrx_word' id='word_1_390' title='bbox 2904 2100 3079 2172; x_wconf 83' lang='grc' dir='ltr'><strong>τούτῳ</strong></span> <span class='ocrx_word' id='word_1_391' title='bbox 3101 2100 3202 2171; x_wconf 79' lang='grc' dir='ltr'><strong>τὴν</strong></span> <span class='ocrx_word' id='word_1_392' title='bbox 3232 2098 3453 2168; x_wconf 78' lang='grc' dir='ltr'><strong>νύμφην</strong></span> <span class='ocrx_word' id='word_1_393' title='bbox 3488 2095 3644 2166; x_wconf 73' lang='grc' dir='ltr'><strong>ὑϐρί-</strong></span> 
     </span>
    </p>
   </div>
   <div class='ocr_carea' id='block_1_55' title="bbox 2066 2189 3650 2266">
    <p class='ocr_par' dir='ltr' id='par_1_55' title="bbox 2066 2189 3650 2266">
     <span class='ocr_line' id='line_1_55' title="bbox 2066 2189 3650 2266; baseline -0.006 -16"><span class='ocrx_word' id='word_1_394' title='bbox 2066 2196 2268 2260; x_wconf 81' lang='grc' dir='ltr'><strong>ζοντες,</strong></span> <span class='ocrx_word' id='word_1_395' title='bbox 2297 2196 2376 2266; x_wconf 88' lang='grc' dir='ltr'>τῷ</span> <span class='ocrx_word' id='word_1_396' title='bbox 2400 2197 2712 2250; x_wconf 79' lang='grc' dir='ltr'><strong>ἐπαπειλεῖν</strong></span> <span class='ocrx_word' id='word_1_397' title='bbox 2742 2195 2832 2248; x_wconf 82' lang='grc' dir='ltr'><strong>τὸν</strong></span> <span class='ocrx_word' id='word_1_398' title='bbox 2857 2193 3033 2264; x_wconf 83' lang='grc' dir='ltr'><strong>γάμον</strong></span> <span class='ocrx_word' id='word_1_399' title='bbox 3066 2194 3131 2262; x_wconf 82' lang='grc' dir='ltr'><strong>τῇ</strong></span> <span class='ocrx_word' id='word_1_400' title='bbox 3162 2189 3650 2261; x_wconf 55' lang='grc' dir='ltr'><strong>σωφροσύνηνΜε-</strong></span> 
     </span>
    </p>
   </div>
   <div class='ocr_carea' id='block_1_56' title="bbox 2065 2280 3648 2359">
    <p class='ocr_par' dir='ltr' id='par_1_56' title="bbox 2065 2280 3648 2359">
     <span class='ocr_line' id='line_1_56' title="bbox 2065 2280 3648 2359; baseline -0.006 -18"><span class='ocrx_word' id='word_1_401' title='bbox 2065 2285 2292 2351; x_wconf 83' lang='grc' dir='ltr'><strong>λανθοῦς</strong></span> <span class='ocrx_word' id='word_1_402' title='bbox 2334 2287 2469 2359; x_wconf 92' lang='grc'>(60),</span> <span class='ocrx_word' id='word_1_403' title='bbox 2513 2283 2690 2358; x_wconf 75' lang='grc' dir='ltr'><strong>οἶμαι,</strong></span> <span class='ocrx_word' id='word_1_404' title='bbox 2725 2287 2888 2351; x_wconf 81' lang='grc' dir='ltr'><strong>τινὸς,</strong></span> <span class='ocrx_word' id='word_1_405' title='bbox 2923 2287 2957 2358; x_wconf 82' lang='grc' dir='ltr'>ἢ</span> <span class='ocrx_word' id='word_1_406' title='bbox 3009 2283 3176 2354; x_wconf 78' lang='grc' dir='ltr'><strong>ἄλλης</strong></span> <span class='ocrx_word' id='word_1_407' title='bbox 3204 2282 3460 2352; x_wconf 83' lang='grc' dir='ltr'><strong>τοιαύτης</strong></span> <span class='ocrx_word' id='word_1_408' title='bbox 3483 2280 3648 2347; x_wconf 81' lang='grc' dir='ltr'><strong>ἀξίως</strong></span> 
     </span>
    </p>
   </div>
   <div class='ocr_carea' id='block_1_57' title="bbox 2067 2371 3646 2454">
    <p class='ocr_par' dir='ltr' id='par_1_57' title="bbox 2067 2371 3646 2454">
     <span class='ocr_line' id='line_1_57' title="bbox 2067 2371 3646 2454; baseline -0.006 -19"><span class='ocrx_word' id='word_1_409' title='bbox 2067 2381 2415 2454; x_wconf 87' lang='grc' dir='ltr'><strong>πράττοντες.</strong></span> <span class='ocrx_word' id='word_1_410' title='bbox 2443 2379 2691 2451; x_wconf 78' lang='grc' dir='ltr'>Οὐδαμοῦ</span> <span class='ocrx_word' id='word_1_411' title='bbox 2721 2379 2777 2433; x_wconf 85' lang='grc' dir='ltr'><strong>δὲ</strong></span> <span class='ocrx_word' id='word_1_412' title='bbox 2803 2380 2830 2432; x_wconf 91' lang='lat'><strong>6</strong></span> <span class='ocrx_word' id='word_1_413' title='bbox 2865 2376 3210 2448; x_wconf 65' lang='grc' dir='ltr'><strong>σωφρονίζων</strong></span> <span class='ocrx_word' id='word_1_414' title='bbox 3237 2375 3315 2446; x_wconf 84' lang='grc' dir='ltr'><strong>τῷ</strong></span> <span class='ocrx_word' id='word_1_415' title='bbox 3340 2374 3479 2444; x_wconf 78' lang='grc' dir='ltr'><strong>τόξῳ</strong></span> <span class='ocrx_word' id='word_1_416' title='bbox 3508 2371 3646 2442; x_wconf 73' lang='lat' dir='ltr'><strong>(Si).</strong></span> 
     </span>
    </p>
   </div>
   <div class='ocr_carea' id='block_1_58' title="bbox 2069 2467 3648 2545">
    <p class='ocr_par' dir='ltr' id='par_1_58' title="bbox 2069 2467 3648 2545">
     <span class='ocr_line' id='line_1_58' title="bbox 2069 2467 3648 2545; baseline -0.008 -16"><span class='ocrx_word' id='word_1_417' title='bbox 2069 2475 2234 2529; x_wconf 87' lang='grc' dir='ltr'><strong>Ὅσον</strong></span> <span class='ocrx_word' id='word_1_418' title='bbox 2271 2471 2650 2545; x_wconf 76' lang='grc' dir='ltr'><strong>πρεσϐυτικῶς</strong></span> <span class='ocrx_word' id='word_1_419' title='bbox 2694 2473 2786 2526; x_wconf 74' lang='grc' dir='ltr'><strong>ἐπὶ</strong></span> <span class='ocrx_word' id='word_1_420' title='bbox 2833 2470 2901 2526; x_wconf 83' lang='grc' dir='ltr'><strong>τά</strong></span> <span class='ocrx_word' id='word_1_421' title='bbox 2937 2470 3100 2542; x_wconf 76' lang='grc' dir='ltr'><strong>μηδὲν</strong></span> <span class='ocrx_word' id='word_1_422' title='bbox 3135 2469 3480 2541; x_wconf 81' lang='grc' dir='ltr'><strong>προσήκοντα</strong></span> <span class='ocrx_word' id='word_1_423' title='bbox 3515 2467 3648 2535; x_wconf 73' lang='grc' dir='ltr'><strong>ἡμῖν</strong></span> 
     </span>
    </p>
   </div>
   <div class='ocr_carea' id='block_1_59' title="bbox 2067 2556 3648 2638">
    <p class='ocr_par' dir='ltr' id='par_1_59' title="bbox 2067 2556 3648 2638">
     <span class='ocr_line' id='line_1_59' title="bbox 2067 2556 3648 2638; baseline -0.008 -18"><span class='ocrx_word' id='word_1_424' title='bbox 2067 2565 2564 2638; x_wconf 78' lang='grc' dir='ltr'><strong>παρεληρήσαμενί</strong></span> <span class='ocrx_word' id='word_1_425' title='bbox 2610 2564 2770 2619; x_wconf 79' lang='grc' dir='ltr'><strong>Ἀλλά</strong></span> <span class='ocrx_word' id='word_1_426' title='bbox 2803 2581 2892 2635; x_wconf 89' lang='grc' dir='ltr'><strong>μοι</strong></span> <span class='ocrx_word' id='word_1_427' title='bbox 2934 2562 3224 2635; x_wconf 84' lang='grc' dir='ltr'><strong>πρόχειρος</strong></span> <span class='ocrx_word' id='word_1_428' title='bbox 3263 2560 3396 2613; x_wconf 77' lang='grc' dir='ltr'><strong>ἔστω</strong></span> <span class='ocrx_word' id='word_1_429' title='bbox 3427 2557 3513 2610; x_wconf 73' lang='grc' dir='ltr'><strong>διὰ</strong></span> <span class='ocrx_word' id='word_1_430' title='bbox 3545 2556 3648 2626; x_wconf 76' lang='grc' dir='ltr'><strong>τὴν</strong></span> 
     </span>
    </p>
   </div>
   <div class='ocr_carea' id='block_1_60' title="bbox 2067 2644 3646 2724">
    <p class='ocr_par' dir='ltr' id='par_1_60' title="bbox 2067 2644 3646 2724">
     <span class='ocr_line' id='line_1_60' title="bbox 2067 2644 3646 2724; baseline -0.009 -15"><span class='ocrx_word' id='word_1_431' title='bbox 2067 2653 2257 2710; x_wconf 84' lang='grc' dir='ltr'><strong>πολιὰν</strong></span> <span class='ocrx_word' id='word_1_432' title='bbox 2283 2656 2317 2724; x_wconf 83' lang='grc' dir='ltr'><strong>ή</strong></span> <span class='ocrx_word' id='word_1_433' title='bbox 2348 2653 2643 2724; x_wconf 84' lang='grc' dir='ltr'><strong>συγγνώμη</strong></span> <span class='ocrx_word' id='word_1_434' title='bbox 2663 2671 2677 2684; x_wconf 87' lang='grc'><strong>·</strong></span> <span class='ocrx_word' id='word_1_435' title='bbox 2714 2653 2843 2707; x_wconf 77' lang='grc' dir='ltr'><strong>ἴδιον</strong></span> <span class='ocrx_word' id='word_1_436' title='bbox 2871 2651 2978 2724; x_wconf 83' lang='grc' dir='ltr'><strong>γὰρ</strong></span> <span class='ocrx_word' id='word_1_437' title='bbox 3009 2651 3180 2721; x_wconf 81' lang='grc' dir='ltr'><strong>αὐτῆς</strong></span> <span class='ocrx_word' id='word_1_438' title='bbox 3206 2648 3333 2720; x_wconf 70' lang='grc'>(62),</span> <span class='ocrx_word' id='word_1_439' title='bbox 3361 2647 3550 2715; x_wconf 84' lang='grc' dir='ltr'><strong>ὥσπερ</strong></span> <span class='ocrx_word' id='word_1_440' title='bbox 3581 2644 3646 2697; x_wconf 78' lang='grc' dir='ltr'><strong>τὸ</strong></span> 
     </span>
    </p>
   </div>
   <div class='ocr_carea' id='block_1_61' title="bbox 2067 2737 3648 2819">
    <p class='ocr_par' dir='ltr' id='par_1_61' title="bbox 2067 2737 3648 2819">
     <span class='ocr_line' id='line_1_61' title="bbox 2067 2737 3648 2819; baseline -0.008 -18"><span class='ocrx_word' id='word_1_441' title='bbox 2067 2746 2428 2819; x_wconf 77' lang='grc' dir='ltr'><strong>κορυζοῦσθαι</strong></span> <span class='ocrx_word' id='word_1_442' title='bbox 2451 2747 2519 2801; x_wconf 80' lang='grc' dir='ltr'><strong>τά</strong></span> <span class='ocrx_word' id='word_1_443' title='bbox 2544 2746 2786 2817; x_wconf 74' lang='grc' dir='ltr'><strong>ὄμματα,</strong></span> <span class='ocrx_word' id='word_1_444' title='bbox 2817 2744 2910 2798; x_wconf 75' lang='grc' dir='ltr'><strong>καὶ</strong></span> <span class='ocrx_word' id='word_1_445' title='bbox 2936 2743 3004 2798; x_wconf 80' lang='grc' dir='ltr'><strong>τὰ</strong></span> <span class='ocrx_word' id='word_1_446' title='bbox 3039 2743 3176 2813; x_wconf 90' lang='grc' dir='ltr'><strong>μέλη</strong></span> <span class='ocrx_word' id='word_1_447' title='bbox 3209 2742 3377 2796; x_wconf 82' lang='grc' dir='ltr'><strong>πάντα</strong></span> <span class='ocrx_word' id='word_1_448' title='bbox 3403 2738 3509 2792; x_wconf 71' lang='grc' dir='ltr'><strong>ὑπὸ</strong></span> <span class='ocrx_word' id='word_1_449' title='bbox 3543 2737 3648 2806; x_wconf 78' lang='grc' dir='ltr'><strong>τῆς</strong></span> 
     </span>
    </p>
   </div>
   <div class='ocr_carea' id='block_1_62' title="bbox 2064 2826 3647 2910">
    <p class='ocr_par' dir='ltr' id='par_1_62' title="bbox 2064 2826 3647 2910">
     <span class='ocr_line' id='line_1_62' title="bbox 2064 2826 3647 2910; baseline -0.008 -18"><span class='ocrx_word' id='word_1_450' title='bbox 2064 2838 2158 2892; x_wconf 80' lang='grc' dir='ltr'><strong>τοῦ</strong></span> <span class='ocrx_word' id='word_1_451' title='bbox 2191 2839 2374 2910; x_wconf 82' lang='grc' dir='ltr'><strong>γήρως</strong></span> <span class='ocrx_word' id='word_1_452' title='bbox 2406 2837 2660 2901; x_wconf 87' lang='grc' dir='ltr'><strong>ἀπονοίας</strong></span> <span class='ocrx_word' id='word_1_453' title='bbox 2695 2837 2806 2906; x_wconf 78' lang='grc'>(65)</span> <span class='ocrx_word' id='word_1_454' title='bbox 2854 2834 3220 2907; x_wconf 81' lang='grc' dir='ltr'><strong>βαρύνεσθαι,</strong></span> <span class='ocrx_word' id='word_1_455' title='bbox 3264 2831 3402 2886; x_wconf 76' lang='grc' dir='ltr'><strong>οὕτω</strong></span> <span class='ocrx_word' id='word_1_456' title='bbox 3445 2829 3542 2882; x_wconf 71' lang='grc' dir='ltr'><strong>καὶ</strong></span> <span class='ocrx_word' id='word_1_457' title='bbox 3584 2826 3647 2880; x_wconf 78' lang='grc' dir='ltr'><strong>τὸ</strong></span> 
     </span>
    </p>
   </div>
   <div class='ocr_carea' id='block_1_63' title="bbox 2067 2917 3646 3000">
    <p class='ocr_par' dir='ltr' id='par_1_63' title="bbox 2067 2917 3646 3000">
     <span class='ocr_line' id='line_1_63' title="bbox 2067 2917 3646 3000; baseline -0.01 -16"><span class='ocrx_word' id='word_1_458' title='bbox 2067 2928 2373 2998; x_wconf 80' lang='grc' dir='ltr'><strong>ἀδολεσχεῖν</strong></span> <span class='ocrx_word' id='word_1_459' title='bbox 2397 2928 2453 2982; x_wconf 81' lang='grc' dir='ltr'><strong>ὲν</strong></span> <span class='ocrx_word' id='word_1_460' title='bbox 2482 2927 2560 2999; x_wconf 86' lang='grc' dir='ltr'>τῷ</span> <span class='ocrx_word' id='word_1_461' title='bbox 2584 2928 2748 3000; x_wconf 86' lang='grc' dir='ltr'><strong>λόγῳ.</strong></span> <span class='ocrx_word' id='word_1_462' title='bbox 2775 2928 2846 2981; x_wconf 81' lang='grc' dir='ltr'>Σὺ</span> <span class='ocrx_word' id='word_1_463' title='bbox 2879 2925 2935 2980; x_wconf 84' lang='grc' dir='ltr'><strong>δὲ</strong></span> <span class='ocrx_word' id='word_1_464' title='bbox 2962 2925 3108 2996; x_wconf 81' lang='grc' dir='ltr'><strong>ἡμᾶς</strong></span> <span class='ocrx_word' id='word_1_465' title='bbox 3137 2925 3251 2986; x_wconf 90' lang='grc' dir='ltr'><strong>τοῖς</strong></span> <span class='ocrx_word' id='word_1_466' title='bbox 3275 2917 3558 2992; x_wconf 85' lang='grc' dir='ltr'><strong>τροχαλοῖς</strong></span> <span class='ocrx_word' id='word_1_467' title='bbox 3588 2932 3646 2970; x_wconf 83' lang='grc' dir='ltr'><strong>τε</strong></span> 
     </span>
    </p>
   </div>
   <div class='ocr_carea' id='block_1_64' title="bbox 2067 3011 3644 3092">
    <p class='ocr_par' dir='ltr' id='par_1_64' title="bbox 2067 3011 3644 3092">
     <span class='ocr_line' id='line_1_64' title="bbox 2067 3011 3644 3092; baseline -0.008 -18"><span class='ocrx_word' id='word_1_468' title='bbox 2067 3023 2162 3074; x_wconf 71' lang='grc' dir='ltr'><strong>καὶ</strong></span> <span class='ocrx_word' id='word_1_469' title='bbox 2192 3020 2638 3092; x_wconf 88' lang='grc' dir='ltr'><strong>διεγηγερμένοις</strong></span> <span class='ocrx_word' id='word_1_470' title='bbox 2667 3019 2772 3073; x_wconf 82' lang='grc' dir='ltr'><strong>τῶν</strong></span> <span class='ocrx_word' id='word_1_471' title='bbox 2795 3017 2969 3087; x_wconf 88' lang='grc' dir='ltr'><strong>λόγων</strong></span> <span class='ocrx_word' id='word_1_472' title='bbox 2997 3014 3259 3076; x_wconf 86' lang='grc' dir='ltr'><strong>νεανικῶς</strong></span> <span class='ocrx_word' id='word_1_473' title='bbox 3283 3011 3644 3080; x_wconf 76' lang='grc' dir='ltr'><strong>δεξιούμενος,</strong></span> 
     </span>
    </p>
   </div>
   <div class='ocr_carea' id='block_1_65' title="bbox 1989 3107 3647 3206">
    <p class='ocr_par' dir='ltr' id='par_1_65' title="bbox 1989 3107 3647 3206">
     <span class='ocr_line' id='line_1_65' title="bbox 1989 3107 3647 3206; baseline -0.01 -37"><span class='ocrx_word' id='word_1_474' title='bbox 1989 3147 2032 3206; x_wconf 75' lang='lat' dir='ltr'><strong><em>C</em></strong></span> <span class='ocrx_word' id='word_1_475' title='bbox 2067 3113 2348 3187; x_wconf 83' lang='grc' dir='ltr'><strong>ἁνανεὼσῃ</strong></span> <span class='ocrx_word' id='word_1_476' title='bbox 2367 3112 2428 3166; x_wconf 77' lang='grc' dir='ltr'><strong>τὸ</strong></span> <span class='ocrx_word' id='word_1_477' title='bbox 2449 3113 2647 3184; x_wconf 82' lang='grc' dir='ltr'><strong>γῆρας,</strong></span> <span class='ocrx_word' id='word_1_478' title='bbox 2675 3114 2740 3184; x_wconf 80' lang='grc' dir='ltr'><strong>τῇ</strong></span> <span class='ocrx_word' id='word_1_479' title='bbox 2770 3111 2908 3182; x_wconf 81' lang='grc' dir='ltr'><strong>καλῇ</strong></span> <span class='ocrx_word' id='word_1_480' title='bbox 2965 3109 3057 3163; x_wconf 77' lang='grc' dir='ltr'><strong>καὶ</strong></span> <span class='ocrx_word' id='word_1_481' title='bbox 3087 3107 3376 3206; x_wconf 74' lang='grc' dir='ltr'><strong>πρεπούσῃ</strong></span> <span class='ocrx_word' id='word_1_482' title='bbox 3403 3119 3647 3206; x_wconf 66' lang='grc' dir='ltr'><strong>γηρωκο-</strong></span> 
     </span>
    </p>
   </div>
   <div class='ocr_carea' id='block_1_66' title="bbox 2084 3193 3645 3280">
    <p class='ocr_par' dir='ltr' id='par_1_66' title="bbox 2084 3193 3645 3280">
     <span class='ocr_line' id='line_1_66' title="bbox 2084 3193 3645 3280; baseline -0.021 -1"><span class='ocrx_word' id='word_1_483' title='bbox 2084 3207 2182 3279; x_wconf 67' lang='grc' dir='ltr'><strong>μίᾳ</strong></span> <span class='ocrx_word' id='word_1_484' title='bbox 2211 3205 2382 3280; x_wconf 81' lang='grc' dir='ltr'><strong>ταύτῃ</strong></span> <span class='ocrx_word' id='word_1_485' title='bbox 2411 3205 2472 3260; x_wconf 79' lang='grc' dir='ltr'><strong>τὸ</strong></span> <span class='ocrx_word' id='word_1_486' title='bbox 2508 3207 2572 3259; x_wconf 83' lang='grc' dir='ltr'><strong>ὲκ</strong></span> <span class='ocrx_word' id='word_1_487' title='bbox 2606 3205 2780 3278; x_wconf 79' lang='grc' dir='ltr'><strong>μηκὸς</strong></span> <span class='ocrx_word' id='word_1_488' title='bbox 2813 3203 2923 3277; x_wconf 68' lang='grc'>(64)</span> <span class='ocrx_word' id='word_1_489' title='bbox 2957 3203 3054 3275; x_wconf 82' lang='grc' dir='ltr'><strong>τῆς</strong></span> <span class='ocrx_word' id='word_1_490' title='bbox 3087 3200 3297 3272; x_wconf 77' lang='grc' dir='ltr'><strong>ἡλικίας</strong></span> <span class='ocrx_word' id='word_1_491' title='bbox 3324 3193 3645 3266; x_wconf 79' lang='grc' dir='ltr'><strong>ἐπανορθού-</strong></span> 
     </span>
    </p>
   </div>
   <div class='ocr_carea' id='block_1_67' title="bbox 2082 3317 2259 3369">
    <p class='ocr_par' dir='ltr' id='par_1_67' title="bbox 2082 3317 2259 3369">
     <span class='ocr_line' id='line_1_67' title="bbox 2082 3317 2259 3369; baseline 0.011 -17"><span class='ocrx_word' id='word_1_492' title='bbox 2082 3317 2259 3369; x_wconf 77' lang='grc' dir='ltr'><strong>μενος.</strong></span> 
     </span>
    </p>
   </div>
   <div class='ocr_carea' id='block_1_68' title="bbox 387 3380 3646 3466">
    <p class='ocr_par' dir='ltr' id='par_1_68' title="bbox 387 3380 3646 3466">
     <span class='ocr_line' id='line_1_68' title="bbox 387 3380 3646 3466; baseline 0.001 -31"><span class='ocrx_word' id='word_1_493' title='bbox 387 3380 552 3436; x_wconf 85' lang='lat' dir='ltr'><strong>modo</strong></span> <span class='ocrx_word' id='word_1_494' title='bbox 604 3381 826 3447; x_wconf 83' lang='lat' dir='ltr'><strong>reddes,</strong></span> <span class='ocrx_word' id='word_1_495' title='bbox 875 3384 1106 3454; x_wconf 78' lang='lat' dir='ltr'><strong>pulchra</strong></span> <span class='ocrx_word' id='word_1_496' title='bbox 1160 3392 1326 3456; x_wconf 88' lang='lat' dir='ltr'><strong>atque</strong></span> <span class='ocrx_word' id='word_1_497' title='bbox 1378 3386 1594 3445; x_wconf 87' lang='lat' dir='ltr'><strong>decenti</strong></span> <span class='ocrx_word' id='word_1_498' title='bbox 1653 3388 1757 3446; x_wconf 84' lang='lat' dir='ltr'><strong>hac</strong></span> <span class='ocrx_word' id='word_1_499' title='bbox 1796 3407 1958 3449; x_wconf 88' lang='lat' dir='ltr'><strong>senes</strong></span> <span class='ocrx_word' id='word_1_500' title='bbox 1997 3395 2233 3450; x_wconf 85' lang='lat' dir='ltr'><strong>curandi</strong></span> <span class='ocrx_word' id='word_1_501' title='bbox 2312 3396 2548 3462; x_wconf 78' lang='lat' dir='ltr'><strong>ratione,</strong></span> <span class='ocrx_word' id='word_1_502' title='bbox 2597 3393 2995 3466; x_wconf 61' lang='lat' dir='ltr'><strong>longaevitatem</strong></span> <span class='ocrx_word' id='word_1_503' title='bbox 3043 3397 3289 3446; x_wconf 86' lang='lat' dir='ltr'><strong>nostram</strong></span> <span class='ocrx_word' id='word_1_504' title='bbox 3333 3387 3390 3442; x_wconf 85' lang='lat' dir='ltr'><strong>in</strong></span> <span class='ocrx_word' id='word_1_505' title='bbox 3458 3383 3646 3440; x_wconf 90' lang='lat' dir='ltr'><strong>melio-</strong></span> 
     </span>
    </p>
   </div>
   <div class='ocr_carea' id='block_1_69' title="bbox 389 3478 1078 3534">
    <p class='ocr_par' dir='ltr' id='par_1_69' title="bbox 389 3478 1078 3534">
     <span class='ocr_line' id='line_1_69' title="bbox 389 3478 1078 3534; baseline -0.003 -1"><span class='ocrx_word' id='word_1_506' title='bbox 389 3491 500 3533; x_wconf 68' lang='lat' dir='ltr'><strong>rem</strong></span> <span class='ocrx_word' id='word_1_507' title='bbox 533 3485 735 3533; x_wconf 87' lang='lat' dir='ltr'><strong>statum</strong></span> <span class='ocrx_word' id='word_1_508' title='bbox 765 3478 1078 3534; x_wconf 82' lang='lat' dir='ltr'><strong>restituens.</strong></span> 
     </span>
    </p>
   </div>
   <div class='ocr_carea' id='block_1_70' title="bbox 926 3765 1426 3825">
    <p class='ocr_par' dir='ltr' id='par_1_70' title="bbox 926 3765 1426 3825">
     <span class='ocr_line' id='line_1_70' title="bbox 926 3765 1426 3825; baseline 0.012 -6"><span class='ocrx_word' id='word_1_509' title='bbox 926 3765 1265 3825; x_wconf 77' lang='lat' dir='ltr'><strong>EPISTULA</strong></span> <span class='ocrx_word' id='word_1_510' title='bbox 1304 3768 1426 3825; x_wconf 73' lang='grc' dir='ltr'><strong>ΧΠ.</strong></span> 
     </span>
    </p>
   </div>
   <div class='ocr_carea' id='block_1_71' title="bbox 2543 3771 3173 3845">
    <p class='ocr_par' dir='ltr' id='par_1_71' title="bbox 2543 3771 3173 3845">
     <span class='ocr_line' id='line_1_71' title="bbox 2543 3771 3173 3845; baseline -0.005 -16"><span class='ocrx_word' id='word_1_511' title='bbox 2543 3773 2886 3829; x_wconf 67' lang='lat' dir='ltr'><strong>amarem</strong></span> <span class='ocrx_word' id='word_1_512' title='bbox 2924 3773 3004 3826; x_wconf 88' lang='lat' dir='ltr'><strong>IB’</strong></span> <span class='ocrx_word' id='word_1_513' title='bbox 3040 3771 3173 3845; x_wconf 79' lang='lat'><strong>(65).</strong></span> 
     </span>
    </p>
   </div>
   <div class='ocr_carea' id='block_1_72' title="bbox 392 3915 3647 4000">
    <p class='ocr_par' dir='ltr' id='par_1_72' title="bbox 392 3915 3647 4000">
     <span class='ocr_line' id='line_1_72' title="bbox 392 3915 3647 4000; baseline 0.002 -26"><span class='ocrx_word' id='word_1_514' title='bbox 392 3915 476 3974; x_wconf 73' lang='lat' dir='ltr'><strong>Ex</strong></span> <span class='ocrx_word' id='word_1_515' title='bbox 504 3918 661 4000; x_wconf 59' lang='lat' dir='ltr'><strong>huius</strong></span> <span class='ocrx_word' id='word_1_516' title='bbox 693 3920 932 4000; x_wconf 57' lang='lat' dir='ltr'><strong>epistola:</strong></span> <span class='ocrx_word' id='word_1_517' title='bbox 965 3931 1213 3976; x_wconf 70' lang='lat' dir='ltr'><strong>contextu</strong></span> <span class='ocrx_word' id='word_1_518' title='bbox 1253 3932 1474 3993; x_wconf 80' lang='lat' dir='ltr'><strong>apparet</strong></span> <span class='ocrx_word' id='word_1_519' title='bbox 1502 3941 1620 4000; x_wconf 77' lang='lat' dir='ltr'><strong>eam</strong></span> <span class='ocrx_word' id='word_1_520' title='bbox 1661 3929 1917 4000; x_wconf 73' lang='lat' dir='ltr'><strong>scriptam</strong></span> <span class='ocrx_word' id='word_1_521' title='bbox 1946 3928 2111 3996; x_wconf 80' lang='lat' dir='ltr'><strong>fuisse</strong></span> <span class='ocrx_word' id='word_1_522' title='bbox 2145 3929 2216 3983; x_wconf 85' lang='lat' dir='ltr'><strong>ad</strong></span> <span class='ocrx_word' id='word_1_523' title='bbox 2247 3929 2615 4000; x_wconf 85' lang='lat' dir='ltr'><strong>Cappadocem</strong></span> <span class='ocrx_word' id='word_1_524' title='bbox 2648 3930 2898 4000; x_wconf 62' lang='lat' dir='ltr'><strong>virunrin</strong></span> <span class='ocrx_word' id='word_1_525' title='bbox 2934 3929 3162 3998; x_wconf 86' lang='lat' dir='ltr'><strong>quodam</strong></span> <span class='ocrx_word' id='word_1_526' title='bbox 3204 3926 3376 4000; x_wconf 10' lang='lat' dir='ltr'><strong>Ponti!</strong></span> <span class='ocrx_word' id='word_1_527' title='bbox 3411 3927 3526 4000; x_wconf 73' lang='lat' dir='ltr'><strong>loco</strong></span> <span class='ocrx_word' id='word_1_528' title='bbox 3549 3927 3647 4000; x_wconf 73' lang='lat' dir='ltr'><strong>de-</strong></span> 
     </span>
    </p>
   </div>
   <div class='ocr_carea' id='block_1_73' title="bbox 457 3989 3645 4070">
    <p class='ocr_par' dir='ltr' id='par_1_73' title="bbox 457 3989 3645 4070">
     <span class='ocr_line' id='line_1_73' title="bbox 457 3989 3645 4070; baseline 0.003 -30"><span class='ocrx_word' id='word_1_529' title='bbox 457 3998 680 4070; x_wconf 65' lang='lat' dir='ltr'><strong>gentem.</strong></span> <span class='ocrx_word' id='word_1_530' title='bbox 713 3989 880 4070; x_wconf 82' lang='lat' dir='ltr'><strong>Moris</strong></span> <span class='ocrx_word' id='word_1_531' title='bbox 907 4001 1080 4045; x_wconf 83' lang='lat' dir='ltr'><strong>autem</strong></span> <span class='ocrx_word' id='word_1_532' title='bbox 1102 4002 1244 4070; x_wconf 82' lang='lat' dir='ltr'><strong>_t_un_c</strong></span> <span class='ocrx_word' id='word_1_533' title='bbox 1271 3989 1387 4047; x_wconf 72' lang='lat' dir='ltr'><strong>erat</strong></span> <span class='ocrx_word' id='word_1_534' title='bbox 1411 3998 1630 4070; x_wconf 55' lang='lat' dir='ltr'><strong>amicos</strong></span> <span class='ocrx_word' id='word_1_535' title='bbox 1657 3989 2076 4070; x_wconf 6' lang='lat' dir='ltr'><strong>(adAcﬁelcbriores</strong></span> <span class='ocrx_word' id='word_1_536' title='bbox 2105 3989 2436 4067; x_wconf 63' lang='lat' dir='ltr'><strong>festivitates,</strong></span> <span class='ocrx_word' id='word_1_537' title='bbox 2478 4001 2773 4066; x_wconf 68' lang='lat' dir='ltr'><strong>prrcserlim</strong></span> <span class='ocrx_word' id='word_1_538' title='bbox 2807 3989 3112 4070; x_wconf 62' lang='lat' dir='ltr'><strong>Paschalis,</strong></span> <span class='ocrx_word' id='word_1_539' title='bbox 3151 4015 3261 4052; x_wconf 84' lang='lat' dir='ltr'><strong>una</strong></span> <span class='ocrx_word' id='word_1_540' title='bbox 3286 3998 3645 4070; x_wconf 2' lang='lat' dir='ltr'><strong>(celebrandas</strong></span> 
     </span>
    </p>
   </div>
   <div class='ocr_carea' id='block_1_74' title="bbox 455 4058 1980 4135">
    <p class='ocr_par' dir='ltr' id='par_1_74' title="bbox 455 4058 1980 4135">
     <span class='ocr_line' id='line_1_74' title="bbox 455 4058 1980 4135; baseline 0.009 -25"><span class='ocrx_word' id='word_1_541' title='bbox 455 4058 697 4135; x_wconf 61' lang='lat' dir='ltr'><strong>inritare,</strong></span> <span class='ocrx_word' id='word_1_542' title='bbox 726 4069 780 4113; x_wconf 81' lang='lat' dir='ltr'><strong>ut</strong></span> <span class='ocrx_word' id='word_1_543' title='bbox 811 4070 956 4130; x_wconf 84' lang='lat' dir='ltr'><strong>patet</strong></span> <span class='ocrx_word' id='word_1_544' title='bbox 990 4076 1054 4114; x_wconf 71' lang='lat' dir='ltr'><strong>ea:</strong></span> <span class='ocrx_word' id='word_1_545' title='bbox 1091 4063 1424 4117; x_wconf 76' lang='lat' dir='ltr'><strong>Nazianzeni</strong></span> <span class='ocrx_word' id='word_1_546' title='bbox 1456 4063 1710 4135; x_wconf 78' lang='lat' dir='ltr'><strong>Epistolis</strong></span> <span class='ocrx_word' id='word_1_547' title='bbox 1735 4068 1824 4134; x_wconf 88' lang='grc'><strong>99,</strong></span> <span class='ocrx_word' id='word_1_548' title='bbox 1858 4069 1980 4135; x_wconf 85' lang='grc'><strong>100,</strong></span> 
     </span>
    </p>
   </div>
   <div class='ocr_carea' id='block_1_75' title="bbox 455 4130 626 4182">
    <p class='ocr_par' dir='ltr' id='par_1_75' title="bbox 455 4130 626 4182">
     <span class='ocr_line' id='line_1_75' title="bbox 455 4130 626 4182; baseline 0.012 -2"><span class='ocrx_word' id='word_1_549' title='bbox 455 4130 626 4182; x_wconf 81' lang='lat' dir='ltr'><strong>dium.</strong></span> 
     </span>
    </p>
   </div>
   <div class='ocr_carea' id='block_1_76' title="bbox 455 4304 1959 4379">
    <p class='ocr_par' dir='ltr' id='par_1_76' title="bbox 455 4304 1959 4379">
     <span class='ocr_line' id='line_1_76' title="bbox 455 4304 1959 4379; baseline 0.009 -20"><span class='ocrx_word' id='word_1_550' title='bbox 455 4304 565 4361; x_wconf 79' lang='lat' dir='ltr'><strong>Nec</strong></span> <span class='ocrx_word' id='word_1_551' title='bbox 592 4307 736 4362; x_wconf 88' lang='lat' dir='ltr'><strong>veris</strong></span> <span class='ocrx_word' id='word_1_552' title='bbox 768 4306 944 4377; x_wconf 81' lang='lat' dir='ltr'><strong>gratia</strong></span> <span class='ocrx_word' id='word_1_553' title='bbox 980 4319 1204 4379; x_wconf 82' lang='lat' dir='ltr'><strong>repente</strong></span> <span class='ocrx_word' id='word_1_554' title='bbox 1244 4324 1308 4365; x_wconf 90' lang='lat' dir='ltr'><strong>ac</strong></span> <span class='ocrx_word' id='word_1_555' title='bbox 1358 4318 1470 4366; x_wconf 86' lang='lat' dir='ltr'><strong>tota</strong></span> <span class='ocrx_word' id='word_1_556' title='bbox 1506 4312 1672 4368; x_wconf 87' lang='lat' dir='ltr'><strong>simul</strong></span> <span class='ocrx_word' id='word_1_557' title='bbox 1715 4315 1959 4373; x_wconf 89' lang='lat' dir='ltr'><strong>emicare</strong></span> 
     </span>
    </p>
   </div>
   <div class='ocr_carea' id='block_1_77' title="bbox 387 4398 1957 4470">
    <p class='ocr_par' dir='ltr' id='par_1_77' title="bbox 387 4398 1957 4470">
     <span class='ocr_line' id='line_1_77' title="bbox 387 4398 1957 4470; baseline 0.006 -18"><span class='ocrx_word' id='word_1_558' title='bbox 387 4401 562 4466; x_wconf 80' lang='lat' dir='ltr'><strong>solet;</strong></span> <span class='ocrx_word' id='word_1_559' title='bbox 596 4398 690 4454; x_wconf 90' lang='lat' dir='ltr'><strong>sed</strong></span> <span class='ocrx_word' id='word_1_560' title='bbox 727 4400 881 4453; x_wconf 89' lang='lat' dir='ltr'><strong>verni</strong></span> <span class='ocrx_word' id='word_1_561' title='bbox 919 4403 1187 4470; x_wconf 83' lang='lat' dir='ltr'><strong>temporis</strong></span> <span class='ocrx_word' id='word_1_562' title='bbox 1219 4403 1443 4458; x_wconf 78' lang='lat' dir='ltr'><strong>exordia</strong></span> <span class='ocrx_word' id='word_1_563' title='bbox 1483 4404 1616 4461; x_wconf 76' lang='lat' dir='ltr'><strong>fiunt</strong></span> <span class='ocrx_word' id='word_1_564' title='bbox 1647 4407 1782 4462; x_wconf 91' lang='lat' dir='ltr'><strong>solis</strong></span> <span class='ocrx_word' id='word_1_565' title='bbox 1820 4408 1957 4462; x_wconf 80' lang='lat' dir='ltr'><strong>radii</strong></span> 
     </span>
    </p>
   </div>
   <div class='ocr_carea' id='block_1_78' title="bbox 386 4491 1960 4561">
    <p class='ocr_par' dir='ltr' id='par_1_78' title="bbox 386 4491 1960 4561">
     <span class='ocr_line' id='line_1_78' title="bbox 386 4491 1960 4561; baseline 0.004 -15"><span class='ocrx_word' id='word_1_566' title='bbox 386 4505 550 4547; x_wconf 64' lang='lat' dir='ltr'><strong>neme</strong></span> <span class='ocrx_word' id='word_1_567' title='bbox 584 4491 844 4547; x_wconf 87' lang='lat' dir='ltr'><strong>duritiem</strong></span> <span class='ocrx_word' id='word_1_568' title='bbox 893 4491 1097 4547; x_wconf 84' lang='lat' dir='ltr'><strong>blande</strong></span> <span class='ocrx_word' id='word_1_569' title='bbox 1145 4497 1510 4561; x_wconf 86' lang='lat' dir='ltr'><strong>cmollientes,</strong></span> <span class='ocrx_word' id='word_1_570' title='bbox 1569 4505 1624 4553; x_wconf 88' lang='lat' dir='ltr'><strong>et</strong></span> <span class='ocrx_word' id='word_1_571' title='bbox 1675 4498 1838 4554; x_wconf 81' lang='lat' dir='ltr'><strong>ﬂores</strong></span> <span class='ocrx_word' id='word_1_572' title='bbox 1873 4500 1960 4553; x_wconf 85' lang='lat' dir='ltr'><strong>di-</strong></span> 
     </span>
    </p>
   </div>
   <div class='ocr_carea' id='block_1_79' title="bbox 453 4673 1956 4750">
    <p class='ocr_par' dir='ltr' id='par_1_79' title="bbox 453 4673 1956 4750">
     <span class='ocr_line' id='line_1_79' title="bbox 453 4673 1956 4750; baseline 0.003 -24"><span class='ocrx_word' id='word_1_573' title='bbox 453 4673 564 4750; x_wconf 65' lang='grc'>(55)</span> <span class='ocrx_word' id='word_1_574' title='bbox 619 4673 684 4728; x_wconf 83' lang='lat' dir='ltr'><strong>Et</strong></span> <span class='ocrx_word' id='word_1_575' title='bbox 732 4674 821 4730; x_wconf 86' lang='lat' dir='ltr'><strong>hic</strong></span> <span class='ocrx_word' id='word_1_576' title='bbox 875 4673 1107 4730; x_wconf 76' lang='lat' dir='ltr'><strong>fortasse</strong></span> <span class='ocrx_word' id='word_1_577' title='bbox 1169 4676 1478 4746; x_wconf 79' lang='lat' dir='ltr'><strong>legendum,</strong></span> <span class='ocrx_word' id='word_1_578' title='bbox 1529 4679 1561 4749; x_wconf 85' lang='grc' dir='ltr'><strong>ἡ</strong></span> <span class='ocrx_word' id='word_1_579' title='bbox 1626 4680 1720 4733; x_wconf 77' lang='grc' dir='ltr'><strong>καὶ</strong></span> <span class='ocrx_word' id='word_1_580' title='bbox 1767 4679 1826 4732; x_wconf 81' lang='grc' dir='ltr'><strong>ὲν</strong></span> <span class='ocrx_word' id='word_1_581' title='bbox 1889 4680 1956 4750; x_wconf 76' lang='grc' dir='ltr'><strong>τῇ</strong></span> 
     </span>
    </p>
   </div>
   <div class='ocr_carea' id='block_1_80' title="bbox 269 4745 598 4813">
    <p class='ocr_par' dir='ltr' id='par_1_80' title="bbox 269 4745 598 4813">
     <span class='ocr_line' id='line_1_80' title="bbox 269 4745 598 4813; baseline 0.009 -3"><span class='ocrx_word' id='word_1_582' title='bbox 269 4791 286 4804; x_wconf 90' lang='grc'><strong>.</strong></span> <span class='ocrx_word' id='word_1_583' title='bbox 387 4745 598 4813; x_wconf 61' lang='grc' dir='ltr'><strong>κνήμη·</strong></span> 
     </span>
    </p>
   </div>
   <div class='ocr_carea' id='block_1_81' title="bbox 457 4814 1959 4889">
    <p class='ocr_par' dir='ltr' id='par_1_81' title="bbox 457 4814 1959 4889">
     <span class='ocr_line' id='line_1_81' title="bbox 457 4814 1959 4889; baseline 0.003 -22"><span class='ocrx_word' id='word_1_584' title='bbox 457 4814 794 4889; x_wconf 45' lang='grc' dir='ltr'><strong>(διῆηζῖιδνί.</strong></span> <span class='ocrx_word' id='word_1_585' title='bbox 840 4815 979 4871; x_wconf 79' lang='lat' dir='ltr'><strong>Med.</strong></span> <span class='ocrx_word' id='word_1_586' title='bbox 1029 4817 1212 4886; x_wconf 72' lang='grc' dir='ltr'><strong>μέσον.</strong></span> <span class='ocrx_word' id='word_1_587' title='bbox 1276 4821 1448 4876; x_wconf 85' lang='lat' dir='ltr'><strong>Paulo</strong></span> <span class='ocrx_word' id='word_1_588' title='bbox 1479 4830 1621 4889; x_wconf 87' lang='lat' dir='ltr'><strong>post,</strong></span> <span class='ocrx_word' id='word_1_589' title='bbox 1664 4817 1959 4889; x_wconf 73' lang='grc' dir='ltr'><strong>φιλοτίμως</strong></span> 
     </span>
    </p>
   </div>
   <div class='ocr_carea' id='block_1_82' title="bbox 380 4882 838 4952">
    <p class='ocr_par' dir='ltr' id='par_1_82' title="bbox 380 4882 838 4952">
     <span class='ocr_line' id='line_1_82' title="bbox 380 4882 838 4952; baseline 0.009 -20"><span class='ocrx_word' id='word_1_590' title='bbox 380 4882 518 4952; x_wconf 70' lang='grc' dir='ltr'><strong>πρὸς</strong></span> <span class='ocrx_word' id='word_1_591' title='bbox 548 4882 838 4952; x_wconf 72' lang='grc' dir='ltr'><strong>ἀλλήλους.</strong></span> 
     </span>
    </p>
   </div>
   <div class='ocr_carea' id='block_1_83' title="bbox 455 4953 1959 5073">
    <p class='ocr_par' dir='ltr' id='par_1_83' title="bbox 455 4953 1959 5073">
     <span class='ocr_line' id='line_1_83' title="bbox 455 4953 1959 5073; baseline 0.003 -68"><span class='ocrx_word' id='word_1_592' title='bbox 455 4953 803 5073; x_wconf 48' lang='grc' dir='ltr'><strong>(57ιὶὶῦτως.</strong></span> <span class='ocrx_word' id='word_1_593' title='bbox 844 4955 921 5009; x_wconf 86' lang='lat' dir='ltr'><strong>Id.</strong></span> <span class='ocrx_word' id='word_1_594' title='bbox 955 4959 1076 5013; x_wconf 68' lang='lat' dir='ltr'><strong>coil.</strong></span> <span class='ocrx_word' id='word_1_595' title='bbox 1122 4962 1183 5014; x_wconf 80' lang='grc' dir='ltr'><strong>ἐκ</strong></span> <span class='ocrx_word' id='word_1_596' title='bbox 1217 4963 1310 5017; x_wconf 72' lang='grc' dir='ltr'><strong>τοῦ</strong></span> <span class='ocrx_word' id='word_1_597' title='bbox 1342 4961 1570 5014; x_wconf 72' lang='grc' dir='ltr'><strong>Πόντου.</strong></span> <span class='ocrx_word' id='word_1_598' title='bbox 1603 4959 1668 5012; x_wconf 83' lang='grc' dir='ltr'><strong>Ει</strong></span> <span class='ocrx_word' id='word_1_599' title='bbox 1704 4976 1826 5015; x_wconf 73' lang='grc' dir='ltr'><strong>ιιιοκ</strong></span> <span class='ocrx_word' id='word_1_600' title='bbox 1860 4976 1959 5030; x_wconf 86' lang='grc' dir='ltr'><strong>μα-</strong></span> 
     </span>
     <span class='ocr_line' id='line_1_84' title="bbox 461 5038 669 5073; baseline -0.005 0"><span class='ocrx_word' id='word_1_601' title='bbox 461 5038 579 5073; x_wconf 83' lang='grc' dir='ltr'><strong>οιστ</strong></span> <span class='ocrx_word' id='word_1_602' title='bbox 607 5040 669 5073; x_wconf 86' lang='grc' dir='ltr'><strong>.ν.</strong></span> 
     </span>
    </p>
   </div>
   <div class='ocr_carea' id='block_1_84' title="bbox 383 5038 669 5090">
    <p class='ocr_par' dir='ltr' id='par_1_84' title="bbox 383 5038 669 5090">
     <span class='ocr_line' id='line_1_85' title="bbox 383 5038 669 5090; baseline -0.017 -14"><span class='ocrx_word' id='word_1_603' title='bbox 383 5038 669 5090; x_wconf 76' lang='grc' dir='ltr'><strong>καριστην.</strong></span> 
     </span>
    </p>
   </div>
   <div class='ocr_carea' id='block_1_85' title="bbox 458 5093 1677 5173">
    <p class='ocr_par' dir='ltr' id='par_1_85' title="bbox 458 5093 1677 5173">
     <span class='ocr_line' id='line_1_86' title="bbox 458 5093 1677 5173; baseline 0.006 -28"><span class='ocrx_word' id='word_1_604' title='bbox 599 5093 833 5173; x_wconf 54' lang='grc' dir='ltr'><strong>Ὑπεηϐ,</strong></span> <span class='ocrx_word' id='word_1_605' title='bbox 879 5095 1453 5173; x_wconf 52' lang='grc' dir='ltr'><strong>ΙιΙ.-ύπερ6αλλόμενος</strong></span> <span class='ocrx_word' id='word_1_606' title='bbox 1484 5099 1677 5162; x_wconf 78' lang='grc' dir='ltr'><strong>οὕτως.</strong></span> 
     </span>
    </p>
   </div>
   <div class='ocr_carea' id='block_1_86' title="bbox 455 5162 1958 5242">
    <p class='ocr_par' dir='ltr' id='par_1_86' title="bbox 455 5162 1958 5242">
     <span class='ocr_line' id='line_1_87' title="bbox 455 5162 1958 5242; baseline 0.004 -25"><span class='ocrx_word' id='word_1_607' title='bbox 455 5162 567 5230; x_wconf 82' lang='grc'>(59)</span> <span class='ocrx_word' id='word_1_608' title='bbox 588 5163 913 5242; x_wconf 61' lang='grc' dir='ltr'><strong>Κριζτῆρες.</strong></span> <span class='ocrx_word' id='word_1_609' title='bbox 936 5162 1101 5242; x_wconf 35' lang='lat' dir='ltr'><strong>.Med:</strong></span> <span class='ocrx_word' id='word_1_610' title='bbox 1127 5162 1768 5242; x_wconf 50' lang='grc' dir='ltr'><strong>βρωτῆρεςζεοηιεδιοιοεε</strong></span> <span class='ocrx_word' id='word_1_611' title='bbox 1793 5184 1810 5221; x_wconf 91' lang='lat'><strong><em>:</em></strong></span> <span class='ocrx_word' id='word_1_612' title='bbox 1846 5182 1958 5242; x_wconf 66' lang='lat' dir='ltr'><strong>vox</strong></span> 
     </span>
    </p>
   </div>
   <div class='ocr_carea' id='block_1_87' title="bbox 382 5233 1955 5309">
    <p class='ocr_par' dir='ltr' id='par_1_87' title="bbox 382 5233 1955 5309">
     <span class='ocr_line' id='line_1_88' title="bbox 382 5233 1955 5309; baseline 0.003 -22"><span class='ocrx_word' id='word_1_613' title='bbox 382 5233 449 5287; x_wconf 79' lang='lat' dir='ltr'><strong>ad</strong></span> <span class='ocrx_word' id='word_1_614' title='bbox 471 5234 806 5309; x_wconf 67' lang='lat' dir='ltr'><strong>sententiam</strong></span> <span class='ocrx_word' id='word_1_615' title='bbox 840 5233 1327 5303; x_wconf 61' lang='lat' dir='ltr'><strong>aptissima&#39;.&#39;Mox&quot;</strong></span> <span class='ocrx_word' id='word_1_616' title='bbox 1368 5233 1547 5295; x_wconf 83' lang='lat' dir='ltr'><strong>autem</strong></span> <span class='ocrx_word' id='word_1_617' title='bbox 1585 5238 1955 5309; x_wconf 76' lang='grc' dir='ltr'><strong>σωφρονούσῃ.</strong></span> 
     </span>
    </p>
   </div>
   <div class='ocr_carea' id='block_1_88' title="bbox 381 5303 1956 5381">
    <p class='ocr_par' dir='ltr' id='par_1_88' title="bbox 381 5303 1956 5381">
     <span class='ocr_line' id='line_1_89' title="bbox 381 5303 1956 5381; baseline 0.004 -26"><span class='ocrx_word' id='word_1_618' title='bbox 381 5303 583 5358; x_wconf 86' lang='lat' dir='ltr'><strong>—Etsi</strong></span> <span class='ocrx_word' id='word_1_619' title='bbox 623 5303 1019 5381; x_wconf 76' lang='lat' dir='ltr'><strong>incompertum</strong></span> <span class='ocrx_word' id='word_1_620' title='bbox 1079 5310 1210 5364; x_wconf 87' lang='lat' dir='ltr'><strong>mihi</strong></span> <span class='ocrx_word' id='word_1_621' title='bbox 1267 5313 1336 5366; x_wconf 89' lang='lat' dir='ltr'><strong>sit</strong></span> <span class='ocrx_word' id='word_1_622' title='bbox 1383 5327 1451 5364; x_wconf 91' lang='lat' dir='ltr'><strong>an</strong></span> <span class='ocrx_word' id='word_1_623' title='bbox 1509 5326 1609 5365; x_wconf 81' lang='lat' dir='ltr'><strong>vox</strong></span> <span class='ocrx_word' id='word_1_624' title='bbox 1664 5303 1956 5381; x_wconf 65' lang='grc' dir='ltr'><strong>κρατῆρες,</strong></span> 
     </span>
    </p>
   </div>
   <div class='ocr_carea' id='block_1_89' title="bbox 383 5376 1956 5450">
    <p class='ocr_par' dir='ltr' id='par_1_89' title="bbox 383 5376 1956 5450">
     <span class='ocr_line' id='line_1_90' title="bbox 383 5376 1956 5450; baseline 0.004 -24"><span class='ocrx_word' id='word_1_625' title='bbox 383 5389 483 5440; x_wconf 77' lang='lat' dir='ltr'><strong>pro</strong></span> <span class='ocrx_word' id='word_1_626' title='bbox 507 5376 950 5450; x_wconf 70' lang='lat' dir='ltr'><strong>occupatoribus,</strong></span> <span class='ocrx_word' id='word_1_627' title='bbox 977 5392 1042 5432; x_wconf 91' lang='lat' dir='ltr'><strong>eo</strong></span> <span class='ocrx_word' id='word_1_628' title='bbox 1070 5394 1233 5435; x_wconf 88' lang='lat' dir='ltr'><strong>sensu</strong></span> <span class='ocrx_word' id='word_1_629' title='bbox 1263 5397 1291 5436; x_wconf 90' lang='lat' dir='ltr'><strong>a</strong></span> <span class='ocrx_word' id='word_1_630' title='bbox 1315 5381 1568 5450; x_wconf 87' lang='lat' dir='ltr'><strong>qu0piam</strong></span> <span class='ocrx_word' id='word_1_631' title='bbox 1607 5376 1956 5448; x_wconf 61' lang='lat' dir='ltr'><strong>acceptasit,</strong></span> 
     </span>
    </p>
   </div>
   <div class='ocr_carea' id='block_1_90' title="bbox 383 5446 1961 5522">
    <p class='ocr_par' dir='ltr' id='par_1_90' title="bbox 383 5446 1961 5522">
     <span class='ocr_line' id='line_1_91' title="bbox 383 5446 1961 5522; baseline 0.006 -28"><span class='ocrx_word' id='word_1_632' title='bbox 383 5458 491 5510; x_wconf 79' lang='lat' dir='ltr'><strong>quo</strong></span> <span class='ocrx_word' id='word_1_633' title='bbox 524 5446 748 5522; x_wconf 69' lang='lat' dir='ltr'><strong>verbum</strong></span> <span class='ocrx_word' id='word_1_634' title='bbox 788 5447 1000 5516; x_wconf 83' lang='grc' dir='ltr'><strong>κρατέω</strong></span> <span class='ocrx_word' id='word_1_635' title='bbox 1024 5446 1405 5522; x_wconf 65' lang='lat' dir='ltr'><strong>stepenumero</strong></span> <span class='ocrx_word' id='word_1_636' title='bbox 1428 5446 1758 5522; x_wconf 61' lang='lat' dir='ltr'><strong>usurpatur}</strong></span> <span class='ocrx_word' id='word_1_637' title='bbox 1780 5458 1961 5506; x_wconf 89' lang='lat' dir='ltr'><strong>tamen</strong></span> 
     </span>
    </p>
   </div>
   <div class='ocr_carea' id='block_1_91' title="bbox 383 5516 1960 5582">
    <p class='ocr_par' dir='ltr' id='par_1_91' title="bbox 383 5516 1960 5582">
     <span class='ocr_line' id='line_1_92' title="bbox 383 5516 1960 5582; baseline 0.008 -18"><span class='ocrx_word' id='word_1_638' title='bbox 383 5526 492 5582; x_wconf 71' lang='lat' dir='ltr'><strong>non</strong></span> <span class='ocrx_word' id='word_1_639' title='bbox 518 5516 676 5570; x_wconf 88' lang='lat' dir='ltr'><strong>video</strong></span> <span class='ocrx_word' id='word_1_640' title='bbox 715 5529 951 5582; x_wconf 91' lang='lat' dir='ltr'><strong>quonam</strong></span> <span class='ocrx_word' id='word_1_641' title='bbox 991 5516 1358 5578; x_wconf 67' lang='lat' dir='ltr'><strong>alio&#39;meliori</strong></span> <span class='ocrx_word' id='word_1_642' title='bbox 1403 5516 1580 5577; x_wconf 58' lang='lat' dir='ltr'><strong>sensu&quot;</strong></span> <span class='ocrx_word' id='word_1_643' title='bbox 1608 5521 1712 5576; x_wconf 87' lang='lat' dir='ltr'><strong>hoc</strong></span> <span class='ocrx_word' id='word_1_644' title='bbox 1751 5522 1808 5575; x_wconf 92' lang='lat' dir='ltr'><strong>in</strong></span> <span class='ocrx_word' id='word_1_645' title='bbox 1839 5521 1960 5576; x_wconf 84' lang='lat' dir='ltr'><strong>loco</strong></span> 
     </span>
    </p>
   </div>
   <div class='ocr_carea' id='block_1_92' title="bbox 385 5579 1000 5656">
    <p class='ocr_par' dir='ltr' id='par_1_92' title="bbox 385 5579 1000 5656">
     <span class='ocr_line' id='line_1_93' title="bbox 385 5579 1000 5656; baseline 0.011 -21"><span class='ocrx_word' id='word_1_646' title='bbox 385 5579 578 5656; x_wconf 65' lang='lat' dir='ltr'><strong>Latine</strong></span> <span class='ocrx_word' id='word_1_647' title='bbox 611 5579 768 5656; x_wconf 63' lang='lat' dir='ltr'><strong>reddi</strong></span> <span class='ocrx_word' id='word_1_648' title='bbox 806 5587 1000 5656; x_wconf 85' lang='lat' dir='ltr'><strong>possit.</strong></span> 
     </span>
    </p>
   </div>
   <div class='ocr_carea' id='block_1_93' title="bbox 355 5651 1957 5732">
    <p class='ocr_par' dir='ltr' id='par_1_93' title="bbox 355 5651 1957 5732">
     <span class='ocr_line' id='line_1_94' title="bbox 355 5651 1957 5732; baseline 0.009 -30"><span class='ocrx_word' id='word_1_649' title='bbox 355 5695 361 5702; x_wconf 95' lang='lat'><strong>.</strong></span> <span class='ocrx_word' id='word_1_650' title='bbox 390 5719 413 5732; x_wconf 79' lang='lat'>_</span> <span class='ocrx_word' id='word_1_651' title='bbox 451 5651 569 5732; x_wconf 41' lang='lat'><strong>.(60)</strong></span> <span class='ocrx_word' id='word_1_652' title='bbox 609 5651 914 5732; x_wconf 58' lang='lat' dir='ltr'><strong>Notupn&#39;est</strong></span> <span class='ocrx_word' id='word_1_653' title='bbox 945 5661 1202 5732; x_wconf 77' lang='lat' dir='ltr'><strong>eruditis,</strong></span> <span class='ocrx_word' id='word_1_654' title='bbox 1237 5664 1343 5719; x_wconf 82' lang='lat' dir='ltr'><strong>hoc</strong></span> <span class='ocrx_word' id='word_1_655' title='bbox 1370 5660 1595 5732; x_wconf 82' lang='lat' dir='ltr'><strong>nomine</strong></span> <span class='ocrx_word' id='word_1_656' title='bbox 1632 5660 1957 5732; x_wconf 87' lang='lat' dir='ltr'><strong>appellatam</strong></span> 
     </span>
    </p>
   </div>
   <div class='ocr_carea' id='block_1_94' title="bbox 388 5719 1958 5805">
    <p class='ocr_par' dir='ltr' id='par_1_94' title="bbox 388 5719 1958 5805">
     <span class='ocr_line' id='line_1_95' title="bbox 388 5719 1958 5805; baseline 0.016 -29"><span class='ocrx_word' id='word_1_657' title='bbox 388 5719 559 5776; x_wconf 79' lang='lat' dir='ltr'><strong>fuisse</strong></span> <span class='ocrx_word' id='word_1_658' title='bbox 593 5738 712 5805; x_wconf 75' lang='lat' dir='ltr'><strong>eam</strong></span> <span class='ocrx_word' id='word_1_659' title='bbox 745 5724 1036 5805; x_wconf 60' lang='lat' dir='ltr'><strong>Penelopis</strong></span> <span class='ocrx_word' id='word_1_660' title='bbox 1071 5719 1349 5800; x_wconf 76' lang='lat' dir='ltr'><strong>ancillam,</strong></span> <span class='ocrx_word' id='word_1_661' title='bbox 1393 5747 1514 5804; x_wconf 69' lang='lat' dir='ltr'><strong>qua:</strong></span> <span class='ocrx_word' id='word_1_662' title='bbox 1543 5719 1813 5805; x_wconf 52' lang='lat' dir='ltr'><strong>Ulyssem,</strong></span> <span class='ocrx_word' id='word_1_663' title='bbox 1855 5731 1958 5788; x_wconf 67' lang='lat' dir='ltr'><strong>SUb</strong></span> 
     </span>
    </p>
   </div>
   <div class='ocr_carea' id='block_1_95' title="bbox 388 5793 1954 5876">
    <p class='ocr_par' dir='ltr' id='par_1_95' title="bbox 388 5793 1954 5876">
     <span class='ocr_line' id='line_1_96' title="bbox 388 5793 1954 5876; baseline 0.006 -30"><span class='ocrx_word' id='word_1_664' title='bbox 388 5793 643 5864; x_wconf 85' lang='lat' dir='ltr'><strong>pauperis</strong></span> <span class='ocrx_word' id='word_1_665' title='bbox 678 5793 861 5850; x_wconf 85' lang='lat' dir='ltr'><strong>habitu</strong></span> <span class='ocrx_word' id='word_1_666' title='bbox 893 5793 1172 5876; x_wconf 72' lang='lat' dir='ltr'><strong>latentem,</strong></span> <span class='ocrx_word' id='word_1_667' title='bbox 1225 5793 1360 5862; x_wconf 81' lang='lat' dir='ltr'><strong>adeo</strong></span> <span class='ocrx_word' id='word_1_668' title='bbox 1407 5793 1780 5872; x_wconf 70' lang='lat' dir='ltr'><strong>aversabatur,</strong></span> <span class='ocrx_word' id='word_1_669' title='bbox 1801 5793 1872 5858; x_wconf 76' lang='grc' dir='ltr'><strong>ἰιι</strong></span> <span class='ocrx_word' id='word_1_670' title='bbox 1904 5810 1954 5858; x_wconf 89' lang='lat' dir='ltr'><strong>et</strong></span> 
     </span>
    </p>
   </div>
   <div class='ocr_carea' id='block_1_96' title="bbox 2020 4068 3649 4140">
    <p class='ocr_par' dir='ltr' id='par_1_96' title="bbox 2020 4068 3649 4140">
     <span class='ocr_line' id='line_1_97' title="bbox 2020 4068 3649 4140; baseline -0.001 -16"><span class='ocrx_word' id='word_1_671' title='bbox 2020 4081 2069 4124; x_wconf 86' lang='lat' dir='ltr'><strong>et</strong></span> <span class='ocrx_word' id='word_1_672' title='bbox 2099 4073 2222 4136; x_wconf 71' lang='grc'><strong>102,</strong></span> <span class='ocrx_word' id='word_1_673' title='bbox 2253 4070 2321 4125; x_wconf 88' lang='lat' dir='ltr'><strong>ad</strong></span> <span class='ocrx_word' id='word_1_674' title='bbox 2359 4070 2656 4136; x_wconf 80' lang='lat' dir='ltr'><strong>Eulalium,</strong></span> <span class='ocrx_word' id='word_1_675' title='bbox 2677 4070 2879 4140; x_wconf 75' lang='lat' dir='ltr'><strong>junctis</strong></span> <span class='ocrx_word' id='word_1_676' title='bbox 2913 4069 3168 4140; x_wconf 74' lang='lat' dir='ltr'><strong>Epistula:</strong></span> <span class='ocrx_word' id='word_1_677' title='bbox 3199 4069 3323 4135; x_wconf 72' lang='lat'><strong>230,</strong></span> <span class='ocrx_word' id='word_1_678' title='bbox 3350 4068 3420 4122; x_wconf 83' lang='lat' dir='ltr'><strong>ad</strong></span> <span class='ocrx_word' id='word_1_679' title='bbox 3451 4069 3649 4122; x_wconf 68' lang='lat' dir='ltr'><strong>Palla-</strong></span> 
     </span>
    </p>
   </div>
   <div class='ocr_carea' id='block_1_97' title="bbox 2133 4314 3645 4391">
    <p class='ocr_par' dir='ltr' id='par_1_97' title="bbox 2133 4314 3645 4391">
     <span class='ocr_line' id='line_1_98' title="bbox 2133 4314 3645 4391; baseline -0.005 -17"><span class='ocrx_word' id='word_1_680' title='bbox 2133 4318 2268 4374; x_wconf 74' lang='grc' dir='ltr'><strong>Οὐδὲ</strong></span> <span class='ocrx_word' id='word_1_681' title='bbox 2289 4317 2382 4372; x_wconf 79' lang='grc' dir='ltr'><strong>τοῦ</strong></span> <span class='ocrx_word' id='word_1_682' title='bbox 2425 4317 2584 4390; x_wconf 80' lang='grc' dir='ltr'><strong>ἔαρος</strong></span> <span class='ocrx_word' id='word_1_683' title='bbox 2606 4320 2638 4391; x_wconf 83' lang='grc' dir='ltr'>ὴ</span> <span class='ocrx_word' id='word_1_684' title='bbox 2662 4319 2820 4390; x_wconf 87' lang='grc' dir='ltr'><strong>χάρις</strong></span> <span class='ocrx_word' id='word_1_685' title='bbox 2854 4318 3180 4388; x_wconf 83' lang='grc' dir='ltr'><strong>διαλάμπειν</strong></span> <span class='ocrx_word' id='word_1_686' title='bbox 3199 4316 3335 4371; x_wconf 84' lang='grc' dir='ltr'><strong>κατὰ</strong></span> <span class='ocrx_word' id='word_1_687' title='bbox 3355 4314 3413 4368; x_wconf 76' lang='grc' dir='ltr'><strong>τὸ</strong></span> <span class='ocrx_word' id='word_1_688' title='bbox 3441 4314 3645 4386; x_wconf 81' lang='grc' dir='ltr'><strong>ἀορόον</strong></span> 
     </span>
    </p>
   </div>
   <div class='ocr_carea' id='block_1_98' title="bbox 2065 4409 3646 4483">
    <p class='ocr_par' dir='ltr' id='par_1_98' title="bbox 2065 4409 3646 4483">
     <span class='ocr_line' id='line_1_99' title="bbox 2065 4409 3646 4483; baseline -0.003 -17"><span class='ocrx_word' id='word_1_689' title='bbox 2065 4413 2308 4480; x_wconf 80' lang='grc' dir='ltr'><strong>πέφυκεν</strong></span> <span class='ocrx_word' id='word_1_690' title='bbox 2329 4428 2344 4443; x_wconf 85' lang='lat'><strong><em>°</em></strong></span> <span class='ocrx_word' id='word_1_691' title='bbox 2382 4411 2516 4466; x_wconf 80' lang='grc' dir='ltr'><strong>ἀλλὰ</strong></span> <span class='ocrx_word' id='word_1_692' title='bbox 2543 4410 2801 4483; x_wconf 85' lang='grc' dir='ltr'><strong>προοίμια</strong></span> <span class='ocrx_word' id='word_1_693' title='bbox 2829 4412 2927 4481; x_wconf 80' lang='grc' dir='ltr'><strong>τῆς</strong></span> <span class='ocrx_word' id='word_1_694' title='bbox 2953 4410 3100 4482; x_wconf 85' lang='grc' dir='ltr'><strong>ὥρας</strong></span> <span class='ocrx_word' id='word_1_695' title='bbox 3121 4410 3358 4477; x_wconf 86' lang='grc' dir='ltr'><strong>γίνονται</strong></span> <span class='ocrx_word' id='word_1_696' title='bbox 3390 4409 3548 4471; x_wconf 80' lang='grc' dir='ltr'><strong>ἀκτίς</strong></span> <span class='ocrx_word' id='word_1_697' title='bbox 3583 4426 3646 4461; x_wconf 89' lang='grc' dir='ltr'><strong>τε</strong></span> 
     </span>
    </p>
   </div>
   <div class='ocr_carea' id='block_1_99' title="bbox 2064 4499 3651 4574">
    <p class='ocr_par' dir='ltr' id='par_1_99' title="bbox 2064 4499 3651 4574">
     <span class='ocr_line' id='line_1_100' title="bbox 2064 4499 3651 4574; baseline -0.002 -21"><span class='ocrx_word' id='word_1_698' title='bbox 2064 4503 2350 4573; x_wconf 82' lang='grc' dir='ltr'><strong>προσηνῶς</strong></span> <span class='ocrx_word' id='word_1_699' title='bbox 2384 4503 2444 4557; x_wconf 83' lang='grc' dir='ltr'><strong>τὸ</strong></span> <span class='ocrx_word' id='word_1_700' title='bbox 2475 4504 2718 4573; x_wconf 79' lang='grc' dir='ltr'><strong>πεπηγὸς</strong></span> <span class='ocrx_word' id='word_1_701' title='bbox 2746 4504 2844 4574; x_wconf 83' lang='grc' dir='ltr'><strong>τῆς</strong></span> <span class='ocrx_word' id='word_1_702' title='bbox 2871 4502 2976 4572; x_wconf 82' lang='grc' dir='ltr'><strong>γῆς</strong></span> <span class='ocrx_word' id='word_1_703' title='bbox 3003 4502 3392 4566; x_wconf 80' lang='grc' dir='ltr'><strong>ἐπιθάλπουσα,</strong></span> <span class='ocrx_word' id='word_1_704' title='bbox 3428 4501 3523 4552; x_wconf 73' lang='grc' dir='ltr'><strong>καὶ</strong></span> <span class='ocrx_word' id='word_1_705' title='bbox 3548 4499 3651 4552; x_wconf 79' lang='grc' dir='ltr'><strong>άν-</strong></span> 
     </span>
    </p>
   </div>
   <div class='ocr_carea' id='block_1_100' title="bbox 2056 4677 3647 4744">
    <p class='ocr_par' dir='ltr' id='par_1_100' title="bbox 2056 4677 3647 4744">
     <span class='ocr_line' id='line_1_101' title="bbox 2056 4677 3647 4744; baseline 0.003 -16"><span class='ocrx_word' id='word_1_706' title='bbox 2056 4678 2286 4734; x_wconf 87' lang='lat' dir='ltr'><strong>verbera</strong></span> <span class='ocrx_word' id='word_1_707' title='bbox 2315 4679 2366 4734; x_wconf 90' lang='lat' dir='ltr'><strong>ei</strong></span> <span class='ocrx_word' id='word_1_708' title='bbox 2402 4680 2724 4743; x_wconf 88' lang='lat' dir='ltr'><strong>minaretur,</strong></span> <span class='ocrx_word' id='word_1_709' title='bbox 2762 4678 2867 4734; x_wconf 90' lang='lat' dir='ltr'><strong>uisi</strong></span> <span class='ocrx_word' id='word_1_710' title='bbox 2896 4695 2925 4734; x_wconf 91' lang='lat' dir='ltr'><strong>e</strong></span> <span class='ocrx_word' id='word_1_711' title='bbox 2955 4679 3241 4744; x_wconf 75' lang='lat' dir='ltr'><strong>PcueIOpis</strong></span> <span class='ocrx_word' id='word_1_712' title='bbox 3275 4678 3439 4732; x_wconf 87' lang='lat' dir='ltr'><strong>domo</strong></span> <span class='ocrx_word' id='word_1_713' title='bbox 3467 4677 3647 4732; x_wconf 83' lang='lat' dir='ltr'><strong>disce-</strong></span> 
     </span>
    </p>
   </div>
   <div class='ocr_carea' id='block_1_101' title="bbox 2057 4747 3640 4817">
    <p class='ocr_par' dir='ltr' id='par_1_101' title="bbox 2057 4747 3640 4817">
     <span class='ocr_line' id='line_1_102' title="bbox 2057 4747 3640 4817; baseline -0.001 -15"><span class='ocrx_word' id='word_1_714' title='bbox 2057 4750 2232 4814; x_wconf 88' lang='lat' dir='ltr'><strong>deret,</strong></span> <span class='ocrx_word' id='word_1_715' title='bbox 2283 4758 2342 4802; x_wconf 84' lang='grc' dir='ltr'><strong>ιιι</strong></span> <span class='ocrx_word' id='word_1_716' title='bbox 2369 4749 2554 4804; x_wconf 87' lang='lat' dir='ltr'><strong>videre</strong></span> <span class='ocrx_word' id='word_1_717' title='bbox 2599 4759 2685 4804; x_wconf 90' lang='lat' dir='ltr'><strong>est</strong></span> <span class='ocrx_word' id='word_1_718' title='bbox 2743 4751 2797 4804; x_wconf 90' lang='lat' dir='ltr'><strong>in</strong></span> <span class='ocrx_word' id='word_1_719' title='bbox 2850 4748 3070 4804; x_wconf 83' lang='lat' dir='ltr'><strong>Homeri</strong></span> <span class='ocrx_word' id='word_1_720' title='bbox 3117 4748 3287 4817; x_wconf 78' lang='lat' dir='ltr'><strong>Odys.</strong></span> <span class='ocrx_word' id='word_1_721' title='bbox 3340 4747 3439 4802; x_wconf 91' lang='lat' dir='ltr'><strong>lib.</strong></span> <span class='ocrx_word' id='word_1_722' title='bbox 3475 4763 3640 4815; x_wconf 76' lang='lat' dir='ltr'><strong>XVIII,</strong></span> 
     </span>
    </p>
   </div>
   <div class='ocr_carea' id='block_1_102' title="bbox 2059 4819 3036 4884">
    <p class='ocr_par' dir='ltr' id='par_1_102' title="bbox 2059 4819 3036 4884">
     <span class='ocr_line' id='line_1_103' title="bbox 2059 4819 3036 4884; baseline -0.002 -10"><span class='ocrx_word' id='word_1_723' title='bbox 2059 4835 2205 4874; x_wconf 86' lang='lat' dir='ltr'><strong>vers.</strong></span> <span class='ocrx_word' id='word_1_724' title='bbox 2236 4819 2363 4884; x_wconf 73' lang='lat' dir='ltr'><strong>3l9,</strong></span> <span class='ocrx_word' id='word_1_725' title='bbox 2390 4827 2444 4873; x_wconf 87' lang='lat' dir='ltr'><strong>et</strong></span> <span class='ocrx_word' id='word_1_726' title='bbox 2478 4821 2572 4873; x_wconf 88' lang='lat' dir='ltr'><strong>lib.</strong></span> <span class='ocrx_word' id='word_1_727' title='bbox 2613 4837 2728 4882; x_wconf 73' lang='lat' dir='ltr'><strong>xix,</strong></span> <span class='ocrx_word' id='word_1_728' title='bbox 2771 4836 2915 4874; x_wconf 90' lang='lat' dir='ltr'><strong>vers.</strong></span> <span class='ocrx_word' id='word_1_729' title='bbox 2947 4819 3036 4872; x_wconf 79' lang='lat'><strong>65.</strong></span> 
     </span>
    </p>
   </div>
   <div class='ocr_carea' id='block_1_103' title="bbox 2127 4889 3645 4960">
    <p class='ocr_par' dir='ltr' id='par_1_103' title="bbox 2127 4889 3645 4960">
     <span class='ocr_line' id='line_1_104' title="bbox 2127 4889 3645 4960; baseline -0.001 -17"><span class='ocrx_word' id='word_1_730' title='bbox 2127 4889 2547 4960; x_wconf 22' lang='lat' dir='ltr'><strong>(6|)7llespicit</strong></span> <span class='ocrx_word' id='word_1_731' title='bbox 2598 4889 2880 4960; x_wconf 75' lang='lat' dir='ltr'><strong>Nyssenus</strong></span> <span class='ocrx_word' id='word_1_732' title='bbox 2933 4890 2999 4942; x_wconf 85' lang='lat' dir='ltr'><strong>ad</strong></span> <span class='ocrx_word' id='word_1_733' title='bbox 3053 4904 3348 4958; x_wconf 89' lang='lat' dir='ltr'><strong>procorum</strong></span> <span class='ocrx_word' id='word_1_734' title='bbox 3406 4902 3645 4960; x_wconf 58' lang='lat' dir='ltr'><strong>necem,</strong></span> 
     </span>
    </p>
   </div>
   <div class='ocr_carea' id='block_1_104' title="bbox 2056 4956 3649 5030">
    <p class='ocr_par' dir='ltr' id='par_1_104' title="bbox 2056 4956 3649 5030">
     <span class='ocr_line' id='line_1_105' title="bbox 2056 4956 3649 5030; baseline 0.003 -21"><span class='ocrx_word' id='word_1_735' title='bbox 2056 4956 2231 5021; x_wconf 65' lang='lat' dir='ltr'><strong>mm</strong></span> <span class='ocrx_word' id='word_1_736' title='bbox 2265 4956 2490 5030; x_wconf 68' lang='lat' dir='ltr'><strong>Ulysses</strong></span> <span class='ocrx_word' id='word_1_737' title='bbox 2535 4956 2704 5026; x_wconf 62' lang='lat' dir='ltr'><strong>jaet&#39;is&#39;</strong></span> <span class='ocrx_word' id='word_1_738' title='bbox 2751 4976 2882 5014; x_wconf 90' lang='lat' dir='ltr'><strong>arcu</strong></span> <span class='ocrx_word' id='word_1_739' title='bbox 2932 4956 3171 5030; x_wconf 79' lang='lat' dir='ltr'><strong>sagittis,</strong></span> <span class='ocrx_word' id='word_1_740' title='bbox 3206 4959 3464 5029; x_wconf 85' lang='lat' dir='ltr'><strong>patravit.</strong></span> <span class='ocrx_word' id='word_1_741' title='bbox 3504 4956 3649 5014; x_wconf 74' lang='lat' dir='ltr'><strong>Vide</strong></span> 
     </span>
    </p>
   </div>
   <div class='ocr_carea' id='block_1_105' title="bbox 2065 5029 2770 5096">
    <p class='ocr_par' dir='ltr' id='par_1_105' title="bbox 2065 5029 2770 5096">
     <span class='ocr_line' id='line_1_106' title="bbox 2065 5029 2770 5096; baseline 0.001 -14"><span class='ocrx_word' id='word_1_742' title='bbox 2065 5030 2281 5084; x_wconf 56' lang='lat' dir='ltr'><strong>ll&#39;mucri</strong></span> <span class='ocrx_word' id='word_1_743' title='bbox 2310 5029 2476 5096; x_wconf 75' lang='lat' dir='ltr'><strong>Odys.</strong></span> <span class='ocrx_word' id='word_1_744' title='bbox 2509 5030 2600 5083; x_wconf 87' lang='lat' dir='ltr'><strong>lib.</strong></span> <span class='ocrx_word' id='word_1_745' title='bbox 2634 5046 2770 5084; x_wconf 78' lang='lat' dir='ltr'><strong>xxu.</strong></span> 
     </span>
    </p>
   </div>
   <div class='ocr_carea' id='block_1_106' title="bbox 2134 5098 3647 5170">
    <p class='ocr_par' dir='ltr' id='par_1_106' title="bbox 2134 5098 3647 5170">
     <span class='ocr_line' id='line_1_107' title="bbox 2134 5098 3647 5170; baseline 0.001 -17"><span class='ocrx_word' id='word_1_746' title='bbox 2134 5099 2478 5166; x_wconf 69' lang='grc' dir='ltr'><strong>(62)Αὺτῆς.</strong></span> <span class='ocrx_word' id='word_1_747' title='bbox 2513 5099 2588 5152; x_wconf 86' lang='lat' dir='ltr'><strong>Id.</strong></span> <span class='ocrx_word' id='word_1_748' title='bbox 2613 5101 2772 5170; x_wconf 79' lang='grc' dir='ltr'><strong>αὐτῇ.</strong></span> <span class='ocrx_word' id='word_1_749' title='bbox 2801 5098 2918 5152; x_wconf 75' lang='lat' dir='ltr'><strong>Mox</strong></span> <span class='ocrx_word' id='word_1_750' title='bbox 2959 5114 3090 5152; x_wconf 83' lang='lat' dir='ltr'><strong>vero</strong></span> <span class='ocrx_word' id='word_1_751' title='bbox 3111 5098 3314 5152; x_wconf 81' lang='lat' dir='ltr'><strong>clarius</strong></span> <span class='ocrx_word' id='word_1_752' title='bbox 3347 5107 3402 5154; x_wconf 87' lang='lat' dir='ltr'><strong>et</strong></span> <span class='ocrx_word' id='word_1_753' title='bbox 3435 5098 3647 5168; x_wconf 86' lang='lat' dir='ltr'><strong>optime</strong></span> 
     </span>
    </p>
   </div>
   <div class='ocr_carea' id='block_1_107' title="bbox 2061 5169 3195 5237">
    <p class='ocr_par' dir='ltr' id='par_1_107' title="bbox 2061 5169 3195 5237">
     <span class='ocr_line' id='line_1_108' title="bbox 2061 5169 3195 5237; baseline -0.002 -15"><span class='ocrx_word' id='word_1_754' title='bbox 2061 5169 2279 5232; x_wconf 74' lang='grc' dir='ltr'><strong>ἀπονίας</strong></span> <span class='ocrx_word' id='word_1_755' title='bbox 2315 5186 2411 5236; x_wconf 88' lang='lat' dir='ltr'><strong>pro</strong></span> <span class='ocrx_word' id='word_1_756' title='bbox 2446 5169 2733 5233; x_wconf 71' lang='grc' dir='ltr'><strong>ἀπονοίας.</strong></span> <span class='ocrx_word' id='word_1_757' title='bbox 2755 5171 2987 5224; x_wconf 63' lang='lat' dir='ltr'><strong>Canace.</strong></span> <span class='ocrx_word' id='word_1_758' title='bbox 3019 5186 3071 5237; x_wconf 89' lang='lat' dir='ltr'><strong>p.</strong></span> <span class='ocrx_word' id='word_1_759' title='bbox 3104 5169 3195 5223; x_wconf 78' lang='lat'><strong>95.</strong></span> 
     </span>
    </p>
   </div>
   <div class='ocr_carea' id='block_1_108' title="bbox 2133 5236 3642 5310">
    <p class='ocr_par' dir='ltr' id='par_1_108' title="bbox 2133 5236 3642 5310">
     <span class='ocr_line' id='line_1_109' title="bbox 2133 5236 3642 5310; baseline -0.001 -16"><span class='ocrx_word' id='word_1_760' title='bbox 2133 5241 2243 5310; x_wconf 80' lang='lat'><strong>(65)</strong></span> <span class='ocrx_word' id='word_1_761' title='bbox 2285 5239 2389 5292; x_wconf 82' lang='lat' dir='ltr'><strong>Aut</strong></span> <span class='ocrx_word' id='word_1_762' title='bbox 2419 5241 2507 5293; x_wconf 85' lang='lat' dir='ltr'><strong>hic</strong></span> <span class='ocrx_word' id='word_1_763' title='bbox 2543 5241 2797 5310; x_wconf 86' lang='lat' dir='ltr'><strong>mendum</strong></span> <span class='ocrx_word' id='word_1_764' title='bbox 2835 5236 3050 5307; x_wconf 82' lang='lat' dir='ltr'><strong>aliquod</strong></span> <span class='ocrx_word' id='word_1_765' title='bbox 3083 5240 3292 5310; x_wconf 80' lang='lat' dir='ltr'><strong>subest,</strong></span> <span class='ocrx_word' id='word_1_766' title='bbox 3322 5247 3436 5302; x_wconf 85' lang='lat' dir='ltr'><strong>aut,</strong></span> <span class='ocrx_word' id='word_1_767' title='bbox 3466 5239 3500 5308; x_wconf 82' lang='grc' dir='ltr'><strong>ἠ</strong></span> <span class='ocrx_word' id='word_1_768' title='bbox 3545 5236 3642 5292; x_wconf 78' lang='grc' dir='ltr'><strong>τοῦ</strong></span> 
     </span>
    </p>
   </div>
   <div class='ocr_carea' id='block_1_109' title="bbox 2062 5309 3642 5380">
    <p class='ocr_par' dir='ltr' id='par_1_109' title="bbox 2062 5309 3642 5380">
     <span class='ocr_line' id='line_1_110' title="bbox 2062 5309 3642 5380; baseline 0.001 -20"><span class='ocrx_word' id='word_1_769' title='bbox 2062 5311 2250 5380; x_wconf 83' lang='grc' dir='ltr'><strong>γήρως</strong></span> <span class='ocrx_word' id='word_1_770' title='bbox 2301 5310 2548 5380; x_wconf 86' lang='grc' dir='ltr'><strong>ἀπόνοια,</strong></span> <span class='ocrx_word' id='word_1_771' title='bbox 2586 5309 2724 5364; x_wconf 80' lang='lat' dir='ltr'><strong>idem</strong></span> <span class='ocrx_word' id='word_1_772' title='bbox 2755 5326 2852 5380; x_wconf 93' lang='lat' dir='ltr'><strong>per</strong></span> <span class='ocrx_word' id='word_1_773' title='bbox 2891 5309 3434 5364; x_wconf 73' lang='lat' dir='ltr'><strong>circumlocutionem</strong></span> <span class='ocrx_word' id='word_1_774' title='bbox 3462 5314 3548 5380; x_wconf 74' lang='lat' dir='ltr'><strong>est</strong></span> <span class='ocrx_word' id='word_1_775' title='bbox 3578 5323 3642 5362; x_wconf 86' lang='lat' dir='ltr'><strong>ac</strong></span> 
     </span>
    </p>
   </div>
   <div class='ocr_carea' id='block_1_110' title="bbox 2064 5377 3642 5451">
    <p class='ocr_par' dir='ltr' id='par_1_110' title="bbox 2064 5377 3642 5451">
     <span class='ocr_line' id='line_1_111' title="bbox 2064 5377 3642 5451; baseline 0.001 -17"><span class='ocrx_word' id='word_1_776' title='bbox 2064 5377 2313 5449; x_wconf 78' lang='lat' dir='ltr'><strong>simplex,</strong></span> <span class='ocrx_word' id='word_1_777' title='bbox 2360 5379 2421 5431; x_wconf 85' lang='grc' dir='ltr'><strong>τὸ</strong></span> <span class='ocrx_word' id='word_1_778' title='bbox 2457 5380 2655 5450; x_wconf 82' lang='grc' dir='ltr'><strong>γῆρας,</strong></span> <span class='ocrx_word' id='word_1_779' title='bbox 2703 5377 2850 5451; x_wconf 79' lang='lat' dir='ltr'><strong>quod</strong></span> <span class='ocrx_word' id='word_1_780' title='bbox 2898 5388 3233 5451; x_wconf 86' lang='lat' dir='ltr'><strong>postremum</strong></span> <span class='ocrx_word' id='word_1_781' title='bbox 3283 5381 3340 5432; x_wconf 92' lang='lat' dir='ltr'><strong>in</strong></span> <span class='ocrx_word' id='word_1_782' title='bbox 3386 5377 3642 5435; x_wconf 87' lang='lat' dir='ltr'><strong>versione</strong></span> 
     </span>
    </p>
   </div>
   <div class='ocr_carea' id='block_1_111' title="bbox 2063 5451 2701 5505">
    <p class='ocr_par' dir='ltr' id='par_1_111' title="bbox 2063 5451 2701 5505">
     <span class='ocr_line' id='line_1_112' title="bbox 2063 5451 2701 5505; baseline -0.003 -1"><span class='ocrx_word' id='word_1_783' title='bbox 2063 5461 2251 5505; x_wconf 89' lang='lat' dir='ltr'><strong>nostra</strong></span> <span class='ocrx_word' id='word_1_784' title='bbox 2284 5451 2454 5504; x_wconf 80' lang='lat' dir='ltr'><strong>secuti</strong></span> <span class='ocrx_word' id='word_1_785' title='bbox 2491 5465 2701 5505; x_wconf 90' lang='lat' dir='ltr'><strong>sumus.</strong></span> 
     </span>
    </p>
   </div>
   <div class='ocr_carea' id='block_1_112' title="bbox 2137 5514 3668 5592">
    <p class='ocr_par' dir='ltr' id='par_1_112' title="bbox 2137 5514 3668 5592">
     <span class='ocr_line' id='line_1_113' title="bbox 2137 5514 3668 5592; baseline 0 -18"><span class='ocrx_word' id='word_1_786' title='bbox 2137 5520 2248 5590; x_wconf 70' lang='grc'>(64)</span> <span class='ocrx_word' id='word_1_787' title='bbox 2280 5520 2381 5574; x_wconf 85' lang='grc' dir='ltr'><strong>Ἐκ</strong></span> <span class='ocrx_word' id='word_1_788' title='bbox 2399 5521 2613 5589; x_wconf 75' lang='grc' dir='ltr'><strong>μηκός.</strong></span> <span class='ocrx_word' id='word_1_789' title='bbox 2655 5519 2962 5576; x_wconf 70' lang='grc' dir='ltr'><strong>(Σοά.·Μθι1.</strong></span> <span class='ocrx_word' id='word_1_790' title='bbox 3010 5518 3313 5592; x_wconf 75' lang='grc' dir='ltr'><strong>κεκμηκός,</strong></span> <span class='ocrx_word' id='word_1_791' title='bbox 3359 5519 3504 5592; x_wconf 71' lang='lat' dir='ltr'><strong>quod</strong></span> <span class='ocrx_word' id='word_1_792' title='bbox 3556 5514 3668 5592; x_wconf 53' lang='lat' dir='ltr'><strong>l0-&#39;</strong></span> 
     </span>
    </p>
   </div>
   <div class='ocr_carea' id='block_1_113' title="bbox 2063 5590 3641 5662">
    <p class='ocr_par' dir='ltr' id='par_1_113' title="bbox 2063 5590 3641 5662">
     <span class='ocr_line' id='line_1_114' title="bbox 2063 5590 3641 5662; baseline 0 -18"><span class='ocrx_word' id='word_1_793' title='bbox 2063 5597 2264 5662; x_wconf 86' lang='lat' dir='ltr'><strong>cumet</strong></span> <span class='ocrx_word' id='word_1_794' title='bbox 2292 5605 2512 5662; x_wconf 84' lang='lat' dir='ltr'><strong>sensum</strong></span> <span class='ocrx_word' id='word_1_795' title='bbox 2546 5592 2705 5659; x_wconf 87' lang='lat' dir='ltr'><strong>plane</strong></span> <span class='ocrx_word' id='word_1_796' title='bbox 2739 5593 2911 5662; x_wconf 78' lang='lat' dir='ltr'><strong>reiicit</strong></span> <span class='ocrx_word' id='word_1_797' title='bbox 2945 5610 2958 5645; x_wconf 89' lang='lat'><strong>:</strong></span> <span class='ocrx_word' id='word_1_798' title='bbox 2989 5593 3049 5646; x_wconf 82' lang='grc' dir='ltr'><strong>τὸ</strong></span> <span class='ocrx_word' id='word_1_799' title='bbox 3078 5590 3360 5662; x_wconf 73' lang='grc' dir='ltr'><strong>κεκμηκὸς</strong></span> <span class='ocrx_word' id='word_1_800' title='bbox 3396 5590 3497 5661; x_wconf 81' lang='grc' dir='ltr'><strong>τῆς</strong></span> <span class='ocrx_word' id='word_1_801' title='bbox 3523 5591 3641 5662; x_wconf 79' lang='grc' dir='ltr'><strong>ἠλι-</strong></span> 
     </span>
    </p>
   </div>
   <div class='ocr_carea' id='block_1_114' title="bbox 2064 5661 3289 5730">
    <p class='ocr_par' dir='ltr' id='par_1_114' title="bbox 2064 5661 3289 5730">
     <span class='ocr_line' id='line_1_115' title="bbox 2064 5661 3289 5730; baseline 0.001 -16"><span class='ocrx_word' id='word_1_802' title='bbox 2064 5661 2208 5722; x_wconf 87' lang='grc' dir='ltr'><strong>κίας,</strong></span> <span class='ocrx_word' id='word_1_803' title='bbox 2238 5661 2560 5730; x_wconf 66' lang='lat' dir='ltr'><strong>laboriosan}</strong></span> <span class='ocrx_word' id='word_1_804' title='bbox 2586 5671 2814 5715; x_wconf 76' lang='lat' dir='ltr'><strong>wtatem.</strong></span> <span class='ocrx_word' id='word_1_805' title='bbox 2853 5661 3089 5716; x_wconf 63' lang='lat' dir='ltr'><strong>Canace.</strong></span> <span class='ocrx_word' id='word_1_806' title='bbox 3111 5677 3162 5730; x_wconf 90' lang='lat' dir='ltr'><strong>p.</strong></span> <span class='ocrx_word' id='word_1_807' title='bbox 3198 5661 3289 5717; x_wconf 80' lang='lat'><strong>93.</strong></span> 
     </span>
    </p>
   </div>
   <div class='ocr_carea' id='block_1_115' title="bbox 2135 5729 3637 5804">
    <p class='ocr_par' dir='ltr' id='par_1_115' title="bbox 2135 5729 3637 5804">
     <span class='ocr_line' id='line_1_116' title="bbox 2135 5729 3637 5804; baseline 0.005 -22"><span class='ocrx_word' id='word_1_808' title='bbox 2135 5730 2246 5804; x_wconf 77' lang='grc'>(65)</span> <span class='ocrx_word' id='word_1_809' title='bbox 2288 5732 2509 5785; x_wconf 80' lang='grc' dir='ltr'><strong>Ἐπιστ.</strong></span> <span class='ocrx_word' id='word_1_810' title='bbox 2534 5729 2859 5804; x_wconf 60' lang='grc' dir='ltr'><strong>Ιιιεοῐίίιίῑιιιν</strong></span> <span class='ocrx_word' id='word_1_811' title='bbox 2895 5732 2974 5804; x_wconf 86' lang='grc' dir='ltr'><strong>τῷ</strong></span> <span class='ocrx_word' id='word_1_812' title='bbox 3013 5731 3181 5804; x_wconf 81' lang='grc' dir='ltr'><strong>αὐτῷ,</strong></span> <span class='ocrx_word' id='word_1_813' title='bbox 3211 5730 3404 5801; x_wconf 75' lang='lat' dir='ltr'><strong>cidem,</strong></span> <span class='ocrx_word' id='word_1_814' title='bbox 3443 5730 3503 5788; x_wconf 91' lang='lat' dir='ltr'><strong>in</strong></span> <span class='ocrx_word' id='word_1_815' title='bbox 3525 5745 3637 5790; x_wconf 87' lang='lat' dir='ltr'><strong>ms.</strong></span> 
     </span>
    </p>
   </div>
   <div class='ocr_carea' id='block_1_116' title="bbox 2065 5800 3435 5875">
    <p class='ocr_par' dir='ltr' id='par_1_116' title="bbox 2065 5800 3435 5875">
     <span class='ocr_line' id='line_1_117' title="bbox 2065 5800 3435 5875; baseline -0.006 -16"><span class='ocrx_word' id='word_1_816' title='bbox 2065 5801 2257 5862; x_wconf 79' lang='lat' dir='ltr'><strong>Medic.</strong></span> <span class='ocrx_word' id='word_1_817' title='bbox 2295 5810 2483 5875; x_wconf 87' lang='lat' dir='ltr'><strong>estque</strong></span> <span class='ocrx_word' id='word_1_818' title='bbox 2512 5817 2658 5858; x_wconf 90' lang='lat' dir='ltr'><strong>num.</strong></span> <span class='ocrx_word' id='word_1_819' title='bbox 2689 5800 2774 5857; x_wconf 75' lang='grc' dir='ltr'><strong>ιιι.</strong></span> <span class='ocrx_word' id='word_1_820' title='bbox 2945 5800 2958 5804; x_wconf 75' lang='grc'>⁷</span> <span class='ocrx_word' id='word_1_821' title='bbox 3131 5800 3172 5804; x_wconf 73' lang='grc'>⁷⁷</span> <span class='ocrx_word' id='word_1_822' title='bbox 3389 5800 3396 5801; x_wconf 61' lang='lat'><em>&#39;</em></span> <span class='ocrx_word' id='word_1_823' title='bbox 3426 5844 3435 5851; x_wconf 87' lang='lat'><strong>.</strong></span> 
     </span>
    </p>
   </div>
  </div>
