4002 6206
400 312 534 372 1047

906 513 1244 571 EPISTOLA
1275 512 1414 570 XIII.

1658 308 1716 366 S.
1751 306 2076 366 GREGORII
2115 303 2410 362 NYSSENI

3500 303 3639 358 10ὶὸ

2533 511 2878 565 ΕΠΙΣΤΟΛΙΙ
2918 511 2993 565 II"
3036 510 3169 581 (75).

396 677 614 732 Libanio
655 680 906 746 sophista
929 679 1038 733 [tam
1070 679 1293 748 epistola
1317 678 1652 734 inscribenda
1675 688 1777 742 est.
1799 696 1952 750 quem
1987 681 2157 735 sancti
2183 679 2370 734 Basilii
2397 679 2717 750 magistrum
2745 679 3237 750 exstitissenorunt
3264 679 3486 733 eruditi.
3511 678 3642 750 Ηαυε

463 760 637 804 autem
664 751 886 817 epistola
916 767 1034 803 cum
1067 750 1302 820 sequenti
1335 758 1457 802 tunc
1494 751 1752 820 temporis
1783 747 1821 803 α
1859 747 1910 802 Ν
1916 767 2104 820 gueno
2140 751 2338 820 scripta
2379 747 2545 816 fuisse
2571 747 2799 812 videtur,
2831 763 2951 802 cum
2989 749 3298 820 eloquentia:
3320 758 3485 814 artes,
3522 748 3640 803 Να-

471 820 722 876 zianzcno
758 829 887 874 teste
912 821 966 874 in
996 821 1222 888 epistola
1249 818 1342 884 45,
1377 818 1961 889 publiceproﬁtebatur.

465 1000 660 1054 Audivi
743 1001 1013 1057 medicum
1099 1000 1375 1057 insolitam
1458 1001 1750 1072 quamdam
1796 1009 2037 1066 natu-A

397 1107 470 1146 ra:
534 1090 873 1148 affectionem
939 1100 1310 1148 enarrantem.
1369 1091 1740 1168 Ejus‘autem
1779 1109 1964 1150 narra—

397 1184 476 1237 tio
503 1183 629 1239 talis
659 1191 778 1237 erat
815 1201 829 1239 :
863 1182 1237 1239 Distinebatur
1280 1199 1392 1240 non
1440 1198 1601 1240 nemo
1644 1185 1966 1241 dillicillimo

395 1273 633 1340 quodam
664 1271 878 1338 morbo,
916 1280 1200 1344 artemque
1229 1272 1536 1340 incusabat,
1584 1274 1732 1344 quod
1786 1275 1967 1333 minus

397 1376 559 1430 quam
594 1361 966 1430 polliceretur,
998 1373 1260 1433 prazStare
1284 1372 1508 1433 posset;
1546 1379 1669 1419 nam
1701 1365 1968 1436 quidquid

399 1453 469 1506 ad
500 1451 621 1520 ejus
658 1453 996 1509 curationem
1031 1452 1417 1520 adhibebatur,
1449 1464 1768 1526 exspectato
1813 1471 1970 1512 care-

403 1543 496 1594 bat
525 1538 743 1596 effectu.
771 1540 894 1596 Mox
923 1556 1047 1597 cum
1075 1550 1394 1612 exoptatum
1417 1543 1690 1614 quoddam
1714 1545 1968 1600 nuntium

400 1639 601 1700 praeter
637 1646 788 1702 spem
830 1633 936 1702 ipsi
964 1633 1190 1689 allatum
1216 1631 1446 1714 fuisset,
1483 1635 1620 1691 artis
1654 1636 1826 1690 vicem
1849 1651 1973 1706 sup-

401 1721 557 1792 plens
585 1738 772 1790 casus,
802 1723 1080 1781 hominem
1120 1723 1317 1780 morbo
1349 1724 1627 1792 liberavit,
1654 1727 1767 1783 sive
1789 1727 1972 1782 anima

401 1813 584 1883 gaudii
615 1823 778 1885 atque
797 1815 1093 1885 voluptatis
1109 1816 1446 1873 abundantia
1491 1818 1738 1889 corporis
1754 1833 1974 1890 quoque

403 1908 782 1963 habitudinem
811 1907 880 1964 ad
916 1909 1004 1964 sui
1037 1910 1211 1979 ipsius
1268 1909 1612 1966 affectionem
1661 1909 1974 1966 conforma-

403 2000 560 2064 verit,
589 1999 705 2054 sive
739 1998 848 2055 alio
881 2000 1141 2069 quopiam
1171 2000 1336 2056 modo
1355 2000 1410 2055 id
1441 1999 1728 2065 acciderit,
1763 2015 1976 2070 nequeo

402 2088 608 2154 dicere,
639 2104 763 2144 cum
799 2090 933 2144 mihi
985 2091 1053 2146 de
1081 2091 1284 2147 talibus
1326 2091 1754 2163 phiIOSOphandi
1803 2093 1974 2148 otium

403 2179 568 2247 desit,
603 2194 941 2252 causamque
970 2181 1137 2252 hujus
1168 2182 1245 2238 rei
1265 2196 1376 2238 non
1401 2181 1690 2253 adiecerit,
1727 2184 1818 2254 qui
1852 2198 1980 2238 nar-

406 2269 566 2325 ravit.
604 2268 966 2327 Commodum
998 2281 1204 2338 autem,
1230 2279 1289 2327 ut
1320 2271 1584 2335 arbitror,
1645 2271 1978 2326 narrationis

408 2361 573 2432 hujus
607 2376 759 2416 nunc
815 2361 1075 2430 memini;
1143 2375 1268 2418 cum
1302 2361 1450 2419 enim
1503 2363 1687 2418 minus
1719 2363 1977 2425 valerem,

407 2470 569 2526 quam
593 2453 648 2508 in
680 2454 822 2510 votis
854 2462 1001 2511 esset
1053 2453 1276 2526 (causas
1328 2464 1510 2511 autem
1564 2455 1977 2521 adversitatum,

407 2560 530 2616 quas
557 2560 623 2600 ex
661 2559 726 2600 eo
752 2553 997 2615 tempore
1049 2561 1160 2616 quo
1198 2546 1343 2618 apud
1375 2561 1472 2602 vos
1497 2545 1599 2612 tui,
1634 2546 1766 2601 mihi
1810 2561 1984 2616 usque

409 2653 556 2692 nunc
581 2652 836 2701 evenere,
866 2637 942 2692 nil
974 2653 1112 2708 opus
1139 2649 1221 2694 est
1252 2647 1443 2694 exacte
1470 2654 1617 2694 nunc
1651 2636 1980 2707 recensere),

409 2729 477 2783 de
504 2728 804 2796 improviso
830 2728 995 2783 allata
1020 2736 1105 2784 est
1127 2729 1261 2785 mihi
1290 2743 1321 2782 a
1351 2736 1406 2784 te
1429 2730 1546 2783 viro
1607 2713 1985 2784 eruditissimo

409 2818 658 2888 epistola,
687 2834 850 2888 quam
878 2819 970 2873 ubi
993 2819 1182 2889 accepi
1225 2826 1392 2890 atque
1408 2819 1727 2876 avidissime
1756 2819 1981 2889 perlegi,

411 2911 597 2964 statim
638 2908 855 2980 quidem
914 2910 1158 2964 animum
1195 2921 1378 2964 meum
1438 2909 1510 2964 ita
1570 2908 1772 2975 aﬂ'ccit,
1828 2909 1986 2978 quasi

413 3001 484 3055 ab
510 3000 825 3056 hominibus
851 3001 1062 3059 cunctis
1079 3001 1146 3056 de
1165 3001 1551 3072 pulcherrimis
1582 3001 1747 3055 rebus
1770 2999 1984 3055 laudem

413 3107 818 3163 consequerer;
842 3099 996 3148 tanto
1026 3093 1081 3147 in
1120 3093 1296 3163 pretio
1315 3091 1458 3162 apud
1488 3106 1574 3148 me
1602 3102 1718 3148 erat
1743 3093 1989 3148 testimo-

418 3185 567 3238 nium
631 3182 777 3255 quod
831 3199 928 3256 per
989 3185 1271 3254 epistolam
1333 3183 1494 3240 nobis
1547 3182 1986 3254 impertiebaris;

417 3274 613 3332 deinde
638 3291 770 3331 vero
788 3276 1037 3346 corporis
1064 3275 1327 3331 habitudo
1351 3275 1405 3330 in
1438 3275 1634 3330 melius
1659 3275 1841 3330 statim
1859 3289 1992 3329 con-

417 3382 578 3422 versa
606 3377 724 3423 est:
753 3367 898 3422 unde
924 3377 976 3423 et
1002 3368 1120 3438 ipse
1147 3383 1263 3423 rem
1290 3367 1444 3423 valde
1471 3366 1745 3423 insolitam
1774 3366 1871 3421 tibi
1902 3382 1990 3421 re-

422 3447 560 3523 fero,
593 3473 678 3512 me
692 3457 903 3513 scilicet
926 3473 1089 3512 unam
1109 3457 1762 3528 eamdemque‘epistolam
1794 3457 1991 3527 partim

419 3549 1000 3620 wgrotantem,partim
1016 3565 1145 3604 vero
1165 3550 1369 3620 optime
1385 3549 1654 3604 valentem
1675 3547 1989 3618 perlegisse.

2137 1004 2383 1059 Ἥκουσά
2423 1019 2566 1068 τινος
2619 1001 2863 1074 ἰατρικοῦ
2915 999 3050 1074 (74),
3094 1001 3401 1073 παράλογόν
3443 1023 3500 1058 τι
3535 1005 3642 1074 φύ-

2068 1110 2204 1158 σεως
2236 1094 2408 1157 πάθος
2430 1094 2541 1163 (75)
2569 1093 2944 1164 διηγουμένου.
2976 1094 3049 1147 Τὸ
3079 1094 3136 1147 δὲ
3161 1093 3407 1166 διήγημα
3437 1095 3646 1149 τοιοῦτο

2063 1180 2152 1256 ἦν.
2180 1183 2526 1256 Κατέ[ι]χετό
2548 1203 2648 1250 τις,
2669 1187 2821 1256 φησί,
2845 1187 3235 1258 ἀῤῥωστήματί
3251 1205 3356 1241 τινι
3376 1188 3484 1241 τῶν
3514 1189 3645 1241 δυσ-

2067 1275 2447 1347 τροπωτέρων,
2483 1275 2576 1329 καὶ
2601 1275 2700 1347 τὴν
2753 1276 2948 1348 τέχνην
2979 1276 3277 1347 διήλεγχεν,
3302 1277 3523 1332 ἔλαττον
3545 1280 3647 1350 τῆς

2069 1368 2400 1438 ἐπαγγελίας
2432 1368 2719 1440 ἰσχύουσαν
2741 1385 2756 1402 ⁸
2802 1371 2911 1422 πᾶν
2938 1369 3046 1439 γάρ
3071 1367 3131 1422 τδ
3159 1371 3536 1441 ὲπινοούμονον
3564 1374 3649 1431 εἰς

2070 1458 2383 1530 θεραπείαν,
2409 1458 2690 1531 ἄπρακτον
2733 1454 2822 1530 ἦν.
2873 1454 3009 1512 Εἰτά
3055 1476 3198 1523 τινος
3229 1461 3485 1529 ἀγγελίας
3530 1462 3650 1515 τῶν

2071 1549 2420 1621 καταθυμιῶν
2445 1552 2572 1621 παρ’
2610 1550 2828 1616 ἐλπίδας
2850 1551 3000 1622 αὐτῷ
3030 1551 3373 1624 μηνυθείσης,
3397 1554 3519 1606 ἀντὶ
3538 1555 3649 1623 τῆς

2069 1642 2264 1715 τέχνης
2291 1645 2324 1713 ἠ
2353 1643 2608 1714 συντυχία
2635 1643 2866 1712 γίνεται,
2899 1642 3100 1699 λύουσα
3131 1642 3208 1715 τῷ
3243 1643 3514 1716 ἀνθρώπῳ
3546 1645 3649 1715 τὴν

2071 1732 2225 1786 νόσον
2249 1746 2264 1761 ⁸
2296 1731 2406 1786 εἴτε
2433 1731 2532 1805 τῆς
2566 1732 2744 1804 ψυχῆς
2774 1733 2852 1804 τῷ
2883 1732 3126 1804 περιόντι
3151 1733 3250 1805 τῆς
3272 1734 3510 1799 ἀνέσεως
3549 1737 3649 1789 καὶ

2071 1824 2173 1896 τὴν
2196 1825 2292 1880 τοῦ
2341 1824 2590 1896 σώματος
2631 1825 2744 1890 ἕξιν
2781 1826 2945 1896 ἑαυτῇ
2987 1823 3385 1896 συνδιαθείσης,
3417 1827 3526 1879 εἰτε
3555 1827 3653 1878 καὶ

2074 1916 2283 1982 ἄλλως,
2329 1916 2426 1988 οὐχ
2459 1916 2567 1988 ἔχω
2598 1917 2776 1985 λέγειν
2799 1933 2814 1948 ο
2871 1915 2992 1970 οὔτε
3044 1916 3152 1988 γὰρ
3195 1917 3318 1987 ἐμοὶ
3364 1918 3529 1990 σχολὴ
3581 1918 3654 1971 τὰ

2074 2005 2299 2062 τοιαῦτα
2327 2006 2653 2075 φιλοσοφεῖν,
2679 2007 2772 2059 καὶ
2799 2005 2898 2076 τὴν
2931 2004 3106 2060 αἰτίαν
3135 2008 3165 2058 ὁ
3193 2005 3362 2059 εἰπὼν
3403 2007 3463 2059 ού
3489 2023 3653 2076 προσ-

2077 2097 2290 2170 έθηκεν.
2327 2099 2450 2152 Ἐπὶ
2477 2097 2665 2170 καιροῦ
2688 2098 2744 2152 δὲ
2779 2097 2873 2152 νῦν
2915 2097 3208 2168 ἐμνήσθην,
3243 2097 3319 2162 ῶς
3351 2094 3526 2169 οἶμαι,
3557 2093 3650 2150 τοῦ

2077 2190 2414 2262 διηγήματος
2443 2207 2456 2220 ο
2486 2187 2822 2258 διακείμενος
2849 2187 2977 2259 γὰρ,
3005 2187 3079 2250 ὡς
3115 2189 3214 2240 οὐκ
3239 2186 3306 2241 ἂν
3353 2187 3654 2258 ἐϐουλόμην

2083 2280 2200 2350 (τὰς
2223 2281 2280 2334 δὲ
2308 2279 2483 2342 αἰτίας
2505 2277 2654 2332 οὐδὲν
2680 2277 2872 2347 δέομαι
2919 2276 3032 2348 (76)
3065 2275 3310 2349 ἀκριϐῶς
3348 2276 3444 2330 νῦν
3485 2294 3653 2329 καταο

2079 2370 2256 2440 λέγειν
2300 2369 2408 2425 τῶν
2439 2371 2530 2440 ἀφ’
2565 2364 2624 2424 οὗ
2656 2368 2854 2438 γέγονα
2886 2369 3014 2440 παρ’
3048 2370 3175 2440 ὑμῖν
3221 2369 3316 2424 καὶ
3366 2370 3528 2440 μέχρι
3557 2368 3651 2421 τοῦ

2081 2459 2176 2516 νῦν
2249 2459 2725 2532 συμπεπτωκότων
2783 2475 2872 2530 μοι
2932 2457 3254 2528 λυπηρῶν),
3319 2456 3656 2527 μηνύσαντος

2082 2553 2292 2625 ἁθρόως
2328 2553 2417 2622 μοί
2457 2570 2600 2616 τινος
2640 2553 2769 2622 περὶ
2796 2551 2907 2604 τῶν
2933 2549 3271 2621 γραμμάτων
3299 2549 3395 2618 τῆς
3421 2564 3653 2618 μονογε-

2083 2642 2206 2706 νοῦς
2235 2659 2327 2695 σου
2359 2641 2712 2704 παιδεύσεως,
2743 2640 2930 2712 ἐπειδὴ
2972 2639 3204 2709 τάχιστα
3245 2638 3335 2703 τὴν
3360 2637 3654 2706 ἐπιστολὴν

2085 2733 2371 2804 ἐδεξάμην,
2406 2732 2499 2786 καὶ
2547 2733 2656 2794 τοῖς
2689 2729 3090 2802 γεγραμμένοις
3139 2728 3458 2798 ἐπέδραμον,
3489 2726 3655 2788 εὐθὺς

2089 2824 2186 2896 μὲν
2214 2824 2312 2894 τὴν
2342 2822 2516 2894 ψυχὴν
2544 2822 2747 2876 διέθετο
2784 2821 2918 2890 (77),
2953 2821 3029 2883 ὡς
3079 2821 3171 2873 ἐπὶ
3214 2818 3518 2881 καλλίστοις
3563 2817 3657 2870 ἐπὶ

2087 2915 2306 2970 πάντων
2352 2913 2654 2985 ἀνθρώπων
2691 2912 3200 2984 ἀνακηρυσσόμενος
3265 2908 3520 2962 τοσούτου
3559 2907 3658 2977 τὴν

2089 3009 2188 3079 σὴν
2220 3005 2521 3079 μαρτυρίαν
2559 3005 2938 3076 ἐτιμησάμην,
2987 3003 3053 3074 ἢν
3089 3002 3178 3055 διὰ
3220 3000 3321 3070 τῆς
3371 2997 3655 3066 ἐπιπολῆς

2088 3102 2218 3171 ἡμῖν
2251 3099 2535 3170 κεχάρισαι
2562 3114 2576 3129 ο
2612 3095 2799 3150 ἔπειτα
2833 3097 2892 3150 δέ
2935 3113 3023 3166 μοι
3066 3094 3159 3148 καὶ
3202 3095 3235 3164 ἡ
3281 3091 3376 3145 τοῦ
3413 3089 3657 3161 σώματος

2089 3189 2200 3256 ’ἐξις
2225 3188 2385 3250 εὐθὺς
2414 3188 2549 3257 πρὸς
2570 3187 2629 3240 τὸ
2657 3188 2902 3258 κρεῖττον
2938 3186 3272 3254 μετεποιεῖτο
3293 3199 3310 3215 ο
3361 3184 3456 3235 καί
3489 3197 3572 3232 σοι
3599 3179 3655 3232 τὸ

2092 3281 2206 3333 ἴσον
2239 3277 2540 3351 παράδοξον
2579 3279 2672 3331 καὶ
2715 3277 2874 3339 αὐτὸς
2910 3275 3151 3345 διήγημα
3180 3273 3374 3343 δίδωμι
3395 3312 3410 3336 ,
3454 3273 3539 3324 ὅτι
3566 3273 3659 3340 τῆς

2091 3371 2260 3440 αὐτῆς
2292 3370 2601 3441 ἐπιστολῆς.
2640 3368 2709 3422 τὰ
2741 3368 2836 3439 μὲν
2862 3365 3178 3438 ἁρρωστῶν,
3211 3364 3281 3417 τὰ
3317 3364 3372 3417 δὲ
3407 3361 3658 3431 καθαρῶς

2093 3462 2369 3528 ὑγιαίνων,
2404 3461 2730 3531 ἐπέδραμον.
2772 3459 2883 3512 Καὶ
2910 3457 3082 3511 ταῦτα
3130 3459 3228 3527 μὲν
3259 3457 3339 3518 εἰς
3383 3455 3660 3508 τοσοῦτον.

2106 3552 2258 3607 Ἐπεὶ
2301 3551 2358 3605 δέ
2411 3568 2501 3621 μοι
2544 3546 2640 3621 τῆς
2676 3549 2896 3620 χάριτος
2940 3547 3144 3615 ταύτης
3183 3550 3209 3600 ὁ
3241 3547 3510 3616 Κυνήγιος
3550 3545 3663 3612 (78)

422 3637 486 3691 Et
519 3638 586 3694 de
618 3638 703 3694 his
737 3639 957 3708 quidem
998 3639 1284 3694 hactenus.
1332 3637 1602 3704 Quoniam
1639 3652 1770 3692 vero
1818 3639 1987 3706 Cyne-

2096 3645 2349 3706 ύπόθεσις
2388 3643 2630 3712 γέγονεν,
2671 3639 2784 3704 οἷος
2818 3637 2869 3693 εἷ
2894 3638 2971 3709 τῷ
2995 3638 3236 3710 περιόντι
3259 3641 3359 3707 τῆς
3391 3638 3469 3699 εἰς
3490 3636 3550 3688 τὸ
3577 3637 3635 3687 εὑ
3655 3668 3666 3676 -

421 3730 544 3798 gius
562 3743 729 3785 causa
757 3729 857 3782 fuit
877 3745 975 3783 cur
993 3730 1125 3784 mihi
1148 3731 1246 3785 abs
1275 3737 1327 3783 te
1341 3729 1516 3800 gratia
1534 3729 1637 3784 ista
1659 3731 1989 3798 proveniret,

423 3819 979 3888 tu,superabundanti
996 3821 1085 3874 illa
1103 3829 1196 3875 tua
1214 3821 1282 3874 ad
1302 3817 1754 3874 benefaciendum
1769 3817 1993 3872 faculta-

427 3922 500 3976 te,
522 3927 633 3966 non
659 3927 760 3968 nos
779 3919 991 3966 tantum
1013 3911 1294 3969 beneﬁciis
1321 3909 1578 3982 prosequi
1607 3919 1761 3981 potes
1778 3948 1793 3973 ,
1816 3909 1910 3965 sed
1941 3919 1994 3964 et

423 4018 521 4060 eos
568 4003 662 4073 qui
713 4018 816 4059 nos
875 4003 1155 4060 beneﬁciis
1215 4003 1674 4073 complectuntur.
1720 4001 1994 4074 Cynegius

425 4106 631 4160 autem,
664 4105 724 4151 ut
752 4095 1016 4161 diximus,
1051 4095 1305 4152 beneﬁcii
1329 4095 1490 4152 nobis
1525 4103 1609 4152 est
1636 4101 1850 4158 auctor,
1900 4093 1993 4173 qui

426 4189 644 4244 occasio
697 4195 752 4244 et
779 4203 948 4244 causa
983 4187 1086 4242 fuit
1117 4203 1216 4244 cur
1244 4189 1344 4244 abs
1385 4197 1436 4242 te
1460 4187 1671 4243 litteras
1721 4185 2000 4257 accipere-

427 4295 591 4348 mus,
648 4287 703 4337 et
760 4288 1051 4352 propterea
1088 4279 1286 4352 dignus
1341 4281 1434 4349 qui
1487 4278 1653 4333 etiam
1719 4276 1999 4332 beneﬁciis

431 4371 718 4426 alliciatur.
750 4371 922 4427 Porro
951 4373 1000 4428 si
1049 4372 1250 4442 quaeris
1302 4370 1616 4442 magistros,
1680 4383 1747 4423 ex
1798 4369 2000 4438 quibus

431 4465 680 4519 nonnihil
707 4480 810 4521 nos
838 4465 1100 4521 didicisse
1128 4463 1397 4527 videmur,
1426 4461 1675 4525 Paulum,
1712 4458 1998 4527 Joannem,

433 4565 771 4627 ceterosque
800 4556 1080 4629 apostolos
1109 4564 1163 4610 et
1188 4555 1486 4626 prophetas
1517 4554 1802 4610 exstitisse
1843 4567 2001 4622 repe-

435 4647 563 4713 ries,
597 4646 702 4701 nisi
737 4645 879 4702 forte
907 4646 1171 4701 audacius
1199 4645 1468 4709 videatur,
1515 4645 1632 4714 ejus
1661 4643 1821 4698 nobis
1867 4641 1999 4697 artis

435 4737 721 4792 scientiam
749 4750 986 4798 sumere,
1011 4735 1064 4790 in
1105 4751 1234 4806 qua,
1269 4745 1534 4806 quantum
1571 4741 1778 4805 spectat
1803 4732 1869 4786 ad
1915 4745 2002 4786 res

434 4827 744 4899 disciplinae
771 4837 986 4895 vestrae,
1021 4827 1160 4883 adeo
1188 4828 1438 4895 excellis,
1466 4838 1523 4882 ut
1559 4827 1676 4898 ejus
1731 4823 1809 4880 rei
1845 4822 2001 4894 periti

511 5054 622 5125 (73)
657 5053 886 5125 Ἐπιστ.
913 5052 1136 5125 lnMed.
1161 5050 1399 5120 Λιϐανὶῳ
1428 5049 1778 5125 inscribitur:
1824 5055 2014 5125 estque

437 5117 612 5181 extra
630 5122 896 5201 ordinem-
912 5122 1264 5201 epistularum
1292 5117 1414 5201 poét
1434 5117 1744 5201 librum“th
1782 5117 2002 5201 animo;

441 5185 1059 5264 unacumepistolarum
1090 5205 1227 5264 quas
1252 5185 1340 5264 hic
1382 5190 1595 5264 edimus
1638 5185 1800 5256 (infra
1835 5185 1993 5264 subji-

440 5255 882 5354 ciendasw'riltia
914 5255 1122 5354 {oan'ni'
1142 5258 1845 5354 itiscrip'ta:Caatc::.Apag.
1884 5255 2004 5354 ίθί

513 5335 625 5404 (74)
669 5326 980 5400 Ἶατρικοῦ.
1023 5326 1427 5404 ξίατροῦ-Ιιαὺοι
1446 5328 1569 5404 cp_d.
1600 5326 1737 5382 Med.
1766 5326 1889 5381 nam
1927 5327 2008 5378 ἰα-

441 5397 627 5475 τρικός
652 5420 760 5456 non
790 5397 892 5458 'est
918 5397 1177 5475 medicus.
1199 5397 1274 5475 Id.
1310 5413 1432 5475 pag.

515 5461 628 5542 (75)
664 5476 905 5538 Φύσεως
920 5471 1131 5542 πάθος.
1164 5468 1240 5522 ΙιΙ.
1276 5461 1407 5522 οἱ)δῖ
1443 5467 1611 5530 πάθος
1659 5465 1888 5536 φύσεως.
1947 5461 2011 5516 Et

446 5557 598 5613 mox,
620 5545 932 5613 κατείχετον,
948 5557 1026 5613 φη

518 5611 630 5676 (76)
657 5606 884 5680 Δέοῇαι.
916 5606 1257 5680 Μεςί.δὲομαι
1287 5607 1379 5680 νῦν
1409 5606 1648 5676 ἀκριῦῶς
1683 5606 1870 5660 καταλ.

519 5649 635 5750 iii;
657 5649 1478 5750 27252£b."'ﬂi'f5258:3152}:sz

521 5687 606 5744 (TI
667 5687 919 5735 Διέθετο.
963 5687 1036 5733 Id.
1072 5687 1478 5744 εοα.διετευην.

521 5687 637 5821 (78;
682 5750 742 5802 '0
777 5755 919 5802 Κινν.
958 5749 1034 5804 Id.
1057 5751 1082 5800 ὁ
1116 5747 1227 5809 υἱὸς
1267 5749 1552 5816 Κυνήγιος.

1033 5541 1134 5592 σίν.

2094 3739 2338 3810 εργετεῖν
2380 3735 2647 3810 ἐξουσίας,
2689 3733 2786 3803 ούχ
2833 3733 2979 3802 ἡμᾶς
3023 3731 3204 3800 μόνον,
3241 3728 3379 3782 ἀλλὰ
3414 3728 3509 3780 καὶ
3539 3729 3666 3789 τοὺς

2094 3829 2383 3899 εὐεργέτας
2422 3825 2577 3897 ήμῶν
2626 3823 2804 3887 καλῶς
2849 3824 3019 3876 ποιεῖν
3042 3838 3057 3853 ο
3092 3821 3382 3891 εὐεργέτης
3415 3819 3472 3871 δὲ
3511 3816 3669 3887 ἡμῶν

2093 3915 2266 3986 οὗτος,
2316 3917 2497 3981 καθὼς
2540 3918 2773 3987 εἴρηται,
2821 3915 2932 3969 τῶν
2969 3915 3120 3985 παρὰ
3181 3911 3276 3965 σοῦ
3325 3911 3670 3982 γραμμάτων

2093 4011 2316 4082 ἀφορμὴ
2348 4009 2637 4079 γενόμενος
2664 4008 2809 4077 ἡμῖν’
2833 4005 2929 4058 καὶ
2959 4004 3232 4066 ὑπόθεσις,
3269 4003 3360 4055 καὶ
3395 4001 3483 4054 διά
3509 4002 3672 4054 τοῦτο

2094 4099 2153 4156 εὖ
2184 4101 2372 4155 παθεῖν
2397 4099 2565 4164 ἄξιος.
2597 4095 2959 4158 Διδασκάλους
2999 4095 3055 4148 δε
3092 4095 3216 4158 τοὺς
3258 4093 3579 4163 ἡμετέρους,
3615 4089 3670 4141 εἰ

2096 4193 2196 4263 μὲν
2217 4187 2292 4248 ῶν
2321 4209 2375 4245 τι
2409 4190 2519 4262 (79)
2548 4188 2812 4260 δοκοῦμεν
2836 4184 3233 4258 μεμαθηκέναι,
3259 4181 3490 4252 ζητοίης,
3521 4177 3674 4232 Παῦ-

2094 4284 2184 4339 λον
2209 4283 2460 4354 εὑρήσεις
2497 4281 2592 4334 καὶ
2627 4279 2901 4349 Ἰωάννην,
2925 4277 3020 4330 καὶ
3049 4276 3176 4338 τοὺς
3197 4274 3408 4334 λοιποὺς
3435 4268 3674 4324 arma-

2095 4373 2218 4436 λους
2255 4389 2313 4424 τε
2349 4372 2440 4424 καὶ
2493 4369 2795 4440 προφήτας,
2845 4366 2962 4435 είγε
2998 4365 3072 4438 μὴ
3104 4363 3374 4434 τολμηρὸν
3403 4361 3533 4431 ἡμῖν
3570 4359 3675 4429 τὴν

2094 4463 2439 4520 διδασκαλίαν
2471 4460 2801 4515 οἰκειοῦσθαι
2852 4457 2960 4512 τῶν
2992 4455 3248 4511 τοιούτων
3294 4450 3673 4522 διηγημάτων,

2095 4549 2177 4616 οἷς
2208 4551 2321 4624 (80)
2353 4549 2605 4622 περὶτῆς
2634 4547 2904 4619 ὑμετέρας
2934 4545 3112 4614 λέγοις
3135 4541 3345 4610 σοφίας,
3369 4541 3436 4609 ἢν
3467 4538 3678 4608 κρίνειν

2104 4641 2461 4712 ἐπιστήμονές
2503 4655 2655 4708 φασι,
2682 4637 2790 4692 ἀπὸ
2821 4636 2915 4690 σοῦ
2956 4633 3326 4705 πηγάζουσαν,
3373 4631 3431 4682 ὲν
3475 4627 3676 4696 μετοχῇ

2105 4732 2200 4786 τοῦ
2241 4731 2428 4786 λοιποῦ
2477 4729 2721 4799 γίνεσθαι
2761 4727 2874 4800 (81)
2908 4729 3095 4789 πᾶσιν,
3139 4718 3220 4787 οἷς
3272 4737 3415 4785 τινος
3458 4718 3548 4772 καὶ
3583 4717 3678 4787 μὲ-

2101 4841 2249 4878 τεστι
2276 4823 2456 4891 λόγου.
2487 4821 2674 4876 Ταῦτα
2696 4819 2806 4891 γὰρ
2833 4819 3044 4890 ἤκουσα
3070 4814 3204 4885 πρὸς
3232 4813 3443 4875 πάντας
3468 4810 3682 4879 διηγου-

2189 5041 2302 5110 (79)
2334 5040 2498 5111 Lego.
2532 5042 2580 5093 εἰ
2614 5040 2710 5111 μὲν
2734 5039 2828 5111 ὑφ’
2850 5029 2936 5111 ᾧν
2954 5055 3031 5090 τι.
3067 5035 3184 5091 Nisi
3221 5035 3347 5106 quis
3376 5034 3683 5088 emendan-

2118 5103 2243 5166 dum
2272 5103 2571 5172 censuerit,
2601 5103 2650 5161 εἰ
2689 5103 2797 5178 μὲν
2817 5103 2911 5178 οῦν
2947 5124 3022 5161 τι.

2182 5180 2292 5259 (Si!)
2321 5170 3013 5259 Τοιᾳύεώζδιῄπψάτωζ,
3029 5170 3139 5242 οἷς.
3163 5174 3239 5259 Ill:
3262 5174 3407 5259 cod,
3423 5172 3686 5259 τοιούτων

2114 5244 2321 5320 ἀνδρῶν
2344 5266 2358 5279 ·
2392 5250 2450 5320 εἰ
2472 5249 2550 5301 δέ.
2576 5244 2920 5320 Rectissime.
2952 5246 3018 5300 Et
3040 5261 3184 5308 mox,
3212 5245 3279 5314 ἢν
3305 5244 3584 5320 (ἐζ-κρίνειν
3609 5273 3680 5282 —

2095 5313 2299 5389 '(paét'v.
2328 5348 2397 5358 -—
2429 5318 2627 5389 Locus,
2670 5317 2724 5389 ni
2760 5316 2919 5370 fallor
2941 5313 3269 5389 corruptus.
3309 5313 3448 5389 Vide
3498 5322 3685 5389 tamen

2116 5381 2184 5443 an
2221 5389 2484 5443 articulus
2512 5383 2594 5450 οἷς
2620 5386 2687 5440 ad
2718 5381 3161 5457 ﬂpivrrel‘eratur,
3188 5393 3248 5438 ut
3279 5385 3370 5451 sit,
3395 5384 3511 5457 ejus
3534 5381 3685 5457 nobis

2118 5458 2550 5538 artishscieutiam
2579 5453 2898 5538 suntet-etde
2945 5457 3308 5538 quibustuam
3336 5453 3682 5538 Δειιρὶιιηιίιιηι

2116 5527 2396 5607 βιαία-ἱραί,
2430 5543 2588 5597 quam
2614 5528 2727 5607 eius
2750 5529 2826 5607 rei
2856 5525 3008 5607 periti
3031 5525 3287 5607 Iud-ires:
3303 5533 3407 5607 etc.

2190 5599 2302 5665 (81)
2335 5599 2428 5650 Ἑν
2443 5592 2672 5664 μετοχῇ
2712 5597 2818 5650 τοῦ
2843 5592 3060 5651 λοιποῦ
3081 5596 3366 5664 γίνεσθαι.
3403 5592 3678 5665 Med._n_ts.

2121 5661 2212 5720 καὶ
2238 5661 2295 5717 ὲν
2323 5669 2434 5730 τοῖς
2446 5661 2664 5728 ’λοιποῖς
2686 5666 2955 5732 γενέσθαι.
2986 5665 3050 5720 Et
3079 5661 3241 5737 paulo
3266 5673 3409 5736 post,
3460 5661 3681 5729 διεξιόν-

2121 5755 2229 5800 τος,
2266 5753 2362 5807 pro
2395 5737 2770 5808 διηγουμένου.
