4002 6206
325 368 463 425 {GLO

321 571 594 626 δασκάλου
624 570 717 623 τοῦ
749 568 1062 639 θαυμαστοῦ
1115 568 1413 623 Βασιλείου.
1449 570 1587 623 Ἵσθι
1624 589 1691 641 με
1741 571 1904 642 μηδὲν

324 664 516 732 ἔχοντα
546 658 776 728 λιπαρὸν
807 659 921 728 (8:2)
965 660 1024 712 ὲν
1052 660 1164 722 τοῖς
1207 657 1315 711 τῶν
1353 659 1686 716 διδασκάλων
1713 659 1905 728 διηγή-

328 770 514 825 μασιν,
541 754 627 806 ὲπ’
650 752 828 822 ὀλίγον
850 752 926 822 τῷ
953 751 1166 822 ἀδελφῷ
1194 752 1577 820 συγ-γεγονότα,
1605 752 1700 805 καὶ
1726 750 1927 804 τοσοῦ-’

323 861 416 898 τον
447 845 600 915 παρὰ
629 843 728 913 τῆς
763 841 910 904 θείας
931 839 1176 910 γλώττης
1204 840 1576 913 ὲκκαθαρέντα
1607 841 1743 911 (85),
1784 841 1907 893 ὅσον

324 933 623 1003 ἐπιγνῶναι
665 933 824 1003 μόνον
854 931 950 1003 τὴν
997 930 1256 1004 [ἄγνοιαν
1289 930 1435 1004 (84)]
1491 931 1600 984 τῶν
1649 931 1909 1001 ἀμυήτων

324 1024 422 1078 τοῦ
450 1024 610 1092 λόγου
637 1039 651 1052 ·
703 1022 893 1075 ἔπειτα
925 1019 1195 1091 μέντοιγε,
1226 1022 1321 1074 κα)⁸
1348 1020 1523 1091 τούτῳ
1563 1020 1696 1091 (85),
1727 1021 1908 1074 εἴποτε

331 1110 533 1182 σχολὴν
557 1111 771 1181 ἄγοιμι,
805 1107 948 1162 κατὰ
995 1108 1230 1180 σπουδὴν
1261 1111 1442 1163 πᾶσαν
1484 1108 1908 1181 ἐνδιατρίϐοντα,

326 1201 564 1274 ἑραστὴν
600 1200 849 1271 γενέσθαι
896 1200 991 1254 τοῦ
1028 1199 1294 1271 ὑμετέρου
1349 1200 1612 1264 κάλλους,
1661 1200 1755 1253 καὶ
1815 1217 1907 1253 τυο

327 1297 447 1365 χεῖν
477 1293 588 1365 (86)
625 1293 682 1347 δὲ
716 1292 942 1364 μηδέπω
977 1290 1072 1344 τοῦ
1099 1291 1319 1362 ἔρωτος.
1355 1291 1418 1344 Εί
1453 1291 1550 1362 μὲν
1581 1286 1698 1352 οὖν,
1722 1289 1910 1362 ὥσπερ

329 1386 492 1449 αὐτὸς
521 1383 631 1453 ἐγὼ
657 1383 828 1454 κρίνω
856 1383 924 1436 τὰ
952 1383 1074 1437 καθ’
1105 1386 1272 1456 ἡμᾶς,
1309 1385 1458 1438 ἐστὶν
1499 1383 1736 1455 οὐδαμοῦ
1765 1385 1792 1436 ό
1833 1383 1912 1436 διο

329 1475 594 1537 δᾶσκαλος
619 1474 732 1544 (87)
768 1474 946 1545 ἡμῶν.
980 1475 1044 1528 El
1066 1473 1122 1528 δὲ
1143 1475 1242 1547 τὴν
1279 1475 1377 1546 σὴν
1407 1475 1692 1546 ὑπόληψιν,
1725 1475 1794 1546 ἡν
1824 1474 1911 1542 ἐφ’

329 1568 460 1637 ἡμῖν
488 1565 666 1636 ἔσχες,
715 1567 790 1637 μὴ
841 1565 1126 1635 ἀληθεύειν
1171 1566 1232 1619 ού
1277 1565 1434 1637 θέμις
1460 1583 1474 1596 ·
1529 1565 1644 1619 ἀλλ’
1693 1564 1913 1636 ἀληθείς

328 1672 476 1719 τινες
504 1655 563 1709 ἒν
581 1654 659 1726 τῷ
682 1655 825 1726 λόγῳ
850 1656 944 1710 κα)⁸
971 1656 1147 1728 ὑμεῖς,
1175 1657 1271 1709 καὶ
1296 1656 1455 1726 ἡμεῖς
1481 1656 1581 1709 ούκ
1614 1656 1911 1726 ἀπόϐλητοι

1488 361 1872 418 EPISTOIA‘I.
1915 394 1975 404 -——
2019 361 2237 417 EPIST.
2270 360 2410 416 XIV.

211 538 230 546 ,
325 483 490 541 μένου
517 477 612 532 τοῦ
653 477 744 532 σοῦ
777 478 874 548 μὲν
902 477 1161 548 μαθητοῦ,
1187 477 1390 549 πατρὸς
1421 478 1475 531 δὲ
1503 479 1657 550 ἐμοῦ,
1698 483 1790 534 καὶ
1829 480 1899 534 δι-

2027 479 2213 534 udices
2261 476 2492 546 hujusce
2531 474 2668 530 artis
2705 483 2972 545 praecepta
3005 488 3033 527 a
3079 481 3150 537 te,
3182 471 3326 528 velut
3364 485 3428 526 ex
3466 471 3582 539 ple-

3447 353 3585 408 ιυδο

2011 571 2241 626 nisslmo
2268 569 2420 624 fonte
2455 567 2802 639 proﬂuentia,
2829 567 2883 622 in
2913 567 3070 628 alios,
3113 569 3382 636 quotquot
3405 561 3588 627 aliqua

2007 661 2226 718 dicendi
2263 660 2524 716 facultate
2551 659 2777 730 pollent,
2809 658 3044 713 derivari
3063 656 3398 711 existiment.
3424 651 3582 705 Talia

2007 752 2152 809 enim
2177 761 2329 806 tuum
2366 750 2585 822 quidem
2605 748 2961 819 discipulum,
2999 757 3207 818 patrem
3254 760 3384 799 vero
3406 758 3585 798 meum

2007 851 2175 914 atque
2205 843 2554 917 magistrum,
2592 840 2972 896 admirabilem
3007 840 3159 894 illum
3222 838 3481 892 Basilium
3519 836 3588 889 de

2009 943 2065 990 te
2097 935 2275 1005 palam
2315 935 2586 990 dicentem
2637 933 2838 1002 saepius
2867 930 3074 986 audivi.
3113 929 3270 984 Scias
3314 943 3398 982 me
3434 927 3582 980 nulla

2011 1025 2066 1080 in
2103 1024 2424 1081 hauriendis
2479 1023 2865 1094 magistrorum
2925 1020 3278 1078 documentis
3329 1016 3587 1073 felicitate

2010 1131 2171 1171 usum
2225 1115 2418 1179 fuisse,
2489 1115 2692 1184 quippe
2749 1112 2844 1184 qui
2885 1113 3104 1167 modico
3159 1119 3406 1178 tempore
3457 1120 3582 1162 eum

2008 1203 2182 1260 fratre
2209 1213 2466 1262 versatus
2493 1204 2714 1270 fuerim,
2749 1213 2803 1261 et
2835 1212 3048 1259 tantum
3089 1217 3176 1257 me
3225 1201 3409 1256 divina
3463 1199 3586 1267 ejus

2010 1295 2198 1366 lingua
2229 1297 2442 1352 cultum
2479 1297 2892 1367 expolitumque
2949 1293 3268 1356 reddiderit,
3308 1297 3580 1361 quantum

2010 1386 2150 1442 satis
2209 1385 2392 1441 estad
2451 1401 2645 1441 eorum
2699 1383 3110 1455 (ignorantiam)
3160 1379 3586 1453 dignoscendam

2011 1477 2102 1548 qui
2129 1477 2459 1547 eloquentia:
2503 1477 2679 1532 sacris
2710 1476 2853 1532 haud
2895 1474 3095 1530 initiati
3156 1482 3321 1538 sunt;
3385 1471 3588 1526 deinde

2009 1581 2139 1623 vero
2169 1582 2292 1622 cum
2326 1567 2466 1638 ipso,
2502 1567 2549 1623 si
2581 1567 2801 1636 quando
2817 1566 2986 1621 otium
3009 1562 3355 1634 suppetebat,
3378 1559 3589 1616 studio-

2011 1658 2232 1713 sissime
2282 1668 2728 1722 conversantem,
2791 1669 2995 1727 magno
3053 1663 3251 1710 vestra:
3305 1649 3590 1722 elegantia:

332 1747 485 1818 παρὰ
523 1747 671 1816 σοίγε
711 1749 908 1818 κριτῇο
952 1747 1041 1810 δὸς
1079 1747 1342 1817 τολμῆσαί
1387 1765 1468 1801 σοι
1512 1747 1620 1801 τῶν
1657 1747 1911 1800 τοιούτων

2016 1761 2200 1802 amore
2232 1746 2519 1816 ﬂagrasse,
2551 1762 2650 1803 nec
2675 1756 2858 1802 tamen
2891 1745 3040 1801 illius
3072 1745 3239 1813 hujus
3278 1746 3596 1810 compotem

328 1837 430 1908 τὴν
461 1837 640 1891 αίτίαν
669 1837 946 1892 ἀναθεῖναι
981 1837 1115 1910 (88).
1154 1839 1216 1891 Εἰ
1247 1838 1358 1909 γὰρ
1384 1839 1663 1902 Βασίλειος
1692 1838 1790 1909 μὲν
1816 1836 1910 1890 τοῦ

2016 1853 2260 1908 unquam
2289 1837 2484 1894 fuisse.
2525 1837 2692 1908 igitur
2723 1837 2791 1904 si,
2823 1843 3090 1907 quantum
3121 1835 3186 1889 ad
3225 1847 3324 1887 nos
3369 1830 3586 1891 attinet,

325 1930 600 2002 ἡμετέρου
643 1931 955 2002 προστάτης
1005 1930 1188 2000 λόγου,
1232 1931 1425 2001 ἐκείνῳ
1447 1931 1504 1984 δὲ
1542 1932 1571 1984 ὀ
1599 1930 1826 1992 πλοῦτος
1849 1930 1911 1983 ἐκ

2016 1930 2540 1996 nullus,utcenseo,
2568 1929 2834 2000 magister
2863 1943 2969 1984 nos
2996 1927 3184 1982 docuit
3211 1942 3226 1991 ;
3272 1932 3326 1978 et
3347 1919 3588 1990 alioquin

325 2021 439 2074 τῶν
467 2019 576 2075 σῶν
601 2017 670 2093 ἡν
711 2021 1000 2092 θησαυρῶν
1019 2035 1039 2056 ο
1066 2023 1137 2076 τὰ
1171 2021 1242 2075 σὰ
1272 2020 1606 2093 κεκτήμεθα,
1639 2020 1732 2074 καὶ
1761 2021 1810 2073 εί
1842 2019 1911 2072 δι’

2016 2022 2056 2076 si
2081 2022 2421 2093 opinionem,
2461 2035 2629 2091 quam
2667 2020 2733 2075 de
2765 2017 2924 2075 nobis
2954 2017 3148 2079 habes,
3184 2013 3342 2070 nefas
3375 2018 3459 2066 est
3488 2009 3590 2063 fal-

329 2112 532 2184 ἑτέρων
573 2112 968 2183 ὑπεδεξάμεθα.
1034 2111 1096 2166 Εί
1141 2113 1198 2166 δὲ
1242 2113 1398 2181 ὀλίγα
1443 2111 1616 2165 ταῦτα
1657 2128 1670 2142 ·
1731 2111 1910 2178 ὀλίγον

2016 2115 2046 2169 li
2075 2133 2090 2182 ;
2129 2115 2260 2185 quin
2292 2114 2474 2184 potius
2502 2127 2667 2167 verax
2696 2120 2782 2167 est
2817 2124 3001 2166 sermo
3029 2115 3231 2172 vester,
3264 2112 3319 2159 et
3345 2117 3468 2164 nos,
3503 2099 3590 2154 vel

331 2204 390 2255 ἐν
440 2205 553 2267 τοῖς
604 2203 910 2276 ἀμφορεῦσι
961 2203 1022 2258 τὸ
1074 2201 1246 2276 ὕδωρ,
1299 2203 1415 2258 ἀλλ’
1466 2204 1531 2256 ἐκ
1578 2201 1672 2256 τοῦ
1715 2201 1908 2256 Νείλου

2016 2213 2060 2260 te
2094 2205 2216 2274 ipso
2246 2205 2455 2273 judice,
2480 2201 2765 2272 rejiciendi
2800 2214 3029 2271 prorsus
3069 2213 3179 2252 non
3233 2208 3424 2250 sumus
3454 2210 3468 2245 :
3521 2190 3590 2244 da

328 2293 500 2365 ὅμως.
1779 2296 1785 2301 ’
2005 2294 2164 2358 mihi,
2201 2302 2262 2348 ut
2291 2294 2456 2363 hujus
2497 2294 2575 2346 rei
2609 2291 2880 2360 originem
2920 2301 3260 2355 causamque
3296 2283 3362 2338 ad
3418 2289 3472 2335 te
3502 2294 3591 2333 re-

335 2384 688 2441 feram.Nam
741 2387 786 2442 si
829 2386 1066 2442 Basilius
1128 2385 1348 2457 quidem
1405 2396 1609 2441 nostra
1659 2384 2060 2455 qualiscunque
2121 2386 2176 2440 in
2241 2385 2476 2440 dicendo
2522 2383 2800 2438 facultatis
2832 2388 3028 2434 auctor
3056 2385 3176 2441 est,
3235 2375 3354 2444 ejus
3407 2379 3590 2426 autem

330 2478 540 2533 divitia:
573 2495 605 2534 e
640 2468 750 2536 tuis
796 2479 1072 2536 thesauris
1129 2478 1467 2550 depromptae
1532 2489 1694 2543 sunt,
1757 2478 1866 2534 tuis
1917 2479 2106 2548 utique
2160 2477 2321 2533 bonis
2363 2477 2626 2548 potimur,
2681 2475 2784 2530 etsi
2837 2488 2934 2542 per
2987 2471 3126 2526 alios
3181 2465 3591 2538 acceperimus;

331 2569 417 2624 sin
451 2585 580 2626 vero
610 2573 802 2643 exigua
829 2572 944 2630 haec
978 2584 1126 2640 sunt,
1157 2588 1352 2645 parum
1378 2572 1542 2629 etiam
1589 2587 1744 2643 aqua:
1770 2571 1873 2628 etsi
1900 2571 1958 2626 in
1988 2572 2268 2644 amphoris
2301 2572 2395 2637 sit,
2435 2587 2466 2628 e
2514 2569 2637 2626 Nilo
2669 2578 2850 2625 tamen
2885 2575 2990 2624 est.

802 2887 1149 2942 ΕΠΙΣΤΟΛΗ
1183 2886 1261 2942 ιΔσ
1301 2886 1436 2958 (89).

2524 2879 2870 2937 EPISTOLA
2901 2878 3044 2936 XIV.

335 3020 648 3090 Responsiva
679 3027 758 3076 est
785 3020 895 3075 ha’c
922 3018 1147 3088 cpistola
1184 3018 1253 3074 ad
1279 3017 1526 3084 alterunt,
1557 3017 1788 3088 fortasse
1833 3017 2065 3101 Libonii,
2107 3016 2410 3142 epistolam,
2441 3023 2502 3072 ttt
2529 3031 2596 3072 ex
2635 3030 2822 3070 rursus
2867 3011 3014 3082 facta
3066 3011 3284 3086 Cynegii
3331 3013 3593 3072 mentione

1766 3105 1958 3144 comm
1988 3100 2131 3144 notes
2163 3128 2177 3144 .

1766 3105 1958 3158 conjici
1986 3104 2177 3160 potest.

419 3244 642 3316 Ἐορτὴν
689 3242 842 3314 ἄγειν
892 3240 1121 3314 σύνηθες
1165 3244 1278 3304 τοῖς
1321 3241 1614 3314 Ῥωμαίοις
1657 3243 1786 3314 περὶ
1810 3243 1909 3313 τὴν

2082 3241 2306 3300 Festum
2337 3257 2499 3316 agere
2526 3257 2678 3302 more
2726 3244 2968 3316 quodam
3023 3241 3202 3318 patrio
3265 3250 3590 3304 consuetum

334 3337 612 3408 χειμέριον
642 3336 813 3408 ὥραν,
845 3336 1043 3407 τρόπον
1080 3334 1223 3389 κατά
1250 3351 1372 3388 τινα
1395 3335 1622 3404 πάτριον
1651 3334 1786 3405 (90),
1819 3334 1910 3387 ὅτε

333 3429 429 3483 τοῦ
452 3428 598 3498 ἡλίου
619 3428 756 3499 πρὸς
779 3425 879 3498 τὴν
897 3427 1008 3482 ἄνω
1030 3425 1212 3497 χώραν
1240 3424 1671 3490 ἀναποδίζοντος,
1694 3425 1912 3479 πλεονάο

334 3521 448 3584 ζειν
476 3519 704 3590 ἄρχεται
748 3519 810 3572 τὸ
852 3519 1153 3590 ἡμερήσιον
1198 3517 1414 3588 μέτρον.
1473 3516 1617 3588 Ἱερὰ
1661 3517 1718 3571 δὲ
1760 3517 1910 3571 νενό-

337 3629 526 3683 μισται
554 3611 645 3664 τοῦ
676 3610 842 3682 μηνὸς
864 3612 898 3680 ἡ
921 3609 1084 3682 ἀρχὴ,
1105 3610 1199 3662 καὶ
1227 3609 1314 3663 διὰ
1336 3607 1540 3678 ταύτης
1569 3609 1666 3679 τῆς
1698 3609 1912 3681 ἡμέρας

331 3706 394 3756 τὸ
421 3707 527 3757 πᾶν
552 3703 670 3766 ἔτος
696 3702 1084 3773 οἰωνιζόμενοι,
1107 3701 1285 3768 δεξιάς
1313 3719 1463 3765 τινας
1491 3701 1796 3772 συντυχίας,
1817 3701 1914 3754 καὶ

334 3794 694 3866 εὐφροσύνας,
719 3795 813 3848 καὶ
832 3794 1030 3865 πόρους
1061 3792 1455 3863 ἐπιτηδεύουσι.
1495 3794 1560 3846 Τί
1594 3793 1914 3864 βουλόμενος

337 3887 583 3943 ἐντεῦθεν
629 3885 724 3942 τοῦ
760 3886 1084 3958 γράμματος
1125 3887 1400 3958 ᾶρχομαι;
1451 3887 1575 3940 Ὀτι
1617 3885 1711 3940 κα)⁵
1755 3885 1917 3951 αὐτὸς

335 3978 596 4050 διήγαγον
621 3977 717 4049 τὴν
745 3977 937 4049 ἑορτὴν
966 3975 1170 4048 ταύτην
1192 4017 1208 4041 ,
1259 3975 1659 4050 παραπλησίως
1689 3975 1918 4040 ἐκείνοις

337 4045 754 4141 χρυῖσοξρορὴσας
777 4045 817 4099 ’⁷
836 4045 968 4140 ἦλθε
997 4069 1105 4139 γὰρ
1126 4045 1250 4121 τότε
1281 4045 1374 4122 καὶ
1400 4068 1481 4131 είς
1632 4068 1770 4138 ἐμὰς
1802 4069 1918 4138 χεῖ-

337 4178 438 4232 ρας
465 4161 684 4233 χρυσὸς,
707 4158 768 4214 ού
784 4178 866 4215 τοι
891 4160 1032 4215 κατὰ
1057 4159 1150 4214 τὸν
1194 4160 1473 4232 πάνδημον
1503 4160 1692 4213 τοῦτον
1719 4159 1917 4230 χρυσὸν

333 4254 394 4308 δν
424 4254 708 4324 ἀγαπῶσιν
737 4255 786 4307 oi
817 4251 1076 4324 ἄρχοντες
1115 4253 1208 4306 καὶ
1241 4250 1636 4324 δωροφοροῦσιν
1677 4252 1728 4304 oi
1766 4250 1917 4321 ἔχον-

331 4364 448 4412 τες.
492 4346 553 4400 τὸ
589 4345 726 4418 βαρὺ
756 4347 850 4400 καὶ
877 4344 1101 4416 αἰσχρὸν
1150 4344 1244 4398 καὶ
1283 4344 1487 4415 ἄψυχον
1520 4343 1706 4414 κτῆμα
1730 4360 1745 4374 ο
1795 4342 1914 4398 ἀλλ’

332 4438 364 4491 δ
405 4437 606 4504 παντὸς
648 4437 880 4492 πλούτου
924 4440 1107 4505 τοῖσγε
1141 4434 1265 4490 νοῦν
1321 4435 1534 4506 ἔχουσιν
1583 4433 1914 4506 ὑψηλότερόν

407 4619 818 4691 (ἰδῇ-Ἔχοντα
835 4620 1110 4688 λιπαρόν.
1138 4621 1448 4675 Commutat
1485 4618 1790 4691 Zacagnius
1821 4619 1906 4673 λυ·

338 4690 477 4760 πρόν
501 4689 771 4762 νειζοιιιιι
803 4691 1050 4762 λιπαρόν,
1093 4691 1238 4760 quod
1262 4693 1320 4762 _ei
1349 4689 1706 4762 contrarium.
1745 4691 1912 4762 ﬂecte

337 4759 472 4815 sane
501 4761 572 4815 ob
608 4761 892 4815 sententias
936 4759 1223 4820 rationem.
1255 4760 1359 4813 Sed
1408 4775 1510 4814 ms.
1562 4760 1700 4815 Med.
1746 4759 1912 4814 habet

337 4829 607 4900 λαμπρόν.
630 4831 862 4886 Canace.
883 4845 937 4900 p.
961 4831 1049 4900 96.
1074 4828 1228 4883 -lta
1255 4831 1342 4884 hic
1365 4830 1910 4900 locusemendandus

339 4898 472 4972 mihi
495 4898 712 4972 videtur
735 4918 750 4966 ;
777 4898 900 4953 naui
921 4901 976 4954 in
1009 4899 1268 4972 Vaticano
1295 4899 1487 4956 codice
1511 4898 1715 4972 λυπρόν
1733 4940 1747 4966 ,
1773 4915 1909 4954 con-

336 4970 511 5022 trario
543 4970 700 5036 plane
728 4986 894 5025 sensu
925 4970 1204 5025 scribitur.

411 5038 526 5164 (85)
555 5040 1008 5108 Ἐκκιιοαρέγτα.
1053 5040 1234 5121 Codes
1288 5038 1427 5122 Med.
1476 5037 1902 5122 ἐκκαθαρθέντα.

411 5124 463 5163 ix
522 5111 812 5163 acnnulam
835 5108 956 5163 Vat.
997 5109 1307 5164 Zacaamus
1343 5111 1583 5164 imnlevn
1631 5126 1764 5164 voce
1809 5110 1902 5164 ἄγ-

338 5108 463 5163 Ilox
502 5108 812 5180 Iacnnulam
835 5108 956 5163 Vat.
997 5109 1307 5180 lacagnius
1343 5111 1583 5180 implevit
1631 5108 1764 5165 voce
1809 5110 1906 5179 ἄγ-

335 5196 507 5232 νοιαν.
539 5178 644 5234 Sed
676 5181 969 5248 praeclarus
1017 5179 1290 5236 Mediceus
1329 5178 1465 5235 liber
1506 5179 1670 5234 nullis
1698 5178 1910 5235 lacunis

337 5256 619 5320 turpatus,
643 5249 805 5305 habet
828 5248 1030 5320 ζημίαν
1057 5251 1266 5320 optimo
1291 5266 1478 5305 sensu.
1511 5250 1586 5306 Id.
1611 5250 1743 5304 ibid.

411 5319 527 5386 (84)
581 5318 780 5375 Vocem
837 5318 1055 5391 uncinis
1098 5318 1392 5374 Vinelusam
1452 5336 1553 5375 nos
1624 5319 1908 5391 supplevi-

337 5404 484 5446 mns.
512 5405 635 5443 cum
664 5391 718 5443 in
751 5390 939 5445 codice
976 5389 1242 5444 Vaticano
1265 5391 1455 5444 lacuna
1478 5392 1568 5445 sit.

412 5459 527 5526 (85)
583 5461 824 5514 Ἔπειτα
862 5460 1155 5529 μέντοιγε,
1216 5460 1312 5513 καί
1367 5459 1735 5525 τούτῳὲϐοιί.
1768 5457 1904 5529 Med.

336 5526 530 5600 ἔπειτα
559 5529 742 5600 μέντοι
765 5526 876 5593 τοῖς
910 5533 1040 5594 σοῖς.
1073 5530 1251 5599 Longe
1284 5530 1355 5583 ita
1373 5531 1547 5584 satius
1581 5547 1594 5580 :
1627 5546 1748 5582 eum
1783 5527 1902 5600 Vat.

340 5596 580 5669 lectione
607 5601 690 5654 bis
718 5601 964 5654 eamdem
992 5596 1315 5655 sententiam
1342 5615 1447 5653 non
1478 5599 1908 5669 sinetautnlogia

341 5667 926 5742 posuissetNyssenus
951 5687 964 5723 :
994 5669 1104 5737 iam
1140 5671 1650 5742 enim__paulo_a_nte
1695 5667 1910 5722 dixerat

337 5755 466 5791 cum
502 5738 709 5793 Basilio
744 5756 803 5795 se
835 5749 1242 5793 conversatum.
1279 5738 1461 5794 Sittins
1498 5740 1661 5805 igitur
1696 5742 1801 5792 erit
1850 5749 1909 5792 ut

339 5807 601 5880 deinceps
631 5809 774 5867 dicat
803 5825 862 5867 se
901 5808 1072 5866 fuisse
1127 5827 1246 5872 cum
1302 5811 1611 5869 hominibus
1661 5809 1776 5881 ejus
1821 5810 1908 5864 cui

2009 3346 2095 3396 est
2126 3338 2413 3408 Romanis,
2447 3354 2574 3394 cum
2607 3339 2840 3397 hiberno
2874 3349 3120 3412 tempore
3148 3345 3230 3399 sol
3274 3345 3590 3415 superiores

2009 3430 2136 3485 caeli
2185 3441 2366 3500 partes
2421 3439 2697 3502 repetens,
2735 3431 2920 3488 diurni
2981 3435 3587 3503 spatii'inerementum

2014 3519 2509 3576 inchoat.Sacrum
2543 3531 2726 3578 autem
2745 3539 2870 3579 esse
2901 3532 3097 3594 putant
3123 3519 3588 3590 mensisinitium,

2012 3618 2071 3666 et
2109 3626 2175 3666 ex
2207 3610 2311 3666 hac
2339 3611 2429 3667 die
2454 3626 2618 3667 omen
2647 3613 2820 3669 totius
2839 3614 2968 3668 anni
2999 3615 3303 3685 capientes,
3333 3615 3588 3674 felicibus

2010 3707 2258 3772 eventis,
2295 3708 2760 3778 prosperitatibus
2797 3717 2852 3763 et
2897 3708 3168 3764 bonorum
3209 3711 3455 3764 omnium
3505 3709 3590 3764 af-

2011 3797 2255 3854 fluentiis
2281 3798 2638 3868 auspicandis
2665 3807 2882 3855 vacant.
2906 3797 3184 3866 Quorsum
3215 3800 3319 3856 hoc
3337 3801 3592 3871 epistola:

2011 3889 2321 3944 exordium.
2372 3890 2640 3956 Quoniam
2678 3897 2731 3946 et
2770 3890 2908 3960 ipse,
2965 3907 3120 3962 atque
3168 3906 3232 3947 ac
3299 3892 3401 3960 illi,
3467 3893 3590 3949 auri

2015 3979 2220 4034 donum
2253 3979 2508 4051 adeptus,
2565 3980 2766 4037 festum
2804 3981 2954 4038 hunc
2987 3983 3131 4038 diem
3183 3983 3302 4054 egi:
3361 3999 3486 4038 nam
3521 3984 3590 4039 ad

2019 4086 2170 4126 meas
2199 4087 2418 4142 quoque
2444 4081 2576 4128 tunc
2607 4089 2802 4128 manus
2825 4075 3072 4144 pervenit
3096 4089 3319 4137 aurum,
3339 4090 3448 4129 non
3467 4077 3587 4128 vul-

2022 4174 2152 4230 gare
2201 4160 2336 4216 illud
2370 4162 2519 4231 quod
2566 4177 2724 4233 reges
2761 4162 2815 4216 in
2847 4163 3026 4232 pretio
3074 4163 3299 4226 habent,
3353 4171 3409 4218 et
3441 4162 3592 4218 dono

2025 4253 2158 4308 dant
2195 4253 2288 4323 qui
2319 4269 2384 4309 eo
2408 4253 2712 4320 abundant,
2745 4268 2861 4308 rem
2899 4269 3094 4322 nempe
3139 4269 3456 4317 onerosam,
3502 4254 3590 4308 vi-

2018 4345 2125 4400 lem
2157 4353 2211 4400 et
2248 4345 2578 4409 inanimem,
2609 4345 2704 4400 sed
2737 4343 2884 4415 quod
2943 4344 3086 4414 apud
3128 4346 3390 4400 cordatus
3439 4346 3590 4402 viros

2019 4434 2273 4491 omnibus
2301 4434 2511 4491 divitiis
2542 4435 2902 4492 excellentius
2936 4444 3040 4504 est,
3067 4436 3440 4508 pulcherrima
3457 4452 3592 4493 sane

2021 4621 2218 4677 scribit
2252 4623 2562 4693 epistolam.
2601 4621 2681 4678 ld.
2704 4638 2758 4690 p.
2785 4623 2876 4680 93.

2089 4693 2202 4762 (86)
2239 4692 2346 4749 Kal
2370 4712 2505 4763 τυχ.
2546 4695 2653 4748 Καί
2685 4695 2839 4750 abest
2873 4710 2901 4748 a
2933 4692 3074 4749 Med.
3118 4692 3282 4764 paulo
3324 4699 3459 4764 (post
3495 4693 3588 4764 ού-

2012 4761 2107 4834 sev
2136 4764 2300 4818 habet
2353 4761 2665 4825 id._codex,
2715 4764 2859 4834 quod
2906 4765 3047 4834 valet
3082 4761 3419 4834 fueritveljrli
3453 4763 3588 4817 nihis

2015 4832 2280 4896 latinum;
2311 4843 2366 4888 et
2426 4834 2584 4903 longe
2628 4831 2847 4901 praistat
2886 4833 2964 4902 τῷ
3011 4831 3246 4902 οὐδαμοῦ
3299 4831 3588 4886 Vaticani:

2013 4904 2194 4972 solum
2239 4904 2383 4957 enim
2429 4904 2534 4958 sibi
2585 4919 2692 4955 non
2749 4903 2923 4958 fuisse
2969 4911 3335 4972 praeceptores
3365 4917 3591 4958 monere

2011 4971 2292 5043 ipseynlt.
2320 4973 2398 5043 id.
2434 4973 2676 5043 pagum.

2085 5042 2197 5112 (87)
2237 5043 2290 5094 Ὀ
2308 5040 2598 5096 διδ.ἰιεά.
2631 5041 2736 5112 ύδὲ
2762 5040 2861 5094 διδ.

2087 5110 2197 5180 (88)
2265 5112 2554 5165 Τοιούτων
2596 5111 2711 5177 τὴν
2759 5110 2956 5165 αἰτίαν
2999 5110 3323 5166 ἀναθεῖναι.
3377 5110 3433 5165 1d
3455 5110 3582 5164 cod.

2013 5182 2297 5255 ἡμετέρων
2321 5180 2595 5255 ἀναθεῖναι
2625 5182 2723 5251 τὴν
2751 5181 2950 5255 αἰτίαν·
2997 5197 3035 5255 Δει
3081 5198 3190 5255 quo
3221 5183 3396 5255 etiam-
3424 5181 3589 5255 abest

2013 5249 2414 5322 pestréma‘vox
2448 5252 2615 5321 ὅμως.
2644 5249 2715 5322 έ-
2751 5250 2830 5304 lta
2881 5251 2968 5322 hic
2997 5249 3282 5322 legendum
3347 5249 3586 5316 videtur,

2011 5321 2140 5376 licet
2185 5322 2238 5374 in
2263 5318 2528 5375 Vaticano
2557 5320 2746 5376 codice
2774 5322 2845 5375 sit
2873 5318 3089 5374 τούτου.

2082 5389 2194 5461 (89)
2235 5391 2463 5444 Ἐπιστ.
2500 5389 2555 5445 In
2599 5406 2700 5445 ms.
2727 5389 2867 5447 Med.
2891 5389 3590 5461 haeepistolainscribitur

2012 5460 2250 5530 Διδανίῳ
2282 5461 2505 5531 σοφιστῇ
2533 5477 2544 5488 ·
2583 5469 2774 5531 estque
2806 5477 2960 5515 num.
2991 5459 3057 5531 Χ.

2083 5530 2193 5600 (90)
2224 5527 2391 5598 ’Περὶ
2438 5527 2552 5600 τῆν
2593 5561 2661 5571 -
2686 5527 2955 5599 πάτριον.
3010 5529 3132 5600 Ms.”
3154 5528 3291 5584 Med.
3320 5528 3452 5600 περὶ
3486 5527 3588 5599 τὴν

2024 5599 2301 5682 χειμέριον
2332 5599 2536 5682 τροπὴν
2565 5600 2710 5682 κατα
2737 5617 2792 5654 τι
2822 5601 3069 5682 πάτριον.
3094 5599 3341 5682 Egregie.
3377 5599 3590 5654 Sensus

2015 5671 2217 5739 Optime
2249 5680 2465 5741 constat
2491 5687 2506 5702 ο
2539 5672 2742 5741 τροπή,
2775 5672 3100 5741 vocabulum
3153 5671 3220 5724 ad
3259 5679 3588 5741 (temporum

2017 5740 2405 5812 conversiones
2435 5739 2648 5812 scilicet
2681 5739 2980 5808 pertinens.
3007 5739 3071 5812 Et
3099 5740 3276 5812 τροπὴ
3329 5755 3431 5812 ιιι-ρ
3473 5744 3592 5812 sol:

2017 5812 2168 5868 stitio
2191 5810 2432 5883 profectu
2461 5805 2747 5883 accipitur,
2775 5811 3069 5884 χειμερινῷ
3110 5805 3196 5869 ν’θι
3243 5805 3459 5882 σερινῷ.
3501 5805 3591 5865 Nil
