4002 6206
492 350 631 411 1059

1716 337 1775 394 S.
1811 331 2139 393 GREGOMI
2170 332 2468 392 NYSSEN!

3600 342 3750 401 i050

490 482 617 522 cum
643 461 958 521 humilitate
985 468 1174 519 nostra
1199 459 1548 518 sanctissime
1565 456 1934 531 coniunxerit.
1958 454 2058 512 Sed

2169 458 2289 528 ραῖς
2319 472 2449 521 τισι,
2482 456 2549 528 τῇ
2577 454 2771 528 ἀγάπῃ
2798 454 2898 529 τὴν
2926 455 3238 529 βραχύτητα
3261 458 3420 529 ὑμῶν
3441 460 3750 534 eume

488 555 745 626 quamvis
768 553 1014 609 debitum
1041 552 1332 611 ebaritatis
1369 552 1628 617 cilicium,
1668 566 1769 607 nec
1808 565 1838 605 a
1874 549 2055 615 nobis,

489 658 680 700 curam
721 641 1204 700 Ecelesievestra:
1237 641 1622 714 impendendo,
1664 654 1768 697 nec
1810 655 1844 695 a
1879 646 2057 697 vestra

488 735 869 807 religiositate,
902 736 971 792 ad
1002 736 1055 791 id
1078 751 1180 793 nos
1203 735 1567 799 adhortando,
1596 735 1871 805 expletum
1896 741 2056 789 antea

489 824 695 894 fuerit;
724 832 909 881 tamen
937 826 1239 897 assumptis
1283 841 1428 881 nunc
1457 824 1677 880 demum
1709 824 1765 879 in
1804 832 2056 879 votorum

488 924 803 971 nostrorum
835 902 1152 972 societatem
1181 916 1437 987 precibus
1462 916 1681 981 vestris,
1734 914 1906 970 Deum
1931 927 2058 970 ora-
2102 945 2109 951 -

489 1022 635 1073 mus,
692 1015 751 1060 ut
798 1021 902 1062 nos
932 1022 1098 1078 quam
1142 1008 1396 1064 celeriter
1430 1007 1547 1063 fieri
1584 1007 1808 1077 poterit,
1860 1005 1928 1061 ad
1958 1020 2056 1061 vos

488 1098 678 1154 venire
725 1098 1025 1168 permittat,
1075 1106 1137 1153 ut
1161 1098 1397 1155 invicem
1427 1099 1798 1164 consolemur,
1827 1106 1909 1163 et,
1943 1096 2056 1152 Deo

489 1190 634 1244 viam
672 1191 1050 1261 rationemque
1095 1199 1460 1259 monstrante,
1504 1205 1726 1262 operam
1760 1189 1953 1245 demus
1994 1194 2057 1243 ut

491 1281 561 1336 iis
609 1295 731 1350 quae
767 1279 970 1334 dudum
1003 1294 1255 1343 evenere.
1304 1280 1463 1336 malis
1496 1295 1875 1344 occurramus,
1904 1287 1959 1334 et
1996 1277 2054 1332 in

489 1378 768 1441 posterum
818 1370 999 1425 securi
1030 1385 1153 1425 esse
1202 1371 1499 1440 possimus,
1554 1386 1624 1426 ne
1668 1368 1903 1439 amplius
1950 1367 2054 1422 hac

489 1467 672 1516 vestra
716 1460 991 1516 discordia
1038 1460 1274 1516 invicem
1315 1461 1540 1523 divulsi.
1591 1461 1720 1515 dum
1768 1461 1908 1515 alius
1948 1459 2054 1514 alio

489 1550 721 1606 consilio
773 1566 894 1607 sese
937 1552 1013 1605 ab’
1051 1550 1295 1607 Ecclesia
1346 1562 1581 1623 separat,
1634 1551 1852 1606 diabolo
1904 1551 2053 1606 risus

490 1640 777 1697 materiam
829 1641 1139 1711 praebeatis,
1189 1642 1348 1711 cujus
1398 1642 1650 1698 voluntas
1683 1643 1865 1711 {atque
1914 1655 2053 1711 opus

489 1741 573 1787 est
601 1732 801 1786 divinae
832 1732 1098 1787 voluntati
1128 1736 1495 1798 contrarium,
1539 1734 1812 1789 neminem
1840 1732 2049 1789 salvum

491 1823 606 1877 lleri
643 1829 697 1879 et
726 1822 794 1877 ad
815 1823 1063 1878 veritatis
1092 1825 1459 1895 cognitionem
1488 1825 1792 1895 pervenire.
1835 1823 2057 1890 Quanto

488 1914 635 1969 enim
674 1914 903 1984 putatis,
932 1913 1151 1980 fratres,
1183 1916 1372 1971 dolore
1404 1931 1507 1972 nos
1552 1917 1700 1986 angi,
1733 1916 1863 1971 dum
1889 1931 1955 1971 ex
1988 1916 2057 1971 iis

489 2004 582 2072 qui
617 2002 687 2058 de
711 2003 876 2059 rebus
906 2008 1104 2059 vestris
1124 2006 1380 2061 nuntiqu
1418 2005 1671 2068 alierum.
1702 2005 2058 2076 intelligimus

492 2094 699 2149 nullam
750 2109 936 2149 rerum
987 2097 1132 2166 apud
1169 2113 1265 2153 vos
1318 2100 1675 2152 mutationem
1725 2097 1795 2154 de
1845 2099 2059 2168 integro

489 2184 688 2239 factam
721 2199 864 2253 esse,
907 2187 1002 2243 sed
1035 2202 1131 2243 eos
1163 2188 1258 2259 qui
1309 2191 1476 2245 semel
1509 2205 1539 2243 a
1577 2200 1766 2244 mutua
1789 2189 2060 2246 cbaritate

488 2278 857 2347 declinarunt,
886 2279 1075 2355 eodem
1104 2296 1318 2349 semper
1346 2280 1550 2351 impetu
1585 2280 1752 2335 ferri?
1772 2279 1837 2335 Et
1865 2297 2059 2350 quem-

488 2368 784 2424 admodum
825 2368 872 2425 si
903 2384 1059 2441 aqua:
1084 2370 1237 2426 rivus
1289 2369 1600 2441 frequenter
1634 2371 1931 2443 marginem
1965 2386 2060 2425 su-

489 2468 664 2533 peret,
694 2473 748 2518 et
777 2462 1157 2518 sinistrorsum
1183 2462 1461 2533 delapsus,
1498 2461 1722 2529 deﬂuat,
1767 2478 1910 2534 aegre
1942 2462 2060 2518 ﬁeri

488 2560 666 2623 potest
702 2559 762 2607 ut
807 2553 873 2607 ad
913 2554 1212 2623 pristinum
1246 2567 1472 2609 cursum
1520 2560 1827 2620 revocetur,
1876 2553 2062 2623 subja-

489 2651 668 2709 cente,
712 2643 965 2699 videlicet
1021 2644 1141 2700 solo
1202 2659 1359 2716 aquae
1418 2645 1621 2715 impetu
1668 2652 1950 2713 excavato,
2004 2647 2059 2701 ni

490 2735 668 2800 locus,
705 2734 850 2789 unde
875 2749 1016 2805 aqua
1049 2734 1255 2801 deﬂuit,
1303 2736 1664 2804 obstruatur;
1700 2737 1772 2791 ita
1799 2746 2058 2794 eteorum

489 2826 583 2895 qui
636 2840 665 2876 a
710 2823 939 2879 fratrum
989 2827 1377 2881 communione
1422 2827 1836 2894 discesserunt,
1892 2829 2061 2884 animi

490 2917 727 2984 alTectio,
758 2917 925 2973 semel
957 2931 987 2969 a
1014 2925 1165 2972 recta
1200 2928 1252 2973 et
1284 2919 1502 2974 sincera
1526 2919 1653 2986 ﬁde,
1697 2935 1807 2991 prae
1831 2932 2061 2977 conten-

489 3009 659 3064 tionis
684 3020 841 3075 mstu,
877 3010 1043 3064 veluti
1084 3010 1319 3066 distorto
1353 3026 1542 3076 cursu,
1589 3011 1902 3080 deﬂectens,
1935 3027 2062 3083 pro-

2163 567 2276 611 τος.
2320 550 2459 606 ’Δλλ⁹
2487 551 2538 604 εί
2569 550 2665 605 καὶ
2694 551 2770 623 μὴ
2792 550 3058 623 πρότερον
3082 550 3144 605 es
3162 552 3262 624 τῆς
3292 550 3520 624 ἀγάπης
3554 554 3744 624 χρέος,

2163 641 2357 713 ηπαρν
2385 640 2540 713 ὑμῶν
2581 641 2671 697 διὰ
2717 645 2815 713 τῆς
2845 641 3266 714 ἐπισκέψωςιῆ
3300 642 3457 714 παρά
3481 643 3584 714 τῆς
3610 646 3752 715 ὑμε-

2161 735 2325 807 τέρας
2351 734 2464 805 (ὅῖ)
2484 733 2767 798 εὐλαϐείας
2783 733 2871 788 διὰ
2888 734 2989 805 τῆς
3009 734 3320 808 προτροπῆς
3337 734 3748 807 ἀπεπληρὼθη,

2162 825 2259 880 νῦν
2286 825 2418 894 γοῦν
2443 824 2717 896 εὐχόμεθα
2737 825 2815 897 τῷ
2836 812 2978 895 Θεῷ,
3005 823 3295 896 σύμμαχον
3323 824 3463 899 πρὸς
3487 826 3596 896 τὴν
3627 827 3752 880 ἑπι-

2163 916 2364 987 θυμίαν
2399 914 2555 986 ἡμῶν
2592 916 2686 969 καὶ
2744 914 2844 985 τὴν
2885 915 3159 985 ὑμετέραν
3199 915 3363 987 εὐχὴν
3415 915 3548 987 πρὸς
3605 916 3748 969 Θεὸν

2163 1006 2707 1080 συμπαραλαϐόντες,
2728 1006 2816 1060 διὰ
2845 1005 3045 1077 τάχους
3070 1006 3205 1077 (33),
3242 1005 3315 1070 ὡς
3344 1005 3461 1059 ἐστι
3486 1007 3743 1070 δυνατδν,

2160 1099 2494 1170 ἐπιδημῆσαι
2545 1115 2606 1153 τε
2661 1098 2811 1170 ὑμῖν,
2875 1097 2972 1151 καὶ
3014 1096 3543 1177 συμπαρακληθῆναι
3564 1136 3583 1161 ,
3645 1099 3747 1152 καὶ

2161 1191 2555 1255 συσπουδάσαι,
2587 1191 2663 1255 ὡς
2716 1190 2784 1245 ἂν
2835 1190 3111 1261 ὑφηγῆται
3138 1193 3166 1243 ὀ
3196 1190 3419 1261 Κύριος,
3456 1190 3601 1244 ὥστε
3646 1191 3745 1244 καὶ

2158 1284 2266 1337 τῶν
2295 1283 2397 1355 ῆδη
2429 1282 2811 1353 γεγενημένων
2857 1282 3118 1353 λυπηρῶν
3144 1282 3428 1351 διόρθωσιν
3472 1280 3737 1351 ἐξευρεῖν,

2160 1376 2253 1429 καὶ
2288 1376 2367 1438 είς
2390 1376 2484 1429 τὸν
2539 1374 2738 1445 ἐφεξῆς
2764 1373 2953 1445 χρόνον
2991 1373 3317 1441 ἀσφάλειαν
3348 1373 3490 1427 ὥστε
3538 1375 3736 1444 μηκέτι

2160 1468 2305 1536 ὑμᾶς
2334 1467 2447 1538 (54)
2482 1468 2540 1519 ὲν
2573 1468 2640 1537 τῇ
2672 1464 2998 1537 ἀσυμφωνία
3052 1466 3221 1541 ταύτῃ
3269 1464 3733 1535 διεσπασμένους,

2157 1560 2319 1614 ἄλλου
2345 1561 2463 1612 κατ’
2492 1557 2656 1628 ἀλλην
2687 1558 2863 1628 ὁρμὴν
2892 1556 3083 1610 ἑαυτὸν
3111 1556 3207 1625 τῆς
3240 1556 3567 1624 Ἐκκλησίας
3625 1556 3734 1609 ἀπ-

2157 1652 2405 1720 άγοντος,
2432 1649 2645 1718 γέλωτα
2674 1648 2996 1719 προκεῖσθαι
3034 1646 3113 1717 τῷ
3137 1646 3389 1718 διαϐόλῳ,
3417 1641 3461 1716 ᾧ
3487 1646 3735 1717 βούλημα

2159 1742 2252 1796 καὶ
2290 1740 2446 1813 ἔργον
2501 1741 2647 1794 ἐστὶν
2678 1739 2739 1804 ὲξ
2765 1739 3006 1793 ἐναντίον
3056 1737 3134 1807 τῷ
3184 1738 3312 1810 θείῳ
3346 1738 3632 1809 θελήματι,
3675 1737 3735 1792 τὸ

2162 1835 2362 1907 μηδένα
2381 1833 2642 1904 σωθῆναι,
2672 1832 2805 1903 μηδὲ
2834 1833 2915 1896 είς
2935 1832 3226 1900 ἐπίγνωσιν
3246 1831 3504 1900 ἀληθείας
3534 1831 3731 1885 ἐλθεῖν.

2158 1928 2282 1992 Πῶς
2310 1928 2418 1999 γὰρ
2463 1924 2637 1980 οἴεσθε
2672 1926 2840 1996 ἡμᾶς,
2875 1922 3113 1994 ἀδελφοὶ,
3139 1923 3413 1977 θλίϐεσθαι
3461 1924 3597 1994 πρὸς
3633 1925 3733 1994 τὴν

2158 2019 2326 2091 ἀκοὴν
2356 2019 2465 2073 τῶν
2493 2017 2912 2088 διαγγειλάντων
2936 2018 3068 2086 ἡμῖν
3104 2015 3175 2070 τὰ
3198 2016 3457 2088 ὑμέτερα.
3479 2018 3559 2070 ὅτι
3580 2016 3734 2068 οὐδε-

2162 2111 2259 2182 μία
2291 2111 2479 2179 γέγονε
2523 2108 2633 2163 τῶν
2687 2104 3006 2177 ἐφεστώτων
3049 2108 3384 2176 ὲπιστροφή’
3412 2104 3579 2175 eam;
3618 2104 3729 2157 τῶν

2159 2204 2306 2271 ἅπαξ
2324 2202 2727 2257 ἀποκλινάντων
2761 2201 3075 2273 προαίρεσις
3116 2201 3209 2252 ἐπὶ
3236 2199 3333 2269 τῆς
3359 2197 3525 2265 αὐτῆς
3552 2197 3733 2268 ὁρμῆς

2158 2297 2248 2350 ἀεὶ
2302 2295 2545 2371 φέρεται,
2592 2294 2687 2348 καὶ
2736 2293 2925 2364 ὥσπερ
2964 2294 3028 2346 ὲκ
3064 2290 3158 2344 τοῦ
3207 2290 3394 2361 ὀχετοῦ
3428 2290 3540 2361 (35)
3584 2288 3733 2359 ὓδωρ

2160 2386 2417 2451 πολλάκις
2444 2388 2523 2449 είς
2552 2385 2649 2456 τὴν
2676 2381 3085 2456 παρακειμένην
3117 2381 3282 2453 ὄχθην
3318 2384 3728 2454 ὑπερεκχεῖται,

2159 2478 2254 2533 κα)⁵
2283 2477 2422 2531 κατὰ
2452 2476 2513 2530 τὸ
2537 2476 2763 2544 πλάγιον
2798 2475 3025 2541 διαδυὲν,
3055 2475 3332 2546 ἀπορρέει,
3378 2474 3454 2545 μὴ
3486 2476 3731 2544 ἀποσφα-

2160 2570 2339 2634 λέντος
2367 2570 2424 2623 δὲ
2455 2568 2550 2623 τοῦ
2577 2568 2825 2622 ὕπαιτίου
2865 2570 3050 2631 τόπου,
3076 2566 3470 2639 δυσανάκλητον
3494 2566 3733 2634 γίνεται,

2160 2661 2529 2726 κοιλανθέντος
2564 2661 2658 2716 τοῦ
2693 2658 3073 2731 ὑποκειμένου,
3094 2659 3229 2730 πρὸς
3257 2661 3352 2730 τὴν
3376 2657 3470 2712 τοῦ
3507 2659 3734 2731 ῥείθρου

2162 2755 2367 2826 φοράν·
2402 2753 2575 2818 οὕτως
2606 2755 2640 2824 ή
2685 2752 2794 2807 τῶν
2838 2752 3187 2807 ἀποστάντων
3222 2750 3382 2823 ὁρμὴ,
3439 2751 3595 2817 ἅπαξ
3635 2753 3732 2824 τῆς

2161 2846 2375 2910 εὐθείας
2394 2863 2452 2899 τε
2493 2846 2590 2900 καὶ
2614 2844 2781 2916 ὀρθῆς
2812 2843 3046 2908 πίστεως
3070 2844 3135 2897 ὲκ
3155 2843 3482 2913 φιλονεικίας
3516 2849 3730 2917 παραρ-

2164 2938 2371 3008 ρυεῖσα,
2403 2934 2721 2992 ἑνεϐάθυνεν
2766 2935 2867 3007 ῆδη
2903 2937 2969 3006 τῇ
3006 2935 3282 3007 συνηθείᾳ,
3310 2936 3405 2989 καὶ
3442 2937 3547 2989 οὐκ
3584 2939 3731 3007 εὐχε-

2166 3028 2275 3101 ρῶς
2310 3029 2403 3081 ἐπὶ
2431 3027 2529 3099 τὴν
2570 3027 2802 3097 ἀρχαίαν
2828 3028 3183 3098 ἐπανέρχεται
3226 3027 3407 3098 χάριν.
3444 3028 3535 3080 Διὸ
3570 3027 3726 3097 σοφοῦ

490 3102 713 3157 fundam
739 3100 1064 3174 jamdudum
1085 3102 1482 3160 consuetudine
1510 3104 1715 3160 fossam
1743 3106 1852 3176 egit
1894 3120 2058 3176 aegre-

2163 3100 2307 3183 τινος
2333 3119 2428 3174 καὶ
2475 3119 2707 3190 μεγάλου
2751 3117 2940 3191 χρῄζει
2969 3119 3038 3173 τὰ
3086 3118 3206 3172 καθ’
3238 3119 3382 3190 ὑμᾶς
3418 3119 3725 3182 ἐπιστάτου,

489 3208 598 3265 que
651 3193 721 3249 ad
784 3195 1074 3266 pristinam
1127 3194 1450 3251 charitatem
1516 3196 2062 3269 benevolentiamque

490 3286 803 3341 revertitur.
875 3286 1225 3357 Quapropter
1291 3294 1507 3343 rectore
1573 3289 1758 3358 aliquo
1817 3290 2062 3360 sapiente

490 3386 656 3450 atque
706 3377 909 3432 eximio
951 3392 1041 3433 res
1089 3386 1289 3433 vestrae
1314 3393 1454 3449 Opus
1485 3378 1705 3446 habent,
1752 3380 1846 3451 qui
1894 3381 2062 3450 probe

492 3471 630 3524 sciat
656 3468 711 3523 in
740 3469 951 3524 alveum
983 3468 1386 3540 quodammodo
1417 3471 1737 3527 aberrantes
1762 3471 2058 3539 reducere,

495 3569 555 3617 ut
577 3562 921 3618 inordinatus
946 3561 1112 3633 hujus
1140 3562 1331 3619 liuenti
1359 3564 1627 3620 decursus
1655 3564 1721 3618 ad
1744 3564 2060 3634 primmvum

493 3654 741 3710 ordinem
770 3655 964 3709 iterum
994 3654 1169 3724 possit
1209 3655 1474 3721 revocari,
1513 3662 1568 3709 et
1600 3670 1795 3711 rursus
1843 3655 2060 3726 pietatis

493 3755 707 3816 segetes
731 3747 886 3801 vobis
909 3746 1363 3816 multiplicentur,
1389 3746 1720 3817 perennibus
1751 3747 2061 3802 concordiae

493 3836 651 3905 aquis
683 3836 941 3907 irrigatur.
970 3837 1027 3891 In
1063 3837 1167 3891 hoc
1216 3838 1403 3908 itaque
1438 3839 1655 3910 negotio
1683 3840 1912 3894 multum
1942 3851 2060 3895 stu-

494 3926 568 3982 dii
604 3934 765 3998 atque
788 3927 1088 3983 alacritatis
1128 3929 1506 3999 unusquisque
1534 3937 1777 3984 vestrum
1803 3931 2061 3987 adbibere

493 4019 677 4084 debet,
742 4027 803 4073 ut
856 4020 982 4075 talis
1034 4020 1325 4091 episcopus
1368 4021 1543 4076 sancti
1597 4020 1838 4093 Spiritus
1884 4025 2059 4095 gratia

493 4112 836 4184 designetur,
862 4111 957 4183 qui
988 4112 1252 4180 studiose,
1275 4127 1397 4184 qua:
1420 4111 1511 4168 Dei
1535 4122 1684 4181 sunt,
1716 4115 2060 4172 solummodo

493 4203 863 4275 (intueatur),
924 4210 979 4257 et
1027 4218 1308 4275 nunquam
1352 4205 1418 4261 ad
1458 4220 1522 4261 ea
1563 4206 1632 4262 de
1668 4208 1869 4278 quibus
1922 4210 2060 4266 adeo

494 4297 550 4351 in
586 4296 689 4351 hac
716 4295 827 4351 vita
860 4296 1083 4352 solliciti
1113 4312 1329 4362 sumus,
1366 4297 1560 4353 oculos
1595 4299 1835 4368 adjiciat.

561 4385 859 4456 Propterea
890 4389 1035 4444 enim
1072 4388 1354 4459 (antiqua)
1387 4390 1499 4454 lex,
1545 4390 1807 4457 arbitror,
1836 4391 2059 4450 Levitas

2162 3213 2342 3276 καλῶς
2367 3213 2437 3267 τὰ
2467 3210 2689 3267 τοιαῦτα
2725 3209 2996 3281 ὀχετεύειν
3024 3209 3132 3280 ('56)
3165 3211 3556 3280 ἐπισταμένου,
3594 3210 3725 3263 ὥστε

2158 3303 2449 3377 δυνηθῆναι
2495 3301 2657 3356 πάλιν
2696 3300 2793 3372 τὴν
2838 3300 3070 3354 ἄτακτον
3105 3299 3199 3353 τοῦ
3230 3300 3502 3371 ῥεύματος
3544 3300 3726 3354 τούτου

2160 3393 2497 3468 περιτροπὴν
2516 3396 2596 3458 είς
2617 3392 2677 3447 τδ
2702 3394 2927 3465 ἀρχαῖον
2956 3391 3147 3455 κάλλος
3169 3392 3630 3457 ἀνακαλέσασθαι,
3657 3391 3727 3455 ὡς

2160 3488 2227 3542 ἂν
2248 3486 2408 3540 πάλιν
2442 3486 2570 3556 ὑμῖν
2624 3484 2693 3538 τὰ
2738 3484 2834 3554 τῆς
2870 3482 3147 3565 εὐσεϐείας
3177 3481 3454 3552 ἀδρύνοιτο
3483 3481 3633 3553 ληῖα,
3663 3484 3728 3553 τῇ

2159 3579 2257 3650 τῆς
2280 3578 2502 3650 εἰρήνης
2536 3577 2764 3648 ὲπιῤῥοῇ
2807 3574 3203 3646 καταρδόμενα.
3236 3574 3337 3627 Διά
3363 3573 3537 3628 ταῦτα
3563 3574 3730 3646 πολλὴ

2159 3671 2512 3741 χρεωστείται
2530 3667 2607 3739 τῷ
2632 3668 2913 3738 πράγματι
2930 3667 3079 3736 παρά
3104 3667 3320 3721 πάντων
3351 3667 3379 3719 ὑ
3388 3666 3503 3737 μῶν
3526 3666 3729 3736 σπουδή

2160 3779 2220 3814 τε
2258 3763 2354 3816 καὶ
2400 3760 2687 3831 ἐπιθυμία,
2719 3759 2856 3828 πρὸς
2886 3760 2948 3812 τὸ
2990 3758 3373 3830 ἀναδειχθῆναι
3418 3759 3731 3829 προστάτην

2159 3854 2264 3907 ὑπὸ
2305 3852 2397 3906 τοῦ
2446 3852 2600 3921 ἁγίου
2656 3852 2970 3923 Πνεύματος
3037 3849 3274 3905 τοιοῦτον
3301 3890 3316 3916 ,
3374 3850 3434 3914 ὃς
3493 3851 3601 3919 ὅλῳ
3654 3849 3736 3921 τῷ

2158 3942 2419 4015 ὀφθαλμῷ
2452 3941 2523 3996 τά
2546 3941 2639 3995 τοῦ
2673 3942 2806 3995 Θεοῦ
2846 3941 3038 4014 [βλέψῃ
3071 3942 3216 4013 (57)]
3263 3942 3416 4012 μόνα,
3450 3942 3585 4011 πρὸς
3642 3942 3738 3996 οὐι-

2158 4035 2245 4088 δὲν
2285 4034 2393 4089 τῶν
2440 4036 2498 4088 ὲν
2533 4032 2598 4105 τῇ
2641 4031 2754 4105 ζωῇ
2800 4033 3241 4097 σπουδαζομένων
3284 4034 3631 4105 μετεωρίζων
3672 4033 3738 4089 το

2157 4125 2333 4197 ὄμμα.

2230 4393 2327 4447 Διά
2347 4391 2535 4446 τούτου
2556 4391 2664 4461 γὰρ
2693 4386 2842 4462 οἶμαι
2870 4390 2960 4445 τὸν
2993 4389 3264 4463 [παλαιὸν]
3309 4387 3468 4458 νόμον
3487 4388 3741 4459 ἀπόκλη-

494 4485 727 4531 terrena:
772 4479 1111 4534 haereditatis
1160 4486 1406 4535 exsortes
1438 4495 1561 4537 esse
1603 4482 1794 4551 jussit,
1845 4492 1904 4536 ut
1936 4484 2057 4553 ejus

2163 4502 2255 4555 ρον
2274 4485 2372 4556 τῆς
2395 4483 2589 4554 γηῖνης
2615 4482 2977 4554 κληρονομίας
2994 4483 3085 4536 τὸν
3100 4484 3339 4552 ,Δευΐτην
3360 4485 3551 4548 ποιεῖν,
3567 4481 3643 4546 ὡς
3667 4482 3740 4535 ἂν

492 4570 861 4639 possessionis
891 4571 1014 4626 loco
1050 4571 1226 4626 solum
1258 4571 1429 4626 Deum
1462 4571 1748 4643 (privatim
1776 4589 1839 4629 ac
1867 4577 2060 4644 praeci-

492 4661 629 4733 pue)
681 4661 972 4726 haberent,
1028 4677 1266 4733 eumque
1310 4664 1379 4720 de
1427 4666 1662 4722 terrenis
1714 4668 1878 4722 rebus
1919 4666 2059 4723 nihil

491 4753 783 4824 (jsulliciti)
839 4754 983 4824 apud
1015 4769 1075 4809 se
1124 4767 1387 4828 perpetuo
1418 4760 1777 4816 custodirent.
1813 4760 1970 4827 Quod
2010 4763 2057 4819 si

491 4844 744 4899 nonnulli
773 4846 915 4916 apud
950 4860 1068 4914 vos,
1097 4853 1192 4900 aut
1219 4848 1380 4903 etiam
1405 4853 1783 4921 unusquisque
1815 4859 2055 4908 vestrum

491 4947 743 4993 neutram
790 4938 843 4994 iu
892 4950 1098 5008 partem
1140 4944 1467 5013 propendat,
1500 4960 1612 4999 non
1654 4944 1864 5001 ideirco
1896 4945 2057 5001 debet

565 5163 679 5240 (ξιξ)
712 5164 846 5240 Male
872 5166 925 5240 in
956 5164 1220 5240 V_aticano
1246 5166 1455 5240 codice,
1491 5170 1784 5240 ἡμετέρας.

564 5234 675 5312 (55)
705 5235 812 5290 Kal
832 5234 945 5312 τὴν
981 5238 1145 5312 quer.
1174 5264 1243 5277 --
1263 5238 1361 5291 διὰ
1384 5234 1626 5312 τςίχρξις.
1663 5234 1803 5312 ﬂed.
1833 5241 1926 5312 atat
1951 5241 2044 5312 τὴι

491 5305 766 5395 ὀμεξέραν
815 5305 950 5375 πρὸς
997 5305 1126 5359 Θεὸν
1157 5305 1673 5379 συμπαραλαϐόντες
1710 5311 1797 5364 διὰ
1855 5305 2053 5381 τάχούς

697 5443 911 5517 fasc.
947 5443 1243 5517 Metitlegit
1269 5460 1394 5500 cum
1428 5446 1553 5501 Vat.
1584 5449 1750 5517 ἡμᾶς.
1808 5447 1874 5502 Ει
1903 5464 2049 5511 mox,

490 5513 610 5589 κατ’
627 5513 789 5589 exigo
811 5513 1226 5589 egerim—Lego
1244 5517 1407 5589 ὑμᾶς,
1438 5534 1602 5572 sensu
1622 5513 1693 5572 ita
1710 5518 2044 5589 postulante.

491 5582 998 5657 licetuinj’atic'ano
1028 5582 1217 5657 codice
1239 5588 1312 5641 sit
1344 5588 1509 5657 ἡμᾶς.

563 5652 676 5727 (ἒξ)
710 5652 961 5727 Fortasse
978 5656 1283 5727 legendum,
1320 5652 1487 5711 εἶ’τοῦ
1517 5657 1728 5727 ὀχετοῦ.

707 5719 1058 5805 ᾄζξχετεύςι-ιῖ
1086 5726 1227 5805 ﬁed.
1263 5719 1561 5805 ὀχετηγεῖνιξ

562 5790 674 5860 (57)
699 5790 924 5859 eum.
954 5795 1027 5847 ltl.
1084 5796 1269 5863 ὄψεται
1296 5790 1325 5829 τ
1348 5790 1591 5867 ρι’ρουῐο
1622 5804 1745 5866 post
1776 5796 2044 5852 λευιτικόν

2165 4576 2356 4647 μερίδα
2408 4576 2654 4647 κτήσεως
2702 4573 2822 4628 καθ’
2856 4574 3067 4647 [ἑαυτὸν
3099 4573 3248 4646 (58)]
3280 4575 3369 4628 τὸν
3406 4574 3538 4628 Θεὸν
3574 4575 3741 4644 μόνον

2161 4668 2295 4739 ἔχοι,
2338 4669 2434 4723 καὶ
2485 4668 2642 4723 τοῦτο
2697 4669 2949 4739 περιέποι
2993 4669 3080 4722 διὰ
3125 4669 3323 4733 παντὸς
3370 4669 3430 4722 ὲν
3458 4667 3638 4737 ἑαυτῷ
3672 4668 3743 4721 τὸ

2160 4765 2364 4834 κτῆμα,
2395 4762 2532 4834 πρὸς
2582 4762 2736 4817 οὐδὲν
2790 4763 2988 4826 ὑλῶδες
3014 4762 3360 4836 [ἀποϐλέπων
3392 4759 3505 4830 ('59)
3605 4762 3654 4812 εί
3676 4761 3739 4813 δέ

2159 4859 2302 4922 τινές
2331 4859 2487 4925 εἰσιν,
2518 4859 2550 4930 ἢ
2575 4858 2669 4912 καὶ
2688 4858 2852 4928 ἐσμὲν
2874 4857 3174 4926 ἀδιάφοροι,
3207 4854 3396 4925 μηδεὶς
3425 4854 3562 4924 πρὸς
3577 4853 3745 4927 τοῦτο

2164 4949 2372 5020 βλέπων
2401 4952 2494 5004 ἐπὶ
2530 4949 2707 5008 τῶν...
2756 4948 2973 5003 πτέσθω
3004 4949 3134 5020 (40).
3172 4948 3246 5000 Οὐ
3279 4948 3388 5017 γὰρ
3424 4946 3587 5015 νόμος
3617 4945 3743 4996 ἐστὶ

2159 5188 2254 5229 oro
2281 5173 2530 5228 παλαιόν.

2226 5243 2336 5313 (38)
2363 5245 2511 5298 Ka0'
2540 5243 2777 5313 ἑαυτόν.
2812 5240 3093 5306 1ι].καθὼς
3141 5241 3467 5311 γέγραπται.
3509 5237 3575 5292 Et
3610 5256 3739 5295 mox

2163 5312 2223 5366 τὸ
2242 5312 2443 5383 κτῆμα
2470 5312 2669 5383 ἑαυτῷ.

2226 5370 2779 5451 (39)”⁹Αποϐ.1ἐ’πων.
2825 5382 2965 5435 Med.
2998 5380 3258 5451 τῇνψυχῇ
3303 5378 3739 5451 Ακαθε-λκόμενος.

2226 5448 2335 5522 (40)
2466 5453 2722 5519 πτέσθω.
2758 5451 2833 5506 Id.
2872 5453 3017 5505 ἰδίων
3039 5448 3401 5522 ’βλαπτέσθωτμ
3435 5448 3559 5503 Mox
3582 5465 3739 5522 vero,

2153 5518 2331 5584 ἄλλοις
2370 5537 2467 5590 pro
2495 5522 2693 5584 καλῶς.
2734 5522 2800 5576 Ει
2828 5524 2991 5592 paulo
3022 5518 3165 5592 post,
3203 5521 3350 5592 ὅπως
3376 5518 3442 5571 ἂν
3476 5520 3636 5592 *πρὸς
3673 5522 3741 5573 re

2154 5589 2398 5666 κρεῖττον
2426 5593 2641 5666 γένοιτοΔ
2665 5593 2698 5661 ή
2716 5592 2815 5662 τῆς
2831 5589 3141 5666 ’ἐκκλησίας
3164 5590 3402 5666 ἐπίδοσις
3430 5590 3537 5641 τῶν
3557 5589 3732 5666 διεσκθ

2157 5659 2494 5730 —'-—Fortasse'
2518 5662 2607 5715 hic
2630 5659 2914 5727 legendum
2951 5659 3426 5730 supplendumque
3473 5667 3559 5711 est
3593 5659 3733 5726 πρὸς

2077 5763 2105 5786 ο
2157 5730 2305 5783 τοῦτο
2340 5729 2551 5799 βλέπων
2572 5730 2679 5783 τῶν
2725 5731 2797 5801 μὴ
2834 5728 3383 5801 δεόντωνίὰπτέσθωῤ
3443 5729 3549 5782 nisi
3578 5732 3736 5801 quis

2157 5797 2446 5866 malint-nl
2462 5801 2529 5853 τὰ
2557 5802 2630 5866 μὴ
2666 5797 2853 5855 δέοντα
2873 5800 3227 5867 καμπτέσθω.
3287 5800 3367 5853 vel
3420 5797 3736 5855 κυπτέσθω.
