4002 6206
316 312 448 371 1061
1438 319 1822 383 Εριδτοιιιε.
1864 356 1882 369 -

1989 323 2186 383 EPIST.
2230 324 2397 384 XVII.
3438 347 3576 403 1069,
3624 281 3629 286 ‘

308 439 421 500 τοῖς
444 435 639 529 ἁπλοῖς
667 438 804 510 πρὸς
831 439 895 494 τό
926 441 1002 515 μὴ
1032 441 1100 497 τὰ
1143 444 1327 501 δέοντα
1358 447 1646 519 πράσσειν,
1674 451 1737 505 τὸ
1761 451 1882 523 παρ¹

1994 450 2197 521 aliquis
2223 451 2291 509 ad
2332 450 2544 524 agenda
2571 466 2635 510 ea
2664 469 2788 526 qua:
2831 472 2945 514 non
2976 457 3157 529 decet,
3198 463 3442 521 animum
3473 469 3574 523 ad-

310 531 524 630 έτέροις
567 528 793 630 [καλῶς]
819 536 1126 607 γινόμενον·
1158 538 1271 593 ἀλλ’
1298 540 1442 611 ὑμᾶς
1468 542 1573 614 χρὴ
1603 542 1672 596 τὰ
1688 544 1882 598 ἑαυτῶι

1991 543 2188 614 jieere.
2222 542 2411 615 Neque
2433 544 2580 601 enim
2607 548 2751 617 quod
2778 549 2920 618 apud
2950 552 3091 609 alios
3126 554 3337 628 (recte)
3370 558 3572 630 agitur,

310 621 553 690 βλέπειν,
580 624 729 689 ὅπως
754 624 822 680 ἂν
843 626 905 681 τὺ
923 631 1167 701 κρεῖττον
1190 632 1400 701 γένοιτο
1422 635 1457 703 ἡ
1491 632 1717 705 [σπουδὴ
1733 633 1892 705 (“)1,

306 715 421 771 τῶν
455 715 962 789 διεσκορπισμένων
1006 721 1169 777 πάλιν
1200 726 1282 788 εἰς
1313 724 1411 795 τὴν
1441 724 1535 779 τοῦ
1568 727 1684 791 ἑνὸς
1711 714 1896 798 σῶμα·

304 821 399 868 τος
421 806 689 881 ἁρμονίαν
713 809 1140 877 ἐπανελθόντων,
1167 814 1260 868 καὶ
1289 815 1390 885 τῆς
1415 817 1791 888 πνευματικῆς
1815 818 1894 871 εί-

309 896 484 966 ρήνης
518 896 649 970 ίύπὸ
678 899 788 953 τῶν
814 900 971 975 (42)]
1000 902 1240 969 εὐσεϐῶς
1284 907 1375 960 τὸν
1409 908 1542 964 Θεὸν
1566 908 1893 973 ὼξαςὸντων

304 986 730 1061 εὐθηνουμένης.
766 991 911 1066 Πρὸς
965 993 1123 1049 τοῦτο
1168 995 1353 1062 καλῶς
1382 997 1500 1068 ἔχει
1546 998 1682 1071 (45),
1716 995 1889 1071 οἶμαι,

306 1080 534 1134 σκοπεῖν
576 1079 647 1134 τὰ
685 1081 825 1139 καλᾶ
850 1086 916 1155 τῇ
945 1082 1189 1158 impiam,
1219 1086 1318 1160 ὼς]
1346 1087 1413 1142 ἂν
1440 1090 1470 1143 ό
1506 1089 1894 1162 ἀναδεικνύμε-

302 1185 395 1232 νος
427 1170 509 1234 είς
540 1173 874 1243 προστασίαν
927 1176 1246 1248 δπιτηδείως
1287 1179 1400 1251 ἔχοι
1426 1196 1441 1211 ·
1471 1180 1629 1251 γένος
1674 1183 1752 1249 δὲ,
1795 1187 1891 1238 καὶ

302 1258 559 1324 πλοῦτον,
608 1262 702 1315 καὶ
746 1265 1044 1338 κοσμικ[ὴν
1086 1270 1440 1338 περιφάνειαν
1467 1272 1627 1345 (44)]
1665 1275 1726 1327 ἐν
1776 1278 1889 1340 τοῖς

302 1350 682 1417 ἑπισκοπικοῖς
716 1355 1130 1426 κατορθώμασιν
1151 1360 1180 1411 6
1204 1360 1557 1426 ἀποστολικδς
1576 1365 1680 1417 οὐκ
1699 1366 1889 1435 ἐνομο-

304 1442 505 1514 θέτησε
528 1445 718 1514 λόγος·
750 1447 865 1500 ἀλλ’
898 1449 947 1501 εί
980 1447 1112 1521 [πᾶν
1137 1450 1317 1525 τοῦτο]
1359 1454 1662 1526 αὐτόματον
1704 1456 1888 1511 ἕποιτο

298 1537 417 1599 τοῖς
445 1537 901 1608 προηγουμένοις,
950 1539 1027 1604 ὡς
1060 1541 1219 1597 σκιὰν
1267 1542 1408 1598 κατὰ
1429 1544 1489 1599 τὸ
1520 1547 1735 1618 συμϐὰν
1760 1549 1887 1603 dxe-

301 1625 618 1693 λωοοῦσαν,
650 1629 750 1682 οὐκ
782 1629 1176 1702 ἀποϐάλλομεν,
1206 1633 1345 1705 [ἀλλ’
1373 1636 1526 1690 ουδὲν
1558 1638 1696 1711 (45)]
1724 1635 1885 1713 ἦττον

298 1717 662 1788 ἀγαπήσομεν
694 1717 762 1772 τὰ
786 1722 1176 1793 προτιμότερα,
1208 1724 1311 1779 κᾶν
1342 1726 1511 1796 χωρὶς
1534 1727 1693 1802 τύχῃ.
1719 1732 1885 1786 Δίπό-

1997 635 2050 690 id
2079 636 2479 706 simpliciorum
2514 639 2727 695 animos
2754 641 2820 694 ad
2848 657 2937 698 res
2959 645 3101 701 male
3124 651 3393 718 gerendas
3413 652 3573 709 debet

1995 725 2285 792 inducere,
2322 728 2417 782 sed
2447 736 2668 798 oportet
2694 743 2756 784 ea
2788 739 3000 786 tantum
3055 751 3177 806 quae
3210 740 3278 794 ad
3314 756 3412 797 vos
3448 759 3575 813 per-

1994 818 2192 879 tinent,
2226 819 2530 884 attendere,
2583 829 2642 873 ut
2672 820 2996 892 (conatibus
3029 829 3256 901 vestris)
3288 834 3569 889 meliorem

1992 904 2202 959 exitum
2242 907 2624 974 sortientibus,
2676 909 2731 963 id
2779 913 2998 968 tandem
3026 923 3468 988 conscquamini,
3510 934 3571 978 ut

1991 995 2085 1065 qui
2119 996 2188 1050 ab
2220 994 2468 1051 Ecclesia
2522 1009 2896 1069 secesserunt,
2947 1006 3145 1061 iterum
3178 1010 3247 1064 ad
3292 1011 3412 1081 ejus
3449 1014 3571 1068 uni-

1990 1091 2156 1138 tatem
2183 1095 2534 1141 revertantur
2556 1127 2573 1151 ,
2608 1097 2663 1146 ct
2694 1093 3002 1161 spiritualis
3035 1111 3134 1166 pax
3173 1101 3304 1169 (ab)
3336 1101 3441 1166 bis,
3476 1104 3569 1173 qui

1990 1176 2080 1244 pie
2098 1174 2266 1229 Deum
2297 1178 2627 1247 gloriﬁcant,
2659 1181 3023 1240 instauretur.
3046 1190 3309 1246 Praeterea
3338 1193 3568 1247 nmltum

1987 1266 2246 1335 expedire
2286 1269 2546 1336 arbitror,
2601 1280 2660 1326 ut
2695 1274 2781 1342 (in
2811 1277 3056 1347 episcopi
3088 1281 3387 1353 electione)
3423 1283 3571 1352 quod

1984 1357 2218 1426 justum,
2290 1370 2615 1431 rectumque
2676 1374 2781 1430 est,
2840 1381 2955 1435 pra:
3019 1372 3197 1426 oculis
3259 1372 3568 1441 habeatur,

1987 1455 2048 1501 ut
2090 1463 2285 1520 nempe
2329 1449 2561 1525 idoneus
2617 1452 2685 1506 ad
2729 1469 2849 1511 eam
2890 1456 3211 1527 dignitatem
3248 1477 3569 1530 promoves-

1987 1547 2117 1605 tur;
2173 1556 2350 1611 genus
2397 1553 2577 1598 autem
2609 1546 2846 1614 clarum,
2889 1548 3136 1617 divitias,
3192 1563 3247 1610 et
3276 1557 3568 1612 mundana

1987 1632 2324 1701 (nobilitatis
2370 1636 2751 1710 splendorem)
2812 1643 3056 1714 episcopi
3113 1645 3566 1704 dotibus‘annu-

1986 1723 2246 1777 meranda
2314 1740 2439 1781 esse
2522 1743 2804 1799 nunquam
2887 1734 3193 1800 apostolica
3275 1738 3565 1795 sanctione

301 1806 395 1869 λος
416 1802 484 1877 ἦν
499 1810 528 1861 6
552 1809 834 1880 προφήτης
866 1808 1104 1885 [Ἀμὼς]
1126 1850 1141 1877 ,
1171 1812 1352 1878 ἁλιεὺς
1370 1817 1399 1869 ὁ
1423 1798 1768 1888 Πέτροςξγκαὶ
1787 1821 1882 1892 τῆς

1994 1821 2259 1868 statutum
2291 1814 2439 1883 fuit;
2491 1817 2584 1872 sed
2623 1798 2671 1874 si
2712 1819 2869 1889 (haec
2906 1798 3131 1891 omnia)
3171 1824 3316 1879 ultro
3351 1835 3405 1881 et
3451 1842 3562 1883 non

299 1898 475 1969 αὐτῆς
525 1898 714 1970 τέχνης
753 1901 781 1953 ὅ
820 1918 878 1954 τε
923 1901 1111 1955 τούτου
1156 1904 1381 1975 ἀδελφὸς
1423 1907 1696 1980 Ἀνδρέας,
1732 1914 1887 1967 καὶὸ

301 1988 508 2061 ὑψηλὸς
547 1988 810 2060 Ἰωάννης,
838 1991 1215 2062 σκηνορῤἀφος
1247 1996 1275 2048 6
1295 1994 1526 2059 Παῦλος,
1557 2000 1652 2053 καὶ
1684 2000 1712 2052 6
1734 2002 1887 2054 Mar-

300 2083 454 2144 Οαῖος
485 2081 741 2153 τελώνης,
776 2083 868 2136 καὶ
894 2085 942 2136 οί
978 2082 1126 2137 ἄλλοι
1171 2085 1312 2140 κατά
1361 2088 1453 2141 τὸν
1491 2090 1652 2144 αὑτὸν
1685 2092 1885 2163 τρόπον

298 2174 501 2244 ὁμοίως
531 2175 788 2238 ἅπαντες,
815 2172 933 2245 [οὐχ
950 2173 1168 2247 ὓ]πατοί
1188 2195 1350 2245 τινες,
1383 2180 1473 2233 καὶ
1497 2181 1881 2253 στρατηλάται,

300 2265 397 2319 καὶ
457 2264 711 2336 ὖπαρχοι,
760 2265 793 2338 ἢ
852 2264 996 2320 κατὰ
1059 2267 1377 2339 ῥητορικὴν,
1430 2270 1524 2323 καὶ
1569 2271 1884 2342 φιλοσοφίαν

299 2355 655 2428 περίϐλεπτοι
679 2374 693 2389 ο
757 2356 893 2410 ἀλλὰ
941 2357 1190 2429 πένητες,
1226 2360 1321 2413 καὶ
1383 2360 1607 2427 ἰδιῶται,
1643 2364 1739 2417 καὶ
1775 2364 1884 2418 ἀπὸ

295 2448 410 2500 τῶν
468 2446 867 2519 ταπεινοτέρων
914 2448 1357 2520 ἐπιτηδευμάτων
1400 2451 1742 2523 ὁρμώμενοι·
1788 2456 1883 2509 καὶ

296 2537 450 2609 ὅμως
479 2537 585 2602 Είς
617 2535 822 2594 πᾶσαν
852 2537 968 2607 τὴν
992 2536 1110 2609 γῆν
1146 2538 1406 2609 ἐξῆλθεν
1436 2545 1470 2597 ό
1496 2545 1754 2614 φθόγγος
1784 2547 1883 2600 αὺ-

299 2626 439 2692 τῶν,
469 2626 565 2681 καί
604 2629 693 2694 εις
725 2628 797 2699 τὰ
823 2627 1051 2698 πέρατα
1064 2627 1173 2698 τῆς
1193 2630 1547 2701 οἰκουμένης
1568 2635 1883 2706 τὰρήματα

296 2716 518 2775 αὐτῶν.
548 2719 831 2787 Βλέπετε,
850 2723 1002 2792 φησὶ,
1026 2723 1139 2790 τὴν
1160 2722 1387 2792 κλῆσιν
1408 2725 1590 2795 ὑμῶν,
1608 2728 1880 2799 ἀδελφοὶ,

295 2812 389 2866 ὅτι
416 2813 488 2866 οὐ
515 2815 732 2868 πολλοὶ
770 2815 950 2884 σοφοὶ
988 2816 1137 2872 κατὰ
1179 2817 1397 2888 σάρκα,
1423 2822 1494 2875 οὐ
1524 2823 1742 2878 πολλοὶ
1779 2825 1881 2881 δυ-

295 2905 491 2970 νατοί,
513 2906 585 2960 οὐ
617 2907 836 2962 πολλοὶ
855 2909 1118 2979 εὐγενεῖς
1141 2928 1153 2942 ·
1185 2911 1345 2967 ἀλλὰ
1362 2913 1435 2967 τὰ
1460 2914 1628 2984 μωρὰ
1651 2915 1759 2971 τοῦ
1783 2920 1881 2973 κό-

292 3011 458 3067 σμου
482 2996 802 3063 ἐξελέξατο
827 3002 861 3054 ὀ
885 2998 1047 3066 Θεός.
1074 3001 1232 3066 Ἴσως
1266 3020 1319 3056 τι
1351 3005 1533 3076 μωρὸν
1567 3005 1660 3060 καὶ
1695 3006 1789 3063 νῦν
1821 3009 1880 3063 ὲν

293 3093 412 3154 τοῖς
440 3093 782 3163 φαινομένοις
806 3090 916 3145 τῶν
943 3090 1233 3164 ὀφθαλμῶν
1260 3093 1370 3148 τῶν
1406 3095 1759 3168 ἀνθρωπίνων
1790 3117 1879 3154 νο-

296 3153 541 3252 μίζεται,
561 3153 687 3238 ὅταν
713 3153 937 3264 ἀσθενὲς
969 3153 1073 3237 υπὸ
1104 3153 1311 3251 πενίας,
1345 3186 1379 3258 ἢ
1406 3153 1590 3254 ἄδοξον
1663 3192 1751 3246 διὰ
1779 3193 1878 3265 τὴν
1907 3153 1950 3211 C

297 3270 615 3343 σωματικὴν
640 3271 975 3342 δυσγένειαν.
1012 3273 1171 3328 Ἀλλὰ
1208 3276 1291 3339 τίς
1331 3271 1491 3343 οἶδεν,
1521 3281 1569 3332 εί
1602 3279 1675 3351 μὴ
1705 3280 1878 3354 τούτῳ

292 3363 360 3416 τὸ
393 3362 560 3430 κέρας
586 3364 687 3436 τῆς
722 3364 954 3436 κρίσεως
980 3364 1130 3438 παρὰ
1155 3367 1253 3438 τῆς
1275 3367 1495 3439 χάριτος
1520 3371 1875 3437 έπικλίνεται,

294 3453 404 3509 κᾶν
433 3453 541 3508 τῶν
568 3454 784 3528 ὑψηλῶν
800 3471 858 3509 τε
887 3456 981 3511 καὶ
1008 3459 1426 3531 ὲμφανεστέρων
1457 3462 1777 3535 μικρότερος
1803 3460 1874 3537 ᾗς

294 3540 365 3592 Τί
388 3541 824 3613 λυσιτελέστερον
854 3538 922 3614 ἦν
958 3547 1023 3618 τῇ
1062 3545 1348 3617 Ῥωμαίων
1380 3548 1529 3602 πόλει
1573 3550 1635 3604 τὸ
1673 3569 1878 3625 καταρ-

295 3632 443 3703 χᾶςς
480 3632 591 3687 τῶν
622 3633 961 3706 εὐπατριδῶν
1005 3654 1126 3690 τινα
1167 3635 1259 3691 καὶ
1314 3638 1632 3712 ὑπερόγκων
1681 3644 1745 3697 ὲκ
1778 3646 1877 3716 τῆς

298 3723 506 3779 ὑπάτου
566 3723 759 3796 βουλῆς
796 3726 1241 3795 εἰς’προστασίαν
1288 3727 1495 3795 λαϐεῖν,
1525 3730 1559 3803 ἢ
1596 3731 1687 3786 τὸν
1722 3733 1876 3788 ἁλιέα

298 3812 530 3886 Πέτρον,
557 3806 605 3883 ᾧ
633 3815 797 3888 μηδὲν
823 3812 891 3888 ἦν
910 3818 974 3870 ὲκ
994 3817 1086 3871 τοῦ
1110 3818 1315 3890 κόσμου
1341 3822 1529 3876 τούτου
1560 3823 1697 3895 πρὸς
1725 3825 1875 3878 εὐδο-

298 3902 421 3972 ξίαν
445 3907 693 3977 ἐφόλκιον
714 3908 823 3980 (66)
847 3926 862 3975 ;
892 3908 988 3973 Τίς
1008 3910 1172 3975 οίκία,
1191 3910 1334 3977 τίνες
1347 3913 1574 3979 οἰκέται,
1600 3916 1725 3970 ποία
1744 3918 1876 3989 κτῆ-

298 4014 385 4063 σις
402 3996 490 4053 διὰ
511 3999 785 4073 προσόδων
798 4000 1006 4073 τρυφὴν
1027 4001 1336 4074 χορηγοῦσα
1353 4020 1372 4065 ;
1402 4005 1540 4058 Ἀλλ’
1555 4007 1584 4057 6
1598 4004 1762 4072 ξένος,
1781 4010 1876 4063 καὶ

272 4089 547 4160 ἰστεγος,
576 4091 671 4145 καὶ
706 4092 1029 4163 ἀτρόιπεζος,
1054 4091 1161 4146 τῶν
1183 4092 1251 4145 τὰ
1270 4094 1444 4147 πάντα
1467 4094 1696 4165 ἐχόντων
1721 4097 1877 4152 πλου-

299 4178 559 4252 σιώτερος
590 4174 679 4252 ἦν,
712 4182 793 4234 ὅτι
833 4180 922 4234 διὰ
948 4179 1041 4234 τοῦ
1074 4181 1238 4252 μηδὲν
1266 4182 1430 4251 ἔχειν,
1460 4183 1550 4237 τὸν
1578 4184 1709 4239 Θεὸν
1730 4184 1875 4258 εἶχεν

297 4271 438 4327 ὅλον.
496 4271 652 4326 Οὕτω
698 4273 789 4326 καὶ
838 4273 887 4326 oi
939 4274 1411 4344 Μεσοποταμῖται,
1473 4274 1875 4348 βαρυπλούτους

297 4360 513 4430 ἔχοντες
539 4363 597 4414 ὲν
649 4362 861 4425 ἑαυτοῖς
902 4363 1256 4433 σατραπείας,
1293 4363 1509 4418 πάντων
1552 4368 1874 4439 ἐδοκίμασαν

293 4451 390 4505 τὸν
417 4451 616 4523 Θωμᾶν
646 4454 724 4515 είς
753 4452 1074 4507 ἐπιστασίαν
1097 4453 1305 4507 ἑαυτῶν
1329 4456 1719 4529 προτιμότερον
1738 4460 1871 4529 (47),

298 4544 396 4597 καὶ
446 4544 603 4597 Τῖτον
664 4547 911 4616 Κρῆτες,
962 4545 1055 4598 καὶ
1111 4545 1533 4618 Ἱεροσολυμῖται
1596 4552 1871 4619 Ἰάκωϐον,

297 4635 395 4688 καὶ
427 4636 587 4707 ἡμεῖς
603 4636 653 4688 οί
676 4636 1041 4689 Καππαδόκαι
1065 4635 1157 4689 τὸν
1196 4636 1765 4712 Ἐκατόνταρχονίίὸλ
1789 4643 1878 4696 τὸν

368 4776 390 4807 ⁷
416 4766 740 4842 Ρςειζιτιιι,
777 4776 831 4832 5.
908 4774 930 4808 ³
958 4774 975 4829 l
993 4775 1120 4831 Cor.
1148 4792 1186 4841 ι,
1217 4775 1308 4833 26.

372 4933 486 5006 (ιι)
526 4932 658 4988 Vide
677 4932 961 5013 an_melius
983 4932 1075 4999 sit,
1169 4934 1536 5056 πραγματεία.

375 5003 678 5056 (Δὲὶνΐπὸ
700 5020 836 5056 των.
870 5003 945 5056 Id.
982 5007 1039 5056 ἐν
1063 5022 1140 5056 τω
1171 5022 1213 5056 π
1246 5005 1364 5056 seu
1390 5021 1520 5056 των.

375 5001 515 5073 (69)]
531 5003 678 5074 'Txt)
700 5001 836 5074 τῶν.
870 5003 963 5074 Id.
982 5007 1039 5058 ἐν
1063 5001 1140 5074 τῷ
1160 5001 1364 5074 πλήθει
1390 5005 1520 5057 τῶν.

373 5072 699 5145 (ΑδΜαλὼς
734 5073 880 5142 ἔχει.
912 5072 990 5145 id.
1026 5072 1388 5145 amittitgéxstv.
1447 5076 1514 5145 Et
1565 5089 1712 5145 mox,
1742 5090 1870 5127 σκο-

294 5143 426 5199 πεῖν
455 5145 523 5199 τὰ
554 5144 694 5197 καλὰ
716 5147 784 5215 τῇ
813 5143 1077 5215 ἐκκλησία
1109 5143 1614 5215 βουλόμτνονβπως
1630 5144 1717 5197 ἄν.

373 5216 492 5285 (μ)
536 5217 726 5284 Κοσμ.
754 5212 1061 5285 περιφίίιίζ
1106 5212 1375 5285 κοσμικὴν
1412 5213 1882 5285 περιφάνειανδζη-

298 5282 435 5340 τείν.
457 5282 624 5355 Paulo
662 5282 786 5353 post
810 5300 907 5353 pro
938 5284 1048 5337 πᾶν
1076 5282 1234 5337 τοῦτο
1266 5282 1339 5337 id.
1368 5282 1497 5339 cod.
1537 5284 1636 5355 μέν
1670 5302 1726 5338 τι
1756 5282 1882 5338 τοῦ-

297 5371 415 5410 των
444 5353 586 5408 κατὰ
607 5355 685 5406 τό.

376 5426 490 5500 με)
539 5424 703 5500 ’με
735 5422 935 5477 οὐδέν.
990 5420 1065 5477 Id.
1100 5422 1151 5476 ει
1195 5422 1252 5476 δὲ
1313 5427 1388 5500 μὴ
1436 5419 1603 5477 οὐδέν.
1641 5422 1878 5489 Ειηιοι,

301 5493 475 5570 χωρὶς
498 5493 723 5570 τούτων.

398 5561 485 5634 ιϐ)
526 5561 782 5619 Fortasse
809 5561 1121 5632 legendum.
1146 5561 1386 5634 ἐφόδιονο
1410 5561 1503 5616 sed
1531 5570 1586 5617 et
1608 5563 1714 5617 dici
1747 5577 1874 5633 pos-

305 5632 390 5690 set
416 5632 727 5707 Nyssenunt
743 5634 931 5687 ludere
955 5634 1010 5686 in
1031 5648 1186 5695 voce,
1212 5632 1479 5707 ἐφόλκιον,
1508 5650 1630 5707 quae
1649 5637 1873 5707 navicu-

304 5709 434 5769 lam,
463 5703 561 5761 seu
590 5703 839 5773 cymbam
872 5708 1091 5773 proprio
1114 5706 1409 5773 signiﬁcat,
1449 5706 1606 5770 quasi
1640 5704 1869 5766 diceret,

306 5719 434 5769 Iam,
463 5720 561 5761 seu
590 5719 839 5826 cpmuam
872 5719 1091 5773 proprio
1114 5719 1409 5773 srgmncat,
1449 5719 1606 5770 quasi
1640 5719 1869 5766 ulceret,

306 5774 529 5832 Petrum
569 5773 624 5828 ni
685 5789 750 5828 ex
794 5777 1028 5831 terrenis
1068 5775 1228 5828 rebus
1262 5773 1604 5843 possedisse,
1636 5775 1869 5844 quibus,

1994 1904 2223 1973 quaesita
2302 1906 2358 1960 in
2421 1907 2682 1979 episcopo
2756 1911 3143 1980 reperiantur,
3203 1930 3267 1969 ea
3330 1918 3561 1987 utique,

1993 1996 2142 2050 velut
2193 1996 2448 2051 umbram
2493 2014 2625 2053 casu
2661 2008 2717 2054 et
2758 1999 2987 2056 fortuito
3027 2005 3418 2071 comitantem,
3451 2024 3563 2064 non

1992 2086 2308 2154 rejieimus;
2335 2088 2409 2153 (at
2443 2089 2637 2158 nihilo)
2661 2090 2845 2145 minus
2866 2105 2986 2160 qum
3008 2096 3391 2161 praestantiora
3413 2097 3564 2154 hisce

1993 2178 2157 2233 rebus
2188 2190 2336 2242 sunt,
2370 2180 2538 2233 animi
2572 2180 2786 2235 scilicet
2818 2181 3010 2245 dotes,
3045 2186 3243 2252 majori
3284 2186 3338 2240 in
3387 2191 3564 2258 pretio

1990 2269 2339 2335 habebimus,
2364 2272 2585 2325 tametsi
2608 2272 2717 2328 illis
2741 2274 3000 2329 omnibus
3024 2277 3326 2330 caruerint.
3359 2278 3564 2349 Capra-

1991 2361 2107 2414 rius
2138 2368 2256 2415 erat
2284 2360 2497 2430 (Amos)
2529 2362 2795 2430 propheta
2817 2401 2834 2425 ,
2865 2356 3109 2432 piscator
3143 2363 3338 2422 Petrus
3358 2406 3374 2430 ,
3405 2384 3559 2423 eam-

1989 2454 2220 2524 demque
2269 2463 2442 2509 artem
2476 2454 2642 2523 hujus
2682 2452 2853 2509 frater
2893 2454 3143 2511 Andreas
3204 2462 3260 2510 et
3308 2456 3560 2514 sublimis

1986 2544 2229 2602 Joannes
2270 2546 2584 2610 exercebat,
2628 2545 3047 2602 scenofactorize
3085 2544 3292 2601 Paulus
3334 2561 3558 2618 operam

1988 2637 2170 2701 dabat,
2194 2636 2522 2707 publicanus
2541 2644 2661 2692 erat
2684 2636 2971 2692 Matthaeus
2996 2676 3011 2702 ,
3036 2637 3329 2708 czeterique
3367 2654 3560 2695 omnes

1987 2726 2246 2796 discipuli
2274 2725 2547 2791 similiter,
2579 2725 2738 2795 (non)
2766 2726 3044 2793 consules,
3078 2741 3185 2781 non
3214 2728 3557 2784 exercituum

1988 2817 2243 2873 ductores
2270 2826 2467 2882 erant,
2498 2833 2608 2872 non
2648 2817 2887 2887 praefecti
2924 2820 3210 2887 praetorio.
3246 2834 3347 2875 nec
3378 2820 3562 2875 rheto-

1986 2908 2121 2964 ricis
2158 2915 2213 2963 ct
2255 2909 2653 2979 philosOphicls
2682 2894 2933 2964 scientiis
2966 2911 3274 2980 conspicui,
3301 2910 3395 2965 sed
3423 2925 3558 2980 pau—

1988 3014 2147 3071 percs
2182 3000 2367 3055 idiotze
2391 3039 2407 3065 ,
2441 3010 2496 3054 et
2526 3014 2556 3055 e
2594 3000 2886 3053 vilioribus
2928 2999 3143 3054 artibus
3184 3001 3473 3065 accersiti;
3504 3010 3561 3055 et

1986 3099 2169 3146 tamen
2200 3090 2264 3145 In
2300 3107 2505 3146 onmem
2537 3100 2732 3145 terram
2765 3092 2925 3145 exivit
2956 3108 3116 3145 sonus
3151 3108 3333 3147 eorum
3359 3132 3371 3154 ,
3405 3101 3456 3146 et
3504 3094 3558 3147 in

1985 3182 2116 3251 fines
2146 3182 2289 3237 orbis
2322 3193 2476 3237 terra:
2507 3181 2661 3237 verba
2686 3198 2870 3236 eorum
2898 3184 2940 3237 ⁷.
2987 3182 3183 3243 Videte,
3216 3186 3291 3236 ait
3324 3184 3560 3252 Aposto-

1987 3274 2094 3337 lus,
2117 3276 2441 3331 vocationem
2467 3284 2716 3338 vestram,
2747 3275 2967 3344 fratres,
2992 3278 3118 3345 quia
3150 3290 3253 3328 non
3284 3275 3438 3328 multi
3462 3291 3559 3328 stt-

1985 3363 2182 3431 pientes
2230 3363 2517 3418 secundum
2549 3378 2793 3429 carnem,
2826 3379 2931 3417 non
2962 3362 3118 3416 multi
3146 3371 3382 3431 potentes
3404 3401 3418 3424 ,
3454 3379 3557 3417 non

1986 3454 2142 3508 multi
2158 3454 2355 3507 nobiles
2370 3470 2389 3518 ;
2404 3452 2494 3506 sed
2516 3468 2631 3522 qua:
2651 3453 2818 3507 stulta
2838 3462 2960 3507 sunt
2983 3454 3166 3506 mundi
3180 3452 3332 3523 elegit
3358 3453 3495 3508 Deus
3512 3457 3553 3508 ".

1984 3542 2237 3598 Fortasse
2272 3556 2418 3597 nunc
2445 3542 2611 3597 etiam
2652 3542 2881 3598 stultum
2911 3542 3045 3611 quid
3093 3542 3348 3597 humanis
3381 3542 3559 3598 oculis

1984 3637 2073 3691 ille
2104 3633 2343 3697 videtur,
2370 3634 2464 3705 qui
2494 3641 2719 3704 propter
2750 3640 3129 3703 paupertatem
3163 3632 3439 3696 inﬁrmus,
3469 3635 3555 3688 vel

1984 3737 2204 3800 propter
2226 3728 2494 3797 corporis,
2516 3740 2625 3780 non
2648 3739 2779 3779 vero
2816 3724 2983 3778 animi
3013 3723 3414 3794 ignobilitatem
3457 3724 3559 3779 ob-

1985 3833 2186 3873 scurus
2235 3825 2487 3888 apparet.
2535 3815 2639 3871 Sed
2663 3817 2789 3886 quis
2827 3816 2956 3879 scit,
2998 3829 3066 3869 an
3099 3830 3265 3887 super
3288 3815 3556 3885 ejusmodi

1982 3909 2290 3973 hominem,
2343 3907 2565 3963 tametsi
2642 3906 2972 3962 sublimibus
3032 3914 3198 3976 atque
3249 3906 3557 3962 illustribus

1981 4004 2116 4059 viris
2137 4003 2297 4073 longe
2318 4000 2659 4065 inferiorem,
2680 4000 2864 4056 divina
2886 4001 3064 4072 gratia
3083 4002 3361 4057 unctionis
3381 4016 3554 4057 cornu

1983 4093 2246 4149 inclinet?
2274 4091 2544 4159 Quidnam
2568 4092 2686 4146 urbi
2726 4091 2913 4148 Romae
2942 4093 3186 4163 antiquis
3217 4092 3556 4162 temporibus

1988 4185 2163 4257 magis
2194 4182 2566 4247 conducebat,
2591 4182 2905 4236 nobilenme
2954 4181 3190 4249 aliquem
3216 4189 3381 4249 atque
3409 4178 3554 4231 fastu

1984 4286 2285 4341 tumentem
2308 4274 2577 4330 senatorii
2603 4274 2817 4328 ordinis
2841 4273 3018 4327 virum
3039 4272 3093 4326 in
3123 4271 3386 4327 Ecclesiae
3410 4285 3553 4339 pra:-

1982 4368 2224 4438 positum
2270 4365 2554 4436 accipere,
2600 4378 2670 4418 an
2717 4364 2902 4435 potius
2933 4363 3156 4419 Petrum
3187 4363 3550 4433 piscatorem,

1981 4459 2072 4515 cui
2099 4460 2175 4513 nil
2210 4457 2277 4511 ad
2308 4457 2539 4527 gloriam
2564 4472 2632 4511 ex
2664 4455 2961 4511 mundanis
2997 4455 3164 4510 rebus
3197 4454 3556 4525 suppetebat?

1979 4551 2111 4617 Quae
2133 4549 2352 4612 domas,
2370 4548 2464 4620 qui
2496 4547 2709 4611 famuli,
2730 4562 2851 4617 qua:
2881 4547 3261 4618 possessiones
3286 4545 3555 4614 proventi-

1983 4642 2089 4698 bus
2121 4642 2240 4698 suis
2256 4657 2442 4697 rerum
2464 4642 2712 4696 omnium
2745 4639 3077 4696 amucntiam
3106 4636 3553 4711 suppeditantes?

1982 4934 2145 5006 veluti
2189 4934 2434 5006 quadam
2475 4935 2758 5003 navicula,
2801 4934 2869 4989 ad
2916 4933 3208 4990 mundana:
3248 4935 3553 4993 nobilitatis

1978 5004 2617 5075 gloriamiadnavigaret.

2050 5072 2164 5145 (47)
2218 5071 2488 5128 Thomam
2544 5074 2870 5145 Apostolum
2929 5071 3152 5129 Parthis
3198 5073 3551 5145 Evangelium

2018 5144 2316 5216 raedicasse
2356 5145 2567 5216 antiqui
2600 5144 2927 5216 scriptores
2955 5160 3087 5216 Auno
3130 5160 3225 5199 ore
3261 5155 3552 5201 testantur.

2007 5212 2095 5288 loc
2127 5216 2365 5288 amplius
2396 5212 2666 5288 alllrmare
2711 5212 2926 5288 videtur
2952 5212 3270 5288 Nys‘senus,
3292 5216 3553 5288 eunnlem

1979 5284 2215 5353 primum
2252 5283 2664 5352 Mesopotamia
2695 5286 3014 5353 episcopum
3047 5283 3243 5339 fuisse.
3278 5286 3554 5339 (Ia-terum

1979 5362 2266 5424 satrapas.
2292 5364 2345 5409 et
2396 5356 2666 5424 Satrapias
2718 5369 2747 5407 a
2778 5353 2961 5409 Persis
3016 5362 3069 5406 et
3101 5355 3347 5409 linilimis
3377 5355 3551 5422 genti-

1982 5424 2083 5478 bus
2119 5435 2336 5477 vocatas
2368 5424 2540 5495 fuisse
2573 5424 2890 5494 provincias
2939 5440 3244 5495 carumque
3288 5433 3551 5487 rectores,

1983 5500 2179 5547 notum
2210 5504 2292 5549 est
2321 5494 2580 5548 eruditis.

2053 5561 2285 5646 (ὕψει
2340 5566 2446 5619 hoc
2488 5561 2723 5646 Nysseni
2770 5563 2901 5646 loco.
2934 5563 3204 5646 discimus
3245 5560 3554 5646 Longinum

1981 5634 2362 5705 centurionem
2388 5675 2404 5699 ,
2460 5630 2581 5705 qui_
2608 5637 2799 5689 lancea
2842 5632 3050 5705 Christi
3100 5634 3269 5705 latus
3294 5632 3346 5685 in
3380 5630 3559 5687 Cruce

1983 5702 2243 5776 perfodit,
2288 5702 2522 5773 primum
2548 5703 2813 5759 Cursarem
2840 5704 3161 5776 episcopum
3198 5702 3386 5776 fuisse.
3414 5707 3561 5776 bane

1982 5774 2039 5827 in
2076 5770 2320 5827 Romani)
2354 5776 2586 5845 aliisque
2615 5776 2841 5830 vetustis
2875 5770 3294 5845 'Inarti'rologiis
3325 5770 3555 5839 Longini
