4002 6206
273 356 416 420 1085

1387 346 1775 410 EPISTOLIE.
1825 381 1896 394 —-
1944 345 2166 410 EPIST.
2207 350 2369 409 XVII.

3394 354 3533 413 1068

268 481 456 544 στολος
479 476 849 549 ὲγκελεύεται,
885 473 975 529 διὰ
1004 473 1102 545 τῆς
1118 472 1254 544 πρὸς
1279 473 1544 544 Τιμόθεον
1574 472 1860 544 ἐπιστολῆς

1969 473 2159 530 molles
2191 472 2456 538 reddere,
2488 479 2542 530 et
2565 473 2659 545 qui
2715 473 2993 530 rationum
3048 474 3382 542 momentis,
3432 491 3535 533 cett

265 577 406 629 πᾶσι
434 568 739 643 νομοθετῶν
769 569 880 632 τοῖς
935 566 1244 631 ἀκοόουσιν,
1277 567 1336 619 ὲν
1360 560 1442 630 οἷς
1464 582 1597 635 φησι
1629 566 1737 619 δεῖν
1766 566 1857 620 τὸν

266 668 569 722 ἐπίσκοπον
611 660 980 732 ἀνεπίληπτον
1016 655 1173 715 εἶναι.
1210 653 1444 732 Ἀρόὗν
1473 657 1662 711 τούτου
1694 658 1856 730 μόνου

265 756 348 829 τῷ
416 751 724 823 Ἀποστόλῳ
776 749 949 823 μέλε.,
1010 751 1159 815 ὅπως
1191 753 1219 804 ὁ
1251 749 1353 820 τῆς
1390 748 1687 819 ἱερωσύνης
1722 764 1858 821 προ.

265 844 537 918 εστηκὼς,
589 842 832 906 τοιοῦτος
885 841 1008 913 atq;
1057 839 1167 895 Καὶ
1186 840 1239 894 τί
1274 838 1527 895 τοσοῦτον
1564 838 1776 911 κέρδος,
1809 840 1859 891 εἰ

264 940 329 993 ὲν
355 937 438 992 ἐνὶ
469 934 531 990 τδ
559 932 770 1004 ἀγαθὸν
815 931 1225 997 κατακλείοιτος
1275 932 1415 986 Ἀλλ’
1463 927 1623 996 οἶδεν,
1659 932 1743 985 ὅτι
1779 929 1858 1001 τῷ

265 1029 565 1103 προσχόντι
595 1027 706 1099 (57)
741 1022 1162 1097 συμμορφοῦται
1204 1022 1268 1077 τὺ
1302 1023 1636 1095 ὑποχείριον,
1670 1024 1765 1076 καὶ
1788 1021 1858 1076 τά

265 1119 672 1194 κατορθώματα
699 1116 794 1172 τοῦ
820 1115 1257 1187 καθηγουμένου,
1282 1113 1390 1168 τῶν
1412 1115 1695 1186 ἑπομένων
1709 1114 1857 1183 γίνε-

265 1234 379 1272 ται.
422 1217 488 1269 Ὃ
518 1212 629 1285 γάρ
658 1212 807 1265 ἐστιν
829 1211 858 1265 ὁ
886 1206 1229 1273 διδάσκαλος,
1257 1206 1416 1261 τοῦτο
1441 1207 1537 1262 καὶ
1563 1207 1654 1261 τὸν
1685 1206 1859 1279 μαθη-

265 1308 373 1379 τὴν
409 1301 779 1377 ἀπεργάζεται
802 1319 818 1335 ο
862 1300 924 1354 οὐ
971 1299 1081 1371 γὰρ
1125 1298 1241 1353 ἔστι
1279 1299 1370 1352 τὸν
1404 1301 1472 1371 τῇ
1525 1298 1855 1371 χαλκευτικῇ

266 1402 436 1473 τέχνῃ
460 1394 917 1471 μαθητευόμενον,
942 1392 1242 1464 ὑφαντικὴν
1263 1389 1630 1464 ὲξασκῆσαι,ἢ
1657 1393 1859 1463 ἱστουρ-

265 1495 390 1562 γεῖν
422 1488 828 1560 διδασκόμενον,
883 1485 1107 1557 ῥήτορα.
1143 1484 1177 1555 ἢ
1219 1483 1541 1554 γεωμέτρην
1567 1483 1855 1552 γενέσθαι·

266 1582 388 1638 ἀλλ’
415 1582 551 1652 ὅπερ
588 1581 646 1633 ὲν
701 1577 781 1648 τῷ
820 1575 1217 1646 καθηγουμένῳ
1264 1573 1451 1645 βλέπει
1495 1577 1524 1628 ό
1585 1574 1857 1646 μαθητὴς,

266 1669 433 1723 τοῦτο
473 1668 569 1722 καὶ
626 1666 707 1730 είς
755 1664 946 1718 ἑαυτὸν
985 1662 1328 1735 μετατίθησι.
1364 1663 1464 1716 Διά
1490 1662 1647 1717 τοῦτό
1684 1681 1855 1735 φησι·

267 1759 759 1829 Κατηρτισμένος
777 1756 950 1813 ἔσται
965 1754 1085 1822 πᾶς
1096 1754 1391 1826 μαθητὴς,
1415 1754 1496 1822 ὡς
1514 1758 1547 1810 ὁ
1573 1754 1859 1809 διδάσκα-

264 1856 383 1919 λος
402 1850 608 1906 αὐτοῦ.

340 1942 409 1997 Τί
440 1938 554 2008 οὖν,
587 1940 842 2011 ἀδελφοίς
874 1934 985 2012 ἆρα
1011 1936 1238 1994 δυνατὸν
1281 1934 1681 2009 ταπεινόφρονα
1703 1935 1861 2004 γενέ-

267 2035 422 2096 σθαι,
463 2036 557 2089 καὶ
604 2031 1036 2103 κατεσταλμένον
1085 2030 1165 2104 τῷ
1195 2030 1338 2102 ἧθει,
1377 2030 1474 2084 καὶ
1498 2030 1738 2103 μέτριον,
1768 2028 1863 2083 καὶ

271 2124 648 2198 φιλοκερδείας
694 2123 1001 2195 κρείττονα,
1054 2122 1150 2177 κα).
1177 2121 1246 2176 τὰ
1280 2121 1399 2177 θεία
1428 2121 1610 2192 σοφὸν,
1638 2121 1731 2175 κα),
1759 2137 1861 2175 πει

272 2219 632 2290 παιδευμένον
652 2216 750 2288 τὴν
781 2218 839 2270 ὲν
874 2218 989 2278 τοῖς
1024 2215 1248 2287 τρόποις
1272 2215 1474 2286 ἀρετήν
1505 2228 1589 2280 τε,
1620 2214 1716 2268 καὶ
1743 2214 1861 2267 ἑπι-

268 2314 502 2377 είκειαν,
525 2310 703 2367 ταῦτα
727 2310 785 2363 ἑν
814 2309 891 2381 τῷ
916 2306 1219 2377 διδασκάλῳ
1254 2305 1329 2377 μὴ
1378 2305 1640 2377 βλέποντα
1666 2323 1681 2371 ;
1722 2304 1860 2357 Ἀλλ’

268 2406 376 2459 οὐκ
428 2398 547 2458 οἴδα
594 2402 710 2466 πῶς
755 2395 866 2454 οἷόν
893 2417 954 2453 τε
997 2399 1087 2454 τὸν
1122 2396 1402 2468 κοσμικῶς
1431 2395 1859 2468 μαθητευθέντα,

270 2493 645 2566 πνευματικὸν
692 2491 963 2563 γενέσθαι.
994 2490 1119 2555 Πῶς
1151 2489 1261 2562 γὰρ
1292 2490 1359 2544 ἂν
1394 2490 1468 2561 μὴ
1508 2485 1630 2543 κατ’
1654 2490 1862 2542 ἐκεῖνον

270 2585 387 2642 εἷεν
408 2589 458 2642 oi
484 2586 620 2659 πρὸς
652 2586 812 2640 αὐτὸν
850 2582 1224 2655 όμοιούμενοι;
1268 2582 1335 2636 Τί
1378 2580 1570 2653 κέρδος
1604 2580 1723 2634 ἐστὶ
1748 2582 1861 2642 τοῖς

268 2679 470 2751 διψῶσι
525 2679 623 2749 τῆς
666 2676 763 2731 τοῦ
818 2677 1031 2749 ὑδρείου
1084 2674 1508 2748 μεγαλουργίας,
1562 2671 1753 2735 ὕδατος
1801 2671 1861 2724 έν

272 2771 429 2840 αὐτῷ
489 2771 563 2843 μὴ
612 2771 809 2834 δντοςς
846 2767 949 2822 κᾶν
996 2768 1056 2821 ὲν
1086 2767 1352 2830 ποικίλοις
1390 2764 1717 2837 σχήμασινή
1751 2762 1863 2820 τῶν

271 2866 472 2920 κιόνων
505 2864 807 2936 έπάλληλος
841 2864 991 2927 θέσις
1016 2863 1108 2916 ἐπὶ
1128 2861 1220 2917 τοῦ
1249 2860 1417 2931 ὖψους
1436 2859 1615 2930 ἀνέχει
1640 2859 1752 2930 (58)
1770 2857 1861 2912 τὸν

270 2956 534 3018 πέτασον,
566 2954 619 3007 τί
647 2946 849 3026 μᾶλλον
869 2951 935 3006 ἂν
963 2955 992 3007 ό
1012 2952 1180 3022 διψῶν
1200 2952 1373 3005 ἓλοιτο
1396 2950 1533 3022 πρὸς
1548 2949 1643 3021 τὴν
1666 2946 1858 3002 ἑαυτοῦ

269 3049 486 3121 χρείαν;
516 3047 696 3112 λίθους
746 3042 806 3102 εὖ
856 3045 1232 3117 διακειμένους
1265 3044 1512 3116 βλέπειν,
1565 3042 1598 3114 ἦ
1635 3042 1859 3115 κρουνὸν

269 3140 598 3213 εὐρεῖν,κᾶν
646 3140 756 3195 ἀπὸ
804 3139 1014 3205 ξυλίνου
1050 3138 1287 3207 σωλῆνος
1318 3136 1437 3209 ῥέῃ,
1483 3136 1643 3207 μόνον
1669 3134 1860 3197 διειδές

266 3252 335 3291 τε
370 3235 464 3288 καὶ
494 3235 724 3305 πότιμον
754 3232 815 3285 τὸ
840 3233 987 3303 νᾶμα
1016 3231 1352 3301 προχέοντα;
1377 3229 1586 3293 Οὕτως,
1618 3225 1858 3294 ἀδελφοὶ,

267 3328 389 3391 τοῖς
419 3325 553 3397 πρὸς
568 3325 665 3397 τὴν
680 3323 961 3378 εὐσέϐειαν
996 3322 1307 3393 βλέπουσιν,
1340 3321 1641 3391 ἀμελητέον
1675 3319 1741 3373 ἂν
1773 3318 1858 3389 εἴη

266 3418 378 3488 τῆς
403 3417 506 3483 ἔξω
531 3421 756 3489 σκηνῆς,
782 3417 816 3489 ἢ
846 3416 899 3469 sl
921 3432 1004 3479 τις
1029 3415 1177 3485 κομᾷ
1198 3414 1393 3482 φίλοις,
1425 3412 1519 3466 καὶ
1540 3410 1863 3480 καταλόγοις

270 3511 603 3582 ἀξιωμάτων
636 3508 962 3583 ἁϐρύνεται,
1006 3509 1100 3562 καὶ
1138 3506 1337 3570 πολλὰς
1374 3504 1595 3575 ἐτησίοις
1641 3502 1862 3576 [προσό-

267 3602 396 3667 δους
444 3601 759 3673 λαμϐάνων,
788 3602 1054 3670 καυχᾶται
1092 3598 1204 3670 (59)
1226 3596 1244 3668 1
1269 3638 1284 3659 ,
1329 3596 1426 3650 κα).
1457 3594 1591 3667 πρὸς
1616 3593 1677 3647 τὸ
1702 3594 1861 3662 γένος

271 3693 470 3748 ἑαυτοῦ
499 3692 764 3765 [ἀφορῶν,
798 3687 1157 3761 μεγαλύνεται
1193 3685 1353 3759 (60)],
1385 3686 1482 3739 ml.
1526 3684 1862 3755 πανταχόθεν

270 3783 353 3855 τῷ
406 3782 562 3854 τύφῳ
629 3781 1057 3853 περιαυτίζεται,
1117 3777 1360 3832 τοιοῦτον
1411 3778 1530 3848 ὲᾷν,
1568 3774 1644 3838 ὡς
1698 3773 1862 3845 ξηρὸν

275 3872 509 3944 ὑδρεῖον,
559 3871 717 3943 εἴπερ
750 3870 824 3941 μὴ
849 3869 962 3941 ἔχοι
1016 3870 1075 3922 ὲν
1103 3867 1181 3939 τῷ
1211 3866 1311 3938 βίῳ
1337 3865 1406 3919 τὰ
1442 3863 1860 3938 προηγούμενα·

274 3965 567 4033 ἀναζητεῖν
615 3963 693 4027 δὲ,
741 3962 923 4025 καθὼς
981 3960 1047 4015 ἂν
1086 3956 1394 4036 ᾖδυνατὸν,
1434 3957 1514 4028 τῷ
1555 3956 1734 4028 λύχνῳ
1766 3954 1861 4009 τοῦ

272 4057 594 4126 Πνεῦματος
632 4056 768 4128 πρὸς
818 4056 917 4127 τὴν
966 4055 1193 4124 ἔρευναν
1243 4051 1599 4125 κεχρημένοι,
1654 4046 1864 4119 Κῆπος

273 4145 703 4217 κεκλεισμένος
735 4147 869 4217 (61),
900 4146 996 4198 καὶ
1019 4143 1180 4213 πηγὴ
1210 4142 1681 4213 ἐσφραγισμένη,
1718 4140 1864 4197 καθά

274 4254 442 4308 φησιν
468 4239 501 4308 ἡ
538 4238 729 4309 Γραφῇ
748 4281 761 4299 ,
787 4238 875 4292 ἴνα
897 4235 984 4290 διὰ
1021 4235 1121 4305 τῆς
1144 4235 1568 4306 χειροτονίας....
1596 4233 1673 4305 τῷ
1706 4235 1864 4304 κήπῳ

272 4330 487 4401 τρυφῆς
516 4330 647 4398 (62),
683 4330 779 4384 καὶ
806 4327 1283 4399 άναστομωθέντος
1302 4325 1395 4379 τοῦ
1425 4325 1524 4396 τῆς
1541 4325 1723 4396 πηγῆς
1746 4322 1866 4377 ὓδα-

270 4438 386 4483 τος,
419 4420 596 4474 κοινὸν
616 4419 842 4491 γένηται
868 4418 1056 4489 κτῆμα
1072 4418 1171 4489 τῆς
1196 4414 1491 4486 καθολικῆς
1516 4411 1861 4481 Ἐκκλησίας.

1965 563 2289 619 malleorum
2320 564 2521 622 ictibus
2545 606 2561 630 ,
2583 580 3033 638 unumquemque
3076 577 3327 625 nostrum
3358 569 3416 625 in
3440 585 3538 627 vas

1964 658 2251 715 electionis
2274 698 2288 721 ,
2324 667 2379 713 et
2396 656 2629 713 Domino
2655 673 2765 712 non
2790 657 2984 713 inutile
3015 659 3195 716 valeat
3223 659 3536 718 etl'ormare.

1966 747 2144 816 Hujus
2172 748 2248 803 rei
2283 762 2385 803 nos
2407 747 2675 801 rationem
2715 748 2917 804 habere
2950 748 3169 805 divinus
3191 750 3351 820 jubet
3394 750 3541 823 Δροα

1967 841 2146 897 stolus
2169 883 2183 904 ,
2220 840 2348 895 dum
2382 840 2437 894 in
2467 839 2709 910 Epistola
2749 839 2815 894 ad
2854 838 3200 896 Timotheum
3229 842 3298 898 de
3324 842 3541 913 episco-

1966 947 2163 1004 porum
2201 931 2446 989 moribus
2479 931 2695 1003 legem,
2755 930 3015 989 ﬁdelibus
3076 933 3295 990 cunctis
3357 933 3542 991 obsero

1966 1023 2202 1080 vandam
2235 1064 2251 1089 ,
2288 1023 2549 1093 sancivit,
2581 1024 2839 1094 inquiens
2862 1065 2879 1091 ,
2926 1032 3183 1095 oportere
3220 1025 3540 1098 episcopum

1967 1116 2504 1188 irreprehensibilem
2526 1132 2651 1173 esse
2673 1116 2714 1172 '.
2746 1115 3008 1188 Nunquid
3030 1117 3177 1172 enim
3201 1117 3306 1173 hoc
3326 1125 3543 1173 tantum

1967 1219 2128 1265 curat
2151 1210 2491 1280 Apostolus,
2528 1217 2589 1263 ut
2617 1209 2709 1278 qui
2743 1210 3051 1266 sacerdotio
3082 1209 3361 1280 fungitur,
3418 1210 3543 1267 talis

1965 1299 2077 1357 sit?
2103 1298 2328 1371 Ecquod
2358 1315 2618 1371 magnum
2643 1300 2860 1354 lucrum
2893 1309 3041 1356 esset
3061 1340 3076 1364 ,
3119 1300 3166 1357 si
3188 1317 3298 1355 uno
3328 1308 3542 1357 tantum

1966 1394 2191 1450 homine
2250 1394 2495 1465 probitas
2559 1393 2981 1448 contineretur?
3033 1393 3138 1451 Sed
3177 1395 3340 1465 plane
3389 1397 3546 1450 novit

1965 1488 2298 1558 Apostolus,
2356 1487 2775 1557 praepositorum
2810 1488 3058 1543 moribus
3103 1488 3359 1546 subditos
3410 1505 3545 1545 con-

1968 1580 2222 1647 formari,
2246 1589 2306 1638 et
2327 1588 2478 1636 recta
2506 1580 2665 1636 ducis
2700 1579 2844 1637 facta
2870 1620 2884 1645 ,
2924 1581 3144 1635 illorum
3188 1583 3352 1637 etiam
3372 1622 3388 1648 ,
3446 1583 3545 1654 qui

1967 1673 2146 1744 ipsum
2166 1681 2494 1744 sequuntur,
2527 1673 2750 1744 propria
2795 1672 2935 1729 fieri.
2966 1674 3182 1730 Etenim
3220 1675 3405 1745 qualis
3457 1658 3544 1732 est

1967 1765 2268 1835 magister,
2333 1765 2495 1820 talem
2551 1772 2607 1820 et
2648 1764 2976 1835 discipulum
3035 1758 3235 1831 edicit;
3279 1779 3406 1820 nam
3449 1766 3542 1834 qui

1964 1858 2071 1911 arti
2108 1855 2291 1912 fabrili
2318 1871 2543 1929 operam
2579 1864 2779 1921 navat,
2836 1857 2884 1913 is
2933 1865 3115 1913 textor
3167 1857 3283 1913 ﬁeri
3316 1860 3541 1929 nequit,

1964 1947 2108 2003 sicut
2136 1962 2239 2003 nec
2262 1948 2355 2018 qui
2386 1956 2569 2003 texere
2603 1947 2838 2012 didicit,
2897 1947 3118 2014 rhetor,
3156 1949 3239 2004 vel
3266 1960 3543 2020 geometra

1962 2048 2142 2112 potest
2191 2041 2467 2107 evadere;
2523 2039 2618 2095 sed
2672 2041 2820 2111 quod
2875 2040 2933 2095 in
2969 2041 3233 2110 magistro
3285 2036 3546 2098 observat

1963 2132 2308 2203 discipulus,
2364 2130 2421 2188 id
2455 2132 2649 2204 utique
2693 2133 2749 2188 in
2791 2147 2851 2189 se
2886 2131 3195 2189 imitatione
3240 2131 3543 2198 transfert;

1963 2235 2277 2299 propterea,
2309 2226 2492 2297 inquit
2532 2225 2852 2296 Scriptura,
2906 2224 3185 2295 Perfectus
3215 2226 3319 2280 erit
3370 2225 3546 2281 omnis

1962 2316 2277 2384 discipulus,
2297 2314 2744 2385 quemadmodum
2786 2316 3040 2385 magister
3069 2314 3184 2384 ejus
3206 2314 3272 2369 ".

2035 2408 2177 2475 Quid
2209 2409 2398 2480 igitur,
2421 2410 2621 2465 fratres
2644 2408 2667 2462 ?
2687 2406 2948 2477 Nunquid
2972 2405 3218 2469 humilis,
3234 2405 3540 2474 modestus,

1965 2499 2283 2556 moderatus
2304 2539 2319 2561 .
2348 2500 2505 2556 lucro
2532 2514 2642 2554 non
2667 2498 2924 2555 addictus
2957 2538 2973 2564 ,
3002 2498 3430 2570 divinarumque
3456 2515 3546 2557 re-

1964 2607 2087 2646 rum
2122 2593 2352 2662 peritus,
2386 2600 2441 2648 et
2466 2607 2682 2647 morum
2715 2591 3197 2661 probitate,atque
3219 2600 3546 2647 mansuetu-

1964 2681 2096 2738 dine
2148 2684 2411 2753 praaditus
2434 2723 2449 2747 ,
2486 2684 2603 2737 ﬁeri
2639 2682 2838 2753 poterit
2864 2721 2880 2745 ,
2914 2680 3007 2752 qui
3037 2682 3154 2736 haec
3186 2681 3246 2736 in
3277 2682 3544 2753 magistro

1963 2790 2077 2830 non
2103 2772 2489 2844 conspexerit?
2512 2768 2716 2827 Verum
2750 2787 2859 2826 non
2890 2770 3051 2826 video
3080 2811 3094 2832 ,
3131 2771 3408 2842 quomodo
3446 2773 3543 2843 qui

1964 2865 2243 2920 mundana
2272 2873 2487 2918 tantum
2512 2863 2729 2930 didicit,
2751 2863 3063 2932 spiritualis
3088 2861 3324 2920 evadere
3339 2862 3542 2920 valeat.

1964 2956 2253 3022 Quomodo
2297 2956 2445 3011 enim
2496 2955 2731 3026 alicujus
2767 2955 3001 3010 formam
3038 2956 3389 3027 speciemque
3431 2970 3546 3012 non

1969 3050 2253 3117 referant,
2292 3049 2388 3119 qui
2419 3048 2487 3104 ad
2514 3050 2766 3106 eumdem
2798 3063 2924 3104 sese
2961 3049 3348 3118 componunt?
3398 3048 3546 3115 Quid

1917 3195 1929 3212 ,
1966 3143 2195 3213 prodest
2241 3142 2564 3198 sitientibus
2596 3142 2810 3211 aquarii
2841 3140 3248 3211 magnificentia
3273 3180 3290 3205 ,
3321 3144 3369 3197 si
3403 3157 3546 3211 aqua

1968 3248 2201 3288 vacuum
2236 3233 2347 3287 sit?
2375 3232 2648 3298 Quamvis
2682 3233 2832 3287 enim
2877 3232 3247 3289 multiformes
3272 3234 3549 3289 columnas

1961 3325 2235 3380 concinne
2297 3324 2616 3395 dispositae,
2679 3323 2957 3395 fastigium
3032 3324 3329 3380 sustollant
3381 3324 3550 3379 inal-

1964 3423 2099 3476 tmn,
2145 3416 2277 3486 quid
2308 3416 2493 3486 potius
2533 3416 2588 3471 in
2643 3429 2800 3471 usum
2832 3429 2992 3471 Suum
3028 3414 3226 3472 sitiens
3275 3415 3546 3485 eligeret,

1963 3507 2246 3578 lapidesne
2300 3507 2505 3564 aﬂ‘abre
2548 3507 2853 3578 dispositos
2906 3508 3142 3572 intueri,
3206 3508 3292 3563 vel
3339 3507 3563 3563 fontem.

1964 3600 2253 3667 invenire,
2310 3598 2667 3670 quantumvis
2719 3613 2782 3654 ex
2838 3599 3018 3670 ligneo
3071 3598 3248 3654 canali
3304 3598 3545 3666 deﬂuat,

1964 3694 2254 3763 solumque
2319 3692 2662 3763 pellucidos,
2740 3700 2794 3746 et
2867 3691 3019 3761 potui
3090 3699 3276 3762 gratos
3358 3692 3549 3748 latices

1964 3784 2305 3855 profundat?
2357 3786 2480 3852 Ita,
2536 3784 2782 3847 fratres,
2845 3784 2913 3839 iis
2977 3783 3069 3851 qui
3121 3783 3377 3854 pietatem
3436 3800 3550 3856 pra!

1965 3877 2144 3931 oculis
2198 3875 2440 3939 habent,
2504 3875 2657 3930 nulla
2720 3874 2860 3930 ratio
2930 3874 3179 3930 habenda
3239 3883 3386 3932 esset
3447 3892 3548 3933 εχ-

1966 3969 2185 4024 terioris
2234 3970 2473 4039 speciei,
2516 3976 2681 4038 atque
2714 3981 2964 4038 pompae;
3028 3975 3084 4021 et
3147 3966 3191 4021 si
3240 3968 3365 4036 quis
3412 3967 3550 4021 ami-

1966 4075 2156 4115 corum
2212 4074 2441 4115 numero
2522 4058 2786 4122 effertur,
2852 4066 2907 4114 et
2980 4058 3307 4127 dignitatum
3389 4058 3549 4127 capia

1967 4152 2233 4221 superbit,
2270 4160 2324 4206 et
2359 4152 2547 4207 multis
2586 4150 2809 4219 (annuis
2849 4149 3153 4205 redditibus
3189 4148 3400 4212 fruens,
3454 4163 3551 4201 ex.

1965 4243 2236 4311 tollitur),
2278 4249 2332 4297 et
2386 4241 2454 4295 ad
2504 4256 2678 4311 genus
2727 4254 2885 4295 suum
2932 4238 3254 4307 (respiciens
3282 4278 3297 4299 ,
3351 4236 3552 4306 gloria-

1967 4331 2544 4404 tur).etundequaque
2590 4332 2732 4387 fastu
2768 4329 3108 4391 intumescit,
3158 4327 3324 4383 talem
3360 4328 3551 4397 utique

1969 4422 2248 4478 hominem
2280 4422 2511 4477 missum
2556 4419 2738 4475 facere
2782 4426 3021 4490 oportet,
3049 4425 3312 4487 tanquam
3339 4417 3551 4473 siccum

276 4508 516 4581 [Γένοιτο
547 4509 603 4562 δὲ
634 4507 796 4581 (65)],
827 4509 922 4563 καὶ
946 4508 1218 4579 παράσχοι
1257 4506 1286 4558 ὀ
1325 4504 1533 4575 Κύριος
1572 4502 1860 4574 εὑρεθῆναι

1969 4513 2280 4583 aquarium,
2297 4512 2404 4567 nisi
2435 4512 2506 4567 iis
2524 4510 2787 4583 praeditus
2804 4508 2875 4564 sit
2906 4506 3287 4577 moribus,qui
3314 4507 3552 4576 primum

269 4598 360 4653 διὰ
394 4599 593 4669 τάχους
615 4602 673 4652 ὲν
692 4601 821 4671 ὑμῖν
844 4599 1107 4662 τοιοῦτον,
1130 4598 1189 4662 ὃς
1210 4598 1365 4652 ἔσται
1395 4595 1588 4659 σκεῦος
1609 4594 1860 4664 ἐκλογῆς,

1972 4582 2029 4660 in
2060 4615 2211 4661 recta
2240 4606 2367 4660 vitae
2399 4605 2747 4661 institutione
2779 4604 2960 4658 locum
2992 4601 3265 4664 obtinent,
3306 4606 3361 4655 et
3383 4597 3552 4669 spiri-

273 4691 467 4755 στύλος
491 4690 899 4765 [Ἑκκλησίας].
942 4691 1278 4761 Πιστεύομεν
1310 4689 1367 4743 δὲ
1396 4687 1476 4758 τῷ
1506 4686 1716 4758 Κυρίῳ,
1747 4684 1867 4737 ἔσει

273 4782 400 4836 σθαι
429 4784 623 4850 ταῦτα,
657 4784 818 4856 εἴπερ
839 4785 997 4855 ὑμεῖς
1036 4780 1385 4854 βουληθείητε
1410 4778 1498 4832 διὰ
1518 4779 1617 4847 τῆς
1636 4778 1867 4847 ὁμονοη-

270 4876 434 4947 τικῆς
495 4878 739 4951 (χάριτος
794 4879 855 4933 τὸ
900 4876 1041 4951 (64)]
1091 4876 1297 4947 ἀγαθὸν
1348 4870 1656 4945 συμφώνως
1717 4869 1867 4937 ίδεῖν»

343 5088 367 5120 ⁸
406 5086 427 5141 ι
466 5086 608 5143 Tim.
645 5101 743 5155 tu,
771 5088 828 5145 2.
906 5088 949 5121 "
980 5087 1116 5144 Luc.
1151 5103 1226 5153 vr,
1253 5087 1343 5142 40.
1426 5086 1469 5118 ⁸⁸
1513 5083 1682 5143 Cant.
1706 5102 1781 5153 iv,
1804 5086 1894 5141 12.

343 5247 459 5320 (57)
487 5247 842 5320 Προσχόνζς.
869 5243 952 5320 id.
967 5316 977 5320 _
991 5243 1296 5320 προέχοντι.

344 5316 457 5389 (58ξ
507 5316 747 5389 ’Ᾱνέχὲι.
776 5317 917 5373 Med.
955 5316 1146 5389 ἀνέχῃ.

344 5369 462 5463 (εἶθ)
491 5369 1165 5459 ’ἑτηῧῇςξξκαυχ.”ἰὲ1.
1188 5379 1437 5456 ἐτησίους
1468 5381 1854 5456 ἀναριθμεῑται

271 5459 591 5530 προσόδους.
683 5527 706 5530 _
990 5529 995 5530 ί
1075 5524 1094 5530 _
1115 5525 1129 5530 _
1186 5522 1228 5530 Α,
1259 5523 1271 5530 _
1710 5523 1737 5530 _

236 5522 247 5557 ¹
319 5522 461 5600 ’(6υ)
494 5522 772 5600 Ἀςοορῶη
809 5529 1024 5598 μετα-ι.
1073 5524 1154 5581 Id.
1182 5522 1396 5600 βλέπων
1444 5523 1854 5600 περιογκοῦται.

229 5962 239 5974 Ι

345 5595 464 5667 (till
494 5595 879 5673 Κὲκρημένὸι.
897 5595 979 5639 ⁷-
1005 5595 1453 5673 κεκλεισμέιςρς.
1478 5595 1622 5673 _M_ed.
1656 5609 1859 5673 κεχρητ

271 5671 431 5744 μένοι
457 5672 512 5726 εἴ
527 5665 740 5751 ποῦ-τίς
764 5673 882 5724 ἔστι
902 5665 1305 5751 κεκλεισμένος.
1327 5665 1457 5751 .Mox
1472 5665 1557 5751 id:
1584 5666 1861 5751 cati..ptist

299 5736 1288 5887 amantissimas:iter
1316 5736 1658 5812 ἀνοικθείσης
1701 5736 1858 5809 ἡμῶν

604 5907 879 5969 Parnm.
927 5901 1046 5967 Gn.
1093 5901 1320 5968 XLVI.

1454 5858 1494 5882 at

1973 4698 2109 4752 tuali
2131 4698 2354 4753 lucerna
2385 4696 2453 4751 ad
2476 4695 2833 4757 scrutandum
2863 4694 3131 4758 adhibita,
3163 4688 3548 4763 inquirendus,

1974 4800 2238 4860 quantum
2273 4789 2387 4844 fieri
2421 4798 2621 4860 potest,
2668 4788 2868 4842 Ilortus
2893 4787 3194 4848 conclusus,
3226 4791 3276 4837 et
3311 4781 3428 4852 fons
3462 4778 3554 4832 ob-

1976 4884 2219 4954 signatas
2236 4886 2300 4949 “,
2317 4882 2806 4954 quemadmodum,
2828 4880 3007 4951 inquit
3033 4879 3343 4948 Scriptura,
3366 4883 3427 4932 ut
3439 4872 3549 4946 (re-

1979 4976 2183 5047 serato)
2203 4992 2298 5047 per
2314 4975 2717 5031 ordinationem
2734 4972 3032 5044 voluptatis
3052 4970 3308 5037 horto,,et
3333 4967 3552 5026 recluso

2035 5239 2148 5311 (ϐξ.)
2177 5236 2406 5292 Videtur
2438 5235 2529 5291 hic
2558 5234 2851 5311 legendum
2902 5233 3378 5311 supplendumque
3402 5249 3551 5300 esse,

1964 5301 2053 5365 ἵνα
2079 5301 2166 5363 διά
2204 5312 2302 5380 τῆς
2330 5301 2662 5380 χειροτονίᾱς
2696 5301 3042 5380 ἀνεῳγμένου
3079 5301 3389 5380 τοῦικήπου
3424 5321 3554 5380 τρυ-

1965 5383 2093 5452 φῆς,
2137 5372 2302 5452 quam
2332 5372 2651 5433 "lectionem
2698 5376 2753 5430 in
2803 5372 3054 5430 versione
3088 5372 3283 5429 Latina
3327 5378 3553 5431 secutus

1966 5468 2110 5508 sum.

2037 5521 2150 5594 (63)
2206 5519 2452 5594 ξένοιτο
2496 5516 2619 5594 de;
2647 5514 2723 5594 |d_.
2777 5515 2811 5587 ἠ

1966 5570 2536 5666 ροξξξξστῖὃλοςντεήκαλε
2566 5570 2845 5666 ἑδραίωμα
2870 5587 2969 5666 τῆς
2996 5570 3256 5666 ἀληθείας
3276 5570 3441 5666 ﬁcos.

2038 5653 2152 5735 (61)
2182 5653 2448 5735 Xdptroc_
2472 5659 2565 5735 td._
2606 5653 2684 5735 id.
2718 5653 3019 5735 συμπνοίας
3059 5653 3200 5735 πρὸ-ς
3241 5653 3304 5735 τρ
3330 5653 3552 5735 κοινόν.

1966 5723 2089 5793 Mos
2124 5723 2282 5802 vero,
2306 5723 2512 5805 Κυρίου
2542 5728 2698 5801 ἡμῶν
2737 5723 2911 5802 ’1ησοῦ
2948 5723 3185 5801 Χριστοῦ
3231 5724 3294 5779 τὸ
3320 5723 3551 5793 ἀγαθόν.

3192 5884 3282 5969 οι,

2864 5517 2922 5570 ὲν
2955 5515 3149 5586 ἐκείνῳ
3168 5513 3349 5586 χάρις.
3377 5512 3551 5573 Paulo
3648 5531 3655 5538 '
