4002 6206
448 376 582 435 I067
1675 374 1733 429 S.
1761 371 2032 429 GREGOR

2139 372 2412 430 iYSSENI
2472 384 2487 397 ‘
3583 375 3734 434 1063

448 478 616 569 aquai
643 496 813 557 Iontc,
850 494 906 549 in
940 509 1290 549 communem
1319 494 1579 550 Ecclesia:
1602 497 1892 550 catholicae
1916 498 2022 550 uti—

2139 503 2564 570 προτιμήσαντες
2584 497 2692 551 τῶν
2728 497 2872 551 ἰδίων
2906 497 3245 569 θελημάτων,
3276 499 3337 552 τὸ
3383 498 3601 569 θέλημα
3625 500 3734 551 τοῦ

446 591 651 644 litatem
686 588 865 643 cedat.
903 586 1096 658 (Faxit
1133 588 1379 658 autem),
1433 586 1813 658 concedatque
1854 586 2020 652 Deus.

2139 590 2337 661 Κυρίου
2350 584 2395 661 ’ὴ
2405 589 2522 659 μῶν
2559 587 2677 660 [καὶ
2714 588 2774 641 τὸ
2802 588 2952 660 αύτῷ
2980 589 3249 663 δοκίμιον]
3282 591 3375 643 καὶ
3403 590 3731 661 εὐάρεστον.

444 690 505 736 ιιι
533 696 699 751 quam
732 681 846 735 cito
869 680 1013 736 inter
1043 695 1143 736 vos
1181 680 1306 735 talis
1339 679 1424 734 vir
1454 681 1791 746 inveniatur,
1823 680 1916 750 qui
1952 680 2024 735 sit

2139 683 2224 735 καὶ
2260 680 2484 747 τέλειον,
2535 681 2622 734 ἵνα
2670 680 3104 752 κατορθούμενον
3133 685 3189 736 ἐν
3222 684 3352 753 ὑμῖν
3375 682 3621 736 τοιοῦτον
3664 676 3731 756 ᾖ,

445 770 540 829 vas
568 773 881 843 electionis,
914 782 969 829 et
1004 772 1264 828 columna
1293 770 1647 845 (Ecclesiae).
1683 771 2024 828 Conﬁdimus

2139 767 2176 842 ᾧ
2200 773 2295 826 καὶ
2329 774 2488 843 ἡμεῖς
2513 770 2798 843 [χαίρομεν
2838 771 3083 843 (65),κα“ι
3113 771 3295 845 ὑμεῖς]
3328 775 3730 843 ἐντρυφήσετε,

443 878 627 921 autem
648 867 704 921 in
735 865 991 930 Domino,
1022 864 1140 920 fore
1171 872 1231 920 ut
1255 855 1383 919 haec
1406 864 1686 931 aceidanl,
1711 865 1756 919 si
1781 865 2021 935 (gratia),

2139 866 2226 919 καὶ
2253 864 2281 916 ὁ
2301 864 2432 927 Θεὸς
2461 865 2570 917 τῶν
2591 863 2729 917 ὅλων
2745 863 3217 936 ὲνδοξασθήσεται,
3249 858 3294 933 ᾧ
3310 866 3510 937 πρέπει
3538 865 3572 936 ἠ
3593 862 3732 928 δόξα

443 972 566 1029 qua:
592 973 781 1029 pacem
818 956 1285 1027 concordiamque
1316 954 1568 1012 tidelibus
1602 956 1879 1019 conciliat,
1924 956 2025 1010 ad-

2139 955 2213 1019 εἰς
2233 955 2359 1019 τοὺς
2384 955 2607 1020 αίῶνας.

441 1051 570 1122 juti,
590 1050 659 1106 ad
684 1050 738 1105 id
767 1049 914 1121 quod
938 1050 1143 1105 bonum
1172 1056 1497 1119 rectumque
1525 1055 1631 1113 est,
1665 1048 2015 1103 concorditer
2053 1046 2297 1101 animum
2321 1046 2606 1102 intendere
2629 1047 2829 1113 velitis,
2893 1056 3091 1104 vestra:
3150 1046 3444 1113 voluntati,
3498 1047 3725 1103 Domini

444 1145 625 1200 nostri
677 1143 1017 1199 voluntatem
1061 1144 1148 1213 (et
1208 1140 1352 1212 quod
1392 1141 1500 1212 ipsi
1568 1138 1892 1212 probatur),
1944 1147 1999 1195 et
2057 1140 2257 1210 placet,
2308 1140 2566 1210 quodque
2618 1142 2922 1211 perfectum
2969 1152 3075 1206 cst,
3110 1141 3503 1212 praderentes;
3533 1142 3609 1196 ita
3660 1150 3727 1195 ut

443 1248 596 1296 recte
626 1241 769 1295 facta
818 1246 1005 1296 vestra
1035 1239 1164 1293 talia
1208 1239 1341 1305 sint,
1378 1238 1580 1309 quibus
1626 1246 1681 1293 et
1723 1252 1824 1292 nos
1877 1237 2257 1309 (gaudeamus
2296 1249 2350 1293 et
2419 1238 2552 1309 vos)
2618 1238 2933 1304 exsultctis,
2966 1246 3018 1293 et
3085 1240 3469 1296 universorum
3537 1238 3726 1296 Domi-

444 1349 551 1392 nus
587 1334 947 1407 glorilicetur,
976 1348 1139 1406 quem
1172 1332 1328 1389 decet
1359 1334 1535 1405 gloria
1565 1334 1622 1387 in
1662 1332 1884 1388 saecula.

952 1661 1290 1720 EPISTOLA
1332 1662 1515 1719 XVIII.

2596 1658 2940 1716 εΠιΣτοΑη
2978 1661 3065 1715 ur
3103 1660 3235 1733 (66).

445 1816 657 1896 Deﬁhac
694 1820 1055 1896 epistotaﬁoc
1095 1837 1258 1875 unum
1299 1831 1508 1896 tantum
1548 1820 1803 1891 conjicere
1840 1835 2079 1896 possunt,
2122 1821 2597 1896 scriplaurpempe
2630 1819 2838 1896 inisse,
2892 1835 2994 1889 quo
3041 1828 3274 1896 tempore
3331 1816 3716 1896 Nysscnus_nb

518 1889 761 1946 Ecclesia
799 1890 1076 1945 exsulabat
1109 1908 1128 1957 ,'
1167 1908 1292 1945 nam
1331 1909 1395 1946 ea
1433 1892 1496 1946 de
1532 1908 1586 1945 re
1625 1889 1987 1962 conqueritur,
2027 1891 2288 1961 simulque
2328 1889 2579 1944 miierum
2621 1890 2982 1944 Ecclesiarum
3018 1890 3164 1943 Asiae
3201 1889 3404 1943 statum
3439 1890 3716 1949 describit.

520 2049 691 2114 Quam
724 2048 955 2120 pulchra
984 2063 1166 2103 rerum
1200 2047 1552 2118 pulchrarum
1586 2047 1891 2127 similitudo
1919 2056 2028 2111 est,

2214 2048 2302 2112 Ὧς
2342 2047 2482 2102 καλά
2524 2048 2630 2100 τῶν
2681 2046 2861 2101 καλῶν
2903 2047 3017 2101 ἐστι
3071 2046 3139 2101 τὰ
3197 2048 3537 2119 ὁμοιώματα,
3581 2049 3717 2101 ὅταν

447 2153 573 2192 cum
624 2151 944 2207 expressam
1002 2137 1343 2209 primigenia:
1390 2138 1696 2194 venustatis
1734 2138 2030 2209 imaginem

448 2229 762 2298 (servant)!
786 2226 921 2282 Nam
952 2229 1149 2284 animae
1179 2237 1285 2285 tua:
1317 2244 1509 2285 revera
1542 2230 1781 2301 pulchrae
1805 2244 2033 2301 expres-

448 2321 729 2377 sissimam
766 2320 1061 2391 imaginem
1098 2321 1209 2376 vidi
1249 2322 1305 2377 in
1347 2323 1698 2378 suavissimis
1741 2323 1851 2378 tuis
1884 2323 2034 2378 litte-

447 2415 564 2480 ris,
598 2416 775 2486 (quas
810 2414 905 2485 ut)
937 2415 1138 2470 alicubi
1175 2413 1531 2486 Evangelium
1561 2416 1637 2470 ait
1669 2415 1734 2482 “,
1766 2430 1832 2470 ex
1858 2414 2034 2470 abun-

450 2507 642 2562 dantia
677 2505 864 2562 cordis
900 2507 981 2561 tui
1024 2506 1261 2562 mellitas
1298 2506 1628 2574 reddidisti;
1672 2507 2032 2577 quamobrem

448 2612 503 2659 te
541 2604 718 2671 ipsum
760 2600 1002 2665 intueri,
1047 2600 1317 2670 (tuaque)
1354 2602 1773 2667 benevolentia,
1808 2615 1907 2670 per
1936 2615 2033 2655 co-

446 2696 694 2750 mitatem
750 2692 936 2754 illam.
981 2705 1102 2762 qum
1142 2691 1199 2745 in
1239 2691 1449 2746 eisdem
1491 2692 1697 2747 litteris
1737 2690 2030 2755 elucebat,

448 2785 614 2857 potiri
650 2783 988 2844 arbitrabar,
1030 2797 1236 2852 easque
1269 2797 1651 2853 saepenumero
1686 2782 1773 2853 (in
1807 2782 2033 2850 manus)

449 2888 710 2937 sumens,
741 2872 1075 2940 assidueque
1123 2884 1501 2941 percurrens,
1553 2872 1765 2941 majore
1814 2886 2035 2942 semper

448 2978 637 3019 earum
695 2962 977 3017 desiderio
1043 2960 1325 3032 (aﬂ‘ectus
1384 2961 1594 3031 sum);
1655 2963 1916 3033 nullaque
1977 2962 2030 3017 id

449 3055 649 3129 agendi
711 3054 939 3112 satietas
995 3063 1151 3121 erat,
1205 3055 1411 3126 quippe
1464 3070 1625 3126 quas,
1667 3063 1728 3109 ut
1770 3055 1824 3109 in
1866 3056 2032 3112 rebus

450 3158 646 3220 suapte
690 3157 885 3203 natura
944 3147 1191 3217 pulchris
1246 3155 1411 3218 atque
1468 3147 1705 3218 egregiis
1748 3164 1851 3204 usu
1909 3163 2035 3204 eve-

450 3243 568 3310 nit,
605 3242 940 3312 voluptatem
975 3255 1039 3293 ex
1083 3240 1192 3295 tuis
1231 3240 1434 3296 litteris
1474 3247 1650 3295 ortam
1694 3240 2027 3312 (excipere,

451 3347 516 3389 ac
569 3333 871 3389 terminare
918 3330 1243 3402 neutiquam
1288 3332 1524 3403 potest.)
1570 3331 1703 3387 Nam
1745 3347 1846 3388 nec
1895 3333 2030 3389 solis

2133 2140 2338 2212 ἐναργῆ
2358 2139 2453 2193 τοῦ
2484 2140 2837 2212 πρωτοτύπου
2869 2138 3097 2203 κάλλους
3118 2138 3212 2197 τὸν
3240 2141 3553 2211 χαρακτῆρα
3576 2139 3716 2212 [8w-

2136 2232 2393 2298 σώζονται
2424 2231 2595 2304 (67)]!
2628 2231 2739 2302 Τῆς
2759 2231 2866 2303 γὰρ
2892 2230 3069 2302 ψυχῆς
3094 2249 3188 2285 σου
3213 2232 3311 2303 τῆς
3340 2232 3505 2295 δντως
3538 2231 3717 2302 καλῆς

2132 2320 2270 2379 εἶδον
2317 2323 2722 2396 ἐναργεστάτην
2759 2322 2944 2377 είκόνα
2990 2324 3048 2376 ὲν
3092 2326 3158 2395 τῇ
3206 2323 3316 2377 τῶν
3370 2324 3717 2395 γραμμάτων

2134 2416 2454 2488 γλυκύτητι,
2487 2416 2675 2489 (άπερ,
2701 2414 2775 2480 ῶς
2809 2414 2947 2488 (68)]
2975 2415 3106 2487 φησί
3134 2434 3237 2470 που
3265 2417 3326 2470 τὸ
3358 2417 3714 2486 Εὐαγγέλιον,

2134 2509 2199 2561 ἐκ
2228 2507 2322 2561 τοῦ
2352 2507 2787 2578 περισσεύματος
2824 2508 2921 2577 τῆς
2948 2507 3176 2579 καρδίας
3205 2525 3297 2561 σου
3340 2508 3715 2578 ὲμελίτωσας·

2135 2598 2230 2651 καὶ
2257 2597 2343 2651 διὰ
2373 2596 2533 2650 τοῦτο
2577 2597 2737 2650 αὐτόν
2773 2613 2831 2650 σε
2864 2599 3160 2669 προσορᾷν,
3194 2598 3281 2651 καὶ
3321 2597 3403 2669 [τό
3433 2613 3528 2650 σου
3570 2596 3718 2669 (69)]

2134 2685 2333 2759 εὖφρον
2363 2687 2708 2759 καρποῦσθαι
2738 2687 2826 2742 διὰ
2865 2688 2964 2758 τῆς
2993 2690 3050 2741 ἐν
3085 2690 3197 2751 τοῖς
3221 2689 3509 2758 γράμμασι
3555 2688 3717 2756 φιλο-

2136 2777 2408 2850 φροσύνης
2434 2776 2702 2848 ἐνόμιζον,
2733 2778 2827 2833 κα)⁵
2857 2777 3118 2841 πολλάκις
3142 2775 3242 2849 [είς
3268 2775 3482 2850 χεῖρας]
3510 2778 3719 2831 ἐπανα-

2133 2870 2425 2941 λαμϐάνων
2463 2871 2535 2924 τά
2574 2871 2901 2942 γράμματα,
2943 2871 3039 2924 καὶ
3085 2870 3326 2940 συνεχῶς
3360 2869 3533 2923 ἐπιὼν
3582 2869 3719 2940 πρὶς

2136 2963 2360 3034 μείζονα
2392 2962 2492 3033 τῆς
2517 2963 2870 3027 ἀπολαύσεως
2905 2962 3200 3032 ἐπιθυμίαν
3227 2961 3526 3035 [κατέστην
3557 2961 3713 3033 (70)],

2135 3057 2229 3110 καὶ
2259 3056 2420 3128 κόρος
2448 3056 2554 3110 τῶν
2589 3056 2891 3126 γινομένων
2917 3055 3018 3109 οὐκ
3046 3051 3133 3126 ἦν.
3175 3058 3290 3121 Ὃς,
3328 3056 3425 3109 καὶ
3450 3055 3526 3119 ὡς
3559 3055 3717 3111 ἄλλου

2132 3149 2277 3213 τινος
2307 3150 2416 3203 τῶν
2443 3149 2583 3203 κατὰ
2632 3149 2795 3219 φύσιν
2839 3148 3025 3204 καλῶν
3063 3149 3159 3203 καὶ
3196 3148 3418 3219 τιμίων,
3468 3149 3570 3220 τὴν
3599 3149 3716 3221 ἠδο-

2133 3238 2230 3311 νὴν
2260 3239 2346 3293 δια
2364 3238 2578 3311 [παύειν
2602 3239 2665 3292 οὐ
2688 3238 2909 3293 δύναται
2938 3237 3094 3310 (7l)].
3127 3237 3266 3292 Οὔτε
3290 3239 3401 3310 γὰρ
3428 3238 3523 3292 τοῦ
3553 3255 3718 3310 προσ-

2133 3334 2266 3404 ορᾷν
2319 3332 2411 3386 τὸν
2465 3332 2616 3403 ἥλιον
2674 3332 2708 3402 ἡ
2772 3330 3001 3402 συνεχὴς
3082 3330 3343 3401 μετουσία
3385 3328 3487 3400 τὴν
3541 3327 3720 3400 ὄρεξιν

451 3426 754 3483 continuus
821 3433 877 3480 et
946 3425 1087 3481 liber
1142 3433 1400 3496 aspectus
1448 3424 1571 3494 ejus
1624 3424 1875 3481 intuendi
1934 3440 2030 3480 cu-

2139 3395 2428 3497 ἧμὸλυνεν,
2457 3395 2579 3478 abte
2602 3395 2708 3495 τῆς.
2730 3395 2975 3494 ὑγείας-ἧ
3007 3395 3262 3494 διήνεκὴς
3295 3395 3597 3484 ἀπόλαυσις
3622 3421 3720 3492 τὴν

452 3518 739 3589 piditatem
789 3518 1022 3582 minuit,
1076 3531 1256 3587 neque
1310 3515 1646 3571 valetudinis
1682 3516 2032 3587 prosperitas

2139 3518 2433 3590 ἐπιθυμίαν
2477 3516 2725 3589 ἔστησεν,
2770 3516 2892 3572 οὔτε
2933 3516 3034 3588 τῆς
3085 3517 3184 3587 σῆς
3237 3515 3593 3586 ἀγαθότητος,
3649 3513 3717 3585 ἢν

454 3610 542 3666 sui
595 3607 934 3665 desiderium
986 3607 1170 3674 tollit;
1228 3606 1310 3662 sic
1352 3606 1520 3663 etiam
1571 3607 1778 3662 nullam
1812 3606 2032 3663 satieta-

2139 3609 2284 3665 κατὰ
2304 3611 2593 3681 πρόσωπον
2626 3610 2739 3679 (72)
2771 3609 3051 3673 πολλάκις,
3083 3610 3177 3662 καὶ
3198 3609 3293 3662 νῦν
3315 3608 3404 3662 διά
3429 3607 3522 3661 τοῦ
3544 3606 3725 3678 γράμ-

455 3710 565 3758 tem
601 3699 718 3755 dari
752 3714 915 3769 posse
958 3697 1237 3754 credimus
1270 3698 1392 3768 ejus
1430 3699 1766 3770 voluptatis,
1807 3714 1930 3771 quae
1966 3715 2032 3755 ex

2142 3720 2310 3776 ματος
2328 3704 2595 3775 ἔγνωμεν,
2619 3702 2847 3774 δύναμιν
2867 3701 2975 3773 (75)
3004 3700 3345 3773 πεπείσμεθα
3367 3702 3528 3773 μέχρι
3557 3702 3722 3772 κόρου

452 3792 727 3863 probitate
760 3799 854 3845 tua
894 3793 1134 3861 capitur,
1186 3791 1345 3863 cujus
1396 3792 1818 3857 excellentiam,
1872 3800 2032 3863 atque

2139 3794 2423 3864 προελθεῖν
2454 3793 2771 3847 ἀπόλαυσιν.
2819 3793 2959 3847 Ἀλλ’
2987 3789 3099 3847 οἷόν
3144 3811 3196 3847 τι
3228 3794 3531 3865 πάσχουσιν
3575 3796 3625 3848 οἱ
3658 3796 3725 3848 ἐκ

454 3884 834 3957 praestantiam
869 3898 1013 3952 smpe
1042 3898 1266 3948 coram,
1306 3900 1456 3941 nunc
1493 3893 1674 3940 autem
1727 3886 1893 3941 etiam
1939 3901 2032 3956 per

2140 3904 2284 3952 τινος
2308 3887 2679 3959 περιστάσεως
2700 3887 2962 3957 διψῶντες
2979 3887 3259 3950 ἀτέλεστα,
3279 3886 3423 3940 οὕτω
3444 3888 3539 3941 κα)⁵
3560 3889 3724 3958 ἡμεῖς

452 3978 672 4031 litteras
700 3975 850 4030 clare
882 3978 1266 4045 cognovimus.
1311 3975 1416 4033 Sed
1451 3977 1914 4048 quemadmodum
1956 3977 2032 4032 af-

2139 3978 2262 4031 ὃσον
2306 3975 2691 4048 ἐμφορούμεθα
2719 3976 2828 4032 τῶν
2860 3978 2967 4031 σῶν
2993 3977 3235 4047 ἀγαθῶν,
3264 3977 3489 4031 τοσοῦτο
3519 3978 3724 4047 μᾶλλον

458 4068 547 4123 (lci
582 4068 798 4130 solent,
834 4069 929 4139 qui
967 4068 1244 4140 ingentem
1282 4085 1349 4124 ex
1389 4070 1573 4140 aliqua
1615 4086 1675 4125 re
1712 4070 1859 4126 sitim
1899 4086 2032 4126 eon-

2140 4069 2389 4139 διψώδεις
2419 4069 2700 4140 γινόμεθα.
2743 4071 2805 4123 El
2838 4068 2893 4123 δὲ
2917 4069 2990 4141 μὴ
3013 4070 3250 4123 θωπείαν
3286 4068 3406 4123 τινὰ
3432 4069 3723 4139 καὶψευδῆ

457 4160 688 4216 trahunt
715 4179 731 4229 ;
764 4162 840 4216 ita
873 4171 927 4217 et
957 4177 1057 4218 nos
1080 4177 1191 4234 quo
1216 4163 1391 4239 mgis
1414 4163 1525 4219 tuis
1550 4162 1711 4219 bonis
1732 4164 2032 4235 explemur,

2142 4162 2429 4216 κολακείαν
2465 4162 2556 4215 τὸν
2585 4164 2853 4234 ἡμέτερον
2897 4163 3052 4232 λόγον
3090 4161 3334 4234 ὑπολήψῃ
3368 4161 3621 4231 (πάντως
3659 4161 3727 4214 δὲ

454 4265 522 4304 eo
556 4250 732 4322 magis
766 4252 1086 4306 eorumdem
1121 4252 1527 4321 quodammodo
1557 4252 1650 4309 siti
1677 4254 2032 4325 corripimur.

2141 4254 2238 4323 οὐχ
2270 4252 2519 4324 ὑπολήψῃ
2555 4254 2690 4323 (74),
2738 4253 2809 4307 τά
2836 4271 2895 4306 τε
2927 4253 3062 4307 ἄλλα
3103 4253 3335 4316 τοιοῦτος
3372 4249 3467 4315 ῶν,
3497 4246 3611 4314 οἷος
3642 4246 3726 4316 εἷ,

456 4342 613 4409 Quod
650 4343 697 4398 si
727 4344 937 4399 nullam
979 4345 1413 4401 assentationem
1436 4389 1451 4412 ,
1488 4347 1805 4416 nullamque
1839 4346 2032 4401 falsam

2143 4349 2236 4400 xli.
2269 4346 2394 4417 περὶ
2427 4347 2571 4417 ἡμᾶς
2611 4347 2996 4416 διαφερόντως,
3030 4348 3079 4400 εί
3121 4348 3214 4400 καί
3251 4363 3332 4409 τις
3369 4344 3550 4409 ἄλλος,
3579 4362 3728 4416 χρη-

455 4434 827 4490 adulationem
858 4437 1022 4492 dictis
1054 4436 1207 4494 hisce
1244 4439 1455 4496 nostris
1486 4439 1670 4495 inesse
1703 4440 1993 4496 censueris
2013 4478 2030 4506 ,

2144 4440 2266 4503 στός
2294 4456 2351 4491 τε
2387 4441 2478 4494 καὶ
2512 4438 2780 4511 γνήσιος),
2820 4439 3037 4502 πάντως
3072 4437 3388 4501 πιστεύσεις
3411 4439 3524 4499 τοῖς
3566 4436 3730 4505 λεγοο

453 4530 601 4602 quod
632 4530 880 4601 profecto
911 4530 1083 4585 facies
1106 4569 1121 4593 ,
1150 4545 1276 4585 cum
1306 4547 1523 4602 semper
1548 4534 1626 4587 sis
1657 4547 1785 4602 erga
1817 4546 2031 4595 omnes,

2144 4530 2343 4599 μένοις,
2378 4533 2457 4584 ὅτι
2487 4530 2583 4602 τὴν
2614 4531 2813 4602 συνεχῆ
2844 4532 2952 4583 τῶν
2974 4529 3225 4601 δακρύων
3252 4530 3516 4602 ἑπιρῤοὴν
3542 4533 3576 4601 ἠ
3608 4531 3731 4583 τῶν

454 4635 521 4675 ac
547 4621 852 4692 prmsertim
882 4637 1012 4690 erga
1044 4636 1145 4677 nos
1175 4622 1360 4677 animo
1384 4662 1397 4686 ,
1436 4623 1483 4678 si
1517 4623 1812 4693 quisquam
1853 4622 1994 4677 alius
2018 4658 2032 4686 ,

2139 4622 2484 4696 γραμμάτων
2520 4599 2700 4695 χάρις,
2873 4641 2923 4677 τι
2975 4599 3267 4694 φάρμακον
3304 4599 3574 4694 ίατ-ρικδν,
3606 4626 3729 4688 τοῖς

452 4714 670 4770 liberali
710 4721 764 4768 et
809 4713 1169 4768 humanitatis
1200 4715 1396 4783 pleno,
1434 4715 1596 4771 Iidem
1632 4715 1764 4771 mihi
1806 4728 2032 4784 prorsus

2139 4712 2434 4784 ὀφθαλμοῖς
2464 4714 2818 4784 ἐγγενομένη,
2853 4713 3149 4777 ἀνέστειλε,
3183 4713 3275 4767 καὶ
3308 4713 3732 4784 προσδοκῶμεν,

454 4803 682 4862 habebis
703 4845 719 4869 ,
748 4805 843 4862 tibi
874 4804 1086 4861 diserte
1111 4804 1433 4870 aﬂirmanti,
1470 4814 1687 4861 tuarum
1727 4807 2032 4860 litterarum

2139 4807 2204 4875 τῇ
2237 4804 2345 4858 τῶν
2378 4804 2552 4874 ἁγίων
2580 4805 2754 4875 εὐχῶν
2782 4821 2875 4857 σου
2908 4803 3117 4876 ἰατρείᾳ
3138 4805 3239 4868 τὰς
3266 4804 3488 4868 ἐλπίδας
3517 4803 3733 4857 ἑαυτῶν

455 4897 782 4952 suavitatem
821 4895 959 4952 meis
997 4897 1199 4962 oculis,
1239 4896 1437 4952 medici
1472 4898 1764 4967 cujusdam
1806 4894 2032 4951 remedii

2139 4894 2533 4966 ἐπερείδοντες,
2564 4896 2647 4949 ὅτι
2673 4894 2815 4966 τάχα
2855 4894 2948 4948 κα).
2981 4893 3208 4948 καθόλου
3248 4894 3308 4947 τὸ
3354 4893 3602 4947 τοιοῦτον
3623 4894 3733 4962 τῆς

454 4990 651 5055 instar,
684 4989 1005 5058 adhibitam,
1034 4992 1355 5047 continuum
1389 4991 1761 5063 lacrymarum
1790 5003 2032 5045 inearum

2139 4984 2319 5056 ψυχῆς
2361 4986 2520 5057 ἡμῶν
2554 4986 2725 5050 πάθος
2775 4985 3193 5057 ὲξιασθήσεται·
3248 4985 3373 5038 ἐπεὶ
3422 4985 3486 5037 τό
3518 5001 3582 5052 γε
3627 4983 3735 5036 νῦν

536 5172 575 5201 ¹²
612 5169 802 5225 Matth.
828 5185 930 5234 xu,
960 5171 1050 5224 34.

2216 5314 2842 5427 (Ἰωλκατέστηνπιιι.
2892 5355 3259 5427 ἐξεκαιόμην·
3316 5364 3370 5411 et
3423 5371 3549 5412 mox
3613 5371 3730 5413 non

529 5420 638 5498 (66)
672 5420 993 5498 'Ertiac._ln
1037 5420 1189 5498 cod.
1225 5420 1385 5498 Med.
1411 5420 2037 5498 inscriptauperhibetur
2138 5420 2386 5498 agiipscit
2413 5424 2509 5489 ὡς.

467 5491 700 5567 mth
730 5494 1363 5568 émaxontpltielttqvﬁg,
1387 5503 1580 5563 estque
1606 5491 1753 5568 χιιι.
1878 5562 1889 5568 _
1950 5562 1962 5568 -
2019 5565 2030 5568 _

2179 5491 2194 5494 ⁷
2213 5493 2325 5568 (_7l)
2355 5496 2678 5568 ᾼιαπαύειν
2706 5497 2779 5549 οὐ
2805 5494 3073 5568 δύναται.
3100 5493 3178 5551 Id.
3205 5496 3642 5568 διαλυμαίνεται.

528 5562 636 5648 (Ii?)
672 5562 1261 5648 ξαρ.ἰξιαάώζονταὶ;
1302 5562 1383 5619 Id.
1432 5562 1756 5636 χαρακτῆρα
1809 5562 1902 5616 καὶ
1946 5562 2032 5630 ἐφ’

2360 5564 2617 5648 Fortasse
2648 5566 2962 5648 legendum,
3000 5563 3235 5648 ﬂanti
3263 5562 3581 5639 πρόσωπον.

455 5634 665 5719 ἑαυτῶν
687 5634 1045 5719 διασώζηται,
1104 5706 1116 5719 .
1238 5705 1291 5719 Η
1382 5704 1399 5719 ῃ
1511 5634 1522 5636 ’
1566 5702 1590 5719 ν
1648 5705 1663 5719 ο
1729 5705 1754 5719 η
1898 5702 1959 5719 Μ
2357 5638 2640 5719 θύηιιμιις.
2671 5634 2748 5719 Id.
2783 5634 3197 5719 δυνατὸνςεῐναι.

492 5774 499 5783 ο
527 5703 643 5902 (68]
676 5709 866 5762 Γλυκ.
899 5702 1049 5776 ἅπερ
1085 5706 1184 5770 ὡς.
1238 5705 1316 5761 ld.
1345 5704 1501 5773 γλυκ.
1537 5702 1616 5767 οἷς
1640 5705 1784 5774 ἡμᾶς
1824 5702 2024 5785 καθιείς.

492 5827 503 5837 ,
551 5776 618 5830 69
706 5776 813 5830 Καὶ
846 5778 914 5829 τό
945 5792 1060 5831 σου
1091 5773 1335 5845 εὖφρον.
1371 5775 1450 5829 Id.
1488 5775 1582 5827 καὶ
1615 5772 1712 5844 τὴν
1735 5776 1792 5826 ἐν
1824 5773 2024 5842 ὀφθαλ-

492 5864 529 5902 ιο
555 5864 581 5902 ς
604 5844 964 5902 εὐφροσύνην.
1001 5847 1070 5902 Ει
1101 5861 1224 5902 mox
1250 5846 1340 5902 ὑφ’
1368 5845 1560 5902 ἡδονῆς
1593 5859 1690 5902 pro
1712 5846 1792 5902 εἰς
1819 5846 2023 5902 χεῖρας.

2207 5702 2322 5776 (74)
2365 5706 2436 5761 Ita
2463 5702 2565 5762 hoc
2608 5709 2660 5763 in
2691 5712 2810 5763 loco
2834 5708 3238 5764 emendandum
3279 5709 3469 5764 censui
3500 5708 3725 5764 Vatica-

2139 5791 2265 5834 num
2296 5777 2560 5846 codicem,
2589 5778 2773 5852 inquo
2801 5778 3081 5848 scribitur,
3118 5779 3216 5850 οὐχ
3244 5779 3391 5846 ἅπαξ
3411 5778 3580 5851 λήψῃ.

2360 5867 2383 5902 Ι

531 5355 643 5426 (65)
680 5356 992 5424 Χαῷομεν.
1030 5353 1108 5408 Id.
1135 5350 1621 5426 ἐγκαυχησόμεθα.

706 5776 914 5852 Καὶιτό
945 5773 1060 5852 ad};
1091 5773 1339 5852 εὖφρονἱ
1488 5775 1582 5852 καὶ
1615 5773 1712 5844 τὴν
1735 5776 1792 5852 ἐν
1824 5773 2024 5852 saeui.

2139 5773 2265 5834 num
2296 5773 2560 5846 codicem,
2589 5778 2644 5834 in
2664 5793 2773 5852 quo
2801 5778 3081 5848 scribitur,
3118 5779 3216 5850 οὐχ
3244 5779 3391 5846 ἅπαξ
3411 5778 3580 5851 λήψῃ.

459 5844 581 5921 μοῖς
604 5844 964 5943 εὐφροςτύνην.
1001 5847 1070 5902 Ει
1101 5844 1224 5902 mo:
1250 5846 1340 5914 ὑφ’
1368 5845 1560 5914 ἡδονῆς
1591 5859 1690 5913 pro
1712 5846 1792 5907 εἰς
1819 5846 2023 5914 χεῖρας.
2358 5867 2383 5907 ι
