4002 6206
2628 326 2719 336 "r-

387 415 516 470 iO'il
1594 356 1679 469 PS.
1712 412 2036 471 GllEGORlI
2073 414 2113 468 Ν
2130 413 2363 469 YSSENI
3497 408 3639 466 1072

384 533 530 588 modi
574 533 857 600 invenies;
900 534 1287 590 dotnunculam
1344 537 1417 590 ita
1463 546 1693 602 arctam,
1728 547 1787 590 ut
1818 552 1954 607 pene

2068 537 2337 607 περιρρέοι
2382 535 2520 589 κατὰ
2565 535 2625 588 τὸ
2659 536 2885 601 πλάγιον
2929 535 3083 608 ἡμῶν
3117 537 3148 606 ἡ
3197 532 3426 597 διπλοῖς,
3461 532 3640 587 ταῦτα

384 624 635 691 sulfocet,
670 632 725 681 et
755 626 961 698 algore,
988 626 1253 690 tenebris,
1285 626 1561 697 angustia,
1591 626 1954 695 omnibusque

2068 630 2237 683 πάντα
2282 628 2355 699 μὴ
2401 627 2682 699 γινόμενα,
2730 629 2971 699 πολέμου
3017 627 3109 681 τοῦ
3155 627 3265 698 (87)
3311 625 3448 697 πρὸς
3485 625 3642 695 ἡμᾶς

385 714 507 771 aliis
541 715 593 771 id
638 731 810 787 genus
850 717 1010 773 bonis
1046 718 1465 784 abundantem;
1502 717 1667 771 vitam
1710 719 1956 771 omnium

384 808 663 874 censuris,
709 818 764 865 et
809 808 1333 879 reprehensionibus
1383 808 1701 871 obnoxiam,
1744 823 1953 873 vocem,

381 899 669 953 oculorum
712 899 1042 965 contuitum,
1074 899 1353 963 vestitum,
1401 913 1600 953 manus
1632 907 1863 964 motum,
1902 907 1958 953 et

381 988 579 1060 pedum
636 990 963 1059 posituram,
1016 990 1196 1061 qualis
1254 1005 1450 1060 nempe
1510 991 1603 1058 sit,
1648 997 1955 1060 casteraque

381 1079 569 1134 omnia
621 1081 842 1136 curiose
883 1081 1049 1136 nimis
1091 1082 1417 1148 observata;
1474 1090 1527 1135 et
1575 1082 1682 1136 nisi
1732 1094 1951 1150 gravem

381 1169 582 1239 smpius
628 1170 929 1225 anhelitum
978 1171 1130 1236 edas,
1175 1173 1336 1242 eique
1384 1181 1650 1244 perpetua
1686 1172 1953 1243 adjungas

382 1260 640 1330 suspiria,
671 1276 702 1316 e
732 1278 869 1316 zona
904 1263 1091 1318 tunica
1123 1264 1362 1330 difﬂuat,
1396 1266 1481 1321 vel
1514 1276 1567 1321 et
1601 1267 1778 1336 ipsum
1804 1279 1955 1319 zona!

379 1364 541 1403 usum
589 1351 851 1423 negligas,
899 1367 963 1408 ac
1007 1354 1243 1426 denique
1287 1357 1674 1411 sinistrorsum
1731 1355 1953 1425 pallimn

378 1442 616 1509 decidat,
645 1443 778 1510 haec,
807 1446 1056 1516 inquam,
1079 1449 1264 1502 omnia
1300 1449 1355 1503 ni
1393 1448 1547 1514 fiant,
1589 1448 1717 1503 belli
1757 1447 1956 1502 adver-

380 1546 477 1588 sus
518 1547 621 1590 nos
659 1537 880 1592 occasio
924 1538 1119 1603 oritur,
1165 1547 1220 1594 et
1251 1539 1403 1595 hisce
1439 1541 1506 1596 de
1549 1540 1714 1596 rebus
1747 1539 1953 1610 singuli

2061 719 2315 783 ὑπόθεσις
2358 719 2587 788 γίνεται,
2640 719 2734 772 καὶ
2772 719 2864 771 ἐπὶ
2894 718 3103 783 τούτοις
3135 720 3254 772 κατ’
3287 716 3503 786 ἄνδρας,
3541 716 3640 767 καὶ

2058 808 2280 880 δήμους,
2328 809 2422 863 καὶ
2469 808 2744 879 ἐσχατιὰς,
2792 808 2928 880 πρὸς
2971 809 3070 879 τὴν
3100 808 3221 862 καθ’
3265 805 3419 878 ὑμῶν
3458 806 3639 876 μάχην

2061 901 2424 955 συνίστανται.
2472 899 2687 972 Ἐπειδὴ
2717 900 2819 955 οὐκ
2851 900 2966 954 ἔστι
3006 901 3095 956 διὰ
3126 899 3344 954 πάντων
3376 899 3637 968 πράττειν

2061 994 2263 1058 καλῶς,
2290 991 2323 1063 ἢ
2367 992 2571 1055 κακῶς·
2604 992 2865 1063 μέμικται
2907 993 3012 1064 γὰρ
3038 993 3113 1055 ὼς
3151 990 3381 1045 ἐπιπολὺ
3414 989 3500 1043 διὰ
3527 988 3636 1041 τῶν

2062 1085 2319 1140 ἐναντίων
2351 1086 2516 1137 πᾶσιν
2544 1083 2571 1134 ὀ
2602 1083 2716 1153 βίος
2740 1099 2753 1112 ·
2790 1084 2839 1136 εί
2879 1083 2936 1136 δὲ
2963 1083 3025 1136 τὸ
3051 1082 3142 1136 σὺν
3170 1084 3304 1153 ἡμῖν
3337 1081 3478 1135 κατὰ
3497 1078 3635 1132 Θεοῦ

2061 1177 2219 1247 χάριν
2262 1175 2521 1246 διηνεκῶς
2570 1174 2792 1246 παρείη,
2838 1175 3135 1244 ὑποίσομεν
3176 1174 3278 1245 τὴν
3323 1172 3432 1225 τῶν
3458 1170 3638 1242 ἀηδῶν

2060 1264 2361 1334 δαψίλειαν,
2413 1266 2497 1318 ἐπ’
2542 1265 2717 1318 ἐλπίδι
2767 1263 2857 1318 τοῦ
2887 1266 2986 1335 τῆς
3029 1268 3127 1335 σῆς
3173 1264 3510 1334 ἀγαθότητος
3549 1262 3641 1315 διὰ

2061 1357 2259 1421 παντὸς
2292 1356 2559 1426 μετέχειν.
2584 1357 2675 1426 Μή
2700 1373 2828 1409 ποτε
2861 1351 2953 1410 οὖν
2976 1356 3209 1410 παύσαιο
3233 1354 3456 1409 τοιαῦτα
3478 1371 3639 1423 χαρι-

2062 1448 2305 1518 ζόμενος,
2328 1447 2394 1500 δι’
2425 1441 2499 1500 ὦν
2528 1448 2620 1500 καὶ
2645 1448 2791 1518 ἡμᾶς
2819 1437 3172 1513 ἀναπαύσεις,
3207 1447 3303 1500 καὶ
3342 1444 3526 1516 σαυτῷ
3545 1445 3641 1500 τὸν

2061 1540 2153 1592 ἐπὶ
2184 1542 2302 1603 ταῖς
2334 1538 2572 1603 ἐντολαῖς
2606 1539 2796 1610 μισθὸν
2827 1539 2997 1594 πλείω
3034 1538 3496 1610 παρασκευάσεις.

379 1625 584 1696 quique
618 1626 739 1695 viri,
771 1629 980 1699 populi,
1013 1629 1254 1700 ipsaeque
1278 1630 1624 1694 solitudines,
1648 1642 1702 1686 et
1729 1628 2137 1702 provinciarum
2193 1629 2329 1684 lines
2386 1629 2452 1683 ad
2512 1645 2749 1701 pugnam
2787 1631 3053 1686 adversus
3090 1645 3192 1686 nos
3262 1630 3636 1685 concitantur.

380 1712 583 1771 Verum
624 1731 727 1773 nec
773 1729 1039 1791 perpetuo
1087 1720 1273 1778 felices
1331 1738 1585 1793 prorsus,
1630 1720 2032 1789 fortunatique,
2075 1734 2176 1775 nec
2208 1720 2434 1773 omnino
2468 1720 2656 1775 miseri
2694 1734 2819 1775 esse
2840 1735 3155 1791 possumus,
3190 1717 3636 1790 quandoquidem

377 1812 673 1867 contrariis
710 1815 995 1871 eventibus
1039 1818 1309 1882 omnium,
1364 1826 1424 1872 ut
1482 1818 1801 1889 plurimum,
1843 1816 1953 1871 vita
1994 1822 2345 1886 temperatur.
2389 1815 2460 1868 At
2499 1816 2545 1870 si
2582 1824 2676 1871 tua
2712 1815 3092 1871 benevolentia
3125 1814 3306 1881 nobis,
3375 1812 3490 1871 Deo
3553 1814 3641 1885 ju-

375 1908 561 1966 vante,
606 1902 812 1974 jugiter
842 1913 1043 1976 praesto
1089 1908 1182 1972 sit,
1232 1916 1439 1963 tantam
1477 1909 1744 1963 malorum
1813 1904 2236 1971 multitudinem,
2308 1915 2472 1977 atque
2524 1906 2725 1963 molem
2774 1906 3194 1972 sustinebimus,
3225 1921 3289 1962 ea
3330 1919 3429 1976 ape
3484 1905 3633 1971 freti,

378 1994 497 2051 fore
534 2007 599 2052 ut
638 1998 857 2054 tandem
901 2000 1199 2070 aliquando
1251 2011 1341 2056 tua
1382 2003 1656 2072 probitate
1689 2010 1953 2072 perpetuo
1989 2001 2149 2056 nobis
2186 2000 2293 2055 frui
2326 2002 2507 2057 liceat.
2547 2000 2674 2057 Haec
2707 2002 2891 2073 itaque
2923 2003 3084 2059 nobis
3155 2003 3421 2073 impertiri
3483 2016 3635 2055 nunc

376 2102 541 2158 quam
569 2087 812 2158 desinas,
855 2090 1058 2161 quibus
1094 2099 1148 2147 et
1183 2092 1343 2147 nobis
1372 2109 1479 2148 non
1520 2108 1713 2164 parum
1749 2092 1933 2149 solatii
1964 2091 2180 2161 all'eres,
2205 2101 2259 2148 ct
2281 2095 2607 2164 promissam
2656 2095 2713 2151 in
2746 2094 2948 2152 divinis
2990 2094 3260 2151 mandatis
3295 2093 3623 2160 mercedem,

379 2183 670 2256 largiorem
702 2183 805 2240 tibi
840 2185 1189 2257 comparabis
1219 2187 1352 2259 ‘88).

804 2498 1138 2556 EPISTULA
1181 2499 1301 2555 χιχ
1345 2499 1478 2572 (89).

2355 2536 2367 2548 .
2598 2494 2943 2548 ΕΠΙΣΤΟΑΗ
2997 2493 3102 2548 ΙΘ¹.

382 2677 677 2753 Cuiusdam
722 2676 969 2753 Joannis
988 2679 1250 2733 antistitis
1306 2680 1415 2753 (uti
1455 2678 1509 2734 in
1540 2678 1645 2748 [ine
1670 2675 1907 2753 epistola:
1957 2674 2231 2753 manifeste
2267 2670 2636 2744 signiﬁcatur)
2676 2670 2913 2753 epistolae
2947 2670 3286 2753 respondens,
3322 2670 3383 2725 de
3414 2673 3477 2725 iis
3511 2689 3637 2742 quia

447 2747 682 2802 Joannes
733 2749 1128 2814 sciscitabatur,
1181 2747 1505 2801 conscribere
1544 2747 1649 2800 aut
1696 2748 1979 2814 quidquam
2018 2747 2277 2814 inquirere
2315 2753 2424 2796 tum
2461 2757 2612 2808 posse
2643 2749 2915 2814 seiungat,
2957 2747 3051 2814 otii
3089 2747 3319 2809 inopiam
3354 2757 3634 2802 excusans.

449 2817 921 2891 acerbissimasque
949 2809 1285 2891 calamitates
1314 2817 1500 2886 quibus
1513 2809 1860 2891 premebatur
1879 2833 1896 2869 :
1918 2832 2049 2891 quas
2071 2809 2461 2891 enumeratione
2483 2809 2816 2891 prosequitur
2845 2827 2877 2863 a
2909 2809 3139 2891 quadam
3167 2828 3346 2867 sorore
3378 2828 3637 2891 exorsus;

448 2888 519 2941 ad
553 2903 711 2957 quam
759 2882 876 2955 post
912 2888 1233 2957 diuturnum
1267 2882 1465 2954 tempus
1505 2882 1812 2957 intuendam
1856 2882 1974 2939 cum
2005 2886 2215 2957 longum
2260 2886 2526 2953 ingressus
2568 2891 2717 2957 esset.
2745 2882 2866 2943 iter,
2901 2882 3524 2957 nix_co_nspectam-tert_ia
3553 2882 3641 2936 die

450 2949 672 3011 mortem
717 2949 1101 3011 accumbentem
1146 2957 1348 3020 amisit,
1370 2949 1479 3009 'cui
1505 2956 1696 3011 deinde
1716 2957 1869 3025 justa
1892 2957 2036 3022 fecit.
2069 2949 2256 3007 Rerum
2292 2949 2570 3025 sacrarum
2615 2949 2929 3005 Galatarum
2957 2951 3134 3025 clades
3162 2953 3419 3021 exponit;
3459 2952 3641 3005 [bora-

447 3042 665 3096 rumque
695 3027 1019 3096 legationes;
1052 3038 1107 3079 ut
1141 3042 1342 3096 eorum,
1376 3037 1582 3081 mortuo
1610 3020 1867 3090 antistite,
1894 3020 2081 3079 curam
2119 3033 2264 3096 gerat
2292 3041 2307 3087 ;
2341 3020 2832 3096 et_Se_bastenorum
2858 3062 2872 3085 ,
2910 3029 2968 3072 ut
2993 3020 3345 3096 adversarum
3371 3032 3636 3096 sectarum

454 3091 846 3151 incursionibus
883 3096 1125 3150 obsistat.
1161 3094 1331 3150 lbera.-
1357 3098 1648 3150 antistitem
1678 3096 2008 3165 designatum
2041 3110 2094 3148 se
2122 3091 2362 3147 declarat
2390 3092 2611 3165 invitum
2634 3107 2663 3165 ;A
2689 3105 2960 3152 malasque
2986 3091 3040 3143 in
3074 3094 3242 3165 sacris
3275 3109 3459 3165 eorum
3482 3094 3634 3146 rebus

448 3167 971 3236 seditionumiturbas
1003 3166 1223 3219 indicat.
1264 3166 1675 3236 Babyloniorum
1700 3161 2075 3228 disiensiones,
2099 3179 2365 3236 moresque
2395 3161 2781 3236 perditissimos
2809 3169 3045 3236 enarrat.
3092 3163 3319 3216 Tandem
3340 3163 3636 3236 epistolam

448 3238 712 3293 concludit
754 3235 955 3292 loanni
989 3236 1239 3306 pollicens
1283 3230 1653 3292 obsEcuturum
1677 3253 1731 3291 se
1752 3237 1798 3291 ei
1840 3246 1888 3291 et
1923 3236 2080 3305 ﬁdem
2114 3230 2478 3298 liberaturum,
2502 3232 2548 3285 si
2581 3241 2671 3285 aut
2712 3241 2913 3299 tempus
2941 3230 3131 3285 habeat
3159 3243 3250 3286 aut
3279 3233 3348 3287 ad
3382 3236 3560 3303 ipsum
3591 3233 3639 3286 is

454 3309 632 3364 adeat.

382 3467 627 3523 Eaistala
650 3467 718 3521 ad
733 3466 1007 3538 quemdam
1039 3464 1297 3521 Joannem
1323 3466 1387 3520 de
1405 3467 1754 3538 quarumdam
1780 3481 1953 3519 rerum

2070 3463 2398 3538 Ἐπιστολὴ
2433 3463 2581 3538 πρός
2610 3480 2744 3538 τινα
2765 3462 3064 3538 ξΙωᾴννην
3091 3465 3241 3538 ίτερί
3272 3479 3448 3538 τινων
3483 3466 3643 3538 ὐπο-

450 3537 820 3609 argumentis;
868 3554 930 3591 ac
989 3538 1323 3609 de__actione,
1350 3548 1398 3592 et
1434 3538 1674 3592 instituto
1706 3537 1823 3590 vine
1858 3552 1953 3589 cu.

444 3606 663 3677 juidam
685 3609 883 3664 sororis
917 3625 1027 3663 sute-
1053 3606 1330 3662 Macrinw.

448 3718 585 3775 Novi
622 3719 895 3790 quosdam.
924 3720 1164 3790 pictores
1208 3720 1457 3775 inutilem
1507 3720 1655 3774 illam
1701 3720 1954 3776 ambitio-

380 3825 505 3868 nem
529 3811 826 3881 gratillcari
873 3821 1101 3882 aspectu
1154 3813 1311 3867 valde
1339 3812 1594 3883 turpibus
1636 3814 1863 3879 amicis;
1897 3813 1951 3868 in

380 3916 597 3967 eorum,
628 3909 689 3955 ut
712 3916 808 3955 sua
831 3903 1012 3972 imago
1038 3903 1315 3972 pingatur,
1348 3902 1531 3957 animo
1556 3918 1949 3974 prapensorum

381 3991 612 4049 formam
657 3995 869 4063 pictura
919 3993 1258 4047 immutando
1296 4012 1309 4047 :
1341 3997 1680 4049 contrarium
1732 3997 1952 4067 quidem

380 4083 512 4155 quid
544 4081 831 4147 facientes,
860 4098 1024 4154 quam
1055 4085 1156 4154 ipsi
1205 4085 1406 4139 vellent
1440 4103 1453 4140 :
1487 4087 1540 4139 in
1576 4088 1779 4157 quibus
1809 4088 1954 4141 enim

380 4176 610 4247 picturae
634 4175 941 4231 imitatione
971 4178 1646 4246 naturamﬁu'opemodum
1680 4181 1956 4251 corrigere

377 4268 571 4323 volunt
598 4267 844 4339 pulchre,
872 4267 1214 4337 multumque
1233 4266 1443 4324 floridis
1463 4269 1742 4326 coloribus
1765 4286 1777 4336 ;
1807 4271 1954 4340 quod

380 4357 571 4414 forma:
605 4358 962 4429 injucundum
994 4368 1077 4416 est
1114 4361 1218 4415 sub
1261 4361 1446 4415 tabula
1468 4361 1811 4417 occultantes
1836 4363 1955 4418 elli-

380 4452 521 4521 giem
566 4452 641 4505 ita
689 4459 1021 4522 permutant.
1060 4451 1176 4506 Illis
1207 4452 1287 4506 sic
1322 4451 1568 4521 profecto
1598 4466 1707 4506 non
1740 4453 1952 4507 lucrum

380 4549 466 4595 est
515 4540 683 4596 ullum
728 4539 865 4596 ﬂava
913 4555 1072 4595 coma
1122 4550 1177 4596 et
1223 4544 1533 4612 profunda;
1570 4545 1856 4599 incurvata
1899 4546 1953 4599 in

384 4632 582 4698 fronte,
617 4640 781 4702 atque
824 4632 1293 4703 circuntfulgens;
1338 4645 1392 4690 et
1433 4635 1544 4700 ille,
1576 4637 1670 4707 qui
1711 4638 1765 4690 in
1799 4636 1956 4692 labiis

380 4725 503 4792 llos,
527 4733 583 4781 et
609 4726 704 4797 qui
722 4739 890 4795 super
911 4738 1080 4795 genas
1110 4724 1315 4793 rubor;
1353 4726 1847 4797 palpebrarumque
1867 4741 1957 4781 or-

2128 3534 2381 3604 0éaewrf
2413 3534 2513 3588 καὶ
2544 3534 2677 3601 περὶ
2717 3532 2833 3604 τῆς
2860 3532 3171 3604 διαγωγῆς,
3209 3535 3305 3587 καὶ
3338 3535 3642 3588 καταστά-

2124 3621 2276 3670 σεως
2308 3602 2419 3672 τῆς
2457 3606 2735 3670 τοιαύτης
2770 3602 3259 3672 ἀδελφῆς-αὺτοῦ
3303 3605 3638 3673 Naupli-nc.

2122 3711 2255 3769 Οἶδα
2287 3716 2439 3779 τινὰς
2460 3714 2568 3767 τῶν
2596 3714 2901 3786 ζωγράφων
2933 3715 3241 3786 φιλοτιμίαν
3265 3717 3523 3786 ἀνόνητον
3543 3735 3642 3787 χα-

2057 3807 2143 3881 ρίζ
2149 3808 2302 3861 εσθαι
2334 3810 2447 3872 τοῖς
2494 3806 2917 3878 είδεχθεστέροις
2951 3807 3059 3861 τῶν
3093 3808 3283 3878 φίλων,
3328 3809 3388 3863 ἐν
3428 3809 3507 3880 τῷ
3540 3828 3638 3881 με-

2054 3900 2358 3971 ταγράφειν
2404 3900 2505 3969 τὴν
2556 3899 2768 3971 μορφὴν
2808 3901 2889 3963 εἰς
2921 3900 3105 3953 εἰκόνα
3142 3900 3639 3972 προθυμουμένων,

2055 3992 2295 4044 ἐναντίον
2339 3990 2395 4043 δέ
2437 4008 2487 4043 τι
2540 3990 2837 4045 ποιούντων
2883 3990 2916 4063 ἢ
2969 3990 3269 4061 βούλονταιθ
3299 3992 3357 4045 ἐν
3406 3987 3490 4057 οἷς
3530 3996 3646 4065 γὰρ

2054 4080 2389 4154 διορθοῦνται
2416 4080 2577 4152 δῆθεν
2605 4084 2672 4152 τῇ
2703 4083 2932 4152 μιμήσει
2963 4083 3061 4154 τὴν
3091 4082 3253 4153 φύσιν
3276 4086 3386 4146 τοῖς
3413 4083 3642 4137 εὐανθε-

2059 4173 2265 4243 στέροις
2288 4174 2395 4226 τῶν
2433 4173 2763 4244 χρωμάτων,
2783 4174 2842 4227 τὸ
2878 4174 2975 4246 τῆς
3004 4179 3218 4247 μορφῆς
3243 4174 3397 4243 ἀηδὲς
3421 4177 3512 4228 ἐπὶ
3533 4176 3637 4229 τοῦ

2058 4262 2281 4325 πίνακος
2302 4263 2655 4335 κρύπτοντες,
2678 4265 2766 4317 τὸν
2793 4266 3119 4337 χαρακτῆρα
3148 4264 3635 4335 παραλλάττουσιν.

2070 4356 2157 4419 Ὠς
2202 4352 2293 4410 οὖν
2324 4355 2409 4409 ἐπ’
2453 4356 2677 4411 ἐκείνων
2723 4358 2914 4427 κέρδος
2965 4359 3064 4411 οὐκ
3116 4360 3261 4411 ἔστιν
3306 4358 3453 4411 οὐδὲν
3484 4359 3641 4431 κόμη

2059 4448 2224 4519 ξανθὴ
2253 4448 2345 4502 καὶ
2400 4448 2610 4518 βαθεῖα,
2657 4450 3092 4521 ἐπικυρτουμένη
3144 4450 3221 4521 τῷ
3267 4451 3502 4522 μετώπῳ
3543 4454 3642 4507 καὶ

2060 4540 2498 4609 περιστίλϐουσα,
2540 4542 2632 4594 καὶ
2667 4542 2727 4595 τὸ
2764 4542 2854 4595 ἐπὶ
2886 4541 2980 4595 τοῦ
3005 4543 3215 4613 χείλους
3250 4543 3429 4609 ἄνθος,
3459 4546 3642 4598 καὶτὸ

2057 4631 2149 4683 ἐπὶ
2176 4632 2275 4701 τῆς
2299 4635 2529 4705 mpera;
2559 4633 2866 4706 ἐρύορημα,
2891 4634 3172 4705 βλεφάρων
3197 4653 3257 4687 τε
3279 4635 3477 4700 κύκλος
3496 4677 3512 4702 ,
3542 4638 3644 4691 καὶ

2058 4722 2212 4786 ἀκτὶς
2241 4724 2523 4794 ὀμμάτων,
2555 4726 2646 4780 καὶ
2669 4724 2870 4795 ὀφρύες
2891 4727 2948 4779 ἐν
2975 4725 3050 4796 τῷ
3082 4726 3273 4796 μέλανι
3306 4727 3638 4791 στίλϐουσαι.

381 4816 490 4882 bis,
526 4825 579 4872 et
611 4815 896 4870 oculorum
928 4812 1151 4881 radius;
1195 4821 1359 4883 atque
1407 4816 1624 4885 nigrore
1672 4814 1950 4868 illucentia

2068 4815 2147 4868 (αἱ
2177 4815 2483 4886 ὲπιλάμπον
2531 4820 2596 4889 τῇ
2648 4818 2812 4890 ὀφρύϊ
2861 4819 3141 4890 μέτωπον·
3173 4821 3267 4873 καὶ
3315 4820 3371 4873 εἰ
3411 4838 3464 4874 τι
3511 4821 3645 4875 ἄλλο

384 4905 713 4976 supercilia;
754 4920 818 4960 ac
845 4904 898 4959 in
940 4905 1253 4975 superciliis
1277 4903 1427 4961 frons
1460 4905 1795 4968 coruscans;
1831 4914 1883 4960 et
1907 4905 1954 4960 si

2068 4906 2259 4959 τοιοῦτο
2286 4908 2385 4977 τὴν
2413 4908 2512 4977 τῆς
2544 4910 2755 4981 μορφῆς
2787 4910 2936 4981 ὤραν
2967 4911 3435 4982 συναπεργάζεται
3458 4954 3473 4978 ,
3509 4914 3643 4985 (ἐὰν

382 4997 516 5070 quid
543 4995 691 5051 aliud
730 4997 838 5051 tale
863 4995 1054 5051 formae
1083 4995 1309 5052 conficit
1339 4998 1827 5067 opportunitatem.
1864 4996 1959 5051 Et-

381 5090 530 5145 enim
561 5089 608 5145 si
634 5095 877 5142 anatura
912 5102 976 5143 ea
1007 5104 1117 5141 non
1148 5087 1385 5155 habeat;
1429 5088 1742 5159 cuicunque
1778 5088 1956 5159 picto-

2051 4996 2161 5068 γὰρ
2190 4999 2263 5069 μὴ
2285 5000 2435 5072 παρὰ
2463 5000 2564 5071 τῆς
2607 5001 2819 5071 φύσεως
2842 5002 2940 5075 ἔχῃ
2963 5003 3183 5057 τοιαῦτα
3209 5007 3237 5058 ὁ
3260 5005 3338 5076 τῷ
3364 5005 3645 5079 ζωγράφῳ

2057 5089 2341 5161 προτεθεὶς
2370 5091 2450 5154 είς
2481 5092 2579 5163 τὴν
2613 5093 2864 5164 μίμησιν,
2893 5094 3042 5148 ούέἐν
3066 5093 3320 5149 ἀπώνατο
3343 5095 3442 5167 τῆς
3460 5096 3643 5151 τοιαύ-

382 5197 507 5238 rum
555 5181 875 5253 propositus
918 5180 966 5235 is
1017 5181 1107 5244 sit,
1163 5188 1221 5232 ut
1267 5179 1477 5249 pictura
1512 5180 1833 5248 simuletur;
1885 5182 1954 5235 nil

2068 5196 2155 5251 της
2196 5182 2651 5254 φιλανθρωπίας)ο
2685 5186 2774 5238 τὸν
2804 5187 2963 5239 αὐτὸν
3008 5188 3208 5259 τρόπον
3248 5188 3395 5241 δοκεῖ
3441 5207 3554 5260 μοι,
3590 5193 3643 5245 ετ

383 5285 611 5342 prorsus
650 5268 903 5323 utilitatis
932 5283 999 5323 ev
1026 5267 1340 5338 hujusmodi
1366 5268 1743 5325 benevolentia
1764 5285 1956 5327 conse-

386 5370 606 5433 quetur.
661 5359 863 5416 Eodem
904 5357 1066 5415 modo
1112 5358 1165 5413 id
1201 5360 1422 5416 evenire
1464 5360 1599 5415 mihi
1637 5362 1876 5427 videtur,
1909 5364 1957 5419 si

386 5455 513 5525 quis
544 5462 769 5526 prapter
814 5451 1111 5508 amicitiam
1158 5451 1208 5507 ei
1251 5464 1411 5524 quem
1457 5451 1699 5521 adamat,
1733 5455 1955 5511 laudum

363 5636 877 5727 ,ΜςιξἸλιέολέμου
902 5635 1031 5692 τοῦ.
1069 5634 1144 5692 Id.
1186 5636 1585 5709 πολεμούντων.
1613 5636 1782 5694 Paulo
1808 5647 1953 5709 post,

364 5708 869 5849 ἠῗεὸξὲἱίᾶξέιοηιιε
897 5792 963 5833 ex
993 5776 1232 5835 editione
1256 5786 1311 5835 et
1339 5776 1788 5849 interpretatione
1808 5778 1953 5834 Lau-

388 5844 557 5906 rentii
589 5844 859 5918 Zacagni,

2060 5290 2142 5335 τις
2189 5273 2293 5326 ὑπὸ
2340 5275 2518 5344 φιλίας
2556 5277 2792 5331 ἐπαίνων
2836 5279 3142 5351 ὑπερϐολὰς
3176 5281 3252 5351 τῷ
3286 5281 3641 5354 ἀγαπωμένῳ

2061 5361 2352 5434 χαρίζοιτο,
2390 5366 2485 5418 καὶ
2533 5367 2868 5423 ἀναπλάσσει
2899 5370 2976 5442 τῷ
3018 5370 3160 5441 λόγῳ
3194 5371 3268 5442 μὴ
3313 5365 3425 5433 οἶός
3468 5373 3642 5440 ἐστιν,

2062 5454 2173 5508 ἀλλ’
2191 5449 2300 5510 οἷον
2319 5451 2455 5510 εἶναι
2480 5462 2745 5530 προσήκει
2759 5460 2851 5514 τὸν
2872 5460 2930 5514 ἐν
2947 5462 3108 5515 παντὶ
3122 5462 3183 5515 τὸ
3198 5462 3403 5516 τέλειον
3423 5463 3642 5533 ἔχοντα,

2282 5642 2582 5725 Sequentes
2616 5649 2911 5725 epistolas_
2936 5659 3142 5722 septem
3183 5652 3372 5711 Graece
3426 5657 3640 5725 primus
3708 5646 3715 5653 ’

2058 5710 2311 5799 ,ει
2350 5710 2569 5799 {latinas
2605 5710 2750 5799 fecit
2795 5718 2846 5777 J.
2876 5720 2936 5775 Β.
2974 5710 3296 5784 Caraccioli.
3338 5710 3361 5799 (ί
3389 5710 3640 5782 (ἱέιιιειιιά.

2059 5780 2182 5837 Bibl
2189 5783 2315 5841 iatlt.
2352 5784 2440 5857 Vl,
2469 5787 2622 5861 624.)
