4002 6206
449 302 586 360 ιιι-ιδ

1560 380 1567 390 ¹
1626 300 2002 358 EPISTOLE.
2035 329 2103 339 ——
2138 299 2352 355 EPIST.
2398 299 2526 359 ΧίΧ.

3576 300 3711 354 1074

445 424 525 494 τῷ
550 422 650 495 μὲν
675 421 819 492 λόγῳ
849 422 938 475 τὸν
970 421 1127 492 ὀρθὸν
1158 420 1270 492 βίον
1316 418 1654 486 ἐτυπὼσατο,
1678 420 1767 473 τὸν
1789 418 1847 472 δὲ
1881 418 2032 488 φίλον

2144 418 2556 487 exsuperantias
2592 416 2952 487 gratiﬁcetur,
2997 425 3050 473 et
3078 417 3257 488 ipsum
3289 431 3544 472 sermone
3567 418 3712 471 ellin-

445 516 506 569 οὺ
540 512 740 584 μᾶλλον
767 514 1029 584 ἐσέμνυνε
1054 516 1174 577 ταῖς
1208 512 1316 566 τῶν
1351 511 1584 565 ἐπαίνων
1616 509 1962 583 ὑπερϐολαῖς,
1990 510 2024 582 ἢ

445 603 723 675 διήλεγξεν
771 604 1264 674 άντιφθεγγόμενον
1306 602 1396 657 διὰ
1436 602 1527 657 τοῦ
1577 601 1693 673 βίου
1738 600 1816 672 τῷ
1850 600 2024 671 λόγῳ,

447 696 543 748 καὶ
562 693 722 748 ἄλλον
747 695 1094 765 δεικνύμενον
1115 694 1148 767 ἢ
1176 688 1287 757 οἷος
1306 693 1606 765 νομίζεται.
1630 692 1695 745 Τί
1717 688 1810 747 οὖν
1827 694 1855 746 ό
1874 692 2030 760 λόγος

451 803 543 857 μοι
590 785 877 856 βούλεται;
913 781 1067 838 Εἶδον
1099 785 1157 837 ἐν
1199 786 1311 847 τοῖς
1346 784 1638 854 γράμμασι
1670 782 1771 853 τῆς
1810 782 2031 852 ἀγάπης

450 896 545 932 σου
572 875 685 932 οἷον
714 877 1001 949 ἀνδριάντα
1044 876 1164 930 τινὰ
1203 876 1340 948 πρὸς
1375 876 1437 928 τὸ
1471 876 1767 950 ἀκρότατον
1793 875 2032 945 ἀπηκρι-

448 970 735 1041 ϐωμένον,
798 963 843 1038 ᾧ
885 968 1055 1040 ὄνομα
1105 965 1172 1040 ῆν
1217 968 1328 1039 ἐγώ
1359 987 1373 1001 ’
1420 969 1519 1040 ἐμὲ
1574 967 1683 1041 γάρ
1738 968 1927 1040 ἐδήλου
1970 966 2032 1020 τὸ

449 1063 704 1134 γράμμα.
753 1061 890 1116 ’Δλλ’
934 1061 1121 1134 ἐπειδὴ
1173 1061 1360 1133 ῶσπερ
1391 1063 1449 1114 ἐν
1489 1061 1776 1131 κατόπτρῳ
1817 1058 1894 1130 τῷ
1930 1058 2030 1129 βίῳ

451 1152 563 1222 ἐγὼ
581 1152 658 1223 τῷ
682 1150 917 1224 ἐμαυτοῦ
946 1151 1088 1204 κατὰ
1115 1153 1293 1206 πᾶσαν
1317 1150 1599 1223 ἀκρίϐειαν
1620 1149 1826 1215 ἐνιδὼν,
1859 1149 2031 1218 ἔγνων

447 1243 685 1316 ἐμαυτὸν
730 1242 988 1314 πάμπολυ
1034 1243 1434 1314 κεχωρισμένον
1473 1242 1570 1314 τῆς
1612 1242 1700 1296 διὰ
1748 1241 2029 1312 τοῦλόγου

449 1338 664 1407 γραφῆς
690 1352 703 1367 ⁸
740 1336 800 1389 σὲ
833 1335 931 1405 μὲν
963 1334 1331 1407 ἀπδειξάμην
1362 1336 1454 1390 καὶ
1480 1336 1567 1389 διά
1596 1335 1796 1389 τούτων
1829 1335 1888 1388 τὸ
1908 1335 2030 1403 φιλ-

448 1426 653 1493 άγαθον
695 1424 963 1491 δείξαντα.
1000 1427 1077 1478 Δι’
1106 1419 1181 1478 ὧν
1209 1426 1315 1497 γὰρ
1348 1425 1587 1489 τοιοῦτον
1617 1422 1757 1481 εἶναι
1783 1426 2028 1492 νομίσας,

447 1516 701 1570 τοσοῦτον
730 1517 1044 1586 ἠγάπησας,
1081 1517 1483 1588 ἐναργεστάτην
1503 1516 1774 1582 ἀπόδειξιν
1799 1518 1897 1588 τῆς
1923 1517 2031 1570 τῶν

447 1609 666 1679 τρόπων
700 1625 793 1661 σου
823 1608 1124 1679 πεποίησαι
1162 1608 1488 1680 δεξιότητος.
1525 1610 1612 1673 Ὠς
1650 1609 1906 1680 οὐδεμίαν
1937 1609 2031 1663 ἄλ-

450 1700 548 1769 λην
573 1699 666 1753 τοῦ
711 1700 934 1770 ἀγαπᾷν
964 1700 1219 1771 ἀφορμὴν
1254 1701 1391 1772 πλὴν
1436 1700 1532 1773 τὴν
1574 1702 1796 1773 ἀρετὴν.
1836 1698 1905 1774 ἧς
1937 1705 2031 1756 καὶ

2131 516 2243 578 gat,
2279 522 2390 561 non
2441 508 2620 577 qualis
2669 517 2773 573 est,
2801 510 2898 564 sed
2932 510 3152 580 qualem
3197 522 3319 564 esse
3363 506 3521 564 decet
3558 523 3709 571 eum,

2131 597 2246 667 qui,
2277 597 2423 668 quod
2467 600 2689 654 omnino
2726 598 3025 669 perlectum
3061 608 3166 668 est,
3215 601 3444 656 obtinet.
3494 600 3710 655 Oratio-

2132 704 2198 744 ne
2229 689 2448 760 quidem
2491 699 2697 745 rcctam
2734 691 2880 746 illius
2911 691 3078 746 vitam
3115 692 3162 749 is
3196 691 3423 761 ﬁgurat;
3471 691 3708 746 amicum

2131 795 2261 835 vero
2284 796 2345 836 ea
2375 779 2596 835 laudum
2634 781 3004 851 superlatione
3023 798 3130 835 non
3157 785 3330 854 magis
3351 782 3706 838 veneratione

2132 871 2355 940 dignum
2391 872 2603 938 reddet,
2636 888 2798 942 quam
2830 873 3123 944 redarguet
3162 875 3397 929 orationi
3430 877 3539 929 vita
3573 889 3709 929 con-

2134 950 2526 1031 tradieéntem;
2546 974 2600 1019 et
2623 964 2789 1019 alium
2818 980 2940 1020 sese
2974 965 3378 1029 ostendentcm,
3397 982 3559 1036 quam
3575 982 3712 1037 qua-

2132 1057 2203 1112 lis
2244 1057 2614 1112 existimatur.
2657 1056 2800 1123 Quid
2831 1056 2999 1128 igitur
3033 1059 3133 1113 sibi
3166 1059 3279 1112 vult
3302 1074 3455 1113 meus
3487 1060 3713 1114 sermo?

2134 1148 2256 1204 Vidi
2302 1150 2359 1204 in
2400 1150 2599 1205 litteris
2645 1149 2929 1207 charitatis
2981 1159 3088 1205 tua:
3138 1151 3316 1220 qualis
3354 1158 3537 1206 statua
3564 1165 3709 1220 qua:-

2132 1243 2257 1297 dam
2310 1257 2526 1301 summa
2577 1242 2862 1313 diligentia
2918 1251 3039 1298 erat
3091 1244 3164 1298 ibi
3231 1243 3511 1298 elaborata
3557 1258 3571 1295 :
3621 1244 3709 1298 cui

2132 1350 2331 1390 nomen
2366 1350 2519 1405 eram
2554 1350 2672 1405 ego.
2724 1334 2810 1390 Me
2857 1335 3059 1390 ctenim
3093 1334 3380 1389 manifeste
3432 1332 3712 1387 indicabat
3800 1346 3807 1353 ν

2132 1428 2384 1499 epistola.
2408 1428 2473 1481 At
2499 1427 2720 1490 deinde,
2745 1426 2823 1480 uti
2849 1427 2901 1480 in
2926 1427 3171 1497 speculo,
3201 1425 3254 1479 in
3280 1426 3502 1480 meimet
3535 1424 3711 1495 ipsius

2132 1522 2247 1575 vita
2294 1520 2443 1575 omni
2488 1519 2774 1590 diligentia
2814 1535 2913 1591 ego
2962 1535 3048 1575 me
3097 1518 3427 1589 inspiciens,
3476 1518 3711 1589 cognovi

2135 1630 2222 1669 me
2248 1614 2427 1683 ipsum
2454 1613 2681 1667 omnino
2712 1613 2781 1667 ab
2819 1628 2885 1668 eo
2920 1612 3132 1682 scripto
3162 1619 3386 1682 propter
3412 1612 3566 1665 illum
3588 1625 3708 1666 ser-

2134 1720 2352 1760 monem
2392 1705 2600 1760 distare
2633 1714 2797 1775 atque
2838 1704 3136 1769 recedere;
3183 1714 3233 1759 te
3263 1719 3394 1759 vero
3425 1704 3713 1775 perspicue

450 1796 582 1864 ήμῖν
609 1810 663 1845 τι
708 1793 948 1862 μετεῖναι
981 1791 1237 1861 νομίζων,
1270 1795 1326 1845 ἐν
1359 1795 1472 1854 τοῖς
1510 1792 1901 1862 γνησιωτάτοις
1927 1793 2035 1846 τῶν

2144 1798 2291 1853 sensi
2323 1813 2472 1865 eum,
2511 1796 2607 1867 qui
2634 1797 2715 1852 vel
2739 1804 2964 1868 propter
2996 1797 3111 1851 haec
3142 1795 3433 1865 probitatis
3466 1809 3711 1849 amorem

450 1884 623 1952 φίλων
644 1882 821 1953 ἔσχες.
853 1881 944 1935 Διὸ
967 1882 1147 1943 καλῶς
1175 1882 1317 1954 ἔχειν
1340 1882 1525 1954 ᾠήθην
1544 1882 1610 1936 δι’
1638 1883 1875 1954 ἐμαυτοῦ
1902 1883 2036 1954 μᾶλ-

452 1978 545 2031 λον
576 1976 639 2030 τὸ
658 1974 898 2047 ἐμαυτοῦ
924 1975 1235 2044 γινώσκειν,
1260 1976 1292 2047 ἢ
1328 1980 1448 2039 ταῖς
1481 1976 1682 2048 ἐτέρων
1711 1977 2037 2049 μαρτυρίαις

452 2068 817 2141 παράγεσθαι·
865 2066 968 2121 κᾶν
1002 2069 1061 2121 ἐν
1096 2068 1210 2131 τοῖς
1234 2066 1414 2130 ἄλλοις
1451 2069 1611 2121 πᾶσιν
1655 2061 1874 2148 ἀληθεῖς
1904 2062 2038 2121 ὦσιν

451 2162 501 2215 οἱ
539 2161 833 2233 μάρτυρες.
883 2158 1055 2214 Τοῦτο
1100 2159 1210 2231 γὰρ
1255 2160 1347 2213 καὶ
1388 2162 1417 2213 ὸ
1450 2160 1827 2234 παροιμιώδης
1877 2159 2036 2231 λόγος

454 2255 771 2326 παρεγγυᾷ⁸
805 2253 1013 2307 ἑαυτῶν
1042 2252 1423 2323 ἐπιγνώμονας
1448 2254 1717 2320 γίνεσθαι,
1747 2254 1874 2317 τοὺς
1907 2254 2037 2325 μέλ-

454 2346 645 2409 λοντας
685 2343 827 2398 κατὰ
864 2343 955 2397 τὸν
1006 2342 1204 2410 ἔξωθεν
1247 2342 1404 2411 λόγον
1454 2344 1680 2406 ἐαυτοὺς
1723 2342 2036 2411 γινώσκειν.

468 2437 630 2490 Ἀλλὰ
649 2436 824 2490 ταῦτα
849 2435 948 2502 μὲν
970 2436 1050 2499 είς
1069 2435 1342 2497 τοσοῦτον,
1368 2434 1442 2498 ὡς
1465 2433 1531 2488 ἂν
1555 2435 1628 2506 μή
1653 2434 1868 2506 δοκοίην
1888 2435 2038 2505 αὐτῷ

453 2529 532 2601 τῷ
569 2528 954 2600 παραιτεῖσθαι
995 2528 1087 2582 τὸν
1136 2529 1376 2591 ἔπαινον,
1426 2527 1535 2581 τῶν
1576 2527 1815 2582 ἐπαίνων
1852 2545 2038 2582 κατει-

457 2620 811 2693 ρωνεύεσθαι.
852 2620 1007 2672 Ἐπεὶ
1050 2620 1108 2673 δὲ
1144 2619 1467 2673 διεκελεύσω
1506 2619 1696 2687 λόγους
1726 2617 1879 2682 τινὰς
1910 2620 2040 2689 περὶ

455 2713 563 2768 τῶν
591 2714 723 2784 ἡμῖν
751 2712 1099 2783 ζητουμένων
1122 2711 1435 2782 πονήσαντα
1459 2709 1738 2780 ὠφελῆσαί
1764 2727 1817 2763 τι
1844 2708 1906 2761 τὸ
1927 2726 2041 2763 κοι-

456 2806 545 2859 νὸν
565 2806 654 2859 διά
673 2806 772 2876 τῆς
792 2803 1046 2875 τοιαύτης
1069 2802 1307 2872 σπουδῆς
1324 2820 1337 2834 ·
1366 2802 1599 2871 γίνωσκε
1624 2799 1873 2854 τοσοῦτον
1892 2801 2041 2871 ήμᾶς

461 2898 855 2970 μετεσχηκέναι
884 2897 1100 2967 σχολῆς,
1132 2897 1255 2949 ὅσον
1289 2893 1484 2965 μικροῦ
1515 2894 1627 2946 δεῖν
1648 2893 1874 2957 ἐκεῖνος,
1912 2892 2041 2963 περὶ

456 2989 518 3046 οὗ
552 2992 684 3062 φησί
726 3008 812 3054 τις
862 2991 970 3043 τῶν
1018 2989 1313 3061 προφητῶν
1342 2989 1424 3040 ὅτι
1461 2987 1801 3058 συμπλακεὶς
1845 2986 2039 3049 λέοντι,

457 3083 553 3137 καὶ
593 3081 751 3152 μόγις
796 3079 1011 3141 διεκδὺς
1057 3078 1119 3131 τὸ
1158 3076 1366 3147 χάσμα.
1406 3077 1501 3130 καὶ
1539 3075 1637 3145 τὴν
1681 3075 1788 3128 τῶν
1831 3074 2037 3144 ὀνύχων

458 3138 809 3240 άκμῆν,’καθ’
838 3167 867 3221 ὃ
892 3138 1053 3239 μέρος
1077 3138 1212 3238 ῷετο
1235 3138 1477 3237 φεύγειν,
1511 3138 1668 3218 ἔλαθε
1706 3165 1843 3219 κατά
2064 3138 2105 3197 c

458 3261 559 3331 τῆς
584 3261 786 3332 ἄρκτου
812 3260 1119 3331 γενόμενος.
1147 3255 1279 3312 Εἶτα
1303 3258 1523 3329 διαδρὰς
1549 3259 1646 3311 σὺν
1669 3258 1840 3325 ἀγῶνι
1861 3255 2038 3326 πολλῷ

460 3354 555 3407 καὶ
578 3353 766 3407 τοῦτον
792 3353 882 3406 τὸν
915 3351 1176 3417 κίνδυνον,
1212 3352 1307 3405 καὶ
1338 3351 1474 3421 πρὸς
1508 3350 1599 3404 τὸν
1638 3351 1817 3419 τοῖχον
1853 3349 2039 3412 ἐαυτὸν

459 3444 776 3512 ἀναπαύων,
826 3443 1019 3514 ἐνέδρᾳ
1073 3444 1167 3496 καὶ
1213 3443 1449 3513 δήγματι
1494 3442 1669 3511 δφεως
1718 3438 2038 3510 συνηνέχθη.

459 3535 696 3606 Τοιαύτη
724 3551 809 3597 τις
840 3532 1030 3602 γέγονε
1068 3532 1177 3585 τῶν
1207 3530 1682 3603 συμπεπτωκότων
1722 3530 1854 3600 ἡμῖν
1886 3530 2041 3581 ἀνια-

464 3629 575 3702 ρῶν
608 3630 642 3699 ή
677 3628 945 3697 συνέχεια.
978 3626 1088 3680 Καὶ
1112 3625 1285 3689 οὕτως
1322 3623 1614 3694 ἐπάλληλοι
1645 3622 1755 3675 τῶν
1782 3619 2043 3693 λυπηρῶν

462 3724 518 3776 αἱ
548 3720 791 3791 διαδοχαὶ
819 3720 906 3774 άεὶ
942 3722 1061 3783 ταῖς
1098 3715 1424 3789 ὑπερϐολαῖς
1473 3715 1581 3768 τῶν
1618 3711 2042 3784 ἐπιγενομένων,

466 3814 637 3886 μικρὰ
666 3813 736 3867 τὰ
778 3813 1059 3882 φθάσαντα
1101 3810 1279 3863 δοκεῖν
1321 3805 1461 3861 εἶναι
1507 3805 2042 3877 παρασκευάζουσαι.

462 3905 528 3959 Et
551 3905 608 3957 δὲ
633 3903 710 3975 μὴ
745 3903 997 3973 φορτικόν
1023 3902 1140 3954 ἐστι
1178 3898 1355 3970 λύπην
1388 3902 1500 3962 τοῖς
1533 3896 1791 3966 ἀγαπῶσι
1814 3897 2045 3967 χαρίσα-

466 3998 590 4051 σθαι
612 4000 724 4059 τοῖς
757 3996 1103 4067 σκυθρωποῖς
1138 3994 1495 4064 διηγήμασιν,
1530 3991 1832 4061 ἐκθήσομαί
1873 4007 1955 4043 σοι
1980 3989 2047 4042 δι’

2135 1896 2190 1944 οι
2227 1889 2472 1944 studium
2518 1898 2992 1944 commonstrares
3025 1904 3039 1941 :
3084 1903 3181 1956 per
3226 1904 3359 1958 quae.
3392 1888 3594 1943 etenim
3625 1900 3713 1941 me

2135 1980 2302 2035 talem
2318 1995 2454 2037 esse
2478 1980 2808 2035 existimans
2833 1987 3047 2034 tantum
3083 1980 3278 2035 amasti
3304 1996 3321 2046 ;
3365 1978 3606 2034 instituti
3629 1977 3713 2032 tui

2137 2072 2379 2127 solertia:
2407 2072 2836 2127 declarationem
2868 2071 3051 2127 fecisti
3090 2071 3562 2127 evidentissimam
3590 2089 3605 2137 ;
3652 2076 3716 2125 ut

2138 2162 2345 2216 nullam
2371 2161 2535 2216 aliam
2558 2176 2747 2216 amore
2767 2160 3158 2230 complectaris
3180 2160 3495 2216 facultatem
3520 2168 3717 2230 praeter

2137 2255 2399 2310 virtutem
2432 2270 2446 2306 :
2479 2254 2641 2324 cujus
2667 2263 2722 2309 et
2751 2255 2908 2310 nobis
2950 2256 3248 2326 quidquam
3275 2254 3447 2323 partis
3475 2267 3598 2309 esse
3623 2252 3717 2323 ju-

2137 2345 2350 2409 dicans,
2396 2344 2542 2400 inter
2591 2346 2839 2400 omnium
2892 2348 3129 2401 maxime
3184 2346 3458 2415 legitimos
3505 2346 3713 2399 amicos

2139 2454 2240 2493 nos
2272 2438 2463 2493 habes.
2503 2436 2651 2493 Bene
2677 2438 2890 2493 idcirco
2910 2453 3035 2495 esse
3064 2439 3250 2508 putavi
3278 2454 3343 2492 ex
3372 2445 3571 2493 memet
3594 2438 3717 2507 ipso

2138 2530 2347 2602 magis,
2397 2545 2523 2601 quae
2562 2530 2619 2584 in
2660 2545 2749 2585 me
2789 2531 2911 2601 ipso
2940 2538 3105 2597 sunt,
3141 2531 3509 2600 dignoscere,
3549 2544 3719 2599 quam

2140 2622 2372 2675 aliorum
2404 2620 2737 2676 testimoniis
2785 2621 3014 2684 seduci,
3054 2619 3160 2675 etsi
3191 2620 3247 2673 in
3289 2620 3413 2673 aliis
3454 2619 3718 2675 omnibus

2140 2715 2256 2770 veri
2312 2715 2419 2784 ipsi
2475 2714 2589 2768 sint
2636 2720 2806 2769 testes
2840 2733 2853 2768 :
2887 2712 2995 2767 hoc
3042 2713 3189 2768 enim
3236 2721 3293 2766 et
3353 2710 3719 2780 proverbialis

2142 2818 2329 2858 sermo
2377 2805 2740 2871 pronuntiat:
2778 2802 2876 2858 Sui
2927 2803 3104 2872 ipsius
3149 2802 3535 2872 exploratores
3586 2800 3721 2855 (iant

2142 2897 2243 2962 illi,
2283 2897 2376 2967 qui
2409 2911 2469 2952 se
2498 2898 2647 2967 ipsos
2682 2911 2916 2953 noscere
2947 2895 3149 2952 debent
3185 2898 3342 2966 juxta
3373 2911 3459 2959 ca,
3485 2910 3609 2966 qua:
3644 2896 3716 2951 ab

2141 2986 2385 3043 externis
2411 2986 2518 3040 sibi
2560 2986 2842 3042 dicuntur.
2875 2986 2942 3039 At
2974 3001 3106 3041 vero
3143 2987 3257 3040 lucc
3288 3000 3402 3040 non
3437 2985 3563 3040 ideo
3590 2985 3720 3055 qui-

2146 3078 2270 3139 dem
2322 3087 2548 3132 narrata
2589 3078 2702 3132 sint
2728 3116 2742 3139 ,
2780 3092 2844 3132 ac
2883 3077 2929 3132 si
2955 3118 2968 3139 ,
3008 3092 3133 3132 cum
3186 3078 3401 3132 laudem
3447 3090 3721 3141 recusem,

2142 3170 2277 3224 mihi
2328 3169 2515 3224 videar
2566 3184 2596 3222 a
2628 3170 2741 3224 tuis
2794 3169 3054 3224 laudibus
3090 3184 3189 3239 per
3222 3168 3725 3224 dissimulationem

2142 3261 2360 3316 illusus.
2388 3259 2878 3326 Quoniam‘autem
2906 3260 3234 3314 cohortatus
3266 3274 3349 3324 es,
3387 3267 3446 3313 ut
3471 3257 3727 3329 quaedam

2143 3352 2211 3406 de
2266 3352 2335 3407 iis
2382 3366 2504 3421 qua:
2569 3365 2600 3405 a
2657 3351 2816 3405 nobis
2869 3350 3115 3420 quaesisti
3188 3349 3367 3405 dicam
3414 3350 3573 3421 ipse,
3631 3349 3726 3419 qui

2146 3441 2464 3512 hujusmodi
2526 3456 2694 3512 opera
2746 3450 2802 3497 et
2852 3442 3037 3498 studio
3087 3441 3372 3512 publicum
3424 3440 3725 3512 quidquam

2142 3536 2343 3606 juvare
2372 3535 2603 3591 elaboro
2643 3554 2656 3589 :
2689 3536 2833 3592 scito
2863 3538 3001 3590 tanti
3026 3536 3124 3589 otii
3168 3545 3425 3606 expertes
3458 3551 3560 3591 nos
3580 3550 3725 3601 esse,

2144 3634 2411 3696 quantum
2435 3627 2607 3683 lcrme
2630 3628 2742 3690 ille,
2771 3635 2832 3681 ut
2856 3627 3087 3684 haberet
3117 3629 3206 3683 ille
3226 3667 3241 3691 ,
3273 3627 3343 3682 de
3366 3642 3479 3697 quo
3500 3626 3729 3698 quidam

2147 3720 2542 3790 prophetarum
2572 3720 2715 3775 dixit
2734 3720 2775 3753 “
2799 3739 2812 3775 :
2840 3720 2986 3791 quod
3009 3736 3133 3775 cum
3161 3721 3318 3775 leone
3339 3721 3727 3790 complicatus,

2147 3819 2203 3866 et
2232 3827 2379 3883 aegre
2423 3811 2549 3868 inde
2592 3813 2832 3868 evadens
2856 3852 2871 3876 ,
2927 3828 3025 3883 per
3064 3827 3229 3883 quam
3256 3818 3468 3882 partem
3504 3811 3733 3883 putabat

2147 3906 2265 3961 oris
2312 3905 2521 3959 hiatum
2566 3906 3017 3977 ungularumque
3055 3904 3338 3975 cuspidem
3369 3903 3600 3975 fugere,
3635 3919 3731 3973 per

2148 4013 2268 4053 eam
2311 3997 2523 4080 inscius
2571 4006 2738 4069 atque
2778 3998 3095 4068 imprudens
3133 4013 3275 4055 ursa:
3303 4013 3369 4054 os
3399 4011 3569 4069 prope
3607 3996 3730 4051 fuit.

464 4090 647 4158 ὀλίγου
669 4088 768 4158 τὴν
793 4087 967 4158 κακὴν
997 4085 1258 4156 ἱστορίαν.
1290 4081 1398 4137 Ἦν
1425 4085 1555 4154 ήμῖν
1584 4082 1787 4152 ἀδελφή
1812 4081 1905 4134 τοῦ
1932 4082 2041 4151 βίου

2153 4083 2362 4139 Deinde
2407 4094 2460 4139 ct
2493 4102 2556 4140 cx
2597 4087 2700 4141 hoc
2734 4088 2984 4155 periculo
3025 4102 3231 4156 magno
3274 4101 3402 4142 cum
3431 4085 3735 4141 certamine

464 4180 817 4245 διδάσκαλος,
843 4181 876 4248 ή
934 4178 1071 4249 μετὰ
1115 4177 1213 4248 τήν
1261 4176 1473 4247 μητέρα
1528 4176 1733 4245 μήτηρ,
1783 4172 2041 4243 τοσαύτην

2151 4176 2437 4245 dilapsus,
2478 4186 2644 4247 atque
2682 4193 2843 4233 secus
2897 4194 3115 4231 murum
3173 4193 3234 4233 se
3281 4179 3461 4247 ipsum
3515 4177 3733 4248 requie-

466 4273 663 4345 ἔχουσα
695 4271 793 4342 τὴν
816 4271 951 4342 πρὸς
980 4269 1113 4322 Θεὸν
1142 4267 1474 4340 παρρησίαν,
1506 4266 1648 4320 ὥστε
1687 4265 1893 4336 πύργον
1920 4267 2041 4336 ἡμῖν

2155 4283 2341 4329 secus,
2376 4284 2500 4322 cum
2531 4269 2747 4323 insidiis
2770 4280 2822 4323 ct
2848 4284 3036 4323 morsu
3061 4270 3337 4339 serpentis
3361 4269 3595 4325 collatus
3623 4279 3731 4325 est.

470 4365 651 4435 ἰσχύος
700 4360 858 4425 εἶναι.
903 4362 998 4415 καὶ
1048 4362 1210 4415 ὅπλον
1258 4360 1535 4424 εὐδοκίας,
1584 4357 1765 4421 καθώς
1808 4374 1971 4428 φησιν
2016 4357 2051 4427 ή

424 4493 435 4503 .
466 4457 680 4528 Γραφὴ,
705 4456 799 4509 καὶ
824 4455 977 4508 πόλιν
1003 4452 1263 4524 περιοχῆς
1292 4452 1387 4505 καὶ
1409 4453 1513 4504 πᾶν
1535 4449 1830 4517 ἀσφαλείας
1856 4448 2046 4517 ὄνομα,

467 4550 554 4603 διὰ
580 4549 681 4620 τὴν
715 4545 1025 4619 προσοῦσαν
1068 4549 1132 4598 ἐκ
1174 4544 1268 4598 τού
1312 4546 1428 4616 βίου
1462 4545 1601 4614 αὐτῇ
1637 4543 1769 4613 πρὸς
1803 4543 1891 4595 τὸν
1920 4542 2050 4594 Θεὸν

468 4639 800 4709 παρρησίαν.
835 4636 989 4705 ᾬκει
1018 4635 1073 4689 δὲ
1106 4635 1200 4688 τοῦ
1230 4635 1432 4687 Πόντου
1458 4634 1523 4686 τὰ
1562 4632 1784 4702 ἔσχατα,
1816 4633 1910 4686 τοῦ
1936 4633 2051 4701 βίου

466 4729 577 4783 τῶν
601 4727 905 4800 ἀνθρώπων
930 4728 1133 4797 ἑαυτὴν
1158 4726 1488 4791 ἐξοικίσασα.
1518 4725 1691 4797 Χορὸς
1712 4720 1779 4796 ἦν
1811 4730 1939 4795 περὶ
1965 4726 2054 4779 αύ-

466 4822 569 4893 τήν
595 4821 883 4893 παρθένων
904 4819 1092 4884 πολύς.
1134 4821 1232 4881 ’Ἂς
1256 4817 1394 4887 αὑτὴ
1421 4817 1506 4870 διὰ
1535 4818 1642 4871 τῶν
1670 4817 2054 4886 πνευματικῶν

465 4913 674 4967 ὠδίνων
704 4914 1033 4985 γεννήσασα,
1067 4911 1161 4964 καὶ
1190 4912 1269 4973 εἰς
1307 4908 1582 4963 τελείωσιν
1603 4907 1690 4962 διά
1719 4908 1896 4977 πάσης
1934 4910 2054 4961 ἐπι-

421 4979 431 4997 .
470 5005 687 5076 μελείας
716 4979 1052 5076 προάγουσα,
1074 5003 1172 5073 τὴν
1205 5001 1313 5054 τῶν
1353 5000 1598 5068 ἀγγέλων
1632 5001 1881 5069 ἐμιμεῖτο
1909 4998 2053 5067 ζωὴν

467 5097 525 5148 ἐν
553 5095 884 5167 ἀνθρωπίνῳ
909 5093 989 5165 τῷ
1026 5094 1257 5164 σώματι.
1294 5092 1407 5146 υύκ
1435 5088 1501 5161 ῆν
1528 5091 1797 5162 διάκρισις
1827 5092 1881 5142 ἐν
1915 5091 2054 5160 αὐτῇ

468 5186 662 5249 νυκτὸς
719 5186 813 5241 καὶ¹
858 5184 1069 5257 ἡμέρας
1097 5199 1111 5213 '
1145 5184 1277 5236 ἀλλά
1316 5185 1408 5235 καὶ
1453 5182 1548 5246 νὺξ
1592 5181 1809 5253 ἐνεργὸς
1860 5182 1917 5232 ἐν
1946 5184 2055 5243 τοῖς

467 5275 561 5330 τοῦ
596 5276 771 5347 φωτὸς
808 5275 989 5349 ἔργοις
1031 5276 1338 5340 ἐδείκνυτο,
1368 5275 1462 5327 καὶ
1502 5273 1680 5344 ήμὲρα
1720 5273 1817 5344 τὴν
1860 5290 2054 5326 νυκτε-

471 5370 625 5440 ρινὴν
664 5369 893 5441 ἡσυχίαν
935 5368 1015 5438 τῷ
1062 5368 1322 5438 ἁταράχῳ
1366 5366 1464 5435 τῆς
1513 5365 1659 5434 ζωῆς
1705 5366 2049 5436 ὑπεκρίνετο.

468 5460 690 5531 Φωνῆεν
719 5456 786 5532 ἦν
809 5460 945 5531 αὐτῇ
966 5459 1052 5513 διὰ
1079 5459 1280 5523 παντὸς
1304 5458 1495 5529 χρόνου
1526 5457 1587 5510 τὸ
1607 5458 1831 5527 οἴκημα.
1860 5458 2052 5521 νυκτὸς

472 5555 565 5608 καὶ
611 5554 825 5627 ἡμέρας
868 5556 987 5617 ταῖς
1026 5552 1365 5624 ψαλμῳδίαις
1408 5550 1856 5621 περιηχούμενον.
1906 5547 2057 5613 Εἶδες

2158 4356 2307 4412 'l'alis
2343 4356 2594 4427 quaadam
2633 4357 2794 4412 nobis
2836 4357 2979 4411 facta
3010 4366 3097 4413 est
3136 4358 3464 4414 acerborum
3504 4373 3735 4414 casuum

2156 4450 2503 4504 continuatio
2538 4468 2550 4504 :
2591 4457 2644 4503 et
2694 4451 2768 4503 ita
2800 4458 3005 4504 mutua:
3033 4450 3279 4504 tristium
3317 4466 3503 4505 rerum
3529 4491 3545 4515 ,
3580 4465 3738 4505 exsu-

2160 4542 2410 4611 perantia
2460 4558 2677 4612 semper
2719 4542 3131 4597 advenientium
3160 4582 3174 4606 ,
3214 4543 3605 4598 successiones
3651 4545 3738 4597 vi-

2157 4634 2359 4699 dentur
2413 4644 2538 4705 post
2592 4651 2760 4706 parva
2816 4638 3183 4707 praecedentia
3233 4651 3359 4692 esse
3399 4644 3619 4706 paratae.
3677 4636 3737 4689 Si

2157 4737 2342 4783 autem
2381 4743 2551 4797 grave
2587 4744 2696 4782 non
2733 4740 2818 4783 est
2842 4771 2856 4794 ,
2893 4731 3202 4785 molestiam
3235 4729 3317 4785 eis
3344 4729 3436 4801 qui
3473 4728 3737 4783 adaman-

2158 4828 2269 4882 tur.
2315 4821 2368 4875 in
2409 4821 2622 4873 tetricis
2656 4822 3070 4877 narrationibus
3104 4821 3403 4891 gratiﬁcari
3430 4864 3444 4887 ,
3480 4820 3736 4875 miseram

2159 4910 2456 4964 historiam
2491 4910 2589 4964 tibi
2647 4911 2838 4980 paucis
2872 4925 3165 4980 exponam.
3217 4908 3393 4965 Soror
3418 4919 3538 4966 erat
3576 4911 3737 4967 nobis

2161 5000 2287 5055 vita:
2340 4999 2647 5071 magistra;
2699 5016 2819 5071 quae
2871 5008 2994 5071 post
3050 5007 3278 5055 matrem
3329 5001 3490 5055 nobis
3536 5009 3737 5067 mater,

2161 5098 2374 5144 tantum
2419 5090 2653 5144 habebat
2700 5091 2765 5143 azl
2817 5087 2987 5144 Deum
3044 5090 3368 5146 interiorem
3402 5106 3690 5148 accessum
3720 5135 3735 5159 ,

2163 5196 2221 5238 ut
2254 5194 2308 5238 et
2339 5182 2508 5237 turris
2545 5184 2703 5238 nobis
2727 5191 2874 5238 esset
2901 5182 3243 5240 fortitudinis
3271 5193 3324 5239 et
3351 5184 3509 5239 bona:
3543 5185 3743 5240 volun-

2165 5275 2292 5329 tatis
2318 5282 2623 5336 armatura,
2650 5274 2815 5330 sicuti
2846 5275 2922 5327 ait
2959 5272 3255 5345 Scriptura
3284 5276 3349 5341 “,
3383 5284 3438 5331 et
3460 5276 3594 5332 urbs
3622 5292 3742 5330 mu-

2164 5366 2413 5427 nitionis,
2446 5374 2501 5419 et
2550 5381 2711 5421 omne
2745 5365 2930 5420 tutela:
2960 5381 3159 5420 nomen
3188 5384 3203 5431 ;
3246 5375 3466 5437 propter
3493 5382 3619 5422 eum
3647 5367 3742 5436 qui

2164 5459 2268 5530 ipsi
2300 5475 2365 5512 ex
2397 5457 2519 5526 ejus
2552 5457 2661 5512 vita
2698 5457 2909 5523 aderat,
2942 5474 3227 5513 accessum
3265 5459 3331 5514 ad
3355 5458 3546 5515 Deum.
3583 5461 3743 5515 Inco-

2169 5553 2313 5609 lcbat
2350 5561 2533 5609 autem
2588 5551 2748 5609 Ponti
2804 5562 3089 5621 extrema,
3159 5569 3284 5609 cum
3346 5570 3411 5611 ex
3456 5554 3742 5613 hominum

550 5762 594 5795 ’³
627 5764 891 5829 Amos.r,
933 5761 1014 5816 l9.
1097 5761 1307 5818 κειται.
1340 5762 1512 5831 L.\,5;
1553 5779 1599 5830 ι’,
1640 5761 1730 5823 l5;
1777 5778 1900 5831 xxx,
1940 5761 2206 5831 25,011,
2248 5761 2332 5816 il.
