4002 6206
311 354 451 413 10Ἴῖ

1466 371 1848 431 EPISTOLAS.
1882 408 1949 418 ——
1978 376 2196 433 EPlST.
2234 376 2371 432 XIX.

3439 371 3577 428 1078

308 506 441 556 των,
469 486 566 539 καὶ
606 487 906 557 κατηφείας
953 489 1256 560 διηνεκοῦς,
1288 492 1383 544 καὶ⁵
1433 491 1661 558 πένθους
1706 496 1807 565 τὴν
1837 498 1901 551 ὲκ

2021 503 2355 552 κιεῑρηοηιηι
2407 494 2766 551 multitudine
2823 494 3126 559 adeuntes,
3184 504 3403 562 aequum
3455 505 3579 547 esse

310 578 407 632 τοῦ
436 580 630 650 χρόνου
659 576 812 632 λύσιν
836 581 937 634 οὐκ
965 580 1341 651 ἀναμένοντος.
1374 582 1455 635 Τά
1484 584 1584 653 μὲν
1606 585 1714 660 γὰρ
1739 586 1900 642 λοιπά

310 668 421 722 τῶν
441 670 627 723 κακῶν
649 669 729 741 τῷ
749 671 1105 743 προσεθισμῷ
1126 674 1258 744 ῥᾷον
1279 676 1329 728 οί
1353 675 1628 748 ἄνθρωποι
1654 679 1899 750 φέρουσιο

313 762 382 814 τά
408 762 465 813 δὲ
485 760 719 815 ἐνταῦθα
741 763 981 832 προῖόντι
1006 763 1086 835 τῷ
1101 766 1279 837 χρόνῳ
1304 770 1423 831 ταῖς
1448 769 1767 842 ἐφευρὲσεσι
1789 770 1901 841 (92)

313 850 424 904 τῶν
454 850 798 923 ἀηδεστέρων
822 852 1162 918 συναύξεται.
1202 857 1362 912 Ἀλλὰ
1389 858 1498 930 γὰρ
1518 860 1738 931 γίνομαι
1765 861 1902 931 μετά

315 943 426 995 τῶν
455 943 659 998 λοιπῶν
679 945 994 999 ἐπισκόπων
1017 946 1127 999 τῶν
1153 949 1233 1011 είς
1257 948 1390 1003 αὐτὸ
1413 949 1572 1004 τοῦτο
1601 951 1905 1023 συγκεκλη-

321 1034 520 1104 μένων,
555 1036 633 1099 ὡς
679 1035 892 1108 ψήφους
942 1038 1081 1109 ὑπὲρ
1125 1041 1459 1110 χειροτονίας
1505 1041 1815 1113 δεξάμενος,
1866 1046 1899 1114 ἡ

316 1124 499 1195 ψῆφος
525 1125 584 1179 δὲ
615 1126 764 1197 ἤμην
786 1126 916 1196 ἐγώ.
952 1130 1064 1182 Καὶ
1091 1130 1319 1198 ἠγνόουν
1349 1131 1460 1202 (95)
1486 1134 1514 1186 ὁ
1540 1133 1772 1198 δείλαιος
1792 1138 1904 1198 τοῖς

318 1217 561 1287 ἐμαυτοῦ
598 1221 820 1290 πτεροῖς
865 1218 1239 1290 ἁλισκόμενος.
1291 1224 1515 1289 Στάσεις
1545 1226 1638 1278 ἐπὶ
1670 1225 1902 1290 τούτοις,

319 1309 581 1377 ἀνάγκαι,
640 1309 886 1381 δάκρυα,
942 1314 1352 1383 προσπτώσεις,
1407 1316 1667 1385 φυλακαὶ,
1718 1319 1904 1389 τάγμα

322 1402 731 1471 στρατιωτικὸν,
786 1403 882 1456 καὶ
935 1404 1098 1469 αὐτὸς
1158 1407 1187 1459 ό
1239 1408 1667 1479 ἐπιτεταγμένος
1720 1411 1905 1475 αὐτοῖς

320 1493 500 1563 κόμης
531 1492 643 1564 (94)
676 1493 797 1547 καθ’
832 1495 988 1565 ἡμῶν
1029 1498 1371 1568 στρατηγῶν,
1407 1500 1498 1553 καὶ
1526 1501 1625 1572 τὴν
1663 1501 1756 1555 τοῦ
1787 1504 1907 1574 ἡγε-

325 1587 487 1655 μόνος
517 1585 836 1639 δυναστείαν
868 1589 953 1656 ἐφ’
995 1589 1144 1658 ἡμᾶς
1175 1590 1361 1656 κινῶν,
1394 1594 1488 1645 καὶ
1522 1595 1702 1647 πᾶσαν
1730 1594 1903 1667 ἀφορ-

326 1676 434 1747 μὴν
473 1677 607 1748 πρὸς
633 1677 731 1749 τὴν
767 1679 1058 1748 τυραννίδα
1079 1680 1180 1752 τὴν
1200 1681 1322 1735 καθ’
1356 1682 1513 1753 ἡμῶν
1547 1687 1905 1758 συναγείρων.

324 1767 470 1830 Ἕως
513 1768 773 1839 ὲνεφῆκεν
802 1770 947 1839 ἡμᾶς
985 1769 1096 1843 (95)
1126 1775 1238 1836 τοῖς
1283 1773 1643 1840 Βαϐυλωνίοις
1681 1779 1868 1840 κακοῖς
1890 1793 1905 1809 °

325 1859 458 1929 παρ’
485 1853 565 1923 οἷς
590 1860 825 1930 τοσαύτη
859 1879 943 1925 τις
970 1865 1192 1932 γέγονεν
1224 1866 1257 1933 ἡ
1302 1866 1431 1937 περὶ
1466 1867 1564 1938 τὴν
1593 1868 1773 1921 πίστιν
1801 1868 1910 1921 τῶν
1942 1842 1986 1901 Β

324 1951 630 2022 ἀνθρώπων
661 1954 724 2006 ὲκ
756 1952 1001 2007 παλαιῶν
1027 1958 1235 2026 χρόνων
1259 1958 1512 2030 διαφορὰ,
1544 1958 1685 2013 ὥστε
1724 1960 1913 2025 αὐτοῖς

326 2045 729 2116 ἐνσκιρωθῆναι
761 2047 861 2117 τὴν
906 2048 1081 2111 νόσον,
1131 2050 1225 2103 καὶ
1268 2052 1550 2106 ἀδιάλυτον
1586 2053 1698 2123 (96)
1736 2048 1908 2106 εἶναι’

324 2135 421 2188 καὶ
454 2136 726 2207 μάχεσθαι
749 2138 885 2210 πρὸς
911 2141 1037 2203 τοὺς
1068 2140 1390 2214 θεραπεύειν
1420 2143 1829 2214 ἐπιχειροῦντας
1850 2144 1912 2197 τὸ

325 2228 519 2293 πάθος.
568 2231 765 2295 Βαθεῖς
803 2234 913 2304 γὰρ
950 2234 1123 2297 ἄλλως
1166 2234 1339 2301 ὅντες,
1387 2237 1480 2288 καὶ
1529 2237 1627 2307 τὴν
1659 2236 1913 2305 γλῶσσαν

326 2319 490 2372 πλέον
522 2320 556 2391 ἢ
595 2319 881 2393 βάρὸαροι,
925 2322 1104 2386 δασεῖς
1139 2339 1197 2374 τε
1227 2323 1326 2393 τὴν
1361 2321 1542 2392 φωνὴν
1582 2324 1676 2375 καὶ
1707 2320 1910 2393 θηριώ-

323 2413 436 2475 δεις
452 2429 466 2441 ⁸
498 2412 598 2484 τὴν
621 2412 827 2467 δίαιταν
857 2414 997 2468 κατά
1028 2415 1094 2469 τὰ
1123 2414 1314 2487 δολερὰ
1339 2414 1445 2468 τῶν
1470 2414 1671 2484 Θηρίων
1692 2416 1754 2485 τῇ
1777 2413 1913 2485 πρὸς

323 2504 387 2566 τὸ
414 2504 585 2558 κακὸν
609 2507 914 2579 εὐμηχανίᾳ.
940 2507 1110 2568 οὕτως
1141 2507 1491 2579 ἐξήσκηνται,
1525 2508 1600 2570 ὡς
1633 2506 1800 2577 μηδὲν
1818 2506 1914 2558 αύ-

324 2599 437 2660 τοῖς
486 2592 622 2650 εἶναι
668 2597 761 2651 τὸν
805 2599 1169 2671 Ἀρχιμήδην·
1206 2598 1406 2669 μᾶλλον
1448 2600 1525 2659 δὲν
1577 2599 1830 2669 Σίσυφονν
1875 2599 1909 2670 ἢ

326 2687 652 2757 Κερκύωνα,
689 2687 722 2758 ἢ
754 2688 1052 2759 Σκείρωνα,
1078 2687 1110 2760 ἢ
1142 2690 1197 2741 εί
1235 2706 1386 2750 τινας
1410 2688 1682 2752 τοιούτους
1721 2687 1913 2752 ἄλλους

327 2780 387 2831 ὲν
419 2781 536 2842 ταῖς
571 2780 837 2851 ἱστορίαις
870 2780 1163 2850 ἀκούομεν.
1206 2780 1279 2833 Τὸ
1315 2779 1413 2849 μὲν
1441 2778 1549 2851 γὰρ
1576 2778 1770 2848 ψεῦδος
1805 2779 1912 2832 πά-

330 2890 431 2942 σης
459 2872 715 2942 ἀληθείας
747 2874 894 2926 ἐστὶν
920 2874 1104 2937 αὐτοῖς
1138 2873 1499 2945 ἑτοιμότερον.
1523 2871 1682 2927 Οὕτω
1705 2872 1761 2925 δὲ
1793 2874 1916 2925 ἐπι-

329 2966 620 3039 θαρσοῦσιν
635 2966 726 3019 ὑπ’
748 2966 1130 3036 ἀναισχυντίας
1149 2965 1227 3036 τῷ
1247 2965 1560 3035 Massam,
1582 2966 1657 3031 ὡς
1679 2965 1913 3020 οὐδὲτοῦ

326 3057 616 3128 ἀληθεύειν
653 3058 702 3111 οἱ
728 3059 855 3129 περὶ
887 3056 1044 3111 τοῦτο
1076 3058 1314 3129 σφοδροί.
1350 3058 1458 3112 Καὶ
1499 3058 1561 3110 τὸ
1591 3058 1914 3129 ἐλεγχθῆναι

2003 590 2345 643 censentium
2371 627 2385 648 .
2419 596 2480 643 ut
2509 587 2892 643 haereticorum
2922 585 3295 641 incursionem
3325 590 3581 638 antever-

2003 688 2268 732 teremus.
2302 675 2410 732 Sed
2437 692 2558 748 qua:
2597 676 2665 731 ad
2706 676 2826 731 haec
2865 683 3304 746 consequuntur,
3358 670 3581 727 silentio

2004 770 2169 840 digna
2213 775 2344 825 sunt
2369 808 2383 833 ,
2422 775 2475 823 et
2520 769 2826 839 ploratibus
2861 767 3324 823 inenarrabilibus
3349 808 3363 832 ,
3397 764 3582 821 conti-

2005 858 2268 928 nentique
2293 871 2533 913 mmrore
2557 865 2611 912 et
2647 858 2820 922 luctu,
2851 857 2946 927 qui
2977 856 3355 912 remissionem
3386 871 3416 911 a
3453 864 3585 911 tem-

2006 964 2138 1021 pore
2182 949 2409 1003 minime
2460 949 2835 1018 prestolatur.
2879 947 3015 1002 Nam
3052 947 3268 1017 reliqua
3313 945 3584 1000 malorum

2007 1040 2367 1096 assuetudine
2413 1041 2636 1108 quidem
2686 1039 2848 1095 facile
2895 1039 3149 1096 homines
3202 1038 3424 1104 ferunt;
3464 1050 3588 1106 quae

2008 1139 2189 1187 autem
2220 1132 2311 1187 hic
2339 1140 2651 1203 sequuntur
2678 1140 2803 1187 cum
2834 1131 3212 1188 invasionibus
3241 1129 3588 1185 acerbiornm

2006 1238 2235 1288 rerum,
2311 1223 2642 1292 praecedenti
2700 1221 2929 1291 tempori
2986 1228 3146 1274 aucta
3209 1220 3585 1274 cumulantur.

2007 1314 2223 1369 Etenim
2258 1330 2385 1370 cum
2432 1315 2663 1384 reliquis
2710 1314 2958 1368 consisto
2999 1311 3342 1367 antistitibus
3388 1308 3456 1363 ad
3487 1309 3589 1363 hoc

2007 1407 2186 1478 ipsum
2229 1406 2510 1477 negotium
2552 1406 2911 1481 convocatis,
2958 1406 3039 1460 uti
3076 1405 3170 1474 qui
3213 1400 3473 1471 suffragia
3520 1400 3589 1455 de

2009 1499 2257 1553 antistite
2298 1497 2640 1569 designando
2694 1497 3081 1568 susciperem,
3150 1502 3204 1550 et
3261 1491 3589 1562 suffragium

2009 1594 2154 1648 inter
2195 1608 2298 1648 nos
2341 1592 2509 1646 latum
2554 1591 2672 1661 ipse
2714 1590 2923 1647 fueram
2948 1629 2962 1653 ,
3015 1604 3079 1643 ac
3121 1588 3383 1658 ignorans
3421 1585 3591 1640 miser

2010 1687 2234 1742 meimet
2286 1685 2463 1755 ipsius
2509 1692 2707 1754 captus
2767 1699 2888 1740 sum
2922 1683 3047 1738 alis.
3099 1679 3410 1736 Seditiones
3440 1684 3593 1748 post-

2012 1776 2148 1842 hzec,
2178 1776 2358 1831 aversi
2398 1775 2634 1845 durique
2663 1791 2847 1841 casus,
2876 1777 3150 1847 lacrymze.
3182 1780 3447 1835 terrores,
3487 1784 3590 1825 cu-

2014 1867 2231 1932 stodiae,
2260 1868 2408 1923 acies
2430 1868 2708 1935 militaris,
2730 1876 2785 1924 et
2810 1869 2927 1938 ipse
2948 1866 3279 1923 constitutus
3303 1864 3385 1920 eis
3406 1876 3592 1917 comes

2014 1976 2160 2026 sum,
2192 1959 2496 2015 exercitum
2522 1967 2719 2015 contra
2748 1975 2849 2014 nos
2870 1959 3023 2028 ipsos
3054 1958 3264 2013 ducens
3290 1972 3306 2022 ;
3343 1961 3592 2025 potesta-

2015 2061 2237 2123 temque
2280 2052 2442 2107 ducis
2485 2052 2753 2109 adversus
2792 2052 2943 2122 ipsos
2975 2067 3078 2106 nos
3108 2064 3359 2109 movens.
3388 2057 3444 2103 et
3474 2062 3598 2102 om-

2016 2159 2137 2198 nem
2170 2158 2514 2214 congregans
2542 2152 2906 2214 opportunam
2936 2142 3225 2199 materiam
3252 2140 3322 2195 ad
3357 2153 3594 2211 regnum

2013 2242 2209 2290 contra
2276 2251 2377 2291 nos
2435 2234 2813 2291 excitandum.
2872 2234 3096 2290 interim
3141 2232 3209 2287 ad
3254 2231 3599 2304 Babylonen-

2016 2327 2158 2381 siam
2205 2325 2390 2381 clades
2434 2324 2668 2381 adversa
2709 2325 2930 2381 fortuna
2986 2340 3090 2381 nos
3139 2324 3416 2379 immisit:
3452 2320 3598 2392 apud

2014 2432 2155 2487 quos
2181 2424 2330 2472 tanta
2367 2415 2616 2485 quaedam
2667 2416 2819 2472 circa
2851 2415 3011 2473 fidem
3053 2416 3123 2470 ab
3170 2430 3255 2480 ea,
3306 2429 3430 2484 qua:
3477 2422 3599 2469 erat

2016 2508 2299 2563 hominum
2326 2508 2679 2578 antiquorum
2709 2516 3037 2579 temporum,
3069 2505 3217 2562 facta
3237 2504 3598 2562 estdiﬁeren-

2014 2600 2111 2665 tia,
2143 2607 2203 2654 ut
2228 2599 2453 2654 morbus
2486 2614 2715 2670 prorsus
2742 2600 2796 2654 in
2824 2599 2962 2671 ipsis
2992 2599 3354 2665 obduruerit;
3416 2598 3599 2668 sitque

2015 2692 2417 2749 indissolubilis
2439 2711 2454 2749 :
2489 2691 2627 2748 adeo
2645 2701 2707 2748 ut
2728 2690 2948 2748 aﬂectio
2968 2707 3135 2764 prava
3158 2692 3424 2749 adversus
3441 2705 3598 2746 cura-

2016 2785 2220 2840 tionem
2254 2786 2631 2857 aggredientes
2664 2795 2883 2857 pugnet.
2908 2784 3046 2840 Cum
3075 2784 3223 2841 enim
3251 2784 3471 2854 ingenio
3488 2783 3598 2839 sint

2016 2879 2295 2933 incassum
2316 2876 2575 2947 profundi
2602 2894 2617 2943 ;
2648 2878 2835 2948 lingua
2854 2892 2986 2932 vero
3011 2876 3136 2947 plus
3158 2890 3325 2946 quam
3348 2873 3597 2939 barbari;

2017 2984 2318 3039 vocemque
2374 2968 2601 3025 densam
2634 2968 2901 3024 habentes
2956 2974 3013 3023 et
3070 2966 3339 3034 ferinam;
3381 2962 3601 3020 vivendi

2018 3062 2285 3117 rationem
2308 3060 2465 3130 juxta
2498 3059 2739 3116 ferarum
2779 3060 2936 3115 dolos
2963 3066 3145 3115 astuta
3169 3058 3236 3114 ad
3268 3057 3475 3113 malum
3514 3070 3599 3111 ar-

326 3151 462 3220 παρ*
496 3152 681 3214 αὐτοῖς
726 3151 820 3203 ἐπὶ
851 3152 962 3213 τοῖς
1000 3150 1277 3221 μεγίστοις
1315 3152 1527 3215 κακοῖς,
1564 3150 1788 3222 ἀφορμὴ
1817 3150 1914 3220 τῆς

2021 3161 2071 3207 te
2098 3151 2259 3207 talem
2294 3159 2584 3213 exercent.
2623 3158 2685 3206 ut
2712 3150 2850 3206 nihil
2880 3165 2991 3221 pra.
3016 3150 3155 3220 ipsis
3201 3146 3601 3212 Archimedes,

327 3239 482 3311 παρὰ
511 3242 624 3304 τοῖς
673 3239 887 3303 πολλοῖς
933 3239 1335 3311 εὖδοκιμὴσεως
1367 3240 1614 3308 γίνεται·
1662 3239 1818 3310 ὕϐρις
1854 3256 1913 3292 τε

328 3334 426 3387 καὶ
451 3332 726 3403 θρασύτης
760 3332 854 3385 nati.
897 3331 1244 3402 ἀναισθησία,
1280 3331 1432 3401 καὶὴ
1474 3330 1584 3383 τῶν
1609 3331 1915 3402 λεγομένων

251 3400 263 3410 ·
329 3400 565 3477 δυσωδία
592 3400 907 3491 πολιτισμὸς
935 3418 1095 3486 εἶναι,
1118 3400 1225 3475 καί
1256 3437 1339 3483 τις
1365 3400 1590 3490 τοιαύτη
1631 3400 1917 3488 φιλοκαλία

330 3514 628 3585 νομίζεται.
664 3513 851 3569 Ταῦτά
897 3531 979 3567 σοι
1020 3513 1129 3567 ἀπὸ
1171 3511 1381 3566 πολλῶν
1417 3511 1593 3579 ὀλίγα,
1625 3510 1917 3581 φεύγοντες

328 3610 430 3677 τὴν
462 3605 731 3679 ἀμετρίαν
776 3606 873 3677 τῆς
920 3604 1235 3674 ἐπιπολῆς,
1273 3603 1590 3676 ἐξεθέμεθα,
1622 3604 1701 3679 ῶς
1737 3604 1803 3657 ἂν
1840 3605 1915 3676 μὴ

332 3672 621 3771 ῥαθυμίαν,
648 3698 805 3771 ἡμῶν
832 3672 1269 3766 -καταγινώσκοις
1312 3696 1375 3750 τὸ
1420 3672 1778 3769 λογογραφεῖν

329 3790 427 3845 τοῦ
465 3790 552 3863 (97
562 3802 577 3857 >
621 3790 716 3843 νῦν
763 3790 1237 3861 ἀναδαλλομένοις.
1302 3789 1440 3843 Ἀλλ’
1475 3791 1529 3843 εῖ
1578 3808 1657 3844 σοι
1704 3791 1919 3854 παντως

411 4023 524 4091 (92)
578 4023 951 4095 Ἑτευρέσεσι.
982 4023 1230 4095 Graecum
1260 4022 1529 4095 scripturn
1559 4022 1724 4095 habet
1752 4022 1915 4092 ἐφεύ-

333 4111 511 4177 ρεσιν,
550 4093 847 4177 ὲξρεύρεσις.
878 4094 988 4146 τῶν
1016 4093 1221 4151 κακῶν,
1254 4094 1574 4175 adiuventio
1605 4093 1871 4146 malorum
1899 4110 1914 4160 ;

330 4162 445 4218 τῶν
476 4162 910 4234 ἐκκλησιαστῶν,
948 4174 1004 4218 et
1042 4179 1329 4234 sacrorum
1381 4165 1718 4234 scriptorum
1750 4177 1951 4218 voca—.

334 4236 528 4291 bulum
552 4274 567 4297 ,
602 4232 750 4302 quod
795 4235 940 4289 valet
982 4234 1248 4299 incursio,
1289 4232 1515 4288 invasio'
1552 4232 1830 4295 cladium,
1862 4241 1918 4288 et

336 4307 485 4359 male
510 4305 909 4374 intelligeretur
930 4304 991 4357 τὸ
1022 4304 1165 4357 mala
1195 4320 1311 4374 qum
1334 4304 1609 4358 inveniunt
1644 4319 1738 4357 nos
1770 4303 1915 4374 sacri

336 4376 489 4437 libri,
526 4389 622 4444 pro
664 4375 808 4428 mala
848 4390 965 4444 qua:
1004 4376 1267 4442 reperiunt
1312 4391 1426 4428 nos.
1454 4374 1549 4429 Est
1575 4374 1723 4430 enim
1748 4373 1914 4434 mala,

337 4461 464 4516 qua?
498 4445 766 4500 invadunt
800 4461 900 4500 nos
937 4464 950 4498 :
981 4446 1131 4510 licet,
1177 4462 1274 4516 nios
1306 4446 1562 4516 invenire
1594 4444 1760 4507 ninia,
1789 4458 1918 4516 esse

336 4513 551 4587 possit,
586 4533 681 4571 nos
716 4516 946 4584 reperire
980 4515 1155 4587 mala.
1200 4514 1393 4587 Vado,
1429 4525 1483 4570 et
1524 4513 1916 4587 venio‘eodem

2016 3245 2141 3314 plus
2174 3243 2350 3298 dicam
2372 3283 2388 3308 ,
2411 3241 2690 3315 Sisyphus
2706 3244 2798 3308 sit,
2822 3251 2918 3298 aut
2947 3243 3217 3314 Cercyon,
3249 3238 3559 3309 Scironque
3583 3278 3600 3304 ,

2013 3348 2107 3389 aut
2131 3336 2179 3390 si
2206 3349 2348 3405 quos
2378 3335 2519 3390 alios
2545 3336 2683 3392 tales
2717 3337 2772 3391 in
2801 3336 3051 3392 historiis
3073 3335 3354 3390 audimus.
3378 3332 3600 3388 Mentiar

2009 3412 2158 3482 cium
2181 3434 2362 3481 autem
2377 3426 2525 3481 omni
2549 3429 2725 3498 magis
2747 3426 3039 3482 veritatein
3060 3433 3315 3497 promptu
3337 3422 3600 3495 estipsis;

2013 3524 2069 3572 et
2088 3517 2179 3570 tali
2203 3515 2539 3587 impudentia
2561 3516 2616 3571 in
2647 3516 2957 3573 mentiendo
2973 3516 3279 3581 confidunt,
3308 3523 3368 3570 ut
3384 3521 3600 3569 tantum

2024 3611 2080 3664 in
2108 3608 2340 3664 veritate
2370 3623 2480 3663 non
2514 3607 2685 3664 fidant
2714 3609 2987 3680 loquenda
3004 3610 3099 3680 qui
3133 3608 3188 3663 in
3218 3623 3284 3664 ea
3304 3608 3601 3663 vehemen-

2025 3708 2488 3769 teroccnpantur.
2518 3698 2586 3754 Et
2623 3702 2766 3772 apud
2799 3701 2950 3772 ipsos
2992 3701 3047 3756 in
3093 3700 3348 3756 maximis
3394 3699 3600 3768 impro-

2029 3790 2289 3847 bitatibus
2322 3790 2602 3861 redargui,
2646 3794 2867 3849 occasio
2917 3793 3062 3864 apud
3096 3793 3302 3849 multos
3341 3791 3401 3847 fit
3445 3790 3601 3847 bona

2025 4022 2480 4093 significationem
2504 4064 2518 4087 ,
2568 4032 2619 4078 et
2650 4021 2903 4094 Hesychii
2927 4063 2941 4086 ,
2976 4022 3269 4092 Siiiquuc
3296 4019 3605 4090 expositio-

2026 4109 2173 4149 nem.
2207 4103 2262 4145 et
2284 4094 2442 4159 juxm
2482 4095 2585 4148 loci
2617 4096 2972 4148 sententiam.

2097 4164 2211 4228 (95)
2249 4164 2405 4229 Ἕως
2436 4162 2739 4232 ὲνεφῆιιεν
2764 4163 2939 4233 ἡμᾶς.
2980 4164 3141 4218 Deest
3174 4176 3339 4217 casus
3369 4168 3600 4233 rectus:

2026 4241 2080 4287 et
2107 4234 2489 4303 supplemento
2524 4230 2835 4290 tiectessarie
2870 4233 3332 4303 expiendns‘erat
3365 4230 3431 4303 in_
3458 4245 3604 4303 _ver-

2025 4298 2227 4370 sione,
2254 4311 2346 4357 aut
2368 4303 2539 4358 codex
2563 4304 2897 4371 iudicandus
2923 4298 3010 4357 liic
3044 4301 3294 4363 mutilus,
3330 4308 3385 4371 et
3418 4298 3603 4371 hians.

2024 4374 2095 4425 At
2132 4367 2261 4428 vero
2295 4374 2383 4427 vix
2417 4367 2639 4443 possum
2669 4373 2900 4435 adduci,
2944 4381 3003 4426 ut
3038 4374 3111 4436 ita
3146 4370 3438 4443 scripsisse
3464 4367 3606 4441 Nys-

2025 4458 2218 4498 senum
2241 4442 2488 4499 credam.
2515 4444 2648 4509 Qua:
2668 4446 2815 4498 enim
2846 4446 2951 4498 ista
2978 4443 3183 4497 locutio
3206 4450 3292 4497 est
3313 4442 3434 4497 sine
3451 4448 3604 4495 recto

2025 4528 2158 4585 casu
2181 4513 2206 4585 ῖ
2232 4514 2486 4585 Profecto
2517 4531 2586 4569 ne
2618 4513 2977 4585 Cappadoces
2999 4513 3220 4584 quidem
3250 4511 3598 4585 bubulci‘ita

973 4566 1415 4657 iutevrduquiti's
1436 4566 1921 4657 nesci—timeo
1955 4566 1997 4621 Ι)
2273 4566 2495 4657 ίιξτέιιῖς
2518 4566 2763 4657 includi.
2810 4566 3166 4657 ινειιιιυεδιῖᾖιέιίΔ
3186 4592 3298 4657 tam
3342 4578 3599 4657 dxpt6jq,

339 4673 490 4718 men,
520 4654 871 4711 rarissimum
906 4670 1029 4711 esse
1050 4656 1264 4726 invenio
1295 4655 1625 4726 (ὲφευρίσκω
1646 4694 1659 4716 ,
1697 4654 1923 4726 reperio)

341 4743 445 4848 pri;
476 4726 690 4848 invatza,
720 4726 930 4790 Graece,
964 4732 1018 4781 et
1050 4723 1263 4791 Latine,
1284 4723 1370 4781 est
1405 4723 1709 4797 ὲπέρχομαι
1734 4725 1925 4795 (venio

342 4815 398 4848 In
446 4836 459 4848 .
493 4813 614 4848 inim
658 4816 707 4848 ο.

342 4801 398 4851 in
420 4806 459 4861 ).
493 4798 707 4853 inuida.

416 4868 531 4935 (9'5)
566 4868 674 4922 Kal
707 4867 994 4936 ἠγνόουν.
1028 4866 1308 4923 lborensis
1340 4866 1505 4935 igitur
1526 4866 1759 4936 antistes
1786 4880 1926 4932 quo-

339 4954 452 5007 que
484 4937 585 4992 fuit
623 4938 713 4993 hic
734 4934 1071 5007 Gregorius.
1103 4938 1257 5004 Quod
1284 4934 1433 4992 nunc
1466 4937 1705 5006 primum
1746 4934 1924 5007 histo-

342 5004 480 5062 ricis
522 5024 588 5061 ex
633 5011 735 5063 hac
774 5004 1015 5077 Epistoia
1052 5010 1388 5073 inuotescet;
1439 5004 1564 5061 cum
1611 5004 1926 5077 anteahoc

343 5078 480 5132 nulli
521 5075 866 5147 posteritatis
897 5081 1175 5134 memoria:
1214 5077 1657 5131 commendatum
1690 5076 1758 5129 ab
1791 5075 1926 5144 ipsis

344 5146 535 5204 fuerit.
581 5146 659 5204 Ex
710 5163 870 5204 sacra
902 5166 1031 5205 vero
1078 5149 1308 5204 historia
1338 5148 1450 5213 jam
1504 5147 1639 5203 satis
1674 5148 1927 5202 noscitur

342 5220 624 5343 angstites
692 5220 875 5275 creari
940 5234 1051 5275 non
1106 5235 1232 5274 raro
1299 5219 1536 5273 aliorum
1603 5216 1915 5270 antistitum

346 5303 411 5343 Sit
465 5304 652 5343 I‘MZIIS.

346 5303 652 5346 SttUratles.

421 5306 799 5432 ἒξῖῗιίὲόμης.
850 5361 1077 5433 Κύμης,
1125 5360 1265 5433 apud
1314 5357 1687 5433 iiesyehium,
1713 5364 1767 5433 et
1797 5355 1926 5433 S_ui-

347 5427 524 5517 tlam,"
552 5427 1098 5517 est_pririccps,'d'ux,
1128 5427 1440 5517 priefectus.
1469 5427 1717 5511 Meminit
1745 5428 1916 5517 huius

345 5501 601 5556 vocabuli
650 5497 994 5564 Eustathius,
1046 5497 1297 5558 scribens
1334 5500 1437 5555 hoc
1487 5498 1708 5553 nomine
1746 5497 1858 5552 dici
1888 5511 1919 5550 a

348 5573 758 5628 recentioribus
813 5573 1135 5629 auctoribus
1194 5585 1355 5638 quem
1412 5570 1621 5638 antiqui
1653 5568 1925 5638 ναύαρχον

348 5588 758 5628 receutmnnus
813 5588 1135 5629 auctormus
1234 5588 1355 5626 uem
1412 5588 1621 5638 allllqm
1653 5588 1925 5638 ναύαρχον

347 5639 631 5696 (licebant.
670 5642 916 5698 Meminit
939 5654 993 5697 et
1019 5643 1167 5698 illius
1194 5588 1713 5712 ίἒίιυιηοίορὶευιι.,ᾼλῑ
1748 5638 1925 5694 liben-

348 5711 569 5767 tissime
621 5714 690 5767 ad
752 5715 1079 5768 sententiam
1125 5712 1189 5767 il.
1235 5709 1497 5780 Stephani
1552 5709 1804 5780 pedibus
1835 5723 1921 5780 eo,

349 5781 575 5835 Gnaeos
606 5785 940 5839 recentiores
975 5791 1250 5840 mutuatos
1278 5776 1399 5837 esse
1430 5776 1567 5836 illud
1602 5795 1664 5834 ex
1689 5776 1918 5832 Latinis.

352 5849 469 5908 Nos
497 5851 690 5909 ducem
727 5854 1066 5928 interpretati
1104 5854 1471 5925 sumusjuxta
1502 5852 1620 5924 ejus
1642 5850 1922 5921 propriam

2029 4651 2245 4708 Libauii
2295 4655 2624 4724 discipulus,
2656 4663 2709 4725 et
2749 4655 3081 4725 eloquentiae
3115 4648 3446 4725 ditissimus.
3490 4648 3598 4707 Sed

2027 4741 2061 4777 ι)
2098 4726 2306 4779 utinam
2346 4723 2492 4780 esset
2533 4737 2639 4780 tam
2692 4723 2875 4781 facile
2894 4739 3082 4780 verum
3123 4723 3390 4783 invenire,
3433 4735 3602 4787 quam
3664 4766 3675 4769 ι

2028 4792 2227 4848 falsum
2278 4810 2540 4865 arguere:
2591 4798 2702 4851 imo
2750 4805 2856 4849 tam
2911 4796 3069 4849 facile
3114 4791 3431 4865 hariolaril
3454 4788 3603 4865 Usus

2027 4879 2192 4933 supra
2221 4872 2304 4919 est
2327 4862 2489 4919 etiam
2521 4881 2650 4921 voce
2682 4866 3060 4934 πρόσπτωσιςο
3089 4879 3215 4934 qua:
3238 4877 3345 4916 non
3369 4862 3525 4934 adest
3546 4862 3603 4916 in

2027 4930 2227 5004 priscis
2280 4935 2664 5004 scriptoribus.
2710 4930 2814 4988 Sed
2866 4944 2951 4989 est
2992 4930 3193 5004 πτῶμα
3241 4941 3337 5004 aut
3367 4930 3597 5004 πτῶσις.

2027 5000 2168 5070 Quid
2208 5013 2321 5058 tum
2344 5006 2367 5058 i
2393 5000 2591 5060 Nonne
2626 5020 2725 5073 pro
2775 5006 2951 5058 nihilo
2989 5003 3042 5058 id
3077 5000 3433 5059 habendum?
3466 5000 3600 5055 Item

2026 5076 2193 5129 etiam
2226 5074 2469 5129 nondum
2507 5076 2743 5145 perierat
2770 5084 2883 5129 tum
2916 5076 3098 5145 lingua
3123 5091 3137 5127 :
3165 5089 3337 5145 quare
3360 5073 3601 5141 aliquam

2027 5146 2429 5216 aliquantulum
2464 5144 2660 5200 novam
2692 5162 2880 5200 vocem
2904 5144 3121 5200 smnere
3160 5144 3331 5214 probe
3360 5148 3597 5216 poterat.

2025 5213 2244 5277 Licuit,
2299 5230 2629 5285 semperque
2665 5217 2849 5271 licebit
2901 5234 2915 5270 :
2958 5216 3121 5269 modo
3163 5222 3348 5269 tamen
3374 5253 3391 5279 ,
3425 5213 3598 5277 dices,

2026 5286 2247 5341 licentia
2284 5295 2500 5356 sumpta
2535 5287 2820 5356 pudenter.

2097 5358 2210 5425 (96)
2228 5352 2586 5425 ᾈδιάλυτοὶρ.
2604 5356 2767 5411 Liber
2782 5355 3217 5411 habetato'timrov.
3235 5357 3303 5409 At
3320 5353 3437 5425 iege
3456 5352 3605 5410 ἀδιά-

2024 5424 2204 5479 λυτον.
2239 5424 2436 5481 Nescio
2465 5442 2532 5481 an
2563 5429 2787 5482 alterius
2815 5428 3012 5481 veteris
3038 5425 3211 5480 Grzeei
3237 5426 3376 5480 sacri
3412 5434 3605 5478 aucto-

2027 5496 2103 5577 r‘is
2146 5497 2717 5577 scriptaiiiiserjoretn
2752 5504 2953 5577 sortem
2998 5497 3289 5577 subierint,
3318 5510 3486 5577 quam

2025 5563 2271 5689 Gregorii
2318 5563 2574 5638 Nysscni,
2608 5569 2663 5623 in
2708 5567 3129 5638 quampluribus
3172 5566 3382 5622 mendis
3426 5563 3605 5636 perfe-

2026 5649 2139 5689 I'Clil
2170 5654 2235 5689 is.
2874 5668 2882 5675 σ

2026 5649 2235 5690 renuis.
2874 5668 2882 5675 ο

2084 5707 2211 5832 l('97)
2241 5708 2365 5764 Τοῦ.
2404 5708 2593 5767 Scribe
2606 5712 2738 5773 τοῖς·
2761 5708 2893 5779 quid
2914 5706 2983 5763 sit
3004 5707 3090 5764 hic
3114 5706 3246 5764 illud
3274 5703 3366 5761 τοῦ
3393 5720 3503 5763 non
3522 5706 3608 5764 in-

2125 5794 2228 5832 ιιιο.

2025 5785 2228 5852 tclltgo.
