4002 6206
436 352 577 407 1079

1705 351 1760 405 S.
1797 351 2117 406 GilECOltll
2146 350 2434 404 NYSSENI

3546 355 3696 410 “:80

433 474 898 535 existimationis;
941 474 1324 543 violentiaque,
1357 480 1412 528 et
1447 472 1702 530 audacia.
1745 483 1797 527 ct
1828 474 2007 528 stulti-

2122 472 2443 543 ιαταθύμιὸν
2469 474 2614 526 ἐστιν
2633 473 2690 526 ὲν
2721 473 2926 538 τούτοις
2954 474 3098 542 ἡμᾶς
3125 469 3489 542 ἀτχοληθῆναί
3527 487 3696 536 ποτε,

433 565 530 627 tia,
564 574 616 618 et
643 564 990 633 praefatorum
1022 564 1197 618 malus
1229 563 1366 618 odor
1399 562 1647 633 gerenda:
1694 563 2006 632 reipublicae

433 653 668 708 facultas
695 669 816 709 esse
865 663 1106 724 putatur,
1155 655 1386 724 talisque
1431 654 1652 725 quidam
1702 655 2006 711 honestatis

435 761 590 798 amor
627 753 681 798 et
707 745 968 800 studium.
1025 745 1148 798 llaec
1180 746 1274 800 tibi
1332 762 1361 800 e
1395 747 1578 800 multis
1611 759 1782 814 pauca
1835 760 2004 813 expo-

435 835 682 899 suimus,
715 835 1476 904 epistolaeimmoderationem
1501 834 1708 887 evitare
1742 833 2003 885 volentes:

434 925 624 997 itaque
653 942 719 982 nc
752 927 1024 998 pigritiam
1043 927 1374 981 condemnes
1407 934 1649 981 nostram
1681 925 1733 977 in
1775 923 2004 978 historia

433 1018 502 1072 de
534 1019 600 1073 iis
631 1020 1046 1083 conscribenda,
1099 1035 1220 1088 qua:
1251 1018 1411 1071 modo
1473 1017 1676 1085 rejects
1705 1015 1813 1070 dici
1847 1015 2006 1069 ditl‘e-

433 1118 654 1164 runtur.
687 1111 755 1165 At
782 1127 912 1166 vero
957 1113 1000 1165 si
1046 1112 1142 1164 tihi
1180 1111 1338 1180 plane
1385 1109 1650 1164 inanimo
1694 1118 1778 1163 est
1820 1121 1920 1162 nos
1947 1107 2003 1161 in

435 1199 587 1256 hisce
622 1204 904 1270 occupari.
938 1211 991 1258 te
1022 1204 1197 1273 ipsum
1228 1202 1387 1255 nobis
1413 1199 1727 1270 aliquando.
1784 1211 1837 1254 et
1889 1214 2005 1253 ma-

436 1290 581 1344 xime
612 1299 824 1362 tempus
852 1309 914 1348 ea
964 1293 1017 1346 in
1065 1309 1229 1347 unum
1260 1290 1548 1361 colligendi
1578 1289 1839 1344 utendum
1869 1305 2006 1359 prte-

2109 566 2310 636 χρῆσον
2351 567 2480 635 ἡμῖν
2529 566 2772 630 σεαυτὸν,
2817 565 3049 635 μάλιστα
3077 565 3170 618 καὶ
3210 563 3305 617 τοῦ
3358 569 3701 630 συναγαγεῖν

2109 657 2317 728 χρόνον,
2347 657 2441 710 ἐὰν
2495 657 2568 727 μή
2621 673 2682 709 σε
2735 657 2895 710 πλέον
2937 658 3036 727 τῆς
3089 655 3359 725 ἡμετέρας
3409 654 3633 722 ἀγάπης
3662 654 3702 705 ὁ

2107 747 2274 809 λωτὸς
2309 748 2418 816 (98)
2451 747 2856 817 καταγλυκαίνῃ
2902 747 2997 816 τῆς
3033 747 3256 809 πόλεως.
3281 747 3343 798 Εἰ
3373 745 3429 796 δέ
3464 761 3519 796 σε
3547 759 3700 812 κραο

2107 835 2224 900 τοίη
2258 834 2326 886 τὰ
2371 835 2490 887 καθ’
2535 837 2684 905 ἡμᾶς
2717 836 2935 904 (ἀκούω
2975 837 3084 905 γὰρ
3125 835 3342 906 ἔχεσθαί
3373 852 3472 888 που
3503 835 3698 886 πᾶσαν

2109 929 2208 998 τὴν
2247 927 2614 998 Ἐκκλησίαν),
2662 927 2859 991 ἱκανῶς
2905 929 3033 997 ἡμῖν
3084 928 3480 998 συμμαχήσεις,
3531 925 3697 978 λύσιν

2111 1018 2233 1072 τινὰ
2262 1018 2368 1073 τῶν
2394 1019 2575 1072 κακῶν
2605 1018 2753 1090 παρὰ
2788 1018 2883 1071 τοῦ
2918 1019 3052 1071 Θεοῦ
3082 1018 3331 1087 γενέσθαι
3357 1020 3486 1089 ἡμῖν
3517 1018 3693 1070 ἑπευ-

2113 1109 2362 1180 ξάμενος.
2409 1111 2517 1164 Καὶ
2547 1111 2703 1180 τάχα,
2737 1111 2871 1163 Θεοῦ
2919 1111 3172 1172 διδόντος,
3203 1111 3385 1162 εἴποτε
3428 1109 3694 1180 τύχοιμεν

2112 1201 2363 1270 τοιαύτης
2409 1201 2624 1271 σχολῆς,
2654 1203 2752 1255 ούκ
2793 1202 3100 1266 ἀσυντελεῖς
3137 1202 3212 1272 τῷ
3247 1201 3411 1255 κοινῶ
3452 1199 3695 1270 φανησό-

2117 1291 2274 1363 μεθα.

436 1393 557 1448 sta,
588 1385 633 1437 si
688 1400 795 1438 non
871 1393 923 1440 te
999 1386 1174 1456 magis
1227 1383 1489 1447 civitatis,
1543 1397 1709 1452 quam
1771 1381 2081 1437 dilectionis
2122 1393 2320 1438 nostrae
2350 1384 2495 1438 lotus
2536 1383 2824 1438 dulcedine
2864 1383 3080 1438 alliciat.
3113 1383 3268 1450 Quod
3313 1384 3360 1439 si
3391 1389 3444 1437 te
3473 1389 3687 1444 tenent,

436 1493 559 1545 qua:
586 1478 852 1534 adversus
884 1495 986 1534 nos
1013 1479 1212 1545 valent,
1245 1478 1411 1532 audio
1439 1477 1583 1531 enim
1609 1486 1666 1530 et
1694 1477 2008 1530 universam
2047 1475 2347 1532 Ecclesiam
2388 1485 2538 1530 tuam
2588 1477 2696 1531 illis
2743 1476 2950 1531 eisdem
3000 1475 3232 1530 detineri
3260 1518 3275 1540 ,
3336 1476 3474 1529 satis
3545 1473 3692 1528 bene

435 1569 723 1624 nobiscum
755 1571 919 1626 simul
952 1572 1239 1644 pugnabis,
1271 1571 1689 1626 dissolutionem
1714 1570 2005 1638 quamdam
2047 1571 2315 1624 malorum
2375 1569 2488 1624 ﬁeri
2553 1571 2710 1626 nobis
2761 1585 2791 1622 a
2867 1570 2978 1624 Deo
3015 1571 3365 1640 deprecatus.
3434 1569 3503 1624 Et
3550 1570 3688 1633 cito.

435 1661 550 1716 Deo
579 1663 764 1728 dante,
793 1663 837 1717 si
872 1679 1110 1735 unquam
1149 1664 1461 1734 hujusmodi
1498 1663 1668 1719 otium
1703 1662 2113 1729 nanciscamur,
2148 1663 2369 1718 inutiles
2391 1663 2608 1732 publice
2639 1677 2981 1734 nequaquam
3024 1665 3431 1735 apparebimus.

983 1977 1318 2033 EPISTOLA
1353 1977 1471 2032 XX.

2683 1978 3027 2032 ΕΠΙΣΤΟΛΗ
3051 1979 3133 2032 Κ’.

438 2153 946 2235 Ilortosguosdam,
989 2155 1219 2235 [auctas
1249 2157 1440 2221 dictos,
1477 2166 1589 2212 arte
1603 2166 1650 2211 et
1675 2165 1870 2235 natura
1897 2158 2296 2235 miredecoros,
2323 2159 2376 2210 in
2408 2156 2626 2235 Galatia
2649 2156 2847 2224 positas
2877 2155 3023 2235 scito
3055 2153 3392 2235 politioreque
3423 2151 3565 2235 style
3597 2153 3690 2235 de-

507 2222 709 2302 scribit.
745 2225 942 2302 Halym
991 2227 1230 2295 ﬂuvium,
1267 2236 1316 2280 et
1347 2243 1526 2282 nemus
1551 2227 1825 2302 quoddam
1863 2227 2140 2282 roboribus
2167 2229 2435 2302 eleganter
2470 2222 2730 2302 consitum
2793 2236 2932 2302 ante
2960 2225 3080 2302 illos
3122 2223 3404 2302 _iuvenisse_
3420 2239 3472 2275 se
3510 2222 3689 2302 dicit;

507 2293 752 2366 Reyuque
781 2293 998 2366 silvam,
1019 2303 1348 2350 elvenustate
1375 2293 1755 2365 praecellentem
1780 2299 2006 2361 vineam,
2032 2293 2264 2352 racemis
2285 2299 2506 2366 pra'coci
2527 2313 2627 2350 uva
2654 2296 2902 2366 gravibus
2935 2294 3332 2349 redundantem.
3367 2293 3438 2346 De
3460 2293 3689 2356 (edibus,

505 2375 554 2418 et
583 2363 777 2444 sacello
811 2365 1049 2433 deinceps
1075 2369 1228 2444 verba
1250 2363 1421 2420 habet.
1458 2366 1588 2421 Tum
1621 2378 1788 2444 turres
1810 2369 1861 2420 iu
1891 2367 2161 2444 hortorum
2195 2363 2672 2444 introiturxstare,
2697 2366 3330 2444 _apparata_que_c_om_vieia
3371 2380 3520 2444 secus
3566 2380 3690 2429 pro-

509 2450 660 2512 ceras
686 2435 932 2512 platanos
958 2444 1077 2512 ante
1100 2436 1328 2512 jauuam
1369 2447 1596 2512 narrat;
1624 2439 1866 2512 circaque
1895 2437 2030 2512 (edes
2049 2439 2182 2512 alios
2213 2440 2397 2512 hortos
2400 2437 2843 2512 jucundissimos,
2863 2437 2978 2512 agri
3003 2437 3246 2488 cultiouis
3264 2435 3530 2501 proposito
3550 2446 3692 2512 terra

505 2505 1101 2585 obsequente.‘Postliac
1125 2508 1385 2585 piscinam
1417 2505 1958 2585 [estivorumpjscium
1980 2507 2171 2585 vidisse
2196 2524 2251 2561 se
2270 2505 2474 2585 scribit,
2496 2507 2576 2585 ad
2606 2507 2754 2573 pueri
2787 2505 3066 2585 cujusdam
3101 2513 3531 2585 manusutactum,
3574 2505 3693 2569 ejus

507 2574 753 2647 arbitrio,
787 2575 1094 2647 adeuntium
1108 2574 1273 2647 {dein
1301 2574 1863 2647 porticumquamdam
1889 2579 2114 2631 intrasse
2137 2579 2341 2631 lacuna:
2359 2578 2750 2639 imminentem;
2784 2587 2832 2628 et
2856 2577 3111 2647 porticum
3132 2574 3394 2635 describit,
3418 2575 3694 2641 piscesque

505 2645 710 2716 lacuna:
734 2645 1070 2699 ludibundos.
1103 2645 1335 2700 Tandem
1375 2645 1599 2700 obsonia
1622 2657 1669 2701 et
1701 2647 1907 2714 fructus
1932 2648 2145 2702 nuntiat
2173 2648 2242 2700 ad
2274 2647 2414 2716 ipsos
2442 2663 2472 2700 α
2506 2647 2694 2700 domus
2719 2646 3050 2700 curatoribus
3082 2655 3468 2713 comportatos;
3507 2656 3692 2711 seque,

502 2731 623 2769 cum
649 2713 935 2768 dormitum
961 2716 1275 2780 secessisset,
1309 2718 1587 2785 epistolam
1615 2713 1912 2786 scripsisse.

805 2869 889 2923 Ad
919 2869 1230 2938 Adelphium
1257 2870 1652 2924 scholasticam.

507 2980 661 3037 Hanc
693 2981 793 3036 tibi
842 2981 1129 3054 epistolam
1184 2998 1248 3036 ex
1299 2983 1472 3038 sacris
1515 2983 1746 3040 Vanotis
1781 2983 1870 3054 (si
1902 2999 2012 3039 non

433 3073 640 3143 injuria
685 3074 868 3130 locum
907 3073 1083 3128 allicio
1132 3074 1512 3144 indigenarum
1558 3077 1778 3132 nomine
1827 3077 2016 3146 appet.-

434 3164 645 3234 latum)
695 3166 940 3220 exaravi.
999 3164 1263 3235 Injuriam
1307 3183 1391 3223 me
1436 3169 1556 3222 loco
1600 3167 1806 3224 inferre
1857 3169 2012 3235 dixi,

436 3257 884 3327 quandoquidem
915 3259 1246 3328 cOgnomine
1269 3261 1401 3314 nihil
1428 3261 1517 3314 ille
1535 3261 1792 3316 concinni
1819 3263 2014 3329 habet,

436 3355 493 3402 et
540 3358 691 3402 tanta
724 3349 828 3404 loci
868 3350 1044 3420 gratia
1089 3351 1314 3406 minime
1358 3351 1579 3422 quidem
1633 3351 1879 3407 Galatica
1915 3351 2018 3406 hac

438 3437 805 3506 appellatione
833 3454 944 3508 pra:
979 3454 1038 3495 se
1075 3439 1248 3495 fertur
1278 3457 1290 3492 :
1325 3450 1380 3496 at
1411 3442 1697 3496 oculorum
1732 3443 1834 3496 hoc
1859 3442 2018 3495 mini-

439 3528 672 3583 sterium
724 3536 831 3593 est,
865 3531 958 3596 qui
990 3531 1221 3602 gratiam
1263 3541 1314 3585 et
1361 3531 1616 3587 decorem
1651 3533 2018 3602 interpreten-

439 3625 552 3674 tur.
581 3619 712 3684 Quae
761 3620 907 3674 enim
947 3635 977 3673 a
1011 3636 1098 3676 me
1144 3623 1339 3685 multa,
1384 3634 1438 3678 et
1480 3623 1623 3692 apud
1667 3624 1867 3678 multos
1903 3623 2018 3692 jam

443 3711 665 3766 fuerunt
693 3721 936 3782 spectata
961 3753 976 3778 ,
1028 3730 1150 3784 qute
1197 3729 1326 3770 vero
1360 3715 1530 3770 multa
1569 3730 1663 3786 per
1706 3715 2020 3770 orationum

439 3800 605 3854 etiam
623 3800 1048 3873 descriptionem
1071 3806 1124 3858 in
1147 3805 1432 3861 historicis
1452 3814 1695 3861 veterum
1718 3809 2024 3860 enarratio-

442 3891 606 3945 nibus
625 3892 866 3960 cognita,
881 3907 944 3947 ea
963 3896 1144 3948 omnia
1162 3905 1483 3966 quantaque
1509 3898 1721 3968 inspexi
1741 3907 1796 3954 et
1813 3909 2018 3969 quanta

443 3981 666 4050 audivi,
707 3997 818 4052 pra:
862 3983 929 4038 iis
957 4000 1078 4054 quae
1115 3986 1188 4040 ibi
1215 3996 1364 4051 sunt,
1399 3991 1645 4045 venustis
1675 3993 1842 4046 rebus
1869 3991 2022 4060 judi-

443 4083 566 4128 cata
611 4089 786 4146 nugas
827 4076 989 4130 duco.
1043 4077 1185 4132 Nihil
1229 4095 1455 4150 prorsus
1486 4081 1639 4137 locus
1682 4083 1773 4138 ille
1806 4082 2022 4138 Helico-

443 4181 599 4220 num.
629 4164 846 4222 Fabula:
881 4169 1074 4224 insulae
1103 4169 1418 4236 Beatorum,
1464 4189 1740 4244 parvaque
1777 4175 2024 4244 qurcdam

2421 2871 2579 2939 Πρὸς
2627 2870 2929 2939 Ἀδέλφιον
2961 2870 3390 2939 σχολαστικόν.

2197 2987 2291 3038 Ἐκ
2323 2985 2431 3039 τῶν
2463 2986 2624 3055 ίερῶν
2670 2984 2971 3038 Ούανωτῶν
3013 2984 3159 3054 (εῐγε
3194 2983 3266 3055 μὴ
3300 2983 3473 3037 ἀδικῶ
3516 2983 3695 3037 καλῶν

2115 3078 2427 3149 ἐπιχωρίως
2453 3079 2542 3130 τὸν
2569 3079 2733 3131 τόπον
2765 3081 2778 3138 )
2809 3077 3011 3148 ταύτην
3061 3094 3141 3130 σοι
3176 3077 3274 3145 τὴν
3306 3075 3594 3146 ἐπιστολὴν
3619 3076 3693 3129 δι·

2117 3169 2380 3238 εχάραξα.
2425 3168 2655 3220 Ἀδικείν
2677 3167 2732 3220 δέ
2760 3185 2900 3239 φημι
2926 3168 3016 3221 τὸν
3043 3167 3218 3239 χῶρον
3236 3183 3250 3196 ·
3279 3167 3362 3219 ὅτι
3391 3167 3557 3236 μηδὲν
3587 3166 3690 3234 ἔχει

2117 3261 2395 3332 γλαφυρὸν
2418 3261 2729 3330 ἐπωνυμίᾳ.
2752 3262 2862 3314 Καὶ
2885 3263 2918 3330 ἡ
2947 3258 3180 3330 τοσαύτη
3208 3257 3304 3311 τοῦ
3328 3259 3492 3311 τόπου
3519 3259 3691 3328 χάρις.

2118 3360 2179 3412 ού
2212 3356 2635 3427 συνεμφαίνεται
2667 3355 2746 3425 τῷ
2778 3353 3058 3425 Γαλατικῷ
3095 3352 3270 3423 τούτῳ
3314 3353 3690 3424 προσρήματι·

2119 3450 2232 3504 ἀλλ’
2278 3447 2572 3518 ὀφθαλμῶν
2611 3449 2727 3499 ἐστι
2767 3446 2925 3517 χρεία
2980 3445 3088 3498 τῶν
3143 3444 3552 3530 ἑρμηνεύοντων
3599 3442 3695 3513 τὴν

2120 3539 2296 3611 χάριν.
2336 3539 2510 3592 Πολλὰ
2538 3537 2643 3610 γὰρ
2669 3538 2798 3605 ἐγὼ,
2831 3538 2923 3590 καὶ
2953 3536 3101 3608 παρὰ
3129 3536 3341 3599 πολλοῖς
3367 3534 3466 3604 ἠδη
3501 3533 3697 3586 τεθεα-

2126 3631 2284 3702 μένος
2303 3673 2316 3692 ,
2363 3630 2535 3684 πολλὰ
2572 3630 2627 3683 δὲ
2660 3630 2752 3683 καὶ
2781 3629 2868 3682 διὰ
2907 3629 3004 3699 τῆς
3036 3627 3145 3680 τῶν
3157 3620 3344 3694 ’λόγων
3372 3623 3697 3694 ὑπογραφῆς

2122 3723 2180 3774 ἐν
2226 3725 2336 3786 τοῖς
2372 3721 2670 3793 διηγήμασι
2708 3720 2815 3774 τῶν
2865 3720 3103 3791 ἀρχαίων
3133 3719 3505 3787 κατανοήσας,
3533 3716 3699 3787 λῆρον

2121 3813 2362 3884 ἡγοῦμαι
2414 3813 2484 3866 τὰ
2537 3813 2716 3866 πάντα
2762 3813 2861 3865 ὅσα
2889 3829 2950 3864 τε
2994 3806 3154 3876 εἶδον,
3210 3810 3305 3863 καὶ
3338 3812 3438 3863 ὅσα
3491 3809 3701 3878 ἤκουσα

2125 3904 2410 3975 συγκρίσει
2436 3904 2544 3956 τῶν
2573 3904 2698 3974 τῇδε
2727 3903 2927 3956 καλῶν.
2959 3902 3122 3956 Οὐδὲν
3155 3903 3363 3964 ἐκεῖνος
3387 3901 3416 3952 ὁ
3450 3899 3700 3952 Ἑλικῶν’

2127 3994 2294 4066 μῦθος
2335 3995 2442 4048 τῶν
2467 3995 2748 4066 Μακάρων
2777 3995 2833 4048 al
2864 3994 3015 4063 νῆσοι
3041 3993 3148 4063 (99)
3169 4009 3183 4023 ·
3216 3992 3409 4063 μικρόν
3434 4009 3485 4044 τι
3517 3991 3704 4062 χρῆμα

2124 4085 2184 4138 τὸ
2221 4084 2379 4137 πέδον
2410 4084 2474 4136 τὸ
2515 4083 2805 4137 Σικυώνιον
2826 4100 2840 4114 ο
2876 4084 3083 4153 κόμπος
3115 4099 3200 4144 τις
3232 4081 3386 4144 ἄλλος
3420 4079 3705 4148 ποιητικὸς

2076 4205 2085 4216 ο
2125 4178 2194 4230 τὰ
2238 4175 2379 4230 κατὰ
2415 4177 2506 4229 τὸν
2539 4177 2766 4246 Πηνειὸν
2793 4175 3141 4246 διηγήματα·
3177 4175 3234 4227 ὃν
3275 4189 3402 4240 φασι
3453 4170 3703 4241 πλουσίῳ

441 4272 534 4311 res
559 4271 808 4329 campus,
840 4259 933 4330 qui
964 4269 1048 4316 est
1075 4261 1130 4315 in
1166 4261 1474 4334 Sicyoniis;
1501 4274 1663 4335 atque
1687 4267 1854 4320 altera
1883 4283 2017 4338 quae

2130 4267 2206 4338 τῷ
2250 4267 2449 4338 ῥείθρῳ
2493 4267 2589 4330 τὰς
2619 4269 2683 4320 ὲκ
2712 4266 2957 4335 πλαγίων
2985 4264 3150 4335 ὄχθας
3183 4261 3596 4334 ὑπερχεόμενον,
3631 4261 3703 4314 τὰ

443 4349 569 4403 dam
619 4351 830 4420 poetica
855 4353 1121 4420 jactantia
1143 4395 1157 4417 ,
1208 4371 1329 4426 qute
1364 4357 1431 4412 de
1463 4357 1642 4412 Peneo
1669 4358 1835 4413 ﬂuvio
1866 4377 2028 4414 enar—

442 4448 564 4495 rata
592 4456 606 4494 :
631 4457 792 4512 quem
825 4442 1015 4498 dicunt
1047 4444 1200 4500 diviti
1232 4447 1439 4503 lluento
1475 4449 1616 4501 ultra
1648 4451 1796 4518 ripas
1830 4467 1860 4504 e
1891 4453 2024 4505 late-

516 4621 629 4692 (98)
643 4623 862 4687 Λωτός.
897 4621 1209 4692 Metaphora
1235 4623 1394 4676 allata
1425 4641 1454 4679 a
1480 4626 1610 4690 loto,
1649 4625 1816 4680 herba
1833 4627 2011 4680 dulco-

444 4690 572 4764 dine
604 4690 770 4764 multa
805 4690 1052 4760 perfusa,
1075 4702 1128 4747 et
1162 4694 1542 4764 gratabobus;
1566 4703 1620 4749 et
1648 4713 1807 4764 quam
1831 4711 2014 4764 come-

447 4761 920 4835 dentesdescrere
950 4761 1225 4835 nunquam
1258 4763 1490 4835 vellent:
1521 4774 1574 4819 et
1600 4761 1817 4834 quidem
1852 4763 2012 4835 Ulys-

450 4831 527 4903 εἰς
554 4830 686 4903 socii
716 4831 1000 4903 degustata
1031 4830 1206 4886 redire
1235 4833 1299 4886 ad
1325 4849 1512 4888 navem
1531 4830 1878 4903 respuebant,
1897 4830 2016 4887 v'er-

451 4899 675 4955 beribus
710 4899 1042 4955 ad’reditum
1075 4912 1283 4956 tantum
1315 4903 1512 4958 adacti.
1534 4899 1688 4960 lloin.
1726 4903 1916 4959 Oduss.
1941 4920 2013 4958 ix.

454 4967 601 5042 Hinc
629 4971 904 5042 adagium,
945 4971 1133 5042 Lotum
1161 4974 1416 5042 gustarit.

522 5038 632 5112 (9_9)
663 5038 954 5106 Μακάρων
981 5044 1036 5093 al
1061 5038 1438 5112 νῆἀοι-ηΑριιά
1465 5041 1835 5112 'I'hucydidmn
1869 5043 2021 5100 adest

453 5109 672 5178 quidem
707 5111 968 5231 μακάὲων
999 5112 1177 5182 νῆσος,
1219 5109 1660 5173 Macarounesos,
1697 5111 1872 5167 insula
1889 5113 2022 5167 Bea-

457 5190 674 5231 turutn:
742 5180 850 5231 ἁκο
887 5181 1036 5231 πολιε
1084 5181 1394 5231 Thebarum
1438 5181 1489 5231 in
1519 5182 1746 5231 llmntia.
1788 5183 2022 5231 Ilnrmln-

457 5190 674 5240 tnrutn;
742 5180 1394 5251 ἁκρρπολιςτιιθιωῐυιη
1438 5181 1489 5233 in
1519 5182 1746 5236 licentia.
1788 5183 2026 5236 Ilerodo-

453 5258 542 5304 tus
577 5264 798 5321 quoque
823 5249 988 5304 'Mus.
1021 5251 1056 5304 5
1081 5259 1311 5305 testatur
1339 5252 1612 5316 regionem
1634 5251 1820 5306 Grzeea
1846 5255 2025 5321 lingua

451 5319 734 5391 Μακάρων
758 5321 919 5391 νῆσον
952 5329 1341 5391 nuncupatam.
1394 5322 1450 5374 In
1503 5338 1608 5391 qua
1666 5323 1839 5391 posita
1895 5319 2024 5377 urbs

451 5389 854 5461 0a_sis's_epteni
883 5390 1092 5461 dierum
1124 5389 1320 5461 itinere
1352 5389 1565 5447 distans
1596 5389 1798 5446 Thebis
1854 5392 2026 5461 A‘ng-

453 5459 606 5528 ptiis.
659 5456 764 5513 sed
813 5458 1147 5532 Pomponius
1201 5457 1334 5514 Mela
1376 5477 1446 5532 tl,
1486 5463 1535 5522 7,
1588 5462 1866 5532 Μακάρων
1931 5456 2028 5532 Vi;-

456 5543 582 5591 σους
619 5537 904 5592 memorat,
939 5538 991 5584 et
1015 5529 1304 5600 designat;
1357 5531 1494 5600 duas
1539 5529 1778 5586 nominis
1828 5529 2029 5586 causas

452 5601 735 5671 praebens;
772 5615 1001 5668 quorum
1052 5599 1166 5654 sola
1223 5601 1396 5670 prima
1448 5599 1675 5671 Nyssiani
1737 5603 2024 5656 sentcntia-

455 5669 742 5735 congruit:
783 5681 836 5725 et
859 5679 1010 5726 certo
1043 5669 1448 5724 convenientior
1478 5669 1552 5725 rei
1586 5671 1798 5725 videtur
1825 5672 1893 5724 ob
1929 5689 2023 5724 no-

457 5749 582 5808 men
615 5735 737 5808 loci.
771 5738 961 5800 Extra.
996 5741 1070 5791 ait
1095 5740 1205 5802 illc,
1247 5739 1667 5808 Hellespontum.
1693 5756 1872 5792 earum
1918 5743 2026 5802 (in-

455 5805 724 5876 sularum)
751 5823 861 5875 quw
893 5810 1144 5864 Asiaticis
1181 5805 1473 5883 regionibus
1497 5812 1760 5881 adjacent,
1821 5811 2024 5870 cleris-

2133 4358 2483 4429 πολυύμνητα
2501 4358 2576 4427 (l)
2603 4359 2800 4428 Τέμπη
2826 4360 2936 4419 τοῖς
2959 4355 3244 4418 Θετταλοῖς
3265 4351 3700 4425 ἀπεργάζεσθαι.

2133 4451 2199 4503 Τί
2225 4451 2332 4520 γὰρ
2362 4450 2602 4503 τοιοῦτόν
2640 4451 2788 4502 ἐστιν
2819 4448 2950 4519 παρ’
2982 4446 3197 4516 ἑκάστῳ
3233 4445 3342 4498 τῶν
3373 4443 3702 4515 εἰρημένων,

2120 4627 2415 4698 simiusunt
2442 4624 2692 4698 Tenedos,
2725 4623 2910 4694 Sigwis
2939 4625 3155 4678 adversa
3177 4616 3554 4698 _littor_i_bus,°et
3585 4616 3703 4698 (etc)

2119 4713 2220 4766 quo
2246 4697 2485 4750 dicentur
2513 4688 2733 4760 ordine,
2769 4688 2836 4770 ad
2865 4693 3277 4770 promontorium
3316 4688 3480 4742 Tauri
3513 4688 3704 4770 montis

2124 4765 2418 4836 apposita';
2449 4781 2579 4836 quas
2617 4765 2883 4836 quondam
2941 4765 3047 4836 diri
3103 4765 3704 4836 putarere__ttaxap_wv;

2123 4829 2229 4890 sine
2260 4839 2399 4906 quod
2444 4829 2708 4904 fortunati
2769 4834 3051 4888 admodum
3102 4829 3493 4906 cmii,__solique
3553 4830 3703 4889 sint;

2124 4909 2229 4961 sire
2251 4897 2388 4976 quod
2414 4897 2502 4960 eas
2534 4921 2653 4976 suo,
2681 4921 2998 4976 suorumque
3012 4917 3199 4976 _rcg:_:o
3255 4897 3440 4976 θίασον
3467 4911 3706 4976 occupa-

2130 4967 2294 5030 verat.
2337 4975 2429 5029 llis
2457 4967 2670 5029 accedit
2702 4967 2972 5028 Diodorus
3009 4967 3226 5026 Siculus
3262 4970 3352 5021 lib.
3383 4984 3436 5019 v.
3465 4967 3530 5019 Et
3574 4967 3709 5020 sane

2131 5050 2301 5100 multo
2337 5047 2519 5112 plures
2546 5047 2675 5098 olim
2714 5046 2793 5098 sic
2831 5043 3166 5098 vocabantur
3204 5039 3434 5112 insulse;
3468 5035 3707 5112 fortasse

2129 5129 2180 5186 et
2220 5107 2471 5185 ξιιωὶωω
2507 5115 2678 5186 modo
2702 5113 3015 5186 Fortunata:
3044 5111 3491 5186 appellatalttt';_et
3523 5107 3709 5185 multa:

2131 5177 2610 5258 Oceani.'Rursus
2644 5177 3093 5258 Creta,_t‘.yp_rns,
3130 5180 3358 5258 Lances
3389 5177 3606 5244 aliaque
3655 5177 3708 5229 in

2127 5257 2441 5310 conatinenle
2498 5257 2600 5308 sita
2649 5255 2766 5308 loca
2827 5249 3139 5307 Insularum
3193 5249 3451 5303 ("eliciunt
3483 5261 3706 5304 nomen.

2131 5327 2444 5398 testimonio
2473 5323 2804 5398 lloll‘uianni,
2836 5334 3130 5378 consecuta
3157 5317 3555 5398 suun-Omnes
3580 5329 3708 5368 vero

2131 5395 2440 5465 hujusmodi
2473 5397 2703 5459 insulas,
2738 5396 2809 5448 ob
2837 5403 2995 5448 terrae
3037 5395 3502 5466 opportunitatem
3557 5399 3705 5453 mag-

2129 5459 2276 5518 naiu.
2308 5475 2360 5519 ct
2395 5465 2730 5534 voluptarias
2778 5466 3003 5520 delicias
3053 5459 3415 5536 iinlieandas_._
3457 5459 3532 5507 ita
3583 5469 3705 5508 esse

2128 5536 2426 5604 appellatas
2457 5526 2682 5590 necesse
2712 5547 2831 5601 est,
2889 5549 3064 5604 eaque
3096 5532 3310 5585 ratione
3361 5526 3486 5580 illas
3542 5539 3702 5579 usur-

2132 5615 2222 5675 pat
2262 5604 2561 5676 Nyssenus.
2659 5675 2707 5676 μ
2995 5673 3007 5676 _
3042 5672 3053 5676 _
3423 5667 3436 5676 _
3593 5666 3622 5676 ..

2202 5676 2276 5745 (ι)
2310 5667 2614 5744 Πολυύμν.
2657 5675 2801 5732 Idem
2832 5690 2894 5731 ac
2925 5672 3266 5743 πολύμνητος
3297 5684 3308 5698 ·
3343 5667 3436 5722 sed
3505 5667 3702 5722 melius

2133 5745 2333 5802 dicitur
2360 5761 2423 5803 eo
2449 5746 2626 5802 modo.
