4002 6206
415 288 560 347 1085

1652 292 1711 349 S.
1752 291 2083 351 GREGORII
2114 291 2417 350 NYSSENI

3267 218 3307 226 ‘—

3527 297 3685 354 1086

411 427 535 467 eam
566 427 688 483 quae
720 411 810 467 hic
848 411 1177 482 inclytorum
1213 413 1486 468 fructuum
1514 416 1691 471 malus
1732 428 1869 482 erat,
1919 415 1987 470 ad
2025 415 2405 471 excellentiam
2438 415 2627 485 optimi
2668 415 2869 473 coloris
2922 432 3087 491 supra
3115 420 3319 491 proprii
3373 419 3525 479 ﬂoris
3563 438 3688 478 co-

416 503 596 589 lorem
621 508 782 562 elata.
829 504 949 559 Non
987 505 1123 560 vidit
1166 505 1471 562 silvestrem
1517 508 1695 577 pirum
1730 508 1969 578 expolito
2002 521 2196 563 recens
2224 507 2388 563 ebore
2419 507 2818 563 candidiorem.

484 603 554 656 At
580 600 709 671 quid
739 598 863 671 quis
886 607 1071 655 narret
1109 598 1343 655 Persicae
1363 600 1508 669 pomi
1543 600 1747 655 variam
1783 603 1970 657 multi-

2143 599 2209 654 Τί
2233 600 2277 654 δ’
2304 601 2369 656 ἄν
2393 619 2477 665 τις
2516 602 2660 655 είποι
2689 602 2790 673 τῆς
2813 600 3087 673 Περσικῆς
3123 603 3343 676 ὀπώρας
3375 605 3437 659 τὸ
3480 607 3686 659 ποικί⁴

414 692 719 765 plicemque
760 692 994 763 speciem
1040 707 1105 747 ex
1149 691 1337 746 alteris
1383 690 1763 758 commistam,
1823 703 1989 766 atque

417 784 811 854 compositam?
854 781 1026 837 Sicuti
1062 782 1205 836 enim
1258 781 1608 838 hircocervos
1648 785 1876 855 pingunt
1924 802 1989 843 ac

418 882 874 950 hippocentauros
920 875 1132 943 aliaque
1177 873 1446 941 ejusmodi
1481 890 1547 928 ex
1589 874 1747 946 longe
1780 876 1988 934 dissitis

420 986 529 1024 una
562 970 745 1034 mista,
782 968 877 1037 qui
915 967 996 1021 vel
1031 979 1193 1034 supra
1238 965 1409 1033 ipsam
1442 972 1690 1018 naturam
1727 968 1986 1037 sapiunt;

418 1060 494 1113 ita
527 1065 581 1114 et
625 1073 690 1112 ex
739 1055 1049 1125 hujusmodi
1095 1069 1254 1123 pomo
1297 1054 1457 1107 aliam
1499 1053 1567 1108 ad
1619 1056 1987 1126 amygdalum,

417 1147 582 1199 aliam
617 1146 683 1198 ad
728 1159 943 1205 nucem,
985 1141 1052 1195 ad
1090 1140 1403 1196 doracinam
1445 1142 1718 1210 persieum
1762 1144 1987 1198 alteram

418 1238 679 1293 insertam
712 1249 836 1290 cum
868 1232 1166 1288 secundum
1200 1247 1421 1295 nomen,
1453 1241 1565 1285 tum
1585 1231 1741 1300 juxta
1769 1242 1988 1303 gustum

418 1327 489 1379 ab
512 1334 631 1379 arte
660 1325 928 1380 violenter
958 1324 1220 1392 imperata
1236 1322 1415 1377 eil‘ecit
1434 1331 1649 1376 natura.
1685 1322 1748 1376 Et
1775 1324 1841 1377 ad
1874 1324 1988 1379 base

324 1460 335 1473 ι
415 1415 602 1471 omnia
625 1455 641 1481 ,
675 1415 969 1470 multitudo
1003 1429 1223 1484 quoque
1257 1430 1287 1469 e
1325 1414 1556 1483 singulis
1599 1423 1795 1484 praeter
1819 1430 1990 1470 venn-

418 1514 613 1561 statem
645 1506 1032 1562 ostendebatur
1053 1521 1292 1580 {verum
1316 1513 1370 1560 et
1399 1506 1453 1559 in
1500 1507 1830 1574 plantatione
1876 1507 1990 1562 dis-

420 1600 638 1669 positio,
673 1614 1076 1669 numerosaque
1120 1599 1212 1652 illa
1242 1598 1472 1669 pictura.
1504 1598 1585 1653 Re
1633 1614 1759 1653 vera
1786 1599 1984 1653 etenim

419 1690 649 1759 pictoris
672 1692 862 1761 magis,
896 1705 1058 1760 quam
1094 1690 1344 1759 agricolae
1383 1689 1706 1743 miraculum
1743 1688 1988 1758 appella-

419 1796 531 1835 res.
564 1780 685 1847 Quo
716 1789 876 1851 pacto
905 1790 1086 1835 autem
1122 1781 1394 1835 desiderio
1427 1796 1615 1835 eorum
1643 1782 1734 1854 qui
1763 1781 1879 1835 haec
1912 1781 1987 1835 ita

420 1873 834 1942 disposuerunt,
884 1882 1079 1928 natura
1127 1873 1287 1927 facile
1337 1872 1503 1927 fuerit
1539 1873 1824 1939 obsecuta,
1875 1888 1986 1926 non

420 1936 558 2035 ινιῑό
584 1963 700 2019 ﬁeri
742 1980 905 2035 posse
934 1972 993 2017 ut
1029 1979 1279 2018 sermone
1316 1966 1653 2019 ostendatur.
1688 1936 1989 2018 Subvarbu-
2020 1936 2062 1994 Β

422 2054 593 2108 srivas
624 2054 838 2123 quidem
896 2053 1031 2107 vites
1071 2052 1263 2106 semita
1305 2061 1359 2107 et
1388 2052 1629 2122 jucunda
1670 2053 1759 2107 illa
1802 2052 1992 2107 umbra

422 2160 490 2199 ex
522 2144 752 2199 racemis
794 2143 1069 2211 praestita;
1108 2157 1377 2212 novaque,
1422 2159 1454 2198 e
1496 2144 1778 2208 lateribus,
1822 2142 1991 2199 ramis

424 2249 693 2299 rosarum,
721 2241 775 2287 et
796 2233 1112 2303 palmitibus
1129 2233 1337 2298 vitium,
1369 2250 1491 2304 qua:
1520 2242 1707 2289 mutuo
1741 2236 1990 2305 implexae

423 2326 744 2395 innexaeque
795 2326 910 2379 vice
952 2325 1214 2394 parietum
1258 2326 1421 2379 etiam
1471 2333 1631 2379 erant
1673 2326 1878 2380 aditum
1920 2325 1986 2380 ad

422 2424 768 2472 transversas
802 2424 988 2484 partes
1021 2416 1385 2483 struentium,
1424 2417 1568 2471 muri
1612 2416 1804 2472 ell'ecta
1838 2425 1986 2472 strn-

421 2519 599 2563 ctura.
633 2507 739 2563 Sed
771 2509 921 2561 illam
950 2507 1016 2561 ad
1039 2508 1302 2562 curriculi
1338 2507 1503 2577 hujus
1529 2524 1801 2564 summum
1835 2526 1991 2580 aqua:

424 2599 712 2670 piscinam,
751 2599 917 2670 inque
960 2597 1078 2667 ipsa
1118 2599 1390 2653 enntritos
1433 2600 1615 2669 pisces
1649 2601 1771 2669 quis
1816 2602 1995 2655 valeat

432 2706 533 2762 pro
562 2690 831 2760 dignitate
861 2690 1114 2744 oratione
1137 2689 1560 2746 demonstrare?
1588 2693 1734 2746 Inter
1758 2692 1875 2746 haec
1899 2707 1995 2745 au-

428 2794 535 2836 tem
576 2782 783 2846 omnia,
822 2781 1033 2835 liberali
1066 2783 1301 2850 quadam
1334 2781 1737 2848 benevolentia,
1768 2783 1861 2852 qui
1891 2783 1992 2837 do-

423 2870 617 2925 micilii
658 2885 846 2924 curam
884 2871 1118 2940 agebant
1160 2871 1581 2940 generositatem
1622 2879 1772 2925 tuam
1799 2872 1993 2927 sedulo

423 2971 945 3027 commemorarunt,
989 2960 1591 3032 demonstraruntque;
1649 2963 1989 3034 singulatim,

423 3069 549 3124 quae
591 3062 684 3108 tua
712 3068 879 3123 opera
914 3052 1194 3108 elaborata
1231 3052 1474 3120 fuerunt,
1508 3053 1894 3121 ostendentes;
1928 3070 1992 3110 ac

424 3148 469 3201 si
505 3146 603 3201 tibi
640 3145 742 3215 ipsi
787 3130 894 3215 per’
926 3160 1029 3199 nos
1070 3159 1183 3198 rem
1233 3143 1478 3199 facerent
1526 3151 1759 3215 gratam.
1796 3143 1865 3197 At
1906 3144 1993 3200 hic

2088 692 2178 745 λον
2201 709 2260 745 τε
2286 692 2379 746 καὶ⁵
2402 692 2695 757 πολυειδὲς,
2718 694 2811 746 καὶ
2837 693 2896 758 ἐξ
2921 696 3246 765 ἑτερογενῶν
3269 696 3643 767 συμμεμιγμέ
3658 725 3684 738 -

2089 799 2178 836 vov
2209 783 2303 836 καὶ
2333 780 2583 835 σύνθετον
2608 799 2624 848 ;
2659 782 2869 854 ’Ὠσπερ
2905 783 3014 854 γὰρ
3041 785 3092 836 oi
3137 786 3257 848 τοὺς
3287 787 3685 856 τραγελάφους

2089 873 2184 926 καὶ
2234 872 2695 944 ἱπποκενταύρους
2736 875 2831 927 καὶ
2875 874 2944 928 τὰ
2989 875 3217 930 τοιαῦτα
3265 876 3551 946 μιγνύντες
3600 879 3681 931 ἐκ

2089 960 2378 1031 διαφόρων,
2410 960 2503 1013 καὶ
2546 960 2643 1032 τὴν
2683 961 2842 1030 φύσιν
2887 965 3385 1036 παρασοφιζόμενοι
3425 969 3681 1036 γράφου-

2091 1067 2174 1104 σιν
2192 1066 2206 1079 ·
2233 1048 2374 1104 οὕτω
2402 1052 2496 1104 καὶ
2521 1053 2611 1104 ἐπὶ
2654 1052 2752 1122 τῆς
2780 1052 3001 1126 ὀπώρας
3032 1056 3234 1126 ταύτης
3252 1074 3266 1087 υ
3293 1058 3354 1110 τὸ
3389 1059 3488 1128 μὲν
3527 1060 3679 1131 πρὸς

2088 1142 2421 1211 ἀμυγδαλῆν,
2454 1142 2516 1195 τὸ
2543 1142 2599 1195 δὲ
2652 1142 2789 1213 πρὸς
2833 1145 3035 1216 κάρυον
3057 1189 3071 1212 ,
3103 1147 3288 1219 ἕτερον
3332 1149 3389 1202 δὲ
3422 1149 3560 1220 πρὸς
3602 1149 3674 1201 τὸ

2087 1235 2367 1306 δοράκινον
2396 1235 2469 1305 (5)
2512 1235 2655 1289 κατά
2683 1253 2742 1288 τε
2774 1236 2834 1290 τδ
2870 1237 3040 1308 ὄνομα
3073 1240 3165 1292 καὶ
3200 1241 3300 1310 τὴν
3344 1241 3534 1309 γεῦσιν
3564 1258 3675 1312 με·

2092 1327 2352 1397 μιγμένον
2399 1327 2787 1399 τυραννηθεῖσα
2836 1330 2988 1398 παρὰ
3038 1333 3137 1401 τῆς
3182 1331 3381 1403 τέχνης
3425 1332 3676 1403 ἡφύσις

2089 1419 2330 1489 ἐποίησε.
2363 1420 2470 1473 Καὶ
2495 1420 2586 1472 ἐπὶ
2613 1422 2745 1473 πᾶσι
2776 1421 2986 1485 τούτοις
3012 1422 3073 1475 τὸ
3101 1423 3185 1493 ἐφ’
3221 1425 3436 1494 ἑκάστῳ
3466 1424 3673 1494 πλῆθος

2089 1508 2229 1579 ὑπὲρ
2275 1509 2336 1561 τὸ
2380 1509 2574 1572 κάλλος
2633 1510 2923 1565 ἐδείκνυτο.
2993 1512 3154 1567 Ἀλλὰ
3203 1514 3298 1567 καὶ
3340 1515 3439 1585 τὴν
3490 1516 3546 1567 ἐν
3596 1517 3667 1585 τῇ

2088 1600 2280 1672 φυτεία
2311 1600 2576 1666 διάθεσιν,
2606 1602 2701 1655 καὶ
2732 1603 2831 1672 τὴν
2856 1602 3126 1674 εὔρυθμον
3159 1605 3478 1675 ζωγραφίαν
3516 1607 3666 1659 ὲκεί-

2088 1708 2203 1762 νην.
2255 1691 2491 1762 Ἀληθῶς
2537 1694 2647 1764 γὰρ
2677 1694 2929 1763 γραφέως
2976 1694 3176 1764 μᾶλλον
3216 1697 3249 1765 ἢ
3281 1697 3555 1765 γεωπόνου
3602 1698 3667 1751 τὺ

2088 1782 2288 1855 θαῦμα.
2330 1784 2489 1840 Οὕτω
2518 1787 2582 1855 τῇ
2616 1785 2879 1857 ἐπιθυμίᾳ
2907 1786 3014 1849 ἰλῶν
3042 1786 3217 1842 ταῦτα
3246 1789 3595 1843 διατιθέντων
3629 1792 3664 1860 ἡ

2089 1874 2250 1944 φύσις
2278 1874 2510 1938 εὐκόλως
2539 1875 2998 1947 ἐπηκολούθησεν,
3024 1877 3125 1930 οὐκ
3152 1874 3305 1946 οἶμαι
3335 1879 3561 1933 δυνατὸν
3587 1876 3670 1933 εἶ-

2092 1983 2181 2019 ναι
2208 1965 2295 2018 διὰ
2326 1967 2498 2033 λόγων
2541 1965 2894 2033 ἐνδείξασθαι.
2931 1966 3042 2038 Τὴν
3083 1967 3140 2021 δὲ
3173 1968 3276 2021 ὑπὸ
3305 1968 3403 2032 τὰς
3434 1970 3661 2024 ἀναδεν-

2092 2058 2291 2129 δράδας
2315 2057 2430 2111 ὁδὸν
2449 2058 2542 2111 καὶ
2561 2059 2657 2127 τὴν
2682 2056 2938 2125 γλυκεῖαν
2971 2056 3183 2127 ἐκείνην
3203 2059 3264 2110 ὲκ
3286 2058 3391 2111 τῶν
3409 2058 3658 2128 βοτρύων

2100 2149 2275 2203 σκιάν·
2300 2149 2391 2202 καὶ
2414 2148 2513 2216 τὴν
2539 2148 2731 2218 καινὴν
2759 2148 2822 2200 ὲκ
2849 2146 3093 2217 πλαγίων
3118 2148 3462 2217 τειχοποιίαν,
3492 2149 3667 2220 ῥόδων

2098 2240 2296 2311 ὂρπηξι
2320 2239 2413 2292 καὶ
2437 2238 2762 2308 κληματίσιν
2783 2237 3042 2308 ἀμπέλων
3067 2238 3321 2308 ἀλλήλαις
3349 2238 3673 2291 συνδιαπλε-

2102 2331 2365 2399 κομένων,
2404 2328 2495 2380 καὶ
2525 2329 2646 2380 ἀντὶ
2674 2328 2865 2397 τοίχων
2894 2328 3326 2399 διατειχιζόντων
3353 2329 3451 2399 τὴν
3480 2329 3574 2382 ἐπὶ
3602 2329 3671 2383 τὰ

2100 2421 2300 2487 πλάγια
2332 2418 2560 2489 πάροδον
2583 2434 2598 2447 ·
2630 2419 2729 2488 τήν
2761 2435 2821 2472 τε
2850 2419 2992 2472 κατὰ
3021 2420 3082 2472 τὸ
3106 2421 3273 2491 ἄκρον
3302 2420 3397 2473 τοῦ
3429 2421 3672 2474 τοιούτου

2094 2511 2292 2580 δρόμου
2322 2510 2396 2581 (6)
2428 2508 2812 2579 κολυμϐήθραν
2844 2508 2937 2561 τοῦ
2970 2508 3182 2574 ὓδατος,
3207 2510 3299 2561 καὶ
3324 2510 3447 2572 τοὺς
3478 2512 3536 2562 ἐν
3568 2511 3670 2564 αύ-

2095 2600 2171 2669 τῷ
2199 2599 2560 2670 τρεφομένους
2591 2598 2799 2668 ἰχθύας,
2829 2600 2911 2662 τίς
2937 2599 3003 2653 ἂν
3027 2600 3317 2666 ἐνδείξαιτο
3342 2601 3477 2670 πρὸς
3500 2600 3668 2664 ἀξίαν

2092 2690 2170 2761 τῷ
2198 2691 2371 2760 λόγῳς
2418 2691 2504 2743 Ἐν
2537 2690 2641 2762 γὰρ
2679 2690 2886 2753 τούτοις
2931 2692 3061 2743 πᾶσι
3110 2691 3250 2760 μετά
3281 2707 3420 2753 τινος
3450 2690 3670 2743 site-40s-

2095 2783 2210 2853 ρίου
2242 2782 2653 2853 φιλοφροσύνης,
2677 2783 2725 2835 οί
2758 2781 2856 2852 τὴν
2885 2782 3058 2835 οἰκίαν
3088 2781 3540 2853 ἐπιτροπεύοντες
3570 2783 3668 2851 τῆς

2092 2874 2367 2941 εὐγενείας
2407 2890 2499 2926 σου
2538 2873 2677 2926 κατὰ
2720 2872 2952 2944 σπουδὴν
3003 2873 3389 2944 ττεριηγοῦντο.
3429 2874 3525 2925 καὶ
3566 2874 3671 2926 ὑπο

2092 2964 2364 3017 εδείκνυον
2382 3005 2397 3030 ,
2426 2963 2495 3016 τὰ
2519 2962 2854 3017 καθέκαστον
2886 2963 2992 3015 τῶν
3021 2979 3099 3015 σοι
3136 2962 3526 3034 πεπονημένων
3557 2965 3676 3014 tatu

2090 3055 2426 3125 δεικνύμενοι
2446 3095 2459 3119 ,
2489 3054 2565 3117 ὡς
2593 3054 2657 3107 ἂν
2687 3053 2836 3124 αὐτῷ
2872 3054 2954 3106 σοὶ
2999 3053 3065 3107 δι’
3107 3053 3265 3124 ἡμῶν
3301 3053 3666 3124 χαριζόμενοι.

2096 3147 2263 3200 Ἔνθα
2290 3147 2381 3200 καί
2405 3163 2488 3209 τις
2510 3145 2619 3197 τῶν
2647 3144 2966 3208 νεανίσκων,
3003 3144 3253 3215 καθάπερ
3282 3161 3362 3204 τις
3396 3146 3668 3213 θαυματο-

422 3240 646 3308 qnidam
681 3236 1145 3300 adolescentulus,
1178 3237 1334 3305 quasi
1367 3237 1564 3307 aliquis
1602 3237 1989 3308 prmstigiator,

2094 3237 2244 3300 ποιὸς
2264 3277 2278 3300 ,
2310 3236 2619 3301 ἐπεδείξατο
2657 3237 2785 3306 ἡμῖν
2815 3234 2995 3305 θέαμα
3028 3234 3101 3305 μὴ
3142 3234 3262 3287 λίαν
3307 3235 3667 3305 ἐπιχωριάζον

424 3330 796 3400 spectaculum
830 3328 1068 3382 ostendit
1101 3328 1260 3382 nobis
1289 3343 1397 3382 non
1430 3328 1593 3382 nimis
1627 3337 1835 3383 natura:
1862 3344 1992 3384 sne-

423 3431 561 3475 tum.
592 3419 1041 3490 Quandoquidem
1069 3418 1137 3473 ad
1169 3418 1396 3472 fundum
1421 3418 1764 3475 descendens
1796 3433 1894 3488 pro
1926 3419 1992 3472 li-

423 3514 553 3567 bera
607 3518 871 3580 potestate
913 3523 1053 3578 quos
1104 3524 1172 3563 ex
1220 3507 1389 3561 animi
1431 3507 1704 3562 sententia
1756 3508 1990 3575 volebat,

422 3603 746 3658 sustollebat
787 3603 1014 3673 pisces;
1052 3608 1106 3655 et
1153 3599 1229 3654 illi
1272 3600 1340 3653 ad
1387 3598 1685 3669 piscatoris
1728 3607 1990 3655 attactum

423 3711 532 3751 non
573 3704 834 3765 tanquam
880 3693 946 3747 ad
982 3693 1321 3763 peregrinam
1358 3692 1543 3747 sedem
1580 3692 1841 3760 adibant;
1874 3693 1989 3748 vel-

424 3789 502 3842 uti
545 3788 766 3857 quidam
812 3784 1088 3841 mansueti
1137 3784 1325 3845 catuli.
1358 3799 1498 3852 quos
1543 3785 1756 3839 cicures
1795 3800 1990 3840 manus

422 3878 560 3931 artis
581 3877 737 3946 periti
772 3877 1159 3952 subjectosque
1198 3875 1300 3930 sibi
1339 3876 1584 3930 haberet.
1625 3875 1867 3932 Posthac
1905 3892 1991 3932 me

423 3969 489 4021 a.l
523 3967 785 4037 quasdam
815 3969 959 4021 mdes
998 3966 1343 4021 deduxerunt
1372 3967 1763 4035 propemodum
1799 3976 1859 4021 ut
1899 3982 1989 4023 re-

423 4059 755 4127 quieturum.
779 4057 950 4114 IEdes
973 4058 1117 4112 enim
1141 4057 1463 4113 ostendebat
1479 4057 1638 4114 nobis
1664 4060 1946 4129 ingressus
1972 4075 1987 4125 ;

424 4160 481 4205 at
510 4166 634 4205 cum
679 4151 822 4205 intra
856 4150 1082 4221 jannam
1123 4150 1345 4214 fuimus,
1383 4166 1492 4205 non
1538 4151 1738 4206 domus
1779 4152 1994 4221 excepit

424 4258 547 4309 nos,
578 4258 765 4298 verum
798 4242 1056 4312 porticus.
1091 4240 1344 4297 Porticus
1374 4250 1556 4298 autem
1590 4243 1824 4297 sublime
1856 4258 1986 4313 pcn-

2096 3332 2161 3399 τῇ
2194 3327 2371 3397 φύσει.
2408 3326 2667 3387 Καταδὰς
2709 3325 2818 3396 γὰρ
2847 3326 2938 3379 ἐπὶ
2964 3325 3025 3378 τὸ
3065 3324 3227 3395 βάθος
3271 3326 3389 3379 κατ’
3421 3325 3671 3390 ἐξουσίαν

2096 3421 2347 3491 ἀνῃρεῖτο
2384 3418 2493 3472 τῶν
2540 3416 2736 3488 ἰχθύων
2783 3419 2910 3480 τοὺς
2951 3417 3092 3470 κατὰ
3130 3417 3353 3488 γνώμην
3376 3433 3389 3446 ο
3424 3417 3675 3470 κάκεῖνοι

2098 3511 2234 3582 πρὸς
2260 3511 2359 3579 τὴν
2382 3510 2597 3579 ἐπαφὴν
2624 3509 2716 3562 τοῦ
2741 3509 2935 3572 ἁλιέως
2958 3509 3057 3561 οὐκ
3085 3507 3384 3573 ὲξενίξοντο
3401 3552 3419 3575 ,
3445 3502 3557 3560 οἶόν
3586 3525 3673 3559 τι-

2097 3622 2187 3666 νες
2211 3607 2513 3677 χειροήθεις
2541 3606 2805 3668 σκύλακες
2836 3604 3078 3658 τιθασσοὶ
3114 3605 3266 3669 ὄντες
3308 3609 3373 3676 τῇ
3407 3605 3551 3675 χειρὶ
3575 3601 3669 3656 τοῦ

2097 3698 2336 3768 τεχνίτου
2375 3700 2470 3753 καὶ
2506 3699 2824 3770 ὑποχείριοι.
2858 3694 2991 3751 Εἷτά
3030 3715 3096 3768 με
3127 3701 3375 3770 παρῆγον
3409 3699 3501 3750 sm:
3546 3714 3667 3749 τινα

2096 3784 2243 3842 οἷκον
2262 3789 2419 3860 δῆθεν
2441 3790 2516 3853 ὼς
2537 3788 2997 3858 ἀναπαυσόμενον.
3023 3784 3181 3843 Οἶκον
3206 3790 3312 3858 γὰρ
3333 3787 3666 3841 ἐνεδείκνυτο

2098 3878 2226 3946 ἡμῖν
2263 3879 2295 3948 ἡ
2346 3876 2566 3941 εἴσοδος.
2625 3876 2762 3929 Ἀλλ’
2806 3876 2956 3941 ἐντὸς
2987 3878 3086 3946 τῆς
3132 3877 3299 3949 θύρας
3344 3879 3670 3947 γενομένους

2096 3969 2244 4038 ἡμᾶς
2284 3968 2405 4037 οὐχὶ
2453 3964 2619 4031 οἶκος,
2669 3968 2803 4021 ἀλλὰ
2855 3969 2984 4022 στοὰ
3012 3968 3297 4035 διεδέξατο.
3349 3971 3413 4022 Ἦ
3445 3970 3501 4022 δὲ
3539 3969 3671 4022 στοὰ

2098 4057 2368 4128 μετέωρος
2398 4053 2465 4128 ἦν
2485 4097 2499 4121 ,
2530 4057 2690 4129 λίμνῃ
2720 4057 2911 4130 βαθείᾳ
2941 4061 3004 4112 ἐκ
3030 4060 3225 4113 πολλοῦ
3257 4061 3347 4113 τοῦ
3368 4059 3537 4128 ὔψους
3568 4064 3671 4113 ἐπ-

2094 4151 2391 4220 ηωρημένη
2410 4150 2503 4218 (7).
2532 4151 2937 4221 Προσεκλύζετο
2965 4153 3022 4205 δὲ
3050 4152 3129 4222 τῷ
3157 4153 3355 4222 ὓδατιή
3389 4152 3595 4222 κρηπὶς
3628 4154 3667 4222 ἡ

2091 4242 2188 4313 τὴν
2224 4242 2382 4295 στοὰν
2414 4242 2681 4312 ἀνέχουσα
2730 4242 2980 4313 τριγώνῳ
3021 4244 3098 4315 τῷ
3147 4246 3416 4315 σχήματι,
3454 4238 3567 4295 οἷόν
3610 4260 3670 4296 τι

497 4460 818 4542 (δΥΕτερρν
839 4460 906 4514 δὲ
920 4459 1068 4542 πρὸς
1092 4461 1157 4542 τὸ
1180 4459 1515 4542 δορεξκινογ.
1541 4460 1834 4542 Δοράκινον
1856 4460 1993 4542 Περτ

2104 4461 2386 4542 Gregorio.
2430 4458 2618 4513 Latine
2654 4460 2874 4542 quid-em
2916 4459 3254 4518 durarinum,
3285 4472 3405 4542 non
3455 4457 3670 4509 domoi-

428 4534 627 4603 σικήν,
677 4532 926 4603 arborem
971 4531 1276 4603 Persica_nt_
1294 4533 1610 4584 doraeinam
1666 4547 1774 4585 non
1813 4531 1994 4603 inveni

429 4599 572 4671 apud
599 4601 999 4671 quamplurima
1030 4600 1217 4666 λεξικὰ
1239 4599 1424 4655 Graece
1442 4612 1813 4671 memoratam.
1846 4599 1992 4652 Nova

426 4670 595 4741 igitur
618 4670 739 4725 ’vox
788 4670 910 4724 erit.
956 4671 1023 4741 Et
1069 4686 1384 4739 quanquam
1435 4670 1606 4724 Grzeci
1649 4672 1750 4725 hac
1798 4671 1997 4741 planta:

426 4738 612 4810 specie
658 4754 936 4809 nunquam
986 4738 1547 4794 fortasse'carucrint
1579 4782 1594 4806 ,
1636 4738 1821 4810 tamen
1868 4739 1995 4810 aliis

424 4808 707 4865 vocabulis
750 4808 869 4865 eam
919 4811 1311 4879 expresserim.
1360 4826 1585 4866 necesse
1618 4820 1720 4864 est.
1777 4808 1996 4879 Persica

427 4881 595 4948 igitur
624 4881 889 4933 duracina
937 4876 1088 4945 sunt,
1117 4896 1236 4950 qua:
1273 4881 1409 4934 dura
1439 4890 1567 4935 sunt
1613 4894 1802 4950 carne,
1851 4876 1992 4933 Plin.

427 4951 520 5004 lib.
558 4965 611 5012 ν,
646 4965 769 5018 cap.
805 4951 891 5013 1‘2,
916 4951 1079 5003 sicuti
1113 4967 1227 5004 uvae
1253 4950 1550 5015 duracinae,
1588 4966 1707 5020 qua:
1742 4949 1915 5009 lirma,
1944 4955 1997 5002 et

425 5020 565 5073 dura
608 5028 738 5073 sunt
794 5020 1021 5081 cortice,
1066 5021 1146 5074 vel
1186 5021 1339 5075 duris
1396 5021 1600 5083 acinis;
1648 5021 1722 5076 id.
1751 5021 1845 5073 lib.
1874 5034 1993 5083 xw,

425 5106 547 5159 cap.
584 5093 636 5142 1.
668 5090 951 5159 Augustus
985 5106 1077 5144 eas
1113 5091 1347 5142 maxime
1388 5092 1706 5159 appetebat;
1743 5090 1998 5143 vesceba-

426 5158 628 5229 tnrqne
668 5160 751 5212 vel
791 5158 920 5229 dum
957 5159 1154 5213 essedo
1179 5158 1489 5229 veheretur.
1525 5159 1695 5214 Verba
1720 5160 1862 5213 enim
1904 5160 1998 5227 ip—

427 5227 551 5285 sius
574 5230 627 5283 in
679 5229 799 5295 ejus
837 5227 1098 5297 Epistolis
1144 5236 1313 5282 sunt:
1352 5227 1492 5282 Dum
1530 5231 1709 5284 lectica
1746 5244 1809 5281 ea:
1852 5229 1998 5298 regia

425 5299 639 5353 domum
668 5299 843 5360 redeo,
875 5300 1025 5364 panis
1049 5301 1258 5351 unciam
1296 5314 1433 5351 cum.
1458 5302 1639 5366 paucis
1688 5300 1852 5351 acinis
1889 5314 1998 5352 uva:

426 5370 699 5423 duracinw
746 5369 967 5439 comedi.
1009 5369 1236 5422 Sueten.
1277 5368 1413 5439 Aug.
1442 5371 1512 5422 rit
1549 5386 1669 5439 cap.
1712 5369 1799 5423 7G.
1833 5368 1998 5423 licete

426 5451 558 5509 vero
601 5439 723 5507 ejus
771 5438 987 5509 generis
1031 5439 1282 5493 arborem
1327 5438 1649 5493 dun-auinam
1707 5440 1998 5509 appellavit

378 5556 379 5559 η
425 5503 725 5582 Gregorius
752 5503 854 5582 {et
887 5509 1092 5582 optime
1131 5510 1238 5563 dici
1277 5509 1328 5562 id
1358 5518 1548 5582 potest
1577 5503 1867 5582 Graece-ob
1897 5508 1999 5561 du—

352 5598 367 5650 έ
426 5575 940 5650 ritiem._Quouiani
987 5576 1175 5650 δούρον
1219 5586 1317 5650 cst_
1357 5575 1595 5649 lignum;
1630 5582 1774 5650 unde
1804 5581 1999 5647 ἐτυμο-

426 5641 613 5724 λογίαν
645 5641 817 5724 habet
849 5648 1020 5724 durus
1048 5641 1258 5724 Latine.
1287 5641 1469 5724 Quare
1491 5641 1709 5724 videare
1737 5641 1998 5724 dirraciira

432 5714 575 5770 dicta
613 5714 703 5783 sit,
734 5725 789 5770 et
834 5733 942 5773 non
985 5716 1266 5785 doract‘na,
1298 5720 1464 5775 veluti
1501 5730 1580 5775 est
1623 5720 1676 5775 in
1722 5719 1932 5788 codice,
1968 5736 1997 5775 ιι

2101 4550 2225 4588 num
2259 4531 2535 4584 dixerunt.
2569 4530 2955 4583 Animadverte
2987 4541 3163 4582 autem
3198 4532 3251 4581 in
3285 4530 3367 4582 his
3401 4543 3673 4581 enarran-

2099 4606 2203 4665 «εἰς,
2235 4603 2461 4654 arbores
2490 4616 2516 4651 τι
2544 4599 2793 4670 Nysseno
2825 4600 3147 4668 signiﬁcari.
3182 4616 3288 4651 non
3330 4600 3578 4670 frtlctus:
3614 4599 3670 4650 in

2098 4672 2386 4727 artioribus
2427 4668 2607 4735 enim,
2641 4688 2749 4724 non
2793 4671 2846 4725 in
2900 4671 3027 4733 illis,
3078 4670 3369 4725 insitiones
3415 4668 3671 4721 ciliciun-

2098 4754 2153 4796 tu
2166 4760 2208 4795 t'.

2170 4813 2243 4879 (6)
2267 4813 2512 4877 Δρόμου.
2542 4810 2722 4865 Callus
2746 4810 2909 4879 igitur
2941 4810 3243 4867 hortorum,
3269 4807 3667 4879 pomariorutn,

2099 4876 2281 4934 ltzzlice
2303 4876 2464 4941 'mu,
2489 4880 2675 4935 Graece
2702 4876 2974 4932 curricula
2999 4876 3293 4939 dicuntur;
3325 4892 3446 4944 qua:
3485 4876 3671 4930 Italico

2098 4952 2272 5015 corsi;
2301 4953 2424 5005 item
2457 4952 2619 5005 etiam
2646 4951 2879 5004 corridoi
2909 4967 2925 5003 :
2954 4949 3145 5018 quales
3182 4948 3438 5015 majores.
3473 4955 3524 5000 et
3551 4947 3672 5000 lon-

2099 5022 2277 5088 giores
2318 5022 2580 5088 porticus,
2615 5024 2844 5075 excelsa:
2882 5022 3070 5077 etiam,
3112 5020 3410 5088 interdum,
3444 5019 3497 5070 in
3542 5034 3674 5070 non-

2099 5087 2267 5144 nullis
2303 5087 2509 5145 mdibus
2547 5092 2704 5143 modo
2740 5103 3146 5159 nuncupantur.
3180 5087 3311 5140 Nam
3348 5092 3670 5140 Cttrrtculns

2098 5173 2182 5215 cst
2211 5178 2409 5230 parvus
2443 5178 2673 5225 currus;
2706 5163 3086 5230 curriculinn,
3113 5160 3289 5218 locus.
3323 5159 3376 5209 itt
3413 5172 3521 5230 quo
3550 5174 3677 5209 cnv-

2102 5228 2269 5295 ritur;
2298 5231 2375 5284 vel
2416 5231 2593 5298 ipsum
2644 5231 2900 5285 currendi
2943 5229 3187 5281 ofﬁcium
3218 5246 3230 5280 :
3267 5236 3407 5281 teste
3446 5228 3671 5298 Charis.

2102 5303 2207 5354 Sed
2245 5296 2509 5353 incertum
2541 5300 2591 5353 id
2615 5310 2699 5353 est
2733 5321 2744 5353 :
2781 5301 3015 5352 maxime
3050 5302 3174 5362 quia
3216 5298 3267 5350 in
3306 5296 3556 5365 pluribus
3581 5312 3676 5347 ca-

2101 5372 2254 5424 sibus
2305 5370 2543 5439 obliquis
2587 5370 3080 5439 ditias-cntiaapnd
3125 5376 3381 5439 auctores
3416 5365 3668 5439 conspici

2099 5441 2308 5510 nequit.
2330 5438 2393 5491 Ει
2420 5436 2642 5494 adverte
2670 5442 2755 5494 hic
2784 5436 3020 5500 τοιοῦτος
3057 5456 3152 5507 pro
3179 5437 3299 5501 hic;
3330 5438 3433 5510 nisi
3463 5436 3555 5510 _si_t_
3575 5450 3673 5510 pro

2099 5505 2372 5572 τοσοῦτος,
2401 5510 2717 5577 dignitatem
2747 5511 2851 5563 loci
2879 5505 3234 5578 exprimens;
3266 5507 3413 5576 quod
3444 5505 3674 5559 difﬁcile

2100 5581 2301 5635 dicenti
2332 5583 2653 5636 assentirer.

2172 5650 2247 5722 (ἶ)
2299 5649 2736 5722 ἰ’ἲςτηωρημὲνη·
2790 5647 2985 5722 chito_
3025 5646 3415 5722 ἐπῃωρημένη.
3464 5640 3668 5713 Scripti

2103 5721 2320 5776 codices
2353 5719 2462 5776 iota
2501 5722 2809 5791 subscripta
2843 5728 2900 5774 ut
2935 5719 3231 5790 plurimum
3276 5724 3669 5789 aspernantur.
