4002 6206
590 201 687 215 ..ρ-ς
703 183 729 194 ν.
880 195 959 213 σει-ηπ
996 192 1009 209 γ

777 211 827 229 οὶ
954 212 967 217 ..η

252 270 275 326 1
289 270 397 329 039

1424 266 1804 325 EPISTOLE.
1838 297 1906 307 —
1929 261 2150 322 EPIST.
2187 263 2357 320 XXIV

3372 266 3508 324 1090

252 392 358 459 τῆς
392 385 808 457 παλιγγενεσίας
839 387 900 443 τὸ
926 391 1026 462 τῆς
1072 389 1344 462 σωτηρίας
1381 392 1677 463 μυστήριον
1726 409 1832 444 πα-

1957 404 2062 443 :um
2096 388 2293 445 salutis
2327 386 2558 457 prtebuit
2594 386 2951 458 mysterium,
2987 388 3301 460 accepimus
3334 389 3390 443 in
3440 391 3511 442 la-
3556 427 3573 445 .

258 477 534 550 ραδόντος.
584 478 980 547 Πορευθέντες
1019 480 1162 551 γὰρ,
1215 483 1378 552 φησι,
1424 482 1836 551 μαθητεύσατε

1957 494 2132 543 mero,
2182 480 2236 533 in
2283 494 2395 549 quo
2438 478 2638 532 iterum
2691 493 3022 549 generantur

256 569 460 623 πάντα
490 567 666 637 ἔθνη.
700 568 1093 636 βαπτίζοντες
1135 573 1357 639 αὐτοὺς
1407 574 1496 639 εις
1535 572 1599 626 τὸ
1651 572 1839 643 ὄνομα

256 660 372 715 τοῦ
401 658 631 729 Πατρός
659 659 755 714 καί
778 660 885 716 τοῦ
930 662 1069 716 Υίοῦ
1092 662 1190 717 καί
1229 663 1334 717 τοῦ
1368 663 1539 733 ἁγίου
1571 665 1840 735 Πνεύμαο

259 768 390 820 τος*
422 750 814 819 διδάσκοντες
840 753 1046 822 τηρεῖν
1077 752 1274 808 πάντα
1302 754 1419 809 ὅσα
1448 755 1840 826 ἐνετειλάμην

262 844 430 915 ὑμῖν.
464 842 699 914 Διαιρῶν
720 843 828 914 γὰρ
862 844 942 908 είς
967 841 1061 897 δύο
1095 845 1195 916 τὴν
1231 844 1339 898 τῶν
1365 847 1705 918 Χριστιανῶν
1738 864 1839 901 πο-

260 933 490 995 λιτείαν,
517 932 597 998 είς
625 949 684 985 τε
707 933 766 987 τὸ
790 932 979 1002 ἠθικὸν
1003 934 1186 1005 μέρος,
1213 936 1305 989 καὶ
1330 936 1409 999 είς
1435 936 1533 1007 τὴν
1556 936 1840 1007 δογμάτων

262 1024 571 1095 ἀκρίσειαν,
601 1022 662 1076 τὸ
694 1023 792 1091 μὲν
823 1025 1086 1096 σωτήριον
1120 1026 1296 1096 δόγμα
1324 1028 1382 1080 ὲν
1415 1030 1479 1099 τῇ
1523 1026 1617 1081 τοῦ
1646 1028 1842 1098 βαπτί-

264 1130 475 1183 σματος
508 1113 803 1184 παραδόσει
831 1114 1290 1185 κατησφαλίσατο’
1326 1116 1415 1171 τὸν
1443 1116 1500 1170 δὲ
1535 1118 1648 1191 βίον
1685 1117 1842 1190 ήμῶν

261 1204 354 1257 διὰ
376 1203 477 1274 τῆς
508 1206 792 1276 τηρήσεως
820 1204 930 1257 τῶν
972 1205 1199 1261 ἐντολῶν
1247 1206 1410 1262 αὑτοῦ
1445 1209 1841 1280 κατορθοῦσθαι

263 1293 497 1351 κελεύει.
561 1295 721 1349 Ἀλλὰ
749 1297 810 1349 τὸ
845 1296 943 1367 μὲν
981 1297 1122 1351 κατὰ
1150 1299 1249 1364 τὰς
1282 1300 1501 1364 ἐντολὰς
1531 1302 1696 1374 μέρος
1721 1343 1735 1367 ,
1767 1304 1845 1368 ὡς

268 1387 598 1458 μικροτέραν
631 1387 795 1457 φέρον
818 1389 883 1459 τῇ
917 1387 1061 1459 ψυχῇ
1094 1389 1193 1460 τὴν
1222 1390 1444 1462 ζημίαν,
1465 1395 1662 1466 ἠφείθη
1692 1394 1845 1467 παρὰ

262 1475 362 1530 τοῦ
397 1477 642 1532 διαϐόλου
694 1479 1184 1552 ἀπαρεγχείρητον.
1243 1482 1367 1536 Ἐπὶ
1405 1483 1462 1537 δὲ
1509 1487 1845 1558 κυριωτέρου

269 1566 369 1619 καὶ
392 1566 635 1636 μείζονος
655 1568 687 1639 ἡ
715 1569 865 1622 πᾶσα
890 1569 1079 1638 γέγονε
1099 1570 1192 1624 τοῦ
1210 1572 1611 1645 Ἀντικειμένου
1639 1576 1842 1649 σπουδὴ

268 1655 368 1711 τοῦ
400 1659 827 1730 παρατραπῆναι
843 1658 951 1714 τῶν
979 1661 1189 1716 πολλῶν
1216 1663 1315 1727 τὰς
1345 1665 1522 1737 ψυχὰς
1549 1669 1630 1732 είς
1652 1669 1709 1721 τὸ
1740 1687 1844 1740 μη-

267 1746 330 1802 δὲ
363 1748 464 1801 είτι
491 1747 577 1803 διὰ
600 1748 707 1805 τῶν
735 1751 963 1805 ἐντολῶν
1001 1752 1317 1827 κατορθωθῇ
1350 1756 1539 1826 κέρδος
1563 1755 1721 1814 εἶναι’
1746 1760 1844 1831 τῆς

271 1839 519 1912 μεγάλης
559 1842 652 1895 καὶ
683 1842 904 1916 πρώτης
928 1842 1139 1910 ἐλπίδος
1186 1847 1245 1901 ὲν
1291 1850 1359 1919 τῇ
1400 1850 1527 1922 περὶ
1568 1851 1631 1905 τὸ
1668 1851 1845 1922 δόγμα

268 1932 451 2003 πλάνῃ
483 1935 592 1998 τοῖς
620 1934 944 2007 ἀπατηθεῖσι
993 1937 1066 2008 μὴ
1102 1941 1514 2015 συμπαρούσης.
1549 1943 1649 1997 Διά
1690 1944 1846 1999 τοῦτο

271 2023 733 2097 συμϐουλεύομεν,
771 2029 868 2099 τῆς
915 2028 1216 2101 ἁπλότητος
1252 2033 1361 2086 τῶν
1394 2033 1625 2105 πρώτων
1664 2036 1840 2107 ῥημάσ

270 2131 382 2168 των
430 2116 531 2187 τῆς
575 2117 810 2183 πίστεως
840 2120 916 2192 μὴ
968 2123 1273 2196 ἀποχωρεῖν
1312 2125 1439 2189 τοὺς
1468 2127 1846 2199 ἀντιποιουμέ-

271 2222 399 2271 νους
418 2210 517 2280 τῆς
546 2208 756 2263 ἑαυτῶν
787 2212 1081 2284 σωτηρίαςο
1115 2213 1254 2268 ἀλλὰ
1285 2215 1757 2288 παραδεχομένους
1789 2221 1848 2273 ὲν

271 2300 342 2370 τῇ
389 2298 787 2373 ψυχῇ-Πατέρα
839 2303 934 2355 καὶ
962 2302 1094 2357 Υίὺν
1131 2304 1226 2357 καὶ⁸
1274 2304 1497 2376 Πνεῦμα
1540 2307 1714 2377 ἅγιον,
1773 2308 1848 2380 μὴ

277 2389 410 2459 μίαν
432 2389 723 2446 ὑπόστασιν
757 2392 1106 2467 πολυώνυμον
1126 2391 1263 2450 εἶναι
1284 2396 1526 2468 νομίζειν
1546 2416 1558 2428 ·
1591 2399 1714 2452 οὕτε
1740 2400 1849 2472 γὰρ

272 2481 500 2537 δυνατόν
532 2486 647 2538 ἐστι
683 2484 774 2538 τὺν
801 2485 1019 2558 Πατέρα
1070 2487 1262 2541 ἑαυτοῦ
1295 2489 1516 2562 Πατέρα
1563 2489 1847 2560 λέγεσθαι,

282 2575 361 2647 μὴ
389 2575 602 2647 ἀληθῶς
627 2576 686 2642 ἐξ
714 2577 879 2631 αὑτοῦ
905 2578 999 2632 τοῦ
1027 2579 1158 2633 Υίοῦ
1185 2581 1264 2652 τῷ
1296 2582 1471 2653 Πατρὶ
1515 2581 1614 2654 τὴν
1657 2583 1852 2654 κλῆσιν

278 2666 704 2739 ἐπαληθεύοντος
727 2685 742 2699 ·
796 2668 921 2723 οὔτε
954 2670 1014 2724 τὺ
1044 2672 1266 2744 Πνεῦμα
1297 2672 1355 2727 ἓν
1400 2673 1508 2728 τῶν
1545 2675 1851 2746 εἰρημένων

276 2753 419 2813 εἶναι
446 2758 719 2831 νομίζειν,
744 2759 887 2814 ὥστε
923 2762 1002 2827 είς
1034 2764 1243 2835 Πατρδς
1268 2765 1302 2835 ἢ
1343 2765 1473 2820 Υίοῦ
1512 2766 1718 2822 ἔννοιαν
1764 2768 1853 2823 διὰ

274 2848 381 2919 τῆς
440 2848 535 2903 τοῦ
610 2848 928 2921 Πνεύματος
982 2854 1353 2925 προσηγορίας
1405 2855 1693 2925 ὲνὰγεσθαι
1763 2857 1853 2912 τὸν

276 2938 563 2995 ἀκούοντα.
603 2940 742 2995 Ἀλλ’
769 2941 932 3009 ίδίως,
959 2942 1053 2996 καὶ
1072 2946 1340 3015 ἁποτεταγ
1350 2946 1527 3018 μένως
1557 2949 1615 3001 ὲν
1638 2948 1854 3022 ἑκάστῳ

275 3030 390 3085 τῶν
424 3031 703 3103 ὀνομάτων
734 3034 1167 3090 συνυπακούεται
1195 3038 1229 3107 ἡ
1268 3038 1699 3113 ἐνσημαινομένη
1732 3044 1854 3106 ταῖς

277 3121 671 3194 προσηγορίαις
689 3122 1005 3189 ὑπόστασις.
1026 3127 1135 3179 Καὶ
1151 3127 1243 3180 τὸν
1264 3128 1481 3200 Πατέρα
1502 3130 1852 3198 ἀκούσαντες,

275 3212 379 3283 τὴν
407 3211 502 3265 τοῦ
541 3214 738 3277 παντὸς
771 3215 947 3269 αἰτίαν
982 3216 1314 3287 ἠκούσαμεν·
1361 3220 1453 3272 τὸν
1481 3220 1538 3273 δὲ
1586 3221 1713 3276 Υἱὸν
1754 3239 1857 3293 μα-

278 3303 493 3367 θόντες,
518 3305 616 3376 τὴν
647 3306 712 3358 ὲκ
738 3305 838 3376 τῆς
871 3306 1095 3380 πρώτης
1126 3308 1305 3374 αίτίας
1342 3311 1735 3383 ἀναλάμψασαν
1766 3314 1858 3368 δύο

278 3411 446 3463 ναμιν
479 3397 559 3460 εἰς
589 3397 689 3467 τὴν
718 3398 812 3451 τοῦ
853 3400 1052 3464 παντὸς
1091 3400 1350 3455 σύστασιν
1380 3403 1756 3476 ἐδιδάχθημεν·
1798 3408 1859 3461 τὸ

280 3485 340 3540 δὲ
371 3486 596 3559 Πνεῦμα
623 3489 861 3558 γνόντες,
886 3490 985 3562 τὴν
1012 3491 1358 3565 τελειωτικὴν
1390 3493 1620 3566 δύναμιν
1644 3496 1753 3551 τῶν
1773 3496 1860 3553 διὰ

282 3580 515 3643 κτίσεως
526 3583 605 3644 είς
619 3580 680 3634 τὸ
694 3577 831 3636 εἶναι
850 3582 1347 3659 παρα[δε]δομένων
1362 3587 1425 3640 ἐκ
1440 3587 1533 3641 τοῦ
1547 3588 1756 3661 Πατρὸς
1772 3586 1860 3645 διὰ

281 3671 375 3726 τοῦ
397 3672 528 3726 Υίοῦ
555 3674 872 3746 ὲνοήσαμεν.
903 3676 967 3727 Al
1000 3675 1097 3746 μὲν
1124 3672 1217 3730 οὖν
1248 3677 1573 3743 ὑποστάσεις
1601 3681 1745 3733 κατὰ
1769 3681 1860 3733 τὶν

283 3763 574 3836 εἰρημένον
616 3766 815 3838 τρόπον
849 3767 1165 3839 ἀσυγχύτως
1205 3768 1299 3822 ἀπ’
1332 3769 1575 3840 ἀλλήλων
1599 3771 1861 3842 διακεχω-

285 3856 541 3930 ρισμὲναι
568 3859 694 3912 εἱσί’
724 3859 934 3932 Πατρὸς
961 3859 1104 3928 λέγω
1126 3861 1219 3914 καὶ
1239 3861 1370 3915 Υίοῦ
1389 3863 1483 3916 καὶ
1505 3864 1661 3932 ἁγίου
1690 3864 1861 3919 Πνεύ-

285 3965 477 4019 ματος.
522 3951 587 4003 Ἦ
632 3949 688 4003 δὲ
725 3951 880 4004 οὐσία
936 3952 1147 4019 αὐτῶν,
1192 3953 1314 4025 ἥτις
1354 3956 1481 4009 ποτὲ
1524 3956 1663 4028 αῦτη
1713 3959 1864 4012 ἐστὶν

284 4039 587 4111 (ἄφραστος
613 4040 720 4112 γάρ
743 4042 858 4094 ἐστι
884 4041 1027 4111 λόγῳ
1046 4084 1061 4108 ,
1086 4042 1181 4097 καὶ⁸
1220 4045 1452 4116 νοήματι
1478 4047 1759 4119 ἄληπτος),
1784 4052 1863 4114 είς

283 4132 584 4203 ἑτερότητά
604 4150 724 4186 τινα
748 4134 960 4204 φύσεως
980 4136 1041 4188 οῦ
1062 4135 1455 4209 διαμερίζεται.
1485 4140 1627 4193 Διότι
1648 4141 1710 4194 τὸ
1733 4143 1861 4196 ἀκα-

284 4223 563 4294 τάληπτον
592 4225 687 4279 καὶ
719 4224 1073 4298 ἀπερινόητον
1111 4228 1206 4281 καὶ
1247 4227 1528 4300 λογισμοῖς
1562 4233 1864 4304 ἀπερίδρα-

285 4329 418 4370 κτον
452 4312 570 4371 ίσόν
609 4317 756 4371 ἐστιν
796 4319 880 4389 ἐφ’
915 4320 1129 4392 ἑκάστῳ
1154 4319 1265 4375 τῶν
1291 4323 1349 4374 ὲν
1372 4324 1437 4394 τῇ
1472 4323 1657 4395 Τρεάδι
1704 4341 1862 4379 πεπι-

3077 497 3090 535 :
3150 480 3350 535 Euntes
3366 522 3381 547 ,
3432 480 3512 535 ait

1937 571 2114 635 enim,
2147 573 2322 625 docete
2353 585 2529 623 omnes
2555 580 2728 645 gentes
2752 612 2767 635 ,
2818 572 3154 640 baptizanles‘
3188 589 3273 627 eos
3313 573 3369 627 in
3413 588 3512 627 tto-

1939 662 2077 716 mine
2112 662 2293 716 Patris
2320 671 2367 715 et
2394 661 2516 716 Filii
2546 670 2592 715 et
2623 660 2849 730 Spiritus
2882 665 3094 726 sancti;
3128 665 3370 719 docentes
3402 680 3513 720 ser-

1938 771 2063 809 vare
2102 757 2278 807 omnia
2312 769 2630 823 quwcunque
2659 754 2801 807 vobis
2832 755 3079 807 mandavi
3114 755 3175 806 ⁸⁵.
3210 754 3422 810 Etenim
3455 756 3511 809 in

1940 842 2051 896 duo
2092 840 2344 895 dividens
2391 840 2721 895 Christiana:
2766 841 3081 909 reipublicae
3126 850 3332 897 statum
3366 853 3423 899 et
3454 844 3513 898 in

1940 935 2206 989 moralem
2239 943 2448 1005 partem
2472 974 2486 997 ,
2522 943 2574 987 et
2613 934 2665 986 in
2699 934 3046 988 decretorum
3079 943 3397 989 accuratam
3427 950 3516 988 ra-

1942 1023 2182 1091 tionem,
2229 1025 2474 1079 salutare
2512 1024 2734 1094 quidem
2788 1026 3075 1081 decretum
3120 1026 3173 1080 in
3220 1026 3519 1081 traditione

1940 1116 2294 1185 baptismatis
2324 1116 2561 1170 ﬁrmavit
2582 1133 2597 1182 ;
2618 1119 2787 1171 vitam
2818 1127 3002 1174 autem
3031 1127 3279 1173 nostram
3308 1132 3517 1188 praece-

1943 1222 2159 1282 ptorum
2194 1223 2425 1265 suorum
2464 1211 2852 1267 observatione
2892 1211 3059 1281 dirigi
3107 1211 3387 1281 praecepit.
3421 1210 3521 1264 At-

1942 1311 2128 1356 tamen
2155 1300 2225 1354 ab
2254 1316 2315 1355 ea
2345 1311 2498 1371 parte
2525 1317 2648 1373 quae
2676 1312 2760 1358 est
2787 1310 3188 1374 praeceptorum
3212 1342 3228 1366 ,
3255 1309 3519 1371 tanquam

1944 1393 2013 1448 ab
2045 1393 2138 1446 illa
2169 1407 2292 1462 qua:
2329 1393 2527 1449 animae
2560 1394 2746 1449 minus
2781 1392 3104 1449 detrimenti
3142 1391 3351 1447 inferre
3384 1404 3519 1461 pos-

1945 1485 2055 1549 sit,
2090 1484 2358 1540 abstinuit
2390 1500 2625 1556 prorsus
2655 1486 2933 1551 diabolus,
2964 1486 3115 1541 nullo
3140 1484 3262 1540 eam
3294 1484 3523 1538 adortus

1944 1570 2168 1630 conatu.
2200 1573 2374 1631 Omne
2404 1575 2709 1631 adversarii
2738 1577 2980 1631 studium
3000 1615 3016 1642 ,
3049 1576 3349 1630 multarunt
3399 1586 3525 1642 per—

1945 1666 2193 1724 vertendi
2224 1669 2438 1724 animas
2462 1707 2478 1733 ,
2513 1669 2569 1722 in
2599 1668 2981 1739 principaliori
3011 1666 3338 1737 meliorique
3368 1672 3526 1735 parte

1950 1760 2249 1831 praestitum
2277 1768 2397 1825 est,
2420 1767 2481 1815 ut
2508 1776 2577 1816 ne
2604 1760 2657 1815 id
2681 1760 2906 1831 quidem
2927 1799 2943 1825 ,
2976 1758 3023 1815 si
3052 1758 3355 1829 quidquam
3386 1769 3525 1827 prae-

1949 1851 2126 1920 ceptis
2150 1858 2301 1907 recte
2340 1848 2585 1923 geratur,
2632 1852 2706 1908 sit
2746 1852 2960 1907 lucrum
2985 1890 3001 1914 ,
3057 1863 3183 1905 cum
3230 1862 3426 1920 magna
3470 1854 3527 1903 et

1949 1943 2125 2013 prima
2156 1930 2426 2013 spes’non
2467 1942 2708 2014 amplius
2750 1942 2807 1998 in
2854 1940 3104 1998 seductis
3145 1954 3336 1996 errore
3376 1939 3528 1994 circa

1951 2034 2173 2090 decreta
2208 2034 2391 2090 inesse
2419 2033 2618 2105 possit.
2650 2032 2956 2090 Consilium
2988 2040 3285 2105 prepterea
3311 2029 3527 2100 praebe-

1952 2142 2108 2190 mus,
2138 2142 2209 2182 ne
2240 2141 2271 2181 a
2305 2126 2661 2197 simplicitate
2707 2126 3010 2196 primorum
3059 2124 3353 2180 verborum
3404 2121 3531 2177 ﬁdei

1952 2217 2253 2288 quidquam
2302 2217 2604 2273 abscedant
2639 2217 2705 2282 ii,
2738 2216 2829 2286 qui
2864 2230 2963 2285 pro
2991 2230 3089 2271 sua
3121 2225 3290 2285 agunt
3316 2215 3529 2281 salute;

1954 2306 2052 2361 sed
2080 2312 2139 2359 ut
2168 2306 2221 2359 in
2254 2305 2436 2359 anima
2465 2304 2684 2375 quidem
2712 2304 3083 2372 suscipientes
3113 2302 3330 2358 Patrem
3360 2312 3418 2358 et
3442 2302 3533 2357 Fi-

1955 2396 2086 2451 lium
2118 2403 2172 2451 et
2210 2393 2476 2466 Spiritum
2507 2402 2761 2452 sanctum
2784 2433 2798 2459 ,
2834 2409 2945 2448 non
2973 2409 3140 2448 unam
3192 2393 3529 2465 bypostasim

1956 2486 2255 2540 multorum
2302 2484 2583 2538 nominum
2615 2498 2740 2540 esse
2770 2483 3093 2537 existiment
3123 2500 3137 2537 :
3176 2496 3354 2551 neque
3384 2482 3532 2536 enim

1958 2577 2073 2632 ﬁeri
2117 2583 2296 2647 potest
2336 2574 2556 2632 Patrem
2602 2575 2687 2632 sui
2736 2576 2912 2645 ipsius
2954 2574 3168 2630 Patrem
3211 2573 3364 2642 dici;
3407 2588 3534 2630 cum

1956 2683 2069 2724 non
2100 2682 2227 2723 vere
2257 2667 2409 2723 Patri
2439 2676 2894 2739 cognomentum.
2927 2667 3022 2736 qui
3072 2666 3145 2721 sit
3193 2666 3278 2722 sui
3319 2664 3495 2721 Filius
3515 2704 3534 2731 ,

1958 2774 2149 2815 verum
2205 2758 2453 2815 eﬂiciat:
2507 2774 2686 2830 neque
2733 2768 2794 2814 ut
2841 2758 3205 2826 existiment,
3265 2756 3534 2829 Spiritum

1959 2864 2125 2904 unam
2156 2864 2271 2905 rem
2302 2864 2426 2905 esse
2453 2863 2521 2905 ex
2553 2849 2863 2920 praedictis,
2895 2850 2971 2906 ita
3007 2858 3070 2905 ut
3121 2850 3179 2905 in
3218 2848 3400 2905 Patris
3441 2858 3538 2903 aut

1959 2939 2087 2996 Filii
2124 2941 2491 3011 cognitionem
2524 2956 2622 3013 per
2662 2940 2905 3012 Spiritus
2942 2941 3403 3013 appellationem,
3442 2941 3540 3012 qui

1962 3030 2188 3098 audiat,
2219 3031 2533 3088 inducatur.
2570 3032 2642 3086 At
2673 3046 2803 3088 vero
2835 3033 3097 3104 proprie,
3132 3047 3198 3087 ac
3241 3040 3386 3087 stata
3418 3047 3542 3087 cer-

1962 3134 2127 3196 taque
2158 3125 2375 3180 ratione
2408 3126 2463 3179 in
2495 3125 2731 3195 singulis
2769 3126 3059 3180 nominum
3091 3140 3201 3180 una
3247 3125 3410 3180 simul
3451 3125 3541 3179 in-

1961 3217 2187 3270 auditur
2214 3214 2522 3287 signiﬁcata
2570 3216 2628 3269 in
2677 3216 3139 3286 appellationibus
3178 3216 3538 3287 ltypostasis;

1960 3310 2233 3381 Patreque
2291 3311 2519 3376 audito,
2578 3308 2826 3364 omnium
2891 3322 3120 3363 causam
3183 3308 3539 3370 audivimus;

1961 3402 2159 3458 Filium
2212 3412 2394 3459 autem
2439 3402 2749 3466 discentes,
2803 3416 2869 3457 ex
2916 3402 3092 3472 prima
3147 3414 3315 3455 causa
3366 3398 3538 3454 reful-

1961 3499 2177 3565 gentem
2206 3500 2530 3563 potestatem
2561 3491 2628 3547 ad
2660 3491 2902 3547 universi
2933 3491 3380 3547 constitutionem
3408 3490 3542 3545 edo—
3659 3533 3667 3541 .

1962 3584 2037 3639 cti
2094 3588 2333 3650 sumus;
2394 3583 2607 3654 Spiritu
2662 3574 2797 3639 vero
2853 3584 3100 3653 cognito,
3158 3582 3541 3653 perfectricctn

1964 3673 2282 3730 facultatem
2315 3689 2503 3730 eorum
2534 3688 2654 3744 quae
2683 3688 2780 3743 per
2818 3674 3160 3729 creationem
3192 3688 3224 3727 a
3254 3671 3413 3727 Patre
3445 3688 3544 3743 per

1964 3766 2164 3821 Filium
2195 3767 2249 3820 in
2276 3766 2659 3823 exsistentiam
2691 3768 2892 3822 tradita
2936 3774 3099 3831 sunt,
3142 3766 3539 3821 intelleximus.

1967 3857 2356 3915 Subsistentite
2383 3859 2553 3931 igitur
2577 3859 2734 3931 juxta
2765 3859 2972 3915 dictum
2999 3858 3221 3914 modum
3251 3844 3559 3913 inconfuse‘

1964 3951 2199 4005 invicem
2229 3959 2499 4021 separatae
2536 3960 2700 4015 sunt,
2734 3951 2917 4007 Patris
2939 3991 2955 4018 ,
2995 3952 3159 4015 dico,
3195 3958 3250 4006 et
3281 3949 3443 4015 Filii,
3486 3958 3546 4004 et

1966 4044 2145 4099 sancti
2176 4041 2441 4113 Spiritus.
2476 4042 2728 4099 Essentia
2774 4056 2958 4099 autem
3004 4046 3250 4114 ipsorum
3281 4056 3548 4112 quaecun-

1965 4149 2073 4206 que
2117 4135 2237 4206 ipsa
2265 4151 2511 4206 unquam
2539 4136 2613 4190 sit
2644 4136 2836 4205 (dicto
2864 4136 3011 4191 enim
3047 4136 3158 4190 dici
3194 4133 3426 4203 nequit,
3459 4132 3546 4185 in-

1965 4225 2382 4297 telligentiaque
2404 4235 2492 4281 est
2522 4227 2979 4297 incomprehensa
2998 4226 3017 4297 )
3037 4265 3053 4291 ,
3088 4225 3142 4279 in
3164 4222 3543 4279 diversitatem

1966 4315 2205 4386 aliquam
2235 4324 2444 4371 natura:
2470 4317 2621 4371 nullo
2644 4324 2805 4388 pacto
2827 4316 3169 4387 dispertitur.
3193 4315 3547 4383 Quapropter

290 4409 605 4480 στευμένων
639 4410 961 4481 προσώπων.
1001 4412 1061 4466 '0
1087 4411 1195 4483 γὰρ
1223 4413 1519 4486 ἐρωτηθεὶς
1542 4415 1595 4468 τί
1621 4417 1739 4470 κατ’
1767 4417 1855 4470 οὐ·

1967 4407 2114 4480 quod
2160 4408 2678 4478 incomprehensum
2718 4416 2805 4465 est
2847 4422 2914 4462 ac
2962 4414 3147 4462 mente
3192 4420 3304 4460 non
3348 4419 3545 4475 perce-

290 4498 416 4552 σίαν
450 4502 599 4555 ἐστὶν
624 4504 652 4556 ό
678 4502 866 4575 Πατὴρ
887 4543 902 4567 ,
949 4504 1305 4575 εὐγνωμόνως
1354 4506 1447 4558 καὶ
1490 4507 1702 4578 ἀληθῶς
1729 4511 1863 4581 ὁμο-

287 4588 514 4661 λογήσει
543 4589 604 4643 τὺ
627 4592 765 4664 ὑπὲρ
792 4596 992 4661 γνῶσιν
1020 4589 1158 4646 εἶναι
1192 4594 1253 4647 τὸ
1282 4594 1633 4665 ζητούμενον.
1676 4600 1871 4655 Ὡσαύ-

289 4697 403 4746 τως
447 4683 541 4736 καὶ
569 4685 698 4755 περὶ
725 4683 818 4736 τοῦ
866 4682 1184 4755 μονεγενοῦς
1212 4684 1344 4738 Υἱοῦ
1386 4687 1559 4742 οὐδενὶ
1604 4689 1744 4759 λόγῳ
1772 4691 1870 4763 τὴν

290 4772 486 4827 οὐσίαν
517 4774 928 4845 καταληφθῆναι
956 4774 1179 4829 δυνατὸν
1207 4771 1346 4828 εἶναι
1374 4777 1715 4850 συνθήσεται.
1752 4782 1872 4851 Τὴν

292 4858 407 4932 γὰρ
436 4860 645 4931 γενεὰν
674 4861 881 4926 αὐτοῦ,
908 4863 1062 4931 φησι,
1092 4862 1184 4929 τίς
1211 4862 1555 4931 διηγήσεται
1579 4883 1599 4931 ;
1639 4868 1872 4939 ὐμοίως

290 4949 354 5004 δὶ
389 4950 643 5022 καὶπερὶ
687 4951 781 5005 τοῦ
824 4953 1137 5024 Πνεῦματος
1186 4955 1278 5009 τοῦ
1322 4957 1476 5026 ἁγίου
1518 4961 1579 5012 τὸ
1617 4955 1736 5015 ἴσον
1771 4965 1871 5036 τῆς

294 5039 442 5093 κατὰ
479 5040 576 5112 τὴν
608 5042 908 5115 κατάληψιν
949 5045 1258 5116 ἀμηχανίας
1288 5048 1317 5100 ό
1355 5046 1449 5101 τοῦ
1482 5050 1685 5122 Κυρίου
1715 5053 1873 5122 λόγος

294 5131 631 5188 ἐνδείκνυται
656 5133 850 5203 λέγων,
881 5136 961 5189 ὅτι
982 5137 1081 5207 τῆς
1106 5137 1203 5207 μὲν
1226 5139 1409 5210 φωνῆς
1437 5141 1601 5195 αὑτοῦ
1630 5143 1870 5208 ἀκούεις.

293 5224 401 5277 οὐκ
427 5218 571 5288 οἶδας
601 5225 658 5280 δὲ
688 5226 850 5281 πόθεν
869 5226 1106 5299 ἔρχεται,
1140 5229 1235 5281 καὶ
1262 5230 1364 5283 ποῦ
1394 5232 1607 5301 ὑπάγει.
1655 5234 1881 5307 Ἐπειδὴ,

296 5316 480 5371 τοίνυν
502 5317 757 5389 οὐδεμίαν
780 5321 838 5373 ὲν
870 5319 944 5389 τῷ
984 5319 1352 5392 ἀκαταλήπτῳ
1384 5323 1491 5376 τῶν
1516 5323 1681 5395 τριῶν
1704 5342 1873 5398 προσ-

297 5405 466 5460 ώπων
476 5407 741 5478 διαφορὰν
767 5404 1159 5479 ἐννοοῦμεν’(οὐ
1186 5411 1296 5480 γὰρ
1313 5409 1375 5462 τδ
1399 5410 1499 5480 μὲν
1524 5411 1723 5480 μᾶλλον
1742 5414 1875 5467 ἀκα-

295 5499 594 5572 τάληπτον,
622 5500 683 5554 τὸ
709 5501 765 5555 δὲ
790 5497 969 5576 ἥττον’
988 5501 1103 5555 ἀλλ’
1131 5496 1212 5566 είς
1235 5502 1326 5555 ἐπὶ
1345 5505 1443 5574 τῆς
1467 5502 1697 5575 Τριάδος
1718 5506 1747 5559 ό
1775 5505 1877 5577 τῆς

404 5678 451 5714 ⁸⁸
483 5677 670 5735 Matth.
701 5697 888 5749 xxvm,
928 5681 1010 5745 l9,
1050 5681 1120 5738 20
1219 5680 1261 5713 ¹⁶
1294 5681 1397 5735 153.
1422 5694 1538 5745 LIII.
1566 5680 1621 5737 8ο

1967 4510 2121 4572 ptum
2142 4542 2157 4568 ,
2187 4509 2241 4562 et
2271 4501 2420 4573 quod
2461 4501 2981 4558 ratiocinationibus
3020 4499 3399 4568 circumplecti
3448 4512 3545 4552 ne-

1968 4592 2218 4663 quimus,
2269 4593 2478 4665 mquale
2528 4602 2613 4650 est
2666 4594 2722 4648 in
2779 4592 3013 4664 singulis
3068 4603 3429 4661 personarum
3490 4587 3547 4643 in

1970 4684 2245 4743 Trinitate
2275 4686 2634 4742 creditarum.
2666 4685 3044 4757 Interrogatus
3074 4684 3219 4738 enim
3244 4722 3258 4745 ,
3296 4680 3426 4752 quid
3475 4679 3548 4735 sit

1972 4778 2275 4834 secundum
2332 4780 2631 4835 essentiam
2684 4777 2891 4845 Pater,
2948 4784 3097 4832 recta
3159 4774 3433 4830 sententia
3493 4781 3549 4828 et

1974 4881 2101 4922 vere
2132 4867 2395 4921 fatebitur
2423 4868 2710 4937 quaesitum
2739 4881 2862 4922 esse
2882 4906 2897 4929 ,
2928 4865 3077 4936 quod
3114 4872 3198 4920 est
3240 4880 3407 4935 supra
3449 4879 3550 4919 no-

1977 4960 2204 5015 tionem.
2239 4957 2602 5013 Tantumdem
2635 4960 2684 5013 is
2721 4966 2776 5015 et
2807 4958 2877 5015 de
2921 4958 3208 5030 unigenito
3247 4956 3389 5011 Filio
3435 4970 3549 5010 non

1979 5048 2095 5105 ﬁeri
2140 5064 2337 5119 posse.
2385 5058 2441 5103 ut
2480 5049 2589 5104 ulla
2636 5050 2850 5105 ratione
2900 5051 3142 5106 essentia
3188 5048 3550 5119 comprelienc

1977 5140 2162 5202 datur.
2211 5142 2536 5196 constituet.
2591 5139 2987 5196 Generationem
3035 5141 3181 5196 enim
3243 5138 3392 5208 ejus.
3442 5136 3547 5201 ait.

1976 5236 2093 5306 (Ικίδ
2124 5235 2397 5289 εηατταὺὶι
2426 5235 2513 5289 “1’
2553 5234 2786 5292 Perinde
2828 5249 2962 5291 vero
2989 5243 3043 5291 et
3081 5234 3151 5289 de
3180 5232 3386 5304 Spiritu
3422 5245 3554 5286 san-

1960 5325 2070 5382 'cto
2096 5325 2467 5396 aqualitatem
2515 5328 2714 5399 inopia:
2752 5328 3056 5385 secundum
3100 5322 3553 5395 comprehensio-

1981 5434 2106 5475 nem
2128 5418 2342 5475 Domini
2373 5435 2557 5477 sermo
2582 5428 3002 5489 commonstrat,
3037 5419 3249 5481 diccns,
3282 5415 3429 5488 quod
3454 5430 3553 5469 vo-

1983 5524 2102 5567 cem
2128 5509 2302 5582 ipsius
2332 5512 2527 5582 audis;
2550 5513 2693 5569 unde
2716 5521 2896 5570 autem
2920 5513 3066 5569 venit
3086 5520 3138 5568 et
3161 5524 3271 5582 quo
3294 5506 3550 5571 deducit,
