3972 6208
475 294 605 352 ιυοι

1697 289 1755 345 S.
1797 286 2125 344 GREGOR"
2162 287 2456 343 SYSSENI

3590 284 3732 341 H19!

470 424 581 470 non
611 408 795 463 noscis
823 406 886 461 ".
921 405 1152 461 Proinde
1180 405 1349 476 igitur
1382 403 1593 459 nullum
1637 402 1939 458 discrimen
1981 402 2037 456 in

2142 401 2518 473 ἀκαταληψίας
2546 402 2727 470 λόγος,
2759 400 2848 454 διὰ
2884 399 3040 454 τοῦτό
3067 416 3264 471 φαμεν,
3295 395 3447 468 αὐτῷ
3479 397 3558 467 τῷ
3592 399 3733 468 ἀλή-

470 514 569 564 eo,
600 500 748 569 quod
775 509 862 555 est
894 500 1057 555 trium
1089 512 1451 568 personarum
1480 496 1999 565 incomprehensum
2019 532 2037 559 ,

470 589 855 659 intelligimus.
892 588 1012 644 Non
1050 589 1196 644 enim
1229 590 1461 643 alterum
1491 587 1713 657 quidem
1750 585 1924 655 magis
1957 586 2041 637 in-

472 680 930 750 comprehensum
953 688 1086 756 .est,
1127 674 1528 734 alterumvero
1572 676 1758 732 minus
1788 692 1802 741 ;
1834 684 1890 729 at
1932 690 2040 729 una

474 785 701 839 prorsus
734 770 1201 840 iucomprehensu:
1230 769 1306 824 rei
1340 769 1478 823 ratio
1506 770 1560 821 in
1588 767 1875 821 Trinitate.
1906 764 2039 818 Pro-

471 871 656 931 pterea
682 862 948 926 dicimus,
979 878 1045 916 eo
1072 862 1216 932 quod
1249 862 1453 931 percipi
1484 861 1675 930 nequit
1701 898 1715 922 ,
1749 867 2041 927 menteque

473 956 623 1009 nullo
650 964 808 1024 pacto
836 956 1062 1026 intelligi
1087 998 1099 1017 ,
1133 970 1233 1009 nos
1262 970 1425 1009 manu
1453 954 1760 1008 deducente
1785 995 1801 1019 ,
1833 954 2037 1006 nullam

470 1046 725 1100 essentim
771 1047 824 1099 iii
873 1054 1063 1101 sancta
1093 1044 1362 1099 Trinitate
1402 1044 1720 1099 adinvenire
1753 1059 1853 1098 nos
1889 1043 2044 1096 dili‘e—

470 1138 701 1190 rentiain
733 1179 746 1199 ,
795 1146 990 1206 praeter
1031 1146 1211 1190 tamen
1252 1137 1500 1191 ordinem
1546 1151 1938 1206 personarum,
1986 1142 2040 1186 et

470 1228 953 1282 subsistentiarum
980 1227 1410 1283 confessionem.
1438 1227 1574 1282 Nam
1603 1237 1788 1282 certus
1816 1225 2041 1296 quidam

469 1317 606 1370 ordo
651 1317 706 1370 in
759 1317 1053 1387 Evangelio
1102 1320 1355 1389 proditus
1404 1329 1528 1383 est,
1578 1319 1736 1386 juxta
1776 1332 1936 1384 quem
1972 1330 2042 1369 cx

468 1405 627 1461 Patre
649 1408 782 1462 fides
817 1411 1088 1476 incipiens
1107 1427 1201 1480 per
1222 1411 1609 1464 intermedium
1628 1407 1822 1463 Filium
1843 1409 1896 1461 in
1917 1406 2042 1475 Spi-

467 1498 629 1551 ritum
663 1512 915 1555 sanctum
963 1503 1185 1557 desinit.
1210 1501 1526 1555 Diﬂ‘ercntia
1560 1507 1744 1554 autem
1775 1514 2042 1569 persooa-

2138 512 2255 566 πτῳ
2311 494 2404 548 καὶ
2441 494 2794 564 ἁκατανοήτῳ
2861 492 3398 564 χειραγωγούμενοι,
3448 490 3734 560 μηδεμίαν

2136 588 2234 656 τῆς
2264 586 2451 649 οὐσίας
2498 586 2590 639 ἐπὶ
2623 585 2722 653 τῆς
2758 583 2917 653 ἁγίας
2949 583 3176 655 Τριάδος
3203 582 3468 652 διαφορὰν
3517 582 3734 652 ἐξευρί-

2138 698 2286 734 σκειν
2312 697 2325 710 ·
2374 680 2530 742 ἐκτὸς
2562 679 2661 749 τῆς
2715 677 2919 740 τάξεως
2957 678 3063 730 τῶν
3106 675 3445 747 προσώπων,
3487 679 3589 730 καὶ
3635 678 3733 748 τῆς

2135 770 2243 823 τῶν
2282 770 2630 822 ὑποστάσεων
2668 767 2977 838 ὁμολογίας.
3011 767 3176 830 Τάξις
3220 766 3317 836 μὲν
3346 768 3456 838 γάρ
3486 769 3647 820 ἐστιν
3679 770 3732 820 ἐν

2144 860 2220 931 τῷ
2248 860 2561 929 Εύαγγελίῳ
2592 858 2974 930 παραδοθεῖσα,
3004 858 3125 910 καθ’
3145 859 3210 928 ἢν
3236 859 3301 910 ἐκ
3336 859 3550 930 Πατρὸς
3571 863 3607 930 ἡ
3640 861 3734 911 πί-

2146 969 2262 1016 στις
2287 950 2585 1023 ἀρχομένη,
2614 950 2698 1002 διά
2730 949 2893 1019 μέσου
2925 949 3018 1001 τοῦ
3050 948 3178 1001 Υἱοῦ
3208 950 3284 1012 εἰς
3316 949 3376 1002 τὸ
3408 951 3643 1020 Πνεῦμα
3670 951 3734 1003 τὸ

2145 1041 2297 1108 ἅγιον
2319 1039 2634 1107 καταλήγει.
2670 1038 2730 1090 Ἦ
2755 1039 2810 1090 δὲ
2832 1038 3060 1108 διαφορᾶ
3082 1039 3190 1091 τῶν
3219 1040 3555 1110 προσώπων,
3588 1043 3730 1113 αὐτῇ

2145 1133 2209 1201 τῇ
2238 1131 2387 1194 τάξει
2410 1131 2509 1199 τῆς
2530 1129 2635 1181 τῶν
2655 1130 3004 1183 ἀποστάσεων
3027 1130 3376 1198 παραδόσεως
3394 1133 3728 1203 φαινομένη,

2144 1221 2397 1291 οὐδεμίαν
2420 1220 2679 1291 σύγχυσιν
2710 1222 2925 1292 ἐμποιεῖ
2951 1223 3062 1284 τοῖς
3084 1221 3401 1291 δυναμένοις
3431 1224 3732 1277 ἐπακολου-

2146 1312 2259 1366 θεῖν
2291 1313 2411 1375 ταῖς
2440 1311 2738 1382 σημασίαις
2763 1311 2855 1363 τοῦ
2884 1311 3063 1379 λόγου,
3104 1312 3239 1365 ἰδίαν
3270 1312 3480 1367 ἔννοιαν
3508 1316 3611 1385 τῆς
3631 1315 3729 1368 τοῦ

2146 1405 2357 1475 Πατρὸς
2389 1404 2759 1474 προσηγορίας
2788 1402 3177 1473 ἑμφαινούσης,
3210 1405 3303 1456 καὶ
3323 1405 3420 1458 τοῦ
3449 1406 3581 1458 Υξοῦ
3616 1408 3726 1459 πά-

2143 1496 2228 1549 λιν
2255 1497 2351 1549 καὶ
2377 1494 2469 1548 τοῦ
2508 1495 2664 1563 ἁγίου
2701 1494 2838 1549 Πνεύ
2848 1512 3016 1564 ματος
3044 1496 3201 1548 ίδίανο
3233 1500 3354 1549 κατ’
3388 1498 3581 1551 ούδένα
3608 1500 3729 1572 τρό-

467 1602 589 1639 rum
638 1588 758 1655 ipso
807 1590 901 1643 illo
951 1592 1152 1645 tradito
1200 1590 1396 1644 ordine
1438 1590 1828 1644 distantiarutn
1873 1603 2037 1658 appa-

2147 1602 2244 1638 πον
2276 1584 2383 1637 τῶν
2414 1582 2823 1654 σημαινομένων
2862 1586 2918 1636 ὲν
2950 1584 3198 1654 ἀλλήλοις
3233 1588 3629 1657 συγχεομένων.

468 1695 627 1745 reus,
660 1683 866 1737 nullam
936 1701 1162 1754 prorsus
1209 1687 1591 1741 confusionem
1637 1686 1797 1740 ellicit
1844 1685 1946 1746 iis,

2018 1684 2111 1752 qui
2151 1682 2424 1737 sermonis
2476 1682 2690 1750 insequi
2744 1688 2972 1750 possunt
3030 1681 3502 1752 signiﬁcationes;
3562 1699 3722 1739 suam

468 1772 742 1839 propriam
796 1775 1213 1845 intelligentiam
1258 1776 1435 1831 Patris
1478 1778 1845 1847 appellatione
1889 1774 2292 1846 patefaciente,
2357 1771 2594 1842 Filiique
2628 1787 2861 1837 rursus,
2930 1780 2985 1826 et
3036 1771 3273 1843 Spiritus
3349 1776 3524 1829 sancti
3591 1792 3723 1846 pro.

468 1867 641 1933 priam
670 1910 684 1931 ,
716 1867 1019 1921 secundum
1071 1871 1282 1923 nullum
1322 1886 1550 1940 prorsus
1582 1871 1803 1923 modum
1840 1870 2275 1938 sigiiilicatarum
2310 1881 2495 1919 rerum
2536 1866 2767 1920 invicem
2797 1864 3180 1920 confusorum.

538 1956 881 2025 Baptizainur
912 1961 1095 2030 igitur,
1126 1963 1291 2016 veluti
1331 1964 1663 2031 accepimus,
1692 1976 1789 2029 per
1821 1960 2033 2013 Patrem

463 2057 518 2102 et
552 2046 745 2102 Filium
784 2057 839 2103 et
885 2050 1149 2121 Spiritum
1189 2062 1460 2120 sanctum,
1490 2053 1768 2108 credimus
1810 2062 1990 2107 autem
2016 2090 2031 2115 ,

462 2140 629 2193 veluti
685 2140 1041 2207 baptizan‘iur.
1099 2143 1407 2198 Consouam
1440 2147 1588 2199 enim
1639 2160 1760 2200 esse
1808 2143 2035 2198 addecet

462 2233 796 2288 confessioni
846 2234 1024 2288 (idem.
1079 2234 1359 2290 Sentimus
1415 2251 1544 2291 vero
1601 2237 1679 2290 uti
1736 2236 2032 2291 credimus.

463 2324 581 2380 Non
607 2327 749 2380 enim
781 2335 1033 2381 naturam
1062 2328 1225 2382 habet
1257 2327 1444 2398 opinio
1480 2344 1601 2383 cum
1632 2329 1737 2384 [ide
1770 2344 2032 2399 pugnare.

466 2415 573 2472 Sed
606 2418 808 2487 inquae
844 2419 1141 2481 credimus,
1176 2419 1290 2473 haec
1338 2427 1392 2473 et
1433 2420 1720 2475 sentimus.
1767 2420 2036 2486 Quoniam

467 2511 632 2579 igitur
676 2511 731 2563 in
786 2509 998 2565 Patrem
1046 2521 1100 2565 et
1151 2509 1349 2565 Filium
1385 2519 1439 2565 et
1477 2510 1741 2581 Spiritum
1785 2521 2036 2568 sanctum

468 2600 601 2656 fides
634 2610 749 2664 est,
788 2600 1152 2671 insequuntur
1199 2611 1381 2657 autem
1412 2618 1472 2658 se
1516 2610 1705 2656 mutuo
1738 2602 1891 2666 lides,
1923 2604 2041 2673 opi-

466 2692 578 2756 nio,
609 2692 875 2762 baptisma
906 2712 919 2748 :
953 2702 1175 2764 pr0pter
1206 2697 1310 2749 hoc
1340 2703 1393 2751 et
1437 2695 1623 2764 opinio
1663 2710 1770 2748 non
1804 2696 2043 2750 secerni-

466 2792 577 2846 tur,
607 2799 670 2837 ea
700 2800 820 2853 qua:
851 2787 918 2839 de
945 2784 1108 2840 Patre
1144 2795 1254 2849 est,
1288 2801 1350 2841 ea
1387 2802 1508 2855 quae
1560 2786 1627 2841 de
1676 2786 1833 2849 Filio,
1882 2794 1935 2841 et
1978 2801 2042 2840 ea

465 2891 586 2945 quae
615 2876 680 2929 de
709 2875 917 2946 Spiritu
948 2886 1161 2932 sancto.
1199 2877 1323 2932 llaec
1352 2894 1477 2933 vere
1499 2878 1852 2943 existimatio,
1880 2895 2039 2946 quant

466 2967 701 3037 propriae
751 2976 961 3023 natura:
1014 2969 1326 3032 referimus,
1377 2971 1454 3023 nil
1495 2970 1641 3024 aliud
1684 2978 1791 3031 est,
1840 2980 2039 3040 praeter

467 3072 629 3126 quam
678 3059 949 3114 honorum
980 3075 1100 3128 quae
1146 3060 1201 3114 in
1232 3061 1518 3131 majestate
1556 3072 1682 3116 sunt
1719 3060 1916 3115 divina:
1943 3078 2039 3117 na-

465 3159 601 3206 tura:
638 3152 933 3208 confessio.
976 3152 1094 3208 Non
1123 3154 1268 3208 enim
1307 3170 1374 3209 ex
1409 3164 1598 3209 nostra
1641 3154 1898 3210 facultate
1941 3155 2043 3208 ho—

464 3261 652 3302 norem
684 3247 1009 3317 opponimus
1051 3247 1390 3302 inhonoratae
1433 3256 1681 3315 natura};
1730 3256 1784 3300 at
1812 3261 1876 3301 ea
1921 3262 2044 3316 quae

465 3334 712 3405 profecto
765 3334 966 3389 adsunt
1021 3334 1361 3405 proﬁtentes,
1408 3336 1670 3391 honorem
1720 3336 2039 3406 elargimur.

464 3424 732 3490 Quoniam
769 3424 933 3495 igitur
981 3425 1129 3480 inest
1166 3425 1400 3496 singulis
1446 3426 1501 3480 in
1548 3434 1736 3480 sancta
1778 3425 2044 3483 Trinitate

462 3517 793 3572 creditarum
821 3533 1176 3587 personarum
1201 3518 1714 3588 incorruptibilitas,
1739 3519 2039 3585 aeternitas,

462 3609 866 3670 immortalitas,
895 3609 1140 3675 bonitas,
1174 3618 1436 3681 potestas,
1480 3612 1781 3675 sanctitas,
1822 3611 2042 3683 sapien-

464 3699 561 3761 tia,
593 3700 771 3754 omnis
814 3700 1210 3771 intelligentia,
1250 3703 1653 3774 magniﬁcaque
1703 3710 1758 3756 et
1798 3704 2037 3767 excelsa,

461 3788 589 3843 dum
624 3791 736 3845 haec
760 3790 899 3845 bona
927 3808 1046 3862 qua:
1069 3793 1279 3860 insunt,
1303 3794 1594 3850 dicuntur:
1621 3794 1829 3850 idcirco
1851 3796 2040 3850 existi-

462 3881 722 3937 mationis
753 3882 1066 3953 huiusmodi
1111 3883 1376 3939 eliicimur
1421 3886 1555 3954 ipsis
1592 3886 1932 3956 pratbitores.
1975 3888 2040 3940 Et

461 3971 719 4042 quoniam
756 3973 939 4026 omnia
969 3973 1186 4042 quidem
1214 3989 1334 4043 qua:
1358 3973 1537 4029 Patris
1578 3984 1726 4037 sunt.
1761 3977 1923 4031 habet
1951 3975 2042 4030 Fi-

462 4061 602 4127 lius;
631 4062 812 4115 omnia
836 4070 1016 4117 autem
1057 4060 1177 4115 Filii
1218 4062 1357 4116 bona
1398 4063 1449 4116 in
1500 4062 1705 4133 Spiritu
1736 4064 2040 4133 inspiciunt-

462 4158 590 4206 tur:
622 4152 824 4206 nullam
874 4153 928 4207 in
974 4160 1164 4208 saneta
1190 4151 1476 4218 Trinitate,
1524 4156 1824 4210 secundum
1872 4155 2032 4212 celsi-

461 4243 706 4299 tudinem
757 4245 1198 4308 existimationis,
1236 4247 1601 4303 diﬂ‘erentiam
1659 4256 1849 4304 mutuo
1896 4250 2041 4305 inter

2214 1956 2594 2027 Βαπτιζόμεθα
2622 1957 2819 2021 τοίνυν,
2843 1957 2919 2021 ὡς
2950 1958 3345 2029 παρελάϐομεν,
3376 1963 3457 2024 είς
3497 1962 3724 2034 Πατέρα

2144 2049 2236 2101 καὶ
2264 2049 2389 2101 Υίδν
2412 2049 2505 2101 καὶ
2540 2047 2760 2119 Πνεῦμα
2787 2048 2960 2117 ἅγιον.
2994 2050 3318 2121 Πιστεύομεν
3340 2052 3395 2104 δὲ
3414 2053 3490 2115 ὡς
3517 2053 3720 2123 βαπτι-

2144 2138 2378 2210 ζόμεθα’
2415 2140 2702 2211 σύμφωνον
2736 2141 2843 2212 γὰιρ
2875 2137 3014 2195 εῖναι
3058 2145 3311 2213 προσήκει
3340 2148 3409 2213 τῇ
3449 2145 3721 2218 ὁμολογίᾳ

2140 2233 2241 2304 τὴν
2279 2233 2481 2286 πίστιν.
2529 2231 2832 2303 Δοξάζομεν
2860 2232 2914 2285 δὲ
2943 2233 3019 2297 ὡς
3063 2234 3403 2306 πιστεύομεν.
3441 2238 3581 2290 υύδὲ
3611 2240 3718 2309 γὰρ

2142 2326 2255 2397 ἔχει
2293 2326 2452 2396 φύσιν
2489 2324 2755 2397 μάχεσθαι
2781 2328 2848 2398 τῇ
2877 2326 3057 2379 πίστει
3103 2325 3201 2398 τὴν
3243 2328 3422 2392 δόξαν.
3469 2328 3611 2381 Ἀλλ’
3639 2331 3717 2393 είς

2141 2417 2178 2471 ὃ.
2208 2417 2552 2488 πιστεύομεν,
2595 2417 2771 2471 ταῦτα
2801 2419 2895 2471 καὶ
2932 2417 3247 2489 δοξάζομεν.
3287 2420 3504 2489 Ἐπειδὴ
3543 2420 3715 2473 τοίνυν

2142 2513 2221 2573 εἰς
2242 2509 2461 2580 Πατέρα
2484 2510 2578 2563 καὶ
2602 2510 2730 2563 Υίδν
2751 2510 2843 2564 καὶ
2869 2511 3089 2582 Πνεῦμα
3112 2512 3267 2580 ἅγιον
3294 2514 3327 2583 ή
3349 2513 3527 2575 πίστις
3541 2512 3714 2566 ἐστίν

2143 2599 2424 2653 ἀκολουθεῖ
2449 2599 2504 2653 δὲ
2526 2600 2772 2671 ἀλλήλοις
2799 2603 2830 2672 ὴ
2857 2601 3057 2665 πίστις,
3087 2604 3121 2673 ἡ
3146 2602 3291 2667 δόξα,
3314 2604 3374 2655 τὸ
3403 2604 3712 2675 βάπτισμα·

2142 2692 2229 2747 διὰ
2256 2693 2411 2746 τοῦτο
2442 2693 2600 2763 καὶὴ
2648 2692 2775 2758 δόξα
2806 2693 2867 2746 οὐ
2910 2692 3245 2764 διακρίνεται
3282 2697 3315 2765 ἡ
3365 2695 3582 2766 Πατρὸς
3624 2696 3718 2751 καὶ

2142 2783 2272 2836 Υἰοῦ
2307 2783 2400 2836 καὶ
2430 2782 2588 2851 ἁγίου
2618 2781 2955 2853 Πνεύματος.
2982 2782 3130 2855 Αὕτη
3159 2784 3215 2837 δὲ
3251 2787 3285 2856 ἡ
3305 2784 3456 2850 δόξα,
3486 2787 3555 2857 ἣν
3589 2788 3714 2840 ἀναο

2142 2873 2454 2944 πέμπομεν,
2476 2876 2543 2945 τῇ
2577 2873 2682 2945 ἰδίᾳ
2708 2874 2867 2944 φύσει
2891 2874 3040 2928 οὐδὲν
3066 2875 3193 2928 ἄλλο
3224 2878 3390 2939 ἐστὶν,
3424 2877 3584 2948 ἀλλ’ἢ
3614 2878 3715 2933 τῶν

2145 2964 2452 3036 προσόντων
2467 2968 2533 3036 τῇ
2567 2965 2946 3036 μεγαλειότητι
2971 2968 3069 3036 τῆς
3090 2964 3242 3029 θείας
3267 2966 3485 3034 φύσεως
3509 2969 3717 3036 ἀγαθῶν

2142 3055 2417 3126 ὁμολογία.
2450 3056 2524 3107 Οὐ
2557 3056 2664 3127 γὰρ
2688 3054 2747 3120 ἐξ
2768 3056 3037 3128 ἡμετέρας
3063 3056 3345 3126 δυνάμεως
3373 3061 3540 3130 τιμὴν
3563 3076 3714 3131 προσι

2141 3145 2361 3218 τίθεμεν
2386 3149 2450 3218 τῇ
2499 3147 2748 3219 άτιμήτῳ
2799 3147 2989 3217 φύσει,
3017 3149 3150 3202 ἀλλὰ
3189 3150 3258 3202 τά
3292 3152 3565 3220 προσόντα
3593 3154 3713 3222 opo-

2142 3238 2271 3310 λογή
2281 3254 2465 3301 σαντες
2482 3238 2579 3309 τὴν
2594 3238 2757 3308 τιμὴν
2783 3237 3246 3311 [ὲ]τιληρώσαμεν.
3264 3240 3418 3294 Ἐπεὶ
3432 3237 3529 3296 οὖν
3557 3244 3715 3316 πρόσ-

2141 3346 2289 3382 εστιν
2320 3328 2534 3401 ἑκάστῳ
2567 3330 2675 3383 τῶν
2707 3333 2765 3383 ὲν
2803 3333 2867 3400 τῇ
2911 3331 3042 3402 ἁγίᾳ
3092 3332 3283 3402 Τριάδι
3314 3335 3715 3403 πιστευομένων

2143 3421 2448 3493 προσώπων
2478 3422 2778 3495 ἁφθαρσία,
2805 3422 3042 3494 ἀῖδιότης
3062 3465 3076 3489 ,
3103 3423 3386 3489 ἀθανασία,
3415 3424 3714 3495 ἀγαθότης,

2140 3513 2387 3584 δύναμις,
2418 3513 2711 3585 ἁγιασμὸς,
2744 3514 2923 3585 σοφία,
2961 3516 3068 3569 πᾶν
3093 3516 3267 3586 νόημα
3305 3516 3719 3586 μεγαλοπρεπές

2140 3622 2199 3657 τε
2224 3605 2318 3659 καὶ
2346 3605 2547 3676 ὑψηλὸν
2570 3606 2625 3658 ὲν
2645 3604 2723 3676 τῷ
2738 3604 2920 3675 λέγειν
2940 3605 3009 3660 τὰ
3030 3608 3296 3679 προσόντα
3315 3607 3514 3676 άγαθά“
3545 3607 3721 3678 τούτῳ

2140 3698 2238 3768 τῆς
2261 3697 2416 3768 δόξης
2450 3698 2748 3769 ποιούμεθα
2785 3699 2884 3770 τὴν
2916 3699 3189 3754 ἀπόδοσιν.
3226 3698 3335 3752 Καὶ
3378 3701 3501 3753 ἐπεὶ
3544 3701 3721 3755 πάντα

2144 3790 2242 3860 μὲν
2262 3790 2329 3843 τά
2356 3789 2448 3843 τοῦ
2480 3791 2691 3860 Πατρὸς
2718 3791 2746 3843 ό
2777 3790 2904 3854 Υίὺς
2931 3790 3065 3861 ἔχει,
3097 3791 3271 3844 πάντα
3290 3791 3347 3844 δὲ
3373 3791 3442 3844 τὰ
3466 3791 3560 3845 τοῦ
3586 3792 3719 3845 Υἱοῦ

2140 3878 2321 3947 ἁγαθά
2352 3878 2695 3950 ὲνθεωρεῖται
2720 3879 2797 3951 τῷ
2835 3880 3148 3951 Πνεύματι·
3184 3881 3437 3951 οὐδεμίαν
3478 3883 3726 3954 εὑρίσκοά

2143 3985 2241 4038 μεν
2264 3971 2321 4022 ὲν
2344 3972 2411 4041 τῇ
2439 3970 2568 4041 ἁγίᾳ
2590 3970 2779 4042 Τριὰδι
2805 3973 2945 4025 κατὰ
2971 3971 3061 4024 τοῦ
3092 3971 3255 4041 ὕψους
3278 3973 3376 4043 τῆς
3398 3972 3556 4043 δόξης
3581 3975 3723 4044 πρὸς

2139 4060 2337 4131 ἑαυτὴν
2383 4061 2661 4133 διαφοράν.
2719 4056 2855 4115 Οὔτε
2899 4063 3009 4134 γὰρ
3037 4064 3178 4116 κατὰ
3222 4080 3340 4116 τινα
3394 4066 3727 4136 σωματικὴν

2142 4156 2447 4229 σύγκρισιν,
2474 4157 2536 4209 τὸ
2570 4158 2666 4226 μὲν
2698 4155 3026 4228 ὑψηλότερόν
3056 4157 3192 4219 ὲστι,
3229 4156 3288 4209 τὸ
3313 4156 3370 4209 δὲ
3392 4160 3728 4212 ταπεινότεο

2143 4264 2253 4318 ρονο
2289 4246 2350 4299 τὸ
2398 4247 2505 4319 γὰρ
2550 4248 2802 4319 ἀόρατον,
2838 4248 2933 4301 καὶ
2969 4249 3368 4319 ἀσχημάτιστον
3419 4247 3605 4319 μέτρῳ
3657 4250 3725 4303 ού

462 4333 637 4403 ipsam
682 4335 1069 4404 comperimus.
1112 4333 1229 4390 Non
1279 4337 1424 4392 enim
1475 4338 1777 4392 secundum
1834 4354 2027 4411 corpo-

2140 4339 2637 4409 καταλαμϐάνεται.
2671 4338 2807 4393 υῦτε
2830 4339 2971 4393 κατά
2996 4340 3224 4410 δύναμιν
3251 4340 3285 4411 ἢ
3314 4341 3632 4409 ἀγαθότητα
3663 4340 3730 4394 τὸ

462 4437 609 4476 ream
661 4425 949 4492 quamdam
1007 4427 1473 4495 comparationem
1520 4427 1752 4483 alterum
1814 4430 2034 4498 quidem

461 4512 747 4582 procerius
785 4521 888 4577 est,
918 4515 1146 4568 alterum
1197 4532 1326 4570 vero
1379 4517 1658 4572 humilius.
1703 4517 1856 4585 Quod
1892 4521 2034 4573 enim

461 4603 608 4659 cerni
644 4604 834 4671 nequit
861 4603 1151 4671 omnisque
1201 4618 1395 4673 expers
1448 4615 1532 4659 est
1587 4606 2032 4677 ligurze,dimeu-

461 4695 617 4749 sione
650 4709 758 4747 non
790 4695 1290 4764 comprehenditur.
1317 4694 1502 4765 Neque
1549 4698 1852 4752 secundum
1883 4705 2034 4765 pote-

462 4791 659 4839 statem
698 4795 791 4838 aut
833 4784 1153 4847 bonitatem,
1186 4787 1483 4858 quidquam
1510 4785 1765 4842 diﬂ‘erens
1803 4802 2027 4856 Compa-

462 4883 581 4929 rate
630 4877 683 4930 in
742 4885 931 4932 sancta
981 4875 1251 4933 Trinitate
1300 4878 1654 4949 comperitur,
1707 4885 1765 4931 ut
1816 4878 2030 4932 dicatur

457 4970 614 5041 juxta
647 4972 768 5040 plus
800 4980 854 5026 et
890 4973 1073 5029 minus
1116 4974 1170 5028 in
1205 4975 1340 5045 ipsis
1384 4989 1506 5031 esse
1548 4975 1889 5029 varietatem.
1926 4974 2030 5040 Qui

459 5061 603 5117 enim
637 5063 910 5132 potentius
938 5078 1105 5118 unum
1142 5064 1314 5119 altero
1341 5064 1516 5132 dicat,
1544 5065 1710 5119 tacite
1740 5063 1920 5119 fassus
1948 5071 2032 5119 est

462 5152 514 5208 id
550 5156 695 5224 quod
738 5154 794 5208 in
826 5164 1094 5224 potestate
1137 5156 1320 5213 minus
1354 5166 1459 5218 est,
1513 5157 1838 5213 imbecillius
1880 5157 2033 5211 iulir-

459 5247 713 5317 mitisque
749 5262 873 5302 esse
905 5248 1218 5317 potentiori.
1254 5245 1367 5303 Hoc
1410 5257 1587 5303 autem
1639 5256 1897 5303 extrema:
1944 5255 2031 5303 est

457 5334 754 5404 impietatis
775 5376 790 5399 ,
825 5334 1084 5389 indicium
1117 5334 1338 5405 aliquod
1364 5335 1772 5403 imbecillitatis,
1802 5347 1897 5391 aut
1931 5337 2033 5391 iiii-

458 5426 782 5493 potentiam,
806 5426 920 5481 sive
947 5426 1001 5480 in
1029 5441 1213 5496 parva,
1248 5427 1364 5483 sive
1393 5426 1448 5480 in
1472 5427 1669 5497 majori
1697 5443 1758 5484 re
1786 5429 1842 5483 in
1873 5430 2033 5485 unice

457 5517 642 5585 genito
706 5515 837 5582 Deo,
886 5526 939 5572 et
988 5518 1043 5572 in
1104 5517 1312 5589 Spiritu
1372 5517 1490 5586 Dei,
1543 5526 1724 5577 mente
1769 5521 2028 5593 cogitare.

532 5690 575 5780 ’ξ
613 5691 770 5751 Joau.
809 5713 866 5751 Ill
890 5736 905 5764 ,
938 5697 994 5754 8.

2132 4429 2386 4501 διάφορον
2420 4429 2784 4499 συγκριτικῶς
2830 4429 2925 4482 ἐπὶ
2959 4430 3058 4500 τῆς
3092 4429 3253 4498 ἁγίας
3289 4429 3518 4499 Τριάδος
3563 4432 3728 4503 stipi-

2134 4535 2343 4584 σκεται,
2374 4519 2449 4582 ὼς
2477 4520 2674 4582 είπεῖν,
2714 4519 2866 4590 παρὰ
2895 4519 2955 4572 τὸ
2987 4520 3168 4573 πλεῖον
3197 4520 3294 4574 καὶ
3316 4521 3533 4574 ἔλαττον
3575 4517 3730 4576 εἶναι

2129 4611 2186 4662 ἐν
2216 4611 2426 4672 τούτοις
2462 4609 2837 4685 παραλλαγήν.
2886 4610 2944 4664 ’0
2990 4610 3096 4682 γάρ
3149 4606 3499 4682 ἰσχυρότερον
3546 4613 3614 4664 τ’»
3664 4613 3729 4666 ἒν

2128 4703 2220 4757 τοῦ
2295 4702 2482 4774 ἑτέρου
2538 4701 2730 4768 εἰπὼν,
2776 4703 2917 4755 κατὰ
2970 4703 3030 4755 τὸ
3099 4701 3453 4773 σιωπώμενον
3512 4703 3731 4772 ὡμολό-

2129 4812 2266 4864 γησε
2315 4797 2377 4849 τὸ
2423 4794 2812 4865 ἐλαττούμενον
2863 4796 2920 4847 ὲν
2965 4797 3033 4865 τῇ
3075 4793 3301 4865 δυνάμει
3328 4785 3730 4868 ἀσθενέστερον

2130 4881 2269 4941 εἶναι
2305 4886 2397 4939 τοῦ
2438 4886 2824 4957 δυνατωτέρου.
2874 4885 3043 4937 Τοῦτο
3074 4884 3129 4937 δὲ
3171 4885 3270 4955 τῆς
3317 4885 3562 4957 ἐσχάτης
3607 4889 3733 4941 ἀσεο

2132 4979 2283 5042 ϐείας
2328 4979 2495 5032 ἐστίν·
2551 4978 2786 5049 ἕμφασίν
2831 4995 2952 5032 τινα
3001 4977 3282 5041 ἀσθενείας
3340 4978 3372 5038 ἦ
3412 4979 3732 5050 ἀδυναμίαν

2132 5069 2242 5123 εἴτε
2284 5072 2339 5122 έν
2381 5070 2548 5139 ὀλίγῳ
2600 5070 2709 5122 εἴτε
2765 5069 2823 5122 ἐν
2866 5070 3069 5123 πλείονι
3114 5070 3244 5141 περὶ
3301 5071 3394 5124 τὸν
3449 5076 3730 5144 μονογενῆ

2134 5158 2283 5220 Θεὸν,
2319 5161 2414 5213 καὶ
2444 5160 2570 5230 περὶ
2600 5160 2661 5213 τὸ
2694 5159 2917 5231 Πνεῦμα
2948 5160 3041 5214 τοῦ
3068 5160 3204 5214 Θεοῦ
3244 5163 3462 5216 ἐννοεῖν.
3496 5164 3729 5218 Τέλειον

2137 5252 2245 5322 γάρ
2291 5253 2349 5304 ὲν
2392 5251 2620 5324 δυνάμει
2668 5252 2762 5305 καὶ
2814 5252 3109 5324 ἀγαθότητι
3154 5254 3248 5307 καὶ
3290 5253 3579 5327 ἀφθαρσίᾳ
3630 5259 3730 5312 καὶ

2138 5343 2269 5395 πᾶσι
2320 5345 2433 5406 τοῖς
2465 5342 2687 5413 ὑψηλοῖς
2733 5344 3008 5413 νοήμασι,
3060 5346 3276 5399 καὶτὸν
3328 5345 3458 5401 Υίδν
3508 5350 3610 5403 καὶ
3666 5351 3729 5403 τὸ

2138 5432 2360 5503 Πνεῦμα
2404 5435 2433 5486 ὁ
2479 5434 2578 5504 τῆς
2622 5427 2880 5505 ἀληθείας
2923 5437 3256 5507 παραδίδωσι
3290 5438 3467 5509 λόγος.
3522 5441 3590 5494 Εἰ
3630 5438 3727 5496 οὖν

2080 5607 2088 5613 ι
2142 5524 2339 5589 παντὸς
2383 5524 2589 5594 ἀγαθοῦ
2630 5527 2664 5598 ἡ
2710 5525 2980 5599 τελειότης
3010 5528 3224 5600 ἑκάστῳ
3252 5530 3362 5584 τῶν
3395 5532 3454 5585 ἐν
3483 5535 3553 5603 τῇ
3586 5533 3726 5605 ἁγίᾳ
