3972 6208
335 368 470 422 Ιυειδ

1468 366 1850 424 ΕΡΙΞΤΟΙΑΕ.
1883 397 1948 407 -—
1984 367 2198 423 EPISL.
2239 370 2400 426 XXV.

3439 387 3574 446 1091

325 485 518 554 Τριάδι
555 486 955 556 πιστευομένων
1001 487 1307 556 προσώπων
1353 479 1592 550 εὐσεϐῶς
1620 489 1881 558 ὁμολογεῖ-

1998 486 2302 543 Perfectum
2326 492 2469 545 enim
2511 493 2562 545 in
2592 503 2879 562 potestate,
2921 504 2975 550 et
3013 497 3278 564 bonitate,
3312 512 3365 556 et
3398 505 3576 558 incor-

324 592 447 639 ται,
481 575 582 628 οὐκ
612 576 722 646 ἔχει
753 577 914 646 φύσιν
961 580 1022 632 τὸ
1060 579 1190 632 αὐτὸ
1217 579 1310 631 καὶ
1341 579 1559 644 τέλειον,
1597 579 1690 632 καὶ
1737 579 1896 631 πάλιν

324 665 412 718 διὰ
447 667 786 737 συγκρίσεως
832 669 1022 732 ἀτελὲς
1067 671 1370 739 ὀνομάζειν.
1418 670 1492 722 Τὸ
1529 672 1637 740 γὰρ
1680 669 1896 721 ἔλαττον

327 757 469 810 κατὰ
492 758 554 810 τὸ
583 758 811 828 μέγεοος
837 763 935 831 τῆς
954 761 1253 832 δυνάμεως,
1273 762 1391 832 ἦτοι
1413 764 1512 832 τῆς
1536 761 1892 830 ἀγαθότητος,

327 849 477 900 οὐδὲν
505 848 631 903 ἄλλο
655 851 820 912 ἐστὶν,
853 850 884 920 ἦ
914 851 1100 914 ἀτελὲς
1126 851 1260 904 εἶναι
1295 852 1433 904 κατὰ
1461 852 1614 904 τοῦτο
1637 849 1898 919 διισχυρί-

327 936 535 1001 ζεσθαι.
565 939 626 990 Εἰ
647 935 738 991 οῦν
763 939 964 1003 τέλειος
993 943 1021 992 ὁ
1048 941 1190 1004 Υἱὸς,
1221 941 1421 993 τέλειον
1448 941 1541 993 καὶ
1572 941 1632 992 τὸ
1655 939 1893 1008 Πνεῦμα,

326 1025 532 1078 τελείου
549 1027 770 1091 τέλειον,
793 1027 914 1080 οὔτε
936 1030 1182 1083 ἁτελέστε
1191 1048 1281 1100 ρον
1298 1030 1418 1083 οὔτε
1435 1031 1762 1098 τελειότερον
1779 1031 1896 1081 ἐπιδ

327 1116 485 1168 νοεΐὸ
519 1115 692 1183 λόγος·
728 1117 864 1170 ἀλλὰ
893 1121 983 1172 καὶ
1020 1121 1083 1172 ἐκ
1108 1120 1213 1172 τῶν
1246 1122 1531 1190 ἐνεργειῶν
1565 1121 1626 1172 τὸ
1660 1121 1895 1188 ἀδιαίρε-

327 1223 417 1258 τον
450 1207 547 1276 τῆς
581 1207 739 1279 δόξης
780 1211 1288 1281 καταμανθάνομεν.
1339 1214 1598 1265 Ζωοποιεῖ
1625 1215 1652 1264 ὁ
1682 1211 1892 1282 Πατὴρ,

328 1295 509 1359 καθὼς
539 1297 642 1368 ἔφη
671 1300 732 1352 τὸ
761 1301 1084 1369 Εὑαγγέλιον
1103 1318 1116 1331 ·
1139 1303 1390 1367 ζωοποιεῖ
1417 1305 1512 1358 καὶ
1531 1307 1558 1358 ὁ
1586 1305 1712 1366 Υἱός
1731 1321 1742 1333 ·
1771 1304 1896 1367 ζωο-

327 1391 472 1440 ποιεῖ
495 1389 553 1442 δὲ
586 1393 678 1443 καὶ
706 1391 765 1444 τὸ
798 1393 1020 1462 Πνεῦμα
1051 1394 1188 1447 κατὰ
1215 1395 1312 1464 τὴν
1340 1395 1431 1448 τοῦ
1455 1395 1658 1466 Κυρίου
1693 1412 1894 1464 μαρτυ-

329 1483 450 1552 ρίαν
475 1482 567 1534 τοῦ
594 1484 860 1547 εἰπόντος,
890 1486 970 1538 ὅτι
1002 1487 1062 1537 τὸ
1091 1486 1313 1556 Πνεῦμά
1340 1489 1454 1539 ἐστι
1486 1488 1546 1539 τὸ
1575 1485 1889 1550 ζωοποιοῦν.

329 1575 600 1645 Προσήκει
631 1573 724 1630 οὖν
750 1577 975 1648 δύναμιν
1002 1581 1064 1631 ἐκ
1092 1579 1304 1648 Ila-cpe;
1338 1580 1666 1649 ἀρχομένην,
1701 1580 1793 1632 καὶ
1826 1579 1891 1630 δι’

328 1667 458 1719 Υἱοῦ
487 1667 798 1739 προϊοῦσαν,
834 1671 928 1722 καὶ
960 1673 1015 1722 ἐν
1052 1670 1327 1738 Πνεῦματι
1356 1671 1494 1740 ἁγίῳ
1516 1670 1891 1740 τελειουμένην

324 1760 482 1811 νοεῖν.
520 1759 576 1810 Ἐ
584 1759 825 1830 μάθομεν
849 1760 956 1831 γὰρ
981 1759 1156 1812 πάντα
1189 1762 1249 1812 ὲκ
1271 1760 1404 1813 Θεοῦ
1435 1757 1572 1813 εἶναι
1599 1760 1690 1814 καὶ
1713 1761 1890 1813 πάντα

323 1848 410 1901 διὰ
450 1848 542 1902 τοῦ
573 1851 909 1919 Μονογενοῦς
933 1893 946 1916 ,
997 1854 1090 1906 καὶ
1130 1854 1188 1904 ἐν
1231 1852 1377 1923 αὺτῷ
1408 1853 1720 1906 συνεστάναι
1753 1854 1889 1922 (15)-

324 1942 421 1994 καὶ
464 1941 552 1994 διὰ
601 1944 817 1997 πάντων
865 1945 1072 2014 διήκειν
1117 1944 1214 2015 τὴν
1257 1944 1350 1997 τοῦ
1391 1945 1599 2015 Πατρὸς
1638 1945 1886 2014 δύναμιν,

324 2032 502 2085 πάντα
535 2035 592 2085 ἐν
623 2035 753 2086 πᾶσι
783 2034 962 2098 καθὼς
988 2033 1232 2105 βούλεται
1255 2034 1598 2106 ἐνεργοῦσαν,
1623 2035 1698 2098 ὥς
1726 2052 1888 2106 φησιν

318 2123 348 2173 ὁ
397 2122 728 2186 Ἀπόστολος.

1999 582 2373 648 ruptibilitate,
2417 593 2470 638 et
2523 585 2578 637 in
2625 587 2878 640 omnibus
2937 591 3209 656 przecelsi's
3264 592 3576 662 intelligen-

1999 669 2089 722 tiis
2117 679 2164 722 et
2204 669 2421 732 Filium,
2457 681 2508 726 et
2549 673 2831 742 Spiritum,
2868 691 3047 730 sermo
3089 680 3333 734 veritatis
3366 683 3571 751 prodit.

2001 757 2056 810 Si
2109 759 2272 828 igitur
2311 763 2488 816 omnis
2533 763 2658 816 boni
2703 764 3091 832 perfectionem
3140 770 3194 823 in
3242 771 3474 842 singulis
3517 776 3572 828 in

1998 858 2187 902 sancta
2227 849 2494 906 Trinitate
2535 853 2864 908 creditarum
2917 872 3274 926 personarum
3311 863 3397 931 pie
3439 879 3571 932 pro-

1999 939 2216 994 ﬁtentur
2251 959 2441 998 omnes
2463 987 2475 1010 ,
2509 960 2619 997 non
2657 938 2816 1000 habet
2845 955 3092 1002 naturam
3132 966 3218 1006 res
3264 952 3474 1018 eadem,
3511 961 3572 1010 ut

1998 1041 2051 1086 et
2090 1033 2326 1102 perfecta
2358 1034 2592 1101 dicatur,
2632 1045 2686 1090 et
2731 1053 2924 1093 rursus
2963 1053 3277 1110 comparate
3316 1045 3574 1114 imperfe-

1995 1134 2082 1179 cta
2116 1128 2445 1190 nominetur.
2477 1127 2608 1182 Nam
2654 1131 3012 1199 minusjuxta
3039 1133 3105 1186 ad
3138 1137 3572 1204 magnitudinem

1995 1218 2280 1285 potestatis
2307 1226 2399 1271 aut
2429 1218 2712 1284 bonitatis,
2747 1221 2882 1274 nihil
2931 1223 3073 1276 aliud
3109 1234 3213 1286 est,
3259 1241 3321 1279 ac
3355 1243 3572 1283 asseve-

1996 1319 2182 1363 ranter
2199 1325 2322 1364 esse
2348 1310 2690 1373 affirmatum,
2712 1313 2864 1382 juxta
2888 1314 2990 1369 hoc
3019 1332 3139 1370 esse
3169 1318 3567 1387 imperfectum.

1997 1397 2053 1452 Si
2088 1401 2254 1468 igitur
2286 1401 2561 1469 perfectus
2611 1401 2813 1468 Filius,
2867 1405 3142 1474 perfectus
3188 1417 3242 1462 et
3284 1407 3565 1478 Spiritus,

1995 1491 2219 1560 perfecti
2255 1492 2577 1560 perfectum,
2607 1510 2780 1563 neque
2818 1497 3209 1566 imperfectius,
3242 1516 3416 1570 neque
3447 1518 3569 1570 per-

1995 1583 2190 1636 fectius
2221 1583 2420 1650 cogitat
2465 1585 2622 1637 ratio.
2680 1585 2783 1640 Sed
2815 1597 2868 1640 et
2899 1590 3059 1642 etiatn
3104 1606 3169 1646 ex
3203 1593 3566 1660 potestatibus

1993 1672 2256 1728 elliciendi
2289 1675 2669 1732 indivisionem
2707 1679 2861 1746 plane
2885 1679 3243 1748 perdiscimus
3271 1685 3564 1752 opinionis.

1995 1762 2246 1819 Vivificat
2300 1765 2481 1830 Pater,
2515 1769 2678 1822 veluti
2717 1769 2791 1821 ait
2841 1769 3188 1841 Evangelinm
3223 1774 3299 1840 ‘3;
3331 1775 3569 1829 viviticat

1994 1864 2049 1910 et
2097 1856 2307 1923 Filius;
2342 1859 2576 1911 vivificat
2619 1869 2797 1914 autem
2855 1871 2909 1916 et
2969 1865 3226 1932 Spiritus,
3265 1865 3421 1933 juxta
3465 1865 3571 1918 Do-

1995 1950 2126 2002 mini
2168 1951 2538 2003 testimoninm
2570 1951 2824 2018 dicentis,
2861 1954 3003 2024 quod
3043 1953 3278 2024 Spiritus
3316 1965 3401 2011 est
3435 1957 3571 2010 rivi-

1994 2040 2164 2095 ﬁcans
2205 2042 2268 2093 ‘9.
2302 2041 2541 2096 Addecet
2585 2043 2749 2111 igitur
2785 2052 3108 2112 potestatem
3139 2061 3204 2099 ex
3238 2047 3398 2100 Patre
3435 2048 3573 2100 inci-

1993 2132 2340 2201 pientem,.et
2376 2149 2472 2202 per
2505 2132 2700 2187 Filium
2749 2137 3122 2205 prodeuntem,
3155 2153 3219 2192 ac
3264 2139 3316 2192 in
3365 2139 3570 2208 Spiritu

321 2224 511 2271 sancto
568 2217 784 2271 tandem
841 2216 1136 2287 perfectam
1207 2216 1528 2287 intelligere.
1590 2216 1889 2277 Didicimus
1926 2227 2068 2280 enim
2134 2228 2317 2281 omnia
2379 2244 2444 2282 ex
2474 2229 2584 2282 Deo
2611 2245 2756 2294 esse,
2786 2240 2840 2286 et
2866 2235 3046 2286 omnia
3072 2250 3167 2304 per
3193 2233 3568 2306 Unigcnitum,

319 2320 373 2366 ct
400 2310 454 2363 in
498 2310 615 2380 ipso
647 2309 937 2380 Unigenito
1003 2309 1342 2376 subsistere,
1411 2325 1613 2378 perque
1656 2315 1838 2368 omnia
1905 2316 2083 2375 Patris
2148 2320 2444 2389 pervadere
2505 2332 2871 2391 potestatem,
2929 2327 3111 2380 omnia
3171 2327 3228 2381 in
3288 2328 3566 2394 omnibus,

319 2412 483 2472 prout
513 2404 644 2468 vult,
675 2412 1015 2475 operantem,
1041 2401 1204 2458 veluti
1233 2399 1368 2458 dicit
1398 2402 1692 2472 Apostolus
1723 2407 1790 2462 '°.

841 2718 1184 2776 ΕΠΙΣΤΟΛΠ
1220 2725 1348 2778 KE’.

2496 2717 2837 2778 EPISTOLA
2879 2721 3042 2780 XXV.

313 2866 566 2952 Hortarii
589 2874 925 2943 desiderium,
968 2879 1072 2933 Deo
1102 2881 1335 2949 iuvante.
1360 2897 1598 2952 prospere
1620 2881 1796 2936 cedere
1821 2879 2005 2946 tradit,
2037 2887 2087 2933 et
2122 2879 2283 2934 Deum
2332 2878 2412 2952 illi
2440 2877 2829 2952 obsecundare.
2859 2876 3291 2952 Amphilochium
3320 2876 3562 2952 hortatur

385 2951 454 3021 ut
476 2945 691 3021 idoneos
711 2951 922 3021 opiﬁces
951 2951 1018 3003 ad
1056 2945 1114 3003 se
1142 2955 1318 3006 mittat
1360 2945 1456 3021 pro
1483 2945 1658 3021 'opere
1691 2953 1967 3020 cujusdam
1994 2945 2212 3010 sacelli.
2262 2950 2398 3020 quod
2432 2950 2766 3009 moliebatur,
2804 2947 3070 3017 faciundo.
3123 2947 3316 3021 ΔΟρενῑε
3351 2949 3562 3021 idcirco

383 3015 812 3086 ichnographiani
837 3030 886 3073 et
915 3031 1236 3075 structuram
1264 3015 1552 3076 unirersani
1575 3015 1820 3076 accurate
1841 3022 2085 3074 describit
2109 3037 2126 3080 ,'
2149 3015 2598 3086 dimensionesqne
2633 3015 2812 3072 omnes
2834 3030 2880 3072 et
2905 3018 3188 3070 intervalla
3219 3019 3564 3085 fornicum,et

384 3084 597 3148 a'tliircii
623 3089 901 3158 strobilum
934 3107 1023 3143 seu
1054 3093 1385 3153 testudinem,
1417 3102 1463 3145 et
1494 3095 1632 3145 muri
1667 3091 2015 3144 circumducti
2047 3091 2472 3144 crassitudinem.
2515 3084 2767 3154 Deinceps
2802 3091 3067 3158 signi/ient
3101 3084 3348 3155 opiﬁcum
3377 3105 3560 3158 operas

383 3155 713 3230 pra'standas
741 3160 792 3211 in
818 3159 1073 3226 potiendis
1104 3163 1390 3230 lapidibus,
1420 3162 1776 3215 marmoribus
1804 3172 1851 3214 et
1883 3161 2177 3213 columnis:
2201 3171 2248 3211 et
2275 3161 2536 3226 lignorum
2564 3161 2835 3225 penuriam
2854 3155 3216 3230 subjiciuqua
3241 3159 3381 3224 adigi
3419 3174 3473 3209 se
3495 3156 3564 3208 ad

389 3224 738 3280 adhibendam
773 3224 1007 3295 lapidum
1034 3224 1344 3285 materiem:
1380 3249 1540 3299 neque
1571 3233 1735 3284 aliam
1769 3232 2043 3299 figulinam
2084 3224 2382 3299 materiam,
2416 3224 2573 3295 quam
2603 3238 2880 3281 testaceam
2915 3228 3012 3278 sibi
3044 3224 3237 3299 prit'sto
3279 3243 3422 3279 esse:
3459 3244 3563 3299 sint

379 3307 538 3361 reque
563 3294 1112 3370 monetmercenarios
1142 3304 1373 3355 homines
1398 3294 1640 3370 benignos
1673 3303 1724 3352 in
1760 3294 1991 3352 incrccde
2025 3297 2362 3370 paciscenda,
2419 3294 2467 3370 et
2496 3313 2716 3370 parcum
2747 3299 2972 3364 pretium
3005 3296 3146 3370 operi
3186 3296 3434 3370 facientes
3461 3294 3563 3370 sibi

382 3378 508 3439 opus
543 3381 674 3439 esse,
701 3369 763 3421 ob
797 3373 1152 3423 nummariam
1182 3373 1234 3424 in
1275 3388 1379 3439 qua
1425 3366 1558 3433 erat,
1587 3370 1980 3437 difﬁcultatem.
2019 3369 2092 3420 De
2119 3369 2367 3439 introitus
2395 3367 2576 3439 etiam,
2609 3379 2656 3419 et
2674 3367 2966 3439 Latinarum
2991 3366 3344 3439 a’dilicatiune
3378 3381 3438 3416 ac
3458 3367 3562 3439 de-

383 3432 702 3510 lineatione;
725 3447 838 3510 tum
865 3439 927 3491 de
953 3441 1226 3510 peristylio
1249 3432 1604 3509 quadraginta
1631 3432 1995 3492 columnarum
2043 3438 2284 3508 quantum
2335 3437 2614 3490 subnectit.
2675 3437 2907 3491 Tandem
2955 3436 3001 3488 si
3037 3435 3294 3501 minutam
3327 3436 3559 3489 omnium

381 3502 689 3560 subduxerit
734 3502 1016 3572 rationem,
1044 3502 1275 3578 pecunia}
1301 3502 1533 3578 inopiam
1593 3519 1838 3566 cxcusat.

913 3669 1286 3738 Ἆμφιλοχίῳ.

390 3754 520 3828 Ἤδη
573 3775 659 3828 μοι
710 3763 1011 3831 πέπεισμαι
1055 3760 1500 3833 κατοροιῦσασθαι
1548 3760 1688 3814 κατὰ
1741 3759 1874 3813 Θεοῦ

304 3850 468 3917 χάριν
493 3847 590 3917 τὴν
621 3850 712 3901 ἐπὶ
734 3849 810 3919 τῷ
835 3851 1116 3920 μαρτυρίῳ
1142 3851 1252 3921 (l6)
1280 3853 1530 3922 σπουδήν.
1559 3849 1873 3920 Θελήσειαςῐ

307 3939 489 4008 Πέρας
526 3939 586 3991 τὸ
621 3940 1050 4011 σπουδαζόμενον
1090 3939 1199 4006 ἕξει
1232 3946 1297 4013 τῇ
1332 3942 1560 4012 δυνάμει
1587 3940 1681 3994 τοῦ
1707 3940 1876 4003 Θεοῦ,

305 4027 468 4097 ἔργον
515 4030 781 4083 ποιεῖσθαι
812 4031 1111 4100 δυναμένου
1143 4031 1234 4085 τὸν
1280 4031 1458 4100 λόγον,
1606 4031 1671 4084 ἂν
1725 4031 1873 4100 εἴπῃ.

320 4120 557 4190 Ἐπειδὴ,
589 4121 766 4184 καθώς
795 4139 955 4191 φησιν
984 4123 1012 4174 ὁ
1062 4121 1378 4186 Ἀπόστολος
1401 4162 1416 4186 ,
1456 4124 1484 4174 ὁ
1515 4121 1877 4192 ἐναρξάμενος

304 4211 465 4278 ἔργον
499 4213 722 4279 ἀγαθὸν,
772 4213 862 4264 καὶ
897 4212 1226 4264 ὲπιτελέσει’
1274 4213 1654 4284 παρακλήοητι
1686 4213 1778 4265 καὶ
1823 4214 1880 4264 ἒν

301 4299 477 4370 τούτῳ
511 4303 750 4372 μιμητὴς
793 4302 1108 4371 γεγενέσοαι
1144 4302 1254 4372 (l7)
1289 4304 1382 4356 τοῦ
1436 4304 1670 4374 μεγάλου
1731 4303 1880 4356 Παύ-

302 4391 418 4458 λου,
453 4394 546 4446 καὶ
574 4395 652 4456 εἰς
678 4394 833 4465 ἔργον
862 4397 990 4465 ἡμῖν
1018 4399 1351 4466 προαγαγεῖν
1370 4396 1467 4460 τὰς
1493 4396 1710 4458 ἐλπίδας
1729 4438 1742 4460 ,
1779 4397 1872 4448 καὶ

301 4485 546 4551 τεχνίτας
577 4486 706 4554 ἡμῖν
733 4487 1017 4548 τοσούτους
1049 4488 1283 4556 πέμψαι,
1317 4486 1456 4540 ὥστε
1490 4489 1706 4550 ἱκανοὺς
1737 4487 1872 4556 πρὸς

298 4575 361 4625 τὸ
389 4575 546 4645 ἔργον
579 4571 743 4628 εἶναι.
777 4577 990 4630 Γένοιτο
1018 4577 1062 4629 δ’
1092 4577 1157 4630 ἂν
1185 4580 1249 4631 ὲκ
1289 4578 1650 4648 συλλογισμοῦ
1683 4581 1748 4648 τῇ
1780 4595 1870 4630 τε-

297 4666 533 4734 λειότητί
560 4683 649 4720 σου
672 4668 966 4739 γνώριμον,
994 4671 1205 4734 εἰςὸσον
1235 4673 1430 4741 μέτρον
1453 4671 1597 4724 ἅπαν
1622 4670 1680 4723 τὸ
1711 4670 1872 4742 ἔργον

376 4853 419 4885 ⁸⁸
455 4853 610 4907 Joan.
637 4871 691 4918 ν,
724 4855 816 4909 ἳΙ.
895 4855 936 4888 ³³
966 4853 1123 4908 Joan.
1158 4870 1233 4919 Vl,
1267 4856 1355 4910 65.

372 5011 480 5080 (l5)
513 5011 616 5065 Kal
644 5014 712 5065 ἐν
740 5013 818 5080 τῷ
842 5011 1230 5068 συνεστάναι.
1258 5013 1598 5075 Συνιστάναι,
1626 5029 1719 5067 seu
1755 5031 1878 5067 συν-

295 5083 584 5136 εστακέναι
618 5099 743 5138 vere
778 5101 899 5140 esse
932 5083 1194 5138 deberet:
1231 5092 1282 5137 et
1323 5092 1509 5152 posset
1558 5084 1721 5136 etiam
1753 5100 1877 5139 esse

299 5153 566 5221 συστῆσαι
616 5162 706 5207 aut
748 5154 1009 5223 συστῆναι
1046 5168 1060 5182 ·
1104 5152 1201 5206 sed
1243 5153 1359 5206 haec
1397 5155 1505 5206 duo
1542 5154 1756 5223 longius
1789 5154 1874 5206 di-

296 5231 449 5278 stant
473 5239 502 5276 a
532 5223 743 5280 codicis
765 5225 949 5278 verbo.
969 5224 1321 5279 Occurrimns
1347 5233 1525 5276 tamen
1557 5225 1871 5290 aliquando,

297 5294 426 5348 licet
488 5295 641 5348 valde
691 5310 839 5364 raro,
877 5294 953 5364 τῷ
998 5295 1364 5364 συνεστάναιῇ
1397 5293 1538 5364 quod
1589 5296 1692 5346 erit
1734 5296 1872 5348 κατὰ

298 5365 578 5433 συγκοπήν
603 5404 617 5426 ,
663 5379 691 5418 a
743 5363 820 5434 τῷ
865 5363 1246 5416 συνεστακέναι
1277 5380 1290 5393 ⁸
1324 5363 1403 5418 sic
1440 5364 1763 5416 συνεστάναι
1810 5365 1871 5416 τὸ

295 5434 517 5504 ζήτημα
550 5435 787 5499 dicitur;
823 5435 871 5488 id
907 5443 991 5488 est
1025 5435 1381 5503 qumstionem
1417 5449 1510 5488 seu
1551 5443 1871 5488 Controxer-o

294 5506 432 5557 siam
474 5505 800 5567 consistere,
840 5505 1167 5568 subsistere,
1195 5520 1317 5558 cum
1360 5504 1414 5557 in
1455 5504 1728 5574 judicium
1777 5518 1873 5574 po-

294 5580 402 5627 test
433 5574 546 5642 ipsa
575 5574 790 5629 deduci.

368 5643 478 5712 (lli)
514 5646 840 5712 Μαρτυρίῳ.
867 5644 1018 5698 llanc
1055 5659 1243 5700 vocem
1289 5644 1556 5712 interpres
1593 5659 1690 5713 pro
1728 5659 1874 5696 mar-

293 5716 433 5784 tyrio
467 5716 655 5786 stricte
686 5727 902 5786 SUmplO
936 5717 1166 5784 accepit,
1198 5724 1253 5766 ut
1280 5722 1702 5786 exiargumento
1724 5713 1869 5784 quod

291 5783 540 5854 cpistola:
590 5783 906 5856 praeposuit,
957 5783 1295 5856 compertum
1349 5783 1645 5840 ftt.’A!iter
1686 5783 1868 5838 tamen

1433 4857 1518 4909 "l
1549 4857 1676 4910 Cor.
1709 4872 1804 4917 ιιι,
1843 4855 1907 4922 6;
1945 4855 2144 4927 Ephcs.
2173 4873 2211 4918 t,
2250 4858 2331 4910 ll.

2584 3663 2968 3732 Amphilochia.

2047 3765 2168 3819 .lam
2201 3774 2498 3832 persuasus
2530 3773 2649 3811 sum
2693 3772 2788 3826 per
2829 3755 2918 3809 Dei
2957 3756 3184 3826 gratiam
3240 3769 3387 3809 reete
3433 3768 3558 3808 ces-

1979 3868 2168 3908 surum
2223 3849 2471 3921 martyrii
2515 3846 2774 3902 studium.
2827 3845 2871 3900 0
2903 3847 3108 3900 utinam
3145 3845 3344 3900 velles!
3396 3845 3556 3898 linem

1977 3945 2277 4014 expetitum
2328 3941 2460 3996 illud
2505 3940 2742 4003 habebit,
2777 3938 2868 3992 Dei
2918 3938 3192 4008 potentia,
3233 3939 3324 4008 qui
3354 3943 3556 4007 potest,

1978 4034 2070 4086 ubi
2117 4034 2391 4103 loquatur,
2418 4046 2726 4086 sermonem
2776 4030 2985 4084 ellicere
3016 4029 3560 4099 opuszquandoqui-

1977 4122 2121 4188 dem,
2152 4124 2317 4178 veluti
2337 4123 2473 4177 dicit
2503 4122 2816 4191 Apostolus,
2837 4121 2930 4190 qui
2953 4121 3142 4190 incipit
3162 4135 3298 4189 opus
3329 4121 3554 4180 bonum,

1976 4215 2111 4267 illud
2139 4216 2302 4268 etiam
2331 4214 2582 4268 conficiet
2605 4217 2668 4267 “.
2695 4213 2943 4268 Escitare
2983 4221 3161 4265 autem
3197 4219 3269 4289 ut.
3289 4219 3341 4265 et
3376 4209 3428 4263 in
3455 4210 3558 4264 hac

1979 4320 2037 4358 re
2067 4321 2284 4375 quoque
2321 4306 2558 4358 imitator
2580 4306 2676 4360 fias
2702 4305 2879 4372 magni
2911 4302 3063 4356 Pauli
3091 4322 3106 4367 ;
3137 4310 3303 4372 utque
3333 4302 3386 4355 in
3417 4317 3554 4371 opus

1980 4397 2137 4452 nobis
2174 4413 2299 4466 spes
2329 4399 2595 4465 provehas
2629 4415 2642 4451 :
2677 4395 3025 4465 artiﬁcesque
3070 4394 3230 4449 nobis
3278 4402 3356 4448 tot
3401 4395 3554 4449 mitte

1979 4498 2038 4543 ut
2065 4490 2130 4542 ad
2157 4504 2294 4558 Opus
2319 4491 2427 4544 sint
2458 4489 2654 4543 idonei.
2683 4486 2804 4541 Fiat
2834 4498 3014 4541 autem
3049 4503 3112 4541 ex
3146 4487 3554 4556 computatione

1979 4579 2302 4650 perfectioni
2378 4587 2484 4633 tua:
2552 4586 2766 4643 notum,
2825 4584 3084 4647 quantam
3153 4576 3552 4630 dimensionem

1983 4674 2304 4726 universum
2342 4687 2480 4742 opus
2517 4670 2946 4742 computabitur.
2985 4670 3155 4740 Cujus
3191 4668 3364 4740 gratia
3409 4674 3550 4722 stru-

2411 4858 2455 4888 "
2495 4857 2725 4926 Philipp.
2759 4872 2796 4919 I,
2822 4857 2876 4909 6.

1984 5017 2213 5071 suadere
2241 5015 2795 5086 videturgconteixtus.
2838 5011 3129 5086 Nimirum,
3167 5029 3282 5069 mea
3327 5015 3552 5086 quidem

1983 5087 2275 5142 sententia,
2330 5084 2572 5152 loquitur
2613 5085 2698 5137 hic
2753 5082 3032 5154 Nyssenus
3079 5085 3146 5140 de
3198 5082 3386 5152 templo
3437 5087 3552 5140 sive

1979 5155 2170 5209 sacello
2227 5155 2647 5224 construendo.'
2689 5154 2800 5208 Sub
2863 5156 2962 5207 hac
3019 5156 3165 5209 enim
3237 5157 3551 5224 acceptione

1978 5241 2164 5295 vocem
2197 5223 2491 5294 μαρτύριον
2509 5225 2647 5278 sumi
2676 5226 2816 5278 haud
2851 5226 3220 5295 infrequenter
3237 5223 3384 5295 apud
3411 5224 3552 5278 Grat-

1977 5309 2073 5349 cos
2119 5293 2375 5364 Ecclesia:
2415 5297 2730 5364 scriptores,
2775 5295 2908 5349 nihil
2955 5293 3180 5350 certius.
3220 5293 3548 5363 Chrysosto-

1977 5379 2100 5418 mus
2153 5373 2286 5418 tom.
2335 5362 2350 5414 I
2399 5364 2476 5416 Ad
2531 5362 2649 5432 pop.
2699 5365 3078 5419 Antiochenam
3111 5383 3129 5419 :
3174 5368 3230 5418 Ὀ
3272 5362 3418 5418 δεῖνα
3465 5369 3551 5429 εἰς

1977 5433 2274 5506 μαρῖῦριον
2307 5434 2674 5506 ἀπεδήμησεν,
2724 5436 2792 5506 ad
2841 5438 3152 5504 martyrium
3188 5437 3544 5506 peregrinatus

1972 5503 2070 5557 cst.
2107 5503 2292 5573 Neque
2330 5503 2494 5557 aliter
2517 5503 2716 5559 Latini.
2747 5504 2959 5560 Videsis
2985 5503 3277 5560 ’Snicerum
3304 5503 3355 5559 in
3391 5504 3546 5560 Thes.

1972 5575 2188 5645 ccc-(7.7V,
2223 5574 2532 5645 Μαρτύριον
2569 5591 2641 5645 tv,
2671 5584 2800 5629 toni.
2837 5575 2895 5637 ll,
2932 5592 3050 5645 pag.
3088 5576 3210 5630 5l9.

2046 5644 2161 5768 (Πό
2181 5644 2557 5713 Γεγενέσθσι.
2607 5644 2858 5702 Fortasse
2888 5644 3162 5716 γενέσθαι,
3189 5660 3315 5701 nam
3353 5647 3414 5701 τὸ
3461 5662 3555 5715 γε-

2046 5715 2132 5768 νέσ
2167 5732 2222 5768 αι
2263 5730 2368 5768 non
2405 5715 2575 5768 adest.

1972 5715 2222 5783 γενέσθαι
2263 5730 2368 5770 ιιοιι
2405 5715 2575 5771 adest.
