3972 6208
433 332 571 392 1093

1676 335 1737 391 S.
1779 333 2106 392 GREGORII
2142 335 2438 396 NYSSENI

3579 343 3732 399 10ςὸ

424 458 641 506 cturam
684 462 903 505 omnem
960 446 1232 503 orationis
1276 446 1653 517 descriptione
1697 451 1793 505 tibi
1851 454 2008 505 mani

2133 454 2614 527 συλλογισθήσεται
2634 472 2647 485 ο
2679 447 2740 510 οὗ
2770 455 2930 527 χάριν
2965 455 3193 529 φανερόν
3221 474 3303 511 σοι
3332 459 3559 531 ποιῆσαι
3602 478 3733 515 πει-

424 544 624 598 fcstam
684 541 869 597 facere
923 540 1189 596 conabor.
1220 540 1371 594 Crux
1431 550 1515 596 est
1573 542 1765 596 sacelli
1826 542 2021 613 figura;

423 646 686 706 quatuor,
715 635 796 690 uti
828 644 1069 704 oportet,
1102 632 1315 689 aedibus
1344 649 1409 687 ex
1455 634 1604 687 omni
1643 643 1799 704 parte
1845 635 2027 705 reple-

422 736 498 781 ta.
535 727 606 782 At
634 725 1112 797 comprehendunt
1168 741 1293 781 sese
1349 733 1543 779 mutuo
1587 724 1788 779 acilium
1828 741 2024 795 nexus,

422 819 891 888 quemadmodum
925 820 982 875 in
1005 818 1327 874 cruciformi
1370 820 1545 888 figura
1578 818 1785 888 ubique
1817 818 2023 875 factum

424 913 697 967 \idemus.
733 910 898 966 Cruci
933 922 1114 966 autem
1151 910 1396 965 circulus
1425 922 1553 964 octo
1597 912 1815 981 angulis
1853 912 2025 966 inter-

424 1016 617 1077 ceptus
648 1006 918 1077 injicitur.
951 1005 1017 1060 Et
1045 1006 1316 1060 circulum
1362 1013 1587 1076 propter
1620 1005 2026 1062 circumferen-

425 1093 581 1156 tiam,
615 1102 933 1165 octogonon
987 1093 1270 1149 nominavi
1336 1094 1610 1166 figuram;
1665 1094 1742 1149 ita
1794 1104 1854 1149 ut
1892 1096 2024 1153 bina

334 1247 339 1252 ,
423 1186 683 1255 octogoni
733 1186 905 1241 latera
952 1194 1392 1244 mutuo.contra
1427 1203 1524 1258 per
1568 1184 1903 1243 diametrum
1934 1188 2024 1259 ja-

424 1279 632 1338 centia.
666 1294 761 1348 per
803 1277 1076 1334 fornicum
1109 1286 1441 1335 curvaturas
1474 1277 1747 1334 circulum
1777 1280 1919 1350 ipsis
1966 1281 2022 1335 in

424 1376 666 1438 quatuor
695 1377 880 1439 partes
909 1370 1293 1439 adjacentibus
1331 1370 1543 1426 aedibus
1584 1370 1640 1425 in
1678 1371 1859 1427 medio
1888 1387 2025 1428 con-

425 1468 669 1514 uectant.
728 1460 848 1515 Alia
905 1477 1037 1516 vero
1096 1473 1340 1533 quatuor
1391 1462 1649 1533 octogeni
1703 1462 1878 1518 latera
1941 1463 2023 1518 ius

423 1560 508 1607 ter
534 1555 837 1623 quadratas
892 1556 1038 1610 aedes
1075 1554 1433 1626 pertinentia,
1489 1570 1599 1609 non
1646 1556 1766 1625 ipsa
1800 1556 2022 1625 quidem

420 1648 775 1702 continenter
821 1651 874 1703 in
926 1649 1075 1704 aedes
1105 1647 1549 1719 protendentur:
1586 1662 1779 1702 verum
1815 1649 1872 1702 in
1908 1648 2024 1703 sin-

420 1741 567 1811 gulis
631 1742 879 1811 ipsarum
946 1740 1338 1813 hemicyclium
1405 1740 1827 1809 circumjacebit
1886 1755 2022 1794 con-

2133 546 2370 621 ράσομαι
2399 551 2579 603 πᾶσαν
2628 550 2728 619 τὴν
2769 549 3118 621 κατασκευὴν
3148 550 3236 604 διὰ
3280 552 3382 623 τῆς
3414 551 3511 606 τοῦ
3559 551 3729 623 λόγου

2129 639 2368 710 γραφῆς.
2396 638 2641 711 Σταυρός
2672 640 2790 693 ἐστι
2818 640 2913 694 τοῦ
2946 640 3238 713 εὐκτηρίου
3266 643 3329 696 τὸ
3356 644 3571 715 σχῆμα,
3595 646 3729 699 τέσ-

2129 742 2288 797 σαρσι
2311 765 2327 789 ,
2359 725 2435 790 ὡς
2460 725 2631 790 είκδς,
2676 726 2847 792 οἴκοις
2880 729 3253 800 ἁπανταχόθεν
3299 733 3727 807 ἀναπληρούμε-

2126 830 2237 880 νος.
2271 815 2427 869 ⁹Αλλὸι
2452 816 2968 889 καταλαμϐάνουσιν
2989 820 3226 893 ἀλλήλας
3245 822 3301 876 αἱ
3326 825 3727 894 συμϐολαὶ-δῶ,

2125 907 2314 969 οἴκων,
2356 905 2547 980 ὥσπερ
2594 908 2814 981 δρῶμεν
2844 911 3124 984 πανταχοῦ
3157 915 3215 967 ὲν
3265 914 3343 986 τῷ
3387 918 3730 988 σταυροειδεί

2126 998 2282 1069 τύπῳ
2311 999 2622 1070 γενόμενον.
2688 1000 2827 1054 Ἀλλ’
2871 1001 3120 1071 ἔγκειται
3148 1003 3225 1075 τῷ
3256 1006 3474 1078 σταυρῷ
3520 1008 3729 1073 κύκλος

2123 1090 2271 1145 ὀκτὼ
2293 1091 2519 1161 γωνίαις
2562 1092 2965 1165 διειλημμένος.
3000 1095 3215 1151 Κύκλον
3249 1097 3307 1151 δὲ
3349 1097 3438 1151 διά
3468 1099 3532 1153 τὸ
3565 1118 3727 1171 περι-

2126 1184 2291 1255 φερὲς
2327 1184 2590 1256 ὼνόμασα
2617 1185 2679 1240 τὸ
2704 1185 3014 1257 δκτάγωνον
3048 1188 3257 1260 σχῆμα.
3289 1188 3434 1245 ὥστε
3490 1191 3595 1255 τὰς
3628 1192 3728 1246 δύο

2124 1274 2218 1330 τοῦ
2248 1276 2561 1346 ὀκταγὼνου
2590 1276 2832 1348 πλευρὰς
2857 1320 2873 1348 ,
2902 1279 3001 1344 τὰς
3026 1282 3090 1334 ὲκ
3126 1281 3421 1353 διαμέτρου
3454 1284 3726 1355 ἀλλήλαις

2125 1368 2545 1440 ἀντικειμένας,
2588 1371 2655 1424 δι’
2689 1370 2894 1441 ἀψίδων
2938 1375 3051 1435 τοῖς
3087 1371 3326 1444 τετραχῆ
3368 1376 3724 1446 παρακειμί-

2124 1478 2237 1525 νοις
2259 1460 2431 1527 οἴκοις
2461 1462 2554 1516 τὸν
2581 1465 2640 1519 ὲν
2669 1464 2746 1536 τῷ
2782 1465 2936 1536 μέσῳ
2970 1466 3264 1520 συναπτειν
3307 1463 3532 1521 κύκλον
3572 1470 3631 1521 αί
3660 1469 3720 1522 δὲ

2124 1552 2282 1608 ἄλλαι
2326 1554 2591 1626 τέσσαρες
2632 1555 2727 1610 τοῦ
2767 1554 3081 1627 ὀκταγώνου
3132 1558 3384 1631 πλευραὶ,
3417 1560 3476 1613 αί
3508 1560 3717 1630 μεταξὺ

2123 1643 2232 1699 τῶν
2275 1645 2633 1718 τετραγώνων
2672 1646 2837 1701 οἴκων
2869 1648 3173 1719 διήκουσαι,
3207 1637 3329 1702 οὐδὲ
3370 1650 3533 1702 αὑταὶ
3570 1649 3718 1703 κατά

2123 1733 2186 1787 τὸ
2230 1734 2456 1805 συνεχὲς
2500 1735 2580 1800 είς
2619 1736 2803 1801 οἴκους
2844 1737 3305 1809 ἀποταθήσονται·
3355 1738 3469 1792 ἀλλ’
3504 1740 3713 1812 ἑκάστῃ

421 1832 680 1889 chiformi
749 1833 924 1905 figura
1005 1847 1229 1890 sursum
1305 1848 1502 1890 versus
1571 1832 1722 1887 circa
1793 1830 2008 1887 fornicit

2127 1824 2333 1880 τούτων
2380 1826 2706 1898 ἡμικύκλιον
2763 1829 3138 1899 περικείσεται
3194 1829 3550 1901 κογχλοειδῶς
3598 1829 3713 1901 (18)

422 1926 783 1995 perimetrum
834 1926 1096 1981 desinens
1143 1945 1157 1981 :
1212 1933 1272 1980 ut
1331 1933 1388 1980 et
1437 1934 1564 1981 octo
1618 1925 1731 1979 sint
1782 1922 2024 1981 fornices

421 2035 649 2082 omnes,
709 2034 805 2088 per
858 2034 1000 2089 quos
1059 2021 1192 2088 ipsae
1247 2026 1442 2072 mutuo
1495 2016 1787 2087 quadratae.
1848 2018 2018 2084 sedes,

421 2119 476 2164 et
520 2111 845 2182 hemicyclia
878 2110 944 2165 ad
988 2110 1230 2165 medium
1267 2109 1510 2164 habeant
1564 2105 2020 2177 contiguitatcm.

423 2201 677 2257 lnteriori
726 2210 884 2272 parte
910 2217 1042 2257 vero
1088 2203 1321 2256 laterum
1362 2200 1739 2272 diagonalium
1774 2197 2021 2270 quadra-

421 2301 604 2348 torum
648 2294 892 2363 aaquales
940 2309 1178 2349 numero
1206 2293 1472 2349 astabunt
1519 2292 1817 2357 columnae,
1851 2304 2021 2344 orna-

421 2388 594 2442 menti
626 2394 681 2443 et
716 2387 937 2442 roboris
962 2388 1162 2458 gratia.
1200 2385 1568 2442 Sustinebunt
1595 2391 1857 2440 autemet
1884 2383 2020 2454 ipsa:

421 2492 590 2545 super
610 2493 671 2534 se
699 2478 969 2545 fornices,
997 2495 1154 2550 mque
1180 2488 1349 2549 atque
1379 2478 1416 2533 ii
1446 2478 1540 2549 qui
1571 2478 1743 2540 intus,
1768 2483 2019 2531 constru-

419 2579 561 2628 ctos.
598 2571 776 2643 Supra
814 2574 916 2629 hos
962 2580 1143 2629 autem
1196 2580 1323 2627 octo
1365 2570 1608 2627 fornices
1659 2568 2018 2641 proportione

419 2664 812 2735 superiniectis
838 2664 1121 2731 fenestris,
1148 2674 1418 2734 octogona
1450 2663 1651 2718 domus
1676 2662 1743 2716 ad
1777 2669 2016 2732 quatuor

418 2755 636 2811 cuhitos
658 2763 944 2810 excrescet
970 2773 984 2821 ;
1015 2771 1079 2811 ex
1116 2770 1180 2810 ea
1207 2772 1337 2810 vero
1364 2754 1604 2810 exstabit
1631 2754 1793 2810 turbo
1812 2755 2005 2809 conoi-

419 2843 541 2904 des.
590 2844 1065 2916 ﬁguramhabens
1101 2845 1468 2900 involutionis
1522 2844 1652 2897 tecti
1689 2859 1753 2900 ex
1801 2844 1914 2898 lato
1946 2845 2003 2899 in

421 2942 647 2991 acutum
667 2949 903 2991 cuneum
925 2935 1183 2992 occlusze.
1207 2934 1489 2992 Distantia:
1506 2948 1639 2990 vero
1661 2934 2002 3007 singularum

2126 1918 2268 1972 κατὰ
2296 1918 2356 1973 τὸ
2393 1919 2507 1975 ἀνω
2537 1922 2665 1992 περὶ
2692 1921 2881 1991 ἁψῖδος
2910 1921 3350 1992 ἀναπαυόμενον
3394 1921 3538 1976 ὥστε
3567 1923 3715 1978 ὀκτὼ

2124 2010 2378 2078 γενέσθαι
2424 2011 2621 2082 ἀψῖδας
2651 2013 2752 2079 τάς
2799 2014 3001 2080 πάσας,
3036 2013 3102 2068 δι’
3136 2007 3212 2069 ὧν
3251 2017 3315 2069 ὲκ
3358 2014 3713 2087 παραλλήλου

2122 2100 2545 2175 τὼτετράγωνά
2579 2120 2637 2157 τε
2675 2105 2770 2158 καὶ
2815 2103 3119 2176 ἡμικύκλια
3163 2105 3292 2177 πρὸς
3322 2107 3383 2159 τὸ
3413 2106 3581 2175 μέσον
3605 2107 3709 2178 τὴν

2125 2190 2421 2259 συνάφειαν
2453 2191 2588 2264 ἔχει.
2622 2192 2866 2248 Ἐσωθεν
2901 2193 2958 2247 δὲ
2993 2193 3105 2248 τῶν
3144 2194 3433 2263 διαγωνίων
3480 2195 3712 2249 πεσσῶν

2126 2283 2406 2357 ίσάριθμοι
2439 2287 2887 2359 παραστήσονται
2934 2288 3114 2353 κίονες
3134 2328 3150 2353 ,
3179 2289 3474 2359 εὐκοσμίας
3506 2306 3570 2342 τε
3614 2290 3714 2344 καὶ

2126 2376 2310 2445 ίσχύος
2341 2376 2524 2450 χάριν.
2578 2378 2856 2446 ’Δνέξουσι
2899 2379 2956 2432 δὲ
3000 2381 3094 2434 καὶ
3137 2374 3285 2434 οὗτοι
3321 2381 3466 2452 ὑπὲρ
3499 2382 3709 2437 ἑαυτῶν

2122 2469 2319 2539 ἀψίδας
2354 2472 2475 2534 ταῖς
2520 2469 2733 2525 ἔνδοθεν
2779 2471 2846 2525 δι’
2900 2472 3015 2525 ι’σου
3064 2475 3704 2545 συγκατεσκευασμένας.

2123 2563 2271 2617 Ἀνω
2298 2562 2355 2617 δὲ
2379 2562 2487 2617 τῶν
2511 2562 2656 2618 ὀκτὼ
2676 2562 2881 2619 τούτων
2907 2564 3109 2635 ἀψίδων
3130 2564 3219 2618 διὰ
3240 2565 3340 2636 τὴν
3361 2568 3708 2639 συμμετρίαν

2118 2651 2228 2706 τῶν
2256 2651 2670 2724 ὑπερκειμένων
2719 2651 2972 2725 θυρίδων,
3012 2655 3041 2707 ὁ
3072 2653 3378 2723 ὀκτάγωνος
3412 2652 3562 2719 οἶκος
3612 2658 3707 2711 ἐπὶ

2113 2744 2385 2817 τέσσαρας
2417 2742 2785 2816 αὐξηθήσεται
2836 2747 3069 2815 πήχειςο
3117 2747 3180 2799 τὸ
3230 2746 3288 2800 δὲ
3337 2747 3430 2799 ἀπ’
3487 2747 3703 2801 ἐκείνου

2114 2838 2392 2912 στρόϐιλος
2443 2837 2598 2893 ἔσται
2646 2838 2937 2910 κωνοειδὴς
2992 2837 3127 2909 (l9).
3178 2838 3282 2910 τῆς
3328 2839 3592 2910 εἱλήσεως
3644 2840 3701 2893 τὸ

2115 2932 2299 3003 σχῆμα
2337 2929 2434 2985 τοῦ
2464 2929 2659 3002 ὀρίφου
2699 2932 2765 2986 ὲκ
2793 2929 3021 2995 πλατέος
3059 2931 3139 2994 είς
3167 2930 3294 2995 ὀξὺν
3325 2932 3508 3003 σφῆνα
3538 2948 3704 2988 καταρ

489 3143 603 3217 (18)
635 3138 1041 3217 Καγχλρειδῷς
1071 3140 1434 3217 ἡμικύκλιον
1464 3143 1883 3217 περικείσεται.
1915 3144 1960 3196 Τ
1960 3143 2006 3216 ᾧ

2113 3156 2200 3201 tur
2225 3146 2484 3201 utrolibet
2522 3146 2687 3202 modo
2730 3146 2837 3217 legi
2884 3152 3089 3217 posset,
3128 3142 3222 3200 sed
3264 3142 3694 3217 convenientiori

417 3212 741 3286 uenﬁcam;
764 3214 846 3267 vel
869 3212 1210 3286 κοχλοειδῶς,
1237 3212 1576 3286 ettiendaiota
1604 3228 1705 3286 vox
1735 3213 1849 3286 haec
1879 3212 2002 3270 est':

416 3283 632 3342 diversa
663 3292 843 3339 autem
888 3283 1202 3350 significant
1242 3283 1357 3336 haec
1386 3283 1494 3336 duo
1522 3284 1809 3345 vocabula,
1851 3286 1896 3337 si
1938 3286 2007 3340 de

418 3357 640 3428 propria
689 3356 985 3428 loquamur
1025 3353 1286 3428 dictionis
1325 3353 1746 3428 significatione.
1789 3353 2004 3409 Etenim

417 3424 646 3504 omnino
676 3426 897 3504 diversa
943 3432 1168 3504 IPS_t_?‘Sl
1212 3424 1242 3476 ὁ
1271 3424 1492 3504 atomos,
1516 3425 1748 3504 concha,
1776 3440 1938 3495 quam
1978 3428 2008 3480 ὁ

417 3498 629 3569 κόχλος,
655 3497 918 3569 Δ(εοειιιειι.
958 3494 1063 3548 Sed
1090 3492 1542 3569 llesychioidcm
1576 3492 1818 3569 indicare
1844 3511 2007 3569 posse

416 3565 596 3624 visum
647 3565 750 3621 fuit
806 3575 1035 3635 propter
1082 3567 1288 3635 figurae.
1322 3566 1540 3633 opinor,
1585 3566 2003 3619 similitudinem

416 3638 759 3693 nonnullam.
810 3636 1045 3691 Cochlca
1087 3636 1309 3704 proprie
1340 3643 1426 3689 est
1477 3642 1619 3688 testa
1660 3636 1908 3698 liniaris,
1951 3646 2008 3691 et

462 3707 813 3778 ετωνυμικῶς
842 3708 1005 3759 limax
1038 3707 1175 3777 ipse.
1211 3704 1434 3760 Concha
1477 3721 1606 3759 vero
1633 3716 1718 3760 est
1761 3708 2006 3778 conchy-

462 3725 813 3778 ετωνυμικως
842 3725 1005 3759 urnax
1038 3725 1175 3777 Ipse.
1211 3725 1434 3760 ιιοηωει
1477 3725 1606 3759 vero
1633 3725 1718 3760 εει
1761 3725 2004 3776 concuy-

414 3725 549 3832 ﬁum
585 3797 598 3833 :
635 3777 796 3832 sicuti
854 3792 1129 3847 purpura,
1180 3792 1399 3840 murex,
1454 3783 1727 3839 ostreum,
1776 3776 2004 3847 κόγχος,

414 3847 721 3918 κογχύλιον,
748 3847 1023 3918 πορφύρα,
1050 3846 1273 3917 ὄστρεον
1295 3889 1310 3918 ,
1346 3849 1806 3918 pisciumgenera
1852 3846 2003 3910 sunt,

414 3917 526 3989 qui
560 3917 834 3989 scabram,
874 3931 1124 3985 asperam
1182 3926 1238 3971 et
1291 3917 1415 3989 ideo
1456 3917 1751 3989 lirtniorem
1805 3925 2003 3973 testam

417 3986 639 4043 habent.
682 3988 990 4056 Utrumque
1032 3996 1212 4039 autem
1248 3988 1448 4040 animal
1494 3988 1666 4040 tortili
1715 3986 1890 4041 forma
1919 3996 2005 4042 est

414 4067 470 4113 ct
502 4059 802 4128 turbinata,
838 4056 990 4128 gyris
1022 4057 1353 4125 quibusdam
1411 4058 1721 4119 inductum,
1754 4058 1857 4111 etsi
1891 4057 2005 4113 dis-

414 4130 684 4186 similiter.
719 4126 1114 4182 llinc‘cochlea
1145 4136 1229 4181 est
1263 4141 1432 4180 unum
1474 4142 1539 4181 ex
1587 4130 1878 4198 przrcipuis
1917 4130 2002 4183 in-

414 4200 737 4269 strumentis
803 4199 1140 4252 mechanicis
1196 4198 1400 4251 virium
1455 4207 1733 4253 momento
1791 4207 2001 4269 aptum.

415 4268 654 4336 Vitruvi,
705 4270 800 4325 lib.
852 4284 927 4334 νις
987 4270 1114 4324 item
1164 4269 1594 4324 instrumentum
1636 4284 1811 4339 aquas
1861 4272 1999 4324 hau.

414 4341 589 4395 riendi
615 4380 632 4404 ,
662 4340 806 4411 quod
841 4339 1072 4395 barbare
1104 4354 1302 4411 pompa
1333 4356 1361 4393 a
1388 4339 1576 4393 Graeca
1609 4356 1740 4395 voce
1772 4350 2002 4411 accepta

413 4408 725 4465 vocaretur.
754 4408 873 4464 Non
912 4417 997 4464 est
1031 4408 1210 4465 autent
1239 4408 1392 4482 idem
1436 4421 1599 4479 atque
1657 4411 1813 4472 illud.
1856 4408 2002 4482 quod

412 4482 638 4566 antliam
708 4480 1251 4566 nominanturccenti
1312 4481 1536 4566 invento
1601 4480 1999 4566 excogita-tum.
2037 4509 2080 4566 ο

413 4552 654 4607 Tandem
686 4560 742 4606 et
786 4559 874 4607 est
922 4551 1051 4604 ostii
1096 4566 1275 4622 genus
1314 4558 1651 4622 tortuosum.
1678 4551 2005 4622 et’oblique

411 4624 614 4678 desum
672 4623 747 4677 ita
802 4618 1197 4689 nuncupatum.
1234 4618 1361 4673 Var.
1395 4621 1474 4675 De
1509 4619 1575 4674 R.
1628 4621 1717 4687 Β..
1766 4623 1863 4679 lib.
1913 4618 1999 4680 in.

409 4693 665 4748 Profecto
696 4692 986 4747 diversitas
1018 4690 1170 4745 verbi
1200 4692 1303 4763 vel
1345 4707 1425 4763 ea
1466 4693 1755 4761 proverbio
1795 4694 2002 4763 κόγχην

407 4763 601 4817 διελεῖν
629 4764 911 4832 evidenter
954 4761 1349 4832 cognoscitur;
1395 4761 1464 4816 de
1522 4779 1633 4832 quo
1684 4778 1867 4818 sermo
1899 4761 2004 4818 est

408 4832 557 4903 apud
580 4834 830 4889 eumdem
864 4829 1198 4906 Hesychium
1230 4829 1587 4906 et_Sui_daui;
1614 4834 1824 4889 concha
1851 4835 2000 4906 eitirn

408 4902 569 4958 unica
603 4912 742 4959 testa
778 4902 1149 4959 voluminibus
1191 4902 1522 4973 quibusdam
1583 4905 2002 4962 circumvolutis

407 4983 693 5047 constans,
722 4988 829 5047 non
850 4984 969 5047 tam
994 4974 1151 5030 facile
1172 4975 1227 5028 in
1250 4974 1391 5030 duas
1422 4982 1605 5047 partes
1626 4974 1997 5047 diffringotur,

407 5055 504 5101 aut
533 5045 697 5099 etiam
726 5045 1102 5112 discludetur;
1134 5060 1295 5100 secus
1331 5046 1573 5116 cochlea,
1614 5061 1736 5116 quae
1780 5045 2000 5102 duabus

406 5117 575 5173 veluti
611 5117 849 5172 scutulis
884 5117 1271 5183 concluditur;
1299 5132 1422 5186 quae
1467 5115 1614 5171 facili
1637 5115 1872 5182 negotio
1913 5118 2001 5175 di-

404 5189 705 5259 telluntur.
735 5186 1249 5259 Sicutquoqueﬁa
1298 5188 1391 5240 illo
1440 5188 1644 5259 κόγχης
1689 5186 1844 5259 ἀξιον
1895 5205 1999 5257 pro

403 5259 617 5324 οὐδενὸς
652 5258 824 5325 ἀξιον,
863 5254 1102 5322 εὐτελές.
1137 5254 1244 5312 Sed
1293 5271 1404 5312 non
1453 5254 1632 5329 solum
1686 5254 1999 5329 Hesychius

403 5330 597 5386 eodem
630 5344 796 5386 sensu
832 5337 1121 5399 utramque
1153 5342 1342 5384 vocem
1377 5326 1949 5399 sumendamcensuit
1981 5350 1994 5384 :

406 5415 595 5456 verum
641 5407 699 5455 et
749 5401 913 5472 vulgo
960 5397 1261 5472 scriptores
1309 5397 1994 5472 cgteriApromiscuehusi
2038 5406 2068 5416 “

403 5483 558 5537 sunt,
590 5471 755 5527 veluti
784 5467 1104 5537 ostendunt,
1131 5484 1254 5540 qua:
1300 5469 1456 5526 affert
1498 5467 1833 5540 Stephanus.
1867 5467 1996 5526 Uno

403 5543 591 5604 verbo.
621 5544 845 5600 cochlea
874 5553 960 5598 est
986 5538 1167 5596 terrea
1188 5542 1421 5608 concha,
1443 5549 1498 5595 et
1523 5538 1736 5595 concha
1763 5542 1995 5597 cochlea

401 5613 616 5687 marina
637 5652 653 5677 ,
688 5622 931 5687 propter
964 5612 1381 5669 similitudinem
1429 5608 1637 5687 forma:
1678 5624 1709 5687 :_
1731 5611 1992 5667 animalis

400 5680 549 5734 enim
594 5680 766 5746 genus
790 5680 974 5740 'dubio
1010 5691 1065 5738 et
1101 5681 1481 5738 controversia
1522 5680 1713 5752 procul
1764 5690 1852 5737 est
1888 5697 1991 5736 va-

400 5753 565 5811 rium.
602 5751 845 5821 Utraque
877 5768 1009 5809 vero
1046 5752 1113 5806 ad
1148 5767 1243 5808 vas
1272 5753 1327 5807 in
1361 5766 1485 5805 eum
1519 5751 1739 5807 modum
1765 5765 1987 5817 cavmn,

398 5830 458 5883 et
488 5823 820 5883 scutulatum
851 5823 1153 5880 notandum
1179 5823 1465 5894 accipitur.
1501 5821 1613 5878 lloc
1644 5823 1698 5877 in
1731 5823 1851 5879 loco
1880 5821 1988 5894 igi-

2110 3217 2177 3270 ad
2222 3233 2336 3271 rem
2383 3218 2618 3282 ratione,
2668 3216 2835 3273 totius
2875 3216 3093 3271 aedificii
3146 3217 3212 3284 τῇ
3257 3216 3600 3285 κατασκευῇ,
3643 3224 3695 3269 et

2112 3288 2286 3359 forma
2318 3295 2595 3359 rspectata,
2632 3298 2805 3359 prout
2840 3286 3127 3359 ANyssenus
3173 3285 3477 3359 describit,
3523 3285 3695 3340 satius

2107 3367 2194 3412 est
2223 3356 2459 3429 deligere
2480 3358 2542 3410 τὸ
2570 3356 2914 3429 amonem;
2952 3357 3126 3429 Uttius
3149 3366 3332 3429 autem
3357 3356 3554 3429 littera
3589 3371 3698 3429 ntu-

2110 3429 2244 3482 tatio
2272 3423 2549 3499 in'Grzeco
2579 3423 2788 3499 scripto
2835 3428 3048 3482 utrovis
3102 3427 3267 3499 modo
3296 3432 3387 3499 est
3421 3423 3692 3481 facienda.

2182 3499 2294 3565 (19)
2341 3496 2411 3552 Τὸ
2456 3496 2526 3551 δὲ
2550 3499 2667 3553 ἀπὸ
2696 3496 2942 3553 ’ἐκείνου
2993 3498 3313 3565 στρόϐιλος
3358 3496 3532 3549 ἔσται
3580 3513 3697 3549 κως

2108 3566 2368 3639 νοειδής.
2406 3567 2711 3639 Στρόϐιλος,
2762 3569 2903 3622 idem
2946 3582 3009 3622 ac
3045 3567 3273 3639 στρόϐος
3299 3608 3314 3631 ,
3360 3572 3444 3619 est
3477 3575 3695 3639 vortex.

2109 3638 2294 3705 Quare
2342 3638 2581 3708 procella
2628 3641 2775 3694 venti
2818 3638 3121 3696 vorticosa.
3169 3646 3491 3708 Seugvortex
3547 3638 3697 3691 venti
3760 3654 3771 3663 ο

2111 3710 2183 3762 ita
2208 3706 2440 3775 dicitur;
2463 3710 2555 3778 qui
2586 3709 2748 3764 etiam
2779 3708 2997 3777 λαῖλαψ.
3030 3706 3315 3778 Aristotel.
3354 3706 3430 3758 De
3458 3707 3697 3778 mundo:

2107 3778 2306 3850 λαῖλαψ
2330 3778 2385 3832 δὲ
2410 3776 2505 3832 καῖ
2531 3778 2827 3850 στρόϐιλος,
2858 3776 3076 3849 πνεῦμα
3104 3776 3415 3850 εἱλούμενον
3451 3776 3699 3831 κάτωθεν

2107 3850 2238 3903 ἄνω.
2272 3846 2366 3904 Est
2396 3850 2561 3903 etiam
2598 3846 2787 3912 turbo.
2837 3846 3013 3919 quem
3029 3849 3153 3902 coni
3187 3850 3359 3917 figura
3392 3846 3600 3919 ferrum
3641 3850 3698 3902 in

2108 3920 2315 3975 vertice
2354 3929 2690 3988 praeacutum
2744 3918 3034 3974 habentem
3064 3921 3273 3974 scutica
3317 3918 3472 3988 pueri
3513 3934 3544 3988 ιι
3574 3934 3699 3972 ver-

2108 3990 2213 4053 tice
2240 3991 2320 4046 cis
2356 3986 2566 4046 ferrum
2599 3993 2904 4054 involvunt,
2936 3998 2990 4043 et
3022 3990 3074 4043 in
3104 4005 3233 4044 aera
3269 3990 3341 4041 ita
3380 3986 3697 4043 involutum

2108 4075 2273 4114 manu
2308 4070 2454 4114 retro
2484 4072 2603 4116 acta
2632 4061 3010 4129 ejaculantur;
3044 4061 3135 4129 qui
3169 4059 3299 4113 fune
3337 4058 3697 4125 displicatus,

2110 4128 2237 4183 ferri
2265 4130 2384 4185 acie
2415 4132 2470 4184 in
2512 4128 2717 4199 puncto
2746 4132 2849 4186 lixa
2893 4128 3101 4200 jugiter
3142 4131 3487 4197 persiste-nte,
3521 4142 3698 4200 quam

2108 4200 2376 4256 citissime
2403 4196 2727 4259 constanter
2754 4196 2911 4272 aequo
2935 4196 3083 4272 motu
3112 4196 3521 4272 circumagitu_r_.
3545 4196 3702 4272 :I'ro-

2108 4272 2272 4346 chum
2304 4280 2487 4327 autem
2506 4288 2795 4346 nunquam
2817 4264 3129 4346 significare
3156 4275 3328 4346 potest
3354 4264 3648 4346 στρόϐιλος
3676 4315 3694 4337 ,

2110 4342 2155 4397 si
2198 4356 2301 4397 suo
2332 4344 2555 4414 proprio
2588 4342 2753 4399 sensu
2806 4344 3034 4414 trochus
3065 4342 3401 4414 accipiatur;
3442 4342 3540 4407 qui
3576 4354 3698 4414 non

2108 4418 2216 4474 est,
2247 4420 2306 4465 ut
2334 4408 2695 4469 'sit'trochus
2744 4413 2946 4477 turbo;
3000 4410 3096 4467 sed
3131 4408 3272 4471 rota,
3322 4416 3417 4461 aut
3449 4408 3698 4477 quodvis

2109 4483 2258 4538 aliud
2295 4484 2717 4554 instrumentum
2761 4484 2938 4554 figura
2971 4496 3105 4537 rozae
3150 4492 3451 4554 tornatum.
3484 4479 3699 4554 Probat

2110 4555 2226 4608 haec
2271 4553 2549 4625 evidenter
2595 4555 2714 4625 ipsa
2753 4548 2941 4625 figurae
2993 4556 3154 4625 ratio.
3202 4553 3346 4625 quia
3378 4548 3694 4625 σῖρόΰιλος.

2105 4624 2314 4694 aliquid
2344 4641 2468 4681 esse
2497 4621 2658 4680 debet
2684 4621 2987 4688 κωνοειδές,
3036 4624 3264 4678 formam
3297 4621 3560 4674 nimirum
3593 4636 3695 4689 ge-

2105 4710 2235 4765 rens
2262 4696 2423 4759 coni;
2453 4710 2574 4765 qua:
2617 4698 2671 4750 in
2706 4696 2983 4765 fastigium
3023 4694 3385 4765 convolvatur
3411 4706 3441 4743 a
3488 4699 3697 4745 rotun-

2103 4764 2273 4820 ditate
2302 4767 2356 4820 in
2383 4764 2640 4821 verticem
2665 4775 2931 4822 exacuata
2958 4782 2971 4817 :
3011 4768 3060 4819 οἱ
3088 4764 3273 4834 τροχοὶ
3301 4776 3451 4827 vero,
3470 4769 3537 4834 et
3567 4777 3698 4832 qum

2102 4834 2179 4907 τῷ
2206 4837 2386 4907 τροχῷ
2423 4838 2625 4907 similia
2659 4846 2810 4900 sunt,
2844 4833 3180 4907 rotunditate
3203 4833 3522 4907 necessario
3546 4849 3694 4907 pra:—

2101 4902 2216 4960 dita
2241 4902 2388 4963 τιέξ»
2427 4906 2649 4965 debent.
2702 4906 3121 4961 llallucinantur
3168 4905 3337 4973 igitur
3377 4904 3427 4954 oi
3471 4902 3697 4970 λεξικο-

2102 4978 2301 5099 ἒράφοι
2359 4979 2565 5049 (neque
2620 4979 2722 5034 hoc
2775 4993 2963 5033 errore
3014 4976 3276 5031 immunis
3329 4979 3416 5027 est
3461 4979 3521 5026 et
3573 4976 3698 5044 ipse

2146 5047 2597 5099 tenhanusieum
2633 5065 2801 5099 unum
2842 5063 2966 5099 cum
3009 5048 3185 5099 altero
3216 5056 3503 5099 perperam
3535 5058 3691 5099 com.

2146 5047 2597 5118 tephanus)cum
2633 5065 2801 5104 unum
2842 5063 2966 5102 cum
3009 5048 3185 5101 altero
3216 5056 3503 5115 perperam
3535 5058 3691 5099 com.

2102 5117 2351 5173 miScent.
2401 5117 2505 5174 Ubi
2551 5134 2681 5175 vero
2722 5122 2791 5174 de
2833 5118 3375 5172 denoniinationibus
3430 5128 3629 5168 rerum
3665 5130 3696 5170 a

2102 5186 2284 5259 figuris
2318 5190 2559 5260 acceptis
2580 5191 2784 5258 agitur,
2810 5188 3213 5260 difﬁcillimum,
3241 5193 3294 5242 et
3326 5183 3695 5260 rarissimum

2097 5254 2182 5315 est
2209 5254 2541 5316 mutationes
2590 5254 2726 5316 ellici
2757 5254 2775 5327 ;’
2820 5269 2915 5314 aut
2961 5259 3099 5312 κατά
3133 5254 3480 5327 μετωνυμίαν
3520 5256 3699 5325 quid-

2095 5344 2261 5399 quam
2304 5329 2450 5399 dici;
2513 5331 2591 5385 uti
2633 5332 2883 5387 noverint
2935 5329 3103 5384 docti.
3139 5329 3219 5383 Ab
3249 5327 3444 5381 horum
3495 5339 3693 5399 au_tem

2098 5396 2273 5473 forma
2307 5395 2586 5473 στρόϐιλος
2622 5401 2825 5473 dicitur
2858 5416 2968 5473 nua
3004 5399 3186 5473 pinea,
3217 5412 3365 5473 qua:
3413 5403 3468 5450 et
3505 5395 3693 5473 κῷνος

2096 5470 2260 5526 etiam
2290 5467 2559 5541 vocatur;
2607 5480 2663 5528 et
2703 5472 2884 5528 nuclei
2936 5467 3042 5542 ipsi
3102 5467 3513 5542 nucispinege;
3572 5467 3692 5522 into

2092 5549 2149 5595 et
2190 5542 2310 5614 ipsa
2354 5546 2520 5598 arbor
2544 5537 2738 5614 pinus.
2774 5542 2905 5599 lude
2952 5537 3157 5596 factum
3192 5537 3560 5599 esttandem,
3624 5545 3693 5591 ut

2095 5626 2199 5689 vox
2229 5612 2299 5667 ad
2326 5612 2751 5670 architecturam
2778 5613 2943 5669 etiam
2978 5616 3376 5689 transmearet;
3410 5615 3691 5689 notatque

2094 5682 2381 5755 incurvum
2414 5699 2576 5755 opus,
2623 5692 2681 5741 et
2724 5690 3195 5755 concameratum,
3250 5679 3346 5735 sed
3375 5679 3528 5755 coni,
3583 5693 3690 5755 seu

2092 5751 2332 5827 turbinis
2371 5750 2599 5827 figuram
2649 5754 3033 5827 prmseferens.
3067 5751 3181 5806 lloc
3220 5766 3386 5827 sensu
3418 5750 3505 5803 hic
3528 5750 3692 5803 acci-

2094 5823 2261 5894 pitur,
2319 5832 2373 5884 et
2412 5822 2696 5899 profertur
2732 5841 2761 5881 a
2802 5823 3091 5897 Nysseno;
3137 5822 3547 5890 vcrtendusque
3595 5827 3691 5876 est
