3972 6208
282 322 420 383 1097

1428 314 1811 375 EPISTOLlE.
1848 342 1920 356 ——
1950 310 2165 369 EPIST.
2218 312 2381 369 XXV.

3393 316 3532 377 {098

271 444 584 521 κλειούσης.
615 445 899 517 Διάστημα
924 444 981 500 δὲ
1008 446 1157 500 κάτω
1186 445 1246 499 τὺ
1272 445 1469 508 πλάτος
1492 444 1601 516 (20)
1628 443 1854 497 ἑκάστου

1970 436 2356 508 quadratorum
2385 436 2583 493 aedium
2628 443 2752 495 octo
2785 438 3002 495 cubitis
3044 438 3304 496 deorsum
3341 436 3532 493 latitu-

271 540 385 595 τῶν
410 537 769 612 τετραγώνων
791 537 955 592 οἴκων
976 537 1119 592 ὀκτὼ
1148 540 1375 608 πήχεσιν
1408 536 1559 589 ἔσται
1579 578 1594 601 ,
1625 533 1855 605 ἡμιολίῳ

271 633 329 688 δὲ
362 631 563 686 πλέονα
601 633 682 695 είς
710 630 770 685 τὸ
803 631 996 702 μῆκος,
1027 629 1159 700 ὕψος
1197 629 1254 683 δὲ
1279 630 1454 698 ὅσονὴ
1483 627 1743 696 ἀναλογία
1761 623 1856 679 τοῦ

273 723 512 785 πλάτους
537 719 806 792 βούλεται.
827 718 1094 773 Τοσοῦτον
1113 704 1263 773 ἔσται
1277 720 1370 773 καὶ
1386 718 1478 773 ἐπὶ
1495 716 1853 787 ήμικυκλίων.

283 813 559 877 Ὡσαύτως
574 813 693 866 ὅλον
710 812 811 883 μὲν
832 813 906 875 είς
931 812 1073 865 ὀκτὼ
1089 813 1283 883 πήχεις
1302 810 1362 864 τὸ
1382 811 1583 882 μεταξὺ
1600 809 1707 863 τῶν
1730 826 1857 862 πεσ-

276 904 383 958 σῶν
408 904 805 974 διαμετρεῖται.
831 902 995 956 Ὅσον
1024 902 1081 956 δὲ
1114 902 1275 956 δώσει
1308 905 1336 973 ἡ
1368 900 1461 956 τοῦ
1486 900 1741 973 διαϐἡτου
1770 918 1859 955 πε-

276 997 518 1068 ριγραφὴ
541 998 596 1048 ὲν
611 994 689 1066 τῷ
708 994 857 1065 μέσῳ
876 994 972 1066 τῆς
991 994 1231 1065 πλευρᾶς
1260 993 1606 1066 πηγνυμένου
1624 993 1715 1047 τοῦ
1739 993 1848 1047 κέν-

271 1105 427 1159 τρου,
456 1087 551 1140 καὶ
577 1086 668 1139 ἐπὶ
701 1086 763 1138 τὸ
799 1085 968 1155 ἄκρον
996 1084 1165 1156 αὐτῆς
1191 1085 1576 1149 διαϐαίνοντος,
1606 1083 1859 1137 τοσοῦτον

274 1178 475 1239 πλάτος
488 1175 620 1239 ἕξει.
641 1176 714 1227 Tb
728 1175 784 1227 δὲ
807 1175 939 1244 ὕψος
952 1176 985 1244 ἡ
1006 1175 1267 1244 ἀναλογία
1288 1173 1382 1228 τοῦ
1400 1174 1636 1237 πλάτους
1655 1173 1750 1227 καὶ
1768 1174 1860 1226 ἐπὶ

271 1269 478 1321 τούτων
508 1268 743 1339 ποιήσει.
775 1267 849 1320 Tb
877 1266 934 1318 δὲ
963 1266 1058 1320 τοῦ
1092 1268 1273 1338 τοίχου
1306 1267 1467 1337 βάθος
1510 1264 1623 1336 (21)
1655 1264 1858 1319 ἔσωθεν

273 1359 383 1413 τῶν
404 1357 544 1412 κατὰ
572 1358 632 1410 τὸ
651 1358 802 1421 ἐντὸς
826 1374 893 1427 με
901 1374 1070 1429 μετρη
1080 1358 1254 1428 μένων
1276 1357 1549 1427 διάστημα
1569 1355 1678 1410 τῶν
1694 1356 1859 1427 τριῶν

276 1450 475 1517 ποδῶν,
505 1451 625 1504 ὅλον
658 1451 1075 1521 περιδραμεῖται
1099 1450 1161 1502 τὸ
1190 1449 1371 1520 ἔργον.
1414 1449 1602 1502 Ταῦτά
1637 1466 1731 1502 σου
1762 1450 1861 1519 τῆς

277 1543 613 1613 άγαθότητος
649 1540 792 1595 κατὰ
831 1540 1068 1610 σπουδῆς
1112 1540 1461 1611 κατελήρασα
1490 1538 1678 1592 τοῦτον
1721 1538 1862 1609 ἔχων

281 1634 481 1687 σκοπὸν
519 1633 654 1701 (22),
687 1631 827 1686 ὥστε
861 1649 921 1684 σε
947 1632 1034 1686 διά
1054 1648 1112 1684 τε
1139 1631 1230 1685 τοῦ
1264 1631 1461 1701 βάθους
1488 1630 1596 1684 τῶν
1641 1630 1859 1699 τοίχων,

278 1724 370 1777 καὶ
413 1723 500 1776 διὰ
555 1722 665 1776 τῶν
715 1725 772 1776 ἐν
814 1721 963 1793 μέσῳ
1009 1721 1392 1791 διαστημάτων
1437 1719 1736 1789 ἐπιγνῶναι
1791 1719 1858 1773 δι’

1958 527 2083 581 dine
2114 534 2311 581 erunt:
2347 527 2726 599 sesquialterae
2754 545 2888 585 vero
2925 530 3163 601 majores
3196 531 3252 586 in
3295 529 3533 600 longitu-

1959 618 2188 684 dinem;
2236 618 2473 674 altitudo
2517 629 2720 687 autem,
2774 631 3038 690 quantum
3068 622 3310 694 postulat
3340 620 3532 675 latitu-

1958 710 2105 766 dinis
2148 711 2458 781 proportio,
2500 709 2626 778 ﬁet;
2682 719 3008 783 tantumque
3047 724 3209 769 erunt
3235 711 3401 769 etiam
3435 727 3534 782 pro

1960 802 2349 859 semicirculis.
2378 800 2555 857 Simili
2579 802 2791 860 ratione
2819 804 3041 875 quidem
3071 812 3199 860 octo
3216 805 3531 861 cubitorum

1958 908 2220 950 mensura
2252 893 2357 948 erit
2392 895 2563 949 totius
2607 893 2919 950 intermedii
2956 896 3187 951 laterum
3238 897 3534 966 quadrato-

1959 1002 2102 1042 rum.
2138 985 2415 1053 Quantum
2446 995 2628 1042 autem
2657 986 2814 1043 dabit
2841 988 3285 1059 circumscriptio
3314 989 3532 1052 circini.

1960 1079 2015 1132 in
2046 1077 2238 1133 lateris
2268 1077 2449 1133 medio
2476 1077 2568 1132 ﬁxi
2600 1089 2813 1145 centro,
2862 1088 2918 1135 et
2951 1081 3018 1135 ad
3047 1081 3222 1151 ipsius
3257 1096 3535 1137 summum

1959 1169 2294 1238 permeantis
2330 1187 2342 1222 :
2380 1177 2591 1223 tantum
2628 1169 2862 1226 latitudo
2895 1186 3084 1226 eorum
3116 1172 3362 1229 habebit.
3401 1173 3536 1227 Alti-

1959 1259 2203 1312 tudinem
2246 1268 2429 1313 autem
2466 1261 2523 1314 in
2568 1260 2652 1316 liis
2689 1261 2852 1315 etiam
2903 1264 3185 1333 proportio
3226 1264 3537 1319 latitudinis

1959 1347 2175 1402 eﬁiciet.
2243 1347 2387 1404 Muri
2441 1366 2571 1406 vero
2632 1353 2975 1422 profunditas
3031 1370 3128 1425 per
3186 1355 3537 1411 intervallum

1963 1440 2130 1493 trium
2164 1440 2360 1510 pedum
2395 1442 2543 1496 intus
2574 1442 2960 1501 demensorum
3009 1461 3149 1517 opus
3205 1455 3382 1502 totum
3422 1448 3537 1503 cir-

1962 1546 2085 1586 cum
2115 1531 2450 1589 intrinsecus
2475 1546 2777 1605 percurret.
2807 1537 2932 1593 llaec
2960 1539 3194 1594 bonitati
3216 1548 3328 1595 tute
3354 1540 3540 1596 studio

1962 1623 2271 1693 denugatus
2306 1639 2449 1692 sum,
2480 1625 2628 1682 hunc
2653 1628 2862 1685 habens
2892 1645 3144 1703 scopum,
3178 1640 3238 1688 ut
3272 1640 3329 1688 tu
3354 1644 3408 1690 et
3440 1649 3533 1705 per

1966 1728 2246 1770 murorum
2293 1716 2663 1783 altitudinem,
2699 1727 2754 1776 et
2788 1735 2886 1791 per
2930 1737 2995 1778 ea
3045 1738 3167 1794 quae
3209 1725 3535 1782 intermedia

276 1813 564 1885 ἀκριϐείας
595 1815 673 1877 είς
697 1814 725 1867 ὃ
762 1788 827 1866 τι.
848 1788 1145 1880 κειραλαίου
1270 1811 1467 1884 μέτρον
1496 1788 1653 1866 ὁτῶν
1683 1811 1857 1867 ποδῶν

1970 1813 2118 1871 sunt,
2157 1806 2443 1862 intervalla
2475 1809 2669 1865 sedulo
2693 1826 3040 1881 agnosceres,
3077 1816 3237 1887 cujus
3265 1832 3539 1875 mensura:

277 1907 532 1978 ἀριθμός.
555 1905 695 1959 Διότι
718 1905 1017 1977 περιδέξιος
1036 1906 1151 1959 ἐστί
1177 1922 1260 1958 σοι
1278 1905 1495 1959 πάντων
1521 1906 1553 1977 ἡ
1574 1905 1855 1976 φρόνησις,

275 2001 524 2069 ὅπουπερ
555 1997 621 2051 ἂν
656 1996 843 2069 θέλῃς,
885 2000 942 2051 ὲν
986 1997 1179 2067 ἐκείνῳ
1220 1996 1359 2049 κατὰ
1389 1994 1522 2048 Θεοῦ
1562 1996 1723 2065 χάριν
1767 1996 1859 2048 εύ-

274 2089 559 2161 οδουμένη.
589 2088 701 2143 Καὶ
727 2088 949 2143 δυνατὸν
974 2086 1126 2141 ἔσται
1149 2104 1232 2141 σοι
1265 2086 1354 2141 διὰ
1386 2086 1486 2157 τῆς
1505 2085 1646 2140 κατὰ
1665 2085 1859 2140 λεπτὸν

278 2181 759 2254 συναριθμήσεως,
806 2181 1101 2251 ἐπιγνῶναι
1162 2180 1223 2235 τὸ
1269 2178 1751 2252 συναθροιζόμενον
1795 2181 1861 2234 ὲκ

278 2274 499 2329 πάντων
524 2273 839 2344 κεφάλαιον,
864 2274 939 2336 ὡς
967 2274 1103 2343 μήτε
1126 2271 1397 2337 πλείονας,
1425 2272 1560 2342 μήτε
1587 2270 1859 2333 ὲνδὲοντας

276 2369 379 2440 τῆς
399 2366 591 2439 χρείας
622 2368 753 2437 ἡμῖν
777 2366 900 2429 τοὺς
920 2364 1231 2435 οἰκοδόμους
1253 2361 1551 2434 ἐκπέμψαι.
1576 2361 1778 2415 Τούτου
1801 2361 1859 2414 δὲ

282 2459 519 2531 μάλιστα
545 2455 923 2529 παρακλήθητι
967 2454 1166 2525 πολλὴν
1198 2452 1523 2525 ποιήσασθαι
1568 2452 1663 2523 τὴν
1697 2467 1861 2521 φρον-

277 2548 426 2615 τίδα,
456 2548 531 2612 ὠς
559 2543 699 2601 εἶναί
724 2563 875 2610 τινας
909 2543 969 2609 ἐξ
1013 2543 1191 2599 αὐτῶν
1230 2542 1324 2596 καὶ
1360 2542 1460 2613 τὴν
1490 2541 1859 2595 ἀνυπόσκευον

280 2641 484 2712 εϊλησιν
512 2637 930 2709 ἐπισταμένους.
966 2635 1209 2706 Ἐμαθον
1237 2634 1346 2706 γὰρ
1374 2636 1455 2688 ὅτι
1482 2632 1690 2688 τοιοῦτο
1717 2632 1861 2702 γινό-

283 2749 444 2803 μενον
492 2729 866 2802 μονιμώτερόν
914 2730 1030 2782 ἐστι
1076 2727 1170 2780 τοῦ
1214 2725 1700 2796 ὲπαναπαυομένου
1748 2726 1863 2806 τοῖς

279 2822 678 2896 ὑπερείδουσιν.
723 2822 789 2875 Ἦ
817 2820 925 2892 γὰρ
952 2820 1061 2873 τῶν
1098 2819 1270 2886 ξύλων
1315 2819 1509 2881 σπάνις
1554 2820 1632 2881 εἰς
1658 2817 1861 2888 ταύτην

279 2917 403 2986 ἄγει
430 2915 576 2986 ἡμᾶς
610 2913 707 2984 τὴν
742 2913 1002 2977 ἐπίνοιαν,
1033 2910 1173 2963 ὥστε
1204 2908 1373 2973 λίθοις
1411 2908 1602 2980 ἐρέψαι
1636 2908 1697 2961 τὸ
1722 2909 1862 2961 οίκο-

278 3008 503 3078 δόμημα
523 3005 662 3059 ὅλον·
682 3002 770 3059 διὰ
792 3003 852 3056 τὸ
877 3002 951 3073 μὴ
981 3003 1235 3072 παρεῖναι
1261 3002 1372 3064 τοῖς
1398 3000 1581 3063 τόποις
1601 2999 1862 3070 ὲρέψιμον

1960 1912 2190 1952 summa:
2235 1914 2499 1956 numerus
2547 1904 2618 1956 sit
2665 1904 2901 1972 pedum:
2954 1916 3295 1978 quapropter
3352 1925 3537 1966 rerum

1960 1988 2204 2043 omnium
2235 2003 2369 2044 cura
2397 1991 2520 2055 tibi,
2564 1994 2655 2049 ubi
2690 1995 2842 2061 velis,
2877 1994 2971 2052 Dei
3003 2001 3180 2069 gratia
3199 2008 3352 2056 recto
3377 2003 3539 2057 modo

1962 2079 2108 2134 cedit
2141 2080 2196 2134 in
2226 2082 2444 2150 negotio
2475 2083 2569 2140 illo
2596 2101 2610 2150 ;
2645 2091 2700 2140 et
2745 2087 3009 2156 possibile
3038 2089 3138 2145 tibi
3168 2090 3273 2146 erit
3306 2106 3403 2161 per
3435 2094 3540 2147 mi-

1962 2178 2151 2226 nutam
2202 2176 2751 2233 connumerationem
2805 2192 3106 2249 agnoscere
3140 2179 3426 2236 collectam
3473 2197 3539 2238 ex

1961 2263 2126 2318 rebus
2176 2266 2430 2322 omnibus
2466 2282 2738 2323 summam
2788 2288 2800 2323 :
2855 2269 2932 2324 ita
2986 2276 3045 2325 ut
3091 2287 3271 2343 neque
3302 2273 3541 2344 majores

1961 2368 2141 2424 neque
2174 2356 2441 2423 minores,
2477 2372 2642 2429 quam
2672 2373 2833 2430 opus,
2874 2361 3035 2417 nobis
3067 2362 3255 2419 mittas
3294 2365 3538 2420 aediﬁca-

1962 2453 2134 2502 tores.
2163 2446 2221 2503 In
2270 2463 2338 2504 eo
2386 2462 2566 2507 autem
2618 2452 2859 2509 maxime
2909 2453 3256 2510 exhortatum
3313 2465 3365 2513 te
3414 2474 3540 2515 esse

1962 2538 2147 2603 velim,
2186 2547 2247 2593 ut
2281 2540 2449 2595 multa
2482 2549 2773 2611 praestetur
2795 2559 2951 2612 cura,
2987 2554 3044 2601 ut
3075 2546 3187 2602 sint
3216 2548 3441 2618 quidam
3469 2565 3537 2606 ex

1963 2628 2121 2698 ipsis,
2152 2630 2246 2699 qui
2293 2644 2433 2701 opus
2466 2632 2629 2687 etiam
2686 2634 3094 2691 involutiouum
3148 2638 3536 2695 substructura

1961 2723 2266 2778 carentium
2328 2724 2526 2779 sciant.
2594 2721 2771 2781 Didici
2819 2728 2985 2793 enim,
3043 2728 3362 2800 bujusmodi
3398 2746 3539 2803 opus

1962 2815 2196 2872 solidius
2235 2831 2379 2880 esse,
2415 2831 2578 2886 quam
2614 2818 2749 2873 illud
2785 2820 2930 2890 quod
2978 2821 3034 2875 in
3066 2822 3314 2878 materiis
3343 2823 3540 2879 suﬁ'ul-

1962 2906 2236 2963 cientibus
2263 2907 2583 2978 requiescit.
2607 2906 2904 2980 Lignorum
2922 2925 3053 2967 vero
3071 2913 3298 2983 penuria
3322 2915 3375 2968 in
3398 2915 3539 2973 lianc

1964 3014 2066 3054 nos
2101 2999 2328 3054 adduxit
2356 3001 2746 3069 cogitationem
2776 3011 2835 3057 ut
2858 3004 3007 3060 saxis
3030 3005 3321 3060 mdiﬁcium
3350 3015 3542 3063 conte-

278 3097 436 3169 ὓλην.
462 3094 750 3150 Πεπείσθω
774 3094 832 3148 δὲ
858 3096 891 3165 ἡ
919 3093 1156 3164 ἀψευδής
1190 3109 1283 3145 σου
1315 3090 1481 3162 ψυχὴ,
1516 3092 1599 3144 ὅτι
1641 3091 1749 3144 τῶν
1776 3092 1861 3144 ὲν-

1970 3099 2127 3160 gatur
2161 3098 2371 3157 totum;
2412 3100 2702 3163 propterea
2746 3095 2890 3164 quod
2937 3110 3047 3150 non
3088 3096 3246 3152 adest
3280 3097 3366 3152 his
3400 3098 3541 3153 locis

277 3192 455 3248 ταῠθά
477 3209 623 3254 τινες
649 3188 946 3262 τριάκοντά
976 3205 1065 3258 μοι
1089 3186 1339 3257 τεχνίτας
1363 3185 1646 3239 συνέθεντο
1670 3186 1749 3247 είς
1768 3185 1860 3238 τὸν

277 3282 535 3355 χρύσινον
565 3281 655 3334 ἐπὶ
686 3278 764 3349 τῷ
786 3276 1157 3349 τετραπεδικῷ
1187 3274 1353 3346 ἔργῳ,
1387 3271 1588 3344 δηλαδὴ
1628 3272 1720 3324 καὶ
1761 3271 1861 3341 τῆς

278 3391 343 3429 τε
397 3372 727 3443 τυπωμένης
773 3369 980 3442 τροφῆς
1028 3367 1106 3440 τῷ
1155 3367 1395 3439 χρυσίνῳ
1438 3361 1858 3432 ἀκολουθούσης.

290 3466 454 3536 Ἡμῖν
490 3464 547 3518 δὲ
587 3465 624 3534 ἡ
672 3461 894 3531 τοιαύτη
939 3458 1050 3513 τῶν
1095 3456 1258 3511 λίθων
1300 3455 1362 3508 οὐ
1411 3454 1693 3525 πάρεστιν,
1744 3451 1860 3505 ἀλλ’

278 3556 579 3628 ὀστρακίνη
607 3554 822 3617 πλίνθος
845 3553 957 3624 (25)
984 3551 1087 3622 ὖλη
1107 3549 1201 3603 τοῦ
1224 3547 1479 3617 οἰκοδομή
1489 3562 1655 3616 ματος
1684 3544 1859 3607 ἔσται,

278 3653 378 3705 καὶ
406 3650 458 3705 οἱ
485 3648 866 3720 περιτυχόντες
891 3645 1057 3698 λίθοι’
1096 3643 1171 3705 ὼς
1206 3641 1279 3712 μὴ
1310 3635 1449 3693 εἶναι
1479 3637 1659 3699 αὐτοῖς
1693 3636 1863 3703 άνάγ-

278 3759 389 3814 κην
447 3739 650 3811 τρίϐειν
689 3739 780 3791 τὸν
806 3737 997 3808 χρόνον
1027 3738 1084 3789 ὲν
1107 3732 1185 3804 τῷ
1211 3733 1281 3787 τὰ
1315 3731 1544 3802 μέτωπα
1569 3727 1678 3781 τῶν
1700 3726 1864 3781 λίθων

282 3831 535 3903 συγχέειν
557 3828 889 3900 ὲναρμονίως
914 3826 1050 3899 πρὸς
1075 3824 1294 3895 ἄλληλα.

368 4033 512 4104 Ἐγὼ
551 4033 607 4086 δὲ
642 4031 783 4085 κατὰ
828 4031 925 4100 τὴν
957 4028 1148 4099 τέχνην
1174 4025 1313 4079 κατὰ
1334 4024 1431 4095 τὴν
1463 4022 1591 4094 περ),
1631 4021 1740 4092 (24)
1772 4021 1862 4075 τὸν

287 4126 486 4198 μισθὸν
506 4121 944 4193 εὐγνωμοσύνην,
963 4119 1267 4188 ἐπίσταμαι
1291 4116 1413 4177 τοὺς
1433 4112 1658 4167 αὐτόθεν
1684 4113 1865 4183 κρείτ-

278 4374 439 4443 juxta
463 4384 635 4443 nuper
655 4368 798 4424 dicta
822 4366 949 4443 nep).
974 4363 1272 4443 «manu,
1304 4362 1466 4443 turbo
1490 4378 1527 4443 ;_
1550 4361 1643 4443 qui
1670 4360 1860 4443 eadem

1967 3182 2396 3251 contignationis
2428 3183 2676 3238 materia.
2710 3183 3115 3241 Persuadeatur
3159 3195 3338 3243 autem
3375 3204 3538 3245 verax

1967 3273 2149 3326 anima
2188 3284 2301 3337 tua,
2335 3274 2479 3343 quod
2511 3275 2600 3329 hic
2653 3276 2874 3345 quidam
2905 3277 3125 3347 triginta
3169 3278 3303 3333 mihi
3333 3282 3542 3337 consti-

1966 3370 2193 3416 tuerunt
2218 3363 2462 3419 artiﬁces
2488 3364 2544 3417 in
2570 3380 2797 3420 aureum
2828 3372 2928 3435 pro
2956 3381 3123 3437 opere
3152 3369 3424 3439 quadrato
3448 3410 3463 3436 ,
3486 3380 3544 3427 et

1966 3453 2252 3524 designato
2279 3455 2535 3510 videlicet
2574 3455 2741 3511 etiam
2768 3458 2916 3513 victu
2955 3473 3185 3515 aureum
3219 3462 3538 3520 comitante.

1966 3543 2138 3601 Nobis
2170 3560 2301 3601 vero
2330 3560 2437 3600 non
2467 3547 2572 3601 alia
2606 3548 2730 3604 talis
2769 3549 3012 3620 lapidum
3050 3551 3235 3621 ﬁglina
3283 3556 3542 3613 materies

1971 3636 2145 3701 adest,
2182 3644 2545 3707 praeterquam
2598 3646 2874 3708 testacea;
2909 3642 3024 3698 haec
3064 3645 3293 3700 materia
3325 3647 3540 3703 adiﬁcii

1970 3725 2116 3790 erit,
2163 3725 2482 3797 lapidesque
2519 3725 2773 3793 fortuiti;
2814 3737 2875 3784 ut
2917 3731 3053 3801 ipsis
3092 3736 3393 3792 necessitas
3433 3753 3542 3793 non

1972 3816 2044 3871 sit
2087 3822 2306 3884 tempus
2356 3818 2570 3873 terendi
2620 3818 2676 3874 in
2718 3828 2912 3877 mutuo
2946 3831 3072 3894 apte
3118 3827 3545 3885 commiscendis

1970 3909 2210 3980 lapidum
2242 3910 2537 3968 frontibus.

2037 4025 2107 4077 At
2126 4038 2226 4094 ego
2248 4024 2428 4095 quoad
2454 4026 2591 4082 artis
2616 4028 2870 4097 peritiam
2902 4038 2956 4086 et
2977 4031 3371 4103 benignitatem
3396 4036 3545 4091 circa

1971 4115 2306 4183 mercedem,
2339 4118 2465 4172 novi
2505 4118 2763 4176 meliores
2807 4136 2929 4177 esse
2964 4134 3153 4180 nostro
3180 4142 3282 4181 usu
3317 4142 3411 4182 eos
3449 4128 3544 4198 qui

2039 4361 2153 4433 (21)
2186 4362 2354 4439 Tdbé
2382 4365 2489 4418 τοῦ
2523 4365 2727 4435 τοίχου
2750 4365 2962 4432 βάθος.
2997 4367 3169 4439 Βάθος
3200 4368 3549 4439 'prolundita-

283 4430 499 4497 ratione
532 4430 598 4492 ad
634 4454 722 4494 res
754 4430 1206 4491 architectonicas
1228 4430 1863 4504 designandastraduci-
1894 4442 1941 4502 ι)
1969 4437 2079 4487 tem
2132 4430 2433 4500 vertimus;
2485 4442 2570 4490 est
2613 4430 2800 4490 autem
2852 4430 3161 4493 crassitudo
3210 4430 3371 4494 inuri.
3427 4440 3546 4497 Non

284 4522 397 4567 tur.
432 4510 705 4564 Potuisset
732 4508 897 4561 etiam
937 4507 1081 4560 sumi
1136 4518 1249 4574 pro,
1275 4503 1721 4574 interpretatione
1752 4517 1864 4574 nux

283 4584 485 4652 pinea;
520 4579 614 4633 sed
640 4576 947 4652 elegantius
975 4581 1030 4652 et
1057 4572 1348 4652 rotundius
1393 4588 1497 4652 vos
1529 4587 1639 4652 una
1671 4572 1727 4627 id
1750 4572 1868 4652 qui-

282 4643 406 4707 dem
438 4643 751 4722 praestabat;
776 4643 1061 4722 _2rpdp.6o;
1084 4658 1214 4699 vero
1242 4643 1382 4722 idem
1408 4643 1575 4722 valjat,
1611 4657 1675 4696 ac
1708 4644 1867 4722 σερά-

283 4722 400 4785 6ος,
440 4712 551 4777 'seu
584 4712 871 4788 στρόϐιλος
889 4755 903 4778 ,
930 4712 1064 4784 quae
1114 4714 1294 4788 omnia
1336 4712 1648 4788 signiﬁcare
1690 4714 1865 4788 etiam

283 4779 518 4862 possunt
544 4779 768 4862 conchae
796 4779 987 4862 genus,
1019 4798 1113 4837 seu
1139 4779 1450 4862 cochleam,
1485 4784 1562 4838 uti
1589 4797 1655 4862 ex
1689 4779 1866 4862 Hesy-

282 4851 413 4917 chio
449 4859 731 4915 noscimus
756 4895 771 4920 ,
800 4851 889 4908 ὀὶ)
922 4854 1105 4922 ﬁgurae
1154 4851 1589 4922 similitudinem.
1619 4851 1868 4905 Scholia-

281 4941 398 4987 stes
440 4932 583 4986 enim
629 4924 890 4980 Nicandri
934 4925 1008 4976 ait
1041 4937 1185 4976 vers.
1233 4921 1337 4976 595
1382 4921 1812 4990 Alexipharmac.
1845 4936 1865 4975 :

280 5002 399 5071 Τὸν
420 4997 689 5071 στρόμϐον
718 4995 914 5071 ’ἔλεγον
945 4995 994 5046 οί
1032 4993 1265 5071 ᾀρχαῖοε
1290 4991 1571 5071 ὄστρακον.
1594 4990 1700 5071 τῶν
1731 5006 1864 5071 ἕογτ

319 5059 507 5132 ιλύωνξ
537 5059 618 5131 οἷς
648 5067 740 5119 καὶ
765 5059 1004 5134 ἐχρῶντο
1028 5059 1148 5115 άντὶ
1180 5059 1498 5134 σάλπιγγος.
1529 5060 1595 5117 Ει
1615 5068 1700 5117 est
1731 5059 1865 5115 illud

335 5140 534 5209 irgilii:
564 5139 690 5209 dum
726 5133 1208 5209 personaoarquora
1249 5133 1466 5209 concha.

357 5200 471 5277 (ἔυ)
501 5200 802 5277 ,διάστημα
828 5203 896 5256 δὲ
922 5202 1078 5277 κάτω
1107 5201 1170 5255 τὸ
1197 5202 1441 5277 πλάτος.
1474 5201 1675 5271 Διαστῆ
1699 5208 1790 5277 es_t_
1810 5200 1866 5277 i_n

280 5270 476 5336 Graeco
507 5270 820 5333 codiccfAt
868 5288 972 5327 vox
1019 5272 1205 5327 Graeca
1244 5273 1467 5328 minime
1508 5289 1569 5328 ea
1604 5270 1707 5328 est.
1750 5270 1867 5325 Erit

281 5353 580 5419 igiturrvox
611 5345 954 5415 διαστήματα
980 5341 1090 5419 άπδ
1117 5342 1226 5419 τοῦΔ
1242 5343 1511 5419 διάστημα
1541 5340 1863 5419 supplenda.

282 5411 481 5491 p'lurali
513 5411 928 5491 numerorum
962 5412 1106 5491 adsit
1142 5411 1545 5491 infrajptbllqi
1574 5412 1632 5464 δὲ
1667 5411 1866 5491 πλέονα

279 5481 365 5553 ἒίς
393 5489 454 5547 τὸ
477 5489 669 5559 μῆκος.
705 5484 775 5557 Et
789 5484 1213 5559 conjiciendum,
1247 5481 1347 5552 τὴν
1362 5481 1866 5559 περικεκαμμένην

281 5550 595 5631 προσῳδίαν
643 5550 863 5631 nonnisi
893 5550 1174 5610 indicium
1214 5550 1338 5631 esse
1379 5567 1409 5631 a
1453 5550 1672 5631 notario
1701 5550 1866 5631 indu-

279 5623 459 5691 ctum,
493 5642 681 5682 vocem
715 5626 862 5680 illam
891 5642 984 5695 per
1013 5635 1192 5679 notam
1232 5623 1494 5694 scriptam
1533 5623 1704 5677 fuisse
1740 5623 1867 5692 (co-

277 5703 388 5757 dex
417 5699 562 5754 enim
587 5698 677 5751 hic
699 5694 1433 5767 nosteremendatissimus;
1460 5709 1584 5750 nam
1609 5709 1862 5767 προπαρ·

279 5771 538 5839 οξύτονον
566 5775 652 5824 est
680 5767 743 5822 τὸ
768 5765 1092 5835 διάστημα).

483 5867 760 5927 ΡΑτειοι..
817 5860 1029 5924 (ἔκλεε.
1073 5860 1293 5923 XLVI.

1968 4517 2099 4579 vero
2132 4518 2224 4579 me
2253 4504 2382 4558 latet
2409 4505 2565 4579 longe
2588 4504 2834 4579 Latinius
2867 4506 2975 4562 dici
3001 4507 3353 4579 profundum,
3385 4525 3547 4579 quam

1967 4571 2314 4649 profunditas
2340 4593 2351 4628 :
2385 4571 2525 4649 a_t_id
2552 4590 2743 4649 verum
2761 4577 2866 4631 erit
2894 4571 3017 4631 cuni
3044 4579 3269 4633 fundum
3303 4571 3547 4649 dicitur;

1968 4658 2077 4697 non
2105 4644 2328 4713 quando
2374 4645 2607 4700 altitudo
2636 4646 3025 4705 dimensionis.
3068 4649 3133 4703 Et
3165 4650 3427 4704 vocabula
3461 4644 3551 4705 ar;

1965 4714 2102 4785 tium
2134 4714 2392 4784 religiose
2437 4724 2567 4771 sunt
2607 4719 2896 4772 servanda.
2929 4719 3044 4785 Qua
3077 4721 3144 4775 de
3172 4734 3232 4774 re
3259 4721 3440 4773 omnia
3473 4737 3551 4775 re-

1965 4782 2322 4840 tinuimus'in
2350 4786 2718 4844 architectura
2762 4782 3019 4858 descripti
3064 4790 3228 4859 hujus
3258 4788 3551 4861 εὐκτηρίου

1968 4851 2023 4906 ἱη
2058 4854 2160 4906 hac
2189 4855 2451 4909 epistola.

1968 4855 2023 4906 in
2058 4855 2160 4906 hac
2189 4855 2451 4909 epistola.

2058 4870 2160 4906 nac
2189 4870 2451 4923 epistma.

2038 4922 2150 4995 (22)
2184 4925 2580 4995 Κατελήρασα
2620 4926 2836 4982 τοῦτον
2882 4926 3041 4995 ἔχων
3066 4928 3323 4982 σκοπόν.
3360 4927 3416 4984 Si
3472 4930 3549 4986 ita

1965 4990 2139 5069 habet
2182 4994 2352 5069 codex
2388 4990 2583 5065 (quam
2612 4990 2983 5069 conditionem
3022 4997 3089 5069 in
3128 5000 3324 5069 quavis
3358 5015 3550 5069 emen-

1965 5063 2199 5138 datisne
2214 5063 2465 5138 eﬁectain
2496 5081 2783 5121 monemus
2824 5085 2837 5121 :
2892 5066 3093 5138 sedita
3125 5063 3339 5138 semper
3373 5067 3550 5125 fuisse

1968 5148 2083 5208 non
2109 5133 2508 5208 dubitandum;
2539 5151 2665 5208 n_am
2700 5145 2814 5208 tum
2847 5136 3104 5208 ἀκριϐής,
3134 5133 3260 5192 cuni
3294 5139 3397 5193 ﬁde
3422 5155 3547 5193 cer-

1967 5202 2216 5277 tissimus
2246 5205 2527 5277 liomoest
2554 5204 2848 5277 Caecllius,
2886 5202 2979 5277 qui
3008 5202 3184 5262 dixit:
3223 5224 3324 5261 nos
3356 5216 3542 5262 autem

1966 5273 2151 5346 omnia
2175 5273 2487 5346 singillatim
2511 5275 2764 5332 conferre
2789 5273 2995 5331 nostris
3014 5278 3189 5333 oculis
3220 5293 3329 5331 non
3364 5280 3557 5346 potui-.

1967 5343 2133 5418 mus),
2159 5343 2537 5418 emendandus
2565 5346 2721 5403 locus
2745 5354 2833 5403 est
2861 5346 2938 5418 τῷ
2965 5347 3342 5418 κατελήρασας
3364 5343 3506 5418 ἔχων
3529 5386 3545 5411 ,

1967 5414 2054 5485 vel
2071 5430 2181 5485 Δκατ
2190 5413 2435 5485 ελήρασα
2467 5415 2627 5485 ἔχων.

2038 5482 2151 5553 (23)
2191 5482 2731 5557 Πλινθοςςῌλίνθος
2757 5486 2982 5557 laterem
3013 5486 3324 5557 signiﬁcat:
3360 5486 3454 5541 sed
3485 5495 3543 5541 et

1966 5553 2128 5608 etiam
2162 5569 2380 5609 omnem
2402 5554 2757 5610 aediﬁciorum
2793 5556 3031 5623 ﬁglinam
3052 5553 3329 5611 materiem
3360 5572 3373 5608 :
3403 5557 3544 5613 late-

1968 5638 2081 5685 res.
2109 5624 2389 5687 imbrices.
2430 5626 2642 5693 tegulas
2669 5664 2685 5688 ,
2719 5633 2773 5680 et
2806 5627 2910 5678 alia
2944 5625 3284 5693 hujusmodi.

2039 5694 2151 5767 (24)
2177 5697 2337 5750 Κατὰ
2358 5693 2471 5763 τὴν
2495 5710 2559 5750 π.
2585 5693 2843 5752 Fortasse
2868 5696 2965 5750 καὶ
2990 5696 3150 5762 κατὰ,
3177 5712 3275 5754 seu
3302 5699 3447 5752 κατά
3462 5713 3544 5753 τι.

3259 5857 3336 5918 35
