3972 6208
415 287 438 343 1
452 287 554 346 099

1665 274 1722 329 S.
1756 270 2087 329 GREGORII
2124 271 2420 330 NYSSENI

3534 291 3669 346 11θο

412 404 575 461 istinc
605 410 753 466 sunt,
787 399 897 455 illis
926 398 1022 468 qui
1063 397 1153 451 hic
1199 393 1514 464 huiusmodi
1557 398 1725 462 agunt
1781 405 1986 444 merca-

2100 409 2213 456 τους
2237 388 2504 446 εἶναιτῶν
2527 393 2762 450 ἐνταῦθα
2785 400 3339 470 κατεμπορευομένων
3361 403 3458 474 τῆς
3484 407 3672 475 χρείας

413 505 583 551 turas.
623 493 774 564 Opus
805 506 933 547 vero
969 490 1349 561 poliendorum
1386 487 1630 558 lapidum
1669 500 1783 540 non
1811 484 1986 540 solum

410 597 496 642 est
529 587 584 640 in
615 585 890 640 columnis
920 599 1041 654 quae
1070 591 1194 637 octo
1223 589 1353 638 sunt
1378 597 1392 645 ;
1427 595 1566 650 quas
1600 586 1813 647 oportet
1842 577 1991 645 ipsos

413 686 643 732 venuste
674 677 728 730 in
751 676 1031 731 meliorem
1055 673 1285 728 reddere
1313 673 1543 726 formam
1567 687 1581 737 ;
1613 685 1800 726 verum
1825 669 1989 725 etiam

413 769 597 837 Spiras
625 768 867 835 speciem
901 766 1094 820 altaris
1124 764 1422 819 referentes
1458 760 1593 816 illud
1627 758 1890 829 postulat,
1937 766 1992 814 et

412 860 655 930 capitula
684 860 750 913 ad
789 859 1128 922 Corinthiam
1164 857 1390 926 ﬁguram
1432 854 1641 909 caelata.
1676 852 1991 923 Ingressus-

413 965 520 1018 que
547 966 613 1004 ex
657 949 1028 1002 marmoribus
1073 947 1176 1002 erit
1212 947 1415 1001 decoro
1448 952 1648 1000 ornatu
1700 941 1989 997 confectis.

416 1038 701 1108 Superque
732 1039 848 1108 ipsa
874 1039 1022 1093 fores
1058 1037 1509 1106 superjacebunt,
1545 1035 1683 1090 tales
1723 1032 1990 1103 quasdam

413 1129 654 1199 picturas
683 1128 910 1192 allabre,
939 1130 1014 1183 uti
1044 1143 1161 1184 mos
1191 1137 1296 1191 est,
1343 1127 1516 1181 factas
1548 1128 1614 1180 ad
1651 1132 1991 1178 venustatem

414 1236 575 1276 secus
605 1223 924 1290 suggrundii
968 1219 1396 1290 prominentiam
1429 1218 1714 1272 habentes.
1743 1215 1990 1281 Quorum

413 1312 635 1380 quidem
673 1312 917 1364 omnium
962 1310 1218 1365 materias
1255 1307 1609 1388 manifestum
1654 1314 1738 1362 est
1768 1320 1796 1358 a
1832 1305 1993 1360 nobis

413 1411 790 1472 comparatum
822 1403 910 1458 iri.
938 1403 1044 1458 Sed
1070 1403 1315 1456 materiae
1337 1415 1428 1456 ars
1452 1399 1683 1454 formam
1707 1397 1989 1468 praebebit.

412 1498 492 1552 Ad
531 1497 645 1550 haac
692 1498 747 1549 in
787 1496 1052 1566 peristylo
1084 1495 1246 1550 etiam
1295 1494 1567 1549 columnae
1612 1507 1722 1546 non
1753 1491 1992 1546 minores

413 1587 778 1656 quadraginta
801 1596 966 1642 erunt
992 1605 1006 1642 :
1033 1587 1259 1656 ista:que
1280 1600 1500 1656 quoque
1523 1584 1683 1654 plane
1722 1582 1994 1652 pertinent

413 1679 482 1734 ad
529 1695 668 1749 opus
711 1678 959 1749 lapidum
1011 1676 1416 1747 poliendorum.
1453 1674 1595 1745 Ergo
1627 1673 1672 1729 si
1703 1672 1992 1743 diligenter

2093 482 2268 552 ἡμῶν.
2318 483 2391 536 Τὸ
2433 484 2489 536 δὲ
2529 483 2636 537 τῶν
2665 485 2900 551 λαοξὸων
2938 488 3096 559 ἔργον
3142 491 3200 544 ού
3247 493 3405 562 μόνον
3457 496 3516 547 ὲν
3562 500 3671 559 τοῖς

2093 573 2263 629 κίοσίν
2285 578 2397 630 ἐστι
2425 579 2536 641 τοῖς
2561 576 2705 632 ὀκτὼ
2731 577 2826 642 οὓς
2846 578 2952 650 χρὴ
2981 581 3177 646 αὐτοὺς
3199 583 3276 654 τῷ
3298 584 3673 656 καλλωπισμῷ

2095 664 2379 734 βελτιῶσαι
2399 708 2413 732 ,
2450 669 2588 722 ἀλλὰ
2627 669 2940 740 βωμοειδεῖς
2987 675 3216 744 σπείρας
3246 677 3471 730 άπαιτεί
3502 678 3562 730 τὸ
3588 678 3672 749 ἔρ-

2093 775 2210 827 γον,
2266 761 2359 813 καὶ
2397 760 2691 830 κεφαλίδας
2738 762 3066 834 διαγλύφους
3111 767 3255 821 κατά
3281 767 3342 821 τὸ
3386 769 3671 839 Κορίνθιον

2093 845 2252 915 εἶδος.
2269 853 2380 905 Καὶ
2401 851 2603 916 εἴσοδος
2629 855 2692 907 ὲκ
2717 855 3020 926 μαρμάρων
3039 858 3147 910 τῶν
3167 859 3465 929 καθήκοντι
3488 861 3670 932 κόσμῳ

2093 944 2591 1014 κατειργασμένων.
2623 945 3117 1018 Καθυπερκείμενα
3138 949 3342 1004 τούτων
3374 951 3670 1023 θυρώματα

2093 1033 2365 1097 τοιαύταις
2395 1038 2632 1104 γραφαῖς
2662 1054 2801 1102 τισι,
2825 1038 3006 1101 καθὼς
3031 1039 3151 1103 ἔθος
3174 1042 3340 1109 ἐστὶν,
3369 1044 3452 1106 εἰς
3485 1043 3668 1108 κάλλος

2093 1125 2235 1178 κατά
2260 1127 2360 1196 τὴν
2400 1127 2496 1180 τοῦ
2528 1129 2734 1196 γεισίου
2781 1129 3050 1199 προϐολὴν
3093 1131 3524 1203 ἑξησκημέναις.
3577 1130 3667 1188 Ὧν

2095 1217 2311 1270 πάντων
2339 1219 2396 1271 ai
2429 1217 2527 1289 μὲν
2550 1218 2673 1272 ὕλαι
2695 1219 2850 1290 δῆλον
2873 1221 2953 1274 ὅτι
2982 1223 3111 1292 παρ’
3136 1225 3167 1292 ἡ
3178 1225 3290 1293 μῶν
3315 1227 3669 1297 πορισθήσον-

2094 1327 2203 1374 ται,
2232 1311 2292 1363 τὸ
2321 1311 2377 1364 δὲ
2411 1311 2502 1364 ἐπὶ
2525 1314 2590 1381 τῇ
2621 1310 2721 1383 ὕλῃ
2755 1307 2890 1378 εἶδος
2919 1315 2950 1384 ὴ
2986 1313 3146 1385 τέχνη
3177 1314 3356 1369 δώσει.
3382 1319 3532 1388 Πρὸς
3554 1321 3666 1371 τού-

2092 1419 2206 1466 τοις
2229 1401 2285 1454 δὲ
2313 1404 2407 1456 καὶ
2431 1403 2571 1457 κατὰ
2596 1403 2656 1456 τὸ
2679 1403 2977 1475 περίστωον
2996 1405 3170 1468 κίονες
3190 1407 3288 1476 οὐχ
3307 1408 3510 1478 ἥττους
3527 1409 3667 1472 ὄντες

2094 1495 2202 1549 τῶν
2229 1495 2653 1565 τεσσαράκοντα.
2685 1495 2946 1562 Λαοξικὸν
2977 1497 3136 1568 ἔργον
3165 1500 3257 1551 καὶ
3288 1494 3432 1553 οὗτοι
3461 1503 3667 1565 πάντως

2096 1589 2250 1646 εἰσίν.
2297 1592 2361 1644 Εἰ
2401 1590 2577 1643 τοίνυν
2609 1590 2862 1660 ἐνέφηνεν
2904 1593 2932 1644 ὁ
2970 1591 3124 1657 λόγος
3172 1591 3238 1644 δι’
3289 1594 3573 1664 ἀκριϐείας
3613 1597 3666 1648 τὸ

2098 1680 2277 1752 ἔργον,
2309 1680 2530 1734 δυνατὸν
2562 1679 2626 1734 ἂν
2649 1680 2857 1749 γένοιτό
2889 1697 2981 1735 σου
3011 1684 3077 1752 τῇ
3103 1682 3340 1752 ὁσιότητι
3372 1685 3654 1755 κατιδούσῃ

413 1771 674 1841 patefecit
727 1786 865 1840 opus
923 1768 1126 1829 oratio,
1189 1765 1449 1836 possibile
1499 1766 1592 1818 ﬁat
1637 1763 1830 1834 pietati
1866 1771 1994 1826 tuas,

2100 1770 2195 1841 τὴν
2228 1770 2435 1841 χρείαν,
2467 1770 2555 1824 διά
2592 1770 2806 1824 πάντων
2839 1772 2969 1842 ἡμῖν
3001 1775 3307 1843 παρασχεῖν
3335 1774 3396 1827 τὸ
3433 1777 3526 1828 ἐπὶ
3561 1780 3662 1839 τοῖς

415 1862 562 1934 quod
597 1877 736 1931 opus
765 1868 872 1925 est,
896 1857 1282 1928 conspicienti.
1314 1866 1578 1927 praestare
1604 1855 1764 1908 nobis
1789 1854 1842 1906 in
1875 1868 1992 1906 om-

413 1955 580 2010 nibus
616 1955 768 2007 circa
801 1952 1048 2006 artilices
1083 1952 1459 2006 securitatem.
1498 1947 1557 2003 Si
1595 1961 1726 2003 vero
1765 1961 1796 2000 a
1833 1945 1992 2001 nobis

416 2062 542 2104 cum
573 2045 784 2100 artiﬁce
815 2052 973 2114 pacta
1015 2041 1401 2098 constituenda
1451 2040 1585 2104 sint,
1629 2045 1991 2109 proponatur,

415 2139 462 2194 si
490 2137 711 2208 quidem
751 2143 837 2190 est
864 2133 1148 2204 possibile,
1183 2130 1478 2188 manifesta
1521 2144 1783 2186 mensura
1809 2129 1994 2201 cperis

423 2228 630 2293 diurni,
665 2241 734 2283 ne
776 2241 899 2280 cum
924 2226 970 2280 is
994 2225 1069 2279 nil
1097 2222 1378 2280 eﬁiciendo
1403 2221 1726 2294 praeterierit
1754 2229 1992 2291 tempus,

417 2328 628 2391 postea,
659 2334 799 2388 Opus
831 2317 978 2388 quod
1009 2316 1265 2374 ostendat
1299 2329 1409 2370 non
1461 2313 1692 2378 habens,
1733 2322 1994 2382 tanquam

417 2420 497 2467 tot
537 2412 732 2467 diebus
759 2411 920 2466 nobis
952 2416 1242 2480 operatus,
1272 2422 1438 2477 super
1463 2421 1529 2462 ea
1559 2412 1771 2475 repetat
1798 2419 1998 2460 merce-

417 2505 561 2560 dem.
587 2502 724 2558 Novi
763 2502 1016 2573 equidem
1053 2503 1240 2554 multis
1279 2515 1381 2554 nos
1415 2498 1683 2569 quosdam
1722 2498 1897 2552 visum
1930 2496 1998 2550 iri

420 2593 682 2648 minutam
713 2593 983 2666 rationem
1029 2590 1250 2646 sordide
1283 2597 1337 2644 et
1389 2603 1666 2659 praeparce
1718 2589 1992 2652 ineuntes,

418 2683 512 2754 qui
532 2692 640 2736 tam
665 2683 942 2752 exquisita
961 2681 1247 2752 diligentia
1271 2681 1556 2750 pactiones
1580 2681 1993 2751 persequimur:

420 2783 659 2830 attamen
703 2774 1052 2829 exhortatum
1087 2783 1138 2828 te
1165 2787 1288 2828 esse
1316 2772 1442 2826 volo
1493 2772 1563 2827 ad
1593 2773 1809 2827 veniam
1858 2771 1998 2827 dan-

419 2868 565 2924 dam.
600 2866 850 2921 Mamona
883 2867 1028 2922 enim
1073 2867 1188 2932 ille,
1243 2851 1433 2922 multis
1462 2866 1746 2923 multoties
1775 2881 1804 2920 a
1835 2868 1998 2924 nobis

420 2961 563 3015 male
613 2959 681 3015 de
731 2974 790 3015 se
839 2959 1082 3022 auditis,
1134 2957 1353 3014 demum
1402 2974 1434 3013 a
1464 2959 1625 3014 nobis
1671 2958 1808 3029 ipsis
1833 2974 1998 3029 quam

420 3053 739 3124 longissime
766 3051 1072 3121 emigravit,
1117 3049 1242 3106 odio
1279 3049 1507 3109 habens.
1539 3065 1684 3114 reor,
1718 3065 1838 3120 qua:
1859 3065 2000 3106 sem-

2097 1864 2366 1934 τεχνίταις
2415 1863 2738 1934 ἀμέριμνον.
2783 1864 2846 1916 El
2879 1864 2936 1916 δὲ
2983 1862 3227 1934 μέλλοιτο
3272 1864 3410 1934 πρὸς
3451 1865 3604 1936 ἡμῶν
3637 1868 3665 1917 ὁ

2099 1955 2345 2025 τεχνίτης
2366 1953 2737 2019 συντίθεσθαι,
2768 1955 3076 2025 προκείσθω
3105 1953 3262 2026 εἴπερ
3291 1952 3399 2010 οἷόν
3419 1973 3478 2009 τε
3510 1974 3666 2026 φανε-

2101 2045 2197 2116 ρὸν
2226 2045 2424 2116 μέτρον
2465 2043 2556 2098 τοῦ
2603 2045 2764 2116 ἔργον
2799 2047 2866 2116 τῇ
2902 2044 3109 2116 ἡμέρᾳ,
3154 2045 3235 2098 ἴνα
3273 2045 3345 2116 μὴ
3389 2044 3668 2114 ἄπρακτος

2101 2135 2387 2208 παρελθὼν
2411 2136 2502 2190 τὸν
2539 2136 2751 2208 χρόνον,
2789 2135 2928 2208 μετά
2952 2135 3125 2190 ταῦτα
3146 2135 3214 2206 μὴ
3241 2134 3374 2205 έχων
3399 2135 3660 2199 ἐπιδεῖξαι

2100 2227 2162 2279 τὸ
2209 2225 2389 2298 ἔργον,
2431 2226 2506 2291 ὡς
2529 2227 2818 2291 τοσαύταις
2858 2226 3095 2298 ἡμέραις
3127 2228 3253 2297 ἡμῖν
3290 2226 3664 2299 ἐργασάμενος

2101 2318 2193 2371 τὸν
2219 2318 2361 2390 ὑπὲρ
2391 2319 2569 2374 αὐτῶν
2594 2319 2784 2390 μισθὸν
2805 2319 3032 2390 ἀπαιτῇ.
3066 2314 3195 2371 Οἶδα
3223 2318 3280 2371 δὲ
3310 2318 3395 2394 ὅτι.
3421 2319 3672 2390 μικρολό-

2101 2426 2187 2478 γοι
2210 2409 2320 2479 (25)
2358 2410 2501 2474 τινὲς
2541 2412 2652 2473 τοῖς
2696 2408 2910 2472 πολλοῖς
2945 2407 3192 2477 δόξομεν,
3227 2405 3372 2458 οὕτω
3416 2407 3546 2476 περὶ
3578 2405 3671 2468 τάς

2105 2502 2373 2573 συνθήκας
2414 2500 2876 2573 διακριϐούμενοι.
2933 2498 3096 2552 Ἀλλὰ
3129 2497 3508 2569 παρακλὴθητι
3550 2515 3674 2566 συγ-

2103 2593 2328 2665 γνώμην
2353 2593 2513 2663 έχειν.
2553 2594 2612 2646 Ὀ
2639 2593 2749 2664 γὰρ
2772 2593 3035 2665 μαμωνᾶς
3063 2593 3268 2654 ἐκεῖνος
3295 2589 3458 2643 πολλὰ
3481 2591 3671 2645 πολλά-

2104 2703 2190 2749 κις
2217 2686 2346 2755 παρ’
2376 2684 2531 2756 ἡμῶν
2556 2685 2793 2748 ἀκούσας
2820 2683 3024 2750 κακῶς,
3064 2683 3217 2747 τέλος
3245 2683 3531 2752 ἀπῴκησεν
3558 2685 3675 2736 ἑαν-

2103 2777 2193 2832 τὺν
2221 2777 2376 2848 ἡμῶν
2421 2776 2496 2839 ὡς
2539 2775 2875 2848 πορρωτάτω
2895 2792 2908 2805 '
2956 2775 3190 2844 μισήσας
3213 2813 3229 2837 ,
3257 2772 3437 2845 οἶμαι,
3467 2772 3567 2843 τὴν
3593 2773 3674 2826 ἀεὶ

2105 2870 2394 2940 γινομένην
2439 2869 2558 2922 κατ’
2587 2867 2753 2922 αὑτοῦ
2799 2866 3089 2937 φλυαρίαν.
3134 2866 3244 2920 Καί
3289 2883 3395 2919 τινι
3440 2865 3674 2936 χάσματι

2105 2961 2408 3030 ἀδιαϐάτῳ,
2436 2962 2500 3031 τῇ
2532 2959 2695 3030 πενία
2719 2959 2894 3027 λέγω,
2928 2957 3116 3010 ἑαυτὸν
3147 2955 3304 3027 ἡμῶν
3339 2955 3673 3024 διετείχισεν,

2105 3055 2182 3119 ὡς
2212 3056 2347 3126 μήτε
2381 3054 2588 3106 ἐκεῖνον
2619 3051 2756 3122 πρὸς
2787 3051 2932 3122 ἡμᾶς
2963 3049 3155 3111 ὲλθεῖνο
3193 3050 3329 3120 μήτε
3369 3049 3519 3119 ἡμᾶς
3551 3047 3676 3118 πρὸς

420 3160 520 3216 per
543 3143 1014 3224 adversusjpsum
1045 3149 1176 3198 sunt
1201 3141 1469 3196 blaterata
1495 3159 1510 3208 ;
1541 3155 1606 3196 ac
1633 3140 1872 3212 quodam
1901 3141 1995 3196 im-

2107 3149 2311 3200 ἐκεῖνον
2331 3145 2679 3217 διαπερᾶσαι.
2716 3143 2917 3197 Τούτου
2940 3143 3099 3214 χάριν
3122 3142 3251 3213 περὶ
3275 3134 3475 3194 πολλοῦ
3507 3139 3675 3193 ποιοὶ

420 3235 742 3307 permeabili
769 3235 916 3292 hiatu
953 3233 1314 3304 (paupertate
1353 3231 1508 3305 dico)
1540 3231 1684 3288 inter
1714 3248 1774 3289 se
1815 3232 1998 3304 ipsum

421 3334 476 3382 et
506 3342 607 3383 nos
638 3342 854 3380 murum
889 3325 1162 3380 obstruxit
1189 3364 1205 3390 ,
1251 3331 1312 3378 ut
1342 3339 1516 3394 neque
1545 3324 1635 3379 ille
1663 3324 1729 3379 ad
1769 3339 1871 3380 nos
1899 3341 1997 3380 ve-

421 3418 542 3473 nire
573 3418 770 3488 possit,
809 3431 984 3487 neque
1014 3431 1115 3472 nos
1159 3417 1229 3472 ad
1272 3417 1427 3470 illum
1454 3417 1820 3487 pertransire.
1852 3419 2003 3484 Quo-

421 3510 570 3565 circa
595 3509 818 3580 plurimi
849 3507 992 3563 facio
1017 3508 1273 3578 opiﬁcum
1300 3507 1688 3578 benignitatem
1709 3550 1725 3576 ,
1758 3516 1817 3562 ut
1839 3509 2000 3566 nobis

422 3602 488 3655 ad
524 3601 866 3671 propositum
903 3600 1215 3656 institutum
1261 3598 1442 3654 facere
1476 3599 1612 3655 satis
1652 3599 1692 3654 ii
1737 3601 1995 3671 possint,

421 3691 500 3746 nil
544 3707 769 3761 prorsus
799 3692 868 3748 ab
912 3691 1096 3762 inopia
1131 3691 1448 3758 (laudabili,
1483 3691 1851 3763 precibusque
1901 3709 1998 3748 ex-

423 3781 660 3852 petendo
690 3783 872 3853 malo)
905 3784 1183 3854 prohibiti.
1221 3782 1331 3839 Sed
1376 3785 1432 3838 in
1469 3783 1556 3839 his
1583 3783 1804 3855 quidem
1839 3783 2001 3854 quid-

425 3887 586 3942 quam
613 3872 725 3942 joci
759 3873 1108 3929 commistum
1139 3880 1244 3927 est.
1281 3873 1360 3926 Tu
1394 3882 1592 3939 autem,
1629 3874 1782 3930 homo
1811 3874 1907 3930 Dei
1929 3877 1998 3941 ",

425 3964 505 4019 uti
539 3965 802 4034 possibile
845 3973 900 4020 et
936 3964 1240 4037 legitimum
1284 3965 1376 4032 sit,
1418 3966 1493 4021 ita
1522 3981 1648 4022 cum
1687 3967 2002 4024 hominibus

425 4057 732 4128 paciscens,
781 4057 974 4112 nuntia
1005 4056 1344 4114 conﬁdenter
1371 4059 1630 4115 omnibus
1672 4060 1808 4130 ipsis
1834 4061 2001 4116 bene-

424 4149 738 4215 volentiam,
770 4164 891 4219 quae
925 4164 955 4204 a
978 4149 1138 4205 nobis
1161 4150 1531 4222 praestabitur,
1555 4153 2002 4225 mercediumque

2110 3256 2209 3310 μαι
2236 3238 2336 3311 τὴν
2363 3235 2783 3309 εὐγνωμοσύνην
2821 3236 2929 3290 τῶν
2962 3233 3239 3306 τεχνιτῶν,
3279 3233 3422 3287 ὥστε
3457 3232 3674 3303 summa.

2106 3348 2196 3386 ναι
2226 3331 2363 3402 πρὸς
2403 3330 2503 3401 τὴν
2537 3329 2905 3401 προκειμένην
2935 3329 3081 3399 ἡμᾶς
3107 3326 3394 3398 ἐξαρκέσαι
3423 3325 3676 3394 σπουδήν*

2111 3423 2186 3494 μὴ
2219 3421 2559 3485 κωλυθέντας
2596 3424 2664 3492 τῇ
2693 3421 2876 3492 πενίᾳ,
2907 3419 2984 3490 τῷ
3014 3418 3285 3489 ὲπαινετῷ
3323 3418 3412 3471 καὶ
3442 3415 3676 3486 εύκταίφ

2107 3513 2282 3587 κακῷ.
2330 3514 2492 3568 Ἀλλά
2518 3512 2730 3576 τούτοις
2773 3511 2872 3583 μέν
2900 3529 2952 3565 τι
2996 3512 3090 3565 καὶ
3120 3511 3335 3573 παιδιᾶς
3375 3508 3679 3580 καταμέμι-

2103 3623 2252 3661 κται.
2283 3607 2367 3661 Σὺ
2409 3605 2476 3660 δέ
2506 3611 2629 3675 μοι,
2667 3603 2712 3658 ὦ
2742 3604 3015 3673 ἄνθρωπε
3055 3604 3161 3659 τοῦ
3213 3603 3380 3666 Θεοῦ,
3424 3602 3570 3665 ὅπως
3616 3601 3680 3654 ἂν

2107 3698 2331 3752 δυνατὸν
2361 3699 2457 3753 καὶ
2499 3693 2979 3772 νενομισμένονῇ,
3026 3696 3170 3750 οὕτω
3208 3699 3322 3758 τοῖς
3376 3693 3677 3765 ἀνθρώποις

2107 3787 2430 3858 συνθέμενος
2455 3784 2674 3857 θαρρῶν
2701 3786 3000 3855 ὲπάγγειλε
3029 3787 3196 3838 πᾶσιν
3220 3785 3405 3847 αὐτοῖς
3426 3781 3522 3853 τὴν
3553 3784 3678 3851 παρ’

2105 3876 2264 3949 ήμῶν
2305 3873 2744 3945 εὐγνωμοσύνην,
2784 3875 2878 3927 καὶ
2908 3873 3009 3944 τὴν
3041 3872 3147 3926 τῶν
3197 3869 3406 3942 μισθῶν
3438 3866 3681 3937 ἀποπλή-

2109 3984 2297 4040 ρωσιν.
2343 3965 2594 4036 Δώσομεν
2623 3965 2730 4035 γάρ
2755 3962 3053 4026 ἀνελλιπῶς
3084 3961 3153 4015 τὰ
3181 3961 3378 4026 πάντα,
3407 3957 3502 4012 τοῦ
3548 3955 3680 4010 Θεοῦ

2106 4059 2194 4113 διὰ
2218 4057 2327 4113 τῶν
2357 4057 2466 4111 σῶν
2491 4054 2666 4126 εὐχῶν
2701 4055 2797 4110 καὶ
2837 4056 2968 4126 ἡμῖν
2991 4053 3090 4124 τὴν
3125 4055 3283 4124 χεῖρα
3305 4051 3405 4122 τῆς
3432 4048 3681 4122 εὐλογίας

2109 4152 2432 4220 ἀνοίγοντος.

425 4240 639 4309 plenam
690 4240 925 4311 cepiam.
999 4239 1302 4300 Trademus
1349 4244 1498 4300 enim
1563 4244 1752 4300 omnia
1803 4247 1954 4301 nulla
1993 4263 2053 4307 re
2090 4248 2444 4310 deﬁcientes;
2504 4242 2637 4308 Deo,
2689 4255 2788 4312 per
2829 4247 2954 4296 tuas
3006 4251 3220 4310 preces,
3273 4231 3685 4292 benedictionis

426 4349 648 4389 manum
681 4336 842 4392 nobis
867 4335 1035 4392 etiam
1065 4346 1367 4395 reserante.

494 4457 542 4490 ²¹
571 4454 594 4509 ι
621 4454 762 4510 Tim.
787 4473 858 4524 IV,
885 4457 936 4514 1.

498 4614 1026 4700 (ΞξλΜικρολργριπ
1045 4613 1162 4697 Hoc
1191 4615 1384 4700 innhoc.
1414 4615 1536 4698 loco
1563 4614 1707 4700 v_a_le_t
1741 4613 1998 4700 μικρολο-

428 4703 542 4755 γος.
569 4685 636 4739 Ει
661 4686 909 4756 quamvis
937 4685 1062 4741 huic
1093 4685 1483 4756 signiﬁcationi
1535 4685 1772 4740 addatur
1803 4685 1997 4749 etiam,

430 4763 490 4809 ut
527 4757 666 4810 ratio
698 4759 916 4812 ineatur
940 4756 1008 4812 de
1036 4770 1096 4812 re
1124 4764 1454 4827 contempta,
1483 4756 1682 4826 pusilla
1707 4773 1723 4824 ;
1754 4761 1999 4827 attamen

428 4839 581 4898 cave,
612 4835 670 4882 ut
703 4827 794 4884 hic
825 4828 902 4884 ita
945 4827 1187 4899 explices
1217 4835 1272 4884 et
1301 4823 1576 4900 intelligas
1604 4839 1817 4886 vocem.
1848 4823 2000 4881 Con-

2105 4623 2215 4686 stat
2237 4615 2382 4672 enim
2411 4629 2508 4686 per
2530 4621 2700 4669 totam
2723 4613 3014 4686 epistolam
3053 4607 3345 4686 aediﬁcium
3373 4623 3484 4663 non
3506 4607 3692 4686 solum

2105 4685 2268 4742 vilem
2315 4679 2430 4767 aut:
2455 4686 2708 4770 exiguam
2752 4679 2870 4742 rem
2926 4697 3038 4740 non
3079 4679 3235 4750 fore,
3285 4694 3476 4737 verum
3527 4679 3690 4750 longe

2107 4765 2669 4839 sumptuosissimum.

3661 4894 3688 4907 ρ
