3972 6208
412 362 552 423 nos

1567 374 1948 434 EPISTOLE.
1981 412 2047 420 -—
2084 381 2297 440 EPIST.
2354 386 2545 445 XXVI.

409 488 608 552 ἀνάξια
640 490 951 558 παντάπασι
1003 491 1109 546 τῶν
1157 492 1313 547 θείων
1360 496 1479 558 ταῖς
1524 496 1732 551 ἑαυτῶν
1774 500 1967 553 ὲννοίαι

2108 525 2226 562 nem
2260 512 2573 566 necessario
2606 527 2707 567 nos
2744 513 3067 583 provehens.
3097 512 3301 568 Verum
3334 511 3559 583 quidam
3594 528 3688 569 cs-

407 581 741 646 δοξάζουσιν.

378 842 387 867 ’
481 856 695 911 Είδέναι
724 857 781 911 δὲ
807 858 1096 913 ἀκόλουθον
1126 862 1270 931 ἡμᾶς
1296 862 1420 926 τοὺς
1453 864 1549 932 τῆς
1591 864 1847 936 ἀληθείας
1878 871 1995 921 ἐπι-

405 948 712 1019 γνώμονας,
746 950 821 1013 ὡς
860 951 1164 1023 ἀδιαίρετός
1207 955 1323 1007 ἐστι
1365 957 1459 1010 καὶ
1497 958 1831 1030 μονοειδῆ-εὴ
1876 959 1992 1012 θεία

406 1055 465 1092 τε
516 1039 609 1093 καὶ⁵
655 1040 866 1112 ἀμερὴς
906 1040 1001 1094 τοῦ
1049 1044 1368 1115 Κρείττονος
1409 1047 1594 1101 οὑσία’
1648 1050 1784 1121 πρὸς
1834 1050 1888 1104 δὲ
1934 1051 1994 1103 τὸ

404 1132 673 1202 χρήσιμον
711 1132 813 1203 τῆς
857 1131 1129 1204 ἡμετέρας
1176 1137 1284 1190 τῶν
1316 1137 1518 1209 ψυχῶν
1564 1140 1853 1211 σωτηρίας,
1899 1141 1994 1194 xxi.

407 1222 726 1293 μερίζεσθαι
776 1227 895 1288 ταῖς
940 1226 1253 1296 ὀνομασίαις
1304 1228 1485 1294 δοκεῖ,
1537 1232 1629 1284 καὶ
1677 1232 1992 1303 διαιρέσεως

402 1314 613 1385 ἀνάγκῃ
654 1314 977 1383 ὑφίστασθαι
1009 1318 1143 1389 (22),
1173 1320 1353 1385 καθὼς
1392 1321 1619 1394 ἔφαμεν.
1659 1326 1753 1378 Ὃν
1794 1325 1991 1395 τρόπον

401 1405 510 1477 γὰρ
539 1408 572 1475 ἡ
596 1406 741 1478 ψυχὴ
766 1410 929 1480 νοητή
960 1427 1042 1475 τις
1073 1411 1412 1485 ὑπάρχουσα,
1437 1418 1720 1487 νοημάτων
1751 1421 1991 1495 ἀπείρων

401 1495 727 1549 ἀποκυΐσκει
768 1497 989 1569 πλῆθος,
1021 1501 1171 1570 ὅμως
1211 1502 1333 1557 οὑτε
1389 1508 1655 1577 νοήματος
1703 1510 1990 1582 διαιρεῖται

400 1584 583 1652 πάθει,
610 1585 733 1640 οὔτε
772 1588 864 1642 τοῦ
912 1591 1149 1662 πλήθους
1178 1594 1285 1648 τῶν
1313 1599 1600 1668 νοημάτων
1633 1601 1778 1673 ψυχὴ
1810 1602 1897 1657 διά
1925 1604 1992 1658 τὰ

399 1677 680 1744 φθάσαντα
731 1682 999 1752 πτωχεύει
1050 1687 1201 1752 ποτὲ,
1248 1688 1618 1762 πλουσιωτέρα
1671 1692 1726 1746 δὲ
1770 1695 1989 1764 μᾶλλον,

397 1771 430 1841 ἢ
470 1774 771 1845 πενεστέρα
795 1775 1033 1855 γίνεται⁸
1064 1777 1122 1829 ὃν
1150 1781 1346 1848 τρόπον
1375 1781 1430 1833 δὲ
1475 1783 1566 1835 καὶ
1600 1784 1628 1834 ὁ
1659 1789 1990 1858 προφορικδς

2108 601 2339 655 sentiam
2378 603 2537 657 simul
2573 618 2699 658 cum
2740 606 3055 661 nominibus
3088 621 3279 661 crasse
3316 603 3486 659 dividi
3519 612 3686 675 atque

2106 690 2369 769 distingui
2394 692 2794 762 existimantes,
2826 693 3045 765 indigna
3075 710 3302 765 prorsus
3339 694 3503 750 rebus
3540 694 3684 749 divi-

2106 781 2190 835 nis
2226 781 2282 836 in
2315 783 2513 838 animis
2546 784 2659 838 suis
2685 786 2947 839 sentiunt.

2178 872 2471 928 Sciendum
2492 884 2575 931 est
2592 875 2855 946 deinceps
2878 877 3054 942 nobis,
3078 878 3173 948 qui
3198 879 3482 933 veritatem
3507 893 3682 949 agno-

2104 964 2331 1032 scimus,
2363 966 2509 1036 quod
2551 967 2737 1023 divina
2767 976 2820 1024 et
2854 969 3088 1039 simplex
3132 968 3225 1025 Dei
3258 973 3497 1025 essentia
3534 971 3680 1025 indi-

2103 1056 2265 1111 vidua
2304 1057 2577 1127 uniusque
2608 1059 2751 1115 modi
2782 1066 2866 1114 est
2893 1077 2906 1123 ;
2952 1068 3208 1115 caeterum
3237 1059 3305 1113 ad
3336 1060 3530 1115 salutis
3564 1062 3685 1114 ani-

2101 1162 2313 1201 marum
2356 1156 2671 1203 nostrarum
2714 1150 3028 1217 utilitatem,
3062 1152 3413 1220 partitionem
3462 1165 3682 1222 quoque

2102 1246 2320 1308 propter
2350 1239 2743 1309 appellationes
2776 1242 2961 1296 subire
3004 1242 3242 1307 videtur,
3278 1242 3681 1312 divisionisque

2102 1329 2410 1384 necessitati
2441 1329 2662 1397 subjici,
2691 1331 2922 1398 utjama
2945 1332 3105 1386 nobis
3123 1332 3330 1385 dictum
3351 1340 3454 1386 est.
3474 1331 3679 1398 Quem-

2101 1420 2391 1483 admodum
2424 1421 2568 1475 enim
2623 1422 2825 1486 :tnima,
2879 1438 3000 1491 quae
3031 1423 3097 1476 de
3126 1438 3316 1476 eorum
3345 1438 3542 1493 genere
3568 1428 3673 1487 est,

2101 1526 2224 1580 qua:
2272 1511 2629 1581 intelligentia
2672 1513 3071 1582 percipiuntur,
3107 1514 3366 1583 quamvis
3406 1514 3675 1567 infinitam

2101 1601 2492 1672 cogitationum
2525 1602 2931 1657 multitudinem
2962 1606 3158 1674 pariat,
3194 1613 3374 1659 tamen
3400 1620 3502 1660 nec
3525 1604 3675 1675 cogi-

2102 1692 2366 1746 tationum
2409 1693 2661 1762 passione
2693 1695 2977 1761 dividitur,
3012 1712 3109 1750 nec
3158 1696 3550 1767 cogitationum
3579 1712 3674 1766 pe-

2101 1784 2280 1849 nuria,
2302 1793 2526 1854 prOptcr
2544 1800 2606 1840 ea
2628 1802 2746 1855 quae
2766 1797 3188 1857 prmcesserunt,
3209 1806 3447 1860 unquam
3474 1787 3674 1858 premi-

394 1865 580 1953 οὑτοσὶ
614 1866 707 1918 καὶ
739 1866 915 1930 κοινὸς
946 1868 1146 1924 ἅπασιν
1180 1872 1309 1941 ἡμῖν
1341 1872 1518 1941 λόγος,
1547 1874 1850 1944 ἀδιαίρετος
1885 1883 1971 1947 uel

2090 1886 2197 1939 tur,
2231 1879 2363 1946 quin
2394 1877 2561 1933 ditior
2596 1881 2795 1946 potius,
2830 1896 2993 1943 quam
3045 1880 3340 1951 pauperior
3382 1880 3621 1953 efﬁcitur
3655 1898 3668 1932 :

385 1945 516 2008 ὶστι
554 1957 653 2026 τῆς
683 1961 1192 2032 προσενεγκαμένης
1221 1962 1330 2035 (2'5)
1366 1963 1562 2035 ψυχῆς,
1593 1968 1687 2020 καὶ
1737 1970 1856 2031 ταῖς
1884 1945 1984 2038 φυ-

397 2047 518 2113 χαῖς
545 2045 601 2098 δὲ
630 2046 737 2099 τῶν
763 2049 1125 2119 ἀκροωμένων
1158 2050 1308 2104 οὐδὲν
1345 2047 1506 2123 ἦττον
1534 2056 1590 2106 ἐν
1626 2055 1807 2127 ταύτῷ
1846 2057 1979 2110 καθ-

397 2135 626 2201 ίσταται,
681 2140 938 2210 κάκείνης
989 2140 1062 2212 μὴ
1106 2143 1613 2216 χωριζόμενος-(⁵25)
1655 2148 1748 2201 καὶ
1776 2149 1982 2214 ταύτοις

394 2226 801 2301 εὑρισκόμενος,
835 2232 1026 2287 ἕνωσιν
1052 2234 1108 2288 δὲ
1139 2236 1339 2307 μᾶλλον
1367 2238 1399 2309 ἢ
1423 2239 1684 2312 διαίρεσιν
1714 2241 1892 2294 αὑτῶν
1920 2259 1978 2294 τε

395 2319 488 2371 καὶ
533 2321 642 2373 τῶν
685 2324 964 2395 ἡμετέρων
1006 2328 1193 2399 ψυχῶν
1241 2330 1633 2401 ἐργαζόμενος·
1686 2333 1827 2387 οὑτω
1884 2342 1975 2405 μοι

393 2409 503 2462 νόει
547 2412 637 2465 καὶ
682 2413 770 2466 τὸν
824 2416 950 2469 Υἱὸν
996 2417 1089 2470 τοῦ
1136 2419 1346 2490 Πατρὸς
1381 2421 1454 2490 μὴ
1496 2423 1828 2493 χωρισθέντα
1864 2423 1976 2475 πὼ-

393 2517 546 2564 ποτε,
601 2505 692 2557 καὶ
737 2505 924 2560 τούτου
967 2508 1023 2562 δὲ
1074 2509 1234 2563 πάλιν
1284 2510 1344 2565 τὸ
1404 2513 1625 2583 Πνεῦμα
1679 2516 1740 2568 τὸ
1794 2516 1969 2579 ἅγιον,

390 2594 589 2665 ὁμοίως
614 2598 671 2650 ὲν
695 2597 773 2668 τῷ
800 2598 874 2670 νῷ
904 2601 1000 2673 τὴν
1022 2601 1334 2674 ἐνθύμησιν.

473 2780 560 2844 Ὠς
592 2780 700 2852 γὰρ
743 2781 841 2836 οὑκ
872 2782 985 2836 ἔστι
1020 2784 1220 2855 μεταξὺ
1251 2786 1342 2839 νοῦ
1379 2787 1472 2840 καὶ
1501 2787 1848 2859 ἐνθυμήσεως
1875 2793 1970 2845 καὶ

389 2871 565 2941 ψυχῆς
601 2872 863 2943 διαίρεσιν
892 2875 1243 2945 ἐπινοηθῆναι
1296 2895 1417 2931 τινα
1445 2878 1535 2930 ταὶ
1557 2880 1729 2950 τομήν
1752 2894 1765 2909 ⁸
1797 2880 1970 2945 οὕτως

389 2962 509 3015 οὑδὲ
537 2961 629 3015 τοῦ
660 2963 814 3031 ἁγίου
844 2964 1177 3035 Πνεύματος,
1207 2966 1301 3018 καὶ
1328 2967 1420 3020 τοῦ
1451 2968 1720 3039 Σωτῆρος,
1753 2971 1845 3022 καὶ
1874 2969 1967 3022 τοῦ

389 3052 625 3122 Πατρὸς,
643 3052 700 3105 ἐν
726 3053 874 3124 μέσῳ
894 3054 1064 3123 τομὴν
1086 3055 1118 3125 ἢ
1141 3056 1403 3127 διαίρεσιν
1432 3058 1787 3129 ὲπινοηθῆναί
1813 3078 1964 3113 ποτε·

387 3139 520 3193 διότι
548 3140 656 3193 τῶν
705 3143 929 3213 νοητῶν,
970 3142 1043 3208 ὡς
1078 3143 1305 3215 ἔφαμεν,
1334 3147 1430 3200 καὶ
1467 3148 1628 3201 θείων
1661 3150 1964 3222 ἀδιαίρετος

2084 3151 2364 3222 cogitanda
2410 3161 2495 3206 est
2542 3169 2555 3205 :

387 3232 421 3302 ἠ
463 3232 641 3304 φύσις.
683 3233 754 3286 Ἦ
790 3234 883 3288 καὶ
905 3234 964 3287 ὄν
993 3236 1193 3307 τρόπον
1219 3238 1316 3307 οὑχ
1346 3234 1455 3291 οἷόν
1484 3256 1545 3291 τε
1580 3240 1740 3293 πάλιν
1771 3242 1972 3310 ὁμοίως

390 3324 451 3375 ὲν
478 3324 626 3395 μέσῳ
647 3325 847 3380 κύκλου
878 3326 988 3397 (25)
1028 3327 1120 3381 καὶ
1151 3327 1252 3399 τῆς
1280 3329 1495 3390 ἀκτῖνος
1531 3330 1790 3401 διαίρεσιν
1820 3333 1971 3404 εὑρέ-

391 3414 540 3480 σθαι,
590 3414 679 3468 διά
718 3417 782 3469 τὸ
814 3417 1025 3483 ἀπαθὲς
1073 3419 1169 3471 καὶ
1211 3418 1503 3489 ἀσώματον
1546 3421 1751 3474 ἁπλοῦν
1785 3440 1843 3475 τε
1876 3424 1971 3477 καὶ

388 3506 612 3577 ἀμερὲς,
641 3507 757 3561 ἀλλ’
787 3509 820 3578 ἡ
852 3510 949 3579 μὲν
977 3511 1132 3573 ἀκτὶς
1164 3511 1432 3580 συνῆπται
1460 3511 1538 3582 τῷ
1573 3511 1775 3583 κύκλῳ,
1802 3514 1970 3585 τοὺμο

387 3596 551 3650 πάλιν
581 3597 637 3652 δὲ
678 3600 706 3652 ὁ
737 3598 970 3664 κύκλος,
1011 3593 1124 3653 οἷόν
1166 3618 1251 3664 τις
1298 3601 1615 3673 ὀφθαλμὸς,
1660 3605 1969 3676 ποταμηδὸν

387 3692 569 3760 ἐπιχεῖ
592 3691 671 3759 τῷ
724 3694 884 3745 παντὶ
923 3693 1023 3757 τὰς
1069 3695 1292 3758 ἀκτῖνας
1320 3736 1335 3761 ,
1392 3696 1813 3767 κατακλυσμοὺς
1856 3696 1966 3751 ὦσ-

390 3800 494 3854 περ
541 3783 693 3847 τινάς
737 3784 915 3852 φωτὸς
957 3786 1089 3856 ἡμῖν
1136 3785 1532 3856 ἐργαζόμενος,
1588 3788 1683 3841 καὶ
1741 3787 1968 3855 πελαγί-

388 3876 497 3941 Con)
519 3876 728 3948 ἀθρόως
758 3877 857 3948 τὴν
876 3879 1141 3951 διακόσμη
1152 3860 1232 3932 σίν
1259 3880 1371 3950 (26)
1391 3897 1403 3910 ·
1428 3879 1570 3934 οὑτω
1588 3880 1651 3952 δὴ
1682 3881 1777 3934 καὶ
1803 3882 1967 3934 οἱονεί

384 3983 530 4032 τινες
568 3968 662 4021 τοὺ
698 3969 907 4041 Πατρὸς
962 3971 1179 4034 ἀκτῖνες
1225 3971 1611 4042 ἀπεστάλησαν
1656 3972 1741 4041 ἐφ’
1797 3974 1964 4043 ἡμᾶς,

385 4064 416 4115 ὃ
460 4078 518 4114 τε
560 4062 843 4134 φεγγώδης
892 4063 1125 4134 Ἰησοῦς,
1183 4065 1277 4116 καὶ
1327 4064 1387 4117 τὸ
1427 4064 1649 4135 Πνεῦμα
1684 4065 1745 4118 τὸ
1788 4065 1963 4134 ἅγιον.

388 4154 600 4225 Ὠσπερ
626 4155 736 4226 γάρ
766 4156 822 4209 αί
841 4153 936 4208 τοῦ
962 4156 1139 4223 φωτὸς
1155 4155 1371 4219 ἀκτῖνες
1398 4155 1690 4227 ἀμέριστον
1736 4156 1956 4226 ἔχουσαι

384 4245 526 4301 κατὰ
558 4247 718 4316 φύσιν
754 4248 853 4318 τὴν
885 4247 1021 4319 πρὸς
1065 4245 1301 4317 ἀλλήλας
1330 4247 1534 4316 σχέσιν,
1564 4247 1690 4301 οὑτε
1727 4249 1820 4303 τοῦ
1854 4267 1965 4319 φω-

383 4338 475 4402 τὸς
502 4337 843 4409 χωρίζονται,
877 4338 999 4391 οὗτε
1027 4338 1270 4408 ἀλλήλων
1298 4339 1714 4410 ἀποτέμνονται,
1739 4343 1832 4395 καὶ
1863 4342 1963 4412 μέ·-

384 4445 507 4498 χρις
531 4428 689 4499 ἡμῶν
730 4428 829 4499 τὴν
861 4429 1019 4500 χάριν
1047 4428 1142 4482 τοῦ
1178 4429 1355 4498 φωτὸς
1385 4432 1771 4487 ἀποστέλλουσι
1799 4450 1813 4465 ·
1872 4436 1964 4488 τὸν

381 4518 544 4573 αὑτὸν
565 4518 764 4589 τρόπον
792 4520 885 4573 καὶ
905 4521 933 4573 ὁ
952 4518 1142 4591 Σωτὴρ
1169 4520 1197 4572 ὁ
1226 4520 1506 4592 ἡμέτερος,
1544 4523 1639 4577 καὶ
1660 4524 1720 4577 τὸ
1735 4525 1962 4596 Πνεῦμα

381 4609 443 4664 τὸ
476 4611 652 4680 ἅγιον,
681 4614 715 4683 ἡ
762 4612 980 4683 δίδυμος
1025 4613 1116 4665 τοῦ
1150 4613 1362 4683 Πατρὸς
1401 4615 1580 4679 ἀκτὶς,
1626 4616 1720 4669 καὶ
1769 4618 1960 4689 μέχρις

386 4702 538 4773 ἡμῶν
565 4704 888 4758 διακονεῖται
912 4704 1010 4775 τῆς
1027 4704 1280 4775 ἀληθείας
1312 4706 1372 4758 τὸ
1403 4705 1538 4774 φῶς,
1565 4709 1658 4761 καὶ
1692 4707 1769 4778 τῷ
1784 4710 1958 4779 Πατρὶ

382 4798 703 4867 συνήνωται.

455 4889 552 4940 ’ον
579 4887 636 4941 δὲ
674 4888 872 4960 τρόπον
896 4888 1040 4941 κάπό
1060 4904 1201 4950 τινος
1226 4886 1433 4940 ὑδάτων
1454 4889 1638 4959 πηγῆς
1661 4888 1957 4960 νεκταριῶ-

374 4975 465 5039 δες
495 4975 743 5044 ἀφθόνως
776 4976 1107 5048 προϊεμένης
1142 4974 1318 5048 ὕδωρ,
1358 4977 1645 5047 συμϐαίνει
1682 4978 1861 5050 ῥεῦμά
1902 4996 1955 5033 τι

380 5069 722 5141 παμπληθὲς,
753 5070 848 5124 καὶ
879 5069 1094 5141 ῥεῖθρον
1126 5071 1518 5142 ἀκατάσχετον,
1565 5073 1643 5135 είς
1674 5072 1954 5141 ποταμοὺς

375 5160 470 5215 δύο
500 5159 584 5232 τῷ
627 5160 861 5233 ῥεύματι
901 5159 1215 5232 τέμνεσθαι,
1262 5160 1391 5231 μίαν
1431 5161 1491 5226 ἐξ
1528 5161 1645 5225 ἑνὸς
1672 5159 1953 5232 ὀφθαλμοῦ

451 5337 562 5410 (ΞΞ)
594 5336 877 5410 ,Ἀνάγκη
929 5339 1320 5410 ὑφίστασθαι.
1357 5338 1619 5401 Montac.,
1669 5338 1859 5395 Morel.
1902 5346 1957 5395 et

373 5407 622 5480 Combef.
657 5407 902 5480 ἀνάγκην
932 5407 1280 5480 ὑφίστασθαι.

447 5478 559 5549 (25)
590 5478 1178 5551 Προσενεγκαμένης.
1213 5478 1369 5536 Colb.
1401 5479 1453 5544 '5,
1478 5478 1532 5543 6,
1564 5478 1956 5550 9,προενεγκα-

454 5566 550 5599 ντες

485 5567 567 5610 ης.

449 5590 683 5691 ιζέῗίᾙὴ
707 5618 1251 5690 χιφιζόμενοςλῖίιῑ.
1278 5635 1385 5674 non
1411 5623 1571 5685 bene,
1600 5618 1957 5691 inquitCom-

380 5685 513 5753 l:et‘.,
550 5685 831 5764 distinctus
889 5685 1041 5764 ᾷιιμιε
1066 5685 1080 5689 ”
1100 5701 1402 5764 separatus,
1430 5692 1597 5764 quasi
1648 5685 1956 5764 luecsyooc

381 5772 544 5832 nyma
565 5760 865 5832 Gregorius
888 5760 1105 5825 habeat,
1137 5760 1233 5815 aut
1256 5776 1358 5816 vox
1390 5761 1442 5817 id
1462 5760 1623 5818 isonet
1650 5782 1663 5816 :
1695 5760 1957 5820 diﬂ‘ci‘unt

380 5826 497 5883 hac
527 5826 821 5903 plurimum
855 5831 909 5887 in
940 5832 1282 5888 accuratiore
1319 5833 1610 5904 theologia.

2087 1971 2549 2040 quemadmodum
2582 1972 2808 2042 insuper
2830 1974 3036 2027 vocalis
3071 1974 3158 2028 hic
3191 1988 3373 2027 sermo
3404 1971 3673 2042 nobisque

2087 2058 2344 2112 omnibus
2378 2060 2714 2123 communis,
2753 2060 2965 2115 etiamsi
3002 2075 3031 2113 a
3075 2069 3303 2130 parente
3339 2062 3521 2115 anima
3571 2062 3673 2114 mi-

2088 2148 2232 2203 nime
2277 2148 2573 2216 dividatur,
2622 2149 2983 2206 nihilosceius
3015 2160 3193 2206 tamen
3233 2153 3285 2205 in
3329 2152 3670 2206 audientium

2083 2255 2303 2310 quoque
2330 2240 2529 2294 animis
2559 2241 2723 2297 simul
2750 2249 2856 2306 est,
2884 2258 2983 2298 uec
3013 2243 3079 2297 ab
3102 2259 3165 2298 ea
3200 2243 3483 2312 seiunctus
3507 2252 3671 2312 atque

2082 2338 2394 2401 separatus,
2425 2338 2479 2386 et
2507 2332 2561 2385 in
2598 2332 2706 2387 illis
2735 2332 3030 2396 inventus,
3055 2334 3165 2387 imo
3201 2334 3457 2389 unionem
3486 2335 3669 2404 potius

2081 2438 2244 2494 quam
2280 2422 2605 2478 divisionem
2644 2439 2834 2478 eorum
2878 2425 3299 2495 animarumque
3350 2435 3666 2480 nostrarum

2085 2514 2331 2570 efficiens
2351 2531 2367 2569 '.
2386 2515 2464 2569 sic
2483 2525 2538 2569 tu
2563 2530 2782 2587 quoque
2811 2515 3042 2587 cogites,
3074 2514 3270 2571 Filium
3297 2531 3327 2570 a
3345 2516 3506 2572 Patre
3530 2534 3667 2571 nun-

2080 2620 2244 2675 quam
2277 2614 2587 2676 separatum
2618 2622 2761 2671 esse,
2808 2622 2909 2661 nec
2936 2622 3131 2662 rursus
3161 2608 3228 2662 ab
3267 2608 3375 2662 hoc
3402 2606 3664 2677 Spiritum

2080 2703 2356 2758 sanctum,
2395 2695 2586 2750 eodem
2628 2696 2789 2749 modo
2815 2709 2924 2765 quo
2951 2694 3337 2764 cogitationem
3367 2694 3420 2748 in
3463 2704 3661 2748 mente.

2151 2785 2219 2841 Ut
2251 2787 2395 2841 enim
2445 2786 2588 2840 inter
2628 2794 2865 2840 mentem
2913 2793 2966 2839 et
3015 2784 3407 2855 cogitationem
3454 2792 3509 2838 et
3545 2783 3666 2837 ani-

2072 2894 2216 2933 mam
2249 2878 2393 2933 nulla
2426 2877 2624 2932 divisio
2665 2888 2758 2931 aut
2791 2878 2963 2933 sectio
2985 2870 3284 2947 excogitari
3329 2884 3505 2945 potest
3537 2896 3550 2931 :
3583 2876 3665 2931 sic

2072 2985 2248 3041 neque
2294 2970 2437 3024 inter
2495 2969 2756 3038 Spiritum
2805 2976 3057 3022 sanctum
3110 2974 3165 3022 et
3217 2966 3557 3020 Salvatorem
3610 2975 3663 3019 et

2073 3060 2290 3115 Patrem
2328 3061 2438 3115 ulla
2467 3076 2708 3131 unquam
2729 3061 2898 3115 sectio
2928 3069 3019 3113 aut
3049 3046 3247 3112 divisio
3280 3057 3662 3112 intercessisse

2605 3151 2861 3221 quoniam
2914 3149 3282 3220 spiritualium
3342 3156 3397 3204 et
3446 3149 3661 3215 divine-

2075 3257 2219 3307 rum,
2252 3250 2312 3296 ut
2347 3243 2608 3306 diximus,
2638 3242 2922 3296 divisionis
2951 3256 3149 3311 expers
3183 3248 3381 3296 natura
3411 3250 3515 3295 est.
3554 3240 3661 3294 Aut

2071 3333 2258 3398 etiam,
2291 3332 2749 3403 quemadmodum
2783 3335 2925 3387 inter
2957 3333 3144 3387 orbem
3175 3339 3229 3386 et
3257 3331 3496 3394 radium,
3530 3347 3657 3400 pro-

2070 3435 2195 3496 pter
2248 3425 2745 3497 impassibilitatem
2797 3423 3158 3494 corporisque
3212 3422 3543 3477 vacuitatem
3602 3431 3658 3477 et

2071 3515 2474 3586 simplicitatem
2535 3524 2699 3585 atque
2744 3513 3203 3577 individuitatem,
3256 3513 3407 3569 nulla
3457 3512 3657 3567 divisio

2071 3607 2299 3679 reperiri
2346 3616 2545 3677 potest,
2593 3623 2780 3662 verum
2823 3614 2883 3660 ut
2930 3604 3119 3660 radius
3159 3605 3278 3660 orbi
3329 3603 3657 3675 coniunctus

2068 3707 2174 3764 est,
2208 3701 2280 3754 ita
2310 3714 2507 3754 rursus
2536 3699 2710 3763 orbis,
2759 3698 2904 3752 oculi
2949 3696 3239 3766 cujusdam
3289 3697 3490 3762 instar,
3527 3697 3656 3773 uni—

2070 3790 2321 3847 versitati
2371 3790 2557 3845 radios
2589 3805 2721 3845 suos
2750 3789 2993 3845 ﬂuminis
3038 3790 3093 3843 in
3130 3804 3338 3845 morem
3390 3789 3653 3853 infundit,

2070 3881 2209 3938 lucis
2256 3881 2415 3936 nobis
2458 3883 2606 3937 velut
2656 3865 3341 3950 inundationesoquasdam
3387 3880 3651 3947 efﬁciens,

2068 3971 2441 4040 mundumque
2493 3977 2715 4040 repente
2766 3970 3008 4025 obruens
3046 3988 3059 4024 :
3096 3970 3241 4024 baud
3290 3984 3452 4025 secus
3489 3970 3652 4025 etiam

2069 4061 2248 4118 Patris
2273 4064 2420 4118 velut
2454 4063 2590 4117 radii
2616 4063 2837 4133 quidam
2873 4061 2938 4116 ad
2968 4076 3070 4117 nos
3097 4061 3321 4118 demissi
3358 4071 3505 4124 sunt,
3538 4071 3651 4116 tmn

2067 4153 2386 4224 splendidus
2428 4152 2610 4219 Iesus,
2655 4162 2769 4207 tum
2818 4153 3055 4222 Spiritus
3105 4164 3348 4209 sanctus.
3386 4153 3456 4208 Ut
3505 4154 3649 4208 enim

2067 4245 2205 4301 lucis
2233 4246 2392 4310 radii,
2427 4253 2673 4299 mutuam
2712 4245 3034 4299 relationem
3083 4252 3279 4297 natura
3313 4244 3649 4299 individuam

2068 4333 2351 4398 habentes,
2402 4350 2504 4390 nec
2537 4350 2568 4389 a
2621 4335 2741 4389 luce
2777 4333 3188 4405 disiunguntur,
3228 4351 3329 4389 nec
3365 4352 3393 4389 a
3428 4352 3486 4392 se
3516 4338 3651 4391 invi-

2069 4443 2186 4483 cem
2218 4427 2627 4491 discinduntur,
2676 4426 2924 4496 lucisque
2964 4426 3290 4482 beneﬁcium
3324 4429 3391 4483 ad
3432 4444 3535 4485 nos
3566 4446 3652 4486 us-

2068 4535 2177 4590 que
2218 4519 2501 4589 traiiciunt
2528 4537 2542 4573 :
2574 4518 2766 4574 eodem
2815 4517 2976 4573 modo
3013 4517 3265 4573 Salvator
3295 4534 3513 4591 quoque
3551 4536 3650 4575 no-

2066 4615 2179 4663 ster
2224 4617 2279 4664 et
2324 4608 2562 4679 Spiritus
2601 4617 2848 4673 sanctus,
2899 4608 3150 4677 geminus
3192 4609 3282 4663 ille
3341 4607 3517 4663 Patris
3559 4626 3650 4664 ra-

2065 4700 2211 4768 dius,
2254 4700 2419 4755 simul
2468 4707 2524 4754 et
2566 4698 2632 4753 ad
2675 4714 2776 4755 nos
2798 4714 2973 4770 usque
3004 4700 3247 4756 veritatis
3280 4699 3455 4752 lucem
3492 4700 3650 4755 mini-

2063 4801 2266 4858 strant,
2294 4803 2347 4847 et
2379 4791 2524 4846 Patri
2560 4791 2698 4846 uniti
2729 4798 2883 4846 sunt.

2135 4882 2608 4951 Quemadmodum
2660 4882 2824 4937 etiam
2884 4883 2954 4938 ab
3009 4897 3121 4936 uno
3175 4897 3441 4951 aquarum
3501 4882 3649 4937 fonte

2062 4985 2371 5032 nectaream
2416 4989 2614 5046 aquam
2666 4988 2881 5029 summa
2918 4973 3076 5044 copia
3120 4982 3396 5044 egerente,
3442 4974 3645 5028 ﬂuxum

2061 5066 2350 5138 quemdam
2416 5080 2811 5136 permagnum,
2886 5079 2950 5120 ac
3005 5064 3331 5134 proﬂuvium
3386 5066 3660 5121 eﬂrcnato-

2064 5161 2301 5233 quodam
2330 5159 2530 5229 impetu
2563 5173 2817 5226 currens,
2848 5158 2970 5229 ipso
3001 5156 3153 5214 ﬂuxu
3188 5159 3244 5213 in
3285 5159 3397 5214 duo
3422 5159 3647 5212 ﬂumina

2137 5337 2262 5408 (25),
2287 5337 2391 5408 Ἐν
2409 5335 2578 5408 μέσῳ
2595 5337 2851 5408 κύκλου.
2880 5334 3085 5408 Notant
3111 5334 3348 5408 Montac.
3378 5332 3643 5408 etMorel.

2064 5405 2173 5479 pro
2200 5405 2705 5479 κύκλουδςινιιίιιηι
2739 5423 2806 5479 ως
2838 5406 3159 5479 conjectura
3195 5406 3393 5479 legisse
3427 5405 3604 5479 ἡλίου.

2095 5477 2103 5484 ’
2137 5478 2249 5549 (26)
2276 5475 2621 5549 ΔΠιιξλιιγίζιυν
2658 5476 2883 5549 ᾀθρόως
2916 5474 3031 5544 τὴν
3068 5474 3496 5549 διακόσμησιν.
3533 5474 3648 5529 Hoc

2062 5546 2209 5611 loco,
2238 5546 2315 5601 ait
2341 5546 2486 5609 Bill.,
2521 5546 2883 5617 διακόσμησις
2911 5547 3177 5600 mundum
3212 5546 3647 5617 huneaspecta-

2065 5619 2226 5675 bilem
2270 5617 2570 5686 signiﬁcat,
2618 5615 3078 5687 quemadmodum
3126 5616 3270 5687 apud
3323 5615 3648 5687 Dionysium

2064 5688 2449 5759 Arcopagitain
2503 5686 2649 5757 smpe
2707 5702 2807 5757 pro
2858 5687 3065 5758 angelis
3096 5686 3405 5759 accipitur.
3442 5686 3646 5759 Yerum

2065 5702 2277 5759 At‘eopa
2320 5702 2449 5742 itam
2503 5703 2649 5757 smpe
2707 5702 2807 5757 pro
2858 5702 3065 5758 angens
3116 5702 3230 5740 acct
3276 5702 3405 5741 tltll'.
3451 5702 3646 5769 verum

2065 5705 2345 5815 Combcg:
2384 5756 2756 5827 Digestamque
2788 5773 2965 5812 rerum
2999 5757 3187 5812 molem
3233 5702 3347 5810 lim
3378 5756 3552 5828 pelagt
3589 5754 3650 5810 in

2069 5846 2265 5884 morem
2299 5839 2505 5900 repente
2534 5830 2781 5888 abutens.
