3972 6208
348 344 487 404 1107

1591 343 1650 399 S.
1692 339 2018 400 GREGORII
2053 339 2348 397 NYSSENI

3464 335 3608 394 “03

344 460 523 519 scindi
552 461 843 534 contingit,
869 459 1017 533 quod
1063 460 1133 517 ab
1162 475 1273 517 uno
1296 462 1515 532 quidem
1561 462 1726 517 fontis
1766 462 1918 518 oculo

2033 461 2127 530 τῆς
2160 459 2341 531 πηγῆς
2366 458 2462 531 τὴν
2504 458 2633 531 ῥοὴν
2663 455 2721 523 ἐξ
2760 456 2931 529 ἀρχῆς
2961 455 3191 526 ἐσχηκός
3214 472 3229 486 ο
3265 454 3515 528 δίρῤυτος
3552 457 3609 509 δὲ

345 552 582 622 primum
614 559 951 617 manaverat,
989 566 1202 617 verum,
1239 550 1420 609 ﬂuviis
1450 553 1632 623 specie
1676 552 1751 606 ita
1786 567 1919 606 eon-

342 634 619 707 forniatis,
670 642 879 713 duplici
946 641 1096 697 ﬂuxu
1143 643 1409 711 decurrit,
1461 658 1562 698 nec
1615 653 1794 698 tamen
1850 659 1919 699 ex

342 730 657 801 huiusmodi
684 730 960 788 divisione
1003 732 1336 787 incommodi
1376 732 1679 803 quidquam
1728 740 1782 787 et
1826 733 1921 788 de—

345 821 610 887 trimenti,
659 830 928 893 quantum
970 822 1037 877 ad
1092 822 1409 888 essentiam,
1452 824 1653 894 accipit
1698 824 1916 895 (etenim

343 910 629 966 ﬂuminum
674 913 779 967 situ
827 914 900 968 ita
949 912 1273 983 proﬂuvium
1308 913 1591 980 dividitur,
1640 923 1700 969 ut
1754 930 1915 969 unam

344 1008 527 1056 tamen
558 1011 720 1073 atque
749 1003 993 1058 eamdem
1023 1003 1273 1059 humoris
1295 1005 1609 1075 qualitatem
1638 1007 1915 1075 obtineat;

343 1092 595 1162 quamvis
650 1093 791 1148 enim
849 1103 1075 1164 uterque
1124 1095 1564 1165 supradictorum
1628 1097 1915 1152 ﬂuviorum

344 1184 535 1254 procul
564 1192 716 1239 extra
753 1186 1018 1240 terminos
1052 1184 1205 1252 ferri,
1251 1186 1520 1258 longoque
1567 1188 1852 1244 intervallo
1886 1206 1916 1242 a

344 1271 496 1330 fonte
528 1274 734 1328 distare
758 1274 1028 1341 videatur,
1063 1276 1395 1348 principium
1438 1285 1620 1334 tamen
1651 1278 1717 1333 ad
1750 1277 1918 1335 fontis

344 1363 760 1432 perpetuitatem
799 1379 921 1416 cum
952 1375 1178 1434 parente
1214 1380 1314 1420 sua
1356 1365 1712 1437 conjunctum
1754 1376 1919 1436 atque

345 1454 557 1507 unitum
611 1454 775 1507 habet
817 1456 874 1523 ):
920 1455 1067 1511 haud
1117 1456 1373 1513 dissimili
1430 1458 1593 1513 modo
1647 1460 1915 1514 bonorum

344 1558 563 1614 quoque
592 1545 834 1599 omnium
863 1544 1028 1611 Deus,
1063 1547 1153 1602 ille
1179 1548 1430 1603 veritatis
1466 1557 1668 1616 rector,
1710 1560 1763 1606 et
1795 1550 1918 1606 Sal-

343 1637 551 1691 vatoris
579 1634 762 1705 Pater,
793 1637 966 1711 prima
1006 1639 1096 1693 illa
1124 1640 1247 1695 vita:
1288 1655 1476 1703 causa,
1514 1650 1569 1698 et
1615 1643 1782 1714 stirps
1819 1644 1921 1699 im-

345 1728 719 1795 mortalitatis,
753 1730 843 1786 ille
875 1733 1225 1803 sempiterna:
1248 1733 1371 1788 vitm
1406 1734 1553 1799 fons,
1589 1735 1754 1789 biﬂua
1783 1750 1919 1806 qua-

2027 549 2133 601 τῶν
2162 548 2418 619 ποταμῶν
2452 545 2930 618 σχηματισθέντων
2982 548 3095 608 τοῖς
3142 542 3343 609 εἴδεσι,
3407 544 3612 615 βλαϐὲν

2025 638 2081 691 δὲ
2113 639 2261 709 ὅμως
2286 638 2435 692 οὐδὲν
2466 640 2544 702 είς
2586 637 2686 709 τὴν
2711 637 2899 691 οὐσίαν
2925 637 2990 689 ἐκ
3017 637 3118 707 τῆς
3146 635 3463 706 διαιρέσεως
3503 637 3611 707 (τῇ

2029 732 2124 803 μὲν
2148 731 2254 800 γὰρ
2286 731 2396 784 τῶν
2424 730 2685 800 ποταμῶν
2712 730 2860 783 θέσει
2882 729 2942 782 τὺ
2972 728 3184 799 ῥεῖθρον
3204 729 3477 800 διῄρηται.
3505 729 3614 799 τὴν

2024 822 2081 876 δὲ
2109 822 2203 876 τοῦ
2233 822 2409 894 χυμοῦ
2431 822 2693 892 ποιότητα
2724 821 2852 892 μίαν
2874 821 2967 874 καὶ
2991 819 3089 890 τὴν
3112 820 3283 889 αὐτὴν
3308 819 3577 890 κέκτηται
3596 836 3610 848 ·

2025 913 2126 968 κᾶν
2154 914 2263 985 γὰρ
2293 911 2823 983 ἀποτερματίζεσθαι
2857 911 3046 983 πόρρω
3078 928 3179 963 που
3209 910 3317 964 τῶν
3346 910 3613 980 ποταμῶν

2022 1004 2253 1069 ἕκαστος
2289 1005 2398 1057 τῶν
2426 1003 2831 1076 προειρημένων
2858 1002 2989 1073 δοκῇ
3014 1041 3029 1066 ,
3059 1003 3153 1055 καὶ
3179 1002 3277 1071 τῆς
3301 1003 3478 1071 πηγῆς
3502 1002 3615 1070 ἀφ-

2019 1097 2239 1151 εστάναι
2254 1096 2489 1169 μακρὰν,
2502 1095 2599 1167 τὴν
2616 1094 2742 1164 γοῦν
2758 1094 2930 1166 ἀρχὴν
2947 1096 3012 1164 τῇ
3036 1094 3200 1165 μητρὶ
3216 1093 3350 1164 πρὸς
3365 1094 3425 1146 τὸ
3437 1093 3615 1163 διηνε-

2020 1187 2116 1251 κὲς
2148 1187 2247 1257 τῆς
2279 1187 2463 1258 πηγῆς
2500 1186 2882 1257 συνηνωμένην
2911 1184 3065 1256 ἕχει)·
3089 1183 3483 1256 παραπλησίως
3514 1179 3614 1237 οὖν

2017 1280 2112 1332 καὶ
2128 1281 2155 1333 ό
2170 1278 2278 1333 τῶν
2300 1279 2518 1346 ἀγαθῶν
2538 1279 2789 1333 ἁπάντων
2806 1277 2958 1340 Θεὸς,
2971 1280 2997 1329 ό
3012 1279 3108 1347 τῆς
3124 1276 3380 1346 ἀληθείας
3396 1274 3615 1345 πρύτα-

2018 1386 2119 1434 νις,
2133 1368 2331 1424 καὶτοῦ
2344 1369 2593 1441 Σωτῆρος
2614 1368 2821 1440 Πατὴρ,
2835 1369 2896 1421 τὸ
2912 1369 3124 1439 πρῶτον
3141 1367 3309 1420 αἴτιον
3324 1366 3419 1437 τῆς
3439 1367 3612 1436 ζωῆς,

2019 1462 2187 1516 καὶτὸ
2206 1464 2303 1534 τῆς
2321 1461 2617 1524 ἀθανασίας
2636 1461 2822 1531 φυτὸν,
2836 1461 2870 1531 ἡ
2887 1460 2986 1531 τῆς
3012 1457 3265 1523 ἀειζωῖας
3284 1458 3459 1527 πηγὴ,
3488 1457 3613 1529 δίρ-

2020 1554 2179 1626 ρυτόν
2201 1571 2323 1607 τινα
2350 1553 2446 1607 τοῦ
2482 1570 2542 1606 τε
2579 1551 2708 1605 Υἱοῦ
2740 1552 2834 1605 καὶ
2855 1551 2948 1604 τοῦ
2978 1552 3134 1620 ἀγίου
3163 1549 3479 1621 Πνεύματος
3505 1549 3612 1620 τὴν

2019 1645 2213 1718 νοητὴν
2246 1648 2321 1712 είς
2353 1647 2501 1718 ἡμᾶς
2527 1644 2848 1708 ἀποστείλας
2868 1644 3024 1716 χάριν
3052 1642 3189 1714 (27),
3214 1641 3327 1695 οὔτ’
3357 1640 3517 1703 αὑτός
3552 1656 3610 1692 τι

2021 1737 2286 1793 πέπονθεν
2302 1739 2396 1802 ,είς
2417 1737 2512 1808 τὴν
2540 1736 2726 1791 ουσίαν
2759 1736 2975 1808 βλαϐεὶς
3007 1734 3089 1804 (ού
3116 1734 3222 1804 γὰρ
3252 1732 3477 1804 μείωσιν
3504 1733 3611 1785 ὑπ-

344 1819 469 1874 dam
505 1831 559 1876 et
603 1822 764 1877 bilida
812 1822 933 1878 Filii
978 1835 1033 1880 et
1077 1825 1315 1896 Spiritus
1349 1828 1522 1882 sancti
1565 1828 1918 1884 intellectuali

2033 1831 2159 1901 ἐστη
2181 1831 2301 1885 τινὰ
2323 1831 2410 1884 διά
2427 1830 2522 1901 τὴν
2545 1833 2623 1895 είς
2644 1833 2793 1900 ἡμᾶς
2813 1830 3033 1884 ἐκείνων
3052 1826 3279 1898 ἄφιξιν),
3293 1826 3387 1879 καὶ
3409 1825 3607 1898 μέχρις

345 1910 415 1965 ad
465 1928 566 1969 nos
624 1913 792 1969 missa
843 1916 1042 1985 gratia,
1091 1932 1194 1973 nec
1245 1917 1362 1988 ipse
1411 1920 1706 1975 essentiam
1762 1936 1919 1976 suam

345 2004 644 2077 quidquam
696 2006 831 2062 laesit
864 2007 983 2077 (nec
1030 2008 1172 2061 enim
1217 2010 1287 2063 ob
1320 2009 1538 2064 illorum
1586 2011 1650 2065 ad
1693 2026 1794 2066 nos
1826 2013 1924 2067 ad-

345 2104 570 2150 ventum
603 2096 1043 2153 imminutionem
1076 2099 1241 2153 ullam
1282 2100 1493 2173 subiit),
1547 2108 1600 2156 et
1632 2101 1687 2155 lii
1718 2101 1785 2156 ad
1821 2118 1922 2159 nos

2029 1922 2186 1994 ἡμῶν
2209 1920 2633 1994 προσεχώρησαν
2655 1921 2789 1992 (28),
2812 1921 2907 1976 καὶ
2920 1918 3013 1975 τοῦ
3037 1919 3249 1991 Πατρδς
3274 1917 3425 1971 οὐδὲν
3443 1912 3608 1988 ἦττον

2027 2013 2318 2086 ἀχώριστοι
2344 2012 2766 2084 καθεστήκασιν.
2821 2011 3059 2083 Ἀμερὴς
3095 2010 3203 2081 γὰρ
3225 2050 3241 2072 ,
3280 2010 3355 2071 ὡς
3390 2008 3609 2077 ἔφαμεν

2029 2103 2087 2171 ἐξ
2117 2104 2313 2175 ἀρχῆς,
2348 2101 2514 2176 ἡτῶν
2548 2102 2870 2175 κρειττόνων
2901 2101 3064 2171 φύσις
3095 2100 3223 2169 (29).

348 2203 523 2259 usque
552 2195 957 2259 processerunt,
992 2204 1093 2244 nec
1137 2196 1317 2244 tamen
1357 2204 1387 2244 a
1418 2187 1583 2245 Patre
1610 2190 1722 2247 ullo
1751 2194 1916 2248 modo
1956 2204 2298 2265 separantur.
2337 2191 2619 2248 lndividua
2655 2191 2822 2254 enim.
2888 2200 2947 2246 ut
2990 2190 3223 2245 diximus
3265 2188 3333 2244 ab
3397 2185 3589 2251 initio,

347 2280 713 2352 spiritualium
753 2286 949 2335 natura
972 2289 1077 2336 est.

414 2373 682 2438 Plurima,
714 2373 799 2429 vir
828 2373 1174 2440 charissime,
1209 2374 1441 2431 inveniri
1470 2382 1744 2446 poterant,
1777 2376 1919 2431 mul-

346 2476 512 2539 teque
541 2468 719 2539 plura,
750 2482 914 2538 quam
951 2483 1074 2537 quae
1104 2469 1411 2534 attulimus,
1459 2468 1527 2524 ad
1570 2469 1790 2527 unionis
1815 2469 1919 2527 Pa-

345 2558 451 2614 tris
484 2566 541 2613 et
563 2556 684 2612 Filii
731 2564 787 2612 et
815 2555 1057 2628 Spiritus
1095 2559 1270 2614 sancti
1306 2573 1565 2630 perquam
1595 2561 1919 2617 necessaria:

343 2647 678 2703 luculentam
709 2647 1260 2714 demonstrationem,
1295 2664 1402 2720 quo
1441 2650 1703 2705 nimirum
1754 2652 1917 2707 modo

343 2753 409 2794 ea
456 2737 777 2809 accipienda
830 2738 904 2795 sit
952 2756 967 2795 :
1014 2739 1111 2795 sed
1153 2741 1410 2810 quoniam
1459 2748 1517 2796 et
1577 2742 1673 2796 tibi
1718 2749 1773 2797 et
1839 2745 1918 2798 tui

345 2830 616 2886 similibus
668 2829 827 2886 facile
869 2839 953 2887 est
1002 2847 1068 2886 ex
1095 2832 1288 2902 paucis
1331 2832 1564 2903 plurima
1608 2835 1914 2905 percipere,

344 2921 553 2976 idcirco
580 2922 903 2992 quaestionis
944 2922 1110 2992 hujus
1144 2924 1453 2979 tractationi
1479 2923 1639 2980 linem
1685 2925 1774 2981 hic
1817 2925 1918 2981 im-

344 3026 548 3085 ponere
566 3027 780 3084 mquum
813 3027 937 3070 esse
962 3013 1291 3069 existimavi.

419 3193 534 3268 (27)
563 3194 688 3268 Thr
712 3196 1010 3266 νοητὴν...
1045 3196 1245 3268 χάριν.
1276 3196 1555 3255 Combel'.:
1593 3197 1727 3265 Qui:
1751 3207 1920 3255 menta

346 3264 685 3336 intelligitur,
712 3264 965 3336 spiritali.

419 3334 541 3417 (28).
565 3334 1063 3417 Προσεχώρηᾳαν.
1088 3336 1312 3417 Logisse
1340 3337 1560 3417 videtur
1585 3335 1923 3417 Montacutio

347 3404 656 3478 Bililialdus
706 3404 1147 3478 προσεχώρησεν,
1169 3404 1295 3463 ’8οά
1339 3408 1461 3464 sine
1500 3422 1671 3478 causa
1712 3408 1921 3463 dictum

350 3475 420 3549 ab
450 3475 544 3530 illo
575 3485 679 3549 est,
709 3475 888 3549 inquit
916 3475 1102 3549 Morel.
1131 3478 1223 3533 Sic
1255 3479 1401 3533 enim
1437 3479 1599 3532 vertit
1632 3477 1878 3534 Bilibald.
1908 3497 1923 3533 :

351 3544 847 3618 PropterAisloru'm
879 3546 947 3601 ad
979 3566 1074 3603 nos
1101 3564 1262 3618 usque
1306 3565 1595 3603 accessum.
1633 3548 1711 3618 ita
1743 3550 1926 3618 potius

350 3616 702 3690 scribendum
723 3628 876 3690 esset
903 3619 998 3690 καὶ
1032 3616 1227 3690 μέχρις
1249 3620 1282 3690 ἡ
1294 3618 1409 3689 μῶν
1448 3616 1853 3689 προσχὼρησιν.

419 3686 530 3758 (29)
550 3688 851 3757 Ἀμερὴς...
867 3687 989 3743 τῶν
1001 3686 1352 3758 xpetiter
1372 3686 1575 3758 φύσις.
1593 3686 1752 3742 Haud
1780 3704 1837 3742 ra
1846 3704 1927 3753 ro,

385 3754 397 3765 .
419 3706 530 3771 (ευ)
553 3706 851 3757 Αμερης...
867 3706 989 3770 των
1001 3706 1352 3758 κρείττω-ων
1367 3706 1575 3812 going.
1597 3706 1752 3742 naua
1780 3706 1922 3753 raro,

351 3756 707 3825 attLontbef.,
734 3759 939 3816 Gramts
966 3759 1026 3813 τὸ
1053 3761 1333 3831 Κρεῖττον,
1415 3776 1506 3814 cus
1530 3776 1550 3826 ;
1570 3759 1637 3813 τά
1655 3759 1922 3831 Κρείττω,

2096 2373 2331 2428 Πλεῖστα
2367 2373 2465 2444 μὲν
2494 2366 2608 2438 οὖν,
2643 2363 2689 2425 ὦ
2719 2369 3034 2441 τιμιώτατε,
3065 2368 3289 2423 δυνατὸν
3320 2364 3389 2440 ἦν
3424 2369 3609 2441 εὑρεῖν

2026 2467 2121 2521 κα)⁵
2151 2465 2370 2519 πλείονα
2397 2464 2506 2518 τῶν
2546 2462 2885 2535 εἰρημένων,
2920 2461 3057 2532 πρὸς
3093 2459 3367 2526 ἀπόδειξιν
3395 2463 3604 2533 ἐναργῆ

2024 2559 2125 2632 τῆς
2157 2557 2593 2628 ἀναγκαιοτάτης
2613 2555 2826 2628 Πατρὸς
2854 2557 2948 2610 καὶ
2970 2554 3101 2608 Υίοῦ
3129 2556 3225 2608 καὶ
3253 2554 3407 2622 ἀγίου
3435 2554 3608 2608 Πνεύ-

2029 2666 2195 2721 ματος
2227 2646 2471 2709 ἐνώσεως
2496 2645 2632 2716 (50),
2661 2644 2721 2698 ὃν
2759 2645 2957 2714 τρόπον
2986 2643 3131 2714 ἔχειν
3160 2643 3329 2714 αὐτὴν
3356 2642 3606 2712 ὑπολαμ-

2026 2743 2209 2796 ϐάνειν
2248 2741 2357 2794 Bai”
2402 2738 2515 2793 ἀλλ’
2558 2736 2744 2808 ἐπειδὴ
2778 2737 2860 2790 σοί
2908 2754 2965 2790 τε
3011 2737 3106 2790 καὶ
3138 2738 3253 2800 τοῖς
3296 2736 3388 2815 σοι(
3422 2752 3608 2807 παρα-

2026 2833 2269 2907 πλησίοις
2295 2835 2425 2905 ῥᾷον
2463 2829 2523 2897 ἐξ
2550 2831 2743 2900 ὀλίγων
2773 2831 2839 2884 τά
2870 2830 3096 2884 πλεῖστα
3138 2828 3607 2900 καταμανθάνειν,

2024 2924 2212 2978 τούτου
2253 2924 2409 2994 χάριν
2452 2922 2688 2977 ἐνταῦθα
2734 2922 2824 2977 τὸν
2866 2924 3009 2994 περ).
3041 2921 3233 2976 τούτου
3269 2921 3463 2991 στῆσαι
3511 2920 3605 2977 τοῦ

2031 3016 2382 3090 θεωρήματος
2411 3014 2617 3069 δίκαιον
2647 3014 2834 3087 ᾠήθην
2873 3015 3050 3083 λόγον.

2066 3198 2227 3253 lurali
2258 3212 2487 3253 numero
2518 3212 2788 3268 nusquam
2820 3195 3090 3252 invenies.
3119 3194 3414 3267 Perperam
3441 3194 3610 3265 igitur

2074 3269 2150 3339 ill.
2185 3267 2295 3322 τῶν
2322 3267 2667 3339 κρειττόνων,
2703 3269 2896 3339 summi
2940 3267 3171 3339 numinis
3201 3276 3435 3339 natura;
3481 3280 3608 3339 ver-

2024 3334 2474 3413 tendumhpo'tius
2501 3338 2609 3391 τῶν
2637 3336 2983 3413 κρειττόνων.
3020 3337 3071 3390 id
3102 3345 3207 3413 est,
3245 3338 3354 3389 τῶν
3377 3334 3604 3413 νοητῶν,

2027 3406 2419 3479 spiritualium.
2478 3416 2538 3462 ut
2583 3406 2773 3464 revera
2818 3406 2958 3461 dixit
3006 3409 3308 3486 superius,_
3342 3406 3603 3486 mentium

2027 3477 2223 3605 scrape
2260 3487 2313 3534 et
2347 3493 2536 3533 eorum
2568 3494 2691 3550 qua:
2723 3487 2905 3534 mente
2958 3477 3076 3532 sola
3107 3477 3477 3547 percipiuntur
3510 3477 3602 3527 in-

2070 3564 2203 3604 ivtsa
2237 3557 2453 3603 natura.

2070 3549 2203 3604 ivisa
2237 3557 2453 3603 natura.

2103 3619 2216 3690 (50)
2256 3617 2581 3684 Ἐνώσεως.
2615 3617 2721 3690 Sic~
2750 3617 3035 3690 legendum
3079 3615 3320 3690 videtur.
3366 3610 3425 3690 [ιι
3454 3610 3602 3667 Edit.

2030 3683 2379 3761 ξρωτῆσεως,
2401 3683 2676 3761 vertitque
2708 3683 2868 3743 Billj:
2904 3686 3226 3753 Qutntiom's
3271 3684 3336 3761 de
3363 3683 3527 3738 Patre
3554 3692 3606 3737 et

2035 3754 2259 3814 Filia'et
2290 3758 2496 3830 Spiritu
2523 3754 2708 3814 sancto
2735 3774 2987 3829 perquam
3026 3754 3359 3811 necessariae.

382 3963 3603 4001 mm

1045 4140 1857 4252 FRAGMENTA

1983 4142 2160 4245 EX
2275 4143 2910 4250 OPEBIBUS

1276 4370 1353 4448 s.
1409 4367 1903 4448 GREGORlI
1968 4364 2595 4444 DEPERDITIS
2631 4349 2745 4419 Ul-

703 4815 1129 4888 Supplementum
1173 4827 1345 4873 textus
1370 4816 1648 4888 Orationis
1681 4817 1945 4871 adversus
1988 4816 2336 4876 fornicarins.
2365 4834 2429 4872 ea:
2462 4818 2721 4871 Vaticano
2750 4819 2927 4872 codice
2961 4833 3109 4871 num.
3137 4814 3268 4875 445,

1160 4889 1297 4961 quod
1332 4889 1387 4942 in
1416 4887 1560 4943 edita
1592 4888 1885 4957 Appendice
1919 4904 2138 4957 operum
2176 4889 2403 4946 stssm
2437 4889 2794 4943 desideratur.
3247 4905 3265 4914 ο

1020 5005 1174 5075 Δριιά
1233 5004 1676 5061 ΖΑσΑοκιυιι
1716 5006 1941 5063 Collect.
1992 5007 2235 5063 Monum.
2277 5007 2425 5065 Eccl.
2472 5008 2590 5074 Gr.,
2645 5025 2765 5080 pag.
2797 5008 2924 5064 352.

423 5157 611 5215 Perire
658 5159 790 5214 sinit
844 5160 991 5216 hunc
1032 5160 1197 5217 Deus.
1260 5159 1527 5231 Optabam
1578 5175 1607 5214 a
1660 5162 1816 5219 vobis
1863 5178 1918 5218 ne

2100 5165 2313 5237 Φθείρει
2338 5166 2525 5219 τοῦτον
2544 5167 2572 5219 ὁ
2600 5165 2755 5230 Θεός.
2793 5164 3127 5235 Ἐϐουλόμην
3150 5161 3303 5231 ὑμῶν
3326 5158 3460 5230 μηδὲ
3481 5156 3618 5227 πρὸς

353 5266 649 5321 parumper
676 5254 895 5322 quidem
937 5253 1199 5325 disjungi.
1232 5254 1372 5319 Quid
1397 5255 1542 5309 enim
1581 5256 1811 5311 suavius
1838 5273 1927 5328 pa-

352 5349 515 5397 terna
556 5345 981 5401 conversatione
1003 5346 1197 5401 amatis
1225 5345 1388 5402 ﬁliis?
1420 5348 1525 5401 Sed
1558 5349 1818 5418 quoniam
1840 5350 1926 5403 in-

356 5432 494 5487 vitat
524 5433 591 5487 ad
619 5448 822 5505 agones
857 5436 1078 5506 pietatis
1122 5435 1285 5501 ratio,
1328 5452 1552 5494 necesse
1584 5446 1671 5493 est
1703 5439 1770 5493 ad
1819 5449 1932 5494 sta-

355 5520 447 5574 dia
488 5538 731 5591 currere,
777 5525 1076 5595 assumptis
1119 5524 1383 5582 Ecclesiae
1409 5541 1635 5597 precum
1665 5526 1927 5596 adiutori-

302 5610 307 5617 ’
357 5616 482 5674 bus.
511 5618 900 5678 Verumtamen
933 5623 1035 5677 hoc
1060 5623 1281 5693 postulo
1314 5638 1344 5677 a
1386 5622 1656 5678 cbaritate
1704 5628 1926 5678 vestra:

449 5794 530 5871 (1)
564 5792 819 5852 Galland.
856 5799 997 5853 Bibl.
1027 5800 1201 5869 Pam,
1240 5800 1328 5866 Vl,
1362 5800 1488 5854 708.

2041 5256 2234 5328 μικρὸν
2275 5256 2708 5326 διαζεύγνυσθαι.
2767 5257 2834 5309 Τί
2885 5255 2994 5327 γὰρ
3040 5251 3372 5324 γλυκύτερον
3411 5247 3618 5318 πατρδς

2039 5346 2322 5409 συνουσίας
2380 5347 2761 5418 ἀγαπωμένων
2810 5346 2980 5409 υίῶν;
3047 5343 3188 5398 Ἀλλ’
3232 5340 3419 5408 ἐπειδὴ
3464 5337 3620 5390 καλεῖ

2040 5437 2175 5508 πρὸς
2204 5437 2419 5507 ἀγῶνας
2448 5440 2546 5510 τῆς
2571 5438 2852 5502 εὐσεϐείας
2877 5439 2905 5490 ό
2927 5437 3103 5505 λόγος,
3127 5436 3207 5489 δεῖ
3231 5434 3459 5504 δραμεῖν
3483 5430 3614 5500 πρὸς

2041 5529 2107 5583 τὰ
2144 5530 2462 5601 σκάμματα,
2509 5531 2612 5599 τῆς
2658 5530 2981 5601 Ἐκκλησίας
3012 5526 3187 5597 εὐχῶν
3222 5522 3512 5595 συνεργοὺς
3541 5520 3616 5573 εί-

2040 5622 2295 5693 ληφότας.
2341 5623 2483 5679 Ἀλλ’
2518 5625 2696 5678 ἐκεῖνο
2722 5619 3023 5677 παρακαλῶ
3047 5620 3145 5692 τὴν
3179 5605 3451 5688 ὑμετέραν
3478 5610 3615 5682 ἀγάσ
