3972 6208
314 346 343 408 ί
356 346 454 406 109
1715 360 1933 420 FRAGN

1998 362 2161 420 NTA.

3433 378 3572 437 ΙΙίῦ

306 488 420 543 πην
444 489 457 503 υ
494 468 799 564 Φυλάττετε
843 472 942 544 τὴν
987 474 1444 551 ὲκκλησιαστικὴν
1475 480 1750 550 εὐταξίαν,
1778 486 1880 540 κᾶν
1908 492 1933 549 1

1998 486 2232 545 l‘uemini
2259 487 2697 546 ecclesiasticam
2729 490 3075 564 disciplinam
3105 511 3118 548 :
3154 492 3372 551 tametsi
3397 497 3573 553 turba:

304 578 452 657 τινες
489 561 736 657 ταραχὰς
768 564 1238 657 Ϋπαρεμδάλλωσι,
1298 572 1484 625 νικᾶτε
1536 575 1889 649 μακροθυμίᾳ

1998 580 2241 651 quaedam
2282 580 2629 648 oboriantur,
2675 561 2886 639 vincite
2925 584 3342 657 longanimitate
3372 586 3572 657 hujus-

304 650 407 750 ea;
439 653 687 750 ταραχάς
707 669 724 688 ο
762 654 916 710 ἔσται
943 659 1051 729 γὰρ
1083 661 1184 715 οὐκ
1226 662 1308 725 είς
1345 662 1565 735 μακρὰν
1595 666 1702 719 τῶν
1728 666 1889 739 θορύ-

1998 650 2140 729 modi
2175 676 2399 739 turbas;
2431 675 2575 729 haud
2610 676 2754 730 enim
2798 676 2875 730 ita
2914 650 3089 732 multo
3129 688 3252 749 post
3278 650 3572 750 quiescent

308 743 418 798 ὕων
437 744 741 816 διόρθωσις.
773 749 864 819 Μὴ
893 752 1222 822 ταράττεσθε
1246 754 1478 826 φήμαις,
1500 756 1575 828 μὴ
1598 759 1889 830 φλυαρίαις

1998 765 2263 822 tumultus
2289 766 2364 819 hi.
2398 766 2476 821 Ne
2512 768 2833 823 terreamini
2866 771 3209 834 rumoribus,
3264 787 3372 827 neu
3411 774 3573 829 vanis

310 836 704 934 adpetitur-etwa
724 877 739 904 ,
772 840 889 894 ἀλλ’
919 842 1084 913 εὐχὰς
1114 846 1244 915 ἡμῖν
1279 846 1609 919 συνοπόρους
1638 850 1715 919 (2)
1747 852 1888 920 πέμ-

1998 857 2450 911 commoveamini
2475 858 2812 927 garritibus;
2846 861 2941 917 sed
2962 862 3307 919 orationibus
3330 878 3431 921 nos
3471 879 3572 934 op-

307 923 448 1023 tlvats
471 966 487 991 ,
538 926 625 981 ἵνα
654 931 777 991 ταῖς
806 930 993 1001 εὐχαῖς
1035 933 1189 1004 ὑμῶν
1218 934 1616 1008 δυναμώμενοι,
1648 941 1890 1011 εῐπωμεν

1998 948 2251 1016 portunis
2299 949 2580 1016 deducite,
2624 966 2734 1022 quo
2772 954 3025 1023 precibus
3064 955 3266 1010 vestris
3304 923 3571 1019 roboraii,
3616 944 3621 949 ’

308 1017 369 1069 ὲν
400 1019 560 1072 παντὶ
586 1019 782 1091 καιρῷ,
810 1022 961 1097 παρὰ
992 1024 1094 1095 τῆς
1115 1024 1265 1090 θείας
1295 1026 1646 1100 βοηθούμενοι
1673 1031 1854 1102 ἰσχύος
1872 1050 1885 1064 ο

307 1108 516 1164 Πάντα
558 1112 752 1182 ίσχύω
776 1113 849 1168 ἐν
892 1113 973 1181 τῷ
1028 1116 1466 1187 ἐνδυναμοῦντί
1491 1138 1569 1190 με
1615 1123 1850 1191 Χριστῷ
1873 1143 1887 1157 ·

308 1200 390 1272 τῷ
414 1203 447 1273 ἡ
472 1202 601 1269 δόξα
628 1206 711 1269 είς
736 1207 863 1271 τοὺς
884 1207 1087 1273 αἰῶνας
1114 1209 1223 1264 τῶν
1253 1211 1487 1268 αἰώνων.
1528 1213 1725 1286 Ἀμήν.

1997 1037 2247 1095 dicamus
2275 1041 2424 1095 omni
2456 1050 2701 1112 tempore
2728 1042 2911 1098 divina
2945 1044 3116 1115 adjuti
3155 1045 3359 1100 virtute
3395 1063 3409 1099 :
3441 1044 3571 1100 0m-

1998 1131 2091 1184 nia
2121 1145 2339 1199 possunt
2377 1133 2432 1187 in
2476 1149 2554 1196 eo,
2580 1135 2671 1205 qui
2704 1150 2784 1189 me
2812 1134 3105 1205 confortat,
3145 1134 3359 1190 Christo
3387 1134 3403 1166 ³
3433 1150 3447 1188 :
3482 1133 3573 1189 cui

2000 1230 2085 1277 est
2115 1222 2292 1294 gloria
2321 1224 2375 1278 in
2412 1227 2612 1281 saecula
2644 1226 2998 1283 saeculorum.
3029 1226 3226 1282 Amen.

1359 1440 1446 1495 Ea:
1469 1460 1709 1502 sermone
1739 1448 1793 1503 in
1821 1447 2139 1507 Orationem
2166 1451 2527 1510 Dominicam.

989 1554 1139 1624 Apud
1171 1555 1332 1612 Mtcn.
1373 1556 1632 1624 LEQUIEN.
1676 1561 2006 1621 Dissertat.i
2042 1566 2321 1635 Damasc.,
2351 1571 2378 1643 §
2405 1587 2572 1638 van,
2610 1587 2732 1644 pag.
2773 1590 2906 1629 χιιι.

380 1671 450 1726 ’0
484 1688 544 1725 τε
574 1671 684 1743 γὰρ
724 1671 853 1736 Υἱὸς
896 1673 962 1726 ὲκ
995 1673 1090 1727 τοῦ
1145 1674 1358 1746 Πατρὸς
1400 1677 1653 1748 ἐξῆλθεν,
1706 1680 1891 1745 καθώς

2067 1683 2204 1739 Nam
2235 1693 2290 1741 et
2323 1685 2499 1743 Filius
2544 1687 2713 1743 exivit
2752 1704 2782 1742 a
2830 1688 3014 1753 Patre,
3056 1696 3116 1743 ut
3146 1689 3223 1743 ait
3257 1689 3569 1762 Scriptura,

310 1779 476 1834 φησιν
525 1764 559 1834 ἡ
602 1763 828 1833 Γραφὴ,
876 1763 972 1816 καὶ
1003 1764 1065 1817 τὸ
1112 1765 1342 1837 Πνεῦμα
1383 1768 1448 1821 ἐκ
1490 1768 1584 1822 τοῦ
1615 1770 1750 1824 Θεοῦ
1795 1772 1890 1825 καὶ
1926 1850 1933 1852 _

1998 1785 2051 1832 et
2082 1777 2322 1847 Spiritus
2354 1793 2421 1835 ex
2460 1778 2569 1834 Deo
2599 1787 2653 1834 et
2679 1778 2842 1834 Patre
2866 1779 3137 1849 procedit.
3164 1778 3269 1835 Sed
3305 1783 3573 1852 quemad-

309 1855 464 1927 παρὰ
493 1857 702 1926 Πατρὸς
733 1856 1112 1927 ἐκπορεύεται.
1176 1858 1316 1912 Ἀλλ’
1348 1860 1540 1934 ὥσπερ
1561 1862 1623 1915 τὸ
1649 1863 1778 1917 ἄνευ
1808 1866 1894 1917 αἱ·
1924 1850 1933 1904 Ῑ

1998 1868 2215 1923 modum
2258 1871 2381 1925 sine
2418 1871 2693 1941 principio
2723 1886 2870 1934 esse,
2908 1884 3033 1925 eum
3061 1870 3134 1925 sit
3157 1870 3339 1927 Patris
3371 1873 3571 1940 solius,

307 1946 433 2011 τίας
478 1943 644 2012 εἶναι,
682 1948 846 2018 μόνου
898 1947 992 2002 τοῦ
1026 1950 1241 2020 Harpe;
1285 1952 1366 2016 ὃν,
1420 1954 1499 2024 τῷ
1540 1955 1653 2026 Υίῷ
1699 1956 1793 2011 καὶ
1814 1955 1892 2026 τῷ

309 2037 591 2106 ΙΙνεύματι
622 2038 1024 2111 ὲναρμοσθῆναι
1047 2043 1108 2095 οὐ
1140 2040 1389 2112 δύναται,
1407 2044 1549 2098 οὐτω
1572 2047 1632 2099 τδ
1655 2047 1893 2118 ἔμπαλιν

308 2132 373 2186 τὸ
401 2133 460 2198 ἐξ
486 2135 666 2198 αἰτίας
696 2131 838 2188 εἶναι
856 2176 870 2201 ,
927 2136 1063 2207 ὅπερ
1087 2135 1220 2191 ἴδιόν
1248 2139 1369 2191 ἐστι
1394 2138 1489 2193 τοῦ
1514 2138 1642 2195 Υἱοῦ
1672 2142 1765 2196 καὶ
1796 2142 1890 2197 τοῦ

309 2222 648 2295 Πνεῦματος,
678 2223 755 2296 τῷ
776 2225 949 2296 Πατρὶ
970 2224 1410 2300 ὲπιθεωρηθῆναι
1440 2229 1601 2299 φύσιν
1626 2233 1728 2285 οὐκ
1756 2230 1891 2302 ἔχει.

306 2314 508 2368 Κοινοῦ
558 2316 615 2369 δὲ
662 2315 814 2380 ὄντος
844 2316 922 2387 τῷ
951 2316 1067 2388 Υίῷ
1108 2319 1203 2371 καὶ
1242 2316 1321 2390 τῷ
1351 2320 1632 2390 Πνεῦματι
1668 2322 1761 2376 τοῦ
1811 2322 1887 2394 μὴ

305 2407 625 2479 ἀγεννήτως
667 2404 839 2473 εἶναι,
871 2407 948 2473 ὡς
998 2408 1065 2462 ἃν
1108 2410 1181 2481 μή
1229 2427 1313 2474 τις
1357 2410 1618 2483 σύγχυσις
1658 2413 1787 2485 περὶ
1831 2415 1895 2469 τὸ

309 2500 668 2571 ὑποκείμενον
715 2500 1052 2572 θεωρηθείη,
1089 2502 1249 2554 πάλιν
1305 2501 1455 2556 ἐστιν
1514 2505 1747 2573 ἄμικτον
1795 2504 1894 2577 τὴν

307 2592 370 2645 ὲν
406 2594 519 2655 τοῖς
564 2591 847 2662 ίδιώμασιν
882 2593 1059 2649 αὐτῶν
1101 2593 1361 2666 διαφορὰν
1398 2595 1675 2669 ἐξευρεῖν,
1717 2596 1793 2660 ὡς
1826 2596 1894 2652 ἂν

309 2681 406 2735 καὶ
437 2680 499 2736 τὸ
524 2682 702 2738 κοινὸν
727 2683 1047 2756 φυλαχθείη,
1082 2685 1175 2739 καὶ
1203 2686 1264 2739 τὸ
1299 2687 1429 2740 ἴδιον
1464 2686 1541 2758 μὴ
1573 2686 1890 2759 συγχυθείη.

322 2773 381 2827 '0
398 2774 507 2846 γὰρ
538 2774 832 2847 μονογενὴς
848 2776 975 2841 Υἱὸς
1006 2778 1072 2831 ὲκ
1091 2777 1185 2831 τοῦ
1207 2779 1415 2850 Πατρὸς
1437 2779 1588 2853 παρᾶ
1609 2779 1710 2850 τῆς
1731 2780 1894 2849 ἁγίας

307 2865 532 2938 Γραφῆς
564 2868 911 2939 ὀνομάζεται,
966 2870 1061 2923 καὶ
1093 2871 1256 2942 μέχρι
1279 2873 1471 2925 τούτου
1497 2871 1525 2924 ὁ
1554 2871 1711 2940 λόγος
1742 2871 1895 2943 ἴστηο

311 2975 397 3012 σιν
426 2959 574 3029 αὐτῷ
603 2959 663 3013 τὸ
699 2961 912 3032 ἰδίωμα.
944 2962 1019 3016 Τὸ
1036 2963 1093 3017 δὲ
1125 2963 1278 3032 ἅγιον
1310 2962 1532 3034 Πνεῦμα
1573 2966 1667 3018 καὶ⁵
1698 2965 1763 3019 ὲκ
1795 2963 1888 3018 τοῦ

309 3051 522 3124 Πατρὸς
561 3053 814 3121 λέγεται,
853 3054 952 3108 καὶ
985 3054 1055 3108 ἐκ
1098 3054 1204 3108 τοῦ
1238 3056 1374 3110 Υίοῦ
1403 3053 1556 3110 εἶναι
1604 3073 1894 3132 προσμαρ-

308 3146 574 3214 τυρεῖται.
619 3147 687 3198 Ei
739 3147 846 3216 γάρ
895 3163 987 3212 τις
1019 3147 1263 3217 Πνεῦμα
1292 3146 1554 3217 Χριστοῦ
1597 3151 1709 3204 οὐκ
1744 3150 1891 3219 ἔχει,

312 3234 512 3305 φησὶν,
558 3231 736 3303 οὗτος
786 3239 897 3291 οὐκ
944 3238 1117 3293 ἐστιν
1161 3241 1370 3296 αὐτοῦ.
1434 3240 1645 3296 Οὐκοῦν
1685 3241 1747 3295 τὸ
1794 3243 1894 3312 μὲν

312 3328 543 3398 Πνεῦμα
589 3331 653 3382 ἐκ
699 3329 792 3383 τοῦ
835 3330 993 3399 θεοῦ,
1041 3333 1135 3386 καὶ
1194 3333 1330 3387 Θεοῦ
1365 3333 1588 3404 Πνεῦμά
1611 3334 1777 3389 ἐστιν.
1839 3334 1898 3387 ὐ

1994 1957 2136 2013 Filio
2157 1966 2213 2013 et
2237 1957 2473 2029 Spiritui
2512 1967 2706 2015 sancto
2738 1958 3034 2014 convenire
3074 1975 3183 2015 non
3226 1968 3441 2031 potest:
3489 1963 3573 2018 sic

1992 2058 2187 2106 contra
2221 2065 2252 2105 a
2285 2050 2559 2121 principio
2586 2066 2734 2117 esse,
2768 2050 2913 2121 quod
2944 2058 3031 2107 est
3060 2054 3340 2122 preprium
3373 2053 3496 2108 Filii
3518 2062 3574 2108 et

1996 2139 2258 2212 Spiritus,
2291 2142 2347 2197 in
2382 2140 2550 2197 Patre
2582 2143 2920 2198 considerari
2956 2150 3154 2197 natura
3199 2159 3308 2198 non
3342 2144 3570 2214 patitur.

1990 2232 2114 2288 Jam
2144 2248 2270 2289 cum
2314 2232 2455 2289 Filio
2482 2242 2537 2290 et
2569 2232 2802 2305 Spiritui
2832 2243 3028 2289 sancto
3054 2249 3346 2291 commune
3379 2236 3470 2298 sit,
3514 2246 3574 2290 ut

1992 2340 2105 2381 non
2142 2325 2385 2396 ingenito
2430 2326 2594 2381 modo
2618 2326 2917 2390 exsistant,
2963 2341 3033 2380 ne
3066 2342 3172 2396 qua
3226 2327 3279 2379 in
3323 2328 3574 2396 subjecto

1992 2416 2252 2475 conlusio
2292 2424 2611 2486 spectetur:
2658 2433 2853 2473 rursus
2893 2418 3468 2472 incommunicabilem
3518 2419 3573 2473 in

1992 2523 2183 2565 eorum
2218 2508 2651 2578 proprietatibus
2686 2507 3051 2562 diderentiam
3088 2507 3336 2563 invenire
3368 2523 3581 2578 possua

1994 2616 2117 2655 tuus
2140 2639 2156 2664 ,
2200 2608 2261 2654 ut
2308 2610 2362 2655 et
2397 2599 2541 2669 quod
2573 2615 2867 2655 commune
2896 2609 2979 2655 est
3025 2608 3300 2665 servetur,
3335 2609 3390 2654 et
3426 2601 3575 2670 quod

1995 2691 2279 2762 proprium
2307 2699 2392 2747 est
2422 2707 2531 2747 non
2572 2692 2969 2747 confundatur.
3009 2691 3226 2747 Etenim
3257 2693 3575 2763 unigenitus

1995 2782 2168 2839 Filius
2189 2799 2255 2838 ex
2279 2783 2441 2838 Patre
2469 2783 2525 2838 in
2547 2782 2833 2855 Scriptura
2867 2799 3023 2840 sacra
3049 2783 3276 2847 dicitur,
3306 2795 3361 2839 et
3387 2784 3576 2839 hacte-

1996 2889 2102 2931 nus
2138 2875 2260 2945 ejus
2299 2876 2692 2946 pr0prietatem
2736 2876 2885 2931 illius
2932 2876 3186 2933 doctrina
3240 2875 3454 2932 deﬁnit.
3507 2876 3578 2930 At

1997 2966 2237 3039 Spiritus
2285 2978 2513 3023 sanctus
2562 2978 2613 3024 et
2658 2983 2724 3023 ex
2767 2967 2933 3025 Patre
2976 2968 3200 3034 dicitur,
3243 2978 3294 3023 et
3334 2984 3400 3023 ea:
3436 2966 3578 3022 Filio

1993 3077 2109 3117 esse
2141 3061 2480 3131 perhibetur.
2528 3059 2590 3116 Si
2629 3061 2747 3131 quis
2792 3060 2961 3125 enim,
2992 3061 3092 3125 ait,
3125 3058 3387 3129 Spiritum
3423 3057 3579 3115 Chri-

1995 3153 2065 3208 sti
2091 3169 2196 3208 non
2241 3153 2415 3216 habet,
2449 3152 2535 3206 llic
2587 3168 2690 3206 non
2733 3161 2811 3208 est
2855 3153 3021 3220 ipsius
3048 3153 3091 3208 '.
3140 3152 3308 3222 Igitur
3337 3151 3579 3221 Spiritus

1996 3243 2089 3313 qui
2119 3258 2186 3298 ex
2214 3240 2327 3297 Deo
2358 3251 2465 3304 est.
2504 3242 2671 3297 etiam
2726 3242 2820 3296 Dei
2863 3243 3101 3313 Spiritus
3130 3251 3236 3299 est.
3274 3244 3341 3297 At
3378 3242 3578 3307 Filius,

1995 3349 2118 3388 eum
2152 3349 2217 3390 ex
2252 3333 2361 3390 Deo
2387 3335 2484 3396 sit,
2520 3350 2631 3387 non
2658 3333 2771 3403 jam
2815 3340 3000 3390 tamen
3024 3334 3193 3390 Filius
3218 3334 3459 3406 Spiritus
3484 3341 3579 3389 aut

312 3416 372 3470 δὲ
400 3417 528 3481 Υἱὸς
573 3419 638 3472 ὲκ
670 3417 806 3472 Θεοῦ
858 3418 965 3485 ὢν,
1013 3421 1199 3475 οὐκέτι
1249 3422 1343 3475 καὶ
1376 3422 1724 3492 Πνεῦματος,
1770 3421 1895 3476 οὐτε

1998 3434 2104 3492 est,
2154 3436 2249 3481 aut
2287 3426 2495 3482 dicitur
2527 3445 2540 3480 :
2571 3442 2749 3496 neque
2801 3427 2916 3483 haec
2970 3427 3200 3482 relativa
3250 3426 3570 3485 consecutio

309 3509 477 3572 ἐστὶν,
506 3509 629 3564 οὐτε
660 3511 899 3581 λέγεται’
925 3513 1044 3567 οὐδὲ
1080 3514 1408 3586 ἀναστρέφει
1438 3516 1472 3585 ἡ
1506 3514 1729 3585 σχετικὴ
1762 3513 1893 3568 ἁκο-

1998 3517 2361 3572 convertitur.

311 3600 497 3658 λουθία
525 3602 687 3677 αὐτη.

1198 3832 1279 3886 Ex
1307 3848 1548 3888 sermone
1574 3833 1627 3887 in
1654 3832 1788 3888 illud
1817 3849 1836 3886 :
1870 3829 1970 3887 Hic
1995 3837 2082 3888 est
2110 3829 2284 3887 Filius
2310 3844 2463 3887 meus
2481 3830 2734 3887 dilectus.

895 3948 1048 4019 Apud
1075 3946 1133 4004 S.
1169 3946 1413 4003 Joaxssu
1446 3946 1807 4031 Danasesxuu
1833 3964 1899 4003 ea:
1930 3946 2086 4004 Sacr.
2124 3944 2380 4002 Parallel.
2419 3956 2547 4002 tom.
2581 3944 2667 4013 II,
2705 3960 2830 4016 pag.
2866 3944 2990 4003 773.

380 4060 449 4116 Τί
469 4061 530 4116 τδ
556 4062 832 4116 πιστεύειν
851 4062 1099 4133 ἀφέντες,
1119 4062 1543 4134 τεχνολογοῦμεν
1560 4064 1661 4134 τὴν
1685 4063 1888 4131 πίστιν,

2071 4062 2216 4131 Quid
2251 4073 2358 4130 est,
2396 4063 2542 4138 quod
2577 4063 2807 4119 dimissa
2855 4061 2961 4118 ﬁde
3003 4061 3335 4119 artiﬁciosos
3368 4062 3435 4119 de
3480 4063 3582 4121 fide

313 4155 409 4210 καὶ
433 4155 748 4228 πληροῦμεν
778 4155 874 4227 τὴν
901 4155 1197 4227 ἐπιθυμίαν
1229 4155 1323 4209 τοῦ
1355 4156 1533 4209 κοινοῦ
1560 4155 1889 4228 δυσμενοῦς;

2000 4171 2285 4213 sermones
2301 4158 2593 4221 nectimus,
2624 4164 2678 4211 ct
2708 4155 3019 4210 communis
3052 4155 3225 4210 hostis
3242 4153 3580 4210 desiderium

314 4247 681 4316 Λογισάμενος
696 4247 807 4319 γὰρ
826 4249 854 4301 ὁ
876 4246 1141 4310 διάϐολος,
1161 4246 1189 4299 ὁ
1215 4248 1391 4311 κοινὸς
1415 4250 1514 4318 τῆς
1536 4248 1889 4319 ἀνθρωπότη-

2000 4248 2294 4320 impletnus
2314 4248 2337 4302 ?
2361 4244 2626 4303 Diabolus
2653 4246 2927 4317 siquidem
2956 4246 3314 4299 humanitatis
3333 4260 3583 4299 commu-

311 4356 407 4403 τις
443 4339 679 4410 λυμεὼν,
711 4340 791 4393 ὃτι
825 4339 1065 4411 γαλήνης
1098 4339 1154 4392 ὲν
1188 4340 1320 4411 ἡμῖν
1351 4337 1797 4411 πολιτευομένης,
1823 4340 1892 4393 τὰ

1999 4340 2088 4396 nis
2117 4339 2339 4394 vitiator
2371 4338 2475 4393 hoc
2506 4353 2695 4393 secum
2721 4346 3007 4406 reputans,
3038 4335 3182 4407 quod
3218 4337 3263 4390 si
3297 4336 3581 4406 tranquilli

310 4430 414 4501 τῆς
454 4430 733 4495 εὐσεϐείας
771 4430 957 4494 ἀνθεῖ,
1017 4431 1117 4501 τῆς
1164 4430 1401 4495 πίστεως
1448 4430 1506 4483 δὲ
1556 4430 1888 4503 κρατούσης,

1999 4445 2248 4502 agamus,
2280 4429 2475 4500 religio
2505 4427 2734 4495 ﬂoreat;
2769 4427 3140 4481 incalescente
3176 4442 3305 4482 vero
3348 4426 3470 4491 nde,
3503 4429 3585 4482 vi-

311 4519 515 4586 εὐζωῒα
548 4524 767 4593 κρατεῖ,
819 4519 961 4589 φίλοι
991 4537 1051 4573 τε
1095 4519 1188 4573 τοῦ
1221 4519 1563 4591 Δημιουργοῦ
1605 4520 1889 4591 γινόμεθα,

1998 4521 2248 4576 vaciores
2291 4520 2485 4574 liamus
2530 4527 2585 4572 et
2620 4519 2778 4572 amici
2808 4517 3123 4571 Conditoris
3155 4517 3474 4579 evadamus.
3516 4534 3584 4575 ne

313 4613 402 4666 ἵνα
432 4614 507 4683 μὴ
540 4613 887 4683 ἐπέλθωμεν,
919 4610 1040 4665 ὅθεν
1066 4611 1273 4674 ἐκεῖνος
1312 4610 1590 4677 ἐξέπεσεν,
1629 4614 1793 4683 ὁρᾷτε
1839 4611 1893 4664 τί
1925 4594 1933 4648 1

1998 4611 2131 4665 illuc
2158 4609 2305 4665 unde
2334 4609 2535 4665 excidit
2562 4606 2970 4679 perveniamus,
3003 4605 3184 4661 videte
3223 4605 3353 4674 quid
3383 4604 3580 4673 egerit,

312 4706 601 4778 πεποίηκε,
640 4706 734 4759 καὶ
763 4704 881 4769 πῶς
910 4703 1235 4777 πανούργως
1274 4703 1365 4757 τὸν
1393 4703 1514 4757 καθ’
1550 4704 1698 4774 ἡμᾶς
1729 4705 1897 4775 ἐρρα-

1998 4713 2052 4759 et
2082 4719 2245 4775 quam
2266 4712 2447 4759 astute
2479 4703 2679 4757 bellum
2712 4700 3005 4756 adversum
3034 4714 3135 4753 nos
3156 4697 3441 4754 struxerit.
3470 4696 3583 4750 Ma-

311 4795 534 4867 ψῴδηκε
572 4795 826 4866 πόλεμον.
869 4794 927 4849 ὐ
970 4794 1393 4865 μηχανορῤάςρος
1421 4792 1531 4847 τῶν
1559 4792 1766 4869 κακῶν,
1801 4794 1896 4847 καὶ

1998 4797 2177 4853 lorum
2236 4795 2587 4849 machinator
2626 4793 2737 4857 ille,
2782 4792 3036 4861 dolisque
3080 4805 3268 4860 sagax,
3328 4795 3580 4843 versutus

311 4886 476 4955 σοφὸς
513 4888 571 4939 ἐν
598 4886 867 4949 ἀπάταις,
920 4885 1014 4939 καὶ
1050 4886 1293 4948 ποικίλος
1335 4887 1393 4938 ὲν
1422 4885 1767 4953 ἐπιϐουλαῖς,
1801 4886 1894 4940 καὶ⁵

1998 4889 2051 4944 in
2080 4887 2322 4951 insidiis,
2362 4895 2417 4941 et
2459 4885 2715 4955 pessimis
2752 4883 2967 4938 artibus
3010 4881 3279 4951 locuples,
3312 4878 3580 4951 quosdam

310 4978 565 5042 πλούσιος
594 4979 652 5032 ἂν
690 4981 804 5042 τοῖς
847 4979 1039 5040 κακοῖς
1075 4976 1454 5048 μηχανήμασι,
1489 4976 1893 5047 παρασκευάζει

1998 4979 2284 5042 subornat,
2326 4975 2420 5047 qui
2455 4982 2738 5043 assumpta
2789 4973 3013 5044 pietatis
3058 4973 3245 5043 specie
3288 4970 3417 5026 ﬁdei
3464 4971 3581 5025 bel-

306 5071 460 5134 τινὰς
501 5073 560 5125 ὲν
604 5072 954 5143 προσχήματι
985 5069 1085 5141 τῆς
1129 5069 1410 5133 εὐσεϐείας
1457 5068 1890 5142 στρατεύσασθαι

1998 5072 2109 5126 lum
2133 5069 2379 5125 inierant
2409 5087 2423 5122 :
2450 5082 2752 5136 omnesque
2782 5065 3067 5136 religionis
3108 5064 3350 5119 cultores
3384 5063 3579 5117 borum

308 5164 454 5219 κατὰ
481 5163 584 5236 τῆς
616 5166 876 5231 πίστεως,
899 5165 995 5217 καὶ
1023 5163 1158 5217 πᾶσι
1183 5162 1295 5226 τοῖς
1326 5158 1576 5216 εὐσεϐέσι
1615 5161 1684 5215 δι’
1711 5161 1889 5216 αὐτῶν

1998 5162 2308 5233 importuna
2340 5158 2694 5216 contentione
2722 5159 2777 5215 in
2811 5157 3106 5230 perniciem
3141 5157 3448 5211 animarum
3491 5156 3576 5211 in-

308 5254 541 5328 ᾶκαιρον
571 5256 924 5327 φιλονεικίαν,
974 5257 1067 5311 καὶ
1098 5254 1440 5327 ψυχοφθόρον
1485 5254 1705 5309 ἐνέϐαλε
1736 5255 1892 5309 πόλι-
1928 5273 1933 5283 ·

1998 5254 2137 5310 l'esto
2161 5254 2361 5325 prmlio
2397 5251 2671 5316 adoritur,
2701 5268 2811 5323 quo
2832 5249 3094 5305 Ecclesia:
3117 5247 3363 5304 membra
3386 5263 3581 5303 manus

313 5363 414 5413 μον
433 5388 447 5411 ,
496 5350 591 5403 καὶ
643 5350 744 5421 τῆς
788 5348 1112 5420 Ἐκκλησίας
1176 5346 1246 5402 τὰ
1289 5345 1425 5419 μέλη
1473 5348 1596 5401 κατ’
1643 5347 1891 5419 ἀλλήλων

1998 5348 2138 5403 inter
2170 5362 2230 5402 se
2259 5354 2576 5403 conserant.
2619 5344 2988 5412 Quamobrem
3029 5343 3083 5399 in
3130 5349 3297 5413 caput
3343 5341 3580 5411 improbi

307 5439 658 5511 ἐστράτευσε.
689 5442 1018 5514 Στρέψωμεν
1043 5441 1223 5495 τοίνυν
1249 5440 1388 5494 κατὰ
1407 5440 1507 5508 τῆς
1530 5439 1696 5493 αὐτοῦ
1722 5456 1891 5511 κεφαο

1998 5440 2322 5514 sapientiam
2366 5441 2511 5496 hanc
2554 5448 2967 5502 convertemus,
3020 5436 3257 5508 ejusque
3312 5434 3579 5507 gaudium

309 5529 411 5605 λῆς
442 5533 600 5589 τοῦτο
641 5534 706 5607 δὴ
753 5537 815 5589 τὸ
845 5535 1039 5605 σοφὸν,
1094 5534 1188 5589 καὶ
1216 5532 1315 5605 τὴν
1357 5533 1699 5606 εὐφροσύνην
1723 5534 1888 5589 αὐτοῦ

1998 5535 2051 5592 in
2084 5532 2329 5591 dolorem
2378 5541 2435 5589 et
2475 5533 2685 5588 luctum
2736 5529 3024 5588 solaminis
3068 5534 3350 5600 expertem
3399 5531 3582 5583 mute-

382 5672 405 5706 ⁵
430 5634 663 5744 Philipp.
693 5690 768 5736 Iv,
800 5675 883 5729 l3.
959 5674 979 5706 ’
1022 5671 1177 5728 Rom.
1222 5687 1338 5737 VIII,
1377 5671 1432 5727 9.

383 5808 466 5885 (Β)
489 5814 567 5869 Ex
600 5815 917 5885 conjectura
947 5815 1049 5871 viri
1094 5814 1243 5871 docti
1268 5821 1321 5871 et
1344 5810 1665 5885 interpretis
1705 5809 1933 5883 legendu

2023 5810 2243 5868 videtur
2278 5808 2710 5883 συνοδοιπόρους.
