3972 6208
413 309 549 369 illi

1674 320 1730 374 S.
1772 318 2103 377 GREGURII
2134 321 2431 379 NYSSENI

3556 317 3701 374 1119.

412 441 559 483 mus.
590 421 789 483 Pacem
830 440 994 497 quam
1032 427 1123 484 ille
1154 426 1289 494 odit,
1324 430 1748 501 amplectamur.
1776 431 1821 484 Α
1850 447 2018 494 con-.

2101 435 2479 505 ιεταϐάλωμεν
2509 437 2589 500 είς
2611 434 2825 507 ὀδύνην,
2856 435 2950 492 καὶ
2992 436 3185 501 πένθος
3218 431 3700 506 ἀπαρηγόρητον.

412 515 749 573 tentionibus
799 517 1193 585 abstineamus,
1230 527 1285 575 et
1334 536 1366 575 a
1403 522 1721 592 dogmatum
1760 524 1989 582 vocibus

414 608 829 679 cxpendendis.
857 608 1212 682 Nequaquam
1245 613 1388 667 ultra
1432 604 1821 685 magistrorum
1866 633 1990 673 esse

418 701 667 773 magistri
689 702 945 760 velimus.
984 702 1427 775 Disceptationes
1450 707 1755 775 oderimus,
1786 709 1990 779 quibus

417 793 697 849 auditores
744 794 1154 851 subvertantur.
1208 795 1282 851 Ita
1314 798 1627 868 credamus,
1668 800 1749 855 uti
1806 808 1992 871 patres

344 903 355 916 ο
419 887 593 942 nostri
653 886 1020 942 tradiderunt.
1054 886 1312 944 Patribus
1371 891 1580 945 nostris
1632 892 1993 961 sapientiores

418 992 528 1031 non
577 992 790 1044 sumus,
828 993 939 1034 non
982 978 1306 1047 doctoribus
1359 981 1756 1036 accuratiorcs.
1806 981 1993 1052 Inpa-

418 1084 527 1123 cem
573 1081 668 1124 nos
704 1071 906 1125 vocavit
943 1069 1082 1125 Deus
1104 1071 1147 1137 ³,
1188 1086 1300 1126 non
1339 1072 1392 1126 in
1425 1087 1685 1144 pugnam.
1716 1072 1993 1140 Quemad-

420 1158 643 1213 modum
690 1175 882 1217 sumus
925 1163 1131 1228 vocati,
1185 1163 1266 1218 sic
1306 1165 1550 1235 mysticae
1578 1181 1782 1222 mensae
1811 1166 1996 1221 adhae-

421 1265 642 1307 reamus
664 1267 722 1306 tn
743 1266 852 1322 qua
872 1255 1120 1312 ccelestia
1141 1258 1559 1328 participamus.
1588 1257 1708 1314 Non
1740 1259 1986 1314 commit.

420 1354 622 1404 tamus.
652 1355 712 1404 ut
740 1364 909 1418 penes
940 1348 1083 1406 idem
1107 1365 1294 1408 mensa
1325 1364 1433 1405 una
1457 1350 1725 1418 fruamur,
1754 1366 1816 1407 ac
1836 1352 1995 1407 nobis

422 1433 656 1490 invicem
700 1437 1027 1495 insidiemur
1059 1460 1074 1498 :
1112 1458 1221 1498 non
1256 1441 1349 1497 hic
1393 1442 1798 1498 communionis
1834 1444 1991 1506 socii,

425 1540 488 1581 ac
521 1525 662 1584 l‘oris
690 1529 1062 1590 insidiatores.

2094 528 2459 599 Πενθήσωμεν
2479 529 2557 600 (5)
2584 529 2684 599 τὴν
2709 530 2952 601 εἰρήνην,
2972 529 3039 601 ἦν
3061 530 3267 592 ἐκεῖνος
3300 529 3488 600 μισεῖ.
3512 525 3701 578 Κατα-

2094 619 2363 691 λείψωμεν
2394 620 2455 673 τὸ
2486 619 2818 691 ζυγομαχεῖν
2837 660 2850 682 ,
2898 621 2994 675 καὶ
3020 620 3337 690 σταθμίζειν
3361 616 3477 682 τὰς
3518 615 3702 681 λέξεις

2097 712 2188 766 τοῦ
2216 712 2504 783 δόγματος.
2561 712 2909 778 Παυσὼμεθα
2952 712 3047 765 τοῦ
3082 711 3255 765 θέλειν
3278 705 3431 763 εἶναι
3469 705 3592 760 τῶν
3617 704 3701 756 δι-

2098 803 2379 858 δασκάλων
2412 803 2738 859 διδάσκαλοι.
2768 805 3107 875 Μισήσωμεν
3134 803 3197 856 τὸ
3220 800 3570 872 λογομαχεῖν
3602 796 3700 849 ἐπὶ

2099 896 2449 966 καταστροφῇ
2481 895 2591 948 τῶν
2617 895 2944 950 ἀκουόντων.
2976 892 3364 961 Πιστεύσωμεν
3391 890 3478 953 ὡς
3504 890 3560 941 ei.
3591 903 3699 939 παο

2096 983 2253 1054 τέρες
2284 983 2441 1053 ἡμῶν
2482 982 2890 1055 παραδέδωκαν.
2943 984 3058 1037 Οὐκ
3095 982 3260 1052 ἐσμὲν
3282 980 3395 1033 τῶν
3429 976 3696 1047 πατέρων

2100 1074 2429 1144 σοφώτεροι·
2456 1074 2557 1127 οὐκ
2576 1075 2744 1143 ἐσμὲν
2769 1075 2878 1128 τῶν
2902 1073 3236 1128 διδασκάλων
3263 1070 3690 1142 ἀκριϐέστεροι.

2111 1166 2207 1217 Ἑν
2247 1165 2453 1234 εἰρήνῃ
2483 1164 2776 1220 ἐκάλεσεν
2816 1164 2973 1235 ἡμᾶς
2999 1168 3033 1219 ὀ
3061 1164 3239 1230 Θεὸς,
3289 1163 3395 1215 οὐκ
3428 1162 3492 1213 ἐν
3518 1159 3690 1230 μάχῃ.

2110 1258 2198 1320 Ὠς
2244 1256 2589 1328 ἐκλήθημεν,
2628 1256 2799 1320 οὕτως
2842 1257 3259 1327 προσμείνωμεν
3315 1256 3387 1324 τῇ
3441 1252 3689 1323 μυστικῇ

2038 1343 2061 1362 ⁹
2100 1349 2369 1420 τραπέζῃ,
2405 1350 2463 1400 ὲν
2560 1348 2670 1401 τῶν
2703 1348 2961 1418 οὐρανίων
3007 1346 3528 1419 μεταλαμϐάνομεν.
3595 1341 3689 1409 Μὴ

2102 1441 2377 1513 γινώμεθα
2425 1441 2566 1495 κατὰ
2611 1441 2803 1494 ταυτὸν
2851 1439 3236 1512 ὁμοτράπεζοι,
3288 1438 3385 1491 καὶ
3435 1435 3688 1505 ἀλλήλων

2100 1532 2375 1586 ἐπίϐουλοι
2394 1552 2406 1564 ·
2438 1535 2510 1605 μὴ
2535 1534 2765 1587 ἐνταῦθα
2792 1534 3114 1601 κοινωνικοὶ,
3133 1534 3228 1587 καὶ
3248 1531 3353 1596 ἔξω
3372 1526 3685 1584 ἐπίϐουλοι.

1999 1671 2085 1727 ιν.

1540 1786 1624 1841 Ea:
1646 1804 1883 1842 sermone
1911 1786 1965 1841 in
2001 1786 2224 1841 Mariam
2250 1794 2304 1841 et
2326 1783 2547 1856 Ioseph.

988 1899 1144 1969 Apud
1169 1898 1429 1964 LEQUIEN.
1461 1900 1531 1953 ad
1569 1901 1704 1970 Opp.
1735 1899 1795 1955 S.
1825 1899 1983 1956 101m.
2029 1900 2263 1953 Duasc.
2303 1906 2430 1953 tom.
2471 1895 2518 1962 ι,
2557 1911 2679 1966 pag.
2716 1894 2843 1960 258,
2876 1903 2986 1949 not.
3017 1894 3073 1948 Ξ.

492 2042 760 2098 Dominus
812 2041 1214 2112 primogenitus
1265 2057 1333 2097 ex
1379 2041 1605 2114 Virgine
1642 2042 1838 2108 audiit,
1886 2057 1995 2097 non

2166 2041 2512 2112 Πρωτὸτοκος
2558 2039 2587 2090 6
2617 2037 2820 2109 Κύριος
2857 2039 3088 2109 ἤκουσεν
3120 2037 3179 2091 ὲκ
3216 2037 3314 2107 τῆς
3344 2039 3629 2110 Παρθένου
3652 2081 3671 2108 ,

422 2135 545 2206 quia
576 2133 933 2205 posteriorem
968 2133 1257 2203 quemdam
1297 2135 1517 2202 generis
1562 2134 1811 2204 ejusdem
1848 2133 1994 2188 asci-

422 2226 532 2289 vit,
586 2223 683 2279 sed
724 2223 848 2293 quia
909 2223 1029 2278 sine
1075 2223 1189 2277 ulla
1238 2224 1650 2294 comparatione
1696 2239 1822 2279 cum
1869 2222 1995 2277 ﬁliis

422 2315 705 2372 hominum
765 2315 1165 2386 primogenitus
1216 2324 1321 2372 est.
1371 2316 1560 2388 Neque
1617 2316 1761 2371 enim
1805 2331 1871 2372 ex
1929 2330 1995 2372 eo

422 2406 566 2478 quod
589 2406 888 2477 Apostolus
912 2406 978 2462 de
1007 2415 1208 2463 aeterna
1236 2408 1448 2462 Domini
1474 2423 1541 2463 ex
1570 2406 1734 2463 Patre
1767 2422 1993 2479 genera-

421 2498 568 2554 tione
600 2495 750 2562 dicit,
780 2495 883 2562 Qui
925 2506 1002 2551 est
1043 2498 1420 2568 primogenitus
1461 2498 1631 2553 omnis
1672 2508 1932 2553 creaturae
1948 2500 1992 2562 δ,

420 2589 528 2659 jam
561 2596 616 2643 et
645 2587 813 2642 ullum
846 2586 1060 2643 Domini
1095 2587 1318 2645 fratrem
1355 2605 1463 2644 una
1498 2589 1849 2660 signiﬁcavit.
1883 2587 1994 2644 Nec

421 2696 616 2736 rursus
663 2694 787 2735 cum
816 2678 959 2734 idem
993 2695 1116 2736 eum
1170 2681 1577 2752 primogenitum
1617 2697 1682 2735 ex
1723 2681 1947 2735 mortuis
1971 2681 1993 2713 ³

422 2771 802 2836 nuncupavit,
830 2770 943 2839 jam
994 2778 1048 2825 et
1080 2769 1295 2825 Domini
1326 2786 1644 2841 germanum
1679 2771 1774 2839 qui
1814 2770 1997 2826 consi-

421 2860 536 2914 mili
565 2859 727 2915 modo
757 2859 1038 2915 infernum
1066 2861 1381 2929 calcaverit,
1414 2861 1611 2915 innuit.
1650 2860 1853 2917 Verum
1892 2860 1997 2915 Do—

422 2949 604 3003 minus
638 2949 1040 3020 primogenitus
1081 2966 1144 3004 ex
1182 2950 1343 3006 Patre
1384 2959 1440 3005 et
1481 2968 1549 3006 ex
1584 2951 1808 3021 Virgine
1847 2961 1902 3006 et
1928 2966 1992 3006 ex

421 3039 655 3093 mortuis
684 3038 906 3106 dicitur,
934 3046 993 3095 ut
1023 3040 1389 3111 undequaque
1416 3042 1717 3113 singularis
1748 3043 1868 3111 ejus
1898 3058 1995 3098 ex-

422 3129 681 3185 cellentia
711 3139 1080 3201 cognoscatur
1112 3151 1125 3187 :
1164 3147 1292 3187 nam
1333 3140 1489 3187 extra
1524 3133 1994 3207 comparationem

420 3228 506 3276 est
546 3218 762 3276 Domini
808 3232 1003 3292 partus
1043 3242 1056 3277 :
1104 3222 1194 3278 ubi
1232 3221 1435 3293 quippe
1479 3223 1631 3293 virgo
1677 3231 1853 3278 mater
1890 3229 1994 3289 est,

422 3324 542 3381 qua
561 3313 773 3369 ratione
805 3313 1072 3385 explicari
1098 3322 1291 3383 partus
1322 3312 1541 3384 possit?

2097 2133 2195 2204 οὐχ
2217 2133 2298 2185 ὅτι
2324 2131 2573 2203 δεύτερόν
2598 2148 2718 2185 τινα
2746 2131 3037 2201 ὁμοιογενῆ
3071 2131 3517 2202 προσεκαλέσατο,
3542 2130 3675 2186 ἀλλ⁷

2096 2225 2177 2278 ὅτι
2210 2223 2551 2293 πρωτότοκος
2577 2220 2920 2293 ἁσυγκρίτως
2940 2223 3057 2275 ἐστὶ
3089 2223 3219 2293 πρὸς
3239 2222 3365 2287 τοὺς
3391 2224 3541 2286 υἱοὺς
3556 2222 3679 2277 τῶν

2097 2310 2418 2382 ἀνθρώπων.
2458 2309 2593 2363 Οὐδὲ
2614 2308 2725 2381 γὰρ
2753 2310 2839 2364 διὰ
2860 2309 2921 2363 τὸ
2953 2311 3126 2365 εἰπεῖν
3151 2312 3179 2365 6
3220 2310 3541 2375 ’Δπόστολος
3572 2328 3681 2364 πε-

2101 2405 2154 2473 ρὶ
2177 2404 2277 2475 τῆς
2318 2401 2413 2457 τοῦ
2457 2402 2664 2471 Κυρίου
2702 2404 2768 2456 ἐκ
2807 2402 3019 2475 Πατρὸς
3064 2402 3303 2474 ἀνάρχου
3349 2405 3676 2475 γεννήσεως,

2099 2495 2209 2561 ’⁸ος
2256 2496 2386 2549 ἐστι
2431 2498 2801 2564 πρωτότοκος
2853 2495 3057 2563 πάσης
3102 2496 3385 2562 κτίσεως,
3430 2496 3527 2568 ἤδη
3577 2497 3676 2549 καὶ

2099 2589 2324 2659 ἀδελφὸν
2349 2587 2444 2642 τοῦ
2477 2588 2683 2658 Κυρίου
2737 2587 3130 2657 συνεγράψατο.
3182 2586 3305 2639 Οὐδ’
3350 2582 3413 2639 αὖ
3460 2586 3677 2640 πάλινδ

2100 2677 2282 2741 αὐτὸς,
2312 2677 2655 2748 πρωτότοκον
2680 2679 2744 2731 ὲκ
2772 2676 2879 2730 τῶν
2910 2675 3118 2746 νεκρῶν
3150 2675 3403 2739 καλέσας,
3443 2676 3545 2746 ἤδη
3575 2675 3677 2730 καὶ

2099 2769 2336 2839 ὅμαιμον
2370 2767 2465 2821 τοῦ
2497 2768 2707 2836 Κυρίου
2742 2768 3135 2839 παρεισήγαγε,
3159 2766 3555 2838 παραπλησίως
3584 2766 3677 2821 τὸν

2100 2859 2233 2930 ᾅδην
2263 2863 2600 2930 πατήσαντα.
2654 2860 2813 2914 Ἀλλὰ
2845 2861 3184 2931 πρωτότοκος
3212 2863 3241 2914 6
3265 2861 3471 2932 Κύριος
3495 2863 3561 2914 ὲκ
3581 2858 3677 2912 τοῦ

2098 2952 2309 3024 Πατρὸς
2356 2953 2449 3006 καὶ
2481 2954 2544 3007 ὲκ
2588 2953 2687 3023 τῆς
2728 2951 3003 3023 Παρθένου
3045 2952 3138 3005 καὶ
3172 2953 3239 3005 ὲκ
3291 2951 3401 3005 τῶν
3444 2951 3675 3022 νεκρῶν,

2099 3042 2185 3096 ἴνα
2236 3042 2322 3097 διὰ
2379 3044 2598 3098 πάντων
2644 3042 2824 3115 mea
2873 3043 2933 3096 τὸ
2973 3042 3257 3113 μοναδικδν
3292 3043 3395 3112 τῆς
3430 3041 3677 3113 υίότητος

2098 3129 2332 3201 ἀξίωμα.
2394 3130 2745 3202 Ἀσύγκριτος
2766 3130 2874 3202 γὰρ
2916 3133 2944 3184 6
2969 3128 3288 3194 δεσποτικὸς
3319 3130 3511 3192 τόκοςο
3542 3130 3673 3182 ὅπου

2098 3222 2259 3292 γὰρὴ
2295 3222 2475 3295 μήτηρ
2505 3222 2793 3295 παρθένος,
2822 3221 2938 3286 πῶς
2963 3222 3118 3285 τόκος
3147 3220 3617 3293 ἑρμηνευόμενος;

1244 3544 1395 3614 Apud
1438 3543 1495 3598 S.
1525 3541 1772 3598 Joannem
1804 3544 2163 3600 DAIHSCENUI
2191 3544 2286 3600 tib.
2319 3554 2513 3601 contra
2539 3542 2842 3608 Jacobitas,

1669 3657 1802 3727 Opp.
1842 3667 1966 3712 tam.
2012 3657 2065 3725 1,
2105 3675 2225 3731 pag.
2264 3659 2390 3715 424.

425 3778 612 3835 Sancti
654 3775 900 3846 Gregorii
929 3775 1184 3847 Nysseni,
1218 3792 1283 3857 ex
1320 3777 1545 3847 epistola
1587 3776 1656 3833 ad
1684 3775 1995 3847 Philippum

2104 3776 2219 3832 Τοῦ
2255 3776 2427 3857 ἀχιου
2456 3775 2790 3857 ζ’ρηγςρριου
2825 3776 2905 3846 (4)
2931 3775 3266 3857 ἐπέσκόπρυ
3293 3773 3573 3857 Νὐσςίζης,
3607 3774 3679 3829 ἐκ

1032 3847 1383 3902 monachum.

489 3967 625 4033 Quae
668 3972 799 4021 sunt
843 3962 1089 4035 ejusdem
1135 3963 1477 4031 substantiae,
1516 3964 1621 4019 hoc
1670 3963 1895 4029 habent,
1937 3973 1996 4017 ut

422 4058 534 4115 sint
562 4056 706 4113 idem
744 4072 760 4111 :
793 4063 987 4111 contra
1032 4062 1236 4121 autem,
1259 4071 1382 4125 qua:
1414 4054 1665 4111 diversae.
1694 4054 1809 4111 Etsi
1848 4055 1994 4110 enim

423 4148 585 4204 ambo
617 4148 820 4211 unione
848 4162 971 4217 qua:
1001 4146 1234 4218 exprimi
1268 4162 1378 4201 non
1418 4147 1613 4217 possit,
1647 4163 1814 4202 unum
1840 4154 1991 4210 sunt,

346 4251 351 4255 '
421 4253 533 4294 non
556 4244 742 4293 tamen
778 4243 997 4301 natura,
1025 4238 1153 4308 quia
1177 4251 1286 4291 non
1316 4236 1583 4293 confusae.
1616 4236 1871 4293 Christus
1890 4236 1994 4289 ita-

419 4346 529 4401 que
561 4344 687 4386 cum
712 4328 834 4384 duae
866 4336 1076 4385 natura:
1117 4329 1188 4385 sit
1213 4330 1268 4384 in
1294 4329 1495 4400 quibus
1533 4343 1660 4385 vere
1689 4343 1992 4400 cognosca-

422 4436 529 4492 tur,
562 4431 616 4480 et
654 4424 987 4496 singularem
1017 4422 1297 4479 tiliationis
1333 4436 1626 4494 personam
1658 4422 1844 4477 habet.

1997 4558 2082 4614 Vl.

2243 3843 2356 3916 τῆς
2386 3843 2523 3918 πρὸξ
2558 3843 3157 3917 Φίὶζιππονμονάζοντα
3180 3843 3533 3914 ἐπιστολῆς.

2174 3961 2255 4015 Τὰ
2287 3960 2385 4032 μὲν
2407 3961 2669 4032 ὁμοοὺσια
2703 3960 3012 4031 ταυτότητα
3045 3958 3304 4030 κέκτηται
3324 3976 3339 3989 ·
3382 3958 3452 4012 τὰ
3474 3958 3531 4011 δὲ
3558 3958 3680 4012 ἑτε-

2105 4053 2322 4123 ροούσια
2361 4052 2423 4106 τὸ
2472 4053 2761 4108 ἀνάπαλιν.
2820 4052 2937 4106 Κᾶν
2967 4052 3078 4124 γὰρ
3127 4052 3348 4123 ἀρρήτῳ
3377 4047 3568 4103 ἑνώσει
3604 4046 3679 4102 τὰ

2100 4146 2384 4218 ἀμφότερα
2412 4146 2493 4210 ἓν,
2521 4146 2633 4199 ἀλλ’
2663 4146 2722 4199 οὐ
2750 4146 2815 4217 τῇ
2847 4146 3029 4214 φύσει,
3059 4145 3150 4198 διὰ
3181 4144 3237 4198 τὸ
3269 4141 3590 4211 ἀσύγχυτον.
3609 4139 3672 4193 '0

2099 4238 2277 4292 τοίνυν
2321 4238 2554 4310 Χριστὸς
2584 4236 2677 4291 δύο
2712 4237 2972 4306 ὑπάρχων
3003 4236 3210 4305 φύσεις,
3243 4233 3353 4288 ἀλλ’
3384 4234 3440 4286 ὲν
3470 4231 3672 4293 αὐταῖς

2097 4328 2311 4401 ἀληθῶς
2352 4328 2779 4400 γνωριζόμενος,
2817 4327 3103 4400 μοναδικδν
3138 4326 3251 4397 ἔχει
3282 4324 3381 4395 τῆς
3423 4322 3680 4394 υἰὸτητος

2094 4422 2155 4476 τὸ
2189 4423 2498 4494 πρόσωπον.

1337 4675 1438 4728 Ἐκ
1476 4674 1585 4743 τῆς
1610 4676 1833 4741 ,βίϐλου
1857 4676 1967 4746 τῆς
2006 4678 2339 4749 λεγομένης
2389 4676 2755 4746 Θεογνωσίας.

1471 4785 1557 4841 Ex
1586 4788 1723 4844 libro
1753 4790 2008 4858 inscripto
2042 4788 2119 4847 De
2158 4789 2475 4863 cognitione
2503 4787 2621 4845 Dei.

1198 4909 1351 4981 Apud
1400 4907 1842 4965 EU’I’IIYIIIUM
1927 4909 2383 4974 Zrcanssuu,
2425 4907 2933 4981 Panopl.Dogmat.

1407 4989 1548 5049 part.
1582 4997 1622 5046 ι,
1654 4981 1738 5033 tit.
1774 4981 1827 5047 1,
1857 4997 1977 5053 pag.
2014 4984 2066 5047 1,
2109 4982 2236 5036 edit.
2291 4982 2470 5037 Venet.
2508 4981 2668 5036 1575.

486 5092 645 5160 Quod
692 5094 740 5149 si
809 5109 875 5149 ex
938 5093 1272 5166 simplicium
1328 5097 1751 5161 elementorum,
1812 5105 1994 5163 terra},
2032 5109 2075 5164 1)
2105 5107 2165 5155 ut
2193 5099 2393 5155 asserit
2424 5097 2725 5169 Epicurus;
2761 5095 2908 5165 quod
2939 5095 3186 5168 genitum
3211 5100 3297 5149 est
3332 5104 3442 5147 non
3466 5089 3676 5160 genito,

413 5200 591 5257 aquae,
636 5183 803 5249 aeris,
854 5185 1000 5258 ignis
1049 5186 1428 5258 pcrmistione,
1469 5198 1562 5243 aut
1593 5204 1657 5245 ex
1695 5204 1997 5262 corpuscu-

413 5275 482 5333 lis
509 5276 812 5334 individuis
850 5279 1036 5333 omnia
1066 5294 1187 5348 quze
1211 5279 1268 5332 in
1298 5279 1506 5335 mundo
1542 5287 1690 5345 sunt,
1715 5290 1994 5351 constent,

486 5413 513 5445 ⁸
548 5414 568 5468 l
602 5414 729 5472 Cor.
762 5430 862 5480 vn,
902 5415 990 5471 15.
1067 5416 1089 5448 ⁸
1115 5414 1331 5474 Coloss.
1361 5435 1401 5487 ι,
1439 5418 1527 5474 15.
1569 5420 1591 5451 ⁸
1632 5419 1767 5475 ibid.
1809 5419 1896 5474 18.

483 5544 564 5680 $5)
595 5549 769 5627 Hero.
806 5507 1350 5673 Legofmeﬁawpev.
1382 5550 1641 5614 LEQUIEN.

510 5613 565 5680 4)
597 5618 710 5669 Του
730 5617 824 5680 ἀγ.
844 5620 1028 5680 Γρηγ.
1058 5618 1204 5674 Idem
1253 5632 1588 5680 ragmentum
1618 5637 1641 5674 r

442 5613 576 5699 ,Α
597 5616 710 5699 Τοῦ
730 5617 824 5699 ἀτί
844 5613 1028 5699 Γξρηγ.
1058 5613 1204 5699 Idem
1226 5613 1588 5699 {raginentum
1618 5619 1807 5699 recitat
1824 5618 1996 5673 Leon-

416 5685 527 5740 tius
551 5692 739 5761 contra
771 5685 1122 5761 Nestorianos
1146 5698 1196 5743 et
1222 5685 1584 5761 Eutychianos
1607 5708 1625 5745 ε
1662 5690 1904 5761 illudque
1919 5706 1985 5744 ex

417 5758 635 5810 vetusto
665 5769 768 5808 ms.
800 5757 988 5813 codice
1018 5756 1211 5814 Graeco
1245 5756 1460 5817 Venetia
1494 5756 1835 5818 bibliothecae
1866 5761 1985 5816 vul-

2101 5190 2359 5263 quodque
2376 5189 2581 5246 factum
2598 5189 2874 5253 eifectorc,
2895 5187 3017 5243 sine
3034 5185 3141 5241 ulla
3163 5184 3502 5240 dubitatione
3526 5189 3680 5235 tanto

2105 5283 2456 5354 praestantius
2478 5290 2641 5354 atque
2672 5279 2990 5353 praeclarius
3017 5276 3479 5349 deprehendetur,
3499 5287 3681 5346 quan-
3779 5351 3787 5357 ἢ

2100 5548 2247 5620 gavit
2271 5545 2338 5605 ν.
2369 5546 2444 5620 C.
2467 5547 2737 5620 Antonius
2769 5542 3142 5620 Bongiovanni
3174 5542 3227 5597 in
3258 5540 3527 5609 Supplem.
3550 5558 3675 5595 con-

2098 5614 2190 5673 Eil.
2215 5618 2471 5682 Lucensi,
2504 5628 2634 5672 tom.
2664 5615 2751 5683 Vl,
2772 5632 2894 5685 pag.
2926 5614 3052 5669 449.
3076 5615 3472 5685 Argumentum]
3495 5621 3670 5685 autem

2096 5690 2341 5758 epistola:
2389 5679 2715 5758 inlaudato
2740 5679 2958 5758 'c'ot‘l'ice~
2990 5686 3062 5758 ita
3101 5679 3360 5758 effertur}
3400 5681 3532 5758 nep}
3577 5679 3670 5743 τῆς

2089 5749 2196 5816 τῶν
2233 5757 2529 5829 Ἀρειανῶν
2554 5757 2898 5821 ἀντιθέσεως,
2928 5749 2995 5825 ἧς
3026 5756 3058 5824 ἡ
3093 5754 3257 5826 ἀρχή’
3291 5752 3355 5805 Ἡ
3394 5749 3561 5804 κακία
3579 5764 3674 5814 τεο
