3972 6208
337 377 484 435 “l3

1747 381 2194 440 FRAGMENTA.

3452 397 3588 453 illi

338 501 396 546 to
421 493 764 562 simplicibus
789 495 1076 554 elementis
1113 506 1167 553 et
1199 498 1547 568 corpusculis
1591 498 1723 565 illis,
1767 514 1908 569 quas
1939 507 1982 560 Α
2012 501 2252 569 elephas,
2297 509 2390 553 aut
2434 499 2478 554 si
2516 500 2663 570 quod
2705 501 2906 557 animal
2949 503 3238 574 elepltanle
3276 507 3454 576 majus
3481 523 3584 574 est,

330 592 555 640 atomos
577 585 787 653 dicunt,
829 589 994 644 homo
1045 591 1330 660 praecellit.
1376 591 1642 645 Praeterea
1683 606 1911 662 quomo-

331 677 402 727 do
437 692 557 745 qua:
587 687 781 732 natura
810 679 954 735 inter
973 696 1033 737 se
1067 683 1348 736 contraria
1381 691 1528 747 sunt,
1562 691 1656 735 aut
1683 683 1801 737 sine
1817 682 1911 738 de-

330 770 594 824 trimento
614 770 681 824 ad
701 771 864 825 unius
885 771 1039 826 orbis
1057 773 1448 842 perfectionem
1471 781 1873 828 concurrerunt
1894 789 1907 825 :

329 869 428 914 aut
467 861 586 916 sine
622 864 856 918 consilio
882 864 1209 932 rationeque
1249 866 1612 920 conveniente
1659 865 1802 919 inter
1851 880 1909 920 se

328 957 384 1004 et
416 965 723 1021 congruere
745 963 1040 1023 potuerunt
1062 975 1074 1010 :
1094 968 1187 1012 aut
1221 956 1427 1011 homini
1459 958 1725 1011 rationem
1756 957 1904 1010 inse-

328 1056 474 1108 rere,
523 1057 632 1112 qua
676 1043 794 1113 ipsa
843 1053 1034 1100 carent
1072 1048 1320 1112 omnino,
1357 1048 1558 1116 quippe
1585 1061 1706 1116 qua:
1739 1045 1907 1099 animi

329 1146 396 1186 ac
438 1147 639 1188 sensus
673 1137 921 1203 expertia
967 1137 1118 1191 sint?
1167 1137 1348 1204 Quid?
1378 1137 1572 1194 Nonne
1599 1139 1908 1208 Oportebat,

329 1223 424 1278 etii
468 1235 677 1280 natura:
715 1242 829 1282 sua:
877 1229 1172 1298 plurimum
1218 1231 1566 1295 tribuissent,
1603 1231 1786 1300 qualis
1826 1238 1911 1286 est

2012 591 2065 646 id
2092 591 2396 646 minoribus
2414 592 2744 648 animalibus
2763 601 2820 646 ut
2845 594 3038 649 ducem
3057 612 3349 668 regemque
3370 610 3590 668 prmsta-

2013 683 2106 737 re?
2146 681 2304 735 Nunc
2333 690 2514 738 autem
2545 683 2730 749 homo,
2773 685 3062 752 elephanto
3086 692 3338 758 corporis
3374 694 3590 762 magni-

2015 773 2202 828 tudine
2238 788 2301 827 ac
2336 774 2532 828 robore
2574 775 2759 828 multis
2790 777 3038 844 partibus
3069 778 3321 844 inferior,
3355 780 3590 851 imperat

2014 865 2089 918 illi
2120 874 2346 934 propter
2382 867 2655 920 rationem
2703 882 2810 935 qua
2839 867 2907 919 ab
2944 867 3141 936 Opifice
3180 885 3281 924 suo
3311 871 3469 940 plane
3503 872 3590 925 di-

2015 963 2164 1011 tatus
2193 965 2298 1012 est.
2342 955 2460 1011 Jam
2504 960 2594 1028 qui
2634 958 2748 1012 ﬁeri
2779 967 2978 1027 potest,
3005 968 3062 1012 ut
3091 975 3159 1014 ex
3196 960 3263 1016 iis
3308 977 3428 1030 qua.
3455 977 3590 1016 casu

2017 1055 2327 1118 temereque
2354 1047 2625 1114 feruntur,
2660 1050 2968 1104 consistant
2993 1066 3056 1105 ea
3088 1067 3208 1120 quae
3236 1052 3428 1108 ordine
3455 1067 3590 1107 con-

2018 1139 2208 1192 stituta
2245 1141 2416 1195 sunt?

1573 1343 1711 1397 Ibid.
1755 1345 1840 1398 tit.
1874 1345 1928 1411 8,
1959 1363 2080 1416 pag.
2123 1345 2194 1400 25
2219 1363 2357 1416 seqq.

491 1451 1142 1536 Omniaquwsequuntur
1179 1460 1374 1536 capita,
1417 1470 1628 1536 excepto
1665 1461 1847 1536 quinto
1877 1460 2014 1529 quod
2051 1471 2126 1514 est
2163 1459 2351 1536 Dasilii
2382 1461 2592 1536 magni,
2648 1465 2860 1536 sumpta
2893 1471 3015 1516 sunt
3049 1478 3111 1536 cat
3156 1462 3289 1516 libro
3333 1464 3421 1534 qui

691 1526 1000 1579 inscribitur
1022 1527 1094 1582 De
1121 1531 1432 1600 cognitione
1476 1526 1592 1597 Dei,
1627 1526 1776 1599 cujus
1805 1526 1991 1584 auctor
2029 1547 2140 1585 esse
2172 1531 2343 1599 fertur
2373 1526 2686 1588 Gne'contus
2714 1526 2907 1602 Nyssa:
2935 1534 3187 1603 pontifex.

401 1668 516 1726 Lex
561 1679 617 1726 et
673 1671 975 1741 proiihetaz,
1020 1688 1256 1744 quorum
1314 1674 1595 1743 plenitudo
1653 1674 1908 1730 Christus
1942 1683 1982 1737 Β
2014 1678 2180 1734 lilosis
2225 1677 2432 1746 scripta
2483 1679 2618 1743 sint,
2652 1678 2922 1744 fvidentur
2973 1680 3242 1748 ignorare.
3288 1679 3378 1733 Sic
3408 1688 3600 1736 autem

330 1773 439 1831 est,
494 1765 677 1819 omnia
732 1781 854 1835 quae
910 1774 1024 1819 tum
1077 1767 1144 1820 ad
1202 1768 1380 1837 ipsum
1431 1767 1733 1833 Christum,
1794 1775 1908 1821 tum

329 1857 501 1912 etiam
536 1857 603 1911 ad
632 1867 878 1912 sanctam
926 1858 1202 1927 pertinent
1248 1857 1594 1925 Trinitatem,
1637 1861 1912 1916 subtiliter

330 1948 794 2018 perscripserunt.
826 1947 934 2002 Sed
964 1948 1152 2004 divina
1177 1949 1386 2005 factum
1430 1959 1516 2006 est
1542 1951 1907 2021 providentia,

333 2049 396 2092 ut
413 2040 582 2093 multa
608 2037 725 2094 fuse
749 2055 939 2109 sparsa
959 2039 1429 2111 disseminataque
1444 2042 1576 2105 sint,
1605 2049 1658 2096 et
1676 2042 1912 2098 obscure

331 2132 545 2202 posita;
584 2147 653 2186 ne
691 2146 816 2186 cum
847 2131 1026 2186 adhuc
1068 2140 1258 2188 essent
1305 2133 1543 2189 infantes
1582 2131 1777 2197 Judaei,
1811 2148 1911 2188 nec

331 2236 454 2291 qua:
480 2221 802 2275 sublimiora
830 2228 958 2275 sunt
980 2231 1204 2292 possent
1232 2223 1532 2294 percipere,
1559 2223 1627 2278 ad
1652 2225 1910 2294 indignas

331 2313 623 2383 Opiniones
673 2313 1037 2378 declinarent,
1069 2322 1124 2369 et
1149 2315 1296 2384 quod
1326 2313 1396 2370 ab
1440 2317 1592 2370 omni
1620 2316 1911 2371 affectione

330 2405 760 2460 remotissimum
784 2413 889 2468 est,
925 2405 1306 2461 affectionibus
1335 2407 1637 2461 obnoxium
1677 2409 1910 2461 arbitra-

331 2505 543 2552 rentur.
588 2497 800 2553 Etenim
854 2514 977 2553 cum
1036 2501 1179 2553 Deus
1236 2500 1291 2553 in
1337 2500 1518 2555 lloreb
1569 2516 1666 2555 eos
1701 2501 1907 2570 alloqui

330 2590 611 2660 cwpisset,
667 2590 940 2660 ejusmodi
985 2592 1234 2646 oratione
1280 2607 1433 2646 suam
1479 2593 1908 2648 imbecillitatem

331 2691 666 2738 excusarunt
693 2723 708 2749 ,
747 2683 871 2738 Non
907 2700 1204 2756 pergemus,
1239 2686 1571 2755 inquientes,
1605 2687 1792 2741 audire
1822 2705 1910 2742 vo-

331 2791 440 2830 cem
479 2776 688 2830 Domini
745 2777 842 2830 Dei
867 2778 1056 2841 nostri,
1112 2794 1203 2831 nec
1245 2778 1416 2847 ignem
1477 2779 1618 2831 hunc
1660 2797 1909 2849 magnum

333 2866 628 2920 videbimus
658 2868 908 2935 amplius,
944 2884 1006 2921 ne
1030 2869 1348 2922 moriamur.
1393 2867 1459 2921 Et
1484 2869 1618 2922 dixit
1650 2870 1907 2924 Dominus

331 2960 402 3012 ad
440 2976 520 3013 me
561 2959 706 3029 (hinc
752 2969 880 3014 sunt
934 2960 1099 3014 verba
1145 2958 1312 3014 Mosis
1356 2960 1684 3030 scribentis)
1719 2981 1732 3016 :
1771 2963 1909 3015 Bene

332 3051 515 3103 omnia
553 3061 675 3103 sunt
712 3050 895 3103 locuti.
919 3048 1242 3118 Prophetam
1274 3049 1544 3104 suscitabo
1563 3053 1636 3105 eis
1660 3052 1723 3105 de
1742 3052 1910 3105 medio
1938 3036 1980 3094 (εἶ

330 3143 565 3212 fratrum
603 3159 818 3196 suorum
869 3141 1099 3195 similent
1131 3140 1246 3205 tibi,
1282 3151 1330 3194 et
1357 3157 1552 3210 ponam
1598 3142 1755 3196 verba
1796 3159 1912 3196 mea

331 3237 387 3290 in
418 3251 507 3289 ore
548 3236 683 3304 ejus,
731 3244 780 3288 et
817 3235 1059 3304 loquetur
1104 3234 1172 3288 ad
1214 3251 1301 3288 eos
1345 3235 1525 3288 omnia
1562 3251 1680 3304 qua:
1717 3250 1913 3302 praece-

329 3345 456 3399 pero
499 3328 580 3382 illi
603 3329 644 3381 ⁸.
709 3326 835 3382 llmc
875 3325 1098 3397 quidem
1139 3327 1217 3382 ita
1251 3341 1311 3380 se
1346 3325 1569 3379 habent.
1611 3322 1909 3378 Verborum

333 3429 515 3475 autem
561 3420 676 3474 hzec
718 3427 803 3475 est
860 3421 1168 3474 sententia:
1208 3419 1476 3486 Quoniam
1526 3417 1630 3486 ipsi
1681 3431 1765 3469 me
1820 3430 1911 3468 ne-

331 3520 541 3583 queunt
570 3511 780 3576 audire,
817 3510 1134 3580 Propltetam
1168 3509 1435 3566 suscitabo
1461 3509 1536 3563 eis
1570 3509 1646 3577 (et
1679 3521 1800 3577 quia
1827 3521 1912 3561 se-

331 3607 620 3675 quuntur),
651 3606 744 3676 qui
782 3606 1057 3660 nuntiabit
1094 3604 1205 3659 illis
1239 3618 1304 3658 ea
1337 3617 1478 3672 quae,
1509 3611 1568 3654 ut
1605 3615 1750 3654 nunc
1789 3600 1911 3669 qui-

332 3696 456 3751 dem
497 3712 586 3751 res
624 3706 730 3761 est,
764 3697 1070 3767 intelligere
1104 3710 1214 3750 non
1267 3702 1516 3766 possunt.
1575 3691 1706 3758 Quae
1745 3690 1911 3744 nimi-

333 3805 455 3843 rum
491 3791 556 3842 ad
579 3788 798 3844 Patrem
827 3797 882 3844 et
915 3788 1113 3842 Filium
1146 3795 1200 3844 et
1233 3786 1503 3858 Spiritum
1543 3792 1816 3847 sanctum,
1860 3792 1913 3838 et

333 3879 403 3933 ad
441 3878 678 3934 divinam
712 3880 965 3934 humanae
1004 3888 1214 3935 naturae
1253 3879 1529 3950 pertinent
1573 3875 1910 3945 assumptio-

332 3986 481 4036 nem,
513 3980 567 4026 et
586 3972 690 4026 alia
719 3988 840 4042 quae
866 3987 964 4042 per
989 3971 1346 4042 Evangelium
1378 3971 1724 4040 promulgata
1759 3975 1908 4022 sunt.

333 4060 470 4116 illud
523 4063 686 4126 enim,
719 4063 946 4118 similent
983 4062 1098 4128 tibi,
1133 4062 1553 4118 similitudinem
1604 4061 1658 4114 in
1699 4060 1910 4129 legibus

331 4155 646 4211 sanciendis
677 4157 1022 4219 potissimum
1059 4155 1287 4210 indicat.
1333 4157 1402 4208 At
1437 4153 1596 4208 Jesus
1628 4151 1774 4206 Nave
1816 4165 1911 4205 ne-

331 4260 441 4316 que
490 4245 557 4300 ad
600 4248 731 4301 talia
763 4247 879 4300 visa
917 4253 970 4300 et
1014 4245 1264 4309 oracula,
1300 4253 1360 4299 ut
1392 4243 1590 4308 Moses,
1632 4242 1911 4296 admissus

332 4347 442 4405 est,
483 4354 661 4409 neque
702 4340 1002 4410 legislator,
1049 4347 1107 4392 ut
1157 4339 1268 4401 ille,
1321 4338 1443 4404 fuit,
1484 4330 1663 4407 neque
1700 4343 1907 4390 tantam

333 4432 456 4487 iniit
487 4432 740 4502 gratiam,
771 4440 1034 4502 quantam
1092 4430 1206 4485 ille.
1247 4429 1504 4484 Christus
1529 4443 1660 4482 vero
1699 4442 1822 4480 cum
1855 4426 1908 4478 in

335 4521 576 4576 ferendis
606 4521 819 4591 legibus
845 4521 923 4574 illi
962 4521 1160 4576 similis
1190 4519 1396 4583 fuerit;
1451 4519 1504 4571 in
1535 4517 1788 4587 reliquis,
1830 4517 1910 4569 uti

317 4613 620 4687 ,Dominus,
650 4612 988 4668 antecelluit.
1017 4611 1176 4680 Quod
1211 4619 1394 4666 autem
1424 4610 1570 4665 filius
1605 4608 1754 4664 Nave
1800 4607 1911 4663 n'on

333 4706 406 4762 sit
445 4706 538 4760 ille
570 4704 832 4776 propheta
867 4719 1031 4774 quem
1064 4702 1210 4758 Deus
1241 4703 1521 4772 pollicitus
1549 4710 1658 4765 est,
1693 4702 1763 4754 ita
1796 4701 1912 4755 col-

334 4800 471 4868 lige:
516 4797 658 4852 Dixit
698 4797 876 4852 Moses
923 4795 991 4850 ad
1035 4795 1292 4864 populum
1332 4795 1386 4849 in
1421 4794 1848 4850 Deuteronomio
1890 4815 1902 4848 :

333 4891 655 4956 Prophetam
685 4905 712 4942 e
743 4887 1001 4957 fratribus
1041 4888 1241 4940 nostris
1269 4887 1552 4941 suscitabit
1589 4886 1685 4939 tibi
1725 4885 1910 4940 Domi-

332 5000 433 5038 nus
462 4982 601 5037 Deus
631 4992 751 5035 tuus
767 4982 809 5034 ⁷.
845 4982 913 5034 At
943 4979 1090 5036 filius
1125 4977 1273 5035 Nave
1320 4981 1494 5034 multo
1517 4991 1644 5036 ante
1668 4996 1765 5050 per
1796 4996 1914 5035 ma-

331 5092 440 5132 nus
474 5075 643 5132 Mosis
683 5089 714 5128 a
745 5073 853 5129 Deo
894 5072 1070 5128 fuerat
1105 5069 1447 5139 declaratus,
1489 5080 1548 5126 ut
1584 5073 1638 5127 in
1668 5072 1913 5130 Levitico

330 5166 588 5236 legimus.
623 5165 778 5220 Alius
809 5179 938 5235 ergo
974 5170 1171 5233 praeter
1201 5163 1348 5217 hunc
1373 5171 1494 5218 erat
1529 5164 1908 5221 suscitandus.

329 5257 506 5314 Judaei
542 5273 671 5314 vero
702 5272 824 5328 quae
851 5257 905 5311 in
933 5255 1346 5314 Deuteronomii
1379 5256 1485 5312 line
1514 5265 1638 5327 post
1682 5267 1913 5313 mortem

403 5422 426 5454 ⁸
461 5421 617 5478 Deut.
654 5438 812 5489 XVIII,
849 5423 1027 5478 £648.
1103 5424 1122 5454 ⁷
1153 5422 1284 5478 ibid.
1316 5423 1402 5477 15.

333 5626 533 5696 νομένη
565 5626 681 5679 ἐστὶ
703 5623 904 5693 ψυχῆς.
943 5621 1015 5676 De
1055 5620 1717 5696 Arianorumobjectione,
1752 5620 1904 5696 cuius

334 5691 587 5752 initium:
616 5691 813 5750 Aulius
836 5691 1023 5747 vl'rtuu
1055 5709 1174 5748 EST.
1207 5693 1283 5746 Ex
1309 5692 1509 5761 quibus
1537 5692 1746 5752 videas,
1771 5691 1900 5758 quid

335 5764 683 5821 sentiendum
723 5765 790 5820 de
824 5764 1107 5834 Lequienii
1157 5778 1413 5824 censura,
1460 5763 1551 5832 qui
1584 5761 1746 5834 paulo
1781 5770 1903 5834 post

337 5835 406 5892 ad
435 5836 472 5890 l.
505 5850 555 5891 c.
584 5831 931 5892 Damasceni'
956 5850 1078 5905 pag.
1112 5834 1238 5900 426,
1271 5841 1549 5890 auctorem
1585 5831 1751 5901 hujus
1795 5833 1910 5901 epi-

1482 5423 1502 5454 ⁶
1539 5422 1691 5478 Deut.
1737 5438 1924 5487 xxxuv,
1961 5424 2044 5479 lO.

2020 1774 2267 1830 habent:
2318 1773 2439 1828 Non
2495 1773 2722 1826 surrexit
2790 1772 3042 1839 prop/tcta
3091 1773 3145 1823 in
3217 1770 3417 1826 Israele
3455 1774 3591 1826 sicut

2019 1864 2216 1932 Moses,
2248 1882 2399 1934 quem
2431 1865 2573 1917 novit
2607 1863 2863 1916 Dominus
2894 1864 3032 1931 [acie
3057 1862 3125 1915 ad
3159 1863 3412 1931 facient”.
3446 1863 3594 1917 Con-

2019 1968 2338 2013 sentaneum
2370 1957 2588 2026 quidem
2627 1963 2766 2017 erat,
2802 1961 2862 2008 ut
2890 1970 3014 2008 cum
3059 1954 3201 2009 Deus
3247 1954 3382 2010 Mosi
3421 1954 3594 2009 dixis-

2020 2057 2122 2114 set,
2160 2064 2219 2104 se
2248 2048 2569 2117 prophetam
2596 2047 2994 2100 suscitaturum
3030 2046 3134 2107 eis,
3171 2054 3302 2099 tunc
3338 2047 3456 2114 ipse
3492 2045 3597 2100 Mo—

2019 2157 2111 2198 ses
2143 2141 2345 2212 populo
2383 2141 2752 2194 denuntiaret.
2790 2139 2858 2191 At
2894 2152 3018 2192 cum
3053 2135 3106 2192 id
3141 2138 3194 2191 in
3227 2136 3409 2190 lloreb
3437 2153 3595 2192 acce-

2019 2235 2213 2306 pisset,
2241 2242 2429 2304 postea
2473 2233 2529 2286 in
2573 2231 3002 2286 Deuteronomio
3030 2230 3095 2284 ad
3139 2231 3394 2300 populum
3430 2228 3597 2284 refert

2017 2327 2200 2384 dedita
2228 2340 2392 2396 opera
2427 2334 2756 2394 exspectans
2779 2321 2908 2377 Jesu
2941 2322 3034 2375 filii
3071 2321 3218 2376 Nave
3269 2322 3596 2376 declaratio-

2017 2437 2164 2484 nem,
2209 2435 2275 2473 ne
2306 2419 2451 2473 hunc
2480 2432 2602 2472 esse
2637 2416 2958 2486 prophetam
3004 2415 3155 2467 illum
3206 2414 3439 2468 similem
3491 2415 3594 2468 sibi

2018 2515 2452 2582 suspicarentur.
2485 2509 2844 2577 Posteaquam
2871 2521 3000 2560 vero
3016 2505 3327 2559 declaratus
3347 2513 3430 2558 est
3448 2503 3596 2558 Nave

2021 2605 2184 2670 filius,
2245 2611 2359 2656 tum
2423 2601 2643 2655 demum
2701 2597 2832 2652 illud
2873 2598 3076 2667 populo
3126 2597 3370 2666 exponit.
3422 2595 3486 2649 Et
3529 2596 3596 2650 de

2017 2697 2120 2750 hoc
2169 2695 2390 2764 quidem
2457 2693 2746 2745 hactenus.
2796 2690 2931 2742 Cum
2979 2695 3160 2742 autem
3223 2687 3597 2741 innumerabi-

2017 2788 2089 2843 lia
2140 2803 2307 2857 prope
2355 2787 2474 2839 loca
2523 2785 2631 2838 sint
2686 2784 2739 2835 in
2789 2797 2947 2835 saera
2995 2777 3302 2848 Scriptura.
3358 2794 3479 2847 qua:
3510 2779 3594 2832 vel

2018 2889 2145 2933 ante
2173 2878 2500 2932 denuntiant
2540 2891 2603 2930 ea
2635 2889 2757 2944 qua:
2784 2874 2850 2926 ad
2885 2872 3162 2926 Christum
3190 2869 3480 2940 pertinent,
3514 2869 3596 2923 vel

2019 2971 2267 3028 iudicant
2301 2970 2392 3022 illa
2423 2983 2544 3037 qua:
2575 2967 2640 3018 ad
2674 2975 2916 3019 sanctam
2960 2969 3212 3032 spectant
3245 2960 3595 3023 Trinitatem,

2016 3077 2118 3116 nos
2147 3062 2465 3115 omittemus
2490 3058 2683 3121 multa,
2713 3064 2766 3111 et
2804 3071 2868 3110 ea
2898 3055 3176 3126 praecipue
3215 3070 3336 3123 qua:
3361 3054 3451 3108 isti
3481 3068 3597 3106 ma-

2016 3153 2161 3222 ligne
2188 3151 2583 3220 detorquentes
2616 3157 2890 3202 conantur
2923 3147 3083 3200 aliter
3116 3145 3489 3214 interpretari,
3528 3159 3598 3198 ne

2014 3241 2264 3312 improbe
2332 3238 2749 3293 contradicendi
2823 3237 3170 3291 occasionem
3230 3235 3593 3304 praebeamus.

2017 3330 2209 3385 Omnes
2259 3331 2398 3384 enim
2450 3328 2738 3391 lsraelitw,
2790 3337 2848 3382 ut
2895 3329 3070 3398 inquit
3117 3326 3431 3390 Ezechiel’,
3471 3337 3594 3380 sunt

2015 3421 2346 3482 contentiosi.
2374 3429 2422 3473 et
2447 3420 2569 3472 duri
2591 3419 2768 3473 corde.
2821 3417 3000 3471 l’auca
3027 3425 3237 3471 tantum
3274 3433 3444 3487 eaque
3461 3417 3594 3472 adeo

2013 3513 2320 3582 perspicua,
2360 3519 2418 3564 ut
2452 3511 2679 3565 refutari
2719 3517 3016 3580 nequeant,
3047 3525 3437 3580 proponemus,
3474 3525 3597 3578 quae

2014 3605 2098 3659 vel
2153 3604 2542 3674 persuadeant,
2592 3604 2672 3658 vel
2712 3620 2807 3657 eos
2847 3603 3160 3672 pertinaces
3205 3609 3259 3656 et
3294 3601 3597 3656 obStinatos

2015 3705 2180 3768 atque
2212 3699 2490 3752 dementes
2519 3712 2640 3752 esse
2677 3697 3036 3750 convincam.

2578 3809 2728 3864 Libri
2764 3807 3044 3888 Genesqos.

2085 3927 2154 3982 Et
2184 3927 2321 3981 dixit
2375 3925 2516 3980 Deus
2544 3940 2560 3979 :
2590 3923 2879 3977 Faciamus
2915 3923 3179 3976 hominem
3213 3923 3284 3976 ad
3317 3920 3597 3991 imaginem

2013 4031 2063 4074 et
2115 4017 2521 4072 similitudinem
2599 4025 2836 4069 nostram
2869 4015 2932 4067 ⁸ο.
2985 4013 3146 4068 Pater
3197 4014 3459 4068 nimirum
3501 4028 3598 4068 eos

2016 4112 2336 4182 alloquitur,
2387 4109 2480 4179 qui
2539 4124 2606 4162 ex
2661 4107 2835 4176 ipsius
2880 4115 3011 4160 sunt
3063 4107 3324 4168 essentia,
3366 4120 3505 4173 quos
3541 4105 3592 4156 in

2016 4218 2228 4261 summa
2260 4201 2663 4272 procreationis
2687 4198 2873 4252 mundi
2906 4199 3170 4267 dignitate
3204 4197 3386 4252 socios
3407 4195 3589 4248 habet.

2015 4295 2203 4366 Neque
2235 4309 2366 4348 vero
2398 4291 2686 4347 referenda
2722 4299 2854 4346 sunt
2901 4289 3014 4343 haec
3047 4288 3114 4341 ad
3152 4287 3358 4342 llebrzei
3389 4300 3595 4341 sermo-

1944 4373 1987 4428 D
2017 4387 2103 4441 nis
2135 4383 2546 4456 proprietatem,
2581 4396 2688 4452 qua
2729 4394 2990 4434 numerus
3026 4380 3182 4448 plura
3225 4376 3476 4431 indicans
3497 4391 3597 4445 pro

2015 4480 2109 4532 illo
2155 4479 2248 4548 qui
2296 4491 2465 4530 unum
2512 4473 2804 4544 significat,
2863 4479 3186 4540 usurpatur.
3235 4468 3370 4522 Nam
3411 4469 3456 4521 si
3495 4468 3594 4520 hac

2016 4567 2274 4640 loquendi
2299 4566 2700 4622 consuetudine
2732 4564 2811 4617 uti
2837 4563 3171 4617 voluerimus
3191 4561 3282 4614 ubi
3305 4575 3412 4614 non
3434 4574 3597 4629 opor-

2013 4667 2113 4724 tet,
2141 4658 2472 4714 confusione
2514 4655 2849 4726 replebimns
2882 4653 3349 4709 contradicentes.

2572 4769 2656 4822 Ea:
2677 4769 2858 4823 eodem
2888 4768 3039 4821 libro.

2095 4885 2159 4938 Et
2192 4886 2330 4938 dixit
2357 4881 2537 4936 Deus:
2575 4881 2706 4934 Ecce
2736 4881 2906 4932 Adam
2944 4879 3120 4948 factus
3158 4886 3258 4941 est,
3299 4876 3438 4929 sicut
3462 4893 3596 4932 unus

2015 4997 2042 5034 e
2072 4979 2218 5034 nobis
2246 4981 2321 5045 “;
2358 4979 2452 5049 qui
2503 4991 2699 5031 sumus
2750 4959 3010 5029 nimirum
3061 4973 3115 5027 in
3158 4987 3268 5027 una
3315 4973 3599 5026 divinitate

2016 5087 2397 5142 personarum.
2461 5069 2577 5125 lloc
2631 5069 2780 5124 enim
2844 5068 2948 5124 etsi
2992 5082 3117 5121 cum
3171 5066 3348 5122 ironia
3389 5067 3596 5120 dictum

2015 5174 2121 5230 est,
2170 5179 2336 5220 unam
2381 5171 2563 5219 tamen
2624 5161 2897 5217 duntaxat
2944 5175 3236 5232 personam
3289 5158 3600 5229 signiﬁcare

2024 5274 2134 5314 non
2171 5264 2376 5328 potest.

2123 5425 2143 5456 ’
2178 5423 2380 5480 Ezech.
2413 5437 2498 5488 ιιι,
2535 5421 2621 5476 17.
2702 5422 2745 5454 ⁸ο
2779 5419 2914 5476 Gen.
2953 5435 2992 5483 t,
3021 5417 3113 5473 26.
3155 5418 3193 5448 “
3222 5415 3359 5472 Gen.
3393 5429 3476 5480 ιιι,
3506 5413 3595 5466 3’2.

2013 5621 2166 5674 stone
2223 5615 2686 5672 Chalcedonensis
2749 5613 2942 5686 synodi
3008 5620 3168 5686 artato
3231 5607 3596 5686 recentiorem

2011 5691 2325 5752 existimat,
2384 5687 2630 5758 adeoque
2689 5676 2966 5743 immerito
3038 5680 3289 5752 Gregorii
3362 5676 3597 5749 Nysseni

2013 5776 2210 5816 nomen
2247 5759 2525 5830 prmferre.
