3972 6208
411 363 554 423 1115

965 477 1050 533 Ea:
1077 477 1255 533 eodem
1285 477 1440 534 libro.

485 592 556 648 Et
584 592 722 647 dixit
746 591 884 646 Deus
907 605 924 645 :
963 590 1166 653 Venite,
1193 588 1595 652 dascendamus,
1621 598 1669 642 et
1695 589 1992 658 confunda-

413 704 528 741 mus
552 686 788 755 linguam
811 700 992 739 eorum
1025 685 1089 738 ¹².
1121 681 1254 736 lllud
1279 681 1446 748 enim,
1489 679 1692 748 Venite,
1724 682 1863 738 duos
1885 684 1995 737 sal-

416 788 522 834 tem
560 776 858 848 signiﬁcat.
909 774 973 828 Et
1021 789 1162 828 unus
1191 781 1315 836 est,
1350 773 1442 842 qui
1477 773 1738 843 loquitur,
1780 773 1856 829 Ex
1887 791 1996 846 quo

414 871 658 925 Trinitas
694 868 934 938 perlecta
982 865 1313 921 declaratur.
1351 865 1505 931 Quod
1552 878 1730 919 autem
1767 882 1860 923 eos
1900 868 1995 937 qui

414 960 658 1028 ejusdem
685 958 974 1028 potestatis
996 963 1050 1011 et
1079 956 1331 1010 essentia:
1358 964 1487 1010 sunt
1508 995 1524 1019 ,
1557 957 1888 1026 alloquatur,
1914 974 1998 1012 ve-

416 1053 525 1105 nite
549 1051 828 1121 inquiens,
857 1048 1037 1102 ethoc
1067 1047 1353 1116 faciamus,
1383 1046 1539 1103 facile
1567 1058 1810 1118 apparet.
1840 1049 1996 1115 Quod

417 1138 462 1192 si
521 1137 746 1208 angelos
794 1136 1076 1190 ministros
1124 1136 1417 1189 allocutum
1460 1136 1832 1206 responderis,
1885 1137 1999 1192 sive

418 1238 608 1276 omnes
635 1264 648 1286 ,
677 1223 823 1292 quod
868 1222 1168 1276 absurdum
1210 1233 1292 1275 est
1313 1262 1328 1284 ,
1367 1222 1480 1277 sive
1509 1237 1714 1292 paucos
1749 1224 1954 1278 dixeris
1981 1264 1996 1286 ,

419 1325 543 1362 cum
592 1309 644 1362 id
688 1309 838 1363 iiullo
875 1309 1175 1378 Scriptura:
1221 1310 1534 1364 testimonio
1578 1309 1773 1365 fultum
1805 1311 1911 1376 sit,
1943 1321 2004 1366 ut

420 1396 617 1449 falsum
648 1397 1100 1466 improbabimus.

492 1504 780 1570 Quomodo
811 1505 1054 1573 loquitur
1085 1502 1264 1559 Deus?
1293 1504 1443 1560 Eone
1482 1505 1644 1560 modo
1687 1521 1796 1576 quo
1827 1507 2004 1578 loqui-

423 1611 547 1649 mur
599 1596 736 1652 nos?
778 1596 1008 1666 lmpium
1057 1596 1129 1650 sit
1173 1597 1249 1650 ita
1288 1599 1509 1652 sentire.
1541 1597 1678 1653 Nam
1713 1601 2002 1656 consilium

426 1687 668 1740 divinum
696 1730 710 1752 ,
742 1695 796 1741 et
827 1686 1036 1756 primus
1068 1687 1160 1742 ille
1190 1689 1390 1742 mentis
1422 1688 1777 1759 intelligentis
1824 1701 2003 1746 motus

1659 355 1718 410 S.
1761 354 2091 412 GREGOR"
2127 357 2426 414 NYSSEM

2018 475 2453 538 Adivinitatem.
2501 473 2658 541 Quod
2705 474 2751 529 si
2800 487 2968 528 unum
3020 471 3241 542 quidem
3291 485 3425 527 esse
3486 471 3706 528 dixeris

3557 350 3705 408 “16

2098 566 2300 632 Deum,
2343 568 2565 638 angelos
2613 575 2797 620 autem
2855 566 3018 631 duos,
3060 566 3339 636 quomodo
3389 574 3708 636 potuerunt

2097 675 2222 715 cum
2259 658 2490 714 Domino
2521 657 2853 714 considere?

2645 769 2730 825 Ea:
2763 769 2943 824 eodem
2977 769 3136 823 libro.

2172 859 2428 916 Dominus
2457 861 2594 930 pluit
2621 876 2775 926 super
2801 859 3088 915 Sodomam
3111 869 3158 913 et
3187 858 3557 914 Gomorrfram
3590 859 3707 912 sul-

2099 952 2236 1028 phur
2270 961 2320 1006 et
2373 953 2543 1022 ignem
2590 969 2622 1006 a
2666 951 2893 1024 Domino
2933 956 2998 1005 de
3038 951 3251 1006 caelo".
3295 951 3428 1017 Quae
3473 951 3704 1020 quidem

2100 1046 2266 1098 verba
2297 1053 2350 1098 et
2373 1044 2513 1098 duas
2536 1045 2776 1098 indicant
2808 1059 3098 1114 personas,
3125 1052 3180 1097 et
3202 1045 3341 1098 idem
3367 1045 3701 1108 consilium,

2099 1135 2478 1205 acqualemque
2497 1135 2780 1191 declarant
2797 1141 3146 1205 potestatem.
3178 1133 3319 1190 Duas
3347 1144 3546 1190 autem
3572 1150 3703 1189 cou-

2113 1228 2362 1297 sequitur
2389 1226 2571 1292 tertia,
2599 1228 2856 1296 quoniam
2882 1235 3072 1281 mutuo
3103 1226 3246 1280 inter
3275 1242 3330 1280 se
3361 1227 3598 1281 vinculo
3628 1225 3702 1279 ita

2102 1319 2416 1388 conjuncta:
2443 1326 2593 1383 sunt,
2620 1327 2678 1373 ut
2708 1318 2953 1387 separari
2983 1333 3094 1372 non
3129 1319 3368 1388 possint.

2688 1431 3106 1485 Deuteronomii.

2176 1523 2339 1584 Audi,
2369 1522 2542 1576 Israel
2571 1537 2592 1574 :
2622 1521 2878 1575 Dominus
2915 1521 3052 1574 Deus
3084 1532 3229 1585 tuus,
3267 1519 3524 1574 Dominus
3557 1537 3693 1573 unus

2104 1625 2181 1670 est
2207 1616 2270 1670 ".
2297 1613 2432 1669 lllud
2455 1614 2736 1680 Dominus,
2772 1621 2827 1667 et
2853 1611 3016 1675 Deus,
3036 1620 3111 1677 et,
3141 1611 3399 1666 Dominus
3425 1623 3542 1668 tres
3570 1629 3694 1683 per-

2107 1719 2276 1761 sonas
2308 1704 2569 1759 ostendit.
2620 1702 2760 1758 lllud
2797 1710 3004 1767 autem,
3041 1699 3189 1755 Unus
3213 1712 3313 1768 est,
3343 1702 3690 1757 divinitatem

423 1789 510 1833 est
535 1795 718 1833 sermo
748 1778 863 1844 Dei,
891 1795 1053 1849 quem
1086 1779 1167 1834 sic
1197 1779 1422 1850 exponit
1450 1788 1505 1835 et
1537 1782 1792 1852 exprimit
1818 1780 2005 1850 Scrip-

426 1877 540 1889 .___-
694 1870 958 1889 -.Μηρώ
1037 1868 1201 1889 ..-μμ
1246 1884 1347 1889 __-_
1390 1885 1471 1889 Δ--
1499 1871 1547 1889 ._
1586 1885 1868 1889 eum“-
1902 1871 1916 1889 .
1949 1885 1965 1889 -

2120 1805 2160 1852 Ξι
2197 1805 2449 1851 naturam
2484 1811 2673 1850 unam.

426 1877 568 1934 tura,
603 1876 661 1922 ut
689 1870 997 1939 signiﬁcet,
1036 1868 1204 1923 Deum
1245 1884 1354 1923 non
1390 1871 1554 1924 modo
1584 1885 1877 1940 procreare
1902 1871 1995 1924 bo-

425 1961 625 2015 minem
673 1963 953 2027 voluisse,
1017 1962 1113 2017 sed
1154 1962 1391 2032 alicujus
1444 1978 1610 2034 opera
1665 1964 1717 2018 id
1763 1964 2004 2020 voluisse

424 2061 706 2122 prmstare.
733 2052 953 2108 Poterat
983 2055 1126 2108 enim
1157 2063 1216 2108 ut
1249 2056 1318 2108 ab
1341 2055 1496 2109 initio
1529 2055 1677 2120 fecit,
1713 2058 1792 2112 sic
1819 2058 2004 2111 omnia

426 2146 700 2216 persequi.
730 2143 796 2197 In
823 2147 1082 2215 principio
1110 2147 1232 2215 fecit
1257 2147 1396 2202 Deus
1427 2148 1610 2202 caelum
1639 2158 1686 2202 et
1718 2159 1910 2203 terram
1937 2150 2002 2204 ".

430 2236 633 2290 Deinde
690 2237 817 2291 fecit
871 2238 1081 2301 lucem,
1132 2247 1322 2308 postea
1376 2242 1798 2295 ﬁrmamentum.
1850 2239 2007 2298 Nunc

429 2340 608 2382 autem
653 2328 823 2382 Deum
869 2329 1026 2399 quasi
1075 2331 1478 2401 praecipientem
1523 2339 1577 2386 et
1605 2334 2003 2402 colloquentem

431 2421 694 2476 inducens
727 2436 850 2475 cum
883 2421 1103 2491 quicum
1147 2422 1419 2493 loquitur,
1452 2423 1616 2479 tacite
1647 2423 2005 2491 demonstrat,

431 2528 540 2565 non
595 2513 738 2579 quod
775 2513 931 2566 nobis
959 2515 1326 2584 cognitionem
1363 2515 1642 2581 invideat,
1680 2516 1774 2571 sed
1821 2527 1876 2570 ut
1910 2533 2009 2572 nos

433 2604 582 2659 illius
612 2609 797 2660 arcani
832 2607 1088 2660 incendat
1115 2607 1437 2677 cupiditate,
1472 2609 1630 2678 cujus
1661 2610 1891 2679 vestigia
1928 2611 2011 2664 in-

431 2697 599 2762 dicat,
625 2707 677 2752 et
699 2700 906 2754 semina
927 2699 1173 2768 qumdant
1192 2699 1436 2769 subjicit.
1459 2699 1669 2754 Etenim
1691 2717 1809 2770 quae
1829 2702 2012 2757 labore

432 2800 586 2858 parta
617 2799 783 2850 sunt,
825 2805 948 2843 cum
1001 2791 1186 2843 laetitia
1243 2791 1575 2860 percipimus
1619 2793 2012 2863 diligenterque

436 2893 842 2934 conservamus.
882 2879 1013 2943 Quae
1046 2895 1173 2934 vero
1205 2879 1363 2934 facile
1394 2896 1801 2950 comparamus,
1831 2884 2016 2952 despi-

433 2986 559 3024 cere
588 2982 638 3025 et
673 2971 945 3040 negligere
983 2973 1398 3026 consuevimus.
1445 2971 1629 3042 Itaque
1663 2975 1747 3027 via
1778 2975 2012 3044 quadam

433 3071 487 3117 et
523 3062 714 3115 ordine
748 3078 847 3117 nos
877 3061 943 3114 ad
975 3061 1253 3130 Unigeniti
1291 3064 1703 3132 intelligentiam
1752 3065 1903 3120 ducit
1961 3074 2014 3120 ct

434 3153 625 3207 allicit.
652 3153 814 3223 Atqui
839 3155 1132 3216 sermonis,
1163 3154 1252 3222 qui
1286 3170 1383 3223 per
1413 3169 1596 3209 vocem
1621 3156 1858 3220 cﬁ‘ertur,
1883 3172 2016 3211 usus
2043 3166 2089 3226 ο

436 3260 545 3299 non
582 3253 699 3298 erat
729 3246 1079 3301 necessarius
1119 3256 1327 3300 natura:
1377 3247 1452 3300 illi
1486 3249 1736 3316 corporis
1778 3248 2010 3318 experti,

433 3355 559 3394 cum
581 3348 762 3408 posset
779 3339 1013 3408 cogitata
1035 3339 1152 3394 sine
1177 3340 1354 3395 verbis
1377 3341 1540 3394 simul
1567 3342 1746 3412 agenti
1767 3358 2015 3397 commu-

435 3432 642 3487 nicare.
673 3432 785 3485 Vox
812 3432 958 3486 enim
990 3441 1217 3502 propter
1246 3432 1517 3495 auditum,
1541 3443 1594 3487 et
1616 3433 1835 3488 auditus
1862 3435 2015 3492 vocis

434 3531 517 3580 est
539 3525 732 3596 gratia.
761 3523 864 3578 Ubi
893 3533 1073 3577 autem
1108 3539 1206 3578 nec
1241 3539 1336 3579 aer
1381 3534 1484 3590 est,
1525 3540 1625 3578 nec
1673 3525 1878 3596 lingua,
1914 3542 2016 3582 nec

437 3631 617 3680 aures,
636 3632 734 3672 nec
759 3617 996 3686 obliqua:
1017 3616 1120 3670 illa‘
1141 3616 1354 3670 aurium
1379 3617 1607 3678 semitae,
1624 3632 1788 3673 SOilOS
1808 3619 1874 3672 ad
1898 3635 2018 3675 sen-

438 3729 559 3770 sum
583 3714 746 3783 quiin
769 3715 948 3782 capite
969 3721 1051 3768 est
1071 3712 1544 3784 perducentes,ibi
1566 3713 1734 3766 verba
1759 3729 1866 3767 non
1888 3721 2016 3768 sunt

437 3807 751 3861 necessaria
773 3845 786 3868 ,
839 3805 931 3859 sed
978 3807 1210 3878 exﬁpsis
1235 3806 1450 3871 cordis,
1484 3816 1543 3859 ut
1575 3805 1647 3858 ita
1685 3805 1884 3871 (licam,
1923 3815 2016 3858 aut

440 3899 608 3953 animi
629 3899 945 3952 notionibus
965 3897 1324 3966 cogitationes
1344 3897 1624 3967 pateﬁunt.
1647 3897 2015 3963 Quamobrem

442 3991 724 4060 Scriptura
757 3991 1035 4060 sapienter
1061 3999 1114 4044 et
1144 3991 1298 4052 scite,
1328 3999 1386 4042 ut
1413 3989 1676 4049 diximus.
1711 3990 1852 4043 hanc
1883 3989 2018 4058 ﬁgu-

438 4099 557 4137 ram
587 4091 833 4153 usurpat,
866 4090 922 4135 ut
946 4091 1178 4135 mentem
1203 4091 1444 4137 nostram
1471 4083 1536 4135 ad
1570 4098 1860 4152 personam
1893 4098 2014 4136 cum

441 4189 547 4245 qua
572 4189 753 4230 sermo
794 4175 1122 4238 instituitur,
1156 4175 1588 4243 investigandum
1622 4175 1882 4244 impellat.

986 4286 1070 4340 Ex
1102 4286 1282 4341 eodem
1314 4286 1468 4343 libro.

511 4402 772 4472 Apparuit
819 4411 991 4455 autem
1040 4400 1123 4453 illi
1170 4400 1310 4453 Deus
1352 4401 1420 4452 ad
1459 4415 1708 4469 quercum
1743 4397 2017 4460 Mambre,

2092 2387 2398 2456 .bulationis
2447 2396 2551 2440 tua:
2591 2385 2656 2440 ⁸³.
2708 2385 2772 2437 Et
2819 2398 3036 2437 rursum
3077 2401 3090 2436 :

2302 1909 2546 1978 Doridis,
2574 1919 2622 1964 et
2651 1909 2776 1974 Job,
2809 1921 2859 1968 et
2885 1906 3186 1972 Zacltariw,
3211 1917 3260 1961 et
3295 1906 3485 1963 Isaiee.

2179 2022 2247 2076 In
2271 2021 2380 2076 Deo
2411 2021 2643 2076 laudabo
2677 2022 2890 2074 verbum
2915 2061 2930 2086 ,
2979 2019 3034 2072 in
3069 2017 3287 2072 Domino
3311 2019 3548 2073 laudabo
3575 2036 3694 2074 ser-

2106 2132 2312 2170 monem
2341 2131 2360 2169 :
2387 2117 2437 2169 in
2465 2115 2573 2168 Deo
2615 2113 2844 2182 speravi,
2863 2128 2969 2166 non
3001 2111 3180 2164 timebo
3201 2111 3322 2177 quid
3349 2111 3520 2180 faciat
3553 2113 3690 2164 mihi

2106 2205 2261 2259 homo
2283 2205 2346 2260 ¹⁸.
2373 2203 2438 2257 Et
2463 2219 2684 2259 rursum
2711 2221 2726 2257 :
2751 2200 2983 2255 lmmola
3007 2198 3116 2253 Deo
3137 2199 3455 2266 sacriﬁcium
3481 2199 3691 2259 laudis,

2107 2307 2154 2350 et
2187 2295 2344 2349 redde
2374 2293 2651 2348 Altissimo
2682 2302 2800 2346 vota
2826 2302 2940 2355 tua,
2973 2300 3022 2344 et
3050 2291 3230 2342 invoca
3258 2305 3342 2342 me
3378 2290 3433 2340 in
3472 2291 3557 2342 die
3595 2290 3695 2342 tri-

3141 2380 3273 2434 Vivit
3324 2379 3579 2432 Doruinus
3595 2421 3607 2441 ,
3647 2391 3692 2432 et

2111 2479 2414 2533 benedictus
2456 2476 2632 2540 Deus,
2665 2485 2715 2530 et
2760 2476 3026 2530 exaltetur
3053 2473 3194 2527 Deus
3239 2473 3431 2526 salutis
3474 2489 3598 2524 metu
3624 2473 3691 2524 ".

2110 2571 2244 2626 ltetn
2275 2590 2288 2627 :
2315 2569 2382 2624 In
2410 2571 2609 2624 lumine
2634 2580 2723 2623 tuo
2748 2570 3031 2623 videbimus
3063 2569 3238 2619 lumen
3261 2565 3305 2596 ’ί
3363 2563 3473 2617 lloc
3496 2573 3603 2626 est,
3637 2564 3693 2617 in

2111 2661 2251 2716 Filio
2285 2670 2379 2716 tuo
2408 2661 2717 2717 videbimus
2749 2659 3017 2730 Spiritum
3052 2663 3307 2713 sanctum
3340 2670 3472 2725 :per
3509 2656 3693 2724 ipsum

2112 2755 2258 2810 enim
2305 2753 2478 2807 multo
2526 2753 2734 2807 clarius
2776 2750 2992 2805 Patrem
3036 2757 3089 2804 et
3129 2747 3397 2817 Spiritum
3439 2752 3696 2800 sanetam

2113 2847 2495 2917 cognovimus.
2542 2844 2711 2898 Multa
2761 2851 3024 2913 praeterea
3071 2841 3448 2910 reperiemus,
3494 2835 3699 2904 quibus

2116 2948 2308 2993 sancta
2339 2937 2584 2991 Trinitas
2605 2935 2899 2988 indicatur.
2931 2935 3177 3003 liynuius
3217 2932 3382 2986 etiam
3415 2929 3698 2997 angelieus

2119 3029 2212 3082 ille
2233 3068 2246 3092 ,
2297 3029 2556 3091 Sanctus,
2587 3038 2804 3080 sanctus
2827 3064 2840 3086 ,
2874 3033 3087 3078 sanctus
3132 3022 3389 3074 Dominus
3413 3024 3460 3051 "
3488 3061 3502 3084 ,
3540 3032 3698 3072 terna:

2119 3122 2432 3176 Sanctitatis
2461 3119 2834 3174 celebratione
2867 3126 2980 3171 tres
3023 3131 3290 3186 personas
3323 3115 3694 3172 demonstrat,

2119 3216 2287 3270 semel
2315 3221 2498 3267 autem
2531 3211 2824 3266 Dominum
2851 3210 3170 3266 nominans.
3203 3209 3423 3260 unicam
3458 3207 3698 3261 declarat

2115 3307 2485 3361 divinitatem.
2529 3304 2739 3360 Verum
2776 3303 2953 3358 multo
2988 3300 3395 3371 signiﬁcantius
3423 3297 3602 3351 David
3637 3297 3698 3350 de

2115 3397 2276 3454 Patre
2290 3406 2344 3454 et
2366 3396 2505 3452 Filio
2536 3397 2800 3466 loquitur,
2823 3411 2889 3450 ex
2910 3408 3143 3463 persona
3169 3391 3351 3446 Patris
3383 3390 3448 3443 ad
3474 3387 3698 3451 Filium,

2118 3489 2204 3544 Ea:
2231 3498 2401 3553 utero,
2435 3487 2722 3556 inquiens,
2761 3485 2914 3558 genui
2945 3495 2994 3539 te
3025 3484 3093 3537 “.
3137 3482 3244 3536 Per
3273 3490 3482 3536 uterum
3513 3489 3703 3549 pater-

2118 3595 2246 3637 nam
2289 3580 2446 3635 dccct
2487 3577 2784 3635 essentiam
2829 3584 2885 3633 et
2933 3583 3186 3630 naturam
3232 3572 3480 3642 intelligi.
3524 3571 3701 3636 Quem

2117 3683 2300 3728 autem
2322 3672 2530 3742 poteris
2551 3672 2719 3726 alium
2747 3671 2868 3725 sine
2886 3676 3135 3738 tempore
3155 3667 3398 3738 genitum
3425 3663 3702 3720 invenire?

2119 3764 2195 3818 Ex
2228 3779 2462 3835 persona
2508 3771 2692 3818 autem
2724 3760 2882 3826 Filii,
2935 3760 3227 3823 Dominus,
3258 3759 3534 3828 inquiens,
3565 3755 3704 3808 dixit

2119 3857 2186 3911 ad
2219 3874 2298 3911 me
2326 3875 2343 3910 :
2372 3855 2544 3909 Filius
2573 3872 2718 3910 meus
2741 3873 2792 3910 es
2825 3867 2900 3918 tu,
2928 3872 3020 3922 ego
3050 3855 3203 3909 hodie
3224 3855 3380 3923 genui
3405 3864 3453 3906 te
3475 3852 3544 3906 “.
3565 3851 3704 3905 lllud

2119 3951 2262 4005 enim
2295 3989 2310 4015 ,
2358 3949 2511 4003 hodie
2549 3951 2704 4019 genui
2746 3958 2832 4013 te,
2885 3956 3069 4002 ortum
3111 3947 3231 4015 ejus
3264 3946 3318 4000 in
3354 3954 3604 4014 tempore
3639 3959 3704 3997 ex

2120 4041 2331 4110 virgine
2358 4041 2653 4112 signiﬁcat.
2690 4039 2878 4103 Genui,
2907 4055 3008 4110 pro
3040 4054 3106 4094 eo
3140 4038 3284 4108 quod
3325 4045 3428 4098 est,
3467 4045 3520 4091 te
3547 4034 3705 4106 gigni

2121 4131 2253 4183 mihi
2308 4131 2550 4198 placuit,
2589 4132 2673 4185 vel
2707 4130 3010 4199 procreavi.
3054 4126 3195 4181 lluic
3229 4136 3404 4180 autem
3444 4140 3705 4194 persona:

2121 4220 2238 4274 Filii
2267 4223 2700 4288 congruitetiam
2734 4223 2866 4276 illud
2898 4221 3246 4275 Salomonis:
3276 4218 3530 4271 Dominus
3553 4233 3709 4269 crea-

2123 4315 2191 4368 vit
2227 4331 2306 4369 me
2329 4316 2372 4347 "‘
2393 4357 2406 4379 ,
2437 4323 2489 4369 et
2523 4331 2644 4384 (pne
2678 4325 3007 4384 sequuntur.
3045 4313 3252 4368 Deinde
3282 4311 3539 4380 subjicit:
3568 4313 3706 4363 Ante

2123 4423 2300 4461 omnes
2341 4407 2496 4460 colles
2533 4416 2744 4476 generat
2773 4424 2850 4462 me
2875 4408 2939 4460 ".
2971 4406 3109 4460 lllud
3144 4407 3289 4461 enim
3318 4447 3332 4469 ,
3368 4404 3564 4457 creauit
3601 4419 3706 4467 me,

443 4494 647 4550 sedente
679 4495 788 4563 ipso
819 4495 870 4547 in
898 4495 1030 4547 ostio
1057 4493 1386 4548 tabernaculi
1415 4495 1497 4546 sui
1538 4495 1591 4546 in
1624 4494 1858 4547 meridie.
1914 4491 2014 4546 Su—
2049 4499 2092 4554 ι)
2121 4510 2300 4553 orrum
2351 4499 2501 4553 illius
2547 4499 2600 4552 in
2651 4508 2897 4568 tempore
2947 4499 3248 4551 [numnum
3295 4497 3589 4565 signiﬁcat.
3638 4496 3708 4546 At

442 4589 665 4657 spiciens
697 4597 870 4639 autem
901 4587 1064 4639 oculis
1092 4586 1201 4638 suis
1231 4586 1378 4639 vidit.
1414 4585 1480 4639 Et
1511 4602 1625 4640 ecce
1656 4595 1758 4640 tres
1788 4587 1884 4639 riri
1916 4594 2019 4639 ste-

445 4690 617 4734 terunt
649 4694 803 4747 super
828 4695 965 4739 eum,
993 4685 1042 4730 et
1072 4677 1249 4729 videns
1282 4677 1514 4730 cucurrit
1541 4677 1592 4730 in
1617 4693 1892 4730 occursum
1919 4679 2016 4741 eis,

441 4782 490 4827 et
522 4771 761 4825 adoravit
785 4785 938 4838 super
973 4778 1191 4834 terram,
1211 4777 1258 4821 et
1280 4769 1416 4820 dixit
1442 4784 1458 4821 :
1488 4769 1733 4830 Domine,
1759 4770 1804 4822 si
1835 4771 2020 4839 utique

444 4864 612 4916 inveni
641 4862 875 4930 gratiam
893 4877 1070 4914 coram
1103 4869 1170 4923 te,
1196 4875 1258 4913 ne
1283 4869 1523 4912 transeas
1547 4875 1752 4914 servum
1782 4871 1926 4912 tuum
1953 4861 2016 4913 ¹⁸.

443 4955 510 5009 Ει
568 4956 726 5024 paulo
764 4965 886 5024 post
912 4955 954 4985 ¹⁵
987 4973 999 5007 :
1041 4950 1192 5006 Dixit
1225 4962 1398 5006 autent
1434 4952 1501 5006 ad
1539 4969 1657 5006 eum
1691 4967 1709 5007 :
1747 4951 1845 5005 (ibi
1880 4951 2017 5006 Sara

444 5065 581 5104 uxor
611 5051 742 5103 tua?
778 5047 868 5100 lllc
900 5055 1078 5101 autem
1115 5047 1450 5116 respondens
1477 5045 1618 5100 dixit
1652 5047 1824 5098 :Ecce
1855 5045 1905 5098 in
1937 5054 2019 5096 ta-

445 5141 746 5197 bernaculo.
785 5138 846 5192 Et
880 5139 993 5203 ait,
1038 5136 1314 5192 Revertens
1351 5139 1554 5192 veniam
1594 5137 1663 5190 ad
1695 5147 1741 5192 te
1767 5177 1781 5201 ,
1817 5146 1867 5192 et
1899 5151 2019 5206 quae

446 5242 773 5303 sequuntur.
826 5231 964 5286 Ecce
1010 5231 1275 5300 scriptum
1337 5237 1422 5284 est
1476 5229 1644 5284 Deum
1697 5231 2020 5299 apparuisse

447 5325 758 5389 Abraham;
797 5330 908 5377 tres
949 5332 1128 5376 autem
1177 5320 1349 5375 fuisse
1392 5321 1486 5390 qui
1531 5329 1923 5390 apparuerunt.
1955 5321 2020 5376 Et

441 5431 570 5470 cum
609 5418 718 5471 sint
751 5425 860 5468 tres
881 5454 894 5477 ,
927 5429 1109 5470 sermo
1136 5429 1258 5467 cum
1294 5428 1404 5467 uno
1430 5421 1644 5466 tantum
1673 5413 2016 5479 inStituitur,

445 5519 504 5560 ut
552 5515 764 5562 constet
808 5507 1030 5560 omnino
1053 5545 1068 5572 ,
1101 5521 1264 5560 unam
1301 5521 1422 5561 esse
1465 5508 1627 5561 trium
1662 5519 2016 5572 personarum

523 5687 567 5716 η
606 5686 739 5740 Gen.
781 5705 857 5749 xv.
881 5691 934 5742 7.

451 5753 494 5787 ‘“
523 5755 665 5808 Psal.
701 5774 786 5816 LV,
815 5759 899 5814 11.

450 5825 496 5861 ⁸³
535 5823 680 5883 l‘snl.
733 5841 806 5891 ιι,
855 5829 903 5881 7.

1014 5690 1059 5721 ¹³
1096 5689 1231 5747 Gen.
1261 5707 1297 5748 t,
1325 5691 1374 5745 l.
1455 5691 1498 5722 "
1526 5690 1660 5746 Gen.
1697 5707 1851 5751 xvm.
1900 5693 2016 5747 1-5.

981 5759 1022 5791 ‘9
1043 5759 1188 5814 Psal.
1219 5777 1365 5822 ms,
1400 5763 1484 5817 Η.
1561 5763 1605 5794 ¹⁰
1629 5762 1770 5816 Psal.
1800 5779 1930 5818 κνιι.
1955 5761 2045 5827 47,

1016 5831 1060 5861 ³⁸
1101 5829 1260 5885 Prov.
1292 5847 1384 5885 vm
1413 5874 1426 5898 ,
1465 5833 1554 5886 22.
1669 5835 1714 5864 ²⁶
1757 5833 1894 5888 ibid.
1923 5833 2012 5888 25.

2092 5835 2136 5868 ³⁷
2158 5832 2303 5891 Psal.
2330 5849 2501 5898 xuii,
2524 5834 2573 5887 6.

2124 4591 2279 4655 illud,
2309 4599 2429 4644 ante
2460 4606 2640 4644 omnes
2664 4591 2848 4654 colles,
2869 4591 3104 4644 alterum
3137 4589 3291 4642 illum
3315 4588 3621 4644 caelestem,
3653 4595 3710 4639 et

2124 4683 2243 4737 sine
2265 4692 2536 4752 tempore,
2570 4691 2626 4736 et
2650 4691 2779 4736 ante
2819 4682 3021 4736 smcula
3047 4681 3312 4735 declarat.
3349 4678 3481 4732 ltcm
3512 4677 3706 4737 David,

2135 4775 2299 4830 Verbo
2322 4815 2336 4834 .
2374 4775 2552 4844 inquit
2575 4814 2589 4840 ,
2623 4773 2839 4828 Domini
2871 4773 2987 4828 cazli
3019 4774 3222 4841 [innati
3260 4781 3408 4832 sunt.
3436 4780 3486 4824 et
3515 4766 3707 4838 spiritu

2122 4867 2232 4918 oris
2269 4864 2382 4933 ejus
2417 4865 2587 4917 omnis
2623 4864 2792 4918 uirtus
2821 4879 3002 4917 eorum
3025 4864 3067 4894 '7
3089 4903 3104 4925 ,
3138 4861 3432 4915 Dominum
3471 4860 3711 4929 appellat

2125 4954 2343 5010 Patrem
2386 4974 2399 5011 :
2444 4953 2684 5009 Verbum
2734 4963 2914 5008 autem
2949 4952 3148 5007 Filium
3183 4952 3396 5021 ipsius,
3444 4950 3712 5019 quoniam

2124 5047 2200 5102 ita
2233 5063 2293 5104 se
2320 5049 2628 5103 habetcum
2658 5048 2840 5112 Patre,
2865 5054 2926 5101 ut
2957 5052 3139 5101 mente
3164 5045 3390 5100 verbum
3416 5052 3471 5098 et
3506 5043 3710 5103 oratio,

2127 5153 2237 5192 non
2283 5139 2460 5194 solum
2508 5146 2734 5209 propter
2765 5147 2950 5192 ortum
2985 5137 3078 5206 qui
3127 5135 3248 5190 sine
3277 5135 3386 5188 ulla
3436 5133 3544 5186 fuit
3574 5131 3708 5186 alie-

2125 5230 2336 5294 ctione,
2383 5247 2572 5287 verum
2620 5231 2786 5284 etiam
2828 5241 3048 5300 propter
3076 5227 3530 5297 cmijunetionem
3582 5240 3708 5278 eum

2127 5319 2307 5386 Patre,
2343 5329 2399 5378 et
2433 5323 2563 5392 quia
2599 5323 2930 5376 voluntatem
2981 5321 3102 5390 ejus
3132 5319 3403 5374 enuntiat.
3438 5315 3707 5385 Spiritum

2129 5429 2257 5469 vero
2310 5425 2468 5470 vocat
2511 5415 2779 5485 Spiritum
2824 5421 3098 5469 sanctum.
3133 5410 3268 5465 Item
3309 5409 3378 5464 de
3425 5406 3610 5462 Verbo
3653 5413 3706 5460 et

2127 5505 2264 5562 Filio
2297 5525 2310 5562 :
2347 5505 2497 5562 Misit
2527 5511 2737 5563 verbum
2770 5524 2921 5562 suum
2943 5547 2957 5572 ,
2987 5505 3194 5575 inquit,
3230 5512 3279 5559 et
3307 5502 3514 5556 sanavit
3538 5497 3701 5554 eos”.

2128 5693 2170 5724 "
2209 5691 2342 5745 ibid.
2389 5691 2451 5755 9,
2506 5693 2591 5748 10.
2671 5695 2714 5724 ’⁸
2754 5693 2889 5746 Gen.
2927 5707 3051 5754 xix,
3079 5687 3170 5743 9.1.

2121 5763 2161 5794 ¹¹
2207 5762 2348 5817 Psal.
2385 5779 2564 5826 xxxv,
2606 5764 2689 5817 10.
2768 5764 2813 5793 ’³
2856 5763 2958 5816 lsa.
2994 5777 3077 5822 vr,
3119 5759 3172 5814 ὅ.

2121 5835 2136 5866 '
2158 5832 2303 5891 Psal.
2330 5849 2501 5898 xuii,
2524 5834 2573 5887 6.
2654 5835 2699 5867 “
2733 5834 2876 5889 Psal.
2904 5847 3013 5901 ενι,
3039 5831 3124 5885 ΞΟ.

3249 5688 3291 5720 ¹⁷
3334 5685 3492 5740 Deut.
3529 5700 3613 5750 vt,
3647 5685 3701 5742 ἅ.

3250 5758 3296 5792 ’³
3336 5757 3484 5814 Psal.
3507 5770 3621 5822 eis,
3645 5753 3698 5812 3.
