3972 6208
273 335 418 396 ΗΠ

1690 357 2140 424 FRAGMENTA.

3416 381 3554 440 lll8

274 462 444 518 Pater
482 460 746 518 nimirum
776 463 929 522 misit
959 466 1184 534 Filium,
1217 478 1272 526 et
1297 474 1514 529 sanavit
1548 475 1876 544 ignorantiae
1902 491 1950 547 Α
1977 486 2206 542 satvabit
2257 502 2352 542 nos
2378 487 2447 544 ⁵ο.
2496 487 2745 548 Adoreus
2785 499 2970 550 autem
3018 493 3238 567 signum
3283 497 3552 559 adventus

272 553 477 609 morbo
506 554 851 614 laborantes.
887 558 957 612 At
977 559 1044 615 de
1075 559 1282 632 Spiritu
1312 576 1528 631 sancto,
1554 566 1759 635 Mittes,
1785 572 1869 627 in-

270 647 432 717 quit,
475 648 722 714 spiritum
762 658 911 704 tuum
936 693 951 717 ,
993 662 1043 706 et
1092 654 1453 722 creabuntur,
1499 675 1642 715 nova
1681 664 1869 734 utique

271 741 565 797 creatione
595 759 609 796 :
641 752 690 797 et
714 744 988 799 renovabis
1013 745 1206 815 faciem
1233 759 1392 806 terrm
1416 753 1482 817 ”,
1521 769 1643 824 quae
1673 771 1870 815 conse-

272 832 401 886 nuit
424 832 479 885 in
503 834 770 903 peccatis.
796 833 985 904 Neque
1006 853 1137 894 vero
1164 844 1449 900 vocalibus
1480 845 1866 907 instrumentis

273 926 628 980 enuntiatum
659 927 764 983 hoc
795 928 1037 985 Verbum
1085 932 1143 987 in
1174 947 1300 989 aera
1336 935 1667 995 dill‘unditur
1695 951 1861 1013 atque

273 1018 621 1074 dissolvitur.
679 1019 771 1074 Sic
816 1021 963 1076 enim
1008 1024 1136 1079 alibi
1182 1026 1319 1082 dicit
1361 1044 1375 1081 :
1435 1028 1500 1083 In
1566 1033 1820 1088 swculum
1847 1074 1862 1098 ,

271 1109 536 1177 Domine,
603 1110 832 1167 Verbum
874 1124 1022 1169 tuum
1061 1133 1331 1186 permanet
1369 1122 1425 1176 in
1475 1124 1604 1179 calo
1641 1127 1706 1179 '°.
1754 1126 1863 1182 Nec

276 1203 521 1273 Spiritus
572 1205 666 1261 ille
712 1208 960 1275 spirandi
1001 1208 1387 1269 instrumentis
1421 1217 1734 1286 expellitur,
1771 1228 1865 1274 aut

191 1353 197 1358 _
272 1297 557 1366 spargitur
597 1307 653 1353 et
682 1298 1008 1368 dissipatur.
1041 1300 1167 1357 Haec
1196 1304 1341 1359 enim
1373 1307 1704 1376 corporibus
1729 1324 1863 1367 con-

272 1383 519 1453 tingunt.
552 1382 914 1457 Perspicuum
964 1387 1132 1457 igitur
1164 1400 1269 1456 est,
1298 1391 1564 1461 Verbum,
1592 1408 1646 1452 et
1685 1396 1862 1469 Spiri-

271 1478 394 1526 tum
449 1473 503 1526 in
547 1489 648 1529 sua
699 1486 998 1547 utrumque
1034 1480 1303 1539 exsistere
1347 1500 1617 1555 persona,
1645 1497 1701 1544 et
1738 1506 1862 1546 esse

270 1569 562 1630 aeternum,
596 1574 653 1622 et
688 1580 1018 1626 creatorem.
1053 1571 1324 1631 Praeterea
1363 1576 1467 1633 Job
1500 1579 1639 1636 dicit
1668 1600 1683 1637 :
1722 1581 1861 1638 Vivit

271 1653 443 1723 Deus,
464 1659 553 1728 qui
569 1660 646 1713 ita
667 1677 747 1714 me
754 1661 1041 1731 judicavit,
1066 1674 1116 1719 et
1138 1665 1482 1737 Omnipotens
1507 1654 1598 1737 qui
1614 1689 1860 1728 amaram

270 1747 502 1802 reddidit
525 1753 760 1805 animam
789 1770 981 1820 meam,
1011 1765 1060 1810 et
1086 1755 1322 1825 Spiritus
1349 1760 1450 1815 Dei
1480 1763 1610 1817 mihi
1631 1765 1686 1819 in
1711 1767 1859 1819 nari-

269 1837 368 1892 bus
397 1840 642 1895 circumit
663 1843 728 1896 ³¹.
766 1843 832 1898 Et
864 1844 1164 1905 Zacharias
1197 1850 1473 1923 (Aggzeus)
1517 1870 1583 1909 ex
1620 1871 1854 1926 persona
1888 1830 1927 1882 Β

267 1926 369 1984 Dei
406 1938 463 1985 et
492 1929 678 1988 Patris
714 1953 729 1990 :
768 1934 877 2007 Ego
904 1940 1197 2004 vobiscum,
1232 1942 1435 2013 inquit,
1465 1961 1607 2011 sum,
1638 1958 1688 2001 et
1729 1948 1855 2003 Ver-

267 2017 396 2073 bum
430 2038 601 2075 meum
624 2063 639 2085 ,
675 2035 724 2079 et
764 2023 995 2095 Spiritus
1026 2047 1172 2086 meus
1202 2032 1265 2085 ³¹.
1306 2033 1371 2087 Et
1399 2032 1572 2093 Isaias
1591 2076 1606 2102 ,
1655 2035 1816 2093 Nunc
1835 2080 1851 2105 ,

268 2110 474 2185 inquit,
502 2115 762 2173 Dominus
795 2121 940 2176 misit
965 2139 1064 2190 me,
1097 2135 1146 2178 et
1172 2122 1407 2193 Spiritus
1437 2128 1573 2198 ejus.

746 2229 832 2286 Ea:
865 2231 1076 2301 Genesi,
1110 2246 1162 2291 et
1191 2236 1368 2294 Isaia.

338 2340 491 2395 Dixit
532 2339 704 2396 Jacob
750 2344 822 2398 ad
862 2344 1001 2401 duas
1030 2363 1222 2405 uxores
1250 2366 1422 2406 suas:
1454 2351 1524 2406 Et
1551 2352 1691 2408 dixit
1722 2355 1852 2409 mihi

267 2432 490 2503 angelus
533 2433 628 2489 Dei
656 2436 710 2490 in
741 2440 944 2492 somnis
980 2455 998 2493 :
1042 2438 1165 2494 Vidi
1198 2458 1538 2514 qua'cumque
1582 2446 1706 2514 fecit
1757 2448 1853 2501 tibi

270 2522 463 2580 Laban
488 2525 554 2591 ³⁸,
592 2535 648 2583 et
678 2544 801 2598 qua!
829 2542 1161 2601 sequuntur.
1194 2532 1421 2601 Deinde,
1461 2535 1592 2607 Ego,
1630 2538 1850 2609 inquit,

234 2623 240 2627 ‘
271 2629 392 2669 sum
427 2613 564 2672 Deus
589 2657 605 2681 ,
638 2619 731 2689 qui
758 2622 984 2688 apparui
1014 2622 1111 2677 tibi
1142 2624 1197 2678 in
1231 2624 1345 2679 loco
1380 2626 1496 2681 Dei.
1533 2628 1589 2682 Si
1621 2630 1850 2699 angelus

265 2716 387 2764 erat
422 2724 569 2765 unus
620 2725 652 2766 e
709 2728 941 2768 numero
993 2716 1429 2774 ministrantium
1477 2730 1846 2791 potestatum,

265 2800 545 2869 quomodo
567 2816 627 2858 sc
649 2802 832 2873 ipsum
858 2807 1100 2877 appellat
1118 2806 1285 2864 Deum
1304 2810 1328 2864 ‘l
1348 2810 1432 2867 An
1457 2811 1648 2884 utique
1676 2806 1850 2872 Filius

265 2899 424 2957 erat,
456 2894 552 2964 qui
580 2893 677 2951 Dei
719 2904 773 2952 et
800 2896 983 2955 Patris
1012 2908 1099 2957 est
1134 2904 1395 2974 angelus,
1427 2905 1533 2962 hoc
1563 2915 1672 2971 est.
1705 2925 1850 2963 nun-

267 2982 399 3046 tius,
442 2994 500 3038 ut
531 2987 731 3042 mentis
757 2987 919 3044 index
945 2996 1032 3046 est
1060 2991 1286 3047 verbum
1312 3002 1368 3049 et
1397 2996 1618 3049 sermo?
1648 2997 1847 3052 mentis

273 3075 421 3130 enim
446 3087 500 3132 et
522 3078 691 3132 animi
718 3095 939 3135 sensum
970 3082 1194 3139 indicat.
1233 3083 1362 3140 Post
1382 3085 1676 3141 humanam
1699 3090 1846 3144 enim

1967 577 2091 646 ejus
2122 578 2178 635 in
2219 593 2389 635 carne
2427 581 2715 653 subjungit
2747 583 2791 615 ’⁵⁸
2827 602 2842 639 :
2882 585 3029 641 Tunc
3060 592 3370 658 aperientur
3408 596 3551 648 oculi

1967 686 2248 738 ccecorum,
2270 680 2321 726 et
2352 682 2508 727 aures
2527 673 2807 730 surderum
2839 677 3073 733 audient.
3112 680 3257 736 Tunc
3282 685 3459 753 saliet,
3491 696 3548 739 ut

1967 779 2169 830 cervus,
2194 765 2441 830 claudus,
2470 778 2518 822 et
2546 769 2747 823 diserta
2767 770 2867 824 erit
2891 771 3072 841 lingua
3095 774 3388 830 bulborum.
3415 778 3548 843 Quae

1966 855 2187 924 quidem
2218 860 2404 913 omnia
2438 874 2498 915 re
2519 861 2635 930 ipsa
2661 860 2900 929 perlecta
2925 863 3217 920 humanam
3235 883 3451 925 carnem
3478 871 3548 927 ab

1966 945 2063 1000 illo
2080 958 2416 1018 assumptam
2458 951 2660 1005 indicio
2687 953 2999 1010 certissimo
3034 964 3326 1013 testantur.
3374 960 3547 1016 Idem-

1965 1054 2074 1109 que
2106 1055 2305 1096 rursus
2339 1042 2418 1096 ait
2448 1061 2461 1097 :
2499 1041 2623 1098 Non
2649 1043 2872 1114 legatus,
2902 1063 3006 1100 non
3037 1049 3280 1119 angelus,
3315 1052 3411 1106 sed
3437 1054 3545 1121 ipse

1965 1130 2224 1186 Dominus
2256 1136 2481 1188 servavit
2510 1152 2619 1190 eos.
2644 1135 2879 1206 Legatus
2898 1140 3042 1193 enim
3069 1149 3154 1195 est
3178 1144 3543 1209 intercessor,

1964 1224 2146 1292 qualis
2182 1223 2285 1279 luit
2310 1225 2513 1295 Moses,
2541 1236 2598 1283 et
2626 1230 2671 1284 si
2703 1230 2830 1300 quis
2860 1232 3004 1288 alius
3036 1244 3161 1303 post
3191 1234 3419 1291 Mosem.
3453 1240 3533 1292 Ac

1964 1330 2063 1385 per
2098 1316 2309 1388 legatos
2337 1319 2558 1389 quidem
2608 1330 2776 1392 atque
2817 1326 3043 1395 angelos
3084 1327 3238 1380 multi
3290 1344 3545 1397 saepenu-

1964 1421 2116 1462 mero
2148 1410 2353 1464 servati
2384 1418 2535 1478 sunt,
2568 1422 2628 1467 ut
2651 1413 2731 1467 illi
2766 1431 2904 1484 quos
2935 1417 3020 1470 vel
3055 1416 3237 1473 Moses
3265 1420 3350 1473 vel
3376 1418 3543 1476 Jesus

1961 1496 2109 1553 Nave
2138 1498 2286 1556 lilius
2307 1540 2322 1566 ,
2350 1510 2410 1557 ‘et
2442 1503 2535 1557 alii
2565 1503 2839 1574 ejusmodi
2882 1519 3145 1562 rexerunt
3177 1516 3231 1564 et
3266 1512 3542 1581 guberna-

1962 1596 2113 1644 runt.
2152 1590 2219 1645 Et
2252 1592 2345 1662 qui
2392 1592 2617 1650 fuerunt
2662 1596 2767 1652 sub
2802 1596 3035 1654 Ezecbia
3057 1600 3125 1666 “,
3155 1616 3269 1671 quo
3316 1602 3539 1672 quidem

1960 1692 2206 1754 tempore
2230 1688 2457 1756 angelus
2485 1703 2596 1743 una
2621 1698 2783 1745 nocte
2809 1701 3033 1747 centum
3057 1694 3341 1764 octoginta
3372 1696 3535 1765 quin-

1960 1792 2065 1845 que
2109 1778 2279 1834 millia
2324 1780 2678 1852 Assyriorum
2728 1782 2952 1839 delevit.
3006 1783 3131 1839 llaec
3164 1787 3413 1855 profecto
3447 1789 3542 1843 Dei

1956 1870 2453 1940 peregrinationem
2483 1872 2793 1929 clarissime
2823 1873 3190 1944 patefaciunt.

2663 2006 2850 2063 Isaia'.

2025 2114 2189 2170 Dabit
2215 2113 2471 2172 Dominus
2500 2118 2609 2185 ipse
2630 2118 2773 2174 vobis
2806 2120 3040 2190 signum.
3068 2119 3206 2177 Ecce
3236 2124 3384 2197 virgo
3413 2142 3543 2182 con-

1954 2209 2130 2277 cipiet,
2164 2221 2212 2264 et
2240 2211 2414 2278 pariet
2443 2211 2619 2281 ﬁlium
2640 2212 2707 2264 ⁸³.
2742 2212 2938 2270 Omnis
2972 2216 3119 2271 enim
3145 2234 3268 2289 qua:
3292 2217 3463 2275 letum
3484 2222 3538 2277 in

1954 2308 2112 2356 utero
2155 2303 2336 2372 gerit,
2380 2318 2492 2357 non
2539 2311 2625 2360 est
2670 2305 2843 2376 virgo.
2895 2306 3021 2363 Haec
3063 2318 3246 2365 autem
3284 2311 3452 2368 fetum
3482 2315 3537 2369 in

1955 2403 2112 2449 utero
2140 2409 2343 2464 gerens
2356 2396 2462 2451 erit
2490 2398 2667 2468 virgo.
2698 2397 2857 2464 Quod
2882 2402 3104 2471 quidem
3130 2411 3189 2456 ut
3212 2403 3539 2463 admirabile

1953 2486 2332 2542 testimonium
2361 2495 2529 2558 atque
2558 2489 2824 2545 indicium
2852 2494 3203 2564 proponitur.

2609 2623 2886 2696 Ejusdem.

2018 2734 2309 2806 Antequam
2358 2739 2494 2792 sciat
2538 2754 2669 2808 puer
2717 2741 2911 2796 bonum
2960 2750 3052 2796 aut
3083 2745 3284 2799 malum
3305 2744 3388 2812 ιδ,
3418 2746 3534 2803 dis-

1950 2825 2143 2879 suadet
2171 2826 2379 2880 malitia
2424 2827 2630 2897 eligere
2660 2829 2889 2885 bonum.
2938 2831 3167 2889 Cuinam
3211 2850 3383 2904 puero
3421 2835 3537 2892 haec

1957 2914 2111 2972 dices
2140 2918 2481 2973 convenire?
2521 2918 2686 2977 Solus
2711 2920 2969 2978 Christus
2993 2936 3290 2994 peccatum,
3334 2928 3535 2998 inquit,

1950 3023 2053 3061 non
2077 3007 2220 3076 fecit,
2250 3025 2341 3063 nec
2368 3011 2605 3067 inventus
2628 3021 2705 3065 est
2725 3011 2879 3066 dolus
2906 3015 2960 3067 in
2985 3031 3073 3069 ore
3106 3016 3218 3085 ejus
3241 3016 3316 3085 ";
3347 3018 3398 3070 id
3428 3028 3533 3083 est,

1951 3116 2129 3171 neque
2164 3117 2223 3156 re
2263 3117 2441 3172 neque
2491 3104 2679 3159 verbis
2732 3106 3000 3174 peccavit.
3054 3109 3301 3163 Aliorum
3348 3118 3535 3166 autem

263 3178 492 3220 carnem
533 3177 879 3240 assumptam
914 3173 1177 3229 nuntians
1208 3176 1372 3231 nobis
1406 3174 1592 3233 Patris
1623 3193 1845 3240 nomen.
1876 3165 1918 3222 (ἶ
1952 3165 2198 3252 οηιζιίυιη
2225 3165 2427 3262 num-.3,
2465 3197 2666 3268 inquit,
2690 3165 2859 3269 ρξιηιε
2884 3218 2918 3255 α
2947 3202 3159 3256 "lngula
3186 3201 3252 3258 ιι,

266 3254 571 3323 Nuntiavi,
619 3261 833 3330 inquit,
876 3280 1063 3318 nomen
1109 3274 1259 3320 tuum
1309 3267 1613 3323 hominibus
1663 3270 1731 3326 ³⁸.
1785 3269 1850 3324 Et

265 3349 449 3417 magni
470 3351 681 3404 consilii
703 3352 928 3422 Angelus
957 3362 1186 3408 vocatur
1212 3356 1282 3411 ab
1310 3356 1447 3412 Isaia
1467 3399 1484 3424 ,
1519 3360 1585 3413 et’
1623 3376 1846 3431 magnus

262 3439 637 3505 consiliarius,
669 3448 724 3495 et
756 3440 898 3496 Deus
927 3442 1108 3512 fortis,
1137 3452 1186 3497 et
1212 3455 1397 3513 potens
1421 3445 1487 3501 “.
1519 3446 1656 3514 Quis
1680 3463 1848 3518 porro

262 3531 629 3589 consiliarius
683 3531 815 3599 Dei,
867 3534 969 3591 nisi
1012 3536 1104 3605 qui
1145 3536 1393 3606 ejusdem
1441 3548 1527 3593 est
1570 3543 1844 3609 essentiae,

261 3622 625 3693 ejusdemque
653 3625 940 3693 potestatis
967 3633 1025 3680 et
1051 3625 1341 3697 dignitatis
1370 3631 1601 3700 :equalis
1632 3632 1846 3691 Filius?

263 3716 572 3771 Consilium
604 3715 969 3786 voluntasque
1013 3715 1194 3774 Patris
1238 3728 1322 3774 est
1372 3720 1654 3778 hominum
1696 3729 1848 3784 salus

263 3822 365 3879 per
387 3808 702 3877 evangelica
728 3809 1004 3865 mandata.
1032 3809 1215 3867 Patris
1242 3828 1371 3868 vero
1392 3806 1445 3869 ei
1463 3814 1585 3871 Filii
1614 3820 1848 3875 consilio

262 3899 462 3956 eadem
487 3900 746 3957 voluntas
776 3901 1144 3971 signiﬁcatur.
1173 3903 1333 3971 Quod
1356 3915 1539 3963 autem
1564 3909 1736 3967 Filius
1759 3912 1846 3968 hic

262 4000 322 4047 et
362 3990 507 4047 Deus
530 4007 752 4047 carnem
784 3993 1082 4049 humanam
1122 3995 1395 4061 induerit,
1427 4002 1670 4056 ostendit
1706 4002 1845 4059 idem

261 4083 460 4148 Isaias,
486 4082 649 4151 Puer,
675 4084 953 4154 inquiens,
987 4097 1143 4142 natus
1173 4099 1252 4143 est
1285 4092 1436 4145 nobis
1456 4132 1470 4157 ,
1506 4101 1556 4146 et
1582 4094 1728 4161 [ilius
1751 4097 1848 4148 da-

264 4185 353 4229 tus
369 4184 448 4231 est
468 4177 620 4233 nobis
644 4178 710 4233 ³⁷.
736 4177 965 4247 Propter
998 4192 1099 4234 nos
1120 4180 1266 4235 enim
1295 4191 1461 4238 natus
1481 4192 1567 4238 est
1592 4200 1727 4253 puer
1758 4186 1848 4241 ille

263 4264 476 4332 Filius,
509 4276 563 4323 et
600 4270 890 4325 nobiscum
922 4282 1176 4325 versatus
1212 4282 1317 4329 est.
1349 4273 1485 4329 Nam
1520 4275 1587 4331 de
1632 4278 1724 4333 illo
1752 4280 1845 4349 qui

264 4374 397 4415 vere
441 4358 614 4415 Filius
658 4370 764 4423 est,
814 4376 925 4416 non
974 4370 1155 4416 autem
1188 4361 1257 4417 de
1289 4366 1536 4434 quolibet
1572 4365 1686 4422 lilio
1734 4369 1848 4425 haec

264 4450 522 4524 praedixit
540 4451 826 4523 proplteta.
850 4453 910 4506 Et
940 4469 1080 4524 opus
1103 4456 1207 4512 hoc
1225 4466 1285 4512 ut
1305 4458 1687 4514 admirandum
1709 4476 1847 4530 prae-

263 4546 436 4601 dicat.
469 4545 610 4611 Quid
640 4553 821 4601 autem
875 4546 1287 4617 admirandum,
1320 4565 1444 4605 eum
1490 4551 1583 4621 qui
1630 4552 1846 4623 simpli-

262 4639 406 4692 citer
453 4636 599 4691 ﬁlius
628 4637 733 4701 sit,
769 4653 1000 4706 puerum
1042 4640 1235 4695 nasci?
1263 4643 1627 4707 Quamobrem
1658 4652 1711 4698 et
1738 4644 1848 4699 cla-

263 4728 413 4781 riora
451 4726 711 4797 deiuceps
744 4727 1017 4799 subjecit,
1071 4737 1130 4783 ut
1178 4728 1523 4785 divinitatem
1564 4731 1747 4797 illius,
1795 4743 1850 4790 et

262 4817 631 4874 dill'ereutiam
679 4819 821 4875 inter
872 4834 999 4876 eum
1040 4828 1095 4875 et
1120 4821 1364 4890 reliquos
1392 4822 1487 4892 qui
1525 4824 1852 4895 simpliciter

266 4909 364 4965 lilii
394 4919 547 4975 sunt,
575 4909 867 4967 indicaret.

784 5022 1020 5091 Baruch,
1052 5033 1102 5078 et
1138 5022 1322 5081 lsaite.

341 5136 449 5192 llic
472 5146 552 5191 est
580 5136 718 5192 Deus
739 5147 919 5193 noster
947 5155 966 5193 :
996 5148 1047 5192 et
1076 5155 1179 5192 non
1208 5141 1566 5195 testimobitur
1592 5143 1730 5198 alius
1752 5144 1848 5198 ad-

263 5244 448 5283 versus
486 5246 606 5283 eum
646 5228 712 5283 ³⁸.
749 5228 955 5284 Deinde
986 5229 1143 5284 addit
1180 5231 1224 5264 ³³
1255 5254 1266 5286 :
1301 5230 1427 5286 Post
1468 5232 1580 5288 lucc
1607 5235 1662 5289 in
1692 5236 1847 5290 terris

263 5320 415 5374 risus
464 5331 545 5375 est
572 5362 587 5383 ,
628 5332 679 5376 et
722 5338 843 5375 cum
889 5322 1188 5376 hominibus
1247 5334 1582 5381 conversatus
1634 5337 1732 5382 est.
1782 5327 1850 5382 Et

263 5410 478 5477 Isaias,
510 5409 674 5477 Ecce,
706 5413 924 5483 inquit,
960 5413 1102 5469 Deus
1154 5423 1352 5470 noster.
1392 5414 1514 5486 Ipse
1564 5419 1750 5487 veniet,
1798 5430 1848 5475 et

344 5570 392 5602 υ
429 5567 578 5625 Psal.
632 5574 749 5633 Clit,
796 5568 885 5624 50.
999 5569 1044 5602 '°
1068 5570 1208 5628 Psal.
1238 5588 1429 5638 cxvnt,
1459 5576 1549 5632 89.

268 5641 320 5673 ”
355 5639 493 5695 Gen.
540 5656 691 5695 xm.
745 5640 902 5695 tt-l3.
980 5641 1210 5697 "Joan.
1248 5660 1381 5709 xvn,
1420 5648 1474 5701 ϐ.

269 5726 443 5774 xxxv,
474 5710 527 5766 4.
603 5710 646 5743 δι
686 5710 818 5766 ibid.
844 5710 971 5779 5-6;
1015 5710 1117 5767 Isa.
1171 5730 1344 5773 ut".
1385 5717 1419 5771 9
1448 5717 1603 5786 juxta
1652 5710 1814 5776 LXX.

269 5784 322 5818 ⁸⁸
359 5779 498 5838 ibid.
552 5779 638 5838 16.
717 5779 806 5836 "1
842 5780 948 5837 Pet.
1005 5780 1081 5851 ll,
1119 5784 1210 5842 ἓξ.
1288 5785 1512 5846 “Prov.
1551 5806 1653 5857 xx,
1695 5792 1747 5848 9.

1645 5579 1686 5611 ³¹
1728 5578 1831 5635 Job
1871 5596 2042 5644 xxvtt,
2077 5581 2132 5646 9,
2185 5583 2240 5639 5.

1556 5647 1719 5703 "Isa.
1748 5666 1824 5715 ts,
1845 5649 1899 5706 6.

1826 5792 2053 5850 "Misit.
2100 5792 2233 5862 νβνῖ
2310 5797 2353 5831 ’⁸⁸
2376 5798 2509 5855 ibid.

2614 3332 2671 3389 Il
2678 3335 2879 3392 icltwcc.

2022 3444 2095 3501 Et
2123 3455 2180 3501 tu
2202 3445 2492 3512 Bethleem,
2515 3454 2658 3501 terra
2674 3446 2845 3512 Iuda,
2877 3465 3207 3520 nequaquam
3237 3452 3459 3507 minima
3479 3471 3534 3509 es

1951 3541 2005 3594 in
2037 3540 2364 3610 principibus
2384 3537 2551 3595 Iuda.
2579 3538 2666 3594 Ea:
2692 3549 2740 3595 te
2763 3542 2902 3595 enim
2929 3542 3060 3596 mihi
3093 3542 3259 3597 exibit
3284 3543 3415 3610 dux,
3445 3547 3536 3615 qui

1952 3642 2094 3703 regat
2125 3630 2374 3701 populum
2410 3648 2582 3687 meum
2607 3630 2866 3687 Israelem
2895 3633 2963 3689 ".
3011 3632 3216 3689 Verum
3260 3643 3320 3690 ut
3348 3645 3535 3691 osten-

1949 3723 2103 3778 deret
2151 3722 2298 3778 ltunc
2344 3737 2456 3778 non
2507 3737 2632 3778 esse
2674 3723 2953 3778 hominem
2996 3724 3205 3779 nudum
3235 3734 3291 3781 et
3316 3727 3531 3790 solum,

1951 3814 2047 3869 sed
2079 3828 2203 3868 cum
2240 3811 2349 3868 Deo
2375 3812 2762 3883 conjunctum,
2813 3813 3017 3883 adjecit
3051 3830 3066 3868 :
3102 3812 3287 3869 Exitus
3313 3816 3428 3884 ejus
3470 3819 3537 3871 ab

1958 3906 2113 3960 initio
2133 3944 2147 3968 ,
2183 3921 2215 3958 a
2248 3904 2433 3958 diebus
2462 3904 2648 3959 saeculi
2670 3904 2735 3956 ⁸⁸.
2764 3905 3029 3961 Actiones
3049 3945 3064 3969 ,
3095 3906 3292 3976 inquit,
3319 3907 3439 3977 ejus
3467 3907 3535 3962 ad

1949 3997 2293 4053 divinitatem
2344 3998 2717 4067 pertinentes,
2744 3996 2829 4053 vel
2874 4006 3032 4053 ortus
3060 3998 3218 4068 ejus,
3250 3999 3319 4054 ab
3345 4000 3529 4065 initio,

1949 4104 2013 4143 ex
2048 4088 2235 4143 saeculi
2278 4088 2597 4152 intervallo,
2625 4088 2729 4143 hoc
2758 4099 2879 4152 est,
2913 4088 2983 4142 ab
3019 4089 3169 4143 omni
3198 4092 3529 4145 aeternitate.

1951 4178 2251 4234 Zorobabel
2288 4188 2471 4233 autem
2504 4178 2781 4249 Babylone
2818 4188 2980 4235 natus
3002 4188 3108 4235 est.
3138 4180 3304 4236 Vides
3335 4182 3531 4251 exqui-

1948 4269 2213 4326 sitissime
2247 4270 2573 4325 subductam
2614 4270 2886 4327 rationem
2923 4269 2990 4326 ad
3018 4270 3200 4326 locum
3237 4288 3439 4344 usque,
3474 4273 3531 4328 in

1947 4375 2057 4431 quo
2086 4368 2251 4417 natus
2284 4368 2371 4417 est
2397 4360 2675 4417 Christus.

2635 4489 2845 4548 Daniel.

2036 4603 2286 4660 Videbam
2327 4606 2381 4658 in
2430 4605 2625 4659 visione
2665 4608 2867 4671 noctis,
2910 4614 2959 4661 et
3000 4623 3113 4662 ecce
3158 4624 3274 4661 cum
3309 4607 3533 4663 nubibus

1957 4698 2075 4753 caeli
2122 4699 2278 4768 quasi
2311 4697 2484 4751 Filius
2530 4697 2758 4752 hominis
2781 4698 3036 4764 veniebat,
3062 4709 3113 4755 et
3148 4700 3219 4754 ad
3249 4700 3537 4771 Antiquam

1956 4789 2161 4842 dierum
2192 4790 2433 4850 accessit,
2466 4800 2512 4843 et
2541 4788 2610 4841 ad
2639 4790 2757 4859 ejus
2782 4800 3115 4858 cmtspectum
3147 4790 3408 4845 adductus
3432 4802 3535 4854 est.

1956 4890 2005 4932 et
2038 4878 2196 4933 datus
2241 4886 2319 4932 est
2364 4878 2449 4931 illi
2499 4879 2667 4933 honor
2705 4888 2753 4933 et
2796 4879 3075 4948 imperium
3115 4889 3164 4933 et
3204 4897 3455 4950 regnum;
3484 4893 3535 4935 et

1958 4986 2136 5023 omnes
2167 4968 2369 5039 populi,
2408 4968 2613 5033 tribus,
2646 4969 2843 5039 linguae
2880 4972 3111 5023 serviunt
3153 4972 3254 5026 illi.
3293 4972 3549 5028 Potestas.

1953 5059 2069 5128 ejus
2108 5068 2341 5126 potestas
2380 5060 2698 5126 sempiterna
2735 5075 2853 5130 qua:
2913 5077 3015 5115 nou
3058 5065 3436 5129 pertransibit,
3486 5075 3535 5119 et

1958 5165 2175 5219 regnum
2202 5150 2351 5204 illius
2386 5167 2489 5205 non
2517 5161 2777 5205 evertetur
2798 5151 2866 5206 δ’.
2902 5152 3105 5222 Ecquis
3131 5162 3216 5208 est
3248 5155 3336 5208 hic
3372 5157 3533 5225 quasi

1955 5238 2103 5294 ﬁlius
2135 5238 2396 5301 hominis,
2426 5240 2519 5310 qui
2551 5251 2873 5310 potestatem
2906 5243 3104 5313 accipit
3136 5244 3442 5299 absolutam
3482 5247 3536 5299 in

1955 5345 2148 5386 omnes
2168 5346 2230 5386 ac
2259 5332 2687 5403 sempiternam?
2716 5336 2890 5390 Homo
2911 5336 3132 5406 quidem
3159 5337 3385 5391 omnino
3412 5338 3536 5392 nul-

1954 5423 2079 5489 lus,
2123 5424 2220 5481 sed
2268 5424 2388 5496 ipso
2434 5424 2579 5481 Deus
2608 5433 2663 5481 et
2698 5427 2864 5483 homo
2905 5428 3180 5485 Christus.
3222 5429 3299 5486 De
3333 5446 3445 5501 quo
3481 5437 3536 5485 et

2342 5585 2569 5657 r'ﬂAgg.
2614 5603 2676 5652 ιι,
2716 5586 2779 5649 5,
2815 5586 2869 5641 6.
2947 5585 2994 5619 ³³
3034 5586 3138 5643 lsa.
3176 5603 3386 5649 sunt.
3434 5588 3529 5657 ,l6.

2002 5653 2206 5723 “ibid.
2307 5655 2353 5688 ³⁸
2380 5653 2594 5711 ΒατίιὶἸι
2621 5673 2704 5723 ttt,
2738 5657 2827 5712 56.
2922 5657 2968 5690 ”
3003 5657 3136 5714 ibid.
3163 5658 3253 5715 38.
3339 5659 3385 5691 ⁸⁸
3424 5656 3532 5715 Isa-

1921 5723 1963 5796 ξ’
2001 5722 2068 5796 ιν
2126 5725 2259 5795 Reg.
2291 5743 2412 5793 xtx;
2466 5727 2507 5781 ll
2568 5722 2745 5781 Paral.
2776 5743 2947 5783 xxx”.
3062 5727 3107 5759 ⁸³
3143 5726 3245 5783 '88-
3282 5744 3383 5796 VII»
3440 5729 3533 5790 “-

2588 5798 2633 5832 δ’
2675 5797 2809 5854 Dan.
2851 5814 2969 5867 vn,
2998 5800 3103 5866 l3,
3137 5799 3227 5858 Ν.
