3972 6208
443 351 454 362 ’
510 360 650 416 1119

1744 367 1801 425 s.
1843 365 2168 426 GREGORII
2210 366 2502 443 NYSSENI

3669 370 3794 425 11Ξο

509 480 680 536 David
710 479 883 537 Deum
922 490 977 539 et
1013 482 1230 541 Patrem
1260 486 1342 545 sic
1372 488 1676 560 alloquitur
1704 508 1718 544 :
1748 488 1907 557 Deus,
1931 491 2081 560 judi—
2109 494 2159 553 Α
2183 488 2407 544 Christo
2439 488 2591 543 dices
2632 487 2972 543 convenire?
3004 487 3205 544 Eadem
3247 502 3348 560 per
3382 487 3602 545 Isaiam
3633 488 3706 543 de
3740 506 3791 545 se

508 573 650 626 cium
682 580 830 627 tuum
854 571 981 644 Regi
1012 574 1104 643 da,
1139 587 1189 631 et
1213 578 1491 648 justitiam
1525 589 1671 636 tuam
1703 582 1816 651 ﬁlia
1841 582 1993 655 Regis
2014 583 2081 639 ‘°.

505 663 762 720 Christus
794 666 939 721 enim
972 675 1026 724 et
1054 670 1134 724 uti
1174 670 1315 728 Deus
1344 672 1459 730 Rex
1488 672 1594 738 e'st,
1624 683 1679 731 et
1712 676 1857 732 ﬁlius
1897 675 2083 747 Regis.

507 751 573 807 Et
605 755 682 808 uti
715 754 881 812 homo
913 757 1093 817 factus
1122 769 1209 817 est
1241 761 1352 817 Rex
1373 803 1388 826 ,
1422 774 1479 819 et
1505 766 1648 822 ﬁlius
1676 767 1850 838 regis,
1893 784 2088 839 nempe

505 843 752 901 Davidis.
788 846 868 901 Ex
897 865 1007 919 quo
1036 862 1249 921 postea,
1280 853 1423 908 Data
1456 866 1554 920 est,
1593 858 1797 927 inquit,
1832 858 1961 912 mihi
1984 876 2089 913 om-

506 938 587 990 nis
611 946 842 1006 potestas
890 942 945 995 in
987 944 1118 997 catlo
1146 954 1197 997 et
1227 946 1279 999 in
1316 955 1461 999 terra
1499 949 1567 1002 “.
1595 949 1676 1003 Ad
1707 966 1872 1020 quem
1905 950 2084 1016 Pater,

507 1039 797 1100 postquam
819 1071 833 1094 ,
865 1040 924 1085 ut
953 1033 1138 1096 homo,
1181 1044 1509 1104 potestatem
1542 1041 1756 1111 accepit
1779 1080 1793 1105 ,
1826 1040 1976 1107 Sede,
2009 1042 2090 1095 in-

507 1122 643 1190 quit,
677 1140 709 1176 a
738 1124 940 1179 dextris
965 1128 1113 1181 nteis.
1145 1126 1294 1181 Dixit
1328 1130 1474 1184 enim
1499 1171 1513 1195 ,
1547 1140 1607 1185 ut
1638 1134 1714 1187 ait
1751 1132 1940 1199 David,
1977 1134 2085 1188 Do-

506 1216 677 1270 minus
710 1216 937 1271 Domino
966 1235 1077 1273 meo
1099 1236 1119 1271 :
1148 1220 1280 1276 Sede
1313 1240 1343 1275 a
1374 1223 1576 1278 dextris
1613 1226 1740 1280 meis
1761 1266 1774 1290 ,
1813 1226 1975 1281 donec
1998 1243 2091 1296 po-

506 1324 630 1360 nam
685 1309 926 1365 inimicos
990 1321 1106 1366 tuos
1171 1314 1464 1368 scabellum
1517 1316 1711 1384 pedum
1766 1328 1977 1372 tuorum
2018 1320 2087 1375 ⁸³.

507 1400 740 1467 Quinam
781 1413 913 1459 sunt
952 1405 1005 1459 hi
1040 1406 1151 1461 duo
1198 1407 1413 1463 Domini
1450 1410 1626 1481 ipsius
1672 1411 1931 1478 Davidis,
1984 1415 2089 1469 nisi

509 1495 1017 1559 hosconeesseris?
1048 1500 1117 1551 At
1141 1515 1265 1554 cum
1303 1501 1539 1558 dixisset
1567 1502 1737 1557 David
1767 1522 1780 1557 :
1810 1503 1973 1567 Deus,
2000 1506 2095 1575 ju-

506 1588 705 1641 dicium
730 1598 877 1643 tuum
909 1590 1036 1661 Regi
1069 1592 1174 1657 da,
1202 1603 1256 1649 et
1285 1611 1406 1665 qua:
1441 1606 1786 1666 sequuntur,
1818 1599 2091 1668 subjecit,

506 1682 764 1750 quoniam
794 1693 917 1737 ante
947 1685 1111 1740 solem
1143 1698 1421 1757 permanet
1448 1706 1635 1743 nomen
1661 1690 1777 1760 ejus
1802 1692 1869 1757 ⁵⁸,
1894 1706 2095 1745 nomen

509 1772 641 1827 illud
667 1774 854 1845 utique
876 1777 1020 1846 quod
1051 1778 1205 1833 illum
1233 1781 1423 1846 Deum,
1451 1789 1546 1836 aut
1578 1781 1778 1836 Filium
1806 1782 1945 1853 (Dei)
1971 1798 2093 1839 esse

507 1864 872 1922 demonstrat.
925 1866 1153 1939 Semper
1186 1872 1331 1926 enim
1369 1880 1668 1944 utrumque
1715 1873 1835 1930 fuit.
1888 1873 2091 1944 Ecquis

510 1956 677 2027 igitur
702 1957 974 2027 ejusmodi
1007 1958 1143 2025 Rex,
1181 1963 1288 2016 nisi
1330 1964 1460 2017 hic?
1496 1965 1594 2017 Cui
1634 1966 1949 2020 servierunt
1976 1981 2095 2019 om-

511 2064 610 2103 nes
629 2061 839 2119 gentes,
857 2052 963 2106 nisi
987 2051 1237 2109 Christo?
1258 2055 1430 2120 Quem
1458 2056 1562 2110 nisi
1587 2057 1865 2112 Christum
1891 2058 2095 2112 collau-

509 2139 753 2207 darunt,
813 2134 1143 2215 beatumque
1204 2145 1684 2215 pradicaverunt?
1750 2147 1846 2204 Sin
1913 2150 2097 2204 adhuc

509 2231 687 2300 ipsum
717 2243 1025 2304 exspectas,
1051 2237 1233 2306 quoad
1259 2248 1561 2308 praecurrat
1585 2241 1731 2297 Elias
1751 2283 1766 2307 ,
1791 2241 2094 2297 secundum

514 2320 825 2379 Servatoris
855 2322 1182 2381 descensum
1209 2341 1520 2399 exspectas,
1545 2345 1669 2385 cum
1702 2332 1880 2387 aderit
1907 2331 2097 2387 mundi

512 2414 657 2470 ﬁnis.
690 2415 826 2470 Nam
860 2432 985 2473 cum
1018 2419 1128 2474 duo
1167 2420 1278 2476 sint
1311 2420 1515 2478 Christi
1564 2423 1864 2480 descensus
1892 2466 1905 2489 ,
1954 2442 2098 2481 unus

510 2524 633 2562 cum
658 2509 725 2563 ad
750 2516 1002 2565 naturam
1025 2513 1320 2568 humanam
1346 2516 1735 2570 assumendam
1763 2517 1932 2582 venit,
1962 2519 2099 2572 alter

508 2612 635 2652 cum
663 2599 844 2653 veniet
868 2600 933 2653 ad
956 2600 1318 2669 judicandum
1341 2605 1530 2659 orbem
1555 2606 1912 2661 universum:
1947 2608 2099 2674 prior

508 2690 622 2757 jam
675 2689 813 2755 fuit,
861 2692 1023 2761 cujus
1061 2710 1376 2763 praecursor
1440 2705 1706 2767 tanquam
1763 2698 1900 2751 alter
1954 2697 2099 2753 Elias

510 2778 751 2835 Joannes
780 2784 1030 2850 exstitit;
1086 2787 1358 2854 posterior
1388 2788 1515 2850 erit,
1547 2798 1601 2842 et
1634 2787 1804 2843 Eliam
1839 2797 2099 2859 tanquam

528 2869 743 2922 :lterum
766 2869 1034 2926 Joannem
1062 2874 1284 2927 habebit
1308 2890 1729 2945 praecursorem.
1756 2878 1931 2933 Ambo
1952 2880 2099 2933 enim

514 2970 640 3014 sunt
684 2962 930 3031 ejusdem
974 2963 1252 3034 Spiritus,
1294 2975 1349 3021 et
1395 2967 1643 3037 ejusdem
1696 2970 1889 3040 gratiae
1937 2980 2102 3042 atque

515 3051 760 3118 virtutis,
789 3061 1065 3124 quatenus
1097 3055 1376 3112 Christum
1418 3069 1786 3130 praecurrunt.

2188 582 2439 653 praedixit
2490 581 2747 637 Christus
2794 580 3075 637 :Dorsum
3130 598 3304 637 meum
3357 582 3792 652 percutientibus

2185 674 2409 743 prwbui,
2458 690 2618 745 genas
2667 671 3000 737 vellentibus,
3057 683 3105 728 et
3145 674 3343 743 {aciem
3390 675 3459 729 ab
3494 675 3791 744 ignominis

2188 767 2585 836 conspuentium
2615 781 2719 821 non
2762 766 2926 820 averti
2951 766 3017 819 ⁵⁸.
3054 764 3119 821 Et
3154 782 3378 823 rursum
3429 766 3619 821 David
3650 786 3664 820 :
3702 765 3791 819 De-

2188 857 2399 921 derunt,
2440 858 2640 930 inquit,
2689 859 2744 911 in
2786 874 2964 912 escam
3011 875 3183 912 meam
3211 860 3304 928 fel,
3341 869 3394 915 et
3432 861 3494 915 in
3543 862 3643 914 siti
3686 878 3791 913 mea

2189 961 2503 1018 putaverunt
2542 967 2622 1004 me
2664 960 2809 1004 aceto
2830 952 2897 1004 ".
2929 950 3087 1017 Quod
3132 952 3180 1008 si
3235 953 3352 1007 haec
3385 953 3679 1023 intelliges
3730 952 3790 1005 de

2192 1042 2395 1113 populo
2425 1042 2481 1095 in
2512 1041 2835 1112 captivitate
2858 1041 3190 1106 constituto,
3228 1056 3351 1095 cum
3380 1049 3615 1096 constet
3645 1057 3787 1104 eum,

2194 1134 2319 1188 licet
2356 1132 2462 1187 alia
2500 1133 2672 1186 multa
2710 1132 3019 1200 pertulerit,
3069 1132 3390 1203 huiusmodi
3433 1142 3632 1187 tamen
3683 1145 3783 1184 non

2194 1225 2367 1280 fuisse
2417 1225 3082 1294 perpessumzsententia
3120 1233 3215 1279 tua
3260 1226 3422 1280 facile
3474 1224 3780 1281 refelletur.

2195 1317 2421 1372 Mortem
2468 1317 2644 1387 ipsius
2685 1316 2943 1387 praedixit
2976 1316 3169 1381 Isaias,
3203 1327 3261 1369 ut
3291 1319 3431 1379 ovis,
3492 1318 3781 1387 inquiens,

2195 1409 2264 1462 ad
2308 1409 2621 1464 occisionem
2665 1407 2852 1461 ductus
2889 1417 2967 1461 est
3011 1409 3079 1463 ⁸⁸.
3134 1406 3336 1463 Verum
3381 1416 3441 1462 ut
3478 1422 3783 1479 cognosce-

2196 1514 2285 1555 res
2311 1514 2430 1554 eatn
2469 1499 2628 1553 nobis
2677 1497 2845 1552 luisse
2883 1500 3208 1564 salutarem,
3244 1514 3442 1554 rursus
3475 1500 3651 1561 idem,
3694 1497 3784 1551 Li-

2196 1607 2337 1653 vore,
2376 1590 2576 1659 inquit,
2632 1589 2745 1659 ejus
2784 1589 2965 1643 sanati
2994 1606 3173 1643 omnes
3199 1607 3381 1645 sumus
3405 1592 3473 1645 ⁶¹.
3517 1589 3587 1645 Ut
3616 1589 3786 1644 intel-

2198 1687 2395 1755 ligeres
2428 1691 2609 1738 autem
2644 1683 2714 1737 ob
2737 1682 2859 1752 ejus
2895 1693 3127 1738 mortem
3157 1681 3472 1739 Judmorum
3511 1699 3689 1753 genus
3716 1682 3783 1736 ad

2198 1776 2423 1830 exitium
2470 1777 2809 1845 pervenisse,
2858 1775 3117 1845 subjecit,
3160 1773 3226 1828 Et
3265 1776 3402 1830 dabo
3456 1777 3647 1845 impios
3686 1792 3785 1844 pro

2201 1866 2316 1935 ejus
2366 1867 2642 1932 sepultura
2660 1867 2727 1921 ³⁸.
2769 1866 2914 1932 Quid
2948 1866 3441 1938 enimﬁJudazorum
3501 1870 3787 1938 impietate

2205 1947 2553 2027 ﬂagitiosius,
2597 1958 2691 2028 qui
2730 1973 2856 2012 eum
2904 1974 2935 2011 a
2975 1974 3086 2028 quo
3128 1967 3235 2014 tam
3289 1961 3458 2015 multa
3509 1960 3787 2015 beneﬁcia

2206 2057 2550 2119 acceperant,
2583 2047 3021 2104 interfecerunt?

2622 2205 2700 2262 De
2729 2205 2930 2263 Christi
2960 2210 3343 2263 resurrectione.

2278 2337 2403 2396 Non
2446 2340 2732 2410 relinques,
2783 2341 2966 2412 inquit
3015 2341 3204 2406 David,
3248 2344 3479 2397 animant
3516 2361 3694 2399 meam
3734 2349 3788 2401 ist

2206 2431 2446 2501 inferno,
2491 2448 2583 2486 nec
2615 2431 2768 2487 dabis
2800 2444 3043 2487 sanctum
3084 2445 3229 2487 tuum
3272 2437 3447 2490 videre
3487 2441 3786 2508 corruptio-

2207 2524 2409 2590 nem",
2465 2540 2684 2595 nempe,
2733 2526 3006 2595 corporis.
3058 2526 3285 2593 Deinde,
3342 2525 3536 2592 Notos,
3583 2530 3782 2601 inquit,

2206 2618 2378 2686 fecisti
2412 2618 2543 2671 mihi
2570 2617 2680 2672 dies
2724 2619 2863 2673 vita’.
2896 2616 3067 2674 Oseas
3111 2620 3286 2672 multo
3320 2620 3523 2676 clarius
3554 2639 3569 2674 :
3605 2622 3675 2675 Et
3705 2641 3787 2677 sa-

2208 2708 2353 2761 nabit
2397 2725 2491 2763 nos
2518 2719 2634 2778 post
2676 2709 2810 2773 dies,
2841 2712 2893 2764 in
2927 2708 3013 2764 die
3051 2711 3232 2776 tertia,
3265 2721 3314 2764 et
3349 2728 3711 2782 resurgemns,
3740 2724 3783 2765 et

2206 2801 2431 2856 vivemus
2463 2802 2515 2855 in
2548 2811 2825 2872 conspectu
2855 2804 2969 2868 ejus
2990 2802 3053 2857 “.
3093 2802 3217 2857 llaec
3248 2811 3432 2858 autem
3476 2805 3629 2857 dicta
3662 2814 3785 2859 sunt

2206 2907 2273 2948 ex
2300 2908 2534 2963 persona
2567 2909 2756 2949 eorum
2789 2892 2879 2963 qui
2912 2894 3273 2960 dormierant,
3300 2910 3539 2964 quorum
3558 2911 3783 2965 corpora

2207 2998 2333 3038 cum
2371 2984 2594 3040 Christo
2640 2995 3004 3040 surrexerunt
3049 2986 3210 3039 tertio
3250 2985 3339 3040 die
3366 3002 3480 3056 quo
3530 3003 3784 3043 surrexe-

2212 3074 2281 3127 rit
2325 3074 2483 3143 ipse,
2541 3083 2591 3127 et
2647 3084 3009 3143 apparuerunt
3050 3074 3252 3140 multis,
3320 3086 3380 3129 ιιι
3432 3076 3785 3145 Evangeliunt

588 3185 800 3243 Unctus
851 3187 941 3242 ille
981 3197 1036 3243 et
1089 3188 1319 3250 Messias
1358 3206 1521 3259 quem
1577 3194 1950 3261 exspectatis,
2013 3202 2100 3250 est
2131 3190 2175 3250 C
2209 3163 2455 3261 flocci“
2484 3164 2626 3261 CM“
2655 3163 3126 3261 Pliam_"’_sep"“s
3155 3165 3418 3223 "ebmus
3466 3171 3522 3223 in
3560 3184 3694 3223 “¹¹¹
3724 3171 3787 3224 li‘

442 3257 449 3264 ’
516 3292 689 3348 purus
743 3277 928 3342 homo,
990 3293 1058 3333 an
1109 3278 1251 3334 Deus
1281 3287 1337 3334 et
1389 3281 1589 3336 homo?
1639 3282 1774 3338 Nam
1833 3285 1880 3339 si
1929 3301 2101 3355 purus

517 3368 682 3423 homo
711 3376 818 3436 est,
855 3385 964 3424 non
1004 3379 1089 3425 est
1124 3369 1215 3426 ille
1255 3387 1415 3442 quem
1463 3372 1838 3443 praedixerunt
1876 3378 2103 3447 prophe-

518 3472 606 3528 tze,
634 3462 727 3532 qui
749 3463 905 3534 signa
935 3464 986 3518 ei
1014 3462 1321 3519 divinitatis
1349 3464 1747 3535 adjunxerunt,
1784 3475 1844 3522 ut
1867 3469 2045 3539 ipsum
2071 3487 2102 3526 a

520 3554 677 3621 puris
716 3562 771 3610 et
802 3555 971 3613 meris
1021 3556 1340 3613 hominibus
1378 3568 1741 3628 separarent:
1786 3576 1885 3617 vos
1919 3570 2102 3619 autem

522 3660 554 3699 a
586 3647 790 3716 quibus
828 3648 953 3702 aliis
980 3648 1249 3705 didicistis
1280 3656 1442 3704 notas
1472 3658 1527 3705 et
1555 3652 1709 3722 signa
1735 3652 1905 3718 illius,
1934 3671 2101 3724 quem

520 3739 887 3805 exspectatis?
919 3737 1014 3793 Sin
1047 3740 1188 3796 Deus
1221 3748 1305 3796 est
1334 3751 1390 3796 et
1419 3742 1608 3807 homo,
1643 3759 1825 3800 nonne
1851 3746 2104 3801 animad-

519 3828 759 3895 vertitis,
802 3845 900 3885 vos
934 3831 1096 3886 aliam
1139 3834 1448 3889 divinitatis
1484 3851 1773 3905 personam
1816 3837 2106 3894 conﬁteri?

522 3918 709 3988 Neque
740 3920 886 3975 enim
917 3922 1114 3978 dicetis
1140 3924 1291 3998 hunc
1323 3942 1445 3981 esse
1481 3927 1717 3983 Patrem.
1748 3928 1907 3998 Nam,
1939 3930 2100 3997 Puer,

523 4018 721 4088 inquit,
748 4030 903 4074 natus
933 4032 1011 4076 est
1044 4022 1193 4077 nobis
1210 4023 1278 4091 “,
1320 4022 1517 4093 Filius,
1554 4041 1663 4081 non
1707 4036 1889 4083 autem
1916 4027 2097 4085 Pater.

517 4107 638 4164 3am
695 4110 945 4177 Messias,
997 4120 1053 4167 et
1105 4112 1400 4177 Christus,
1443 4124 1500 4171 et
1551 4125 1753 4173 unctus
1803 4118 1945 4174 idem
1995 4129 2100 4175 est.

520 4202 830 4273 .ntelligite,
859 4204 1166 4274 insipientes
1192 4207 1245 4260 in
1270 4207 1483 4278 populo,
1517 4217 1566 4262 et
1602 4209 1775 4274 stulti,
1811 4210 2101 4280 aliquando

528 4296 700 4364 sapite
725 4297 794 4349 ".
831 4295 895 4350 Et
929 4295 1100 4353 Isaias
1130 4314 1231 4355 vos
1262 4300 1583 4370 alloquitur,
1622 4299 1785 4365 chi,
1822 4302 2099 4372 inquiens,

517 4386 781 4452 inspicite,
812 4398 862 4443 et
894 4389 1065 4455 surdi,
1094 4391 1276 4446 audite
1298 4393 1366 4446 '°.
1402 4392 1631 4448 Ultrone
1665 4393 1796 4448 czeci
1832 4394 1991 4457 estis,
2030 4409 2100 4449 an

518 4475 745 4529 omnino
779 4477 1037 4533 sensibus
1076 4480 1323 4536 caretis?
1361 4481 1659 4553 Ecquando
1711 4483 1877 4552 igitur
1920 4486 2100 4540 nomi-

517 4580 648 4619 nttm
698 4568 1108 4638 ambiguitates,
1160 4580 1256 4625 aut
1295 4574 1587 4628 verborum
1637 4574 2095 4643 signiﬁcationes,

517 4663 612 4709 aut
666 4655 969 4724 dictionum
1034 4659 1401 4727 proprietates
1453 4660 1834 4731 distinguetis,
1892 4662 2100 4733 quibus

517 4747 724 4804 veritas
759 4747 1291 4819 comprehenditur?

827 4899 906 4956 De
930 4898 1129 4955 Christi
1161 4901 1483 4958 cruciatibus
1512 4912 1564 4958 et
1594 4912 1782 4960 morte.

589 5029 759 5089 David
787 5049 853 5090 ex
883 5050 1117 5106 persona
1142 5036 1372 5106 Christi,
1409 5040 1731 5105 Concilium,
1755 5040 1954 5111 inquit,
1983 5056 2099 5093 ma-

520 5122 835 5193 lignantium
884 5126 1086 5181 obsedit
1136 5145 1234 5183 me.
1276 5127 1548 5187 Foderunt
1611 5148 1802 5187 manus
1849 5147 2013 5195 meas,
2051 5140 2103 5183 et

517 5216 669 5286 pedes
702 5234 865 5285 meos,
907 5218 1370 5276 dinumeraverunt
1402 5227 1583 5278 omnia
1630 5241 1753 5279 ossa
1790 5240 1925 5279 mea.
1959 5222 2103 5277 Divi-

517 5320 696 5364 serunt
739 5311 840 5366 sibi
884 5314 1190 5368 vestimenta
1231 5330 1367 5381 mea,
1407 5324 1457 5369 et
1499 5331 1656 5384 super
1701 5324 1892 5371 vestem
1931 5331 2102 5368 nteam

2206 3257 2307 3311 bro
2341 3255 2417 3310 De
2460 3259 2775 3328 antiquitate
2810 3257 3123 3314 Judworum
3170 3260 3239 3315 de
3287 3260 3512 3315 Christo
3548 3263 3788 3332 loquitur

2208 3347 2274 3402 ad
2319 3348 2467 3404 hunc
2515 3350 2774 3404 modum:
2806 3349 2934 3404 Fuit
2987 3351 3168 3406 eodem
3206 3362 3437 3421 tempore
3474 3352 3661 3417 Iesus,
3712 3356 3790 3409 τὶν

2206 3442 2435 3509 sapiens,
2464 3442 2511 3497 si
2541 3451 2715 3497 tamen
2741 3459 2861 3497 eum
2894 3444 3160 3514 appellare
3190 3447 3358 3499 virum
3399 3446 3480 3515 fas
3508 3455 3611 3500 est.
3653 3447 3791 3501 Erat

2204 3533 2342 3587 enim
2382 3534 2709 3588 mirabilium
2760 3551 2974 3603 operum
3019 3538 3256 3607 effector,
3293 3548 3343 3592 et
3393 3537 3574 3592 doctor
3610 3539 3796 3594 homi-

2205 3641 2331 3678 num
2361 3626 2449 3694 qui
2472 3642 2589 3679 cum
2617 3626 2887 3697 voluptate
2910 3645 3026 3700 qua:
3048 3646 3168 3684 vera
3197 3639 3342 3692 sunt,
3371 3629 3793 3699 amplectuntur.

2203 3713 2282 3767 Ac
2309 3715 2501 3791 multos
2531 3715 2740 3785 quidem
2769 3726 2881 3770 tum
2905 3733 2970 3771 ea:
2998 3715 3233 3783 Judazis,
3270 3729 3381 3772 tum
3405 3734 3470 3773 ea:
3495 3719 3619 3773 aliis
3658 3736 3797 3789 gen-

2206 3806 2344 3861 tibus
2378 3801 2624 3876 adjnnxit
2651 3809 2770 3863 sibi.
2805 3808 2908 3862 Hic
2939 3818 3057 3862 erat
3086 3808 3353 3867 Christus.
3389 3811 3556 3877 Quem
3589 3823 3799 3868 nostra:

2203 3898 2370 3969 gentis
2394 3898 2723 3968 principibus
2764 3904 3139 3956 accusantibus
3188 3920 3221 3957 a
3261 3902 3438 3957 Pilato
3470 3904 3804 3960 damnatum

2203 3988 2348 4040 cruci
2399 3988 2675 4056 aﬂixerunt
2726 3987 2924 4044 Jnda't'.
2976 3989 3088 4044 Nec
3129 3999 3303 4044 tamen
3351 3992 3442 4060 qui
3486 4008 3605 4045 eum
3643 3994 3805 4061 prius

2202 4077 2522 4143 dilexerant,
2562 4078 2863 4134 doctrinam
2893 4083 3061 4151 ipsius
3090 4083 3422 4153 promulgare
3446 4085 3801 4139 destiterunt.

2205 4168 2381 4223 Tertio
2416 4186 2639 4239 namque
2662 4180 2779 4239 post
2817 4170 2901 4225 die
2933 4188 2988 4225 se
3023 4188 3205 4225 rursus
3232 4172 3480 4225 viventem
3517 4173 3637 4226 illis
3670 4191 3808 4227 con-

2203 4262 2529 4331 spiciendum
2583 4263 2844 4331 prtebuit,
2896 4280 3014 4317 cum
3047 4273 3098 4318 et
3142 4263 3247 4317 lucc
3299 4272 3348 4317 et
3405 4263 3517 4316 alia
3564 4264 3638 4317 de
3686 4266 3807 4333 ipso

2203 4352 2611 4407 innumerabilia
2648 4353 2814 4408 divini
2842 4353 3109 4424 propheta:
3143 4353 3531 4423 prtedixissent.

2625 4467 2703 4522 De
2740 4466 2983 4523 Ecclesia
3010 4484 3075 4523 ex
3104 4469 3367 4540 gentibus.

2274 4576 2504 4643 Lwtare,
2560 4579 2815 4645 solitudo,
2855 4580 3060 4634 sitiens.
3129 4578 3377 4633 Exsultet
3432 4576 3702 4645 solitudo,
3756 4589 3808 4632 et

2206 4671 2394 4741 ﬂoreat
2424 4673 2578 4742 quasi
2609 4673 2803 4726 lilium.
2849 4671 2913 4725 Et
2942 4673 3059 4726 loca
3089 4671 3296 4726 deserta
3317 4669 3577 4724 Iordanis
3609 4673 3810 4725 exsul-

2211 4763 2419 4829 tabunt,
2465 4771 2514 4817 et
2551 4762 2724 4834 gloria
2754 4761 2946 4815 Libani
2974 4763 3103 4815 data
3150 4771 3225 4816 est
3253 4762 3322 4824 ei,
3371 4769 3421 4815 et
3455 4760 3624 4814 honor
3654 4759 3806 4816 Car-

2211 4855 2418 4910 meli".
2447 4853 2573 4909 Ilwc
2607 4870 2769 4910 sensu
2802 4850 3024 4925 quidem
3056 4868 3159 4908 nec
3192 4853 3333 4907 facta
3367 4862 3495 4909 sunt
3524 4868 3805 4922 unquam,

2211 4961 2389 5017 neque
2419 4948 2566 5001 (ient.
2604 4947 2740 5012 Quis
2762 4947 2907 5001 enim
2944 4946 3298 5002 solitudinem
3338 4957 3394 5001 et
3416 4946 3536 5001 loca
3574 4943 3805 5001 deserta

2209 5038 2411 5110 deligat
2448 5039 2515 5091 ad
2561 5036 2940 5103 habitandum,
2976 5037 3085 5093 nisi
3116 5037 3256 5092 forte
3297 5036 3652 5093 Christianos
3684 5052 3807 5091 mo-

2208 5129 2418 5185 nachos
2458 5128 2699 5184 dixeris?
2746 5128 2957 5197 Spiritu
2994 5136 3178 5183 autem
3223 5129 3387 5199 plane
3415 5128 3801 5198 contigerunt.

2208 5218 2342 5275 Nam
2370 5220 2614 5292 gentium
2645 5218 2892 5275 Ecclesia
2930 5219 3117 5275 nullos
3160 5228 3318 5274 antea
3374 5217 3592 5272 fructus
3620 5217 3808 5273 feren-

2203 5312 2340 5366 tium
2379 5320 2498 5366 erat
2531 5310 2781 5382 quaedam
2828 5311 2995 5365 veluti
3039 5310 3306 5377 solitudo,
3364 5309 3419 5363 in
3468 5324 3578 5379 qua
3622 5308 3803 5380 dege-

519 5401 775 5456 miserunt
815 5413 1008 5458 sortem
1031 5406 1101 5459 ⁸⁷.
1153 5404 1279 5462 Ilaze
1323 5422 1447 5462 cum
1485 5407 1593 5461 illis
1627 5423 1750 5477 quae
1797 5414 2099 5462 narrantur
2198 5402 2333 5458 bant
2372 5402 2629 5458 vitiorum
2684 5400 2832 5458 ferae.
2882 5399 3008 5456 Haec
3059 5399 3153 5455 Dei
3209 5399 3586 5470 cognitionem
3644 5401 3802 5454 salu-

519 5490 573 5544 in
609 5492 920 5565 Evangeliis
951 5496 1109 5566 plane
1141 5497 1525 5567 congruentia,
1588 5497 1808 5552 cuinam
1844 5497 1958 5561 alii,
1990 5496 2095 5553 nisi
2195 5506 2412 5565 temque
2459 5495 2659 5550 sitiens
2696 5494 2918 5549 laetatur
2971 5501 3025 5548 et
3065 5493 3304 5549 exsultat
3350 5500 3405 5547 et
3439 5490 3620 5555 ﬂoret,
3685 5491 3799 5545 l'ru-
3832 5542 3845 5550 ,

588 5668 634 5699 ⁸ο
677 5629 820 5725 Psal.
866 5688 1014 5736 uxr,
1047 5673 1101 5727 2.
1177 5676 1218 5706 ⁸¹
1251 5673 1441 5730 Matth.
1482 5691 1669 5741 xxvnt,
1715 5675 1797 5731 18.
1876 5676 1919 5708 ⁸¹
1957 5675 2096 5731 i’sal.

2205 5692 2241 5739 ι,
2284 5676 2330 5728 1.
2409 5677 2456 5707 ³³
2498 5674 2643 5731 Psal.
2681 5690 2829 5739 ιλιι,
2863 5673 2950 5727 17.
3074 5672 3121 5704 ⁵⁸
3148 5669 3249 5726 Isa.
3283 5686 3359 5730 ιι,
3397 5670 3451 5741 6.
3565 5670 3610 5706 ⁸³
3643 5667 3792 5741 Psal.

521 5740 758 5812 ξριιιρβ.
795 5742 880 5773 ’⁸⁸
909 5741 1013 5796 lsa.
1046 5760 1175 5808 xui,
1212 5745 1297 5799 18.
1407 5747 1453 5777 ⁸⁷
1479 5746 1623 5802 Psal.
1658 5739 1777 5812 ast,
1815 5746 1905 5810 l7,
1949 5745 2029 5801 l8.

2209 5747 2310 5802 Isa.
2361 5762 2411 5807 ι..
2467 5746 2519 5800 6.
2624 5749 2669 5782 δ’
2720 5744 2862 5799 Psal.
2902 5759 3093 5807 vant,
3136 5742 3226 5797 22.
3334 5742 3379 5772 ‘°
3420 5740 3526 5795 lsa.
3573 5754 3701 5812 aut,
3739 5739 3795 5794 7.

522 5789 756 5863 “ibid?
789 5812 842 5865 5.
909 5789 1354 5869 ἶῖίιῖιῖι’.”9ζ“ὐ
1396 5789 1780 5885 Ρςὲιιῗέὶξῐὸζ
1818 5789 1905 5872 ii:
1950 5789 2029 5849 ’ἵε
2072 5818 2096 5873 ι

2205 5789 2319 5884 ι’ἲῖ,
2358 5789 2411 5872 ἐξ
2470 5789 2531 5849 ἲὶ
2561 5789 3093 5883 Μαιιιῖ.”ἱὲ’νῦζ
3139 5789 3340 5868 Visa.
3367 5789 3532 5879 xii},
3574 5810 3621 5875 l,
3656 5789 3722 5863 2'.
