  <div class='ocr_page' id='page_1' title='image "/cluster/home/n/w/nwhite01/storage/ocr_20150623/46/hvd.32044054112198/576.png"; bbox 0 0 3972 6208; ppageno 0'>
   <div class='ocr_carea' id='block_1_1' title="bbox 200 247 333 301">
    <p class='ocr_par' dir='ltr' id='par_1_1' title="bbox 200 247 333 301">
     <span class='ocr_line' id='line_1_1' title="bbox 200 247 333 301; baseline -0.008 0"><span class='ocrx_word' id='word_1_1' title='bbox 200 247 333 301; x_wconf 71' lang='grc'><strong>1121</strong></span> 
     </span>
    </p>
   </div>
   <div class='ocr_carea' id='block_1_2' title="bbox 1619 246 2063 303">
    <p class='ocr_par' dir='ltr' id='par_1_2' title="bbox 1619 246 2063 303">
     <span class='ocr_line' id='line_1_2' title="bbox 1619 246 2063 303; baseline 0.002 -1"><span class='ocrx_word' id='word_1_2' title='bbox 1619 246 2063 303; x_wconf 78' lang='lat' dir='ltr'><strong>FRAGMENTA.</strong></span> 
     </span>
    </p>
   </div>
   <div class='ocr_carea' id='block_1_3' title="bbox 3323 253 3460 308">
    <p class='ocr_par' dir='ltr' id='par_1_3' title="bbox 3323 253 3460 308">
     <span class='ocr_line' id='line_1_3' title="bbox 3323 253 3460 308; baseline 0.007 -1"><span class='ocrx_word' id='word_1_3' title='bbox 3323 253 3460 308; x_wconf 74' lang='lat' dir='ltr'><strong>H22</strong></span> 
     </span>
    </p>
   </div>
   <div class='ocr_carea' id='block_1_4' title="bbox 195 337 3460 443">
    <p class='ocr_par' dir='ltr' id='par_1_4' title="bbox 195 337 3460 443">
     <span class='ocr_line' id='line_1_4' title="bbox 195 337 3460 443; baseline 0.001 -20"><span class='ocrx_word' id='word_1_4' title='bbox 195 375 384 423; x_wconf 88' lang='lat' dir='ltr'><strong>ctuum</strong></span> <span class='ocrx_word' id='word_1_5' title='bbox 428 365 839 437; x_wconf 80' lang='lat' dir='ltr'><strong>pulchritudine</strong></span> <span class='ocrx_word' id='word_1_6' title='bbox 888 374 944 422; x_wconf 91' lang='lat' dir='ltr'><strong>et</strong></span> <span class='ocrx_word' id='word_1_7' title='bbox 998 369 1266 423; x_wconf 90' lang='lat' dir='ltr'><strong>suavitate</strong></span> <span class='ocrx_word' id='word_1_8' title='bbox 1310 368 1587 424; x_wconf 85' lang='lat' dir='ltr'><strong>decorata.</strong></span> <span class='ocrx_word' id='word_1_9' title='bbox 1638 337 2141 428; x_wconf 47' lang='lat' dir='ltr'><strong>DatabJeremias</strong></span> <span class='ocrx_word' id='word_1_10' title='bbox 2194 367 2322 423; x_wconf 88' lang='lat' dir='ltr'><strong>item</strong></span> <span class='ocrx_word' id='word_1_11' title='bbox 2373 367 2751 443; x_wconf 77' lang='lat' dir='ltr'><strong>pronuntiavit</strong></span> <span class='ocrx_word' id='word_1_12' title='bbox 2798 367 2884 425; x_wconf 88' lang='lat' dir='ltr'><strong>his</strong></span> <span class='ocrx_word' id='word_1_13' title='bbox 2927 368 3155 426; x_wconf 91' lang='lat' dir='ltr'><strong>verbis:</strong></span> <span class='ocrx_word' id='word_1_14' title='bbox 3186 366 3323 424; x_wconf 87' lang='lat' dir='ltr'><strong>Ecce</strong></span> <span class='ocrx_word' id='word_1_15' title='bbox 3371 387 3460 425; x_wconf 66' lang='lat' dir='ltr'><strong>ive-</strong></span> 
     </span>
    </p>
   </div>
   <div class='ocr_carea' id='block_1_5' title="bbox 193 457 1773 529">
    <p class='ocr_par' dir='ltr' id='par_1_5' title="bbox 193 457 1773 529">
     <span class='ocr_line' id='line_1_5' title="bbox 193 457 1773 529; baseline -0.001 -16"><span class='ocrx_word' id='word_1_16' title='bbox 193 467 374 513; x_wconf 78' lang='lat' dir='ltr'><strong>autetn</strong></span> <span class='ocrx_word' id='word_1_17' title='bbox 409 470 497 513; x_wconf 83' lang='lat' dir='ltr'><strong>est</strong></span> <span class='ocrx_word' id='word_1_18' title='bbox 544 458 625 512; x_wconf 91' lang='lat' dir='ltr'><strong>illi</strong></span> <span class='ocrx_word' id='word_1_19' title='bbox 661 458 839 527; x_wconf 89' lang='lat' dir='ltr'><strong>gloria</strong></span> <span class='ocrx_word' id='word_1_20' title='bbox 889 457 1105 523; x_wconf 87' lang='lat' dir='ltr'><strong>Libani,</strong></span> <span class='ocrx_word' id='word_1_21' title='bbox 1144 458 1249 514; x_wconf 84' lang='lat' dir='ltr'><strong>hoc</strong></span> <span class='ocrx_word' id='word_1_22' title='bbox 1289 469 1393 521; x_wconf 92' lang='lat' dir='ltr'><strong>est,</strong></span> <span class='ocrx_word' id='word_1_23' title='bbox 1427 459 1637 529; x_wconf 85' lang='lat' dir='ltr'><strong>antiqui</strong></span> <span class='ocrx_word' id='word_1_24' title='bbox 1675 472 1773 528; x_wconf 92' lang='lat' dir='ltr'><strong>po-</strong></span> 
     </span>
    </p>
   </div>
   <div class='ocr_carea' id='block_1_6' title="bbox 191 548 1775 620">
    <p class='ocr_par' dir='ltr' id='par_1_6' title="bbox 191 548 1775 620">
     <span class='ocr_line' id='line_1_6' title="bbox 191 548 1775 620; baseline 0 -18"><span class='ocrx_word' id='word_1_25' title='bbox 191 549 306 619; x_wconf 86' lang='lat' dir='ltr'><strong>puli</strong></span> <span class='ocrx_word' id='word_1_26' title='bbox 338 564 502 618; x_wconf 86' lang='lat' dir='ltr'><strong>quem</strong></span> <span class='ocrx_word' id='word_1_27' title='bbox 541 555 598 601; x_wconf 94' lang='lat' dir='ltr'><strong>et</strong></span> <span class='ocrx_word' id='word_1_28' title='bbox 637 548 951 605; x_wconf 86' lang='lat' dir='ltr'><strong>Carmelum</strong></span> <span class='ocrx_word' id='word_1_29' title='bbox 981 559 1162 615; x_wconf 88' lang='lat' dir='ltr'><strong>vocat,</strong></span> <span class='ocrx_word' id='word_1_30' title='bbox 1190 549 1276 604; x_wconf 88' lang='lat' dir='ltr'><strong>cui</strong></span> <span class='ocrx_word' id='word_1_31' title='bbox 1306 549 1481 620; x_wconf 78' lang='lat' dir='ltr'><strong>gloria</strong></span> <span class='ocrx_word' id='word_1_32' title='bbox 1513 556 1569 604; x_wconf 91' lang='lat' dir='ltr'><strong>et</strong></span> <span class='ocrx_word' id='word_1_33' title='bbox 1595 548 1775 603; x_wconf 84' lang='lat' dir='ltr'><strong>honor</strong></span> 
     </span>
    </p>
   </div>
   <div class='ocr_carea' id='block_1_7' title="bbox 189 637 1775 712">
    <p class='ocr_par' dir='ltr' id='par_1_7' title="bbox 189 637 1775 712">
     <span class='ocr_line' id='line_1_7' title="bbox 189 637 1775 712; baseline -0.003 -15"><span class='ocrx_word' id='word_1_34' title='bbox 189 650 277 697; x_wconf 86' lang='lat' dir='ltr'><strong>est</strong></span> <span class='ocrx_word' id='word_1_35' title='bbox 310 643 511 712; x_wconf 85' lang='lat' dir='ltr'><strong>pietas,</strong></span> <span class='ocrx_word' id='word_1_36' title='bbox 550 642 744 710; x_wconf 77' lang='lat' dir='ltr'><strong>religio</strong></span> <span class='ocrx_word' id='word_1_37' title='bbox 777 650 833 695; x_wconf 88' lang='lat' dir='ltr'><strong>et</strong></span> <span class='ocrx_word' id='word_1_38' title='bbox 867 641 1112 694; x_wconf 87' lang='lat' dir='ltr'><strong>amicitia</strong></span> <span class='ocrx_word' id='word_1_39' title='bbox 1144 639 1260 704; x_wconf 92' lang='lat' dir='ltr'><strong>Dei,</strong></span> <span class='ocrx_word' id='word_1_40' title='bbox 1302 652 1352 695; x_wconf 91' lang='lat' dir='ltr'><strong>et</strong></span> <span class='ocrx_word' id='word_1_41' title='bbox 1389 638 1578 711; x_wconf 68' lang='lat' dir='ltr'><strong>gloriae</strong></span> <span class='ocrx_word' id='word_1_42' title='bbox 1612 637 1775 710; x_wconf 84' lang='lat' dir='ltr'><strong>legis-</strong></span> 
     </span>
    </p>
   </div>
   <div class='ocr_carea' id='block_1_8' title="bbox 192 728 1776 803">
    <p class='ocr_par' dir='ltr' id='par_1_8' title="bbox 192 728 1776 803">
     <span class='ocr_line' id='line_1_8' title="bbox 192 728 1776 803; baseline -0.002 -17"><span class='ocrx_word' id='word_1_43' title='bbox 192 750 300 803; x_wconf 88' lang='lat' dir='ltr'><strong>que</strong></span> <span class='ocrx_word' id='word_1_44' title='bbox 358 733 705 797; x_wconf 82' lang='lat' dir='ltr'><strong>sublimitas,</strong></span> <span class='ocrx_word' id='word_1_45' title='bbox 765 740 820 787; x_wconf 87' lang='lat' dir='ltr'><strong>et</strong></span> <span class='ocrx_word' id='word_1_46' title='bbox 885 731 1200 787; x_wconf 90' lang='lat' dir='ltr'><strong>divinorum</strong></span> <span class='ocrx_word' id='word_1_47' title='bbox 1275 746 1563 787; x_wconf 90' lang='lat' dir='ltr'><strong>munerum</strong></span> <span class='ocrx_word' id='word_1_48' title='bbox 1619 728 1776 799; x_wconf 89' lang='lat' dir='ltr'><strong>copia</strong></span> 
     </span>
    </p>
   </div>
   <div class='ocr_carea' id='block_1_9' title="bbox 194 820 1775 894">
    <p class='ocr_par' dir='ltr' id='par_1_9' title="bbox 194 820 1775 894">
     <span class='ocr_line' id='line_1_9' title="bbox 194 820 1775 894; baseline -0.003 -16"><span class='ocrx_word' id='word_1_49' title='bbox 194 833 358 894; x_wconf 89' lang='lat' dir='ltr'><strong>atque</strong></span> <span class='ocrx_word' id='word_1_50' title='bbox 402 826 704 894; x_wconf 76' lang='lat' dir='ltr'><strong>gratiarum</strong></span> <span class='ocrx_word' id='word_1_51' title='bbox 754 822 1112 878; x_wconf 84' lang='lat' dir='ltr'><strong>abundantia.</strong></span> <span class='ocrx_word' id='word_1_52' title='bbox 1144 823 1211 877; x_wconf 86' lang='lat' dir='ltr'><strong>Et</strong></span> <span class='ocrx_word' id='word_1_53' title='bbox 1250 838 1469 879; x_wconf 86' lang='lat' dir='ltr'><strong>rursum</strong></span> <span class='ocrx_word' id='word_1_54' title='bbox 1501 841 1516 878; x_wconf 91' lang='lat'><strong>:</strong></span> <span class='ocrx_word' id='word_1_55' title='bbox 1545 820 1775 888; x_wconf 73' lang='lat' dir='ltr'><strong>Laetare,</strong></span> 
     </span>
    </p>
   </div>
   <div class='ocr_carea' id='block_1_10' title="bbox 194 915 1778 985">
    <p class='ocr_par' dir='ltr' id='par_1_10' title="bbox 194 915 1778 985">
     <span class='ocr_line' id='line_1_10' title="bbox 194 915 1778 985; baseline -0.003 -14"><span class='ocrx_word' id='word_1_56' title='bbox 194 917 416 983; x_wconf 76' lang='lat' dir='ltr'><strong>sterilis,</strong></span> <span class='ocrx_word' id='word_1_57' title='bbox 447 932 566 985; x_wconf 63' lang='lat' dir='ltr'><strong>quae</strong></span> <span class='ocrx_word' id='word_1_58' title='bbox 595 933 700 970; x_wconf 89' lang='lat' dir='ltr'><strong>non</strong></span> <span class='ocrx_word' id='word_1_59' title='bbox 731 915 900 983; x_wconf 88' lang='lat' dir='ltr'><strong>paris,</strong></span> <span class='ocrx_word' id='word_1_60' title='bbox 933 931 1146 985; x_wconf 83' lang='lat' dir='ltr'><strong>erumpe</strong></span> <span class='ocrx_word' id='word_1_61' title='bbox 1189 928 1238 970; x_wconf 80' lang='lat' dir='ltr'><strong>et</strong></span> <span class='ocrx_word' id='word_1_62' title='bbox 1277 916 1477 978; x_wconf 89' lang='lat' dir='ltr'><strong>clama,</strong></span> <span class='ocrx_word' id='word_1_63' title='bbox 1521 930 1639 985; x_wconf 66' lang='lat' dir='ltr'><strong>qua</strong></span> <span class='ocrx_word' id='word_1_64' title='bbox 1672 929 1778 970; x_wconf 76' lang='lat' dir='ltr'><strong>non</strong></span> 
     </span>
    </p>
   </div>
   <div class='ocr_carea' id='block_1_11' title="bbox 193 1007 1776 1079">
    <p class='ocr_par' dir='ltr' id='par_1_11' title="bbox 193 1007 1776 1079">
     <span class='ocr_line' id='line_1_11' title="bbox 193 1007 1776 1079; baseline -0.002 -16"><span class='ocrx_word' id='word_1_65' title='bbox 193 1011 452 1079; x_wconf 86' lang='lat' dir='ltr'><strong>parturis,</strong></span> <span class='ocrx_word' id='word_1_66' title='bbox 497 1010 747 1078; x_wconf 87' lang='lat' dir='ltr'><strong>quoniam</strong></span> <span class='ocrx_word' id='word_1_67' title='bbox 797 1008 954 1062; x_wconf 89' lang='lat' dir='ltr'><strong>multi</strong></span> <span class='ocrx_word' id='word_1_68' title='bbox 1004 1017 1127 1062; x_wconf 89' lang='lat' dir='ltr'><strong>sunt</strong></span> <span class='ocrx_word' id='word_1_69' title='bbox 1177 1007 1279 1078; x_wconf 78' lang='lat' dir='ltr'><strong>ﬁlii</strong></span> <span class='ocrx_word' id='word_1_70' title='bbox 1322 1009 1488 1077; x_wconf 89' lang='lat' dir='ltr'><strong>magis</strong></span> <span class='ocrx_word' id='word_1_71' title='bbox 1533 1007 1776 1073; x_wconf 67' lang='lat' dir='ltr'><strong>deserta,</strong></span> 
     </span>
    </p>
   </div>
   <div class='ocr_carea' id='block_1_12' title="bbox 193 1095 1779 1171">
    <p class='ocr_par' dir='ltr' id='par_1_12' title="bbox 193 1095 1779 1171">
     <span class='ocr_line' id='line_1_12' title="bbox 193 1095 1779 1171; baseline -0.001 -19"><span class='ocrx_word' id='word_1_72' title='bbox 193 1117 355 1171; x_wconf 89' lang='lat' dir='ltr'><strong>quam</strong></span> <span class='ocrx_word' id='word_1_73' title='bbox 390 1098 633 1152; x_wconf 78' lang='lat' dir='ltr'><strong>habentis</strong></span> <span class='ocrx_word' id='word_1_74' title='bbox 681 1099 853 1150; x_wconf 69' lang='lat' dir='ltr'><strong>virum</strong></span> <span class='ocrx_word' id='word_1_75' title='bbox 877 1098 945 1151; x_wconf 75' lang='grc'><strong>⁸⁷.</strong></span> <span class='ocrx_word' id='word_1_76' title='bbox 985 1096 1202 1152; x_wconf 88' lang='lat' dir='ltr'><strong>Sterilis</strong></span> <span class='ocrx_word' id='word_1_77' title='bbox 1237 1097 1385 1152; x_wconf 90' lang='lat' dir='ltr'><strong>enim</strong></span> <span class='ocrx_word' id='word_1_78' title='bbox 1431 1105 1551 1151; x_wconf 82' lang='lat' dir='ltr'><strong>erat</strong></span> <span class='ocrx_word' id='word_1_79' title='bbox 1590 1095 1779 1151; x_wconf 82' lang='lat' dir='ltr'><strong>Eccle-</strong></span> 
     </span>
    </p>
   </div>
   <div class='ocr_carea' id='block_1_13' title="bbox 196 1184 1781 1259">
    <p class='ocr_par' dir='ltr' id='par_1_13' title="bbox 196 1184 1781 1259">
     <span class='ocr_line' id='line_1_13' title="bbox 196 1184 1781 1259; baseline -0.004 -14"><span class='ocrx_word' id='word_1_80' title='bbox 196 1191 277 1245; x_wconf 88' lang='lat' dir='ltr'><strong>sia</strong></span> <span class='ocrx_word' id='word_1_81' title='bbox 322 1203 485 1259; x_wconf 88' lang='lat' dir='ltr'><strong>quam</strong></span> <span class='ocrx_word' id='word_1_82' title='bbox 517 1188 892 1251; x_wconf 85' lang='lat' dir='ltr'><strong>ostendimus,</strong></span> <span class='ocrx_word' id='word_1_83' title='bbox 926 1202 1029 1241; x_wconf 92' lang='lat' dir='ltr'><strong>nec</strong></span> <span class='ocrx_word' id='word_1_84' title='bbox 1062 1185 1205 1241; x_wconf 89' lang='lat' dir='ltr'><strong>ullos</strong></span> <span class='ocrx_word' id='word_1_85' title='bbox 1258 1194 1389 1240; x_wconf 85' lang='lat' dir='ltr'><strong>ante</strong></span> <span class='ocrx_word' id='word_1_86' title='bbox 1432 1184 1641 1241; x_wconf 80' lang='lat' dir='ltr'><strong>ferebat</strong></span> <span class='ocrx_word' id='word_1_87' title='bbox 1667 1185 1781 1240; x_wconf 85' lang='lat' dir='ltr'><strong>vir-</strong></span> 
     </span>
    </p>
   </div>
   <div class='ocr_carea' id='block_1_14' title="bbox 193 1276 1779 1348">
    <p class='ocr_par' dir='ltr' id='par_1_14' title="bbox 193 1276 1779 1348">
     <span class='ocr_line' id='line_1_14' title="bbox 193 1276 1779 1348; baseline -0.004 -13"><span class='ocrx_word' id='word_1_88' title='bbox 193 1290 369 1336; x_wconf 87' lang='lat' dir='ltr'><strong>tutum</strong></span> <span class='ocrx_word' id='word_1_89' title='bbox 408 1278 643 1335; x_wconf 80' lang='lat' dir='ltr'><strong>fructus.</strong></span> <span class='ocrx_word' id='word_1_90' title='bbox 682 1277 812 1333; x_wconf 86' lang='lat' dir='ltr'><strong>Post</strong></span> <span class='ocrx_word' id='word_1_91' title='bbox 835 1286 1046 1344; x_wconf 84' lang='lat' dir='ltr'><strong>autem,</strong></span> <span class='ocrx_word' id='word_1_92' title='bbox 1082 1276 1341 1348; x_wconf 87' lang='lat' dir='ltr'><strong>pietatem</strong></span> <span class='ocrx_word' id='word_1_93' title='bbox 1370 1284 1425 1331; x_wconf 91' lang='lat' dir='ltr'><strong>et</strong></span> <span class='ocrx_word' id='word_1_94' title='bbox 1459 1276 1779 1346; x_wconf 83' lang='lat' dir='ltr'><strong>religionem</strong></span> 
     </span>
    </p>
   </div>
   <div class='ocr_carea' id='block_1_15' title="bbox 194 1366 1782 1444">
    <p class='ocr_par' dir='ltr' id='par_1_15' title="bbox 194 1366 1782 1444">
     <span class='ocr_line' id='line_1_15' title="bbox 194 1366 1782 1444; baseline -0.004 -16"><span class='ocrx_word' id='word_1_95' title='bbox 194 1374 465 1444; x_wconf 79' lang='lat' dir='ltr'><strong>amplexa,</strong></span> <span class='ocrx_word' id='word_1_96' title='bbox 501 1373 798 1426; x_wconf 90' lang='lat' dir='ltr'><strong>multorum</strong></span> <span class='ocrx_word' id='word_1_97' title='bbox 822 1369 968 1424; x_wconf 79' lang='lat' dir='ltr'><strong>facta</strong></span> <span class='ocrx_word' id='word_1_98' title='bbox 993 1378 1079 1425; x_wconf 89' lang='lat' dir='ltr'><strong>est</strong></span> <span class='ocrx_word' id='word_1_99' title='bbox 1104 1369 1340 1424; x_wconf 81' lang='lat' dir='ltr'><strong>ﬁliorum</strong></span> <span class='ocrx_word' id='word_1_100' title='bbox 1371 1378 1565 1436; x_wconf 86' lang='lat' dir='ltr'><strong>mater,</strong></span> <span class='ocrx_word' id='word_1_101' title='bbox 1592 1366 1782 1423; x_wconf 83' lang='lat' dir='ltr'><strong>Judai-</strong></span> 
     </span>
    </p>
   </div>
   <div class='ocr_carea' id='block_1_16' title="bbox 194 1457 1781 1535">
    <p class='ocr_par' dir='ltr' id='par_1_16' title="bbox 194 1457 1781 1535">
     <span class='ocr_line' id='line_1_16' title="bbox 194 1457 1781 1535; baseline -0.005 -15"><span class='ocrx_word' id='word_1_102' title='bbox 194 1480 426 1535; x_wconf 90' lang='lat' dir='ltr'><strong>eamque</strong></span> <span class='ocrx_word' id='word_1_103' title='bbox 459 1477 797 1535; x_wconf 86' lang='lat' dir='ltr'><strong>synagogam</strong></span> <span class='ocrx_word' id='word_1_104' title='bbox 832 1460 994 1531; x_wconf 90' lang='lat' dir='ltr'><strong>cujus</strong></span> <span class='ocrx_word' id='word_1_105' title='bbox 1030 1468 1192 1516; x_wconf 86' lang='lat' dir='ltr'><strong>antea</strong></span> <span class='ocrx_word' id='word_1_106' title='bbox 1224 1460 1310 1515; x_wconf 87' lang='lat' dir='ltr'><strong>vir</strong></span> <span class='ocrx_word' id='word_1_107' title='bbox 1338 1468 1455 1514; x_wconf 89' lang='lat' dir='ltr'><strong>erat</strong></span> <span class='ocrx_word' id='word_1_108' title='bbox 1485 1458 1652 1523; x_wconf 88' lang='lat' dir='ltr'><strong>Deus,</strong></span> <span class='ocrx_word' id='word_1_109' title='bbox 1686 1457 1781 1527; x_wconf 91' lang='lat' dir='ltr'><strong>qui</strong></span> 
     </span>
    </p>
   </div>
   <div class='ocr_carea' id='block_1_17' title="bbox 193 1550 1782 1626">
    <p class='ocr_par' dir='ltr' id='par_1_17' title="bbox 193 1550 1782 1626">
     <span class='ocr_line' id='line_1_17' title="bbox 193 1550 1782 1626; baseline -0.004 -16"><span class='ocrx_word' id='word_1_110' title='bbox 193 1571 312 1611; x_wconf 91' lang='lat' dir='ltr'><strong>eam</strong></span> <span class='ocrx_word' id='word_1_111' title='bbox 357 1555 617 1626; x_wconf 85' lang='lat' dir='ltr'><strong>diligebat</strong></span> <span class='ocrx_word' id='word_1_112' title='bbox 655 1560 711 1609; x_wconf 92' lang='lat' dir='ltr'><strong>et</strong></span> <span class='ocrx_word' id='word_1_113' title='bbox 756 1551 1097 1623; x_wconf 83' lang='lat' dir='ltr'><strong>providentia</strong></span> <span class='ocrx_word' id='word_1_114' title='bbox 1152 1566 1251 1607; x_wconf 89' lang='lat' dir='ltr'><strong>sua</strong></span> <span class='ocrx_word' id='word_1_115' title='bbox 1290 1550 1512 1607; x_wconf 80' lang='lat' dir='ltr'><strong>l‘ovebat</strong></span> <span class='ocrx_word' id='word_1_116' title='bbox 1552 1564 1616 1605; x_wconf 85' lang='lat' dir='ltr'><strong>ac</strong></span> <span class='ocrx_word' id='word_1_117' title='bbox 1663 1558 1782 1605; x_wconf 87' lang='lat' dir='ltr'><strong>tue-</strong></span> 
     </span>
    </p>
   </div>
   <div class='ocr_carea' id='block_1_18' title="bbox 197 1642 1779 1715">
    <p class='ocr_par' dir='ltr' id='par_1_18' title="bbox 197 1642 1779 1715">
     <span class='ocr_line' id='line_1_18' title="bbox 197 1642 1779 1715; baseline -0.003 -13"><span class='ocrx_word' id='word_1_118' title='bbox 197 1649 383 1715; x_wconf 90' lang='lat' dir='ltr'><strong>batur,</strong></span> <span class='ocrx_word' id='word_1_119' title='bbox 414 1649 502 1702; x_wconf 89' lang='lat' dir='ltr'><strong>vel</strong></span> <span class='ocrx_word' id='word_1_120' title='bbox 535 1647 699 1702; x_wconf 90' lang='lat' dir='ltr'><strong>etiam</strong></span> <span class='ocrx_word' id='word_1_121' title='bbox 732 1646 838 1711; x_wconf 80' lang='lat' dir='ltr'><strong>lex,</strong></span> <span class='ocrx_word' id='word_1_122' title='bbox 872 1646 1008 1700; x_wconf 82' lang='lat' dir='ltr'><strong>vicit</strong></span> <span class='ocrx_word' id='word_1_123' title='bbox 1032 1644 1390 1701; x_wconf 80' lang='lat' dir='ltr'><strong>fecunditate.</strong></span> <span class='ocrx_word' id='word_1_124' title='bbox 1441 1642 1685 1699; x_wconf 82' lang='lat' dir='ltr'><strong>Rursum</strong></span> <span class='ocrx_word' id='word_1_125' title='bbox 1714 1658 1779 1698; x_wconf 78' lang='lat' dir='ltr'><strong>ex</strong></span> 
     </span>
    </p>
   </div>
   <div class='ocr_carea' id='block_1_19' title="bbox 197 1735 1781 1811">
    <p class='ocr_par' dir='ltr' id='par_1_19' title="bbox 197 1735 1781 1811">
     <span class='ocr_line' id='line_1_19' title="bbox 197 1735 1781 1811; baseline -0.003 -16"><span class='ocrx_word' id='word_1_126' title='bbox 197 1756 431 1811; x_wconf 88' lang='lat' dir='ltr'><strong>persona</strong></span> <span class='ocrx_word' id='word_1_127' title='bbox 476 1738 571 1795; x_wconf 87' lang='lat' dir='ltr'><strong>Dei</strong></span> <span class='ocrx_word' id='word_1_128' title='bbox 611 1748 666 1795; x_wconf 89' lang='lat' dir='ltr'><strong>et</strong></span> <span class='ocrx_word' id='word_1_129' title='bbox 705 1738 889 1793; x_wconf 85' lang='lat' dir='ltr'><strong>Patris</strong></span> <span class='ocrx_word' id='word_1_130' title='bbox 930 1736 1129 1793; x_wconf 85' lang='lat' dir='ltr'><strong>Filium</strong></span> <span class='ocrx_word' id='word_1_131' title='bbox 1163 1744 1218 1793; x_wconf 88' lang='lat' dir='ltr'><strong>et</strong></span> <span class='ocrx_word' id='word_1_132' title='bbox 1270 1735 1441 1792; x_wconf 90' lang='lat' dir='ltr'><strong>Deum</strong></span> <span class='ocrx_word' id='word_1_133' title='bbox 1493 1735 1781 1805; x_wconf 88' lang='lat' dir='ltr'><strong>alloquens</strong></span> 
     </span>
    </p>
   </div>
   <div class='ocr_carea' id='block_1_20' title="bbox 197 1829 1782 1899">
    <p class='ocr_par' dir='ltr' id='par_1_20' title="bbox 197 1829 1782 1899">
     <span class='ocr_line' id='line_1_20' title="bbox 197 1829 1782 1899; baseline -0.006 -10"><span class='ocrx_word' id='word_1_134' title='bbox 197 1836 281 1889; x_wconf 89' lang='lat' dir='ltr'><strong>sic</strong></span> <span class='ocrx_word' id='word_1_135' title='bbox 327 1834 406 1888; x_wconf 92' lang='lat' dir='ltr'><strong>ait</strong></span> <span class='ocrx_word' id='word_1_136' title='bbox 456 1831 631 1888; x_wconf 89' lang='lat' dir='ltr'><strong>Isaias</strong></span> <span class='ocrx_word' id='word_1_137' title='bbox 664 1851 677 1886; x_wconf 89' lang='lat'>:</span> <span class='ocrx_word' id='word_1_138' title='bbox 709 1830 844 1885; x_wconf 86' lang='lat' dir='ltr'><strong>Ecce</strong></span> <span class='ocrx_word' id='word_1_139' title='bbox 886 1829 1006 1884; x_wconf 83' lang='lat' dir='ltr'><strong>dedi</strong></span> <span class='ocrx_word' id='word_1_140' title='bbox 1041 1838 1090 1894; x_wconf 82' lang='lat' dir='ltr'><strong>te</strong></span> <span class='ocrx_word' id='word_1_141' title='bbox 1126 1831 1181 1884; x_wconf 87' lang='lat' dir='ltr'><strong>in</strong></span> <span class='ocrx_word' id='word_1_142' title='bbox 1221 1829 1392 1899; x_wconf 72' lang='lat' dir='ltr'><strong>fwdus</strong></span> <span class='ocrx_word' id='word_1_143' title='bbox 1421 1829 1676 1899; x_wconf 82' lang='lat' dir='ltr'><strong>gentium,</strong></span> <span class='ocrx_word' id='word_1_144' title='bbox 1723 1836 1782 1880; x_wconf 86' lang='lat' dir='ltr'><strong>ut</strong></span> 
     </span>
    </p>
   </div>
   <div class='ocr_carea' id='block_1_21' title="bbox 198 1918 1781 1991">
    <p class='ocr_par' dir='ltr' id='par_1_21' title="bbox 198 1918 1781 1991">
     <span class='ocr_line' id='line_1_21' title="bbox 198 1918 1781 1991; baseline -0.005 -11"><span class='ocrx_word' id='word_1_145' title='bbox 198 1935 400 1981; x_wconf 85' lang='lat' dir='ltr'><strong>terram</strong></span> <span class='ocrx_word' id='word_1_146' title='bbox 446 1924 760 1989; x_wconf 81' lang='lat' dir='ltr'><strong>constituas,</strong></span> <span class='ocrx_word' id='word_1_147' title='bbox 816 1921 1121 1976; x_wconf 78' lang='lat' dir='ltr'><strong>solitudinis</strong></span> <span class='ocrx_word' id='word_1_148' title='bbox 1181 1921 1443 1991; x_wconf 79' lang='lat' dir='ltr'><strong>suscipias</strong></span> <span class='ocrx_word' id='word_1_149' title='bbox 1494 1918 1781 1975; x_wconf 77' lang='lat' dir='ltr'><strong>ha‘redita-</strong></span> 
     </span>
    </p>
   </div>
   <div class='ocr_carea' id='block_1_22' title="bbox 196 2008 1781 2085">
    <p class='ocr_par' dir='ltr' id='par_1_22' title="bbox 196 2008 1781 2085">
     <span class='ocr_line' id='line_1_22' title="bbox 196 2008 1781 2085; baseline -0.005 -14"><span class='ocrx_word' id='word_1_150' title='bbox 196 2029 303 2071; x_wconf 87' lang='lat' dir='ltr'><strong>tem</strong></span> <span class='ocrx_word' id='word_1_151' title='bbox 328 2017 395 2079; x_wconf 76' lang='grc'><strong>⁸³,</strong></span> <span class='ocrx_word' id='word_1_152' title='bbox 432 2026 486 2071; x_wconf 90' lang='lat' dir='ltr'><strong>et</strong></span> <span class='ocrx_word' id='word_1_153' title='bbox 515 2031 634 2085; x_wconf 72' lang='lat' dir='ltr'><strong>qum</strong></span> <span class='ocrx_word' id='word_1_154' title='bbox 659 2022 985 2085; x_wconf 88' lang='lat' dir='ltr'><strong>sequuntur.</strong></span> <span class='ocrx_word' id='word_1_155' title='bbox 1014 2012 1171 2079; x_wconf 87' lang='lat' dir='ltr'><strong>Quod</strong></span> <span class='ocrx_word' id='word_1_156' title='bbox 1197 2012 1362 2067; x_wconf 91' lang='lat' dir='ltr'><strong>etiam</strong></span> <span class='ocrx_word' id='word_1_157' title='bbox 1398 2025 1496 2081; x_wconf 91' lang='lat' dir='ltr'><strong>per</strong></span> <span class='ocrx_word' id='word_1_158' title='bbox 1521 2008 1781 2065; x_wconf 86' lang='lat' dir='ltr'><strong>Davidem</strong></span> 
     </span>
    </p>
   </div>
   <div class='ocr_carea' id='block_1_23' title="bbox 194 2100 1785 2179">
    <p class='ocr_par' dir='ltr' id='par_1_23' title="bbox 194 2100 1785 2179">
     <span class='ocr_line' id='line_1_23' title="bbox 194 2100 1785 2179; baseline -0.005 -17"><span class='ocrx_word' id='word_1_159' title='bbox 194 2107 340 2163; x_wconf 85' lang='lat' dir='ltr'><strong>Filio</strong></span> <span class='ocrx_word' id='word_1_160' title='bbox 370 2108 647 2179; x_wconf 88' lang='lat' dir='ltr'><strong>pollicitus</strong></span> <span class='ocrx_word' id='word_1_161' title='bbox 676 2114 782 2169; x_wconf 89' lang='lat' dir='ltr'><strong>est,</strong></span> <span class='ocrx_word' id='word_1_162' title='bbox 826 2103 891 2158; x_wconf 81' lang='lat' dir='ltr'><strong>Et</strong></span> <span class='ocrx_word' id='word_1_163' title='bbox 912 2104 1072 2171; x_wconf 85' lang='lat' dir='ltr'><strong>dabo,</strong></span> <span class='ocrx_word' id='word_1_164' title='bbox 1104 2103 1383 2173; x_wconf 88' lang='lat' dir='ltr'><strong>inquiens,</strong></span> <span class='ocrx_word' id='word_1_165' title='bbox 1416 2110 1592 2171; x_wconf 84' lang='lat' dir='ltr'><strong>gentes</strong></span> <span class='ocrx_word' id='word_1_166' title='bbox 1618 2100 1785 2155; x_wconf 73' lang='lat' dir='ltr'><strong>licere-</strong></span> 
     </span>
    </p>
   </div>
   <div class='ocr_carea' id='block_1_24' title="bbox 193 2193 1780 2268">
    <p class='ocr_par' dir='ltr' id='par_1_24' title="bbox 193 2193 1780 2268">
     <span class='ocr_line' id='line_1_24' title="bbox 193 2193 1780 2268; baseline -0.004 -13"><span class='ocrx_word' id='word_1_167' title='bbox 193 2202 420 2255; x_wconf 85' lang='lat' dir='ltr'><strong>ditatem</strong></span> <span class='ocrx_word' id='word_1_168' title='bbox 466 2198 699 2254; x_wconf 80' lang='lat' dir='ltr'><strong>tuam”.</strong></span> <span class='ocrx_word' id='word_1_169' title='bbox 734 2199 814 2254; x_wconf 82' lang='lat' dir='ltr'><strong>Ae</strong></span> <span class='ocrx_word' id='word_1_170' title='bbox 855 2199 973 2268; x_wconf 89' lang='lat' dir='ltr'><strong>ipse</strong></span> <span class='ocrx_word' id='word_1_171' title='bbox 1001 2195 1224 2268; x_wconf 88' lang='lat' dir='ltr'><strong>quidem</strong></span> <span class='ocrx_word' id='word_1_172' title='bbox 1257 2194 1431 2250; x_wconf 82' lang='lat' dir='ltr'><strong>David</strong></span> <span class='ocrx_word' id='word_1_173' title='bbox 1464 2193 1678 2249; x_wconf 82' lang='lat' dir='ltr'><strong>Patrem</strong></span> <span class='ocrx_word' id='word_1_174' title='bbox 1716 2193 1780 2248; x_wconf 87' lang='lat' dir='ltr'><strong>ad</strong></span> 
     </span>
    </p>
   </div>
   <div class='ocr_carea' id='block_1_25' title="bbox 196 2286 1785 2360">
    <p class='ocr_par' dir='ltr' id='par_1_25' title="bbox 196 2286 1785 2360">
     <span class='ocr_line' id='line_1_25' title="bbox 196 2286 1785 2360; baseline -0.004 -12"><span class='ocrx_word' id='word_1_175' title='bbox 196 2295 307 2349; x_wconf 88' lang='lat' dir='ltr'><strong>hoc</strong></span> <span class='ocrx_word' id='word_1_176' title='bbox 337 2293 678 2357; x_wconf 86' lang='lat' dir='ltr'><strong>hortabatur,</strong></span> <span class='ocrx_word' id='word_1_177' title='bbox 706 2289 1000 2355; x_wconf 86' lang='lat' dir='ltr'><strong>Constitue,</strong></span> <span class='ocrx_word' id='word_1_178' title='bbox 1032 2290 1314 2360; x_wconf 87' lang='lat' dir='ltr'><strong>inquiens,</strong></span> <span class='ocrx_word' id='word_1_179' title='bbox 1337 2286 1590 2351; x_wconf 88' lang='lat' dir='ltr'><strong>Domine,</strong></span> <span class='ocrx_word' id='word_1_180' title='bbox 1627 2286 1785 2356; x_wconf 83' lang='lat' dir='ltr'><strong>legis-</strong></span> 
     </span>
    </p>
   </div>
   <div class='ocr_carea' id='block_1_26' title="bbox 203 2378 1786 2454">
    <p class='ocr_par' dir='ltr' id='par_1_26' title="bbox 203 2378 1786 2454">
     <span class='ocr_line' id='line_1_26' title="bbox 203 2378 1786 2454; baseline -0.006 -14"><span class='ocrx_word' id='word_1_181' title='bbox 203 2385 429 2440; x_wconf 84' lang='lat' dir='ltr'><strong>latorem</strong></span> <span class='ocrx_word' id='word_1_182' title='bbox 467 2400 623 2454; x_wconf 83' lang='lat' dir='ltr'><strong>super</strong></span> <span class='ocrx_word' id='word_1_183' title='bbox 659 2399 745 2439; x_wconf 89' lang='lat' dir='ltr'><strong>eos</strong></span> <span class='ocrx_word' id='word_1_184' title='bbox 782 2384 853 2436; x_wconf 80' lang='lat'><strong>&#39;°.</strong></span> <span class='ocrx_word' id='word_1_185' title='bbox 902 2382 971 2437; x_wconf 84' lang='lat' dir='ltr'><strong>At</strong></span> <span class='ocrx_word' id='word_1_186' title='bbox 1004 2381 1173 2437; x_wconf 80' lang='lat' dir='ltr'><strong>Isaias</strong></span> <span class='ocrx_word' id='word_1_187' title='bbox 1212 2397 1278 2436; x_wconf 81' lang='lat' dir='ltr'><strong>ex</strong></span> <span class='ocrx_word' id='word_1_188' title='bbox 1316 2380 1480 2450; x_wconf 88' lang='lat' dir='ltr'><strong>hujus</strong></span> <span class='ocrx_word' id='word_1_189' title='bbox 1506 2378 1786 2450; x_wconf 79' lang='lat' dir='ltr'><strong>legislatu-</strong></span> 
     </span>
    </p>
   </div>
   <div class='ocr_carea' id='block_1_27' title="bbox 192 2468 1785 2549">
    <p class='ocr_par' dir='ltr' id='par_1_27' title="bbox 192 2468 1785 2549">
     <span class='ocr_line' id='line_1_27' title="bbox 192 2468 1785 2549; baseline -0.008 -14"><span class='ocrx_word' id='word_1_190' title='bbox 192 2480 279 2535; x_wconf 81' lang='lat' dir='ltr'><strong>ris</strong></span> <span class='ocrx_word' id='word_1_191' title='bbox 310 2492 544 2549; x_wconf 89' lang='lat' dir='ltr'><strong>persona</strong></span> <span class='ocrx_word' id='word_1_192' title='bbox 570 2520 585 2544; x_wconf 88' lang='lat'><strong>,</strong></span> <span class='ocrx_word' id='word_1_193' title='bbox 616 2475 751 2542; x_wconf 76' lang='lat' dir='ltr'><strong>Lex,</strong></span> <span class='ocrx_word' id='word_1_194' title='bbox 786 2475 990 2546; x_wconf 88' lang='lat' dir='ltr'><strong>inquit,</strong></span> <span class='ocrx_word' id='word_1_195' title='bbox 1018 2472 1316 2544; x_wconf 84' lang='lat' dir='ltr'><strong>egredietur</strong></span> <span class='ocrx_word' id='word_1_196' title='bbox 1351 2489 1384 2525; x_wconf 93' lang='lat' dir='ltr'><strong>a</strong></span> <span class='ocrx_word' id='word_1_197' title='bbox 1415 2486 1497 2525; x_wconf 88' lang='lat' dir='ltr'><strong>me</strong></span> <span class='ocrx_word' id='word_1_198' title='bbox 1530 2470 1584 2524; x_wconf 89' lang='lat' dir='ltr'><strong>in</strong></span> <span class='ocrx_word' id='word_1_199' title='bbox 1615 2468 1785 2523; x_wconf 84' lang='lat' dir='ltr'><strong>lucem</strong></span> 
     </span>
    </p>
   </div>
   <div class='ocr_carea' id='block_1_28' title="bbox 194 2560 1787 2642">
    <p class='ocr_par' dir='ltr' id='par_1_28' title="bbox 194 2560 1787 2642">
     <span class='ocr_line' id='line_1_28' title="bbox 194 2560 1787 2642; baseline -0.006 -18"><span class='ocrx_word' id='word_1_200' title='bbox 194 2571 450 2642; x_wconf 84' lang='lat' dir='ltr'><strong>gentium,</strong></span> <span class='ocrx_word' id='word_1_201' title='bbox 475 2578 524 2624; x_wconf 91' lang='lat' dir='ltr'><strong>et</strong></span> <span class='ocrx_word' id='word_1_202' title='bbox 545 2569 602 2622; x_wconf 90' lang='lat' dir='ltr'><strong>in</strong></span> <span class='ocrx_word' id='word_1_203' title='bbox 634 2567 849 2622; x_wconf 85' lang='lat' dir='ltr'><strong>brachio</strong></span> <span class='ocrx_word' id='word_1_204' title='bbox 880 2583 992 2623; x_wconf 86' lang='lat' dir='ltr'><strong>meo</strong></span> <span class='ocrx_word' id='word_1_205' title='bbox 1027 2576 1204 2638; x_wconf 81' lang='lat' dir='ltr'><strong>gentes</strong></span> <span class='ocrx_word' id='word_1_206' title='bbox 1230 2562 1597 2636; x_wconf 79' lang='lat' dir='ltr'><strong>sperabunt&quot;.</strong></span> <span class='ocrx_word' id='word_1_207' title='bbox 1627 2560 1787 2628; x_wconf 70' lang='lat' dir='ltr'><strong>Quin-</strong></span> 
     </span>
    </p>
   </div>
   <div class='ocr_carea' id='block_1_29' title="bbox 193 2657 1785 2729">
    <p class='ocr_par' dir='ltr' id='par_1_29' title="bbox 193 2657 1785 2729">
     <span class='ocr_line' id='line_1_29' title="bbox 193 2657 1785 2729; baseline -0.005 -12"><span class='ocrx_word' id='word_1_208' title='bbox 193 2676 328 2717; x_wconf 90' lang='lat' dir='ltr'><strong>nam</strong></span> <span class='ocrx_word' id='word_1_209' title='bbox 353 2661 458 2715; x_wconf 90' lang='lat' dir='ltr'><strong>alia</strong></span> <span class='ocrx_word' id='word_1_210' title='bbox 492 2673 577 2716; x_wconf 82' lang='lat' dir='ltr'><strong>est</strong></span> <span class='ocrx_word' id='word_1_211' title='bbox 606 2660 719 2725; x_wconf 81' lang='lat' dir='ltr'><strong>lex,</strong></span> <span class='ocrx_word' id='word_1_212' title='bbox 752 2668 950 2729; x_wconf 65' lang='lat' dir='ltr'><strong>praeter</strong></span> <span class='ocrx_word' id='word_1_213' title='bbox 975 2657 1353 2727; x_wconf 80' lang='lat' dir='ltr'><strong>evangelicam</strong></span> <span class='ocrx_word' id='word_1_214' title='bbox 1375 2696 1390 2721; x_wconf 97' lang='lat'><strong>,</strong></span> <span class='ocrx_word' id='word_1_215' title='bbox 1426 2670 1550 2726; x_wconf 78' lang='lat' dir='ltr'><strong>quae</strong></span> <span class='ocrx_word' id='word_1_216' title='bbox 1596 2660 1785 2725; x_wconf 84' lang='lat' dir='ltr'><strong>gentes</strong></span> 
     </span>
    </p>
   </div>
   <div class='ocr_carea' id='block_1_30' title="bbox 198 2741 1788 2821">
    <p class='ocr_par' dir='ltr' id='par_1_30' title="bbox 198 2741 1788 2821">
     <span class='ocr_line' id='line_1_30' title="bbox 198 2741 1788 2821; baseline -0.007 -14"><span class='ocrx_word' id='word_1_217' title='bbox 198 2752 259 2807; x_wconf 91' lang='lat' dir='ltr'><strong>in</strong></span> <span class='ocrx_word' id='word_1_218' title='bbox 300 2750 620 2821; x_wconf 77' lang='lat' dir='ltr'><strong>ignorantiae</strong></span> <span class='ocrx_word' id='word_1_219' title='bbox 646 2749 889 2805; x_wconf 84' lang='lat' dir='ltr'><strong>tenebris</strong></span> <span class='ocrx_word' id='word_1_220' title='bbox 929 2749 1255 2804; x_wconf 84' lang='lat' dir='ltr'><strong>aberrantes</strong></span> <span class='ocrx_word' id='word_1_221' title='bbox 1281 2743 1622 2801; x_wconf 78' lang='lat' dir='ltr'><strong>illustravit?</strong></span> <span class='ocrx_word' id='word_1_222' title='bbox 1648 2741 1788 2797; x_wconf 84' lang='lat' dir='ltr'><strong>Nam</strong></span> 
     </span>
    </p>
   </div>
   <div class='ocr_carea' id='block_1_31' title="bbox 196 2837 1782 2912">
    <p class='ocr_par' dir='ltr' id='par_1_31' title="bbox 196 2837 1782 2912">
     <span class='ocr_line' id='line_1_31' title="bbox 196 2837 1782 2912; baseline -0.008 -15"><span class='ocrx_word' id='word_1_223' title='bbox 196 2841 287 2897; x_wconf 78' lang='lat' dir='ltr'><strong>lex</strong></span> <span class='ocrx_word' id='word_1_224' title='bbox 319 2842 538 2912; x_wconf 86' lang='lat' dir='ltr'><strong>quidem</strong></span> <span class='ocrx_word' id='word_1_225' title='bbox 564 2840 807 2895; x_wconf 81' lang='lat' dir='ltr'><strong>Mosaiea</strong></span> <span class='ocrx_word' id='word_1_226' title='bbox 834 2839 1024 2895; x_wconf 88' lang='lat' dir='ltr'><strong>multis</strong></span> <span class='ocrx_word' id='word_1_227' title='bbox 1051 2838 1164 2907; x_wconf 88' lang='lat' dir='ltr'><strong>jam</strong></span> <span class='ocrx_word' id='word_1_228' title='bbox 1193 2837 1353 2892; x_wconf 89' lang='lat' dir='ltr'><strong>annis</strong></span> <span class='ocrx_word' id='word_1_229' title='bbox 1384 2840 1782 2891; x_wconf 89' lang='lat' dir='ltr'><strong>antecesserat.</strong></span> 
     </span>
    </p>
   </div>
   <div class='ocr_carea' id='block_1_32' title="bbox 195 2922 1786 2998">
    <p class='ocr_par' dir='ltr' id='par_1_32' title="bbox 195 2922 1786 2998">
     <span class='ocr_line' id='line_1_32' title="bbox 195 2922 1786 2998; baseline -0.004 -13"><span class='ocrx_word' id='word_1_230' title='bbox 195 2929 323 2985; x_wconf 71' lang='lat' dir='ltr'><strong>5am</strong></span> <span class='ocrx_word' id='word_1_231' title='bbox 352 2931 421 2986; x_wconf 91' lang='lat' dir='ltr'><strong>de</strong></span> <span class='ocrx_word' id='word_1_232' title='bbox 458 2945 603 2985; x_wconf 91' lang='lat' dir='ltr'><strong>novo</strong></span> <span class='ocrx_word' id='word_1_233' title='bbox 642 2928 924 2998; x_wconf 86' lang='lat' dir='ltr'><strong>Evangelii</strong></span> <span class='ocrx_word' id='word_1_234' title='bbox 963 2934 1297 2985; x_wconf 77' lang='lat' dir='ltr'><strong>teStamento</strong></span> <span class='ocrx_word' id='word_1_235' title='bbox 1344 2940 1568 2996; x_wconf 81' lang='lat' dir='ltr'><strong>rursum</strong></span> <span class='ocrx_word' id='word_1_236' title='bbox 1613 2922 1786 2979; x_wconf 89' lang='lat' dir='ltr'><strong>Isaias</strong></span> 
     </span>
    </p>
   </div>
   <div class='ocr_carea' id='block_1_33' title="bbox 1875 458 3462 533">
    <p class='ocr_par' dir='ltr' id='par_1_33' title="bbox 1875 458 3462 533">
     <span class='ocr_line' id='line_1_33' title="bbox 1875 458 3462 533; baseline 0.004 -20"><span class='ocrx_word' id='word_1_237' title='bbox 1875 460 2027 513; x_wconf 87' lang='lat' dir='ltr'><strong>niunt</strong></span> <span class='ocrx_word' id='word_1_238' title='bbox 2080 459 2214 525; x_wconf 85' lang='lat' dir='ltr'><strong>dies,</strong></span> <span class='ocrx_word' id='word_1_239' title='bbox 2254 460 2382 513; x_wconf 85' lang='lat' dir='ltr'><strong>dicit</strong></span> <span class='ocrx_word' id='word_1_240' title='bbox 2426 458 2705 521; x_wconf 87' lang='lat' dir='ltr'><strong>Dominus,</strong></span> <span class='ocrx_word' id='word_1_241' title='bbox 2750 461 3024 529; x_wconf 78' lang='lat' dir='ltr'><strong>et-feriam</strong></span> <span class='ocrx_word' id='word_1_242' title='bbox 3063 462 3329 517; x_wconf 81' lang='lat' dir='ltr'><strong>vobiscum</strong></span> <span class='ocrx_word' id='word_1_243' title='bbox 3364 464 3462 533; x_wconf 77' lang='lat' dir='ltr'><strong>fa:-</strong></span> 
     </span>
    </p>
   </div>
   <div class='ocr_carea' id='block_1_34' title="bbox 1875 549 3460 624">
    <p class='ocr_par' dir='ltr' id='par_1_34' title="bbox 1875 549 3460 624">
     <span class='ocr_line' id='line_1_34' title="bbox 1875 549 3460 624; baseline 0.003 -22"><span class='ocrx_word' id='word_1_244' title='bbox 1875 549 1976 605; x_wconf 88' lang='lat' dir='ltr'><strong>dus</strong></span> <span class='ocrx_word' id='word_1_245' title='bbox 2019 567 2229 616; x_wconf 77' lang='lat' dir='ltr'><strong>novum,</strong></span> <span class='ocrx_word' id='word_1_246' title='bbox 2278 567 2382 605; x_wconf 89' lang='lat' dir='ltr'><strong>non</strong></span> <span class='ocrx_word' id='word_1_247' title='bbox 2423 550 2711 605; x_wconf 85' lang='lat' dir='ltr'><strong>secundum</strong></span> <span class='ocrx_word' id='word_1_248' title='bbox 2750 552 2886 605; x_wconf 87' lang='lat' dir='ltr'><strong>illud</strong></span> <span class='ocrx_word' id='word_1_249' title='bbox 2934 553 3104 622; x_wconf 67' lang='lat' dir='ltr'><strong>{trdus</strong></span> <span class='ocrx_word' id='word_1_250' title='bbox 3149 555 3288 624; x_wconf 88' lang='lat' dir='ltr'><strong>quod</strong></span> <span class='ocrx_word' id='word_1_251' title='bbox 3331 555 3460 608; x_wconf 68' lang='lat' dir='ltr'><strong>iniri</strong></span> 
     </span>
    </p>
   </div>
   <div class='ocr_carea' id='block_1_35' title="bbox 1877 642 3461 715">
    <p class='ocr_par' dir='ltr' id='par_1_35' title="bbox 1877 642 3461 715">
     <span class='ocr_line' id='line_1_35' title="bbox 1877 642 3461 715; baseline 0.003 -19"><span class='ocrx_word' id='word_1_252' title='bbox 1877 659 1996 696; x_wconf 90' lang='lat' dir='ltr'><strong>cum</strong></span> <span class='ocrx_word' id='word_1_253' title='bbox 2032 642 2275 712; x_wconf 84' lang='lat' dir='ltr'><strong>patribus</strong></span> <span class='ocrx_word' id='word_1_254' title='bbox 2305 643 2511 709; x_wconf 82' lang='lat' dir='ltr'><strong>vestris,</strong></span> <span class='ocrx_word' id='word_1_255' title='bbox 2546 659 2649 712; x_wconf 87' lang='lat' dir='ltr'><strong>qua</strong></span> <span class='ocrx_word' id='word_1_256' title='bbox 2680 642 2766 697; x_wconf 89' lang='lat' dir='ltr'><strong>die</strong></span> <span class='ocrx_word' id='word_1_257' title='bbox 2797 659 3015 697; x_wconf 85' lang='lat' dir='ltr'><strong>manum</strong></span> <span class='ocrx_word' id='word_1_258' title='bbox 3057 661 3238 700; x_wconf 85' lang='lat' dir='ltr'><strong>eorum</strong></span> <span class='ocrx_word' id='word_1_259' title='bbox 3271 663 3461 715; x_wconf 86' lang='lat' dir='ltr'><strong>appre-</strong></span> 
     </span>
    </p>
   </div>
   <div class='ocr_carea' id='block_1_36' title="bbox 1876 732 3460 808">
    <p class='ocr_par' dir='ltr' id='par_1_36' title="bbox 1876 732 3460 808">
     <span class='ocr_line' id='line_1_36' title="bbox 1876 732 3460 808; baseline 0.002 -22"><span class='ocrx_word' id='word_1_260' title='bbox 1876 733 2035 788; x_wconf 82' lang='lat' dir='ltr'><strong>hendi</strong></span> <span class='ocrx_word' id='word_1_261' title='bbox 2070 742 2135 787; x_wconf 87' lang='lat' dir='ltr'><strong>&#39;ut</strong></span> <span class='ocrx_word' id='word_1_262' title='bbox 2170 732 2444 788; x_wconf 82' lang='lat' dir='ltr'><strong>educerem</strong></span> <span class='ocrx_word' id='word_1_263' title='bbox 2492 750 2579 789; x_wconf 87' lang='lat' dir='ltr'><strong>eos</strong></span> <span class='ocrx_word' id='word_1_264' title='bbox 2627 733 2691 788; x_wconf 91' lang='lat' dir='ltr'><strong>de</strong></span> <span class='ocrx_word' id='word_1_265' title='bbox 2737 743 2880 789; x_wconf 85' lang='lat' dir='ltr'><strong>terra</strong></span> <span class='ocrx_word' id='word_1_266' title='bbox 2921 732 3177 805; x_wconf 67' lang='lat' dir='ltr'><strong>Egypti;</strong></span> <span class='ocrx_word' id='word_1_267' title='bbox 3208 739 3460 808; x_wconf 86' lang='lat' dir='ltr'><strong>quoniam</strong></span> 
     </span>
    </p>
   </div>
   <div class='ocr_carea' id='block_1_37' title="bbox 1878 823 3461 900">
    <p class='ocr_par' dir='ltr' id='par_1_37' title="bbox 1878 823 3461 900">
     <span class='ocr_line' id='line_1_37' title="bbox 1878 823 3461 900; baseline 0.001 -21"><span class='ocrx_word' id='word_1_268' title='bbox 1878 824 1964 879; x_wconf 87' lang='lat' dir='ltr'><strong>illi</strong></span> <span class='ocrx_word' id='word_1_269' title='bbox 2007 823 2176 891; x_wconf 73' lang='lat' dir='ltr'><strong>fwdus</strong></span> <span class='ocrx_word' id='word_1_270' title='bbox 2224 841 2395 879; x_wconf 88' lang='lat' dir='ltr'><strong>meum</strong></span> <span class='ocrx_word' id='word_1_271' title='bbox 2448 842 2553 879; x_wconf 86' lang='lat' dir='ltr'><strong>non</strong></span> <span class='ocrx_word' id='word_1_272' title='bbox 2603 825 2974 891; x_wconf 76' lang='lat' dir='ltr'><strong>observarunt,</strong></span> <span class='ocrx_word' id='word_1_273' title='bbox 3029 835 3078 881; x_wconf 90' lang='lat' dir='ltr'><strong>et</strong></span> <span class='ocrx_word' id='word_1_274' title='bbox 3122 844 3216 898; x_wconf 92' lang='lat' dir='ltr'><strong>ego</strong></span> <span class='ocrx_word' id='word_1_275' title='bbox 3257 829 3461 900; x_wconf 73' lang='lat' dir='ltr'><strong>neglexi</strong></span> 
     </span>
    </p>
   </div>
   <div class='ocr_carea' id='block_1_38' title="bbox 1877 914 3463 983">
    <p class='ocr_par' dir='ltr' id='par_1_38' title="bbox 1877 914 3463 983">
     <span class='ocr_line' id='line_1_38' title="bbox 1877 914 3463 983; baseline 0.003 -11"><span class='ocrx_word' id='word_1_276' title='bbox 1877 916 2054 972; x_wconf 80' lang='lat' dir='ltr'><strong>eos&quot;.</strong></span> <span class='ocrx_word' id='word_1_277' title='bbox 2086 914 2213 971; x_wconf 73' lang='lat' dir='ltr'><strong>Haec</strong></span> <span class='ocrx_word' id='word_1_278' title='bbox 2244 924 2297 970; x_wconf 85' lang='lat' dir='ltr'><strong>et</strong></span> <span class='ocrx_word' id='word_1_279' title='bbox 2338 916 2425 971; x_wconf 91' lang='lat' dir='ltr'><strong>his</strong></span> <span class='ocrx_word' id='word_1_280' title='bbox 2458 916 2663 971; x_wconf 89' lang='lat' dir='ltr'><strong>similia</strong></span> <span class='ocrx_word' id='word_1_281' title='bbox 2710 918 2946 973; x_wconf 76' lang='lat' dir='ltr'><strong>obscure</strong></span> <span class='ocrx_word' id='word_1_282' title='bbox 2976 918 3177 973; x_wconf 90' lang='lat' dir='ltr'><strong>tradita</strong></span> <span class='ocrx_word' id='word_1_283' title='bbox 3213 931 3363 983; x_wconf 91' lang='lat' dir='ltr'><strong>sunt,</strong></span> <span class='ocrx_word' id='word_1_284' title='bbox 3393 936 3463 976; x_wconf 90' lang='lat' dir='ltr'><strong>ne</strong></span> 
     </span>
    </p>
   </div>
   <div class='ocr_carea' id='block_1_39' title="bbox 1878 1004 3465 1078">
    <p class='ocr_par' dir='ltr' id='par_1_39' title="bbox 1878 1004 3465 1078">
     <span class='ocr_line' id='line_1_39' title="bbox 1878 1004 3465 1078; baseline 0.003 -17"><span class='ocrx_word' id='word_1_285' title='bbox 1878 1006 2198 1063; x_wconf 89' lang='lat' dir='ltr'><strong>delerentur</strong></span> <span class='ocrx_word' id='word_1_286' title='bbox 2227 1006 2377 1061; x_wconf 89' lang='lat' dir='ltr'><strong>libri.</strong></span> <span class='ocrx_word' id='word_1_287' title='bbox 2413 1004 2548 1060; x_wconf 86' lang='lat' dir='ltr'><strong>Nam</strong></span> <span class='ocrx_word' id='word_1_288' title='bbox 2588 1007 2682 1077; x_wconf 94' lang='lat' dir='ltr'><strong>qui</strong></span> <span class='ocrx_word' id='word_1_289' title='bbox 2718 1006 2996 1062; x_wconf 87' lang='lat' dir='ltr'><strong>Christum</strong></span> <span class='ocrx_word' id='word_1_290' title='bbox 3030 1016 3379 1078; x_wconf 69' lang='lat' dir='ltr'><strong>praesentem,</strong></span> <span class='ocrx_word' id='word_1_291' title='bbox 3408 1019 3465 1065; x_wconf 92' lang='lat' dir='ltr'><strong>et</strong></span> 
     </span>
    </p>
   </div>
   <div class='ocr_carea' id='block_1_40' title="bbox 1878 1097 3464 1162">
    <p class='ocr_par' dir='ltr' id='par_1_40' title="bbox 1878 1097 3464 1162">
     <span class='ocr_line' id='line_1_40' title="bbox 1878 1097 3464 1162; baseline -0.001 -6"><span class='ocrx_word' id='word_1_292' title='bbox 1878 1116 1971 1157; x_wconf 86' lang='lat' dir='ltr'><strong>res</strong></span> <span class='ocrx_word' id='word_1_293' title='bbox 2004 1097 2363 1155; x_wconf 89' lang='lat' dir='ltr'><strong>admirabiles</strong></span> <span class='ocrx_word' id='word_1_294' title='bbox 2401 1098 2742 1162; x_wconf 87' lang='lat' dir='ltr'><strong>elIieientem,</strong></span> <span class='ocrx_word' id='word_1_295' title='bbox 2777 1106 2833 1154; x_wconf 89' lang='lat' dir='ltr'><strong>et</strong></span> <span class='ocrx_word' id='word_1_296' title='bbox 2872 1100 3182 1154; x_wconf 91' lang='lat' dir='ltr'><strong>certissima</strong></span> <span class='ocrx_word' id='word_1_297' title='bbox 3212 1100 3464 1155; x_wconf 89' lang='lat' dir='ltr'><strong>divinita-</strong></span> 
     </span>
    </p>
   </div>
   <div class='ocr_carea' id='block_1_41' title="bbox 1882 1190 3465 1250">
    <p class='ocr_par' dir='ltr' id='par_1_41' title="bbox 1882 1190 3465 1250">
     <span class='ocr_line' id='line_1_41' title="bbox 1882 1190 3465 1250; baseline -0.003 0"><span class='ocrx_word' id='word_1_298' title='bbox 1882 1195 1954 1250; x_wconf 87' lang='lat' dir='ltr'><strong>tis</strong></span> <span class='ocrx_word' id='word_1_299' title='bbox 1994 1208 2109 1248; x_wconf 71' lang='lat' dir='ltr'><strong>sua:</strong></span> <span class='ocrx_word' id='word_1_300' title='bbox 2148 1190 2470 1247; x_wconf 82' lang='lat' dir='ltr'><strong>all&#39;erentem</strong></span> <span class='ocrx_word' id='word_1_301' title='bbox 2500 1190 2703 1245; x_wconf 90' lang='lat' dir='ltr'><strong>indicia</strong></span> <span class='ocrx_word' id='word_1_302' title='bbox 2744 1197 3074 1246; x_wconf 89' lang='lat' dir='ltr'><strong>contuentes</strong></span> <span class='ocrx_word' id='word_1_303' title='bbox 3112 1205 3224 1244; x_wconf 88' lang='lat' dir='ltr'><strong>non</strong></span> <span class='ocrx_word' id='word_1_304' title='bbox 3277 1207 3465 1248; x_wconf 89' lang='lat' dir='ltr'><strong>susce-</strong></span> 
     </span>
    </p>
   </div>
   <div class='ocr_carea' id='block_1_42' title="bbox 1882 1282 3463 1358">
    <p class='ocr_par' dir='ltr' id='par_1_42' title="bbox 1882 1282 3463 1358">
     <span class='ocr_line' id='line_1_42' title="bbox 1882 1282 3463 1358; baseline -0.003 -17"><span class='ocrx_word' id='word_1_305' title='bbox 1882 1294 2103 1358; x_wconf 88' lang='lat' dir='ltr'><strong>perunt,</strong></span> <span class='ocrx_word' id='word_1_306' title='bbox 2146 1286 2242 1342; x_wconf 89' lang='lat' dir='ltr'><strong>sed</strong></span> <span class='ocrx_word' id='word_1_307' title='bbox 2282 1292 2517 1357; x_wconf 88' lang='lat' dir='ltr'><strong>egerunt</strong></span> <span class='ocrx_word' id='word_1_308' title='bbox 2574 1283 2629 1337; x_wconf 92' lang='lat' dir='ltr'><strong>in</strong></span> <span class='ocrx_word' id='word_1_309' title='bbox 2679 1297 2897 1338; x_wconf 90' lang='lat' dir='ltr'><strong>crucem</strong></span> <span class='ocrx_word' id='word_1_310' title='bbox 2924 1324 2940 1349; x_wconf 89' lang='lat'><strong>,</strong></span> <span class='ocrx_word' id='word_1_311' title='bbox 2975 1282 3032 1336; x_wconf 93' lang='lat' dir='ltr'><strong>hi</strong></span> <span class='ocrx_word' id='word_1_312' title='bbox 3075 1282 3289 1339; x_wconf 89' lang='lat' dir='ltr'><strong>scilicet</strong></span> <span class='ocrx_word' id='word_1_313' title='bbox 3329 1299 3463 1353; x_wconf 92' lang='lat' dir='ltr'><strong>pro-</strong></span> 
     </span>
    </p>
   </div>
   <div class='ocr_carea' id='block_1_43' title="bbox 1882 1375 3464 1450">
    <p class='ocr_par' dir='ltr' id='par_1_43' title="bbox 1882 1375 3464 1450">
     <span class='ocr_line' id='line_1_43' title="bbox 1882 1375 3464 1450; baseline 0.001 -19"><span class='ocrx_word' id='word_1_314' title='bbox 1882 1378 2087 1450; x_wconf 88' lang='lat' dir='ltr'><strong>phetiis</strong></span> <span class='ocrx_word' id='word_1_315' title='bbox 2132 1377 2512 1448; x_wconf 86' lang='lat' dir='ltr'><strong>pepercissent</strong></span> <span class='ocrx_word' id='word_1_316' title='bbox 2562 1375 2629 1431; x_wconf 90' lang='lat' dir='ltr'><strong>de</strong></span> <span class='ocrx_word' id='word_1_317' title='bbox 2680 1375 2800 1445; x_wconf 90' lang='lat' dir='ltr'><strong>ipso</strong></span> <span class='ocrx_word' id='word_1_318' title='bbox 2846 1375 3221 1443; x_wconf 88' lang='lat' dir='ltr'><strong>loquentibus,</strong></span> <span class='ocrx_word' id='word_1_319' title='bbox 3275 1376 3324 1432; x_wconf 91' lang='lat' dir='ltr'><strong>si</strong></span> <span class='ocrx_word' id='word_1_320' title='bbox 3368 1392 3464 1433; x_wconf 89' lang='lat' dir='ltr'><strong>eas</strong></span> 
     </span>
    </p>
   </div>
   <div class='ocr_carea' id='block_1_44' title="bbox 1884 1465 3464 1536">
    <p class='ocr_par' dir='ltr' id='par_1_44' title="bbox 1884 1465 3464 1536">
     <span class='ocr_line' id='line_1_44' title="bbox 1884 1465 3464 1536; baseline 0.001 -13"><span class='ocrx_word' id='word_1_321' title='bbox 1884 1469 2036 1523; x_wconf 85' lang='lat' dir='ltr'><strong>nulla</strong></span> <span class='ocrx_word' id='word_1_322' title='bbox 2070 1474 2357 1523; x_wconf 88' lang='lat' dir='ltr'><strong>contectas</strong></span> <span class='ocrx_word' id='word_1_323' title='bbox 2407 1466 2627 1532; x_wconf 89' lang='lat' dir='ltr'><strong>umbra,</strong></span> <span class='ocrx_word' id='word_1_324' title='bbox 2664 1465 2760 1521; x_wconf 88' lang='lat' dir='ltr'><strong>sed</strong></span> <span class='ocrx_word' id='word_1_325' title='bbox 2791 1472 3011 1536; x_wconf 88' lang='lat' dir='ltr'><strong>apertas</strong></span> <span class='ocrx_word' id='word_1_326' title='bbox 3058 1480 3124 1521; x_wconf 90' lang='lat' dir='ltr'><strong>ac</strong></span> <span class='ocrx_word' id='word_1_327' title='bbox 3152 1466 3331 1524; x_wconf 80' lang='lat' dir='ltr'><strong>nudas</strong></span> <span class='ocrx_word' id='word_1_328' title='bbox 3372 1483 3464 1524; x_wconf 86' lang='lat' dir='ltr'><strong>ae-</strong></span> 
     </span>
    </p>
   </div>
   <div class='ocr_carea' id='block_1_45' title="bbox 1884 1560 3239 1630">
    <p class='ocr_par' dir='ltr' id='par_1_45' title="bbox 1884 1560 3239 1630">
     <span class='ocr_line' id='line_1_45' title="bbox 1884 1560 3239 1630; baseline -0.005 -14"><span class='ocrx_word' id='word_1_329' title='bbox 1884 1560 2180 1630; x_wconf 86' lang='lat' dir='ltr'><strong>cepissent.</strong></span> <span class='ocrx_word' id='word_1_330' title='bbox 3228 1562 3239 1572; x_wconf 91' lang='lat'><strong><em>&#39;</em></strong></span> 
     </span>
    </p>
   </div>
   <div class='ocr_carea' id='block_1_46' title="bbox 1953 1648 3465 1722">
    <p class='ocr_par' dir='ltr' id='par_1_46' title="bbox 1953 1648 3465 1722">
     <span class='ocr_line' id='line_1_46' title="bbox 1953 1648 3465 1722; baseline 0.001 -18"><span class='ocrx_word' id='word_1_331' title='bbox 1953 1648 2074 1704; x_wconf 86' lang='lat' dir='ltr'><strong>Jam</strong></span> <span class='ocrx_word' id='word_1_332' title='bbox 2103 1664 2232 1705; x_wconf 90' lang='lat' dir='ltr'><strong>vero</strong></span> <span class='ocrx_word' id='word_1_333' title='bbox 2256 1663 2356 1703; x_wconf 87' lang='lat' dir='ltr'><strong>nos</strong></span> <span class='ocrx_word' id='word_1_334' title='bbox 2384 1648 2587 1704; x_wconf 89' lang='lat' dir='ltr'><strong>Christi</strong></span> <span class='ocrx_word' id='word_1_335' title='bbox 2612 1651 2833 1705; x_wconf 92' lang='lat' dir='ltr'><strong>nomine</strong></span> <span class='ocrx_word' id='word_1_336' title='bbox 2866 1651 3198 1722; x_wconf 90' lang='lat' dir='ltr'><strong>appellatum</strong></span> <span class='ocrx_word' id='word_1_337' title='bbox 3225 1650 3292 1707; x_wconf 93' lang='lat' dir='ltr'><strong>iri</strong></span> <span class='ocrx_word' id='word_1_338' title='bbox 3324 1666 3465 1722; x_wconf 64' lang='lat' dir='ltr'><strong>prte-</strong></span> 
     </span>
    </p>
   </div>
   <div class='ocr_carea' id='block_1_47' title="bbox 1884 1739 3464 1813">
    <p class='ocr_par' dir='ltr' id='par_1_47' title="bbox 1884 1739 3464 1813">
     <span class='ocr_line' id='line_1_47' title="bbox 1884 1739 3464 1813; baseline 0.001 -19"><span class='ocrx_word' id='word_1_339' title='bbox 1884 1741 2020 1795; x_wconf 85' lang='lat' dir='ltr'><strong>dixit</strong></span> <span class='ocrx_word' id='word_1_340' title='bbox 2046 1739 2240 1803; x_wconf 89' lang='lat' dir='ltr'><strong>Isaias,</strong></span> <span class='ocrx_word' id='word_1_341' title='bbox 2291 1739 2411 1808; x_wconf 82' lang='lat' dir='ltr'><strong>Vos,</strong></span> <span class='ocrx_word' id='word_1_342' title='bbox 2445 1741 2724 1811; x_wconf 90' lang='lat' dir='ltr'><strong>inquiens,</strong></span> <span class='ocrx_word' id='word_1_343' title='bbox 2773 1742 2919 1797; x_wconf 86' lang='lat' dir='ltr'><strong>tollet</strong></span> <span class='ocrx_word' id='word_1_344' title='bbox 2954 1752 3243 1813; x_wconf 73' lang='lat' dir='ltr'><strong>evertetque</strong></span> <span class='ocrx_word' id='word_1_345' title='bbox 3274 1742 3464 1797; x_wconf 81' lang='lat' dir='ltr'><strong>Domi-</strong></span> 
     </span>
    </p>
   </div>
   <div class='ocr_carea' id='block_1_48' title="bbox 1884 1830 3466 1903">
    <p class='ocr_par' dir='ltr' id='par_1_48' title="bbox 1884 1830 3466 1903">
     <span class='ocr_line' id='line_1_48' title="bbox 1884 1830 3466 1903; baseline 0 -16"><span class='ocrx_word' id='word_1_346' title='bbox 1884 1849 2005 1887; x_wconf 87' lang='lat' dir='ltr'><strong>nus.</strong></span> <span class='ocrx_word' id='word_1_347' title='bbox 2057 1830 2180 1887; x_wconf 84' lang='lat' dir='ltr'><strong>Illis</strong></span> <span class='ocrx_word' id='word_1_348' title='bbox 2222 1841 2398 1887; x_wconf 83' lang='lat' dir='ltr'><strong>autem</strong></span> <span class='ocrx_word' id='word_1_349' title='bbox 2452 1835 2542 1903; x_wconf 88' lang='lat' dir='ltr'><strong>qui</strong></span> <span class='ocrx_word' id='word_1_350' title='bbox 2577 1834 2801 1887; x_wconf 84' lang='lat' dir='ltr'><strong>servient</strong></span> <span class='ocrx_word' id='word_1_351' title='bbox 2851 1836 3000 1899; x_wconf 83' lang='lat' dir='ltr'><strong>mihi,</strong></span> <span class='ocrx_word' id='word_1_352' title='bbox 3050 1852 3239 1890; x_wconf 82' lang='lat' dir='ltr'><strong>novum</strong></span> <span class='ocrx_word' id='word_1_353' title='bbox 3278 1850 3466 1889; x_wconf 83' lang='lat' dir='ltr'><strong>nomen</strong></span> 
     </span>
    </p>
   </div>
   <div class='ocr_carea' id='block_1_49' title="bbox 1884 1922 3462 1992">
    <p class='ocr_par' dir='ltr' id='par_1_49' title="bbox 1884 1922 3462 1992">
     <span class='ocr_line' id='line_1_49' title="bbox 1884 1922 3462 1992; baseline 0 -16"><span class='ocrx_word' id='word_1_354' title='bbox 1884 1924 2151 1992; x_wconf 79' lang='lat' dir='ltr'><strong>imponet,</strong></span> <span class='ocrx_word' id='word_1_355' title='bbox 2212 1922 2350 1991; x_wconf 86' lang='lat' dir='ltr'><strong>quod</strong></span> <span class='ocrx_word' id='word_1_356' title='bbox 2410 1923 2465 1975; x_wconf 89' lang='lat' dir='ltr'><strong>in</strong></span> <span class='ocrx_word' id='word_1_357' title='bbox 2514 1924 2761 1977; x_wconf 82' lang='lat' dir='ltr'><strong>universa</strong></span> <span class='ocrx_word' id='word_1_358' title='bbox 2828 1935 2974 1977; x_wconf 89' lang='lat' dir='ltr'><strong>terra</strong></span> <span class='ocrx_word' id='word_1_359' title='bbox 3030 1923 3462 1978; x_wconf 70' lang='lat' dir='ltr'><strong>celebrabitur&quot;.</strong></span> 
     </span>
    </p>
   </div>
   <div class='ocr_carea' id='block_1_50' title="bbox 1884 2012 3468 2085">
    <p class='ocr_par' dir='ltr' id='par_1_50' title="bbox 1884 2012 3468 2085">
     <span class='ocr_line' id='line_1_50' title="bbox 1884 2012 3468 2085; baseline -0.001 -17"><span class='ocrx_word' id='word_1_360' title='bbox 1884 2012 2142 2085; x_wconf 86' lang='lat' dir='ltr'><strong>Idemque</strong></span> <span class='ocrx_word' id='word_1_361' title='bbox 2188 2029 2403 2079; x_wconf 88' lang='lat' dir='ltr'><strong>rursus,</strong></span> <span class='ocrx_word' id='word_1_362' title='bbox 2459 2014 2742 2079; x_wconf 80' lang='lat' dir='ltr'><strong>Videbunt,</strong></span> <span class='ocrx_word' id='word_1_363' title='bbox 2781 2012 2982 2084; x_wconf 84' lang='lat' dir='ltr'><strong>inquit,</strong></span> <span class='ocrx_word' id='word_1_364' title='bbox 3019 2026 3196 2085; x_wconf 83' lang='lat' dir='ltr'><strong>gentes</strong></span> <span class='ocrx_word' id='word_1_365' title='bbox 3239 2016 3468 2085; x_wconf 85' lang='lat' dir='ltr'><strong>gloriam</strong></span> 
     </span>
    </p>
   </div>
   <div class='ocr_carea' id='block_1_51' title="bbox 1886 2104 3470 2176">
    <p class='ocr_par' dir='ltr' id='par_1_51' title="bbox 1886 2104 3470 2176">
     <span class='ocr_line' id='line_1_51' title="bbox 1886 2104 3470 2176; baseline -0.001 -17"><span class='ocrx_word' id='word_1_366' title='bbox 1886 2115 2055 2171; x_wconf 80' lang='lat' dir='ltr'><strong>tuam,</strong></span> <span class='ocrx_word' id='word_1_367' title='bbox 2091 2116 2140 2160; x_wconf 89' lang='lat' dir='ltr'><strong>et</strong></span> <span class='ocrx_word' id='word_1_368' title='bbox 2180 2121 2358 2160; x_wconf 85' lang='lat' dir='ltr'><strong>omnes</strong></span> <span class='ocrx_word' id='word_1_369' title='bbox 2389 2122 2531 2176; x_wconf 86' lang='lat' dir='ltr'><strong>reges</strong></span> <span class='ocrx_word' id='word_1_370' title='bbox 2550 2104 2846 2174; x_wconf 86' lang='lat' dir='ltr'><strong>justitiam.</strong></span> <span class='ocrx_word' id='word_1_371' title='bbox 2888 2104 2959 2157; x_wconf 83' lang='lat' dir='ltr'><strong>Et</strong></span> <span class='ocrx_word' id='word_1_372' title='bbox 2990 2105 3261 2159; x_wconf 79' lang='lat' dir='ltr'><strong>vocabitur</strong></span> <span class='ocrx_word' id='word_1_373' title='bbox 3282 2120 3470 2158; x_wconf 81' lang='lat' dir='ltr'><strong>nomen</strong></span> 
     </span>
    </p>
   </div>
   <div class='ocr_carea' id='block_1_52' title="bbox 1885 2195 3471 2268">
    <p class='ocr_par' dir='ltr' id='par_1_52' title="bbox 1885 2195 3471 2268">
     <span class='ocr_line' id='line_1_52' title="bbox 1885 2195 3471 2268; baseline -0.002 -15"><span class='ocrx_word' id='word_1_374' title='bbox 1885 2214 2097 2265; x_wconf 81' lang='lat' dir='ltr'><strong>novum,</strong></span> <span class='ocrx_word' id='word_1_375' title='bbox 2151 2197 2291 2268; x_wconf 87' lang='lat' dir='ltr'><strong>quod</strong></span> <span class='ocrx_word' id='word_1_376' title='bbox 2356 2198 2466 2264; x_wconf 86' lang='lat' dir='ltr'><strong>ipse</strong></span> <span class='ocrx_word' id='word_1_377' title='bbox 2532 2196 2791 2251; x_wconf 85' lang='lat' dir='ltr'><strong>Dominus</strong></span> <span class='ocrx_word' id='word_1_378' title='bbox 2835 2196 3202 2265; x_wconf 86' lang='lat' dir='ltr'><strong>pronuntiabit</strong></span> <span class='ocrx_word' id='word_1_379' title='bbox 3223 2197 3291 2250; x_wconf 85' lang='grc'><strong>⁷⁵.</strong></span> <span class='ocrx_word' id='word_1_380' title='bbox 3353 2195 3471 2250; x_wconf 75' lang='lat' dir='ltr'><strong>Hoc</strong></span> 
     </span>
    </p>
   </div>
   <div class='ocr_carea' id='block_1_53' title="bbox 1884 2288 3470 2361">
    <p class='ocr_par' dir='ltr' id='par_1_53' title="bbox 1884 2288 3470 2361">
     <span class='ocr_line' id='line_1_53' title="bbox 1884 2288 3470 2361; baseline -0.003 -14"><span class='ocrx_word' id='word_1_381' title='bbox 1884 2289 2057 2347; x_wconf 86' lang='lat' dir='ltr'><strong>Oseas</strong></span> <span class='ocrx_word' id='word_1_382' title='bbox 2095 2291 2224 2345; x_wconf 88' lang='lat' dir='ltr'><strong>item</strong></span> <span class='ocrx_word' id='word_1_383' title='bbox 2255 2290 2529 2361; x_wconf 71' lang='lat' dir='ltr'><strong>praedixit,</strong></span> <span class='ocrx_word' id='word_1_384' title='bbox 2570 2288 2640 2342; x_wconf 81' lang='lat' dir='ltr'><strong>Et</strong></span> <span class='ocrx_word' id='word_1_385' title='bbox 2663 2291 2786 2356; x_wconf 89' lang='lat' dir='ltr'><strong>erit,</strong></span> <span class='ocrx_word' id='word_1_386' title='bbox 2829 2290 3111 2360; x_wconf 89' lang='lat' dir='ltr'><strong>inquiens,</strong></span> <span class='ocrx_word' id='word_1_387' title='bbox 3159 2290 3212 2342; x_wconf 82' lang='lat' dir='ltr'><strong>in</strong></span> <span class='ocrx_word' id='word_1_388' title='bbox 3240 2291 3470 2344; x_wconf 78' lang='lat' dir='ltr'><strong>novissi-</strong></span> 
     </span>
    </p>
   </div>
   <div class='ocr_carea' id='block_1_54' title="bbox 1885 2378 3459 2447">
    <p class='ocr_par' dir='ltr' id='par_1_54' title="bbox 1885 2378 3459 2447">
     <span class='ocr_line' id='line_1_54' title="bbox 1885 2378 3459 2447; baseline 0.001 -15"><span class='ocrx_word' id='word_1_389' title='bbox 1885 2379 1985 2432; x_wconf 85' lang='lat' dir='ltr'><strong>mis</strong></span> <span class='ocrx_word' id='word_1_390' title='bbox 2040 2378 2360 2445; x_wconf 87' lang='lat' dir='ltr'><strong>temporibus</strong></span> <span class='ocrx_word' id='word_1_391' title='bbox 2420 2394 2609 2433; x_wconf 88' lang='lat' dir='ltr'><strong>nomen</strong></span> <span class='ocrx_word' id='word_1_392' title='bbox 2660 2378 2776 2447; x_wconf 85' lang='lat' dir='ltr'><strong>ejus</strong></span> <span class='ocrx_word' id='word_1_393' title='bbox 2829 2378 3036 2433; x_wconf 87' lang='lat' dir='ltr'><strong>illustre</strong></span> <span class='ocrx_word' id='word_1_394' title='bbox 3094 2380 3150 2432; x_wconf 84' lang='lat' dir='ltr'><strong>in</strong></span> <span class='ocrx_word' id='word_1_395' title='bbox 3213 2380 3459 2433; x_wconf 83' lang='lat' dir='ltr'><strong>universa</strong></span> 
     </span>
    </p>
   </div>
   <div class='ocr_carea' id='block_1_55' title="bbox 1887 2468 3466 2538">
    <p class='ocr_par' dir='ltr' id='par_1_55' title="bbox 1887 2468 3466 2538">
     <span class='ocr_line' id='line_1_55' title="bbox 1887 2468 3466 2538; baseline -0.001 -13"><span class='ocrx_word' id='word_1_396' title='bbox 1887 2479 2049 2533; x_wconf 74' lang='lat' dir='ltr'><strong>terra.</strong></span> <span class='ocrx_word' id='word_1_397' title='bbox 2097 2468 2168 2523; x_wconf 88' lang='lat' dir='ltr'><strong>Et</strong></span> <span class='ocrx_word' id='word_1_398' title='bbox 2206 2470 2415 2524; x_wconf 82' lang='lat' dir='ltr'><strong>nomine</strong></span> <span class='ocrx_word' id='word_1_399' title='bbox 2444 2469 2593 2523; x_wconf 87' lang='lat' dir='ltr'><strong>illius</strong></span> <span class='ocrx_word' id='word_1_400' title='bbox 2624 2470 2781 2523; x_wconf 86' lang='lat' dir='ltr'><strong>multi</strong></span> <span class='ocrx_word' id='word_1_401' title='bbox 2806 2469 2989 2538; x_wconf 74' lang='lat' dir='ltr'><strong>populi</strong></span> <span class='ocrx_word' id='word_1_402' title='bbox 3035 2468 3466 2537; x_wconf 84' lang='lat' dir='ltr'><strong>appellabuntur.</strong></span> 
     </span>
    </p>
   </div>
   <div class='ocr_carea' id='block_1_56' title="bbox 1885 2560 3133 2632">
    <p class='ocr_par' dir='ltr' id='par_1_56' title="bbox 1885 2560 3133 2632">
     <span class='ocr_line' id='line_1_56' title="bbox 1885 2560 3133 2632; baseline -0.001 -16"><span class='ocrx_word' id='word_1_403' title='bbox 1885 2560 1955 2616; x_wconf 88' lang='lat' dir='ltr'><strong>Et</strong></span> <span class='ocrx_word' id='word_1_404' title='bbox 1986 2563 2134 2617; x_wconf 84' lang='lat' dir='ltr'><strong>ibunt</strong></span> <span class='ocrx_word' id='word_1_405' title='bbox 2164 2562 2224 2617; x_wconf 84' lang='lat' dir='ltr'><strong>in</strong></span> <span class='ocrx_word' id='word_1_406' title='bbox 2258 2563 2357 2617; x_wconf 80' lang='lat' dir='ltr'><strong>viis</strong></span> <span class='ocrx_word' id='word_1_407' title='bbox 2385 2561 2521 2632; x_wconf 85' lang='lat' dir='ltr'><strong>ejus,</strong></span> <span class='ocrx_word' id='word_1_408' title='bbox 2549 2571 2599 2615; x_wconf 89' lang='lat' dir='ltr'><strong>et</strong></span> <span class='ocrx_word' id='word_1_409' title='bbox 2628 2563 2795 2616; x_wconf 82' lang='lat' dir='ltr'><strong>vivent</strong></span> <span class='ocrx_word' id='word_1_410' title='bbox 2822 2562 2883 2616; x_wconf 84' lang='lat' dir='ltr'><strong>in</strong></span> <span class='ocrx_word' id='word_1_411' title='bbox 2912 2562 3041 2630; x_wconf 88' lang='lat' dir='ltr'><strong>ipsis</strong></span> <span class='ocrx_word' id='word_1_412' title='bbox 3064 2562 3133 2615; x_wconf 84' lang='grc'><strong>⁷⁸.</strong></span> 
     </span>
    </p>
   </div>
   <div class='ocr_carea' id='block_1_57' title="bbox 2530 2650 2810 2720">
    <p class='ocr_par' dir='ltr' id='par_1_57' title="bbox 2530 2650 2810 2720">
     <span class='ocr_line' id='line_1_57' title="bbox 2530 2650 2810 2720; baseline 0.007 -17"><span class='ocrx_word' id='word_1_413' title='bbox 2530 2650 2810 2720; x_wconf 75' lang='lat' dir='ltr'><strong>Ejusdem;</strong></span> 
     </span>
    </p>
   </div>
   <div class='ocr_carea' id='block_1_58' title="bbox 1956 2742 3469 2811">
    <p class='ocr_par' dir='ltr' id='par_1_58' title="bbox 1956 2742 3469 2811">
     <span class='ocr_line' id='line_1_58' title="bbox 1956 2742 3469 2811; baseline 0 -13"><span class='ocrx_word' id='word_1_414' title='bbox 1956 2742 2026 2798; x_wconf 85' lang='lat' dir='ltr'><strong>Et</strong></span> <span class='ocrx_word' id='word_1_415' title='bbox 2057 2745 2112 2799; x_wconf 85' lang='lat' dir='ltr'><strong>in</strong></span> <span class='ocrx_word' id='word_1_416' title='bbox 2163 2753 2212 2798; x_wconf 88' lang='lat' dir='ltr'><strong>te</strong></span> <span class='ocrx_word' id='word_1_417' title='bbox 2270 2742 2647 2811; x_wconf 86' lang='lat' dir='ltr'><strong>precabuntur.</strong></span> <span class='ocrx_word' id='word_1_418' title='bbox 2692 2743 2960 2808; x_wconf 85' lang='lat' dir='ltr'><strong>Quoniam</strong></span> <span class='ocrx_word' id='word_1_419' title='bbox 3012 2743 3068 2798; x_wconf 83' lang='lat' dir='ltr'><strong>in</strong></span> <span class='ocrx_word' id='word_1_420' title='bbox 3115 2752 3164 2798; x_wconf 88' lang='lat' dir='ltr'><strong>te</strong></span> <span class='ocrx_word' id='word_1_421' title='bbox 3207 2742 3469 2798; x_wconf 87' lang='lat' dir='ltr'><strong>Dominus</strong></span> 
     </span>
    </p>
   </div>
   <div class='ocr_carea' id='block_1_59' title="bbox 1885 2832 3473 2905">
    <p class='ocr_par' dir='ltr' id='par_1_59' title="bbox 1885 2832 3473 2905">
     <span class='ocr_line' id='line_1_59' title="bbox 1885 2832 3473 2905; baseline -0.001 -16"><span class='ocrx_word' id='word_1_422' title='bbox 1885 2843 1983 2889; x_wconf 89' lang='lat' dir='ltr'><strong>est.</strong></span> <span class='ocrx_word' id='word_1_423' title='bbox 2028 2833 2096 2888; x_wconf 86' lang='lat' dir='ltr'><strong>Et</strong></span> <span class='ocrx_word' id='word_1_424' title='bbox 2144 2852 2247 2889; x_wconf 87' lang='lat' dir='ltr'><strong>non</strong></span> <span class='ocrx_word' id='word_1_425' title='bbox 2284 2846 2362 2889; x_wconf 86' lang='lat' dir='ltr'><strong>est</strong></span> <span class='ocrx_word' id='word_1_426' title='bbox 2405 2833 2550 2888; x_wconf 85' lang='lat' dir='ltr'><strong>Deus</strong></span> <span class='ocrx_word' id='word_1_427' title='bbox 2600 2845 2794 2903; x_wconf 76' lang='lat' dir='ltr'><strong>prwter</strong></span> <span class='ocrx_word' id='word_1_428' title='bbox 2837 2844 2905 2889; x_wconf 91' lang='lat' dir='ltr'><strong>te.</strong></span> <span class='ocrx_word' id='word_1_429' title='bbox 2952 2832 3020 2887; x_wconf 87' lang='lat' dir='ltr'><strong>Et</strong></span> <span class='ocrx_word' id='word_1_430' title='bbox 3076 2851 3180 2889; x_wconf 79' lang='lat' dir='ltr'><strong>non</strong></span> <span class='ocrx_word' id='word_1_431' title='bbox 3229 2836 3473 2905; x_wconf 87' lang='lat' dir='ltr'><strong>cognovi-</strong></span> 
     </span>
    </p>
   </div>
   <div class='ocr_carea' id='block_1_60' title="bbox 1886 2925 3473 2997">
    <p class='ocr_par' dir='ltr' id='par_1_60' title="bbox 1886 2925 3473 2997">
     <span class='ocr_line' id='line_1_60' title="bbox 1886 2925 3473 2997; baseline 0.001 -16"><span class='ocrx_word' id='word_1_432' title='bbox 1886 2943 2004 2981; x_wconf 85' lang='lat' dir='ltr'><strong>mus</strong></span> <span class='ocrx_word' id='word_1_433' title='bbox 2024 2928 2090 2981; x_wconf 81' lang='lat'><strong>&quot;.</strong></span> <span class='ocrx_word' id='word_1_434' title='bbox 2122 2925 2261 2981; x_wconf 91' lang='lat' dir='ltr'><strong>Illud</strong></span> <span class='ocrx_word' id='word_1_435' title='bbox 2293 2936 2340 2980; x_wconf 88' lang='lat' dir='ltr'><strong>et</strong></span> <span class='ocrx_word' id='word_1_436' title='bbox 2378 2927 2737 2996; x_wconf 77' lang='lat' dir='ltr'><strong>precabantur</strong></span> <span class='ocrx_word' id='word_1_437' title='bbox 2768 2927 2821 2980; x_wconf 89' lang='lat' dir='ltr'><strong>in</strong></span> <span class='ocrx_word' id='word_1_438' title='bbox 2858 2937 2926 2988; x_wconf 87' lang='lat' dir='ltr'><strong>te.</strong></span> <span class='ocrx_word' id='word_1_439' title='bbox 2958 2926 3345 2997; x_wconf 73' lang='lat' dir='ltr'><strong>praesigniﬁcat</strong></span> <span class='ocrx_word' id='word_1_440' title='bbox 3377 2942 3473 2982; x_wconf 78' lang='lat' dir='ltr'><strong>eos</strong></span> 
     </span>
    </p>
   </div>
   <div class='ocr_carea' id='block_1_61' title="bbox 194 3015 3473 3107">
    <p class='ocr_par' dir='ltr' id='par_1_61' title="bbox 194 3015 3473 3107">
     <span class='ocr_line' id='line_1_61' title="bbox 194 3015 3473 3107; baseline -0.002 -31"><span class='ocrx_word' id='word_1_441' title='bbox 194 3031 328 3077; x_wconf 83' lang='lat' dir='ltr'><strong>ante</strong></span> <span class='ocrx_word' id='word_1_442' title='bbox 365 3022 584 3077; x_wconf 91' lang='lat' dir='ltr'><strong>loeutus</strong></span> <span class='ocrx_word' id='word_1_443' title='bbox 610 3032 695 3077; x_wconf 89' lang='lat' dir='ltr'><strong>est</strong></span> <span class='ocrx_word' id='word_1_444' title='bbox 727 3042 737 3076; x_wconf 96' lang='lat'>:</span> <span class='ocrx_word' id='word_1_445' title='bbox 765 3020 850 3074; x_wconf 77' lang='lat' dir='ltr'><strong>Ea:</strong></span> <span class='ocrx_word' id='word_1_446' title='bbox 880 3018 1035 3084; x_wconf 88' lang='lat' dir='ltr'><strong>Sion,</strong></span> <span class='ocrx_word' id='word_1_447' title='bbox 1082 3017 1360 3089; x_wconf 87' lang='lat' dir='ltr'><strong>inquiens,</strong></span> <span class='ocrx_word' id='word_1_448' title='bbox 1387 3015 1551 3070; x_wconf 78' lang='lat' dir='ltr'><strong>exibit</strong></span> <span class='ocrx_word' id='word_1_449' title='bbox 1596 3015 1702 3079; x_wconf 66' lang='lat' dir='ltr'><strong>(ex,</strong></span> <span class='ocrx_word' id='word_1_450' title='bbox 1737 3023 1785 3069; x_wconf 88' lang='lat' dir='ltr'><strong>et</strong></span> <span class='ocrx_word' id='word_1_451' title='bbox 1814 3046 1858 3107; x_wconf 66' lang='grc' dir='ltr'>α</span> <span class='ocrx_word' id='word_1_452' title='bbox 1891 3019 1985 3089; x_wconf 91' lang='lat' dir='ltr'><strong>qui</strong></span> <span class='ocrx_word' id='word_1_453' title='bbox 2040 3019 2397 3073; x_wconf 88' lang='lat' dir='ltr'><strong>crediderunt</strong></span> <span class='ocrx_word' id='word_1_454' title='bbox 2444 3018 2500 3072; x_wconf 89' lang='lat' dir='ltr'><strong>in</strong></span> <span class='ocrx_word' id='word_1_455' title='bbox 2543 3017 2845 3073; x_wconf 91' lang='lat' dir='ltr'><strong>Christum.</strong></span> <span class='ocrx_word' id='word_1_456' title='bbox 2899 3017 3036 3072; x_wconf 90' lang='lat' dir='ltr'><strong>lllud</strong></span> <span class='ocrx_word' id='word_1_457' title='bbox 3081 3026 3288 3081; x_wconf 90' lang='lat' dir='ltr'><strong>autem,</strong></span> <span class='ocrx_word' id='word_1_458' title='bbox 3328 3017 3473 3082; x_wconf 72' lang='lat' dir='ltr'><strong>Qus-</strong></span> 
     </span>
    </p>
   </div>
   <div class='ocr_carea' id='block_1_62' title="bbox 192 3106 1782 3179">
    <p class='ocr_par' dir='ltr' id='par_1_62' title="bbox 192 3106 1782 3179">
     <span class='ocr_line' id='line_1_62' title="bbox 192 3106 1782 3179; baseline -0.006 -10"><span class='ocrx_word' id='word_1_459' title='bbox 192 3130 373 3169; x_wconf 82' lang='lat' dir='ltr'><strong>sermo</strong></span> <span class='ocrx_word' id='word_1_460' title='bbox 406 3112 621 3167; x_wconf 86' lang='lat' dir='ltr'><strong>Domini</strong></span> <span class='ocrx_word' id='word_1_461' title='bbox 660 3127 724 3167; x_wconf 78' lang='lat' dir='ltr'><strong>ea:</strong></span> <span class='ocrx_word' id='word_1_462' title='bbox 764 3110 1063 3168; x_wconf 81' lang='lat' dir='ltr'><strong>Jerusalem</strong></span> <span class='ocrx_word' id='word_1_463' title='bbox 1087 3111 1154 3163; x_wconf 79' lang='grc' dir='ltr'><strong>τ’.</strong></span> <span class='ocrx_word' id='word_1_464' title='bbox 1190 3108 1475 3179; x_wconf 80' lang='lat' dir='ltr'><strong>Siquidem</strong></span> <span class='ocrx_word' id='word_1_465' title='bbox 1514 3106 1782 3160; x_wconf 85' lang='lat' dir='ltr'><strong>Dominus</strong></span> 
     </span>
    </p>
   </div>
   <div class='ocr_carea' id='block_1_63' title="bbox 193 3195 1784 3261">
    <p class='ocr_par' dir='ltr' id='par_1_63' title="bbox 193 3195 1784 3261">
     <span class='ocr_line' id='line_1_63' title="bbox 193 3195 1784 3261; baseline -0.007 -1"><span class='ocrx_word' id='word_1_466' title='bbox 193 3212 391 3261; x_wconf 89' lang='lat' dir='ltr'><strong>noster</strong></span> <span class='ocrx_word' id='word_1_467' title='bbox 425 3201 582 3260; x_wconf 87' lang='lat' dir='ltr'><strong>Jesus</strong></span> <span class='ocrx_word' id='word_1_468' title='bbox 608 3203 862 3259; x_wconf 86' lang='lat' dir='ltr'><strong>Christus</strong></span> <span class='ocrx_word' id='word_1_469' title='bbox 900 3216 1048 3256; x_wconf 90' lang='lat' dir='ltr'><strong>nunc</strong></span> <span class='ocrx_word' id='word_1_470' title='bbox 1082 3200 1140 3255; x_wconf 90' lang='lat' dir='ltr'><strong>in</strong></span> <span class='ocrx_word' id='word_1_471' title='bbox 1174 3209 1358 3255; x_wconf 90' lang='lat' dir='ltr'><strong>monte</strong></span> <span class='ocrx_word' id='word_1_472' title='bbox 1408 3196 1545 3251; x_wconf 90' lang='lat' dir='ltr'><strong>Sion</strong></span> <span class='ocrx_word' id='word_1_473' title='bbox 1586 3195 1784 3251; x_wconf 86' lang='lat' dir='ltr'><strong>sedens</strong></span> 
     </span>
    </p>
   </div>
   <div class='ocr_carea' id='block_1_64' title="bbox 192 3285 1786 3360">
    <p class='ocr_par' dir='ltr' id='par_1_64' title="bbox 192 3285 1786 3360">
     <span class='ocr_line' id='line_1_64' title="bbox 192 3285 1786 3360; baseline -0.009 -8"><span class='ocrx_word' id='word_1_474' title='bbox 192 3302 255 3353; x_wconf 85' lang='lat' dir='ltr'><strong>et</strong></span> <span class='ocrx_word' id='word_1_475' title='bbox 297 3295 525 3360; x_wconf 91' lang='lat' dir='ltr'><strong>docens,</strong></span> <span class='ocrx_word' id='word_1_476' title='bbox 558 3309 709 3351; x_wconf 90' lang='lat' dir='ltr'><strong>nunc</strong></span> <span class='ocrx_word' id='word_1_477' title='bbox 738 3295 795 3349; x_wconf 89' lang='lat' dir='ltr'><strong>in</strong></span> <span class='ocrx_word' id='word_1_478' title='bbox 826 3294 1050 3350; x_wconf 88' lang='lat' dir='ltr'><strong>civitate</strong></span> <span class='ocrx_word' id='word_1_479' title='bbox 1077 3290 1384 3348; x_wconf 85' lang='lat' dir='ltr'><strong>Jerusalem</strong></span> <span class='ocrx_word' id='word_1_480' title='bbox 1416 3300 1669 3351; x_wconf 90' lang='lat' dir='ltr'><strong>versans,</strong></span> <span class='ocrx_word' id='word_1_481' title='bbox 1715 3285 1786 3339; x_wconf 90' lang='lat' dir='ltr'><strong>le-</strong></span> 
     </span>
    </p>
   </div>
   <div class='ocr_carea' id='block_1_65' title="bbox 191 3377 1786 3461">
    <p class='ocr_par' dir='ltr' id='par_1_65' title="bbox 191 3377 1786 3461">
     <span class='ocr_line' id='line_1_65' title="bbox 191 3377 1786 3461; baseline -0.009 -15"><span class='ocrx_word' id='word_1_482' title='bbox 191 3403 324 3461; x_wconf 80' lang='lat' dir='ltr'><strong>gem</strong></span> <span class='ocrx_word' id='word_1_483' title='bbox 385 3395 439 3444; x_wconf 88' lang='lat' dir='ltr'><strong>et</strong></span> <span class='ocrx_word' id='word_1_484' title='bbox 488 3387 797 3443; x_wconf 88' lang='lat' dir='ltr'><strong>doctrinam</strong></span> <span class='ocrx_word' id='word_1_485' title='bbox 851 3384 1224 3456; x_wconf 88' lang='lat' dir='ltr'><strong>evangelieam</strong></span> <span class='ocrx_word' id='word_1_486' title='bbox 1283 3378 1530 3434; x_wconf 89' lang='lat' dir='ltr'><strong>tradidit.</strong></span> <span class='ocrx_word' id='word_1_487' title='bbox 1597 3377 1786 3447; x_wconf 85' lang='lat' dir='ltr'><strong>Neque</strong></span> 
     </span>
    </p>
   </div>
   <div class='ocr_carea' id='block_1_66' title="bbox 194 3467 1784 3548">
    <p class='ocr_par' dir='ltr' id='par_1_66' title="bbox 194 3467 1784 3548">
     <span class='ocr_line' id='line_1_66' title="bbox 194 3467 1784 3548; baseline -0.011 -11"><span class='ocrx_word' id='word_1_488' title='bbox 194 3481 351 3537; x_wconf 90' lang='lat' dir='ltr'><strong>enim</strong></span> <span class='ocrx_word' id='word_1_489' title='bbox 377 3479 445 3534; x_wconf 91' lang='lat' dir='ltr'><strong>de</strong></span> <span class='ocrx_word' id='word_1_490' title='bbox 478 3478 716 3535; x_wconf 78' lang='lat' dir='ltr'><strong>Mosaica</strong></span> <span class='ocrx_word' id='word_1_491' title='bbox 747 3478 864 3548; x_wconf 85' lang='lat' dir='ltr'><strong>lege</strong></span> <span class='ocrx_word' id='word_1_492' title='bbox 908 3473 1177 3547; x_wconf 89' lang='lat' dir='ltr'><strong>pr0pbeta</strong></span> <span class='ocrx_word' id='word_1_493' title='bbox 1204 3485 1354 3527; x_wconf 90' lang='lat' dir='ltr'><strong>nunc</strong></span> <span class='ocrx_word' id='word_1_494' title='bbox 1379 3468 1649 3540; x_wconf 89' lang='lat' dir='ltr'><strong>loquitur.</strong></span> <span class='ocrx_word' id='word_1_495' title='bbox 1680 3467 1784 3532; x_wconf 86' lang='lat' dir='ltr'><strong>Qui</strong></span> 
     </span>
    </p>
   </div>
   <div class='ocr_carea' id='block_1_67' title="bbox 196 3560 1787 3642">
    <p class='ocr_par' dir='ltr' id='par_1_67' title="bbox 196 3560 1787 3642">
     <span class='ocr_line' id='line_1_67' title="bbox 196 3560 1787 3642; baseline -0.009 -13"><span class='ocrx_word' id='word_1_496' title='bbox 196 3572 349 3629; x_wconf 89' lang='lat' dir='ltr'><strong>enim</strong></span> <span class='ocrx_word' id='word_1_497' title='bbox 382 3571 442 3626; x_wconf 87' lang='lat' dir='ltr'><strong>id</strong></span> <span class='ocrx_word' id='word_1_498' title='bbox 478 3570 596 3627; x_wconf 85' lang='lat' dir='ltr'><strong>ﬁeri</strong></span> <span class='ocrx_word' id='word_1_499' title='bbox 643 3569 847 3642; x_wconf 87' lang='lat' dir='ltr'><strong>queat?</strong></span> <span class='ocrx_word' id='word_1_500' title='bbox 886 3581 1013 3622; x_wconf 91' lang='lat' dir='ltr'><strong>cum</strong></span> <span class='ocrx_word' id='word_1_501' title='bbox 1063 3581 1131 3622; x_wconf 90' lang='lat' dir='ltr'><strong>ea</strong></span> <span class='ocrx_word' id='word_1_502' title='bbox 1183 3579 1296 3620; x_wconf 87' lang='lat' dir='ltr'><strong>non</strong></span> <span class='ocrx_word' id='word_1_503' title='bbox 1330 3564 1387 3619; x_wconf 91' lang='lat' dir='ltr'><strong>in</strong></span> <span class='ocrx_word' id='word_1_504' title='bbox 1420 3562 1550 3617; x_wconf 88' lang='lat' dir='ltr'><strong>Sion</strong></span> <span class='ocrx_word' id='word_1_505' title='bbox 1600 3575 1702 3615; x_wconf 90' lang='lat' dir='ltr'><strong>nec</strong></span> <span class='ocrx_word' id='word_1_506' title='bbox 1731 3560 1787 3615; x_wconf 90' lang='lat' dir='ltr'><strong>in</strong></span> 
     </span>
    </p>
   </div>
   <div class='ocr_carea' id='block_1_68' title="bbox 194 3652 1789 3732">
    <p class='ocr_par' dir='ltr' id='par_1_68' title="bbox 194 3652 1789 3732">
     <span class='ocr_line' id='line_1_68' title="bbox 194 3652 1789 3732; baseline -0.011 -10"><span class='ocrx_word' id='word_1_507' title='bbox 194 3663 531 3732; x_wconf 72' lang='lat' dir='ltr'><strong>Jerusalem,</strong></span> <span class='ocrx_word' id='word_1_508' title='bbox 576 3664 672 3720; x_wconf 86' lang='lat' dir='ltr'><strong>sed</strong></span> <span class='ocrx_word' id='word_1_509' title='bbox 708 3664 764 3717; x_wconf 92' lang='lat' dir='ltr'><strong>in</strong></span> <span class='ocrx_word' id='word_1_510' title='bbox 815 3667 1001 3717; x_wconf 91' lang='lat' dir='ltr'><strong>monte</strong></span> <span class='ocrx_word' id='word_1_511' title='bbox 1044 3658 1177 3713; x_wconf 89' lang='lat' dir='ltr'><strong>Sina</strong></span> <span class='ocrx_word' id='word_1_512' title='bbox 1228 3656 1395 3713; x_wconf 81' lang='lat' dir='ltr'><strong>fuerit</strong></span> <span class='ocrx_word' id='word_1_513' title='bbox 1441 3656 1572 3722; x_wconf 88' lang='lat' dir='ltr'><strong>lata,</strong></span> <span class='ocrx_word' id='word_1_514' title='bbox 1614 3652 1789 3708; x_wconf 90' lang='lat' dir='ltr'><strong>multo</strong></span> 
     </span>
    </p>
   </div>
   <div class='ocr_carea' id='block_1_69' title="bbox 201 3747 1789 3828">
    <p class='ocr_par' dir='ltr' id='par_1_69' title="bbox 201 3747 1789 3828">
     <span class='ocr_line' id='line_1_69' title="bbox 201 3747 1789 3828; baseline -0.009 -16"><span class='ocrx_word' id='word_1_515' title='bbox 201 3765 500 3828; x_wconf 85' lang='lat' dir='ltr'><strong>antequam</strong></span> <span class='ocrx_word' id='word_1_516' title='bbox 527 3763 693 3811; x_wconf 88' lang='lat' dir='ltr'><strong>natus</strong></span> <span class='ocrx_word' id='word_1_517' title='bbox 721 3764 868 3810; x_wconf 81' lang='lat' dir='ltr'><strong>esset</strong></span> <span class='ocrx_word' id='word_1_518' title='bbox 899 3751 1104 3817; x_wconf 90' lang='lat' dir='ltr'><strong>Isaias,</strong></span> <span class='ocrx_word' id='word_1_519' title='bbox 1132 3747 1593 3821; x_wconf 88' lang='lat' dir='ltr'><strong>quemadmodum</strong></span> <span class='ocrx_word' id='word_1_520' title='bbox 1622 3759 1789 3801; x_wconf 84' lang='lat' dir='ltr'><strong>evan-</strong></span> 
     </span>
    </p>
   </div>
   <div class='ocr_carea' id='block_1_70' title="bbox 202 3834 1789 3920">
    <p class='ocr_par' dir='ltr' id='par_1_70' title="bbox 202 3834 1789 3920">
     <span class='ocr_line' id='line_1_70' title="bbox 202 3834 1789 3920; baseline -0.011 -15"><span class='ocrx_word' id='word_1_521' title='bbox 202 3849 379 3920; x_wconf 89' lang='lat' dir='ltr'><strong>gelica</strong></span> <span class='ocrx_word' id='word_1_522' title='bbox 420 3847 592 3901; x_wconf 90' lang='lat' dir='ltr'><strong>multo</strong></span> <span class='ocrx_word' id='word_1_523' title='bbox 618 3854 744 3917; x_wconf 88' lang='lat' dir='ltr'><strong>post</strong></span> <span class='ocrx_word' id='word_1_524' title='bbox 788 3845 968 3915; x_wconf 88' lang='lat' dir='ltr'><strong>ipsum</strong></span> <span class='ocrx_word' id='word_1_525' title='bbox 1013 3842 1211 3899; x_wconf 87' lang='lat' dir='ltr'><strong>Isaiam</strong></span> <span class='ocrx_word' id='word_1_526' title='bbox 1264 3849 1510 3910; x_wconf 87' lang='lat' dir='ltr'><strong>tempore</strong></span> <span class='ocrx_word' id='word_1_527' title='bbox 1540 3834 1789 3907; x_wconf 80' lang='lat' dir='ltr'><strong>promul-</strong></span> 
     </span>
    </p>
   </div>
   <div class='ocr_carea' id='block_1_71' title="bbox 201 3928 1790 4012">
    <p class='ocr_par' dir='ltr' id='par_1_71' title="bbox 201 3928 1790 4012">
     <span class='ocr_line' id='line_1_71' title="bbox 201 3928 1790 4012; baseline -0.009 -18"><span class='ocrx_word' id='word_1_528' title='bbox 201 3948 331 4012; x_wconf 83' lang='lat' dir='ltr'><strong>gata</strong></span> <span class='ocrx_word' id='word_1_529' title='bbox 363 3939 503 3994; x_wconf 77' lang='lat' dir='ltr'><strong>fuit?</strong></span> <span class='ocrx_word' id='word_1_530' title='bbox 526 3939 871 4011; x_wconf 85' lang='lat' dir='ltr'><strong>Quapropter</strong></span> <span class='ocrx_word' id='word_1_531' title='bbox 911 3936 1160 4007; x_wconf 90' lang='lat' dir='ltr'><strong>apposite</strong></span> <span class='ocrx_word' id='word_1_532' title='bbox 1187 3934 1347 3999; x_wconf 76' lang='lat' dir='ltr'><strong>dixit,</strong></span> <span class='ocrx_word' id='word_1_533' title='bbox 1403 3930 1606 3985; x_wconf 73' lang='lat' dir='ltr'><strong>Exibit.</strong></span> <span class='ocrx_word' id='word_1_534' title='bbox 1639 3928 1790 3995; x_wconf 89' lang='lat' dir='ltr'><strong>Quo-</strong></span> 
     </span>
    </p>
   </div>
   <div class='ocr_carea' id='block_1_72' title="bbox 203 4024 1790 4103">
    <p class='ocr_par' dir='ltr' id='par_1_72' title="bbox 203 4024 1790 4103">
     <span class='ocr_line' id='line_1_72' title="bbox 203 4024 1790 4103; baseline -0.008 -16"><span class='ocrx_word' id='word_1_535' title='bbox 203 4032 356 4088; x_wconf 85' lang='lat' dir='ltr'><strong>niam</strong></span> <span class='ocrx_word' id='word_1_536' title='bbox 386 4032 611 4103; x_wconf 90' lang='lat' dir='ltr'><strong>antiqua</strong></span> <span class='ocrx_word' id='word_1_537' title='bbox 651 4032 738 4087; x_wconf 79' lang='lat' dir='ltr'><strong>lex</strong></span> <span class='ocrx_word' id='word_1_538' title='bbox 766 4030 879 4101; x_wconf 88' lang='lat' dir='ltr'><strong>jam</strong></span> <span class='ocrx_word' id='word_1_539' title='bbox 929 4029 1162 4085; x_wconf 82' lang='lat' dir='ltr'><strong>exierat.</strong></span> <span class='ocrx_word' id='word_1_540' title='bbox 1206 4024 1321 4081; x_wconf 80' lang='lat' dir='ltr'><strong>Hoc</strong></span> <span class='ocrx_word' id='word_1_541' title='bbox 1352 4032 1531 4078; x_wconf 88' lang='lat' dir='ltr'><strong>autem</strong></span> <span class='ocrx_word' id='word_1_542' title='bbox 1571 4028 1790 4089; x_wconf 85' lang='lat' dir='ltr'><strong>tempus</strong></span> 
     </span>
    </p>
   </div>
   <div class='ocr_carea' id='block_1_73' title="bbox 1891 3107 3473 3176">
    <p class='ocr_par' dir='ltr' id='par_1_73' title="bbox 1891 3107 3473 3176">
     <span class='ocr_line' id='line_1_73' title="bbox 1891 3107 3473 3176; baseline -0.002 -13"><span class='ocrx_word' id='word_1_543' title='bbox 1891 3110 2037 3163; x_wconf 83' lang='lat' dir='ltr'><strong>niam</strong></span> <span class='ocrx_word' id='word_1_544' title='bbox 2084 3108 2140 3162; x_wconf 87' lang='lat' dir='ltr'><strong>in</strong></span> <span class='ocrx_word' id='word_1_545' title='bbox 2172 3117 2220 3162; x_wconf 88' lang='lat' dir='ltr'><strong>te</strong></span> <span class='ocrx_word' id='word_1_546' title='bbox 2268 3107 2409 3161; x_wconf 86' lang='lat' dir='ltr'><strong>Deus</strong></span> <span class='ocrx_word' id='word_1_547' title='bbox 2432 3116 2532 3172; x_wconf 86' lang='lat' dir='ltr'><strong>est,</strong></span> <span class='ocrx_word' id='word_1_548' title='bbox 2578 3108 2633 3160; x_wconf 90' lang='lat' dir='ltr'><strong>in</strong></span> <span class='ocrx_word' id='word_1_549' title='bbox 2675 3122 2843 3161; x_wconf 89' lang='lat' dir='ltr'><strong>carne</strong></span> <span class='ocrx_word' id='word_1_550' title='bbox 2878 3115 3160 3176; x_wconf 88' lang='lat' dir='ltr'><strong>assumpta</strong></span> <span class='ocrx_word' id='word_1_551' title='bbox 3201 3121 3473 3176; x_wconf 65' lang='lat' dir='ltr'><strong>praemon-</strong></span> 
     </span>
    </p>
   </div>
   <div class='ocr_carea' id='block_1_74' title="bbox 1890 3195 3474 3263">
    <p class='ocr_par' dir='ltr' id='par_1_74' title="bbox 1890 3195 3474 3263">
     <span class='ocr_line' id='line_1_74' title="bbox 1890 3195 3474 3263; baseline -0.005 -8"><span class='ocrx_word' id='word_1_552' title='bbox 1890 3207 2032 3256; x_wconf 91' lang='lat' dir='ltr'><strong>strat</strong></span> <span class='ocrx_word' id='word_1_553' title='bbox 2053 3198 2415 3252; x_wconf 89' lang='lat' dir='ltr'><strong>divinitatem.</strong></span> <span class='ocrx_word' id='word_1_554' title='bbox 2444 3198 2514 3250; x_wconf 81' lang='lat' dir='ltr'><strong>At</strong></span> <span class='ocrx_word' id='word_1_555' title='bbox 2549 3197 2705 3262; x_wconf 90' lang='lat' dir='ltr'><strong>illud,</strong></span> <span class='ocrx_word' id='word_1_556' title='bbox 2744 3195 2820 3251; x_wconf 87' lang='lat' dir='ltr'><strong>Tu</strong></span> <span class='ocrx_word' id='word_1_557' title='bbox 2850 3199 2986 3250; x_wconf 82' lang='lat' dir='ltr'><strong>enim</strong></span> <span class='ocrx_word' id='word_1_558' title='bbox 3017 3214 3070 3251; x_wconf 90' lang='lat' dir='ltr'><strong>es</strong></span> <span class='ocrx_word' id='word_1_559' title='bbox 3097 3196 3257 3263; x_wconf 87' lang='lat' dir='ltr'><strong>Deus,</strong></span> <span class='ocrx_word' id='word_1_560' title='bbox 3288 3206 3337 3249; x_wconf 88' lang='lat' dir='ltr'><strong>et</strong></span> <span class='ocrx_word' id='word_1_561' title='bbox 3370 3213 3474 3251; x_wconf 86' lang='lat' dir='ltr'><strong>non</strong></span> 
     </span>
    </p>
   </div>
   <div class='ocr_carea' id='block_1_75' title="bbox 1890 3287 3475 3360">
    <p class='ocr_par' dir='ltr' id='par_1_75' title="bbox 1890 3287 3475 3360">
     <span class='ocr_line' id='line_1_75' title="bbox 1890 3287 3475 3360; baseline 0 -16"><span class='ocrx_word' id='word_1_562' title='bbox 1890 3290 2262 3360; x_wconf 83' lang='lat' dir='ltr'><strong>cognouimus,</strong></span> <span class='ocrx_word' id='word_1_563' title='bbox 2327 3288 2744 3343; x_wconf 80' lang='lat' dir='ltr'><strong>excusationem</strong></span> <span class='ocrx_word' id='word_1_564' title='bbox 2796 3288 3002 3342; x_wconf 82' lang='lat' dir='ltr'><strong>indicat</strong></span> <span class='ocrx_word' id='word_1_565' title='bbox 3048 3287 3361 3343; x_wconf 65' lang='lat' dir='ltr'><strong>Iudaeorum</strong></span> <span class='ocrx_word' id='word_1_566' title='bbox 3416 3289 3475 3344; x_wconf 83' lang='lat' dir='ltr'><strong>in</strong></span> 
     </span>
    </p>
   </div>
   <div class='ocr_carea' id='block_1_76' title="bbox 1888 3378 3259 3451">
    <p class='ocr_par' dir='ltr' id='par_1_76' title="bbox 1888 3378 3259 3451">
     <span class='ocr_line' id='line_1_76' title="bbox 1888 3378 3259 3451; baseline -0.001 -15"><span class='ocrx_word' id='word_1_567' title='bbox 1888 3381 2102 3451; x_wconf 87' lang='lat' dir='ltr'><strong>judicio</strong></span> <span class='ocrx_word' id='word_1_568' title='bbox 2132 3378 2339 3442; x_wconf 82' lang='lat' dir='ltr'><strong>futuro,</strong></span> <span class='ocrx_word' id='word_1_569' title='bbox 2375 3394 2499 3449; x_wconf 63' lang='lat' dir='ltr'><strong>quae</strong></span> <span class='ocrx_word' id='word_1_570' title='bbox 2531 3379 2698 3433; x_wconf 90' lang='lat' dir='ltr'><strong>stulta</strong></span> <span class='ocrx_word' id='word_1_571' title='bbox 2728 3387 2897 3449; x_wconf 89' lang='lat' dir='ltr'><strong>atque</strong></span> <span class='ocrx_word' id='word_1_572' title='bbox 2926 3379 3108 3434; x_wconf 86' lang='lat' dir='ltr'><strong>inanis</strong></span> <span class='ocrx_word' id='word_1_573' title='bbox 3135 3380 3259 3435; x_wconf 89' lang='lat' dir='ltr'><strong>erit.</strong></span> 
     </span>
    </p>
   </div>
   <div class='ocr_carea' id='block_1_77' title="bbox 1963 3466 3474 3539">
    <p class='ocr_par' dir='ltr' id='par_1_77' title="bbox 1963 3466 3474 3539">
     <span class='ocr_line' id='line_1_77' title="bbox 1963 3466 3474 3539; baseline 0 -14"><span class='ocrx_word' id='word_1_574' title='bbox 1963 3469 2022 3525; x_wconf 92' lang='lat' dir='ltr'><strong>Si</strong></span> <span class='ocrx_word' id='word_1_575' title='bbox 2062 3468 2323 3524; x_wconf 91' lang='lat' dir='ltr'><strong>Christus</strong></span> <span class='ocrx_word' id='word_1_576' title='bbox 2373 3467 2640 3538; x_wconf 87' lang='lat' dir='ltr'><strong>impostor</strong></span> <span class='ocrx_word' id='word_1_577' title='bbox 2675 3466 2799 3532; x_wconf 83' lang='lat' dir='ltr'><strong>fuit,</strong></span> <span class='ocrx_word' id='word_1_578' title='bbox 2844 3469 3121 3538; x_wconf 90' lang='lat' dir='ltr'><strong>quomodo</strong></span> <span class='ocrx_word' id='word_1_579' title='bbox 3168 3483 3292 3539; x_wconf 61' lang='lat' dir='ltr'><strong>quae</strong></span> <span class='ocrx_word' id='word_1_580' title='bbox 3333 3485 3474 3539; x_wconf 77' lang='lat' dir='ltr'><strong>pra:-</strong></span> 
     </span>
    </p>
   </div>
   <div class='ocr_carea' id='block_1_78' title="bbox 1893 3561 3476 3633">
    <p class='ocr_par' dir='ltr' id='par_1_78' title="bbox 1893 3561 3476 3633">
     <span class='ocr_line' id='line_1_78' title="bbox 1893 3561 3476 3633; baseline 0 -16"><span class='ocrx_word' id='word_1_581' title='bbox 1893 3562 2053 3627; x_wconf 78' lang='lat' dir='ltr'><strong>dixit,</strong></span> <span class='ocrx_word' id='word_1_582' title='bbox 2102 3568 2300 3616; x_wconf 90' lang='lat' dir='ltr'><strong>eventu</strong></span> <span class='ocrx_word' id='word_1_583' title='bbox 2334 3561 2690 3630; x_wconf 86' lang='lat' dir='ltr'><strong>comprobata</strong></span> <span class='ocrx_word' id='word_1_584' title='bbox 2743 3568 2873 3616; x_wconf 91' lang='lat' dir='ltr'><strong>sunt</strong></span> <span class='ocrx_word' id='word_1_585' title='bbox 2906 3562 3135 3616; x_wconf 86' lang='lat' dir='ltr'><strong>omnia?</strong></span> <span class='ocrx_word' id='word_1_586' title='bbox 3176 3561 3325 3617; x_wconf 90' lang='lat' dir='ltr'><strong>Utea</strong></span> <span class='ocrx_word' id='word_1_587' title='bbox 3354 3579 3476 3633; x_wconf 70' lang='lat' dir='ltr'><strong>qua:</strong></span> 
     </span>
    </p>
   </div>
   <div class='ocr_carea' id='block_1_79' title="bbox 1895 3651 3478 3722">
    <p class='ocr_par' dir='ltr' id='par_1_79' title="bbox 1895 3651 3478 3722">
     <span class='ocr_line' id='line_1_79' title="bbox 1895 3651 3478 3722; baseline 0.001 -15"><span class='ocrx_word' id='word_1_588' title='bbox 1895 3652 1963 3708; x_wconf 90' lang='lat' dir='ltr'><strong>ad</strong></span> <span class='ocrx_word' id='word_1_589' title='bbox 2012 3651 2196 3721; x_wconf 91' lang='lat' dir='ltr'><strong>templi</strong></span> <span class='ocrx_word' id='word_1_590' title='bbox 2243 3651 2698 3716; x_wconf 91' lang='lat' dir='ltr'><strong>destructionem,</strong></span> <span class='ocrx_word' id='word_1_591' title='bbox 2733 3665 2856 3722; x_wconf 78' lang='lat' dir='ltr'><strong>qua:</strong></span> <span class='ocrx_word' id='word_1_592' title='bbox 2900 3651 2970 3707; x_wconf 90' lang='lat' dir='ltr'><strong>ad</strong></span> <span class='ocrx_word' id='word_1_593' title='bbox 3009 3653 3287 3709; x_wconf 88' lang='lat' dir='ltr'><strong>civitatem</strong></span> <span class='ocrx_word' id='word_1_594' title='bbox 3324 3652 3478 3709; x_wconf 81' lang='lat' dir='ltr'><strong>Jero—</strong></span> 
     </span>
    </p>
   </div>
   <div class='ocr_carea' id='block_1_80' title="bbox 1896 3740 3479 3813">
    <p class='ocr_par' dir='ltr' id='par_1_80' title="bbox 1896 3740 3479 3813">
     <span class='ocr_line' id='line_1_80' title="bbox 1896 3740 3479 3813; baseline 0.001 -17"><span class='ocrx_word' id='word_1_595' title='bbox 1896 3742 2233 3813; x_wconf 82' lang='lat' dir='ltr'><strong>solymorum</strong></span> <span class='ocrx_word' id='word_1_596' title='bbox 2266 3740 2686 3811; x_wconf 78' lang='lat' dir='ltr'><strong>expugnandam</strong></span> <span class='ocrx_word' id='word_1_597' title='bbox 2719 3742 3179 3812; x_wconf 89' lang='lat' dir='ltr'><strong>evertendamqne</strong></span> <span class='ocrx_word' id='word_1_598' title='bbox 3199 3752 3255 3799; x_wconf 91' lang='lat' dir='ltr'><strong>et</strong></span> <span class='ocrx_word' id='word_1_599' title='bbox 3283 3744 3352 3799; x_wconf 89' lang='lat' dir='ltr'><strong>ad</strong></span> <span class='ocrx_word' id='word_1_600' title='bbox 3393 3745 3479 3799; x_wconf 88' lang='lat' dir='ltr'><strong>in-</strong></span> 
     </span>
    </p>
   </div>
   <div class='ocr_carea' id='block_1_81' title="bbox 1896 3827 3477 3904">
    <p class='ocr_par' dir='ltr' id='par_1_81' title="bbox 1896 3827 3477 3904">
     <span class='ocr_line' id='line_1_81' title="bbox 1896 3827 3477 3904; baseline 0.002 -17"><span class='ocrx_word' id='word_1_601' title='bbox 1896 3830 2269 3887; x_wconf 87' lang='lat' dir='ltr'><strong>ternecionem</strong></span> <span class='ocrx_word' id='word_1_602' title='bbox 2293 3827 2627 3896; x_wconf 73' lang='lat' dir='ltr'><strong>Judaeorum,</strong></span> <span class='ocrx_word' id='word_1_603' title='bbox 2654 3845 2883 3901; x_wconf 65' lang='lat' dir='ltr'><strong>qumque</strong></span> <span class='ocrx_word' id='word_1_604' title='bbox 2908 3831 2975 3886; x_wconf 87' lang='lat' dir='ltr'><strong>ad</strong></span> <span class='ocrx_word' id='word_1_605' title='bbox 2999 3832 3301 3904; x_wconf 91' lang='lat' dir='ltr'><strong>discipulos</strong></span> <span class='ocrx_word' id='word_1_606' title='bbox 3321 3849 3477 3899; x_wconf 88' lang='lat' dir='ltr'><strong>suos,</strong></span> 
     </span>
    </p>
   </div>
   <div class='ocr_carea' id='block_1_82' title="bbox 1896 3923 3480 3995">
    <p class='ocr_par' dir='ltr' id='par_1_82' title="bbox 1896 3923 3480 3995">
     <span class='ocr_line' id='line_1_82' title="bbox 1896 3923 3480 3995; baseline -0.001 -12"><span class='ocrx_word' id='word_1_607' title='bbox 1896 3933 1952 3984; x_wconf 89' lang='lat' dir='ltr'><strong>et</strong></span> <span class='ocrx_word' id='word_1_608' title='bbox 1987 3924 2056 3980; x_wconf 90' lang='lat' dir='ltr'><strong>ad</strong></span> <span class='ocrx_word' id='word_1_609' title='bbox 2105 3939 2193 3980; x_wconf 91' lang='lat' dir='ltr'><strong>res</strong></span> <span class='ocrx_word' id='word_1_610' title='bbox 2243 3923 2598 3978; x_wconf 87' lang='lat' dir='ltr'><strong>admirandas</strong></span> <span class='ocrx_word' id='word_1_611' title='bbox 2631 3939 2771 3995; x_wconf 88' lang='lat' dir='ltr'><strong>quas</strong></span> <span class='ocrx_word' id='word_1_612' title='bbox 2808 3924 2863 3979; x_wconf 89' lang='lat' dir='ltr'><strong>in</strong></span> <span class='ocrx_word' id='word_1_613' title='bbox 2915 3927 3140 3984; x_wconf 91' lang='lat' dir='ltr'><strong>nomine</strong></span> <span class='ocrx_word' id='word_1_614' title='bbox 3175 3942 3277 3985; x_wconf 90' lang='lat' dir='ltr'><strong>suo</strong></span> <span class='ocrx_word' id='word_1_615' title='bbox 3321 3936 3480 3983; x_wconf 86' lang='lat' dir='ltr'><strong>erant</strong></span> 
     </span>
    </p>
   </div>
   <div class='ocr_carea' id='block_1_83' title="bbox 1898 4015 2959 4089">
    <p class='ocr_par' dir='ltr' id='par_1_83' title="bbox 1898 4015 2959 4089">
     <span class='ocr_line' id='line_1_83' title="bbox 1898 4015 2959 4089; baseline 0 -16"><span class='ocrx_word' id='word_1_616' title='bbox 1898 4018 2128 4081; x_wconf 84' lang='lat' dir='ltr'><strong>facturi,</strong></span> <span class='ocrx_word' id='word_1_617' title='bbox 2160 4015 2495 4088; x_wconf 85' lang='lat' dir='ltr'><strong>pertinentia</strong></span> <span class='ocrx_word' id='word_1_618' title='bbox 2522 4017 2959 4089; x_wconf 60' lang='lat' dir='ltr'><strong>praenuntiavit?</strong></span> 
     </span>
    </p>
   </div>
   <div class='ocr_carea' id='block_1_84' title="bbox 1468 4154 2217 4227">
    <p class='ocr_par' dir='ltr' id='par_1_84' title="bbox 1468 4154 2217 4227">
     <span class='ocr_line' id='line_1_84' title="bbox 1468 4154 2217 4227; baseline -0.011 -14"><span class='ocrx_word' id='word_1_619' title='bbox 1468 4158 1615 4213; x_wconf 86' lang='lat' dir='ltr'><strong>Idem</strong></span> <span class='ocrx_word' id='word_1_620' title='bbox 1643 4158 1725 4212; x_wconf 90' lang='lat' dir='ltr'><strong>tit.</strong></span> <span class='ocrx_word' id='word_1_621' title='bbox 1758 4157 1813 4222; x_wconf 86' lang='lat'><strong>9,</strong></span> <span class='ocrx_word' id='word_1_622' title='bbox 1854 4172 1977 4227; x_wconf 83' lang='lat' dir='ltr'><strong>pag.</strong></span> <span class='ocrx_word' id='word_1_623' title='bbox 2014 4154 2083 4208; x_wconf 81' lang='grc'><strong>50</strong></span> <span class='ocrx_word' id='word_1_624' title='bbox 2108 4169 2217 4224; x_wconf 84' lang='lat' dir='ltr'><strong>seq.</strong></span> 
     </span>
    </p>
   </div>
   <div class='ocr_carea' id='block_1_85' title="bbox 783 4289 2911 4376">
    <p class='ocr_par' dir='ltr' id='par_1_85' title="bbox 783 4289 2911 4376">
     <span class='ocr_line' id='line_1_85' title="bbox 783 4289 2911 4376; baseline -0.008 -13"><span class='ocrx_word' id='word_1_625' title='bbox 783 4308 868 4363; x_wconf 76' lang='lat' dir='ltr'><strong>Ea:</strong></span> <span class='ocrx_word' id='word_1_626' title='bbox 903 4308 1039 4363; x_wconf 89' lang='lat' dir='ltr'><strong>libro</strong></span> <span class='ocrx_word' id='word_1_627' title='bbox 1065 4306 1155 4376; x_wconf 72' lang='lat' dir='ltr'><strong>qui</strong></span> <span class='ocrx_word' id='word_1_628' title='bbox 1190 4304 1473 4359; x_wconf 73' lang='lat' dir='ltr'><strong>Gascomo</strong></span> <span class='ocrx_word' id='word_1_629' title='bbox 1502 4299 1696 4371; x_wconf 81' lang='lat' dir='ltr'><strong>Nyssce</strong></span> <span class='ocrx_word' id='word_1_630' title='bbox 1727 4294 1968 4368; x_wconf 81' lang='lat' dir='ltr'><strong>pontifici</strong></span> <span class='ocrx_word' id='word_1_631' title='bbox 1998 4292 2309 4358; x_wconf 88' lang='lat' dir='ltr'><strong>ascribitur,</strong></span> <span class='ocrx_word' id='word_1_632' title='bbox 2343 4289 2418 4347; x_wconf 91' lang='lat' dir='ltr'><strong>De</strong></span> <span class='ocrx_word' id='word_1_633' title='bbox 2448 4291 2767 4363; x_wconf 91' lang='lat' dir='ltr'><strong>cognitione</strong></span> <span class='ocrx_word' id='word_1_634' title='bbox 2793 4291 2911 4348; x_wconf 89' lang='lat' dir='ltr'><strong>Dei.</strong></span> 
     </span>
    </p>
   </div>
   <div class='ocr_carea' id='block_1_86' title="bbox 282 4429 3482 4517">
    <p class='ocr_par' dir='ltr' id='par_1_86' title="bbox 282 4429 3482 4517">
     <span class='ocr_line' id='line_1_86' title="bbox 282 4429 3482 4517; baseline -0.005 -13"><span class='ocrx_word' id='word_1_635' title='bbox 282 4447 354 4505; x_wconf 81' lang='lat' dir='ltr'><strong>Et</strong></span> <span class='ocrx_word' id='word_1_636' title='bbox 384 4448 626 4514; x_wconf 77' lang='lat' dir='ltr'><strong>teuebrte,</strong></span> <span class='ocrx_word' id='word_1_637' title='bbox 656 4446 834 4517; x_wconf 87' lang='lat' dir='ltr'><strong>inquit</strong></span> <span class='ocrx_word' id='word_1_638' title='bbox 863 4445 1065 4514; x_wconf 83' lang='lat' dir='ltr'><strong>Moses,</strong></span> <span class='ocrx_word' id='word_1_639' title='bbox 1094 4455 1248 4501; x_wconf 87' lang='lat' dir='ltr'><strong>erant</strong></span> <span class='ocrx_word' id='word_1_640' title='bbox 1280 4462 1436 4515; x_wconf 87' lang='lat' dir='ltr'><strong>super</strong></span> <span class='ocrx_word' id='word_1_641' title='bbox 1458 4446 1703 4515; x_wconf 84' lang='lat' dir='ltr'><strong>abyssum</strong></span> <span class='ocrx_word' id='word_1_642' title='bbox 1721 4440 1789 4495; x_wconf 75' lang='grc'><strong>’⁸.</strong></span> <span class='ocrx_word' id='word_1_643' title='bbox 1827 4443 1870 4498; x_wconf 90' lang='lat' dir='ltr'><strong>D</strong></span> <span class='ocrx_word' id='word_1_644' title='bbox 1900 4437 2220 4496; x_wconf 89' lang='lat' dir='ltr'><strong>struuntur,</strong></span> <span class='ocrx_word' id='word_1_645' title='bbox 2266 4429 2487 4486; x_wconf 90' lang='lat' dir='ltr'><strong>evenire</strong></span> <span class='ocrx_word' id='word_1_646' title='bbox 2542 4429 2851 4486; x_wconf 85' lang='lat' dir='ltr'><strong>consuevit.</strong></span> <span class='ocrx_word' id='word_1_647' title='bbox 2912 4430 2983 4484; x_wconf 83' lang='lat' dir='ltr'><strong>At</strong></span> <span class='ocrx_word' id='word_1_648' title='bbox 3040 4430 3236 4490; x_wconf 88' lang='lat' dir='ltr'><strong>barum</strong></span> <span class='ocrx_word' id='word_1_649' title='bbox 3281 4435 3482 4492; x_wconf 87' lang='lat' dir='ltr'><strong>divisio</strong></span> 
     </span>
    </p>
   </div>
   <div class='ocr_carea' id='block_1_87' title="bbox 204 4537 1799 4611">
    <p class='ocr_par' dir='ltr' id='par_1_87' title="bbox 204 4537 1799 4611">
     <span class='ocr_line' id='line_1_87' title="bbox 204 4537 1799 4611; baseline -0.006 -13"><span class='ocrx_word' id='word_1_650' title='bbox 204 4540 296 4598; x_wconf 74' lang='lat' dir='ltr'><strong>Ex</strong></span> <span class='ocrx_word' id='word_1_651' title='bbox 346 4555 456 4611; x_wconf 88' lang='lat' dir='ltr'><strong>quo</strong></span> <span class='ocrx_word' id='word_1_652' title='bbox 503 4539 778 4611; x_wconf 85' lang='lat' dir='ltr'><strong>malitiose</strong></span> <span class='ocrx_word' id='word_1_653' title='bbox 821 4538 914 4594; x_wconf 90' lang='lat' dir='ltr'><strong>isti</strong></span> <span class='ocrx_word' id='word_1_654' title='bbox 960 4538 1360 4594; x_wconf 87' lang='lat' dir='ltr'><strong>ratiocinantes</strong></span> <span class='ocrx_word' id='word_1_655' title='bbox 1406 4537 1599 4592; x_wconf 89' lang='lat' dir='ltr'><strong>dicunt</strong></span> <span class='ocrx_word' id='word_1_656' title='bbox 1647 4543 1799 4590; x_wconf 89' lang='lat' dir='ltr'><strong>tene-</strong></span> 
     </span>
    </p>
   </div>
   <div class='ocr_carea' id='block_1_88' title="bbox 203 4628 1796 4702">
    <p class='ocr_par' dir='ltr' id='par_1_88' title="bbox 203 4628 1796 4702">
     <span class='ocr_line' id='line_1_88' title="bbox 203 4628 1796 4702; baseline -0.006 -11"><span class='ocrx_word' id='word_1_657' title='bbox 203 4634 348 4691; x_wconf 78' lang='lat' dir='ltr'><strong>bras</strong></span> <span class='ocrx_word' id='word_1_658' title='bbox 367 4631 561 4697; x_wconf 81' lang='lat' dir='ltr'><strong>fuisse,</strong></span> <span class='ocrx_word' id='word_1_659' title='bbox 591 4646 826 4702; x_wconf 90' lang='lat' dir='ltr'><strong>quarum</strong></span> <span class='ocrx_word' id='word_1_660' title='bbox 852 4630 1099 4686; x_wconf 74' lang='lat' dir='ltr'><strong>eli‘eetrix</strong></span> <span class='ocrx_word' id='word_1_661' title='bbox 1123 4646 1287 4686; x_wconf 89' lang='lat' dir='ltr'><strong>causa</strong></span> <span class='ocrx_word' id='word_1_662' title='bbox 1314 4631 1387 4686; x_wconf 91' lang='lat' dir='ltr'><strong>sit</strong></span> <span class='ocrx_word' id='word_1_663' title='bbox 1407 4631 1607 4684; x_wconf 90' lang='lat' dir='ltr'><strong>malum</strong></span> <span class='ocrx_word' id='word_1_664' title='bbox 1638 4628 1796 4699; x_wconf 87' lang='lat' dir='ltr'><strong>prin-</strong></span> 
     </span>
    </p>
   </div>
   <div class='ocr_carea' id='block_1_89' title="bbox 194 4721 1801 4796">
    <p class='ocr_par' dir='ltr' id='par_1_89' title="bbox 194 4721 1801 4796">
     <span class='ocr_line' id='line_1_89' title="bbox 194 4721 1801 4796; baseline -0.002 -17"><span class='ocrx_word' id='word_1_665' title='bbox 194 4726 443 4796; x_wconf 60' lang='lat' dir='ltr'><strong>cipium.</strong></span> <span class='ocrx_word' id='word_1_666' title='bbox 482 4723 710 4790; x_wconf 80' lang='lat' dir='ltr'><strong>Deinde,</strong></span> <span class='ocrx_word' id='word_1_667' title='bbox 745 4726 816 4778; x_wconf 86' lang='lat' dir='ltr'><strong>Et</strong></span> <span class='ocrx_word' id='word_1_668' title='bbox 835 4724 1015 4777; x_wconf 84' lang='lat' dir='ltr'><strong>divisit</strong></span> <span class='ocrx_word' id='word_1_669' title='bbox 1039 4721 1181 4778; x_wconf 88' lang='lat' dir='ltr'><strong>Deus</strong></span> <span class='ocrx_word' id='word_1_670' title='bbox 1216 4724 1352 4777; x_wconf 87' lang='lat' dir='ltr'><strong>inter</strong></span> <span class='ocrx_word' id='word_1_671' title='bbox 1387 4723 1558 4778; x_wconf 89' lang='lat' dir='ltr'><strong>lucem</strong></span> <span class='ocrx_word' id='word_1_672' title='bbox 1583 4730 1801 4776; x_wconf 85' lang='lat' dir='ltr'><strong>et.tene-</strong></span> 
     </span>
    </p>
   </div>
   <div class='ocr_carea' id='block_1_90' title="bbox 203 4813 1798 4885">
    <p class='ocr_par' dir='ltr' id='par_1_90' title="bbox 203 4813 1798 4885">
     <span class='ocr_line' id='line_1_90' title="bbox 203 4813 1798 4885; baseline -0.001 -15"><span class='ocrx_word' id='word_1_673' title='bbox 203 4816 341 4870; x_wconf 80' lang='lat' dir='ltr'><strong>bras</strong></span> <span class='ocrx_word' id='word_1_674' title='bbox 361 4817 428 4869; x_wconf 74' lang='grc' dir='ltr'><strong>τ’.</strong></span> <span class='ocrx_word' id='word_1_675' title='bbox 483 4814 542 4870; x_wconf 91' lang='lat' dir='ltr'><strong>Si</strong></span> <span class='ocrx_word' id='word_1_676' title='bbox 582 4815 673 4869; x_wconf 82' lang='lat' dir='ltr'><strong>lux</strong></span> <span class='ocrx_word' id='word_1_677' title='bbox 720 4824 824 4881; x_wconf 78' lang='lat' dir='ltr'><strong>est,</strong></span> <span class='ocrx_word' id='word_1_678' title='bbox 862 4824 916 4869; x_wconf 91' lang='lat' dir='ltr'><strong>et</strong></span> <span class='ocrx_word' id='word_1_679' title='bbox 949 4816 1190 4871; x_wconf 79' lang='lat' dir='ltr'><strong>tenebrae</strong></span> <span class='ocrx_word' id='word_1_680' title='bbox 1233 4823 1383 4879; x_wconf 89' lang='lat' dir='ltr'><strong>sunt,</strong></span> <span class='ocrx_word' id='word_1_681' title='bbox 1425 4830 1567 4885; x_wconf 87' lang='lat' dir='ltr'><strong>quas</strong></span> <span class='ocrx_word' id='word_1_682' title='bbox 1608 4828 1639 4868; x_wconf 89' lang='lat' dir='ltr'><strong>a</strong></span> <span class='ocrx_word' id='word_1_683' title='bbox 1674 4813 1798 4869; x_wconf 85' lang='lat' dir='ltr'><strong>luce</strong></span> 
     </span>
    </p>
   </div>
   <div class='ocr_carea' id='block_1_91' title="bbox 201 4902 1794 4977">
    <p class='ocr_par' dir='ltr' id='par_1_91' title="bbox 201 4902 1794 4977">
     <span class='ocr_line' id='line_1_91' title="bbox 201 4902 1794 4977; baseline -0.003 -14"><span class='ocrx_word' id='word_1_684' title='bbox 201 4909 501 4977; x_wconf 70' lang='lat' dir='ltr'><strong>sejunctas</strong></span> <span class='ocrx_word' id='word_1_685' title='bbox 548 4906 832 4977; x_wconf 88' lang='lat' dir='ltr'><strong>intelligis.</strong></span> <span class='ocrx_word' id='word_1_686' title='bbox 891 4903 1019 4960; x_wconf 71' lang='lat' dir='ltr'><strong>Haec</strong></span> <span class='ocrx_word' id='word_1_687' title='bbox 1059 4904 1391 4961; x_wconf 88' lang='lat' dir='ltr'><strong>tenebricosi</strong></span> <span class='ocrx_word' id='word_1_688' title='bbox 1436 4905 1554 4972; x_wconf 86' lang='lat' dir='ltr'><strong>isti,</strong></span> <span class='ocrx_word' id='word_1_689' title='bbox 1588 4903 1683 4974; x_wconf 92' lang='lat' dir='ltr'><strong>qui</strong></span> <span class='ocrx_word' id='word_1_690' title='bbox 1739 4902 1794 4958; x_wconf 92' lang='lat' dir='ltr'><strong>in</strong></span> 
     </span>
    </p>
   </div>
   <div class='ocr_carea' id='block_1_92' title="bbox 200 4996 1794 5055">
    <p class='ocr_par' dir='ltr' id='par_1_92' title="bbox 200 4996 1794 5055">
     <span class='ocr_line' id='line_1_92' title="bbox 200 4996 1794 5055; baseline -0.003 -1"><span class='ocrx_word' id='word_1_691' title='bbox 200 5000 340 5055; x_wconf 86' lang='lat' dir='ltr'><strong>luce</strong></span> <span class='ocrx_word' id='word_1_692' title='bbox 372 4996 695 5052; x_wconf 72' lang='lat' dir='ltr'><strong>caecutiunt.</strong></span> <span class='ocrx_word' id='word_1_693' title='bbox 742 4996 852 5053; x_wconf 85' lang='lat' dir='ltr'><strong>Nos</strong></span> <span class='ocrx_word' id='word_1_694' title='bbox 897 5005 1083 5053; x_wconf 90' lang='lat' dir='ltr'><strong>autem</strong></span> <span class='ocrx_word' id='word_1_695' title='bbox 1115 4996 1353 5053; x_wconf 88' lang='lat' dir='ltr'><strong>dicimus</strong></span> <span class='ocrx_word' id='word_1_696' title='bbox 1392 4996 1649 5052; x_wconf 90' lang='lat' dir='ltr'><strong>tenebras</strong></span> <span class='ocrx_word' id='word_1_697' title='bbox 1684 5010 1794 5051; x_wconf 92' lang='lat' dir='ltr'><strong>non</strong></span> 
     </span>
    </p>
   </div>
   <div class='ocr_carea' id='block_1_93' title="bbox 197 5088 1796 5153">
    <p class='ocr_par' dir='ltr' id='par_1_93' title="bbox 197 5088 1796 5153">
     <span class='ocr_line' id='line_1_93' title="bbox 197 5088 1796 5153; baseline -0.003 -8"><span class='ocrx_word' id='word_1_698' title='bbox 197 5104 339 5145; x_wconf 75' lang='lat' dir='ltr'><strong>esse</strong></span> <span class='ocrx_word' id='word_1_699' title='bbox 387 5095 639 5143; x_wconf 88' lang='lat' dir='ltr'><strong>naturam</strong></span> <span class='ocrx_word' id='word_1_700' title='bbox 678 5090 870 5152; x_wconf 89' lang='lat' dir='ltr'><strong>ullam,</strong></span> <span class='ocrx_word' id='word_1_701' title='bbox 922 5089 1016 5144; x_wconf 88' lang='lat' dir='ltr'><strong>sed</strong></span> <span class='ocrx_word' id='word_1_702' title='bbox 1050 5089 1333 5153; x_wconf 89' lang='lat' dir='ltr'><strong>accidens,</strong></span> <span class='ocrx_word' id='word_1_703' title='bbox 1382 5096 1436 5144; x_wconf 90' lang='lat' dir='ltr'><strong>et</strong></span> <span class='ocrx_word' id='word_1_704' title='bbox 1471 5088 1605 5143; x_wconf 91' lang='lat' dir='ltr'><strong>nihil</strong></span> <span class='ocrx_word' id='word_1_705' title='bbox 1649 5088 1796 5142; x_wconf 90' lang='lat' dir='ltr'><strong>aliud</strong></span> 
     </span>
    </p>
   </div>
   <div class='ocr_carea' id='block_1_94' title="bbox 198 5174 1801 5234">
    <p class='ocr_par' dir='ltr' id='par_1_94' title="bbox 198 5174 1801 5234">
     <span class='ocr_line' id='line_1_94' title="bbox 198 5174 1801 5234; baseline 0 -1"><span class='ocrx_word' id='word_1_706' title='bbox 198 5175 329 5233; x_wconf 86' lang='lat' dir='ltr'><strong>nisi</strong></span> <span class='ocrx_word' id='word_1_707' title='bbox 351 5174 492 5232; x_wconf 88' lang='lat' dir='ltr'><strong>lucis</strong></span> <span class='ocrx_word' id='word_1_708' title='bbox 522 5177 851 5231; x_wconf 86' lang='lat' dir='ltr'><strong>absentiam.</strong></span> <span class='ocrx_word' id='word_1_709' title='bbox 883 5177 1097 5234; x_wconf 87' lang='lat' dir='ltr'><strong>Etenim</strong></span> <span class='ocrx_word' id='word_1_710' title='bbox 1125 5193 1251 5234; x_wconf 89' lang='lat' dir='ltr'><strong>cum</strong></span> <span class='ocrx_word' id='word_1_711' title='bbox 1286 5181 1486 5234; x_wconf 78' lang='lat' dir='ltr'><strong>caelum</strong></span> <span class='ocrx_word' id='word_1_712' title='bbox 1521 5178 1680 5234; x_wconf 92' lang='lat' dir='ltr'><strong>initio</strong></span> <span class='ocrx_word' id='word_1_713' title='bbox 1713 5179 1801 5233; x_wconf 89' lang='lat' dir='ltr'><strong>in-</strong></span> 
     </span>
    </p>
   </div>
   <div class='ocr_carea' id='block_1_95' title="bbox 198 5268 1802 5340">
    <p class='ocr_par' dir='ltr' id='par_1_95' title="bbox 198 5268 1802 5340">
     <span class='ocr_line' id='line_1_95' title="bbox 198 5268 1802 5340; baseline 0.004 -21"><span class='ocrx_word' id='word_1_714' title='bbox 198 5268 536 5322; x_wconf 76' lang='lat' dir='ltr'><strong>volveretur</strong></span> <span class='ocrx_word' id='word_1_715' title='bbox 567 5283 757 5323; x_wconf 92' lang='lat' dir='ltr'><strong>eorum</strong></span> <span class='ocrx_word' id='word_1_716' title='bbox 787 5285 909 5340; x_wconf 81' lang='lat' dir='ltr'><strong>quae</strong></span> <span class='ocrx_word' id='word_1_717' title='bbox 935 5269 1144 5325; x_wconf 89' lang='lat' dir='ltr'><strong>circum</strong></span> <span class='ocrx_word' id='word_1_718' title='bbox 1183 5278 1342 5325; x_wconf 92' lang='lat' dir='ltr'><strong>erant</strong></span> <span class='ocrx_word' id='word_1_719' title='bbox 1372 5270 1612 5339; x_wconf 74' lang='lat' dir='ltr'><strong>obiectu,</strong></span> <span class='ocrx_word' id='word_1_720' title='bbox 1648 5276 1802 5326; x_wconf 90' lang='lat' dir='ltr'><strong>tene-</strong></span> 
     </span>
    </p>
   </div>
   <div class='ocr_carea' id='block_1_96' title="bbox 198 5354 1807 5427">
    <p class='ocr_par' dir='ltr' id='par_1_96' title="bbox 198 5354 1807 5427">
     <span class='ocr_line' id='line_1_96' title="bbox 198 5354 1807 5427; baseline -0.001 -14"><span class='ocrx_word' id='word_1_721' title='bbox 198 5356 334 5413; x_wconf 64' lang='lat' dir='ltr'><strong>brae</strong></span> <span class='ocrx_word' id='word_1_722' title='bbox 366 5354 722 5412; x_wconf 80' lang='lat' dir='ltr'><strong>exstiterunt.</strong></span> <span class='ocrx_word' id='word_1_723' title='bbox 764 5355 918 5424; x_wconf 87' lang='lat' dir='ltr'><strong>Quod</strong></span> <span class='ocrx_word' id='word_1_724' title='bbox 950 5357 1114 5413; x_wconf 89' lang='lat' dir='ltr'><strong>etiam</strong></span> <span class='ocrx_word' id='word_1_725' title='bbox 1162 5370 1313 5412; x_wconf 89' lang='lat' dir='ltr'><strong>nunc</strong></span> <span class='ocrx_word' id='word_1_726' title='bbox 1348 5356 1404 5411; x_wconf 93' lang='lat' dir='ltr'><strong>in</strong></span> <span class='ocrx_word' id='word_1_727' title='bbox 1455 5356 1523 5411; x_wconf 89' lang='lat' dir='ltr'><strong>iis</strong></span> <span class='ocrx_word' id='word_1_728' title='bbox 1554 5371 1676 5427; x_wconf 70' lang='lat' dir='ltr'><strong>qua:</strong></span> <span class='ocrx_word' id='word_1_729' title='bbox 1707 5356 1807 5412; x_wconf 88' lang='lat' dir='ltr'><strong>ob-</strong></span> 
     </span>
    </p>
   </div>
   <div class='ocr_carea' id='block_1_97' title="bbox 289 5537 1254 5602">
    <p class='ocr_par' dir='ltr' id='par_1_97' title="bbox 289 5537 1254 5602">
     <span class='ocr_line' id='line_1_97' title="bbox 289 5537 1254 5602; baseline -0.003 -9"><span class='ocrx_word' id='word_1_730' title='bbox 289 5538 337 5570; x_wconf 79' lang='lat'><strong>&quot;</strong></span> <span class='ocrx_word' id='word_1_731' title='bbox 367 5537 474 5593; x_wconf 86' lang='lat' dir='ltr'><strong>lsa.</strong></span> <span class='ocrx_word' id='word_1_732' title='bbox 509 5553 619 5602; x_wconf 78' lang='lat' dir='ltr'><strong>LIV,</strong></span> <span class='ocrx_word' id='word_1_733' title='bbox 650 5539 700 5594; x_wconf 86' lang='grc'><strong>1.</strong></span> <span class='ocrx_word' id='word_1_734' title='bbox 807 5537 853 5569; x_wconf 84' lang='grc'><strong>⁸⁸</strong></span> <span class='ocrx_word' id='word_1_735' title='bbox 884 5540 987 5593; x_wconf 89' lang='lat' dir='ltr'><strong>lsa.</strong></span> <span class='ocrx_word' id='word_1_736' title='bbox 1030 5552 1155 5601; x_wconf 72' lang='grc' dir='ltr'><strong>ιιι,</strong></span> <span class='ocrx_word' id='word_1_737' title='bbox 1202 5537 1254 5591; x_wconf 89' lang='grc'><strong>6.</strong></span> 
     </span>
    </p>
   </div>
   <div class='ocr_carea' id='block_1_98' title="bbox 1368 5535 1781 5607">
    <p class='ocr_par' dir='ltr' id='par_1_98' title="bbox 1368 5535 1781 5607">
     <span class='ocr_line' id='line_1_98' title="bbox 1368 5535 1781 5607; baseline 0.007 -17"><span class='ocrx_word' id='word_1_738' title='bbox 1368 5536 1413 5569; x_wconf 72' lang='grc'><strong>⁸³</strong></span> <span class='ocrx_word' id='word_1_739' title='bbox 1447 5535 1593 5593; x_wconf 89' lang='lat' dir='ltr'><strong>Psal.</strong></span> <span class='ocrx_word' id='word_1_740' title='bbox 1633 5551 1694 5607; x_wconf 88' lang='lat' dir='ltr'><strong>tt,</strong></span> <span class='ocrx_word' id='word_1_741' title='bbox 1726 5539 1781 5595; x_wconf 92' lang='lat'><strong>8.</strong></span> 
     </span>
    </p>
   </div>
   <div class='ocr_carea' id='block_1_99' title="bbox 195 5678 1398 5747">
    <p class='ocr_par' dir='ltr' id='par_1_99' title="bbox 195 5678 1398 5747">
     <span class='ocr_line' id='line_1_99' title="bbox 195 5678 1398 5747; baseline -0.003 -8"><span class='ocrx_word' id='word_1_742' title='bbox 195 5694 351 5742; x_wconf 68' lang='lat' dir='ltr'><strong>xsv,</strong></span> <span class='ocrx_word' id='word_1_743' title='bbox 388 5678 474 5743; x_wconf 73' lang='grc'><strong>14,</strong></span> <span class='ocrx_word' id='word_1_744' title='bbox 508 5680 593 5733; x_wconf 81' lang='grc'><strong>15.</strong></span> <span class='ocrx_word' id='word_1_745' title='bbox 670 5680 714 5711; x_wconf 83' lang='grc'><strong>⁷⁸</strong></span> <span class='ocrx_word' id='word_1_746' title='bbox 738 5678 872 5735; x_wconf 89' lang='lat' dir='ltr'><strong>Gen.</strong></span> <span class='ocrx_word' id='word_1_747' title='bbox 902 5694 940 5747; x_wconf 87' lang='grc' dir='ltr'><strong>ι,</strong></span> <span class='ocrx_word' id='word_1_748' title='bbox 988 5679 1044 5735; x_wconf 74' lang='lat'><strong>2.</strong></span> <span class='ocrx_word' id='word_1_749' title='bbox 1104 5679 1148 5713; x_wconf 81' lang='lat'>&quot;</span> <span class='ocrx_word' id='word_1_750' title='bbox 1178 5680 1310 5737; x_wconf 87' lang='lat' dir='ltr'><strong>ibid.</strong></span> <span class='ocrx_word' id='word_1_751' title='bbox 1344 5678 1398 5735; x_wconf 72' lang='grc' dir='ltr'><strong>ι.</strong></span> 
     </span>
    </p>
   </div>
   <div class='ocr_carea' id='block_1_100' title="bbox 196 5536 1785 5677">
    <p class='ocr_par' dir='ltr' id='par_1_100' title="bbox 196 5536 1781 5676">
     <span class='ocr_line' id='line_1_100' title="bbox 289 5536 1781 5607; baseline 0 -14"><span class='ocrx_word' id='word_1_752' title='bbox 289 5538 337 5570; x_wconf 79' lang='grc'><strong>⁸’</strong></span> <span class='ocrx_word' id='word_1_753' title='bbox 367 5537 474 5593; x_wconf 87' lang='lat' dir='ltr'><strong>lsa.</strong></span> <span class='ocrx_word' id='word_1_754' title='bbox 509 5553 619 5602; x_wconf 77' lang='lat' dir='ltr'><strong>LIV,</strong></span> <span class='ocrx_word' id='word_1_755' title='bbox 650 5539 700 5594; x_wconf 86' lang='grc'><strong>1.</strong></span> <span class='ocrx_word' id='word_1_756' title='bbox 807 5537 853 5569; x_wconf 84' lang='grc'><strong>⁸⁸</strong></span> <span class='ocrx_word' id='word_1_757' title='bbox 884 5540 987 5593; x_wconf 91' lang='lat' dir='ltr'><strong>lsa.</strong></span> <span class='ocrx_word' id='word_1_758' title='bbox 1030 5552 1155 5601; x_wconf 71' lang='grc' dir='ltr'><strong>ιιι,</strong></span> <span class='ocrx_word' id='word_1_759' title='bbox 1202 5537 1254 5591; x_wconf 88' lang='grc'><strong>6.</strong></span> <span class='ocrx_word' id='word_1_760' title='bbox 1368 5536 1413 5569; x_wconf 72' lang='grc'><strong>⁸³</strong></span> <span class='ocrx_word' id='word_1_761' title='bbox 1447 5536 1593 5593; x_wconf 88' lang='lat' dir='ltr'><strong>Psal.</strong></span> <span class='ocrx_word' id='word_1_762' title='bbox 1633 5551 1694 5607; x_wconf 85' lang='lat' dir='ltr'><strong>tt,</strong></span> <span class='ocrx_word' id='word_1_763' title='bbox 1726 5539 1781 5595; x_wconf 92' lang='lat'><strong>8.</strong></span> 
     </span>
     <span class='ocr_line' id='line_1_101' title="bbox 196 5607 1776 5676; baseline 0.003 -14"><span class='ocrx_word' id='word_1_764' title='bbox 196 5610 267 5644; x_wconf 73' lang='lat'>”</span> <span class='ocrx_word' id='word_1_765' title='bbox 296 5607 499 5662; x_wconf 82' lang='lat' dir='ltr'><strong>Jcrem.</strong></span> <span class='ocrx_word' id='word_1_766' title='bbox 529 5625 682 5673; x_wconf 71' lang='lat' dir='ltr'><strong>XXXI,</strong></span> <span class='ocrx_word' id='word_1_767' title='bbox 727 5608 816 5671; x_wconf 78' lang='grc'><strong>51,</strong></span> <span class='ocrx_word' id='word_1_768' title='bbox 852 5609 941 5663; x_wconf 68' lang='grc'><strong>52.</strong></span> <span class='ocrx_word' id='word_1_769' title='bbox 1018 5610 1063 5640; x_wconf 72' lang='grc'>⁷⁸</span> <span class='ocrx_word' id='word_1_770' title='bbox 1104 5608 1205 5662; x_wconf 91' lang='lat' dir='ltr'><strong>lsa.</strong></span> <span class='ocrx_word' id='word_1_771' title='bbox 1247 5622 1373 5668; x_wconf 75' lang='lat' dir='ltr'><strong>va.</strong></span> <span class='ocrx_word' id='word_1_772' title='bbox 1413 5609 1502 5675; x_wconf 81' lang='grc'><strong>15,</strong></span> <span class='ocrx_word' id='word_1_773' title='bbox 1540 5610 1626 5676; x_wconf 83' lang='grc'><strong>16,</strong></span> <span class='ocrx_word' id='word_1_774' title='bbox 1686 5624 1776 5668; x_wconf 87' lang='lat' dir='ltr'><strong>sec</strong></span> 
     </span>
    </p>
   </div>
   <div class='ocr_carea' id='block_1_101' title="bbox 1892 5536 2481 5677">
    <p class='ocr_par' dir='ltr' id='par_1_101' title="bbox 1892 5536 2481 5677">
     <span class='ocr_line' id='line_1_102' title="bbox 1892 5536 2384 5604; baseline 0.006 -14"><span class='ocrx_word' id='word_1_775' title='bbox 1892 5538 1932 5571; x_wconf 87' lang='lat'><strong>&#39;°</strong></span> <span class='ocrx_word' id='word_1_776' title='bbox 1980 5536 2125 5594; x_wconf 87' lang='lat' dir='ltr'><strong>Psal.</strong></span> <span class='ocrx_word' id='word_1_777' title='bbox 2167 5554 2247 5604; x_wconf 77' lang='lat' dir='ltr'><strong>rx,</strong></span> <span class='ocrx_word' id='word_1_778' title='bbox 2291 5539 2384 5593; x_wconf 79' lang='grc'><strong>21.</strong></span> 
     </span>
     <span class='ocr_line' id='line_1_103' title="bbox 1892 5607 2481 5677; baseline 0.005 -13"><span class='ocrx_word' id='word_1_779' title='bbox 1892 5607 2003 5664; x_wconf 72' lang='lat' dir='ltr'><strong>KX.</strong></span> <span class='ocrx_word' id='word_1_780' title='bbox 2040 5610 2085 5642; x_wconf 78' lang='grc'>⁷⁸</span> <span class='ocrx_word' id='word_1_781' title='bbox 2118 5608 2219 5668; x_wconf 83' lang='lat' dir='ltr'><strong>lsa.</strong></span> <span class='ocrx_word' id='word_1_782' title='bbox 2259 5624 2395 5677; x_wconf 81' lang='lat' dir='ltr'><strong>un,</strong></span> <span class='ocrx_word' id='word_1_783' title='bbox 2423 5609 2481 5667; x_wconf 77' lang='lat'><strong>2.</strong></span> 
     </span>
    </p>
   </div>
   <div class='ocr_carea' id='block_1_102' title="bbox 1904 4519 3478 4593">
    <p class='ocr_par' dir='ltr' id='par_1_102' title="bbox 1904 4519 3478 4593">
     <span class='ocr_line' id='line_1_104' title="bbox 1904 4519 3478 4593; baseline 0.002 -15"><span class='ocrx_word' id='word_1_784' title='bbox 1904 4530 1989 4579; x_wconf 89' lang='lat' dir='ltr'><strong>est</strong></span> <span class='ocrx_word' id='word_1_785' title='bbox 2031 4520 2270 4593; x_wconf 78' lang='lat' dir='ltr'><strong>Spatium</strong></span> <span class='ocrx_word' id='word_1_786' title='bbox 2322 4519 2477 4588; x_wconf 89' lang='lat' dir='ltr'><strong>illud,</strong></span> <span class='ocrx_word' id='word_1_787' title='bbox 2517 4520 2661 4591; x_wconf 88' lang='lat' dir='ltr'><strong>quod</strong></span> <span class='ocrx_word' id='word_1_788' title='bbox 2698 4519 2840 4576; x_wconf 84' lang='lat' dir='ltr'><strong>lucis</strong></span> <span class='ocrx_word' id='word_1_789' title='bbox 2877 4520 3125 4577; x_wconf 89' lang='lat' dir='ltr'><strong>absentia</strong></span> <span class='ocrx_word' id='word_1_790' title='bbox 3160 4524 3478 4581; x_wconf 86' lang='lat' dir='ltr'><strong>demetitur.</strong></span> 
     </span>
    </p>
   </div>
   <div class='ocr_carea' id='block_1_103' title="bbox 1899 4615 3483 4688">
    <p class='ocr_par' dir='ltr' id='par_1_103' title="bbox 1899 4615 3483 4688">
     <span class='ocr_line' id='line_1_105' title="bbox 1899 4615 3483 4688; baseline 0.001 -15"><span class='ocrx_word' id='word_1_791' title='bbox 1899 4617 2033 4685; x_wconf 66' lang='lat' dir='ltr'><strong>Quae</strong></span> <span class='ocrx_word' id='word_1_792' title='bbox 2079 4616 2302 4688; x_wconf 87' lang='lat' dir='ltr'><strong>quidem</strong></span> <span class='ocrx_word' id='word_1_793' title='bbox 2331 4615 2475 4671; x_wconf 90' lang='lat' dir='ltr'><strong>lucis</strong></span> <span class='ocrx_word' id='word_1_794' title='bbox 2520 4615 2770 4671; x_wconf 87' lang='lat' dir='ltr'><strong>absentia</strong></span> <span class='ocrx_word' id='word_1_795' title='bbox 2805 4624 2857 4670; x_wconf 93' lang='lat' dir='ltr'><strong>et</strong></span> <span class='ocrx_word' id='word_1_796' title='bbox 2891 4617 3123 4687; x_wconf 89' lang='lat' dir='ltr'><strong>privatio</strong></span> <span class='ocrx_word' id='word_1_797' title='bbox 3147 4630 3232 4674; x_wconf 89' lang='lat' dir='ltr'><strong>est</strong></span> <span class='ocrx_word' id='word_1_798' title='bbox 3266 4619 3483 4674; x_wconf 80' lang='lat' dir='ltr'><strong>habitus</strong></span> 
     </span>
    </p>
   </div>
   <div class='ocr_carea' id='block_1_104' title="bbox 1898 4706 3480 4780">
    <p class='ocr_par' dir='ltr' id='par_1_104' title="bbox 1898 4706 3480 4780">
     <span class='ocr_line' id='line_1_106' title="bbox 1898 4706 3480 4780; baseline -0.001 -16"><span class='ocrx_word' id='word_1_799' title='bbox 1898 4707 2308 4780; x_wconf 91' lang='lat' dir='ltr'><strong>quodammodo</strong></span> <span class='ocrx_word' id='word_1_800' title='bbox 2342 4718 2396 4762; x_wconf 87' lang='lat' dir='ltr'><strong>et</strong></span> <span class='ocrx_word' id='word_1_801' title='bbox 2435 4706 2675 4763; x_wconf 89' lang='lat' dir='ltr'><strong>essentia</strong></span> <span class='ocrx_word' id='word_1_802' title='bbox 2723 4707 3095 4763; x_wconf 89' lang='lat' dir='ltr'><strong>tenebrarum.</strong></span> <span class='ocrx_word' id='word_1_803' title='bbox 3142 4707 3480 4779; x_wconf 85' lang='lat' dir='ltr'><strong>Principium</strong></span> 
     </span>
    </p>
   </div>
   <div class='ocr_carea' id='block_1_105' title="bbox 1900 4799 3480 4870">
    <p class='ocr_par' dir='ltr' id='par_1_105' title="bbox 1900 4799 3480 4870">
     <span class='ocr_line' id='line_1_107' title="bbox 1900 4799 3480 4870; baseline 0.001 -14"><span class='ocrx_word' id='word_1_804' title='bbox 1900 4809 2085 4856; x_wconf 91' lang='lat' dir='ltr'><strong>autem</strong></span> <span class='ocrx_word' id='word_1_805' title='bbox 2109 4800 2329 4870; x_wconf 63' lang='lat' dir='ltr'><strong>;malum</strong></span> <span class='ocrx_word' id='word_1_806' title='bbox 2374 4814 2484 4854; x_wconf 89' lang='lat' dir='ltr'><strong>non</strong></span> <span class='ocrx_word' id='word_1_807' title='bbox 2526 4807 2632 4855; x_wconf 86' lang='lat' dir='ltr'><strong>est.</strong></span> <span class='ocrx_word' id='word_1_808' title='bbox 2673 4799 2808 4854; x_wconf 86' lang='lat' dir='ltr'><strong>Nam</strong></span> <span class='ocrx_word' id='word_1_809' title='bbox 2846 4802 2892 4855; x_wconf 90' lang='lat' dir='ltr'><strong>si</strong></span> <span class='ocrx_word' id='word_1_810' title='bbox 2924 4801 3067 4857; x_wconf 90' lang='lat' dir='ltr'><strong>Deus</strong></span> <span class='ocrx_word' id='word_1_811' title='bbox 3105 4810 3211 4867; x_wconf 90' lang='lat' dir='ltr'><strong>est,</strong></span> <span class='ocrx_word' id='word_1_812' title='bbox 3252 4818 3361 4857; x_wconf 90' lang='lat' dir='ltr'><strong>non</strong></span> <span class='ocrx_word' id='word_1_813' title='bbox 3394 4813 3480 4859; x_wconf 90' lang='lat' dir='ltr'><strong>est</strong></span> 
     </span>
    </p>
   </div>
   <div class='ocr_carea' id='block_1_106' title="bbox 1899 4889 3483 4957">
    <p class='ocr_par' dir='ltr' id='par_1_106' title="bbox 1899 4889 3483 4957">
     <span class='ocr_line' id='line_1_108' title="bbox 1899 4889 3483 4957; baseline 0.003 -11"><span class='ocrx_word' id='word_1_814' title='bbox 1899 4892 2129 4957; x_wconf 85' lang='lat' dir='ltr'><strong>malum,</strong></span> <span class='ocrx_word' id='word_1_815' title='bbox 2163 4891 2267 4945; x_wconf 88' lang='lat' dir='ltr'><strong>hoc</strong></span> <span class='ocrx_word' id='word_1_816' title='bbox 2302 4897 2408 4954; x_wconf 89' lang='lat' dir='ltr'><strong>est,</strong></span> <span class='ocrx_word' id='word_1_817' title='bbox 2439 4889 2583 4946; x_wconf 85' lang='lat' dir='ltr'><strong>Deus</strong></span> <span class='ocrx_word' id='word_1_818' title='bbox 2618 4890 2795 4945; x_wconf 89' lang='lat' dir='ltr'><strong>malus</strong></span> <span class='ocrx_word' id='word_1_819' title='bbox 2821 4906 2930 4946; x_wconf 92' lang='lat' dir='ltr'><strong>non</strong></span> <span class='ocrx_word' id='word_1_820' title='bbox 2957 4900 3061 4948; x_wconf 87' lang='lat' dir='ltr'><strong>est.</strong></span> <span class='ocrx_word' id='word_1_821' title='bbox 3094 4891 3230 4948; x_wconf 90' lang='lat' dir='ltr'><strong>Nam</strong></span> <span class='ocrx_word' id='word_1_822' title='bbox 3263 4894 3309 4949; x_wconf 91' lang='lat' dir='ltr'><strong>si</strong></span> <span class='ocrx_word' id='word_1_823' title='bbox 3338 4893 3483 4951; x_wconf 87' lang='lat' dir='ltr'><strong>Deus</strong></span> 
     </span>
    </p>
   </div>
   <div class='ocr_carea' id='block_1_107' title="bbox 1900 4983 3482 5047">
    <p class='ocr_par' dir='ltr' id='par_1_107' title="bbox 1900 4983 3482 5047">
     <span class='ocr_line' id='line_1_109' title="bbox 1900 4983 3482 5047; baseline 0.001 -8"><span class='ocrx_word' id='word_1_824' title='bbox 1900 4992 2008 5047; x_wconf 90' lang='lat' dir='ltr'><strong>est,</strong></span> <span class='ocrx_word' id='word_1_825' title='bbox 2063 4998 2171 5037; x_wconf 91' lang='lat' dir='ltr'><strong>non</strong></span> <span class='ocrx_word' id='word_1_826' title='bbox 2212 4990 2295 5037; x_wconf 90' lang='lat' dir='ltr'><strong>est</strong></span> <span class='ocrx_word' id='word_1_827' title='bbox 2333 4984 2533 5046; x_wconf 90' lang='lat' dir='ltr'><strong>malus,</strong></span> <span class='ocrx_word' id='word_1_828' title='bbox 2583 4997 2710 5037; x_wconf 90' lang='lat' dir='ltr'><strong>cum</strong></span> <span class='ocrx_word' id='word_1_829' title='bbox 2763 4983 3030 5038; x_wconf 76' lang='lat' dir='ltr'><strong>bonitatis</strong></span> <span class='ocrx_word' id='word_1_830' title='bbox 3068 4986 3140 5041; x_wconf 90' lang='lat' dir='ltr'><strong>sit</strong></span> <span class='ocrx_word' id='word_1_831' title='bbox 3185 4984 3309 5042; x_wconf 81' lang='lat' dir='ltr'><strong>fons</strong></span> <span class='ocrx_word' id='word_1_832' title='bbox 3344 5004 3359 5041; x_wconf 90' lang='lat'><strong>:</strong></span> <span class='ocrx_word' id='word_1_833' title='bbox 3394 4988 3482 5042; x_wconf 87' lang='lat' dir='ltr'><strong>sin</strong></span> 
     </span>
    </p>
   </div>
   <div class='ocr_carea' id='block_1_108' title="bbox 1903 5079 3484 5147">
    <p class='ocr_par' dir='ltr' id='par_1_108' title="bbox 1903 5079 3484 5147">
     <span class='ocr_line' id='line_1_110' title="bbox 1903 5079 3484 5147; baseline 0.001 -11"><span class='ocrx_word' id='word_1_834' title='bbox 1903 5082 2101 5146; x_wconf 89' lang='lat' dir='ltr'><strong>malus,</strong></span> <span class='ocrx_word' id='word_1_835' title='bbox 2150 5095 2260 5135; x_wconf 87' lang='lat' dir='ltr'><strong>non</strong></span> <span class='ocrx_word' id='word_1_836' title='bbox 2291 5089 2378 5136; x_wconf 93' lang='lat' dir='ltr'><strong>est</strong></span> <span class='ocrx_word' id='word_1_837' title='bbox 2422 5079 2584 5136; x_wconf 88' lang='lat' dir='ltr'><strong>Deus.</strong></span> <span class='ocrx_word' id='word_1_838' title='bbox 2621 5079 2913 5147; x_wconf 87' lang='lat' dir='ltr'><strong>Quomodo</strong></span> <span class='ocrx_word' id='word_1_839' title='bbox 2948 5081 3096 5137; x_wconf 87' lang='lat' dir='ltr'><strong>enim</strong></span> <span class='ocrx_word' id='word_1_840' title='bbox 3145 5082 3289 5139; x_wconf 89' lang='lat' dir='ltr'><strong>Deus</strong></span> <span class='ocrx_word' id='word_1_841' title='bbox 3323 5084 3484 5138; x_wconf 84' lang='lat' dir='ltr'><strong>mali-</strong></span> 
     </span>
    </p>
   </div>
   <div class='ocr_carea' id='block_1_109' title="bbox 1903 5172 3484 5245">
    <p class='ocr_par' dir='ltr' id='par_1_109' title="bbox 1903 5172 3484 5245">
     <span class='ocr_line' id='line_1_111' title="bbox 1903 5172 3484 5245; baseline 0.004 -20"><span class='ocrx_word' id='word_1_842' title='bbox 1903 5172 2001 5239; x_wconf 87' lang='lat' dir='ltr'><strong>tia,</strong></span> <span class='ocrx_word' id='word_1_843' title='bbox 2046 5179 2142 5227; x_wconf 89' lang='lat' dir='ltr'><strong>aut</strong></span> <span class='ocrx_word' id='word_1_844' title='bbox 2182 5177 2464 5242; x_wconf 86' lang='lat' dir='ltr'><strong>peccatum</strong></span> <span class='ocrx_word' id='word_1_845' title='bbox 2512 5186 2636 5227; x_wconf 89' lang='lat' dir='ltr'><strong>esse</strong></span> <span class='ocrx_word' id='word_1_846' title='bbox 2685 5173 2905 5243; x_wconf 83' lang='lat' dir='ltr'><strong>potest?</strong></span> <span class='ocrx_word' id='word_1_847' title='bbox 2951 5172 3085 5239; x_wconf 80' lang='lat' dir='ltr'><strong>Quae</strong></span> <span class='ocrx_word' id='word_1_848' title='bbox 3138 5173 3381 5245; x_wconf 90' lang='lat' dir='ltr'><strong>quidem,</strong></span> <span class='ocrx_word' id='word_1_849' title='bbox 3436 5175 3484 5232; x_wconf 87' lang='lat' dir='ltr'><strong>si</strong></span> 
     </span>
    </p>
   </div>
   <div class='ocr_carea' id='block_1_110' title="bbox 1908 5263 3138 5335">
    <p class='ocr_par' dir='ltr' id='par_1_110' title="bbox 1908 5263 3138 5335">
     <span class='ocr_line' id='line_1_112' title="bbox 1908 5263 3138 5335; baseline 0.001 -15"><span class='ocrx_word' id='word_1_850' title='bbox 1908 5264 2055 5321; x_wconf 88' lang='lat' dir='ltr'><strong>Deus</strong></span> <span class='ocrx_word' id='word_1_851' title='bbox 2088 5271 2194 5332; x_wconf 91' lang='lat' dir='ltr'><strong>est,</strong></span> <span class='ocrx_word' id='word_1_852' title='bbox 2227 5263 2408 5320; x_wconf 86' lang='lat' dir='ltr'><strong>omnia</strong></span> <span class='ocrx_word' id='word_1_853' title='bbox 2439 5273 2675 5335; x_wconf 91' lang='lat' dir='ltr'><strong>pereunt</strong></span> <span class='ocrx_word' id='word_1_854' title='bbox 2711 5272 2767 5319; x_wconf 90' lang='lat' dir='ltr'><strong>et</strong></span> <span class='ocrx_word' id='word_1_855' title='bbox 2794 5271 3138 5322; x_wconf 90' lang='lat' dir='ltr'><strong>evertuntur.</strong></span> 
     </span>
    </p>
   </div>
   <div class='ocr_carea' id='block_1_111' title="bbox 2482 5533 3486 5601">
    <p class='ocr_par' dir='ltr' id='par_1_111' title="bbox 2482 5533 3486 5601">
     <span class='ocr_line' id='line_1_113' title="bbox 2482 5533 3486 5601; baseline -0.005 -8"><span class='ocrx_word' id='word_1_856' title='bbox 2482 5538 2527 5570; x_wconf 83' lang='grc'><strong>⁷¹</strong></span> <span class='ocrx_word' id='word_1_857' title='bbox 2566 5537 2671 5593; x_wconf 87' lang='lat' dir='ltr'><strong>lsa.</strong></span> <span class='ocrx_word' id='word_1_858' title='bbox 2722 5552 2797 5601; x_wconf 79' lang='grc' dir='ltr'><strong>ιι,</strong></span> <span class='ocrx_word' id='word_1_859' title='bbox 2852 5535 2904 5599; x_wconf 75' lang='grc'><strong>4,</strong></span> <span class='ocrx_word' id='word_1_860' title='bbox 2940 5536 2994 5589; x_wconf 86' lang='grc'><strong>5.</strong></span> <span class='ocrx_word' id='word_1_861' title='bbox 3095 5536 3142 5567; x_wconf 84' lang='grc'><strong>⁷¹</strong></span> <span class='ocrx_word' id='word_1_862' title='bbox 3187 5534 3288 5589; x_wconf 85' lang='lat' dir='ltr'><strong>lsa.</strong></span> <span class='ocrx_word' id='word_1_863' title='bbox 3335 5549 3395 5596; x_wconf 87' lang='lat' dir='ltr'><strong>ll,</strong></span> <span class='ocrx_word' id='word_1_864' title='bbox 3429 5533 3486 5592; x_wconf 82' lang='grc'><strong>5.</strong></span> 
     </span>
    </p>
   </div>
   <div class='ocr_carea' id='block_1_112' title="bbox 2564 5604 3488 5678">
    <p class='ocr_par' dir='ltr' id='par_1_112' title="bbox 2564 5604 3488 5678">
     <span class='ocr_line' id='line_1_114' title="bbox 2564 5604 3488 5678; baseline -0.009 -11"><span class='ocrx_word' id='word_1_865' title='bbox 2564 5611 2611 5650; x_wconf 76' lang='grc'>’⁸</span> <span class='ocrx_word' id='word_1_866' title='bbox 2642 5608 2781 5666; x_wconf 85' lang='lat' dir='ltr'><strong>Osee</strong></span> <span class='ocrx_word' id='word_1_867' title='bbox 2813 5624 2849 5676; x_wconf 88' lang='grc' dir='ltr'><strong>ι,</strong></span> <span class='ocrx_word' id='word_1_868' title='bbox 2898 5621 2959 5672; x_wconf 87' lang='lat' dir='ltr'><strong>tt,</strong></span> <span class='ocrx_word' id='word_1_869' title='bbox 3003 5606 3228 5678; x_wconf 79' lang='lat' dir='ltr'><strong>passim.</strong></span> <span class='ocrx_word' id='word_1_870' title='bbox 3305 5605 3347 5636; x_wconf 84' lang='grc'><strong>⁷⁷</strong></span> <span class='ocrx_word' id='word_1_871' title='bbox 3375 5604 3488 5660; x_wconf 82' lang='lat' dir='ltr'><strong>lsa.</strong></span> 
     </span>
    </p>
   </div>
  </div>
