3972 6208
465 267 608 326 “23

534 496 784 565 Quonam
803 499 965 564 pacto
987 489 1096 545 duo
1120 495 1349 559 possunt
1374 498 1498 540 esse
1518 478 1807 553 principia,
1830 477 2033 532 bonum

464 602 662 651 unum,
716 584 950 638 alterum
997 578 1237 635 malum?
1286 576 1493 629 Bonum
1545 569 1690 626 enim
1735 574 1791 623 et
1830 567 2034 619 malum

464 677 752 733 contraria
792 681 942 738 sunt,
991 687 1158 742 seque
1190 667 1429 724 vicissim
1461 662 1807 724 interimunt,
1849 665 1905 713 et
1938 671 2034 712 ne-

467 778 675 842 queunt
717 769 876 825 simul
910 767 1234 822 consistere.
1272 760 1459 828 Quare
1493 765 1587 812 aut
1632 755 1688 809 in
1733 760 1887 823 parte
1916 751 2037 805 uni-

468 841 756 917 versitatis
790 860 1022 914 alterum
1062 854 1190 920 erit,
1223 860 1277 907 et
1318 850 1387 904 ab
1424 862 1487 904 ea
1522 841 2036 903 circumscribetur,

470 960 568 1008 aut
622 967 745 1008 sese
789 950 1111 1018 contingent
1152 952 1452 1011 mutuoque
1495 942 1852 1006 corrumpent
1879 975 1895 1000 ,
1944 938 2039 986 aut

470 1044 614 1098 inter
648 1043 739 1096 illa
776 1039 1014 1096 medium
1044 1035 1263 1105 aliquod
1294 1031 1617 1095 intercedet,
1646 1036 1811 1098 atque
1837 1024 1911 1079 ita
1933 1023 2039 1079 tria

466 1138 581 1208 jam
634 1142 800 1190 erunt
839 1130 1132 1203 principia.
1178 1127 1447 1181 Praeterea
1499 1130 1591 1177 aut
1620 1135 1753 1191 pace
1792 1124 2037 1179 utentur,

470 1205 618 1297 quod
673 1225 877 1279 malum
930 1237 1041 1276 non
1105 1223 1442 1291 potestzant
1494 1212 1833 1285 pugnabunt,
1895 1205 2041 1278 quod

470 1319 674 1372 bonum
708 1321 947 1371 recusat.
982 1311 1116 1367 Nam
1147 1310 1277 1365 illud
1319 1308 1536 1378 quidem
1588 1304 1635 1360 si
1669 1310 1857 1358 utatur
1886 1314 2039 1370 pace,

471 1423 582 1461 non
608 1406 714 1461 erit
755 1401 1373 1469 bonum.Quamobrcm
1419 1413 1527 1452 non
1572 1401 1703 1452 sunt
1745 1392 1854 1447 duo
1886 1391 2041 1462 prin-

471 1498 637 1567 cipia,
668 1494 969 1566 prtescrtim
993 1494 1133 1547 inter
1165 1504 1223 1545 se
1246 1487 1523 1542 contraria
1555 1493 1609 1540 et
1631 1482 2039 1543 inimicissima,

473 1588 571 1643 sed
625 1601 816 1649 unum,
863 1584 1029 1654 idque
1072 1581 1298 1636 bonum.
1356 1577 1556 1632 Malunt
1613 1577 1761 1632 enim
1807 1591 1919 1631 non
1961 1581 2046 1629 est

471 1680 829 1752 principium,
863 1679 956 1733 sed
988 1676 1224 1748 privatio
1247 1683 1301 1729 et
1330 1673 1555 1729 amissio
1583 1671 1735 1727 boni.

1099 1789 1184 1845 Ea:
1221 1789 1424 1843 eodem.

549 1911 608 1966 Si
634 1911 744 1966 duo
789 1918 919 1966 sunt
948 1907 1057 1974 dei,
1098 1907 1278 1962 bonus
1313 1904 1534 1975 quidem
1580 1916 1746 1964 unus,
1781 1899 1919 1952 alter
1948 1911 2048 1951 au-

476 2014 588 2061 tem
627 2004 804 2059 malus
843 1999 1035 2056 :aliud
1085 1998 1362 2052 habebunt
1387 1990 1743 2064 principium.
1794 1985 2051 2041 Binarius

476 2095 623 2152 enim
674 2107 938 2148 numerus
982 2104 1091 2144 non
1139 2094 1318 2158 potest
1361 2100 1487 2140 esse
1534 2081 1891 2154 principium,
1927 2091 2053 2132 cum

478 2188 596 2257 ipse
637 2188 705 2239 ab
760 2183 969 2238 unitate
1014 2178 1285 2251 principio
1337 2176 1738 2247 proﬁciscatur.
1790 2171 1950 2237 Quod
2004 2170 2053 2224 si

478 2276 812 2349 principium
859 2289 968 2327 non
1017 2280 1166 2335 sunt,
1217 2287 1286 2325 ne
1328 2268 1413 2323 dei
1450 2266 1671 2338 quidem
1725 2270 1889 2320 erunt
1935 2276 2056 2316 om-

479 2372 634 2425 nino.
684 2368 955 2435 Quoniam
1004 2364 1167 2435 igitur
1218 2362 1403 2416 unitas
1452 2369 1538 2415 est
1582 2372 1764 2414 rerum
1806 2355 2055 2412 omnium

478 2461 837 2533 principium,
859 2472 1005 2514 unus
1034 2456 1227 2528 utique
1252 2460 1308 2511 et
1338 2454 1484 2509 Deus
1512 2457 1599 2509 est
1626 2464 1813 2506 rerum
1838 2456 2053 2514 auctor,

477 2560 534 2610 et
558 2551 781 2608 eﬁector
802 2550 1068 2607 omnium.

1106 2655 1191 2713 Ea:
1221 2658 1422 2712 eodem.

555 2782 611 2837 Si
636 2781 837 2836 bonum
873 2793 968 2851 per
997 2792 1057 2832 se
1084 2785 1187 2840 est,
1225 2776 1427 2828 malum
1463 2788 1571 2828 non
1610 2780 1715 2828 est.
1750 2770 1811 2825 Si
1851 2769 2056 2824 malum

479 2888 578 2946 per
608 2887 670 2927 se
707 2881 814 2934 est,
847 2884 957 2923 non
988 2874 1072 2923 est
1112 2867 1339 2921 bonum.
1370 2863 1496 2918 Haec
1539 2871 1624 2918 est
1652 2861 1798 2917 enim
1835 2871 2057 2915 contra-

482 2961 691 3017 riorum
764 2960 943 3014 medio
994 2959 1297 3014 carentium
1360 2955 1503 3009 ratio
1561 2964 1727 3025 atque
1786 2951 2056 3008 conditio.

481 3051 676 3121 Qualia
717 3059 845 3108 sunt
891 3049 1146 3105 valetudo
1190 3056 1246 3104 et
1302 3045 1589 3119 aegritudo,
1618 3046 1730 3101 vita
1781 3054 1835 3100 et
1877 3057 2051 3100 mors.
2080 3031 2124 3092 (ἶ

482 3143 604 3199 Non
630 3142 796 3214 igitur
827 3140 970 3197 Deus
1004 3140 1204 3195 malus.

1113 3271 1199 3325 Ea:
1229 3272 1428 3327 eodem.

556 3389 702 3445 Deus
734 3388 914 3443 bonus
942 3385 1185 3442 essentia
1214 3392 1267 3440 et
1294 3393 1491 3440 natura
1524 3385 1823 3441 bonitatem
1867 3384 2056 3451 habet,

486 3481 667 3536 malus
698 3477 965 3534 bonitatis
995 3475 1356 3547 privationem
1396 3484 1455 3531 ut
1500 3475 1743 3530 habitum
1770 3474 2056 3531 obtinebit.

484 3572 773 3641 Quomodo
803 3577 986 3625 autem
1040 3566 1207 3634 Deus,
1251 3568 1343 3639 qui
1384 3580 1452 3622 eo
1502 3575 1712 3622 tantum
1759 3575 1866 3634 est,
1914 3566 2061 3638 quod

484 3663 692 3731 deﬁcit,
729 3670 903 3727 caret,
940 3675 1054 3717 non
1079 3660 1415 3730 assequitur,
1454 3668 1509 3715 et
1537 3671 1646 3715 non
1668 3660 1791 3717 est?

1080 3794 1167 3847 Ea:
1197 3790 1400 3847 eodem.

560 3904 620 3961 Si
655 3904 788 3967 duo,
822 3913 917 3960 aut
945 3911 1058 3961 tres
1102 3905 1357 3976 pluresve
1385 3914 1570 3962 essent
1604 3905 1714 3971 dei,
1749 3921 1875 3962 cum
1911 3905 2063 3962 aliud

488 3997 597 4054 alio
633 3996 798 4053 modo
822 4006 877 4054 et
917 3998 1134 4054 diversa
1185 3998 1398 4054 ratione
1432 3969 1772 4070 ageretur-et
1810 3969 2095 4057 movere:

486 4099 602 4159 tur,
627 4090 866 4147 mundus
889 4090 1003 4162 jam
1035 4090 1246 4161 pridem
1274 4091 1666 4150 intercidisset.
1694 4093 1852 4149 Nunc
1877 4103 2062 4150 autem

487 4198 615 4239 cum
668 4184 852 4238 omnia
893 4184 1107 4239 ratione
1150 4193 1302 4241 certa
1351 4193 1405 4242 et
1453 4187 1634 4243 stabili
1684 4203 1904 4259 semper
1954 4204 2066 4245 mo-

490 4285 723 4331 veantur
752 4283 807 4331 et
843 4275 1226 4346 disponantur,
1263 4277 1422 4333 ﬁrma
1448 4278 1562 4334 haec
1589 4290 1766 4352 ,atque
1802 4288 2065 4352 perpetua

1681 249 1739 305 S.
1781 239 2110 305 GREGORII
2148 236 2446 297 NVSSENI

1079 373 1164 429 Ex
1198 373 1393 429 eodem.
2062 363 2107 420 Δ

3594 231 3623 287 ί
3638 227 3738 287 128

2761 345 2847 403 Es:
2885 348 3084 403 eodem.

2208 447 2268 502 Si
2302 445 2567 501 mundum
2592 442 2742 498 hunc
2761 442 2973 497 bonum
3003 451 3128 494 esse
3150 433 3529 497 conﬁtemini,
3557 431 3736 488 Deum

2135 548 2320 594 autem
2351 545 2405 593 et
2451 535 2668 591 Patrem
2706 533 2912 586 malum
2943 544 3053 586 non
3100 528 3332 598 hujusce
3365 525 3575 580 mundi
3609 523 3737 578 eﬂ'e-

2134 639 2377 696 ctorem;
2406 629 2512 683 erit
2537 627 2731 696 utique
2765 621 3005 678 mundus
3034 621 3173 676 alter
3193 620 3374 674 malus
3411 632 3447 671 a
3489 618 3603 674 deo
3644 614 3736 669 illo

2136 720 2425 778 confectus
2450 718 2615 772 malo.
2644 716 2810 784 Atqui
2840 711 3080 768 mundus
3112 709 3426 766 istiusmodi
3462 722 3583 762 non
3606 716 3693 760 est
3718 725 3732 758 :

2138 828 2208 868 ne
2241 810 2389 866 Deus
2432 809 2602 880 igitur
2630 808 2850 877 quidem
2892 805 3093 859 malus.
3146 800 3279 856 Nam
3324 800 3473 856 Deus
3526 792 3733 869 princi-

2140 905 2291 975 pium
2317 910 2422 966 est,
2452 901 2815 971 eﬂectrixque
2844 912 3035 968 causa.
3071 895 3252 962 Quare
3277 908 3404 949 cum
3434 908 3555 947 non
3586 890 3731 945 exsi-

2140 1007 2290 1055 stant
2323 1011 2445 1067 quaa
2482 1010 2514 1049 a
2561 993 2831 1064 principio
2865 990 3060 1047 eﬁ‘ecta
3093 997 3150 1042 et
3200 987 3429 1043 condita
3484 987 3625 1047 sint,
3664 998 3731 1038 ne

2140 1091 2476 1163 principium
2507 1086 2725 1159 quidem
2754 1093 2861 1151 est,
2891 1099 2992 1139 nec
3030 1081 3177 1137 Deus
3213 1082 3382 1151 igitur
3407 1078 3619 1132 malus.

2760 1198 2846 1253 Ex
2895 1197 3096 1253 eodem.

2216 1316 2459 1383 Veteris,
2516 1314 2802 1386 inquiunt,
2849 1308 3189 1367 Testamenti
3237 1307 3383 1363 Deus
3412 1323 3528 1382 non
3557 1321 3621 1361 ea
3645 1315 3727 1360 est

2143 1407 2499 1480 providentia
2553 1416 2609 1461 et
2666 1402 2900 1460 scientia
2933 1417 3054 1472 qua:
3087 1402 3271 1455 omnia
3299 1400 3726 1468 complectatur.

2144 1499 2450 1569 lnterrogat
2507 1497 2653 1552 enim
2690 1494 2887 1558 Adam,
2945 1491 3068 1557 Ubi,
3129 1489 3408 1560 inquiens,
3449 1506 3504 1543 es
3535 1488 3624 1540 ⁸⁸2
3662 1486 3728 1540 Et

2145 1592 2304 1659 Cain,
2343 1591 2443 1645 Ubi
2471 1599 2570 1656 est,
2618 1588 2898 1658 inquiens,
2932 1586 3100 1655 frater
3139 1594 3258 1637 tuus
3303 1583 3391 1636 ⁸ίῖ
3440 1581 3507 1634 Et
3553 1581 3730 1635 Abra-

2076 1696 2125 1756 Β
2153 1681 2433 1759 Ιιθηικυὺὶ
2463 1691 2566 1748 est,
2605 1680 2886 1751 inquiens,
2917 1677 3057 1733 Sara
3089 1693 3226 1731 uxor
3263 1684 3357 1730 tua
3382 1675 3426 1707 ”
3453 1676 3477 1728 2
3518 1673 3580 1726 Et
3615 1673 3729 1726 alia

2151 1778 2325 1831 multa
2391 1775 2462 1830 ad
2525 1774 2776 1830 eumdem
2830 1771 3079 1826 modum.
3142 1769 3243 1825 llis
3299 1765 3727 1838 respondemus,

2152 1866 2423 1937 ejusmodi
2480 1867 2819 1936 interrogata
2855 1878 2966 1916 non
3004 1862 3076 1917 ab
3129 1860 3460 1931 ignorantia,
3499 1857 3591 1912 sed
3630 1870 3732 1925 po-

2152 1960 2265 2014 tius
2313 1974 2344 2013 a
2396 1958 2713 2029 cognitione
2767 1953 3076 2026 proﬁcisci.
3139 1952 3254 2008 Nisi
3315 1952 3461 2007 enim
3517 1965 3735 2020 cogno-

2153 2053 2326 2109 visset
2357 2059 2412 2107 et
2440 2052 2612 2106 Adam
2642 2059 2698 2105 et
2735 2048 2872 2104 Cain
2909 2062 3185 2118 peccasse,
3215 2060 3327 2100 non
3374 2059 3473 2099 eos
3532 2040 3733 2096 conti-

2154 2160 2266 2200 nuo
2308 2144 2733 2221 interrogasset.
2791 2141 3124 2212 Cognovisse
3158 2145 3361 2200 autem,
3396 2150 3463 2188 ex
3496 2134 3569 2187 iis
3599 2146 3735 2201 qua:

2156 2243 2468 2308 sequuntur
2526 2234 2884 2305 perspicuum
2948 2239 3052 2287 est.
3110 2227 3204 2283 Sic
3242 2227 3389 2282 enim
3418 2223 3735 2292 alloquitur

2154 2331 2328 2386 Adam
2384 2328 2540 2399 prius
2580 2342 2746 2397 quam
2795 2326 2888 2382 ille
2935 2340 2997 2380 se
3052 2320 3359 2377 comedisse
3417 2317 3730 2371 fateretur:

2155 2421 2353 2495 Ecquis
2384 2420 2642 2475 indicavit
2674 2418 2774 2472 tibi
2800 2427 2848 2473 te
2877 2418 3079 2472 nudum
3112 2429 3245 2473 esse.
3286 2412 3390 2466 nisi
3440 2414 3585 2479 quod
3607 2424 3634 2462 e
3670 2407 3734 2460 li-

2154 2532 2257 2588 gno
2302 2516 2365 2569 de
2394 2530 2497 2584 quo
2546 2511 2658 2567 solo
2686 2510 2914 2581 praecepi
2963 2508 3060 2562 tibi
3111 2523 3175 2562 ne
3208 2504 3527 2569 comedam,
3559 2516 3734 2555 come-

2155 2608 2285 2663 disti
2332 2607 2420 2660 ⁸⁸⁴ἔ
2466 2604 2599 2661 Cain
2641 2618 2795 2668 vero,
2831 2601 2922 2674 qui
2946 2600 3255 2657 conabatur
3272 2605 3329 2653 et
3349 2597 3472 2666 ipse
3490 2595 3734 2658 latitare,

2156 2699 2450 2772 compellat
2517 2698 2606 2754 bis
2655 2695 2881 2753 verbis:
2946 2693 3060 2749 Vox
3103 2691 3381 2762 sanguinis
3436 2686 3628 2758 fratris
3658 2684 3736 2737 tui

2156 2794 2357 2849 clamat
2425 2790 2497 2844 ad
2568 2806 2647 2845 me
2695 2789 2764 2843 ει.
2832 2785 2959 2843 Haec
3025 2799 3138 2841 non
3206 2780 3518 2854 ignorantis
3580 2784 3735 2842 sunt,

2158 2886 2255 2944 sed
2284 2888 2445 2958 plane
2467 2892 2523 2939 et
2552 2881 2848 2953 perspicue
2879 2875 3293 2949 cognoscentis,
3325 2873 3423 2944 qui
3455 2886 3526 2927 ea
3550 2870 3733 2940 specie

2159 2974 2611 3047 interrogationis
2647 2972 2763 3028 vult
2814 2972 2885 3027 iis
2925 2969 3024 3041 qui
3067 2970 3456 3040 peccaverant,
3507 2977 3733 3033 persua-

2157 3071 2285 3126 dere
2318 3078 2378 3122 ut
2426 3066 2785 3136 resipiscant,
2819 3078 2946 3118 cum
2977 3076 3039 3117 se
3069 3059 3451 3129 deprehensos
3483 3051 3732 3109 animad-

2157 3167 2395 3217 vertant.
2430 3154 2505 3210 Ea
2540 3157 2670 3211 item
2728 3153 2939 3211 verba:
2997 3149 3100 3205 Ubi
3129 3159 3209 3205 est
3238 3147 3377 3203 Sara
3426 3161 3569 3200 uxor
3596 3144 3731 3198 tuo!

2158 3250 2447 3306 declarant
2486 3261 2613 3302 eum
2660 3260 2772 3300 non
2822 3244 3115 3313 ignorare,
3170 3238 3450 3295 Abraham
3506 3250 3731 3290 uxorem

2158 3342 2387 3405 habere,
2452 3352 2686 3408 eamque
2725 3335 2918 3391 vocari
2957 3332 3173 3388 Saram.
3225 3330 3332 3398 Qui
3385 3338 3566 3383 autem
3623 3326 3737 3382 haec

2158 3432 2285 3499 scit,
2328 3432 2377 3487 is
2408 3429 2658 3501 profecto
2689 3442 2801 3482 non
2833 3433 2956 3482 erat
2986 3424 3231 3486 nescius,
3263 3420 3356 3478 ubi
3386 3428 3526 3474 esset
3565 3418 3737 3472 Sara.
3829 3418 3848 3439 ⁸

2158 3523 2350 3595 Neque
2406 3523 2576 3587 enim,
2610 3533 2737 3575 cum
2790 3516 2928 3572 Sara
2957 3523 3085 3587 post
3110 3514 3315 3570 ostium
3348 3518 3534 3575 staret,
3572 3510 3743 3565 risis-

2160 3623 2356 3685 setque
2385 3612 2527 3668 clam
2561 3610 2791 3666 audiens
2824 3623 2887 3666 se
2918 3616 3151 3663 matrem
3183 3606 3322 3669 fore,
3353 3600 3746 3669 dixisset,Cur

2160 3706 2283 3762 risit
2307 3704 2450 3762 Sara
2481 3703 2577 3758 ειν
2605 3703 2756 3758 risus
2794 3700 2977 3757 etiam‘
2996 3712 3222 3755 causam
3259 3697 3521 3767 subjecit,
3548 3711 3749 3751 secum

2161 3797 2282 3869 ipsa
2304 3796 2561 3868 inquiens
2580 3814 2593 3851 :
2616 3794 2830 3849 Verene
2850 3791 3097 3864 pariam?
3113 3790 3238 3846 Haec
3254 3792 3401 3847 enim
3420 3791 3570 3846 illius
3584 3797 3751 3855 sunt,

2162 3891 2257 3961 qui
2310 3904 2409 3945 cor
2453 3888 2617 3945 etiam
2662 3893 2828 3958 atque
2880 3885 3127 3940 animum
3173 3882 3347 3938 novit.
3378 3882 3757 3952 Interrogavit

2163 3991 2345 4039 autem
2372 4022 2386 4048 ,
2428 3979 2528 4036 Ubi
2575 3988 2652 4036 est
2708 3978 2847 4036 Sara
2895 3994 3033 4033 uxor
3087 3986 3179 4032 tua
3205 3980 3232 4033 1’
3275 3992 3342 4032 eo
3379 3976 3659 4039 consilio,
3695 3984 3758 4031 ut

2163 4075 2437 4130 Abraham
2494 4087 2836 4145 cognoscens
2891 4087 2953 4128 se
2996 4079 3123 4126 ante
3175 4083 3510 4140 cognoscere
3536 4076 3593 4122 et
3638 4084 3757 4123 om.

2166 4168 2257 4223 nia
2297 4167 2466 4231 scire,
2495 4166 2602 4221 sibi
2638 4175 2700 4220 ut
2738 4162 3111 4235 praestantiori
3161 4168 3401 4226 vacaret,
3456 4166 3514 4215 et
3564 4164 3760 4216 omni-

2166 4262 2272 4318 bus
2294 4275 2416 4331 quae
2442 4259 2701 4330 deinceps
2726 4259 3042 4314 dicerentur
3058 4255 3217 4312 tidem
3243 4254 3545 4310 adhiberet.
3565 4253 3761 4322 Atque

492 4382 678 4423 rerum
707 4369 951 4422 omnium
976 4369 1343 4438 concinnitas,
1371 4380 1425 4426 et
1451 4345 1607 4440 ordo;
1640 4345 1694 4429 εἰ
1730 4345 2058 4442 ωδάειῖαιίο,
2090 4364 2135 4421 D
2166 4358 2334 4413 etiam
2376 4356 2533 4419 illud,
2568 4352 2714 4426 quod
2745 4353 2813 4409 de
2843 4351 3081 4406 Sodoma
3113 4358 3169 4406 et
3191 4347 3498 4404 Gomorrha
3533 4345 3760 4401 dictum

491 4468 549 4516 et
600 4462 949 4517 conservatio
1005 4476 1170 4517 unam
1232 4464 1589 4537 eamdemque
1643 4468 1883 4523 clamant
1942 4482 2064 4524 esse

491 4568 740 4619 causam,
784 4569 957 4611 unum
999 4565 1305 4623 auctorem,
1341 4573 1371 4612 a
1398 4575 1506 4629 quo
1535 4568 1591 4616 ει
1631 4568 1916 4631 procreata
1949 4561 2064 4617 sint

490 4643 678 4700 omnia
700 4653 756 4700 ct
779 4653 1039 4718 regantur
1069 4654 1125 4701 et
1141 4658 1567 4706 ‘conserventur.

1114 4780 1199 4836 Ea:
1236 4783 1433 4838 eodem.

558 4891 621 4949 Si
654 4894 836 4950 malus
856 4901 913 4949 et
941 4895 1210 4954 scelestus
1243 4907 1328 4955 est
1358 4899 1446 4954 hic
1468 4900 1708 4959 mundus
1731 4902 1983 4967 inferior,
2008 4911 2063 4959 et

489 4997 590 5039 vos
637 4983 900 5038 nimirum
947 4986 1079 5041 mali
1133 4988 1487 5059 scelestique,
1545 4992 1750 5064 quippe
1797 4995 1891 5065 qui
1938 5008 2065 5065 pars

491 5075 615 5132 sitis
638 5074 837 5146 ipsius.
870 5075 1032 5144 Quod
1060 5080 1108 5135 si
1136 5088 1338 5136 natura
1373 5082 1509 5138 estis
1547 5084 1779 5155 improbi
1815 5094 1869 5141 et
1908 5087 2062 5153 mali,

489 5167 698 5224 veritas
721 5184 833 5224 non
863 5169 1020 5227 adest
1053 5172 1230 5229 vobis.
1263 5173 1480 5231 Veritas
1502 5177 1648 5231 enim
1672 5178 1874 5232 bonum
1905 5179 2064 5249 plane

488 5267 593 5316 est.
628 5259 839 5317 Bonum
877 5272 965 5319 est
1006 5265 1243 5321 alienum
1290 5280 1321 5319 a
1366 5267 1532 5322 malo.
1559 5265 1679 5323 1am
1710 5270 1805 5340 qui
1835 5271 2067 5326 veritate

489 5362 699 5417 carent,
730 5367 920 5408 eorum
961 5354 1207 5413 doctrina
1246 5357 1383 5413 falsa
1417 5359 1569 5414 nullo
1604 5361 1782 5416 solido
1812 5362 2069 5418 innititur

491 5440 873 5501 fundamento.

2165 4455 2293 4504 est:
2349 4445 2676 4500 Desceudam
2727 4452 2779 4498 et
2824 4442 3003 4497 videbo
3039 4451 3217 4496 utrum
3245 4457 3301 4495 re
3332 4442 3449 4509 ipsa
3474 4454 3592 4510 qua:
3626 4440 3759 4493 cta-

2167 4556 2285 4593 mor
2332 4538 2568 4606 ipsorum
2614 4534 2817 4589 indicat
2883 4532 3294 4601 compleverint,
3367 4546 3436 4583 an
3483 4545 3588 4583 non
3623 4568 3643 4593 ,
3700 4537 3763 4582 ut

2166 4634 2331 4688 sciam
2373 4630 2444 4694 ⁸⁸,
2494 4628 2627 4700 qttid
2675 4627 2825 4682 aliud
2882 4625 3182 4696 signiﬁcat,
3230 4622 3340 4678 nisi
3387 4636 3453 4675 eo
3513 4620 3763 4675 consilio

2169 4725 2341 4780 Deum
2403 4724 2480 4777 ita
2525 4723 2773 4776 locutum
2824 4734 2968 4783 esse,
3004 4726 3065 4773 ut
3108 4730 3211 4771 nos
3246 4714 3511 4776 erudiret,
3540 4726 3613 4766 ne
3648 4728 3763 4765 un-

2169 4831 2334 4889 quam
2370 4814 2680 4887 praecipites
2727 4814 3006 4867 irruamus
3036 4809 3104 4865 ad
3135 4805 3431 4877 irroganda
3456 4802 3762 4873 supplicia,

2172 4917 2463 4980 propterea
2518 4905 2663 4977 quod
2711 4905 3023 4974 aliquorum
3064 4899 3271 4971 ﬂagitia
3317 4896 3759 4968 prospiciatnus,

2172 5001 2268 5057 sed
2305 5007 2711 5072 exspectemus,
2754 5005 2815 5053 ut
2848 5011 2907 5052 re
2954 4997 3075 5066 ipsa
3108 4991 3354 5063 perfecta
3412 4987 3564 5046 sint?
3615 4987 3764 5042 Nam

2173 5093 2220 5148 si
2279 5108 2391 5148 non
2451 5092 2825 5162 cognovisset,
2885 5086 3162 5158 quomodo
3212 5083 3484 5155 potuisset
3518 5079 3761 5135 dicere:

2173 5182 2395 5240 Clamor
2446 5183 2797 5240 Sodomorum
2854 5192 2903 5235 et
2944 5176 3250 5234 Gomorrha:
3275 5174 3411 5228 venit
3445 5170 3514 5224 ad
3553 5186 3643 5223 me
3672 5169 3718 5200 ⁸⁷
3740 5169 3769 5222 ?

2171 5277 2365 5342 Terra,
2418 5278 2621 5349 inquit,
2662 5277 2889 5340 clamat,
2925 5274 3093 5330 etiam
3149 5277 3277 5325 ante
3328 5283 3439 5322 res.
3500 5263 3564 5318 Et
3625 5264 3765 5334 ipse

2168 5386 2258 5425 res
2304 5371 2682 5427 vociferantur
2728 5378 2781 5425 et
2811 5369 3074 5422 clamant.
3105 5362 3288 5417 Multae
3318 5368 3449 5417 sunt
3476 5357 3763 5428 ejusmodi

2169 5462 2637 5539 interrogationes
2667 5477 2785 5517 non
2820 5460 3001 5517 solum
3034 5458 3090 5512 in
3129 5455 3333 5519 Veteri,
3366 5452 3461 5508 scd
3494 5453 3671 5506 etiam
3706 5450 3764 5503 in

559 5627 1086 5711 .Qen;_iii,.9.m'_‘
1122 5634 1256 5711 Gen.
1297 5653 1370 5705 tv,
1417 5636 1457 5692 9t
1546 5638 1591 5670 ⁸¹
1624 5640 1757 5695 Gen.
1811 5659 1963 5709 xvttt,
2003 5644 2054 5700 9.

2192 5642 2328 5701 Gen.
2373 5661 2455 5711 In,
2486 5646 2585 5700 .ll.
2663 5646 2708 5677 ⁸⁸
2737 5645 2872 5701 Gen.
2931 5661 2982 5701 tv
3037 5645 3122 5700 lt).
3199 5645 3244 5677 ⁸⁵
3289 5642 3427 5697 Gen.
3468 5653 3629 5705 svnt,
3671 5635 3769 5695 15.

488 5695 537 5731 ⁸⁸
565 5697 699 5754 ibid.
732 5702 823 5757 2|.
895 5703 938 5735 "
967 5704 1094 5758 ibid.
1129 5704 1219 5758 20.
