3972 6208
293 270 442 334 1126

1719 276 2165 335 FRAGMENTA.

3424 292 3564 349 1126

285 392 450 451 Novo
483 392 870 465 Testamento,
908 412 1033 472 quae
1080 406 1265 455 tamen
1315 413 1514 454 omnes
1556 398 1878 470 mysterium
1907 410 1953 468 Α
1983 399 2166 467 inquit
2195 438 2211 463 ,
2271 416 2444 455 meum
2493 401 2703 471 justum
2747 408 2839 460 est‘
2881 405 2951 461 ⁸⁸.
3010 403 3166 473 Quod
3196 414 3381 463 autem
3418 424 3565 466 unus

287 491 604 551 continent,
638 497 692 543 et
724 489 934 559 aliquid
974 490 1123 545 aliud
1157 499 1347 562 agunt.
1403 488 1540 544 Nam
1593 488 1690 545 Dei
1749 505 1869 560 pro-

283 578 470 648 prium
526 586 611 634 est
657 590 860 636 cuncta
913 592 1370 655 eognoscere;et
1402 583 1497 654 qui
1550 582 1738 638 omnia
1763 598 1879 640 non

285 668 452 724 habet
483 670 727 740 cognita,
760 687 872 727 non
900 684 984 730 est
1013 673 1180 731 Deus.

921 805 1008 859 Ex
1034 806 1237 862 eodem.

356 939 647 1007 Quomodo
692 941 883 998 dicitis
929 942 1158 1013 Antiqui
1215 943 1563 999 Testamenti
1595 943 1876 1017 Iegislato—

281 1048 401 1089 rem
428 1034 665 1103 justum,
694 1032 832 1091 Novi
866 1043 1050 1091 autem
1090 1036 1316 1098 bonum,
1354 1046 1522 1106 atque
1544 1037 1669 1093 ideo
1705 1054 1873 1092 unum

282 1127 355 1180 ab
393 1127 503 1180 alio
529 1126 813 1181 diversum
850 1143 975 1183 esse
1021 1128 1400 1184 contenditis?
1440 1127 1576 1182 Nam
1627 1130 1674 1184 si
1725 1130 1873 1200 quod

275 1214 492 1283 justum
550 1223 657 1282 est,
719 1217 921 1271 bonum
961 1227 1086 1285 est;
1119 1218 1306 1287 justus
1360 1220 1465 1274 erit
1516 1220 1691 1275 bonus
1747 1236 1871 1276 om-

279 1304 435 1358 nino.
493 1303 682 1376 Neque
731 1310 877 1361 enim
935 1312 1222 1363 contraria
1261 1319 1391 1365 sunt
1432 1310 1640 1381 justum
1679 1318 1732 1366 et
1777 1312 1873 1366 bo-

278 1413 458 1451 num:
520 1398 617 1454 sed
660 1399 815 1468 justo
865 1410 1135 1471 repugnat
1171 1402 1459 1471 injustam,
1492 1410 1547 1457 et
1571 1403 1715 1457 bono
1757 1418 1873 1457 ma-

278 1488 393 1542 lum
444 1488 795 1544 adversatur.
857 1490 1133 1547 Praeterea
1193 1493 1241 1549 si
1315 1494 1519 1548 malum
1576 1494 1866 1564 injustum,

275 1580 482 1635 bonum
532 1583 721 1651 utique
768 1583 1003 1652 justum,
1052 1594 1107 1640 et
1156 1585 1336 1641 bonus
1393 1587 1855 1657 omninojustus.

280 1672 417 1728 Cum
461 1683 642 1730 autem
686 1677 1114 1734 innumerabilia
1142 1679 1255 1735 sint
1284 1682 1625 1748 testimonia,
1665 1683 1867 1754 quibus

1980 503 2144 564 atque
2182 494 2326 549 idem
2381 495 2454 551 sit
2502 494 2721 552 Veteris
2755 512 2820 552 ac
2847 497 2985 553 Novi
3020 498 3359 553 Testamenti
3392 498 3561 566 Deus,

1979 584 2240 655 praedixit
2291 583 2581 650 Jeremias,
2635 585 2785 651 Ecce,
2841 587 3119 658 inquiens.
3161 589 3273 642 dies
3330 591 3561 654 reuiunt,

1977 672 2109 727 dicit
2158 672 2443 737 Dominus,
2495 683 2545 728 et
2592 676 2915 729 constituam
2967 677 3110 730 vobis
3169 676 3563 732 Testamentum

1979 780 2194 831 novum,
2228 781 2333 818 non
2374 774 2432 818 ut
2469 764 2863 820 Testamentum
2895 767 3031 819 illud
3069 769 3207 837 quod
3236 786 3354 823 cum
3391 772 3562 838 patri-

1954 860 2075 929 .bus
2139 860 2331 913 vestris
2369 861 2640 925 constitui,
2686 877 2788 930 quo
2814 861 2901 915 die
2926 879 3139 915 manum
3168 880 3350 917 eorum
3373 880 3562 933 appre-

1975 949 2158 1014 hendi,
2195 960 2253 1004 ut
2276 950 2548 1006 educerem
2589 969 2674 1005 eos
2720 968 2785 1005 ex
2823 952 3080 1023 Ai'gypto.
3118 952 3257 1019 Quia
3305 956 3405 1023 ipsi
3455 972 3559 1010 non

1976 1050 2291 1095 "conserunt
2345 1043 2402 1095 in
2460 1040 2795 1096 Testamento
2839 1060 2973 1098 meo.
3028 1044 3096 1097 Et
3139 1061 3231 1115 ego
3261 1047 3466 1115 neglexi
3494 1047 3561 1100 it-

1977 1132 2057 1187 los
2085 1133 2153 1188 9°.
2191 1131 2256 1185 Et
2287 1132 2402 1202 ipse
2434 1140 2547 1187 tum
2582 1133 2832 1205 Antiqui,
2884 1143 3001 1188 tum
3037 1134 3174 1190 Novi
3219 1138 3557 1193 Testamenti

1973 1234 2167 1280 auctor
2196 1226 2476 1281 Christus.
2511 1224 2635 1280 Non
2673 1228 2809 1288 veni,
2840 1228 3040 1297 inquit,
3079 1237 3137 1280 ut
3181 1227 3341 1297 trgem
3386 1229 3556 1284 solre-

1974 1337 2107 1379 rem,
2160 1320 2249 1373 sed
2288 1330 2346 1373 ut
2401 1337 2519 1375 eam
2571 1322 2844 1387 implerem
2904 1326 2972 1377 ³³.
3018 1323 3131 1378 lloc
3170 1335 3275 1391 est,
3313 1333 3371 1377 ut
3407 1326 3553 1379 illam

1972 1421 2198 1482 propter
2237 1411 2594 1467 Hebraeorum
2630 1415 3102 1484 imperfectionem
3152 1416 3552 1487 imperfectam,

1972 1503 2181 1572 majore
2234 1504 2471 1573 quadam
2509 1514 2591 1575 et‘
2622 1506 2758 1560 viris
2812 1514 3153 1578 congruente
3205 1506 3552 1576 philosophia

1970 1596 2290 1666 perlicerem
2344 1606 2399 1652 et
2446 1598 2813 1653 absolverem.
2850 1598 2944 1652 Illa
2975 1600 3119 1653 enim
3151 1607 3268 1653 erat
3298 1599 3552 1669 paedago-

1970 1703 2068 1755 gus
2113 1688 2179 1753 θ’,
2216 1688 2308 1758 qui
2341 1687 2405 1741 ad
2440 1687 2792 1760 Evangeiium
2836 1690 3250 1760 suscipiendum
3288 1690 3550 1745 institue-

276 1764 499 1823 Veteris
548 1767 889 1824 Testamenti
930 1769 1078 1827 Deus
1119 1788 1244 1828 esse
1292 1773 1606 1828 declaratur
1646 1775 1861 1841 bonus,
1900 1763 1942 1818 Β
1973 1779 2085 1832 bat.
2115 1779 2238 1833 Haec
2266 1787 2447 1833 autem
2481 1789 2567 1834 est
2594 1788 2898 1850 prmccptor
2942 1781 3082 1851 ipse,
3116 1782 3211 1851 qui
3235 1782 3393 1835 docet
3422 1796 3544 1849 per-

273 1873 380 1929 ego
414 1875 584 1914 unum
619 1861 889 1916 duntaxat
923 1863 978 1917 in
1017 1863 1197 1919 medio
1228 1864 1493 1921 aderam:
1552 1867 1727 1936 Dicat,
1784 1868 1864 1922 in-

271 1951 423 2020 quit,
451 1949 647 2017 Israel,
697 1956 950 2024 quoniam
982 1957 1147 2012 bonus
1199 1958 1294 2023 ⁸⁸;
1345 1968 1399 2015 et
1453 1961 1549 2031 qui
1603 1961 1861 2032 deinceps

272 2052 605 2111 sequuntur,
637 2045 749 2101 duo
786 2048 1059 2104 versiculi.
1103 2047 1283 2105 Unum
1338 2052 1491 2118 item,
1556 2068 1667 2123 quo
1722 2052 1861 2110 Novi

273 2133 609 2195 Testamenti
638 2137 785 2197 Deus
817 2133 1007 2213 justus
1061 2144 1397 2202 ostenditur.
1454 2144 1524 2199 Et
1561 2145 1857 2215 judicium,

1970 1870 2219 1925 fectiora.
2278 1870 2344 1923 Ει
2380 1871 2469 1924 illa
2508 1872 2731 1942 quidem
2775 1887 3011 1942 corpora
3040 1872 3398 1937 informahat,
3434 1873 3551 1927 haec

1967 1971 2152 2017 autem
2210 1963 2427 2018 animos
2485 1964 2688 2018 erudit.
2746 1962 2919 2019 Vetus
2972 1978 3105 2034 ergo
3164 1972 3250 2019 est
3297 1964 3550 2018 ministra

1966 2067 2163 2107 novat:
2207 2052 2275 2106 ad
2333 2068 2529 2107 novam
2584 2054 2732 2107 enim
2788 2052 2942 2107 ducit
2998 2063 3048 2107 et
3112 2054 3255 2107 viam
3305 2053 3550 2109 ostendit

1967 2154 2023 2201 et
2055 2154 2235 2215 parat.

1854 2255 1964 2312 VII.

1518 2367 1662 2423 Ibid.
1705 2369 1787 2424 tit.
1826 2371 1916 2435 II,
1964 2385 2089 2441 pag.
2119 2371 2150 2424 7
2175 2386 2291 2440 sqq.

1006 2479 1273 2538 Gnsconu
1306 2478 1501 2552 Nyssa:
1537 2484 1811 2554 pontiﬁcis
1844 2498 1913 2539 ea:
1949 2482 2207 2539 Oratione
2249 2490 2442 2538 contra
2489 2482 2809 2539 Ablabium.

341 2613 476 2671 Cum
529 2623 586 2670 et
637 2612 855 2670 Patrem
891 2614 1063 2672 Deum
1110 2618 1213 2689 (5),
1265 2627 1321 2674 et
1347 2618 1547 2675 Filium
1580 2619 1775 2687 Deum,
1799 2628 1855 2677 et

269 2705 537 2777 Spiritum
594 2716 850 2763 sanctum
882 2708 1054 2765 Deum
1105 2725 1228 2766 esse
1261 2710 1554 2776 fateamur,
1600 2727 1700 2767 cur
1744 2728 1856 2768 non

263 2803 506 2858 dicimus
560 2813 674 2859 tres
734 2805 890 2867 deos,
920 2805 1015 2859 sed
1050 2821 1219 2860 unum
1248 2806 1419 2862 Deum
1447 2807 1471 2861 ‘i
1498 2804 1777 2872 Primum,
1798 2815 1858 2862 ut

263 2890 415 2959 quod
472 2890 526 2944 in
577 2899 835 2961 promptu
867 2902 952 2948 est
992 2893 1452 2964 respondeamus,
1482 2912 1551 2952 ne
1586 2888 1856 2968 multipli-

260 2997 385 3038 cem
438 2982 667 3039 deorum
704 2983 922 3040 turbam
969 2999 999 3039 a
1047 2984 1257 3042 Graecis
1279 2987 1572 3043 conﬁctam
1607 2987 1853 3044 introdu-

260 3088 479 3130 camus.
536 3072 771 3142 Deinde,
828 3076 875 3133 si
925 3077 1062 3148 quid
1093 3078 1404 3149 elegantius
1444 3080 1730 3150 magisque
1763 3095 1852 3135 re-

1957 2604 2210 2660 homines
2261 2604 2650 2673 appellamus:
2682 2602 2955 2672 siquidem
3016 2603 3204 2670 homo,
3256 2612 3310 2658 et
3359 2604 3545 2661 huma—

1956 2697 2106 2751 nitas
2164 2696 2491 2752 universum
2532 2696 2796 2766 quiddam
2859 2693 3192 2765 signiﬁcant,
3246 2698 3391 2766 quod
3426 2698 3541 2752 sin-

1959 2791 2174 2860 gularia
2240 2790 2663 2860 complectatur.
2707 2787 2915 2845 Deinde
2963 2790 3093 2843 illud
3145 2789 3406 2862 adjungo,
3439 2808 3542 2846 no-

1956 2900 2083 2939 men
2119 2883 2223 2938 hoc
2255 2884 2330 2939 rei
2364 2891 2620 2938 naturam
2657 2884 2942 2952 explicare
2972 2901 2987 2949 ;
3018 2884 3070 2937 in
3105 2880 3383 2939 Trinitate
3408 2901 3541 2939 vero

1957 2988 2083 3043 qua:
2130 2981 2314 3027 creata
2355 2987 2465 3027 non
2498 2979 2609 3036 est,
2652 2973 2865 3027 nullum
2897 2973 3129 3027 inveniri
3165 2989 3364 3030 nomen
3392 2976 3540 3046 quod

1957 3066 2079 3136 ejus
2112 3072 2374 3120 naturam
2406 3063 2670 3119 declaret.
2700 3064 2772 3119 At
2809 3078 2934 3128 cur,
2962 3079 3088 3118 cum
3124 3080 3393 3135 personas
3417 3068 3538 3122 sin-

260 3165 545 3220 conditum
604 3167 900 3223 dicendum
961 3179 1048 3223 est
1079 3208 1095 3232 ,
1156 3170 1422 3240 quoniam
1490 3186 1693 3227 nomen
1720 3170 1846 3237 hoc,
1876 3175 1918 3231 C
1952 3159 2110 3231 ευιθε
2160 3157 2503 3228 appellemus
2550 3154 2743 3219 Dem“:
2778 3170 2888 3210 ηοη
2922 3157 3090 3212 “iam
3123 3172 3314 3213 earum
3350 3158 3539 3229 εἱηειι-

258 3254 433 3325 Deus,
472 3258 746 3315 actionem
799 3259 1132 3331 signiﬁcat:
1194 3278 1227 3318 a
1287 3264 1458 3319 verbo
1503 3264 1651 3319 enim
1701 3263 1845 3316 Θέειν

259 3348 563 3407 deductum
620 3361 726 3417 est,
762 3353 909 3423 quod
960 3353 1168 3424 passim
1224 3361 1454 3424 currat;
1504 3356 1590 3411 vel
1620 3354 1844 3410 averbo

261 3440 490 3497 θεᾶσθαι
516 3485 531 3510 ,
571 3444 719 3515 quod
768 3452 964 3502 cernat
1008 3447 1236 3513 omnia;
1268 3447 1355 3502 vel
1384 3462 1414 3500 a
1448 3447 1620 3503 verbo
1648 3447 1841 3514 αἴθειν,

259 3536 411 3606 quod
464 3537 876 3608 improbitatem
929 3547 1128 3595 exurat
1178 3554 1245 3595 ac
1298 3540 1511 3610 perdat.
1565 3539 1843 3607 Quemad-

261 3628 488 3684 modum
520 3629 690 3701 igitur
723 3646 1067 3703 unaquazque
1105 3646 1346 3703 persona
1381 3631 1543 3687 talem
1568 3631 1841 3686 actionem

259 3717 566 3789 perfectam
615 3719 803 3786 habet,
840 3721 924 3777 sic
954 3736 1154 3776 nomen
1179 3721 1450 3777 actionem
1489 3721 1638 3776 illam
1666 3718 1842 3791 signi-

257 3810 436 3868 ﬁcans
467 3811 702 3880 obtinet,
734 3821 796 3870 ut
821 3821 876 3870 et
901 3814 974 3871 sit
1003 3821 1058 3871 et
1083 3814 1392 3885 appelletur
1423 3814 1591 3868 Deus.
1623 3811 1840 3868 Rursus

256 3905 724 3975 quemadmodum
764 3921 875 3963 una
926 3915 1093 3978 atque
1146 3904 1613 3963 incommutabilis
1642 3903 1699 3958 in
1740 3902 1841 3958 tri-

255 3996 367 4053 bas
414 4004 502 4053 est
545 3997 825 4071 actim-sie
872 3997 1039 4054 etiam
1066 4004 1152 4055 est
1175 4012 1283 4052 una
1305 3996 1565 4051 divinitas
1597 4000 1654 4049 et
1691 4008 1836 4048 unus

256 4085 406 4144 Dens
452 4087 510 4143 in
542 4088 722 4143 tribus
767 4088 1046 4159 personis.
1072 4086 1142 4140 At
1172 4086 1341 4150 enim,
1376 4082 1616 4154 inquies,
1642 4079 1840 4135 Petrus

254 4188 313 4234 et
346 4176 553 4235 Paulus
590 4185 647 4233 et
676 4176 921 4234 Joannes
952 4185 1066 4233 tres
1095 4191 1347 4248 personae.
1400 4191 1527 4230 cum
1571 4173 1705 4237 sint,
1752 4172 1839 4228 di-

255 4256 461 4326 cuntur
509 4271 679 4328 etiam
727 4278 839 4328 tres
872 4271 1143 4326 homines.
1190 4266 1539 4340 Respondeo,
1594 4266 1834 4338 primum

252 4379 361 4422 nos
408 4371 467 4421 et
511 4364 602 4422 hic
657 4363 813 4420 abuti
866 4364 1111 4421 hominis
1142 4360 1430 4427 vocabulo,
1460 4372 1588 4415 cum
1621 4373 1688 4414 eo
1720 4365 1835 4414 tres

359 4540 420 4612 ⁸⁸,
448 4539 594 4599 Psal.
625 4555 792 4607 cxvu,
824 4543 880 4599 1.

322 4695 577 4772 (5)_Cu_m
592 4704 664 4772 _et
698 4692 1146 4772 Patrem__l_)eam,
1180 4702 1299 4772 etc.”
1331 4692 1603 4772 Obseryat
1633 4686 1828 4772 Fabri:

246 4761 547 4826 ciu's'Bibl.
580 4766 672 4823 Gr.
710 4774 848 4821 tom.
878 4763 1013 4828 VIII,
1038 4779 1161 4835 pag.
1196 4764 1324 4826 165,
1360 4777 1483 4834 qua:
1506 4761 1597 4835 hic
1630 4761 1827 4835 recitat

198 4892 203 4899 .
243 4839 614 4913 Euthymida,
660 4851 771 4896 non
814 4830 1135 4895 exstare'in'
1174 4830 1448 4899 oratione,
1495 4831 1574 4887 De
1600 4846 1659 4887 eo
1686 4830 1826 4902 quod

1952 3252 2036 3307 las
2062 3249 2417 3304 Divinitatei‘n
2449 3247 2797 3316 appellamus
2827 3247 2850 3300 ?
2876 3245 3148 3313 Quoniam
3173 3248 3536 3318 quemadmo-

1952 3343 2082 3396 dum
2116 3340 2247 3394 licet
2294 3336 2461 3392 homo
2506 3346 2561 3391 et
2585 3337 2899 3392 humanitas
2927 3338 3136 3408 pariter
3161 3338 3231 3393 de
3262 3338 3534 3396 universis

1950 3436 2227 3500 tueantur,
2279 3448 2392 3488 non
2441 3442 2622 3487 tamen
2665 3445 2821 3501 aeque
2852 3430 3116 3486 dicuntur
3157 3430 3227 3487 de
3256 3432 3530 3504 singulis:

1950 3527 2211 3583 Socrates
2237 3525 2383 3581 enim
2420 3522 2587 3577 homo
2610 3520 2721 3575 dici
2762 3528 2963 3591 potest,
2996 3520 3311 3578 humanitas
3348 3531 3533 3578 autem

1946 3632 2294 3689 nequaquam
2337 3620 2516 3686 potest
2560 3629 2576 3668 :
2617 3613 2698 3668 sic
2745 3613 2911 3667 etiam
2957 3610 3099 3667 Deus
3145 3618 3202 3666 et
3254 3610 3528 3667 Divinitas

1944 3708 2170 3765 habent.
2220 3707 2366 3763 Deus
2405 3705 2554 3761 enim
2602 3710 2855 3775 agentem
2911 3702 3222 3774 signiﬁcat;
3260 3702 3530 3759 Diviuitas

1942 3810 2125 3858 autem
2155 3802 2449 3857 actionem.
2472 3796 2667 3853 Trium
2694 3811 2826 3852 vero
2857 3810 3220 3867 personarum
3245 3796 3394 3851 nulla
3419 3804 3529 3863 est,

1939 3910 2063 3965 quae
2091 3894 2164 3950 sit
2191 3893 2370 3960 actio;
2410 3890 2506 3949 sed
2540 3906 2711 3963 agens
2753 3889 2940 3962 potius
2974 3898 3060 3945 est
3089 3903 3430 3959 unaquaque
3455 3891 3525 3943 il-

1937 3984 2137 4039 larum.
2172 3982 2417 4040 Dicimus
2459 3990 2640 4051 tamen
2673 3981 3012 4037 divinitatem
3046 3978 3225 4035 Patris
3272 3987 3329 4035 et
3382 3979 3525 4034 divi-

1933 4078 2162 4133 nitatem
2215 4076 2341 4132 Filii
2394 4084 2449 4132 et
2482 4075 2828 4131 divinitatem
2867 4073 3046 4129 sancti
3082 4071 3344 4144 Spiritus,
3378 4073 3523 4127 sicut

1939 4170 2339 4226 humanitatem
2384 4168 2633 4224 Socratis
2674 4176 2729 4222 et
2783 4166 3084 4222 essentiam
3132 4173 3188 4219 et
3243 4171 3520 4228 naturam,

1937 4270 1993 4320 et
2031 4263 2078 4319 si
2110 4262 2240 4333 quid
2276 4261 2425 4317 aliud
2458 4270 2543 4317 est
2569 4260 2822 4331 personis
2850 4270 3164 4314 commune.

955 4538 1000 4573 ⁸³
1030 4537 1193 4596 Joan.
1224 4554 1279 4605 v,
1304 4537 1394 4595 50.
1436 4537 1513 4582 -’°
1537 4535 1650 4595 Jer.
1686 4552 1840 4602 uxr,
1865 4536 1957 4601 3i,
1987 4534 2079 4592 52.
2120 4536 2167 4569 “
2196 4532 2388 4590 Matth.
2430 4549 2484 4603 v,
2515 4533 2568 4587 7.
2648 4534 2694 4566 "
2717 4531 2837 4589 Gal.
2876 4547 2963 4596 ιιι,
2994 4530 3086 4585 2|.

1933 4706 2035 4745 non
2055 4688 2349 4760 putandum
2397 4691 2469 4745 sit
2512 4700 2616 4744 tres
2654 4687 2927 4760 deos_dici
2959 4696 3217 4760 oportere.
3249 4683 3315 4738 ad
3344 4682 3514 4760 Abla~

1933 4755 2107 4837 bium,
2148 4776 2276 4837 qua}
2317 4762 2561 4837 occurrit
2604 4769 2737 4837 tom.
2782 4758 2883 4837 Ill,
2919 4755 3329 4837 pa_g:'15_seqq.
3360 4755 3508 4837 edit.

1933 4823 2114 4890 Paris.
2142 4823 2298 4887 {658.
2324 4829 2580 4904 (Ilujuse.
2611 4829 2818 4885 Patrol.
2855 4838 2895 4883 t.
2920 4823 3088 4894 XEV,
3119 4823 3269 4883 circa
3293 4823 3447 4897 init.)
