3972 6208
387 276 528 334 ΗΞῚ

1958 395 3479 425 ’,ψ’-ΨΜ

402 411 3491 459 _______________________________________________

1610 265 1672 324 ε..
1714 259 2045 320 GREGORII
2082 254 2376 313 NYSSENI

3521 234 3547 286 1
3566 227 3665 285 1‘28

1711 599 2351 720 DUBIA.

1999 848 2069 866 _

1261 994 1488 1086 ΤΟΥ
1557 990 1703 1078 ΕΝ
1755 984 2121 1075 ΑΓΙΟΙΣ
2187 979 2810 1071 ΓΡΗΓΟΡΙΟΥ

438 1193 964 1314 ΛΟΓΟΣ
1035 1191 1278 1304 ΕΙΣ
1349 1185 1668 1299 ΤΗΝ
1746 1175 2525 1296 ΓΕΝΝΗΣΙΝ
2618 1169 2920 1286 ΤΟΥ
2974 1164 3644 1283 ΧΡΙΣΤΟΥ

892 1408 1013 1463 ΚΑΙ
1046 1406 1157 1461 ΕΙΣ
1193 1404 1284 1458 TA
1315 1402 1537 1457 NHIIIA
1570 1399 1661 1453 TA
1690 1397 1783 1452 EN
1812 1394 2024 1450 ΒΗΘΛἘ

2088 1393 2143 1447 Μ
2176 1385 2671 1445 ΑΝΛΙΡΕΘΕΝΤΛ
2701 1384 2842 1439 ΥΠΟ
2873 1380 3167 1436 ΗΡΩΔΟΥ.

1496 1732 1588 1821 s.
1647 1731 1755 1820 P.
1828 1728 1948 1818 N.
1997 1721 2578 1817 esseom!
3208 1843 3220 1855 ο

722 1948 1252 2067 ORATIO
1333 1943 1918 2059 IN’DIEM
2006 1927 2685 2053 NATALEM
2750 1933 3336 2052 CHRISTI

903 2170 993 2227 ET
1053 2170 1121 2227 IN
1181 2166 1529 2227 INFANTES
1577 2163 1698 2234 QUI
1734 2162 1804 2219 IN
1842 2158 2218 2216 BETIILEEM
2250 2157 2479 2217 OCCISI
2518 2156 2705 2217 SUNT
2744 2157 2834 2212 AB
2869 2118 3162 2215 HERODE.

1668 2319 1933 2374 Franciseo
1960 2317 2082 2370 Zino
2102 2317 2404 2381 interprete.

480 2632 787 2696 Buccinate,
815 2629 995 2701 inquit
1035 2627 1208 2684 David
1242 2628 1282 2691 ¹,
1322 2627 1376 2682 in
1420 2625 1711 2682 Neomenia
1749 2626 1898 2692 tuba,
1929 2626 1986 2681 in
2020 2672 2024 2694 η

2162 2622 2509 2678 Σαλπισατε
2536 2619 2606 2673 ἐν
2631 2619 2932 2689 Νεομηνίᾳ
2966 2615 3281 2686 σάλπιγγι,
3320 2615 3488 2688 φησὶν
3515 2618 3544 2670 ὁ
3572 2619 3681 2671 Aa-

413 2723 607 2793 insigui
640 2720 724 2774 die
753 2719 1098 2774 solemnilalis
1127 2727 1327 2772 vesti-az.
1379 2716 1636 2771 Gmlestis
1667 2723 1848 2770 autem
1887 2715 1987 2769 do-

413 2816 602 2868 ctrina:
632 2810 883 2865 instituta
920 2809 1144 2863 omnino
1175 2814 1306 2862 sunt
1341 2809 1517 2860 instar
1547 2807 1684 2876 legis
1718 2804 1862 2874 apud
1892 2819 1989 2860 eos

416 2903 506 2974 qui
557 2900 807 2954 audiunt.
840 2897 1228 2962 Quamobrem,
1262 2895 1521 2964 quoniam
1563 2894 1720 2948 adest
1758 2893 1990 2963 insignis

416 2990 536 3045 dies
566 2986 933 3045 solemnitatis
965 2993 1188 3048 nostrae,
1226 2998 1325 3037 nos
1355 2983 1483 3035 item
1516 2982 1874 3036 observemus
1910 2982 1990 3036 le-

413 3096 559 3153 gem,
592 3087 646 3135 et
674 3075 975 3133 eﬂiciamur
1007 3089 1181 3129 sacrae
1213 3073 1548 3127 celebritatis
1583 3073 1987 3127 buccinatores.

413 3170 631 3243 Legalis
663 3176 842 3223 autem
877 3166 1029 3232 tuba,
1055 3173 1113 3217 ut
1150 3163 1394 3243 declarat
1426 3162 1744 3231 Apostolus,
1765 3169 1848 3216 est
1872 3176 1992 3215 ora-

415 3265 512 3319 tio.
541 3262 812 3317 Incertum
867 3260 1013 3312 enim
1048 3255 1279 3326 inquit"
1317 3234 1461 3308 tubae
1502 3253 1822 3322 clangorem
1870 3268 1994 3308 esse
2035 3247 2041 3253 ’

414 3370 525 3410 non
575 3361 851 3424 oportere,
896 3349 992 3405 sed
1036 3348 1191 3404 sonis
1238 3346 1587 3409 distinctum,
1636 3352 1697 3398 ut
1746 3360 1834 3412 ea,
1874 3361 1995 3415 qua:

415 3447 695 3510 dicuntur,
740 3443 1030 3514 perspicua
1084 3441 1218 3495 sint.
1256 3437 1502 3494 Edamus
1543 3438 1712 3509 igitur
1758 3447 1814 3492 et
1866 3453 1994 3501 nos,

416 3537 637 3601 fratres,
680 3536 890 3589 clarum
941 3532 1179 3601 aliquem
1232 3530 1575 3610 sonum,qui
1639 3543 1751 3582 non
1808 3531 1995 3583 minus

416 3629 766 3691 exaudiatur,
791 3640 955 3697 quam
1000 3624 1047 3678 si
1086 3622 1346 3678 ederetur
1398 3636 1601 3676 cornea
1632 3621 1784 3677 tuba.
1808 3620 1997 3687 Quan-

415 3718 712 3790 doquidem
742 3723 796 3771 et
829 3715 917 3770 lex
963 3714 1016 3767 in
1068 3714 1282 3769 umbrae
1309 3712 1499 3784 ﬁguris
1530 3720 1658 3768 ante
1697 3711 1996 3783 depingens

418 3811 726 3872 veritatem,
759 3808 816 3861 in
860 3807 1348 3861 tabernaculorum
1385 3805 1710 3861 celebritate
1751 3805 1895 3860 tubis
1937 3813 1998 3858 ut

417 3908 727 3963 caneretur,
751 3897 1088 3953 mandavit‘.
1115 3897 1181 3952 Et
1205 3914 1450 3968 praesens
1474 3898 1811 3952 celebritatis
1834 3912 1996 3967 argu-

2093 2711 2197 2777 σιδ,
2221 2713 2291 2766 ἐν
2309 2712 2557 2780 εὑσήμῳ
2574 2710 2759 2779 ἡμέρᾳ
2785 2706 2995 2777 ἑορτῆς
3017 2705 3202 2777 ὑμῶν.
3233 2707 3316 2761 Τὰ
3342 2709 3402 2762 δὲ
3436 2710 3534 2780 τῆς
3560 2711 3683 2763 θεο-

2095 2803 2359 2858 πνεύστου
2389 2800 2734 2865 διδασκαλίας
2791 2800 3187 2871 προστάγματα
3214 2800 3381 2872 νόμος
3406 2802 3526 2854 ἐστὶ
3554 2803 3687 2857 πάν-

2093 2914 2200 2961 τως
2230 2897 2344 2960 τοῖς
2371 2893 2676 2949 ἁκούουσιν.
2701 2891 2908 2947 Οὐκοῦν
2934 2892 3122 2963 ἐπειδὴ
3155 2893 3425 2963 πάρεστιν
3450 2894 3483 2964 ή
3518 2892 3683 2964 εὖση..

2097 3005 2196 3058 μος
2224 2987 2405 3057 ήμέρα
2431 2984 2530 3053 τῆς
2560 2983 2752 3054 ἑορτῆς
2775 2982 2931 3054 ήμῶν
2957 3023 2972 3049 ,
3002 2982 3382 3055 πληρώσωμεν
3404 2986 3500 3036 καὶ
3521 2986 3685 3056 ἡμεῖς

2093 3078 2184 3131 τὸν
2217 3076 2399 3147 νόμον,
2433 3075 2766 3142 σαλπιγκταὶ
2790 3075 2889 3144 τῆς
2918 3075 3236 3146 ἱερομηνίας
3269 3074 3570 3147 γινόμενοι.
3615 3077 3685 3131 Ἦ

2093 3167 2149 3221 δὲ
2167 3166 2365 3237 νομικὴ
2388 3165 2642 3234 σάλπιγξ,
2665 3163 2849 3228 καθὼς
2875 3164 3086 3219 κελεύει
3110 3167 3251 3219 νοεῖν
3272 3166 3302 3218 ὁ
3337 3165 3685 3231 ’Δπὸατολος,

2093 3261 2121 3312 ὁ
2148 3259 2305 3327 λόγος
2337 3257 2472 3313 ἐστί.
2500 3258 2638 3328 Φησὶ
2665 3258 2794 3329 γὰρ,
2833 3256 2907 3327 μὴ
2941 3257 3136 3327 ἄδηλον
3162 3257 3272 3311 δεῖν
3306 3260 3557 3327 γίνεσθαι
3588 3261 3687 3313 τὸν

2094 3350 2191 3420 τῆς
2223 3349 2520 3418 σάλπιγγος
2563 3344 2697 3421 ἦχον
2717 3388 2732 3412 ,
2776 3348 2911 3402 ἀλλὰ
2942 3348 3324 3422 διεσταλμένον
3355 3353 3471 3415 τοῖς
3512 3352 3689 3420 φθόγ-

2096 3455 2212 3506 γοις
2254 3440 2392 3510 πρὸς
2437 3440 2535 3510 τὴν
2576 3440 2684 3494 τῶν
2733 3439 3041 3494 ἀκουόντων
3091 3442 3413 3512 σαφήνειαν.
3467 3443 3691 3496 Οὐκοῦν

2096 3531 2390 3601 ἠχήσωμεν
2422 3532 2515 3585 καὶ
2542 3531 2723 3603 ἡμεῖς,
2772 3532 3022 3602 ἀδελφοὶ,
3072 3531 3336 3605 λαμπράν
3381 3550 3497 3587 τινα
3536 3532 3690 3605 ἠχὴν

2095 3625 2190 3676 καὶ
2217 3622 2558 3691 ἐξάκουστον,
2588 3624 2740 3677 οὐδὲν
2758 3628 2859 3696 τῆς
2885 3625 3175 3695 κερατίνης
3194 3626 3544 3697 ἀτιμοτέραν.
3566 3626 3689 3677 Καὶ

2096 3712 2205 3783 γὰρ
2232 3714 2327 3766 καὶ
2353 3716 2381 3766 ὁ
2407 3715 2570 3785 νόμος
2609 3716 2667 3768 ὲν
2707 3717 2818 3778 τοῖς
2844 3717 2945 3784 τῆς
2971 3717 3129 3780 σκιᾶς
3156 3716 3350 3779 τύποις
3377 3716 3689 3788 προδιαζω-

2097 3803 2326 3874 γραφῶν
2356 3808 2455 3877 τὴν
2483 3806 2763 3878 ἀλήθειαν,
2799 3809 2857 3860 ὲν
2880 3810 2946 3878 τῇ
2986 3809 3332 3880 σκηνοπηγίᾳ
3356 3809 3451 3862 τὸν
3480 3811 3548 3862 ὲκ
3572 3810 3692 3863 τῶν

2100 3895 2416 3965 σαλπίγγων
2467 3893 2599 3967 ἦχον
2643 3899 3024 3970 ἐνομοθέτησε.
3069 3901 3181 3954 Καὶ
3221 3902 3253 3971 ὴ
3299 3901 3549 3972 παροῦσα
3581 3903 3692 3971 τῆς

417 3999 683 4053 mentum,
708 4003 849 4043 verae
884 3988 1222 4043 tabernaculi
1256 3988 1647 4043 exstructionis
1676 3988 1994 4059 mysterium

2101 3989 2295 4059 ἑορτῆς
2335 3989 2586 4052 ὑπόθεσις
2643 3990 2700 4042 τὸ
2734 3991 2831 4060 τῆς
2858 3991 3119 4063 ἀληθινῆς
3150 3993 3528 4062 σκηνοπηγίας
3560 3993 3691 4045 ἐστὶ

419 4081 601 4139 est.In
628 4082 730 4135 hac
759 4081 901 4136 enim
936 4079 1240 4133 humanum
1264 4080 1311 4134 ei
1339 4079 1759 4134 tabernaculum
1792 4080 1994 4149 ﬁgitur,

418 4175 512 4245 qui
545 4180 770 4243 propter
801 4188 900 4226 nos
939 4169 1167 4225 formam
1202 4170 1442 4225 hominis
1474 4170 1674 4233 induit,
1702 4170 1755 4223 in
1793 4168 1894 4223 hac
1917 4179 1999 4222 ta-

419 4267 714 4323 bernacula
739 4269 951 4327 nostra,
975 4275 1095 4331 qua:
1114 4269 1289 4316 morte
1314 4269 1660 4325 corruerant,
1686 4261 2000 4315 instauran-

419 4368 510 4412 tur
552 4359 622 4412 ab
675 4370 761 4421 eo,
793 4355 888 4425 qui
933 4354 1003 4407 ab
1055 4352 1213 4407 initio
1256 4360 1645 4407 construxerat
1682 4350 1997 4407 aediﬁcium.

421 4450 529 4505 Nos
559 4447 722 4503 etiam
750 4461 814 4501 ea
838 4446 1007 4501 verba
1034 4443 1235 4499 Psalmi
1261 4460 1387 4498 cum
1412 4444 1585 4498 voeali
1610 4443 1817 4500 Davide
1844 4444 2001 4515 plau-

422 4542 614 4595 dentes
652 4539 904 4593 dicamus
944 4552 959 4588 ι
1003 4535 1342 4601 Benedictus,
1377 4536 1468 4605 qui
1516 4537 1652 4590 venit
1700 4537 1752 4589 in
1794 4538 2000 4591 nomine

425 4633 642 4688 Domini
670 4632 708 4685 ⁸.
730 4628 1015 4696 Quomodo
1043 4634 1224 4680 autem
1266 4627 1451 4680 venit?
1489 4626 1608 4681 Non
1641 4628 1884 4698 navigio,
1906 4638 2001 4684 aut

2103 4083 2419 4152 μυστήριον.
2460 4083 2550 4137 Ἐν
2575 4084 2748 4157 ταύτῃ
2777 4083 2885 4155 γὰρ
2917 4088 3343 4156 σκηνοπηγεῖται
3367 4085 3431 4138 τὸ
3461 4085 3689 4157 ἀνθρὼ-

2100 4188 2251 4226 πινον
2286 4175 2550 4244 σκήνωμα
2583 4173 2661 4244 τῷ
2704 4175 2769 4227 δι’
2803 4176 2950 4246 ἡμᾶς
2978 4176 3321 4247 ἐνδυσαμένῳ
3342 4177 3435 4230 τὸν
3463 4177 3691 4247 ἅνθρω-

2100 4280 2200 4317 πον
2225 4281 2237 4295 ·
2268 4264 2326 4318 ἐν
2350 4264 2522 4335 ταύτῃ
2550 4266 2618 4319 τὰ
2642 4266 3059 4322 διαπεπτωκότα
3081 4268 3237 4341 ἡμῶν
3257 4268 3361 4321 ὑπὸ
3385 4269 3478 4322 τοῦ
3510 4269 3690 4322 θανά-

2099 4374 2191 4410 του
2223 4356 2557 4428 σκηνώματα
2578 4358 2739 4413 πάλιν
2770 4361 3156 4430 συμπήγνυται
3179 4360 3285 4414 ὑπὸ
3303 4360 3396 4413 τοῦ
3426 4359 3483 4425 ἐξ
3503 4361 3694 4432 ἀρχῆς

2099 4445 2161 4499 τὸ
2205 4447 2520 4517 οἰκητήριον
2567 4448 2724 4518 ήμῶν
2771 4451 3241 4522 οἰκοδομήσαντος.
3293 4452 3550 4522 Ετπωμεν
3582 4455 3692 4507 καὶ

2100 4538 2260 4608 ἡμεῖς
2286 4538 2346 4590 τὸ
2371 4538 2472 4607 τῆς
2499 4539 2834 4609 ψαλμῳδίας,
2871 4541 2948 4612 τῷ
2978 4542 3345 4615 μεγαλοφώνῳ
3367 4543 3531 4597 Δασὶδ
3556 4562 3696 4613 συγ-

2099 4630 2431 4702 χορεύοντες,
2460 4632 2542 4685 ὅτι
2577 4633 2996 4703 Εὐλογημένος
3032 4638 3065 4689 ό
3092 4636 3414 4705 ἐρχόμενος
3448 4637 3519 4689 ἐν
3546 4637 3690 4691 ὀνό-

421 4741 589 4782 curru
642 4722 845 4794 aliquo,
878 4720 974 4775 sed
1020 4720 1340 4788 incorrupta
1387 4720 1705 4789 virginitate
1738 4720 1791 4775 in
1826 4722 1998 4777 vitam

2095 4740 2235 4792 μανι
2285 4723 2527 4789 Κυρίου.
2589 4724 2712 4788 Πῶς
2757 4726 3083 4796 ἐρχόμενοςς
3149 4728 3224 4781 Ού
3283 4728 3532 4799 καθάπερ
3586 4729 3690 4784 διὰ

422 4818 714 4871 humanam
775 4812 1014 4881 trajecit.
1041 4809 1144 4865 Hic
1192 4811 1330 4866 Deus
1364 4821 1563 4877 noster,
1598 4813 1682 4867 hic
1737 4813 2000 4870 Dominus

422 4908 600 4964 illuxit
641 4905 788 4960 nobis
808 4905 848 4970 ⁵,
884 4912 944 4958 ut
978 4904 1122 4958 diem
1169 4904 1314 4959 hanc
1345 4905 1652 4961 solemnem
1690 4908 2000 4962 constitue-

424 5007 507 5056 ret
556 5000 615 5053 in
669 4996 965 5052 condensis
999 5012 1177 5067 usque
1225 4997 1293 5052 ad
1333 5012 1546 5053 cornua
1586 4997 1803 5056 altaris.
1842 4997 1997 5066 Quod

423 5098 604 5143 autem
640 5086 985 5158 mysterium,
1017 5084 1241 5151 fratres,
1278 5087 1333 5141 in
1368 5089 1460 5151 iis,
1492 5104 1616 5159 qua:
1660 5090 1808 5144 dicta
1844 5098 1995 5158 sunt,

423 5180 795 5241 contineatur,
833 5176 1154 5247 neutiquam
1207 5178 1529 5248 ignoramus
1559 5198 1589 5245 τί
1612 5179 1822 5235 scimus
1851 5180 1996 5233 enim

424 5273 712 5327 universas
742 5283 830 5324 res
852 5275 1173 5337 procreatas
1196 5282 1322 5323 esse
1342 5268 1508 5323 veluti
1541 5271 1801 5339 templum
1826 5268 1999 5339 quod-

2103 4814 2286 4868 πλοίου
2340 4815 2505 4880 τινὸς,
2548 4816 2910 4888 ἧόχήματος,
2966 4819 3054 4873 διὰ
3101 4821 3158 4873 δὲ
3203 4819 3304 4891 τῆς
3346 4820 3691 4892 παρθενικῆς

2100 4904 2366 4978 ἀφθορίας
2388 4908 2480 4961 ἐπὶ
2500 4909 2588 4962 τὸν
2615 4908 2954 4980 ἀνθρώπινον
2972 4911 3085 4983 βίον
3100 4913 3455 4985 διαπεράσας.
3485 4910 3685 4983 Οὗτος

2100 4996 2133 5046 ό
2165 4995 2309 5061 Θεὸς
2351 4996 2541 5065 ἡμῶν,
2584 4995 2763 5066 οὗτος
2785 5003 2818 5054 ὁ
2850 5002 3063 5069 Κύριος
3096 5003 3401 5073 ἐπέφανεν
3420 5003 3564 5074 ἡμῖν
3592 5004 3685 5067 εἰς

2100 5087 2160 5139 τὸ
2208 5091 2579 5160 συστήσασθαι
2630 5092 2730 5165 τὴν
2778 5094 2972 5164 ἑορτὴν
3009 5094 3213 5165 ταύτην
3246 5098 3303 5149 ὲν
3345 5097 3457 5159 τοῖς
3498 5101 3693 5148 πυκά-

2101 5179 2304 5245 ζουσιν,
2346 5184 2451 5248 ἕως
2482 5185 2590 5240 τῶν
2618 5188 2865 5258 κεράτων
2891 5187 2983 5242 τοῦ
3015 5188 3421 5260 Θυσιαστηρίου.
3456 5189 3691 5253 Πάντως

2100 5272 2157 5325 δὲ
2181 5273 2281 5327 οὐκ
2308 5276 2633 5348 ἀγνοοῦμεν,
2666 5278 2902 5348 ἀδελφοὶ,
2929 5280 2991 5333 τὸ
3020 5281 3077 5335 ἐν
3098 5284 3211 5346 τοῖς
3238 5282 3551 5353 εἰρημένοις
3578 5299 3691 5352 μυ-

424 5364 550 5418 dam
572 5358 807 5425 Domini,
829 5374 861 5413 a
893 5374 1002 5428 quo
1020 5369 1322 5427 procreatae
1340 5367 1490 5413 sunt.
1519 5359 1742 5425 Verum,
1764 5359 1890 5429 quia
1914 5374 1998 5414 su-

2357 5328 2369 5344 o
2426 5328 2461 5329 "
2512 5328 2632 5348 κατ’
2669 5328 2902 5348 """T"!
2940 5328 2987 5333 "
3022 5328 3069 5335 "
3109 5328 3208 5346 *ν’*
3240 5328 3547 5353 "t"tl""""
3578 5328 3656 5352 Γ*

2106 5366 2323 5435 στήριον
2343 5383 2356 5397 ·
2402 5369 2483 5423 ὅτι
2513 5371 2661 5423 πᾶσα
2690 5373 2723 5442 ή
2757 5371 2933 5436 κτίσις
2974 5373 3033 5426 ἓν
3072 5390 3123 5426 τι
3153 5373 3245 5427 τοῦ
3279 5372 3549 5426 Δεσπότου
3578 5374 3692 5444 τῆς

425 5454 749 5526 perinducto
774 5461 999 5524 peccato
1023 5452 1306 5507 obstructa
1334 5462 1491 5508 erant
1508 5467 1606 5506 ora
1635 5453 1876 5515 illorum,
1902 5451 1997 5521 qui

424 5563 457 5602 ιι
496 5549 705 5603 malitia
741 5547 874 5602 victi
908 5546 1146 5615 fuerant,
1179 5546 1574 5602 exsultationis
1609 5561 1713 5601 vox
1749 5545 1997 5601 obticue-

497 5711 516 5743 ⁸
543 5707 688 5765 Psal.
739 5725 900 5776 cxxx,
936 5709 988 5763 4.
1070 5711 1089 5742 ¹
1118 5709 1136 5764 I
1167 5710 1288 5764 (lor.
1338 5727 1443 5779 xiv,
1487 5711 1516 5763 7
1541 5726 1660 5782 sqq.

2103 5454 2331 5520 κτίσεὼς
2355 5457 2499 5513 ἐστιν
2519 5460 2836 5534 ἀνάκτορον.
2880 5463 3039 5527 Ἀλλ’,
3067 5462 3251 5536 ἐπειδὴ
3280 5467 3381 5535 τῆς
3408 5463 3687 5534 ἁμαρτίας

2103 5545 2520 5621 ἐπεισελθούσης
2548 5552 2761 5624 ὲφράγη
2793 5553 2900 5607 τῶν
2927 5557 2993 5626 τῇ
3028 5556 3196 5627 κακίᾳ
3227 5554 3692 5629 κατειλημμένων

1761 5710 1780 5742 ³
1835 5707 2006 5767 Levit.
2063 5728 2221 5781 χχιιι,
2274 5713 2365 5768 24.
2410 5713 2429 5745 ⁸
2462 5715 2607 5773 Psal.
2647 5734 2817 5786 cxvn,
2851 5720 2941 5775 25.
3016 5722 3035 5754 ⁵
3077 5720 3206 5776 ibid.
3234 5720 3327 5777 27.
