3972 6208
196 434 342 496 “‘29

1339 429 1413 486 ἸΝ
1451 432 1612 488 DIE.“
1653 431 1980 487 NATALEM
2019 431 2317 488 CHRISTI.

3323 441 3464 500 “30

198 557 266 607 τὰ
295 550 578 620 στόματα,
630 549 726 602 καὶ
774 549 1141 621 κατεσιγάσθη
1193 549 1344 621 φωνὴ
1386 550 1778 618 ἀγαλλιάσεως,

1887 560 1998 617 rat,
2027 560 2081 606 et
2118 552 2238 607 dies
2272 552 2442 608 festos
2472 551 2871 609 celebrantium
2909 570 3218 613 consensus
3257 557 3464 614 distra-

199 645 289 695 καὶ
317 639 618 711 διεσπάσθη
645 640 754 693 τῶν
779 641 1194 712 έορταζόντωνή
1227 642 1534 710 συμφιιινία,
1560 641 1660 711 τῆς
1687 644 1782 695 ἀν-

198 735 483 806 θρωπίνης
503 731 731 795 κτίσεως
759 732 818 784 ού
839 731 1301 804 συνεορταζούσης
1331 735 1394 803 τῇ
1429 733 1784 804 ὑπερκοσμίῳ

200 827 385 896 φύσει,
418 823 510 878 διά
541 823 729 877 τοῦτον
771 819 934 894 ἦλθον
983 825 1040 877 αἱ
1067 824 1176 877 τῶν
1201 823 1495 896 προφητῶν
1527 825 1618 877 καὶ
1647 825 1778 877 ἀπο-

201 918 404 974 στόλων
453 915 752 984 σάλπιγγες
772 955 788 978 ,
814 915 880 980 ἃς
926 915 1214 986 κερατίνας
1247 917 1276 970 ὁ
1303 915 1485 986 Νόμος
1515 917 1667 985 φησὶ,
1697 915 1786 968 διὰ

197 1013 259 1064 τὸ
289 1007 430 1064 εἶναι
459 1010 638 1063 αὐτῶν
666 1009 765 1080 τὴν
794 1008 1136 1080 κατασκευὴν
1169 1009 1232 1062 ὲκ
1266 1009 1360 1062 τοῦ
1391 1006 1646 1079 ἀληθινοῦ
1689 1026 1784 1079 μου

201 1104 524 1173 νοκέρωτος.
572 1103 639 1156 Αἰ
689 1101 830 1155 κατὰ
875 1100 1117 1170 τὴν,τοῦ
1168 1101 1482 1172 Πνεύματος
1522 1101 1783 1172 δύναμιν,

199 1195 453 1248 σύντονον
496 1193 588 1248 τὸν
637 1193 737 1264 τῆς
781 1193 1040 1264 ἀληθείας
1084 1195 1295 1265 ἤχησαν
1323 1193 1500 1261 λόγον,
1551 1194 1638 1246 ἵνα
1687 1193 1784 1262 τῆς

198 1287 367 1356 ἀκοῆς
389 1285 498 1339 τῶν
523 1285 628 1338 ὑπὸ
657 1289 756 1354 τῆς
783 1285 1055 1355 ἁμαρτίας
1088 1286 1564 1356 ὲμπεφραγμένων
1589 1285 1786 1338 διανοι-

201 1377 443 1448 χθείσης,
498 1378 595 1450 μία
623 1377 846 1446 γένηται
882 1376 1169 1446 σύμφωνος
1212 1376 1392 1448 ἑορτὴ,
1442 1376 1527 1429 διά
1553 1375 1646 1429 τοῦ
1681 1394 1784 1428 πυ-

201 1470 416 1541 κασμοῦ
444 1470 542 1541 τῆς
565 1469 941 1540 σκηνοπηγίας
968 1470 1066 1539 τῆς
1095 1469 1244 1523 κάτω
1275 1469 1505 1532 κτίσεως
1529 1469 1664 1540 πρὸς
1686 1467 1785 1530 τὰς

200 1562 491 1632 ἐξεχούσας
541 1561 636 1614 καὶ
681 1559 1126 1631 προϐεϐλημέναις
1170 1559 1298 1628 περὶ
1335 1557 1396 1611 τὸ
1435 1559 1548 1612 ἄνω
1597 1557 1786 1609 θυσια-

203 1655 424 1724 στήριον
452 1653 711 1723 δυνάμεις
754 1650 1158 1721 συνυπηχοῦσα.
1211 1651 1293 1705 Τά
1323 1651 1429 1720 γάρ
1454 1650 1659 1720 κέρατα
1692 1647 1784 1701 τοῦ

201 1746 395 1817 νοητοῦ
443 1743 830 1814 θυσιαστηρίου
880 1745 936 1796 αἱ
981 1742 1418 1814 προϐεϐλημέναι
1467 1758 1524 1793 τε
1573 1741 1666 1794 καὶ
1699 1738 1786 1804 ἐξ-

203 1837 424 1905 έχουσαι
455 1837 554 1905 τῆς
580 1835 770 1904 νοερᾶς
806 1833 1018 1902 φύσεως
1041 1833 1307 1903 Δυνάμεις
1329 1832 1486 1896 εἰσὶν,
1504 1831 1692 1902 Ἀρχαί
1725 1847 1785 1883 τε

1885 653 2007 698 etus
2029 651 2167 708 erat,
2193 660 2315 697 cum
2346 644 2584 698 humana
2616 654 2814 700 natura
2845 661 2968 701 cum
3003 648 3284 703 beatarum
3310 665 3465 705 men-

1888 734 2022 787 tium
2058 742 2254 788 natura
2285 736 2338 788 in
2371 736 2705 791 celebrando
2736 753 2844 790 non
2879 739 3224 801 conveniret,
3251 739 3464 794 idcirco

1888 837 2161 881 venerunt
2188 827 2579 896 prophetarum
2605 836 2672 897 et
2701 831 3081 899 apostolorum
3111 833 3302 896 turbae,
3325 847 3466 902 quas

1890 916 1998 971 Lex
2035 933 2270 972 corneas
2301 928 2481 982 vocat,
2510 921 2639 990 quia
2665 937 2728 976 ex
2763 937 2892 976 vero
2916 923 3168 977 uuicorni
3201 926 3467 979 confectae

1887 1018 2037 1064 sunt.
2063 1009 2151 1064 llze
2181 1009 2387 1078 Spiritu
2418 1021 2612 1066 sancto
2637 1013 2833 1067 inﬂatm
2864 1016 3185 1069 continuum
3217 1017 3466 1071 veritatis

1888 1117 2084 1156 sonum
2119 1102 2494 1170 protulerunt,
2523 1112 2582 1156 ut
2611 1105 2842 1158 auribus
2869 1120 3086 1166 eorum,
3115 1107 3207 1176 qui
3237 1113 3468 1176 propter

1889 1203 2178 1264 peceatum
2217 1195 2646 1254 obsurdui-rant.
2682 1197 2991 1265 patefactis,
3026 1213 3120 1266 per
3151 1196 3467 1251 condensa-

1887 1289 2091 1340 tionem
2129 1287 2471 1341 tabernaculi
2506 1286 2786 1341 inferioris
2823 1303 2946 1341 cum
2989 1287 3206 1342 eximiis
3244 1295 3299 1340 et
3331 1300 3467 1356 prae-

1889 1380 2166 1434 SIantibus
2207 1379 2314 1434 illis
2349 1379 2670 1442 virtutibus,
2699 1394 2822 1446 qua:
2858 1380 2923 1432 ad
2966 1379 3140 1433 altare
3163 1393 3464 1448 supernum

1888 1478 2098 1534 astant,
2128 1472 2542 1532 concinentem.
2579 1485 2684 1524 una
2719 1469 3050 1524 solonmitas
3067 1467 3460 1522 celebraretur.

1889 1561 2070 1616 Divini
2117 1561 2266 1617 enim
2301 1562 2452 1616 illius
2498 1561 2690 1616 altaris
2734 1575 2944 1614 cornua
2995 1567 3124 1613 sunt
3164 1559 3381 1612 eximim
3411 1567 3468 1612 et

1889 1663 2213 1725 praestantes
2245 1654 2488 1709 caelestis
2536 1662 2745 1708 natura:
2789 1653 3053 1714 Virtutes,
3085 1660 3141 1707 et
3181 1651 3468 1721 Principa-

1888 1754 2000 1807 tus,
2031 1752 2086 1797 et
2112 1741 2445 1809 Potestates,
2469 1751 2522 1798 et
2544 1742 2773 1808 Throni,
2799 1752 2855 1797 et
2881 1742 3314 1803 llomiuationes,
3343 1741 3466 1809 qui-

1889 1836 2122 1891 buscum
2154 1852 2250 1906 per
2274 1836 2619 1891 tabernaculi
2650 1836 3040 1890 excitationem
3065 1835 3119 1888 in
3145 1833 3468 1890 celebritate

199 1929 295 1981 καὶ
314 1927 602 1990 Ἐξουσίαι,
629 1925 722 1979 καὶ
745 1925 954 1995 Θρόνοι,
975 1925 1068 1978 καὶ
1091 1924 1439 1994 κυριότητες
1465 1922 1600 1994 πρὸς
1627 1921 1692 1982 ἃς
1721 1921 1779 1990 τῇ

1895 1927 2256 1999 coniungitur
2295 1927 2536 1982 humana
2600 1934 2820 1992 natura,
2863 1927 3222 1984 renovatione
3263 1939 3469 1994 corpo-

199 2020 460 2090 κοινωνίᾳ
505 2020 601 2089 τῆς
651 2018 844 2088 ἑορτῆς
890 2019 1220 2072 συνάπτεται
1264 2017 1354 2070 διὰ
1379 2018 1480 2086 τῆς
1517 2017 1657 2070 κατά
1684 2015 1782 2085 τὴν

200 2112 498 2165 ἀνάστασιν
527 2109 960 2194 σκηνοπηγίαςσὴ
1001 2108 1314 2179 ἀνθρωπίνη
1345 2107 1528 2176 φύσις,
1555 2110 1620 2178 τῇ
1650 2108 1784 2160 ἀνα-

201 2199 434 2253 καινίσει
481 2197 592 2251 τῶν
623 2198 889 2270 σωμάτων
940 2197 1313 2268 πυκαζομένη.
1365 2198 1438 2250 Τὸ
1471 2198 1579 2268 γάρ
1609 2198 1784 2250 πυκά-

145 2276 152 2282 ·
201 2291 391 2356 ζεσθαι
437 2288 554 2344 ἶσόν
601 2293 717 2343 ἐστι
762 2290 840 2360 τῷ
887 2291 1211 2361 κοσμεῖσθαι
1260 2291 1293 2360 ἦ
1341 2290 1780 2362 περιϐάλλεσθαι,

153 5917 182 5927 ιιι

123 5943 166 5966 ‘v

201 2384 385 2447 καθὼς
435 2383 830 2455 ἑρμηνεύουσιν
881 2384 930 2436 οί
983 2383 1154 2437 ταῦτα
1195 2381 1570 2451 γινώσκοντες.
1623 2381 1787 2435 Δεῦτε

199 2477 378 2530 τοίνυν
401 2477 538 2544 πρὸς
561 2477 658 2546 τὴν
685 2474 1059 2545 πνευματικὴν
1084 2474 1301 2545 χορείαν
1325 2473 1417 2536 τάς
1435 2472 1612 2543 ψυχάς
1632 2472 1789 2543 ἡμῶν

200 2567 580 2638 διεγείραντες,
609 2565 836 2636 ἔξαρχον
867 2566 961 2618 καὶ
986 2564 1340 2635 καθηγεμόνα
1367 2565 1459 2618 καὶ
1488 2566 1786 2634 κορυιξαῖον

1890 2035 2010 2072 rum
2056 2019 2417 2075 condensata.
2470 2018 2605 2073 Nam
2657 2019 3010 2082 condensari,
3057 2028 3110 2073 et
3160 2018 3370 2082 ornari,
3412 2023 3469 2070 et

1890 2109 2039 2164 indui
2076 2110 2219 2165 idem
2251 2118 2358 2174 est,
2390 2120 2450 2166 ut
2493 2111 2592 2170 illi.
2629 2111 2722 2180 qui
2772 2110 2887 2164 lnee
2927 2111 3259 2180 intelligunt.
3293 2109 3465 2163 inter-

1891 2210 2197 2271 pretantur.
2223 2202 2386 2273 Agite
2415 2202 2600 2272 igitur,
2626 2202 2694 2258 ad
2729 2202 3035 2272 spiritalem
3061 2203 3316 2256 cborcam
3349 2199 3468 2254 ani-

1891 2310 2010 2348 mos
2043 2301 2264 2350 nostros
2304 2295 2630 2358 excitemus,
2663 2295 2932 2363 nobisque
2962 2295 3118 2348 chori
3165 2294 3384 2357 ducem,
3413 2299 3470 2346 et

1894 2385 2224 2453 principem,
2263 2395 2318 2440 et
2354 2385 2705 2456 coryphaeum
2747 2383 3007 2439 Davidem
3065 2397 3463 2454 proponamus,

1893 2481 1948 2528 et
1987 2490 2094 2528 una
2127 2490 2252 2528 cum
2305 2475 2400 2528 illo
2448 2475 2665 2530 dulcem
2702 2475 2847 2530 illam
2883 2476 3204 2531 emittamus
3249 2489 3460 2541 vocem,

1894 2578 2058 2631 quam
2093 2571 2219 2618 ante
2253 2563 2580 2620 cecinimus.

202 2657 300 2726 τῆς
330 2655 686 2727 χοροστασίας
720 2655 876 2726 ἡμῶν
895 2697 910 2721 ,
964 2655 1057 2709 τὸν
1088 2655 1254 2709 Δαδῖδ
1283 2653 1738 2726 προστησώμεθα’
1781 2653 1875 2707 καὶ
1896 2653 2138 2724 εἴπωμεν
2161 2657 2278 2724 μετ’
2300 2656 2506 2709 ἐκείνου
2529 2655 2626 2727 τὴν
2658 2656 2916 2725 γλυκεῖαν
2948 2653 3128 2727 φωνὴν
3160 2654 3374 2724 ἐκείνην
3397 2653 3467 2726 ἠν

203 2752 505 2821 φθάσαντες
539 2752 756 2822 ὑμνῳδή
766 2769 830 2804 σα
839 2769 955 2824 μεν.
1761 2814 1765 2819 _

273 2845 381 2897 Καὶ
415 2844 574 2897 πάλιν
600 2844 768 2914 αὐτὴν
795 2844 1174 2916 ἀναλάϐωμεν,
1208 2846 1290 2899 ὅτι
1340 2845 1500 2913 Αὕτη
1529 2847 1567 2914 οή
1595 2845 1783 2915 ἡμέρα

199 2935 281 3005 ἦν
317 2938 606 3005 ἐποίησεν
637 2940 670 2992 ό
709 2939 952 3005 Κύριος,
999 2937 1499 3008 ἀ;α.ιλιασὼμεοα
1549 2938 1648 2992 καί
1685 2940 1784 2994 εὐ·

199 3028 553 3098 φρανθὼμεν
591 3030 661 3083 ἐν
705 3029 878 3098 αὐτῇ.
947 3031 1035 3082 Ἐν
1169 3029 1453 3100 μειοῦσθαι
1489 3031 1550 3084 τὸ
1593 3031 1782 3094 σκότος

199 3119 465 3190 ἄρχεται,
511 3121 606 3175 κα)⁵
649 3121 719 3176 τά
760 3123 860 3194 τῆς
893 3123 1085 3184 νυκτὸς
1123 3122 1296 3192 μέτρα
1327 3121 1405 3192 τῷ
1436 3121 1783 3185 πλεονάζοντι

196 3213 300 3282 τῆς
319 3213 535 3275 ἀκτῖνος
566 3215 883 3266 συνωθεῖται
918 3214 1055 3284 πρὸς
1087 3213 1346 3284 ἔκλειψιν.
1376 3215 1451 3268 Ού
1486 3215 1778 3286 συντυχική

195 3321 304 3367 τις,
351 3304 601 3374 ἀδελφοὶ,
641 3305 831 3373 γέγονε
869 3304 1009 3358 κατά
1040 3304 1100 3358 τὸ
1131 3307 1436 3375 αὐτόματον
1479 3306 1512 3376 ἡ
1558 3305 1778 3376 τοιαύτη

200 3396 333 3466 περὶ
378 3395 476 3466 τὴν
523 3397 716 3468 ἑορτὴν
747 3397 1062 3468 οἰκονομία,
1110 3397 1173 3450 τὸ
1210 3397 1305 3450 νῦν
1339 3396 1667 3466 ἐπιφανῆναι
1706 3398 1774 3466 τῇ

197 3489 515 3562 ἀνθρωπίνῃ
543 3492 654 3560 ζωῇ
686 3488 782 3560 τὴν
809 3488 955 3542 θείαν
986 3490 1132 3560 ζωήν
1155 3506 1169 3520 ο
1221 3488 1356 3542 ἀλλά
1396 3505 1449 3540 τι
1481 3489 1777 3558 μυστήριον

197 3580 287 3634 διὰ
318 3580 426 3632 τῶν
468 3581 809 3650 φαινομένων
851 3583 961 3644 τοῖς
1000 3580 1466 3651 διορατικωτέροις
1511 3579 1777 3650 διηγεῖται

196 3675 229 3742 ἡ
262 3673 456 3736 κτίσις,
495 3673 776 3743 μονονουχὶ
821 3673 1004 3744 φωνὴν
1053 3674 1273 3742 ἀφιεῖσα
1315 3672 1411 3726 καὶ
1453 3673 1777 3726 διδάσκουσα

197 3762 290 3816 τὸν
331 3762 548 3815 ἀκούειν
581 3761 897 3832 δυνάμενον,
929 3763 982 3815 τί
1023 3761 1268 3832 βούλεται
1304 3763 1363 3816 ὲν
1395 3764 1461 3834 τῇ
1504 3762 1776 3835 παρουσία

195 3852 291 3905 τοῦ
317 3853 587 3906 Δεσπότου
616 3854 799 3924 ἡμέρα
828 3852 1332 3924 προσαυξανομένη,
1377 3853 1469 3906 καὶ
1496 3853 1592 3918 νὺξ
1623 3852 1776 3907 κολο-

197 3945 461 4016 ϐουμένη.
533 3943 674 4012 Ἐγὼ
714 3947 822 4016 γάρ
857 3963 948 4016 μοι
973 3945 1117 3999 δοκῶ
1146 3944 1370 3998 τοιαῦτά
1403 3963 1522 3998 τινα
1554 3945 1776 4010 διεξιού-

197 4053 299 4103 σης
333 4037 551 4090 ἀκούειν
574 4037 672 4106 τῆς
698 4037 960 4102 κτίσεως,
1009 4038 1091 4090 ὅτι
1120 4035 1304 4090 Ταῦτα
1337 4036 1570 4107 βλέπων,
1601 4032 1647 4091 ὦ
1679 4037 1776 4092 άν-

196 4129 404 4200 θρωπε,
445 4129 553 4184 νόει
580 4129 641 4183 τὸ
675 4129 761 4183 διὰ
793 4130 902 4183 τῶν
937 4129 1272 4200 φαινομένων
1302 4130 1542 4201 κρυπτάν
1575 4147 1658 4182 σοι
1683 4129 1776 4200 δη-

198 4221 476 4291 λούμενον.
512 4221 671 4292 Ὁρᾷς
696 4223 788 4276 ἐπὶ
809 4221 868 4274 τὸ
887 4221 1184 4292 ἀκρότατον
1209 4223 1381 4293 μῆκος
1408 4221 1775 4292 προελθοῦσαν

196 4315 296 4382 τὴν
321 4313 512 4375 νύκτα,
544 4315 638 4367 καὶ
668 4314 964 4385 ἱσταμένην
993 4314 1091 4385 τῆς
1117 4315 1210 4368 ὲπὶ
1254 4315 1314 4367 τὸ
1361 4314 1550 4382 πρόσω
1579 4317 1772 4385 φορᾶς,

198 4407 294 4458 καὶ
318 4406 397 4468 είς
420 4405 480 4458 τὸ
503 4405 738 4476 ἔμπαλιν
767 4405 1134 4470 ἀναλύουσαν;
1163 4407 1372 4477 Νόησον
1401 4408 1481 4460 ὅτι
1509 4409 1540 4477 ἡ
1565 4405 1777 4478 πονηρά

193 4493 295 4562 τῆς
324 4494 593 4565 ἁμαρτίας
619 4495 734 4560 νὺξ,
768 4495 854 4564 ἐφ’
881 4497 1004 4550 ὅσον
1029 4491 1140 4551 οἶόν
1166 4515 1224 4550 τε
1255 4493 1323 4568 ἦν
1344 4497 1658 4568 αὐξηθεῖσα,
1685 4496 1777 4551 καὶ

191 4582 282 4634 διά
328 4583 508 4652 πάσης
556 4584 740 4637 κακῶν
789 4585 1031 4650 ἐπινοίας
1077 4588 1172 4640 ἐπὶ
1219 4586 1281 4640 τὸ
1333 4589 1633 4658 ἀκρότατον
1678 4589 1777 4658 τῆς

194 4675 460 4746 πονηρίας
515 4676 741 4746 μέγεθος
786 4677 1071 4746 φθάσασα,
1121 4679 1362 4750 σήμερον
1394 4681 1636 4751 ἀνεκόπη
1678 4683 1778 4752 τῆς

190 4767 288 4819 ἐπὶ
317 4767 502 4820 πλεῖον
529 4769 729 4838 νομῆς,
783 4770 876 4822 καὶ
906 4769 976 4822 τὰ
1007 4769 1115 4823 ἀπὸ
1150 4769 1340 4822 τούτου
1371 4771 1508 4840 πρὸς
1537 4771 1777 4842 ἔκλειψίν

187 4877 250 4912 τε
276 4859 371 4913 καὶ
391 4859 697 4930 ἀφανισμὸν
727 4860 1124 4916 συνελαύνεται.
1167 4862 1329 4934 Ὁρᾷς
1355 4863 1455 4932 τὴν
1478 4863 1570 4916 τοῦ
1601 4865 1778 4932 φωτὸς

185 4947 391 5000 ἀκτῖνα
420 4947 834 5020 διαρκεστέραν,
883 4949 976 5003 καὶ
1004 4950 1330 5022 ὑψηλότερον
1359 4953 1457 5022 τῆς
1489 4954 1777 5024 συνηθείας

181 5039 285 5092 τὸν
313 5038 465 5110 ἥλιον
495 5056 509 5104 ;
537 5040 665 5092 Νόει
703 5040 795 5093 τοῦ
825 5041 1077 5112 ἀληθινοῦ
1113 5043 1289 5112 φωτὸς
1321 5043 1418 5114 τὴν
1446 5045 1770 5116 παρουσίαν,

181 5128 286 5182 τοῦ
328 5132 449 5192 ταῖς
482 5128 866 5198 εὐαγγελικαῖς
894 5131 1077 5184 ἀκτῖσι
1107 5134 1290 5186 πᾶσαν
1320 5133 1418 5204 τὴν
1451 5135 1777 5206 οίκουμένην

180 5218 686 5284 καταφωτίζοντος.
719 5220 762 5271 Τ
765 5221 874 5290 ἀχα
903 5221 959 5275 δὲ
992 5222 1086 5275 καὶ
1113 5221 1207 5276 τοῦ
1237 5223 1310 5293 μὴ
1350 5224 1630 5295 καταρχὰς
1655 5226 1777 5279 ἐπι-

179 5309 434 5381 φανῆναι
477 5311 570 5365 τὸν
615 5313 819 5385 Κύριον
838 5355 852 5377 ,
899 5313 1014 5367 ἀλλ’
1044 5315 1132 5366 ἐπ’
1160 5315 1405 5386 ἐσχάτων
1433 5317 1542 5370 τῶν
1570 5316 1777 5387 χρόνων

176 5403 522 5474 χαρίσασθαι
564 5406 630 5475 τῇ
663 5404 977 5477 ἀνθρωπίνῃ
1011 5404 1124 5475 ζωῇ
1165 5405 1264 5476 τῆς
1311 5406 1565 5476 θεότητος
1609 5405 1774 5460 αὑτοῦ

175 5497 290 5568 τὴν
343 5495 676 5566 ἐμφάνειαν,
725 5497 930 5567 ταύτην
959 5495 1026 5550 ἄν
1061 5513 1144 5559 τις
1183 5495 1282 5568 τὴν
1315 5497 1496 5551 αἰτίαν
1538 5499 1777 5565 εὐλόγως

173 5587 564 5656 ὑπονοήσειεν,
593 5587 674 5640 ὅτι
699 5587 728 5639 ό
753 5587 962 5658 μέλλων
988 5589 1079 5642 ἐπὶ
1103 5587 1416 5661 καθαιρέσει
1447 5587 1545 5658 τῆς
1576 5587 1774 5650 κακίας

171 5680 262 5750 τῷ
283 5676 617 5750 ἀνθρωπίνῳ
639 5680 1071 5750 καταμίγνυσθαι
1102 5680 1221 5750 βίῳ,
1254 5681 1566 5747 ἀναγκαίως
1593 5681 1774 5734 πᾶσαν

170 5864 230 5926 9⁸
264 5862 417 5922 Psal.
469 5878 638 5931 cxvn,
671 5865 762 5922 Ἡ.
849 5866 892 5896 ¹⁷
931 5864 1123 5919 Matth.
1169 5880 1251 5922 ut.
1292 5865 1377 5920 10.

122 5959 240 6024 ’Ϊξι
517 5960 788 6024 Parnm.
827 5959 944 6020 Gn.
979 5959 1204 6020 XLVI.

247 6024 357 6044 w-

1961 2840 2053 2896 Sic
2077 2839 2246 2911 igitur
2281 2855 2507 2894 rursum
2539 2849 2871 2911 repetamus.
2909 2841 3038 2897 [lare
3060 2851 3138 2897 est
3173 2843 3284 2896 dies
3305 2858 3467 2912 quam

1886 2933 2009 3002 fecit
2030 2931 2286 2986 Dominus
2309 2949 2328 2986 :
2350 2933 2695 2994 exsultemus.
2722 2943 2770 2988 et
2787 2933 3026 2989 la'temur
3045 2936 3094 2987 in
3121 2950 3184 2988 ea
3201 2934 3264 2988 “.
3287 2932 3346 2988 In
3366 2935 3467 2987 hac

1885 3026 2128 3082 tenebris
2161 3026 2431 3094 incipiunt
2475 3025 2669 3091 minui,
2711 3035 2764 3080 et
2803 3033 3094 3082 crescente
3147 3025 3463 3095 splendore,

1885 3119 2066 3175 noctis
2100 3117 2322 3173 termini
2351 3119 2776 3172 contrahuntur.
2802 3116 2989 3188 Neque
3014 3119 3158 3172 enim
3203 3134 3338 3172 casu
3368 3128 3465 3172 aut

1888 3220 2081 3280 sponte
2111 3225 2211 3264 sua
2245 3209 2573 3280 contingunt
2603 3209 2738 3272 haec,
2771 3209 2995 3275 fratres,
3025 3211 3077 3264 in
3115 3211 3215 3263 hac
3246 3209 3335 3265 die
3369 3225 3463 3264 so-

1888 3302 2077 3363 lemni,
2103 3316 2211 3370 qua
2241 3301 2493 3355 humana:
2528 3300 2654 3354 vita:
2687 3301 2941 3369 splendet
2962 3301 3148 3355 divina
3187 3303 3295 3355 vita
3325 3317 3337 3354 :
3368 3303 3463 3358 sed

1889 3409 1982 3464 per
2009 3408 2071 3448 ea
2098 3408 2218 3463 qua:
2241 3401 2547 3447 cernuntur
2577 3393 2780 3447 mentis
2815 3393 2989 3448 aciem
3030 3393 3460 3459 intendentibus,

1887 3499 2156 3538 arcanum
2186 3483 2463 3553 quoddam
2489 3484 2734 3539 ostendit
2766 3493 2984 3546 natura.
3013 3500 3076 3540 ac
3107 3495 3316 3541 tantum
3351 3504 3461 3543 non

1887 3591 2074 3630 vocem
2105 3580 2362 3630 emittens
2390 3575 2550 3630 docet
2573 3590 2690 3639 eos,
2715 3575 2808 3644 qui
2836 3575 3028 3630 audire
3055 3587 3306 3648 possunt,
3330 3581 3462 3650 quid

1885 3667 1991 3722 sibi
2026 3667 2175 3730 velit,
2201 3666 2347 3736 quod
2383 3667 2438 3720 in
2469 3667 2704 3722 adventu
2728 3665 2941 3721 Domini
2974 3667 3092 3724 dies
3131 3681 3384 3740 augetur,
3406 3679 3462 3726 et

1884 3775 1991 3813 nox
2023 3759 2387 3814 imminuitur.
2415 3758 2540 3813 Mihi
2571 3759 2716 3813 enim
2752 3759 2944 3813 videor
2979 3775 3097 3814 eam
3129 3761 3209 3816 sic
3234 3763 3460 3833 loquen-

1884 3859 1991 3907 tem
2026 3852 2290 3907 exaudire
2317 3867 2330 3904 :
2362 3851 2688 3912 Considera.
2723 3851 2911 3918 homo,
2942 3854 3036 3920 qui
3069 3853 3184 3909 hanc
3230 3857 3458 3926 aspicis,

1881 3944 2040 3998 exiis
2075 3960 2196 4013 quae
2235 3944 2514 4008 videntur,
2547 3959 2611 3998 ea
2644 3945 2740 3998 tibi
2774 3947 2976 4014 aperiri
3013 3962 3136 4016 qua:
3178 3950 3461 4005 recondita

1883 4045 2032 4091 sunt.
2056 4035 2218 4093 Vides
2235 4042 2449 4090 noctem
2475 4035 2542 4089 ad
2563 4051 2832 4091 summam
2859 4037 3256 4107 longitudinem
3278 4056 3462 4110 perve-

1884 4130 2054 4193 nisse,
2097 4136 2314 4183 etcum
2363 4127 2618 4198 progredi
2677 4129 2912 4185 ulterius
2963 4141 3216 4200 nequeat,
3269 4135 3460 4186 consi-

1883 4229 2050 4284 stere,
2085 4233 2148 4273 ac
2174 4217 2426 4287 regredi?
2446 4217 2636 4286 Cogita
2661 4219 2953 4273 exitiosam
2987 4222 3190 4288 peccati
3217 4230 3458 4289 noctem,

1883 4325 2006 4380 qua:
2035 4309 2196 4364 malis
2219 4307 2478 4361 omnibus
2505 4307 2719 4362 artibus
2750 4318 2910 4362 aucta
2941 4309 3007 4362 ad
3038 4325 3314 4366 summum
3349 4330 3459 4368 ma.

1883 4403 2014 4456 lilia:
2035 4401 2318 4455 cumulum
2348 4407 2596 4465 venerat,
2622 4398 2787 4454 hodie
2818 4401 3053 4455 recisam
3076 4417 3224 4468 esse,
3251 4419 3320 4460 ne
3346 4405 3460 4460 lon-

1884 4493 2008 4563 gius
2033 4500 2298 4562 serperet,
2334 4501 2499 4562 atque
2533 4493 2665 4547 illuc
2691 4493 2954 4564 deinceps
2985 4495 3182 4566 redigi,
3211 4507 3269 4552 ut
3298 4499 3460 4568 plane

1883 4583 2122 4644 deliciat,
2155 4597 2219 4636 ae
2257 4581 2529 4636 deleatur.
2552 4580 2719 4637 Vides
2748 4583 3036 4640 uberiores
3079 4585 3219 4639 lucis
3246 4587 3454 4649 radios,

1884 4684 1940 4731 et
1955 4677 2126 4731 solem
2149 4675 2314 4728 solito
2337 4675 2717 4730 sublimiorem
2737 4676 2760 4729 7
2779 4675 2968 4745 Cogita
2993 4693 3134 4732 vera:
3162 4679 3299 4735 lucis
3328 4696 3460 4750 prat-

1885 4766 2115 4820 sentiam
2157 4763 2437 4835 Evangelii
2486 4765 2659 4820 radiis
2715 4773 2889 4819 totum
2938 4767 3127 4822 orbem
3183 4777 3456 4825 terrarum

1884 4855 2184 4910 illustrare.
2205 4853 2360 4920 Quod
2399 4862 2582 4909 autem
2613 4854 2866 4908 humanae
2891 4855 3015 4910 vita:
3041 4872 3148 4910 non
3173 4858 3242 4912 ab
3269 4859 3454 4924 initio,

1882 4945 1978 5002 sed
2021 4947 2090 5000 ab
2120 4946 2384 5001 extremis
2424 4945 2764 5014 temporibus
2813 4945 3080 5002 Dominus
3113 4952 3454 5020 apparuerit,

1884 5038 2025 5091 hanc
2053 5043 2249 5091 merito
2285 5040 2519 5090 lortasse
2540 5052 2763 5092 causam
2795 5039 3068 5109 quispiam
3094 5043 3456 5109 existimabit,

1883 5129 2027 5198 quod
2077 5130 2194 5197 qui,
2243 5127 2504 5181 malitiam
2546 5135 2606 5181 ut
2645 5129 2892 5195 tolleret,
2940 5132 3232 5187 humanam
3283 5136 3455 5190 vitam

1880 5231 1999 5274 erat
2047 5222 2420 5290 ingressurus,
2448 5223 2791 5290 exspectavit
2834 5229 3170 5294 necessario,
3192 5235 3459 5284 uLomne

1880 5315 1950 5367 ab
1973 5313 2199 5367 inimico
2222 5321 2400 5366 satum
2433 5323 2901 5386 propagatumque
2940 5329 3224 5388 peccatum
3250 5322 3456 5392 germi—

1882 5412 2057 5465 naret,
2081 5419 2144 5456 ac
2185 5414 2298 5457 tum
2329 5403 2577 5472 demum,
2606 5413 2665 5459 ut
2697 5407 2896 5477 legitur
2931 5407 2999 5462 in-
3019 5407 3336 5480 Evangelio,
3364 5426 3459 5466 ra—

1879 5495 1988 5550 dici
2032 5497 2269 5549 securim
2319 5495 2562 5550 admovit
2585 5499 2649 5551 ".
2681 5497 2813 5552 Nam
2843 5508 2896 5554 et
2925 5497 3304 5570 quilp'rmstant
3342 5519 3456 5559 me

1880 5586 2042 5641 dendi
2095 5587 2374 5651 facultate,
2411 5588 2541 5642 dum
2583 5587 2753 5646 febris
2783 5593 2961 5647 adhuc
3008 5610 3213 5665 corpus
3247 5598 3457 5653 exurit.

1882 5687 1932 5733 et
1970 5695 2032 5732 cx
2068 5680 2250 5733 causis
2295 5680 2546 5735 morbum
2585 5682 2947 5740 rllieientibus
2979 5687 3242 5756 paulatim
3273 5688 3454 5743 inten-

3042 5957 3121 6021 36
