3972 6208
484 401 616 457 H51

1696 396 1752 449 δ.
1794 393 2118 450 GREGORII
2159 394 2451 451 NYSSENI

3612 392 3753 450 “3!

3176 468 3229 488 θ

486 518 653 576 ditur,
687 512 1060 570 obsecundaut
1106 511 1313 573 morbo,
1347 506 1525 578 quoad
1557 506 1638 561 vis
1675 508 1740 561 ad
1774 522 2050 573 summum

2160 508 2404 578 ἀνέμεινε
2432 507 2529 577 τὴν
2563 508 2709 578 παρὰ
2733 507 2826 562 τοῦ
2855 507 3081 579 Ἐχθροῦ
3109 498 3430 579 ῥιζωθεϊσαν
3460 508 3753 579 ἁμαρτίαν

485 605 819 675 pervenerit,
865 618 964 658 nec
1010 603 1117 657 cibi
1167 601 1478 655 subsidium
1539 598 1708 651 ullum
1765 597 2053 667 regretanti

2157 599 2562 671 ἀναϐλαστῆσαι
2588 615 2602 629 ·
2651 593 2751 652 εἷθ’
2788 597 2960 662 οὑτως
2992 601 3262 670 ἐπήγαγε,
3294 598 3485 663 καθώς
3522 616 3668 671 φησι
3694 601 3754 652 τὸ

488 698 732 767 ιπαώοιιι
761 714 774 749 :
804 706 862 749 at
897 694 1226 749 ubi‘malum
1255 690 1587 758 constiterit,
1630 690 1901 760 patefacto
1941 690 2057 760 jam

2160 691 2509 759 Εὑαγγέλιον,
2538 691 2634 760 τὴν
2664 689 2851 760 ἀξίνην
2877 692 2943 761 τῇ
2971 690 3114 761 ῥίζῃ.
3146 692 3256 744 Καὶ
3274 690 3384 762 γάρ
3400 691 3521 744 τῶν
3546 691 3753 760 ίατρῶν

486 801 603 844 toto
641 789 851 850 morbo,
892 797 1024 842 tunc
1065 796 1237 842 artem
1289 784 1573 840 adhibent.
1604 785 1698 840 Si:
1742 786 2052 840 animorum

487 882 872 949 :egrotantium
894 877 1136 934 medicus
1154 894 1218 933 ολ
1228 877 1516 947 spectavit,
1535 878 1663 932 dum
1685 878 1904 931 malitia:
1921 892 2059 931 mor-

488 974 616 1038 bus,
643 986 753 1042 quo
787 984 978 1025 natura
1022 969 1304 1023 hominum
1339 970 1484 1023 victa
1525 969 1832 1031 laborabat.
1855 985 1917 1025 se
1967 977 2054 1023 to-

487 1074 602 1118 tum
638 1062 898 1133 aperiret,
925 1077 991 1116 ne
1019 1061 1196 1116 latens
1225 1060 1429 1130 aliquid
1458 1061 1769 1115 incuratum
1802 1076 2056 1115 remane—

486 1165 592 1220 ret,
635 1155 678 1208 si
711 1159 934 1207 curaret
980 1152 1030 1206 id
1072 1151 1250 1206 solum
1285 1151 1431 1221 quod
1473 1162 1814 1207 cerneretur.
1868 1152 2058 1222 Itaque

486 1262 589 1301 nec
616 1244 730 1299 Noe
762 1252 1110 1314 tempestate,
1143 1258 1269 1298 cum
1301 1243 1486 1299 omnis
1511 1260 1643 1299 caro
1676 1245 1730 1299 in
1767 1244 2060 1315 iniquitate

486 1348 749 1407 corrupta
771 1344 940 1399 esset,
956 1335 1192 1390 adventu
1218 1350 1320 1390 suo
1344 1335 1670 1390 medicinam
1694 1336 1899 1400 attulit,
1926 1336 2056 1407 quia

487 1428 731 1484 nondum
766 1425 1092 1482 Sodomitici
1131 1426 1358 1482 sceleris
1390 1442 1612 1498 germen
1649 1427 2056 1496 pullulaverat:

486 1536 591 1576 nec
632 1528 877 1589 tempore
913 1519 1216 1575 eversionis
1268 1517 1629 1574 Sodomorum
1662 1518 1926 1576 Dominus
1964 1520 2060 1575 ad-

485 1612 667 1676 venit,
708 1611 970 1679 quoniam
1026 1609 1081 1663 iu
1123 1608 1360 1664 humana
1410 1596 1606 1663 natura
1658 1608 1828 1663 multa
1882 1609 2062 1665 adhuc

487 1702 628 1755 mala
653 1701 958 1756 latitabant.
983 1698 1083 1755 Ubi
1108 1700 1254 1755 enim
1281 1699 1483 1771 impius
1508 1698 1756 1755 Pharao?
1778 1698 1877 1755 Ubi
1904 1700 2062 1756 indo-

485 1793 620 1848 mita
653 1792 1035 1864 Egyptiorum
1078 1788 1326 1845 malitia?

2156 787 2206 839 οί
2255 788 2321 856 τῇ
2364 784 2528 855 τέχνῃ
2576 783 2927 854 προέχοντες,
2972 783 3180 837 ἔνδοθεν
3221 783 3301 836 ἔτι
3341 785 3403 837 τὸ
3454 783 3629 853 σῶμα
3656 784 3751 837 τοῦ

2159 876 2393 948 πυρετοῦ
2423 875 2836 946 διασμὺχοντος,
2864 876 2957 929 κιιι)⁵
2984 876 3104 929 κατ’
3130 876 3308 944 ὀλίγον
3334 876 3443 930 ὑπδ
3470 877 3588 929 τῶν
3608 893 3751 930 νοσο-

2159 968 2327 1022 ποιῶν
2369 967 2556 1020 αἰτιῶν
2600 965 3006 1035 ἐξαπτομένου,
3050 966 3307 1019 ἐνδιδόασι
3340 966 3416 1037 τῷ
3450 968 3749 1038 ἀρῤωστηο

2162 1076 2314 1131 ματι,
2355 1058 2546 1129 μέχρις
2573 1057 2638 1111 ἂν
2680 1058 2760 1120 εἰς
2791 1055 2974 1127 ἀκμίψ
3001 1055 3235 1127 προέλθῃ
3269 1055 3332 1109 τὸ
3360 1056 3565 1122 πάθος,
3599 1056 3747 1111 οὐδε-

2161 1151 2289 1221 μίαν
2327 1151 2391 1203 ἐκ
2430 1149 2539 1202 τῶν
2573 1148 2757 1202 σιτίων
2801 1147 3098 1223 ἐπάγοντες
3134 1146 3213 1217 τῷ
3247 1148 3577 1201 ἀσθενοῦντι
3622 1146 3747 1218 βοή·

2160 1242 2328 1295 θειαν·
2379 1239 2599 1294 ἐπειδὰν
2639 1238 2696 1291 δὲ
2740 1238 3002 1308 στάσιμον
3038 1237 3261 1307 γένηται
3291 1237 3352 1290 τὸ
3388 1237 3592 1300 κακὸν,
3625 1238 3745 1292 τότε

2158 1334 2257 1406 τὴν
2278 1333 2472 1404 τέχνην
2512 1331 2826 1401 ἐπάγουσιν,
2851 1330 3178 1401 ἐκφανείσης
3205 1329 3388 1401 πάσης
3425 1331 3531 1402 τῆς
3560 1330 3739 1386 νόσου.

2160 1424 2346 1487 Οὕτως
2368 1424 2460 1477 καὶ
2482 1424 2510 1477 6
2535 1424 2662 1487 τοὺς
2689 1421 2873 1485 κακῶς
2893 1422 3112 1492 ἔχοντας
3129 1421 3227 1493 τὴν
3243 1421 3424 1494 ψυχὴν
3449 1423 3741 1494 ἰατρεύων,

2160 1516 2410 1586 ἀνέμεινε
2438 1515 2536 1586 τὴν
2564 1515 2629 1568 ἐκ
2661 1513 2858 1577 κακίας
2895 1514 3081 1578 νόσον,
3208 1513 3600 1585 κατεκρατὴθη
3635 1514 3742 1566 τῶν

2159 1605 2459 1675 ἀνθρώπων
2508 1607 2541 1677 ἡ
2591 1604 2779 1675 φύσις,
2833 1605 3013 1657 πᾶσαν
3062 1604 3502 1676 ἐκκαλυφθῆναι,
3549 1607 3627 1670 ὡς
3672 1606 3744 1660 ἂν

2163 1698 2329 1769 μηδὲν
2355 1699 2463 1752 τῶν
2502 1696 2898 1769 κεκρυμμένων
2938 1694 3313 1766 ἀθεράπευτον
3362 1697 3588 1767 μείνειε,
3642 1696 3740 1750 τοῦ

2166 1788 2351 1863 ίατροῦ
2389 1789 2547 1860 μόνον
2572 1788 2633 1842 τδ
2656 1789 2822 1859 φανὲν
2847 1787 3262 1860 θεραπεύοντος.
3292 1790 3392 1843 Διά
3423 1788 3583 1843 τοῦτο
3611 1789 3738 1843 οὔτε

486 1883 629 1939 κατά
650 1886 775 1949 τοὺς
808 1883 1034 1954 καιροὺς
1075 1881 1170 1935 τοῦ
1208 1885 1329 1936 Νῶε
1356 1882 1537 1954 πάσης
1564 1883 1765 1954 σαρκὸς
1821 1884 1881 1936 ἐν
1943 1883 2128 1956 ἀδικίᾳ
2167 1882 2628 1954 καταφθαρείσης,
2676 1882 2871 1951 ἐπάγει
2906 1882 2992 1936 διὰ
3021 1884 3122 1953 τῆς
3151 1881 3282 1945 ίδίας
3309 1882 3611 1953 ἐμφανείας
3636 1883 3741 1952 τὴν

487 1977 663 2039 ῐασιν,
708 1976 791 2027 ὅτι
826 1972 1117 2043 οῦπωοτῆς
1150 1972 1503 2042 Σοδομιτικῆς
1540 1973 1737 2036 κακίας
1763 1975 1792 2027 6
1816 1973 2044 2042 βλαστὸς
2084 1973 2285 2046 ἐξεφύη
2310 1991 2325 2005 ο
2373 1972 2497 2028 οὔτε
2529 1973 2623 2027 τοῦ
2650 1972 2842 2044 καιροῦ
2880 1973 2979 2044 τῆς
3046 1971 3292 2041 Σοδόμων
3348 1972 3739 2044 καταστροφῆς

485 2069 514 2117 6
548 2064 748 2133 Κύριος
780 2061 1048 2132 φαίνεται.
1094 2061 1238 2114 Διότι
1283 2059 1450 2114 πολλά
1483 2061 1590 2114 τῶν
1621 2061 1927 2115 ὑπολοίπων
1965 2063 2151 2118 κακῶν
2195 2063 2275 2117 ἔτι
2318 2066 2385 2135 τῇ
2420 2062 2733 2136 ἀνθρωπίνῃ
2772 2063 3174 2138 κατεκρύπτετο
3197 2064 3372 2133 φύσει.
3413 2060 3525 2114 Ποῦ
3560 2061 3677 2132 γὰρ
3703 2064 3737 2114 ὁ

489 2158 753 2231 θεομάχος
779 2155 1006 2228 Φαραὼς
1035 2155 1146 2211 Ποῦ
1172 2154 1281 2209 τῶν
1308 2139 1680 2228 Αἰγυπτίωνῆ
1706 2156 2013 2229 ἀδάμαστος
2051 2159 2281 2232 πονηρία
2307 2175 2322 2225 ;

561 2250 669 2305 Nec
696 2258 826 2303 tunc
852 2249 1017 2319 igitur
1048 2255 1264 2317 tempus
1290 2245 1416 2306 fuit,
1447 2257 1506 2302 ut
1527 2254 1810 2319 reparator
1834 2248 2053 2304 univer-

2229 2250 2303 2303 Οὑ
2335 2249 2442 2321 μὴν
2486 2249 2607 2304 οὑδὲ
2643 2248 2762 2302 τότε
2810 2247 2889 2319 τῷ
2932 2247 3191 2320 διορθωτῇ
3234 2245 3328 2301 τοῦ
3377 2246 3591 2310 παντὸς
3645 2245 3742 2299 εὖ.

487 2344 561 2406 si,
588 2350 857 2411 tempore,
894 2341 1142 2410 inquam,
1182 2337 1568 2411 IEgyptiorum
1605 2340 1896 2406 malorum,
1927 2340 2057 2397 huic

487 2435 613 2490 vitae
645 2449 705 2490 se
746 2432 1294 2489 commisceretzsed
1338 2432 1646 2501 oportebat,
1680 2442 1737 2487 ut
1786 2433 2061 2489 Israelita-

491 2542 612 2580 rum
638 2525 898 2597 iniquitas
918 2524 1215 2595 pateﬁeret.
1235 2523 1551 2595 Oportebat,
1574 2534 1634 2579 ut
1657 2541 1882 2594 regnum
1902 2528 2062 2597 Assy-

491 2617 799 2680 riorum,et
852 2614 1109 2684 superbia
1158 2613 1681 2679 Nabuchodonosor,
1729 2617 1905 2670 adhuc.
1934 2617 2060 2671 lati-

490 2717 637 2770 tans,
670 2708 724 2760 in
779 2705 890 2760 vita
928 2705 1334 2761 ostenderetur.
1366 2704 1691 2775 Oportebat,
1735 2714 1796 2760 ut
1844 2708 2059 2776 piorum

488 2799 667 2854 credes
733 2806 993 2866 tanquam
1057 2797 1322 2852 scelerata
1380 2800 1710 2868 spinosaque
1762 2800 1945 2868 planta
1992 2815 2059 2855 ex

491 2889 631 2945 mala
656 2888 860 2944 diaboli
903 2888 1087 2943 radice
1117 2888 1379 2958 prodiret.
1404 2887 1722 2959 Oportebat,
1756 2898 1816 2944 ut
1845 2889 2061 2945 Judaeu-

492 2996 611 3033 rum
658 2980 955 3050 prophetas
985 2979 1376 3041 occidentium,
1406 2987 1461 3034 et.
1492 2994 1521 3033 a
1548 2978 1658 3035 Deo
1689 2981 1887 3037 missos
1919 2983 2058 3053 lapi-

490 3072 653 3126 dibus
686 3072 1056 3136 obrttentium,
1095 3086 1157 3124 ac
1194 3070 1461 3126 Zacharia
1490 3073 1710 3128 tandem
1753 3072 1894 3129 inter
1924 3083 2060 3130 tem-

492 3166 637 3235 plum
666 3172 719 3218 et
754 3163 925 3217 altare
959 3162 1245 3217 interfecto
1268 3164 1330 3227 “‘,
1353 3164 1629 3234 piaculum
1652 3166 2057 3221 admittentium

492 3255 671 3309 rabies
692 3253 1061 3323 detegeretur.
1084 3253 1161 3307 Ad
1188 3257 1580 3311 sceleratorum
1612 3257 1923 3327 germinum
1955 3276 2059 3314 nu-

489 3361 699 3401 merum
733 3345 872 3401 addc
897 3353 951 3399 ct
983 3344 1271 3399 infantium
1309 3345 1378 3401 ab
1410 3346 1624 3403 Herode
1655 3358 1922 3419 patratam
1955 3366 2056 3407 cae-

491 3438 636 3494 dem.
676 3439 811 3493 Cum
871 3436 1038 3508 igitur
1074 3436 1296 3491 malitia:
1336 3437 1418 3494 vis
1446 3454 1506 3494 se
1545 3449 1718 3495 totam
1743 3440 2054 3511 eﬂudisset,

492 3530 791 3601 multisque
821 3531 1108 3588 luxurians
1147 3532 1324 3588 modis
1361 3532 1625 3588 crevisset
1653 3533 1705 3586 in
1737 3533 1939 3589 animis
1962 3550 2054 3590 eo-

490 3620 748 3690 rum,qui
788 3621 1020 3691 singulis
1057 3623 1272 3678 sacculis
1318 3621 1526 3678 scelere
1556 3622 1796 3695 insignes
1833 3627 2060 3680 exstite-
2087 3599 2135 3662 ο

491 3722 640 3779 rant,
687 3723 822 3769 tunc
858 3712 1021 3779 Deus,
1067 3724 1124 3769 ut
1176 3718 1245 3768 ad
1288 3713 1655 3771 Athenienses
1707 3714 1911 3772 Paulus
1964 3718 2060 3786 ait,

490 3805 814 3877 ignorantiae
868 3814 1111 3876 tempora
1162 3806 1496 3876 despiciens,
1532 3807 1583 3862 in
1615 3808 1812 3865 diebus
1853 3809 2063 3867 ultimis

490 3897 795 3964 advenit",
840 3898 1063 3969 quando
1100 3914 1210 3953 non
1241 3907 1359 3952 erat
1398 3897 1708 3970 intelligens
1739 3916 1838 3957 nec
1872 3902 2061 3972 requi-

489 4004 618 4044 rens
656 3988 825 4045 Deum
859 4008 873 4045 :
904 3989 1125 4060 quando
1155 3991 1343 4046 cuncti
1387 3991 1796 4048 declinaverant
1830 4001 1884 4048 et
1933 3993 2058 4048 lacti

489 4088 647 4137 erant
680 4080 903 4139 inutiles
922 4082 996 4148 '°,
1015 4082 1234 4152 quando
1276 4083 1534 4138 conclusa
1569 4091 1726 4138 erant
1751 4085 1934 4139 omnia
1959 4084 2062 4140 sub

491 4178 718 4241 peccato
739 4173 805 4236 “,
828 4172 1051 4243 quando
1081 4173 1343 4244 iniquitas
1369 4175 1703 4240 abundabat,
1727 4176 1948 4247 quando
1982 4178 2063 4232 vi-

490 4265 689 4319 tiorum
713 4264 949 4320 tenebrae
978 4262 1045 4319 ad
1067 4281 1341 4322 summum
1372 4282 1545 4338 usque
1572 4268 1865 4323 terminum
1903 4284 2063 4324 reue-

491 4363 636 4409 rant.
662 4353 815 4409 Tunc
842 4357 1092 4426 apparuit
1120 4359 1317 4429 gratia,
1346 4367 1478 4414 tunc
1519 4374 1660 4415 verae
1689 4359 1828 4414 lucis
1861 4360 2061 4414 enituit

489 4444 697 4509 radius,
723 4452 854 4501 tunc
890 4447 947 4502 in
995 4449 1238 4504 tenebris
1265 4456 1320 4503 et
1347 4450 1539 4505 umbra
1581 4450 1778 4504 mortis
1815 4449 2060 4505 sedenti-

490 4535 597 4592 bus
639 4544 794 4592 ortus
831 4544 916 4592 est
942 4535 1168 4609 justitize
1213 4540 1364 4594 sol“
1392 4557 1406 4593 :
1433 4548 1565 4595 tunc
1599 4540 1890 4594 humanam
1940 4555 2061 4595 car-

490 4642 615 4683 nem
650 4626 875 4682 indutus
896 4626 1066 4682 multa
1097 4629 1371 4697 serpentis
1398 4630 1578 4700 capita
1613 4630 1746 4698 pede
1774 4632 2058 4695 contrivit,

491 4716 559 4771 ad
591 4724 907 4787 terramque
941 4717 1172 4774 allidens
1213 4721 1576 4776 conculcavit.
1602 4720 1679 4777 Ne
1717 4724 1844 4792 quis
1875 4731 2058 4780 autem

476 4807 656 4876 'rnala,
682 4824 803 4879 qua:
836 4824 986 4865 nunc
1028 4810 1084 4865 in
1118 4809 1231 4865 vita
1260 4820 1410 4875 sunt,
1434 4814 1760 4885 respiciens,
1792 4815 1929 4870 falsa
1956 4833 2061 4872 nos

2160 2360 2349 2415 καιρον
2380 2337 2471 2414 ἦν,
2504 2346 2573 2414 τῇ
2606 2341 2716 2396 τῶν
2762 2340 3074 2410 Αἰγυπτίων
3110 2339 3250 2407 λέγω
3277 2339 3467 2408 κακία,
3498 2355 3740 2410 καταμι-

2160 2435 2352 2506 χθῆναι
2382 2435 2464 2507 τῷ
2509 2435 2628 2507 βίῳ.
2675 2433 2815 2488 Ἀλλ’
2845 2432 2949 2487 ἔδει
2982 2430 3210 2486 καὶτῶν
3254 2431 3609 2502 Ἰσραηλιτῶν
3636 2433 3738 2502 τὴν

2160 2528 2506 2598 παρανομίαν
2560 2526 2920 2596 ἀναφανῆναι.
2968 2524 3117 2577 Ἔδει
3165 2525 3257 2577 καὶ
3300 2524 3400 2596 τὴν
3441 2525 3740 2595 Ἀσσυρίων

2162 2616 2457 2687 βασιλείαν,
2489 2617 2582 2671 καὶ
2612 2614 2705 2670 τοῦ
2739 2615 3205 2686 Ναϐουχοδονόσορ
3237 2615 3339 2687 τὴν
3364 2616 3738 2687 ὑπερηφανίαν

2160 2708 2580 2778 ὑποσμύχουσαν
2625 2707 2705 2761 ἔτι
2731 2706 2808 2778 τῷ
2842 2707 2941 2779 βίῳ
2969 2707 3213 2777 φανερὰν
3254 2707 3531 2776 γενέσθαι.
3569 2708 3735 2775 Ἔδει,

2158 2801 2258 2872 τὴν
2297 2803 2437 2854 κατά
2476 2800 2585 2854 τῶν
2629 2800 2791 2853 ὁσίων
2836 2800 3163 2871 μιαιφωνίαν
3196 2794 3311 2853 οἷόν
3341 2818 3466 2853 τινα
3503 2801 3737 2873 πονηρὰν

2160 2895 2254 2947 καὶ
2282 2892 2566 2964 ἀκανθώδη
2595 2892 2831 2963 βλάστην
2861 2891 2961 2962 τῆς
2992 2893 3165 2962 κακῆς
3193 2892 3287 2945 τοῦ
3310 2892 3564 2947 διαϐόλου
3588 2895 3735 2966 ῥίζης

2161 2983 2489 3055 ἀναδραμείν
2511 3000 2523 3012 ·
2560 2983 2668 3036 ἔδει
2696 2983 2794 3054 τὴν
2819 2981 2928 3035 τῶν
2969 2981 3240 3035 Ἰουδαίων
3273 2985 3417 3037 κατά
3443 2983 3559 3037 τῶν
3575 2983 3736 3053 ἁγίων

2158 3072 2253 3127 τοῦ
2296 3072 2431 3127 Θεοῦ
2465 3072 2847 3145 φανερωθῆναι
2889 3070 3115 3133 λύσσαν,
3161 3073 3270 3125 τῶν
3299 3074 3431 3136 τοὺς
3460 3077 3735 3145 προφήτας

2160 3165 2596 3219 ἀποκτεινάντων
2642 3164 2739 3218 καὶ
2764 3163 3181 3218 λιθοϐολούντων
3229 3165 3358 3228 τοὺς
3390 3165 3733 3236 ἀπεσταλμέ-

2160 3273 2305 3321 νους,
2357 3257 2452 3311 καὶ
2487 3256 2638 3319 τέλος
2678 3254 2880 3327 μεταξὺ
2908 3255 3003 3309 τοῦ
3037 3254 3167 3309 ναοῦ
3196 3254 3291 3310 καὶ
3318 3255 3411 3309 τοῦ
3446 3255 3733 3325 θυσιαστη-

2166 3345 2281 3417 ρίου
2335 3344 2398 3399 τδ
2461 3344 2602 3399 κατά
2654 3343 2748 3398 τὸν
2803 3344 3078 3416 Ζαχαρίαν
3142 3344 3273 3412 ἀγος
3317 3345 3730 3416 ἐργασαμένων.

2161 3438 2402 3509 Πρόσθες
2432 3436 2512 3507 τῷ
2547 3436 2826 3508 καταλόγῳ
2871 3436 2978 3492 τῶν
3023 3437 3271 3509 πονηρῶν
3315 3436 3516 3509 βλαστη
3525 3440 3736 3508 μάτων,

2161 3529 2380 3586 καὶτοῦ
2421 3529 2658 3602 Ἡρώδου
2703 3531 2802 3601 τὴν
2838 3530 3206 3599 παιδοφονίαν.
3252 3529 3398 3584 Ἐπεὶ
3441 3526 3537 3584 οὖν
3585 3534 3741 3586 πᾶσα

2164 3622 2262 3693 τῆς
2293 3621 2487 3686 κακίας
2513 3623 2546 3692 ἡ
2574 3621 2799 3692 δύναμις
2836 3624 2900 3675 ἐκ
2934 3622 3033 3693 τῆς
3081 3623 3320 3693 πονηρᾶς
3354 3621 3507 3693 ῥίζης
3535 3623 3743 3677 ἀνεδείο

2163 3712 2289 3783 χθη,
2317 3714 2412 3767 καὶ
2444 3712 2646 3783 ηὔξησε
2692 3712 2985 3776 πολυειδῶς
3014 3714 3069 3767 ἐν
3101 3716 3223 3777 ταῖς
3248 3714 3599 3786 προαιρέσεσι
3632 3716 3744 3771 τῶν

2163 3804 2284 3860 καθ’
2314 3805 2550 3877 ἑκάστην
2592 3804 2786 3874 γενεὰν
2817 3808 2884 3877 τῇ
2931 3805 3099 3875 κακία
3144 3806 3437 3876 γνωρίμων
3470 3806 3747 3879 ὑλομανη-

2163 3913 2325 3958 σασα,
2351 3897 2490 3959 τότε,
2531 3896 2714 3960 καθώς
2737 3914 2871 3967 φησι
2921 3897 3059 3968 πρὸς
3102 3896 3418 3968 Ἀθηναίους
3452 3899 3480 3951 6
3506 3897 3741 3962 Παῦλος,

2162 3989 2287 4051 τοὺς
2314 3990 2539 4059 χρόνους
2581 3990 2679 4060 τῆς
2716 3988 2938 4057 ἀγνοίας
2973 3990 3241 4061 ὑπεριδὼν
3266 3991 3298 4042 6
3321 3990 3474 4055 Θεδς,
3513 3992 3604 4044 ἐπὶ
3629 3990 3747 4046 τῶν

2161 4079 2403 4150 ἐσχάτων
2446 4080 2666 4152 ἡμερῶν
2709 4080 3088 4153 παραγίνεται,
3123 4081 3209 4134 ὅτε
3247 4080 3347 4134 οὑκ
3371 4076 3442 4152 ἦν
3482 4083 3514 4134 6
3545 4082 3746 4135 συνιὼν

2161 4172 2258 4226 καὶ
2300 4172 2546 4243 ἐκζητῶν
2576 4172 2667 4226 τὸν
2721 4173 2890 4226 Θεόν·
2938 4174 3027 4227 ὅτε
3057 4173 3258 4236 πάντες
3284 4172 3581 4237 ἐξέκλιναν,
3621 4174 3748 4244 ἅμα

2161 4263 2541 4335 ἠχρειὼθησαν
2576 4280 2591 4295 σ
2640 4264 2728 4317 ὅτε
2761 4262 3110 4333 συνεκλείσθη
3139 4262 3209 4316 τά
3247 4263 3422 4317 πάντα
3448 4265 3529 4327 είς
3554 4265 3747 4336 ἀμαρ-

2159 4355 2278 4408 τίαν
2302 4371 2316 4385 ·
2367 4355 2455 4407 ὅτε
2497 4355 2821 4415 ἐπλεόνασεν
2860 4357 2894 4426 ἡ
2922 4354 3119 4425 ἀνομία
3141 4371 3155 4385 ο
3204 4355 3292 4407 ὅτε
3321 4354 3458 4425 πρὸς
3487 4354 3550 4407 τὸ
3574 4356 3747 4425 ἀκρό-

2161 4466 2319 4503 τατον
2354 4450 2552 4520 μέτρον
2579 4452 2609 4504 6
2639 4451 2737 4521 τῆς
2775 4450 2972 4515 κακίας
3007 4449 3167 4519 ζόφος
3193 4451 3396 4522 ηὔξησε
3417 4468 3432 4482 ·
3469 4454 3593 4505 τότε
3643 4454 3746 4506 ἐπ-

2161 4542 2331 4611 εφάνη
2355 4542 2386 4610 ὴ
2408 4540 2586 4611 χάρις,
2617 4541 2792 4614 τότεὴ
2815 4540 2908 4596 τοῦ
2930 4543 3184 4611 ἀληθινοῦ
3205 4542 3378 4612 φωτὸς
3398 4544 3556 4607 ἀκτὶς
3576 4545 3749 4599 ἐπαιν-

2161 4632 2352 4686 έτειλε.
2385 4633 2429 4684 Τ
2430 4632 2518 4685 ότε
2550 4632 2785 4702 ἐπέφανε
2814 4634 2912 4704 τῆς
2939 4634 3284 4706 δικαιοσύνης
3312 4636 3342 4688 6
3368 4635 3520 4706 ἥλιος
3543 4639 3659 4698 τοῖς
3688 4638 3748 4689 ἐν

2163 4725 2342 4777 σκότει
2369 4724 2463 4777 καὶ
2494 4726 2623 4795 σκιᾷ
2648 4725 2875 4779 θανάτου
2908 4728 3252 4798 καθημένοις.
3276 4728 3395 4781 τότε
3418 4727 3519 4791 τὰς
3540 4728 3750 4792 πολλάς

2162 4812 2402 4883 κεφαλάς
2431 4812 2527 4866 τοῦ
2577 4814 2869 4887 δράκοντος
2896 4815 3222 4871 συνέθλασεν
3249 4818 3446 4881 ἐπιϐάς
3471 4819 3551 4889 τῷ
3596 4821 3746 4882 ποδὶ,

491 4895 676 4952 dicere
724 4899 1060 4969 suspicetur,
1101 4901 1247 4971 quod
1294 4901 1351 4955 in
1399 4903 1665 4958 extremis
1717 4906 2059 4974 temporibus

2164 4904 2253 4958 διὰ
2279 4905 2380 4975 τῆς
2406 4905 2751 4976 ἀνθρωπίνης
2786 4908 3005 4979 σαρκὸς,
3052 4910 3163 4962 καὶ-
3186 4911 3254 4979 τῇ
3283 4911 3352 4979 γῇ
3388 4909 3749 4980 προσθλάσας

491 4989 839 5061 splenduisse
870 4990 1030 5047 nobis
1049 4990 1339 5047 Dominum
1362 5008 1696 5050 asseramus.
1721 4993 1855 5048 Nam
1882 4996 1901 5062 (
1916 4996 2057 5065 obji-

490 5081 601 5137 ciet
629 5080 864 5152 aliquis)
891 5081 983 5152 qui
1011 5089 1280 5154 tempora,
1308 5083 1507 5151 quibus
1542 5085 1749 5140 malitia
1778 5092 2055 5154 retegere-

469 5155 601 5235 ftur,
646 5172 1008 5242 exspectavit,
1056 5180 1116 5226 ut
1165 5173 1312 5227 illam
1352 5180 1570 5227 auctam
1611 5174 2058 5245 cumulatamque

469 5261 760 5320 iradicitus
789 5263 1065 5325 evelleret,
1099 5262 1182 5319 sic
1232 5277 1352 5316 eam
1382 5262 1594 5328 tollere,
1640 5272 1805 5332 atque
1838 5262 2059 5319 abolere

491 5363 746 5409 cunctam
773 5352 1061 5418 debuerat,
1092 5361 1151 5408 ut
1179 5353 1342 5408 nullae
1375 5353 1551 5422 ipsius
1583 5353 1635 5407 in
1672 5353 1778 5407 vita
1812 5351 2056 5422 reliquiae

491 5451 860 5499 remanerent.
884 5442 1042 5499 Nunc
1076 5454 1256 5500 autem
1288 5451 1342 5499 et
1373 5443 1691 5508 homicidia,
1719 5452 1774 5499 et
1808 5443 1973 5508 furta,
2002 5455 2058 5501 et

490 5532 782 5595 adulteria,
819 5540 873 5587 et
914 5533 1125 5605 reliqua
1154 5534 1338 5588 omnia
1370 5533 1573 5603 ﬂagitia
1612 5541 1668 5588 et
1706 5535 1912 5591 scelera
1962 5533 2060 5591 de-

493 5619 850 5676 bacchantur.
884 5620 935 5679 ls
967 5636 1120 5693 ergo,
1148 5624 1243 5695 qui
1278 5622 1393 5678 hac
1429 5630 1686 5693 spectans
1718 5624 1799 5679 sic
1840 5622 2054 5693 objicit,

2163 4996 2258 5050 καὶ
2286 4998 2699 5065 καταπατήσας,
2725 4997 2820 5051 καὶ
2850 4998 3040 5068 μηδεὶς
3065 4998 3204 5069 πρὸς
3236 4998 3303 5051 τὰ
3327 4999 3422 5052 νῦν
3452 5000 3512 5051 ἐν
3541 4998 3619 5068 τῷ
3643 4998 3749 5071 βίῳ

2161 5082 2377 5153 βλέπων
2403 5083 2834 5154 καταψεύδεσθαι
2860 5087 3127 5158 νομιζέτω
3170 5088 3261 5140 τὸν
3290 5087 3448 5156 λόγον
3468 5127 3483 5152 ,
3529 5088 3658 5141 καθ’
3687 5090 3749 5142 ὃν

2158 5174 2218 5225 ἐν
2240 5176 2350 5238 τοῖς
2375 5175 2703 5239 τελευταίοις
2732 5176 2938 5249 ἔφαμεν
2967 5178 3177 5250 χρόνοις
3204 5180 3509 5250 ἐπιλάμψαι
3536 5180 3617 5251 τῷ
3645 5180 3751 5252 βίῳ

2159 5261 2252 5316 τὸν
2297 5264 2523 5336 Κύριον.
2571 5267 2716 5337 Ἐρεῖ
2738 5267 2846 5338 γάρ
2894 5270 2923 5322 6
2967 5270 3264 5339 ἀντιλέγων
3311 5271 3494 5342 τυχὸν,
3527 5271 3608 5324 ὅτι
3653 5273 3751 5326 τὸν

2161 5354 2528 5424 ἀναμείναντα
2555 5358 2681 5421 τοὺς
2709 5357 2933 5430 χρόνους
2978 5359 3117 5430 πρὸς
3143 5360 3243 5432 τὴν
3281 5361 3384 5430 τῆς
3408 5361 3610 5426 κακίας
3642 5381 3750 5432 φα-

2160 5443 2407 5514 νέρωσιν,
2441 5449 2591 5512 ὅπως
2618 5449 2942 5521 αὐξηθεῖοαν
2967 5449 3135 5522 αὑτὴν
3162 5450 3319 5524 ἐξέλῃ
3344 5453 3744 5525 προθέλυμνον,

2160 5536 2340 5590 πᾶσαν
2383 5538 2531 5602 είκὸς
2579 5541 2751 5611 αὑτὴν
2811 5541 3183 5614 ἀνῃρηκέναι,
3233 5544 3307 5607 ὡς
3356 5544 3523 5614 μηδὲν
3570 5545 3745 5612 αὐτῆς

2162 5627 2552 5700 ὑπολειφθῆναι
2585 5631 2662 5702 τῷ
2709 5632 2809 5703 βίῳ
2851 5632 3119 5702 λείψανον.
3174 5634 3311 5687 Νυνὶ
3354 5634 3410 5688 δέ
3443 5637 3536 5688 καὶ
3566 5635 3745 5703 φόνοι,

563 5797 607 5830 ⁸⁸
648 5795 837 5855 Matth.
866 5816 1026 5870 unt,
1052 5801 1142 5856 35.
1216 5804 1259 5837 ¹⁹
1290 5804 1410 5860 Act.
1444 5819 1577 5870 xvn,
1609 5806 1697 5862 30.
1778 5809 1823 5840 ⁸ο
1854 5805 2000 5864 Psal.
2030 5823 2060 5863 ς

2181 5808 2234 5866 2.
2314 5811 2355 5844 "
2390 5809 2552 5868 Boni.
2593 5829 2675 5882 ut,
2713 5814 2777 5882 3;
2812 5812 2991 5870 Galat.
3029 5829 3112 5881 ιιι,
3144 5813 3233 5871 22.
3312 5816 3359 5848 "
3392 5813 3498 5872 lsa.
3538 5830 3610 5881 ut,
3637 5814 3704 5870 3.
