3972 6208
287 341 431 398 1533

1440 330 1509 387 ΙΝ
1547 331 1710 386 DiEM
1745 329 2072 386 NATALEM
2108 327 2406 387 CHRISTI.

3429 335 3571 393 Ηῗριὶ

289 465 388 518 καὶ
430 461 659 528 κλοπαὶ,
693 458 788 515 καὶ
840 460 1101 532 μοιχειαῖ,
1144 459 1238 514 καὶ
1269 457 1451 513 πάντα
1498 459 1769 529 τολμᾶται
1816 456 1886 511 τά

1991 456 2190 525 insigni
2241 454 2675 525 pervulgatoque
2716 455 2968 525 exemplo
3020 454 3380 528 qumstionem
3423 457 3565 526 ipse-

288 561 660 627 πονηρότατα.
727 554 865 607 Ἀλλ’
913 557 941 608 6
989 554 1123 626 πρὸς
1164 552 1324 607 τοῦτο
1378 551 1627 633 βλέπων,
1676 550 1889 605 ὑποδεί-

289 647 465 719 γματί
493 662 601 700 τινι
648 646 758 699 τῶν
791 645 1097 718 γνωρίμων·
1136 645 1237 718 τὴν
1284 646 1415 716 περὶ
1457 642 1662 696 τούτων
1711 642 1873 713 ἀμφι-

289 737 481 791 ϐολίαν
523 736 762 790 λυσάτω.
819 737 1030 809 Ὥσπερ
1077 734 1188 807 γὰρ
1218 735 1311 788 ἐπὶ
1342 733 1442 804 τῆς
1486 733 1595 786 τῶν
1642 731 1887 804 ἑρπετῶν

291 830 632 902 ἀναιρέσεως
665 828 813 882 ἔστιν
846 828 978 882 ἰδεῖν
1008 829 1111 883 οὐκ
1138 827 1302 891 εὐθὺς
1338 827 1433 880 τὸν
1474 825 1704 880 κατόπιν
1733 825 1889 879 ὁλκὸν

290 923 360 992 τῇ
403 920 614 993 κεφαλῇ
644 920 1123 993 συννεκρούμενον,
1160 920 1274 976 ἀλλ’
1320 921 1352 991 ἡ
1391 919 1490 991 μὲν
1517 918 1783 989 τέθνηκε,
1826 914 1890 970 τὸ

292 1016 351 1070 δὲ
375 1015 454 1069 ἔτι
477 1015 753 1084 ὲψύχωται
778 1013 856 1085 τῷ
887 1015 1002 1085 ίδίῳ
1031 1014 1208 1086 θυμῷ,
1228 1016 1322 1069 καὶ
1349 1015 1448 1085 τῆς
1478 1012 1715 1085 ζωτικῆς
1732 1011 1890 1067 δυνά-

296 1124 445 1179 μεως
471 1107 571 1160 οὐκ
605 1105 896 1178 ἐστέρηται
921 1124 934 1137 ⁸
983 1105 1127 1161 οὕτω
1154 1108 1248 1161 καὶ
1279 1109 1307 1161 6
1340 1106 1432 1161 τοῦ
1472 1106 1765 1178 δράκοντος
1791 1106 1886 1159 ἀν-

292 1200 560 1270 αιρέτης·
613 1199 703 1252 ὅτε
747 1199 882 1253 πολὺ
931 1200 1123 1267 γέγονε
1173 1200 1236 1253 τὸ
1281 1200 1472 1272 θηρίον
1521 1200 1720 1263 πάσαις
1767 1201 1888 1264 ταῖς

294 1291 637 1345 καθέκαστον
674 1292 1007 1362 συναυξηθὲν
1036 1296 1251 1362 γενεαῖς
1278 1294 1387 1347 τῶν
1434 1294 1758 1366 ἀνθρώπων,
1789 1293 1889 1364 τὴν

295 1385 542 1457 κεφαλὴν
566 1384 796 1448 ἀνελὼν,
839 1387 1105 1450 τουτέστι,
1142 1386 1240 1458 τὴν
1267 1387 1375 1440 τῶν
1409 1386 1588 1441 καλῶν
1617 1387 1891 1457 ἀναιρετι-

295 1480 400 1547 κὴν
429 1477 680 1548 δύναμιν,
710 1477 808 1550 τὴν
835 1478 1037 1542 πολλάς
1063 1478 1294 1550 ἔχουσαν
1328 1483 1386 1534 ὲν
1426 1481 1592 1551 ἑαυτῇ
1624 1478 1888 1549 κεφαλάς,

295 1570 486 1624 οὐδένα
510 1569 604 1625 τοῦ
632 1570 861 1624 κατόπιν
883 1569 1045 1624 ὁλκοῦ
1079 1571 1374 1642 πεποίηται
1405 1570 1583 1639 λόγον,
1611 1572 1690 1632 είς
1716 1573 1890 1641 ἀφορ-

299 1660 409 1732 μὴν
442 1659 742 1732 γυμνασίου
771 1663 887 1723 τοῖς
932 1661 1133 1731 ἐφεξῆς
1161 1660 1260 1733 τὴν
1294 1664 1353 1715 ἐν
1391 1659 1470 1731 τῷ
1506 1661 1686 1731 νεκρῷ
1715 1660 1889 1732 θηρίῳ

297 1754 516 1821 κίνησιν
558 1752 952 1823 ὑπολειφθῆναι
986 1755 1238 1824 ποιήσας.
1284 1753 1380 1817 Τίς
1408 1750 1501 1807 οὖν
1530 1755 1563 1824 ή
1596 1751 1888 1807 θλασθεῖσα

298 1844 548 1917 κεφαλή;
605 1845 671 1897 Ἦ
718 1845 945 1900 θάνατον
986 1846 1370 1913 εἰσενεγκοῦσα
1410 1848 1476 1917 τῇ
1514 1847 1725 1917 πονηρᾷ
1753 1862 1891 1917 συμ-

304 1933 499 2005 ϐουλῇ,
540 1935 576 2004 ή
602 1933 692 1987 τὸν
726 1934 1100 2007 θανατηφόρον
1135 1936 1211 1988 ἰὸν
1238 1935 1549 2007 ἐμϐαλοῦσα
1573 1934 1651 2005 τῷ
1681 1934 1892 2006 ἀνθρὼ-

303 2043 392 2096 πῳ
421 2024 511 2078 διὰ
536 2023 630 2078 τοῦ
650 2025 945 2096 δήγματος.
986 2026 1044 2077 '0
1070 2023 1247 2078 τοίνυν
1277 2024 1583 2088 καταλύσας
1612 2024 1704 2077 τοῦ
1729 2023 1893 2078 θανάο

301 2134 396 2170 του
425 2116 485 2170 τὸ
516 2116 739 2188 κράτος,
769 2117 867 2188 τὴν
896 2120 955 2171 ὲν
985 2119 1052 2190 τῇ
1088 2116 1299 2188 κεφαλῇ
1324 2116 1415 2171 τοῦ
1437 2117 1614 2195 ὄφεως
1637 2116 1887 2188 δύναμιν,

300 2207 486 2273 καθώς
518 2226 684 2280 φησιν
714 2210 743 2262 6
778 2210 1092 2281 Προφήτης,
1134 2209 1459 2264 συνέθλασεν
1482 2227 1496 2242 ⁸
1545 2213 1575 2265 6
1609 2210 1667 2264 δὲ
1705 2211 1891 2276 λοιπὸς

300 2302 397 2355 τοῦ
429 2301 620 2372 θηρίου
649 2301 806 2366 ὁλκὸς
834 2301 913 2373 τῷ
936 2301 1264 2373 ἀνθρωπίνῳ
1293 2303 1735 2374 συνεσπαρμένος
1766 2303 1887 2375 βίῳ,

301 2393 407 2457 ἕως
436 2393 501 2447 ἂν
593 2394 654 2447 τὸ
681 2393 1023 2465 ἀνθρώπινον
1046 2395 1105 2449 ὲν
1130 2396 1243 2458 τοῖς
1271 2394 1415 2448 κατὰ
1439 2396 1640 2449 κακίαν
1675 2397 1891 2467 κινήσε·

306 2502 412 2545 σιν,
462 2485 552 2538 ἀεὶ
582 2487 649 2557 τῇ
697 2485 872 2553 φολίδι
918 2487 1016 2557 τῆς
1051 2486 1327 2557 ἁμαρτίας
1370 2486 1757 2557 περιτραχύνει
1799 2486 1890 2541 τὸν

305 2574 419 2646 βίον
439 2591 452 2604 ⁸
497 2577 563 2647 τῇ
612 2576 709 2646 μὲν
743 2575 974 2647 δυνάμει
998 2577 1100 2649 ἤδη
1129 2577 1322 2649 νεκρός
1348 2578 1485 2642 ἐστι,
1513 2577 1613 2648 τῆς
1646 2577 1888 2647 κεφαλῆς

304 2665 723 2739 ἀχρειωθείσης.
751 2665 994 2736 Ἐπειδὰν
1021 2670 1077 2722 δὲ
1114 2670 1360 2744 παρέλθῃ
1379 2672 1408 2724 6
1435 2670 1645 2741 χρόνος,
1676 2670 1769 2724 καὶ
1790 2672 1887 2740 στῇ

300 2755 373 2810 τὰ
416 2757 711 2829 κινούμενα
761 2757 904 2813 κατὰ
949 2759 1048 2826 τὴν
1098 2759 1556 2832 προσδοκωμένην
1604 2759 1704 2830 τῆς
1745 2757 1891 2829 ζωῆς

299 2849 504 2921 ταύτης
534 2850 865 2916 συντέλειαν,
893 2852 1014 2905 τότε
1030 2852 1091 2906 τὸ
1115 2853 1336 2925 οὺραῖόν
1363 2868 1422 2905 τε
1454 2853 1548 2906 καὶ
1575 2851 1637 2906 τὸ
1662 2851 1890 2923 ἔσχατον

299 2939 397 2994 τοῦ
441 2940 670 3013 Ἐχθροῦ
700 2946 1077 3016 καταργεῖται,
1107 2943 1266 2998 τοῦτο
1297 2943 1354 2998 δέ
1386 2945 1534 2999 ἐστιν
1563 2945 1592 2998 ό
1621 2942 1848 3007 θάνατος
1872 2960 1886 2975 ⁸

301 3034 400 3087 καὶ
424 3033 599 3099 οὕτως
622 3035 652 3089 6
684 3037 953 3109 παντελὴς
978 3038 1285 3111 ἁφανισμδς
1313 3039 1414 3111 τῆς
1441 3040 1639 3103 κακίας
1666 3042 1890 3111 γενήσε-

298 3143 418 3193 ται,
448 3128 664 3185 πάντων
699 3130 780 3195 εἰς
812 3130 958 3202 ζωὴν
988 3132 1080 3186 διὰ
1119 3133 1219 3204 τῆς
1264 3133 1615 3198 ἀναστάσεως
1652 3133 1889 3204 ἀνακλη-
1917 3146 1959 3206 c

301 3219 507 3275 θέντων
532 3238 546 3253 ⁸
597 3222 708 3276 τῶν
744 3225 844 3293 μὲν
872 3223 1119 3288 δικαίων,
1165 3224 1329 3289 εὐθὺς
1360 3226 1439 3289 εἰς
1467 3224 1567 3295 τὴν
1606 3226 1719 3281 ἂνω
1742 3224 1894 3296 λῆξιν

304 3313 781 3380 μετοικισθέντων,
810 3314 919 3369 τῶν
947 3316 1003 3369 δὲ
1035 3318 1156 3379 ταῖς
1177 3316 1477 3387 ἁμαρτίαις
1506 3314 1890 3386 ἐνισχομένων,

302 3403 384 3476 τῷ
415 3405 516 3475 τῆς
546 3405 776 3477 γεέννης
806 3407 940 3478 πυρὶ
968 3407 1431 3479 παραδιδομένων.

388 3496 528 3550 Ἀλλ’
555 3498 942 3569 ἐπανέλθωμεν
971 3500 1063 3553 ἐπὶ
1114 3499 1213 3570 τὴν
1258 3498 1538 3571 παροῦσαν
1581 3498 1774 3572 χαράν,
1824 3499 1889 3570 ἢν

302 3586 746 3658 εὐαγγελίζονται
790 3592 906 3654 τοῖς
932 3591 1189 3661 ποιμέσιν
1234 3591 1282 3644 oi
1311 3590 1553 3659 ἄγγελοι,
1585 3591 1654 3663 ἣν
1697 3593 1745 3644 oi
1799 3591 1882 3645 οὖο

303 3681 458 3752 ρανοὶ
498 3679 812 3749 διηγοῦνται
853 3684 964 3745 τοῖς
1005 3682 1217 3750 Μάγοις
1241 3720 1257 3745 ,
1307 3682 1373 3753 ἣν
1420 3682 1481 3736 τὸ
1527 3681 1745 3754 πνεῦμα
1786 3683 1888 3753 τῆς

301 3771 641 3843 προφητείας
679 3772 769 3827 διὰ
817 3772 1026 3828 πολλῶν
1068 3775 1161 3827 καὶ
1199 3773 1468 3846 διαφόρων
1495 3773 1884 3846 ἀνακηρύττει,

296 3863 377 3927 ὡς
407 3866 499 3917 καὶ
530 3864 658 3929 τοὺς
689 3864 914 3933 Μάγους
945 3865 1193 3936 κήρυκας
1217 3864 1474 3933 ,γενέσθαι
1501 3867 1601 3934 τῆς
1640 3865 1883 3936 χάριτος.

313 3952 374 4007 '0
395 3952 504 4025 γὰρ
528 3953 832 4008 ἀνατέλλων
860 3955 951 4008 τὸν
972 3955 1123 4025 ἣλιον
1146 3954 1239 4007 ἐπὶ
1261 3953 1497 4017 δικαίους
1521 3952 1613 4008 καὶ
1643 3953 1882 4027 ἀδίκορς,

300 4044 331 4098 6
384 4043 592 4116 βρέχων
642 4047 735 4099 ἐπὶ
781 4048 1049 4118 πονηροὺς
1110 4046 1205 4100 καὶ
1250 4046 1509 4115 ἀγαθοὺς,
1555 4046 1753 4115 ἧνεγκε
1786 4046 1885 4117 τὴν

299 4136 496 4190 ἀκτῖνα
526 4138 625 4205 τῆς
655 4135 928 4203 γνώσεως,
976 4138 1072 4191 καὶ
1109 4137 1207 4208 τὴν
1238 4136 1426 4209 δρόσον
1450 4136 1545 4190 τοῦ
1579 4135 1884 4207 πνεύματος

300 4227 395 4280 καὶ
424 4228 506 4291 είς
531 4227 786 4300 ἀλλότρια
816 4229 1061 4300 στόματα
1084 4246 1097 4259 ⁸
1150 4227 1290 4283 ὥστε
1319 4231 1384 4301 τῇ
1418 4229 1565 4301 παρὰ
1595 4229 1705 4282 τῶν
1730 4231 1885 4283 ἐναν-

297 4318 433 4371 τίων
480 4320 758 4391 μαρτυρία
804 4319 1170 4391 βεϐαιωθῆναι
1215 4320 1415 4391 μᾶλλον
1448 4322 1579 4391 ἡμῖν
1612 4322 1710 4393 τὴν
1753 4321 1883 4392 ἁλή-

297 4407 471 4462 θειαν.
506 4410 745 4474 Ἀκούεις
762 4410 856 4465 τοῦ
877 4411 1155 4466 οἰωνιστοῦ
1178 4411 1404 4483 Βαλαὰμ
1426 4413 1681 4484 ἐπιπνοίᾳ
1701 4413 1883 4484 κρείτ-

1991 555 2101 600 met
2131 548 2328 601 solvat.
2369 546 2865 612 Quemadmodum,
2898 562 3023 601 cum
3057 533 3343 616 serpentes
3391 548 3565 602 inter-

1993 640 2273 701 ﬁciuntur.
2325 655 2432 695 non
2474 639 2741 693 continuo
2773 641 3015 710 reliquas
3065 652 3248 711 partes
3284 657 3392 696 una
3436 658 3564 697 cum

1991 730 2173 800 capite
2225 729 2364 783 mori
2423 728 2694 793 videmus,
2731 728 2852 791 sed,
2891 743 3016 783 cum
3072 731 3344 785 interierit
3376 736 3563 799 caput.

1990 825 2094 879 illa:
2119 833 2303 877 tamen
2332 822 2512 876 adhuc
2535 822 2702 876 vitam
2736 822 2999 883 retinent,
3025 838 3126 877 nec
3158 824 3309 877 vitali
3340 824 3568 894 privan-

1991 922 2079 967 tur
2110 918 2259 966 motu
2292 910 2410 965 :sic
2435 910 2637 965 accidit
2665 913 2719 967 in
2756 912 3015 967 draconis
3063 913 3289 967 interitu
3316 932 3329 968 :
3360 914 3565 968 etenim

1992 1005 2186 1074 ingens
2217 1019 2341 1057 cum
2379 1013 2529 1060 esset
2567 1003 2860 1060 admodum
2900 1004 3036 1067 fera,
3068 1006 3271 1075 quippe.
3302 1024 3422 1073 niue
3450 1008 3568 1061 sin-

1990 1094 2136 1165 gulis
2169 1093 2455 1148 hominum
2486 1096 2744 1150 aetatibus
2784 1104 3124 1159 excreverat,
3151 1099 3245 1165 qui
3285 1098 3565 1165 multiplex

1989 1185 2112 1255 ejus
2146 1193 2336 1256 caput,
2371 1185 2423 1239 id
2454 1195 2539 1241 est
2577 1188 2684 1240 vim
2724 1187 2869 1241 illam
2902 1189 3174 1241 malorum
3209 1187 3565 1241 inventricem

1991 1275 2163 1331 nmlla
2199 1276 2254 1329 in
2290 1291 2349 1332 se
2394 1279 2573 1346 capita
2623 1279 2997 1345 continentem
3047 1278 3293 1341 sustulit,
3340 1292 3568 1330 cauera-

1991 1385 2111 1424 rum
2150 1369 2326 1440 ipsius
2372 1371 2608 1439 partium
2645 1378 2855 1427 tractus
2888 1372 3147 1442 neglexit,
3182 1380 3236 1425 ul
3271 1372 3571 1426 interfecta!

1998 1460 2127 1516 ferte
2155 1469 2362 1515 motum
2396 1464 2633 1531 posteris
2666 1463 2730 1516 ad
2771 1465 3187 1520 exercitationis
3220 1464 3569 1519 occasionem

1992 1552 2353 1622 relinqueret.
2398 1552 2618 1622 Ecquod
2669 1554 2837 1623 igitur
2880 1555 3131 1609 collisum
3177 1563 3235 1610 et
3282 1554 3570 1609 eliractum

1988 1649 2074 1697 est
2104 1644 2306 1713 caput?
2332 1644 2463 1697 illud
2485 1645 2626 1712 quod
2663 1645 2828 1715 impio
2847 1647 3078 1700 consilio
3109 1652 3339 1700 mortem
3373 1646 3574 1699 intule-

1990 1745 2095 1800 rat,
2129 1737 2274 1803 quod
2306 1753 2490 1792 morsu
2540 1738 2884 1792 mortiferum
2926 1738 3130 1792 homini
3177 1740 3327 1793 virus
3364 1738 3569 1807 injece-

1927 1808 1966 1861 Β
1996 1834 2099 1885 rat.
2131 1827 2501 1894 Quamobrem
2534 1828 2626 1899 qui
2664 1831 2861 1884 mortis
2892 1831 3094 1884 evertit
3124 1831 3439 1901 imperium,
3460 1832 3571 1885 vim

1993 1933 2116 1988 qum
2147 1918 2199 1972 in
2231 1919 2409 1988 capite
2440 1921 2716 1989 serpentis
2746 1928 2888 1985 erat,
2921 1929 2981 1975 ut
3015 1924 3091 1976 ait
3121 1921 3416 1993 Propheta,
3437 1938 3575 1976 con-

1995 2010 2174 2083 fregit,
2208 2013 2416 2082 reliqua
2457 2028 2590 2067 vero
2620 2029 2746 2083 pars
2788 2015 3041 2083 corporis
3078 2015 3132 2069 in
3173 2031 3346 2085 genus
3378 2017 3574 2070 huma-

1993 2119 2125 2158 num
2155 2104 2433 2175 dispersa,
2463 2122 2586 2177 quae
2627 2107 2807 2176 quoad
2855 2107 3110 2164 homines
3145 2109 3406 2162 vitiorum
3459 2126 3576 2163 mo-

1993 2196 2240 2251 tionibus
2286 2208 2701 2267 permoventur,
2729 2216 2957 2271 squama
3004 2202 3213 2271 peccati
3244 2204 3410 2257 vitam
3452 2203 3578 2256 irri-

1992 2293 2092 2353 tat,
2125 2294 2295 2355 atque
2326 2302 2579 2358 asperam
2637 2292 2840 2355 reddit,
2880 2300 3152 2361 potestate
3182 2292 3404 2362 quidem
3453 2292 3570 2360 jam

1992 2387 2211 2434 mortua
2240 2392 2346 2441 est,
2369 2397 2495 2435 cum
2513 2381 2634 2450 ejus
2663 2390 2829 2453 caput
2857 2391 3154 2438 contusum
3181 2393 3350 2454 atque
3375 2384 3571 2438 inutile

1994 2471 2199 2528 factum
2261 2473 2353 2527 sit.
2380 2474 2471 2547 At,
2510 2473 2601 2528 ubi
2638 2481 2858 2544 tempus
2900 2474 3204 2538 transierit,
3230 2484 3285 2528 et
3318 2490 3403 2539 ea,
3453 2491 3575 2545 quze

1992 2572 2308 2629 moventur,
2366 2566 2750 2629 constiterint,
2791 2566 3185 2638 adveneritque
3234 2568 3357 2622 vitae.
3403 2568 3572 2636 hujus

1991 2658 2285 2723 absolutio,
2308 2674 2471 2729 quam
2497 2668 2907 2730 exspectamus,
2941 2670 3070 2715 tunc
3100 2669 3157 2715 et
3190 2663 3365 2717 cauda
3394 2670 3450 2717 et
3477 2679 3574 2716 cx-

1995 2761 2171 2807 trema
2201 2768 2329 2822 pars
2357 2753 2593 2817 inimici,
2620 2769 2770 2807 mors
2804 2754 2920 2823 ipsa
2950 2755 3210 2810 nimirum
3237 2756 3573 2819 destruetur,

1993 2852 2159 2915 atque
2213 2846 2286 2899 ita
2338 2844 2613 2900 delebitur
2656 2846 2886 2910 omnino
2937 2858 3133 2901 cuncta
3173 2848 3408 2911 malitia,
3447 2862 3572 2901 cum

1991 2953 2187 2993 omnes
2231 2939 2287 2992 in
2321 2937 2488 2992 vitam
2543 2954 2639 3007 per
2684 2939 3148 2993 resurrectionem
3181 2939 3444 3003 revocati,
3477 2940 3575 3009 qui

1993 3028 2127 3099 justi
2165 3039 2350 3096 erunt,
2396 3031 2464 3084 ad
2496 3031 2779 3086 caelestem
2844 3033 3087 3101 quietem
3145 3032 3431 3097 accedent,
3475 3035 3570 3102 qui

1993 3130 2176 3177 autem
2212 3124 2456 3193 peccatis
2506 3123 2757 3189 obnoxii,
2790 3124 2844 3179 in
2877 3124 3140 3196 gehennae
3173 3124 3353 3197 ignem
3380 3124 3570 3181 detru-

1995 3212 2214 3269 dentur.

2063 3487 2169 3544 Sed
2196 3490 2262 3544 ad
2300 3504 2541 3560 prmsens
2576 3490 2835 3561 gaudium
2869 3499 3237 3554 revertamur,
3270 3490 3418 3561 quod
3477 3505 3575 3560 pa-

1990 3584 2237 3639 storibus
2268 3585 2530 3638 nuntiant
2567 3585 2767 3655 angeli,
2817 3584 2942 3638 οωΙί
2979 3592 3246 3639 enarrant
3292 3583 3484 3653 Magis,
3520 3592 3575 3637 rt

1994 3675 2559 3754 proplnetimspiritus
2578 3674 2769 3730 multis
2794 3676 3070 3745 variisque
3096 3675 3410 3730 rationibus
3440 3691 3575 3745 [mc-

1988 3768 2158 3832 dicat,
2201 3771 2456 3821 utetiam
2505 3767 2642 3837 Magi
2680 3768 2869 3837 gratiae
2909 3783 3191 3838 praecones
3241 3768 3394 3823 liant.
3437 3768 3573 3822 Nam

1986 3861 2082 3929 qui
2111 3860 2281 3914 solem
2311 3876 2474 3913 suum
2498 3861 2634 3914 oriri
2669 3860 2804 3914 facit
2828 3875 2999 3930 super
3019 3861 3207 3932 justos
3236 3868 3291 3914 et
3313 3860 3571 3930 injustas,

1985 3952 2193 4021 quique
2243 3951 2388 4020 pluit
2449 3966 2619 4022 super
2662 3953 2836 4006 malos
2882 3960 2941 4007 et
2990 3956 3192 4017 bonos,
3239 3942 3576 4019 cognitionis

1987 4040 2225 4105 radium,
2251 4051 2304 4095 et
2332 4057 2511 4096 rorem
2546 4043 2778 4113 spiritus
2800 4044 3000 4098 alienis
3030 4043 3196 4098 etiam
3235 4043 3441 4113 linguis
3474 4045 3574 4096 de-

1986 4132 2159 4195 misit,
2203 4140 2263 4186 ut
2316 4136 2764 4191 adversariorum
2810 4134 3131 4190 testimonio
3171 4136 3347 4209 magis
3403 4134 3571 4187 etiam

1987 4230 2130 4297 apud
2173 4242 2275 4281 nos
2317 4211 2523 4283 veritas
2574 4227 3022 4282 conﬁrmaretur.
3068 4225 3341 4281 Audivisti
3392 4227 3576 4279 hario-

1987 4328 2097 4381 lum
2139 4333 2192 4381 et
2235 4323 2456 4378 Balaam
2505 4320 2717 4375 meliori
2760 4319 2985 4374 nomine
3031 4318 3276 4373 adlatum
3326 4318 3407 4373 sie
3440 4319 3575 4372 alie-

1987 4419 2204 4490 nigenis
2243 4414 2629 4486 prazdiccntem
2671 4430 2685 4467 :
2734 4410 2952 4467 Orielur
2988 4412 3144 4465 stella
3194 4426 3258 4464 ex
3300 4410 3471 4465 Iacob
3502 4411 3569 4465 ”.

295 4516 413 4552 τονι
452 4502 564 4565 τοῖς
610 4499 925 4572 ἀλλοφύλοις
972 4501 1405 4567 ἐπιθειάζοντος,
1447 4503 1532 4556 ὃτι
1594 4501 1886 4557 Ἁνατελεῖ

1990 4509 2129 4563 Ecce
2153 4506 2275 4571 tibi,
2300 4505 2393 4576 qui
2424 4504 2492 4558 ab
2522 4519 2588 4558 eo
2615 4518 2790 4574 genus
2826 4503 3131 4569 duxerunt,
3162 4501 3300 4571 Magi
3333 4519 3399 4557 ex
3420 4518 3574 4573 pra:-

297 4589 529 4660 ἆστρον
551 4590 622 4656 ἐξ
657 4590 878 4655 Ἰακώϐ.
929 4591 1092 4663 Ὁρᾷς
1123 4592 1247 4656 τοὺς
1275 4592 1368 4645 ἀπ’
1400 4591 1611 4645 ἐκείνου
1640 4591 1701 4644 τὸ
1728 4591 1884 4659 γένος

297 4682 641 4751 κατάγοντας
668 4683 892 4750 Μάγους
912 4721 927 4747 ,
974 4682 1367 4753 ἐπιτηροῦντας
1397 4681 1539 4736 κατά
1565 4681 1666 4753 τὴν
1711 4683 1883 4753 πρόρ-

298 4771 462 4842 ρησιν
489 4769 585 4825 τοῦ
621 4773 965 4843 προπάτορος
1006 4770 1102 4842 τὴν
1135 4768 1225 4824 τοῦ
1274 4768 1460 4824 καινοῦ
1494 4771 1722 4841 ἀστέρος
1751 4770 1884 4824 ἀνα-

297 4862 481 4933 τολὴν,
510 4862 568 4925 6;
598 4862 750 4934 παρὰ
778 4865 877 4935 τὴν
904 4862 1010 4916 τῶν
1037 4861 1237 4917 λοιπῶν
1263 4861 1508 4934 ἀστέρων
1534 4861 1695 4931 φύσιν
1725 4863 1887 4932 μόνος

297 4958 397 5011 καὶ
423 4958 689 5028 κινήσεως
713 4958 966 5029 μετέσχε,
996 4958 1089 5010 καὶ
1122 4957 1383 5021 στάσεως,
1422 4956 1556 5024 πρὸς
1574 4953 1674 5027 τὴν
1698 4954 1888 5027 χρείαν

299 5052 582 5124 ἑκατέρων
634 5051 838 5106 τούτων
905 5050 1265 5122 μεταϐαίνων.
1341 5050 1463 5103 Τῶν
1521 5049 1628 5121 γὰρ
1683 5048 1887 5103 λοιπῶν

297 5143 567 5214 ἀστέρων,
618 5143 729 5197 τῶν
765 5144 863 5215 μὲν
890 5143 1038 5211 ἅπαξ
1065 5143 1535 5214 καταπεπηγότων
1562 5145 1630 5215 τῇ
1658 5142 1890 5197 ἀπλανεῐ

300 5235 529 5308 σφαίρᾳ,
563 5236 657 5290 καὶ
703 5235 960 5308 ἀκίνητον
994 5234 1285 5308 εἰληχότων
1311 5233 1411 5306 τὴν
1441 5233 1651 5299 στάσιν,
1690 5233 1799 5289 τῶν
1829 5232 1889 5286 δὲ

298 5327 379 5399 μὴ
411 5328 734 5400 παυομένων
762 5328 895 5382 ποτὲ
920 5328 1017 5399 τῆς
1049 5332 1313 5400 κινήσεως
1337 5343 1351 5358 ⁸
1396 5318 1551 5388 οὗτος
1584 5325 1678 5378 καὶ
1716 5326 1883 5378 κινεῖ-

301 5437 412 5485 ται,
445 5420 861 5491 προηγούμενος
906 5419 1014 5471 τῶν
1055 5419 1262 5488 Μάγων
1281 5458 1297 5483 ,
1329 5418 1424 5473 καὶ
1456 5418 1672 5472 ἵσταται
1704 5434 1879 5472 κατα-

298 5512 524 5584 μηνύων
561 5513 654 5567 τὸν
700 5512 882 5566 τόπον.
932 5510 1173 5576 Ἀκούεις
1213 5512 1309 5566 τοῦ
1352 5511 1574 5566 Ἡσαΐου
1626 5510 1878 5582 βοῶντος,

292 5605 379 5659 ἴηι
407 5604 656 5661 Παιδίον
683 5604 977 5676 ἐγεννήθη
1009 5605 1173 5675 ἡμῖν,
1210 5605 1309 5659 καί
1341 5605 1474 5674 υίὸς
1498 5604 1678 5676 ἐδόθη
1713 5604 1875 5679 ἡμῖν.

412 5785 459 5818 ⁸³
494 5784 656 5844 Num.
690 5803 840 5855 niv,
880 5787 969 5843 17.
1045 5788 1092 5820 ’⁸
1126 5784 1233 5843 lsa.
1261 5800 1338 5856 ιι,
1374 5786 1427 5843 6.

1987 4600 2235 4655 dictione
2288 4597 2466 4668 ipsius
2520 4611 2725 4650 novum
2774 4596 3078 4650 ohservant
3129 4603 3312 4648 ortum
3358 4595 3568 4658 stella},

1988 4706 2112 4761 quae
2148 4697 2348 4761 prater
2382 4689 2619 4742 aliarum
2660 4688 2948 4744 stellarum
2994 4698 3250 4741 naturam
3297 4697 3352 4741 et
3386 4696 3569 4751 motus

1989 4790 2045 4839 et
2069 4790 2252 4838 status
2288 4788 2376 4835 est
2405 4780 2791 4850 particeps,'et
2831 4777 2898 4832 ad
2936 4779 3230 4833 utilitatem
3267 4778 3369 4833 hac
3395 4779 3572 4833 utitur

1990 4871 2398 4929 vicissitudine.
2424 4871 2636 4927 Etenim
2669 4883 2795 4923 cum
2829 4877 3045 4924 caeteras
3081 4870 3257 4924 stella:
3283 4874 3481 4940 partim
3514 4872 3568 4925 in

1989 4965 2124 5020 orbe
2163 4978 2270 5018 non
2301 4971 2525 5017 errante
2558 4960 2726 5017 semel
2769 4958 2952 5015 inlita:
2985 4969 3191 5016 statum
3233 4962 3569 5018 immobilem

1987 5056 2198 5112 sortitas
2219 5055 2352 5119 sint,
2385 5053 2584 5124 partim
2618 5069 2898 5123 nunquam
2925 5065 3149 5110 cessent
3182 5070 3214 5111 a
3243 5063 3420 5117 motu,
3453 5055 3571 5109 haec

1986 5154 2043 5201 et
2072 5156 2344 5210 movetur,
2370 5145 2501 5199 dum
2542 5146 2718 5214 magis
2747 5161 2806 5201 sc
2852 5146 3051 5202 ducem
3097 5148 3325 5214 prtebet,
3348 5155 3406 5202 et
3435 5155 3568 5209 stat,

1985 5240 2117 5294 dum
2169 5240 2283 5296 illis
2322 5238 2571 5293 ostendit
2618 5239 2823 5295 locum.
2865 5238 3041 5296 Audis
3087 5239 3285 5295 Isaiam
3328 5241 3572 5296 claman-

1987 5341 2157 5388 tem:
2214 5331 2354 5385 Puer
2402 5341 2561 5386 natus
2617 5341 2697 5386 ert
2741 5331 2915 5397 nobis,
2970 5341 3022 5387 et
3067 5333 3216 5402 filius
3271 5333 3432 5387 datus
3489 5342 3572 5389 est

1986 5423 2139 5479 nobis
2178 5423 2247 5476 “.
2280 5422 2439 5479 Disce
2479 5425 2549 5479 ab
2596 5423 2789 5481 eodem
2837 5427 3124 5497 propheta,
3158 5428 3436 5496 quomodo
3474 5442 3573 5480 na-

1988 5522 2080 5571 tus
2119 5515 2192 5570 sit
2215 5530 2376 5586 puer,
2413 5516 2694 5586 quomodo
2716 5517 2877 5573 datus
2921 5519 2994 5573 sit
3031 5517 3199 5574 ﬁlius.
3227 5516 3370 5572 Num
3410 5520 3572 5589 juxta

1990 5621 2200 5663 natura:
2221 5608 2437 5680 legem?
2469 5609 2694 5664 minime
2728 5625 2879 5667 vero.
2926 5610 3130 5683 inquit,
3171 5612 3381 5685 legibus
3414 5612 3567 5668 enim
