3972 6208
371 371 513 428 1135

1574 356 1628 410 S.
1678 350 1999 410 GREGORII
2031 347 2325 405 NYSSENI

3509 343 3661 398 {258

373 499 584 541 natm-az
622 497 728 537 non
771 489 947 551 paret,
979 481 1070 550 qui
1112 486 1321 534 natura:
1361 475 1624 530 Dominus
1665 481 1772 529 est.
1809 472 1992 537 ριιοο.

2098 469 2212 522 Ιάθε
2253 469 2381 538 παρ’
2414 467 2577 521 αύτοῦ
2628 467 2720 520 τοῦ
2751 466 3038 538 Προφήτου
3099 461 3212 527 πῶς
3261 460 3543 532 ἐγεννήθη
3597 460 3664 511 τὸ

374 577 540 631 modo
597 575 764 644 igitur
821 561 986 627 nartus
1046 581 1130 627 est
1156 569 1328 640 puer?
1380 567 1490 620 dic.
1553 563 1717 630 Ecce,
1774 561 1956 632 inquit

376 673 522 738 νῦν-90
581 669 635 720 iu
685 675 836 720 utero
895 665 1148 732 concipiet
1195 671 1245 715 et
1288 661 1457 730 pariet
1483 658 1676 727 filium,
1723 663 1772 709 et
1805 669 1962 706 vora-

378 766 502 810 (mut
530 773 716 810 nomen
749 758 863 824 ejus
895 749 1214 806 Eamuaimrl
1241 751 1308 803 ’⁵.
1341 747 1522 813 Quod,
1556 745 1601 800 si
1633 746 1931 812 interprete
1951 782 1965 791 .

383 853 487 914 ris,
523 849 800 918 significat
841 845 1128 899 Nobiscum
1155 842 1313 896 Deus.
1338 839 1383 895 Ο
1403 854 1514 893 rem
1541 831 1955 890 admirandam!

387 941 554 1012 \‘irgo
594 949 770 993 mater
809 937 1068 1002 efticitur,
1117 943 1172 990 et
1213 938 1498 1004 permanet
1541 933 1714 998 virgo.
1763 924 1960 982 Cernis

389 1049 594 1088 novum
627 1039 835 1090 naturae
868 1029 1142 1084 ordinem.
1175 1027 1232 1081 In
1272 1025 1397 1081 aliis
1425 1023 1748 1078 mulieribus
1781 1034 1962 1090 quan-

386 1124 482 1178 diu
525 1123 710 1192 aliqua
757 1128 840 1176 est
881 1121 1059 1190 virgo,
1094 1133 1202 1172 non
1247 1124 1333 1172 est
1374 1123 1569 1169 mater.
1595 1111 1728 1166 Nam
1755 1119 1965 1182 postea-

387 1231 551 1285 quam
574 1222 658 1268 est
693 1212 837 1266 facta
879 1218 1075 1276 mater,
1105 1207 1478 1279 virginitatem
1513 1219 1623 1260 non
1652 1203 1834 1258 habet.
1863 1200 1965 1255 llic

387 1318 568 1361 autem
620 1314 922 1374 utrumque
972 1317 1171 1362 nomen
1219 1300 1275 1354 in
1326 1298 1470 1354 idem
1513 1294 1818 1351 concurrit.
1863 1291 1967 1345 Ea-

386 1400 510 1453 dem
556 1399 704 1454 enim
755 1405 811 1453 et
861 1403 1038 1450 mater
1081 1401 1135 1449 et
1185 1393 1341 1464 virgo
1384 1398 1490 1446 est.
1531 1388 1642 1444 Nec
1681 1386 1968 1457 virginitas

389 1504 605 1565 partum
649 1493 890 1556 ademit,
940 1503 1043 1544 nec
1095 1497 1291 1559 partus
1342 1484 1714 1556 virginitatem
1781 1478 1966 1535 Solvit.

393 1585 629 1640 Decebat
661 1584 834 1645 enim,
863 1588 922 1635 ut
952 1581 1046 1652 qui
1077 1580 1131 1633 in
1163 1578 1332 1632 vitam
1363 1575 1662 1630 humanam
1687 1569 1969 1634 introibat,

395 1681 454 1728 ut
500 1674 750 1728 homines
789 1674 1034 1741 integros
1080 1670 1539 1736 incorruptosquc
1585 1667 1867 1726 servaret,
1904 1659 1972 1711 ab

395 1769 714 1836 incorrupta
741 1765 846 1820 sibi
885 1763 1228 1819 deserviente
1259 1759 1576 1828 integritate
1619 1754 1837 1809 initium
1867 1753 1939 1805 du
1961 1779 1974 1790 -

395 1867 567 1912 ceret.
602 1855 735 1909 Nam
767 1855 1052 1909 hominum
1081 1850 1427 1906 consuetudo
1456 1855 1737 1916 expertem
1763 1857 1975 1897 conuu-

403 1950 481 2003 bii
526 1948 906 2017 incorruptam
953 1943 1212 2014 appellat.
1245 1941 1358 1995 lloc
1399 1940 1532 1993 mihi
1573 1946 1698 1991 ante
1746 1949 1977 2006 magnus

405 2039 501 2093 ille
537 2039 712 2092 Moses
744 2051 840 2105 per
877 2049 997 2089 eam
1029 2035 1228 2098 lucem,
1262 2032 1315 2084 in
1343 2045 1450 2100 qua
1484 2028 1591 2083 sibi
1635 2029 1774 2081 Deus
1811 2039 1979 2095 appa-

405 2130 537 2192 ruit,
577 2130 790 2182 videtur
838 2126 1186 2196 cognovisse,
1210 2122 1327 2193 qui,
1357 2136 1481 2176 cum
1529 2119 1705 2174 rubus
1737 2117 1978 2183 arderet,

412 2237 512 2276 nec
555 2234 734 2275 tamen
770 2225 1214 2282 consumeretur,
1252 2213 1537 2268 Transiens
1567 2213 1737 2274 enim,
1779 2210 1979 2280 inquit,

404 2314 589 2367 videbo
618 2313 867 2365 visionem
909 2311 1044 2362 hanc
1084 2321 1334 2376 magnam
1364 2306 1444 2367 ’⁸,
1478 2319 1586 2357 non
1619 2301 1721 2355 loci
1754 2311 1982 2361 motum,

413 2415 474 2460 ut
505 2406 766 2466 arbitror,
793 2417 890 2473 per
928 2400 1222 2455 transitum
1244 2396 1558 2462 declarans,
1591 2394 1686 2448 sed
1723 2390 1987 2461 temporis

410 2499 733 2552 transitum.
755 2495 910 2562 Quod
942 2495 1089 2550 enim
1124 2500 1256 2546 tunc
1278 2505 1374 2560 per
1397 2487 1670 2542 ﬂammam
1707 2493 1760 2539 et
1791 2485 1986 2538 rubum

410 2591 848 2662 significabatur,
876 2587 1258 2658 progrediente
1290 2579 1722 2651 tempore,quod
1758 2578 1992 2631 interce-

411 2683 592 2746 debat,
623 2681 910 2753 perspicue
948 2681 1002 2733 iu
1029 2677 1289 2747 mysterio
1319 2673 1549 2742 virginis
1580 2680 1826 2740 apertum
1865 2667 1988 2722 fuit.

2057 562 2286 627 παιδίον,
2324 561 2441 624 πῶς
2474 560 2628 630 ἐδόθη
2669 560 2806 622 υίός.
2847 554 2996 628 τΛρα
3038 556 3177 609 κατὰ
3203 556 3294 609 τὸν
3342 555 3523 626 νόμον
3557 554 3665 621 τῆς

2058 654 2308 724 φύσεωςς
2341 650 2440 718 Oi},
2471 629 2636 721 φησὶν
2663 654 2693 704 6
2722 651 3028 722 Προφήτης.
3058 649 3131 700 Ού
3161 647 3397 700 δουλεύει
3425 645 3662 714 φύσεως
3689 629 3708 722 θ’

2058 713 2309 816 νόμοις-δ
2353 713 2630 814 Δεσπότης
2675 713 2784 811 τῆς.
2823 713 3058 811 cati-33mg
3117 739 3280 792 ’Λλλὰ
3320 713 3448 800 πῶς
3494 738 3662 804 ὲγεν-
3689 713 3700 722 ’

2059 836 2195 908 νήθη
2225 835 2286 888 τὸ
2331 835 2575 900 παιδίον;
2624 832 2776 888 εἰπέ⁶
2819 831 2985 896 Ἰδοὺ,
3026 831 3209 901 φησὶν,
3264 833 3300 899 ἠ
3344 826 3665 896 παρθένος

2060 929 2129 982 ἐν
2165 928 2375 1000 γαστρὶ
2417 926 2678 996 λήψεται
2723 925 2821 979 καί
2857 925 3087 990 τέξεται
3133 923 3286 985 υἱὸν,
3325 921 3424 975 καί
3469 919 3662 973 κιιλέο

2062 1035 2244 1074 cover:
2272 1019 2337 1073 τὸ
2373 1020 2558 1088 ὄνομα
2591 1019 2777 1072 αὐτοῦ
2805 1016 3208 1087 Ἐμμανουὴλ,
3245 1016 3273 1068 ὂ
3300 1015 3417 1067 ἐστι
3447 1013 3662 1083 μεθερ-

2067 1112 2452 1183 μηνευόμενον,
2487 1109 2811 1180 Μεθ’ἡμῶν
2843 1112 2877 1164 ὀ
2907 1111 3067 1174 Θεός.
3105 1109 3171 1160 Ὠ
3201 1106 3294 1161 τοῦ
3329 1106 3662 1176 θαύματοςι

2079 1204 2142 1257 Ἦ
2175 1202 2442 1274 παρθένος
2479 1204 2663 1273 μήτηρ
2687 1202 2915 1268 γίνεται,
2955 1200 3052 1254 καὶ
3083 1200 3327 1269 διαμένει
3356 1197 3661 1268 παρθένος.

2075 1297 2240 1368 Ὁρᾷς
2264 1296 2362 1365 τὴν
2399 1294 2750 1365 καινοτομίαν
2789 1294 2888 1362 τῆς
2919 1292 3151 1361 φύσεως.
3195 1289 3316 1343 Ἐπὶ
3337 1289 3450 1342 τῶν
3477 1287 3667 1342 ἄλλων

2069 1391 2340 1460 γυναικῶν
2369 1389 2474 1453 ἓως
2499 1388 2764 1460 παρθένος
2791 1386 2930 1447 ἐστὶ,
2961 1387 3141 1457 μήτηρ
3167 1383 3266 1436 οὒκ
3296 1382 3466 1434 ἔστιν.
3501 1377 3666 1432 Ἐπεὶ

2069 1482 2112 1534 δ’
2155 1482 2219 1534 ἂν
2278 1481 2459 1550 μήτηρ
2521 1479 2785 1548 γένηται,
2837 1477 2934 1548 τὴν
2995 1473 3296 1546 παρθενίαν
3352 1472 3454 1524 οὐκ
3518 1470 3658 1541 ἔχει.

2085 1572 2352 1626 Ἐνταῦοα
2392 1573 2448 1625 δὲ
2480 1571 2549 1626 τὰ
2575 1570 2667 1624 δύο
2694 1570 2994 1640 συνέδραμε
3028 1568 3170 1620 κατὰ
3209 1566 3405 1620 ταὺτὶν
3433 1566 3503 1618 τὰ
3540 1565 3659 1616 ὀνό-

2077 1680 2240 1733 ματα.
2297 1663 2361 1715 ἸΙ
2405 1662 2514 1733 γὰρ
2557 1660 2694 1730 αὑτὴ
2743 1659 2838 1712 καὶ
2865 1659 3045 1729 μήτηρ
3079 1657 3172 1710 καὶ
3209 1655 3475 1726 παρθένος
3515 1653 3656 1707 ἐστί’

2075 1756 2170 1808 καὶ
2216 1753 2340 1808 οὔτε
2386 1757 2420 1825 ἡ
2477 1752 2745 1825 παρθενία
2791 1751 2885 1804 τὸν
2927 1751 3086 1802 τόκον
3127 1748 3436 1811 ἐκώλυσεν,
3481 1746 3604 1798 οὔτε
3630 1747 3662 1798 6

2076 1848 2230 1911 τόκος
2275 1847 2373 1918 τὴν
2417 1846 2712 1917 παρθενίαν
2742 1845 2948 1896 ἔλυσεν.
2999 1844 3243 1911 Ἐπρεπε
3273 1840 3381 1911 γὰρ
3425 1838 3516 1891 τδν
3565 1837 3664 1889 ἐπὶ

2077 1935 2354 2008 ἀφθαρσίᾳ
2383 1935 2477 1989 τοῦ
2522 1932 2720 1999 παντὸς
2769 1935 2826 1986 ἐν
2868 1933 2946 2002 τῷ
2999 1931 3321 2003 ἀνθρωπίνῳ
3361 1930 3465 2000 βίῳ
3508 1929 3665 1997 γενό-

2083 2045 2261 2101 μενον,
2294 2027 2403 2082 ἀπὸ
2433 2027 2534 2097 τῆς
2565 2024 2944 2098 ὑπηρετούσης
2988 2022 3149 2077 αὑτοῦ
3178 2025 3239 2093 τῇ
3274 2025 3521 2090 γεννήσει
3552 2019 3666 2087 τῆς

2081 2121 2390 2192 ἀφθαρσίας
2418 2118 2706 2192 ἄρξασθαι.
2732 2118 2843 2189 Τὴν
2875 2116 2986 2188 γὰρ
3010 2115 3383 2186 ἁπειρὸγαμον,
3407 2111 3664 2181 ἄφθορον

2083 2213 2221 2268 οἶδεν
2249 2214 2534 2284 ὀνομάζειν
2573 2213 2608 2283 ἡ
2651 2211 2758 2265 τῶν
2807 2207 3108 2280 ἀνθρώπων
3157 2205 3425 2276 συνήθεια.
3477 2201 3671 2256 Τοῦτό

2089 2323 2178 2376 μοι
2222 2307 2370 2359 δοκεῖ
2421 2301 2984 2376 προκατανενοηκέναι
3023 2302 3091 2370 τῇ
3140 2296 3404 2369 γενομένῃ
3432 2296 3523 2348 διὰ
3567 2294 3672 2347 τοῦ

2088 2397 2265 2465 φωτὸς
2288 2395 2436 2467 αύτῷ
2467 2395 2754 2466 θεοφανείᾳ
2781 2392 3022 2461 Μωῦσῆς
3053 2391 3256 2452 ἐκεῖνος
3283 2389 3312 2440 6
3349 2388 3546 2456 μέγας,
3580 2387 3674 2439 ὅτε

2090 2490 2354 2561 ἐξήπτετο
2382 2489 2480 2558 τῆς
2511 2488 2674 2558 βάτου
2695 2487 2754 2540 τὸ
2781 2485 2912 2556 πῦρ,
2942 2483 3036 2537 καὶ
3064 2485 3100 2554 ὴ
3132 2482 3292 2552 βάτος
3323 2481 3426 2534 οὐκ
3450 2478 3677 2549 ἐμαραί-

2091 2602 2212 2638 νετο
2237 2600 2249 2614 θ
2299 2582 2513 2649 Διαϐὰς
2548 2581 2678 2652 γὰρ,
2710 2579 2896 2650 φησὶν,
2932 2579 3152 2647 ὄψομαι
3190 2574 3256 2628 τὸ
3285 2575 3438 2644 μέγα
3483 2572 3678 2642 ὅραμα

2092 2675 2287 2729 τοῦτο’
2343 2673 2404 2726 ού
2453 2674 2702 2742 τοπικὴν,
2751 2665 2925 2739 οἶμαι,
2971 2667 3146 2738 δηλῶν
3192 2667 3409 2737 κίνησιν
3454 2666 3541 2718 διὰ
3571 2663 3679 2733 τῆς

414 2773 894 2840 Quemadmodum
933 2770 1082 2824 enim
1129 2769 1244 2822 illic
1292 2774 1376 2821 cst
1409 2766 1602 2824 rubus,
1653 2772 1703 2816 et
1740 2759 1992 2814 accendit

2098 2766 2330 2837 βάσεως,
2349 2764 2486 2818 ἀλλὰ
2519 2763 2618 2833 τὴν
2647 2761 2946 2832 παροδικὴν
2970 2758 3065 2812 τοῦ
3100 2758 3294 2829 χρόνου
3321 2757 3597 2810 διάδασιψ
3621 2754 3683 2808 τὸ

419 2867 624 2935 ignem,
652 2874 706 2918 et
739 2878 848 2916 non
881 2859 1267 2924 comburitur;
1310 2859 1383 2911 ita
1423 2855 1512 2909 hic
1554 2861 1638 2908 cst
1670 2855 1841 2922 virgo,
1873 2866 1992 2920 quae

2098 2857 2204 2928 γᾶρ
2233 2857 2351 2909 τότε
2396 2853 2840 2926 προδιατυπωθὲν
2882 2855 2939 2906 ὲν
2975 2852 3040 2921 τῇ
3086 2849 3245 2918 φλογὶ
3288 2848 3384 2901 καὶ
3411 2851 3476 2919 τῇ
3510 2847 3683 2916 βάτῳ,

420 2958 600 3010 lucem
629 2955 796 3026 parit,
831 2962 887 3008 et
922 2967 1030 3006 non
1073 2950 1471 3018 corrumpitur.
1507 2945 1662 3012 Quod
1685 2952 1864 2998 autem
1903 2956 1992 3013 per

2099 2949 2380 3012 διαϐάντος
2413 2947 2509 3000 τοῦ
2549 2947 2714 3018 μέσον
2745 2946 2959 3016 χρόνου,
2995 2942 3180 3012 σαφῶς
3207 2943 3266 2994 ὲν
3298 2941 3380 3012 τῷ
3414 2940 3564 2994 κατὰ
3583 2940 3689 3010 τὴν

425 3051 620 3104 rulmm
662 3047 906 3118 Virginis
934 3059 1160 3114 corpus,
1195 3041 1341 3112 quod
1375 3041 1543 3094 Deum
1576 3039 1809 3110 peperit,
1841 3036 1992 3090 intel-

2102 3041 2372 3112 παρθένον
2409 3039 2695 3111 μυστηρίῳ
2743 3035 3124 3106 ἀπεκαλύφθη.
3159 3035 3371 3104 Ὥσπερ
3417 3033 3530 3103 γὰρ
3569 3033 3693 3084 ἐκεῖ

425 3143 660 3212 ligatur,
704 3155 773 3194 ne
819 3146 874 3193 te
918 3133 1306 3192 similitudinis
1350 3129 1575 3202 pudeat.
1636 3127 1770 3183 Nam
1823 3125 1992 3181 omnis

2107 3135 2140 3204 ἡ
2167 3134 2390 3202 θάμνος,
2422 3131 2515 3184 καὶ
2545 3132 2704 3184 διπτει
2731 3129 2794 3182 τὸ
2816 3127 2927 3199 πῦρ
2962 3128 3056 3180 καὶ
3080 3127 3140 3179 ού
3173 3126 3404 3188 καίεται,
3426 3123 3572 3204 οὕτω
3593 3123 3692 3175 καὶ

427 3247 558 3285 caro
595 3237 816 3300 propter
848 3227 1059 3298 peccati
1095 3223 1524 3292 susceptionem,
1560 3227 1613 3275 et
1638 3219 1708 3272 oh
1735 3218 1790 3272 id
1822 3219 1992 3287 ipsum

2106 3195 2337 3278 ένταθθα
2364 3225 2398 3296 ἡ
2426 3222 2718 3295 Παρθένος,
2746 3223 2842 3274 καὶ
2870 3195 3043 3275 τίκτει
3073 3220 3134 3272 τὸ
3163 3219 3296 3289 φῶς,
3329 3195 3505 3272 καὶξοῦ
3537 3215 3693 3284 φθεί-

430 3331 662 3382 tantum,
697 3318 844 3390 quod
887 3327 1144 3382 cstcaro,
1185 3320 1470 3386 peccatum
1502 3321 1586 3366 est
1610 3311 1677 3365 ’⁷.
1714 3307 1992 3363 Peccatum

2111 3335 2285 3390 ρεται.
2342 3317 2405 3371 Ei
2451 3315 2508 3368 δὲ
2555 3314 2718 3385 βάθος
2763 3313 3118 3385 προδιατυποῖ
3147 3311 3207 3365 τὸ
3240 3309 3484 3363 θεοτὸκον
3526 3309 3699 3378 σῶμα

433 3423 612 3468 autem
664 3413 716 3466 in
770 3411 1058 3481 Scriptura
1098 3414 1328 3463 vocatur
1356 3405 1535 3475 spina.
1585 3403 1662 3457 Ac
1693 3416 1761 3456 ne
1806 3417 1835 3454 a
1877 3415 2006 3471 pro-

440 3506 622 3577 posito
665 3503 884 3574 longius
934 3515 1252 3571 evagemur,
1289 3498 1428 3552 forte
1461 3511 1572 3550 non
1610 3495 1713 3547 erit
1743 3494 2012 3560 intempe-

438 3598 662 3660 stivum,
691 3595 737 3650 si
775 3595 1111 3662 incorrupta:
1157 3590 1350 3645 matris
1391 3595 1584 3642 testem
1617 3600 1765 3644 eum.
1797 3583 1891 3652 qui
1929 3582 2014 3635 in-

436 3695 521 3741 ter
572 3686 838 3754 templum
887 3692 940 3738 et
993 3683 1166 3737 altare
1210 3680 1312 3735 fuit
1355 3679 1598 3737 occisus,
1643 3673 2010 3744 proferamus.

439 3776 540 3831 llie
567 3785 651 3832 est
687 3775 948 3831 sacerdos
995 3772 1316 3838 Zacharias,
1354 3783 1465 3825 non
1512 3765 1776 3823 sacerdos
1811 3763 2013 3826 solum,

439 3883 628 3922 verum
655 3865 822 3921 etiam
852 3865 1118 3934 propheta
1146 3864 1213 3916 ’⁸.
1244 3862 1322 3915 Ac
1347 3858 1649 3930 prophetia:
1669 3855 1890 3926 quidem
1916 3868 2016 3923 po-

441 3967 607 4013 testas
637 3957 690 4011 in
726 3941 1005 4026 Evangelii
1034 3954 1177 4010 libro
1211 3954 1548 4016 declaratur,
1582 3963 1708 4004 cum
1738 3948 1881 4002 viam
1914 3945 2018 4000 ho-

442 4048 685 4104 minibus
715 4047 970 4102 muniens
995 4045 1182 4100 divina
1222 4044 1424 4115 gratia,
1453 4057 1521 4098 ne
1551 4041 1796 4113 Virginis
1828 4046 2021 4111 partus

444 4140 788 4197 incredibilis
835 4146 1146 4210 putaretur,
1197 4136 1507 4194 minoribus
1558 4133 1848 4190 miraculis
1886 4132 2020 4187 fide-

444 4235 578 4290 lium
612 4247 900 4290 assensum
943 4233 1025 4287 sic
1063 4229 1338 4296 exercuit,
1381 4237 1440 4284 ut
1470 4227 1675 4285 femina
1709 4225 1938 4290 sterilis,
1969 4235 2025 4281 et

445 4329 529 4383 vir
545 4328 658 4397 jam
681 4335 843 4382 aetate
864 4326 1154 4381 confectus
1186 4323 1359 4379 filium
1382 4322 1747 4393 susciperent.
1771 4319 1888 4376 Hoc
1918 4318 2024 4374 mi-

449 4420 608 4475 randi
628 4429 822 4491 partus
849 4418 1177 4490 prommium
1200 4417 1321 4472 fuit.
1347 4415 1560 4470 Etenim
1591 4415 1734 4470 sicut
1762 4410 2025 4478 Elisabet,

2108 3410 2207 3480 τῆς
2232 3406 2534 3479 Παρθένου.
2565 3407 2639 3477 μὴ
2661 3405 2956 3476 αἰσχυνθῇς
2979 3403 3055 3475 τῷ
3072 3403 3365 3472 αἰνίγματι,
3393 3401 3546 3452 Πᾶσα
3573 3399 3701 3471 γὰρ

2113 3501 2250 3571 σὰρξ
2283 3499 2372 3554 διὰ
2400 3499 2501 3570 τὴν
2544 3498 2644 3567 τῆς
2693 3496 2966 3568 ἁμαρτίας
3016 3493 3346 3566 παραδοχὴν,
3389 3493 3504 3544 κατ’
3550 3491 3704 3544 αὐτὸ

2113 3593 2270 3646 τοῦτο
2313 3592 2394 3644 ὅτι
2440 3589 2575 3661 σάρξ
2623 3592 2739 3642 ἐστι
2787 3589 2981 3660 μόνον,
3030 3586 3274 3658 ἁμαρτία
3326 3585 3509 3638 ἐστίν’
3560 3585 3594 3654 ἠ
3633 3583 3704 3638 δὲ

2114 3683 2359 3754 ἁμαρτία
2383 3683 2536 3753 παρὰ
2558 3683 2654 3752 τῆς
2683 3682 2905 3753 Γραφῐκ
2930 3683 2996 3753 τῇ
3027 3683 3126 3751 τῆς
3149 3679 3389 3749 ἀκάνθης
3410 3677 3708 3748 ἐπωνυμίᾳ

2118 3771 2564 3843 κατονομάζεται.
2615 3771 2680 3824 Ei
2709 3772 2766 3824 δὲ
2815 3769 2892 3842 μὴ
2925 3771 3116 3841 πόρρω
3161 3769 3274 3822 τῶν
3321 3767 3710 3838 προκειμένοιν

2118 3862 2530 3935 ἀποφερόμεθα,
2557 3862 2697 3933 τάχα
2725 3863 2822 3916 καὶ
2852 3863 2944 3917 τὺν
2979 3861 3180 3934 μεταξὺ
3203 3861 3300 3915 τοῦ
3330 3859 3460 3915 ναοῦ
3485 3860 3580 3914 καὶ
3597 3858 3710 3913 τοῦ

2121 3954 2519 4027 θυσιαστηρίου
2559 3953 2885 4024 φονευθέντα
2911 3954 3187 4026 Ζαχαρίαν
3225 3953 3326 4008 οὐκ
3365 3954 3595 4024 ἄκαιρον
3618 3953 3712 4015 είς

2124 4045 2430 4119 μαρτυρίαν
2485 4047 2584 4117 τῆς
2650 4046 2890 4118 ἀφθόρου
2961 4045 3166 4118 μητρὸς
3219 4043 3712 4118 παραστήσασθαι..

2134 4137 2332 4210 Ἰερεὺς
2363 4133 2515 4202 οὗτος
2539 4141 2568 4194 6
2601 4139 2872 4211 Ζαχαρίας
2911 4135 2980 4210 ἦν
3003 4156 3040 4182 ἰ
3066 4140 3164 4211 ούχ
3209 4139 3383 4210 ἱερεὺς
3423 4137 3479 4190 δὲ
3509 4139 3716 4207 μόνον.

2124 4231 2259 4286 ἀλλὰ
2285 4231 2378 4286 καὶ
2409 4234 2469 4286 ἐν
2495 4231 2573 4304 τῷ
2594 4231 2694 4303 τῆς
2727 4232 3061 4305 προφητείας
3089 4233 3384 4303 χαρίσματι
3403 4246 3418 4260 ο
3447 4232 3480 4299 ἡ
3509 4228 3566 4281 δὲ
3595 4229 3721 4299 τῆς

2126 4323 2466 4393 προφητείας
2507 4322 2739 4394 δύναμις
2785 4323 3136 4394 ἀνάγραπτος
3172 4323 3232 4375 ὲν
3278 4324 3344 4392 τῇ
3390 4313 3558 4390 βίϐλῳ
3601 4319 3719 4373 τοῦ

2131 4413 2458 4484 Εύαγγελίου
2490 4414 2826 4486 κηρύσσεται
2847 4431 2862 4446 ο
2907 4415 2995 4468 ὅτε
3023 4414 3450 4486 πρωδοποωῦσα
3474 4414 3586 4475 τοῖς
3605 4413 3723 4466 ἁν-
3807 4439 3810 4442 ~

447 4529 572 4584 qua:
603 4513 808 4569 sterilis
833 4511 902 4566 ad
943 4519 1286 4567 senectutem
1339 4523 1436 4579 per
1451 4515 1686 4571 renerat,
1722 4521 1831 4561 non
1877 4511 1992 4575 pote

2098 4493 2104 4530 ’
2130 4483 2367 4578 θρώποις
2397 4507 2430 4577 ἡ
2460 4483 2580 4561 θεία
2603 4507 2781 4577 χάρις,
2837 4506 2913 4578 μὴ
2940 4483 3167 4560 ἄπιστον
3210 4505 3302 4559 τὸν
3332 4506 3396 4558 ἔκ
3428 4503 3725 4575 Παρθένου

449 4614 592 4666 state
635 4611 847 4659 natura:
904 4601 962 4656 fit
998 4607 1189 4664 mater,
1236 4599 1333 4655 sed
1371 4598 1423 4653 ei
1468 4597 1660 4653 divino
1684 4596 1920 4652 consilio
1961 4593 2027 4650 ti-

451 4699 560 4753 lius
581 4695 852 4760 nascitur,
891 4692 973 4749 sic
1013 4692 1159 4764 quod
1193 4691 1250 4747 in
1289 4690 1540 4761 virgineo
1568 4696 1730 4761 partu
1766 4704 1874 4745 non
1906 4703 2031 4744 cre-

450 4785 690 4843 dendum
745 4781 981 4851 videtur,
1011 4782 1062 4838 si
1107 4780 1383 4840 referatur
1429 4779 1498 4836 ad
1547 4778 1718 4838 Deum
1765 4780 2032 4838 credibile

453 4885 561 4933 est.

2131 4598 2288 4652 τόκον
2336 4597 2684 4669 ἡγήσασθαι,
2730 4601 2845 4663 τοῖς
2882 4597 3132 4653 ἐλάττοσι
3176 4597 3418 4667 θαύμασι
3458 4613 3727 4666 παραγυο

2137 4691 2328 4762 μνάζει
2353 4690 2462 4743 τῶν
2484 4689 2728 4745 ἀπίστων
2748 4691 2847 4761 τὴν
2869 4689 3286 4758 συγκατάθεσιν·
3309 4691 3379 4760 τῇ
3409 4687 3599 4760 στείρα
3618 4691 3732 4743 καὶ

2135 4783 2402 4856 παρήλικι
2445 4781 2685 4836 τίκτεται
2718 4784 2866 4846 παῖς.
2911 4781 3084 4836 Τοῦτο
3129 4781 3414 4854 προοίμιον
3445 4773 3547 4834 τοῦ
3573 4780 3733 4834 κατὰ

2125 4873 2227 4944 τὴν
2261 4872 2560 4944 παρθενίαν
2588 4871 2862 4944 θαύματος
2887 4872 3119 4942 γίνεται.
3161 4873 3250 4936 Ὠς
3279 4871 3389 4942 γὰρ
3418 4873 3452 4942 ἡ
3494 4870 3737 4924 Ἐλισᾶο

455 4968 573 5031 σετ,
608 4968 670 5022 ού
703 4967 929 5039 δυνάμει
959 4965 1175 5037 φύσεως
1207 4965 1419 5037 γίνεται
1454 4966 1660 5038 μήτηρ.
1703 4963 1896 5033 ἄγονος
1937 4963 2032 5016 τὸν
2067 4961 2181 5033 βίον
2209 4964 2678 5036 καταγηράσασα,
2721 4963 2840 5018 ἀλλ’
2873 4964 2966 5018 ἐπὶ
3011 4963 3074 5018 τὺ
3110 4963 3251 5018 θεῖον
3311 4962 3563 5034 βούλημα
3625 4960 3736 5014 τοῦ

455 5065 646 5130 παιδὸς
675 5065 710 5136 ὴ
735 5063 986 5134 γέννησις
1015 5064 1348 5136 ἀναφέρεται
1369 5079 1386 5096 ο
1434 5061 1580 5117 οὕτω
1619 5061 1716 5115 καὶ
1755 5060 1858 5132 τῆς
1895 5056 2234 5130 παρθενικῆς
2260 5059 2448 5124 ὠδῖνος
2479 5060 2513 5131 ἡ
2541 5059 2789 5124 ἀπιστία,
2821 5061 2890 5131 τῇ
2916 5057 3054 5131 πρὸς
3121 5057 3183 5112 τὺ
3246 5058 3403 5112 Θεῖον
3467 5055 3739 5125 ἀναφορᾷ

457 5159 521 5214 τὸ
549 5156 740 5212 πιστὸν
762 5155 894 5227 ἔχει.

531 5253 802 5320 Quoniam
843 5251 1011 5322 igitur
1035 5264 1104 5305 ex
1143 5245 1455 5320 virginitate
1497 5245 1856 5318 proveniente
1901 5257 2038 5314 pra:-

461 5349 610 5404 cedit
636 5346 684 5401 is
713 5345 809 5415 qui
837 5359 868 5400 e
901 5341 1081 5399 sterili
1109 5341 1381 5404 nascitur,
1413 5340 1508 5409 qui
1541 5337 1608 5392 ad
1638 5351 1828 5393 vocem
1866 5335 2036 5400 illius,

2223 5236 2442 5310 Ἐπειδὴ
2473 5238 2652 5292 τοίνυν
2681 5237 3054 5310 προλαμϐάνει
3098 5236 3189 5291 τὸν
3252 5236 3318 5289 ὲκ
3366 5233 3677 5304 παρθενίας
3709 5237 3740 5288 ὀ

2141 5331 2251 5386 ἀπὸ
2279 5333 2377 5403 τῆς
2401 5330 2643 5402 στείρας,
2668 5330 2697 5382 6
2726 5329 2862 5401 πρὸς
2891 5328 2992 5400 τὴν
3014 5326 3196 5398 φωνὴν
3220 5325 3321 5396 τῆς
3345 5324 3738 5395 κυοφορούσης

465 5451 586 5505 qua:
618 5433 907 5490 Dominum
959 5439 1118 5486 utero
1160 5429 1403 5500 gerebat,
1442 5437 1737 5497 antequam
1769 5425 1823 5478 in
1861 5423 1992 5478 luce:

2140 5423 2233 5476 τὸν
2259 5421 2463 5492 Κύριον
2505 5422 2635 5493 πρὶν
2663 5423 2744 5486 εἰς
2771 5422 2887 5490 φῶς
2913 5421 3082 5474 ἐλθεῖν
3113 5421 3172 5474 ἐν
3203 5421 3269 5491 τῇ
3297 5418 3531 5490 μητρῴᾳ
3574 5417 3738 5486 νηδύϊ

472 5525 743 5594 prodiret,
796 5523 851 5578 in
889 5521 1010 5575 alvo
1057 5519 1251 5576 matris
1289 5518 1554 5581 exsilivit,
1585 5515 1750 5573 simul
1776 5529 1841 5569 ac
1879 5521 1992 5568 nati

2145 5512 2467 5582 σκιρτήσας,
2492 5511 2611 5584 ἅμα
2642 5530 2699 5566 τε
2730 5510 3008 5583 παρῆλθεν
3035 5513 3116 5574 είς
3145 5510 3359 5580 γένεσιν
3387 5510 3417 5562 6
3451 5508 3539 5562 τοῦ
3567 5509 3737 5576 λόγου

469 5623 554 5670 est
598 5631 908 5685 praecursor
939 5613 1129 5680 Verbi,
1161 5611 1480 5684 prophetico
1518 5609 1717 5679 spiritu
1757 5605 1990 5661 Zachari

2146 5605 2470 5677 πρῶρομος,
2515 5605 2641 5658 τότε
2668 5604 2856 5658 λύεται
2883 5604 2961 5675 τῷ
2984 5603 3230 5674 Ζαχαρία
3251 5604 3338 5658 διὰ
3379 5601 3481 5674 τῆς
3505 5615 3737 5672 προφη-

545 5792 591 5827 ³¹¹
621 5788 726 5846 lsa.
761 5805 859 5855 vn,
893 5791 979 5846 M.
1091 5792 1138 5825 ⁸⁸
1163 5788 1336 5845 Exod.
1371 5802 1452 5856 ιιι,
1481 5786 1535 5842 3.
1613 5786 1656 5818 "
1690 5783 1734 5841 ll
1760 5782 1892 5853 Reg.
1923 5799 1992 5839 xx

2110 5783 2186 5852 6;
2214 5780 2401 5838 Matth.
2435 5795 2555 5849 sui,
2581 5780 2672 5837 22.
2752 5783 2797 5816 ¹⁸
2833 5780 2965 5838 Luc.
3011 5797 3050 5847 ι,
3082 5780 3116 5836 3
3154 5795 3277 5851 sqq.
