3950 6132
1083 626 1206 713 ΙΝ
1276 623 1994 721 OPUSCULUM
2053 630 2588 736 SEQUENS

1505 920 2176 1036 MONITUM

538 1221 641 1294 (Jo.
669 1224 872 1281 Christ.
910 1221 1102 1291 κνοω,
1133 1225 1404 1280 Anecdota
1429 1224 1613 1282 erca
1641 1227 1798 1285 sacra
1831 1239 1881 1283 et
1915 1229 2162 1298 profana,
2202 1240 2332 1284 tom.
2368 1229 2433 1297 ll,
2471 1215 2771 1304 llamburgi
2792 1234 2952 1303 1729,
2985 1235 3175 1305 in-8'.)

291 1684 550 1756 Dialogus
573 1687 665 1756 qui
716 1687 856 1744 inter
887 1688 1206 1760 Gregorium
1247 1689 1552 1764 Nyssenum
1594 1700 1648 1749 et
1679 1692 1998 1760 Macrinam,
2037 1711 2282 1753 sororem
2329 1698 2472 1768 ejus,
2502 1699 2565 1754 de
2589 1699 2782 1754 Anima
2799 1700 3302 1770 et'Resurrectione,
3333 1703 3475 1759 facta

221 1792 287 1831 ex
319 1777 470 1831 obitu
500 1777 684 1832 Basilii
718 1779 784 1833 Μ.
819 1781 1132 1848 occasione,
1169 1784 1544 1841 intercessisse
1593 1786 1837 1856 ﬁngitur,
1887 1803 2104 1858 semper
2142 1790 2284 1844 lectu
2325 1789 2523 1860 dignus
2572 1791 2704 1844 mihi
2743 1793 2893 1850 visus
2917 1801 3022 1860 est,
3051 1795 3121 1850 ob
3151 1776 3477 1850 industriam

219 1883 274 1929 et
299 1873 626 1942 doctrinam,
662 1891 824 1945 quam
857 1877 920 1931 ad
950 1880 1255 1948 argumenti
1285 1881 1449 1951 hujus
1478 1885 1862 1940 tractationem
1893 1883 2056 1940 Pater
2081 1885 2318 1954 optimus
2347 1886 2549 1940 attulit.
2586 1883 2844 1957 Perspexi
2879 1897 3084 1953 autem,
3120 1897 3288 1943 totam
3321 1903 3477 1944 com-

221 1971 610 2025 mentationem
656 1973 906 2040 pluribus
938 1975 1070 2028 locis
1109 1977 1164 2029 in
1196 1985 1427 2046 utraque
1473 1977 1711 2034 editione
1757 1979 2075 2041 Parisiensi,
2128 1981 2399 2050 imprimis
2429 1996 2560 2035 vero
2599 1981 2653 2034 in
2685 1982 2884 2052 priore,
2919 1981 3156 2050 pessime
3200 1988 3477 2050 acceptam

222 2073 277 2119 et
309 2063 549 2116 habitam
584 2078 725 2118 esse.
758 2062 914 2128 Quod
945 2074 1005 2118 ut
1033 2075 1341 2136 appareret,
1389 2077 1598 2139 partem
1651 2070 1798 2127 illius
1839 2078 2008 2126 totam
2061 2086 2183 2126 cum
2233 2073 2484 2128 versione
2525 2071 2715 2127 Latina
2763 2073 2995 2143 pristina
3035 2074 3290 2142 notisque
3341 2071 3480 2125 meis

221 2153 584 2210 exhibendam
649 2159 860 2219 censui,
897 2157 1093 2213 deinde
1120 2174 1250 2214 vero
1277 2163 1412 2215 satis
1441 2177 1529 2218 me
1557 2161 1753 2219 fecisse
1798 2164 2004 2235 putavi,
2059 2163 2106 2219 si
2134 2165 2425 2220 varietates
2473 2165 2771 2220 lectionum
2807 2173 3016 2220 tantum
3050 2163 3478 2219 subindicarem.

222 2246 491 2300 Caeterum
542 2247 674 2316 ipsae
711 2248 818 2302 illae
848 2251 1138 2306 varietates
1169 2251 1502 2306 exhibentur
1552 2268 1583 2308 a
1620 2269 1704 2309 me
1737 2271 1805 2310 ex
1862 2255 2079 2312 duobus
2144 2255 2383 2311 diversis
2440 2257 2745 2323 codicibus,
2789 2257 2963 2327 iisque
3013 2255 3172 2310 bonae
3218 2261 3380 2320 noue,
3427 2259 3484 2306 et

214 2345 287 2390 λιιι
319 2338 638 2407 plurimum,
675 2342 866 2397 saltem
902 2343 957 2398 in
1013 2343 1101 2407 iis,
1158 2359 1276 2412 quae
1309 2344 1546 2415 alicujus
1576 2356 1703 2400 sunt
1736 2348 2018 2414 momenti,
2077 2363 2262 2404 secum
2304 2348 2536 2403 invicem
2590 2347 3052 2418 conspirantibus.
3085 2347 3238 2400 Alter
3293 2356 3482 2399 eorum

225 2444 609 2498 ornamentum
655 2440 739 2487 est
795 2433 1027 2504 insignis
1079 2434 1444 2502 Bibliothecaa,
1498 2451 1662 2506 quam
1720 2439 1951 2494 illustris
2004 2439 2300 2496 Zacharias
2344 2441 2634 2497 Conradus
2680 2441 2747 2495 ab
2779 2440 3099 2503 UtTenbach,
3147 2437 3485 2506 Reipublicae

228 2521 889 2579 ano-Francofurtana:
933 2535 1155 2582 senator
1207 2529 1629 2594 meritissimus,
1691 2536 1972 2598 statorque
2022 2531 2101 2584 rei
2151 2531 2429 2586 litterariae
2478 2531 2639 2585 hodie
2678 2532 3010 2600 prmcipuus,
3073 2545 3181 2583 non
3230 2537 3340 2582 tam
3380 2527 3485 2582 sibi

227 2623 432 2681 servat,
460 2630 625 2684 quam
655 2615 886 2671 eruditis
911 2617 1055 2686 quod
1088 2619 1154 2673 ad
1183 2634 1341 2673 usum
1369 2632 1714 2672 communem
1746 2633 1871 2672 esse
1899 2618 2073 2686 jubet.
2107 2619 2357 2689 Scriptus
2389 2619 2434 2674 is
2457 2627 2542 2673 est
2571 2621 2772 2674 sacculo
2802 2636 2890 2673 xw
2918 2619 2974 2672 in
2995 2618 3206 2684 charta,
3229 2618 3488 2672 formam-

229 2724 336 2779 que
371 2711 537 2764 refert
568 2709 751 2779 quarti
780 2711 1012 2775 ordinis,
1061 2722 1225 2780 prout
1256 2711 1590 2766 describitur
1621 2724 1651 2763 a
1685 2709 2007 2765 doctissimo
2044 2709 2094 2764 J.
2125 2709 2361 2766 Henrico
2391 2709 2552 2772 Maio,
2586 2711 2640 2763 in
2692 2709 3030 2764 Bibliotheca
3060 2708 3489 2764 Uﬂ‘cnbachiana

231 2812 371 2856 msta
428 2811 584 2872 parte
615 2817 676 2865 ιι,
719 2819 844 2872 pag.
875 2803 1000 2858 425.
1041 2803 1193 2859 Folio
1234 2805 1437 2859 codicis
1493 2804 1641 2859 illius
1685 2804 1786 2858 157
1823 2803 2015 2873 incipit
2069 2804 2184 2859 haec
2227 2804 2524 2872 disputatio
2573 2811 2628 2858 et
2678 2803 2924 2858 decurrit
2964 2817 3139 2872 usque
3175 2802 3241 2856 ad
3275 2817 3328 2872 p.
3360 2803 3488 2858 257.

235 2891 306 2946 Et
341 2893 424 2946 hic
457 2896 652 2962 (verba
688 2897 854 2952 habes
883 2896 965 2951 CI.
1001 2897 1156 2968 Maii)
1194 2896 1394 2951 additae
1425 2898 1752 2967 marginibus
1799 2904 1922 2950 sunt
1971 2897 2250 2950 varietates
2299 2894 2604 2958 lectionum,
2646 2894 2960 2965 calligraphi
3000 2895 3229 2962 primani
3273 2911 3492 2948 manum

236 2987 603 3057 calamumque
644 2999 999 3058 agnoscentes.
1060 2990 1141 3044 Ad
1188 2991 1384 3044 calcem
1423 2990 1835 3059 disputationis,
1890 3007 2068 3058 nempe
2105 2989 2232 3060 folio
2278 2990 2406 3052 251,
2455 2989 2506 3050 b,
2555 2996 2837 3042 occurrunt
2881 2985 3361 3060 παρασημειὼσεις
3409 3004 3494 3040 τι·

237 3079 329 3144 νές
351 3123 366 3147 ,
407 3082 616 3136 scholia
646 3083 916 3153 quasdam,
959 3083 1026 3136 ad
1052 3083 1186 3138 hunc
1215 3085 1385 3153 ipsum
1417 3093 1725 3138 tractatum.
1763 3083 2320 3143 Horum_scholiorum
2353 3083 2534 3152 aliqua
2559 3097 2586 3136 e
2613 3081 2822 3151 regione
2856 3089 3028 3134 textus
3063 3081 3188 3149 poni
3209 3091 3493 3150 coeperunt,

243 3188 368 3227 mox
398 3189 515 3225 cum
545 3175 800 3243 marginis
830 3176 1060 3243 spatium
1106 3192 1207 3229 non
1238 3185 1441 3244 caperet
1475 3178 1675 3240 omnia,
1729 3177 1922 3247 rejecta
1955 3175 2022 3230 ad
2073 3175 2211 3228 hunc
2257 3184 2577 3244 postremum
2616 3175 2759 3244 fuere
2813 3173 3005 3227 locum.
3054 3173 3299 3244 Denique
3335 3176 3498 3244 paulo

246 3274 374 3336 post
422 3273 690 3326 monetur,
725 3266 928 3319 scholia
978 3268 1092 3336 ipso
1125 3268 1298 3322 codice
1347 3283 1459 3321 esse
1489 3271 1802 3332 recentiora,
1837 3276 1888 3324 et
1940 3283 2056 3322 sero
2102 3266 2312 3320 addita.
2346 3268 2524 3336 Atque
2570 3263 2722 3320 istud
2755 3264 2974 3333 quidem
3009 3266 3320 3334 exemplum
3369 3280 3497 3319 cum

246 3358 417 3417 edito,
455 3359 558 3412 cel.
600 3356 942 3413 Ull‘enbachii
997 3360 1252 3430 precibus
1297 3363 1586 3428 adductus,
1631 3362 1862 3416 contulit
1904 3360 2136 3416 illustris
2167 3358 2520 3422 Steinhelius,
2577 3358 2914 3413 serenissimi
2948 3356 3295 3412 Poloniarum
3354 3357 3500 3427 regis

257 3450 510 3503 minister
562 3450 806 3504 residens
836 3451 891 3504 in
925 3453 1057 3505 urbe
1091 3452 1156 3504 ad
1187 3452 1422 3508 Moenum
1455 3455 1913 3518 Francofurtana,
1967 3467 2138 3522 eaque
2186 3467 2351 3521 opera
2405 3463 2505 3520 pro
2556 3447 2842 3518 singulari,
2902 3462 3009 3518 qua
3063 3448 3250 3517 pollet,
3305 3447 3499 3501 harum

245 3542 537 3609 omnisque
574 3541 792 3610 generis
846 3541 1150 3597 litterarum
1210 3545 1406 3600 notitia
1457 3556 1511 3601 et
1563 3545 1888 3600 dexteritate
1919 3545 2212 3613 diligenter
2261 3549 2315 3596 et
2346 3541 2577 3596 feliciter
2626 3540 2919 3595 defunctus
2963 3547 3066 3602 est,
3121 3555 3249 3593 raro
3277 3541 3501 3594 omnino

246 3644 434 3689 nostra
465 3644 624 3692 aetate
656 3640 926 3710 exemplo,
962 3647 1016 3694 et
1057 3643 1141 3697 vel
1173 3643 1294 3696 ideo
1323 3643 1389 3697 ad
1423 3642 1798 3711 posteritatem
1845 3640 2071 3694 omnino
2103 3638 2481 3693 memorando.
2513 3634 2626 3706 Ego
2663 3649 2791 3690 vero
2834 3635 2952 3703 pari
2995 3635 3237 3687 virorum
3292 3632 3502 3686 incom-

249 3731 483 3797 parabili
536 3745 643 3783 non
681 3732 864 3786 minus
894 3747 1034 3797 meo,
1085 3749 1248 3802 quam
1289 3733 1530 3802 publico,
1580 3732 1797 3787 nomine
1823 3748 1926 3802 pro
1953 3731 2060 3785 isto
2090 3730 2300 3783 litteras
2330 3727 2663 3798 provehendi
2707 3725 2891 3780 studio
2917 3727 3122 3796 gratias
3151 3726 3411 3781 decenter
3446 3736 3502 3778 et

249 3817 489 3871 omciose
521 3819 792 3887 persolvo.
829 3819 985 3872 Alter
1010 3821 1178 3874 codex
1231 3822 1478 3890 pervenit
1504 3819 1570 3875 ad
1618 3836 1702 3874 me
1743 3819 2009 3875 beneficio
2042 3817 2175 3872 Rev.
2220 3817 2498 3872 Zachariae
2529 3816 2932 3880 Hasselmanni,
2970 3816 3119 3869 verbi
3155 3816 3324 3870 divini
3357 3816 3501 3885 apud

251 3908 730 3978 Oldenburgenscs
769 3908 822 3960 in
859 3907 1074 3980 Wagria
1105 3910 1342 3963 ministri
1393 3909 1742 3965 solertissimi
1778 3908 2226 3977 dexterrimique,
2278 3909 2370 3978 qui
2407 3909 2528 3975 ejus
2580 3908 2712 3961 mihi
2750 3911 2960 3976 c0piam
3017 3907 3318 3962 liberaliter
3352 3907 3498 3962 fecit.

256 3997 347 4052 Est
380 3999 491 4063 illc,
529 4015 650 4053 meo
687 3999 914 4068 judicio,
966 4001 1211 4069 ejusdem
1242 4011 1296 4056 et
1322 4001 1500 4056 celatis
1543 4009 1599 4055 et
1629 4001 1819 4056 forma:
1853 4016 1978 4054 cum
2031 4001 2234 4071 priore,
2278 4000 2331 4053 in
2383 4001 2572 4054 charta
2602 4001 2889 4069 diligenter
2919 4007 2972 4053 et
2998 4008 3186 4052 curate
3217 4008 3500 4058 exat-atus.

259 4099 418 4158 atque
455 4091 507 4144 id
543 4093 748 4145 habens
779 4094 1133 4163 praecipuum,
1166 4095 1333 4163 quod,
1371 4109 1494 4149 cum
1540 4096 1926 4148 commentatio
1959 4095 2072 4147 hinc
2102 4093 2490 4161 disputationis
2530 4091 2760 4145 formam
2803 4092 3024 4155 referat,
3075 4093 3500 4162 colloquentium

262 4197 540 4235 sermones
587 4181 877 4251 descriptis
910 4184 1078 4238 rubro
1121 4187 1304 4240 colore
1347 4185 1743 4254 disputantium
1786 4184 2027 4254 Gregorii
2063 4191 2116 4237 et
2160 4183 2412 4238 Macrinze
2455 4183 2790 4246 nominibus,
2844 4197 2873 4236 a
2917 4199 2976 4240 sc
3033 4186 3267 4240 invicem
3303 4185 3501 4238 distin-

262 4281 517 4342 guantur.
551 4273 680 4336 Quae
708 4274 924 4341 quidem
964 4291 1054 4331 res
1095 4275 1327 4332 subinde
1356 4285 1640 4332 contextus
1689 4277 1889 4334 seriem
1923 4279 2138 4349 egregie
2188 4277 2452 4342 illustrat,
2494 4274 2956 4346 quemadmodum
2987 4278 3069 4333 vel
3098 4292 3164 4332 ex
3200 4277 3502 4347 spccimine

262 4364 402 4434 quod
438 4364 555 4432 ipse
587 4362 730 4429 dedi,
767 4365 990 4433 patebit.

593 5826 865 5887 PATROL.
908 5827 1022 5886 Gn.
1071 5827 1308 5920 XLVI.”
2258 5833 2266 5841 ’
3211 5834 3249 5892 ι
