3950 6132
386 278 475 335 ατς
714 323 721 329 .
1072 247 1078 253 ’
1586 271 1975 329 -S.GREGOR

2087 273 2355 330 iYSSENl
3568 272 3598 328 4
3609 274 3641 328 6

402 392 603 471 tiones,
633 398 940 459 castamque
974 387 1220 458 ejusdem
1251 386 1397 442 modi
1439 400 1547 456 qua
1579 387 1683 440 alia
1710 386 1778 441 de
1804 402 1972 443 causa

2087 406 2187 443 νειν
2238 390 2331 442 ἐπὶ
2369 384 2461 439 τοῦ
2482 389 2864 460 κατοιχομένου
2880 391 2966 447 τὸ»
2987 389 3272 462 περιόντας
3290 419 3359 431 —-
3373 379 3525 438 Μ-Τί
3553 386 3638 460 δὲ..

402 482 561 545 ﬁunt,
596 486 958 551 praeterquam
997 487 1147 536 metu
1175 478 1407 534 mortis?
1439 477 1575 532 Cum
1607 477 1773 548 igitur
1809 486 1974 534 natu-

405 575 592 628 raliter
623 587 772 628 mors
805 571 939 627 adeo
977 571 1239 626 terribilis
1273 584 1337 623 ac
1370 567 1729 624 formidabilis
1756 568 1849 637 sit,
1878 569 1973 639 qui

403 662 564 719 facile
584 662 947 732 obtemperari
975 668 1154 733 potest
1176 660 1250 725 ei,
1273 659 1368 730 qui
1409 659 1601 729 jubeat
1626 659 1973 730 superstitem

403 754 473 808 ob
504 754 728 809 alterius
785 762 1015 808 mortem
1049 758 1324 822 expertem
1370 750 1712 817 aegritudinis
1758 765 1974 820 perma-

402 843 576 898 nere?
633 843 789 898 —M.
806 840 947 910 Quid
966 847 1214 913 veroqua
1231 840 1468 897 maxime
1496 840 1564 895 de
1619 854 1784 895 causa
1831 839 1929 894 tibi
1954 880 1970 904 ,

403 933 582 1002 inquit
626 935 906 1005 magistra,
959 933 1077 1002 ipsa
1126 946 1224 1000 per
1259 946 1381 987 sese
1429 932 1619 987 mortis
1673 931 1974 987 necessitas

404 1023 601 1080 acerba
644 1031 807 1092 atque
844 1022 1074 1078 molesta
1102 1022 1362 1078 videtur?
1393 1021 1510 1075 Non
1541 1022 1684 1077 enim
1721 1021 1855 1076 satis
1888 1028 1974 1077 est

405 1113 469 1168 ad
530 1112 932 1168 criminandum
999 1120 1054 1167 et
1120 1111 1570 1183 conquerendum
1628 1111 1973 1168 consuetudo

402 1219 591 1260 eorum
613 1243 629 1268 ,
680 1205 770 1273 qui
807 1199 1019 1257 ratione
1038 1200 1217 1256 minus
1233 1191 1618 1258 uluntur.—-Go
1639 1197 1779 1268 Quid
1800 1203 1975 1259 enim-

404 1309 535 1348 vero
553 1333 568 1358 ,
595 1308 776 1347 annon
805 1308 893 1347 res
914 1291 1076 1361 digna
1100 1292 1351 1347 maeroris
1373 1299 1455 1347 est
1473 1333 1486 1356 ,
1517 1290 1584 1351 ad
1606 1307 1726 1348 eam
1750 1294 1972 1364 inquam

404 1400 525 1455 ego,
556 1400 679 1439 cum
707 1384 954 1439 videmus
982 1399 1127 1450 eum,
1160 1385 1252 1454 qui
1284 1383 1445 1455 paulo
1489 1393 1617 1440 ante
1657 1384 1874 1440 vivebat
1919 1390 1974 1439 et

382 1473 750 1545 loquebatur,
812 1474 931 1529 sine
987 1474 1207 1544 spiritu,
1265 1475 1384 1530 sine
1430 1490 1583 1540 voce,
1640 1475 1973 1530 immobilem

404 1576 628 1637 repente
675 1566 901 1630 factum,
952 1566 1247 1635 omniaque
1287 1565 1336 1619 ei
1388 1580 1651 1621 sensuum
1704 1563 1974 1619 naturalia

400 1673 532 1713 vasa
562 1669 616 1713 et
642 1657 1004 1714 instrumenta
1050 1660 1344 1725 exstincta,
1372 1674 1483 1712 non
1511 1658 1710 1725 oculis,
1738 1672 1846 1712 non
1879 1671 1975 1712 au-

2078 479 2241 551 φησὶν
2288 480 2321 550 ἡ
2367 455 2791 543 διδάσκαλοςξτί
2835 497 2917 533 σοι
2966 455 3197 551 μαλιστα
3238 479 3477 553 λυπηρὸν
3512 455 3643 532 αὐτὸ

2042 558 2047 564 ’
2079 571 2165 641 ἐφ’
2189 570 2404 637 ἑαυτοῦ,
2436 571 2498 624 τὺ
2529 569 2623 624 τοῦ
2657 570 2886 626 θανάτου
2926 572 3038 645 (26)
3068 573 3254 638 δοκεῖ;
3292 571 3354 625 οὐ
3383 569 3490 642 γάρ
3520 570 3646 625 ικα-

2075 662 2166 717 νδν
2229 665 2311 725 εἰς
2370 661 2647 732 διαϐολὴν,
2683 659 2844 731 ἡτῶν
2862 660 3212 733 ἀλογωτέρων
3232 658 3645 731 συνήθεια.-Γ.

2075 753 2142 807 Τί
2175 754 2273 825 μὲν
2300 749 2392 809 οὖν
2418 754 2519 808 οὐκ
2557 753 2674 807 ἐστι
2707 752 2883 824 λύπης
2920 752 3087 818 ἄξιον,
3124 755 3261 825 πρὸς
3294 754 3469 825 ,αὐτὴν
3491 749 3644 810 εἷπον

2075 841 2226 911 ἐγὼ,
2273 843 2399 897 ὅταν
2432 841 2719 913 βλέπωμεν
2765 840 2878 912 (27)
2921 842 3012 895 τὸν
3058 842 3193 907 τέως
3226 843 3404 908 ζῶντά
3443 861 3507 897 τε
3550 844 3643 914 καὶ

2076 932 2464 1004 φθεγγόμενον,
2503 932 2708 986 ἄπνουν
2746 933 2841 986 καὶ
2865 932 3089 987 ἄναυδον
3117 932 3227 1004 (28)
3265 933 3359 987 καὶ
3388 934 3643 1005 ἀκίνητον

2074 1021 2286 1094 ἀθρόως
2315 1022 2624 1093 γενόμενον,
2673 1021 2766 1075 καὶ
2806 1021 2984 1076 πάντα
3015 1022 3196 1077 αὐτῶν
3236 1023 3533 1078 σϐεσθέντα
3575 1026 3645 1078 τὰ

2075 1113 2278 1182 φυσικὰ
2307 1112 2633 1185 αἰσθητήρια
2653 1155 2668 1180 ,
2706 1116 2807 1168 οὐκ
2834 1114 3027 1183 ὅψεως,
3057 1114 3157 1166 οὐκ
3192 1114 3361 1185 ἀκοῆς
3394 1113 3644 1185 ἐνεργού-

2076 1219 2177 1274 σης
2198 1244 2214 1270 ,
2241 1203 2341 1257 οὐκ
2371 1203 2531 1258 ἄλλου
2579 1203 2723 1268 τινὸς
2759 1197 2833 1258 ὧν
2870 1206 2904 1276 ἡ
2947 1203 3199 1274 αἴσθησις
3229 1203 3344 1275 τὴν⁸
3365 1202 3645 1274 ἀντίληψιν

2073 1293 2225 1365 ἔχεις
2276 1288 2348 1366 τῼ
2378 1295 2490 1364 (29)
2525 1295 2629 1349 κᾶν
2668 1293 2778 1366 πῦρ
2822 1295 3226 1366 προσενέγκῃς,
3272 1292 3378 1348 κᾶν
3407 1293 3642 1365 σίδηρον,

2075 1386 2178 1440 κᾶν
2209 1387 2486 1458 ἀνατέμῃς
2530 1387 2644 1456 (50)
2692 1386 2780 1440 διὰ
2824 1383 3007 1456 ξίφους
3049 1384 3109 1438 τὸ
3140 1384 3337 1454 σῶμα,
3385 1382 3489 1437 κᾶν
3529 1385 3646 1448 τοῖς

2077 1478 2428 1550 σαρκοϐόροις
2474 1477 2680 1550 προθῇς
2736 1478 2845 1549 (51)
2869 1520 2884 1543 ,
2927 1477 3030 1531 κᾶν
3068 1475 3349 1548 ὲγκρύψῃς
3397 1476 3640 1546 χώματι,

2076 1569 2211 1639 πρὸς
2235 1568 2450 1624 ἅπαντα
2478 1569 2589 1638 (52)
2618 1569 2817 1639 ὁμοίως
2842 1570 2870 1620 ὁ
2892 1569 3147 1638 κείμενος
3172 1567 3282 1637 ἔχει
3313 1566 3445 1638 (55)τ
3474 1568 3644 1623 ’Όταν

2073 1655 2166 1715 οὖν
2216 1661 2275 1714 ὲν
2326 1660 2532 1725 τούτοις
2586 1646 2851 1731 βλέπηται
2902 1659 3085 1730 (54)ή
3138 1658 3441 1730 μεταϐολὴ,
3486 1659 3546 1712 τὸ
3587 1658 3645 1713 δὲ

385 1749 576 1812 ribus,
622 1761 731 1803 non
783 1749 888 1802 alio
919 1762 1194 1818 quoquam
1242 1762 1456 1812 eorum,
1505 1762 1739 1817 quorum
1777 1759 1974 1816 appre-

2087 1752 2301 1817 ζωτικὸν
2343 1754 2518 1806 ὲκεῖνο
2552 1752 2752 1817 αἴτιον,
2797 1752 2825 1805 ὃ
2847 1752 2898 1805 τί
2942 1768 3070 1805 ποτε
3090 1747 3178 1822 ἦν,
3216 1747 3421 1820 ἀφανές
3450 1768 3510 1804 τε
3550 1751 3645 1804 καὶ

386 1836 746 1904 ίΙιοηείοιιειη,
774 1840 1077 1895 subsidium
1098 1848 1263 1910 atque
1292 1838 1554 1893 auxilium
1579 1853 1772 1893 sensus
1790 1838 1972 1901 habet,
2000 1864 2007 1869 -

386 1937 663 2000 operante
710 1940 873 1999 atque
923 1924 1160 1984 ollicium
1208 1944 1367 1982 suum
1421 1928 1700 1983 faciente?
1739 1928 1827 1982 cui
1862 1928 1976 1983 sive

401 2023 581 2091 ignem
623 2021 738 2076 sive
787 2020 991 2076 ferrum
1035 2019 1348 2082 admoveas,
1411 2020 1526 2073 sive
1566 2017 1747 2088 gladio
1774 2031 1976 2087 corpus

401 2109 634 2177 incidas,
692 2110 810 2166 sive
840 2108 1144 2164 carnivoris
1195 2106 1325 2162 feris
1367 2106 1619 2175 objicias,
1671 2107 1787 2161 sive
1822 2106 1975 2160 humi

403 2202 673 2267 defodias,
714 2203 782 2256 ad
829 2202 1011 2256 omnia
1051 2198 1305 2254 similiter
1335 2197 1527 2268 jacens
1557 2197 1809 2253 edicitur.
1841 2198 1973 2253 Cum

401 2294 569 2363 igitur
592 2292 647 2346 in
678 2293 763 2346 his
792 2291 1095 2347 consistere
1129 2290 1357 2345 mutatio
1393 2290 1656 2355 videatur,
1684 2290 1976 2360 vitalisque

403 2384 494 2437 illa
520 2398 708 2450 causa,
761 2397 1101 2452 quaecunque
1151 2381 1373 2436 tandem
1420 2381 1512 2434 illa
1562 2389 1698 2444 erat,
1755 2391 1976 2450 repente

401 2475 542 2531 visui
575 2472 841 2529 subducta
887 2480 1050 2542 atque
1086 2472 1358 2528 exstincta
1400 2471 1667 2526 incertum
1701 2485 1810 2541 quo
1842 2486 1997 2526 con-.

401 2567 650 2630 cesserit,
687 2564 781 2620 ubi
830 2565 912 2621 vel
948 2565 1133 2631 lateat,
1177 2561 1633 2634 quemadmodum
1666 2563 1719 2616 in
1752 2563 1974 2617 lucerna

401 2656 674 2711 exstincta
707 2653 785 2720 iit,
808 2669 934 2709 cum
961 2653 1202 2719 ﬂamma,
1233 2668 1355 2724 qua:
1384 2652 1546 2708 modo
1580 2653 1632 2706 in
1655 2667 1719 2707 ea
1748 2667 1976 2707 accensa

402 2751 542 2809 erat,
575 2757 752 2817 neque
778 2741 836 2798 in
858 2741 1130 2813 ellychnio
1157 2749 1360 2804 manet,
1387 2755 1562 2812 neque
1592 2739 1699 2795 alio
1720 2740 1976 2809 quopiam

401 2836 604 2892 transit
641 2849 707 2890 ac
732 2833 958 2897 recedit,
1005 2830 1101 2888 sed
1150 2831 1216 2885 ad
1260 2837 1561 2885 extremum
1608 2829 1891 2885 interitum
1925 2835 1979 2885 et

400 2927 753 2983 abolitionem
796 2924 1062 2995 redigitur
1096 2932 1259 2991 atque
1304 2921 1685 2991 transmigrat,
1721 2920 1817 2992 qui
1861 2920 1978 2977 ﬁeri

401 3015 601 3086 possit,
648 3021 709 3068 ut
748 3021 961 3067 tantam
995 3011 1379 3075 mutationem,
1425 3010 1519 3083 qui
1567 3010 1718 3063 nulla
1744 3024 1804 3064 re
1832 3019 1979 3064 certa

405 3106 779 3169 conﬁrmetur,
810 3107 931 3160 sine
961 3103 1131 3158 animi
1176 3102 1365 3157 dolore
1399 3104 1542 3156 l'erre
1575 3098 1787 3171 possit?
1812 3099 1973 3153 Exitu

402 3198 553 3255 enim
581 3198 778 3252 animae
805 3196 1013 3261 audito,
1050 3195 1194 3266 quod
1226 3194 1444 3264 quidem
1468 3194 1717 3248 relictum
1745 3200 1848 3257 est,
1888 3192 1975 3247 vi-

404 3289 637 3352 demus,
664 3286 811 3355 quod
857 3292 1039 3340 autem
1073 3293 1385 3355 separatum
1435 3293 1598 3355 atque
1643 3285 1973 3353 disjunctum

2076 1842 2260 1896 ἄδολον
2306 1842 2517 1912 ἀθρόως
2567 1842 2793 1912 γένηται
2845 1841 2978 1911 (55),
3027 1841 3277 1912 καθάπερ
3315 1841 3408 1894 ἐπὶ
3449 1840 3643 1912 λύχνου

2079 1933 2395 1996 σϐεσθέντος
2435 1933 2535 2002 τῆς
2575 1933 2712 1996 τέως
2752 1932 3125 2003 ἐξαπτομένης
3154 1931 3240 2001 ἐφ’
3285 1931 3480 1986 ἑαυτοῦ
3529 1933 3642 2003 (56)

2081 2023 2274 2094 φλογὸς
2307 2021 2429 2076 οὔτε
2458 2022 2550 2076 ἐπὶ
2582 2022 2682 2091 τῆς
2709 2019 3018 2089 θρυαλλίδος
3049 2018 3335 2090 μενούσης,
3371 2018 3492 2073 οὔτε
3522 2020 3645 2073 ἑτέ-

2078 2111 2211 2187 ρωθί
2233 2131 2335 2167 που
2364 2112 2785 2184 μεθισταμένης,
2819 2110 2932 2164 ἀλλ’
2965 2111 3045 2173 εἰς
3070 2109 3375 2181 ἀφανισμὸν
3408 2109 3643 2180 παντελῆ

2081 2204 2501 2277 μεταχωρούσης
2524 2243 2538 2268 ,
2567 2203 2684 2267 πῶς
2714 2202 2778 2257 ἂν
2810 2201 3017 2270 γένοιτο
3048 2201 3148 2273 τὴν
3176 2200 3442 2271 τοσαύτην
3481 2217 3647 2270 μετα-

2077 2296 2236 2367 ϐολὴν
2277 2297 2518 2363 ἐνεγκεῖν
2550 2294 2769 2358 ἀλύπως
2814 2295 3021 2364 μηδενὶ,
3057 2294 3345 2364 προδήλως
3384 2294 3648 2365 ἐπερειδό-

2081 2403 2238 2456 μενον
2284 2386 2416 2455 (57);
2455 2385 2672 2450 Ἐξοδον
2699 2385 2806 2456 γὰρ
2843 2385 3021 2456 ψυχῆς
3060 2385 3170 2456 (58)
3195 2386 3559 2452 ἀκούσαντες,
3585 2386 3646 2440 τὸ

2081 2477 2178 2548 μὲν
2203 2477 2521 2546 ὑπολειφθὲν
2552 2473 2660 2546 (59)
2691 2475 2923 2547 ὁρῶμεν,
2953 2477 3012 2529 τὸ
3039 2476 3095 2529 δὲ
3118 2477 3382 2548 χωρισθὲν
3416 2475 3646 2546 ἀγνοοῦ-

2081 2585 2211 2639 μεν,
2265 2567 2396 2622 αὐτό
2440 2585 2500 2621 τε
2552 2568 2580 2621 ὃ
2606 2568 2659 2619 τί
2704 2566 2814 2637 (40)
2850 2584 2980 2621 ποτε
3005 2567 3142 2621 κατὰ
3171 2568 3268 2638 τὴν
3312 2568 3472 2637 φύσιν
3507 2569 3645 2635 ἐστὶ,

2078 2659 2170 2711 καὶ
2204 2660 2282 2721 εἰς
2314 2658 2344 2711 ὃ
2369 2674 2419 2710 τι
2450 2657 2920 2728 μετακεχὼρηκεν,
2949 2658 3010 2711 οὐ
3033 2658 3166 2728 γῆς,
3202 2659 3301 2711 οὐκ
3333 2658 3491 2730 ἀέρος
3510 2697 3525 2722 ,
3548 2659 3648 2731 οὐχ

2048 2747 2272 2811 ὕδατος
2295 2789 2311 2813 ,
2351 2748 2452 2801 οὐκ
2501 2747 2659 2801 ἄλλου
2707 2746 2851 2811 τινὸς
2897 2747 3007 2800 τῶν
3047 2748 3326 2819 στοιχείων
3366 2749 3426 2803 ὲν
3468 2748 3648 2820 ἑαυτῷ

2079 2839 2383 2904 δεικνύντος
2412 2840 2626 2911 ἐκείνην
2664 2840 2761 2911 τὴν
2792 2839 2904 2912 (41)
2935 2842 3164 2911 δύναμιν
3195 2842 3294 2913 τὴν
3340 2840 3433 2895 τοῦ
3462 2840 3648 2912 σώμα-

2078 2951 2172 2998 τος
2200 2935 2592 3005 ὲκχωρήσασαν
2615 2951 2630 2966 ·
2677 2928 2744 3006 ἦς
2783 2933 3179 3006 ὕπεξελθούσης
3218 2937 3410 3006 νεκρόν
3441 2936 3559 2988 ἐστι
3585 2934 3647 2989 τὺ

2084 3024 2403 3093 ὑπολειφθὲν
2437 3024 2550 3098 (42)
2584 3026 2677 3079 καὶ
2707 3025 2843 3097 πρὸς
2870 3026 3164 3096 διαφθορὰν
3187 3026 3299 3098 (45)
3337 3025 3440 3097 ἤδη
3468 3025 3647 3080 ὲκκει-

2085 3131 2241 3184 μενον
2274 3114 2404 3185 (44).

392 3386 512 3443 est,
548 3385 664 3432 tum
708 3379 884 3448 ipsum
931 3376 1063 3446 quid
1118 3377 1337 3433 tandem
1380 3375 1685 3433 secundum
1731 3384 1984 3429 natura-n1
2025 3376 2117 3441 sit,
2158 3383 2271 3429 tum
2305 3374 2363 3428 in
2403 3376 2533 3445 quid
2569 3378 2925 3445 concesserit,
3005 3386 3166 3449 atque
3210 3380 3490 3435 redactum
3551 3380 3644 3447 sit,

406 3473 744 3541 ignoramus,
791 3484 901 3525 non
944 3483 1094 3535 aere,
1146 3484 1255 3524 non
1319 3477 1493 3533 terra,
1542 3483 1653 3523 non
1722 3481 1885 3537 aqua,
1938 3480 2047 3520 non
2109 3466 2215 3520 alio
2266 3467 2521 3536 quopiam
2559 3470 2829 3524 elemento
2880 3470 2936 3525 in
2975 3485 3096 3527 sese
3146 3471 3465 3528 ostendente
3499 3471 3645 3526 illam

398 3756 604 3818 praeter
638 3762 776 3818 rem,
822 3756 877 3803 et
920 3748 1054 3803 vitio
1103 3748 1335 3812 librarii,
1400 3747 1493 3815 qui
1536 3749 1770 3817 priorem
1820 3746 1975 3802 vocis

406 3817 651 3887 ejusdem
701 3817 934 3872 formam
994 3818 1269 3873 incondite
1330 3820 1588 3887 scriptam
1639 3818 1823 3873 delere
1877 3833 1972 3872 nc-

444 3891 667 3943 lexerat.
1914 3928 1917 3929 ν

408 3905 704 4029 ειεᾶεθῗῖὸ
731 3957 839 4029 τοῦ
868 3956 1145 4011 θανάτου.
1175 3957 1255 4011 lta
1279 3956 1543 4029 legepcum
1584 3972 1687 4029 ms.
1742 3967 1976 4029 utroque

405 4025 526 4084 sine
567 4042 702 4082 voce
754 4028 1069 4095 ἀναγκαῖον,
1128 4041 1291 4095 quam
1346 4025 1490 4079 edita
1527 4026 1747 4080 habent.
1792 4025 1975 4095 Neque

407 4098 554 4153 enim
585 4097 674 4151 hic
706 4097 772 4152 ad
828 4097 1210 4151 necessitatem
1251 4096 1446 4150 mortis
1495 4097 1831 4165 simpliciter,
1874 4095 1973 4150 sed

409 4167 476 4221 ad
504 4183 590 4232 ea,
621 4182 742 4235 qua:
792 4167 985 4220 mortis
1015 4174 1143 4221 sunt
1174 4166 1227 4218 in
1272 4166 1616 4231 universum,
1658 4166 1969 4235 respicitur.

483 4238 596 4307 (27)
626 4234 967 4307 Βλέπωμεις,
997 4236 1072 4288 [ta
1104 4242 1397 4307 utrumque
1417 4250 1519 4289 ms.
1557 4249 1656 4303 pro
1680 4234 1970 4307 βλέπομεν.

483 4240 575 4307 (27
626 4240 967 4304 Βλέπωμεν.
997 4240 1072 4288 [ta
1106 4242 1397 4304 utrumque
1417 4250 1519 4289 ms.
1557 4249 1656 4303 pro
1680 4240 1970 4304 βλέπομεν.

480 4240 596 4377 (28)
621 4304 1048 4377 Καὶίᾶναυὸον.
1103 4306 1182 4359 lta
1234 4319 1337 4377 ms.
1384 4304 1878 4377 utrumque,_qu_od
1922 4312 1975 4358 et

407 4373 587 4431 versio
622 4374 814 4429 Latina
854 4384 1002 4429 recte
1048 4375 1350 4444 expressit,
1400 4373 1652 4444 quamvis
1684 4373 1757 4428 in
1783 4373 1973 4429 Graeco

406 4446 557 4502 edito
586 4460 695 4499 non
715 4452 911 4499 exstet.

335 4508 351 4524 '
482 4514 593 4585 (29)
617 4509 693 4584 τῼ
731 4521 961 4585 uterque
996 4513 1168 4585 codex
1205 4511 1369 4585 habet
1401 4512 1456 4565 in
1479 4512 1642 4568 editis
1687 4514 1974 4577 omissum,

411 4581 554 4654 quod
576 4581 759 4638 tamen
787 4581 966 4654 ver‘sio
984 4582 1184 4654 Latina
1217 4581 1396 4654 habet.

481 4656 590 4724 (50)
635 4652 964 4721 Ἀνατέμῃς.
1002 4652 1099 4706 Ms.
1153 4654 1193 4724 ᾼ
1244 4649 1755 4724 ἁνατὲμνῃςηΡιυίυε
1786 4651 1978 4724 praefe-

314 4746 322 4751 ·
410 4720 640 4794 rendum
673 4720 1210 4794 suadentsequentia
1257 4720 1425 4776 verba
1445 4720 1688 4791 ejusdem
1711 4720 1974 4794 temporis

409 4792 614 4865 προθῇς
644 4801 696 4846 et
724 4791 1020 4913 ἐγκρύιίιῃς.

480 4864 592 4913 (51)
621 4866 873 4913 How-nc.
933 4872 984 4913 ta
1012 4881 1020 4913 ι

480 4859 592 4931 (51)
615 4859 984 4934 ῌροθῇζκῄιίᾲ
1012 4877 1077 4917 ex
1102 4875 1206 4915 ms.
1240 4859 1282 4913 B
1313 4868 1366 4934 et
1391 4875 1479 4934 __ex
1513 4861 1749 4934 lectione
1773 4863 1971 4934 margi-

412 4934 518 4986 nali
547 4930 750 5002 τού-Ὰ,
787 4932 898 5002 qui
959 4932 1015 4984 in
1065 4939 1226 5002 textu
1278 4930 1496 4985 exhibet
1522 4930 1762 5002 προσθῇς
1790 4930 1972 4989 ηὶίηὐε

410 5009 575 5073 recte.
608 4999 742 5073 Nam
768 4999 839 5054 de
855 5002 1019 5073 rebus
1061 5001 1113 5054 in
1141 5001 1318 5054 cibum
1349 4999 1640 5069 propositis
1670 4999 1973 5073 nonAnpoa-

410 5072 620 5195 τξθημι,
648 5069 745 5126 sed
776 5070 1072 5141 προτίθημι
1101 5078 1417 5140 usurpatur;
1451 5087 1500 5125 ν.
1519 5086 1568 5125 c.
1593 5070 1736 5142 apud
1772 5069 1976 5142 Sopho-

412 5156 441 5195 ο
462 5156 548 5195 em
580 5157 597 5193 :

357 5168 364 5173 ·
412 5156 548 5197 clem
580 5157 597 5193 ε

490 5228 768 5315 Προθένί
829 5229 1069 5300 ἁδελφῴ
1096 5231 1342 5286 δεῖπνον
1368 5234 1601 5286 οἰκείων
1621 5232 1862 5288 τέκνων.

483 5342 595 5414 (52)
633 5344 910 5398 Ἀπαντα.
945 5343 1123 5398 Codex
1158 5344 1202 5397 A
1229 5343 1387 5397 habet
1413 5344 1580 5398 ἅπαν.

482 5416 594 5484 (55)
632 5415 683 5465 '0
737 5415 1010 5483 κείμενος
1064 5414 1207 5485 ἔχει.
1255 5415 1619 5485 Posteriorem
1669 5429 1856 5468 vocem
1884 5430 1974 5485 rex

402 5483 645 5565 utroque
703 5486 825 5539 cod.
889 5485 1124 5539 restitui.
1161 5483 1290 5537 Eam
1322 5483 1466 5538 enim
1511 5499 1707 5539 sensus
1749 5484 1973 5538 omnino

412 5563 934 5692 re?2‘i';)|;§.1é:mrm.
988 5622 1065 5676 Ita
1118 5623 1313 5677 iterum
1374 5638 1471 5691 pro
1522 5621 1795 5692 βλέπεται,
1830 5623 1973 5692 quod

2078 3753 2160 3802 est
2192 3745 2247 3799 in
2280 3746 2445 3800 edito.

2151 3815 2261 3889 (55)
2279 3816 2571 3889 Γάγηται.
2602 3812 2959 3889 his_._B_habet
2996 3821 3304 3889 γεγένηται.

2149 3884 2258 3956 (56)
2279 3885 2400 3956 Ἐφ’
2416 3884 2649 3956 ἑαυτοῦ.
2673 3883 2764 3939 Sic
2790 3886 2908 3953 lego
2937 3883 3033 3956 pro
3054 3883 3197 3944 edito
3218 3887 3381 3943 αὐτοῦ
3401 3902 3531 3943 cum
3554 3901 3648 3943 c0-

2077 3953 2351 4027 dicibusA
2373 3961 2425 4009 et
2457 3954 2517 4017 Β,
2545 3969 2775 4027 quorum
2810 3955 2893 4027 hic.
2934 3953 3215 4012 lectionem
3240 3960 3398 4012 istam
3435 3960 3488 4012 in
3528 3958 3646 4027 ipso

2078 4033 2250 4089 textu,
2286 4025 2373 4078 hic
2411 4040 2539 4098 vero
2596 4024 2680 4098 in_
2712 4025 2956 4098 margine
2981 4029 3218 4089 exhibet.
3260 4030 3420 4098 cujus
3444 4024 3565 4083 loco
3591 4029 3647 4084 in

2081 4102 2340 4148 contextu
2383 4093 2638 4148 mendose
2669 4094 2867 4150 legitur
2886 4096 2972 4148 ἐπ’
2998 4097 3197 4150 αὐτῶν.

2150 4160 2259 4232 (57)
2296 4162 2517 4235 Μηδενὶ
2550 4160 2863 4230 προδήλως
2891 4165 3361 4235 ἐπερειδόμενον.
3389 4166 3538 4220 "anc
3566 4166 3648 4222 lc-

2080 4232 2317 4307 ctionem
2378 4233 2715 4307 restituo_ex
2767 4248 2874 4307 ms._
2926 4232 3175 4304 utroque,
3236 4253 3332 4306 pro
3369 4238 3529 4307 editis
3570 4237 3645 4307 μὴ

2080 4301 2360 4374 προδήλως
2385 4301 2834 4374 ὑπερειδόμενον.-
2862 4302 2915 4355 in
2950 4301 3147 4372 quibus
3190 4301 3407 4360 sensum
3443 4301 3647 4361 frustra

2079 4369 2311 4445 quaeras.
2340 4369 2794 4445 lmoipsaversio
2815 4369 3005 4427 Latina
3030 4375 3272 4429 eamdem
3291 4376 3645 4445 expressitita

2074 4439 2317 4515 reddens
2339 4460 2352 4495 :
2389 4439 2669 4515 quijnulta
2698 4457 2761 4515 _re
2799 4453 2939 4495 certa
2970 4446 3327 4513 conﬁrmetur.
3359 4439 3649 4515 loquitur

2080 4512 2224 4585 enim
2278 4509 2664 4585 Gregoriusde
2698 4510 2917 4582 lugente
2977 4509 3266 4584 ejusmodi,
3312 4517 3404 4585 qui
3436 4509 3645 4570 nullum

2079 4580 2242 4634 habet
2263 4584 2376 4649 spei
2402 4581 2730 4649 praesidium.

2152 4650 2265 4722 (58)
2289 4648 2537 4722 ῼΨυχῆς.
2572 4648 2805 4722 Restituti
2839 4664 2905 4704 ex
2946 4660 3177 4722 utroque
3218 4654 3366 4722 cod.,
3416 4656 3560 4711 sicut
3593 4666 3648 4715 et

2080 4718 2260 4774 versio
2289 4718 2478 4772 Latina
2500 4719 2774 4786 exprimit.

2153 4789 2265 4866 (5_9)
2304 4784 3148 4866 'Ijzotezgc'deylsiclegendum
3178 4808 3275 4862 pro
3318 4795 3646 4866 ὑποληφθέν,

2076 4859 2224 4928 quod
2248 4858 2401 4932 estin
2419 4859 2551 4911 edit.
2576 4858 2735 4932 1615,
2752 4858 2974 4927 jubcnte
2992 4875 3092 4914 ms.
3117 4858 3222 4932 Bet
3243 4858 3648 4932 postulaniihus

2119 4929 2448 4981 rammaticse
2498 4928 2822 4992 rationibus,
2868 4932 2976 4984 imo
3002 4928 3324 4987 emendante
3355 4934 3486 4988 edit.
3521 4940 3648 4991 anni

2082 4997 2507 5120 16186.’Derivari
2528 4999 2671 5051 enim
2694 4999 2852 5056 debet
2881 5015 2943 5055 ex
2970 4999 3261 5066 ὑπολείπω,
3291 5019 3399 5057 non
3426 5021 3488 5059 ex
3525 5007 3652 5058 imo-

2116 5084 2193 5120 αυ.
2232 5083 2360 5120 ανω.

2116 5083 2360 5136 αμοανω.

2082 5192 2089 5201 ,
2156 5136 2463 5213 (40)_A1‘:td
2488 5136 2551 5190 τε
2602 5136 2636 5189 ὅ
2661 5153 2733 5213 τε.
2766 5139 2888 5213 ῖοτι
2923 5154 3029 5193 non
3074 5141 3321 5211 agnoscit
3343 5141 3409 5207 A,
3436 5159 3544 5213 quo
3569 5152 3651 5198 ta-

2087 5206 2308 5279 men‘ad
2335 5222 2556 5279 sensum
2597 5206 2982 5279 perﬁciendum
3012 5206 3149 5279 opu's
3177 5218 3281 5265 est.
3398 5206 3421 5230 λ

2160 5276 2273 5350 (μ)
2314 5276 2449 5350 Τήν.
2494 5278 2782 5350 luterseruj
2811 5293 2874 5339 ex
2917 5294 3018 5350 ms.
3052 5276 3303 5350 iitroque.

2161 5345 2273 5423 (διε)
2314 5345 2834 5423 ’Υσξολειξρθένε-Ιῑθ-
2854 5349 3051 5423 scribo
3094 5345 3287 5404 iterum
3320 5365 3419 5419 pro
3445 5350 3650 5423 ὑπολη-

2090 5416 2243 5484 φθέν,
2278 5417 2424 5485 quod
2448 5415 2605 5473 estin
2646 5415 2779 5471 edit.
2813 5416 2971 5473 1615.

2154 5472 2267 5560 (l3)
2297 5472 2654 5560 ᾉιαφθοράν.
2680 5486 2861 5560 Codex
2892 5490 2933 5560 ᾼ
2964 5488 3123 5560 habet
3165 5489 3392 5559 simplex
3423 5489 3649 5560 φθοράν.
3731 5472 3742 5483 ’

2085 5555 2265 5680 dog-04)
2308 5555 2703 5627 Ἐκκείμενον.
2755 5558 2853 5612 Ms.
2895 5557 2935 5610 Β
2962 5559 3121 5614 habet
3150 5555 3463 5629 ἐγκείμενον
3495 5555 3650 5614 men-

2158 5642 2234 5681 SC.
