3950 6132
275 323 393 410 ⁸4-1

1377 341 1467 395 DE
1494 339 1706 395 ANIMA
1738 338 1827 395 ET
1861 338 2456 397 RESURRECTION‘E.
3491 337 3587 396 Ιδκ

304 449 447 516 vim,
493 466 617 521 qute
646 454 1009 512 excesserite
1039 470 1270 531 corpore
1305 477 1318 513 :
1353 474 1461 530 qua
1500 473 1720 531 egressa
1753 463 1915 529 atque
1956 457 2224 514 subducta
2247 496 2262 521 ,
2296 457 2441 526 quod
2494 454 2851 527 relinquitur,
2896 460 3170 513 mortuum
3211 462 3295 509 est
3344 457 3400 509 et
3434 466 3560 508 cor-

306 559 374 599 ru
383 545 556 616 ptioni
588 546 704 618 jam
733 554 1066 611 exnositum.

388 709 720 767 Γ.Ταῦταδέ
734 730 837 784 μου
867 712 1152 780 διεξιόντος
1196 714 1334 787 (45)
1386 714 1584 787 μεταξὺ
1633 712 1884 766 κατασεί-

2055 710 2121 767 G.
2156 707 2286 765 Haec
2312 722 2564 778 eumego
2583 706 2864 771 dixissem,
2892 718 3058 759 manu
3096 702 3313 757 interim
3337 696 3558 755 silentio

302 813 455 851 σασα
494 798 608 872 (46)
640 804 706 872 τῇ
730 804 1400 877 χειρὶήδιδάσκαλος-Μ,
1413 806 1504 876 Μή
1525 800 1609 865 τίς
1626 819 1685 855 σε
1718 802 1887 858 τοιοῦ-

299 906 399 952 τος
423 929 441 954 ,
507 892 676 962 φησὶ,
735 894 897 963 φόϐος
949 897 1315 968 ὑποταράσσει
1366 898 1460 950 καὶ
1510 895 1719 966 συνέχει
1774 896 1886 969 (47)

1986 801 2277 872 imperato,
2327 799 2708 872 magistra.—
2742 796 2810 852 M.
2851 794 3105 865 Nunquid
3138 790 3433 862 ejusmodi,
3472 789 3559 843 in-

1988 895 2131 966 quit,
2176 902 2357 950 metus
2400 904 2453 947 te
2502 890 2804 962 perturbat,
2838 898 2893 943 et
2933 893 3169 942 mentem
3204 892 3352 938 tuam
3385 879 3558 949 angit,

298 976 407 1073 την
437 976 701 1073 διάνοιαν,
731 982 806 1047 ὡς
832 984 893 1037 οὐ
917 983 1165 1057 διαμενοιῖ
1183 1003 1272 1057 ςης
1298 986 1379 1049 είς
1407 986 1496 1039 ἀεὶ
1528 984 1639 1057 (48)
1668 986 1766 1055 τῆς
1788 984 1889 1054 ψυ-

2011 986 2151 1056 |uasi
2180 984 2364 1040 anima
2392 997 2501 1038 non
2534 996 2750 1051 semper
2778 985 3017 1045 maneat,
3049 977 3144 1033 sed
3166 991 3270 1030 una
3304 988 3427 1029 cum
3454 971 3565 1026 dis-

299 1069 431 1136 κῆξν
456 1068 595 1123 ἀλλά
640 1074 1159 1147 συγκαταληγούσης
1198 1080 1266 1149 τῇ
1305 1075 1542 1132 διαλύσει
1576 1075 1670 1130 τοῦ
1702 1074 1888 1147 σώμα-

205 1174 215 1183 ’
298 1174 427 1223 cog;
446 1163 594 1220 -—I'.'
610 1162 751 1230 Ἐγὼ
771 1164 828 1218 δὲ
842 1163 956 1231 (καὶ
975 1154 1083 1237 γὰρ
1102 1165 1256 1222 οὔπω
1268 1164 1365 1220 τοῦ
1385 1168 1589 1231 πάθους
1621 1167 1712 1223 τὸν
1739 1167 1888 1237 λογιη

306 1246 453 1316 σμὸν
477 1248 838 1320 ἀνεδεξάμην)
862 1251 973 1321 (49)
997 1251 1326 1325 θρασύτερὸν
1348 1274 1462 1320 πως
1485 1248 1886 1329 ἀπεκρινάμην,

302 1337 368 1388 οὐ
405 1338 552 1391 πάνυ
603 1340 1074 1412 περισκεψάμενος
1115 1342 1176 1395 τὸ
1215 1342 1526 1415 λεγόμενον.
1574 1342 1743 1400 Εἶπον
1780 1344 1905 1417 γὰρς

304 1428 685 1499 ἐπιτάγμασιν
711 1431 948 1486 ἐοικέναι
974 1432 1075 1497 τὰς
1109 1432 1260 1497 θείας
1284 1433 1486 1502 φωνὰς,
1514 1436 1581 1488 δι’
1612 1429 1687 1489 ὧν
1709 1435 1769 1489 τὸ
1793 1435 1901 1506 μὲνι

306 1516 427 1572 δεῖν
469 1522 758 1576 πεπεῖσθαι
791 1522 891 1593 τὴν
928 1522 1105 1596 ψυχὴν
1133 1523 1307 1579 εἰσαεὶ
1337 1524 1614 1596 διαμένειν
1652 1527 1910 1595 ἀνάγκα-τ

308 1609 548 1681 ζὸμεθα,
583 1612 642 1665 οὐ
678 1612 784 1684 μὴν
824 1613 969 1686 λόγῳ
995 1616 1102 1668 τινὶ
1131 1614 1211 1686 τῷ
1235 1617 1462 1687 τοιούτῳ
1497 1616 1905 1688 προσήχθημενο

312 1699 570 1769 δόγματι.
614 1702 748 1754 Ἀλλ’
788 1702 965 1757 ἔοικεν
998 1706 1129 1775 ἡμῖν
1169 1704 1282 1776 (50)
1322 1704 1581 1769 δουλικῶς
1624 1704 1834 1759 ἔνδοθεν
1862 1710 1901 1761 ἁ

316 1790 446 1852 νοῦς
474 1790 621 1862 φόϐῳ
641 1792 700 1845 τὸ
726 1793 1081 1866 κελευόμενον
1104 1795 1376 1866 δέχεσθαι,
1405 1796 1504 1866 οὐχ
1528 1796 1640 1867 (51)
1667 1796 1907 1868 ἑκουσίᾳ.

308 1884 424 1936 τινὶ
461 1884 604 1955 ὁρμῇ
650 1888 764 1949 τοῖς
813 1884 1125 1957 λεγομένοις
1179 1886 1542 1941 συντίθεσθαι.
1589 1887 1750 1941 Ὅθεν
1797 1887 1909 1941 καὶ.

310 1973 614 2047 βαρύτεραι
659 1978 792 2046 ἡμῖν
825 1977 919 2030 ἐπὶ
968 1975 1099 2032 τῶν.
1129 1977 1563 2048 κατοικουμένων
1610 1979 1667 2031 αἱ
1723 1976 1927 2041 λύπαι,

1993 1076 2269 1133 solutione
2299 1075 2551 1145 corporis
2583 1073 2700 1144 ipsa
2745 1086 2963 1147 quoque
2993 1083 3115 1125 esse
3145 1059 3563 1121 desinat?—G.

1993 1165 2107 1238 Ego
2137 1180 2270 1222 vero
2299 1162 2524 1236 (etenim
2554 1163 2797 1219 nondum
2833 1161 2901 1216 ab
2917 1158 3238 1231 aegritudine
3264 1162 3319 1211 et
3346 1160 3562 1223 pertur-

1992 1256 2214 1313 batione
2250 1256 2517 1311 rationem
2562 1251 2910 1325 collegeram)
2935 1246 3199 1305 audacius
3226 1242 3563 1316 protervius-

1992 1366 2098 1423 que
2145 1348 2567 1422 quodammodo,
2599 1347 2731 1418 quid
2775 1345 3072 1409 diceretur,
3107 1355 3216 1397 non
3267 1337 3565 1391 admodum

1992 1442 2372 1505 considerans,
2427 1437 2708 1509 respondi.
2757 1435 2884 1491 Dixi
2940 1434 3109 1499 enim,
3140 1430 3358 1486 divinas
3402 1440 3566 1482 voces

1989 1522 2279 1595 praeceptis
2311 1531 2367 1577 et
2400 1521 2599 1578 edictis
2644 1534 2771 1577 esse
2816 1517 3055 1585 similes,
3098 1517 3301 1589 quibus
3341 1515 3569 1572 credere

1991 1613 2212 1685 quidem
2244 1628 2532 1682 cogamur,
2565 1613 2806 1668 animam
2839 1621 3098 1683 oportere
3138 1610 3195 1665 in
3239 1616 3569 1681 perpetuum

1992 1720 2320 1778 permanere
2342 1744 2358 1771 ,
2386 1721 2494 1761 non
2524 1714 2708 1761 autem
2736 1705 2921 1774 aliqua
2952 1704 3168 1760 ratione
3197 1703 3264 1758 ad
3296 1701 3571 1773 ejusmodi

1992 1795 2326 1852 sententiam
2376 1795 2740 1851 adducantur.
2787 1793 2897 1850 Sed
2928 1794 3149 1851 videtur
3201 1793 3362 1851 nobis
3415 1809 3570 1849 mens

1992 1885 2142 1941 intra
2177 1901 2282 1942 nos
2317 1886 2576 1941 servilem
2611 1886 2665 1940 in
2703 1885 2928 1941 modum
2970 1892 3120 1939 metu
3154 1884 3390 1956 probare
3421 1884 3589 1955 quod.

1989 1977 2238 2048 jubetur,
2261 1992 2372 2032 non
2404 1976 2720 2033 voluntario
2745 1975 2982 2047 quodam
3012 1983 3166 2031 motu
3199 1975 3271 2029 iis
3290 2016 3305 2042 ,
3335 1990 3456 2045 quae
3488 1974 3573 2030 di-

272 2074 275 2075 '
308 2065 554 2134 γίνονται
567 2066 709 2139 [οὐκ]
727 2066 971 2139 ἀκριϐῶς
985 2068 1363 2139 ἐπισταμένων
1377 2068 1488 2140 (52)
1506 2067 1684 2140 ἡμῶν,
1699 2069 1796 2123 εἶτ’
1812 2068 1902 2125 ἔτι

2011 2078 2215 2142 :autur,
2243 2068 2531 2125 assentiri.
2567 2065 2724 2124 Unde
2750 2068 2916 2124 etiam
2947 2066 3042 2131 ﬁt,
3072 2076 3135 2122 ut
3163 2070 3389 2138 gravius
3420 2081 3572 2121 mor-

307 2159 432 2211 ἐστὶ
488 2159 600 2229 (55)
632 2157 755 2211 καθ’
799 2159 932 2211 αὐτὸ
964 2158 1123 2212 τοῦτο
1161 2158 1223 2212 τὸ
1254 2157 1512 2222 ζωοποιὺν
1547 2159 1750 2225 αἴτιον,
1798 2160 1906 2213 καὶ.

306 2251 460 2319 ὅπη,
514 2249 611 2307 καὶ
658 2250 848 2315 ὅπως,
882 2250 992 2303 εἴτε
1033 2251 1134 2303 οὐκ
1175 2249 1320 2304 ἔστιν
1365 2249 1577 2322 οὐδαμῆ
1619 2252 1899 2323 οὐδαμῶς..

311 2341 471 2403 Ἰσας
501 2341 612 2409 (54)
647 2341 757 2412 γὰρ
791 2344 937 2417 ποιεῖ
972 2340 1067 2395 τοῦ
1112 2341 1326 2412 ἀληθῶς
1352 2342 1504 2407 ὄντος
1544 2343 1737 2415 ἅδηλία
1778 2342 1897 2415 (55)

304 2432 412 2496 τὰς
440 2433 526 2502 ἐφ’
559 2433 818 2503 ἑκάτερον
854 2433 1180 2504 ὑπολείψεις.
1211 2435 1322 2489 Καὶ
1348 2434 1561 2498 πολλοῖς
1589 2435 1686 2506 μὲν
1709 2434 1895 2501 τοῦτο,

308 2524 527 2587 πολλοῖς
562 2524 620 2578 δὲ
651 2525 711 2577 τὸ
740 2526 976 2580 ἐναντίον
999 2526 1109 2600 (56)
1139 2526 1303 2581 δοκεῖ.
1345 2527 1457 2579 Καὶ
1494 2525 1599 2579 εἰσί
1636 2527 1701 2595 γέ
1745 2543 1898 2590 τινες

309 2615 467 2686 παρὰ
505 2617 617 2678 τοῖς
652 2610 911 2686 Ἕλλησιν
944 2618 1003 2670 οὑ
1050 2618 1251 2689 μικράν
1289 2616 1503 2688 ἔχοντες
1546 2617 1639 2670 ἐπὶ
1681 2617 1899 2686 φιλοσοο

310 2707 413 2779 φίᾳ
440 2706 553 2777 (57)
583 2705 682 2778 τὴν
720 2706 879 2771 δόξαν
899 2746 915 2772 ,
945 2708 995 2761 οἳ
1038 2706 1210 2762 ταῦτα
1249 2706 1505 2780 ᾠήθησαν
1549 2723 1610 2760 τε
1650 2701 1750 2761 ’καὶ
1786 2707 1895 2761 άπ-

310 2799 602 2868 εφήναντο.
637 2797 800 2854 -Μ.
829 2797 956 2866 Ἔα,
978 2797 1272 2869 φησὶ,τοὺς
1292 2799 1493 2865 ἔξωθεν
1538 2798 1739 2869 λήρους
1763 2836 1779 2863 ,
1832 2797 1894 2851 ὲν

309 2885 396 2954 οἷς
432 2892 462 2944 ὁ
499 2888 595 2943 τοῦ
640 2888 873 2959 ψεύδους
899 2889 1127 2962 εὑρέτης
1162 2891 1256 2943 ἐπὶ
1292 2890 1464 2962 βλάϐῃ
1497 2891 1596 2962 τῆς
1633 2888 1893 2962 ἀληθείας

311 2981 558 3047 πιθανῶς
598 2982 696 3046 τὰς
725 2982 1082 3053 ἠπατημένας
1122 2982 1420 3054 ὑπολήψεις
1450 2982 1788 3054 συντίθησινο
1826 2985 1893 3038 σὺ

311 3074 376 3128 δὲ
403 3072 540 3144 πρὸς
564 3072 724 3127 τοῦτο
747 3072 932 3143 βλέπε,
962 3073 1045 3127 ὅτι
1071 3073 1134 3126 τὸ
1157 3072 1329 3138 οὕτως
1360 3075 1489 3144 περ)⁵
1517 3072 1694 3144 ψυχῆς
1725 3071 1893 3144 ἔχειν,

311 3162 472 3216 οὐδὲν
502 3162 629 3216 ἄλλο
659 3162 805 3216 ἐστὶν
839 3162 872 3233 ἢ
905 3161 1184 3233 ἀλλότριον
1227 3162 1340 3232 (58)
1371 3161 1506 3234 πρὸς
1547 3162 1646 3232 τὴν
1689 3163 1894 3234 ἀρετὴν

315 3252 492 3325 ἔχειν,
535 3255 629 3307 κει.)⁵
657 3253 794 3325 πρὸς
817 3252 877 3306 τὸ
906 3253 1081 3324 παρὸν
1111 3252 1209 3323 ἡδὺ
1256 3252 1414 3324 μόνον
1440 3251 1689 3323 βλέπειν*
1716 3252 1815 3325 τὴν
1836 3253 1894 3307 δὲ

313 3348 432 3409 τοῖς
478 3344 670 3399 αἰῶσιν
721 3344 834 3416 (59)
887 3343 1325 3415 ὲνθεωρουμένην
1368 3343 1514 3415 ζωὴν
1547 3344 1640 3398 ἀπ’
1680 3343 1894 3409 ἐλπίδος

314 3434 589 3489 ποιεῖσθαι
612 3474 627 3498 ,
659 3432 780 3486 καθ’
807 3433 877 3503 ἣν
906 3434 1041 3503 μόνη
1070 3431 1182 3505 (60)
1207 3435 1241 3504 ή
1266 3431 1436 3505 ἀρετὴ
1454 3433 1517 3486 τὸ
1548 3433 1732 3487 πλεῖον
1755 3433 1887 3505 ἔχει.

313 3526 447 3580 -—I‘.
479 3528 593 3583 Καὶ
613 3528 752 3595 πῶς,
774 3526 935 3599 ἔφην,
954 3528 1154 3598 γένοιτ’
1178 3528 1245 3582 ἂν
1264 3529 1397 3600 ἡμῖν
1436 3523 1610 3594 παγία
1655 3525 1766 3596 (61)
1808 3543 1894 3590 τις

314 3618 406 3669 καὶ
421 3614 757 3686 ἀμετάθετος
791 3616 824 3687 ἡ
855 3617 982 3687 περὶ
1007 3616 1100 3669 τοῦ
1132 3614 1408 3687 διαμένειν
1431 3617 1530 3687 τὴν
1548 3617 1724 3689 ψυχὴν
1744 3618 1889 3687 δόξα;

386 3812 502 3884 (45)
528 3811 885 3884 Διεξιόντος.
910 3811 1032 3884 Hoc
1055 3812 1239 3884 malim
1267 3828 1392 3884 cum
1425 3828 1531 3868 ms.
1580 3812 1624 3867 B
1667 3829 1766 3884 pro
1810 3815 1897 3882 ἐξ-

319 3882 511 3948 ιόνλιος,
532 3883 680 3953 quod
710 3890 796 3938 est
823 3883 879 3937 in
906 3882 1090 3938 editis.
1119 3882 1381 3948 Διεξιέναι
1408 3885 1552 3943 enim
1586 3882 1902 3941 deeuarra-

318 3956 704 4024 tioneirerum
736 3953 987 4024 "copiosa
1025 3961 1081 4024 et
1123 3954 1400 4024 luculenta
1439 3955 1693 4024 usurpari
1736 3957 1895 4010 solet.

317 4004 465 4080 ἧἁί
483 4004 820 4078 simas:
835 4004 1895 4089 oneri-rimaminiissi-autn'ra‘o;
1934 4036 1937 4039 λ

377 4090 414 4148 2
452 4093 526 4148 De
568 4093 706 4148 Vitis
736 4092 1115 4162 sophistarum,
1152 4101 1207 4147 et
1247 4092 1801 4149 Ludov.Cresollium
1838 4095 1895 4150 in

367 4166 551 4219 heatro
591 4164 857 4217 rhetorum
882 4178 965 4228 ιιι,
990 4179 1039 4217 c.
1083 4163 1171 4216 17.

391 4192 551 4219 ιιαιῐυ
592 4192 758 4217 Inc"),
772 4192 857 4216 um
882 4192 965 4228 Ill,
990 4192 1039 4217 υ.
1084 4192 1106 4216 ἰ
1127 4192 1171 4216 lo
1723 4192 1734 4207 ⁸

391 4234 503 4306 (46)
534 4232 1457 4306 Kazaaelqaaa._Sicscribendum
1480 4240 1615 4306 puto
1631 4248 1753 4289 cum
1773 4234 1897 4289 cod.
1965 4272 1975 4281 υ

317 4307 359 4360 Δ
394 4303 485 4374 qui
522 4306 577 4358 in
628 4312 778 4388 textu
809 4304 950 4356 hanc
983 4303 1279 4388 lectionem
1309 4303 1531 4388 diserte,
1554 4304 1622 4384 in
1656 4307 1903 4388 margine

317 4372 453 4431 ver—0
483 4374 898 4439 κατασιγάσασα
927 4372 1330 4442 exhibet,quod
1363 4374 1637 4442 posterius
1667 4372 1907 4443 explicat

317 4446 556 4501 alterum
593 4443 749 4497 illud.
789 4445 1087 4511 Utrumque
1115 4445 1260 4497 enim
1311 4442 1592 4497 silentium
1628 4444 1817 4508 infert,
1851 4453 1906 4499 et

316 4523 510 4572 nostra
540 4514 762 4582 quidem
797 4513 958 4567 lectio
980 4513 1108 4576 tale,
1141 4511 1284 4580 quod
1311 4513 1456 4581 quis,
1486 4512 1630 4582 facto
1662 4528 1756 4582 per
1788 4528 1906 4568 ma-

317 4601 457 4642 num
506 4580 738 4647 indicio,
771 4584 860 4637 vel
891 4583 1084 4638 suadet
1131 4583 1213 4637 vel
1265 4580 1512 4652 imperat.
1544 4580 1681 4637 Vide
1711 4586 1898 4638 Actor.

320 4671 425 4718 xu,
467 4653 571 4713 l7;
607 4669 732 4718 xm,
768 4652 857 4717 16,
903 4660 1006 4707 etc.
1061 4661 1116 4707 et
1156 4650 1356 4707 confer
1384 4650 1640 4707 Lambert
1680 4652 1804 4709 Bos.
1836 4655 1902 4707 ad

319 4716 461 4780 Nov.
510 4716 753 4779 Testam.
788 4716 963 4793 p.79.
995 4722 1177 4777 Codex
1218 4720 1261 4775 Β
1313 4723 1367 4776 in
1400 4723 1521 4792 ipso
1568 4730 1719 4777 textu
1779 4724 1912 4795 legit

322 4794 762 4863 κατασιγάσασα.

398 4867 512 4936 (47)
536 4861 808 4933 Συνέχει.
846 4861 1025 4917 Codex
1058 4861 1110 4918 Α
1143 4861 1304 4917 habet
1334 4864 1542 4933 συγχεῖ,
1568 4862 1763 4919 eodem
1795 4863 1909 4923 fere

323 4953 516 4993 SCIISU.

398 5007 511 5076 (48)
543 5001 1387 5076 Διαμενούσηςιεὶσαείείζοόει
1406 5000 1453 5055 Α
1482 5001 1612 5074 legit
1636 5001 1905 5075 μενούσης

327 5073 503 5132 εἰσαεί
523 5091 537 5106 ’
573 5074 618 5129 Β
646 5073 775 5132 vero
816 5073 1080 5143 μενούσης
1106 5074 1213 5137 ἀεί.
1390 5124 1399 5133 ,

402 5147 514 5217 (49)
562 5142 1013 5217 ’Arsdsédunv:__
1040 5142 1220 5217 Codex
1257 5156 1508 5217 uterque
1552 5142 1691 5217 legit
1717 5144 1906 5217 ἀνελευ-

329 5211 532 5289 ξάμην,
560 5217 707 5287 quod
730 5216 935 5270 malim.
954 5211 1179 5289 Videtur
1198 5216 1361 5289 etiam
1387 5211 1657 5289 interpres
1675 5213 1906 5289 Latinus

332 5285 434 5344 huc
464 5285 713 5344 'verbum
775 5293 899 5342 ante
930 5285 1119 5340 oculos
1168 5286 1450 5342 habuisse.
1507 5285 1682 5338 Vertit
1734 5285 1903 5353 enim,

332 5359 642 5429 collegarum
653 5397 667 5411 .

404 5425 516 5500 (50)
561 5427 737 5498 Ἡμῖν
761 5426 915 5500 deest
938 5425 991 5483 in
1018 5427 1205 5483 codice
1229 5428 1290 5484 Β.

403 5493 515 5570 (51)
574 5493 721 5567 Οὗχ.
779 5495 958 5570 Malo!
988 5500 1112 5560 hoc,
1149 5513 1309 5566 quam
1356 5495 1499 5559 οὐδὲ,
1539 5493 1685 5564 quod
1713 5504 1799 5551 est
1850 5494 1907 5550 in

336 5567 514 5627 editis.
542 5569 791 5624 Alterum
829 5567 965 5624 illud
991 5577 1180 5625 tuetur
1205 5583 1311 5622 ms.
1338 5575 1655 5634 utrumque.

404 5640 513 5711 (52)
550 5637 1047 5711 Ἐπισταμένων,
1081 5638 1258 5693 Editio
1287 5634 1607 5711 anni‘jﬁw,
1649 5634 1908 5711 mendose

340 5705 728 5783 ἐπισταμένως,
755 5705 902 5779 quod
926 5711 981 5765 in
1008 5710 1178 5767 altera
1211 5708 1339 5763 anni
1374 5705 1512 5768 1658
1535 5706 1905 5777 emendatum,

340 5782 590 5851 probante
611 5796 719 5837 ms.
751 5789 1002 5863 utroque.

1995 2168 2220 2216 tuorum
2248 2160 2472 2216 nomine
2501 2160 2810 2228 doleamus,
2837 2173 2963 2214 cum
2989 2159 3147 2228 plene
3169 2166 3225 2213 et
3246 2165 3439 2213 exacte
3462 2171 3573 2211 non

1996 2251 2239 2309 sciamus
2259 2295 2274 2320 ,
2307 2252 2455 2308 sitne
2484 2250 2665 2306 adhuc
2692 2266 2792 2321 per
2818 2266 2943 2307 sese
2974 2252 3091 2307 hmo
3113 2250 3332 2305 viviﬁca
3365 2264 3533 2306 causa
3553 2288 3585 2316 ι

1995 2350 2051 2398 et
2079 2342 2206 2412 ubi,
2237 2350 2293 2399 et
2319 2339 2623 2414 quomodo,
2648 2355 2718 2395 an
2746 2354 2880 2396 vero
2908 2354 3182 2412 nusquam
3210 2341 3283 2396 sit
3314 2340 3429 2417 ullo
3457 2353 3575 2393 mo-

1995 2435 2086 2490 do.
2116 2434 2254 2490 Nam
2284 2434 2622 2499 incertitudo
2655 2433 2776 2504 ejus
2796 2476 2810 2501 ,
2845 2434 2995 2504 quod
3028 2449 3224 2490 revera
3255 2440 3341 2489 est
3362 2472 3377 2497 ,
3411 2446 3575 2502 pares

1993 2526 2160 2585 emcit
2180 2527 2239 2582 in
2263 2536 2560 2599 utramque
2579 2535 2794 2598 partem
2816 2528 3133 2598 opiniones.
3153 2527 3232 2580 Ac
3248 2525 3436 2580 multis
3460 2525 3575 2592 qui-
3662 2513 3669 2520 ’

1994 2619 2118 2675 dem
2148 2619 2284 2685 hoc,
2321 2621 2511 2674 multis
2536 2633 2669 2675 vero
2695 2618 3045 2674 contrarium
3068 2616 3326 2672 videtur:
3355 2624 3411 2670 et
3441 2625 3574 2669 sunt

1999 2726 2135 2768 sane
2173 2710 2319 2782 apud
2358 2710 2582 2766 Graecos
2621 2708 2847 2779 quidam
2884 2723 2997 2763 non
3040 2708 3097 2763 in
3140 2721 3310 2778 parva
3351 2712 3575 2776 propter

1994 2801 2407 2873 philosophiam
2464 2798 3055 2870 existimatione,rqui
3095 2798 3215 2854 haec
3259 2805 3315 2853 et
3362 2796 3572 2866 Opinati

1994 2902 2122 2951 sunt
2192 2903 2249 2950 et
2291 2893 2808 2964 pronuntiaverunt.
2827 2888 2975 2945 —M.
2996 2886 3167 2953 Mitte,
3182 2886 3576 2964 inquit,exter-

1994 3001 2095 3042 nas
2139 2999 2354 3055 nugas,
2399 2983 2457 3039 in
2499 2983 2700 3054 quibus
2744 2981 3018 3039 mendacii
3063 2981 3319 3036 inventor
3359 2978 3416 3034 in
3474 2976 3573 3034 dc-

1995 3077 2313 3132 trimentum
2352 3077 2624 3153 _veritatis
2674 3074 3037 3147 probabiliter
3085 3071 3254 3128 falsas
3282 3069 3574 3141 opiniones

1995 3164 2294 3237 componit.
2324 3165 2405 3221 'l‘u
2433 3182 2566 3223 vero
2598 3167 2706 3223 huc
2742 3166 2990 3238 respice,
3016 3163 3161 3237 quod
3187 3164 3263 3218 ita
3293 3162 3362 3219 de
3391 3161 3576 3217 anima

1997 3260 2203 3315 sentire
2250 3259 2390 3314 nihil
2433 3268 2519 3315 est
2566 3258 2752 3325 aliud,
2798 3274 2965 3330 quam
3005 3273 3036 3313 a
3083 3248 3289 3313 virtute
3337 3255 3609 3315 alienum...

1995 3362 2120 3406 esse
2141 3389 2157 3415 ,
2189 3356 2245 3405 et
2273 3348 2329 3404 id
2363 3350 2513 3419 quod
2548 3350 2604 3405 in
2635 3350 2930 3422 praesentia
2968 3362 3138 3404 suave
3175 3356 3229 3407 et
3263 3344 3577 3418 jucundum
3608 3396 3616 3405 .

1918 3466 1961 3524 ο
1995 3449 2114 3509 εει,
2154 3441 2334 3496 solum
2375 3449 2671 3512 spectare,
2705 3433 2825 3510 eam
2863 3448 3043 3500 autem
3084 3441 3252 3494 vitam
3276 3477 3291 3505 ,
3343 3446 3465 3509 qua;
3520 3438 3576 3492 in

2002 3530 2241 3586 inﬁnitis
2286 3531 2508 3588 saeculis
2574 3531 2993 3597 consideratur,
3058 3545 3153 3601 per
3222 3543 3386 3600 quam
3458 3528 3576 3584 sola

2002 3621 2189 3678 virtus
2224 3624 2444 3712 eminet,
2460 3618 2623 3695 atque
2639 3623 2887 3696 superior
2903 3628 3008 3689 est,
3026 3621 3491 3695 desperare.—G,_
3513 3616 3579 3671 Et
3600 3670 3601 3675 η

2076 3816 2189 3896 (55)
2217 3816 2342 3873 Εττ’
2368 3818 2455 3873 ἔτι
2488 3817 2648 3896 ἐστι..
2670 3816 2825 3896 lianc
2855 3819 3145 3896 lectionem
3173 3827 3229 3874 et
3248 3817 3423 3896 ms._A
3448 3830 3578 3896 sing-

2004 3886 2265 3960 gerit,'et_
2280 3903 2475 3960 sensus
2499 3889 2728 3960 requirit
2751 3905 2849 3959 pro
2868 3889 3059 3944 εἷτετί
3092 3890 3205 3942 ἐστι
3227 3886 3495 3960 quodest
3519 3886 3580 3960 in

2007 3958 2191 4030 editis.
2222 3957 2362 4030 ﬂuic
2387 3959 2532 4019 enim
2560 3957 2856 4030 opponitur
2882 3961 2935 4030 in
2965 3957 3323 4030 sequentibus
3346 3957 3580 4030 al'gsopx
3610 4018 3614 4021 _

2004 4026 2170 4082 ἔστιν.
2221 4026 2469 4084 Varietas
2501 4025 2617 4083 orta
2635 4025 2737 4085 est
2762 4046 2828 4085 ex
2858 4025 3069 4086 duabus
3098 4028 3326 4084 vocibus
3369 4025 3466 4080 εἴτ’
3498 4025 3578 4079 ἔτι

2005 4105 2059 4169 et
2089 4098 2198 4169 εἶξε
2232 4115 2301 4169 τι
2322 4099 2488 4169 facile
2512 4099 2657 4154 inter
2685 4100 2971 4169 legendum
3004 4101 3146 4154 inter
3175 4114 3234 4153 se
3260 4104 3577 4169 permutan—
3657 4154 3661 4160 ,

2006 4166 2129 4238 dis.
2149 4166 2344 4223 Versio
2373 4167 2569 4221 Latina
2607 4166 2851 4224 nostram
2888 4169 3176 4224 lectionem
3200 4167 3472 4238 sequitur.

2077 4237 2190 4309 (54)
2216 4238 2401 4304 Ἵσας.
2438 4239 2516 4309 lta
2576 4239 2819 4309 scribere
2851 4238 3007 4309 jubet
3046 4249 3099 4309 et
3141 4253 3245 4292 ms.
3285 4243 3617 4306 utrumque.

2003 4313 2057 4362 et
2088 4307 2427 4378 sensuspro
2459 4307 2609 4378 ἴσως,
2638 4308 2784 4378 quod
2820 4319 2904 4364 est
2936 4308 2990 4362 in
3017 4308 3201 4364 editis.

2077 4376 2188 4447 (55)
2221 4376 2486 4444 Ἀδὴλίιι.
2549 4376 2668 4433 Hoc
2728 4380 2945 4448 reposui
2977 4394 3042 4433 ex
3069 4391 3181 4433 'ms.
3214 4387 3447 4448 utroque
3481 4390 3580 4445 pro

2007 4448 2041 4517 ᾔ
2066 4447 2258 4511 δειλία,
2280 4463 2442 4517 quam
2479 4461 2664 4501 vocem
2686 4448 2831 4517 edita
2853 4449 2992 4502 male
3004 4449 3282 4503 exhibent.
3308 4447 3599 4517 lnterpres.

2008 4515 2234 4573 Latinus
2298 4515 2395 4587 per
2452 4516 2881 4573 incertitudinem
2930 4526 3172 4584 vertens,
3212 4518 3298 4574 vel
3332 4515 3579 4571 eamdem

2007 4602 2197 4643 vocem
2230 4603 2339 4657 prae
2362 4588 2539 4643 oculis
2584 4587 2796 4653 habuit,
2828 4588 2914 4644 vel
2942 4590 3262 4648 coniectura
3288 4593 3580 4643 assecutus

2009 4665 2113 4713 est.
3436 4681 3445 4689 .

2085 4726 2199 4797 (56)
2236 4726 2305 4781 Τὸ
2333 4726 2630 4799 ἐναντίον.
2665 4725 2769 4783 Ms.
2806 4726 2996 4799 Blegit
3016 4725 3353 4799 tobvawlov._
3398 4779 3445 4799 ,-
3506 4786 3511 4793 ,

2083 4779 2196 4870 (si)
2235 4779 2376 4870 Ἔπῖ
2410 4779 2765 4870 arboee;
2804 4779 3450 4870 Ιὶείῗὲὸὲίοέίίέέξερά;.’θ
3481 4786 3581 4864 ιπο

2010 4862 2103 4923 ὲπῖ
2125 4862 2439 4938 φιλοσοφίαν
2472 4868 2616 4938 quod
2637 4862 2807 4938 estin
2840 4867 2972 4923 edit.
2997 4862 3123 4938 aiini
3158 4864 3316 4938 1615.
3348 4862 3499 4920 Nam
3519 4879 3582 4917 ea

2007 4936 2402 5065 grim'estauni
2442 4936 2599 5004 1658,
2640 4937 2957 4994 mendosam
2995 4936 3355 5007 scriptionern
3396 4950 3582 4991 emen-

2047 5018 2176 5065 avrt.

2047 5011 2176 5067 avit.

2035 5103 2050 5116 ο
2083 5080 2195 5152 (58)
2236 5079 2590 5150 Ἀλλότριον.
2629 5075 2729 5133 Ms.
2763 5078 2808 5131 A
2854 5076 3017 5132 habet
3048 5074 3362 5148 ἀλλοτρίως,
3418 5074 3586 5147 idque

2012 5152 2228 5206 melius.

2083 5221 2198 5292 (59)
2242 5218 2371 5292 Τοῖς
2402 5217 2637 5272 αἰῶσιν.
2662 5216 2762 5272 Ms.
2794 5216 2916 5270 Ain
2946 5217 3192 5288 margine
3219 5219 3332 5282 τοῖς
3364 5217 3587 5273 ἀτελευ·

2011 5288 2195 5360 τήτοις
2209 5288 2418 5343 αἰῶσιν.

2086 5362 2198 5433 (60)
2219 5359 2408 5433 ﬁdem.
2439 5356 2532 5413 Sic
2547 5359 2863 5433 scripsipro
2877 5358 3045 5433 μόνην
3072 5371 3139 5414 ex
3153 5372 3273 5433 (ms.
3295 5356 3360 5412 A.
3380 5356 3584 5412 Virtuti

2014 5428 2159 5489 enim
2180 5428 2297 5485 soli
2324 5429 2439 5484 haec
2468 5429 2825 5498 praerogativa
2851 5428 3088 5485 hocIOco
3115 5428 3441 5483 vindicatur.

2088 5501 2202 5572 (61)
2230 5500 2448 5572 lyryla.
2468 5496 2551 5552 ita
2584 5496 2731 5572 recte
2756 5514 2858 5555 ms.
2897 5510 3214 5572 utrumque,
3243 5506 3302 5551 ut
3322 5509 3388 5572 et
3417 5496 3585 5572 editio

2016 5565 2147 5627 anni
2184 5565 2349 5640 1638,
2398 5584 2499 5640 pro
2556 5567 2783 5637 πλαγία,
2843 5573 2987 5640 quod
3046 5565 3221 5626 estin
3269 5567 3410 5640 edit.
3455 5565 3585 5619 anni

2018 5642 2182 5767 16115ἱ
2230 5635 2515 5700 Derivatur
2563 5635 2708 5697 enim
2760 5656 2789 5695 a
2835 5635 3118 5713 πήγνυιμ,
3166 5645 3221 5694 ct
3255 5635 3611 5693 soliditatem

2018 5728 2071 5767 in
2099 5728 2159 5767 cr
2188 5751 2201 5764 .

2016 5722 2201 5769 infert.
