3950 6132
380 325 445 379 l9
1579 329 1636 384 S.
1672 329 1996 388 GREGORII
2019 330 2314 389 NYSSENI
3537 334 3610 392 20

361 447 471 504 quo
502 443 699 505 pacto,
736 435 959 506 inquam
981 475 997 500 ,
1057 435 1268 502 firmam
1318 436 1597 510 aliquam,
1651 442 1928 510 stabilem,

2048 445 2380 517 Αίσθάνομαι
2412 443 2523 517 (62)
2557 445 2663 518 γὰρ
2695 447 2787 500 καὶ
2835 447 3026 513 αὐτὸς,
3063 448 3146 502 ὅτι
3185 446 3280 502 τοῦ
3325 448 3607 505 καλλίστου

362 527 526 581 fixam
556 535 611 582 et
639 525 977 585 inamabilem
1008 529 1210 586 habere
1259 530 1537 600 possimus
1583 531 1934 602 opinionem,

363 629 472 684 qua
511 615 748 669 animam
788 616 1080 674 credamus
1123 618 1491 688 permanere?
1545 617 1682 676 Nam
1720 628 1775 676 et
1819 621 1938 692 ipse

365 705 580 773 sentio,
611 706 756 774 quod
796 721 858 763 re
899 709 1144 764 omnium
1173 709 1546 778 pulcherrima
1583 711 1640 766 in
1683 712 1795 767 vita
1826 713 1936 785 (de

366 800 565 854 virtute
597 798 827 872 loquor)
859 801 969 855 vita
1004 800 1288 855 hominum
1313 801 1556 857 caritura
1593 802 1787 869 fuerit,
1829 806 1934 861 nisi

363 889 544 958 aliqua
577 899 729 946 certa
767 898 824 946 et
868 905 982 946 non
1025 890 1281 961 ambigua
1321 891 1390 946 de
1433 892 1538 947 hac
1587 909 1651 950 re
1694 894 1829 951 ﬂdes
1875 896 1932 952 in

362 980 525 1036 nobis
567 980 783 1036 ﬁrmata
815 981 1000 1036 fuerit.
1033 979 1320 1047 Quomodo
1349 981 1494 1036 enim
1528 982 1702 1041 virtus
1734 986 1934 1043 habere

362 1071 537 1125 locum
568 1072 745 1141 possit
770 1070 827 1124 in
859 1071 947 1137 iis,
977 1071 1074 1141 qui
1100 1070 1156 1126 id
1183 1069 1330 1142 quod
1356 1078 1477 1136 est,
1507 1076 1768 1143 praesenti
1819 1077 1931 1132 vita

357 1160 736 1216 circumscribi
780 1161 883 1216 sibi
938 1177 1260 1231 persuasum
1302 1165 1539 1232 habent,
1578 1173 1632 1221 et
1658 1174 1778 1238 post
1809 1182 1930 1222 eam

359 1252 494 1304 nihil
521 1255 1180 1327 ampliussperanﬁ—M.
1219 1255 1363 1327 Ergo
1421 1271 1701 1328 quaerere,
1761 1259 1930 1330 magi-

359 1351 472 1396 stra
496 1342 711 1411 inquit,
736 1351 983 1413 oportet,
1013 1345 1160 1402 unde
1189 1348 1350 1404 nobis
1375 1351 1710 1406 conveniens
1735 1361 1789 1406 et
1811 1352 1931 1406 ido-

359 1450 520 1490 neum
553 1435 622 1490 de
653 1437 753 1491 hac
785 1439 1085 1508 quaestione
1125 1441 1457 1510 principium
1497 1445 1674 1498 oratio
1712 1457 1930 1499 sumere

359 1528 554 1597 possit.
586 1527 663 1585 Ac
683 1567 698 1593 ,
730 1529 776 1582 si
813 1530 990 1600 placet
1012 1570 1028 1595 ,
1063 1532 1162 1588 abs
1192 1539 1246 1587 te
1278 1533 1679 1588 contrariarum
1712 1533 1928 1603 Opinio-

357 1631 486 1670 num
518 1622 680 1686 atque
707 1619 1100 1673 sententiarum
1133 1623 1507 1691 propugnatio
1541 1629 1706 1692 atque
1737 1622 1927 1677 defen-

357 1707 441 1760 sio
470 1707 822 1776 suscipiatur.
851 1707 1006 1776 (Nam
1034 1711 1191 1765 video
1214 1712 1357 1780 quod
1383 1712 1548 1767 etiam
1581 1713 1798 1769 animus
1826 1713 1923 1768 tibi

2041 536 2148 589 τῶν
2175 539 2316 591 κατὰ
2351 535 2449 607 τὴν
2490 536 2636 608 ζωὴν
2667 535 2776 608 (65)
2817 537 2952 608 (τῆς
2994 539 3196 610 ἀρετῆς
3233 538 3410 608 λέγω)
3443 539 3473 590 ὁ
3499 539 3610 594 τῶν

2041 627 2341 699 ἀνθρώπιον
2367 629 2624 700 χηρεύσει
2653 629 2766 700 βίος
2783 667 2803 696 ,
2825 632 2874 684 εί
2897 633 2970 701 μή
2999 648 3082 694 τις
3108 631 3473 702 ἀναμφίϐολος
3495 632 3607 701 (64)

2039 722 2073 791 ἡ
2109 719 2239 793 περὶ
2263 720 2452 775 τούτου
2485 722 2668 786 πίστις
2701 725 2759 775 ἐν
2787 723 2918 794 ἡμῖν
2951 722 3297 794 κρατυνθείη.
3329 723 3455 784 Πῶς
3495 724 3606 792 γὰρ

2040 810 2155 866 ἐστι
2179 812 2277 883 τὴν
2307 812 2506 884 ἀρετὴν
2535 812 2718 884 χώραν
2745 813 2889 884 ἔχειν
2921 814 3006 883 ἐφ’
3032 809 3108 867 ὧν
3146 814 3180 884 ἡ
3211 813 3462 884 παροῦσα
3494 812 3608 883 ζωὴ

2038 903 2396 976 περιγράφειν
2425 903 2488 958 τὸ
2540 899 2680 958 εἶναι
2735 904 2846 976 (65)
2879 905 3244 975 ὑπείληπται,
3295 903 3387 958 καὶ
3445 903 3606 957 πλέον

2039 995 2316 1060 ὲλπίζεται
2387 993 2525 1065 μετὰ
2561 987 3348 1062 ταύτηνούδέν;--Μ.Οὐκοῦν
3373 993 3604 1064 ζητῆσαι

2037 1083 2162 1154 χρὴ,
2203 1083 2366 1155 φησιν
2393 1084 2428 1154 ἡ
2450 1082 2791 1149 διδάσκαλος,
2827 1083 2947 1137 ὅθεν
2981 1085 3046 1138 ἂν
3086 1084 3218 1153 ἡμῖν
3246 1083 3344 1152 τὴν
3382 1083 3604 1136 δέουσαν

2037 1176 2167 1246 περὶ
2191 1175 2396 1230 τούτων
2427 1176 2600 1248 ἀρχὴν
2626 1177 2654 1228 ὁ
2680 1175 2836 1245 λόγος
2873 1175 3011 1247 λάϐῃ
3055 1175 3190 1246 (66).
3223 1175 3333 1228 Καὶ
3360 1177 3408 1228 εί
3433 1175 3599 1242 δοκεῖ,

2039 1267 2191 1340 παρά
2224 1267 2317 1322 σοῦ
2355 1267 2596 1336 γενέσθω
2633 1267 2743 1321 τῶν
2787 1267 3041 1322 ἐναντίων
3087 1266 3428 1336 δογμάτωνὴ
3470 1283 3604 1335 συμο

2039 1357 2228 1430 μαχία·
2258 1359 2367 1430 ὁρῶ
2388 1358 2497 1430 γὰρ
2521 1359 2602 1413 ὅτι
2631 1375 2713 1412 σοι
2741 1360 2834 1412 καὶ
2861 1357 3246 1427 ὑποκεκίνηται
3271 1357 3405 1426 πρὸς
3423 1356 3601 1410 τοιαύ-

2032 1468 2132 1520 την
2160 1449 2272 1521 (67)
2306 1450 2618 1520 καταφορὰν
2645 1451 2680 1520 ὴ
2708 1449 2931 1504 διάνοια.
2954 1444 3064 1502 Εἶθ’
3090 1446 3262 1510 οὕτως
3291 1448 3319 1499 ὁ
3344 1448 3441 1516 τῆς
3473 1447 3602 1517 ἀλη-

2036 1541 2187 1604 θείας
2227 1533 2365 1606 μετὰ
2392 1533 2487 1602 τὴν
2513 1535 2782 1589 ἀντίθεσιν
2797 1532 3592 1607 ἁναζητηθήσεταιλόγος.-Γ.

2044 1625 2265 1697 Ἐπειδὴ
2301 1625 2458 1679 τοῦτο
2495 1626 2771 1690 ἐκέλευσε,
2795 1624 3274 1696 παραιτησάμενος
3308 1623 3477 1694 αὐτὴν
3527 1623 3600 1694 μὴ

2029 1716 2172 1771 κατὰ
2207 1713 2465 1785 ἀλήθειαν
2509 1713 2761 1784 οἰηθῆναι
2798 1715 2866 1768 τὰ
2895 1716 3026 1787 παρ’
3063 1714 3221 1785 ἡμῶν
3250 1713 3362 1782 (68)
3397 1713 3602 1766 ἀντιλέ-

358 1803 539 1853 motus
566 1806 685 1862 est,
710 1812 773 1852 ac
801 1800 964 1869 gestit
991 1815 1085 1855 eas
1109 1801 1208 1856 tibi
1233 1800 1434 1858 deferri
1461 1805 1691 1876 partes.)
1716 1803 1919 1861 Deinde

2048 1805 2215 1860 ἐσθαι
2237 1845 2251 1867 ,
2285 1804 2399 1859 ἀλλ’
2439 1805 2578 1875 ὑπὲρ
2605 1803 2699 1857 τοῦ
2726 1803 2957 1875 βεϐαίως
2999 1803 3503 1872 κατασκευασθῆναι
3541 1803 3602 1855 τὸ

359 1887 464 1942 hoc
489 1887 653 1942 modo
677 1898 800 1951 post
828 1891 1231 1960 oppositionem
1267 1893 1521 1952 veritatis
1553 1896 1694 1951 ratio
1727 1897 1914 1967 requi-

361 1986 529 2031 retur.
591 2011 642 2020 —
662 1984 727 2043 G.
746 1988 1106 2049 Posteaquam
1123 1990 1302 2036 autem
1319 1984 1390 2035 ita
1413 1982 1590 2039 facere
1602 1985 1786 2055 jussit,
1807 1985 1902 2039 de-

2033 1897 2160 1968 περὶ
2185 1895 2362 1966 ψυχῆς
2391 1894 2586 1964 δόγμα,
2617 1893 2724 1946 τῶν
2751 1895 3180 1950 ἀντιπιπτόντων
3207 1895 3316 1968 (69)
3349 1893 3484 1966 πρὸς
3511 1892 3600 1946 τὸν

2023 1988 2225 2042 σκοπὴν
2257 1987 2441 2040 τοῦτον
2474 1984 2880 2040 ὑπεκλυθέντων
2923 1987 3059 2057 (70)·

359 2071 701 2141 precatusab
723 2078 931 2133 ea,ne,
961 2081 1083 2136 quae
1121 2081 1151 2121 a
1190 2069 1348 2123 nobis
1404 2073 1935 2145 contradicercntur,
1975 2096 2077 2152 pro
2152 2081 2297 2138 seria
2350 2094 2414 2134 ac
2457 2093 2588 2134 vera
2639 2077 3075 2133 contradictione
3124 2075 3433 2146 acciperet,
3502 2072 3600 2128 sed

353 2153 559 2211 idcirco
603 2159 869 2228 proferri,
949 2170 1009 2216 ut
1052 2161 1308 2218 doctrina
1357 2163 1426 2219 de
1477 2167 1661 2222 anima
1706 2168 1936 2229 ﬁrmiter
1986 2177 2440 2236 constitueretur,
2491 2188 2557 2228 ac
2613 2173 2959 2242 probaretur,
3014 2171 3283 2241 oppositis
3339 2169 3404 2224 ad
3458 2167 3599 2223 banc

355 2247 719 2304 intentionem
757 2250 954 2307 solutis
979 2269 994 2306 :

419 2356 646 2422 Nonne,
721 2360 980 2432 inquam,
1041 2363 1177 2419 haec-
1228 2365 1468 2421 dixerint
1530 2373 1623 2440 qui
1690 2381 1916 2426 contra-

2089 2370 2164 2426 'H
2217 2391 2319 2426 που
2378 2370 2528 2442 (7i),
2588 2369 2754 2440 ἔφην,
2815 2367 2984 2421 ταῦτα
3041 2367 3106 2421 ἂν
3161 2367 3362 2419 εἴποιεν
3424 2365 3473 2419 oi
3523 2364 3602 2435 τῷ

355 2449 492 2510 riam
563 2451 880 2519 opinionem
932 2452 1263 2523 defendunt,
1319 2460 1466 2529 quod
1521 2476 1916 2534 corpus,cum

2053 2464 2248 2535 ναντίῳ
2277 2460 2670 2533 παριστάμενοι
2687 2459 2849 2530 λόγῳ,
2881 2459 3040 2512 ὅτιτὸ
3066 2457 3221 2527 σῶμα
3245 2457 3495 2510 σύνθετον
3518 2455 3599 2521 ὃν,

355 2542 712 2609 compositum
763 2543 867 2607 sit,
909 2560 1174 2614 prorsus,
1214 2565 1280 2604 ex
1332 2551 1535 2622 quibus
1569 2563 1820 2620 constat,
1862 2556 1919 2610 in

2048 2555 2240 2617 πάντως
2263 2557 2342 2616 είς
2369 2553 2458 2619 τὰ,
2481 2551 2540 2616 ἐξ
2563 2545 2638 2606 ὧν
2668 2550 2984 2620 συνέστηκε,
3013 2549 3302 2613 διαλύεται;
3335 2546 3601 2615 Λυθείσης

352 2644 418 2684 ea
452 2631 828 2688 dissolvatur?
861 2635 1052 2693 Soluta
1090 2649 1268 2696 autem
1305 2657 1368 2697 ea
1407 2661 1528 2712 qua:
1563 2655 1648 2700 est
1687 2647 1742 2700 in
1782 2662 1910 2701 cor-

2048 2646 2079 2698 e
2101 2643 2209 2698 τῶν
2232 2642 2508 2712 στοιχείων
2528 2642 2625 2712 τῆς
2653 2643 2709 2695 ἐν
2728 2639 2805 2710 τῷ
2828 2639 3036 2709 σώματι
3053 2637 3324 2709 συμφυΐας
3354 2636 3491 2706 (72),
3509 2637 3598 2690 ἐπὶ

355 2736 521 2797 pore,
557 2724 958 2780 elementorum
999 2729 1291 2786 coalitione
1325 2741 1490 2804 atque
1527 2737 1915 2800 concretione,

2048 2737 2085 2788 :b
2127 2737 2329 2788 οίκεῖον
2373 2735 2428 2787 ἐν
2460 2734 2574 2804 (75)
2623 2732 2834 2802 ἑκάστῳ
2873 2730 3082 2800 γίνεται
3123 2728 3262 2781 κατὰ
3294 2725 3355 2779 τὸ
3385 2726 3530 2786 είκὸς
3571 2727 3599 2798 ἡ

354 2815 816 2884 unumquodque,
866 2825 926 2872 ut
965 2833 1062 2887 par
1099 2831 1210 2882 est,
1254 2820 1325 2874 ad
1379 2827 1660 2895 proprium
1723 2827 1920 2893 fertur,

2048 2822 2169 2894 5012i}
2186 2823 2354 2894 αὐτῆς
2373 2821 2588 2891 φύσεως
2614 2821 2722 2874 τῶν
2740 2819 3036 2890 στοιχείων,
3060 2818 3124 2870 δι’
3141 2817 3306 2886 ὁλκῆς
3324 2816 3434 2887 (74)
3456 2833 3600 2879 τινος

353 2902 531 2972 vergit
565 2911 620 2958 et
659 2904 922 2973 inclinat,
961 2907 1081 2978 ipsa
1131 2917 1327 2964 natura
1379 2913 1772 2970 elementorum
1828 2931 1925 2986 per

2048 2911 2329 2981 ιναγκαίας
2349 2913 2415 2982 τῇ
2437 2911 2687 2981 ὁμογενεϊ
2713 2909 2773 2961 τὸ
2794 2911 2990 2962 οἰκεῖον
3021 2906 3394 2976 ἀποδιδούσης.
3423 2905 3515 2976 Τῷ
3538 2922 3598 2959 τε

354 2995 740 3050 attractionem
772 2996 1066 3065 quamdam
1119 3001 1488 3056 necessariam
1527 3003 1614 3068 ci,
1657 3006 1802 3073 quod
1840 3013 1925 3061 est

2048 3005 2136 3076 (dp
2175 3001 2362 3074 θερμῷ
2408 3002 2569 3056 πάλιν
2596 3001 2657 3056 τὸ
2694 3001 2752 3054 ἐν
2793 3002 2922 3071 ἡμῖν
2959 2999 3072 3070 (73)
3107 2997 3468 3068 ἐνωθήσεται,
3506 2998 3599 3054 καὶ

352 3083 600 3151 ejusdem
633 3087 878 3156 generis,
907 3104 1066 3144 suum
1108 3090 1394 3148 reddente.
1431 3092 1565 3148 Nam
1598 3106 1650 3150 et
1678 3111 1800 3151 cum
1835 3113 1928 3152 ca-

2048 3098 2106 3170 τῷ
2131 3097 2342 3170 στερῤᾦ
2374 3096 2433 3150 τὸ
2460 3094 2692 3164 γεῶδες,
2731 3093 2826 3148 καὶ
2854 3092 2963 3146 τῶν
3003 3091 3204 3145 λοιπῶν
3241 3090 3453 3160 ἑκάστῳ
3484 3087 3598 3161 (76)

352 3173 466 3230 lido
498 3191 692 3233 rursus
728 3179 948 3234 unietur
983 3179 1038 3235 id
1071 3182 1216 3251 quod
1250 3185 1305 3238 in
1340 3185 1500 3240 nobis
1532 3195 1616 3240 est
1649 3187 1924 3253 calidum,

2048 3189 2164 3260 τρὸς
2210 3189 2272 3242 τὸ
2323 3187 2579 3256 συγγενὲς
2630 3187 2664 3257 ἠ
2713 3183 3095 3255 μεταχώρησις
3130 3182 3357 3252 γίνεται.
3410 3182 3476 3233 Ἦ
3506 3176 3599 3234 οὖν

350 3270 407 3318 et
439 3280 564 3318 cum
596 3266 773 3321 solido
804 3281 868 3322 ac
899 3269 1040 3323 duro
1075 3277 1314 3325 terreum
1345 3288 1360 3335 ;
1395 3281 1561 3341 atque
1596 3289 1661 3328 ex
1697 3274 1926 3344 reliquis

353 3357 786 3428 unumquodque
831 3357 897 3413 ad
945 3369 1240 3431 cognatum
1287 3361 1555 3431 redigitur
1593 3371 1647 3418 et
1694 3364 1923 3421 recedit.

352 3444 548 3498 Anima
587 3461 719 3516 ergo
757 3449 1104 3518 postmodum
1154 3450 1246 3505 ubi
1286 3451 1442 3506 erit?
1481 3451 1614 3507 Nam
1654 3454 1926 3525 siquidem

354 3538 559 3609 aliquis
590 3539 740 3595 dicat
768 3556 888 3598 eam
919 3542 974 3597 in
1004 3543 1292 3599 elementis
1322 3559 1476 3611 esse,
1505 3547 1750 3602 eamdem
1777 3547 1926 3601 illam

353 3643 478 3686 esse
505 3645 631 3685 cum
697 3631 784 3689 his
835 3634 1152 3690 necessario
1191 3636 1492 3703 concedet,
1528 3646 1696 3708 atque
1731 3652 1927 3694 assen-

354 3719 544 3773 tietur.
599 3719 719 3775 Non
769 3723 914 3776 enim
967 3724 1152 3793 aliqua
1199 3739 1325 3779 cum
1366 3726 1550 3780 alieno
1583 3727 1770 3781 mistio
1810 3727 1927 3782 fieri

353 3811 535 3882 possit
573 3811 732 3881 ejus,
768 3814 917 3883 quod
956 3822 1041 3869 est
1079 3815 1313 3870 diversae
1349 3824 1596 3882 naturae,
1637 3825 1689 3871 et
1725 3819 1770 3873 si
1813 3818 1928 3873 haec

355 3901 432 3956 ita
469 3902 618 3967 sint,
653 3904 804 3957 varia
837 3905 1085 3974 quaedam
1121 3919 1351 3974 prorsus
1383 3904 1680 3972 videbitur,
1715 3914 1774 3961 ut
1806 3923 1926 3977 quae

355 4005 482 4047 cum
513 3994 808 4050 contrariis
837 3993 909 4050 sit
937 3996 1100 4051 mista
1134 3997 1492 4067 qualitatibus
1522 4016 1535 4053 :
1567 3999 1717 4070 quod
1742 4007 1947 4055 autem.

426 4163 540 4233 (63)
553 4167 938 4242 ῑᾳθιξνομαι.
955 4169 1047 4242 Sic
1064 4171 1319 4242 rescripsi
1340 4186 1437 4241 pro
1451 4171 1706 4242 αἵσθομαι
1722 4172 1926 4226 utrius-

355 4249 462 4304 que
515 4237 817 4303 editionis,
876 4239 930 4293 vi
991 4241 1186 4311 lingua:
1240 4237 1297 4295 et
1343 4237 1679 4296 auctoritate
1723 4244 1931 4297 utrius-

355 4319 700 4451 ηῗιῗϐἓῗᾶξῖηρ
736 4378 934 4451 *κατὰ-μ
958 4377 1074 4451 τὴν
1099 4377 1270 4451 ζωήν.
1318 4379 1398 4451 ita
1457 4380 1653 4451 scripsi
1692 4380 1798 4434 τῶν
1835 4394 1932 4450 pro

355 4446 447 4502 τόν
484 4447 628 4515 quod
665 4447 827 4501 habet
851 4447 1020 4503 editio
1051 4450 1181 4502 anni
1211 4449 1365 4504 1615.

423 4517 535 4586 (64)
575 4516 1024 4589 ’ᾼναμςρίϐολοᾳ
1099 4518 1249 4572 Hanc
1308 4533 1496 4574 vocem
1543 4535 1642 4588 pro
1696 4518 1928 4589 ἀμφίϐο-

355 4585 466 4651 λος,
498 4585 644 4656 quod
675 4585 844 4642 est'in
878 4595 1108 4660 utraque
1123 4589 1380 4656 editione,
1411 4585 1635 4659 requirit
1656 4597 1710 4643 et
1734 4585 1929 4644 sensus

357 4665 413 4714 et
441 4672 544 4710 ms.
585 4664 896 4723 utrumque.

432 4725 542 4797 (65)
563 4725 954 4794 Περιγράφειν
979 4725 1046 4797 τῷ
1075 4727 1247 4781 εἶναι.
1279 4727 1355 4781 Ita
1383 4727 1551 4783 editio
1563 4727 1736 4782 Paris.
1768 4724 1926 4788 1658'.

359 4794 553 4869 melius
569 4811 730 4869 quam
754 4797 921 4869 altera
949 4794 1037 4849 ubi
1063 4797 1198 4869 legis
1212 4801 1589 4869 περιγραφεϊν,
1607 4814 1726 4869 quae
1748 4806 1928 4869 tamen

359 4867 417 4920 in
447 4880 514 4938 eo
542 4867 743 4938 rectius
773 4866 954 4927 habet,
991 4867 1134 4933 quod
1167 4882 1264 4936 pro
1284 4865 1292 4868 “
1312 4865 1638 4938 ζωήν’ροιιίι
1675 4865 1930 4938 {mmin-

361 4937 521 4991 tcrim
538 4935 696 4988 aliam
729 4944 783 4988 et
821 4947 877 4989 ut
908 4944 1057 5002 puto,
1094 4935 1364 4991 veriorem
1393 4935 1676 4994 lectionem
1708 4935 1930 4992 exhibet

363 5022 467 5076 rus.
513 5013 825 5076 utrumque,
864 5003 956 5076 ubi
987 5005 1058 5076 i_ta
1100 5006 1298 5060 habent
1328 5009 1489 5062 verba
1533 5027 1546 5061 :
1595 5008 1660 5060 Ἡ
1684 5006 1930 5076 παροῦσα

362 5073 476 5147 ζωὴ
503 5070 816 5148 περιγραφὴ
836 5073 930 5148 τοῦ
965 5070 1102 5129 εἶναι
1134 5076 1480 5148 ὑπείληπται.
1517 5078 1722 5132 Sensus
1756 5070 1930 5131 utrin—

365 5143 474 5216 que
502 5143 641 5217 idem
666 5143 768 5217 est,
800 5143 896 5198 sed
941 5147 1209 5214 posterior
1255 5143 1468 5217 phrasis
1511 5147 1806 5203 Graecismo
1838 5161 1931 5202 ac-

363 5215 779 5271 Commodatior.

433 5285 544 5350 (66)
569 5283 753 5352 Λάϐῃ.
786 5283 1194 5354 Ms.utrumqne
1231 5286 1402 5342 λάϐοι.

345 5396 354 5422 ,
736 5355 1035 5429 τοιρύτῃν.
1067 5357 1195 5411 Mss.
1311 5357 1502 5428 Βπρὸς
1525 5357 1622 5429 τὴν
1655 5356 1927 5429 τοιαύτην.

329 5434 348 5471 ,ι
434 5422 546 5497 (68)
568 5422 907 5497 Παρ’ἠμῶν.
929 5423 1041 5480 Hoc
1057 5428 1268 5482 restitui
1289 5442 1386 5497 pro
1403 5422 1530 5497 παρ’
1543 5422 1672 5497 ἡμῖν
1688 5422 1928 5497 vulgato.

364 5495 648 5551 consentit
679 5510 782 5549 ms.
831 5503 1143 5567 utrumque,
1184 5505 1239 5553 et
1280 5495 1520 5554 rationes
1563 5495 1933 5567 grammaticae

366 5567 671 5636 requirunt.

436 5633 547 5704 (69)
580 5633 1208 5693 Τῶν-ἀντιπιπτόντων.
1233 5637 1535 5694 Articulum
1561 5635 1798 5708 praemisi
1832 5651 1932 5690 au-

365 5710 612 5771 sturitate
640 5723 770 5764 mss.

2033 3281 2176 3351 ψυχὴ
2205 3279 2341 3351 μετὰ
2375 3278 2530 3331 τοῦτο
2560 3276 2662 3329 ποῦ
2689 3275 2875 3338 Esi-mu;
2907 3276 2969 3326 Et
2998 3273 3095 3342 μὲν
3129 3272 3236 3341 γὰρ
3265 3270 3376 3342 (77)
3411 3273 3467 3324 ἐν
3486 3273 3598 3334 τοῖς

2035 3369 2316 3440 στοιχείοις
2358 3363 2496 3420 εἷναί
2516 3382 2599 3428 τις
2642 3363 2814 3430 λέγοι,
2849 3361 2946 3432 τὴν
2991 3359 3160 3431 αὐτὴν
3203 3357 3342 3414 εἶναι
3387 3359 3600 3421 τούτοις

2034 3462 2153 3515 κατ’
2180 3460 2422 3530 ἀνάγκην
2454 3457 2795 3528 συνθήσεται.
2829 3456 2904 3508 Οὐ
2930 3453 3038 3526 γὰρ
3069 3453 3135 3507 ἂν
3163 3452 3367 3522 γένοιτό
3395 3469 3478 3514 τις
3501 3449 3597 3504 τοῦ

2035 3543 2356 3616 ἐτεροφυοῢς
2393 3542 2529 3612 πρὸς
2555 3542 2616 3593 τὸ
2642 3541 2917 3612 ἀλλότριον
2969 3538 3148 3610 μίξις,
3182 3539 3277 3592 καὶ
3300 3578 3313 3605 ,
3342 3539 3390 3590 εί
3431 3536 3597 3590 ταῦτα

2033 3635 2120 3704 εἴη
2141 3673 2156 3698 ,
2195 3633 2413 3703 ποικίλη
2443 3651 2524 3696 τις
2563 3631 2780 3694 πάντως
2825 3631 3228 3700 ἀναφανήσεται
3261 3631 3294 3700 ἡ
3333 3629 3471 3699 πρὸς
3500 3627 3599 3690 τὰς

2032 3723 2279 3786 ἐναντίας
2301 3721 2609 3793 μεμιγμένη
2627 3722 2936 3792 ποιότητας,
2960 3719 3022 3772 τὸ
3046 3719 3104 3772 δὲ
3131 3718 3370 3772 ποικίλον
3396 3716 3598 3770 ἁπλοῦν

2030 3817 2132 3869 οὐκ
2169 3813 2331 3880 ἐστιν,
2383 3812 2496 3865 ἀλλ’
2539 3814 2598 3865 ἐν
2627 3811 2872 3865 συνθέσει
2901 3812 3186 3882 θεωρεῖται
3217 3810 3449 3872 πάντως.
3482 3810 3599 3861 Πᾶν

2029 3906 2086 3960 δὲ
2117 3905 2178 3959 τὸ
2213 3902 2464 3957 σύνθετον
2495 3903 2586 3956 καὶ
2608 3901 2854 3956 διαλυτὸν
2878 3903 2936 3968 ἐξ
2967 3901 3208 3970 ἀνάγκης
3229 3917 3243 3931 ο
3276 3903 3306 3968 ἠ
3333 3900 3387 3952 δὲ
3417 3899 3596 3951 διάλυ-

2029 4013 2116 4059 σις
2151 3992 2328 4065 φθορὰ
2368 3993 2464 4047 τοῦ
2502 3992 2835 4056 συνεστῶτός
2867 3994 3002 4046 ἐστι.
3047 3993 3120 4044 Τὸ
3149 3992 3206 4044 δὲ
3247 3990 3598 4062 φθειρόμενον

2111 4169 2224 4239 (70)
2261 4168 2760 4239 ’Υπεκλυθέγτωκ
2783 4167 2884 4239 δίο
2928 4166 3212 4236 legendum
3247 4165 3470 4239 omnino
3493 4173 3597 4239 _est

2038 4235 2140 4309 pro
2163 4235 2307 4293 edito
2333 4238 2746 4309 ὑποκληθέντων
2776 4235 2999 4303 iubente
3029 4252 3128 4290 ms.
3163 4243 3410 4309 utroque.
3455 4235 3593 4290 Idem

2037 4305 2307 4379 expressit
2347 4305 2612 4377 interpres
2660 4307 2918 4379 Latinus,
2980 4313 3034 4359 et
3079 4308 3278 4374 passim
3319 4305 3592 4367 observes,

2037 4377 2326 4442 genuinam
2354 4379 2636 4433 lectionem
2668 4378 2723 4431 in
2749 4377 3000 4432 versione
3022 4383 3256 4439 exstare,
3283 4390 3389 4428 non
3416 4383 3595 4429 autem

2037 4449 2094 4504 in
2130 4456 2300 4501 textu.

2101 4514 2304 4584 (71)Ἦ
2334 4531 2472 4570 που.
2509 4514 2587 4568 Ad
2611 4515 2726 4568 haec
2753 4515 2914 4568 verba
2947 4513 2999 4584 in
3033 4513 3279 4584 margine
3322 4513 3524 4584 codicis
3553 4515 3597 4566 Α

2028 4589 2144 4642 hac
2169 4583 2420 4657 leguntur
2443 4604 2457 4640 :
2479 4584 2653 4657 _"Ev0a
2673 4585 2895 4657 ἄρχεται
2931 4583 3005 4657 ᾡς
3171 4583 3274 4657 τῷν
3297 4583 3549 4657 ἐναντίων
3568 4584 3598 4635 ὁ

2029 4651 2326 4722 ἐπίσκοπος
2353 4696 2366 4714 ,
2398 4655 2532 4724 πρὸς
2568 4656 2666 4724 τὴν
2696 4651 2899 4706 οἰκείαν
2945 4651 3190 4724 ἀδελφὴν
3221 4652 3591 4719 διαλέγεσθαιε

2031 4729 2068 4782 i.
2106 4743 2156 4785 c.
2215 4727 2310 4780 Hic
2338 4726 2523 4790 incipit
2561 4723 2830 4792 episcopus
2875 4732 3125 4791 tanquam
3174 4723 3228 4774 in
3273 4724 3598 4776 contrariam

2029 4797 2344 4854 sententiam
2368 4804 2554 4848 contra
2587 4809 2822 4848 sororem
2847 4809 2997 4846 suam
3030 4793 3320 4861 disputare.

2100 4867 2214 4936 (72)
2253 4865 2583 4936 Συμςρυΐας.
2622 4864 2810 4936 _Codex
2845 4864 2889 4936 ᾼ
2929 4862 2984 4915 in
3019 4863 3355 4936 tettuhabet
3389 4878 3599 4936 συμφο-

2032 4932 2152 5010 ρᾶς,
2185 4932 2443 4992 mendose
2479 4951 2497 4989 ι
2536 4940 2591 4986 at
2619 4933 2676 4988 in
2701 4933 2944 5003 margine
2977 4932 3284 4987 restituitur
3314 4933 3472 4988 lectio
3507 4947 3599 5001 ge-

2030 5023 2219 5062 numa.

2103 5078 2220 5150 (75)
2261 5078 2356 5130 Ἐν
2405 5073 2547 5130 delet
2581 5088 2685 5128 ms.
2717 5079 3010 5141 utrumque
3054 5088 3068 5123 :
3119 5085 3295 5140 neque
3345 5085 3408 5125 eo
3458 5085 3597 5141 opus

2029 5157 2136 5204 est.

2104 5217 2216 5286 (74)
2247 5215 2326 5268 Δι’
2354 5212 2564 5286 ὁλκῆς..
2600 5213 2691 5266 Sic
2720 5211 3188 5286 scriberesensns
3209 5211 3386 5286 jubet,
3412 5219 3465 5264 et
3495 5209 3597 5264 La-

2031 5287 2143 5342 tina
2177 5281 2393 5356 quoque
2417 5283 2596 5338 versio
2623 5281 2911 5352 expressit.
2943 5282 3115 5338 Habet
3144 5297 3272 5338 vero
3301 5282 3459 5337 etiam
3491 5296 3594 5336 ms.

2031 5365 2344 5411 utrumque.

2102 5372 2357 5496 (73)”;
2386 5422 2651 5496 ἡμῖν-,ηε
2681 5429 2830 5478 recte
2866 5421 2955 5478 ed.
2980 5422 3108 5477 anni
3137 5421 3296 5487 1638,
3325 5437 3421 5492 pro
3448 5435 3598 5476 men-

2033 5492 2168 5551 doSo
2195 5492 2421 5549 alterius
2450 5493 2507 5545 ἐν
2538 5492 2688 5562 ὑμῖν.

2107 5565 2219 5636 (76)
2266 5561 2554 5628 Ἐκὰστῳ.
2580 5561 2703 5616 Pro
2725 5563 2956 5618 ἑκάστου
2996 5563 3162 5631 edito,
3192 5561 3455 5634 probante
3496 5572 3597 5620 noo.

2034 5643 2206 5693 strnm
2230 5649 2332 5688 ms.
2366 5641 2617 5702 utroque.

2107 5705 2221 5775 (77)
2250 5703 2394 5773 ι’(ίρ.
2428 5702 2622 5758 Addidi
2655 5718 2721 5765 ex
2744 5717 2845 5759 ms.
2884 5704 2949 5762 Α.
