3950 6132
343 198 415 257 21
1406 207 1496 263 nn
1531 206 1748 265 suum
1773 208 1862 264 ET
1903 190 2505 271 nESUnch'rlonn.
3528 214 3619 271 22-

342 316 447 372 οὐκ
481 317 784 374 ἀθάνατονο
813 319 849 392 ἢ
876 318 1051 386 οὕτως
1074 338 1138 392 γε
1163 322 1229 377 ἂν
1260 322 1376 395 (78)
1403 325 1498 379 καὶ
1535 327 1569 397 ἡ
1615 324 1751 399 σὰρξ
1785 326 1915 383 ἀθά-

2031 329 2234 385 varium
2265 338 2383 396 est,
2412 328 2647 400 simplex
2676 342 2789 383 non
2820 333 2939 391 est,
2978 326 3075 382 sed
3110 325 3165 380 in
3199 325 3598 397 compositione

345 424 505 471 νατος
526 408 760 477 λέγοιτο,
785 412 865 475 εἰς
894 411 985 475 τά,
1016 411 1079 477 ἐξ
1101 404 1177 469 ὧν
1206 415 1503 487 συνέστηκε
1521 456 1537 480 ,
1566 417 1823 489 λυομένη.
1855 420 1915 474 El

2031 435 2247 490 prorsus
2272 421 2680 476 consideratur.
2709 418 2986 488 Quidquid
3015 424 3198 473 autem
3226 417 3593 488 compositum

343 497 403 551 δὲ
429 498 560 553 ἄλλο
597 499 653 553 τί
692 517 796 554 που
841 501 995 573 παρὰ
1039 502 1213 559 ταῦτά
1247 506 1365 559 ἔστι
1386 546 1402 573 ,
1437 506 1540 560 ποῦ
1569 507 1725 576 λόγος
1752 508 1920 579 αὐτὴν

344 585 484 645 εἶναι
510 591 859 660 ὑποτίθεται,
891 595 950 648 ὲν
979 595 1078 665 μὲν
1114 598 1227 660 τοῖς
1254 597 1536 669 στοιχείοις
1566 599 1655 653 διὰ
1677 599 1772 652 τοῦ
1805 601 1921 653 ἐτε-

310 706 311 715 ι
347 679 564 748 ροφυῶς
591 681 761 752 αὐτὴν
790 682 905 753 (79)
947 684 1093 755 ἔχειν
1124 687 1222 756 οὐχ
1263 687 1668 760 εὑρισκομένην
1691 729 1709 754 ,
1758 690 1919 745 ἄλλου

342 768 400 821 δὲ
426 768 643 834 οὐδενὸς
667 773 726 826 έν
754 772 833 844 τῷ
869 774 1062 846 κόσμῳ
1093 774 1244 839 ὄντος
1282 777 1418 847 (80),
1458 779 1516 831 ὲν
1553 770 1598 845 ᾧ
1630 778 1826 847 γένοιτ’
1854 779 1921 833 ἂν

344 861 379 928 ή
401 858 551 931 ψυχὴ
569 861 920 933 καταλλήλως
942 864 1056 935 (81)
1075 868 1143 937 τῇ
1173 865 1280 937 ἰδίᾳ
1302 865 1461 935 φύσει
1490 866 1918 937 έμϐιοτεύουσα;

349 950 417 1003 ’0
445 951 506 1003 δὲ
547 953 770 1025 μηδαμῆ
803 954 917 1025 (8‘2)
954 956 1122 1018 ἔστιν,
1158 956 1278 1010 οὐδέ
1309 956 1420 1030 (85)
1450 958 1567 1012 ἐστι
1595 956 1832 1023 πάντως.

2019 519 2143 575 est,
2183 512 2503 568 necessario
2537 524 2758 580 quoque
2796 509 3123 565 dissolubile
3159 516 3263 565 est.
3304 508 3375 562 At
3415 506 3599 564 disso-

2020 597 2159 653 lutio
2208 599 2497 669 corruptio
2535 608 2623 654 est
2659 597 2820 668 ejus,
2860 597 3006 666 quod
3058 597 3425 668 compositum
3471 604 3599 665 est;

2020 688 2169 758 quod
2198 697 2380 746 autem
2408 690 2810 761 corrumpitur,
2844 704 2955 743 non
2983 694 3068 744 est
3095 689 3439 755 immortale;
3472 703 3598 743 nam

2024 781 2274 851 alioquin
2305 796 2437 836 caro
2462 796 2684 851 quoque
2708 778 3037 834 immortalis
3062 778 3354 848 diceretur,
3390 785 3453 833 ut
3477 792 3600 848 quae

2030 869 2279 926 solvatur
2314 871 2371 927 in
2405 885 2469 928 ea
2514 886 2584 927 ex
2639 870 2842 941 quibus
2877 875 3114 924 constat.
3155 868 3250 923 Sin
3287 878 3467 925 autem
3500 869 3600 922 ali-

2031 961 2164 1033 quid
2190 962 2472 1018 diversum
2506 970 2591 1020 est
2620 963 2689 1019 ab
2715 962 3025 1028 elementis,
3057 961 3281 1016 ubinam
3310 961 3452 1016 ratio
3476 975 3598 1016 eam

344 1055 469 1097 esse
503 1045 693 1114 ponit,
727 1062 850 1117 quae
882 1047 939 1103 in
967 1048 1256 1106 elementis
1285 1050 1508 1121 quidem
1542 1060 1866 1123 propterea,
1903 1055 2051 1126 quod
2094 1056 2330 1113 diversae
2365 1065 2532 1129 atque
2565 1057 2796 1114 alterius
2825 1063 3036 1111 naturae
3063 1055 3171 1117 sit,
3209 1069 3319 1109 non
3350 1055 3599 1110 invenia-

345 1144 457 1198 tur,
506 1137 658 1193 aliud
696 1149 876 1195 autem
922 1141 1061 1196 nihil
1108 1145 1182 1198 sit
1230 1144 1286 1199 in
1336 1145 1580 1208 mundo,
1618 1146 1673 1201 in
1717 1162 1826 1218 quo
1863 1163 1989 1206 esse
2037 1150 2220 1207 anima
2252 1152 2470 1223 possit,
2521 1152 2914 1208 convenienter
2960 1159 3013 1207 et
3049 1149 3116 1204 ad
3151 1164 3307 1205 suam
3344 1158 3596 1205 naturam

344 1232 766 1287 accommodate
798 1232 1037 1321 vivens
1063 1232 1223 1300 Quod
1252 1243 1437 1310 autem
1484 1252 1757 1308 nusquam
1796 1246 1882 1297 est
1902 1279 1918 1307 ,
1959 1256 2030 1297 ne
2061 1256 2293 1313 prorsus
2318 1243 2538 1314 quidem
2567 1249 2673 1299 est.

414 1359 993 1434 Μ.Καὶὴδιδάσκαλος
1020 1368 1204 1440 ἠρέμα
1254 1372 1365 1434 τοῖς
1414 1372 1653 1443 ῥηθεῖσιν
1705 1374 1921 1428 ἐπιστε-

346 1447 588 1513 νάξασα,
648 1452 800 1524 Τάχα
843 1473 946 1509 που
1002 1458 1178 1515 ταῦτα
1230 1460 1325 1514 καὶ
1359 1461 1429 1516 τὰ
1466 1460 1711 1528 τοιαῦτα,
1760 1463 1915 1535 φησὶ,

2098 1370 2675 1456 M.Etmagistra,ubi
2738 1378 3022 1449 paululum
3083 1375 3252 1433 dictis
3300 1373 3597 1447 ingemuit»

2024 1476 2163 1524 set:
2218 1467 2344 1525 llaec
2410 1468 2856 1526 taliafortassis
2915 1469 3176 1525 adversus
3236 1467 3595 1539 Apostolum,

348 1537 490 1629 πρὸς
530 1538 623 1591 τδν
679 1541 990 1599 Ἀπόστολαν
1033 1548 1092 1601 ὲν
1148 1547 1398 1619 Ἀθήναις
1448 1550 1578 1602 ποτὲ
1630 1553 1915 1616 συστάντες

2031 1559 2232 1629 inquit,
2286 1560 2417 1614 olim
2452 1559 2682 1616 Athenis
2720 1568 2983 1615 coeuntes
3039 1558 3212 1614 Stoici
3250 1537 3307 1614 et
3342 1554 3597 1627 Epicurei

351 1627 656 1701 προέφερον
685 1630 795 1703 (84)
818 1635 1047 1690 Στωϊκοί
1066 1655 1124 1691 τε
1146 1639 1240 1692 καὶ
1275 1639 1494 1693 Ἐπικού
1506 1658 1658 1712 ρειοι.
1688 1643 1797 1696 Καὶ
1814 1642 1923 1713 γὰρ

348 1717 536 1772 ἀκούω
578 1722 711 1792 πρὸς
773 1723 946 1779 ταῦτα
1008 1727 1240 1798 μάλιστα
1291 1730 1382 1784 τὸν
1442 1731 1759 1804 Ἐπίκουρον
1804 1734 1924 1796 ταῖς

344 1810 649 1881 ὑπολήψεσι
704 1816 996 1887 φέρεσθαι,
1038 1820 1115 1884 ὡς
1161 1821 1272 1891 (85)
1303 1823 1498 1894 τυχαία
1545 1824 1659 1896 (86)
1703 1840 1789 1887 τις
1831 1824 1924 1878 καὶ

342 1903 653 1974 αὐτόματος
682 1909 716 1978 ἡ
750 1909 858 1962 τῶν
885 1910 1054 1965 ὄντων
1083 1913 1354 1987 ὑπενοήθη
1387 1914 1497 1988 (87)
1520 1915 1698 1985 φύσις,
1734 1916 1811 1980 ὼς
1834 1917 1923 1969 οὐ-

342 1992 537 2065 δεμιᾶς
583 1999 839 2069 προνοίας
891 2000 1001 2073 (88)
1043 2002 1131 2057 διὰ
1172 2003 1280 2058 τῶν
1320 2005 1660 2077 πραγμάτων
1706 2006 1922 2079 διηκού-

345 2099 447 2150 σης
471 2084 607 2155 (89).
645 2088 756 2142 Καὶ
790 2088 877 2143 διὰ
904 2090 1059 2154 τοῦτο
1087 2093 1228 2147 κατὰ
1260 2094 1320 2148 τὸ
1363 2096 1653 2150 ἀκόλουθον
1689 2099 1784 2150 καὶ
1822 2099 1923 2169 τὴν

341 2174 693 2247 ἀνθρωπίνην
731 2179 876 2250 ζωὴν
898 2184 1243 2255 πομφόλυγος
1269 2187 1381 2256 (90)
1404 2186 1560 2257 δίκην
1583 2186 1721 2258 ᾤετο
1746 2188 1880 2241 πνεύ
1898 2218 1915 2228 -

347 2267 476 2335 ματί
498 2286 605 2322 τινι
641 2269 866 2339 (91)τοῦ
896 2274 1147 2346 σώματος
1184 2276 1344 2348 ἡμῶν
1372 2278 1755 2351 περιταθέντος
1783 2277 1918 2352 (92),

342 2358 447 2421 ἕως
480 2359 548 2412 ἂν
595 2363 994 2435 περικρατῆται
1022 2365 1082 2419 τὸ
1115 2367 1330 2439 πνεῦμα
1358 2368 1436 2438 τῷ
1486 2369 1812 2440 περιέχοντι,
1851 2374 1919 2444 τῇ

340 2450 399 2503 δὲ
426 2450 727 2505 διαπτώσει
760 2453 853 2507 τοῦ
891 2453 1055 2524 ὄγκου
1096 2458 1190 2511 καὶ
1215 2458 1276 2512 τὸ
1307 2460 1773 2531 έναπειλημμένον
1803 2462 1917 2535 (95)

345 2543 945 2609 συγκατασὸέννυσθαι.
996 2548 1159 2618 Ὅρος
1188 2549 1296 2620 γὰρ
1323 2550 1496 2621 τούτῳ
1540 2551 1651 2622 (9-1)
1686 2552 1783 2623 τῆς
1812 2554 1921 2607 τῶν

341 2633 513 2688 ὄντων
534 2634 754 2703 φύσεως
776 2636 887 2707 (95)
913 2639 974 2692 τὸ
1004 2640 1326 2711 φαινόμενον
1352 2641 1465 2715 (96)
1493 2639 1582 2715 ἦν,
1604 2643 1698 2697 καὶ
1722 2644 1920 2717 μέτρον

340 2725 440 2795 τῆς
451 2725 546 2779 τοῦ
566 2727 764 2790 παντὸς
780 2729 1132 2801 καταλήψεως
1150 2733 1382 2787 ἐποιεῖτο
1397 2734 1496 2805 τὴν
1512 2734 1762 2806 αἴσθησιν
1784 2735 1917 2807 (97),

347 2817 612 2887 μεμυκὼς
642 2821 953 2875 παντάπασι
990 2822 1058 2876 τὰ
1090 2822 1189 2896 τὴς
1212 2824 1390 2896 ψυχῆς
1423 2825 1751 2899 αἰσθητήρια
1773 2869 1788 2891 ,
1820 2829 1920 2882 καὶ

343 2908 480 2979 πρὸς
499 2902 654 2963 οὐδὲν
677 2910 787 2964 τῶν
808 2912 1011 2983 νοητῶν
1031 2931 1089 2967 τε
1126 2917 1219 2968 καὶ
1240 2916 1545 2987 ἀσωμάτων
1576 2916 1793 2987 βλέπειν
1810 2912 1922 2982 οἷός
1947 2899 1991 2957 C

342 3016 401 3052 τε
433 2999 509 3054 ὢν
537 3001 671 3073 (98).
703 3001 891 3076 ὥσπερ
917 3006 945 3057 ὁ
974 3005 1084 3077 (99)
1120 3006 1345 3078 οἰκίσκῳ
1378 3008 1484 3061 τιν).
1524 3008 1920 3080 καθειργμένος

344 3091 454 3145 τῶν
484 3094 751 3164 οὐρανίων
782 3095 1073 3167 θαυμάτων
1107 3097 1333 3160 ἀθέατος
1360 3098 1508 3167 μένει
1533 3140 1548 3164 ,
1579 3103 1691 3163 τοῖς
1717 3099 1916 3171 τοίχοις

348 3184 444 3236 καὶ
472 3183 549 3253 τῷ
593 3184 772 3257 ὀρόφῳ
795 3186 930 3257 πρὸς
958 3186 1057 3258 τὴν
1087 3187 1193 3241 τῶν
1228 3187 1332 3253 ἔξω
1359 3187 1485 3243 θέαν
1520 3189 1597 3261 (1)
1628 3191 1915 3261 ἐμποδιζό-

349 3289 527 3343 μενος.
574 3274 836 3346 ’Δτεχνῶς
863 3277 971 3346 γὰρ
1004 3278 1181 3348 γήϊνοί
1218 3279 1364 3343 τινές
1391 3282 1497 3333 εἰσι
1533 3285 1701 3353 τοῖχοι
1738 3283 1807 3335 τὰ
1836 3283 1922 3338 al-

347 3362 519 3434 σθητά
551 3365 751 3430 πάντα,
781 3368 883 3421 ὅσα
912 3369 969 3420 ἐν
1001 3367 1079 3440 τῷ
1113 3371 1275 3424 παντὶ
1300 3370 1619 3443 καθορᾶται,
1648 3372 1785 3444 πρὸς
1816 3372 1917 3444 τὴν

343 3455 453 3509 τῶν
492 3457 701 3528 νοητῶν
738 3456 971 3530 θεωρίαν
1002 3459 1070 3514 δι’
1115 3460 1323 3517 ἑαυτῶν
1362 3462 1488 3527 τοὺς
1524 3463 1916 3536 μικροψυχοτέ-

2022 1650 2391 1721 proferebant.
2421 1650 2635 1708 Etenim
2663 1651 2826 1705 audio
2855 1651 2909 1705 in
2940 1650 3083 1704 hanc
3108 1648 3442 1705 sententiam
3466 1646 3597 1715 Epi-

2023 1757 2214 1799 curum
2249 1743 2487 1798 maxime
2518 1743 2573 1796 in
2615 1740 2970 1812 opinionibus
3013 1739 3148 1796 ferri
3198 1748 3253 1795 et
3304 1737 3592 1799 inclinari,

2022 1831 2169 1905 quod
2195 1848 2327 1888 casu
2361 1848 2426 1889 ac
2452 1833 2682 1888 fortuito
2711 1847 2990 1887 concursu
3023 1830 3263 1901 quodam
3292 1845 3394 1901 per
3421 1844 3482 1885 se
3501 1842 3597 1885 ex-

2022 1923 2222 1978 stiterit
2257 1931 2422 1994 atque
2453 1922 2645 1979 eﬂeeta
2677 1924 2751 1978 sit
2792 1938 2976 1978 rerum
3006 1928 3225 1987 natura,
3256 1919 3416 1991 quasi
3445 1916 3594 1972 nulla

2022 2013 2366 2082 providentia
2397 2027 2494 2083 per
2523 2027 2614 2068 res
2644 2018 2988 2083 pertranseat
3020 2018 3075 2066 et
3108 2017 3351 2081 permeet
3376 2026 3392 2074 ;
3423 2014 3478 2063 et
3510 2006 3595 2061 id-

2022 2102 2173 2156 circo
2212 2116 2309 2171 per
2349 2115 2699 2171 consequens
2739 2099 3035 2153 humanam
3073 2110 3293 2168 quoque
3331 2095 3496 2151 vitam
3535 2095 3595 2149 in

2021 2192 2244 2248 modum
2280 2191 2444 2247 bullas
2473 2192 2702 2261 putabat
2732 2189 2930 2259 spiritu
2960 2187 3196 2258 quodam
3235 2200 3466 2256 corpore
3494 2199 3595 2240 no-

2022 2291 2138 2339 stro
2180 2282 2403 2351 inﬂato,
2448 2296 2573 2337 esse
2611 2281 2802 2335 tandiu
2825 2320 2840 2345 ,
2884 2278 3133 2349 quandiu
3161 2276 3511 2333 cohiberetur
3540 2283 3595 2331 et

2022 2383 2373 2431 coerceretur
2402 2372 2634 2444 spiritus
2673 2372 2741 2427 ab
2781 2385 2909 2426 aere
2929 2410 2945 2438 ,
2976 2384 3086 2440 quo
3119 2368 3433 2423 continetur
3463 2382 3480 2424 :
3515 2366 3594 2420 si-

2021 2466 2133 2521 mul
2166 2472 2349 2519 autem
2383 2472 2548 2533 atque
2578 2471 2760 2516 tumor
2789 2460 2879 2517 ille
2907 2460 3187 2528 collapsus
3216 2465 3268 2512 et
3293 2455 3597 2511 dissolutus

2020 2563 2203 2619 esset,
2232 2554 2285 2609 id
2311 2554 2458 2625 quod
2488 2556 2638 2609 intus
2662 2551 2963 2606 cohibitum
2992 2556 3046 2604 et
3077 2549 3438 2616 interceptum
3464 2543 3597 2601 fuis-

2021 2654 2140 2709 set,
2183 2645 2482 2715 exstingui.
2515 2641 2811 2697 Terminus
2841 2637 2987 2693 enim
3038 2637 3089 2691 ei
3134 2650 3200 2690 ac
3244 2635 3372 2690 linis
3407 2649 3595 2689 rerum

2020 2743 2232 2791 natura:
2264 2735 2319 2790 id
2340 2774 2355 2798 ,
2383 2734 2530 2805 quod
2556 2736 2881 2801 appareret,
2910 2737 3026 2783 erat
3045 2769 3061 2794 ,
3095 2733 3149 2783 et
3179 2727 3402 2781 modum
3441 2739 3595 2780 com-

2022 2825 2404 2899 prehensionis
2438 2838 2620 2880 rerum
2657 2820 3034 2876 universitatis
3070 2832 3295 2874 sensum
3334 2830 3460 2874 esse
3491 2832 3595 2886 pu-

2025 2919 2211 2983 tabat,
2253 2924 2473 2973 etcum
2513 2914 2703 2971 clausa
2752 2911 2973 2982 penitus
3026 2919 3082 2965 et
3140 2909 3337 2963 obtusa
3396 2905 3598 2961 habeat

2025 3011 2222 3065 animae
2262 3022 2522 3065 sensuum
2561 3020 2693 3061 vasa
2732 3011 2897 3072 atque
2933 3001 3333 3065 instrumenta,
3372 3004 3426 3053 et
3459 2997 3598 3052 nihil

2021 3117 2214 3159 eorum
2237 3140 2253 3166 ,
2284 3116 2406 3170 quae
2432 3101 2757 3168 incorporea
2786 3101 2950 3157 sunt,
2980 3099 3035 3147 et
3065 3099 3247 3146 mente
3278 3088 3596 3160 percipiun-

2023 3202 2132 3260 tur,
2166 3191 2367 3247 intueri
2406 3187 2619 3262 possit,
2660 3184 2996 3242 domuncula
3031 3180 3281 3253 quaedam
3320 3181 3597 3237 coercitus

2019 3292 2074 3339 et
2104 3283 2432 3345 abstrusus,
2460 3294 2660 3351 expers
2691 3277 2987 3349 spectaculi
3014 3274 3322 3332 cmlestium
3356 3271 3597 3326 miracu-

2017 3374 2197 3429 lorum
2235 3379 2457 3438 manet,
2496 3370 2799 3442 parietibus
2834 3375 2889 3424 et
2925 3377 3069 3423 tecto
3102 3362 3469 3434 contemplari
3500 3377 3597 3416 ex-

2023 3471 2180 3519 terna
2215 3460 2551 3534 prohibitus.
2588 3456 2725 3512 Nam
2761 3457 2931 3514 terrei
2963 3456 3188 3527 quidam
3222 3454 3385 3524 plane
3415 3450 3596 3522 parie-

374 3654 531 3743 .(78)
555 3657 754 3743 ρῦζως
798 3674 865 3728 γε
922 3656 1018 3714 ἄν.
1075 3657 1175 3716 Ms.
1231 3650 1276 3712 Ᾱ
1309 3658 1366 3713 in
1421 3659 1666 3730 margine
1705 3657 1926 3716 exhibet
2016 3656 2449 3743 ‘ad_ma'rgilnem‘
2484 3653 2748 3743 editionis
2784 3653 2913 3743 ιι,ηηί
2944 3651 3082 3707 1658
3122 3649 3596 3743 ίίθΔέΔῖηίηθιθῙΕἰ·

344 3727 486 3779 οὕτω
515 3727 622 3796 γὰρ
652 3728 735 3781 ἄν.

419 3796 535 3868 (79)
570 3801 610 3850 Α
630 3798 786 3862 ὺτήν
814 3797 958 3868 delet
980 3812 1083 3853 ms.
1114 3806 1431 3868 utrumque.

419 3867 532 3939 (80)
589 3869 845 3939 Ἀλλουί
869 3866 938 3921 δὲ
982 3868 1230 3936 οὐδενὸς
1273 3866 1342 3923 ἐπὶ·
1372 3867 1453 3934 τῷ
1488 3870 1694 3939 κόσμῳ
1719 3869 1913 3936 ὄντος.

346 3934 850 4011 123I_i_t.'_anni__1615
894 3939 1062 4011 habet
1083 3934 1290 4011 (ὅντως,
1326 3940 1494 4011 male.
1533 3934 1636 3996 Ms.
1668 3939 1711 3993 Β
1743 3934 1914 4011 legit:

345 4004 463 4078 ἁλλξ
492 4006 613 4069 οὐδὲ
638 4007 850 4078 οὐδενὸς
891 4007 1046 4078 ὅντος
1078 4010 1135 4061 ὲν
1157 4007 1235 4078 τῷ
1275 4008 1492 4078 κόσμῳ.

416 4077 529 4147 (81)
549 4077 975 4145 Καταλλήλως.
996 4077 1098 4134 Ms.
1122 4078 1163 4131 B
1181 4077 1309 4149 legit
1330 4077 1681 4150 κατάλληλος.
1702 4077 1921 4134 Utrum-

385 4163 449 4201 ue
482 4154 649 4200 recte.

346 4163 449 4218 que
482 4163 649 4200 recte.

418 4216 531 4288 (8g)
554 4215 829 4288 Mn§qy_ﬁ.
865 4217 964 4288 Ms.
991 4217 1036 4269 Α
1061 4216 1329 4288 μηδαμοῦ,
1354 4217 1393 4271 Β
1415 4217 1671 4288 οὐδαμοῦ.

418 4235 531 4284 (az;
554 4235 829 4339 mnoayg.
865 4235 964 4271 ms.
991 4235 1036 4269 Α
1061 4235 1329 4288 μηοαμου,
1355 4235 1393 4271 b
1415 4235 1671 4288 ουοαμου.

416 4286 531 4352 (85)
563 4284 730 4338 Οῠδέ.
811 4303 856 4341 s.
881 4287 920 4339 Β
940 4288 1066 4353 legit
1094 4287 1245 4341 οὐδέν
1264 4288 1453 4342 eodem
1489 4303 1675 4343 sensu.

345 4354 924 4481 diégﬂigfoésospor.
963 4356 1065 4414 Ms.
1095 4359 1141 4411 A
1180 4356 1535 4429 προσέφερον,
1581 4371 1749 4413 sensu
1803 4372 1915 4413 non

386 4441 628 4481 ISSIIIIIII.

413 4494 529 4563 (85)
568 4495 685 4560 Ὣς.
715 4491 810 4549 Sic
844 4496 1102 4568 rescripsi
1129 4510 1231 4568 pro
1256 4488 1322 4566 ᾧ,
1345 4496 1576 4567 jubente
1618 4511 1722 4553 ms.
1762 4503 1914 4552 utro-

347 4582 472 4621 01.18.

416 4634 527 4706 (86)
561 4632 808 4706 Τυχαία.
834 4634 914 4691 lta
942 4642 1090 4692 recte
1124 4636 1258 4692 edit.
1283 4637 1412 4692 anni
1434 4636 1594 4704 1658,
1644 4636 1787 4692 male
1833 4635 1915 4691 alo

350 4712 462 4761 tera
489 4712 710 4773 ταχαια.

558 4774 930 4849 ξγΥπεεξοήθῃ.
954 4774 1057 4849 Ms.
1079 4775 1122 4830 Α
1155 4778 1443 4849 ἐπενοήθη.

414 4846 530 4916 (88)
548 4846 861 4920 Προνοίας.Δ
875 4844 974 4901 Ms.
992 4848 1036 4899 A
1054 4846 1312 4920 mendose
1332 4844 1628 4920 παρανοίας
1653 4846 1710 4901 in
1732 4852 1912 4900 textu:

347 4924 402 4970 at
426 4915 582 4987 recte
605 4920 659 4968 in
692 4915 939 4987 margine
960 4917 1236 4987 προνοίας.

414 4986 529 5056 (89)
565 4986 922 5053 Διηκούσης.
951 4986 1028 5040 Ita
1064 4987 1417 5044 scribendum
1469 4996 1555 5043 est
1594 5001 1719 5043 cum
1774 4992 1910 5047 edit.

350 5055 484 5129 1658
537 5064 601 5129 et
642 5070 776 5109 mss.
819 5071 918 5129 pro
939 5056 1245 5129 διοικορσῃς
1277 5058 1480 5129 prioris
1519 5058 1687 5113 illius.
1723 5058 1916 5117 Sermo

342 5127 487 5250 capi?)
507 5125 640 5250 tehic
685 5135 772 5181 est
819 5126 888 5181 de
934 5125 1294 5198 providentia
1328 5127 1536 5201 divina,
1580 5130 1763 5186 omnia
1787 5147 1915 5203 per-

401 5212 428 5250 e
469 5212 502 5250 n
568 5235 581 5247 .

345 5211 581 5250 meante.

415 5265 526 5342 (εἴθ)
575 5261 987 5342 Πομερόλυγος.
1027 5264 1090 5342 In
1116 5268 1266 5342 calce
1301 5267 1424 5324 cod.
1461 5282 1563 5342 ms.
1594 5266 1639 5322 Α
1665 5287 1916 5342 παραση..

348 5334 598 5428 μειωσεις
612 5334 779 5428 τινές.
799 5352 893 5392 seu
941 5337 1139 5428 notatae
1164 5339 1435 5428 leguntur,
1472 5334 1820 5428 lintervquas'
1846 5334 1916 5396 a'd

346 5406 507 5501 Ιιιιηιξ1
506 5420 693 5460 vocem
715 5406 818 5501 ista:
836 5417 1144 5501 accurrunt
1175 5427 1205 5501 τ’
1219 5406 1295 5463 Ἦ
1311 5407 1590 5501 πομφόλυξ
1607 5406 1749 5501 οὕτω
1764 5410 1913 5501 γίνεο

346 5490 424 5501 -.η
509 5475 784 5501 ..ιλιι-ι-.-
856 5495 864 5501 .
901 5493 975 5501 ..Α
997 5493 1179 5501 _--._-
1209 5496 1350 5501 -.Α-..μ
1397 5499 1410 5501 ,
1444 5500 1447 5501 ,
1486 5498 1536 5501 η-
1558 5497 1594 5501 Α.
1653 5479 1849 5501 1.---Ᾱηέμ

343 5475 741 5557 ταμξῐνεύματι
756 5474 816 5528 τὸ
836 5474 978 5557 ὓρωρ
995 5474 1452 5557 περιτείνεται,οὗ
1475 5474 1917 5557 περιρρηγνυμέ-

347 5561 434 5626 seu
465 5545 802 5626 διαφορεῖται
829 5546 889 5599 τὸ
911 5545 1147 5626 πνεῦμα,
1170 5550 1282 5626 κα).
1309 5552 1344 5620 ὴ
1364 5545 1672 5626 ,πομφὸλυξ
1698 5545 1916 5626 ’ᾇφανί-

350 5614 520 5680 (erat,
545 5613 695 5670 τοῦτ’
732 5613 877 5672 ἐστιν
903 5618 939 5687 ἡ
972 5613 1140 5690 ψυχή.
1170 5613 1344 5677 Video
1362 5613 1502 5680 idem
1518 5613 1635 5678 'hoc
1656 5613 1918 5677 scholion

2016 3727 2135 3783 beri
2166 3747 2180 3783 :
2216 3720 2376 3781 Bulla
2408 3727 2486 3780 ita
2512 3725 2760 3779 exsistit:
2786 3723 2922 3792 ﬂatu
2935 3738 3074 3792 aqua
3105 3720 3333 3792 undique
3366 3720 3596 3775 intendi-

2022 3806 2131 3862 tur,
2153 3813 2258 3864 qua
2293 3803 2566 3863 rumpente
2606 3791 3145 3864 ﬂatus'dissipalur,
3185 3801 3242 3864 et
3282 3791 3429 3845 bulla
3475 3807 3597 3864 evo-

2019 3860 2299 3923 neseit.lta
2336 3860 2457 3922 alia:
2484 3860 2704 3934 quoque
2732 3860 3198 3934 annotatiunculze
3230 3860 3284 3915 in
3315 3862 3598 3934 sequenti-

2024 3938 2128 3993 bus
2147 3954 2213 3993 ex
2238 3938 2362 3993 cod.
2391 3937 2437 3990 A
2457 3933 2775 4001 aﬂ‘ere’ntur,
2804 3948 3035 4004 quarum
3059 3933 3257 4004 pleraeq
3267 3946 3333 3988 ue
3352 3933 3421 3986 ad
3442 3945 3594 3987 oram

2023 4007 2283 4063 editionis
2310 4007 2515 4060 Latinae
2543 4013 2781 4060 exstant.

2121 4079 2210 4132 91)
2247 4080 2365 4131 Τινι
2399 4075 2581 4129 addidi
2617 4090 2682 4128 ex
2709 4088 2811 4127 ms.
2845 4069 2909 4126 B.

2121 4080 2179 4132 91
2247 4080 2365 4131 Τινι
2399 4080 2581 4129 addidi
2617 4090 2682 4128 ex
2709 4088 2811 4127 ms.
2846 4080 2909 4126 Β.

2121 4080 2212 4217 92)
2230 4145 2678 4217 Περιταθέντος.
2698 4142 2789 4199 Sic
2811 4140 3163 4217 scribendum
3179 4139 3364 4217 putavi
3385 4153 3485 4210 pro
3500 4156 3597 4193 πε-

2021 4210 2344 4286 ριτεθέντος.
2374 4215 2566 4271 Sermo
2591 4214 2736 4268 enim
2768 4219 2852 4266 est
2875 4210 3433 4286 de_corpore_spiritu_
3454 4224 3596 4279 quo-

2030 4279 2154 4341 dam
2184 4279 2391 4350 inﬂato,
2418 4293 2472 4340 et
2500 4286 2580 4338 sic
2607 4291 2834 4337 extenso
2854 4296 2920 4334 ac
2940 4279 3185 4334 dilatato.
3205 4279 3402 4335 vocem
3422 4280 3596 4348 ipsam

2028 4370 2092 4409 ex
2127 4354 2465 4428 περιταννὺω
2509 4354 2593 4408 vel
2630 4352 2984 4422 περιτάννυμι
3023 4350 3322 4405 derivatam
3358 4356 3594 4403 constat.

2022 4424 2180 4478 Edita
2229 4427 2432 4478 habent
2480 4420 2877 4478 περιτεθέντος.
2938 4418 3043 4474 Ms.
3088 4418 3130 4471 B
3173 4418 3592 4478 παρατεθέντος.

2026 4427 2432 4482 Ειιίιαιιτὶὺοῐιι
2480 4427 2877 4494 περιτεθέντος.
2938 4427 3043 4474 Ms.
3088 4427 3130 4471 Β
3173 4427 3592 4493 παρατεθέντος.

2026 4494 2298 4565 Utrinqne
2329 4494 2611 4548 mendose.
2671 4557 2683 4565 _
2859 4557 2880 4565 α
3222 4559 3236 4565 _
3310 4557 3440 4565 ___

2097 4557 2815 4635 (95)”Εναπειλημμέγον.
2859 4557 2940 4612 lta
2982 4567 3130 4616 recte
3172 4559 3260 4614 ed.
3303 4557 3465 4621 1658,
3496 4572 3597 4627 pro

2020 4631 2496 4706 ἐναπειλημμένην
2535 4633 2593 4706 in
2628 4631 2830 4706 priore.

2087 4705 2206 4785 (94)
2264 4695 2476 4769 Τὸύτῳζ
2534 4695 2647 4757 Sic'
2680 4696 2880 4771 scripsi
2927 4711 2998 4753 ex
3046 4714 3152 4756 ms.
3215 4695 3257 4749 B
3303 4711 3404 4766 pro
3448 4696 3598 4751 edito

2022 4792 2211 4915 “(33)
2247 4843 2368 4899 Τῶν
2396 4842 2587 4915 ὄντων
2641 4839 2906 4915 φύσεως·ἒ
2941 4835 3034 4915 Sic
3068 4834 3374 4915 scripsich
3416 4849 3521 4890 ms.

2022 4905 2121 4983 pro
2149 4905 2259 4980 τ’”’ς
2286 4914 2472 4980 ὅντως
2500 4905 2714 4982 φύσεως
2756 4907 2907 4977 quod
2943 4911 3030 4960 est
3083 4906 3138 4960 in
3174 4905 3416 4960 editione
3466 4905 3595 4959 anni

2023 4933 2486 5040 1615.111’osterior
2508 4983 2638 5040 legit
2673 4980 2863 5040 ὄντων,
2901 4973 2999 5030 sed
3028 4975 3147 5030 sine
3163 4976 3416 5029 articulo.

2100 4998 2184 5039 15.
2208 4998 2486 5040 Posterior
2508 4998 2638 5053 legit
2673 4998 2863 5041 οντων,
2901 4998 2999 5030 seu
3028 4998 3147 5030 sum
3163 4998 3416 5029 anteum.

2094 5053 2206 5125 (96)
2239 5054 2311 5125 Τὸ
2340 5056 2722 5125 φαινόμενον.
2756 5045 2860 5101 Ms.
2980 5044 3034 5098 in
3066 5053 3215 5125 textu
3248 5045 3414 5125 habet
3452 5042 3597 5111 γινό-

2025 5112 2205 5196 μενον,
2236 5123 2290 5178 in
2324 5112 2581 5196 (margine
2607 5134 2739 5175 vero
2768 5112 3062 5196 genuinam
3097 5115 3259 5196 illam_
3284 5114 3591 5196 lectionem:

2094 5180 2206 5318 (97)
2269 5194 2392 5277 Τὴν
2437 5180 2746 5260 ιῖῖσθησιν.
2770 5180 2834 5240 In
2875 5183 3119 5255 margine
3161 5183 3283 5240 cod.
3318 5183 3364 5238 A
3399 5180 3597 5265 scholii

2094 5280 2141 5318 ιο
2199 5273 2410 5318 emtur:
2448 5262 2718 5317 τουτέστιν
2744 5257 2777 5318 ἠ
2806 5251 2973 5318 ψυχή.

2022 5251 2141 5322 Ιορό
2180 5251 2410 5335 legitur:
2448 5251 2718 5335 τουτέστιν
2744 5251 2989 5335 ήιψυχή..

2116 5335 2182 5390 98
2226 5324 2362 5401 ora;
2383 5351 2447 5388 τε
2480 5332 2571 5387 ὃν.
2600 5324 2947 5385 Sicscribere
2969 5324 3131 5394 jubet
3152 5339 3257 5381 ms.
3275 5330 3593 5393 utrumque.

2116 5337 2204 5477 9θέ
2255 5405 2318 5477 ὀ
2347 5403 2644 5477 anserum
2681 5410 2816 5477 "3&8-
2847 5464 2899 5477 -.
3064 5464 3116 5477 ..
3229 5466 3246 5477 .
3391 5463 3407 5477 .

2114 5403 2204 5461 99)
2255 5405 2318 5459 '0
2347 5403 2553 5459 inserui
2577 5415 2644 5455 ex
2681 5410 2816 5452 mss.

2094 5457 2499 5545 (UIIIpdc—rﬁr
2535 5469 2655 5526 τῶν
2694 5466 2809 5535 ἔξω
2838 5464 3000 5522 θέαν.
3064 5464 3167 5523 Ms.
3217 5466 3264 5519 A
3312 5463 3449 5535 πρὸς
3497 5457 3599 5531 τὴν

2037 5544 2261 5615 ἔξωθεν,
2297 5544 2580 5601 mendose.
