3950 6132
343 190 419 250 2‘5

1565 189 1621 246 ὃ.
1662 188 1990 246 GREGORII
2045 189 2332 253 NYSSENI

3541 207 3626 263 26

346 322 428 370 tes
463 321 596 370 sunt
629 315 849 381 omnia,
886 329 1007 385 qua
1053 313 1110 369 in
1160 313 1519 371 universitate
1570 329 1754 373 rerum
1799 316 1903 372 sub

2029 331 2136 377 me;
2172 314 2249 385 (2)
2275 313 2712 385 διατειχίζοντες.
2758 316 2865 386 Γῆν
2909 317 2938 369 ὁ
2982 315 3221 382 τοιοῦτος
3264 316 3451 389 βλέπει
3494 320 3600 391 μό-

346 421 571 460 sensum
604 405 860 471 cadentia
891 405 1338 477 conspiciuntur,
1374 405 1557 461 minus
1586 407 1697 461 alto
1732 409 1919 466 animo

346 495 591 565 praeditis
624 496 787 566 quasi
820 497 1029 567 pariete
1057 484 1156 566 per
1189 511 1314 551 sese
1348 496 1565 566 objecto
1598 512 1789 551 earum
1826 514 1918 555 re-

346 601 504 649 rum,
556 602 680 654 quae
727 592 909 640 mente
959 593 1129 656 atque
1175 585 1539 657 intelligentia
1593 598 1918 656 cernuntur,

345 691 512 731 causa
567 675 1013 746 contemplationi
1069 674 1359 732 otﬁcientia
1388 685 1443 733 et
1468 678 1760 734 obstantia.
1789 679 1922 736 Ter-

344 780 496 829 ram,
519 766 613 837 qui
634 768 761 820 talis
779 775 898 833 est,
924 781 1125 836 aquam
1147 807 1163 832 ,
1192 782 1404 833 aerem,
1440 767 1623 839 ignem
1655 770 1922 826 duntaxat

258 871 265 878 '
342 858 632 927 intuetur;
673 861 817 915 unde
861 868 1044 916 autem
1083 860 1282 915 horum
1330 862 1761 933 unumquodque
1804 863 1917 930 sit,

352 958 438 1004 aut
474 958 573 1021 per
606 949 756 1020 quod
781 993 797 1017 ,
838 959 934 1006 aut
962 966 993 1005 a
1026 966 1136 1020 quo
1170 961 1517 1020 coerceatur,
1556 956 1920 1025 comprehen-

340 1042 502 1096 datur
540 1049 596 1099 et
641 1043 1016 1110 contineatur,
1068 1044 1385 1114 perspicere
1424 1060 1540 1115 pra:
1576 1046 1745 1101 animi
1797 1048 1918 1102 exi-

339 1135 547 1203 guitate
577 1146 686 1191 non
721 1143 925 1206 potest.
955 1136 1031 1191 Ac
1065 1144 1273 1192 vestem
1302 1136 1521 1207 quidem
1559 1138 1761 1209 aliquis
1789 1153 1920 1193 con-

340 1226 620 1296 spicatus,
679 1228 986 1284 rationibus
1043 1242 1110 1284 eo
1164 1230 1476 1294 adducitur,
1534 1238 1596 1284 ut
1649 1238 1916 1286 textorem

339 1327 647 1388 agnoscat;
679 1334 792 1389 per.
814 1334 1006 1375 navem
1042 1320 1432 1375 fabricatorem
1467 1319 1589 1392 ejus
1624 1320 1914 1393 intelligit,

340 1411 581 1479 itemque
610 1411 778 1465 simul
805 1421 971 1481 atque
997 1412 1292 1467 aedificium
1320 1422 1681 1481 conspectum
1713 1412 1914 1477 fuerit,
1933 1416 1947 1423 ‘

339 1515 536 1558 manus
565 1503 778 1576 opiﬁcis
807 1505 1175 1575 spectantium
1213 1506 1382 1560 menti
1416 1506 1745 1563 obversatur
1775 1526 1788 1563 :
1822 1505 1917 1561 isti

337 1607 468 1647 vero
493 1592 622 1647 dum
651 1595 913 1651 mundum
943 1597 1249 1662 intuentur,
1287 1596 1355 1652 ad
1387 1612 1513 1653 eum
1536 1638 1551 1663 ,
1584 1598 1679 1669 qui
1713 1613 1812 1669 per
1848 1600 1915 1654 il-

2022 422 2120 476 νην
2152 405 2227 476 (5)
2246 446 2262 470 ,
2289 405 2382 460 καὶ
2412 405 2576 477 ὕδωρ,
2604 409 2698 461 καὶ
2725 408 2895 479 ἀέρα,
2929 409 3023 463 καὶ
3059 408 3173 482 πῦρ
3192 427 3206 441 ⁸
3233 409 3356 467 ὅθεν
3388 412 3447 466 δὲ
3477 413 3620 466 τού-

2022 515 2129 553 των
2170 497 2417 565 ἕκαστον,
2451 498 2487 568 ἢ
2527 500 2588 553 έν
2616 499 2721 554 τίνι
2753 499 2923 567 ἐστὶν,
2949 500 2984 572 ἢ
3018 502 3122 555 ὑπὸ
3160 502 3307 566 τίνος
3342 502 3418 576 (4)
3446 521 3622 574 περι-

2022 591 2321 659 κρατείται,
2350 588 2536 643 διιδεῖν
2562 588 2667 643 ὑπὸ
2697 590 3061 662 μικροψυχίας
3103 591 3166 644 οὐ
3199 591 3446 647 δύναται.
3484 593 3612 646 Καὶ

2025 678 2237 749 ἱμάτιον
2269 679 2370 750 μέν
2407 680 2484 752 (5)
2512 697 2599 742 τις
2650 680 2772 734 ἰδὼν
2815 680 2909 735 τὸν
2940 682 3184 753 ὑφάντην
3215 682 3580 752 ἀνελογίσατο
3600 723 3619 749 δ

2021 776 2116 825 καὶ
2158 770 2246 825 διὰ
2273 772 2375 841 τῆς
2415 773 2543 845 νηὸς
2576 772 2651 844 (6)
2682 774 2774 829 τὸν
2811 762 3087 846 ναυπηγὸν
3122 777 3440 848 ἐνενόησεν,
3466 777 3501 847 ἦ
3546 792 3618 830 τε

2020 862 2185 917 αὐτοῦ
2219 863 2497 935 οἰκοδόμου
2524 864 2647 936 χεὶρ
2672 865 2806 936 ὁμοῦ
2839 869 2906 939 τῇ
2947 867 3039 921 τοῦ
3077 867 3507 940 οἰκοδομήματος
3521 868 3616 937 (7)

2020 952 2138 1023 ὄψει
2166 956 2233 1025 τῇ
2257 954 2467 1027 διανοίᾳ
2496 954 2605 1010 τῶν
2637 956 2925 1029 θεωμένων
2950 959 3247 1028 ἐγγίνεται.
3275 961 3339 1013 Οί
3371 960 3430 1013 δὲ
3464 959 3612 1031 πρὸς

2018 1046 2111 1099 τὸν
2159 1047 2361 1117 κόσμον
2388 1046 2624 1118 ὁρῶντες
2652 1050 2789 1120 πρὸς
2816 1050 2906 1103 τὸν
2934 1050 3023 1105 διὰ
3061 1050 3267 1105 τούτων
3297 1050 3377 1123 (8)
3411 1050 3609 1127 δηλού-

2023 1153 2182 1207 μενον
2224 1137 2650 1207 ἀμϐ).υωποῦσιν
2699 1141 2798 1210 (9),
2829 1140 2953 1195 ὅθεν
2994 1141 3063 1195 τὰ
3114 1140 3253 1211 σοφὰ
3286 1140 3398 1215 (10)
3428 1143 3613 1199 ταῦτα

2020 1222 2121 1282 καῖ
2142 1227 2339 1299 δριμέα
2368 1229 2519 1301 παρὰ
2541 1230 2650 1285 τῶν
2673 1231 2766 1285 τὸν
2795 1232 3103 1303 ἀφανισμὸν
3131 1233 3311 1304 ψυχῆς
3334 1233 3611 1305 δογματι-

2019 1316 2219 1380 ζόντων
2247 1319 2598 1391 προφέρεταισ
2627 1319 2785 1391 σῶμα
2806 1322 2870 1375 ὲκ
2898 1323 3205 1394 στοιχείων,
3235 1323 3332 1377 καὶ
3358 1327 3611 1394 στοιχεῖα
3720 1334 3729 1341 ’

2019 1409 2083 1461 ὲκ
2131 1408 2381 1480 σώματος
2405 1453 2420 1479 ,
2470 1413 2564 1466 καὶ
2605 1413 2669 1467 τὸ
2703 1413 2778 1484 μὴ
2815 1412 3076 1470 δύνασθαι
3104 1415 3202 1485 τὴν
3245 1415 3427 1488 ψυχὴν
3474 1415 3610 1470 καθ’

2019 1500 2217 1572 ἑαυτὴν
2248 1497 2421 1570 εἶναι,
2452 1507 2501 1557 εί
2536 1506 2676 1581 μήτε
2708 1504 2912 1560 τούτων
2957 1524 3011 1565 τι
3046 1506 3130 1578 εἴη
3156 1546 3170 1573 ,
3214 1508 3350 1578 μήτε
3383 1510 3442 1561 ὲν
3483 1502 3612 1560 τού-

2021 1606 2155 1654 τοις.
2187 1591 2250 1644 El
2281 1591 2390 1664 γὰρ
2428 1593 2512 1647 ὄτι
2549 1593 2625 1664 μὴ
2664 1595 2910 1665 ὁμοφυὴς
2936 1597 3048 1658 τοῖς
3079 1595 3361 1666 στοιχείοις
3386 1596 3530 1648 ἐστὶν
3568 1597 3609 1666 ἡ

337 1685 449 1739 lum
485 1685 817 1754 declaratur,
845 1691 1144 1744 caecutiunt
1189 1701 1244 1746 et
1286 1690 1716 1760 hallucinantur.
1753 1691 1911 1747 Unde

2029 1679 2185 1752 ψυχὴ,
2216 1660 2304 1738 διὰ
2335 1660 2494 1737 τοῦτο
2527 1660 2641 1763 (iiii)
2672 1660 2905 1756 ουδαμοῦ
2937 1681 3077 1740 εἶναι
3111 1660 3280 1759 αὐτὴν
3311 1689 3360 1740 οἱ
3392 1660 3614 1741 ἀντιλέλ

336 1778 429 1844 fit,
461 1788 519 1833 ut
546 1781 686 1837 scita
720 1781 828 1837 ista
858 1792 1020 1837 acuta
1047 1788 1117 1838 ab
1147 1784 1234 1847 iis,
1262 1785 1359 1855 qui
1386 1786 1669 1841 interitum
1697 1793 1751 1841 et
1778 1787 1913 1842 abo~

335 1869 585 1927 litionem
613 1872 809 1928 anima
837 1875 953 1930 suis
979 1875 1219 1932 decretis
1250 1877 1506 1943 tradunt,
1536 1877 1910 1948 proferantur,

334 1976 537 2037 corpus
579 1964 842 2019 nimirum
892 1982 959 2022 ex
1001 1967 1330 2035 elementis,
1374 1976 1428 2026 et
1471 1971 1742 2026 elementa
1791 1986 1915 2027 esse

260 2090 267 2095 -
333 2069 397 2108 ex
432 2068 685 2127 corpore,
721 2055 850 2110 item
882 2057 1122 2110 animam
1156 2073 1251 2127 per
1281 2073 1403 2114 sese
1433 2074 1555 2114 csse
1583 2074 1691 2113 non
1728 2074 1911 2130 posse,

333 2145 439 2199 nisi
470 2146 555 2199 vel
584 2146 781 2201 horum
814 2147 1022 2217 aliquid
1043 2187 1058 2213 ,
1094 2148 1178 2203 vel
1212 2149 1265 2201 in
1296 2146 1382 2203 bis
1419 2148 1513 2204 sit.
1540 2146 1676 2202 Nam
1710 2149 1754 2204 si
1783 2164 1911 2220 pro-

333 2243 519 2305 pterea
569 2251 843 2306 nusquam
890 2252 1010 2293 eam
1061 2252 1187 2293 esse
1233 2237 1542 2293 adversarii
1590 2238 1909 2307 opinantur,

332 2324 481 2398 quod
526 2327 707 2392 anima
761 2342 871 2382 non
921 2328 994 2384 sit
1037 2327 1288 2397 ejusdem
1339 2329 1558 2398 generis
1606 2339 1660 2385 et
1704 2338 1914 2385 natura:

332 2432 459 2474 cum
488 2418 775 2475 elementis
802 2438 816 2483 ς
854 2419 908 2473 hi
945 2419 1184 2493 primum
1217 2419 1439 2496 quidem
1468 2420 1634 2475 etiam
1657 2461 1672 2486 ,
1704 2436 1827 2491 quae
1857 2421 1912 2476 in

332 2523 497 2565 carne
526 2506 766 2579 degitur,
804 2511 974 2566 vitam
1013 2511 1316 2569 inanimam
1349 2527 1472 2569 esse
1506 2513 1727 2568 tradant
1764 2517 1912 2585 (non

331 2600 477 2661 enim
507 2600 658 2654 aliud
684 2602 983 2672 quidquam
1011 2618 1214 2675 corpus
1246 2614 1369 2670 est,
1405 2612 1568 2676 atque
1601 2620 1911 2665 concursus

328 2692 785 2767 elementorum),
812 2709 946 2764 ergo
967 2710 1069 2750 nec
1092 2695 1148 2749 in
1171 2697 1259 2752 his
1279 2696 1499 2768 quidem
1524 2698 1762 2752 animam
1787 2714 1912 2753 esse

331 2783 561 2848 dicant,
602 2798 724 2857 quae
761 2798 859 2847 per
894 2798 1019 2839 sese
1057 2783 1295 2840 viviﬁcet
1333 2800 1456 2843 eam
1494 2787 1911 2842 concretionem

333 2882 500 2944 atque
528 2875 967 2935 commistionem
998 2893 1013 2930 ε
1053 2874 1327 2947 siquidem
1367 2875 1484 2931 fieri
1524 2878 1758 2947 posthac
1797 2892 1911 2931 non

2018 1787 2204 1838 γοντες
2242 1771 2471 1825 οἴονται·
2499 1765 2646 1826 οὗτοι
2687 1773 2903 1845 πρῶτον
2933 1776 3033 1846 μὲν
3073 1777 3167 1837 καὶ
3203 1777 3303 1848 τὴν
3342 1778 3401 1830 ἐν
3433 1777 3609 1848 σαρκὶ

2017 1860 2161 1934 ζωὴν
2191 1861 2397 1934 ἄψυχον
2423 1859 2561 1923 εἶναι
2597 1864 3095 1937 δογματιζέτωσαν.
3125 1867 3201 1921 Οὐ
3247 1868 3355 1939 γὰρ
3384 1868 3512 1923 ἄλλο
3544 1887 3606 1923 τι

2015 1956 2077 2010 τὸ
2117 1955 2277 2028 σῶμά
2307 1941 2476 2022 ἔστιν,
2517 1959 2566 2011 εί
2598 1958 2673 2031 μὴ
2704 1946 2975 2031 συνδρομὴ
3008 1959 3116 2012 τῶν
3168 1960 3447 2032 στοιχείων
3469 1978 3482 1991 ·
3518 1961 3611 2033 μὴ

2013 2047 2194 2102 τοίνυν
2227 2047 2350 2120 μηδ’
2380 2048 2438 2101 ὲν
2467 2047 2672 2113 τούτοις
2694 2050 2792 2125 τὴν
2818 2050 2995 2121 ψυχὴν
3019 2047 3157 2105 εἶναι
3185 2051 3496 2120 λεγέτωσαν
3525 2052 3601 2105 δι’

2016 2139 2215 2210 ἑαυτῆς
2258 2140 2627 2205 ζωοποιΟὖσαν
2674 2141 2785 2212 (19.)
2832 2141 2893 2194 τὸ
2939 2140 3254 2213 σύγκριμα’
3303 2142 3462 2213 εἴπερ
3494 2140 3607 2195 οὐκ

2015 2231 2131 2285 ἔστι
2164 2230 2302 2303 μετὰ
2332 2229 2506 2284 ταῦτα
2539 2231 2782 2295 δυνατὸν,
2815 2230 2999 2295 καθὼς
3039 2232 3239 2286 οίονται
3262 2270 3278 2297 ,
3306 2231 3418 2286 τῶν
3447 2242 3605 2285 στοιέ-

2014 2324 2175 2395 χείων
2206 2323 2373 2378 ὄντων
2398 2323 2492 2377 καὶ
2533 2323 2630 2394 τὴν
2666 2323 2842 2395 ψυχὴν
2883 2319 3044 2388 εἶναι,
3092 2322 3168 2387 ὡς
3193 2323 3361 2394 μηδὲν
3385 2323 3514 2378 ἄλλο
3565 2325 3606 2398 ἢ

2013 2414 2214 2486 νεκρὰν
2252 2414 2351 2487 τὴν
2380 2414 2525 2487 ζωὴν
2558 2414 2715 2487 ἡμῶν
2757 2416 2885 2488 παρ’
2918 2415 3099 2469 αὐτῶν
3147 2415 3602 2472 ἀποδείκνυσθαι.

2013 2508 2077 2561 Ei
2109 2507 2166 2561 δὲ
2212 2506 2308 2561 νῦν
2346 2509 2404 2561 ἐν
2446 2509 2524 2578 τῷ
2564 2506 2776 2578 σώματι
2809 2508 2909 2579 τὴν
2951 2506 3129 2578 ψυχὴν
3176 2503 3317 2561 εἶναι
3355 2507 3464 2579 (15)
3495 2509 3605 2562 οὐκ

2013 2598 2431 2669 ἁμφιόἀλλουσι,
2487 2599 2605 2662 πῶς
2634 2598 2726 2652 τοῦ
2770 2597 3039 2668 σώματος.
3065 2594 3179 2671 (14)
3208 2601 3290 2663 είς
3332 2599 3402 2653 τὰ
3451 2617 3604 2653 στοι-

2012 2693 2136 2761 χεῖα
2168 2691 2259 2743 τὸν
2303 2690 2611 2762 ἀφανισμὸν
2649 2691 2821 2761 αὐτῆς
2858 2689 3285 2762 δογματίζουσι,
3314 2690 3506 2745 ἔπειτα
3539 2691 3603 2745 δὲ

2014 2783 2105 2835 καὶ
2138 2781 2279 2836 κατὰ
2302 2781 2502 2853 ταύτης
2534 2781 2645 2855 (15)
2677 2783 2779 2854 τῆς
2816 2782 2966 2847 θείας
3000 2782 3218 2853 φύσεως
3241 2782 3308 2836 τὰ
3337 2779 3433 2837 ἶσα
3470 2782 3601 2838 τολ-

2017 2874 2292 2945 μάτωσαν.
2328 2874 2453 2938 Πῶς
2497 2875 2606 2946 γὰρ
2643 2874 2828 2946 ἐροῦσι
2868 2874 2966 2947 τὴν
2996 2875 3187 2947 νοεράν
3233 2892 3293 2928 τε
3347 2874 3460 2947 (16)
3500 2876 3604 2929 καὶ

333 2973 546 3039 potest,
583 2965 1051 3036 quemadmodum
1090 2968 1414 3037 opinantur,
1457 2974 1520 3022 ut
1556 2968 1908 3024 manentibus

2029 2964 2175 3018 ἱῦλον
2216 2966 2312 3020 καὶ
2357 2966 2507 3035 ἀειδῆ
2541 2965 2700 3038 φύσιν
2744 2968 2823 3030 είς
2853 2967 2923 3020 τὰ
2964 2966 3109 3040 ὑγρά
3144 2983 3201 3019 τε
3237 2968 3331 3021 καὶ
3372 2966 3604 3037 μαλακὰ

332 3056 619 3115 elementis
646 3055 816 3112 etiam
851 3055 1035 3111 anima
1070 3057 1179 3125 sit,
1215 3071 1329 3127 quo
1356 3055 1649 3121 efﬁciatur,
1682 3066 1742 3111 ut
1773 3056 1910 3111 nihil

330 3146 482 3202 aliud
501 3189 517 3216 ,
548 3162 711 3218 quam
745 3157 1025 3205 mortuam
1055 3164 1179 3207 esse
1208 3150 1375 3205 vitam
1405 3155 1652 3205 nostram
1684 3149 1913 3204 demon-

333 3245 531 3293 strent.
575 3236 674 3296 Sin
709 3246 891 3294 autem
932 3254 1084 3295 nunc
1135 3238 1194 3295 in
1229 3254 1464 3312 corpore
1501 3239 1744 3293 animam
1787 3253 1911 3294 esse

334 3347 444 3390 non
476 3331 771 3398 dubitant,
802 3347 914 3404 quo
942 3342 1105 3404 pacto
1139 3348 1376 3404 corpore
1403 3333 1675 3389 dissoluto
1709 3333 1763 3388 in
1800 3333 1913 3389 ele-

335 3431 523 3485 menta
563 3423 801 3485 animam
847 3425 1052 3481 aboleri
1098 3437 1264 3496 atque
1307 3425 1535 3482 interire
1568 3432 1798 3481 censent
1847 3440 1913 3482 ac

2016 3057 2110 3109 καὶ
2139 3056 2431 3130 στερέμνια
2446 3056 2801 3130 ’διαδυομένην
2834 3057 2945 3129 (17)
2970 3057 3027 3110 ὲν
3064 3056 3142 3130 τῷ
3178 3052 3317 3117 εἶναι
3349 3056 3601 3129 συνέχειν

2014 3144 2083 3199 τὰ
2107 3145 2256 3210 ὄντα,
2278 3133 2401 3199 οὔτε
2438 3148 2713 3221 συγγενῶς
2738 3149 2962 3219 ἔχουσαν
2984 3149 3117 3221 πρὸς
3138 3149 3207 3204 τὰ
3238 3150 3296 3204 ὲν
3329 3143 3410 3213 οἷς
3439 3149 3599 3218 γίνε-

2014 3254 2127 3302 ται,
2149 3235 2272 3290 οὔτε
2305 3237 2392 3297 διὰ
2411 3238 2473 3291 τὸ
2491 3239 2802 3310 ἑτερογενὲς
2824 3242 2882 3292 ὲν
2907 3241 3091 3305 αὐτοῖς
3121 3237 3262 3295 εἶναι
3296 3241 3596 3296 ἀδυνατοῦ-

2018 3346 2116 3383 σαν
2140 3346 2153 3395 ;
2182 3328 2689 3402 Οὐκοῦνὲξῃρήσθω
2706 3330 2817 3401 (18)
2841 3330 3069 3383 καθόλου
3086 3330 3180 3384 τοῦ
3201 3332 3468 3402 δόγματος
3497 3335 3598 3387 αὑ-

2017 3420 2126 3475 τῶν
2185 3424 2279 3476 καὶ
2321 3421 2450 3475 abero
2507 3420 2570 3474 τὸ
2593 3420 2767 3487 Θείον,
2789 3414 3289 3490 ᾦδιακρατεῖταιτὰ
3301 3420 3601 3481 ὅντα-Γ.

2017 3515 2159 3569 Αὐτὸ
2184 3515 2241 3568 δὲ
2270 3515 2379 3585 (19)
2408 3513 2586 3577 τοῦτο,
2607 3508 2757 3567 εἷπον
2789 3513 2899 3584 (ἳο)
2925 3511 3053 3582 ἐγὼ,
3079 3512 3196 3575 πῶς
3222 3513 3287 3565 ἂν
3314 3515 3423 3574 τοῖς
3449 3513 3600 3568 ἀντι-

2017 3605 2263 3674 λέγουσιν
2318 3602 2686 3676 ὰναμφίὸολον
2735 3603 2963 3673 γένοιτο,
2998 3603 3058 3656 τὸ
3096 3605 3159 3656 ἐκ
3182 3600 3315 3656 Θεοῦ
3351 3598 3486 3656 εἶναι
3526 3603 3600 3657 τὰ

334 3513 608 3569 tradunt?
640 3513 847 3570 Deinde
884 3530 1017 3570 vero
1067 3515 1340 3571 adversus
1391 3514 1636 3570 divinam
1688 3528 1912 3585 quoque

332 3614 587 3666 naturam
621 3606 774 3676 paria
807 3606 1046 3664 audeant
1082 3606 1306 3678 obloqui
1335 3612 1392 3665 et
1421 3606 1722 3664 oblatrare.
1762 3605 1913 3674 Quo-

334 3699 498 3755 modo
532 3698 680 3755 enim
713 3698 902 3754 dicent
934 3698 1265 3756 invisibilem
1286 3739 1302 3765 ,
1338 3699 1755 3771 incorpoream,
1794 3714 1911 3754 ma-

2029 3697 2199 3752 πάντα
2225 3736 2238 3761 ,
2267 3696 2360 3749 καὶ
2384 3697 2441 3749 ὲν
2474 3694 2621 3765 αὐτῴ
2650 3694 3096 3767 περικρατεῖσθαι
3140 3695 3208 3748 τὰ
3242 3695 3370 3748 ὄντα
3390 3735 3405 3758 ,
3434 3694 3466 3765 ἢ
3498 3696 3596 3749 καὶ

333 3790 487 3846 tcrize
521 3795 839 3859 expertem,
876 3795 932 3844 et
961 3804 1082 3844 eam
1122 3804 1246 3859 qua:
1283 3799 1466 3847 mente
1505 3791 1626 3847 sola
1663 3790 1909 3861 percipi-

2029 3791 2155 3853 5λως
2185 3789 2248 3842 τὸ
2282 3785 2422 3843 εἷναί
2458 3805 2511 3842 τι
2535 3790 2688 3842 Θείον
2717 3790 2815 3859 τῆς
2850 3787 2959 3842 τῶν
2994 3777 3166 3843 ὅντων
3198 3787 3599 3860 ὑπερκείμενον

330 3892 447 3951 tur,
481 3892 734 3938 naturam
761 3883 816 3936 in
850 3881 1077 3937 humida
1114 3882 1414 3953 molliaque
1440 3890 1497 3938 et
1522 3882 1703 3939 calida
1742 3891 1908 3953 atque
2014 3881 2252 3952 φύσεως;

332 3975 473 4029 dura
518 3981 899 4045 penetrantem
949 3975 1005 4028 in
1051 3973 1293 4030 essentia
1334 3975 1618 4032 continere
1644 3991 1735 4034 res
1767 3976 2086 4041 universas,
2116 3990 2237 4046 quae
2269 3982 2440 4031 sunt:
2474 3989 2599 4029 cum
2633 3988 2811 4045 neque
2865 3975 3085 4046 cognita
3138 3974 3453 4045 ejusdemve
3503 3988 3598 4044 ge-

332 4063 485 4120 neris
528 4078 655 4120 cum
702 4065 771 4120 iis
817 4064 926 4130 sit,
978 4063 1035 4119 in
1082 4064 1284 4136 quibus
1334 4073 1609 4134 versatur,
1656 4082 1841 4139 neque
1890 4074 2183 4139 propterea
2228 4066 2375 4139 quod
2412 4066 2643 4123 alterius
2677 4081 2743 4121 ac
2777 4065 2980 4122 diversi
3015 4051 3231 4137 generis
3265 4066 3369 4133 sit,
3403 4066 3459 4119 in
3512 4064 3598 4119 eis

331 4172 457 4215 esse
485 4172 599 4214 non
630 4156 848 4230 possit?
895 4150 1059 4233 Ergo
1085 4158 1307 4229 penitus
1360 4174 1430 4215 ex
1481 4173 1674 4215 eorum
1721 4158 1976 4219 doctrina
2015 4157 2288 4214 eximatur
2320 4158 2486 4214 etiam
2525 4158 2707 4230 ipsum
2745 4157 2995 4219 divinum
3036 4155 3251 4213 Numen
3279 4197 3295 4223 ,
3347 4173 3459 4228 quo
3502 4172 3596 4213 res

2015 4373 2219 4428 τούτων
2248 4372 2392 4438 quod
2414 4382 2500 4429 est
2526 4374 2587 4430 in'
2603 4374 2787 4431 editis.

2080 4443 2190 4514 (12)
2233 4445 2682 4501 Ζωοποιοῦσαν.
2733 4447 2813 4501 lta
2862 4454 3013 4501 recte
3064 4444 3234 4500 editio
3284 4460 3373 4499 an.
3427 4444 3590 4510 1658,

2009 4529 2111 4584 pro
2170 4514 2510 4585 Cmpowﬁca
2549 4516 2750 4585 prioris
2771 4555 2786 4581 ,
2811 4516 3284 4571 consentientibus
3314 4530 3449 4569 mss.

2080 4585 2195 4655 (15)
2222 4581 2397 4640 Εἶναι
2438 4581 2646 4641 inserui
2672 4601 2737 4643 ex
2782 4602 2916 4643 mss.
2960 4586 3125 4641 Deest
3149 4585 3295 4640 enim
3331 4585 3384 4639 in
3428 4585 3597 4640 cditis

2010 4658 2173 4710 male.

2081 4725 2193 4795 (14)
2231 4724 2342 4780 Τοῦ
2383 4726 2658 4796 σώματος
2702 4725 2857 4782 deest
2902 4726 2959 4780 in
3000 4741 3105 4780 ms.
3156 4734 3414 4794 utroque,
3464 4727 3589 4793 quit

2010 4797 2222 4851 scilicet
2245 4812 2313 4851 ex
2341 4797 2795 4853 antecedentibus
2829 4797 2990 4852 facile
3026 4796 3252 4866 intelligi
3283 4804 3519 4864 poterat.

2081 4866 2194 4937 (15)
2235 4868 2399 4921 Κατὰ
2440 4869 2679 4936 ταύτης.
2736 4865 2838 4927 Ms.
2890 4874 3185 4936 utrumque
3213 4865 3352 4919 ίκατ’
3399 4866 3590 4937 αὐτῆς,

2010 4940 2236 5008 rectius,
2268 4947 2325 4990 ut
2356 4956 2423 5008 pu
2435 4950 2509 4992 lo.

2083 5006 2196 5079 (16)
2244 5005 2477 5075 Νοεξοάν
2504 5025 2588 5062 τε.
2615 5006 2984 5079 Μεηθοάιίίι
3029 5006 3119 5061 hic
3164 5021 3352 5062 vocem
3406 5005 3592 5076 φύσιν,

2008 5077 2182 5149 quam
2202 5080 2257 5132 in
2286 5079 2449 5149 editis
2480 5085 2603 5148 post
2628 5077 2781 5149 ἀειδῆ
2810 5078 3046 5134 invenis.

2082 5149 2196 5219 (17)
2224 5147 2652 5218 Διαδυομένην.
2717 5147 2808 5203 Sic
2843 5149 2961 5219 lego
2990 5164 3057 5204 ex
3086 5163 3221 5203 mss.
3254 5162 3357 5218 pro
3382 5147 3595 5201 διαλυο-

2013 5221 2183 5290 μένην
2230 5220 2377 5288 quod
2416 5228 2500 5274 est
2551 5221 2606 5272 in
2641 5218 2826 5275 editis.
2878 5218 2954 5275 De
2988 5219 3373 5289 penetratione
3419 5219 3590 5283 enim,

2009 5306 2120 5345 non
2153 5298 2332 5344 autem
2368 5290 2664 5353 solutione,
2698 5304 2880 5344 sermo
2909 5302 3014 5347 est.

2083 5359 2196 5436 (18)
2239 5358 2608 5436 Ἐξῃρήοθω.
2661 5358 2773 5415 Hoc
2818 5361 3005 5416 malim
3036 5376 3101 5417 ex
3130 5376 3266 5419 mss.
3320 5378 3419 5436 pro
3447 5361 3592 5430 ἐξαι-

2015 5430 2190 5503 ρέεθφ
2211 5431 2366 5503 quati
2378 5431 2590 5503 ﬁdium
2619 5439 2718 5503 θει-

2082 5500 2317 5575 (19λΔέ.
2343 5499 2451 5575 Ms.
2486 5499 2530 5554 B
2560 5500 2691 5573 legit
2728 5501 2783 5555 in
2810 5509 2961 5558 textu
2990 5503 3078 5575 δή,
3114 5502 3157 5557 Α
3187 5518 3317 5561 vero
3350 5505 3407 5560 in
3440 5516 3588 5565 mar-

2012 5572 2137 5644 gine
2154 5570 2314 5644 idem
2343 5572 2527 5644 habet.

2087 5640 2201 5714 (20)
2235 5637 2446 5698 Εἶπον.
2494 5641 2595 5701 Ms.
2622 5641 2666 5698 Β
2692 5641 2880 5701 εἰπών.

405 4379 483 4450 (2)
506 4377 1099 4450 Μικροψυχοτέρους.
1140 4374 1241 4431 Ms.
1260 4373 1315 4450 B_
1334 4373 1462 4445 legit
1508 4371 1902 4450 μικροψύχους.

426 4397 483 4450 Ζ)
506 4397 1099 4504 Μικροψυῇοτερους.
1140 4397 1303 4431 MSJ)
1334 4397 1462 4445 leglt
1508 4397 1895 4444 μικρυψυχυυς.

426 4452 480 4519 ⁵5)
522 4451 753 4518 Μόνην.
845 4466 891 4504 s.
920 4457 1218 4519 utrumque
1238 4444 1432 4519 μόνον,
1473 4443 1664 4499 eodem
1712 4458 1895 4497 sensu.

403 4514 481 4594 (4)
496 4523 598 4576 Ἐν
620 4514 741 4594 τίη
760 4520 950 4594 early,
983 4518 1023 4587 ἢ
1045 4514 1163 4571 ὑπὸ
1189 4514 1374 4594 τίγος.
1397 4514 1471 4594 l_ta
1488 4528 1593 4594 ms.
1615 4519 1907 4594 utrumque

331 4600 387 4647 ct
411 4582 589 4646 ‘editio
614 4591 744 4645 anni
776 4589 914 4660 1658
937 4582 1047 4660 pro
1074 4583 1362 4660 mendosa
1414 4583 1655 4639 lectione
1690 4583 1750 4635 ἐν
1799 4582 1905 4636 τινί

332 4673 388 4716 ct
417 4663 523 4716 ὑπό
551 4679 696 4725 τινος
719 4656 980 4718 editionis
1005 4656 1230 4729 prioris.

402 4732 479 4804 (5)
506 4732 635 4787 Μέν
654 4733 809 4804 deest
835 4746 936 4804 ms.
956 4729 1036 4804 _A.

403 4794 483 4873 (θ’)
542 4803 723 4873 Νηός.
748 4800 848 4873 Ms.
880 4799 923 4853 B
956 4794 1260 4873 legitvediq.

393 4865 1128 4943 (7)Ὀὶκόδομήμιιτοςξξίο
1161 4876 1459 4943 utrumque
1491 4865 1765 4943 legit_ms.
1806 4878 1907 4934 pro

511 4936 966 5015 pﬁaafaioghuod
981 4937 1127 4994 edita
1161 4938 1376 4992 habent.
1389 4936 1616 5015 Latinus
1634 4936 1907 5005 interpres

333 5009 640 5089 genuinam
668 5009 1137 5089 hanc‘lectioncm
1169 5009 1465 5081 expressit.

403 5085 503 5158 (8)
536 5084 785 5158 Τούτῳν.
808 5080 897 5158 Sic
913 5089 968 5136 et
996 5075 1287 5158 utrumque
1327 5094 1457 5158 tns.;
1486 5085 1549 5158 at.
1562 5077 1737 5131 codex
1761 5077 1803 5129 Α
1850 5075 1907 5158 in

338 5147 739 5226 marginelegit
770 5151 984 5214 τούτου,
1011 5147 1159 5223 quod
1191 5148 1590 5226 praestat,_quia
1619 5161 1801 5226 sermo
1824 5154 1909 5202 est

344 5227 402 5283 ie
447 5219 687 5285 mundo;
705 5239 799 5293 per
824 5237 986 5292 quem
1015 5219 1230 5293 creator
1259 5221 1381 5286 ejus
1417 5219 1849 5293 deliionstratur.

405 5295 482 5368 (9)
526 5285 1041 5369 ’Auo’x'own'oﬁo'tr.
1066 5290 1164 5348 Ms.
1187 5285 1489 5369 utrumque
1521 5285 1908 5359 ἀμϐλυώττου-

337 5364 426 5420 οιν
452 5364 618 5421 Sensu
650 5364 865 5431 eodem.

405 5437 517 5506 (10)
550 5428 735 5505 Σοφά.
770 5431 862 5506 Sic
879 5439 1448 5506 utrumque__ms._pl_'o
1477 5427 1627 5498 σαφά
1649 5426 1705 5506 ip
1722 5427 1907 5506 editis;

333 5497 510 5578 paulo
543 5497 666 5577 post
705 5503 903 5578 δριμέα
946 5497 1101 5559 recte
1139 5501 1269 5558 edit.
1312 5497 1473 5565 1658.
1527 5497 1627 5571 pro
1659 5497 1907 5569 δριμαία,

331 5578 665 5658 quodestin
687 5579 886 5658 priore.

404 5649 519 5713 (11)
572 5641 898 5711 Διὰὶοῦτο.
934 5644 1048 5705 Hoc
1087 5642 1347 5720 rescripsi
1382 5658 1447 5699 ex
1487 5657 1618 5699 mss.
1673 5656 1771 5715 pro
1822 5641 1909 5699 διὰ
