3950 6132
484 288 555 343 2'1
1687 281 1747 337 ε.
1768 278 2096 337 cassonu
2124 274 2420 332 NYSSENI
3651 288 3714 343 ,ε

485 402 554 456 ad
576 414 775 472 supera
798 397 1032 465 feratur,
1058 413 1156 470 per
1178 413 1359 454 aerem
1381 397 1600 453 (latibus
1620 405 1799 462 vecta,
1817 405 1875 452 et
1891 397 2032 452 athe

2150 395 2301 458 ἐντὸς
2337 392 2552 448 κῦκλων
2597 394 2696 466 τὴν
2731 396 2828 449 ἐπὶ
2864 396 2928 449 τὸ
2956 395 3192 465 ἔμπαλιν
3235 397 3470 467 κίνησιν,
3516 399 3617 466 τὰς
3658 419 3714 457 τε

485 507 616 548 reus
647 491 791 562 ignis
822 491 891 544 ad
927 497 1130 545 terram
1156 490 1458 554 deferatur,
1490 490 1627 545 adeo
1659 499 1719 544 ut
1745 500 1800 546 et
1850 492 2051 547 inﬁma:

482 590 666 652 partes
688 580 892 637 caloris
915 590 1168 650 expertes
1192 596 1302 635 non
1328 582 1460 643 sint,
1478 590 1532 636 et
1550 589 1711 637 terra:
1725 585 2052 653 superfusus

481 672 740 726 imbrium
784 670 1001 735 humor,
1037 687 1160 726 cum
1197 686 1341 726 unus
1374 680 1574 725 natura
1604 673 1696 739 sit,
1729 675 2049 734 innumeras

479 760 784 830 germinum
812 760 1077 830 producat
1112 759 1451 815 diﬁerentias
1487 761 1743 817 omnibus
1782 762 2049 832 subjectis

479 860 606 920 apte
625 859 790 922 atque
806 848 1217 904 accommodate
1246 850 1543 913 inhzereus,
1574 858 1741 920 atque
1766 852 2043 910 insidens:

476 941 822 996 celerrimam
844 942 973 996 item
991 939 1110 994 axis
1127 941 1183 994 in
1206 940 1394 995 orbem
1416 940 1735 1011 circumque
1752 944 2044 1000 rotundum

475 1037 894 1091 conversionem
933 1042 1100 1103 atque
1157 1033 1591 1099 revolutionem,
1617 1035 2047 1108 interiorumque

448 1108 808 1180 'circulorum
836 1124 892 1178 in
920 1123 1261 1178 contrarium
1291 1125 1587 1180 motionem
1606 1165 1623 1191 ,
1648 1127 2045 1196 subjectiones—

450 1200 582 1284 ’que
611 1225 667 1271 et
689 1230 1017 1286 congressus
1050 1216 1300 1272 coitusve
1326 1224 1492 1287 atque
1512 1217 1832 1285 concinnas,
1864 1229 2040 1289 aptas,

474 1316 642 1372 ratas,
671 1315 990 1363 constantes
1011 1348 1028 1372 ,
1058 1309 1446 1365 convenientes
1475 1320 1530 1365 et
1555 1312 1796 1381 aequales
1827 1312 2042 1383 digres-

471 1396 658 1451 siones
684 1396 1088 1468 distantiasque
1117 1399 1401 1455 siderum:
1438 1401 1555 1456 haec
1599 1402 1649 1457 si
1692 1403 1817 1472 quis
1862 1404 2040 1459 oculis

464 1486 843 1558 intelligentia
896 1498 1063 1561 atque
1109 1490 1230 1546 acie
1283 1492 1487 1547 mentis
1534 1491 1803 1559 intuetur,
1853 1508 2037 1550 annon

469 1584 659 1645 aperte
690 1592 787 1646 per
817 1593 882 1633 ea
913 1594 1037 1649 quae
1068 1587 1335 1649 apparent
1361 1619 1377 1644 ,
1412 1580 1644 1635 docetur
1671 1582 1817 1650 quod
1849 1582 2038 1637 divina

467 1666 554 1720 vis
582 1666 880 1723 artiﬁciosa
914 1668 1203 1739 solersque
1236 1671 1293 1724 in
1336 1670 1502 1725 rebus
1554 1671 1830 1728 universis
1877 1688 2041 1743 appa-

2154 489 2465 563 ὖποδρομάς
2505 491 2603 545 καὶ
2634 489 2736 557 τὰς
2771 492 3053 558 συνόδους,
3104 492 3201 546 καὶ
3232 493 3333 557 τὰς
3365 496 3715 566 ἐναρμονίους

2152 580 2480 644 ἀποστάσεις
2516 582 2627 634 τῶν
2665 582 2902 654 ἄστρωνο
2935 586 2966 637 ό
3011 584 3185 637 ταῦτα
3244 583 3459 654 βλέπων
3489 587 3567 659 τῷ
3599 588 3707 643 δια-

2149 672 2385 744 νοητιγλῖ»
2410 674 2511 743 τῆς
2539 674 2717 744 ψυχῆς
2753 675 3016 747 ὀφθαλμῷ
3035 716 3057 741 .
3088 672 3197 748 ἄρα
3224 678 3347 748 οὐχὶ
3369 679 3619 750 φανερῶς
3650 683 3712 738 εκ

2147 763 2259 818 τῶν
2279 765 2618 835 φαινομένων
2635 766 2967 830 διδάσκεται,
2993 768 3077 821 ὅτι
3095 768 3213 820 θεία
3232 768 3458 838 δύναμις
3470 769 3711 840 ἔντεχνός

2145 869 2206 906 τε
2239 856 2334 908 καὶ
2362 857 2502 927 σοφὴ
2526 860 2645 920 τοῖς
2672 853 2826 911 οὖσιν
2849 858 3247 929 ἐμφαινομένη,
3266 860 3361 912 καὶ
3384 859 3473 913 διὰ
3497 860 3720 913 πάντωνΔ

2144 946 2354 1016 ἥκουσα
2377 947 2448 1001 τὰ
2475 948 2616 1019 μέρη
2643 950 2756 1019 (ιο)
2779 950 3107 1023 συναρμόζει
3123 951 3212 1021 ,τῷ
3234 950 3359 1021 ὅλῳ,
3393 950 3485 1004 καὶ
3513 951 3575 1003 τὸ
3593 952 3709 1005 ὅλον

2147 1036 2456 1105 συμπληροῖ
2480 1039 2539 1090 ὲν
2572 1041 2686 1100 τοῖς
2709 1038 2921 1109 μέρεσι,
2950 1041 3041 1092 καὶ
3080 1039 3182 1109 μιᾷ
3216 1054 3323 1091 τινι
3358 1041 3707 1107 περικρατεῖ-

2141 1141 2234 1178 ται
2261 1125 2487 1195 δυνάμει
2518 1127 2579 1179 τὸ
2610 1129 2719 1181 πᾶν
2741 1127 2876 1195 (41),
2913 1128 3046 1182 αὐτὸ
3072 1129 3130 1180 ἐν
3163 1126 3340 1197 ἑαυτῷ
3381 1127 3541 1195 μένον
3592 1127 3709 1198 [καὶ

2143 1214 2272 1284 περὶ
2299 1215 2458 1268 ἑαυτὸ
2481 1215 2816 1288 κινούμενον]
2840 1218 2974 1288 (ιε),
2996 1218 3090 1270 καὶ
3116 1217 3240 1271 οὔτε
3261 1218 3429 1287 λῆγόν
3454 1234 3584 1270 me
3608 1218 3707 1286 τῆς

2142 1304 2440 1373 κινήσεως,
2462 1303 2586 1358 οὔτε
2622 1309 2706 1369 είς
2741 1307 2898 1361 ἄλλον
2921 1307 3046 1361 τινὰ
3071 1308 3236 1360 τόπον
3258 1308 3409 1376 παρὰ
3431 1307 3524 1361 τὸν
3540 1349 3555 1367 ,
3581 1309 3640 1360 ὲν
3662 1301 3706 1375 ᾧ

2142 1392 2279 1457 ἐστι,
2293 1390 2951 1463 μώιστάμενονς-ΓΚαὶ
2963 1387 3101 1454 πῶς,
3115 1390 3286 1453 εἶπον,
3302 1392 3337 1462 ἡ
3352 1390 3482 1465 περὶ
3494 1394 3554 1446 τὸ
3568 1395 3703 1452 εἶναι

2139 1479 2233 1534 τδν
2258 1480 2392 1534 Θεὸν
2413 1481 2614 1546 πίστις,
2635 1485 2732 1536 καὶ
2757 1485 2856 1554 τὴν
2874 1482 3051 1553 ψυχὴν
3067 1478 3209 1536 εἶναι
3239 1481 3339 1552 τὴν
3361 1482 3702 1553 ἀνθρωπίνην

2140 1571 2613 1625 συναποδείκνυσιν
2636 1590 2652 1639 ;
2689 1574 2765 1626 Οὐ
2793 1572 2901 1644 γὰρ
2930 1572 2996 1643 δὴ
3024 1573 3219 1626 ταύτόν
3259 1574 3377 1625 ἐστι
3422 1572 3499 1641 τῷ
3526 1573 3646 1643 Θεῷ
3670 1576 3701 1644 ἠ

2137 1660 2306 1732 ψυχὴ,
2344 1661 2487 1716 ὥστε
2515 1665 2565 1717 εί
2602 1664 2666 1717 τὸ
2682 1664 2741 1718 ἓν
2763 1666 3076 1736 όμολογοῖτο
3105 1665 3219 1736 (45)
3245 1660 3385 1717 εἶναι
3415 1665 3699 1733 συνομολο-

467 1770 637 1820 rens,
688 1765 854 1827 atque
906 1772 1007 1828 per
1055 1760 1238 1814 omnia
1290 1760 1570 1830 pertinens
1622 1777 1688 1818 ac
1735 1764 1854 1819 fusa
1910 1781 2032 1821 cum

2137 1753 2348 1819 γείσθαι
2376 1754 2591 1819 πάντως
2607 1755 2703 1809 καὶ
2718 1757 2778 1810 τὸ
2799 1756 3135 1828 λειπόμενον.

459 1858 650 1921 partes
686 1852 1066 1907 accommodat
1094 1862 1150 1908 et
1181 1853 1402 1924 adaptat
1433 1856 1570 1921 toti,
1601 1864 1716 1912 tum
1760 1866 1934 1914 totum
1980 1866 2228 1932 partibus
2263 1869 2480 1937 explet,
2525 1879 2690 1941 atque
2736 1886 2848 1926 una
2889 1871 3128 1942 quadam
3171 1869 3223 1922 vi
3258 1880 3443 1923 rerum
3479 1861 3698 1916 univer-

467 1942 603 1994 sitas
634 1948 922 1996 coercetur
962 1950 1019 1997 et
1047 1943 1383 2007 continetur,
1417 1944 1548 1999 dum
1584 1946 1705 2016 ipsa
1739 1951 1794 2002 in
1826 1965 1886 2006 se
1916 1954 2034 2023 ipsa
2066 1967 2278 2023 manet,
2310 1967 2366 2013 et
2403 1960 2612 2015 circum
2643 1977 2704 2018 se
2743 1963 2863 2032 ipsa
2892 1969 3160 2023 movetur,
3190 1974 3254 2013 ac
3297 1951 3505 2010 moveri
3548 1965 3695 2005 nun-

463 2044 628 2101 quam
677 2030 912 2095 desinit,
976 2047 1155 2101 neque
1210 2033 1270 2086 in
1316 2033 1483 2087 alium
1523 2036 1813 2104 quemdam
1877 2039 2091 2108 locum,
2148 2054 2347 2114 prater
2409 2062 2570 2113 eum,
2604 2048 2658 2101 in
2681 2030 2793 2120 quo
2810 2036 3458 2111 est,transmigrat?——G.
3494 2040 3563 2094 Et
3590 2054 3699 2110 quo

460 2129 644 2188 pacto,
675 2123 929 2191 inquam,
956 2132 1337 2195 argumentum
1355 2165 1372 2190 ,
1401 2140 1510 2193 quo
1539 2124 1707 2181 Deum
1737 2143 1860 2184 esse
1894 2130 2030 2188 ﬁdes
2060 2132 2119 2189 ﬁt
2140 2176 2156 2201 ,
2191 2136 2355 2192 simul
2383 2137 2549 2192 etiam
2572 2139 2814 2194 animam
2843 2137 3136 2190 humanam
3163 2148 3288 2188 esse
3315 2128 3697 2187 demonstrati

461 2211 580 2267 Non
611 2214 756 2267 enim
788 2214 977 2284 utique
1000 2215 1193 2272 eadem
1227 2231 1354 2270 cum
1388 2215 1499 2272 Deo
1538 2232 1627 2273 res
1658 2220 1841 2275 anima
1872 2232 1992 2291 est,
2024 2233 2085 2280 ut
2111 2226 2160 2283 si
2186 2244 2353 2283 unum
2383 2245 2508 2288 esse
2538 2230 2894 2294 concedatur,
2935 2240 3165 2298 prorsus
3198 2225 3365 2279 etiam
3402 2223 3473 2279 de
3527 2223 3700 2280 altero

460 2319 572 2359 non
605 2305 910 2361 dubitetur.

549 2427 1099 2499 M.Atilla:Dicitur,
1146 2434 1348 2504 inquit,
1382 2448 1413 2488 a
1466 2435 1807 2505 sapientibus
1862 2436 2026 2491 homo

2212 2442 2286 2497 Μ.
2317 2440 2471 2505 Ἡδὲ,
2492 2439 2722 2509 Λέγεται
2744 2439 2884 2512 (ﬂ),
2929 2440 3086 2512 φησὶ,
3145 2440 3296 2512 παρὰ
3345 2441 3459 2495 τῶν
3521 2440 3699 2510 σοφῶν

456 2536 658 2591 parvus
713 2523 933 2594 quidam
989 2540 1112 2581 esse
1165 2526 1425 2592 mundus,
1487 2528 1579 2597 qui
1634 2529 1688 2582 in
1742 2544 1865 2586 sese
1913 2530 2029 2585 lucc

2137 2532 2322 2603 μικρός
2370 2549 2455 2597 τις
2490 2525 2633 2586 εἶναι
2688 2532 2893 2603 κόσμος
2928 2535 2959 2587 ό
2990 2532 3295 2603 ἄνθρωπος,
3327 2532 3501 2587 ταῦτα
3550 2550 3703 2602 περι-

459 2613 732 2669 elementa
780 2616 1084 2682 contineat,
1135 2632 1203 2672 ex
1235 2618 1434 2687 quibus
1470 2634 1649 2675 rerum
1695 2621 2028 2677 universitas

2137 2620 2266 2693 ἒχων
2310 2623 2370 2676 ὲν
2420 2623 2598 2695 ἑαυτῷ
2649 2622 2719 2677 τὰ
2758 2625 2996 2695 στοιχεῖα
3014 2662 3031 2689 ,
3090 2619 3174 2687 οἷς
3231 2624 3294 2677 τὺ
3330 2627 3440 2677 πᾶν
3493 2640 3703 2693 συμπεο

460 2714 677 2761 constat
710 2714 874 2778 atque
923 2709 1189 2777 completa
1234 2720 1339 2766 est.
1374 2710 1533 2778 Quod
1587 2714 1632 2768 si
1684 2713 1801 2768 haec
1841 2713 2031 2782 opinio

2137 2711 2428 2782 πλήρωται.
2452 2713 2515 2765 Εἰ
2530 2713 2589 2767 δὲ
2614 2713 2819 2785 ἀληθὴς
2848 2709 3003 2777 οὗτος
3035 2714 3234 2782 όλόγος
3253 2713 3419 2784 (ἔοικε
3440 2715 3542 2786 δὲ),
3566 2716 3706 2785 τάχα

457 2813 587 2854 vera
638 2805 743 2866 est,
792 2806 854 2853 ut
884 2814 1007 2854 esse
1042 2800 1278 2866 videtur,
1330 2800 1560 2856 forsitan
1608 2817 1717 2858 non
1755 2817 1893 2874 opus
1928 2804 2029 2858 ha-

2137 2801 2232 2854 οὐκ
2269 2801 2335 2855 ἂν
2367 2801 2560 2872 ἑτέρας
2588 2802 2888 2874 ἐδεήθημεν
2912 2804 3024 2874 (45)
3061 2804 3380 2875 συμμαχίας
3409 2807 3489 2869 είς
3519 2804 3583 2857 τὸ
3620 2806 3706 2874 βε-

460 2887 743 2943 buerimus
787 2888 896 2943 alio
928 2889 1134 2943 auxilio
1166 2890 1233 2944 ad
1267 2890 1694 2946 conﬁrmandam
1722 2908 1841 2949 eam
1864 2908 2028 2963 quam

2137 2889 2429 2961 ὗαιωθῆναι
2448 2893 2578 2961 ἡμῖν
2589 2890 2617 2944 δ
2629 2893 2756 2962 περὶ
2767 2892 2945 2963 ψυχῆς
2964 2893 3342 2963 ὑπειλήφαμεν
3364 2893 3474 2964 (46)
3483 2933 3497 2945 .
3517 2894 3705 2946 Ὑπει-

459 2978 529 3031 de
575 2978 752 3030 anima
798 2978 1153 3047 concepimus
1203 2981 1515 3049 opinionem
1555 3000 1569 3036 :
1618 2997 1907 3039 censemus
1940 2999 2032 3038 au-

2137 2957 2378 3050 λήςραμεν
2392 2957 2523 3033 δὲ
2539 2975 2678 3034 εἶναι
2695 2957 3007 3053 ἀεέὴᾲἰὲαθν
3027 2957 3226 3053 ἑαυτῇ
3244 2957 3304 3036 ἓν
3317 2957 3555 3053 ὲξηλλαγ
3561 2983 3701 3054 μένῃ

459 3076 566 3121 tem
612 3083 732 3123 eam
766 3084 863 3138 per
897 3083 1018 3125 sese
1052 3070 1334 3139 praaditam
1393 3087 1516 3128 esse
1556 3082 1746 3128 natura
1787 3064 2042 3145 propria;

458 3158 739 3227 peculiari,
792 3160 1015 3225 eximia,
1059 3160 1278 3216 diversa
1306 3172 1469 3232 atque
1494 3164 1598 3216 alia
1633 3179 1798 3234 quam
1826 3180 2027 3235 corpus

457 3248 606 3319 quod
634 3265 697 3304 ex
737 3252 943 3307 crassis
994 3252 1245 3322 partibus
1281 3261 1517 3309 constat.
1544 3253 1618 3310 Ut
1649 3256 1793 3311 enim
1819 3257 2031 3313 univcr-

458 3356 581 3396 sum
624 3341 888 3395 mundum
937 3344 1143 3397 auxilio
1184 3360 1448 3400 sensuum
1487 3356 1903 3417 cognoscentes.
1932 3363 2033 3418 per

457 3433 632 3503 ipsam
668 3441 983 3488 nostrorum
1012 3451 1270 3492 sensuum
1299 3437 1570 3491 actionem
1602 3444 1766 3506 atque
1793 3436 2031 3492 eﬂicicn—

458 3525 589 3579 tiam
630 3525 957 3581 deducimur
1001 3528 1066 3581 ad
1101 3528 1599 3585 considerationem
1641 3531 2030 3600 notionemque

456 3615 560 3681 rei,
614 3616 889 3687 opinionis
938 3626 993 3674 et
1040 3619 1355 3676 intellectus
1403 3635 1628 3676 sensum
1692 3624 2027 3691 superantis,

457 3714 620 3775 atque
657 3708 852 3762 oculus
880 3708 1042 3764 nobis
1077 3710 1295 3765 exsistit
1322 3710 1595 3779 interpres
1634 3712 2028 3781 omnipotentis

456 3795 759 3866 sapientiae,
788 3813 911 3867 quae
954 3801 1011 3852 in
1052 3814 1236 3853 rerum
1281 3799 1499 3869 quidem
1530 3802 1887 3857 universitate
1911 3818 2032 3858 cer-

452 3888 626 3954 nitur,
658 3904 781 3941 eum
825 3904 975 3952 vero,
1008 3889 1103 3958 qui
1136 3905 1230 3959 per
1278 3890 1451 3959 ipsam
1487 3891 1641 3946 solus
1686 3906 1777 3947 res
1808 3893 2030 3949 univer-

453 3992 546 4033 sas
597 3978 836 4048 undique
885 3979 1299 4048 comprehendit
1346 3987 1512 4049 atque
1558 3981 1875 4050 complexus
1924 3992 2030 4049 est,

452 4082 551 4139 per
600 4084 723 4125 sese
777 4071 1030 4124 indicat:
1080 4070 1154 4123 ita
1204 4070 1334 4125 dum
1380 4085 1506 4125 eum
1557 4085 1796 4140 quoque,
1840 4071 1935 4141 qui
1972 4071 2029 4125 in

453 4159 615 4214 nobis
640 4170 747 4222 est,
774 4161 1037 4214 mundum
1066 4161 1368 4224 intuemur,
1405 4161 1549 4216 haud
1585 4176 1752 4231 parva
1785 4160 2030 4217 subsidia

452 4248 714 4305 habemus
757 4266 855 4321 per
891 4267 953 4306 ea
985 4267 1105 4321 quae
1154 4260 1452 4322 apparent,
1493 4253 1659 4307 etiam
1704 4252 1772 4306 ad
1799 4252 1851 4307 id
1882 4250 2028 4321 quod

2129 3088 2189 3124 τε
2213 3071 2307 3124 καὶ
2350 3070 2624 3143 ἰδιαζούσῃ
2660 3071 2852 3140 φύσει,
2881 3071 3031 3143 παρὰ
3056 3073 3157 3141 τὴν
3181 3072 3495 3143 σωματικὴν
3528 3091 3705 3144 παχυ-

2132 3163 2377 3232 μέρειαν.
2417 3161 2505 3225 Ὠς
2526 3163 2635 3231 γὰρ
2657 3163 2836 3217 πάντα
2869 3163 2961 3217 τὸν
2996 3163 3198 3232 κόσμον
3223 3164 3311 3217 διὰ
3332 3164 3433 3232 τῆς
3454 3163 3705 3234 αἰσθητι-

2129 3253 2234 3322 κῆς
2261 3255 2598 3327 ἀντιλήψεως
2627 3256 3080 3325 ἐπιγινώσκοντες
3112 3296 3128 3320 ,
3159 3259 3230 3312 δι’
3258 3258 3427 3329 αὐτῆς
3446 3259 3546 3329 τῆς
3567 3259 3709 3312 κατὰ.

2126 3345 2226 3416 τὴν
2269 3347 2522 3419 αἴσθησιν
2560 3349 2715 3419 ἡμῶν
2752 3348 3028 3419 ἐνεργείας
3060 3350 3140 3412 είς
3170 3350 3269 3421 τὴν
3312 3349 3408 3403 τοῦ
3446 3351 3591 3420 ὑπὲρ
3618 3352 3703 3404 αἴ-

2130 3437 2321 3508 σθησιν
2347 3438 2665 3510 πράγματος
2685 3439 2796 3511 (47)
2821 3440 2916 3493 καὶ
2940 3442 3215 3510 νοήματος
3233 3439 3448 3494 ἔννοιαν
3476 3441 3703 3512 ὁδηγού-

2131 3529 2271 3598 μεθα
2311 3526 2454 3599 (48),
2493 3528 2589 3581 καὶ
2633 3528 2841 3596 γίνεται
2870 3529 3000 3599 ἡμῖν
3029 3529 3059 3579 ό
3100 3526 3378 3596 ὀφθαλμὸς
3430 3528 3703 3598 ἑρμηνεὺς

2125 3617 2225 3687 τῆς
2247 3617 2650 3689 παντοδϊινάμου
2684 3617 2907 3686 σοφίας,
2941 3620 3040 3688 τῆς
3069 3617 3149 3687 τῷ
3185 3617 3347 3671 παντὶ
3377 3618 3476 3687 μὲν
3503 3617 3705 3670 ὲνθεω-

2131 3705 2419 3777 ρουμένης,
2451 3706 2545 3759 τὸν
2564 3705 2622 3758 δὲ
2646 3705 2766 3758 κατ’
2791 3704 2962 3776 αὐτὴν
2986 3703 3099 3776 (49)
3131 3705 3225 3758 τοῦ
3257 3705 3458 3767 παντὸς
3485 3706 3701 3777 περιδε-

2127 3796 2430 3867 δραγμένον
2452 3796 2518 3850 δι’
2550 3795 2750 3865 ἑαυτῆς
2785 3794 3137 3868 μηνυούσης,·
3165 3794 3307 3849 οὕτω
3338 3797 3430 3849 καὶ
3458 3795 3598 3866 πρὸς
3617 3796 3705 3849 τὸν

2128 3889 2188 3941 ὲν
2214 3889 2345 3958 ἡμῖν
2368 3888 2655 3958 βλέποντες
2670 3888 2895 3959 κόσμον,
2921 3888 2984 3940 οὐ
3006 3888 3209 3959 μικρὰς
3231 3886 3428 3958 ἔχομεν
3449 3889 3704 3958 ἀφορμὰς

2130 3978 2267 4050 πρὸς
2283 3979 2343 4032 τὸ
2362 3979 2450 4033 διὰ
2470 3978 2577 4032 τῶν
2600 3980 2939 4049 φαινομένων
2957 3978 3161 4032 καὶτοῦ
3179 3980 3568 4050 κεκρυμμένου
3591 3982 3701 4049 (50)

2129 4071 2654 4142 καταστοχάσασθαι.
2687 4071 3009 4143 Κέκρυπται
3040 4070 3095 4124 δὲ
3116 4074 3319 4138 ὲκείνο,
3345 4072 3375 4125 ὃ
3396 4072 3481 4140 ἐφ’
3506 4070 3704 4126 ἑαυτοὲ

2130 4160 2189 4215 ὃν
2214 4162 2400 4231 νοητόν
2422 4178 2482 4214 τε
2527 4160 2639 4232 (5i)
2661 4161 2755 4214 καὶ
2774 4160 2948 4225 ἀειδὲς
2965 4160 3244 4229 διαφεύγει
3265 4161 3364 4232 τὴν
3383 4161 3697 4232 αἰσθητικὴ.

2130 4251 2473 4320 κατανόησιν.

449 4343 725 4400 occultum
757 4351 860 4408 est,
892 4344 1208 4414 conjectura
1240 4344 1612 4414 perveniendi.
1657 4343 1716 4397 ld
1746 4350 1927 4398 autem
1957 4343 2014 4397 in
2051 4357 2177 4397 sese
2231 4342 2505 4396 occultum
2540 4348 2595 4396 et
2634 4341 3011 4398 absconditum
3055 4352 3158 4409 est,
3193 4342 3340 4412 quod
3409 4351 3464 4399 et
3525 4353 3706 4397 mente

448 4446 503 4491 et
561 4437 920 4507 intelligentia
971 4436 1273 4506 percipitur
1315 4435 1611 4506 formaeque
1657 4450 1855 4505 expers
1909 4443 2013 4498 est,
2053 4432 2201 4505 quod
2244 4449 2510 4490 sensuum
2554 4432 2744 4505 eﬁ'ugit
2796 4433 3349 4490 animadversionem.

523 4572 588 4626 Ο.
612 4569 790 4640 Atque
804 4585 904 4641 ego
922 4570 1153 4629 :Verum
1177 4568 1443 4638 sapientia
1482 4568 1733 4638 quidem,
1773 4569 2017 4640 inquam,

2188 4569 2251 4624 Γ.
2272 4564 2443 4634 Κάγὼ
2456 4563 2631 4623 εἷπον·
2662 4563 2826 4621 Ἀλλὰ
2845 4569 2946 4640 τὴν
2986 4569 3098 4640 (52)
3155 4568 3248 4623 τοῦ
3293 4569 3492 4632 παντὸς
3532 4571 3701 4640 ὑπερ-

445 4675 567 4733 (ιιιαε
625 4660 682 4714 in
745 4659 959 4714 superis
1019 4660 1265 4728 partibus
1325 4659 1485 4730 quasi
1527 4660 1583 4714 in
1647 4675 1774 4716 arce
1829 4676 2014 4716 rerum

443 4832 637 4906 λοιπὰς
657 4835 756 4905 τὴν
783 4835 1050 4890 ἐναντίαν.
1077 4868 1111 4876 -
1126 4838 1478 4906 Hsptgpopdr.
1510 4835 1879 4890 Ταῦταπάντα
1899 4835 2015 4889 δια-

486 4905 609 4974 οραί
650 4907 787 4961 είσιν
820 4906 1085 4978 κινήσεων
1113 4907 1207 4962 καὶ
1241 4905 1475 4979 σχέσεων
1505 4907 1639 4978 πρὸς
1664 4906 1867 4977 ἄλληλα
1909 4906 2019 4960 τῶν

486 4990 683 5030 στρων.

618 5050 631 5123 >
672 5046 748 5123 Τά
771 5048 945 5123 ιίέρη·
981 5046 1105 5123 MS;

539 5113 631 5185 Η)
663 5113 1002 5185 Δυνάμειτὸ
1023 5114 1167 5170 πᾶν.
1212 5116 1287 5170 Ita
1313 5113 1459 5172 recte
1493 5116 1658 5171 editio
1690 5117 1817 5170 anni
1856 5115 2015 5170 1638.

445 5183 618 5256 Aliter
669 5183 851 5256 habet»
886 5186 1253 5256 interpunctio
1300 5187 1355 5240 iu
1409 5187 1647 5241 editione
1698 5187 1865 5247 1615.
1920 5186 2015 5240 sed

445 5253 727 5326 mendose.
748 5254 926 5326 Codex
947 5256 986 5326 Β
1004 5253 1100 5325 pro
1128 5257 1378 5325 sequenti
1395 5257 1526 5311 αὑτό
1547 5257 1674 5326 legit
1690 5258 1830 5311 male
1845 5255 2013 5325 αὐτῷ.

514 5322 629 5391 (42)
656 5323 796 5391 Περὶ
819 5322 1408 5395 ἐαυτόκινούλιενον.
1464 5328 1540 5382 lta
1572 5322 1770 5450 εει-ἰἓεὶ
1800 5343 1868 5382 ex
1907 5322 2010 5381 ms.

516 5406 616 5451 ι)το
642 5394 788 5448 edito
818 5396 947 5451 περὶ
986 5396 1118 5450 αὐτὸ
1156 5397 1459 5451 γινόμενον.
1504 5395 1639 5451 Cod.
1754 5394 2010 5451 mendose

1754 5411 2014 5452 ωειιαοεε

933 5088 945 5099 .
981 5044 1406 5116 Ms._utrumque
1432 5047 1502 5100 τά
1516 5063 1592 5099 τε.

444 5391 489 5445 Δ
516 5406 619 5467 p_ro_
642 5394 793 5467 edito
818 5396 947 5467 περὶ
986 5396 1118 5450 αὐτὸ
1156 5391 1459 5467 γινόμενον.
1504 5395 1639 5453 Cod.

444 5462 575 5524 περὶ
601 5463 816 5520 ἑαυτοῦ.
846 5462 1055 5520 Caetera
1084 5462 1381 5524 consentit.

557 5475 575 5514 t
601 5475 816 5520 εαυτου.
846 5475 1055 5520 Caetera
1084 5475 1381 5524 consentit.

516 5475 628 5608 εὖ)
671 5532 1089 5608 -ξομοᾷογρῖτο,
1158 5537 1235 5608 lla
1286 5545 1518 5608 uterque
1578 5538 1746 5593 codex
1805 5552 1903 5608 pro
1949 5551 2013 5592 co

444 5603 589 5669 quod
619 5603 788 5659 editio
827 5606 965 5663 1658
994 5607 1156 5663 habet
1191 5603 1539 5679 ὡμολογέίτο,
1574 5617 1629 5664 et
1661 5603 1830 5664 altera
1864 5608 2015 5677 prior

444 5670 789 5726 ὡμολόγοιτο.

441 5686 789 5743 ωμοΛογοιτο.

2121 4657 2379 4729 κειμένην
2405 4656 2598 4729 σοφίαν
2626 4657 2716 4711 διὰ
2734 4659 2843 4713 τῶν
2868 4660 3319 4732 ἐνθεωρουμένων
3333 4664 3397 4733 τῇ
3418 4662 3578 4730 φύσει
3595 4664 3701 4716 τῶν

2194 4834 2307 4905 (εΗ)
2359 4835 2422 4888 Ἡ
2444 4833 2532 4898 δὲ,
2559 4834 2825 4905 Λέγεται.
2856 4837 2919 4905 in
2953 4835 3103 4890 calce
3130 4835 3334 4899 codicis
3362 4835 3404 4888 Α
3441 4835 3583 4889 hanc
3614 4836 3697 4889 in-

2121 4903 2295 4989 venis
2328 4914 2533 4969 notam,
2572 4904 2822 4959 ἐντεῦθεν
2864 4903 2964 4967 τὰς
3010 4905 3139 4976 περὶ
3184 4905 3359 4976 ψυχῆς
3396 4904 3698 4970 ἀποδείξεις

2273 4991 2343 5028 ει.

2121 4992 2343 5113 γρῗιῗι’
2356 5045 2710 5114 ἐδεήθημεν

2192 5113 2306 5183 (46)
2357 5113 2815 5183 Ὑπειλήφαμεν,
2859 5123 2968 5169 etc.
2985 5113 3039 5166 Β

2123 5182 2373 5254 λήφαμεν
2406 5185 2463 5237 δὲ
2495 5182 2698 5254 ὲαῡτὴν
2730 5182 3126 5254 ἐξηλλαγμένη.

2213 5254 2305 5325 47)
2348 5253 2713 5325 "pay-pum.
2754 5253 2868 5325 AiB
2904 5253 3227 5325 πράγματός
3266 5271 3347 5309 τε.

2213 5323 2302 5393 48)
2353 5323 2768 5394 Ὀδηγούμεθα.
2798 5324 2838 5374 Β
2870 5323 3272 5394 ποδηγούμεθα.

2219 5394 2309 5464 49)
2348 5393 2725 5462 Κατάὺτήγ.
2756 5394 2801 5464 Α
2829 5394 2953 5449 καθ’
2983 5393 3195 5464 ἑαυτόν.

2214 5462 2303 5535 50)
2342 5464 2456 5535 ,Τοῦ
2494 5463 2921 5535 κεκρυμμένου.
2983 5462 3043 5518 In
3082 5465 3233 5521 calce
3272 5463 3480 5520 codicis
3522 5462 3563 5516 A
3596 5465 3690 5535 τῆς

2118 5534 2295 5604 ψυχῆς
2333 5534 2599 5601 δηλονότι.

2190 5604 2302 5673 (51)
2351 5607 2453 5655 Ὃν
2486 5604 2709 5670 νοητόν
2741 5620 2822 5658 τε.
2860 5605 2903 5657 Δ
2940 5604 2968 5656 ὃ
3002 5605 3192 5673 νοητόν
3222 5621 3304 5658 τε.

2193 5674 2304 5744 (52)
2357 5672 2530 5728 Ἀλλὰ
2558 5673 2687 5744 τήν.
2723 5676 2766 5727 Δ
2796 5675 2836 5726 Β
2864 5674 2998 5728 ἀλλὰ
3029 5672 3126 5746 τῆν
3154 5674 3277 5756 μέν,

2714 5083 2728 5096 .
2753 5045 2799 5096 Α
2833 5044 2876 5095 Β
2902 5044 3244 5115 δεηθείημεν,

3134 5113 3471 5185 πει).ήφαμεν
3490 5130 3504 5143 ·
3539 5113 3693 5169 ὑπει-
