3950 6132
337 244 413 300 ἳθ
1404 247 1491 302 DE
1528 245 1746 302 ANIMA
1781 243 1870 298 ET
1898 244 1917 298 Ι

2022 243 2499 303 iURRECTIONE.
3521 244 3596 302 ΖΘ

337 355 507 410 ὅντων
535 353 716 424 σοφῶν
732 372 792 408 τε
811 356 903 408 καὶ
917 355 1182 426 τεχνικῶν
1198 357 1390 425 λόγων,
1410 359 1467 411 ὲν
1479 361 1543 428 τῇ
1564 358 1798 429 ἁρμονίᾳ
1814 356 1917 427 (55)

2029 357 2284 428 praesidet
2328 358 2676 412 universitati
2721 372 2817 428 per
2857 373 2974 422 eas,
3025 371 3147 427 qum
3189 365 3503 426 spectantur
3535 359 3592 413 in

336 443 510 514 ταύτῃ
534 444 628 496 καὶ
653 444 1008 514 διακοσμήσει
1036 445 1260 500 δυνατόν
1291 449 1439 501 ἐστιν
1463 447 1884 516 ἁναλογίσασθαι
1904 464 1917 477 ·

335 537 517 606 ψυχῆς
543 537 603 589 δὲ
638 537 839 605 γνῶσις
867 537 954 590 διὰ
977 537 1086 593 τῶν
1113 539 1257 592 κατὰ
1289 539 1353 591 τὸ
1381 539 1536 608 σῶμα
1561 538 1924 609 δεικνυμένων

336 626 424 688 τίς
462 627 529 680 ἂν
559 627 768 694 γένοιτο
803 630 914 690 τοῖς
947 629 1056 682 ἀπὸ
1092 627 1202 681 τῶν
1231 629 1569 698 φαινομένων
1601 629 1661 682 τὸ
1682 626 1923 699 κρυπτὸν

339 720 738 790 άνιχνεύουσινς
777 719 1054 774 —M.Kal
1075 721 1306 792 μάλιστα
1327 720 1437 790 (5.4)
1459 721 1558 794 μέν
1594 738 1714 784 τοι,
1762 719 1924 789 φησίν

340 811 374 880 ή
428 810 723 881 παρθένος,
767 814 880 876 τοῖς
917 811 1057 866 κατὰ
1078 811 1138 866 τὸ
1172 813 1333 882 σοφὸν
1361 813 1533 866 ἐκεῖνο
1560 811 1925 882 παράγγελμα

338 901 633 969 γινώσκειν
672 905 900 967 ἑαυτοὺς
927 903 1320 975 ἐπιθυμοῦσινο
1353 905 1403 959 εί
1442 905 1604 977 κᾶνή
1644 905 1754 974 (55)
1783 905 1926 959 διδά-

340 993 539 1056 σκαλος
559 993 670 1047 τῶν
703 994 834 1069 περὶ
861 993 1044 1064 ψυχῆς
1069 995 1394 1066 ὑπολήψεων
1414 995 1551 1065 αὑτὴ
1591 997 1624 1067 ή
1651 994 1818 1066 ψυχὴ,
1841 996 1923 1048 ὅτι

339 1083 500 1148 ᾶῦλός
546 1102 632 1148 τις
667 1087 780 1154 (56)
818 1087 912 1139 καὶ
948 1085 1267 1158 ἀσώματος,
1313 1087 1662 1158 καταλλήλως
1709 1089 1775 1158 τῇ
1812 1085 1922 1157 ἰδίᾳ

339 1175 502 1244 φύσει
535 1176 836 1247 ἐνεργοῦσά
875 1177 988 1249 (57)
1015 1195 1075 1231 τε
1103 1176 1198 1230 καὶ
1224 1177 1540 1248 κινουμένη,
1568 1177 1664 1231 καὶ
1695 1177 1783 1231 διὰ
1815 1176 1922 1230 τῶν

342 1267 673 1337 σωματικῶν
689 1267 934 1339 ὀργάνων
954 1269 1054 1332 τὰς
1077 1269 1216 1333 ίδίας
1247 1270 1492 1340 κινήσεις
1511 1268 1917 1340 ἐνδεικνυμένη.

353 1356 422 1409 Ἠ
451 1358 559 1427 γὰρ
587 1357 850 1430 ὀργανική
875 1358 968 1411 τοῦ
1005 1357 1256 1428 σώματος
1287 1358 1425 1431 αὕτη
1462 1359 1724 1430 διασκευὴ
1746 1398 1762 1422 ,
1806 1357 1922 1412 ἐστι

347 1447 448 1518 μὲν
476 1448 626 1502 οὐδὲν
669 1444 827 1522 ἦττον
872 1449 966 1502 καὶ
1006 1448 1234 1502 ἐπὶτῶν
1275 1449 1764 1522 ἀπονεκρωθέντων
1805 1448 1919 1519 (58)

342 1539 438 1593 διὰ
476 1539 726 1603 θανάτου,
764 1540 876 1594 ἀλλ’
909 1540 1165 1610 ἀκίνητος
1204 1540 1316 1612 (59)
1367 1541 1515 1610 μένει
1568 1542 1664 1595 καὶ
1704 1541 1921 1613 ἀνενέρ-

347 1646 538 1698 γητος,
553 1631 649 1700 τῆς
663 1630 893 1701 ψυχικῆς
915 1631 1193 1701 δυνάμεως
1215 1632 1272 1684 ὲν
1297 1633 1430 1705 αὐτῇ
1459 1633 1533 1704 μὴ
1551 1633 1732 1702 οὔσης.
1749 1635 1921 1686 Κινεί-

2029 459 2224 507 natura
2261 467 2466 517 rerum,
2499 452 2733 506 solertes
2769 459 2822 504 et
2867 448 3195 504 artificiosas
3243 449 3506 515 rationes,
3535 451 3591 504 in

2025 542 2128 598 hac
2169 549 2315 612 apta,
2346 542 2641 604 concinna,
2671 539 3037 595 consentienti
3072 548 3235 609 alque
3257 541 3594 608 eonspirantl

2024 633 2396 696 distinctione,
2445 633 2815 702 descriptione
2855 639 3018 701 atque
3058 631 3369 701 digestione
3417 640 3596 701 potest

2025 721 2388 778 animadverti
2422 733 2589 793 atque
2619 721 2879 777 aestimari
2911 739 2924 774 :
2959 721 3156 774 anima:
3194 735 3323 774 vero
3353 720 3595 790 cognitio

2025 829 2122 883 per
2159 829 2222 869 ea
2249 829 2368 884 quae
2402 814 2458 869 in
2490 829 2722 884 corpore
2757 813 3147 875 ostenduntur,
3189 827 3437 880 quamam
3465 827 3596 864 con-
3681 801 3691 810 ’

2025 906 2238 976 tingere
2310 907 2484 976 possit
2539 907 2606 962 iis
2660 906 2752 975 qui
2804 921 2900 974 per
2932 907 3248 974 apparentia
3294 904 3439 972 quod
3495 917 3592 954 oc-
3665 890 3669 894 ’

2025 997 2234 1052 cultum
2265 1007 2384 1061 est,
2425 987 3052 1064 ittvestigant?M.Atqtte
3101 993 3392 1047 admodum
3440 1007 3590 1052 sane,

2025 1085 2202 1156 inquit
2224 1086 2400 1156 virgo,
2425 1084 2508 1138 vel
2531 1085 2650 1154 ipsa
2679 1084 3051 1154 anima,juxta
3077 1083 3276 1138 scitum
3300 1082 3433 1135 illud
3457 1096 3595 1150 pra:-

2025 1185 2264 1247 ceptum,
2312 1175 2524 1245 seipsos
2577 1188 2809 1230 noscere
2841 1173 3217 1243 cupientibus,
3271 1173 3594 1242 Opinionum

2023 1275 2189 1337 atque
2219 1266 2640 1337 persuasionum
2697 1265 2765 1321 de
2819 1266 2999 1319 anima
3031 1264 3164 1318 satis
3207 1262 3399 1316 idonea
3443 1259 3594 1314 suﬂi-

2022 1357 2284 1426 ciensque
2308 1357 2565 1427 magistra
2604 1364 2711 1422 est,
2739 1371 2932 1425 nempe
2956 1357 3098 1425 quod
3131 1371 3326 1424 expers
3354 1353 3592 1406 materia:

2022 1456 2077 1504 et
2115 1448 2444 1517 incorporea
2486 1447 2732 1518 quaedam
2778 1448 2871 1512 sit,
2907 1462 3027 1516 qua:
3061 1445 3127 1500 ad
3145 1461 3307 1507 suam
3342 1454 3594 1498 naturam

2021 1535 2432 1592 accommodate
2477 1545 2531 1590 et
2571 1543 2820 1605 operetut
2871 1544 2926 1589 et
2961 1543 3270 1598 moveatur,
3305 1544 3358 1588 et
3392 1548 3486 1603 per
3513 1533 3594 1596 in-

2023 1631 2329 1680 strumenta
2395 1623 2705 1692 corporalia
2772 1636 2904 1677 suas
2976 1621 3250 1676 motiones
3317 1621 3588 1675 ostendat.

346 1735 439 1771 ται
461 1718 517 1771 δὲ
539 1719 654 1772 τότε
684 1720 812 1774 ὅταν
838 1721 872 1790 ἦ
895 1738 954 1774 τε
988 1719 1098 1792 (60)
1119 1719 1367 1792 αἴσθησις
1385 1719 1443 1777 ἐν
1461 1725 1573 1786 τοῖς
1591 1723 1842 1794 ὀργάνοις
1861 1717 1917 1793 ᾖ,

2025 1715 2520 1771 Ιήειῑιιιηεηιοιουῐη
2552 1715 2698 1769 enim
2727 1712 2974 1782 corporis
3025 1711 3141 1767 haec
3171 1713 3401 1781 digestio
3429 1724 3592 1782 atque

345 1806 441 1858 καὶ
479 1805 568 1860 διὰ
602 1806 704 1877 τῆς
743 1807 1050 1879 αἰσθήσεως
1083 1811 1113 1881 ή
1155 1811 1319 1880 νοητὴ
1358 1810 1586 1882 δύναμις
1622 1811 1786 1884 διήκῃ
1808 1811 1918 1882 (61)

341 1895 466 1956 ταῖς
517 1893 676 1958 ίδίαις
720 1895 920 1966 ὁρμαῖς
972 1897 1300 1966 συγκινοῦσα
1335 1899 1470 1970 πρὸς
1510 1900 1570 1953 τὸ
1605 1897 1799 1952 δοκοῦν
1850 1897 1919 1950 τὰ

340 1983 613 2054 ὀργανικὰ
639 1985 987 2057 αἰσθητήρια,
1003 1982 1135 2038 -Γ.
1155 1981 1665 2054 Τίοῦν,εῑπον,ὲστὶν
1679 1993 1714 2063 ἡ
1736 1990 1914 2060 ψυχὴ;

343 2073 396 2126 εί
418 2071 644 2127 δυνατὸν
672 2073 816 2145 λόγῳ
839 2075 945 2129 τινὶ
976 2077 1076 2146 τὴν
1109 2075 1271 2144 φύσιν
1300 2076 1682 2147 ὑπογραφῆναι
1702 2118 1718 2144 ,
1752 2079 1828 2141 ὡς
1852 2079 1917 2133 ἄν

343 2181 432 2227 τις
456 2162 668 2232 γένοιτο
700 2167 834 2235 ἡμῖν
860 2165 952 2220 τοῦ
976 2167 1332 2238 ὑποκειμένου
1354 2166 1443 2221 διὰ
1475 2167 1575 2238 τῆς
1595 2169 1918 2239 ὑπογραφῆς

343 2251 702 2321 κατανόησις.
721 2256 828 2311 Kal
841 2256 875 2326 ἡ
891 2251 1568 2317 διδάσκαλος,-Μ.¹Ἀλλοι
1589 2253 1688 2324 μὲν
1720 2253 1915 2316 ἄλλως,

343 2341 512 2411 φησὶ,
558 2342 651 2396 τὸν
685 2341 813 2413 περὶ
855 2342 1024 2412 αὐτῆς
1065 2343 1412 2414 ἀπεφήναντο
1451 2342 1631 2413 λόγον,
1680 2343 1822 2397 κατὰ
1857 2343 1917 2396 τὸ

340 2431 533 2486 δοκοῦν
556 2433 785 2497 ἕκαστος
815 2435 1137 2505 ὁριζόμενοι,
1162 2437 1194 2506 ή
1227 2435 1284 2489 δὲ
1315 2435 1559 2507 ἡμετέρα
1593 2434 1721 2506 περὶ
1747 2434 1919 2503 αὐτῆς

339 2523 471 2590 δόξα
512 2524 684 2589 οὕτως
729 2524 874 2596 ἔχει·
920 2525 1079 2596 ιΙίύχή
1132 2527 1279 2580 ὲστιν
1318 2526 1472 2579 οὐσία
1499 2523 1741 2594 γεννητή
1781 2522 1917 2594 (62),

341 2615 502 2670 οὐσία
528 2613 698 2680 ζῶσα,
727 2615 908 2687 νοερὰ,
933 2615 1142 2687 σώματι
1165 2615 1439 2687 ὀργανικῷ
1471 2616 1566 2669 καὶ
1595 2612 1916 2684 αἰσθητικῷ,

341 2706 574 2776 δύναμιν
605 2706 838 2778 ζωτικὴν
865 2707 959 2760 καὶ
985 2706 1094 2761 τῶν
1124 2707 1398 2778 αἰσθητῶν
1427 2705 1823 2776 ἀντιληπτικὴν
1849 2704 1917 2757 δι’

342 2795 546 2865 ἑαυτῆς
570 2795 785 2849 ὲνιοῦσα
818 2795 952 2866 (65),
987 2796 1089 2860 ἕως
1117 2795 1184 2851 ἂν
1220 2799 1254 2868 ἡ
1281 2795 1503 2867 δεκτικὴ
1557 2794 1761 2848 τούτων
1795 2810 1920 2847 συν-

343 2887 542 2958 έστηκε
575 2885 683 2959 (64)
714 2886 895 2956 φύσις.
915 2889 1024 2942 Kal
1059 2887 1177 2958 ἅμα
1211 2887 1384 2942 ταῦτα
1415 2887 1650 2956 λέγουσα
1680 2886 1919 2941 δείκνυσι

2021 1813 2316 1878 apparatus
2338 1814 2424 1862 est
2453 1805 2672 1875 quidem
2689 1803 3052 1858 nihilominus
3084 1805 3140 1857 in
3169 1812 3344 1857 morte
3375 1819 3586 1872 percnt-

2021 1899 2129 1966 ptis
2176 1905 2229 1951 et
2255 1896 2562 1960 exstinctis,
2584 1894 2680 1948 sed
2710 1895 2855 1964 quod
2878 1894 3074 1947 animae
3091 1894 3324 1948 visinea
3355 1910 3462 1946 non
3495 1893 3588 1956 sit,

2020 2003 2217 2058 expers
2247 1995 2429 2042 manet
2449 1995 2503 2042 et
2521 1983 2779 2040 motionis
2795 1991 2848 2039 et
2869 1984 3121 2039 actionis.
3142 1983 3389 2038 Movetur
3407 1991 3588 2038 autem

2021 2085 2176 2145 tunc,
2219 2094 2347 2133 cum
2385 2085 2440 2133 et
2469 2091 2668 2133 sensus
2702 2076 3057 2132 instrumenti
3104 2085 3209 2140 est,
3252 2083 3305 2130 et
3340 2091 3434 2144 per
3467 2089 3592 2129 sen-

2019 2186 2140 2224 sum
2187 2168 2527 2239 intelligendi
2567 2169 2650 2226 vis
2681 2178 2846 2240 atque
2875 2167 3116 2223 facultas
3153 2167 3391 2237 pertinet
3423 2173 3590 2234 atque

2021 2261 2270 2333 pervadit
2298 2268 2406 2316 'una
2433 2277 2559 2317 cum
2592 2261 2710 2318 suis
2743 2260 3030 2317 conatibus
3061 2264 3116 2314 et
3162 2257 3590 2328 appetitionibus

2019 2369 2129 2423 quo
2170 2354 2344 2408 visum
2383 2353 2566 2412 fuerit.
2609 2355 2773 2409 sim-ul
2816 2368 3044 2409 movens
3088 2364 3349 2408 sensuum
3386 2348 3591 2402 instru-

2021 2434 3315 2505 menta.—G.Quidigitur,inquamestanima"
3361 2439 3406 2494 si
3451 2438 3592 2492 forte

2020 2541 2200 2604 potest
2231 2533 2416 2601 aliqua
2456 2533 2670 2587 ratione
2713 2541 2910 2585 natura
2957 2531 3080 2598 ejus
3114 2527 3392 2597 designari
3426 2537 3592 2596 atque

2021 2623 2280 2689 describi,
2341 2633 2401 2679 ut
2451 2640 2516 2680 ex
2580 2623 2700 2693 ipsa
2741 2622 3115 2678 delineatione
3161 2630 3328 2690 atque
3382 2619 3590 2674 descri-

2023 2716 2210 2786 ptione
2258 2715 2446 2784 aliquo
2486 2715 2646 2768 modo
2685 2713 2829 2781 quod
2869 2711 3216 2783 propositum
3265 2719 3372 2772 est,
3415 2709 3591 2762 anim-

2022 2804 2341 2860 advertatur
2405 2799 3079 2872 etcognoscatur.—M.Et
3125 2800 3386 2868 magistra
3415 2838 3429 2862 ,
3486 2796 3592 2850 Alii

2022 2894 2243 2964 quidem
2299 2893 2481 2956 aliter,
2533 2890 2750 2960 inquit,‘
2786 2889 3059 2945 rationem
3107 2889 3230 2958 ejus
3278 2888 3588 2950 ediderunt,

341 2978 408 3048 τῇ
440 2976 587 3046 χειρὶ
630 2975 719 3030 τὸν
751 2976 932 3048 ἰατρὸν
969 2976 1062 3030 τὸν
1095 2976 1192 3030 ἐπὶ
1229 2976 1493 3048 θεραπείᾳ
1529 2977 1622 3030 τοῦ
1671 2975 1917 3046 σώματος

2024 2991 2188 3053 prout
2228 2984 2433 3054 cuique
2484 2983 2784 3047 videretur,
2835 2981 3198 3037 definientes:
3230 2987 3420 3036 nostra
3461 2993 3592 3034 vero

342 3067 482 3137 αὐτῇ
527 3065 1009 3138 προσκαθήμενον,
1044 3067 1136 3119 καί
1179 3083 1366 3137 φησιν·
1420 3067 1616 3134 Ἐγγὺς
1649 3068 1782 3136 ἡμῖν
1812 3063 1917 3117 τῶν

2023 3073 2091 3128 de
2145 3088 2208 3128 ea
2261 3073 2537 3130 sententia
2590 3073 2717 3128 talis
2762 3079 2851 3129 est
2908 3089 2921 3126 :
2969 3070 3171 3126 Anima
3222 3077 3306 3125 est
3352 3069 3592 3124 essentia

342 3155 649 3226 εἰρημένων
689 3159 723 3226 ή
761 3157 1053 3229 μαρτυρία.
1098 3155 1223 3219 Πῶς
1254 3155 1382 3226 γὰρ,
1413 3151 1566 3208 εἶπεν
1600 3154 1734 3222 (65),
1767 3149 1920 3216 οὗτος

342 3245 620 3300 ἐπιϐαλὼν
641 3250 708 3317 τῇ
733 3247 970 3320 ἀρτηρίᾳ
988 3249 1088 3318 τήν
1111 3247 1220 3301 τῶν
1242 3246 1518 3300 δακτύλων
1539 3246 1703 3316 ἁφὴν,
1730 3245 1918 3299 ἀκούει

339 3337 543 3408 τρόπον
572 3338 695 3392 τινὰ
729 3337 818 3391 διὰ
840 3339 938 3409 τῆς
975 3337 1214 3407 ὀπτικῆς
1247 3336 1548 3409 αἰσθήσεως
1577 3337 1677 3408 τῆς
1705 3335 1919 3406 φύσεως

339 3428 480 3499 πρὸς
504 3428 668 3482 αὐτὸν
697 3427 928 3500 βοώσης,
963 3429 1058 3482 καὶ
1084 3428 1152 3482 τὰ
1187 3429 1294 3482 ἴδια
1332 3428 1480 3499 πάθη
1511 3427 1877 3499 διηγουμένης
1899 3468 1914 3493 ,

338 3520 422 3573 ὀτι
455 3519 513 3572 ὲν
551 3519 797 3572 ἐπιτάσει
838 3519 955 3571 ἐστὶ
981 3518 1057 3589 τῷ
1093 3517 1304 3589 σώματι
1329 3518 1390 3571 τὸ
1431 3518 1790 3590 ἀρρώστημα,
1824 3521 1919 3572 καὶ

337 3609 448 3664 ἀπὸ
492 3608 660 3662 τῶνδε
693 3608 803 3663 τῶν
845 3609 1167 3680 σπλάγχνων
1205 3610 1240 3679 ή
1293 3608 1449 3672 νόσος
1487 3609 1744 3680 ὥρμηται
1769 3648 1785 3674 ,
1823 3610 1915 3664 καὶ

339 3699 434 3753 ἐπὶ
484 3698 700 3752 τοσόνδε
741 3699 1059 3770 παρατείνει
1107 3697 1203 3752 τοῦ
1253 3698 1498 3768 φλογμοῦ
1545 3701 1578 3770 ή
1628 3699 1914 3766 ὲπίτασις;

339 3790 664 3845 Διδάσκεται
691 3790 746 3843 δὲ
780 3791 872 3844 καὶ
907 3790 1009 3844 ὑπὸ
1035 3789 1129 3844 τοῦ
1162 3790 1442 3861 ὀφθαλμοῦ
1473 3791 1611 3846 ἄλλα
1648 3790 1872 3846 τοιαῦτα
1899 3834 1914 3858 ,

340 3879 475 3949 πρός
497 3897 557 3933 τε
579 3879 641 3932 τὸ
660 3881 844 3950 σχῆμα
873 3879 970 3949 τῆς
998 3879 1367 3943 κατακλίσεως
1390 3879 1623 3948 βλέπων,
1657 3881 1751 3934 καὶ
1783 3882 1918 3952 πρὸς

339 3969 438 4042 τὴν
468 3969 580 4024 τῶν
614 3967 832 4042 σαρκῶν
870 3969 1149 4039 τηκεδόνα.
1187 3970 1297 4023 Kal
1327 3972 1402 4035 ὼς
1435 3973 1790 4044 ἐπισημαίνει
1819 3974 1916 4046 τὴν

341 4063 487 4116 ἔνδον
519 4061 781 4125 διάθεσιν,
813 4061 873 4115 τό
910 4079 970 4115 τε
1014 4057 1152 4126 εἶδος
1179 4060 1272 4115 τοῦ
1308 4063 1628 4134 χρώματος,
1665 4063 1917 4137 ῦπωχρόν

339 4169 399 4205 τε
439 4151 502 4204 ὂν
549 4151 646 4205 καὶ
686 4149 942 4221 χολῶδες,
975 4153 1069 4204 καὶ
1103 4154 1136 4223 ὴ
1172 4153 1282 4206 τῶν
1318 4153 1581 4224 ὀμμάτων
1627 4155 1754 4228 βολὴ
1789 4159 1916 4228 περὶ

339 4244 446 4298 τῶν
476 4243 792 4298 λυπούντων
823 4245 936 4313 (66)
981 4246 1076 4298 καὶ
1104 4245 1335 4313 ἀλγύνον
1378 4247 1699 4318 αὐτομάτως
1727 4251 1882 4318 ὲγκλι
1901 4281 1914 4289 -

2019 3171 2298 3232 generata,
2339 3163 2582 3218 essentia
2617 3164 2830 3228 vivens,
2871 3161 3280 3225 intellectualis,
3312 3159 3592 3230 corporeis

2020 3267 2279 3306 sensuum
2324 3252 2704 3308 instrumentis
2754 3252 2994 3316 vivendi,
3030 3259 3195 3322 atque
3237 3266 3300 3305 ea
3345 3265 3468 3320 quat
3498 3263 3592 3304 ca-

2019 3341 2159 3396 dunt
2207 3342 2312 3398 sub
2369 3359 2567 3399 sensus
2622 3344 2960 3415 percipiendi
3005 3345 3325 3398 facultatem
3379 3357 3445 3396 ac
3479 3344 3589 3394 vim

2019 3447 2116 3501 per
2160 3447 2280 3488 sese
2318 3447 2618 3504 suggerens
2665 3439 2720 3487 et
2769 3433 3094 3495 immittens,
3137 3431 3383 3501 quandiu
3417 3443 3589 3498 capax

2018 3536 2208 3577 earum
2251 3537 2435 3577 rerum
2475 3530 2672 3577 natura
2713 3531 2976 3578 constare
3018 3523 3291 3577 videatur.
3327 3520 3394 3574 Et
3427 3520 3594 3574 simul

2019 3611 2137 3666 haec
2193 3611 2408 3674 dicens,
2465 3610 2762 3674 medicum,
2821 3613 2914 3681 qui
2963 3611 3014 3666 ei
3067 3611 3296 3667 curandi
3343 3612 3594 3680 corporis

2019 3716 2184 3756 causa
2227 3701 2524 3768 assidebat,
2580 3717 2747 3757 manu
2803 3702 3074 3769 ostendit,
3122 3711 3178 3758 et
3224 3703 3338 3757 ait:
3387 3701 3595 3756 Praesto

2021 3794 2185 3850 nobis
2217 3801 2301 3850 est
2322 3808 2510 3850 eorum
2535 3810 2656 3864 quae
2683 3794 2832 3849 dicta
2861 3803 2991 3851 sunt
3019 3793 3420 3850 testimonium.
3449 3792 3595 3858 Quo-

2018 3900 2146 3941 nam
2186 3885 2334 3941 enim
2379 3885 2566 3954 modo,
2600 3887 2802 3957 inquit,
2845 3887 2934 3941 hic
2988 3893 3138 3941 tactu
3191 3887 3484 3955 digitorum
3524 3885 3594 3939 ad

2017 3978 2273 4033 arteriam
2318 3978 2585 4043 adhibito,
2635 3993 2734 4048 per
2770 3979 3031 4049 tangendi
3059 3993 3284 4034 sensum
3323 3977 3594 4047 quodam-

2016 4067 2178 4123 modo
2210 4068 2364 4123 audit
2397 4067 2466 4123 ad
2490 4069 2670 4139 ipsum
2695 4071 3022 4124 clamantem
3053 4077 3329 4133 naturam,
3355 4084 3595 4138 suasque

2016 4160 2332 4218 aﬂ‘ectiones
2387 4169 2442 4217 et
2486 4163 2842 4233 aegritudines
2908 4164 3285 4224 enarrante'm,
3343 4160 3488 4230 quod
3540 4161 3592 4212 in

2020 4253 2360 4309 incremento
2389 4254 2649 4310 nimirum
2695 4262 2754 4309 et
2800 4254 2857 4308 in
2889 4253 3196 4309 intentione
3227 4253 3476 4323 corporis
3512 4251 3596 4304 in-

339 4336 561 4408 νομένη.
616 4335 888 4400 Ὡσαύτως
924 4338 981 4390 δὲ
1023 4337 1116 4391 καὶ
1169 4340 1202 4408 ή
1237 4338 1372 4409 ἀκοὴ
1410 4339 1520 4410 (67)
1564 4339 1672 4394 τῶν
1712 4343 1913 4413 ὁμοίων

2022 4347 2249 4404 ﬁrmitas
2294 4347 2388 4409 sit,
2428 4353 2483 4402 et
2514 4347 2583 4401 ab
2636 4345 2726 4400 his
2770 4345 3078 4402 visceribus
3113 4321 3341 4398 morbus
3372 4351 3594 4397 exortus

337 4425 658 4489 διδάσκαλος
682 4425 926 4494 γίνεται,
955 4426 1032 4498 τῷ
1055 4427 1110 4479 δὲ
1136 4427 1247 4497 (68)
1278 4429 1468 4500 πυκνῷ
1493 4431 1584 4484 τοῦ
1615 4431 1909 4503 ἄσθματος,

337 4517 430 4569 καὶ
457 4516 536 4586 τῷ
569 4517 992 4589 συνεκδιδομένῳ
1029 4518 1168 4588 μετὰ
1193 4520 1290 4590 τῆς
1316 4522 1590 4592 ἀναπνοῆς
1624 4527 1910 4598 στεναγμῷ

336 4607 399 4661 τὸ
439 4609 614 4672 πάθος
653 4608 1110 4677 ὲπιγινώσκυυσα.
1158 4611 1315 4664 Εἴποι
1355 4611 1398 4664 δ’
1431 4611 1494 4666 ἄν
1527 4631 1612 4678 τις
1650 4616 1786 4688 μηδὲ
1814 4618 1913 4688 τὴν

339 4699 605 4771 ὖσφρησιν
646 4699 741 4752 τοῦ
782 4703 1146 4772 ἐπιστήμονος
1181 4703 1579 4758 ἀνεπίσκεπτον
1627 4703 1766 4762 εἶναι
1817 4709 1912 4764 τοῦ

337 4791 565 4855 πάθους,
595 4791 732 4845 ἀλλὰ
763 4793 851 4846 διὰ
887 4794 984 4863 τῆς
1015 4795 1173 4858 ποιᾶς
1204 4793 1298 4847 τοῦ
1337 4795 1613 4866 ἄσθματος
1655 4800 1913 4872 ἰδιότητος

336 4881 719 4951 ἐπιγινώσκειν
747 4885 806 4936 τὸ
835 4885 1281 4957 ἐγκεκρυμμένον
1309 4889 1422 4950 τοῖς
1464 4889 1791 4962 σπλάγχνοις
1814 4893 1915 4965 ap-

572 5017 840 5095 Ἁρμονίᾳ
865 5025 969 5095 et_c.
998 5017 1302 5095 ἐναρμονίῳ
1327 5021 1498 5095 ταύτῃ
1527 5023 1904 5095 διακοσμήσει.

404 5087 521 5148 (Si)
564 5086 862 5140 Μάλιστα.
898 5089 939 5138 Β
971 5086 1134 5156 μάλα.

325 5169 330 5174 ’
405 5156 520 5226 (55)
560 5159 631 5210 Et
663 5156 781 5210 κᾶν
808 5159 869 5224 ἡ.
908 5158 953 5210 Α
981 5159 1022 5209 Β
1047 5159 1228 5226 ίκανή.

430 5226 520 5294 56)
563 5227 786 5292 Ἀὒλός
816 5244 926 5291 τις.
957 5228 1002 5279 Α
1030 5227 1071 5278 Β
1093 5229 1252 5291 άῦλός
1278 5231 1361 5293 τίς
1386 5231 1522 5286 ἐστι.

568 5297 956 5374 :Ersproiicra:
989 5297 1032 5349 Β
1064 5300 1448 5374 ἐνεργουμένη.
1551 5347 1576 5374 Α,

567 5365 1215 5445 Ἀπρνεκρωθένεωγκλ
1246 5365 1761 5445 άπονοίρκωθέντων.

429 5425 516 5507 59)
565 5425 882 5507 ᾎκίνητρς.
918 5437 962 5488 Α
998 5437 1040 5487 Β
1061 5439 1313 5507 άκίνητός
1336 5425 1415 5498 τε.

427 5505 518 5580 66)
559 5506 736 5580 ’ξοζαν
764 5505 986 5580 ἣᾼτεηΒ
1007 5505 1084 5559 ὅτ’
1116 5507 1180 5560 ἂν
1271 5526 1348 5565 τε.

554 5575 759 5643 Διήκῃ.
791 5577 830 5646 Α
861 5575 1136 5646 διήκηται.

427 5642 518 5716 62)
555 5642 848 5714 Ferrum.
881 5645 921 5697 Β
935 5642 1168 5716 Yet/n1”).

402 5363 425 5714 ἔ

2019 4439 2112 4503 sit,
2167 4447 2222 4494 et
2273 4437 2464 4493 tandiu
2496 4446 2825 4509 prorogetur
2869 4452 2935 4492 ac
2985 4437 3146 4491 duret
3176 4434 3390 4489 ardoris
3433 4433 3595 4486 vehe-

2017 4531 2257 4587 mentia?
2311 4530 2491 4599 Atque
2533 4529 2642 4584 alia
2681 4545 2902 4600 quoque
2936 4529 3066 4583 talia
3096 4527 3260 4583 discit
3300 4526 3369 4580 ab
3408 4525 3590 4587 oculo,

2016 4619 2143 4674 dum
2185 4620 2271 4676 vel
2306 4621 2374 4676 ad
2433 4621 2663 4692 ﬁguram
2693 4630 2752 4676 et
2790 4621 3036 4676 habitum
3070 4617 3470 4678 decumbentis,
3508 4616 3593 4670 vel

2016 4713 2084 4766 ad
2123 4713 2375 4766 carnium
2401 4713 2582 4768 tabem
2611 4721 2773 4784 atque
2798 4713 3195 4784 collapsionem
3241 4708 3494 4778 respicit.
3521 4707 3586 4762 Et

2015 4802 2475 4873 quemadmodum
2526 4810 2582 4859 et
2637 4803 2849 4873 species
2905 4801 3110 4857 coloris
3159 4800 3244 4854 vel
3297 4799 3591 4869 subpallidi

2014 4895 2100 4950 vel
2139 4895 2342 4959 biliosi,
2395 4903 2449 4950 et
2480 4895 2769 4952 oculorum
2817 4895 2958 4952 ictus
2991 4895 3058 4949 ad
3100 4893 3348 4950 habitum
3386 4892 3590 4947 doloris

2089 5027 2201 5094 (65)
2253 5027 2552 5082 Ἐνιοῦσα.
2587 5029 2633 5081 Α
2660 5029 2702 5080 Β
2733 5028 2952 5080 ὲνιεῖσα.

2087 5092 2199 5168 (64)
2239 5096 2607 5166 Συνέστηκε.
2639 5101 2685 5152 Α
2726 5098 2781 5151 in
2813 5096 3054 5166 margine
3085 5095 3443 5163 συνεστηκυῖα
3475 5092 3592 5162 φαί-

2014 5184 2196 5306 νοῖίῑέ)
2238 5237 2370 5302 Πῶς
2408 5236 2518 5304 γὰρ
2562 5233 2751 5306 εἶπεν.
2801 5233 2856 5288 In
2901 5234 3049 5306 calce
3097 5235 3303 5306 codicis
3353 5235 3390 5286 Α
3449 5234 3588 5286 hanc

2012 5304 2197 5361 notam
2232 5306 2515 5361 invenies:
2548 5304 2858 5375 Σημείωσαι
2905 5305 3053 5370 ὅπως
3099 5305 3278 5376 ίατρὸν
3320 5305 3398 5367 εἰς
3448 5319 3582 5372 μαρ-

2011 5377 2202 5447 τυρίαν
2235 5376 2408 5447 καλεῖ.

2083 5437 2193 5516 (66)
2214 5515 2217 5516 ,
2238 5445 2360 5500 Τῶν
2382 5443 2757 5510 λυπούντων,
2778 5452 2884 5500 etc.
2918 5446 2962 5499 A
2998 5445 3040 5500 Β
3067 5445 3128 5500 τὸ
3175 5443 3377 5498 λυποῦν
3407 5458 3466 5496 τε
3492 5437 3585 5494 καὶ

2011 5515 2324 5655 ἀλῖῗῆ’)όνίιι
2351 5582 2524 5655 decori.
2563 5583 2604 5655 ιι
2631 5583 2664 5651 ἡ
2697 5583 2811 5654 βοή.

2085 5652 2194 5726 (68)
2241 5655 2322 5720 Τῷ
2352 5652 2434 5707 δέ.
2471 5655 2512 5705 Β
2541 5653 2618 5724 τῷ
2641 5670 2718 5706 τε.
