3950 6132
360 235 425 298 31
600 252 605 255 “
931 260 934 264 '
1612 249 1670 300 ὃ.
1696 246 1952 303 GﬂEGOl

2056 247 2346 305 NYSSENI
3536 214 3620 300 εξ

360 348 597 405 indicem
640 359 806 422 atque
833 353 1070 411 tristitiae
1092 370 1197 412 sua
1243 365 1438 428 sponte
1467 358 1736 416 inclinans
1763 360 1932 415 inter-

2056 363 2320 434 liberque.
2355 359 2489 435 *Αρῖ
2521 358 2613 417 οῦν
2662 363 2711 416 εἰ
2752 362 2827 433 μή
2871 378 2956 426 τις
2992 360 3220 431 δύναμις
3266 354 3334 431 ἡν
3372 360 3537 430 νοητὴ
3566 361 3616 431 ἡ

363 458 489 498 nam
517 442 808 514 .signilicat
855 447 1219 514 affectionem,
1261 458 1425 518 atque
1476 451 1662 506 itidem
1714 453 1935 509 auditus

363 551 586 605 quoque
628 538 891 593 similium
945 541 1212 611 magister
1254 543 1494 607 exsistit,
1552 553 1665 598 tum
1717 560 1785 599 ex
1826 543 1935 600 fre-

363 626 554 695 quenti
585 642 648 681 ac
671 631 865 685 crebra
891 634 1260 697 anhelatione,
1294 642 1408 687 tum
1442 650 1509 689 ex
1532 636 1738 706 gemitu
1772 637 1935 692 simul
1969 647 1973 651 '

363 732 491 771 cum
538 720 904 789 respiratione
947 724 1097 778 edito
1149 724 1527 795 aegritudinem
1573 742 1932 797 cognoscens.

366 809 574 865 Dixerit
624 822 804 868 autem
842 814 1063 883 aliquis,
1103 830 1171 869 ne
1203 814 1495 870 odoratum
1522 817 1741 887 quidem
1775 817 1936 888 periti

363 918 475 958 non
512 918 677 974 posse
714 904 1153 979 animadvertere
1193 914 1247 959 et
1282 914 1475 961 notare
1521 909 1793 973 morbum,
1839 908 1935 962 sed

336 1008 462 1071 per
507 1002 713 1050 certam
748 994 1039 1062 quamdam
1080 982 1355 1052 anhelitus
1407 998 1729 1068 qualitatem
1763 1010 1934 1068 agno-

333 1073 489 1164 icere
522 1087 577 1140 in
611 1086 922 1141 visceribus
960 1086 1217 1142 latentem
1255 1087 1648 1142 inﬁrmitatem.
1678 1086 1934 1159 Nunquid

337 1171 535 1245 ligitur
585 1175 702 1227 haec
736 1173 853 1229 ﬁeri
893 1183 1138 1244 possent,
1165 1176 1269 1231 nisi
1300 1177 1485 1246 aliqua
1505 1177 1589 1232 vis
1609 1191 1732 1244 qua:
1757 1183 1938 1231 mente

362 1267 611 1321 cernitur
662 1272 716 1319 et
767 1265 873 1321 sub
933 1265 1348 1335 intelligentiam
1407 1265 1575 1331 cadit,
1642 1267 1940 1336 unicuique

361 1371 624 1412 sensuum
668 1355 883 1411 adesset
937 1357 1344 1412 instrumento?
1397 1356 1539 1423 Quid
1599 1372 1701 1412 nos
1741 1372 1937 1412 manus

364 1447 435 1501 ab
474 1461 533 1502 se
568 1447 687 1515 ipsa
735 1446 938 1500 docere
971 1447 1267 1517 potuisset,
1304 1447 1411 1501 nisi
1452 1446 1711 1515 cogitatio
1742 1447 1938 1502 mentis

363 1541 420 1590 et
481 1534 840 1603 intelligentia
888 1535 956 1589 ad
1010 1535 1251 1604 subjecti
1311 1534 1681 1605 cognitionem
1733 1541 1939 1589 tactum

365 1625 702 1680 deduceret?
737 1624 878 1691 Quid
919 1625 1047 1679 item
1076 1625 1296 1681 auditus
1342 1639 1372 1678 a
1416 1633 1597 1680 mente
1633 1624 1937 1694 seiunctus,

2036 454 2248 525 ἑκάστῳ
2278 453 2386 507 τῶν
2429 453 2797 525 αἰσθητηρίων
2843 450 3097 523 παροῦσα
3126 468 3141 517 ;
3189 450 3255 503 Τί
3296 449 3360 501 ἂν
3392 450 3539 519 ἡμᾶς
3571 450 3619 519 ἡ

2034 547 2155 618 χεὶρ
2188 547 2280 617 ἀφ’
2311 546 2508 617 ἑαυτῆς
2528 544 2821 610 ἐδιδάξατο,
2851 545 2926 615 μὴ
2956 542 3056 613 τῆς
3089 541 3299 604 ἐννοίας
3332 544 3471 611 πρὸς
3507 541 3619 609 τὴν

2033 636 2127 689 τοῦ
2164 636 2521 706 ὑποκειμένου
2550 635 2750 703 γνῶσιν
2784 635 2883 705 τὴν
2913 632 3056 704 ἁφὴν
3100 631 3436 702 ὁδηγούσης;
3470 628 3534 682 Τί
3563 630 3621 683 δ’

2037 725 2103 778 ἂν
2130 726 2162 795 ἡ
2191 725 2328 795 ἀκοὴ
2359 726 2469 795 (69)
2511 724 2748 788 διανοίαις
2781 722 3134 793 διεζευγμένη
3155 760 3170 785 ,
3215 722 3248 791 ἡ
3294 720 3571 791 ὀφθαλμὸς
3594 757 3615 783 ,

2034 815 2069 886 ἡ
2102 813 2314 886 μυκτὴρ
2342 814 2475 887 (70),
2507 815 2539 887 ἢ
2570 816 2697 871 ἄλλο
2729 832 2781 867 τι
2804 813 3158 883 αἰσθητήριον
3184 811 3322 880 πρὸς
3347 812 3444 879 τὴν
3479 808 3610 861 ἐπί-

2034 924 2232 975 γνωσιν
2275 908 2368 960 τοῦ
2411 905 2739 978 ζητουμένου
2772 908 3135 976 συνήργησεν,
3180 905 3229 956 εί
3277 904 3362 969 ἐφ’
3415 897 3615 953 ἑαυτοῦ

2040 998 2200 1067 μόνου
2224 998 2424 1052 τούτων
2444 998 2672 1052 ἕκαστον
2694 993 2761 1069 ἦν
2785 1014 2800 1062 ;
2843 995 2981 1048 Ἀλλ’
3007 995 3035 1048 ὃ
3063 995 3278 1048 πάντων
3302 993 3449 1046 ἐστὶν
3475 991 3612 1062 άλη-

2038 1088 2291 1143 θέστατον
2321 1090 2468 1161 (71),
2512 1089 2540 1142 ὃ
2573 1090 2755 1152 καλῶς
2774 1106 2858 1151 τις
2886 1087 2991 1141 τῶν
3014 1085 3121 1151 ἔξω
3148 1084 3598 1153 πεπαιδευμένων

2037 1180 2206 1233 εἰπὼν
2237 1179 2650 1253 μνημονεύεται,
2679 1179 2769 1232 τὸν
2796 1178 2920 1233 νοῦν
2943 1174 3082 1231 εἶναι
3110 1177 3199 1228 τὸν
3225 1173 3438 1245 ὁρῶντα
3472 1172 3614 1242 (72).

2039 1272 2132 1326 καὶ
2154 1271 2277 1325 νοῦν
2299 1272 2390 1325 τὸν
2415 1271 2698 1325 ἀκούοντα.
2723 1272 2786 1323 Εἰ
2814 1269 2923 1339 γὰρ
2953 1269 3026 1341 μὴ
3058 1268 3212 1322 τοῦτο
3230 1266 3345 1337 δοίη
3383 1282 3466 1327 τις
3498 1263 3617 1333 (7'5)

2039 1361 2236 1430 ἀληθὲς
2274 1359 2437 1425 εἶναι,
2483 1362 2622 1426 πῶς,
2658 1363 2777 1415 εἰπὲ
2805 1363 2892 1425 σὺ,
2919 1360 3054 1430 πρὸς
3078 1360 3168 1412 τὸν
3204 1357 3352 1428 ἥλιον
3380 1354 3617 1426 βλέπων,

2039 1450 2221 1514 καθὼς
2251 1450 2533 1522 ἐδιδάχθης
2573 1449 2727 1520 παρὰ
2761 1449 2853 1502 τοῦ
2882 1448 3201 1502 διδασκάλου
3232 1445 3472 1516 βλέπειν,
3514 1442 3622 1512 οὐχ

2037 1545 2159 1607 ὅσος
2187 1545 2432 1612 φαίνεται
2455 1546 2567 1607 τοῖς
2596 1542 2828 1606 πολλοῖς,
2855 1540 3104 1594 τοσοῦτον
3144 1537 3305 1592 αὑτὸν
3336 1538 3443 1607 φῂς
3471 1529 3618 1588 εἶναι.

2037 1632 2118 1705 τῷ
2147 1632 2365 1704 μεγέθει
2393 1632 2487 1686 τοῦ
2525 1632 2725 1686 κύκλου
2747 1673 2763 1698 ,
2794 1630 2910 1685 ἀλλ’
2938 1628 3265 1700 ὑπερϐαλεῖν
3303 1622 3620 1678 πολλαπλά-

366 1724 463 1771 aut
495 1717 712 1781 oculus,
762 1725 855 1770 aut
900 1731 1091 1781 nasus,
1124 1725 1217 1770 aut
1249 1715 1467 1785 aliquod
1499 1716 1645 1771 aliud
1679 1732 1941 1771 sensuum

2056 1696 2279 1791 xta-(7:4)
2313 1721 2392 1791 τῷ
2423 1721 2607 1792 μέτρῳ
2642 1696 2821 1774 πᾶσαν
2856 1719 2956 1789 τὴν
2984 1696 3124 1786 γὴνς
3157 1713 3271 1766 Οὐκ
3314 1709 3502 1778 ἐπειδὴ
3536 1709 3625 1778 τῇ,

366 1810 792 1865 instrumentum
831 1807 899 1862 ad
931 1808 1297 1878 cognitionem
1332 1808 1409 1862 rei
1444 1809 1687 1878 quaesitae
1716 1809 1942 1879 adjuva-

365 1909 470 1965 ret,
494 1900 541 1955 si
584 1915 679 1969 per
704 1914 825 1956 sese
856 1898 1033 1953 solum
1081 1898 1275 1951 borum
1303 1899 1737 1969 unumquodque
1760 1901 1943 1956 esset?

371 1986 479 2044 Sed
523 1990 765 2043 omnium
811 1996 896 2043 est
921 1987 1293 2052 verissimum,
1329 1988 1474 2057 quod
1504 1990 1727 2059 quidam
1759 2000 1942 2046 exter-

371 2081 459 2137 nis
484 2081 684 2136 lilteris
705 2096 768 2136 ac
820 2079 1132 2149 disciplinis
1157 2078 1408 2134 eruditus
1427 2081 1686 2151 praeclare
1705 2097 1770 2137 ac
1795 2091 1943 2138 recte

2046 1814 2175 1885 ποίᾳ
2199 1798 2433 1884 κινήσει,
2468 1814 2562 1866 καὶ
2594 1814 2708 1874 τοῖς
2727 1809 2999 1881 χρονικοῖς
3022 1823 3081 1859 τε
3110 1805 3203 1857 καὶ
3225 1802 3473 1862 τοπικοῖς
3503 1797 3623 1885 δια-

2049 1883 2323 1972 στήμασι,
2356 1901 2450 1953 καὶ
2489 1901 2610 1962 ταῖς
2655 1898 3024 1958 ἐκλειπτικαὶζ
3062 1892 3264 1954 αἰτίαις
3299 1890 3365 1959 τῇ
3413 1883 3624 1954 διανοίᾳ

2046 1993 2134 2047 διὰ
2164 1992 2273 2046 τῶν
2315 1991 2653 2062 φαινομένων
2687 1986 3055 2057 ἀκολουθήσας
3076 2022 3091 2050 ,
3133 1980 3350 2053 θαρρῶν
3384 1974 3625 2044 ἀποφαίο

2047 2100 2152 2137 νων
2174 2083 2286 2155 (75)
2314 2083 2374 2136 τὺ
2401 2081 2573 2147 οὕτως
2595 2080 2770 2151 ἕχεινς

370 2175 580 2230 dixisse
632 2182 986 2239 memoratur,
1033 2180 1268 2226 mentem
1327 2188 1451 2228 esse
1511 2174 1770 2230 nimirum
1824 2191 1944 2246 quae
2010 2177 2216 2242 videat,
2266 2184 2500 2231 mentem
2554 2175 2683 2229 item
2729 2186 2851 2242 quae
2895 2168 3099 2223 audiat.
3151 2163 3287 2219 Nam
3342 2163 3451 2218 nisi
3494 2160 3624 2233 quis

373 2265 479 2320 hoc
525 2264 736 2319 dederit
779 2279 904 2319 esse
950 2278 1162 2337 verum,
1213 2277 1322 2333 quo
1378 2272 1561 2333 pacto,
1591 2246 1679 2321 dic
1714 2276 1795 2333 tu,
1844 2282 1969 2321 cum
2010 2269 2181 2325 solem
2230 2269 2486 2333 intueris,
2522 2263 2979 2337 quemadmodum
3021 2276 3051 2314 a
3082 2260 3344 2329 magistro
3408 2255 3625 2309 intueri

373 2355 636 2419 didicisti,
679 2370 791 2409 non
831 2360 1069 2425 quantus
1104 2355 1286 2425 ivulgo
1343 2354 1659 2410 hominibus
1704 2364 1947 2426 apparet,
1984 2363 2196 2411 tantum
2244 2373 2368 2411 eum
2402 2372 2527 2412 esse
2581 2356 2684 2418 ais,
2720 2353 2815 2408 sed
2856 2349 3214 2420 amplitudine
3283 2362 3347 2401 ac
3408 2341 3627 2413 magni-

374 2449 568 2503 tudine
616 2448 769 2503 orbis
817 2448 1004 2503 multis
1065 2449 1317 2518 partibus
1384 2462 1649 2518 superare
1709 2457 1916 2503 terram
1979 2450 2328 2506 universam?
2369 2464 2549 2503 annon
2594 2445 2741 2517 quod
2783 2453 2991 2499 certum
3037 2438 3325 2511 quemdam
3385 2443 3622 2502 motum,

375 2547 791 2609 temporumque
853 2541 1062 2610 pariter
1121 2555 1187 2595 ac
1241 2540 1486 2595 locorum
1549 2540 1842 2597 distantias
1897 2550 1951 2597 et
1988 2542 2299 2610 intervalla,
2342 2541 2822 2609 defectionumque
2871 2550 3066 2591 causas
3143 2548 3240 2603 per
3305 2526 3641 2602 apparentia.

376 2639 555 2687 mente
598 2639 818 2685 secutus
849 2632 948 2698 sis,
979 2630 1319 2687 conﬁdenter
1356 2631 1682 2702 pronuntias
1713 2638 1882 2702 atque
1918 2650 2133 2698 censes,
2172 2636 2244 2689 ita
2280 2648 2341 2690 se
2383 2649 2498 2690 rem
2530 2628 2776 2687 habere?

446 2788 629 2856 Atque
668 2784 834 2842 etiam
889 2785 1033 2842 lmine
1064 2758 1486 2840 diminutionem
1539 2795 1594 2841 et
1646 2787 1954 2843 incremen-

378 2886 499 2933 tum
551 2891 681 2931 cum
728 2876 904 2938 vides,
966 2891 1065 2947 per
1111 2890 1235 2931 eam
1293 2890 1415 2945 qua;
1458 2884 1681 2946 apparet
1736 2879 1793 2933 in
1838 2879 1952 2934 ele-

2102 2838 2108 2841 ν
2130 2792 2241 2846 Καὶ
2259 2793 2357 2862 τῆς
2390 2791 2621 2863 σελήνης
2651 2788 2762 2861 (76)
2789 2786 3011 2860 μείωσιν
3032 2802 3091 2838 τε
3118 2781 3213 2837 καὶ
3246 2779 3474 2851 αΰξησιν
3498 2776 3645 2849 βλέι-

2058 2900 2197 2948 πων,
2226 2884 2359 2938 ἄλλα
2385 2883 2622 2937 διδάσκει
2660 2880 2774 2952 (77)
2809 2877 2897 2932 διὰ
2924 2875 3019 2930 τοῦ
3053 2874 3378 2943 φαινομένου
3411 2869 3539 2939 περὶ
3562 2868 3635 2922 τὸ

380 2976 565 3023 mento
609 2966 836 3036 ﬁguram
887 2966 994 3020 alia
1051 2964 1245 3030 discis,
1293 2964 1549 3020 videlicet
1603 2980 1723 3020 eam
1781 2974 1836 3021 et
1885 2981 1952 3021 cx

2058 2978 2316 3046 στοιχεῖον
2346 2976 2635 3045 σχημάτων
2661 2970 2773 3043 (78)
2800 3010 2814 3035 ,
2836 2969 2917 3034 τὸ,
2957 2966 3172 3037 ἀφεγγῆ
3199 2981 3262 3016 τε
3288 2960 3432 3067 εἶναι
3456 2960 3637 3030 αὐτὴν

380 3059 470 3114 sui
526 3065 722 3111 natura
776 3055 1086 3125 splendoris
1145 3063 1426 3126 expertem
1469 3069 1593 3110 esse
1645 3062 1699 3109 et
1748 3054 1956 3110 circum

381 3160 540 3205 terra:
562 3148 870 3219 proximum
893 3148 1083 3202 orbem
1102 3146 1315 3203 versari
1338 3155 1501 3217 atque
1526 3147 1711 3217 vagari
1734 3164 1750 3212 ;
1779 3146 1954 3201 lucem

382 3250 562 3296 autem
602 3249 770 3310 atque
811 3239 1161 3309 splendorem
1197 3238 1454 3309 accipere
1487 3239 1556 3293 ab
1600 3237 1769 3294 radiis
1803 3237 1958 3303 solis,

381 3329 839 3402 quemadmodum
872 3329 1199 3384 naturaliter
1235 3328 1352 3384 ﬁeri
1402 3328 1543 3384 solet
1584 3327 1639 3380 in
1694 3326 1957 3397 speculis,

384 3438 506 3492 quae
549 3423 720 3478 solem
758 3422 813 3476 in
866 3436 991 3477 sese
1033 3420 1360 3492 recipientia
1404 3435 1512 3475 non
1552 3420 1807 3490 proprios
1838 3419 1963 3474 red-

384 3511 523 3566 dunt
575 3512 916 3582 splendores,
968 3510 1065 3566 sed
1111 3510 1335 3564 luminis
1396 3510 1619 3576 solaris,
1678 3508 1824 3578 quod
1875 3507 1961 3561 lu-

386 3618 512 3659 men
562 3617 630 3657 ex
691 3601 809 3656 laevi
868 3600 1169 3671 glabroque
1244 3615 1310 3656 ac
1367 3600 1545 3655 nitido
1607 3613 1840 3670 corpore
1904 3601 1962 3653 in

386 3692 725 3749 contrarium
766 3691 1068 3747 reﬂectitur
1111 3699 1276 3761 atque
1323 3692 1726 3747 reverberatur.
1786 3689 1960 3756 Quam

387 3801 526 3852 rem,
579 3784 672 3855 qui
701 3784 822 3839 sine
851 3782 1192 3837 scrutatione
1223 3793 1387 3852 atque
1413 3780 1625 3850 judicio
1657 3781 1962 3847 intuentur,

388 3893 458 3932 ex
512 3878 630 3947 ipsa
670 3876 801 3929 luna
865 3873 1217 3945 splendorem
1276 3873 1547 3928 exsistere
1606 3872 1963 3928 arbitrantur.

390 3967 549 4034 Quod
585 3974 768 4023 autem
826 3966 881 4021 id
917 3967 992 4019 ita
1042 3979 1155 4019 non
1205 3965 1301 4030 sit,
1350 3963 1479 4019 hinc
1522 3962 1964 4025 demonstratur,

392 4058 537 4127 quod
579 4073 652 4112 ex
705 4057 974 4112 diametro
1028 4056 1249 4127 quidem
1294 4070 1327 4111 e
1370 4055 1595 4126 regione
1645 4053 1780 4109 solis
1823 4050 1968 4107 facta

393 4158 510 4205 toto
554 4151 646 4221 qui
687 4150 753 4205 ad
786 4165 889 4206 nos
942 4157 1155 4219 spectat
1186 4149 1321 4204 orbe
1349 4148 1732 4213 illuminatur;
1760 4146 1816 4200 in
1848 4146 1968 4200 bre-

2059 3067 2199 3119 κατὰ
2216 3065 2314 3137 τὴν
2338 3065 2473 3118 ἰδίαν
2496 3064 2677 3135 φύσιν,
2704 3061 2904 3116 καὶτὸν
2926 3059 3215 3130 πρόσγειον
3238 3052 3438 3109 κύκλον
3472 3068 3638 3123 περι-

2059 3156 2272 3210 πολεῖνο
2299 3156 2502 3225 λάμπει
2534 3153 2644 3225 (79)
2677 3153 2735 3206 δὲ
2768 3150 2880 3222 (80)
2911 3150 3018 3205 ἀπὸ
3049 3148 3157 3202 τῶν
3192 3143 3434 3218 ἡλιακῶν
3472 3139 3630 3196 dtur!-

2060 3263 2184 3313 νων,
2208 3247 2283 3311 ὡς
2316 3246 2407 3299 ἐπὶ
2438 3244 2545 3298 τῶν
2570 3242 2887 3312 κατόπτρων
2915 3239 3158 3310 γίνεσθαι
3192 3236 3493 3304 πεφυκέναι
3516 3232 3634 3303 (81)

2058 3340 2150 3393 τὸν
2177 3338 2347 3409 ἥλιον,
2373 3337 2457 3406 ἐφ’
2495 3334 2704 3389 ἑαυτῶν
2733 3335 2996 3404 δεχόμενα
3017 3330 3117 3384 οὐκ
3149 3328 3263 3398 (82)
3303 3327 3437 3391 ἰδίας
3457 3324 3638 3394 αὐγὰς

2061 3429 2414 3492 άντιδίδωσιν,
2439 3427 2571 3481 ἀλλὰ
2590 3427 2701 3497 (85)
2722 3425 2815 3479 τοῦ
2832 3420 3059 3495 ἡλιακοῦ
3086 3421 3262 3491 φωτὸς
3287 3423 3350 3473 ὲκ
3364 3418 3458 3472 τοῦ
3487 3417 3637 3471 λείου

2062 3524 2158 3577 καὶ
2180 3521 2486 3581 στίλϐοντος
2513 3518 2763 3590 σώματος
2781 3518 2863 3581 εἰς
2883 3516 2945 3571 τὸ
2970 3514 3201 3586 ἔμπαλιν
3223 3510 3634 3581 ἀνακλωμένου.

2065 3614 2275 3681 Ὥσπερ
2310 3611 2421 3683 (84)
2467 3613 2575 3673 τοῖς
2622 3607 2990 3673 ἀνεξετάστως
3042 3606 3328 3677 βλέπουσιν
3374 3601 3434 3666 ἐξ
3465 3599 3638 3671 αὐτῆς

2062 3706 2209 3760 δοκεῖ
2238 3705 2337 3774 τῆς
2371 3703 2598 3774 σελήνης
2627 3697 2765 3755 εἶναι
2802 3699 2864 3753 τὸ
2899 3699 3122 3768 φέγγος.
3163 3695 3450 3750 Δείκνυται
3479 3692 3535 3745 δὲ
3571 3690 3637 3744 τὸ

2068 3798 2143 3869 μὴ
2173 3795 2318 3867 ἔχειν
2349 3793 2460 3865 (85)
2483 3835 2496 3859 ,
2522 3794 2602 3846 ὅτι
2628 3791 2889 3861 γινομένη
2921 3789 3034 3862 (86)
3088 3788 3186 3858 μὲν
3223 3784 3640 3859 ἀντιπρόσωπος

2065 3890 2141 3960 τῷ
2171 3887 2305 3960 ἡλίῳ
2324 3885 2467 3940 κατὰ
2495 3884 2784 3956 διάμετρον
2811 3883 2916 3953 ὅλῳ
2943 3880 3022 3952 τῷ
3043 3879 3181 3950 πρὸς
3209 3877 3356 3948 ἡμᾶς
3388 3873 3638 3945 βλέποντι

2067 3979 2250 4049 κύκλῳ
2288 3975 2719 4047 καταφωτίζεται
2743 3991 2756 4004 ·
2803 3974 2861 4026 ὲν
2896 3971 3140 4024 ἐλάττονι
3163 3968 3219 4021 δὲ
3252 3966 3330 4037 τῷ
3370 3966 3490 4049 κατ’
3533 3964 3635 4018 αὖ·
3716 4012 3721 4017 .

2067 4063 2165 4136 τὴν
2208 4045 2319 4135 (87)
2360 4045 2512 4134 τόπῳ
2542 4060 2739 4114 θᾶττον
2780 4056 3046 4130 περιοῦσα
3078 4054 3189 4127 (88)
3225 4053 3318 4107 τὸν
3357 4054 3415 4106 ὲν
3446 4045 3491 4120 ᾧ
3519 4051 3639 4103 ἔστι

2070 4154 2288 4219 κύκλον,
2322 4154 2451 4222 πρὶν
2488 4152 2636 4217 ἅπαξ
2679 4152 2771 4205 τὸν
2821 4150 2969 4220 ἡλιον
2999 4144 3348 4219 περιοδεῦσαι
3380 4144 3472 4197 τὸν
3507 4143 3642 4197 ἴδιον

395 4243 535 4298 viori
568 4253 751 4298 autem
799 4253 853 4298 et
900 4242 1207 4313 angustiori
1240 4257 1344 4297 suo
1384 4240 1505 4295 loco
1540 4240 1705 4295 citius
1736 4239 1952 4294 lustrati

2070 4247 2289 4316 δρόμον,
2327 4245 2486 4299 πλέον
2529 4243 2562 4315 ἡ
2598 4242 2893 4304 δωδεκάκις
2926 4238 3065 4309 αὑτὴ
3106 4237 3216 4309 (89)
3253 4236 3345 4290 τὸν
3392 4237 3511 4288 κατ’
3539 4234 3643 4287 αὐ-

395 4336 603 4392 circulo
654 4336 711 4390 in
758 4350 868 4407 quo
932 4343 1206 4401 versatur,
1274 4336 1596 4406 priusquam
1653 4332 1736 4388 sol
1798 4345 1948 4387 scme

2070 4337 2171 4410 τὴν
2203 4336 2313 4404 (90)
2343 4334 2716 4407 περιέρχεται.
2748 4330 2838 4383 Διὸ
2869 4328 3155 4400 συμϐαίνει
3200 4326 3275 4398 μὴ
3311 4326 3399 4380 ἀεὶ
3425 4322 3609 4395 πεπλη

468 4533 581 4601 (69)
634 4535 695 4589 Ἠ
724 4535 896 4604 ἀκοή.
931 4537 976 4589 Α
1005 4535 1098 4588 καὶ
1123 4535 1283 4604 ἀκοή.

470 4605 584 4728 (70)
622 4604 887 4728 illum?»
921 4609 967 4658 Α
999 4608 1043 4658 όο
1067 4604 1304 4675 μυκτήρ.

472 4675 553 4728 (71
640 4679 804 4728 Αληθ
837 4688 1082 4728 στατον.
1113 4674 1155 4725 Β
1190 4673 1304 4728 άληι

496 4605 587 4813 70)
622 4605 887 4728 Μυκττὲρ.
921 4609 967 4658 Α
999 4608 1043 4658 όο
1067 4605 1304 4675 μυκτήρ.

496 4675 553 4728 71
634 4676 804 4742 Ἆληθ
837 4688 1082 4728 στατον.
1190 4672 1569 4741 ἀληθέστερον.

499 4741 566 4797 ’72
631 4745 742 4800 Τὸν
770 4745 923 4798 γοῦν
949 4744 1102 4797 εἶναι
1128 4759 1179 4797 τ.
1209 4742 1478 4813 κόρῶνζα.
1530 4739 1569 4793 li

499 4737 587 4809 ’72)
631 4737 923 4800 Τὸν’νοῦν
949 4743 1179 4797 εἶναι’τ.
1231 4737 1478 4809 optimm}
1530 4739 1589 4793 In
1632 4739 1782 4793 calce
1831 4737 1975 4792 codi-

402 4807 491 4870 cis
570 4807 648 4869 vita
676 4834 690 4869 :
718 4813 869 4885 οἶμαι
895 4813 986 4885 τον
1016 4807 1324 4885 Μένανδρον
1353 4807 1511 4885 εἷναιΣ

497 4878 587 4953 75)
634 4878 811 4939 Τοῦτο
841 4883 983 4953 δοίη,
1008 4900 1117 4948 τις.
1140 4878 1269 4951 «Δοίη
1308 4899 1389 4945 τις
1428 4880 1604 4953 τοῦτο.

502 4946 593 5025 74)
620 4946 1031 5025 κ’Υπερόαλέῖν
1074 4946 1383 5006 acum.
1437 4952 1484 5003 Α
1540 4952 1578 5002 Β
1616 4946 1973 5019 ὑπερϐάλλειν

404 5023 842 5078 πολλαπλασίονι.

500 5094 591 5159 75)
642 5093 1034 5164 Ἀποφαίνων.
1065 5093 1111 5145 Α
1141 5084 1518 5164 ἀποφαίνῃίΒ
1543 5090 1899 5164 άπρφαίγητο.

499 5164 590 5232 76)
629 5160 922 5230 Σελήνης.
953 5163 1034 5232 iln
1085 5160 1452 5232 marginertbﬁ
1488 5161 1527 5213 A
1560 5162 1753 5232 scholii
1800 5160 1922 5217 loco
1957 5178 1973 5216 :

421 5230 773 5305 Ἐπείσακτον
797 5232 863 5285 ὲκ
883 5231 976 5305 τοῦ
1005 5232 1154 5305 ἡλίου
1184 5230 1245 5305 το
1280 5231 1395 5301 φῶς
1426 5234 1459 5301 ἡ
1506 5230 1699 5305 σελήνη
1730 5234 1866 5305 ἔχει-
1881 5232 1978 5305 καὶ

410 5303 715 5373 προσγείως
740 5299 1036 5373 περιπολείζ
1077 5299 1310 5356 ln‘calce
1337 5299 1461 5373 {fere
1489 5299 1736 5369 ejusdem
1760 5299 1978 5358 codicis

410 5369 597 5428 eadem
638 5372 751 5427 fere
794 5369 1122 5433 observatio,
1166 5369 1391 5426 mutatis
1433 5372 1830 5440 aliquantulum
1856 5388 1980 5426 ver-

412 5443 516 5513 bis,
550 5440 887 5513 recurrit_ita
913 5458 926 5493 :
954 5443 1263 5513 Σημείωσαι
1291 5443 1421 5513 περὶ
1446 5442 1691 5513 σελήνης,
1719 5444 1800 5513 ὅτι
1821 5458 1983 5513 προσ-

338 5546 351 5557 .
407 5511 571 5579 γείως
591 5511 896 5584 περιπολεῖ.
943 5511 1177 5636 Ἐνήγάῐρ
1213 5516 1280 5585 τῇ
1315 5511 1581 5581 ἐνδοτέρᾳζο
1599 5512 1819 5584 σφαίρᾳ,
1858 5511 1982 5582 ἥτις

410 5582 820 5654 προσγειοτέρα,
890 5584 1054 5651 φασὶν
1102 5599 1128 5634 ε
1154 5600 1239 5636 ναι
1294 5582 1387 5635 καὶ
1436 5581 1698 5636 κινεῖσθαι
1748 5582 1843 5654 τὴν
1894 5598 1982 5634 σε-

1154 5600 1239 5636 ναι
1294 5599 1387 5635 και
1436 5598 1698 5636 κινεισθαι
1748 5598 1843 5636 την
1894 5598 1983 5634 σε·

410 5581 820 5668 προσγειοτέρα,
890 5584 1054 5651 φασὶν
1102 5581 1239 5636 εἶναι
1254 5581 1278 5585 “’
1294 5582 1387 5635 καὶ
1436 5581 1698 5636 κινεῖσθαι

411 5649 575 5722 λήνην

2163 4536 2253 4602 77)
2293 4535 2588 4590 Διδάσκει.
2619 4534 2662 4586 Β
2688 4532 2932 4602 διδάσκῃς.

2163 4536 2227 4589 77
2293 4536 2588 4590 Διδάσκει.
2619 4536 2662 4586 Β
2688 4536 2897 4602 διδόισκ⁸
2916 4570 2932 4599 γ.

2143 4536 2258 4678 (78)
2298 4605 2643 4678 Σχημάτων.
2743 4604 2784 4654 Β
2824 4549 2921 4670 ex?)
2932 4615 3094 4670 ματος
3112 4642 3124 4656 .

2168 4674 2254 4743 79)
2294 4674 2543 4746 (tripl-ret.
2586 4677 2629 4728 Α
2662 4674 2914 4746 λάμπειν.

2168 4679 2254 4743 79)
2294 4679 2543 4746 Λάμπει.
2586 4679 2629 4728 Α
2662 4679 2774 4742 λάμ

2144 4679 2258 4817 (80)
2298 4747 2390 4801 Δέ.
2427 4744 2469 4799 Β
2498 4746 2553 4817 δὲ
2582 4745 2774 4813 αὐτήν.

2146 4803 2258 4889 (81)
2296 4816 2657 4889 Πεφυκέναι,
2688 4803 2793 4889 etc.
2816 4815 2860 4865 A
2894 4810 3135 4880 πέφυκεν
3159 4825 3170 4838 ·
3199 4808 3235 4862 ἃ
3263 4806 3354 4859 τοῦ
3376 4803 3526 4876 ἡλίου
3556 4804 3644 4872 ἐφ’

2075 4885 2301 4943 ἑαύτῶν.
2335 4885 2392 4939 Β
2407 4887 2650 4955 πέφυκεν
2686 4885 2741 4938 δι.

2168 4957 2255 5026 82)
2300 4959 2423 5011 Οὐκ
2450 4959 2596 5010 deest
2621 4956 2683 5006 B.

2170 5024 2260 5097 85')
2314 5027 2500 5081 ’Λαλά
2532 5026 2685 5097 deest
2711 5024 2773 5075 Β.

2150 5095 2262 5165 (84)
2300 5099 2545 5164 Ὥσπερ.
2583 5097 2628 5146 Α
2651 5095 2807 5165 ὅπερ.

2171 5158 2259 5236 85)
2298 5165 2393 5234 Μὴ
2422 5158 2604 5236 ἔχειν.
2642 5165 2684 5236 Α
2712 5158 2770 5214 Β”
2787 5159 2859 5231 μή
2889 5159 3058 5236 οὕτως
3083 5158 3245 5230 ἔχειν.

2174 5230 2263 5304 86)
2303 5230 2622 5304 Γιάοὶὶένης
2653 5230 3015 5304 Αζτελδομένη·
3106 5301 3115 5304 -
3242 5298 3253 5304 -
3304 5297 3316 5304 .
3560 5292 3571 5304 .

2151 5297 2262 5374 (87)
2300 5297 2680 5370 Κατ”αὐτῆν.
2711 5297 2753 5354 Β
2804 5297 2923 5355 καθ’
2961 5297 3179 5371 ἑαυτήν.
3227 5298 3272 5352 Δ
3304 5297 3359 5353 in
3405 5297 3648 5365 margine

2081 5378 2200 5451 καθξ
2230 5376 2447 5451 ἑαυτήν.
2487 5445 2512 5451 _
2655 5443 2693 5451 __
2893 5440 2918 5451 _

2153 5448 2263 5519 (88)
2302 5443 2636 5519 Πεξριρῦρτιἒ
2655 5443 3017 5511 Βπεριιοῦσα.

2154 5449 2242 5519 (88
2302 5449 2623 5513 Περιοῦσα.
2657 5449 2735 5495 Βτ

2154 5449 2265 5586 (89)
2297 5514 2477 5581 Αὺτή.
2510 5513 2551 5566 Β
2576 5512 2735 5586 αῦτη.

2156 5577 2268 5659 (90)
2294 5577 2453 5642 ’Κατί
2469 5583 2681 5652 αὐτὴν.
2701 5577 2760 5638 Ἀ
2786 5592 2838 5640 et
2863 5582 2904 5635 Β
2927 5579 3050 5635 καθῗ
3081 5577 3301 5648 ἑαυτήν.
