3950 6132
329 318 409 376 $3

1412 313 1497 368 DE
1535 313 1750 369 ANIMA
1803 312 1893 369 ET
1938 311 2539 370 RESURRECTIONE.

3522 320 3594 381 34

336 434 542 510 ρῶσθαι
567 432 743 502 φωτὸς
785 433 898 506 (91)
928 432 989 486 τὺ
1013 433 1278 503 στοιχεῖον
1302 447 1315 462 ⁸
1347 433 1407 487 οὐ
1437 434 1545 506 γὰρ
1580 434 1730 506 μένει
1757 436 1816 490 ὲν
1841 434 1912 506 τῷ

2022 450 2183 491 suum
2233 434 2489 489 conﬁciat
2537 448 2785 497 cursum,
2820 434 2940 505 ipsa
2986 449 3146 490 suum
3189 436 3422 506 amplius
3458 439 3596 495 duo-

332 521 527 592 πυκνῷ
578 520 682 590 τῆς
741 521 989 593 περιόδου
1040 521 1304 592 διηνεκῶς
1351 523 1763 593 ἀντιπρόσωπος
1810 523 1922 595 (92)

332 612 504 677 θέσις,
528 612 674 666 ἅπαν
700 612 761 665 τὸ
792 613 929 684 πρὸς
953 612 1102 683 ἡμᾶς
1131 612 1230 682 τῆς
1258 611 1486 683 σελήνης
1509 613 1678 684 μέρος
1705 614 1796 668 διά
1816 615 1923 669 τῶν

330 702 576 773 ἡλιακῶν
634 703 875 756 ἀκτίνων
925 702 1342 772 πεφωτισμένον
1397 702 1692 773 ἐποίησεν,
1750 704 1924 769 οὕτως

331 795 463 849 ὅταν
520 794 617 845 ἐπὶ
654 794 723 847 τὰ
751 792 961 861 πλάγια
990 793 1197 861 γίνεται
1235 792 1346 863 (95)
1386 793 1481 848 τοῦ
1511 795 1664 865 ἡλίου
1708 795 1803 848 τοῦ
1836 797 1923 850 ἀεὶ
1952 792 1958 799 ’

333 888 454 941 κατ’
483 886 647 940 αὑτὸν
687 886 974 956 γινομένου
1009 884 1121 955 (94)
1154 886 1254 956 τῆς
1288 885 1525 956 σελήνης
1553 888 1919 959 ἡμισφαιρίου

334 972 838 1043 διαλαμϐανομένου
868 974 933 1043 τῇ
963 972 1057 1026 τοῦ
1107 972 1219 1045 (95)
1253 974 1486 1027 ἀκτίνων
1530 975 1789 1048 περιϐολῇ
1815 1015 1831 1041 ,
1858 978 1921 1031 τὸ

333 1060 471 1130 πρὸς
495 1062 644 1131 ἡμᾶς
670 1062 791 1113 κατ’
816 1062 1062 1130 ἀνάγκην
1088 1062 1503 1128 ἀποηιάζεται,
1531 1064 1917 1135 ἀντιμεθιστα-

333 1150 506 1220 μένης
535 1151 637 1221 τῆς
672 1151 1017 1222 λαμπηδόνος
1050 1150 1159 1205 ἀπὸ
1192 1151 1289 1205 τοῦ
1329 1153 1405 1223 μὴ
1447 1152 1745 1225 δυναμένου
1783 1155 1920 1228 πρὸς

328 1239 422 1293 τὸν
451 1240 601 1310 ἣλιον
634 1239 854 1311 βλέπειν
886 1242 1087 1312 μέρους
1108 1243 1202 1296 ἐπὶ
1224 1243 1321 1321 τὸν
1347 1243 1458 1315 (96)
1488 1246 1578 1299 ἀεὶ
1605 1246 1728 1300 κατ’
1768 1248 1918 1300 ἐκεῖ·

329 1348 421 1384 νον
444 1331 750 1402 γινόμενον,
785 1332 892 1395 ἕως
916 1332 982 1386 ἂν
1011 1332 1261 1388 ὑποσᾶσα
1300 1335 1414 1403 (97)
1442 1336 1558 1389 κατ’
1589 1336 1804 1391 εὐθεῖαν
1824 1338 1917 1395 τὸν

329 1420 558 1491 ἡλιακὸν
584 1420 781 1476 κύκλον
810 1423 951 1477 κατά
981 1422 1150 1477 νώτου
1193 1426 1292 1495 τὴν
1328 1427 1523 1481 ἀκτῖνα
1545 1428 1785 1500 δέξηται,
1820 1431 1917 1484 καὶ

329 1510 478 1564 οὕτω
508 1512 604 1565 τοῦ
633 1512 837 1567 ἀνωθεν
862 1516 1224 1586 ἡμισφαιρίου
1252 1505 1724 1590 περιλαμφθέντος
1749 1522 1916 1593 ἀόρα·

291 1636 299 1642 -
329 1621 429 1656 τον
459 1605 603 1656 ποιεῖ
621 1604 685 1657 τὸ
722 1604 853 1674 πρὸς
877 1606 1025 1675 ἡμᾶς
1063 1606 1247 1679 μέρος,
1274 1608 1337 1662 τὸ
1361 1604 1499 1663 εἶναι
1530 1610 1643 1682 (98)
1684 1600 1914 1675 καθόλου

330 1698 402 1766 τῇ
438 1696 543 1766 ἰδίᾳ
569 1696 721 1764 φύσει
752 1697 988 1766 ἀφεγγὲς
1015 1701 1108 1753 καὶ
1142 1700 1445 1769 ἀφώτιστον
1464 1719 1478 1734 ο
1516 1704 1652 1775 ὅπερ
1681 1705 1746 1777 δὴ
1776 1724 1913 1761 παν·
1938 1740 1942 1744 Α

2027 524 2211 581 decies
2238 524 2477 595 complet
2505 525 2712 579 orbem.
2749 524 3115 591 Quamobrem
3145 526 3366 594 accidit,
3385 536 3447 583 ut
3487 545 3597 586 non

2026 627 2244 683 semper
2288 612 2623 667 elementum
2657 613 2800 667 lunae
2832 613 3050 683 plenum
3083 614 3308 670 luminis
3333 617 3436 684 sit;
3469 633 3595 674 nam

2025 718 2147 773 quae
2188 717 2352 758 suum
2398 717 2621 758 cursum
2672 702 2871 778 exiguo
2920 704 3185 774 temporis
3239 708 3416 775 spatio
3457 724 3600 778 saepe

2021 793 2281 853 coniicit.
2320 792 2528 868 (crebro
2571 792 2807 847 circuitu
2864 793 2935 859 ei,
2992 794 3082 862 qui
3144 795 3307 866 longo
3337 802 3599 868 temporis

2022 867 2495 937 intervallo'suum
2515 881 2699 936 orbem
2721 880 2937 947 lustrat,
2963 881 3187 936 adversa
3208 867 3469 953 perpetuo
3486 899 3596 940 non

2021 980 2224 1031 manet.
2240 971 2335 1027 sed
2348 970 2806 1043 quemadmodum
2820 971 3032 1026 direcw
3062 972 3162 1027 soli
3181 974 3442 1030 adversus
3459 976 3598 1031 luna)

2020 1065 2159 1119 situs
2176 1062 2335 1119 ellicit
2348 1070 2408 1118 ut
2421 1063 2598 1119 omnis
2614 1063 2759 1119 illius
2779 1077 2842 1118 ea
2863 1078 3012 1132 pars,
3027 1078 3146 1134 quae
3163 1063 3229 1118 ad
3248 1081 3348 1121 nos
3364 1075 3595 1137 spectat,

2019 1168 2049 1208 a
2080 1154 2250 1209 radiis
2272 1155 2406 1210 solis
2434 1154 2615 1209 lumen
2643 1155 2877 1224 accipiat
2913 1162 3076 1224 atque
3106 1156 3495 1212 collustretur:
3519 1160 3597 1215 ita

2015 1245 2109 1300 ubi
2130 1260 2195 1300 ex
2217 1255 2529 1301 transverso
2545 1245 2648 1300 soli
2666 1244 2832 1300 fuerit
2850 1246 3122 1316 apposita,
3142 1247 3400 1315 quoniam
3428 1265 3491 1305 ea
3510 1250 3592 1304 di-

2017 1335 2181 1390 midia
2201 1334 2345 1405 globi
2375 1335 2584 1391 lunaris
2610 1349 2758 1405 pars,
2780 1350 2901 1406 quae
2921 1351 3137 1407 semper
3164 1337 3269 1408 ipsi
3296 1339 3395 1393 soli
3420 1354 3593 1411 oppo-

2015 1429 2120 1482 sita
2137 1436 2222 1482 est
2237 1426 2487 1497 amplexu
2502 1427 2779 1481 radiorum
2806 1428 3105 1497 intercepta
3121 1429 3351 1484 collucet
3371 1447 3386 1498 ;
3401 1432 3599 1495 altera;

2012 1532 2136 1588 quae
2162 1516 2232 1572 ad
2284 1531 2388 1572 nos
2414 1517 2665 1587 pertinet,
2701 1517 2893 1571 umbra
2923 1520 3239 1575 necessario
3279 1521 3592 1591 obducitur,

2012 1616 2334 1663 transeunte
2350 1606 2605 1661 nimirum
2627 1605 2920 1676 splendore
2941 1608 3010 1662 ab
3026 1622 3089 1662 ea
3114 1623 3179 1678 pa
3189 1616 3411 1689 rtequte
3424 1612 3591 1665 solem

2014 1700 2265 1770 aspicere
2287 1713 2397 1752 non
2415 1704 2614 1769 potest,
2633 1696 2701 1753 ad
2724 1698 2869 1753 illam
2899 1707 3108 1767 partem
3130 1716 3250 1771 qua:
3281 1717 3499 1771 semper
3515 1702 3592 1758 illi

332 1786 498 1855 τελὴς
528 1785 620 1839 τοῦ
648 1789 910 1857 στοιχείου
951 1789 1176 1860 μείωσις
1204 1792 1540 1861 λέγεται..Εί
1565 1795 1623 1849 δὲ
1661 1796 1906 1871 παρέλθῃ

2015 1796 2098 1846 est
2113 1789 2364 1853 adversa,
2380 1788 2555 1844 donec
2572 1787 2783 1844 directo
2799 1788 3025 1845 subiens
3040 1790 3227 1845 orbem
3251 1792 3384 1847 solt‘s
3396 1807 3424 1844 a
3444 1803 3594 1864 tergo

333 1878 498 1931 πάλιν
525 1878 617 1932 τὸν
645 1879 799 1949 ἥλιον
828 1880 968 1933 κατά
1006 1881 1105 1952 τὴν
1141 1882 1277 1936 ἰδίαν
1308 1883 1405 1938 τοῦ
1431 1886 1636 1957 δρόμου
1665 1887 1903 1961 κίνησιν,

332 1969 429 2021 καὶ
471 1968 535 2020 ἐκ
578 1967 812 2036 πλαγίου
848 1969 1060 2036 γένοιτο
1096 1973 1164 2043 τῇ
1216 1975 1429 2040 ἀκτῖνι,
1474 1976 1537 2029 τὸ
1583 1977 1686 2049 πρὸ
1727 1979 1909 2048 ὀλίγου

329 2057 585 2127 ἀλαμπὲς
612 2057 962 2129 ὑπολάμπειν
989 2059 1213 2132 ἄρχεται
1239 2062 1358 2135 (99)
1388 2101 1403 2127 ,
1425 2065 1525 2135 τῆς
1551 2065 1770 2131 ἀκτῖνος
1801 2066 1911 2120 ἀπὺ

332 2148 428 2201 τοῦ
444 2165 689 2217 πεφωτισ
696 2149 857 2219 μένου
882 2150 1015 2221 πρὸς
1034 2151 1097 2204 τὸ
1119 2151 1256 2223 τέως
1274 2153 1478 2221 ἀφανὲς
1493 2154 1569 2224 (1)
1592 2155 1898 2227 μετιούσης.

2013 1879 2226 1935 radium
2243 1878 2495 1949 accipiat,
2511 1886 2675 1949 atque
2693 1876 2768 1933 ita
2785 1880 3105 1935 collustrata
3124 1894 3187 1936 ea
3206 1880 3427 1936 dimidia
3441 1891 3594 1952 parte

2017 1971 2263 2041 sphaerae,
2282 1983 2405 2039 quae
2427 1983 2592 2038 supra
2625 1977 2731 2034 est,
2761 1968 2908 2022 illam
2947 1966 3068 2039 quae
3110 1970 3179 2024 ad
3220 1986 3322 2026 nos
3356 1980 3589 2041 spectat,

2023 2044 2283 2133 quoniam
2308 2074 2373 2116 ex
2397 2060 2480 2115 sui
2500 2071 2694 2114 natura
2715 2074 2942 2130 prorsus
2959 2061 3263 2133 splendoris
3290 2072 3343 2117 et
3369 2063 3590 2120 luminis

2015 2167 2208 2223 expers
2248 2157 2353 2217 est,
2387 2150 2531 2205 visui
2581 2150 2839 2206 subducit
2876 2168 2889 2204 :
2931 2151 3076 2220 quod
3126 2153 3381 2207 nimirum
3431 2155 3590 2224 plena

329 2253 495 2313 atque
518 2242 761 2313 perfecta
809 2244 980 2314 ipsius
1034 2247 1283 2302 elementi
1324 2247 1618 2304 diminutio
1664 2250 1888 2305 dicitur.
1926 2247 2083 2316 Quod
2132 2247 2178 2303 si
2216 2249 2408 2301 rursus
2450 2244 2537 2301 sui
2575 2258 2775 2301 cursus
2817 2251 2965 2299 motu
3019 2244 3188 2300 solem
3240 2248 3592 2316 praeterierit.

332 2343 389 2387 et
408 2349 474 2388 ex
505 2343 821 2388 transverso
854 2333 1009 2388 radio
1037 2332 1204 2389 fuerit
1230 2336 1501 2406 opposita,
1539 2338 1684 2407 quod
1708 2342 1870 2408 paulo
1901 2345 2028 2392 ante
2066 2336 2273 2391 lumine
2304 2334 2549 2401 Carebat,
2601 2334 2783 2390 lucere
2821 2334 3035 2405 incipit,
3082 2343 3403 2392 transeunte
3432 2338 3588 2396 radio

334 2424 766 2480 ab'illuminata
817 2433 971 2495 parte
994 2425 1061 2481 ad
1097 2440 1242 2491 eam,
1293 2442 1416 2498 qua
1467 2429 1733 2485 hactenus
1779 2429 2092 2500 splendoris
2140 2442 2338 2498 expers
2370 2435 2509 2482 erat.

414 2562 576 2634 Ὁρᾷς
604 2558 716 2615 οἷόν
746 2562 820 2634 (2)
852 2580 931 2616 σοι
959 2564 1168 2633 γίνεται
1200 2567 1234 2637 ἡ
1264 2565 1384 2636 ὅψις
1423 2566 1769 2641 διδάσκαλος,
1806 2569 1906 2623 οὐκ

328 2652 398 2706 ἄν
436 2670 518 2706 σοι
573 2653 964 2725 παρασχομένη
1011 2654 1079 2708 δι’
1137 2656 1335 2727 ἑαυτῆς
1380 2657 1488 2709 τῶν
1527 2657 1783 2711 τοιούτων
1808 2658 1906 2729 τὴν

234 2814 239 2818 ἢ
328 2741 567 2812 θεωρίαν
600 2742 711 2814 (5),
745 2743 794 2794 εἰ
833 2742 904 2813 μή
951 2759 1005 2795 τι
1061 2739 1154 2797 οὖν
1205 2743 1280 2814 (4)
1326 2743 1387 2797 τὸ
1433 2743 1521 2797 διὰ
1574 2743 1684 2798 τῶν
1731 2743 1906 2812 δψεων

334 2831 549 2901 βλέπων
573 2831 647 2903 (5)
669 2872 686 2897 ,
718 2830 747 2885 ὃ
775 2833 887 2895 τοῖς
912 2832 1033 2885 κατ’
1065 2833 1315 2905 αἴσθησιν
1351 2834 1770 2906 γινωσκομένοις
1795 2829 1906 2889 οἷόν

324 2937 480 2977 ’τισιν
504 2921 714 2993 ὁδηγοῖς
754 2922 1089 2993 κεχρημένον
1116 2923 1203 2977 διὰ
1256 2923 1363 2979 τῶν
1410 2925 1744 2996 φαινομένων
1766 2966 1779 2990 ,
1811 2926 1905 2979 ἐπὶ

332 3013 410 3067 τὰ
456 3013 529 3084 μὴ
572 3012 879 3084 βλεπόμενα
911 3013 986 3085 (6)
1021 3013 1322 3082 διαδύεται;
1357 3014 1421 3069 Τί
1453 3017 1535 3070 δεῖ
1559 3017 1904 3089 προστιθέναι

2105 2562 2344 2619 Videsne
2371 2562 2614 2632 qualium
2639 2577 2824 2618 rerum
2884 2564 2978 2618 tibi
3018 2563 3169 2618 visus
3201 2563 3458 2632 magister
3490 2565 3583 2633 sit,

2010 2657 2103 2727 qui
2139 2670 2236 2725 per
2277 2669 2398 2709 sese
2439 2655 2629 2708 talium
2665 2669 2847 2708 rerum
2928 2654 3029 2708 tibi
3087 2654 3579 2711 considerationem

2010 2757 2175 2817 atque
2224 2745 2590 2815 cognitionem
2647 2758 2757 2798 non
2806 2744 3164 2813 praebuisset.
3217 2745 3323 2800 nisi
3376 2746 3585 2817 aliquid

2010 2845 2160 2893 esset
2190 2835 2332 2906 quod
2366 2849 2461 2903 per
2489 2833 2679 2889 oculos
2712 2841 2980 2899 cerneret,
3011 2834 3157 2906 quod
3186 2835 3254 2893 iis
3274 2845 3394 2907 quae
3418 2853 3584 2922 spnsu

2009 2922 2386 2996 percipiuntur
2416 2933 2681 2995 tanquam
2768 2925 3005 2983 ducibus
3063 2926 3391 2996 quibusdam
3426 2941 3584 2985 utens

2008 3031 2107 3087 per
2161 3016 2479 3087 apparentia
2523 3022 2835 3086 penetraret
2889 3015 2957 3070 ad
2997 3031 3091 3080 ea,
3133 3033 3256 3088 quae
3310 3033 3419 3075 non
3478 3036 3577 3090 ap-

335 3106 441 3169 τάς
473 3105 847 3177 γεωμετρικὰς
896 3105 1116 3175 ἐφόδους
1156 3105 1245 3160 διὰ
1285 3107 1393 3160 τῶν
1436 3109 1707 3180 αἰσθητῶν
1738 3128 1910 3182 χαρα-

2015 3107 2252 3175 parent?
2301 3107 2443 3173 Quid
2492 3122 2632 3177 Opus
2673 3116 2759 3162 est
2787 3106 2990 3163 addere
3033 3108 3402 3164 instrumenta
3451 3125 3582 3181 geo-

334 3195 589 3264 γμάτων,
628 3196 762 3267 πρὸς
789 3196 858 3249 τά
886 3196 1025 3266 ὑπὲρ
1059 3195 1308 3265 αἴσθησιν
1351 3200 1499 3269 ἡμᾶς
1537 3201 1907 3270 χειραγωγού-

340 3303 450 3349 σας
471 3324 487 3350 ,
515 3286 607 3339 καὶ
639 3286 805 3359 μυρία
855 3288 948 3341 ἐπὶ
992 3286 1198 3350 τούτοις
1226 3288 1359 3343 ἀλλα
1379 3327 1396 3354 ,
1449 3290 1514 3343 δι’
1543 3284 1619 3344 ὧν
1661 3293 1911 3347 συνίστα-

330 3396 430 3434 ται
466 3379 541 3451 (7)
585 3380 671 3434 διά
694 3379 803 3434 τῶν
852 3381 910 3432 ὲν
953 3381 1083 3450 ἡμῖν
1136 3380 1908 3454 σωματικῶςνὲνεργουμένων

331 3469 440 3540 τῆς
472 3470 922 3542 ὲγκεκρυμμένης
950 3470 1025 3539 (8)
1054 3472 1118 3539 τῇ
1151 3469 1308 3538 φύσει
1334 3468 1489 3540 ἡμῶν
1507 3472 1699 3542 νοερᾶς
1718 3472 1905 3537 οὐσίας

332 3559 439 3627 τὴν
469 3562 773 3633 κατάληψιν
791 3559 1035 3629 γίνεσθαι
1054 3578 1070 3628 ;
1087 3558 1215 3614 -Γ,
1239 3560 1303 3613 Τί
1313 3559 1392 3624 δὲ,
1408 3554 1578 3625 εἷπον,
1595 3561 1644 3614 εἰ
1703 3558 1889 3631 ὥσπερ

331 3651 519 3703 κοινὸν
551 3649 648 3721 μέν
695 3652 842 3702 ἐστιν
890 3648 980 3702 ἐπὶ
1025 3649 1123 3719 τῆς
1157 3648 1420 3720 αἰσθητῆς
1466 3648 1572 3702 τῶν
1631 3648 1905 3719 στοιχείων

334 3739 553 3809 φύσεως
587 3739 649 3793 τὸ
676 3738 902 3800 ὑλῶδες,
929 3737 1156 3809 διαφορά
1208 3737 1266 3790 δὲ
1318 3738 1459 3792 κατά
1510 3737 1571 3791 τὸ
1621 3736 1815 3801 ἰδίαζον
1847 3739 1906 3792 ὲν

332 3830 554 3901 ἑκάστῳ
580 3830 709 3883 εἴδει
747 3830 844 3900 τῆς
877 3827 1008 3898 ὕλης
1057 3828 1225 3899 πολλὴ
1249 3827 1317 3899 (ἥ
1345 3846 1404 3882 τε
1429 3828 1537 3899 γὰρ
1566 3827 1776 3898 κίνησις
1807 3829 1906 3883 αύ-

329 3925 450 3985 τοῖς
475 3922 539 3975 ὲκ
556 3921 650 3974 τοῦ
683 3919 924 3975 ἐναντίου
951 3919 1115 3983 ἐστὶν,
1148 3917 1241 3972 τοῦ
1268 3919 1365 3989 μὲν
1394 3916 1706 3989 ἀνωφεροῦς
1731 3919 1902 3982 ὄντος,

331 4013 436 4067 τοῦ
458 4012 515 4066 δὲ
548 4013 639 4066 ἐπὶ
671 4012 762 4065 τοῦ
791 4011 868 4083 (9)
901 4009 1049 4064 κάτω
1084 4007 1357 4079 βρίθοντος
1379 4048 1393 4072 ,
1425 4008 1486 4061 τὸ
1516 4007 1573 4060 δὲ
1612 4008 1723 4075 (19)
1767 4004 1906 4072 εἶδος

2011 3196 2262 3261 metrica,
2307 3211 2429 3266 quae
2467 3210 2559 3266 per
2599 3196 2887 3251 sensibiles
2940 3197 3142 3267 ﬁguras
3198 3197 3264 3252 ad
3330 3213 3395 3253 ea
3459 3215 3583 3270 qum

2009 3297 2174 3354 supra
2229 3289 2646 3344 sensum-sunt,
2704 3298 2807 3339 nos
2863 3284 3021 3354 quasi
3064 3285 3462 3353 manuducunt,
3515 3303 3581 3344 ac

2008 3379 2209 3443 przeter
2262 3372 2378 3428 haec
2436 3373 2540 3427 alia
2575 3380 2854 3437 sexcenta,
2909 3373 3108 3444 quibus
3151 3375 3464 3431 ostenditur
3491 3386 3577 3432 at-

2009 3479 2115 3535 que
2157 3463 2420 3535 probatur
2458 3479 2557 3534 per
2595 3479 2658 3519 ea
2709 3479 2830 3535 qua;
2869 3466 3226 3535 corporaliter
3279 3467 3334 3521 in
3414 3468 3580 3525 nobis

2008 3561 2326 3622 operantur,
2360 3552 2902 3623 comprehensionem
2958 3562 3121 3623 atque
3171 3559 3574 3627 perceptionem

2009 3642 2124 3697 ﬁeri
2178 3641 2568 3697 intellectualis
2618 3650 2671 3695 et
2706 3642 2999 3697 invisibilis
3042 3647 3316 3710 essentiae,
3371 3664 3492 3718 quae
3522 3650 3577 3705 in

2006 3741 2205 3786 natura
2267 3740 2459 3787 nostra
2534 3730 2719 3789 infusa
2756 3772 2772 3796 ,
2838 3732 3109 3800 immista,
3174 3744 3584 3808 contemperata

2007 3831 2173 3892 atque
2219 3821 2540 3878 abscondita
2570 3822 2758 3881 estiG.
2785 3825 2925 3892 Quid
2984 3839 3145 3891 vero,
3188 3826 3436 3898 inquam,
3487 3831 3533 3886 si
3563 3871 3579 3896 ,

2006 3914 2501 3986 quemadmodum-
2532 3913 2816 3969 materiale
2883 3915 3102 3985 quidem
3160 3931 3453 3976 commune
3497 3932 3583 3978 est

2006 4006 2316 4063 insensibili
2372 4006 2766 4061 elementorum
2821 4015 3052 4071 naturae,
3103 4009 3409 4066 differentia
3481 4028 3581 4069 au-

330 4106 402 4159 οὗ
434 4104 494 4158 τὸ
522 4103 680 4168 αὐτὸ,
715 4103 872 4173 καὶὴ
917 4100 1136 4169 ποιότης
1190 4098 1442 4170 διάφορος
1488 4098 1544 4151 έν
1583 4098 1743 4165 τινι),
1786 4096 1905 4151 τού-

2015 4104 2115 4151 tem
2193 4095 2511 4166 singulatim
2588 4094 2645 4149 in
2698 4110 3025 4166 unaquaque
3098 4101 3278 4169 specie
3345 4106 3584 4161 materia:

264 4234 267 4235 ν
327 4214 447 4251 των
481 4195 591 4267 (Η)
624 4193 766 4248 κατά
810 4193 900 4246 τὸν
949 4191 1103 4259 λόγον
1155 4189 1588 4258 συνουσιωμένην
1636 4205 1720 4250 τις
1763 4182 1904 4241 εἶναι

2015 4202 2200 4259 magna
2221 4188 2243 4260 (
2264 4193 2444 4242 motus
2478 4186 2728 4249 enimiis
2757 4189 3067 4244 contrarius
3121 4199 3224 4254 est,
3273 4208 3397 4247 cum
3427 4196 3573 4250 aliud

321 4288 485 4356 ’λέγοι
517 4286 744 4356 δύναμιν
766 4324 781 4350 ,
808 4284 906 4355 τὴν
939 4284 1036 4346 τὰς
1075 4281 1331 4352 νοητικὰς
1374 4279 1576 4342 ταύτας
1605 4276 1902 4346 φαντασίας

2015 4278 2223 4350 quidem
2259 4287 2480 4335 surSum
2514 4277 2756 4343 feratur,
2810 4280 2956 4334 aliud
2988 4295 3117 4335 vero
3171 4282 3426 4339 deorsum
3468 4301 3572 4341 ver:

321 4396 393 4434 τε
431 4379 529 4431 κα).
564 4377 838 4447 κινήσεις,
869 4376 932 4427 ἐκ
980 4372 1214 4442 φυσικῆς
1249 4370 1504 4440 ίδιότητός
1531 4386 1589 4421 τε
1625 4369 1717 4421 καὶ
1743 4368 1900 4422 δυνά·

2015 4375 2138 4438 gat,
2179 4367 2391 4439 species
2445 4367 2573 4421 item
2611 4383 2721 4422 non
2776 4369 2965 4423 eadem
3013 4378 3068 4425 et
3111 4372 3346 4440 qualitas
3396 4372 3578 4429 diver-

326 4486 484 4541 μεως
512 4445 871 4538 ἐνεργοῦσανς
904 4460 1005 4517 Οἴα
1033 4462 1097 4533 δὴ
1146 4460 1316 4516 πολλὰ
1349 4458 1613 4530 βλέπομεν
1660 4458 1763 4511 ὑπὸ
1799 4457 1906 4512 τῶν

2015 4459 2135 4527 sa),
2186 4457 2235 4514 si
2267 4456 2392 4528 quis
2440 4456 2526 4510 bis
2568 4456 2855 4511 elementis
2888 4456 2998 4510 vim
3041 4460 3333 4526 quamdam
3368 4460 3581 4513 ratione

290 4578 299 4639 ς
327 4557 718 4635 μηχανοποιῶν
751 4554 1114 4627 ἐνεργούμενα
1138 4591 1155 4618 ,
1186 4552 1268 4622 ἐφ’
1299 4545 1373 4605 ὧν
1411 4552 1444 4620 ἡ
1492 4549 1592 4619 ὕλη
1638 4548 1900 4620 τεχνικῶς

2015 4555 2171 4619 atque
2248 4547 2606 4619 proportione
2686 4555 3145 4618 contemperatam
3179 4588 3196 4613 ,
3260 4549 3477 4609 insitam.
3526 4557 3581 4604 et

418 4737 530 4860 (91)
568 4735 998 4816 Πεπληρῶᾳθαι
1045 4732 1256 4819 φωξός.
1302 4706 1552 4811 ln'calce
1595 4724 1803 4782 codicis
1861 4727 1906 4806 ιζ

418 4824 486 4860 nc
534 4824 631 4860 eeo
662 4812 1067 4860 anttotattonem
1109 4819 1120 4853 :
1181 4803 1276 4853 Οτι
1307 4797 1565 4852 ὲλαττονα
1605 4797 1769 4849 τόπον
1813 4813 1906 4848 του

2110 4725 2200 4793 97)
2249 4717 2577 4779 ’Υποϐᾶσω
2612 4721 2655 4776 Β
2688 4722 3018 4777 ’Υποϐἄσαν.

2082 4726 2195 4860 ἕθδ)
2239 4794 2309 4850 Τὸ
2339 4790 2511 4849 εἶναι.
2543 4797 2589 4845 Α
2616 4791 2694 4860 τῷ
2717 4792 2776 4844 τὸ
2805 4790 2960 4847 εἶναι.
2997 4794 3036 4845 Β
3061 4793 3130 4860 τῷ

326 4789 1120 4877 hancleéo'antmtationem:
1154 4789 1276 4853 ’Ότι
1307 4797 1565 4877 ὲλὰςετρνα
1605 4794 1906 4877 τόπονιωῦ

2236 4794 2309 4877 εὐ
2339 4790 2511 4849 εἶναι.
2543 4797 2602 4877 1ξὶ
2616 4791 2694 4877 τῇ)
2717 4792 2776 4844 τὸ
2805 4790 2960 4877 εἶναι.
2997 4794 3036 4845 Β
3061 4793 3140 4863 τῷ
3163 4789 3318 4847 εἶναι.

326 4814 486 4865 hanc
515 4814 631 4877 lego
662 4814 1067 4862 anttotattonem
1109 4819 1120 4853 :
1155 4814 1276 4853 "Un
1307 4814 1565 4852 εΑαττονα
1605 4814 1769 4849 τοπον
1813 4814 1906 4848 του
2082 4814 2172 4866 (νδ
2239 4814 2309 4850 1'0
2339 4814 2511 4849 ειναι.
2543 4814 2589 4845 Α
2616 4814 2694 4861 τῳ
2717 4814 2776 4844 το
2805 4814 2960 4847 ειναι.
2997 4814 3025 4845 u

321 4878 566 4952 ἡλιακοῦ
587 4878 854 4952 ,τοςοῡτοπί
887 4871 1161 4952 ἡμετελήνη
1203 4867 1505 4952 περιπολεῖν.
1531 4865 1906 4952 suam?
2081 4814 2542 4952 ςεῖθέῇΑρλιεῑαιο.
2560 4863 2859 4952 item:
2878 4864 3025 4952 τότε·

348 4931 782 5057 Ξξνὶῆιὲῆνα
808 4931 1056 4997 τὸν’ἰδιον
1082 4931 1317 4993 ἐκτελεῖν
1352 4931 1533 4999 τόπον,
1560 4936 1651 4989 τὸν
1677 4936 1828 5005 ἥλιον
1849 4931 1907 4987 δὲ
2203 4931 2914 5056 ἂῗὲνὶςὴιέἶξνάφεγγές.

388 5020 404 5039 ⁹
438 5017 680 5056 Eum-tem":
2081 5017 2160 5056 (2)
2203 5017 2361 5056 Utor.
2390 5017 2436 5054 Α
2464 5017 2504 5054 Β
2531 5017 2676 5055 οιων.

366 5038 383 5072 ι
410 5034 1061 5157 (δέιῗΐιίῖέέιπρόσωπος.
1086 5077 1215 5133 Post
1239 5077 1382 5131 hanc
1406 5090 1593 5157 vocem
1622 5075 1675 5129 in
1701 5090 1834 5156 mss.
1862 5075 1905 5126 Δ

367 5168 392 5212 t
457 5156 497 5209 Β
558 5162 862 5212 sequuntur
914 5152 1013 5204 ista
1070 5152 1121 5203 in
1171 5147 1333 5201 editis
1388 5160 1589 5201 umtssa
1633 5160 1756 5212 ετῳ
1817 5144 1906 5197 διὰ

2104 5006 2160 5071 2)
2203 5006 2361 5056 Οἶον.
2390 5006 2436 5054 Α
2463 5006 2504 5054 Β
2531 5006 2676 5055 οἵων.

2081 5011 2157 5141 (5)
2200 5072 2474 5141 Θεωρίαν.
2509 5071 2550 5123 Β
2585 5071 2900 5141 θεραπείαν.
2942 5101 2952 5112 -

2084 5144 2159 5212 (4)
2203 5140 2346 5198 Οὗν.
2382 5143 2423 5194 Β
2453 5136 2540 5212 ἦν.
2573 5210 2600 5212 _
2655 5209 2689 5212 __
2725 5210 2734 5212 _

2248 5160 2346 5198 υν.
2382 5160 2423 5194 ὕ
2453 5160 2540 5198 ην.

2107 5144 2159 5207 4)
2203 5144 2346 5198 Οὗν.
2382 5144 2423 5194 Β
2453 5144 2540 5212 ἦν.

2082 5144 2159 5282 (5)
2197 5212 2467 5282 Βλέπων.
2497 5212 2542 5282 ᾼ
2572 5210 2614 5261 Β
2647 5209 2861 5282 βλέπον.

2082 5276 2157 5349 (6)
2198 5281 2292 5349 Μὴ
2315 5276 2684 5348 βλεπόμενα.
2722 5280 2812 5349 Μή
2846 5276 2997 5331 deest
3030 5277 3092 5349 Β,

2079 5348 2157 5413 (7)
2206 5348 2587 5405 Συνισταται.
2625 5350 2667 5401 Β
2697 5348 3003 5400 συνίσταται
3031 5348 3110 5401 τό.

2079 5415 2156 5492 (8)
2208 5417 2738 5492 Ἑγκεκρυμμένης.
2790 5415 2838 5469 Α
2889 5416 2946 5471 in
3000 5417 3243 5489 margine
3300 5420 3572 5496 ἐγκεκρα-

2013 5490 2195 5569 M35-
2216 5490 2290 5569 ._'
2323 5558 2334 5569 .
2446 5557 2474 5569 -

2082 5555 2157 5628 (9)
2216 5557 2498 5628 Ἐπίτοῖμ
2530 5557 2575 5628 ᾼ
2603 5555 2768 5628 Β-ὲπὶ
2791 5557 2870 5610 τό.

2338 5627 2424 5680 δέ.
2465 5626 2510 5679 Α
2536 5626 2664 5702 Βρό
2689 5643 2768 5679 τε.

2082 5694 2193 5771 (ll)
2234 5699 2337 5752 Ἕν
2368 5714 2481 5751 τινι
2500 5738 2513 5763 ,
2554 5694 2791 5753 τὸύτων.
2822 5697 2866 5749 Δ
2890 5697 2930 5748 Β
2953 5695 3008 5751 ἐν
3035 5713 3138 5753 τινι
3172 5694 3396 5752 τούτων.

328 5168 392 5215 et
417 5143 431 5157 “
457 5143 521 5209 Β’
558 5143 862 5225 sequuntur
883 5222 891 5225 _
914 5143 1031 5225 ista
1070 5152 1121 5203 in
1167 5147 1589 5225 editis‘umjssa
1633 5160 1647 5197 :
1799 5144 1906 5225 ,διὰ

325 5214 539 5284 πολλοῦ
563 5214 825 5297 περιιόντι
849 5222 937 5297 τδν
961 5221 1087 5273 ἴδιον
1110 5216 1327 5297 πόλον-,ἢ
1347 5216 1413 5269 δι’
1444 5216 1623 5297 ὀλίγου
1648 5214 1906 5297 πολλάκις

323 5300 431 5355 τὸν
468 5284 667 5367 ἑαυτῆς
715 5292 1073 5367 περιθέουσα⁹
1107 5288 1218 5367 ἀλλ’
1256 5284 1442 5367 ὥσπερ
1475 5287 1507 5356 ἡ
1544 5287 1662 5337 κατ’
1696 5284 1905 5336 εὐθεῖαν

321 5369 413 5431 ὡς
444 5367 578 5434 πρὸς
605 5355 696 5418 τδν
725 5355 881 5434 ἥλιον
913 5357 1319 5434 ἀντιπρόσωπος
1356 5355 1522 5418 θέσις.

412 5429 526 5499 (93)
562 5429 826 5489 Γίνεται.
857 5432 903 5483 Α
931 5429 1174 5497 γένηται.

408 5494 523 5579 (ἓξ)
559 5503 913 5579 ξενομέζνορ.
1021 5494 1326 5579 γενομένου.

409 5570 513 5645 (95⁷
568 5574 648 5643 Τῇ
668 5570 809 5626 τοῦ.
844 5570 886 5621 Β
915 5570 982 5638 τῇ
1011 5570 1142 5619 τῶν.
1255 5597 1261 5602 η

409 5576 525 5713 (96)
571 5643 709 5700 Ἐπί
751 5641 879 5697 τόν.
924 5639 968 5691 Α
1015 5638 1069 5691 in
1105 5642 1256 5691 textu

324 5720 353 5772 ἒ

571 5632 709 5700 ’ἐπὶ
751 5641 879 5697 τόν.
924 5632 982 5691 Α”
1015 5638 1069 5691 in
1105 5642 1256 5691 textu
1297 5634 1418 5687 ἐπεὶ
1460 5634 1539 5697 τό,
1585 5633 1636 5687 in
1670 5632 1908 5703 margine
