3950 6132
423 236 497 295 35
1633 229 1692 287 s.
1729 228 2057 288 GREGORII
2113 226 2407 286 NYSSENI
3605 229 3692 288 δε

426 350 586 422 quasi
613 349 1016 420 incorporatam
1049 357 1214 420 atque
1230 348 1758 407 consubstantiatam
1777 363 1901 406 esse
1918 347 2003 404 di-

2112 344 2407 402 Βιατεθεῖσα
2439 343 2685 418 μιμεῖται
2716 344 2817 417 τὴν
2842 345 3002 416 φύσιν
3022 387 3039 414 ,
3093 346 3193 401 οὒκ
3242 346 3300 401 ἐν
3327 344 3406 419 τῷ
3436 347 3693 419 σχήματι

427 446 539 509 cat,
597 455 720 510 quae
772 439 908 506 haec,
960 453 1082 510 quae
1148 448 1332 496 mente
1381 438 1802 510 percipiuntur,
1878 437 1995 491 visa

429 537 596 599 atque
635 528 907 583 motiones
953 541 1017 583 ex
1066 527 1307 583 naturali
1355 527 1688 598 proprietate
1721 532 1884 595 atque
1916 521 1999 577 fa-

431 621 635 675 cultate
682 618 1129 688 eﬁiciat?qualia
1182 619 1352 674 multa
1401 619 1658 674 nimirum
1710 632 1740 670 a
1790 615 1998 670 machi-

431 726 623 767 narum
705 711 1004 767 artiﬁcibus
1072 709 1212 765 eﬁici
1271 709 1540 776 videmus,
1612 709 1703 765 ubi
1770 708 1999 763 materia

428 812 546 857 arte
580 800 845 873 disposita
910 808 1162 854 naturam
1216 800 1493 865 imitatur,
1555 813 1666 853 non
1720 798 1773 852 in
1824 796 2000 852 forma

429 895 605 949 solum
668 889 1082 948 similitudinem
1140 889 1457 954 ostendens,
1501 904 1690 944 verum
1723 888 1887 943 etiam
1943 888 1998 941 in

429 990 578 1035 motu
613 988 884 1041 versatur,
916 987 968 1033 et
1010 976 1194 1031 ﬁctam
1242 979 1532 1048 quamdam
1572 993 1762 1033 vocem
1803 990 2002 1047 reprae-

428 1079 643 1133 sentat,
718 1076 1011 1125 resonante
1069 1069 1317 1123 machina
1384 1069 1439 1123 in
1480 1080 1634 1138 parte
1684 1069 1896 1124 vocali:
1937 1082 2002 1123 ac

428 1176 536 1216 non
590 1161 809 1230 utrique
840 1160 948 1212 vim
992 1144 1291 1228 quamdam
1338 1160 1693 1230 intelligentia
1720 1159 1999 1231 praeditam

428 1254 483 1309 in
538 1254 607 1308 iis
659 1268 782 1321 quae
875 1252 1009 1307 ﬁunt
1066 1252 1248 1308 inesse
1311 1253 1826 1319 animadvertimus,
1883 1268 2004 1324 qua)

428 1345 747 1416 singulatim
817 1359 1064 1414 quasque
1117 1360 1204 1401 res
1261 1344 1455 1400 efﬁciat
1506 1352 1561 1401 et
1620 1356 1906 1416 operetur,
1942 1345 2005 1400 ﬁ-

428 1451 638 1507 guram,
693 1436 951 1504 speciem,
1016 1450 1252 1498 sonum,
1287 1443 1517 1490 motum.
1570 1433 1628 1489 Si
1675 1436 1790 1491 haec
1851 1435 2007 1490 dica-

2100 442 2245 511 μόνῳ
2270 438 2382 509 (12)
2409 436 2661 493 δεικνῦσα
2687 436 2751 492 τὸ
2777 440 2979 510 ὅμοιον,
3012 438 3149 493 ἀλλὰ
3176 438 3287 511 (13)
3312 440 3403 494 καὶ
3443 440 3501 492 ἐν
3526 441 3697 512 κινή-

2099 544 2181 582 σει
2216 528 2445 596 γίνεται,
2467 527 2562 580 καὶ
2597 526 2832 596 φθόγγον
2864 527 2987 581 τινὰ
3016 527 3388 598 ὑποκρίνεται,
3416 526 3693 597 ἠχοῦντος

2098 621 2156 673 ἐν
2202 618 2281 690 τῷ
2307 618 2598 689 φωνητικῷ
2632 618 2789 689 μέρει
2836 618 2931 672 τοῦ
2974 620 3391 690 μηχανήματος,
3431 618 3525 671 καὶ
3552 617 3690 671 οὐδέ

2100 726 2202 761 που
2233 708 2343 779 (14)
2377 708 2571 780 νοητήν
2599 726 2719 762 τινα
2741 708 2966 779 δύναμιν
2995 709 3298 780 γινομένοις
3327 708 3439 779 (15)
3473 708 3682 761 ὲνθεωσ

2104 799 2302 872 ροῦμεν
2329 800 2428 870 τὴν
2458 799 2578 853 καθ’
2609 800 2836 853 ἕκαστον
2867 800 2978 870 (16)
3008 800 3378 871 ἐργαζομένην
3424 799 3485 852 τὸ
3533 799 3680 869 σχῆ-

2103 910 2180 963 μα
2203 932 2217 958 ,
2249 892 2309 944 τδ
2336 889 2471 954 εἶδος
2494 889 2650 961 (16⁸),
2677 891 2780 962 ,τὸν
2813 887 2945 962 ἦχον
2963 932 2978 957 ,
3006 892 3105 962 τὴν
3137 893 3366 961 κίνησιν.
3414 892 3476 944 El
3499 889 3690 946 ταῦτα

2100 983 2330 1053 λέγομεν
2348 981 2458 1053 (l7)
2488 981 2582 1034 καὶ
2607 980 2733 1052 περὶ
2755 981 2814 1034 τὸ
2835 981 3132 1052 μηχανικὸν
3155 980 3312 1035 τοῦτο
3333 979 3433 1049 τῆς
3458 979 3685 1048 φύσεως

2100 1074 2255 1144 ἡμῶν
2286 1072 2532 1144 ὄργανον,
2566 1073 2838 1142 μηδεμιᾶς
2866 1071 3009 1126 κατὰ
3036 1072 3099 1125 τὸ
3132 1070 3330 1135 ἰδιάζον
3355 1071 3551 1141 νοητῆς
3579 1071 3685 1122 οὐ-

2103 1165 2225 1229 σίας
2276 1164 2689 1235 ἐγκεκραμένης
2718 1162 2831 1233 (18)
2905 1162 3169 1231 γίνεσθαι,
3216 1161 3352 1216 ἀλλά
3409 1178 3553 1224 τινος
3600 1162 3679 1231 τῇ

2103 1255 2263 1326 φύσει
2304 1254 2412 1307 τῶν
2451 1254 2510 1306 ἐν
2561 1254 2692 1324 ήμῖν
2742 1254 3018 1323 στοιχείων
3058 1252 3348 1322 κινητικῆς
3392 1251 3682 1321 δυνάμεως

2102 1346 2428 1418 ἐγκειμένης
2449 1388 2465 1413 ,
2496 1347 2589 1399 καὶ
2616 1345 2715 1416 τὴν
2738 1344 2990 1415 τοιαύτην
3012 1344 3293 1415 ἐνέργειαν
3324 1342 3682 1413 ἀποτέλεσμα

2103 1434 2242 1492 εἶναι
2267 1436 2378 1507 (l9)
2419 1436 2502 1505 ἐφ’
2537 1435 2780 1504 ,ἐαυτῆς’
2816 1435 2915 1506 τὴν
2946 1435 3140 1506 νοητήν
3161 1436 3377 1504 ἐκείνην
3407 1436 3500 1489 καὶ
3529 1434 3685 1488 ἀσώο

430 1544 554 1583 mus
583 1529 744 1582 etiam
780 1528 832 1582 in
868 1528 971 1583 hoc
1023 1527 1341 1583 mechanico
1375 1534 1585 1583 natura;
1632 1536 1833 1585 nostrae
1889 1528 2005 1584 ﬁeri

2112 1544 2276 1598 ματον
2300 1527 2401 1598 τῆς
2423 1525 2600 1597 ψυχῆς
2620 1524 2808 1580 οὐσίαν
2831 1524 3310 1597 ἁποδεικνύοιτο,ἢ
3344 1525 3404 1580 τὸ
3431 1526 3685 1598 μηδόλως

434 1618 840 1683 instrumento,
888 1617 1042 1672 nulla
1103 1618 1437 1688 separatim,
1472 1633 1593 1688 quae
1646 1628 1824 1675 mente
1884 1633 2007 1674 cer-
2106 1614 2288 1684 elvat;

431 1718 616 1776 natur,
672 1719 869 1765 natura
924 1709 1146 1774 infusa,
1201 1709 1297 1765 sed
1348 1709 1584 1779 quadam
1652 1709 1914 1766 facultate
1969 1710 2223 1766 movendi
2278 1711 2445 1767 insita
2512 1720 2728 1768 natura:
2780 1726 2970 1768 eorum
3024 1725 3147 1782 quae
3222 1712 3277 1774 in
3326 1712 3486 1767 nobis
3547 1721 3684 1767 sunt

431 1801 851 1865 elementorum,
894 1798 1151 1873 urgente,
1176 1808 1340 1871 atque
1395 1799 1667 1871 ejusmodi
1725 1801 1996 1857 actionem
2034 1810 2159 1858 esse
2193 1802 2273 1858 rei
2330 1802 2605 1869 enectum,
2640 1816 2764 1874 qua:
2830 1802 2970 1857 nihil
3022 1802 3171 1857 aliud
3218 1809 3303 1857 est
3351 1817 3513 1872 quam
3558 1819 3685 1858 mo-

434 1900 524 1946 tus
573 1891 793 1960 quidam
843 1892 1194 1962 impulsivus,
1259 1891 1355 1961 qui
1396 1898 1650 1947 versatur
1737 1898 1793 1947 et
1853 1901 2156 1962 occupatur
2181 1892 2329 1949 circa
2383 1894 2750 1965 cognitionem
2794 1907 2982 1948 earum
3035 1906 3240 1956 rerum,
3295 1891 3494 1962 quibus
3558 1899 3685 1947 stu-

433 1985 625 2040 demus
651 1990 705 2039 et
762 1999 983 2054 operam
1017 1985 1266 2041 damus:
1308 1993 1491 2042 utrum
1549 1984 1721 2055 magis
1788 1999 1886 2056 per
1927 1984 2069 2050 haec,
2123 2000 2317 2043 essene
2379 1987 2526 2042 illam
2608 1987 2665 2043 in
2739 2000 2863 2043 sese
2910 1985 3229 2040 rationalem
3280 1984 3685 2055 intelligentiae-

435 2092 541 2147 que
594 2076 913 2146 participem
965 2085 1021 2132 et
1070 2077 1451 2148 incorpoream
1484 2077 1679 2133 animae
1718 2085 1997 2143 naturam,
2038 2093 2106 2133 an
2146 2095 2215 2135 ne
2258 2095 2484 2150 prorsus
2539 2079 2758 2151 quidem
2790 2092 2934 2144 esse,
2987 2076 3432 2131 demonstretur?

534 2168 602 2221 M.
626 2167 697 2220 At
717 2163 1318 2236 illazllumsimilitudo,
1365 2166 1578 2237 inquit,
1630 2165 1850 2235 adjuvat
1913 2176 2007 2220 at-

2185 2172 2262 2226 M.
2296 2173 2450 2235 Ἡδὲ,
2468 2174 2771 2245 Συμμαχεί,
2793 2167 2960 2239 φησι,
3010 2164 3249 2236 τῷλόγῳ
3292 2166 3387 2218 καὶ
3433 2163 3493 2216 τὸ
3538 2162 3680 2215 ὑπό-

435 2267 544 2323 que
599 2245 1125 2309 deiendit'nostram
1170 2257 1471 2313 orationem
1499 2297 1514 2321 ,
1564 2264 1679 2312 tum
1726 2264 2005 2312 structura

438 2356 602 2413 atque
650 2343 977 2413 compositio
1010 2345 1190 2401 omnis
1235 2361 1304 2402 ex
1357 2348 1592 2405 adverso
1643 2347 1801 2403 nobis
1842 2348 2006 2404 illatae

437 2434 889 2492 contradictionis
947 2451 1059 2492 non
1108 2451 1304 2508 parum
1354 2438 1600 2495 conferet
1657 2439 1726 2495 ad
1778 2448 2005 2497 senten-

436 2522 527 2578 tia:
571 2534 772 2582 nostra:
803 2525 1290 2581 conﬁrmationem.
1310 2530 1444 2585 —G.
1466 2529 1883 2597 Quihocdicis‘!
1916 2526 2005 2581 in-

437 2626 621 2680 quam.
640 2617 782 2671 -Μ,
801 2617 1092 2684 Quoniam,
1109 2614 1304 2685 inquit,
1319 2618 1390 2671 ita
1404 2618 1566 2681 scire,
1589 2623 1850 2683 tractare,
1887 2616 2005 2672 dis-

436 2714 641 2770 ponere
693 2707 747 2754 et
782 2701 1195 2756 accommodare
1247 2705 1527 2759 materiam
1575 2707 1893 2773 inanimam,
1947 2717 2008 2762 ut

436 2807 551 2865 ars,
585 2808 705 2861 quae
761 2794 826 2847 ad
874 2792 1153 2847 machinas
1195 2791 1440 2849 adhibita
1495 2804 1601 2862 est,
1649 2798 1772 2853 loco
1815 2799 2008 2854 anima:

436 2884 826 2953 propemodum
888 2883 1128 2939 materiae
1202 2884 1276 2939 sit
1330 2924 1345 2949 ,
1410 2895 1695 2955 propterea
1747 2889 1893 2959 quod
1953 2896 2009 2944 et

437 2983 668 3040 motum,
720 2983 775 3030 et
831 2982 1050 3040 sonum,
1105 2983 1159 3031 et
1210 2975 1444 3048 ﬁguram
1505 2985 1560 3032 et
1609 2978 1740 3033 talia
1811 2994 2008 3049 νοω-θεέ

437 3075 636 3134 sentat,
685 3067 821 3122 satis
856 3067 1019 3124 fuerit
1066 3068 1134 3123 ad
1181 3069 1709 3137 demonstrandum,
1759 3073 1905 3142 quod
1938 3074 2010 3129 sit

437 3160 642 3229 aliquid
700 3160 755 3215 in
804 3161 1025 3216 homine
1057 3162 1166 3218 tale
1223 3162 1371 3234 quod
1447 3177 1544 3234 per
1602 3165 2010 3236 contemplatri-

437 3268 553 3308 cem
612 3259 668 3307 et
720 3252 1075 3308 inventricem
1128 3254 1445 3310 facultatem
1507 3270 1631 3310 cum
1689 3257 2010 3313 naturaliter

437 3345 613 3416 possit
667 3344 781 3400 hate
831 3346 887 3400 in
937 3347 1119 3415 seipso
1171 3347 1552 3414 considerare,
1597 3358 1779 3403 mente
1826 3348 2010 3419 conci—

439 3449 570 3506 pere
632 3443 687 3490 et
767 3434 1243 3499 animadvertere,
1311 3446 1425 3492 tum
1475 3446 1600 3494 ante
1676 3439 2010 3510 cogitatione

2106 2259 2326 2330 δειγμα,
2359 2258 2453 2312 καὶ
2481 2259 2514 2327 ή
2550 2258 2861 2329 κατασκευὴ
2887 2259 3034 2311 πᾶσα
3062 2257 3161 2328 τῆς
3186 2254 3682 2325 ἀνθυπενεχθείσης

2104 2349 2239 2420 ἡμῖν
2286 2347 2652 2419 ἀντιρρήσεως
2700 2347 2761 2400 οὐ
2812 2344 2985 2419 μικρὰ
3034 2345 3334 2400 συντελέσει
3394 2344 3530 2415 πρὸς
3574 2343 3683 2413 τὴν

2089 2437 2216 2516 ,τῶν
2270 2436 2566 2508 νοηθέντων
2597 2434 2725 2505 ἡμῖν
2739 2431 3224 2503 βεϐαιότητι-Γ.
3251 2433 3373 2495 Πῶς
3394 2428 3487 2488 οὖν
3516 2431 3685 2487 τοῦτο

2106 2527 2313 2597 λέγειςς
2331 2528 2720 2593 -Μ-Ὂτιτοι,
2733 2529 2959 2598 cauom?)
2971 2528 3347 2592 οῦτωςείδέναι
3368 2522 3685 2594 μεταχειρί-

2108 2617 2297 2683 ζεσθαι
2329 2634 2382 2670 τι
2413 2614 2526 2687 (20)
2571 2616 2664 2668 καὶ
2690 2612 2984 2668 διατιθέναι
3013 2615 3114 2685 τὴν
3151 2614 3355 2684 ἄψυχον
3401 2614 3531 2685 ὓλην
3556 2650 3571 2679 ,
3603 2613 3688 2677 ὡς

2105 2709 2204 2779 τὴν
2262 2705 2671 2762 ἐναππιθεῖσαν
2709 2705 2819 2777 (21)
2884 2708 2996 2769 τοῖς
3069 2706 3423 2777 μηχανήμασι
3484 2704 3685 2775 τέχνην

2112 2798 2308 2869 μικροῦ
2341 2798 2448 2851 δεῖν
2472 2797 2594 2852 ἀντὶ
2619 2799 2717 2870 τῆς
2745 2796 2923 2868 ψυχῆς
2956 2796 3023 2866 τῇ
3056 2796 3157 2869 ὕλῃ
3194 2797 3475 2865 γίνεσθαι,
3506 2796 3573 2848 δι’
3603 2791 3685 2850 ὧν

2108 2889 2321 2959 κίνησίν
2348 2905 2406 2941 τε
2435 2888 2530 2942 καὶ
2560 2883 2724 2959 ἦχον,
2755 2888 2849 2942 καὶ
2889 2890 3141 2959 σχήματα
3163 2926 3178 2952 ,
3206 2887 3300 2941 καὶ
3340 2886 3409 2941 τὰ
3455 2886 3689 2940 τοιαῦτα

2108 2979 2563 3050 καθυποκρίνεται
2586 3018 2601 3040 ,
2628 2978 2898 3042 ἀπόδειξις
2924 2977 2990 3032 ἂν
3015 2978 3101 3050 εἵη
3125 2979 3217 3032 τοῦ
3253 2974 3392 3032 εἷναί
3420 2996 3471 3030 τι
3505 2978 3686 3031 τοιοῦ-

2108 3086 2197 3122 τον
2227 3068 2339 3138 (2‘2)
2369 3071 2428 3121 ἐν
2460 3069 2537 3140 τῷ
2570 3068 2839 3139 ἀνθρώπῳ
2858 3110 2874 3135 ,
2914 3063 2959 3138 ᾧ
2991 3069 3161 3123 ταῦτα
3190 3069 3299 3140 (23)
3344 3068 3551 3137 πέφυκε
3591 3070 3686 3123 διὰ

2107 3159 2206 3230 τῆς
2236 3158 2574 3231 θεωρητικῆς
2596 3160 2692 3212 καὶ
2712 3161 3066 3230 ἐφευρετικῆς
3089 3160 3372 3230 δυνάμεως
3397 3163 3688 3214 κατανοεῖν

2107 3266 2167 3303 τε
2198 3250 2256 3303 ἐν
2286 3247 2463 3319 ἐαυτῷ
2491 3247 2602 3319 (24)
2638 3249 2731 3301 καὶ
2774 3249 3308 3321 προκατασκευάζειν
3359 3253 3427 3322 τῇ
3477 3251 3691 3323 διανοίᾳ

2107 3339 2177 3394 τὰ
2224 3341 2589 3411 μηχανήματα
2622 3378 2639 3405 ,
2681 3335 2781 3393 εἷθ’
2814 3338 2987 3404 οὕτως
3033 3342 3113 3401 εἰς
3144 3341 3422 3411 ἐνέργειαν
3459 3342 3546 3397 διὰ
3581 3344 3693 3414 τῆς

2109 3429 2304 3500 τέχνης
2336 3430 2523 3498 ἄγειν,
2556 3430 2652 3483 καὶ
2682 3429 2769 3485 διὰ
2797 3431 2895 3500 τῆς
2931 3430 3064 3503 ὕλης
3095 3431 3361 3486 δεικνύειν
3386 3433 3448 3487 τὸ
3483 3434 3687 3506 νόημα.

439 3527 725 3583 instituere
773 3542 837 3582 ac
874 3542 1183 3599 praeparare
1227 3531 1550 3596 machinas,
1588 3492 1858 3601 atqueuita
1910 3529 2007 3585 de—

2112 3492 2331 3592 Πριῦτον
2356 3492 2466 3594 γὰρ
2488 3522 2568 3574 ὅτι
2601 3492 2909 3593 πνεύματος
3095 3525 3252 3595 χρεία
3276 3525 3413 3594 πρὸς
3456 3492 3689 3598 τὴνέκ·

438 3619 564 3673 inde
592 3633 685 3674 eas
720 3634 815 3689 per
847 3627 1020 3674 artem
1077 3619 1144 3675 ad
1177 3620 1448 3678 actionem
1492 3622 1793 3693 perducere
1820 3636 1883 3677 ac
1911 3635 2008 3692 per

437 3709 723 3763 materiam
775 3711 1068 3765 ostendere
1096 3712 1296 3768 mentis
1357 3720 1711 3783 conceptum.
1763 3710 2005 3767 Primum

436 3801 582 3856 enim
618 3798 764 3864 quod
812 3799 877 3855 ad
941 3816 1130 3855 vocem
1183 3801 1449 3858 edendam
1506 3803 1703 3873 spiritu
1744 3816 1884 3871 opus
1937 3802 2039 3857 sit'

438 3892 826 3948 animadvertit
856 3911 872 3961 ;
914 3893 1112 3949 deinde
1137 3909 1244 3965 quo
1283 3901 1442 3964 pacto
1489 3894 1755 3950 machina:
1784 3894 2012 3965 spiritus

437 3984 860 4054 excogitaretur,
917 3985 1263 4040 considerata
1316 3985 1712 4040 elementorum
1761 3998 1956 4040 natura
1989 4024 2005 4050 ,

438 4074 649 4128 ratione
689 4083 814 4129 ante
858 4076 1141 4146 perpendit
1174 4114 1190 4142 ,
1231 4075 1379 4146 quod
1431 4075 1689 4130 nimirum
1746 4074 1884 4130 nihil
1913 4091 2011 4130 va-

438 4182 601 4221 cuum
654 4167 725 4221 sit
781 4168 835 4221 in
890 4183 1072 4222 rerum
1141 4174 1384 4230 natura,
1452 4166 1547 4222 sed
1605 4165 2013 4237 comparatione

438 4272 561 4310 cum
617 4258 893 4327 graviori,
940 4258 1058 4313 leve
1095 4273 1333 4313 vacuum
1379 4264 1603 4329 putetur
1642 4266 1806 4327 atque
1860 4256 2014 4311 dica-

440 4356 552 4413 tttr,
586 4349 845 4417 quoniam
886 4357 939 4405 et
989 4350 1106 4419 ipse
1153 4364 1247 4403 aer
1298 4348 1353 4402 in
1411 4362 1534 4403 sese
1566 4348 1652 4403 sui
1701 4355 1894 4402 natura
1924 4361 2012 4402 so-

441 4438 585 4493 lidus
635 4453 699 4492 ac
743 4439 938 4508 plenus
998 4448 1104 4493 est.
1159 4434 1407 4492 Vacuum
1454 4438 1600 4493 enim
1661 4452 1760 4494 vas
1809 4437 2011 4493 dicitur

439 4541 536 4595 per
571 4525 910 4592 abusionem,
969 4541 1093 4581 cum
1150 4526 1220 4581 ab
1253 4526 1481 4581 humore
1512 4540 1743 4580 vacuum
1803 4524 2010 4592 fuerit,

439 4619 792 4674 nihilominus
838 4620 982 4674 aeris
1024 4618 1244 4689 plenum
1297 4619 1548 4675 eruditus
1574 4618 1740 4674 etiam
1791 4617 1897 4673 hoc
1924 4632 2011 4674 cs-

537 4791 622 4854 12)
661 4792 855 4856 Mora).
887 4792 931 4844 Α
963 4791 1017 4844 ἱη
1046 4790 1291 4861 margine
1322 4792 1513 4861 μόνων.

541 4862 624 4947 εξ)
665 4863 889 4947 Edidi
908 4862 959 4947 Α
988 4860 1284 4947 Win???-

515 4933 624 5001 (M)
660 4930 812 4984 Obdé
845 4945 985 5001 που.
1017 4930 1165 5001 Αῖυύ
1196 4930 1387 5000 δήπου.

549 5000 628 5068 I5)
669 4998 1033 5071 Γινομένοις.
1066 5000 1108 5050 Β
1131 4998 1708 5071 τοίςήγινωσκομένοις.

544 5070 627 5133 l6)
668 5069 1099 5123 Καθ’ἔκαστον.
1134 5070 1176 5120 Β
1219 5070 1289 5122 Τὸ
1323 5070 1442 5123 καθ’
1465 5069 1712 5124 ἕκαστον.

543 5138 1083 5213 ίρέ)Τὸ-σχῆμα.μτρ
1103 5135 1278 5213 εἶδος.
1310 5140 1352 5191 Β
1373 5141 1433 5194 τὸ
1462 5136 1622 5207 εἶδος,
1649 5141 1709 5194 τὸ
1742 5141 1944 5213 σχῆμα.

542 5208 629 5281 Π)
669 5207 948 5281 (temper.
973 5209 1090 5281 ΑΔΒ
1116 5208 1386 5281 λέγοιμεν.

515 5271 628 5350 (18)
680 5271 1172 5350 ΪΕῨκὲξιραμένηρ
1189 5271 1231 5330 Β
1256 5271 1732 5350 ιξικιεκρὲμμιένης·

516 5296 628 5403 (ἶὲ)
679 5296 1169 5364 μιγκεκραμενης.
1190 5296 1231 5330 ts
1256 5296 1732 5402 εγκεκρυὲιμενης.

521 5404 531 5415 ,
608 5350 628 5419 )
675 5348 1073 5419 ίᾼποτέλεσμα
1114 5344 1286 5419 εἶναι.
1315 5349 1363 5402 Α
1394 5359 1467 5419 et,
1549 5358 1738 5417 postea
1767 5350 1882 5404 haec
1920 5363 2013 5419 ex:

445 5416 623 5490 hibeti
648 5416 719 5490 Ἦ
760 5417 911 5490 οὐδὲν
943 5416 1069 5490 ἄλλο
1100 5418 1132 5489 ἢ
1159 5419 1372 5490 κίνησίς
1418 5418 1501 5490 τίς
1548 5416 1693 5471 ἐστιν
1738 5417 2013 5490 ὁρμητικὴ

443 5488 573 5557 περὶ
613 5488 710 5560 τὴν
748 5488 948 5569 γνῶσιν
996 5488 1585 5557 τῶνσπουδαζομένων
1622 5488 2008 5558 ἐνεργουμένη.

442 5555 510 5609 Τί
540 5557 606 5629 dy
639 5557 837 5629 μᾶλΛον
866 5558 953 5611 διὰ
991 5557 1182 5629 gout-ou
1215 5557 1322 5626 (διὰ
1342 5558 1557 5629 τούτων
1590 5557 1655 5628 A)
1685 5559 1719 5629 ἢ
1750 5559 1817 5612 τὸ
1848 5553 2008 5614 εἶναι.

540 5576 606 5611 αν
639 5576 837 5629 μαλλον
866 5576 953 5611 oua
991 5576 1180 5610 τουτου
1215 5576 1322 5626 tota
1354 5576 1557 5611 τουτων
1590 5576 1655 5628 Α)
1685 5576 1719 5629 η
1750 5576 1817 5612 το
1848 5576 2009 5614 ειναι.

514 5626 628 5699 (20)
663 5626 1183 5699 Μεταχειρίζεσθαί
1220 5643 1296 5682 τι.
1340 5627 1384 5678 Β
1420 5629 1888 5698 μεταχειρίζεσθαι
1931 5645 2009 5684 τε.

2107 3610 2371 3681 φώνησιν.
2402 3612 2729 3682 κατενόησεν
2750 3628 2764 3642 ο
2790 3609 2890 3666 εἶθ’
2909 3614 3055 3677 ὅπως
3081 3615 3147 3669 ἂν
3179 3616 3487 3688 ἐπινοηθείη
3519 3619 3690 3673 πνεῦ-

2112 3719 2187 3773 μα
2206 3701 2283 3773 τῷ
2315 3702 2668 3772 μηχανήματι
2697 3700 2775 3772 τῷ
2799 3702 3043 3775 λογισμῷ
3066 3704 3422 3777 προεξήτασε,
3449 3706 3549 3775 τήν
3572 3707 3687 3761 τῶν

2115 3792 2391 3864 στοιχείων
2440 3792 2601 3862 φύσιν
2637 3794 3070 3866 ἐπισκεψάμενος
3091 3838 3106 3863 ,
3154 3798 3233 3851 ὅτι
3255 3798 3405 3851 οὐδὲν
3434 3799 3588 3851 κενὸν
3622 3801 3687 3854 ἐν

2113 3888 2227 3948 τοῖς
2250 3881 2400 3937 οὗσίν
2435 3884 2601 3947 ἐστιν,
2630 3883 2764 3937 ἀλλὰ
2792 3885 2926 3956 πρὸς
2958 3887 3068 3958 (25)
3101 3887 3161 3940 τὸ
3187 3886 3483 3960 βαρύτερον
3506 3906 3688 3959 παρα·

2114 3976 2259 4030 θέσει
2283 3975 2435 4030 κενὸν
2461 3977 2523 4030 τὸ
2550 3975 2749 4046 κοῦφον
2773 3978 3048 4049 νομίζεται
3071 4022 3086 4047 ,
3128 3980 3249 4033 ἐπεὶ
3280 3981 3373 4034 καὶ
3401 3981 3560 4044 αὐτὸς
3591 3980 3689 4051 ἐφ’

2111 4069 2302 4124 ἑαυτοῦ
2345 4070 2464 4124 κατ’
2500 4069 2631 4123 ἰδίαν
2677 4071 2972 4126 ὑπόστασιν
3023 4071 3217 4142 μεστός
3257 4090 3317 4126 τε
3369 4074 3396 4126 ὁ
3439 4074 3546 4146 ἀὴρ
3586 4078 3686 4128 καὶ

2112 4160 2326 4233 πλήρης
2357 4163 2472 4215 ἐστί
2497 4162 2630 4234 (96).
2663 4164 2917 4217 Διάκενον
2945 4163 3054 4233 γὰρ
3079 4165 3140 4217 τὸ
3171 4165 3390 4233 ἀγγεῖον
3419 4168 3483 4218 ἐκ
3515 4183 3686 4220 κατο-

2113 4252 2359 4322 χρήσεως
2404 4251 2641 4320 λέγεται.
2687 4253 2856 4306 Ὀταν
2905 4253 3014 4325 γὰρ
3063 4254 3155 4307 τοῦ
3214 4255 3383 4324 ὑγροῦ
3420 4256 3573 4311 κενὸν
3624 4256 3681 4331 ᾗ,

2113 4339 2264 4394 οὐδὲν
2306 4336 2466 4414 ἦττον
2502 4344 2615 4413 (27)
2666 4343 2859 4414 μεστὸν
2898 4344 3056 4414 ἀέρος
3099 4336 3526 4418 πεπαιδευμένος
3569 4350 3684 4418 (28)

2116 4433 2210 4487 καὶ
2246 4433 2403 4487 τοῦτο
2427 4434 2592 4502 λέγει.
2627 4435 2855 4504 Σημεῖον
2883 4434 2938 4487 δέ
2968 4435 3056 4489 τὸν
3089 4436 3394 4508 ἐπαχθέντα
3420 4443 3484 4512 τῇ
3518 4440 3684 4512 λίμνῃ

2112 4523 2363 4594 ἀμφορέα
2382 4522 2491 4592 (29)
2529 4523 2602 4593 μὴ
2629 4523 2788 4587 εὐθὺς
2814 4524 3149 4596 πληροῦσθαι
3180 4527 3274 4581 τοῦ
3311 4529 3532 4594 ὕδατος,
3568 4529 3683 4583 ἀλλ’

2115 4613 2461 4680 ἐπιπολάζειν
2488 4613 2563 4667 τὰ
2601 4615 2793 4686 πρῶτα
2815 4656 2830 4684 ,
2872 4617 2966 4670 τοῦ
3006 4618 3475 4691 ἐναπειλημμένου
3523 4621 3683 4692 ἀέρος

2188 4790 2301 4866 (ει)
2354 4789 2882 4866 Ἐναττοιἰᾂεῗοίινι.⁸
2906 4794 2950 4866 ll
2994 4793 3046 4846 in
3103 4800 3250 4866 t_extu
3293 4795 3685 4866 ἐναποληφθεῐ-

2117 4876 2237 4925 σαν,
2266 4859 2319 4913 ἱη
2352 4861 2593 4927 margine
2630 4862 3067 4917 ἐναποτεθεῖσαν.
3108 4863 3150 4913 Β
3177 4859 3609 4921 ἐναποτεθεῖσαν.

2189 4929 2301 4998 (‘22)
2343 4932 2403 4998 Τι
2427 4930 2714 4984 tamin-or.
2752 4932 2793 4983 Β
2820 4933 3056 4985 τοιοῦτόν
3087 4948 3157 4985 τι.

2189 4994 2300 5069 (25)
2341 4994 2416 5069 τῼ
2440 4998 2643 5069 ταῦτα.
2683 5002 2726 5053 Α
2760 5001 2788 5053 δ
2818 5002 3008 5057 ταῦτα.

2205 5068 2298 5145 Qui)
2345 5068 2459 5145 ’_Er_
2480 5068 2688 5145 ὲαρτᾷζ.
2727 5071 2767 5121 Β
2794 5073 2853 5145 ἐν
2879 5073 3043 5145 αὐτῷ.

2206 5137 2299 5211 ἓξ)
2337 5138 2586 5211 Πρός-,ΑΒ
2618 5141 2682 5210 τῇ
2718 5141 2871 5211 πρός.

2183 5152 2276 5205 (‘zo
2337 5152 2511 5204 ιιρος.
2545 5152 2586 5190 15
2618 5152 2682 5210 τῇ
2718 5152 2871 5211 προς.

2183 5152 2311 5286 (2(ὶί⁸
2336 5208 2572 5286 {morde
2591 5226 2654 5263 τε
2676 5213 2709 5263 ὁ
2744 5212 2860 5286 diu)
2886 5229 2942 5266 κ.
2980 5230 3044 5269 π.
3066 5215 3115 5269 ἐ.
3141 5217 3187 5269 Α
3211 5219 3238 5270 ὁ
3260 5216 3368 5286 ἀὴρ
3402 5215 3594 5279 ναστὸς
3621 5231 3683 5268 τε

2113 5276 2206 5331 καὶ
2254 5275 2486 5356 πλήρης.
2512 5280 2577 5356 Β
2611 5275 2858 5356 eumdem
2905 5285 3146 5339 ordinem
3187 5275 3390 5351 servat,
3443 5287 3539 5342 sed
3574 5275 3685 5356 pro

2111 5347 2305 5418 ναστος
2331 5348 2527 5418 retinet
2551 5350 2760 5418 μεστός.

2348 5415 2766 5495 ρὺδὲνζῆττον.
2800 5420 2845 5475 Α
2947 5422 3100 5495 οὐδὲν
3121 5423 3178 5477 δέ
3202 5418 3380 5495 ἦττον.

2345 5486 2838 5559 Πεπαιδέιζμένος.
2873 5493 2917 5544 Α
2947 5492 2988 5543 Β
3023 5495 3052 5545 ὁ
3083 5486 3301 5547 πεπαίδ.

2189 5556 2302 5631 (29)
2353 5556 2653 5631 Ἁμφορέα.
2700 5559 2741 5610 Β
2776 5562 2867 5613 τὸν
2899 5563 3038 5631 ἀμφ.
3069 5563 3113 5614 Δ
3151 5563 3205 5618 in
3233 5571 3384 5619 textu
3418 5563 3560 5619 idem
3596 5562 3687 5618 ha-

2118 5629 2230 5693 bet,
2260 5628 2314 5682 in
2348 5629 2592 5701 margine
2616 5644 2748 5686 vero
2771 5631 2861 5684 τὺν
2891 5628 3155 5702 κεραμέα.
