3950 6132
294 327 370 386 5-;
1357 324 1444 378 DE
1475 322 1694 380 ANIMA
1728 323 1816 378 ET
1847 321 2447 384 RESURRECTIONE.
3471 338 3541 393 58

301 449 398 508 ἐπὶ
433 445 494 500 τὸ
524 444 638 500 ἄνω
667 443 728 497 τὺ
760 441 933 496 κοῖλον
977 441 1258 511 ἀνέχοντος
1278 481 1292 504 ,
1335 439 1439 505 ἕως
1472 442 1538 496 ἂν
1577 442 1817 506 πιεσθεὶς
1849 444 1873 496 ὸ

1983 456 2039 496 se
2085 443 2236 499 dicit.
2296 445 2464 516 Cujus
2521 448 2597 501 rei
2648 447 2862 518 signum
2913 455 3036 514 cst,
3089 447 3231 519 quod
3282 450 3543 520 amphora

299 536 584 609 ἀμφορεὺς
617 537 684 606 τῇ
719 534 859 604 χειρὶ
889 531 982 586 τοῦ
1014 532 1311 602 ἁρυομένου
1349 534 1405 585 ἐν
1438 533 1516 604 τῷ
1547 532 1700 604 βάθει
1728 534 1874 602 γίνε-

297 645 390 682 ται
417 627 570 698 (50),
601 625 697 679 καὶ
723 624 880 678 τοῦτο
907 624 1018 692 (51)
1046 623 1265 693 δέξηται
1297 623 1374 695 τῷ
1410 625 1635 696 στόματι
1667 625 1781 696 (52)
1811 625 1873 680 τὸ

299 713 482 791 ὕδωρ·
517 711 579 772 οῦ
621 716 907 788 γινομένου
962 715 1233 770 δείκνυται
1283 716 1344 768 τὸ
1395 715 1469 787 μὴ
1508 716 1663 770 κενὸν
1711 717 1872 772 αὐτὸν

297 807 441 866 εῖναι
473 809 568 864 καὶ
593 809 699 879 πρὸ
737 807 830 862 τοῦ
878 807 1088 869 ὓδατος.
1120 807 1284 878 Μάχη
1334 808 1445 878 (55)
1485 807 1592 880 γάρ
1632 825 1715 872 τις
1745 809 1872 880 περὶ

297 901 378 971 τῷ
403 899 634 971 στόματι
667 897 782 968 (54)
816 897 924 950 τῶν
963 897 1054 950 δύο
1079 897 1356 966 στοιχείων
1384 900 1614 970 ὁρᾶται,
1648 899 1740 953 τοῦ
1774 901 1873 970 μὲν

300 991 492 1054 ὓδατος
541 989 644 1043 ὐπὸ
689 987 886 1059 βάρους
920 988 1012 1040 ἐπὶ
1037 987 1099 1040 τδ
1133 988 1308 1044 κοῖλον
1341 988 1659 1062 βιαζομένου
1685 1008 1745 1044 τε
1778 991 1873 1044 καὶ

296 1081 603 1155 είσρέοντος
627 1120 642 1144 ,
698 1064 807 1132 τοῦ
843 1078 900 1130 δὲ
954 1077 1114 1149 ἀέρος
1159 1078 1253 1132 τοῦ
1295 1081 1760 1153 ὲναπειλημμένου
1797 1083 1873 1154 τῷ

297 1170 467 1242 κοίλῳ
497 1169 584 1223 διὰ
625 1168 719 1222 τοῦ
765 1167 929 1221 αὐτοῦ
978 1168 1244 1238 στόματος
1274 1170 1386 1240 (55)
1424 1172 1517 1225 ἐπὶ
1548 1173 1609 1226 τὸ
1641 1171 1873 1243 ἔμπαλιν

299 1259 720 1332 συνθλιϐομένου
760 1259 886 1329 περὶ
915 1258 976 1311 τὸ
1003 1258 1145 1331 ὕδωρ
1172 1299 1186 1324 ,
1235 1262 1328 1314 καὶ
1365 1261 1722 1334 ἀναρρέοντος
1747 1304 1761 1330 ,
1796 1264 1873 1329 ὡς

230 1415 239 1422 ,
293 1354 393 1406 καὶ
419 1351 530 1424 (56)
569 1348 967 1405 ἀνακόπτεσθαι
987 1349 1076 1404 διὰ
1096 1350 1283 1404 τούτου
1311 1352 1423 1422 (57)
1457 1354 1549 1406 καὶ
1581 1356 1874 1427 ἀνακοχλά-

287 1447 414 1510 ζειν
456 1443 568 1513 (58)
596 1443 656 1494 τὸ
691 1441 834 1512 ὕδωρ
861 1440 1218 1512 περιαφρίζον
1255 1443 1363 1515 (59)
1387 1447 1453 1516 τῇ
1484 1445 1574 1516 βίᾳ
1598 1446 1690 1500 τοῦ
1717 1446 1875 1500 πνεύ-

289 1552 488 1608 ματος.
530 1533 716 1588 Ταῦτα
743 1533 854 1604 (40)
891 1529 984 1586 οὖν
1026 1535 1318 1604 κατενόησε
1343 1575 1358 1600 ,
1395 1537 1487 1590 καὶ
1510 1538 1657 1601 ὅπως
1690 1539 1756 1592 ἂν
1783 1540 1872 1592 ὲν-

291 1629 486 1696 τεθείη
516 1625 731 1695 πνεῦμα
757 1625 836 1694 τῷ
858 1626 1206 1700 μῃχανήματι
1231 1626 1318 1680 διὰ
1339 1627 1439 1697 τῆς
1467 1628 1574 1682 τῶν
1597 1630 1873 1700 στοιχείων

302 1717 519 1786 φύσεως
572 1714 850 1784 ἐπενόησε.
885 1713 1076 1767 Κοίλον
1122 1715 1230 1786 γάρ
1272 1732 1325 1768 τι
1359 1716 1471 1786 (41)
1501 1718 1564 1770 ὲκ
1610 1718 1873 1788 στεγανῆς

303 1807 441 1878 ὕλης
492 1804 937 1870 κατασκευάσας,
975 1806 1070 1858 καὶ
1105 1806 1440 1876 πανταχόθεν
1473 1807 1564 1861 τὸν
1615 1810 1673 1861 ὲν
1721 1810 1870 1880 αὐτῷ

300 1899 440 1968 ἀέρα
469 1896 743 1968 περισχὼν
797 1896 1184 1950 ἁδιάπνευστον
1209 1939 1224 1962 ,
1270 1898 1464 1963 ἐπάγει
1511 1898 1571 1951 τὸ
1609 1899 1753 1972 ὓδωρ
1783 1901 1872 1955 διὰ

297 1989 567 2060 στόματος
595 1988 706 2060 (42)
744 1987 820 2058 τῷ
847 1987 1029 2058 κοίλῳ,
1072 1987 1213 2040 κατὰ
1244 1988 1304 2041 τὺ
1339 1989 1535 2060 μέτρον
1558 1991 1656 2059 τῆς
1683 1993 1870 2062 χρείας

291 2081 359 2134 τὸ
384 2079 549 2133 ποσὸν
589 2078 982 2150 συμμετρήσας
1023 2076 1116 2131 τοῦ
1164 2077 1388 2142 ὓδατος,
1425 2075 1527 2133 εἷθ’
1561 2080 1734 2144 οὓτως
1777 2082 1870 2135 ἐπὶ

293 2171 389 2226 τὸν
418 2169 819 2241 παρακείμενον
843 2167 1003 2221 αὐλὸν
1033 2167 1216 2221 δίδωσι
1241 2169 1381 2222 κατὰ
1406 2169 1467 2222 τὸ
1495 2170 1869 2242 ἀντικείμενον

292 2260 377 2333 τῷ
408 2261 530 2331 ἀέρι
565 2260 663 2332 τὴν
691 2258 877 2326 δφδον,
910 2257 1288 2328 ἐκθλιϐόμενος
1317 2258 1373 2312 δὲ
1396 2258 1474 2331 τῷ
1512 2259 1663 2314 ὕδατι
1695 2262 1868 2332 βιαιό-

291 2368 454 2423 τερον
487 2353 515 2404 ὁ
546 2351 653 2421 ἀὴρ
697 2348 910 2420 πνεῦμα
938 2349 1180 2418 γίνεται⁸
1210 2349 1346 2422 ὅπερ
1374 2350 1636 2406 ἐκπίπτον
1657 2353 1768 2425 (45)
1800 2357 1864 2426 τῇ

293 2445 613 2514 κατασκευῇ
648 2440 741 2493 τοῦ
774 2439 937 2494 αὐλοῦ
975 2439 1064 2494 τὸν
1094 2436 1225 2512 ἦχον
1254 2443 1412 2497 ποιεῖ.

1973 531 2192 588 admota
2254 542 2449 607 stagno
2504 553 2613 592 non
2676 538 2857 592 statim
2909 552 3047 606 aqua
3126 539 3387 609 repletur,
3445 548 3538 596 sed

1973 627 2230 695 primum,
2253 635 2443 683 coacto
2464 643 2529 684 ac
2551 629 2888 699 deprehenso
2913 629 3058 684 intus
3089 644 3213 686 aere
3240 645 3538 687 concavum

1977 731 2198 772 sursum
2239 719 2481 785 tollente,
2541 721 2802 784 innatat,
2859 722 3036 790 quoad
3091 722 3391 778 haurientis
3425 738 3541 778 ma-

1974 821 2047 859 nu
2082 806 2344 873 amphora
2395 822 2582 878 pressa
2632 809 2686 862 in
2735 807 2904 863 fundo
2963 808 3145 877 fuerit,
3178 825 3242 865 ac
3285 820 3415 866 tunc
3443 828 3540 883 per

1978 912 2041 953 os
2100 899 2330 969 accipiat
2390 913 2626 969 aquam:
2685 914 2794 968 quo
2841 898 2986 954 facto
3041 901 3366 964 ostenditur,
3393 902 3536 971 quod

1973 1003 2077 1043 nec
2151 996 2445 1060 antequam
2516 1004 2656 1061 aqua
2731 990 3071 1060 repleretur,
3126 1005 3293 1046 vacua
3371 1002 3533 1048 esset.

1978 1076 2113 1133 Nam
2169 1095 2349 1151 pugna
2397 1080 2641 1150 quaedam
2697 1081 2926 1136 duorum
2985 1082 3133 1137 circa
3187 1097 3250 1138 os
3298 1083 3538 1138 elemen-

1974 1177 2152 1223 torum
2211 1170 2473 1235 ecrnitur,
2507 1171 2634 1226 dum
2694 1186 2834 1240 aqua
2893 1171 3107 1243 quidem
3159 1182 3377 1242 propter
3413 1188 3537 1243 gra-

1973 1261 2192 1316 vitatem
2235 1268 2288 1316 et
2327 1263 2785 1331 ponderositatem
2832 1264 2882 1318 vi
2923 1242 2978 1317 ib
3030 1277 3328 1319 concavum
3361 1242 3536 1318 inlinit

1975 1360 2138 1420 atque
2180 1350 2474 1420 irrumpit:
2507 1365 2600 1404 aer
2632 1365 2792 1416 vero,
2848 1351 2942 1422 qui
2974 1351 3026 1405 in
3079 1365 3320 1405 concavo
3367 1351 3538 1405 inter-

1975 1450 2164 1514 ceptus
2217 1440 2664 1512 deprehenditur,
2738 1456 2835 1512 per
2905 1441 3049 1496 idem
3101 1456 3164 1496 os
3221 1441 3276 1495 in
3325 1451 3541 1495 contra-
3611 1424 3625 1520 ἶ⁸

1982 1533 2122 1588 rium
2179 1533 2321 1588 circa
2358 1547 2553 1601 aquam
2607 1539 2918 1587 coarctatus
2978 1532 3235 1588 dilabitur
3301 1547 3365 1587 ac
3397 1541 3543 1587 retro
3615 1523 3620 1532 ’

1973 1622 2128 1691 ﬂuit,
2166 1623 2300 1678 adeo
2329 1631 2388 1676 ut
2437 1638 2534 1694 per
2577 1623 2723 1676 hunc
2779 1637 2918 1694 aqua
2975 1623 3131 1693 quasi
3177 1623 3540 1693 interrumpa-

1973 1725 2064 1771 tur
2109 1725 2162 1771 et
2207 1714 2565 1786 impediatur,
2610 1729 2674 1769 ac
2735 1717 2786 1768 vi
2843 1715 3068 1785 spiritus
3121 1715 3356 1770 refracta
3403 1716 3542 1769 reci-

1973 1815 2313 1878 procataque
2344 1822 2408 1861 ac
2455 1822 2717 1877 spumans
2767 1807 2921 1876 quasi
2954 1821 2985 1862 e
3013 1807 3300 1878 conchylio
3345 1822 3540 1862 sonum

1968 1900 2114 1955 edat.
2173 1897 2240 1952 Et
2289 1899 2404 1953 hmc
2450 1899 2616 1968 igitur
2656 1897 3088 1962 animadvertit,
3144 1905 3198 1953 et
3269 1897 3543 1967 quomodo

1968 1991 2196 2061 spiritus
2256 1989 2526 2043 machinis
2571 1989 2929 2052 immittatur,
2999 2002 3096 2058 per
3149 1987 3542 2042 elementorum

1969 2089 2217 2135 naturam
2253 2079 2602 2149 excositavit.
2638 2077 2772 2133 Nam
2827 2094 3066 2134 concavo
3097 2080 3332 2149 quodam
3364 2095 3429 2134 ex
3459 2093 3544 2134 so-

1967 2170 2077 2226 lida
2117 2171 2362 2242 duraque
2434 2173 2661 2227 materia
2737 2172 2922 2238 facto,
2993 2180 3155 2243 atque
3223 2187 3350 2228 aere
3396 2172 3543 2226 intus

1975 2265 2236 2321 concluso
2319 2263 2556 2335 undique
2614 2263 2860 2319 cohibito
2893 2273 3055 2335 atque
3101 2279 3417 2334 compresso
3475 2279 3544 2318 ne

1975 2356 2237 2426 exspiret,
2277 2370 2495 2424 aquam,
2527 2369 2625 2426 pro
2674 2355 2835 2410 modo
2882 2355 3166 2424 praesentis
3200 2370 3333 2410 usus
3376 2370 3546 2425 quan-

1981 2450 2187 2505 titatem
2245 2450 2364 2519 ejus
2410 2449 2712 2514 dimensus,
2767 2465 2863 2520 per
2916 2467 2977 2508 os
3034 2453 3086 2505 in
3137 2467 3437 2507 concavum
3469 2453 3544 2506 in-

292 2538 485 2603 ducit,
539 2535 736 2590 deinde
809 2534 891 2590 sic
939 2534 1006 2589 ad
1063 2534 1369 2605 Oppositam
1423 2537 1661 2593 ﬁstulam
1718 2557 1783 2597 ex
1853 2543 2084 2600 adverso
2145 2546 2435 2600 transitum
2493 2545 2604 2599 acri
2693 2545 2820 2608 dat,
2873 2561 3163 2614 expressus
3210 2555 3389 2600 autem
3455 2562 3545 2601 ve-

311 2631 631 2687 hementius
719 2638 772 2685 et
832 2628 1003 2684 elisus
1054 2627 1124 2682 ab
1193 2642 1334 2699 aqua
1418 2630 1706 2689 violentius
1773 2650 1913 2702 aer,
1951 2639 2176 2708 spiritus
2229 2638 2332 2692 ﬁt:
2395 2638 2489 2707 qui
2568 2638 2793 2706 spiritus
2853 2638 3070 2692 irruens
3119 2645 3170 2692 et
3223 2638 3544 2695 incumbens

303 2724 363 2777 in
404 2729 738 2778 structuram
790 2721 982 2776 ﬁstula:
1021 2734 1215 2776 sonum
1261 2721 1391 2776 edit.

367 2809 493 2884 τΔρ’
533 2813 594 2865 οὐ
620 2812 729 2882 (44)
775 2813 1022 2883 φανερῶς
1050 2811 1320 2866 δείκνυται
1348 2813 1438 2866 διὰ
1460 2814 1568 2870 τῶν
1611 2819 1871 2889 φαινομέ-

291 2922 426 2967 νων,
461 2903 543 2957 ὅτι
576 2902 693 2955 ἐστι
734 2919 816 2967 τις
853 2904 910 2957 ὲν
938 2903 1014 2974 τῷ
1051 2903 1321 2975 ἀνθρώπῳ
1345 2905 1468 2970 νοῦς
1517 2907 1645 2962 ἄλλο
1679 2927 1732 2965 τι
1761 2910 1871 2983 (45)

295 2993 452 3064 παρὰ
478 2994 540 3047 τὸ
586 2994 908 3064 φαινόμενον
927 3033 943 3058 ,
973 2995 1001 3047 ὁ
1033 2993 1110 3064 τῷ
1137 2994 1249 3064 (46)
1281 2996 1450 3050 ἀειδετ
1477 3007 1536 3052 τε
1567 3000 1660 3054 καὶ
1703 3002 1872 3074 νοερῷ

2047 2816 2244 2870 Annon
2303 2813 2470 2884 igitur
2512 2827 2607 2882 per
2651 2827 2714 2866 ea
2772 2826 2892 2881 qum
2944 2820 3207 2882 apparent
3257 2812 3545 2870 manifesto

1978 2908 2288 2964 ostenditur
2354 2903 2496 2975 quod
2564 2905 2637 2960 sit
2691 2904 2941 2974 quaedam
3012 2905 3065 2958 in
3117 2903 3336 2959 homine
3391 2921 3544 2960 mens

1979 2997 2186 3068 aliquid
2215 2996 2367 3051 aliud
2419 3006 2581 3065 atque
2633 3003 2880 3066 apparet,
2920 3010 3041 3064 quae
3081 2996 3338 3051 invisibili
3381 3004 3545 3066 atque

297 3085 402 3156 τῆς
437 3085 570 3148 ἰδίας
604 3085 818 3154 φύσεως
846 3085 1020 3140 ταῦτα
1047 3086 1106 3138 ὲν
1136 3087 1312 3157 ἑαυτῷ
1341 3091 1872 3160 προκατασκευάζων

1983 3085 2200 3142 informi
2247 3093 2300 3139 et
2352 3085 2712 3154 intelligentia
2757 3083 2983 3154 praedita
3043 3090 3235 3138 natura
3278 3098 3376 3138 sua
3429 3084 3545 3138 ha’c

299 3178 421 3240 ταῖς
440 3175 704 3238 ἐπινοίαις
725 3216 740 3241 ,
770 3171 866 3228 εἷθ’
906 3174 1077 3238 οὕτως
1106 3175 1195 3228 διὰ
1216 3177 1314 3247 τῆς
1344 3178 1530 3249 ὑλικῆς
1573 3180 1874 3252 ὑπηρεσίας

296 3270 382 3331 είς
411 3267 472 3320 τὸ
521 3267 756 3338 ἑμφανὲς
789 3267 936 3336 ἄγων
964 3268 1064 3338 τὴν
1100 3267 1246 3322 ἔνδον
1279 3271 1550 3324 συστᾶσαν
1595 3271 1871 3342 διάνοιαν;

297 3358 366 3414 Et
400 3358 510 3429 γὰρ
536 3354 605 3429 ἦν
634 3358 774 3412 κατὰ
794 3360 885 3413 τὸν
911 3357 1258 3414 ἀντιτεθέντα
1281 3358 1436 3429 λόγον
1458 3363 1588 3433 ἡμῖν
1614 3366 1680 3434 τῇ
1715 3363 1874 3433 φύσει

297 3449 410 3503 τῶν
459 3449 739 3520 στοιχείων
790 3447 890 3512 τὰς
921 3448 1174 3514 τοιαύτας
1207 3448 1636 3521 θαυματοποιίας
1671 3453 1877 3522 λογίζε-

299 3539 428 3594 σθαι
450 3539 562 3611 (47)
585 3579 600 3605 ,
632 3539 957 3611 αὐτομάτως
984 3540 1052 3594 ἂν
1102 3541 1232 3610 ἡμῖν
1275 3541 1504 3613 συνέστη
1549 3544 1765 3608 πάντως
1807 3545 1876 3598 τὰ

301 3633 671 3703 μηχανήματα
700 3649 712 3662 ·
750 3633 844 3686 καὶ
871 3631 995 3686 οὐτε
1035 3634 1063 3686 ὀ
1090 3633 1288 3703 χαλκὸς
1323 3633 1422 3704 τὴν
1451 3634 1644 3706 τέχνην
1675 3636 1876 3707 ἀνέμε-

298 3739 390 3775 νεν
416 3723 497 3786 είς
527 3722 588 3775 τὸ
612 3721 862 3790 γενέσθαι
884 3722 1255 3794 ἀνδροείκελον
1278 3721 1392 3794 (48)
1419 3765 1434 3789 ,
1467 3724 1581 3777 ἀλλ’
1606 3725 1735 3778 εὐθὺ
1763 3725 1874 3796 (49)

296 3813 367 3867 ἂν
389 3811 633 3878 τοιοῦτος
664 3815 729 3866 ἐκ
775 3812 988 3882 φύσεως
1027 3813 1139 3884 (50)
1183 3808 1250 3884 ἦν
1274 3826 1288 3841 ⁸
1317 3814 1425 3868 οὐδ’
1475 3814 1541 3868 ἂν
1587 3815 1681 3869 τοῦ
1709 3815 1875 3870 αὐλοῦ

299 3905 440 3976 πρὸς
482 3903 574 3958 τὸν
615 3899 746 3976 ἦχον
787 3905 816 3956 ὁ
846 3904 954 3975 ἀὴρ
995 3903 1216 3976 ἐδεήθη,
1245 3904 1381 3959 ἀλλὰ
1409 3907 1634 3960 πάντοτε
1685 3907 1754 3961 ἂν
1790 3907 1875 3977 ἐφ’

299 3995 492 4048 ἑαυτοῦ
530 3994 639 4066 (51)
682 3995 804 4065 ἤχει
836 3993 979 4048 κατὰ
1007 3994 1068 4048 τὸ
1103 3994 1314 4065 συμϐᾶν
1346 3995 1492 4066 (52),
1535 3997 1672 4067 ῥέων
1698 4013 1757 4049 τε
1783 3996 1878 4050 καὶ

299 4086 646 4157 κινούμενος’
680 4086 772 4140 τοῦ
801 4103 859 4138 τε
888 4085 998 4157 (55)
1031 4085 1218 4149 ὓδατος
1239 4088 1340 4140 οὐκ
1361 4087 1426 4140 ἂν
1450 4083 1519 4157 ἦν
1545 4087 1874 4160 βεϐιασμένη

301 4179 392 4232 διὰ
415 4178 684 4248 σωλῆνος,
719 4180 752 4250 ἡ
796 4179 933 4250 πρὸς
959 4179 1058 4249 τὴν
1093 4180 1370 4253 ἀναφορὰν
1399 4180 1512 4252 (54)
1545 4181 1643 4250 τῆς
1683 4181 1877 4252 τέχνης

301 4271 368 4322 ὲκ
407 4270 725 4338 πιεσμάτων
753 4273 832 4334 εἰς
859 4271 916 4324 τὸ
949 4271 1100 4342 παρὰ
1143 4271 1303 4341 φύσιν
1338 4270 1730 4336 ἁναθλιϐούσης
1777 4272 1876 4342 τὴν

301 4361 519 4430 κίνησιν
540 4379 552 4392 ·
581 4361 695 4416 ἀλλ’
733 4362 1052 4433 αὐτομάτως
1092 4363 1217 4433 ἀνίη
1248 4363 1360 4432 (55)
1388 4362 1449 4416 τὸ
1489 4353 1877 4432 ὕδωρπάντως

1975 3180 2122 3234 intra
2161 3178 2399 3247 seipsam
2451 3178 2760 3246 excogitata
2792 3190 3128 3245 praeparans,
3179 3176 3258 3231 sic
3286 3175 3545 3248 deinceps

1975 3285 2074 3340 per
2113 3268 2395 3324 materiale
2449 3267 2822 3322 ministerium
2877 3268 2933 3321 in
2989 3267 3336 3338 propatui‘um
3383 3277 3546 3338 atque

1977 3367 2225 3431 apertum
2264 3359 2449 3415 educit
2492 3360 2644 3414 intus
2699 3358 2957 3429 agitatam
3017 3367 3072 3413 et
3113 3357 3401 3413 conﬂatam
3456 3360 3543 3413 in-

1975 3452 2376 3524 telligentiam?
2407 3450 2542 3505 Nam
2593 3451 2640 3506 si
2689 3451 2851 3520 juxta
2886 3450 3194 3521 oppositam
3224 3450 3382 3505 nobis
3418 3465 3545 3504 ora-

1979 3543 2180 3599 tionem
2228 3543 2620 3598 elementorum
2675 3548 2886 3595 naturae
2929 3541 3060 3594 talia
3106 3540 3334 3595 miriﬁca
3380 3555 3545 3610 opera

1977 3635 2253 3690 ascribere
2309 3643 2471 3703 atque
2507 3634 2788 3703 assignare
2838 3633 3045 3699 liceret,
3080 3648 3178 3686 sua
3226 3641 3419 3700 sponte
3451 3649 3547 3687 ca-

1978 3739 2152 3794 suque
2174 3724 2399 3779 fortuito
2427 3723 2586 3778 nobis
2610 3738 2838 3792 prorsus
2859 3722 3123 3776 machina:
3143 3722 3544 3788 conderentur;

1978 3831 2043 3870 ac
2087 3829 2265 3885 neque
2313 3829 2385 3869 res
2431 3822 2603 3868 artem
2649 3819 2990 3883 exspectaret
3037 3812 3105 3867 ad
3142 3813 3247 3868 hoc
3275 3822 3334 3868 ut
3368 3822 3548 3868 statua

1978 3907 2157 3963 virilis
2191 3905 2466 3970 evaderet,
2495 3904 2590 3960 sed
2630 3906 2882 3975 protinus
2931 3919 2962 3958 a
3003 3912 3198 3958 natura
3242 3907 3348 3961 tale
3379 3915 3544 3970 esset,

1977 4015 2156 4069 neque
2199 3997 2264 4054 ad
2296 4012 2490 4054 sonum
2521 3995 2788 4052 edendum
2838 4009 2930 4051 aer
2967 3996 3100 4050 tubo
3133 4011 3270 4066 opus
3304 3997 3547 4064 haberet,

1979 4092 2074 4148 sed
2106 4106 2322 4160 semper
2345 4105 2441 4161 per
2466 4103 2587 4145 sese
2612 4094 2918 4151 resonaret,
2961 4087 3169 4157 quippe
3196 4088 3289 4158 qui
3321 4088 3548 4142 fortuito
3661 4100 3670 4109 '

1980 4197 2112 4239 casu
2150 4180 2341 4236 ﬂueret
2375 4188 2430 4235 et
2477 4185 2810 4242 moveretur,
2849 4191 3028 4247 neque
3078 4192 3233 4246 aquae
3271 4193 3367 4246 per
3398 4178 3550 4233 ﬁstu-

1979 4274 2086 4328 lam
2133 4287 2330 4327 cursus
2377 4270 2432 4325 in
2489 4269 2744 4335 sublime,
2796 4276 2914 4321 arte
2975 4273 3180 4320 motum
3225 4275 3426 4335 praeter
3453 4283 3551 4322 na-

1979 4376 2158 4422 turam
2200 4380 2296 4436 per
2345 4363 2732 4435 expressiones
2775 4362 2842 4417 ad
2881 4376 3081 4430 supera
3111 4362 3350 4416 elidente
3387 4373 3548 4431 atque

302 4453 443 4522 πρὸς
471 4453 532 4504 τὸ
559 4452 877 4523 μηχάνημα,
906 4455 972 4524 τῇ
1006 4453 1113 4523 ἰδίᾳ
1144 4455 1302 4523 φύσει
1335 4454 1426 4506 ἐπὶ
1453 4454 1514 4508 τὸ
1546 4454 1656 4508 ἄνω
1680 4455 1872 4524 ὀχετη-

1983 4462 2222 4528 cogente,
2271 4463 2329 4508 ut
2362 4453 2748 4516 conﬁceretur,
2793 4450 2889 4506 sed
2933 4458 3128 4520 sponte
3159 4465 3258 4506 sua
3321 4466 3547 4520 prorsus

303 4542 591 4612 γούμενον.
635 4544 698 4596 Et
729 4543 786 4596 δὲ
814 4543 1016 4597 τούτων
1042 4543 1184 4597 κατὰ
1211 4544 1271 4597 τὸ
1290 4543 1590 4614 αὐτόματόν
1611 4544 1756 4596 ἐστιν
1781 4544 1873 4596 οὐ-

300 4633 394 4687 δὲν
440 4634 547 4686 ὑπὸ
593 4634 692 4705 τῆς
739 4633 844 4687 τῶν
893 4635 1171 4705 στοιχείων
1224 4635 1436 4703 φύσεως
1465 4634 1874 4706 ὲνεργούμενον,

296 4723 442 4779 ἀλλὰ
470 4723 639 4797 τέχνῃ
673 4723 808 4795 πρὸς
834 4723 896 4777 τὸ
944 4724 1134 4778 δοκοῦν
1186 4724 1416 4779 ἕκαστον
1459 4724 1649 4795 ἄγεται
1675 4742 1690 4757 ⁸
1740 4727 1773 4797 ἠ
1819 4725 1876 4779 δὲ

376 4898 489 5035 (50)
528 4900 788 4979 Flagrat.
831 4900 936 4952 ΑΒ
969 4901 1208 4973 γένηται.

376 4972 459 5035 (51
537 4971 736 5024 Τουτο.
763 4972 806 5021 Α
834 4971 875 5021 Β
901 4971 1042 5024 τότε.

399 4969 489 5024 51)
537 4969 736 5024 Τοῦτο.
763 4972 806 5021 Α
834 4971 875 5021 Β
901 4971 1042 5024 τότε.

399 5039 490 5109 52)
536 5039 620 5110 Τῷ
645 5039 912 5110 στόματι.
949 5041 992 5090 Α
1021 5041 1062 5092 Β
1093 5039 1170 5110 τῷ
1195 5039 1416 5109 στομίῳ.

375 5108 489 5180 (53)
526 5108 728 5180 Μᾴχη·
756 5109 820 5180 Βο
853 5110 1082 5180 μηχανή·

376 5176 490 5247 (54)
536 5177 619 5241 Τῷ
649 5176 996 5246 στόματι.”ᾉ
1025 5176 1065 5230 Β
1087 5177 1146 5230 τὸ
1176 5176 1411 5247 στόμιον.

375 5248 492 5319 (55)
532 5249 850 5319 arma“.
885 5251 929 5319 Α
1036 5248 1278 5318 στομίου.

377 5317 496 5388 (56)
549 5317 644 5380 Ὡς
665 5318 782 5370 καί.
823 5317 1206 5388 ΚαίγᾱοελειίΑᾹ.

388 5385 483 5442 57
531 5388 634 5441 Διὰ
664 5388 896 5441 τούτου.
926 5387 968 5438 Β
994 5386 1082 5440 διὰ
1115 5385 1271 5441 τοῦτο
1296 5387 1350 5457 ἦ.

401 5391 492 5523 58)
545 5455 1004 5524 Ἀνακοχλάζειν.
1034 5458 1076 5508 Α
1102 5457 1142 5508 Β
1169 5458 1350 5521 ἀνακοτ

375 5393 494 5598 (59)
533 5525 934 5598 Περιαφρίζον.
968 5526 1015 5598 Β
1042 5528 1350 5598 περιαφρίζι

470 5115 492 5322 ξ

545 5455 1004 5526 Ἀνακοχλάζειν.
1034 5458 1076 5508 Α
1102 5457 1142 5508 Β
1169 5455 1663 5526 ἀνακογχυλιάζειν.

399 5527 494 5600 50)
533 5525 934 5600 ρεριαφρζζιζν.
968 5526 1018 5600 B_
1042 5525 1473 5600 περιαφρίζοντι.

399 5595 490 5662 40)
537 5597 748 5650 Ταῦτα.
785 5596 828 5647 Α
860 5597 900 5647 Β
927 5595 1098 5650 ταῦτά
1122 5613 1202 5648 τε.

399 5603 490 5662 40)
537 5603 748 5650 Ταῦτα.
785 5603 828 5647 Α
861 5603 900 5647 Β
927 5603 1098 5650 ταῦτα
1122 5613 1202 5648 τε.

375 5603 494 5804 (41)
533 5665 756 5719 Κοῖλον
779 5665 887 5734 γάρ
914 5684 986 5720 τι.
1026 5667 1062 5719 Β
1093 5665 1232 5719 delet
1257 5668 1379 5737 γάρ.

403 5737 494 5804 42)
534 5736 855 5804 Στόμιιτος.
888 5738 929 5788 Λ
958 5737 998 5787 Β
1023 5735 1260 5804 στομίου.

403 5735 494 5810 42)
534 5736 855 5804 Στόμιιτος.
888 5738 929 5788 Λ
958 5737 998 5787 Β
1023 5735 1260 5806 στομίου.

1983 4557 2124 4614 aqua
2166 4541 2234 4598 ad
2261 4541 2574 4598 machinam
2614 4539 2954 4606 ascenderet,
3003 4539 3203 4608 quippe
3235 4539 3318 4593 sui
3355 4547 3548 4592 natura

1984 4649 2204 4690 sursum
2231 4640 2440 4690 evecta.
2471 4630 2568 4686 Sin
2604 4643 2784 4687 autem
2825 4632 3023 4687 horum
3053 4631 3190 4685 nihil
3218 4645 3315 4684 sua
3351 4639 3550 4699 sponte

1985 4725 2052 4780 ab
2091 4725 2484 4780 elementorum
2535 4732 2734 4779 natura
2778 4722 3034 4790 eﬂicitur,
3083 4722 3177 4778 sed
3215 4731 3353 4786 arte,
3385 4737 3551 4792 quor-

2048 4899 2161 4967 (45)
2201 4900 2548 4969 Iliaca-dator.
2581 4902 2624 4952 A
2657 4901 2699 4952 Β
2724 4901 3015 4969 ἐμπίπτον.

2049 4964 2161 5041 (44)
2198 4964 2318 5041 Ἆρ’
2348 4970 2437 5024 οὐ,
2471 4969 2516 5021 Α
2543 4970 2595 5041 in
2621 4964 2864 5041 margine
2891 4967 2980 5041 ἄρ’
3020 4964 3113 5024 οῦν
3142 4972 3224 5024 οὐ.

2052 5039 2162 5108 (45)
2205 5040 2393 5108 Ἀλλο
2422 5057 2496 5092 τι.
2542 5040 2582 5090 Β
2605 5039 2761 5102 ἄλλος
2786 5057 2888 5104 τις.

2074 5110 2163 5179 to)
2215 5108 2267 5160 Ὀ
2301 5107 2404 5179 τῷ.
2436 5111 2478 5163 Α
2509 5110 2567 5173 ὃς
2597 5107 2694 5179 τῷ.

2074 5115 2163 5175 46)
2215 5115 2267 5160 '0
2301 5115 2404 5172 τῷ.
2436 5115 2478 5163 Α
2509 5115 2567 5173 ὃς
2597 5115 2694 5179 τῷ.

2051 5115 2163 5247 (47)
2206 5176 2568 5248 Λογίζεσθιιι.
2613 5180 2657 5232 Α
2693 5179 2747 5232 ἱη
2800 5177 3049 5248 margine
3082 5175 3555 5246 καταλογίζεσθαι.

2075 5246 2166 5319 48)
2206 5246 2673 5319 γἈνδροείκελον.
2721 5253 2766 5302 Α
2791 5246 3150 5319 ἀνδρείκελον.

2075 5253 2166 5314 48)
2217 5253 2673 5316 Ἀνδροείκελον.
2721 5253 2744 5302 ,Α

2051 5253 2162 5386 (49)
2198 5318 2378 5372 Εὑθύ.
2421 5320 2466 5370 Λ
2494 5321 2536 5371 Β
2565 5318 2744 5380 εὐθύς.

2054 5385 2166 5458 (50)
2215 5387 2485 5458 Τοιοῦτος
2509 5389 2577 5440 ἐκ
2611 5389 2868 5458 φύσεως.
2913 5387 2954 5437 Β
2986 5388 3291 5458 ἐκφύσεως
3328 5385 3556 5440 τοιοῦτο.

2048 5456 2162 5526 (51)
2205 5459 2304 5511 Ἂν
2329 5457 2421 5526 ἐφ’
2462 5457 2700 5511 ἑαυτοῦ.
2742 5456 2856 5526 Ἐφ’
2885 5457 3081 5510 ἑαυτοῦ
3103 5458 3189 5512 ἄν.

2053 5525 2164 5596 (52)
2204 5525 2468 5596 Σουμϐᾶν.
2501 5529 2543 5578 Β
2579 5525 2813 5596 συμϐάν.

2052 5595 2162 5667 (55)
2205 5595 2321 5650 Τοῦ
2355 5613 2436 5651 τε,
2463 5597 2510 5667 Β
2535 5595 2628 5649 τοῦ
2667 5595 2745 5667 δέ.

2217 5665 2574 5735 Ἀναφοράν.
2612 5667 2651 5718 A
2759 5662 2820 5716 τὸ
2839 5665 2957 5736 ,ἄνω
2989 5667 3146 5736 φορά.

2062 5733 2175 5805 (55)
2208 5733 2383 5804 Ἁνίηῖ
2407 5733 2518 5791 Ain
2537 5744 2685 5792 textu
2705 5733 2771 5788 Ξιν
2795 5735 2875 5805 εἴη
2902 5737 2953 5789 in
2974 5733 3167 5806 marg.,
3185 5735 3289 5804 ᾔει.
3310 5735 3350 5787 Β
3377 5734 3564 5791 ἁνείει.
