3950 6132
423 296 493 353 '59
1669 288 1726 346 S.
1761 286 2082 347 GREGORII
2112 285 2410 349 NYSSENI
3604 285 3675 352 30

424 421 545 463 sum
579 403 757 459 visum
783 402 950 458 fuerit
990 404 1420 477 unumquodque
1463 404 1684 462 ducitur
1713 426 1726 461 :
1770 423 1862 463 ars
1896 423 1965 464 au

2093 410 2255 483 τέχνη
2287 410 2495 465 διάνοια
2523 407 2636 480 (56)
2665 410 2749 474 τις
2771 409 2887 464 ἐστι
2915 411 3045 466 ποία
3075 405 3288 483 κίνησίς
3313 426 3374 464 τε
3400 410 3496 465 καὶ
3519 410 3675 484 ἐνέρ-

423 507 530 551 tem
581 504 665 551 est
717 496 1073 566 intelligentia
1125 499 1371 568 quaedam
1422 499 1638 554 stabilis
1691 514 1756 553 ac
1812 499 1993 563 ﬁrma,

422 599 546 653 qua:
573 584 640 639 ad
677 586 903 655 aliquod
944 589 1283 658 propositum
1312 596 1367 644 et
1402 587 1715 645 institutum
1749 604 1844 660 per
1877 605 1996 644 ma-

419 679 614 733 teriam
637 691 949 744 exercetur,
974 690 1134 751 atque
1157 681 1521 750 intelligentia
1547 684 1749 737 mentis
1772 681 1997 753 quidam

2101 520 2225 572 γεια
2250 544 2267 567 ,
2309 504 2419 576 ἄρα
2463 505 2559 557 καὶ
2608 503 2697 557 διὰ
2732 503 2841 557 τῶν
2872 504 3165 559 ἀντιθέτων
3195 506 3326 575 ἡμῖν
3352 503 3414 557 τὺ
3446 503 3576 559 ἄλλο
3619 521 3676 558 τι

2103 597 2252 665 παρᾶ
2280 595 2340 647 τὸ
2370 594 2692 665 φαινόμενον
2723 590 2862 649 εἶναι
2888 596 2982 649 τὸν
3023 595 3147 650 νοῦν
3177 598 3212 666 η
3252 595 3542 651 ἀκολουθία
3566 596 3675 652 τῶν

2103 683 2410 755 εἰρημένων
2438 684 2738 750 ἀπέδειξεν.

418 774 673 843 proprius
722 784 905 847 motus
950 780 1003 828 et
1054 772 1347 829 efﬁcientia
1380 782 1485 839 est,
1544 775 1804 830 nimirum
1835 776 2001 831 etiam
2076 792 2174 847 per
2213 778 2467 848 opposita
2513 778 2676 836 nobis
2725 779 2933 851 aliquid
2981 779 3130 836 aliud
3186 789 3349 852 atque
3424 788 3666 853 apparet.

417 881 541 921 esse
563 875 822 937 mentem,
850 868 1246 937 consequentia
1266 867 1549 923 dictorum
1577 867 1998 926 demonstravit.

477 1025 483 1033 .
515 984 1285 1062 M.Egovero:Hocquidem,
1338 987 1560 1062 inquam
1589 1027 1604 1051 ,
1642 987 1809 1043 etiam
1869 987 1985 1064 ipse

420 1080 544 1135 dico
597 1080 674 1133 ita
713 1093 774 1135 se
823 1078 1046 1146 habere,
1092 1080 1238 1151 quod
1285 1080 1547 1135 nimirum
1584 1080 1638 1135 id
1689 1078 1836 1150 quod
1873 1094 1983 1133 non

421 1180 670 1243 apparet,
716 1184 825 1227 non
861 1171 1011 1227 idem
1038 1172 1111 1228 sit
1141 1188 1267 1228 cum
1306 1187 1373 1229 eo
1405 1172 1548 1243 quod
1580 1178 1840 1243 apparet:
1874 1186 1983 1226 non

424 1275 600 1319 tamen
651 1263 706 1317 in
755 1262 861 1318 hac
908 1263 1158 1318 oratione
1203 1263 1365 1319 video
1403 1265 1458 1320 id
1490 1264 1637 1335 quod
1670 1263 1979 1334 quaeritur:

418 1356 655 1408 nondum
685 1354 832 1409 enim
876 1353 1009 1408 mihi
1038 1354 1209 1425 liquet
1238 1353 1366 1425 quid
1407 1356 1628 1411 tandem
1668 1354 1985 1410 existimare

416 1452 662 1514 oporteat
712 1445 846 1500 illud
886 1460 1011 1501 esse
1057 1445 1205 1517 quod
1256 1462 1365 1501 non
1419 1453 1666 1517 apparet,
1698 1446 1793 1499 sed
1842 1442 1989 1514 quod

413 1536 697 1591 materiale
745 1535 966 1606 quidem
1006 1537 1214 1607 aliquid
1255 1552 1365 1591 non
1417 1537 1507 1601 sit,
1567 1535 1733 1591 didici
1769 1551 1833 1590 ex
1867 1550 1988 1589 ser-

413 1641 615 1681 mone:
653 1627 899 1681 nondum
931 1634 1114 1682 autem
1144 1627 1375 1698 cognovi
1404 1626 1537 1697 quid
1577 1626 1647 1682 de
1692 1640 1759 1681 eo
1803 1624 1988 1681 dicere

413 1716 720 1772 conveniat.
768 1716 882 1787 Ego
914 1717 1019 1772 hoc
1059 1718 1297 1773 maxime
1337 1716 1717 1773 desiderabam
1750 1715 1983 1778 discere,

2159 982 2220 1036 Γ.
2256 972 2673 1051 ἘῨὼδὲ,Τοῦτο
2711 983 2808 1054 μὲν
2855 982 3028 1048 οὕτως
3077 984 3221 1056 ἔχειν
3264 987 3407 1056 φημὶ
3443 986 3538 1041 καὶ
3584 988 3653 1042 αὑ

2090 1074 2202 1138 τὸς,
2227 1070 2288 1127 τὸ
2317 1074 2391 1144 μὴ
2417 1073 2614 1127 ταύτὸν
2639 1068 2778 1128 εἶναι
2800 1073 2878 1146 τῷ
2899 1077 3210 1147 φαινομένῳ
3230 1076 3292 1130 τὸ
3321 1077 3395 1147 μὴ
3418 1079 3675 1151 φαινόμε-

2090 1180 2199 1216 νον·
2234 1164 2295 1217 οὐ
2330 1161 2435 1236 μὴν
2463 1164 2525 1218 τὸ
2556 1163 2885 1236 ζητούμενον
2912 1166 2969 1218 ὲν
3002 1165 3081 1236 τῷ
3103 1166 3244 1235 λόγῳ
3267 1166 3441 1239 τούτῳ
3464 1167 3667 1238 βλέπω,

2088 1248 2240 1308 οὔπω
2270 1256 2378 1325 γάρ
2412 1273 2504 1327 μοι
2532 1256 2689 1328 δῆλόν
2736 1258 2885 1310 ἐστιν
2908 1295 2924 1320 ,
2955 1256 2985 1310 ὃ
3032 1256 3085 1310 τί
3117 1273 3248 1311 ποτε
3292 1257 3397 1328 χρὴ
3428 1256 3670 1328 νομίζειν

2094 1342 2270 1399 ἐκεῖνο
2292 1342 2431 1401 εἶναι
2455 1346 2516 1400 τὸ
2547 1345 2621 1418 μὴ
2652 1347 2995 1418 φαινόμενον,
3026 1347 3141 1402 ἀλλ’
3166 1347 3248 1402 ὅτι
3276 1349 3375 1419 μὲν
3406 1347 3589 1403 ὑλικόν
3613 1367 3668 1403 τι
3693 1374 3701 1381 ·

2092 1434 2193 1490 οὐκ
2220 1436 2367 1490 ἔστιν
2409 1435 2689 1508 ἐδιδάχθην
2718 1437 2798 1507 τῷ
2834 1432 2978 1508 λόγῳ
3001 1452 3016 1468 °
3060 1437 3267 1491 οὐδέπω
3297 1435 3352 1491 δὲ
3395 1437 3564 1506 ἔγνων
3589 1478 3603 1502 ,
3637 1440 3667 1494 ὃ

2091 1545 2143 1581 τι
2175 1526 2302 1599 περὶ
2329 1527 2495 1580 αὐτοῦ
2525 1527 2789 1599 προσήκει
2823 1526 3002 1597 λέγειν
3021 1543 3037 1559 ο
3072 1525 3183 1596 ἐγὼ
3215 1527 3272 1582 δὲ
3313 1524 3471 1582 τοῦτο
3509 1530 3666 1601 μάλι-

2092 1635 2191 1671 στα
2241 1618 2470 1691 ἐδεόμην
2517 1618 2730 1690 μαθεῖν,
2774 1620 2872 1690 οὐχ
2911 1619 2993 1673 ὅτι
3036 1619 3132 1674 οὐκ
3183 1619 3351 1686 ἔστιν,
3395 1621 3510 1675 ἀλλ’
3527 1622 3664 1693 ὅπερ

2089 1707 2255 1760 ἐστίν.
2284 1710 2429 1765 —M.
2460 1711 2527 1764 Ἦ
2539 1710 2810 1777 δὲ,Πολλὰ,
2829 1709 3091 1781 amabam}.
3120 1711 3248 1782 περὶ
3280 1708 3491 1765 πολλῶν
3518 1711 3664 1766 οὕτω

411 1821 522 1861 non
575 1806 705 1875 quid
751 1820 861 1859 non
907 1806 999 1873 sit,
1018 1804 1370 1875 sedquidsit.
1389 1800 1531 1856 -Μ,
1554 1800 1762 1856 Atilla:
1795 1803 1975 1868 Multa,

2092 1800 2436 1872 μανθάνομεν
2466 1801 2524 1855 ὲν
2567 1800 2646 1872 τῷ
2683 1802 2756 1872 μὴ
2796 1799 2915 1854 τόδε
2947 1818 3001 1855 τι
3031 1801 3210 1871 λέγειν
3260 1796 3398 1857 εἶναι
3429 1804 3560 1858 αὐτὸ
3601 1804 3663 1857 τὸ

410 1896 606 1966 inquit,
661 1893 826 1950 etiam
867 1892 934 1948 de
983 1891 1169 1946 multis
1214 1891 1289 1944 ita
1333 1891 1617 1954 discimus,
1659 1890 1788 1945 dum
1841 1885 1983 1945 dici-

409 2002 532 2041 mus
573 2000 681 2040 non
735 1984 839 2039 hoc
888 1982 1091 2053 aliquid
1150 1996 1272 2037 esse
1331 1982 1503 2052 ipsam
1554 1979 1852 2038 essentiam
1904 1980 1982 2035 rei

307 2085 310 2087 ‘
411 2072 673 2146 quaisitte,
707 2076 966 2146 quidnam
997 2074 1215 2129 tandem
1246 2087 1310 2129 ea
1350 2088 1439 2129 res
1479 2072 1552 2129 sit
1582 2072 1980 2143 signiﬁcantes.

408 2166 544 2221 Cum
577 2166 722 2221 enim
771 2164 1069 2236 ἀπόνηρον,
1094 2163 1150 2218 id
1198 2171 1283 2218 est
1316 2178 1421 2217 non
1452 2178 1675 2233 pravum
1706 2162 1802 2230 _vel
1835 2162 1979 2219 haud

408 2258 608 2311 malum
632 2256 888 2318 dicimus,
913 2256 1113 2309 bonum
1131 2253 1506 2319 ostendimus;
1531 2267 1654 2307 cum
1676 2254 1803 2307 item
1826 2252 1983 2307 ἄνανο

407 2345 553 2418 ὃρον,
595 2345 648 2399 id
695 2353 799 2410 est,
846 2361 950 2398 non
987 2345 1155 2399 virum
1207 2343 1694 2410 nominaverimus,
1730 2343 1987 2419 timidum

405 2437 840 2507 designavimns,
872 2450 935 2489 ac
975 2434 1146 2488 multa
1178 2433 1266 2490 his
1314 2433 1513 2488 similia
1549 2440 1712 2503 atque
1734 2434 1982 2504 ejusdem

406 2530 556 2584 modi
588 2529 697 2584 dici
748 2534 1003 2599 possunt,
1044 2541 1141 2598 per
1172 2539 1292 2596 qua
1332 2526 1419 2581 vel
1473 2526 1853 2596 benigniorem
1884 2539 1983 2596 per

405 2619 673 2677 malorum
719 2620 1059 2686 negationem
1115 2616 1423 2691 excipimus
1474 2615 1835 2679 intellectum,
1888 2615 1974 2673 vel

406 2718 598 2764 contra
646 2708 713 2763 ad
765 2708 1089 2762 deteriorem
1124 2705 1436 2775 Opinionem
1471 2705 1834 2773 deﬂectimus,
1880 2705 1976 2761 ad-

404 2802 678 2871 emptione
721 2800 985 2854 bonorum
1047 2796 1098 2854 id
1146 2799 1290 2869 quod
1323 2812 1548 2867 pravum
1579 2807 1632 2853 et
1657 2798 1858 2854 malum
1891 2803 1978 2855 est

2091 1887 2230 1945 εἶναι
2259 1891 2352 1945 τοῦ
2390 1890 2745 1963 ζητουμένου,
2768 1888 2796 1946 ὅ
2825 1890 2878 1946 τί
2905 1890 3034 1945 ποτέ
3057 1896 3171 1947 ἔστι
3194 1894 3655 1965 διερμηνεύοντες.

2102 1982 2395 2053 Ἀπόνηρον
2446 1982 2552 2055 γὰρ
2606 1980 2848 2047 εἰπόντες
2901 1980 2994 2036 τὸν
3052 1983 3255 2051 ἀγαθὸν
3314 1986 3661 2056 παρεστήκα-

2090 2091 2190 2145 μεν
2241 2070 2353 2147 (57)
2385 2115 2401 2139 ,
2463 2075 2557 2128 καὶ
2610 2075 2868 2147 ἄνανδρον
2922 2077 3285 2147 ὀνομάσαντες
3341 2078 3430 2132 τὸν
3488 2079 3659 2134 δειλὸν

2086 2158 2460 2234 ἐγνωρίσαμεν
2483 2202 2499 2228 ,
2533 2163 2628 2217 καὶ
2680 2163 2848 2218 πολλὰ
2900 2165 3107 2228 τούτοις
3170 2166 3281 2235 (58)
3310 2166 3457 2220 ἔστιν
3484 2170 3659 2223 είπεῖν

2085 2248 2436 2323 ὁμοιότροπα.
2462 2251 2537 2304 Δι’
2572 2245 2646 2305 ὧν
2671 2252 2702 2323 ἢ
2734 2253 2795 2306 τὸ
2819 2254 3179 2326 χρηστότερον
3205 2255 3658 2329 ἀναλαμϐάνομεν

2078 2344 2258 2414 νόημα
2283 2342 2371 2395 διὰ
2394 2341 2495 2411 τῆς
2540 2342 2648 2395 τῶν
2699 2344 2949 2414 πονηρῶν
2996 2340 3322 2415 ἀποφάσεως
3350 2347 3485 2418 (59),
3516 2347 3548 2418 ἢ
3594 2347 3656 2402 τὸ

2080 2434 2312 2506 ἔμπαλιν
2338 2435 2429 2487 ἐπὶ
2456 2434 2517 2487 τὺ
2549 2436 2726 2506 χεῖρον
2754 2437 2880 2499 ταῖς
2904 2437 3177 2501 ὑπονοίαις
3206 2438 3519 2510 τρεπόμεθα
3537 2480 3552 2503 ,
3587 2442 3653 2511 τῇ

2079 2525 2188 2579 τῶν
2212 2524 2392 2579 καλῶν
2421 2526 2705 2596 ἀφαιρέσει
2743 2526 2803 2578 τὸ
2832 2528 3065 2598 πονηρὸν
3087 2529 3467 2600 ἐνδειξάμενοι.
3498 2527 3656 2584 Οὕτω

2079 2616 2258 2671 τοίνυν
2290 2616 2382 2670 καὶ
2411 2616 2503 2669 ἐπὶ
2542 2614 2636 2694 τοῦ
2671 2617 2938 2687 παρόντος
2986 2635 3072 2681 τις
3098 2619 3253 2686 λόγου
3282 2622 3653 2691 κατανοήσας,

2082 2707 2181 2761 οὐκ
2231 2706 2298 2761 ἂν
2353 2709 2452 2778 τῆς
2503 2706 2727 2778 δεούσης
2781 2708 2909 2780 περ)⁸
2953 2709 3015 2762 τὸ
3062 2710 3392 2782 ζητούμενον
3446 2712 3654 2777 ἐννοίας

2084 2796 2446 2868 ἀποσφαλείη.

405 2896 733 2953 iudicantes.
770 2894 847 2948 Ad
875 2893 1018 2948 hunc
1064 2894 1231 2965 igitur
1279 2892 1499 2947 modum
1546 2894 1591 2948 si
1658 2894 1783 2964 quis
1816 2909 1884 2949 ex
1954 2894 2213 2963 ιιι-περηιί
2264 2906 2488 2965 quoque
2540 2893 2848 2963 quaestione
2898 2909 3015 2950 rem
3067 2895 3521 2961 eonsideraverit,
3583 2897 3655 2952 ab

405 3003 469 3042 ea
516 2985 849 3055 cogitatione
892 2991 1057 3054 atque
1095 2984 1356 3055 opinione
1399 2998 1565 3055 quam
1639 2999 1730 3040 res
1774 2984 1840 3040 ad
1910 2982 2266 3055 quaerendum
2313 2990 2369 3039 et
2418 2983 2778 3039 scrutandum
2863 2985 3148 3056 proposita
3208 2985 3437 3056 requirit
3484 2996 3654 3065 atque

404 3080 695 3146 desiderat,
736 3094 847 3133 non
888 3077 1189 3134 aberrabit.

474 3219 752 3287 Quaeritur
806 3228 1010 3286 autem,
1073 3219 1205 3290 quid
1254 3228 1493 3275 mentem
1545 3233 1669 3274 esse
1724 3223 1972 3289 oporteat

2144 3212 2392 3286 Ζητεῖται
2423 3215 2482 3268 δὲ
2517 3216 2569 3267 τί
2620 3215 2726 3286 χρὴ
2758 3215 2849 3270 τὸν
2899 3213 3025 3270 νοῦν
3071 3214 3277 3269 οἴεσθαι
3313 3215 3432 3270 κατ’
3476 3216 3652 3294 αὐτὴν

404 3310 658 3363 arbitrari
709 3311 1008 3363 secundum
1044 3309 1219 3378 ipsam
1272 3308 1593 3364 essentiam.
1651 3307 1756 3374 Qui
1804 3307 1974 3377 igitur

401 3402 534 3471 quin
586 3402 654 3455 sit
699 3402 915 3471 quidem
960 3399 1036 3466 id,
1068 3400 1135 3455 de
1176 3415 1287 3470 quo
1334 3401 1565 3470 quaestio
1610 3409 1716 3464 est,
1749 3407 1973 3471 propter

404 3509 543 3557 cam,
586 3509 706 3561 quae
756 3493 824 3546 ab
852 3492 973 3561 ipso
1013 3492 1174 3547 nobis
1223 3490 1571 3557 ostenditur,
1603 3491 1971 3557 eﬂlcientiam,

402 3602 512 3640 non
565 3585 778 3638 dubitat
823 3585 929 3639 hoc
988 3582 1119 3653 quid
1169 3583 1260 3647 sit,
1301 3582 1447 3638 scire
1480 3583 1527 3638 si
1580 3584 1718 3646 vult,
1756 3582 1974 3638 abunde

404 3693 469 3731 ac
504 3676 836 3732 snﬂicienter
881 3675 931 3727 id
954 3673 1173 3743 assequi
1197 3674 1416 3743 poterit.
1460 3673 1596 3728 Nam
1633 3674 1679 3728 si
1719 3674 1973 3729 didicerit

402 3768 455 3821 id
504 3782 613 3820 non
662 3779 787 3819 esse
820 3764 925 3817 hoc
978 3763 1124 3833 quod
1169 3778 1337 3819 sensu
1381 3765 1704 3835 percipitur,
1737 3780 1846 3820 non
1877 3780 1972 3820 co-

403 3860 597 3919 lorem,
623 3872 730 3910 non
760 3855 1009 3926 ﬁguram,
1039 3871 1147 3911 non
1175 3856 1455 3921 duritiem,
1480 3871 1588 3912 non
1621 3858 1967 3926 gravitatem,

402 3965 512 4002 non
548 3947 934 4017 quantitatem,
972 3962 1080 4001 non
1111 3961 1251 4013 eam,
1280 3963 1400 4016 qua;
1428 3947 1481 4002 in
1511 3947 1617 4002 tria
1641 3946 1719 4013 ﬁt,
1745 3948 1972 4003 divisio-

401 4054 558 4105 nem,
614 4054 723 4092 non
777 4038 986 4092 inloco
1035 4037 1399 4107 positionem,
1465 4052 1642 4107 neque
1670 4037 1968 4108 quidquam

405 4140 635 4194 prorsus
666 4141 853 4179 eorum
894 4139 1017 4193 quae
1060 4124 1209 4178 circa
1240 4126 1521 4181 materiam
1550 4124 1968 4195 deprehendun-

405 4221 520 4279 tur,
549 4214 848 4283 uovitquod
872 4213 1015 4266 aliud
1040 4215 1215 4280 adque
1240 4213 1353 4267 haec
1367 4215 1593 4270 sit.—G.
1636 4211 1749 4282 Ego
1784 4222 1963 4267 autem

400 4303 523 4372 ejus
567 4301 913 4369 interpellato
965 4316 1237 4367 sermone,
1322 4300 1536 4368 Nescio,
1594 4302 1841 4372 inquam,
1919 4303 1964 4357 si

405 4393 589 4448 omnia
645 4393 758 4446 haec
802 4407 869 4447 ex
939 4406 1192 4448 sermone
1254 4392 1630 4459 detrahantur,
1703 4394 1797 4464 qui
1848 4393 1966 4448 ﬁeri

400 4486 599 4554 possit,
630 4492 690 4536 ut
733 4499 843 4538 non
892 4499 999 4539 una
1050 4500 1173 4539 cum
1213 4485 1301 4540 his
1345 4485 1570 4541 tollatur
1600 4495 1655 4541 et
1684 4487 1965 4541 aboleatur

2072 3306 2171 3377 τὴν
2202 3305 2485 3360 οὐσίαν.δο
2514 3305 2693 3359 τοίνυν
2719 3306 2779 3359 τὸ
2822 3307 2919 3376 μὲν
2964 3303 3311 3370 εἶναιτοῦτο,
3348 3308 3478 3377 περὶ
3521 3303 3584 3362 οὗ
3621 3310 3652 3360 ὁ

2072 3398 2229 3465 λόγος
2261 3398 2417 3463 ἐστὶ,
2466 3397 2554 3452 διὰ
2591 3399 2690 3468 τῆς
2739 3400 2870 3468 παρ’
2903 3396 3066 3450 αὐτοῦ
3119 3397 3474 3467 δεικνυμένης
3519 3400 3652 3469 ἡμῖν

2071 3489 2351 3560 ἐνεργείας
2395 3489 2468 3559 μὴ
2496 3488 2870 3559 ἀμφιϐάλλων,
2900 3489 2960 3541 τὸ
3009 3489 3065 3541 δὲ
3089 3490 3118 3542 ὅ
3145 3489 3197 3541 τί
3229 3488 3340 3558 (60)
3372 3489 3485 3542 ἐστι
3507 3491 3653 3557 γνῶ-

2070 3595 2156 3632 ναι
2201 3578 2539 3649 βουλόμενος,
2588 3578 2782 3641 ἱκανῶς
2816 3578 2883 3632 ἂν
2943 3578 3154 3649 εὕροιτο
3188 3578 3329 3649 (61),
3371 3580 3446 3650 μὴ
3490 3579 3653 3651 τοῦτο

2076 3672 2262 3743 μαθεῖν
2310 3666 2448 3725 εἶναι
2478 3673 2608 3725 αὐτὸ
2651 3673 2680 3725 ὃ
2720 3671 3130 3743 καταλαμϐάνει
3158 3674 3192 3742 ἡ
3243 3672 3493 3743 αἴσθησις
3517 3712 3532 3735 ,
3568 3674 3648 3745 μὴ

2070 3763 2303 3834 χρῶμα,
2336 3762 2412 3835 μὴ
2442 3764 2662 3834 σχῆμα,
2711 3764 2788 3835 μὴ
2836 3763 3189 3829 ἀντιτυπίαν,
3226 3766 3299 3837 μὴ
3324 3764 3526 3835 βάρος,
3569 3766 3649 3838 μὴ

2070 3853 2427 3929 πηλικότητα,
2470 3854 2543 3924 μὴ
2590 3853 2689 3925 τὴν
2715 3856 2793 3917 εἰς
2822 3854 2949 3925 τρία
2976 3854 3252 3919 διάστασιν
3276 3895 3290 3918 ,
3321 3854 3394 3925 μὴ
3422 3855 3521 3925 τὴν
3552 3858 3651 3910 ἐπὶ

2067 3944 2230 3997 τόπου
2262 3943 2410 3998 θέσιν
2463 3944 2576 4016 (62)
2601 3986 2616 4009 ,
2653 3945 2787 4017 μηδέ
2819 3964 2871 3999 τι
2911 3946 3022 4017 (65)
3072 3947 3180 3999 τῶν
3227 3949 3355 4017 περὶ
3386 3947 3483 4017 τήν
3511 3946 3651 4017 ὓλην

2069 4032 2634 4104 καταλαμϐανομένων
2662 4034 2799 4097 ὅλως
2820 4034 2984 4105 μηδὲν
3009 4037 3091 4105 ἴδῃ
3112 4036 3246 4103 (64),
3272 4036 3325 4088 τί
3347 4035 3472 4089 ἄλλο
3493 4037 3651 4107 παρὰ

2064 4123 2239 4177 ταῦτα
2291 4126 2457 4179 ἐστιν.
2521 4124 2661 4194 Ἐγὼ
2700 4128 2754 4181 δὲ
2785 4125 2986 4195 μεταξὺ
3018 4124 3477 4196 διεξιούσης,-Γ.
3529 4129 3648 4181 Οὐκ

2064 4209 2202 4280 οἶδα,
2230 4215 2398 4286 ἔφην,
2434 4216 2553 4280 πῶς
2606 4217 2742 4279 ἔστι,
2786 4218 2996 4270 πάντων
3047 4217 3250 4270 τούτων
3302 4218 3644 4288 ἀφαιρουμέ-

2065 4323 2171 4358 νων
2192 4304 2303 4377 (65)
2347 4304 2441 4359 τοῦ
2473 4306 2654 4375 λόγου,
2686 4307 2759 4377 μὴ
2793 4305 3267 4375 συνεξαλειφθῆναι
3298 4309 3505 4370 τούτοις
3545 4310 3645 4362 καὶ

2064 4394 2126 4448 τὸ
2145 4395 2503 4467 ζητούμενον.
2533 4398 2651 4450 Τίνι
2682 4398 2791 4467 γὰρ
2813 4400 3060 4469 προσφυῇ
3082 4397 3192 4467 (66)
3224 4397 3347 4468 δίχα
3369 4398 3573 4452 τούτων
3602 4403 3641 4471 ἡ

2068 4485 2446 4558 καταληπτικὴ
2474 4487 2760 4559 περιεργία
2785 4528 2800 4553 ,
2829 4489 2972 4543 κατά
2995 4506 3057 4556 γε
3081 4489 3179 4559 τὴν
3205 4489 3343 4561 ἐμὴν
3373 4490 3645 4560 ὑπόληψιν

400 4576 454 4631 id
496 4571 639 4646 (μιοά
667 4577 953 4645 quaeritur.
987 4575 1261 4643 Quidnam
1292 4577 1435 4632 enim
1472 4578 1677 4648 absque
1718 4579 1804 4634 his
1837 4594 1961 4649 per-

2082 4574 2216 4629 ιῦπω
2244 4576 2456 4647 ὁρᾶται.
2514 4577 2772 4647 Πανταχῆ
2808 4578 2919 4648 (67)
2976 4578 3086 4649 γὰρ
3116 4581 3172 4633 ἐν
3217 4581 3285 4649 τῇ
3337 4582 3443 4632 τῶν
3469 4580 3644 4634 ὄντων

398 4667 631 4735 cipieudi
663 4681 794 4721 cura
826 4676 991 4737 atque
1029 4667 1292 4723 sedulitas
1323 4668 1702 4738 amplectatur,
1749 4670 1839 4725 cui
1879 4672 1963 4726 in-

400 4759 620 4821 lucrcat,
667 4773 785 4814 mea
832 4759 1050 4828 quidem
1086 4758 1365 4828 Opinione,
1419 4760 1660 4816 nondum
1710 4770 1955 4832 apparet.

478 4997 592 5075 56)
620 4997 989 5075 Ροεῑμδιάνοια
1015 5000 1068 5055 in
1101 5002 1147 5075 ᾼ
1168 5011 1220 5075 et
1248 5001 1291 5056 B
1314 5014 1613 5075 sequuntur
1641 5005 1743 5059 ista
1775 5022 1788 5058 :
1816 5004 1960 5075 ἐστὶν

397 5068 642 5145 ᾁσξραλῂς
673 5071 955 5145 πρός-τινα
976 5071 1175 5145 σκοπὸν
1195 5068 1557 5145 ἐνεργουμένη
1578 5075 1666 5128 διὰ
1689 5075 1784 5144 τῆς
1806 5073 1957 5143 ὕλης,

397 5139 524 5211 ήΑδὲ
552 5139 627 5211 (in
657 5141 902 5211 margine
925 5142 959 5211 ἣ
982 5142 1061 5210 τε)
1086 5139 1298 5195 διάνοια
1334 5139 1436 5197 νοῖί
1465 5139 1557 5208 τίς
1593 5139 1752 5197 ἐστιν’
1787 5139 1959 5197 οἰκεία

398 5207 729 5285 ξιίνησίςιτε,
776 5207 828 5262 in
850 5207 1109 5285 margine
1135 5214 1266 5285 ⁸ἐστὶ
1303 5214 1429 5267 ποιὰ
1472 5214 1680 5285 κίνησίς
1715 5213 1879 5285 venit)
1921 5214 1958 5265 Β

395 5277 680 5399 iga-isset;
703 5279 947 5348 ἀσφαλὴς
973 5282 1005 5351 ή
1045 5281 1103 5333 δὲ
1131 5281 1335 5337 διάνοια
1372 5286 1485 5341 νοῦ.
1510 5277 1616 5340 Pro
1658 5283 1786 5336 ποία
1813 5283 1955 5338 idem

448 5362 496 5399 ιιι
548 5363 634 5399 ποι
684 5388 693 5397 .

415 5360 523 5414 egit
548 5360 693 5399 ποια.

468 5416 579 5497 ς
613 5417 1112 5497 ραρειγτήζιιαμεν.Δ
1135 5423 1175 5475 Α
1201 5422 1241 5475 Β
1267 5427 1700 5497 παρεστήσαιιεν.

612 5488 861 5564 ούτοις.
893 5487 933 5541 Β
961 5486 1249 5564 τοιούτοις.

619 5557 1032 5637 Ἀπρξρᾴσεως,
1050 5563 1094 5615 Α
1120 5563 1173 5617 in
1202 5555 1453 5637 margine
1473 5565 1863 5637 ἀπεμφάσεως.

464 5613 576 5705 {eoi
618 5627 694 5705 re
717 5613 788 5681 δέ
804 5628 837 5681 δ
855 5646 927 5683 τι.
944 5613 1350 5705 Αξςίὴξιίὶἐιὲέῇἰὲ
1360 5613 1662 5692 ’ἔᾶῡό””ὲ¹ἔᾶ

469 5696 581 5767 (61)
612 5696 875 5767 Εῧροιτο.
908 5705 950 5755 Α
980 5700 1019 5754 Β
1047 5701 1194 5774 εὖροι
1219 5696 1301 5758 τό.

2068 4667 2396 4739 ἀναζητήσει
2421 4667 2508 4721 διὰ
2529 4669 2628 4737 τῆς
2656 4668 3005 4740 ἐξεταστικῆς
3032 4669 3267 4734 διανοίας
3293 4673 3415 4724 ὅσον
3436 4688 3496 4723 τε
3523 4672 3640 4741 (68)

2064 4761 2126 4814 τὸ
2155 4761 2500 4832 ζητούμενον,
2536 4762 2723 4835 ὥσπερ
2744 4804 2752 4810 .
2773 4763 2916 4826 τινὲς
2969 4764 3158 4833 τυφλοὶ
3190 4765 3276 4820 διὰ
3322 4766 3515 4836 τοίχων
3544 4767 3642 4819 ἐπὶ

2134 5005 2244 5075 (6Ξ)
2278 5004 2477 5059 Θέσιν.
2498 5005 2538 5058 Α
2567 5005 2608 5058 Β
2631 5006 2886 5059 διάθεσιν.

2138 5077 2249 5147 (65)
2285 5075 2448 5140 Μηδέ
2468 5092 2539 5128 τι.
2571 5076 2625 5147 Α.
2647 5076 2811 5147 μηδὲν
2835 5075 2962 5147 τῶν.

2138 5094 2249 5147 (οδ)
2285 5094 2448 5140 mnos
2468 5094 2539 5128 τι.
2571 5094 2617 5127 Λ
2636 5094 2811 5197 εμηοεν
2835 5094 2962 5129 των.

2133 5146 2467 5218 (ϐὓίθέως
2512 5144 2635 5218 ﬁnd
2668 5163 2705 5197 ν
2743 5144 2861 5213 ἴδῃ.
2916 5146 2954 5198 Α
2996 5143 3144 5218 ὅμως
3191 5147 3355 5218 μηδὲν
3386 5148 3432 5201 εἱ
3462 5148 3524 5218 δή
3561 5169 3641 5207 τι.

2063 5214 2103 5267 Β
2128 5216 2310 5286 μηδέν.
2332 5214 2479 5284 mar,
2501 5232 2570 5266 τι.
2607 5214 2668 5286 In
2688 5219 2931 5286 margine
2958 5216 3051 5286 τοῦ
3086 5214 3263 5286 Αηιυιιι
3297 5217 3386 5269 illa
3419 5214 3644 5273 senten-

2066 5283 2139 5338 liti
2174 5283 2248 5358 ita
2276 5283 2537 5358 scribitur
2568 5302 2581 5336 :
2612 5283 2760 5358 θέσιν
2789 5283 2973 5358 ’μηδὲ
3003 5285 3183 5358 τιτῶν
3209 5288 3471 5358 περι-τὴν
3504 5289 3644 5358 ὓλην

2068 5353 2622 5431 καταλαμϐανομένων
2651 5352 2785 5417 ὅλως
2816 5350 2979 5425 μηδὲν
3010 5350 3168 5415 οἶδεν,
3205 5350 3296 5406 ὅτι
3331 5350 3457 5409 ἄλλο
3485 5350 3645 5431 παρὰ

2061 5423 2235 5479 ταῦτὰ
2262 5426 2430 5477 ἐστιν.

2287 5493 2766 5572 Ἀφαιρουμόνων.
2816 5493 2859 5546 Β
2882 5492 3303 5572 ᾇφαιρρυμένου.

2132 5563 2244 5636 (66)
2278 5561 2585 5636 Προσφυῇ.
2673 5564 2972 5636 προσφυής.
2993 5561 3033 5613 Β
3050 5561 3416 5636 ᾷνπροστρυῇ.

2134 5633 2248 5700 (67)
2288 5632 2589 5701 Hart-alii.
2620 5634 2659 5684 A
2685 5632 2737 5685 in
2772 5632 3011 5703 margine
3048 5632 3351 5703 [Ιανταχοῦ.

2132 5703 2245 5773 (68)
2277 5704 2565 5758 Ὃσοντε.
2593 5703 2634 5755 Α
2671 5703 2711 5754 Β
2741 5702 3090 5769 ἀφάσσοντες.
