3950 6132
252 336 319 391 ιι
1317 330 1409 386 DE
1447 327 1663 383 ΛΝΙΜΛ
1703 324 1792 382 ΕΤ

1943 320 2442 381 SURBECTIONE.
3443 322 3513 378 ιε

251 454 354 523 τὴν
395 448 569 521 θύραν
609 448 1109 520 χειραγωγούμενοι
1134 487 1149 512 ,
1205 447 1320 512 ἑνὸς
1376 447 1486 501 τῶν
1541 445 1826 518 εῐρημένωι

1945 442 2083 498 Nam
2120 441 2326 511 ubique
2352 439 2407 494 in
2440 451 2622 493 rerum
2655 436 3081 508 investigatione
3119 436 3516 494 examinati-ica

249 545 467 607 πάντως
495 542 832 612 θιγγάνομεν
860 540 1012 612 (69).
1070 540 1105 612 ἢ
1138 540 1337 613 χρῶμα
1388 540 1766 609 εὑρίσκοντεςν
1799 538 1826 610 ἢ

1943 542 2108 603 atque
2139 531 2466 587 scrutatrice
2496 527 2876 599 intelligentia,
2915 528 3074 599 quasi
3112 529 3396 602 palpantes
3433 529 3512 595 id,

250 639 460 711 σχῆμα,
486 635 523 708 ἢ
557 635 917 707 πηλικότητα,
950 635 985 704 ἦ
1023 651 1077 688 τι
1104 632 1211 687 τῶν
1246 632 1398 704 παρὰ
1434 632 1528 685 σοῦ
1574 631 1668 687 νῦν
1695 631 1826 702 ἀπη-

1943 622 2089 695 quod
2125 621 2412 693 quaeritur,
2447 627 2712 691 tanquam
2743 619 2873 674 caeci
2903 619 3123 690 quidam
3156 620 3391 676 ducibus
3420 635 3517 691 pa-

255 730 613 805 ριθμημένων
648 727 866 798 ἕτερον·
897 727 1025 780 ὅταν
1047 725 1105 780 δὲ
1139 724 1346 779 τούτων
1375 724 1539 796 μηδὲν
1572 718 1711 777 εἶναι
1746 721 1826 775 λέ-

1943 716 2177 772 rictibus
2219 714 2288 769 ad
2351 712 2554 769 ostium
2597 711 2904 778 tendentes,
2957 727 3186 783 prorsus
3227 727 3397 767 unum
3447 728 3517 768 ex

251 803 418 893 γηται
441 821 510 875 ἂν
542 819 692 888 (70),
727 820 808 883 είς
849 816 910 871 τὸ
937 816 1178 889 μηδόλως
1220 832 1276 870 τι
1300 813 1436 870 εἶναι
1482 813 1688 868 οἴεσθαι
1731 812 1826 867 dmi

1943 810 2109 866 dictis
2163 807 2507 879 attingimus,
2557 805 2643 861 vel
2692 805 2952 872 colorem,
3008 805 3091 860 vel
3135 805 3385 876 figuram,
3429 803 3518 861 vel

250 909 625 984 μικροψυχίας
652 906 1049 981 περιαγόμεθα.

1943 900 2330 973 quantitatem,
2374 899 2461 954 vel
2502 897 2711 969 aliquid
2757 896 2905 951 aliud
2935 911 3124 952 eorum
3166 912 3288 968 quae
3331 896 3430 954 abs
3464 904 3518 954 te

248 1009 583 1056 enumerata
612 1005 746 1055 sunt
767 996 1148 1054 oﬂ‘endentes:
1186 1010 1312 1052 cum
1347 1005 1529 1051 autem
1556 994 1762 1050 dicitur
1789 992 1926 1049 nihil
1962 994 2156 1048 horum
2186 1005 2332 1057 esse,
2363 1004 2475 1062 pra:
2510 988 2680 1044 animi
2715 987 3016 1060 exiguitate
3039 1002 3106 1043 eo
3125 987 3420 1059 redigimur
3456 999 3518 1042 ut

250 1113 321 1154 ne
348 1112 583 1169 prorsus
610 1094 831 1167 quidem
854 1093 1065 1164 aliquid
1103 1106 1226 1149 esse
1265 1099 1545 1164 putemus.

336 1209 418 1266 Μ.
447 1211 512 1265 Ἦ
534 1209 591 1264 δὲ
620 1208 975 1278 σχετλιάσασα
992 1207 1192 1278 μεταξὺ
1225 1205 1319 1261 τοῦ
1366 1205 1527 1275 λόγου
1561 1244 1575 1271 ,
1605 1203 1709 1257 Φεῦ
1738 1205 1826 1275 τῆς

2025 1194 2094 1251 Μ.
2128 1193 2198 1254 At
2224 1196 2332 1262 illa,
2347 1194 2475 1251 dum
2497 1196 2611 1252 haec
2627 1194 2861 1251 dicerem
2889 1197 3189 1270 indignata,
3236 1195 3382 1252 Proh
3426 1214 3516 1255 res

247 1304 481 1368 ἀτοπίας
507 1345 522 1367 ,
544 1302 732 1373 φησὶν,
766 1302 847 1364 είς
874 1294 985 1353 οἷον
1019 1298 1128 1368 (7|)
1170 1297 1536 1367 καταστρέφει
1583 1294 1756 1367 πέρας
1800 1296 1826 1365 ἦ

1943 1290 2269 1360 importuna,
2325 1290 2525 1361 inquit,
2575 1300 2631 1346 et
2672 1290 2941 1346 absurda!
3009 1291 3078 1346 ad
3132 1305 3294 1362 quem
3352 1290 3517 1347 ﬁnem

251 1393 564 1468 μικροφυὴς
593 1392 731 1463 αὕτη
763 1390 857 1445 κα)¹
876 1388 1213 1461 χαμαίζηλος
1238 1405 1303 1442 πε
1313 1391 1365 1459 ρ).
1389 1387 1497 1443 τῶν
1524 1386 1692 1441 ὄντων
1717 1386 1826 1458 κρί-

1943 1382 2203 1453 redigitur
2234 1396 2298 1437 ac
2332 1382 2536 1438 desinit
2587 1381 2771 1453 exigui
2805 1383 3030 1454 ingenii,
3074 1383 3520 1455 pusillanimum-

249 1486 373 1548 σιςί
422 1484 488 1536 Et
522 1482 629 1553 γὰρ
662 1479 925 1553 ἐξῄρηται
973 1478 1067 1533 τοῦ
1102 1479 1255 1543 ὄντος
1294 1478 1439 1533 ἅπαν
1478 1477 1508 1531 ὃ
1556 1476 1633 1549 μὴ
1659 1479 1724 1548 τῇ
1752 1478 1826 1531 αί·

1943 1489 2044 1545 que
2069 1479 2124 1529 et
2148 1472 2422 1543 abiectum
2452 1473 2600 1529 istud
2622 1473 2692 1529 de
2715 1474 2884 1531 rebus
2916 1490 3040 1546 quae
3063 1482 3248 1532 mente
3274 1491 3520 1532 noscun-

249 1576 446 1646 σθήσει
497 1573 824 1645 γνωρίζεται
845 1612 861 1637 ,
893 1571 1001 1625 οὐδ’
1038 1570 1106 1626 ἂν
1147 1570 1320 1641 αὐτὴν
1358 1569 1456 1641 τὴν
1509 1569 1605 1623 τοῦ
1635 1567 1826 1632 παντὸς

1943 1575 2034 1621 tur
2071 1565 2378 1635 judicium!
2413 1564 2551 1619 Nam
2581 1565 2626 1621 si
2654 1580 2720 1621 ex
2760 1581 2944 1621 rerum
2977 1575 3173 1622 natura
3205 1576 3516 1638 exemptum

250 1664 648 1722 ἐπιστατοῦσαν
680 1665 776 1717 καὶ
805 1662 1306 1735 περιδεδραγμένην
1332 1661 1442 1714 τῶν
1471 1661 1641 1715 ὄντων
1672 1659 1826 1713 δύνα-

1943 1668 2023 1714 est
2046 1657 2316 1730 quidquid
2334 1672 2499 1714 sensu
2526 1671 2638 1713 non
2682 1659 3058 1729 cognoscitur,
3093 1674 3162 1715 ne
3193 1660 3370 1730 ipsam
3396 1660 3519 1730 qui-

256 1777 357 1831 μιν
402 1756 687 1828 ὁμολογοίη
722 1754 839 1824 (72)
870 1754 1087 1817 πάντως
1116 1754 1144 1807 ό
1174 1753 1332 1808 τοῦτο
1364 1753 1568 1820 λέγων,
1614 1751 1752 1807 ἀλλὰ
1774 1752 1826 1806 τὲ

1943 1748 2062 1805 dem
2084 1764 2270 1803 rerum
2293 1748 2675 1805 universitatis
2692 1749 2976 1806 rectricem
2998 1760 3163 1821 atque
3181 1751 3514 1821 praefectam,

249 1847 548 1918 ἀσώματόν
582 1864 644 1899 τε
671 1845 768 1900 καὶ
819 1843 993 1907 ἀειδὲς
1021 1842 1151 1913 περ).
1198 1844 1298 1914 τῆς
1331 1842 1481 1908 θείας
1512 1843 1728 1912 φύσεως
1757 1842 1826 1896 δι-

1943 1852 2058 1908 quae
2098 1852 2191 1893 res
2236 1838 2525 1894 universas
2575 1840 2861 1910 complexa
2906 1847 3010 1907 est,
3061 1842 3170 1896 vim
3212 1849 3377 1912 atque
3416 1857 3515 1912 po-

248 1940 471 2010 δαχθεὶς
491 1980 508 2004 ,
549 1939 611 1991 τὺ
650 1937 724 2008 μὴ
752 1931 893 1990 εἶναι
925 1935 1094 2005 αὐτὴν
1146 1934 1285 1999 ὅλως
1329 1936 1394 1988 ὲκ
1434 1933 1532 2003 τῆς
1582 1920 1826 2003 τοιαύτης

1943 1935 2192 1984 testatem
2213 1926 2463 1984 conﬁteri
2486 1944 2718 1999 prorsus
2740 1930 2981 1999 potuerit
3007 1932 3054 1987 is
3086 1931 3180 2002 qui
3215 1932 3318 1987 hoc
3337 1933 3470 1989 dicit
3498 1950 3512 1986 :

245 2032 474 2093 πάντως
505 2030 615 2100 (75)
639 2022 962 2090 ἀκολουθίας
990 2025 1264 2095 λογίζεται
1300 2023 1434 2096 (74).
1465 2025 1530 2079 Ei
1550 2023 1607 2078 δὲ
1640 2024 1826 2078 ἔκείτέ

1943 2018 2031 2073 sed
2065 2017 2160 2072 ubi
2206 2017 2615 2089 incorpoream,
2643 2017 2933 2075 informem
2964 2031 3016 2076 et
3039 2021 3367 2077 invisibilem
3392 2038 3519 2079 esse

243 2122 429 2176 ταῦτα
465 2120 540 2191 μὴ
577 2116 714 2173 εῖναι
747 2119 1061 2191 περιγραφὴ
1078 2117 1189 2187 (75)
1216 2115 1311 2171 τοῦ
1340 2113 1480 2170 εἶναι
1507 2116 1571 2169 ού
1601 2115 1826 2184 γίνεται,

1943 2110 2179 2166 divinam
2213 2113 2492 2182 acceperit
2517 2121 2797 2177 naturaet,
2833 2127 2943 2168 non
2974 2129 3099 2169 esse
3125 2131 3243 2169 eam
3274 2116 3515 2184 penitus,

244 2214 371 2276 πιῖις
428 2215 460 2266 ό
506 2210 848 2282 ἀνθρώπινος
899 2207 1025 2272 νοῦς
1061 2207 1157 2262 τοῦ
1209 2207 1362 2271 ὄντος
1406 2206 1714 2260 ἐκθλίϐεται
1766 2207 1826 2277 τῇ

1943 2217 2003 2258 ex
2050 2202 2368 2273 huiusmodi
2423 2218 2657 2275 prorsus
2705 2207 3102 2276 consequentia
3155 2208 3515 2266 exis1imabit.

243 2302 541 2373 ἀφαιρέσει
561 2301 670 2355 τῶν
704 2300 1032 2370 σωματικῶν
1069 2299 1376 2371 ἰδιωμάτων
1414 2296 1826 2367 συνδαπανώμε-

1943 2294 2037 2350 Sin
2078 2303 2261 2350 autem
2321 2295 2436 2350 illic
2491 2305 2783 2367 propterea
2842 2299 2990 2368 quod
3045 2299 3159 2354 haec
3209 2316 3320 2355 non
3382 2304 3516 2367 sint,

244 2411 342 2456 vo;
361 2410 375 2457 ;
392 2397 532 2452 -Γ,
555 2394 782 2464 Οὐκοῦν,
803 2390 975 2458 εἶπον,
990 2391 1049 2458 ἐξ
1064 2392 1279 2447 ἀτόπων
1292 2389 1403 2462 (76)
1428 2388 1826 2460 μεταλαμϐάνο-

1943 2388 2114 2459 ipsius
2158 2389 2414 2445 essentia:
2450 2390 2793 2460 praescriptio
2842 2397 3007 2461 atque
3051 2397 3355 2463 peremptio
3406 2410 3515 2448 non

249 2500 355 2556 μεν
383 2483 572 2553 ἕτερον
596 2483 797 2538 ἄτοπον
822 2481 911 2535 διὰ
933 2481 1035 2552 τῆς
1067 2479 1386 2544 ἀκολουθίας
1415 2478 1640 2549 ταύτης.
1668 2478 1826 2549 Περί-

1943 2480 2175 2546 exsistit,
2201 2495 2314 2551 quo
2344 2488 2506 2550 pacto
2535 2496 2693 2537 meus
2724 2482 2962 2536 humana
2996 2498 3062 2537 ex
3094 2491 3287 2538 natura
3308 2500 3515 2551 rermn,

244 2590 433 2647 ascita:
463 2572 573 2644 γὰρ
620 2574 651 2625 ό
684 2571 842 2640 λόγος
884 2572 1017 2643 ἡμῖν
1048 2572 1129 2633 είς
1157 2569 1221 2622 τὸ
1246 2569 1442 2624 ταύτὸν
1470 2568 1678 2622 οἴεσθαι
1717 2566 1826 2640 (77)

1943 2576 1998 2623 ut
2036 2585 2158 2640 quae
2190 2586 2299 2625 una
2325 2585 2451 2625 cum
2487 2572 2838 2641 ademptione
2864 2575 3233 2642 corporalium
3266 2580 3516 2647 proprie-

244 2633 321 2736 τῇ
355 2633 684 2735 θείᾳ-φύσει,
710 2633 942 2716 κᾷιήτδῖὶ
971 2661 1099 2716 νοῦν
1127 2662 1219 2716 τὸν
1251 2661 1548 2732 ἡμέτερον,
1575 2633 1737 2731 εἴπερ

1943 2633 2107 2714 latum
2120 2667 2484 2724 consumatur.
2502 2633 2716 2717 eliditur
2727 2671 2888 2734 atque
2900 2633 3518 2740 excluditur?—.G.-Ergo

244 2753 598 2825 ὕπεξαιρέσει
626 2752 736 2806 τῶν
794 2751 915 2806 κατ’
950 2751 1200 2823 αἴσθησιν
1244 2751 1645 2823 εὑρισκομένων
1690 2752 1826 2805 νοεῖς

1943 2762 2000 2803 ex
2049 2746 2312 2815 absurdo,
2367 2746 2616 2817 inquam,
2676 2762 2775 2816 per
2836 2747 2980 2804 hanc
3038 2755 3512 2823 consequentiam,

242 2859 341 2896 ται
378 2843 492 2913 (78)
507 2841 937 2913 ἑκάτερον.-Μ.
958 2844 1047 2912 Μὴ
1060 2841 1255 2899 ταύτόν
1268 2843 1377 2914 (79)
1394 2844 1572 2917 εἴπῃς,
1606 2839 1771 2909 φησὶν
1798 2841 1826 2911 ἡ

1943 2839 2085 2895 ιιιὶυά
2112 2839 2347 2894 invicem
2384 2838 2683 2909 arripimus
2726 2839 3060 2911 absurdum;
3102 2859 3227 2899 nam
3262 2861 3328 2902 eo
3357 2848 3517 2904 nobis

240 2930 569 2994 διδάσκαλος
608 2928 834 3002 (ἀσεόὴς
860 2929 969 3001 γὰρ
1004 2928 1099 2983 καὶ
1126 2921 1281 2994 οὗτος
1313 2930 1342 2981 ὁ
1367 2929 1583 2998 λόγος),
1617 2929 1732 2984 ἀλλ’
1759 2930 1826 2994 ὡς

1943 2930 2118 2985 oratio
2163 2928 2390 2984 redacta
2445 2936 2553 2995 est,
2608 2938 2670 2984 ut
2714 2938 2958 2987 nostram
2999 2949 3218 3006 quoque
3274 2947 3513 2995 mentem

239 3024 539 3096 ἐδιδάχθης
562 3023 716 3095 παρὰ
741 3023 843 3089 τῆς
866 3021 1018 3085 θείας
1048 3022 1274 3094 Γραφῆς
1313 3021 1463 3092 (80),
1497 3023 1681 3093 ὅμοιον
1712 3022 1826 3075 εἰπὲ

1943 3020 2183 3076 eamdem
2245 3035 2359 3076 rem
2407 3036 2531 3077 esse
2576 3036 2702 3075 cum
2748 3023 2932 3078 divina
2984 3033 3181 3081 natura
3234 3036 3511 3099 putemus,

241 3117 412 3172 τοῦτο
440 3117 654 3187 ἐκείνῳ.
682 3114 757 3168 Τὸ
786 3114 897 3186 γὰρ
930 3115 1051 3167 κατ’
1079 3114 1264 3168 εἰκόνα
1294 3114 1405 3185 (8i)
1435 3113 1726 3185 γενόμενον
1749 3113 1826 3167 διὰ

1943 3112 2211 3182 siquidem
2238 3112 2614 3168 subtractione
2634 3127 2823 3168 eorum
2854 3130 2976 3186 quae
3002 3131 3168 3173 sensu
3205 3118 3513 3190 deprehen-

242 3210 475 3264 πάντων
523 3209 635 3279 ἔχει
684 3208 903 3271 πάντως
951 3206 1052 3275 τὴν
1098 3206 1234 3278 πρὸς
1283 3205 1345 3259 τὸ
1392 3205 1698 3277 ἀρχέτυπον
1725 3205 1826 3276 (82]

1943 3200 2166 3265 duntur,
2187 3197 2500 3271 intelligitur
2535 3203 3235 3276 utrumque.—M.Neidem
3247 3208 3412 3270 dicas,
3433 3210 3517 3263 in-

242 3300 550 3373 ὁμοιότητα
575 3338 591 3362 ,
645 3298 837 3370 νοερὰν
865 3297 960 3351 τοῦ
983 3296 1171 3365 νοεροῦ
1195 3336 1209 3360 ,
1257 3296 1353 3350 καὶ
1393 3295 1488 3349 τοῦ
1543 3295 1826 3367 ἀσωμάτου

1943 3289 2058 3360 quit
2089 3290 2347 3361 magistra
2374 3290 2568 3361 (impia
2594 3292 2739 3346 enim
2778 3293 2893 3361 hac
2923 3309 3142 3366 quoque
3172 3298 3352 3352 oratio
3383 3300 3514 3370 est),

89 5097 135 5504 ἱ

174 5556 185 5575 ι

194 5844 204 5855 ιι

102 5878 237 6052 ιγ

242 3387 568 3457 ἀσώματον,
608 3386 775 3453 ὄγκου
804 3403 865 3438 τε
893 3386 1094 3449 παντὸς
1123 3384 1233 3455 (85)
1271 3384 1686 3457 ἀπηλλαγμένον
1726 3384 1836 3438 ὦσ-

241 3494 361 3549 περ
384 3478 568 3529 ἐκεῖνο
587 3516 603 3541 ,
634 3475 729 3530 καὶ
751 3477 931 3530 πᾶσαν
956 3474 1225 3544 ὲκφεῢγον
1247 3473 1337 3529 διά
1364 3475 1701 3548 σημαντικὴν
1723 3474 1834 3546 (84)

242 3567 669 3639 καταμέτρησιν
729 3567 930 3638 ὁμοίως
990 3565 1184 3636 ἐκείνῳ
1219 3582 1235 3597 ·
1286 3566 1413 3622 ἄλλο
1474 3567 1532 3621 δέ
1595 3584 1649 3621 τι
1703 3568 1834 3638 παρ’

241 3661 432 3714 έκεῖνο
464 3660 608 3713 κατὰ
657 3660 757 3729 τὴν
788 3663 888 3729 τῆς
937 3661 1154 3729 φύσεως
1194 3658 1448 3729 ἰδιότητα.
1483 3659 1680 3713 Οὐκέτι
1725 3657 1834 3729 γὰρ

241 3749 315 3804 ἂν
334 3747 420 3819 εἴη
435 3747 620 3813 εἰκὼν,
635 3746 685 3800 εί
704 3748 895 3824 ἐκείνῳ
914 3752 1365 3821 δι’ἁπάντων(85)
1382 3752 1466 3823 είη
1478 3752 1672 3809 ταύτὸν
1698 3748 1832 3821 (86),

238 3839 365 3894 ἀλλ’
388 3841 450 3891 ὲν
478 3835 560 3900 οἷς
592 3840 652 3891 ἐν
698 3840 765 3909 τῇ
801 3839 1043 3910 άκτίστῳ
1090 3836 1249 3909 φύσει
1305 3839 1603 3910 καθορᾶται
1634 3841 1831 3905 ἐκεῖνο,

240 3932 305 3984 ὲν
350 3932 469 3993 τοῖς
500 3930 684 3992 αὐτοῖς
720 3932 753 3999 ῂ
800 3930 994 4002 κτιστὴ
1032 3929 1194 3999 φύσις
1228 3930 1467 3984 δείκνυσι
1506 3929 1692 3984 τοῦτο’
1738 3931 1834 3984 καὶ

238 4019 441 4090 ὥσπερ
470 4019 729 4083 πολλάκις
745 4021 803 4073 ὲν
835 4020 1017 4092 μικρῷ
1045 4021 1298 4092 ψήγματι
1324 4020 1507 4095 ὑελίνῃ
1538 4019 1676 4091 (8ης
1704 4021 1833 4074 ὅταν

237 4112 385 4184 τύχῃ
410 4112 552 4182 πρὸς
579 4113 775 4167 ἀκτῖνα
799 4113 1072 4183 κείμενον,
1102 4114 1222 4177 ὅλος
1250 4113 1502 4185 ἐνορᾶται
1544 4112 1641 4166 τοῦ
1680 4112 1831 4184 ἡλίου

237 4203 270 4257 ό
304 4203 513 4267 κύκλος
541 4242 557 4267 ,
588 4203 649 4256 οὐ
675 4203 817 4257 κατὰ
844 4204 905 4257 τὸ
948 4205 1077 4259 ῐδιον
1132 4202 1363 4276 μέγεθος
1389 4202 1538 4274 αὐτῷ
1569 4204 1830 4273 ἐμφαινό-

241 4310 411 4363 μενος
433 4335 448 4355 ,
496 4292 614 4344 ἀλλ’
639 4291 715 4355 ὡς
764 4295 931 4364 χωρεῖ
959 4293 1235 4366 βραχύτης
1266 4291 1378 4365 (88)
1419 4292 1515 4346 τοῦ
1543 4294 1831 4364 ψήγματος
1870 4314 1873 4315 ν

1940 3382 2037 3438 sed
2068 3382 2533 3452 quemadmodum
2557 3398 2587 3437 a
2618 3384 2806 3439 divina
2833 3402 2968 3441 voce
2999 3388 3198 3446 doctus
3224 3405 3305 3455 es,
3339 3391 3519 3449 simile
3556 3386 3559 3391 ’

1936 3486 2063 3529 esse
2105 3472 2211 3528 hoc
2257 3473 2334 3528 illi
2367 3473 2479 3528 dic.
2521 3473 2657 3528 Nam
2691 3477 2836 3545 quod
2887 3480 3190 3534 secundum
3226 3481 3515 3551 imaginem

1938 3562 2143 3619 factum
2191 3572 2299 3626 est,
2352 3578 2448 3633 per
2494 3567 2678 3620 omnia
2729 3568 2948 3637 penitus
2989 3571 3309 3641 principalis
3338 3588 3518 3628 exem-

1936 3654 2104 3725 plaris
2146 3662 2311 3725 atque
2358 3653 2549 3711 formae
2597 3657 3014 3715 similitudinem
3072 3660 3266 3731 habet;
3313 3664 3519 3721 intelle-

1933 3745 2193 3809 ctualem,
2225 3745 2348 3816 ejus
2376 3747 2521 3817 quod
2557 3754 2643 3804 est
2676 3749 3080 3819 intellectuale;
3109 3751 3514 3824 incorpoream,

1936 3835 2277 3906 incorporei;
2324 3844 2489 3907 atque
2532 3838 2602 3893 ab
2632 3843 2780 3894 omni
2811 3842 2954 3898 mole
2982 3858 3245 3913 corporea
3286 3846 3515 3903 liberum

1935 3936 2018 3982 est
2035 3927 2245 3993 itidem,
2264 3937 2325 3983 ut
2349 3929 2519 3995 illud;
2546 3938 2600 3985 et
2622 3946 2839 3987 omnem
2871 3934 3271 3992 intervallarem
3302 3937 3517 3994 dimen-

1935 4018 2146 4074 sionem
2176 4019 2364 4093 eiiuglt
2401 4022 2653 4078 similiter
2684 4034 2846 4094 atque
2868 4026 3001 4080 illud
3037 4046 3049 4081 :
3076 4027 3170 4083 sed
3197 4039 3285 4085 est
3312 4030 3516 4101 aliquid

1935 4110 2084 4165 aliud
2118 4122 2282 4183 atque
2313 4113 2446 4168 illud
2480 4114 2624 4184 quod
2656 4118 2724 4171 ad
2749 4127 2958 4173 natam
2980 4121 3177 4176 attinet
3207 4123 3515 4193 proprieta-

1934 4210 2065 4258 tem.
2086 4202 2207 4258 Non
2229 4205 2376 4261 enim
2406 4208 2643 4277 amplius
2673 4208 2854 4280 imago
2888 4209 3073 4277 fuerit,
3107 4213 3154 4268 si
3189 4229 3284 4283 per
3306 4217 3513 4283 omnia,

1935 4311 2031 4366 per
2060 4296 2504 4365 intellectualem,
2524 4301 2925 4373 incorpoream,
2952 4304 3219 4360 intervalli
3237 4318 3514 4378 expertem
3584 4338 3593 4351 ι

236 4379 339 4434 τοῦ
381 4377 592 4432 κύκλου
641 4379 742 4450 τὴν
797 4379 1034 4450 ἔμφασιν
1061 4398 1076 4414 ο
1128 4382 1302 4446 οὕτως
1332 4383 1392 4435 ὲν
1438 4385 1503 4454 τῇ
1538 4383 1826 4455 βραχύτητι

1943 4395 2189 4443 naturam
2210 4388 2349 4445 idem
2377 4405 2502 4446 cum
2524 4392 2616 4446 illo
2634 4395 2910 4459 esset,sed
2938 4412 3036 4467 per
3064 4413 3186 4467 qua:
3216 4398 3270 4453 in
3309 4376 3515 4454 natura

234 4471 345 4540 τῆς
378 4470 660 4542 ἡμετέρας
717 4471 932 4541 φύσεως
983 4473 1091 4527 τῶν
1140 4475 1434 4546 ἀφράστων
1477 4476 1701 4531 ἐκείνων
1729 4477 1829 4548 τῆς

150 4572 159 4577 ·
236 4562 504 4632 θεότητος
546 4563 853 4634 ἰδιωμάτων
899 4565 959 4618 αἱ
1009 4566 1216 4631 είκόνες
1245 4566 1616 4637 ἐκλάμπουσιν
1642 4610 1657 4633 ,
1688 4566 1829 4622 ὥστε

228 4654 328 4710 διὰ
355 4654 571 4708 τούτων
600 4656 691 4709 τὸν
718 4656 874 4724 λόγον
919 4658 1426 4730 χειραγωγούμενον
1445 4698 1461 4726 ,
1516 4662 1654 4732 μήτε
1690 4663 1827 4715 ἀπο-

230 4925 248 4938 .
305 4853 432 4923 (69)
483 4855 869 4936 θιγγάνωμεν.
914 4857 969 4912 In
995 4865 1146 4938 textu
1178 4860 1220 4938 a
1268 4859 1490 4938 additur
1523 4859 1828 4938 ᾁπτόμεθα,

90 4954 99 5003 ἓ
164 5000 167 5003 _
228 4925 293 4982 in
317 4925 583 5003 margine
614 4925 748 4980 vero
761 4939 1063 5003 planetur_:
1095 4930 1284 5003 ᾼείπει
1306 4930 1373 5003 τὸ
1398 4925 1702 5001 ἁπτόμεθα.

334 4995 430 5065 79)
453 4995 714 5065 Λέτηζαι
746 4996 841 5050 ἄν.
871 5000 915 5050 Α
940 4998 1053 5052 etB
1077 4999 1259 5054 delent
1297 4999 1381 5053 ἄν.

200 5094 205 5105 -
263 5135 280 5142 _
307 5061 429 5142 (η)
454 5061 561 5131 Εἰς
589 5061 743 5138 οἷοη,
769 5067 813 5120 Δ
860 5068 915 5121 in
959 5077 1110 5124 textu
1148 5070 1228 5133 είς
1265 5071 1346 5136 ὄν,
1382 5071 1478 5127 sed
1504 5071 1557 5125 in
1585 5069 1831 5142 margine

164 5176 175 5183 .
230 5131 323 5200 είς
352 5131 494 5189 οἷον.
712 5131 743 5138 ⁷
1209 5131 1220 5133 ⁷

310 5206 432 5281 (Ξὲ.)
481 5205 851 5281 Ῥμολοιυζηο
890 5207 1265 5281 Δμὸμολογειηο

307 5276 434 5346 (73)
473 5276 724 5346 Πάντως
754 5278 897 5333 delet
923 5278 985 5333 B.

180 5368 213 5453 ιθ
229 5344 777 5475 angisgéosﬂfe‘tat.
806 5349 854 5403 Δ
880 5348 1179 5419 λογίσεται,
1202 5352 1347 5421 quod
1382 5360 1437 5408 et
1464 5352 1629 5411 habet
1658 5353 1826 5410 editio

196 5508 211 5573 ·.
300 5489 424 5573 lZél
454 5489 819 5573 ᾶεριῖρφφή-
841 5491 1283 5573 Ακπειρσξτραφήο

302 5558 424 5631 (ἒξ)
460 5558 560 5631 Ἐξ
585 5558 845 5615 ἀτόπων.
885 5562 926 5615 Β
956 5558 1018 5626 ἐξ
1048 5558 1274 5615 ἀτόπου.

200 5620 213 5683 ἓ
302 5620 425 5703 (ῃ)
455 5620 726 5703 ρζέτζθαι.
748 5632 807 5703 AA,
829 5620 1157 5703 in_margine
1180 5632 1436 5689 νοεῖσθαι.

160 5704 211 5749 ι³
301 5699 400 5769 (78
461 5698 704 5753 Νοεῑται
728 5701 866 5755 delet
890 5701 949 5755 Β,

160 5796 173 5843 ί
204 5778 229 5843 ὗε
300 5702 424 5843 (79)
451 5770 554 5837 Μὴ
590 5772 830 5826 ταύτόν.
850 5772 949 5824 ’Δλί

194 5778 229 5859 ἑ
300 5769 424 5843 (79)
451 5770 554 5837 Μὴ
590 5772 830 5826 ταύτόν.
850 5772 986 5824 Ἀλλ’
1014 5773 1047 5843 ἦ
1081 5773 1278 5827 ταύτὸν
1311 5774 1490 5846 εἴπῃς.

567 5865 844 5926 Parnm.
905 5868 1021 5930 Gn.
1057 5868 1269 5931 XLVI.

1935 4495 2044 4535 non
2059 4489 2242 4537 creata
2262 4482 2392 4537 illud
2418 4485 2767 4555 perspicitur,
2793 4502 2888 4557 per
2910 4488 3101 4543 eadem
3120 4498 3309 4544 natura
3332 4498 3515 4545 creata

1937 4572 2042 4627 hoc
2057 4574 2329 4641 ostendit;
2358 4583 2411 4630 et
2435 4577 2894 4645 quemadmodum
2915 4579 2968 4632 in
2990 4595 3159 4649 parvo
3177 4596 3319 4651 smpe
3339 4583 3515 4636 frusto

1936 4664 2086 4729 vitri,
2134 4680 2260 4720 cum
2291 4666 2357 4719 ad
2402 4666 2615 4721 radium
2654 4670 2968 4740 expositum
2997 4671 3166 4738 jacet,
3205 4682 3352 4728 tctus
3381 4674 3513 4729 solis

1946 4869 1955 4879 ‘
2158 4864 2427 4940 Γριιερῆς.
2462 4867 2580 4940 ΑΔΒ
2606 4870 2805 4940 φωνῆς.

2011 4935 2123 5006 (81)
2157 4936 2228 4990 Τὸ
2265 4936 2376 5005 γὰρ
2408 4937 2534 4990 κατ’
2571 4935 2795 4994 εὶκόνὶι.
2838 4939 2895 4994 1η
2924 4941 3072 4994 calce
3097 4940 3305 4995 codicis
3328 4941 3371 4994 Α
3400 4942 3514 4997 haec

1938 5005 2551 5082 ita'explicattturCO‘r‘t
2580 5011 2764 5082 ὅμοιος
2799 5009 2898 5080 μέν
2922 5011 3038 5063 ἐστι
3064 5009 3140 5080 τῷ
3158 5010 3276 5081 Θεῷ
3309 5013 3338 5064 ὁ
3366 5012 3511 5082 ἡμέ-

1939 5091 2114 5149 τερος
2132 5075 2291 5149 νούς.
2306 5077 2486 5149 οὐκέτι
2511 5078 2566 5132 δὲ
2588 5075 2890 5149 ὁμοούσίος.

2162 5145 2232 5221 Τὸ
2261 5147 2461 5216 ἀρχέτ.
2494 5150 2539 5200 Α
2573 5145 2665 5203 τόν
2698 5150 3022 5221 ἀρχέτυπον.

2013 5168 2125 5215 (δῖ)
2163 5168 2232 5199 10
2261 5168 2461 5216 αρχετ.
2494 5168 2539 5200 Α
2573 5168 2665 5203 τον
2698 5168 2768 5221 αρ
2808 5168 3022 5203 ετυπον.

1932 5216 2381 5340 Μὲξῗὲζὲἕου
2405 5234 2469 5272 τε
2492 5222 2740 5286 παντός.
2758 5168 2977 5288 ἔόγκου
3001 5220 3217 5284 πάντως
3240 5218 3369 5294 [sic]
3389 5231 3443 5279 ει
3467 5224 3513 5276 Α

1973 5300 2096 5340 abet
2125 5300 2313 5341 ογκου.

2027 5303 2671 5435 ἓξὲξ)Ἣίῗιξῖιέίημαειν·τικτζνἱ
2766 5365 2819 5414 ct
2903 5359 3091 5433 διαστη
3100 5363 3353 5435 ματικήν.

2027 5427 2119 5493 85)
2143 5428 2221 5480 At‘
2243 5428 2543 5483 ἁπάντων.
2580 5429 2619 5482 Β
2649 5430 2737 5483 διὰ
2780 5430 3015 5484 πάντων.

1999 5496 2512 5578 (86)_’Exsb_~qi_._ln
2658 5501 2900 5566 additur,
2958 5503 3016 5555 ἐν
3074 5502 3153 5574 τῷ
3204 5505 3376 5578 νοερῷ
3415 5505 3511 5561 καὶ

1932 5566 2216 5642 detegitur
2242 5569 2337 5642 καὶ
2367 5568 2692 5642 άδιαστάτῳ.

2159 5638 2415 5713 Talin).
2448 5643 2495 5693 A
2526 5640 2568 5713 _B
2595 5637 2808 5713 ὑελίνῳ.

2011 5706 2124 5778 (88)
2156 5706 2487 5779 Βραχύτης.
2524 5711 2618 5784 Br)
2661 5706 2951 5786 βραχύτης.
