3950 6132
450 319 528 375 I3
1680 318 1743 374 ὃ.
1785 316 2107 374 GREGORII
2147 316 2439 374 NYSSENI
3640 325 3701 380 ὁὸ

456 436 610 493 orbis
652 436 1014 507 conspicitur,
1051 452 1161 493 non
1196 451 1294 507 pro
1330 451 1430 491 sua
1462 437 1844 507 magnitudine
1883 438 1936 493 in
1965 454 2026 494 eo

2132 439 2350 495 πίπτειν
2387 443 2486 511 τῆς
2516 441 2657 495 κατά
2701 442 2800 512 τὴν
2835 442 3023 497 οὐσίαν
3056 443 3149 497 τοῦ
3180 442 3273 496 νοῦ
3321 443 3698 515 καταλήψεως,

459 540 752 595 apparens,
795 527 890 581 sed
936 535 1097 597 prout
1145 526 1382 581 brevitas
1428 524 1590 580 frusti
1622 526 1815 580 circuli
1855 529 2026 581 simu-

2134 531 2641 602 ἀποκαθαιρομένης
2676 535 2733 586 ὲν
2760 535 2824 604 τῇ
2853 533 3095 600 ἐξετάσει
3128 534 3220 587 τοῦ
3254 535 3564 605 σκέμματος
3601 538 3698 605 τῆς

461 617 669 672 lacrum
708 626 874 688 atque
904 618 1444 691 reprmsemationcm
1480 617 1627 686 capit
1659 624 1711 671 et
1752 617 2026 673 admittit:

2136 623 2450 692 σωματικῆς
2484 622 2741 694 ἰδιότητος
2765 640 2780 655 ο
2836 624 2956 695 μηδ’
2994 621 3060 678 αὖ
3110 625 3268 678 πάλιν
3316 627 3394 689 είς
3438 619 3555 678 ἴσον
3588 626 3697 697 (89)

457 710 542 765 sic
598 710 653 764 in
703 712 1003 782 exiguitate
1052 720 1253 764 nostra:
1297 715 1508 762 natura:
1563 707 2025 777 inexplicabilium

2131 709 2283 778 ἄγειν
2315 713 2381 782 τῇ
2413 711 2647 782 ἀορίστῳ
2679 730 2737 765 τε
2766 713 2877 784 (90)
2928 715 3021 768 καὶ
3074 716 3334 786 ἀκηράτῳ
3363 715 3521 785 φύσει
3551 756 3566 782 ,
3605 717 3702 789 τὴν

456 802 676 856 illarum
709 802 931 858 deitatis
957 801 1351 871 proprietatum
1390 796 1655 867 imagines
1692 797 1928 862 elucent,
1966 806 2026 852 ut

2134 801 2336 872 μικρὰν
2380 803 2475 855 καὶ
2520 804 2782 875 ἐπίκηρον
2808 821 2821 833 ·
2856 805 2991 859 ἀλλὰ
3018 806 3211 878 νοητὴν
3248 809 3344 877 μὲν
3374 808 3578 861 οἷεσθαι
3605 809 3702 878 τὴν

444 909 557 962 ,ρετ
606 894 720 950 haec
769 909 926 947 manu
973 891 1129 960 quasi
1184 889 1344 945 ducta
1395 889 1539 942 ratio
1589 902 1764 957 neque
1811 888 2026 943 excidat

2130 893 2317 945 οὐσίαν
2340 909 2352 921 ⁸
2383 894 2566 965 ἐπειδὴ
2598 895 2691 947 καὶ
2740 896 2935 966 νοητῆς
2982 896 3170 961 οὐσίας
3214 897 3361 951 ἐστὶν
3394 897 3556 951 εἰκὼν
3581 940 3595 965 ,
3628 900 3701 971 μὴ

456 994 514 1040 ει
557 986 773 1041 aberret
809 986 878 1039 ab
912 992 1120 1038 natura:
1159 982 1355 1037 mentis
1395 979 1824 1050 dcprehensione
1864 989 2026 1051 atque

2133 981 2312 1052 μέντοι
2345 984 2442 1054 τὴν
2469 985 2635 1056 αὐτὴν
2667 987 2742 1056 τῷ
2768 986 3062 1057 ἀρχετύπῳ
3089 988 3188 1059 τὴν
3221 988 3405 1042 εἰκόνα
3429 987 3630 1057 λέγειν.

458 1076 789 1145 cognitione,
809 1076 852 1130 si
879 1076 932 1128 in
964 1073 1367 1129 examinatione
1392 1072 1710 1142 quaestionis
1744 1075 2042 1143 corporalis
2068 1076 2371 1145 proprietas
2402 1088 2731 1134 excernatur
2765 1090 2818 1135 et
2850 1080 3160 1151 rejieiatur;
3200 1095 3374 1150 neque
3406 1097 3599 1138 rursus
3632 1097 3698 1137 ex

459 1167 677 1223 diverso
704 1166 945 1222 eamdem
975 1180 1097 1220 cum
1134 1164 1395 1220 invisibili
1429 1165 1591 1220 simul
1624 1172 1678 1219 et
1704 1165 1996 1220 immortali
2027 1176 2219 1221 natura
2253 1183 2475 1237 parvam
2515 1172 2906 1241 mortalemque
2939 1183 3189 1227 naturam
3229 1188 3351 1229 esse
3389 1172 3574 1238 ducat,
3603 1173 3699 1230 sed

456 1261 668 1314 ratione
709 1269 764 1314 et
801 1258 1158 1328 intelligentia
1204 1258 1422 1328 quidem
1456 1259 1610 1313 cerni
1651 1266 1901 1311 naturam
1940 1258 2060 1329 ejus
2092 1260 2369 1316 existimet
2402 1281 2414 1316 :
2445 1264 2703 1333 quoniam
2737 1265 2901 1319 etiam
2955 1274 3135 1319 mente
3179 1264 3699 1335 comprehensibilis

462 1360 671 1403 natura:
709 1347 886 1418 imago
914 1358 1017 1411 est,
1056 1364 1161 1403 non
1194 1357 1373 1402 tamen
1411 1349 1655 1403 eamdem
1695 1364 1826 1403 cum.
1850 1350 2139 1422 principali
2179 1360 2232 1408 et
2269 1352 2522 1424 originali
2552 1353 2725 1408 forma
2764 1355 3051 1425 imaginem
3087 1370 3211 1411 esse
3248 1353 3413 1409 dicat.

528 1483 600 1538 Ut
634 1481 800 1550 igitur
824 1494 920 1550 per
952 1492 1207 1532 arcanam
1227 1486 1284 1532 et
1314 1476 1642 1533 ineffabilem
1677 1477 1769 1534 Dei
1807 1480 2027 1548 sapien-

452 1577 585 1630 tiam
636 1587 755 1642 qua:
798 1572 851 1625 in
886 1569 1241 1625 universitate
1281 1584 1464 1624 rerum
1506 1580 1750 1639 apparet,
1783 1569 2022 1624 divinam

2204 1482 2412 1553 Ὥσπερ
2443 1478 2537 1536 οὖν
2578 1483 2668 1537 διὰ
2709 1486 2809 1555 τῆς
2852 1485 3162 1555 ἀπορρήτου
3211 1484 3400 1553 σοφίας
3443 1485 3536 1538 τοῦ
3563 1486 3699 1541 Θεοῦ

2127 1571 2228 1640 τῆς
2253 1572 2331 1642 τῷ
2360 1573 2522 1627 παντὶ
2549 1574 2953 1647 ἐμφαινομένης
2995 1576 3094 1647 τὴν
3140 1575 3286 1630 θείαν
3314 1576 3473 1646 φύσιν
3502 1595 3565 1631 τε
3604 1581 3701 1633 καὶ

456 1676 709 1721 naturam
746 1665 951 1732 pariter
985 1675 1048 1715 ac
1079 1666 1401 1729 potestatem
1452 1660 1509 1714 in
1554 1662 1719 1716 rebus
1750 1661 2025 1718 universis

2128 1656 2353 1727 δύναμιν
2388 1661 2445 1713 έν
2474 1663 2607 1714 πᾶσι
2639 1663 2750 1726 τοῖς
2776 1658 2925 1716 οὖσιν
2954 1657 3100 1717 εἶναι’
3136 1665 3236 1717 οὐκ
3264 1664 3698 1738 ἀμφιϐάλλομεν,

451 1771 577 1813 esse
629 1770 738 1808 non
782 1752 1114 1815 dubitamus,
1166 1758 1225 1804 ut
1278 1750 1333 1804 in
1379 1764 1479 1805 sua
1531 1750 1715 1804 omnia
1772 1759 2028 1806 maneant

452 1849 691 1905 essentia
717 1844 1050 1916 (quanquam
1076 1842 1121 1897 si
1154 1842 1279 1911 quis
1310 1849 1521 1896 natura:
1543 1842 1812 1897 rationem
1847 1842 2027 1913 exigat

444 1947 508 1994 et
558 1937 829 2006 exquirat,
897 1935 1055 2003 longe
1109 1932 1407 2003 plurimum
1464 1942 1660 1987 natura
1713 1931 1812 1987 Dei
1860 1932 2029 1988 distat

455 2042 617 2103 atque
658 2030 871 2084 diversa
924 2034 1008 2082 est
1060 2040 1090 2078 a
1151 2024 1524 2095 singularibus
1573 2025 1740 2081 rebus
1794 2040 1918 2094 quae
1970 2024 2024 2079 in

452 2131 704 2179 creatura
749 2130 804 2175 et
834 2115 1201 2174 ostenduntur
1232 2127 1288 2170 et
1317 2116 1702 2186 intelliguntur
1733 2134 1747 2172 :
1787 2122 2027 2171 attamen

454 2216 509 2269 in
559 2214 645 2268 liis
688 2225 810 2267 esse
862 2216 1078 2264 constat
1122 2207 1176 2262 id
1221 2206 1371 2276 quod
1417 2217 1611 2259 natura
1652 2206 1822 2261 distat
1864 2215 2028 2276 atque

453 2306 728 2360 diversum
751 2301 879 2371 est),
905 2300 979 2354 ita
1011 2298 1157 2352 nullo
1188 2297 1349 2351 modo
1373 2295 1693 2351 incredibile
1718 2303 1802 2352 est
1832 2297 2027 2351 animae

452 2412 670 2469 quoque
726 2402 978 2448 naturam
1025 2406 1149 2461 qua:
1191 2404 1288 2459 per
1339 2403 1462 2444 sese
1504 2388 1705 2458 aliquid
1750 2388 1899 2443 aliud
1943 2399 2026 2445 est

453 2488 837 2559 (quodcunque
900 2482 1118 2537 tandem
1171 2479 1339 2534 etiam
1390 2492 1512 2533 esse
1567 2476 1849 2548 putatur),
1913 2494 2023 2533 non

446 2577 705 2649 impediri
747 2577 881 2646 quin
922 2575 1015 2639 sit,
1056 2570 1273 2627 etiamsi
1304 2585 1367 2624 ea
1413 2584 1535 2639 quae
1573 2570 1629 2625 in
1670 2571 1875 2625 mundo
1904 2579 2025 2626 tan-

452 2684 617 2741 quam
651 2668 921 2723 elementa
961 2661 1402 2724 considerantur,
1434 2662 1506 2725 ei,
1544 2661 1758 2716 ratione
1793 2671 2021 2727 natum,

457 2775 565 2813 non
618 2755 991 2810 conveniant:
1040 2749 1499 2820 quemadmodum
1538 2750 1685 2804 enim
1735 2749 1848 2819 jam
1900 2759 2026 2806 ante

453 2850 659 2904 dictum
703 2854 805 2907 est,
840 2858 940 2898 nec
976 2842 1030 2896 in
1077 2840 1389 2895 viventibus
1427 2840 1645 2909 quidem
1675 2840 2022 2911 corporibus,

446 2952 683 3012 quorum
732 2944 927 2990 natura
977 2939 1193 2988 constat
1237 2946 1304 2986 ex
1340 2931 1731 2985 elementorum
1782 2939 2026 2988 contem-

2125 1747 2200 1811 ὡς
2227 1748 2293 1803 ἂν
2325 1751 2383 1803 ὲν
2402 1750 2478 1821 τῷ
2503 1747 2640 1805 εἶναι
2666 1755 2733 1807 τὰ
2762 1753 2938 1808 πάντα
2974 1754 3157 1825 μένοι·
3191 1754 3281 1809 καί
3307 1755 3387 1807 τοί
3421 1773 3486 1824 γε
3513 1758 3561 1809 εί
3584 1758 3698 1829 (91)

2125 1838 2215 1894 τὸν
2237 1840 2337 1910 τῆς
2360 1841 2574 1910 φύσεως
2593 1842 2706 1913 (92)
2724 1842 3009 1915 ἀπαιτοίης
3029 1844 3206 1912 λόγον,
3228 1845 3699 1919 παμπλήθως(95)

2125 1929 2318 1999 ἀπέχει
2346 1931 2503 1984 οὐσία
2541 1932 2675 1985 Θεοῦ
2711 1933 2846 2005 πρὸς
2880 1933 2946 1987 τὰ
2983 1934 3106 1988 καθ’
3131 1935 3359 1989 ἕκαστον
3391 1937 3447 1989 ὲν
3476 1938 3541 2007 τῇ
3582 1937 3703 1991 κτί-

2127 2036 2209 2072 σει
2233 2020 2558 2093 δεικνύμενά
2591 2039 2651 2076 τε
2697 2025 2793 2077 καὶ
2818 2023 3082 2094 νοούμενα
3103 2041 3118 2055 ⁹
3147 2025 3261 2079 ἀλλ’
3296 2026 3443 2098 ὅμως
3478 2027 3539 2082 έν
3572 2028 3702 2081 τού-

2125 2127 2235 2175 τοις
2265 2107 2405 2166 εἶναι
2429 2112 2490 2166 τὸ
2520 2112 2727 2178 διεστὸς
2758 2113 2872 2186 (94)
2918 2115 3058 2170 κατὰ
3084 2117 3182 2187 τὴν
3212 2116 3371 2185 φύσιν
3414 2117 3701 2189 ὁμολογεῖ-

2124 2218 2213 2254 ται
2229 2218 2243 2232 ’
2273 2201 2444 2267 οὕτως
2472 2204 2623 2257 οὐδὲν
2647 2204 2875 2259 ἄπιστον
2904 2206 2997 2260 καὶ
3022 2206 3120 2277 τὴν
3164 2207 3261 2278 τῆς
3287 2207 3464 2278 ψυχῆς
3484 2208 3698 2274 οὐσίαν,

2124 2294 2251 2348 ἀλλο
2281 2313 2335 2348 τι
2357 2295 2475 2350 καθ’
2508 2297 2704 2368 ἑαυτὴν
2731 2293 2915 2363 οὖσαν,
2953 2300 2982 2352 ὃ
3031 2301 3082 2353 τί
3109 2318 3234 2354 ποτε
3268 2303 3360 2356 καὶ
3382 2299 3522 2358 εἶναι
3542 2305 3698 2359 εἰκά-

2124 2385 2306 2453 ζεται,
2361 2387 2436 2459 μὴ
2470 2388 2854 2457 ἐμποδίζεσθαι
2902 2390 3037 2460 πρὸς
3090 2391 3151 2444 τὸ
3202 2387 3340 2446 εἶναι
3364 2432 3380 2457 ,
3414 2394 3522 2448 τῶν
3553 2412 3704 2450 στοι-

2124 2477 2358 2544 χειωδῶς
2392 2478 2451 2531 ὲν
2474 2477 2552 2546 τῷ
2582 2479 2769 2551 κόσμῳ
2790 2479 3173 2553 θεωρουμένων
3204 2484 3263 2537 οὐ
3293 2485 3704 2554 συμϐαινόντων

2124 2568 2261 2639 αὐτῇ
2296 2568 2435 2623 κατά
2460 2569 2549 2622 τὸν
2580 2570 2733 2639 λόγον
2760 2572 2857 2641 τῆς
2887 2572 3101 2642 φύσεως
3122 2589 3136 2603 ⁸
3181 2576 3302 2629 οὐδὲ
3330 2576 3441 2648 (95)
3468 2578 3560 2631 ἐπὶ
3584 2579 3701 2633 τῶν

2124 2656 2339 2720 ζώντων
2384 2660 2689 2731 σωμάτων,
2730 2663 2910 2728 καθὼς
2966 2665 3065 2735 ἤδη
3114 2667 3473 2738 προείρηται,
3519 2663 3601 2734 οἷς
3656 2674 3696 2742 ἡ

2126 2745 2417 2810 ὑπόστασις
2462 2748 2525 2799 ὲκ
2567 2749 2665 2818 τῆς
2692 2749 2800 2803 τῶν
2834 2754 3114 2823 στοιχείων
3148 2756 3266 2808 ἐστὶ
3319 2759 3700 2829 συγκράσεως,

2124 2836 2375 2891 κοινωνία
2402 2854 2483 2900 τις
2513 2837 2654 2891 κατά
2678 2839 2767 2892 τὸν
2794 2842 2890 2912 τῆς
2903 2841 3086 2905 οὐσίας
3109 2842 3265 2911 λόγον
3296 2845 3410 2898 ἐστὶ
3433 2847 3511 2917 τῷ
3537 2848 3705 2920 ἁπλῷ

2124 2945 2182 2981 τε
2208 2929 2301 2983 καὶ
2339 2930 2508 2982 ἀειδεί
2534 2934 2630 2999 τῆς
2660 2932 2837 3003 ψυχῆς
2867 2934 3001 3005 πρὸς
3046 2935 3144 3004 τὴν
3175 2937 3489 3009 σωματικὴν
3516 2956 3701 3012 παχυα-

451 3030 756 3104 perationc,
802 3025 1035 3096 simplici
1070 3026 1273 3094 pariter
1306 3030 1360 3077 et
1394 3021 1619 3076 informi
1654 3022 2023 3093 invisibiliquc

2128 3020 2319 3091 μερίαν
2351 3020 2500 3093 (96)·
2537 3022 2651 3076 ἀλλ’
2679 3024 2828 3095 ὅμως
2865 3025 2925 3078 τὸ
2968 3027 3025 3078 ἐν
3057 3026 3264 3089 τούτοις
3297 3023 3436 3083 εἶναι
3462 3030 3560 3100 τὴν
3587 3032 3705 3095 Ceo-

453 3123 647 3177 anima:
673 3120 882 3175 ratione
903 3125 1131 3179 naturae,
1160 3115 1341 3183 aliqua
1370 3128 1493 3169 cum
1525 3128 1710 3168 crassa
1733 3129 2021 3184 corporum

452 3212 709 3284 congerie
758 3216 921 3279 atque
959 3206 1309 3263 concretione
1357 3206 1723 3260 communitas
1773 3214 1891 3271 est;
1937 3220 2030 3260 ve—

450 3312 762 3360 rumtamen
803 3299 1020 3355 vitalem
1052 3298 1247 3352 anima:
1285 3295 1630 3350 ellicieutiam
1664 3296 1876 3350 ratione
1898 3310 2030 3365 qua-

446 3397 577 3453 dam
602 3396 896 3449 humanam
918 3389 1446 3444 animadversionem
1470 3397 1632 3457 atque
1663 3388 2029 3459 cognitionem

452 3492 768 3558 superante,
806 3482 1124 3553 permistam
1159 3494 1225 3534 ac
1258 3478 1512 3534 dimisam
1545 3479 1600 3532 in
1636 3478 1723 3533 liis
1761 3493 1884 3533 esse
1919 3494 2029 3533 non

453 3577 752 3633 dubitatur.
781 3572 926 3645 Ergo
956 3587 1025 3628 ne
1052 3569 1307 3626 resolutis
1360 3567 1577 3637 quidem
1620 3569 1675 3622 in
1724 3582 1866 3634 sese,
1909 3582 2030 3638 qua:

453 3669 508 3723 in
543 3680 773 3736 corpore
807 3672 956 3726 sunt,
1003 3660 1308 3723 elementis,
1351 3658 1510 3728 periit
1548 3656 1602 3711 id
1640 3657 1786 3727 quod
1821 3674 1915 3727 per
1946 3660 2027 3714 vi-

454 3758 614 3811 talem
651 3752 997 3809 cﬂicientiam
1027 3765 1091 3805 ea
1138 3749 1359 3818 colligat
1401 3754 1566 3815 atque
1593 3748 1884 3802 conneCtit.
1920 3747 2027 3803 Sed

453 3824 935 3919 quemadmodum,
984 3847 1272 3896 constante
1319 3852 1382 3891 ac
1428 3837 1662 3893 durante
1700 3838 1879 3892 adhuc
1914 3839 2026 3894 ele-

456 3946 764 3994 mentorum
800 3933 1171 3997 concretione,
1211 3945 1403 3984 omnes
1437 3929 1640 3998 pariter
1676 3938 1840 3999 atque
1876 3929 2028 3984 simi-

452 4031 580 4083 liter
615 4034 800 4098 partes
844 4035 1044 4090 corpus
1097 4019 1433 4088 complentes
1477 4027 1640 4088 atque
1686 4022 2026 4072 constituen-

455 4128 537 4171 tcs
593 4114 772 4168 anima
838 4116 1179 4181 penetrante,
1237 4105 1549 4176 singulatim
1602 4108 2027 4176 unumquodque

457 4207 755 4268 animatur,
797 4216 976 4272 neque
996 4198 1205 4268 aliquis
1240 4197 1322 4252 vel
1372 4198 1599 4252 solidam
1638 4213 1760 4254 esse
1789 4199 2025 4272 animam

458 4297 655 4352 dixerit
687 4309 751 4349 ac
779 4293 994 4356 duram,
1037 4304 1157 4360 quae
1184 4304 1308 4344 cum
1341 4296 1521 4343 terreo
1547 4291 1831 4345 commista
1865 4298 2027 4360 atque

2126 3111 2283 3182 τικὴν
2319 3113 2417 3182 τῆς
2445 3113 2624 3184 ψυχῆς
2654 3117 2950 3187 ἐνέργειαν,
2987 3118 3088 3171 οὐκ
3106 3119 3523 3189 ἀμφιϐάλλεται,
3548 3122 3704 3198 λόγῳ

2126 3203 2231 3255 τινί¹
2289 3202 2554 3273 κρείττονι
2600 3206 2699 3275 τῆς
2751 3208 3095 3279 ἀνθρωπίνης
3145 3212 3521 3283 κατανοήσεως
3565 3215 3710 3269 ἀνα-

2128 3292 2440 3363 κραθεῖσαν.
2472 3294 2679 3348 Οὐκοῦν
2727 3297 2847 3349 οὐδὲ
2902 3298 3281 3355 ἀναλυσάντων
3336 3302 3472 3370 πρὸς
3524 3305 3706 3359 ἑαυτὰ

2127 3379 2234 3432 τῶν
2269 3381 2328 3433 ὲν
2340 3382 2448 3445 τοῖς
2467 3381 2681 3453 σώμασι
2703 3382 2812 3454 (97)
2830 3383 3122 3454 στοιχείων,
3140 3384 3199 3436 τὸ
3220 3385 3429 3439 συνδέον
3446 3387 3586 3442 αὐτὰ.
3604 3389 3705 3445 διὰ

2126 3472 2224 3540 τῆς
2252 3468 2485 3539 ζωτικῆς
2521 3470 2798 3541 ἐνεργείας
2842 3470 3136 3524 ἀπόλωλεν.
3177 3472 3318 3524 Ἀλλ’
3346 3472 3532 3544 ὥσπερ
3567 3491 3709 3529 συν⁴

2126 3558 2357 3623 εστῶτος
2398 3559 2475 3613 ἔτι
2508 3559 2598 3613 τοῦ
2637 3559 2745 3613 τῶν
2778 3561 3053 3631 στοιχείων
3094 3562 3460 3634 συγκρίματος
3490 3564 3710 3634 ψυχοῦε-

2124 3667 2215 3705 ται
2248 3651 2339 3704 καὶ
2382 3650 2448 3704 τά
2476 3651 2587 3721 (98)
2634 3650 2754 3704 καθ’
2809 3652 3037 3705 ἕκαστον
3058 3691 3073 3715 ,
3110 3652 3237 3716 ἴσως
3280 3670 3339 3706 τε
3373 3655 3466 3707 καὶ
3494 3654 3710 3723 ὁμοίως

2125 3745 2261 3795 πᾶσι
2284 3745 2395 3805 τοῖς
2427 3743 2615 3813 μέρεσι
2647 3746 2757 3807 τοῖς
2784 3744 3158 3817 συμπληροῦσι
3199 3744 3259 3798 τὺ
3287 3745 3443 3816 σῶμα
3469 3747 3565 3817 τῆς
3592 3747 3713 3812 ψυ-

2125 3833 2228 3904 χῆς
2259 3833 2576 3903 ἐνδυομένης
2606 3834 2757 3903 (99),
2817 3836 2909 3889 καὶ
2956 3837 3058 3889 οὐκ
3113 3837 3178 3891 ἀν
3224 3853 3308 3899 τις
3339 3835 3522 3902 εἴποι,
3568 3838 3713 3895 οὔτε

2128 3923 2359 3994 στερρὰν
2390 3923 2556 3993 αὐτὴν
2585 3926 2678 3978 κα)¹
2714 3926 3002 3979 ἀντίτυπον
3030 3921 3168 3980 εἶναι
3192 3967 3206 3991 ,
3244 3926 3323 3996 τῷ
3348 3926 3538 3994 γεώδει
3565 3946 3715 4001 συγ-

2127 4016 2492 4087 κεκραμένην,
2520 4015 2643 4069 οὕτε
2669 4018 2858 4089 ὑγρὰν,
2885 4017 2917 4089 ἢ
2950 4017 3162 4088 ψυχρὰν
3189 4018 3220 4088 ἢ
3260 4018 3365 4087 τὴν,
3394 4017 3471 4087 τῷ
3502 4018 3712 4093 ψυχρῷ

2126 4107 2505 4179 ἀντικειμένην
2532 4112 2812 4181 ποιότητα,
2847 4110 2945 4180 τὴν
2972 4111 3030 4162 ἐν
3069 4110 3233 4162 πᾶσιν
3260 4109 3337 4180 (1)
3370 4106 3534 4165 οὖσαν
3572 4112 3725 4166 τοίω

2126 4217 2239 4263 τοις
2257 4200 2393 4263 “xui.
2422 4200 2637 4272 ἑκάστῳ
2659 4202 2757 4271 τὴν
2792 4200 3026 4271 ζωτικὴν
3057 4199 3281 4271 δύναμιν
3316 4200 3561 4254 ὲνιοῦσαν
3592 4202 3714 4272 (2)·

2127 4292 2307 4358 οὕτω,
2339 4295 2431 4347 καὶ
2480 4294 2728 4356 λυθέντος
2773 4293 2866 4346 τοῦ
2917 4293 3328 4364 συγκρίματος,
3378 4294 3469 4346 καὶ
3499 4295 3579 4357 είς
3633 4298 3722 4351 τὰ

459 4392 863 4455 contemperata
914 4383 1008 4445 sit,
1052 4381 1134 4436 vel
1188 4380 1484 4443 humidam,
1532 4380 1615 4453 vel
1653 4378 1901 4450 frigidam
1932 4391 2025 4435 aut

2128 4387 2301 4438 οἰκεῖα
2335 4385 2495 4439 πάλιν
2537 4384 2936 4455 ἀναδραμόντος
2962 4422 2977 4446 ,
3008 4384 3106 4453 τὴν
3144 4384 3320 4453 ἁπλῆν
3348 4383 3562 4455 ἐκείνην
3602 4389 3722 4442 καὶ

459 4478 655 4549 frigido
697 4475 949 4545 opposita
1000 4472 1264 4542 qualitate
1322 4470 1624 4541 praeditam,
1673 4487 1795 4541 quae
1837 4472 1891 4526 in
1944 4473 2030 4528 his

461 4569 733 4625 universis
768 4568 859 4629 sit,
906 4572 959 4621 et
990 4565 1289 4634 unicuique
1328 4564 1437 4617 vim
1468 4563 1684 4617 vitalem
1731 4565 2025 4619 immittat:

460 4663 534 4716 ita
576 4662 755 4719 soluta
795 4674 1013 4730 quoque
1048 4658 1136 4712 illa
1172 4656 1646 4727 coagmentatione
1692 4664 1746 4711 et
1791 4656 1857 4709 ad
1905 4674 2030 4726 pro-

458 4757 607 4825 prias
641 4760 1015 4824 cognatasque
1064 4765 1153 4804 res
1202 4748 1397 4803 iterum
1434 4746 1676 4813 redacta,
1724 4748 2028 4818 simplicem

456 4857 511 4901 et
560 4844 980 4913 incompositam
1033 4840 1179 4895 illam
1236 4847 1492 4894 naturam
1546 4836 1838 4908 unicuique
1883 4840 2024 4909 parti

458 4937 623 4990 etiam
672 4943 796 5004 post
848 4933 1265 4989 dissolutionem
1301 4931 1513 4994 adesse,
1562 4937 1723 5000 atque
1754 4945 1873 4985 eam
1905 4946 2024 5001 quae

551 5154 641 5220 89)
673 5156 775 5219 Εἰς
801 5151 957 5209 ἴσον.
991 5151 1030 5205 Β
1059 5152 1135 5214 εἰς
1156 5149 1233 5204 ἓν.

550 5218 639 5295 90)
677 5218 1056 5295 ’Aciplo'tqrts.
1086 5223 1131 5274 A
1153 5220 1365 5291 ἀοράτῳ
1392 5237 1471 5286 τε,
1500 5218 1539 5273 Β
1559 5221 1766 5293 ἀρίστῳ
1798 5241 1877 5276 τε.

551 5293 644 5359 91)
674 5297 741 5347 El
765 5294 906 5349 delet
936 5293 995 5345 B.

525 5359 641 5434 (92)
670 5364 931 5434 Φύσεως.
970 5363 1085 5434 Ain
1110 5361 1385 5434 margine:
1411 5359 1628 5434 φύσεώς
1652 5380 1735 5425 τις
1767 5362 2019 5431 ἀπαιτοῐη

456 5431 634 5503 λόγον,
672 5433 712 5485 Β
735 5434 946 5501 φύσεως
975 5432 1109 5496 εἴτις
1135 5431 1585 5503 ἀπαιτοίηλλόγον.

527 5499 638 5575 (95)
668 5499 1062 5575 Πιὶμπλήθῳς.
1090 5503 1133 5555 A
1160 5503 1204 5575 li
1232 5499 1578 5571 παμπληθές.

530 5571 642 5645 (94)
674 5576 915 5645 Διεᾳτός
940 5573 1001 5645 _li
1024 5571 1266 5645 διᾴεστῴς.

529 5643 641 5716 (95)
677 5643 846 5697 owe.
873 5647 913 5697 A
938 5643 975 5696 ε
1001 5643 1118 5716 οὐδὲ
1146 5644 1273 5711 γάρ.

528 5711 640 5788 (96)
671 5716 1067 5786 Παχυμερίαν.
1093 5715 1137 5766 Α
1166 5711 1561 5782 παχυμέρειαν.

2126 4472 2417 4527 ἀσύνθετον
2448 4473 2609 4544 φύσιν
2641 4474 2856 4542 ἑκάστῳ
2888 4475 3141 4543 παρεῖναι
3174 4473 3281 4526 τῶν
3337 4475 3517 4543 μερῶν
3537 4516 3554 4541 ,
3600 4482 3721 4533 καὶ

2128 4566 2265 4636 μετά
2298 4566 2396 4635 τὴν
2448 4565 2688 4618 διάλυσιν
2735 4565 2987 4630 οἴεσθαι,
3040 4566 3190 4619 οὐδὲν
3238 4564 3330 4618 τοῦ
3360 4568 3437 4637 (ὅ)
3488 4568 3721 4634 εἰκότος

2125 4658 2272 4710 ἐστίν
2299 4674 2312 4686 ·
2345 4656 2481 4711 ἀλλὰ
2509 4657 2606 4727 τὴν
2634 4656 2783 4721 ἅπαξ
2829 4657 3052 4727 ἀρρήτῳ
3083 4656 3189 4710 τινὶ
3237 4660 3579 4726 συμφυεῖσαν
3614 4659 3724 4714 λό-

2125 4766 2205 4818 γῳ
2233 4748 2309 4817 τῷ
2330 4747 2437 4799 τῶν
2467 4747 2745 4818 στοιχείων
2773 4747 2850 4819 (ἱ)
2886 4748 3218 4821 συγκρίματι
3341 4788 3354 4812 ,
3389 4750 3480 4802 καὶ
3520 4751 3724 4807 εἰσαεὶ

2132 4838 2484 4909 παραμένειν,
2518 4833 2599 4903 οἷς
2632 4838 2933 4910 κατεμίχθη
2957 4879 2973 4904 ,
3006 4840 3194 4910 μηδενὶ
3217 4839 3400 4909 τρόπῳ
3426 4840 3521 4908 τῆς
3549 4857 3726 4909 γινο-

2134 4929 2300 5001 μένης
2348 4930 2492 4994 ἀπαξ
2529 4931 2663 5002 αὐτῇ
2716 4932 2992 5003 συμφυΐας
3023 4929 3441 5001 ἀποσπωμένην.
3475 4930 3551 4983 Οὐ
3592 4932 3733 5007 γὰρ

2202 5154 2307 5223 (97)
2337 5153 2463 5219 Τοῖς
2492 5153 2744 5224 σώμασι.
2765 5153 2807 5224 Α
2834 5152 2873 5205 Β
2898 5151 2976 5222 τῷ
3009 5151 3239 5224 σώματι.

2201 5221 2311 5293 (98)
2344 5225 2452 5277 Καὶ
2472 5221 2710 5293 ντάίΚαί
2744 5221 2993 5293 όεΙεηιᾉ
3024 5233 3079 5293 et
3108 5221 3165 5274 Β.

2202 5295 2311 5362 (99)
2351 5292 2771 5361 Ἐνδυομένης.
2801 5292 2842 5344 Β
2864 5292 3202 5361 ὲνδεομένης.

2202 5364 2277 5430 (i)
2312 5362 2430 5430 Τὴν
2455 5363 2524 5415 ὲν
2547 5362 2756 5416 πᾶσιν.
2794 5362 2904 5430 Τὴν
2930 5362 2988 5412 ὲν
3015 5362 3233 5414 ἅπασιν.

2202 5434 2277 5501 (2)
2324 5432 2654 5487 Ένιοῡσαν.
2699 5432 2981 5501 Ἐνιεῖσαν.

2200 5498 2276 5573 (5)
2313 5501 2504 5573 Οὐδὲν
2532 5502 2656 5555 τοῦ.
2692 5503 2731 5554 Α
2758 5502 2820 5573 Β(
2840 5500 2990 5573 οὐδὲν
3012 5498 3135 5563 ἔξω.

2198 5569 2271 5642 (It)
2305 5573 2386 5637 Τῷ
2412 5572 2529 5625 τῶν
2553 5590 2649 5626 στ.
2687 5574 2729 5642 Β
2748 5572 2836 5625 διὰ
2865 5569 2985 5642 τῆςτ

2200 5639 2275 5715 (ὅ)
2309 5645 2681 5713 Συγκρίματι,
2716 5641 2757 5694 Β
2783 5639 3155 5710 συγκράσεως.
