3950 6132
301 287 367 341 ιε
1363 280 1450 336 DE
1488 278 1705 336 ANIMA
1746 281 1832 336 ET
1873 280 2468 338 RESURRECTIONE.
3468 281 3539 355 46

208 446 211 449 ,
301 395 473 466 ἐπειδὴ
526 394 717 449 λύεται
764 395 825 448 τὸ
869 392 1242 464 συγκείμενον,
1276 391 1573 445 κινδυνεύει
1611 393 1684 465 (6)
1737 411 1861 447 συν-

1972 393 2125 446 simul
2170 393 2386 447 occulta
2433 399 2594 462 atque
2627 389 2885 446 ineliabili
2914 391 3143 461 quadam
3174 392 3385 447 ratione
3414 406 3536 446 cum

300 486 604 558 διαλυθῆναι
629 486 707 557 τῷ
742 486 980 554 συνθέτῳ
1002 485 1062 538 τὸ
1090 485 1165 555 μὴ
1203 485 1579 553 συγκείμενον.

1972 485 2363 538 elementorum
2395 490 2778 538 concrementa
2811 482 3075 537 coaluerit
3127 484 3291 538 etiam
3325 483 3377 537 in
3410 496 3538 552 per-

293 593 506 653 petuum
534 592 853 649 permanere
880 594 1003 633 cum
1033 578 1099 633 iis
1127 578 1327 648 quibus
1351 579 1634 634 commista
1666 585 1769 641 est,
1812 591 1987 645 neque
2015 577 2122 630 ullo
2146 576 2305 630 modo
2335 577 2402 631 ab
2428 592 2491 630 ea
2517 577 2805 631 coalitioue
2834 585 2995 646 atque
3032 578 3395 641 concretione,
3419 592 3541 647 qua:

293 673 455 729 semel
479 673 527 727 ei
557 663 867 742 contigerit,
900 670 1052 724 avelli
1090 679 1299 739 putare,
1324 672 1474 725 nullo
1512 670 1671 725 modo
1697 678 1780 724 est
1807 685 1833 721 a
1864 668 2337 724 verisimilitudine
2362 677 2523 737 atque
2555 669 2933 737 probabilitate
2959 670 3214 723 alienum.
3238 668 3353 723 Non
3389 671 3536 724 enim

290 768 416 835 quia
442 763 673 820 solvitur
698 762 1082 832 compositura,
1112 760 1236 815 inde
1272 761 1434 816 etiam
1474 760 1782 817 necessario
1810 759 2160 829 consequitur
2188 775 2294 813 una
2323 776 2445 814 cum
2476 760 2776 830 composito
2802 760 3022 814 dissolvi
3060 761 3111 813 id
3137 760 3280 828 quod
3316 776 3538 832 compo-

290 859 450 912 situm
488 872 600 910 non
632 861 738 910 est.

362 961 418 1015 Γ.
438 964 611 1035 Κάγὼ
629 964 803 1032 εἷπον,
833 968 989 1023 Ἀλλὰ
998 968 1065 1022 τὰ
1079 970 1178 1039 μὲν
1196 968 1428 1040 στοιχεῖα
1448 964 1781 1034 συμπίπτειν
1803 980 1864 1017 τε

289 1060 423 1131 πρὸς
477 1057 681 1126 ἄλληλα
711 1057 809 1126 (7),
847 1056 939 1107 καί
992 1056 1126 1126 πρὸς
1174 1054 1417 1125 ἀλλήλων
1468 1052 1862 1125 διακρίνεσθαι,

291 1153 381 1203 καὶ
424 1149 587 1202 τοῦτο
628 1143 767 1200 εἶναι
811 1146 910 1216 τὴν
953 1145 1047 1198 τοῦ
1098 1144 1347 1216 σώματος
1388 1145 1644 1199 σύστασίν
1685 1161 1743 1196 τε
1774 1145 1861 1196 καὶ

1972 1141 2029 1194 ιι)
2072 1142 2252 1197 altero
2301 1143 2542 1212 separari
2582 1151 2745 1214 atque
2787 1143 3055 1214 disjungi,
3098 1155 3151 1199 et
3204 1145 3256 1200 id
3289 1148 3539 1217 corporis

289 1243 548 1306 διάλυσιν,
604 1239 779 1301 οὐδεὶς
833 1237 898 1291 ἂν
946 1237 1209 1291 ἀντείποι.
1255 1236 1473 1307 Ἐπειδὴ
1525 1236 1581 1289 δὲ
1626 1234 1760 1288 πολὺ
1806 1233 1861 1287 τὸ

1972 1248 2082 1288 asse
2107 1240 2219 1286 tum
2259 1234 2699 1290 constitutionem
2741 1245 2854 1289 tum
2893 1235 3337 1301 dissolutionem,
3378 1254 3540 1293 nemo

2049 966 2112 1021 (Ξ.
2146 963 2319 1031 Atque
2344 978 2441 1033 ego
2468 982 2481 1018 :
2507 963 2705 1021 Verum
2729 964 2994 1021 elementa
3016 964 3249 1035 quidem,
3288 966 3534 1034 inquam,

1961 1051 2105 1106 inter
2138 1066 2260 1107 sese
2293 1058 2406 1105 tum
2440 1051 2589 1106 coire
2629 1063 2683 1106 et
2725 1053 3118 1117 cohaerescere,
3155 1061 3267 1109 tum
3303 1056 3537 1110 alterum

290 1335 451 1403 μέσον
497 1330 711 1399 ἑκάστῳ
740 1328 817 1399 (8)
855 1330 1053 1380 νοεῖται
1098 1326 1255 1380 τοῦτο
1284 1326 1392 1380 τῶν
1421 1326 1496 1398 (9)
1537 1323 1863 1397 ἑτερογενῶς

286 1425 517 1496 ἐχόντων
548 1421 684 1493 πρὸς
722 1420 944 1490 ἄλληλα,
995 1418 1137 1472 κατά
1173 1435 1233 1470 τε
1282 1417 1379 1488 τὴν
1430 1417 1660 1486 τοπικὴν
1692 1415 1862 1480 θέσιν,

285 1515 375 1570 καὶ
398 1514 495 1583 τὴν
514 1512 624 1565 τῶν
654 1510 971 1580 ποιημάτων
992 1509 1102 1579 (10)
1127 1509 1389 1580 διαφοράν
1410 1525 1467 1560 τε
1492 1508 1582 1560 καὶ
1607 1506 1863 1575 ἰδιότητα,

288 1601 803 1673 συνδεδραμηκότων
839 1599 936 1669 μὲν
971 1600 1015 1669 (1
1030 1599 1079 1667 1)
1113 1598 1359 1668 ἀλλήλοις
1385 1598 1512 1668 περὶ
1557 1595 1616 1649 τὸ
1649 1595 1864 1648 ὑποκεί-

291 1712 446 1766 μενον
473 1693 583 1745 τῶν
612 1691 910 1760 στοιχείων,
934 1689 1031 1760 τὴν
1054 1689 1245 1760 νοερὰν
1272 1691 1474 1758 ταύτην
1493 1688 1587 1741 καὶ
1611 1687 1865 1741 ἀδιάστα-

285 1804 375 1840 τον
401 1784 561 1853 φύσιν
590 1785 658 1854 ἦν
703 1780 975 1851 καλοῦμεν
1011 1781 1121 1850 (12)
1149 1780 1345 1851 ψυχὴν,
1391 1779 1682 1833 ἀκόλουθον
1722 1796 1863 1849 συμ-

285 1877 431 1945 φυῶς
477 1876 616 1945 πρὸς
651 1874 711 1927 τὸ
754 1874 1032 1944 ἡνωμένον
1070 1873 1212 1943 ἔχειν
1239 1890 1252 1903 ·
1282 1874 1332 1926 εἰ
1370 1872 1425 1925 δὲ
1478 1873 1571 1926 ἀπ’
1618 1872 1863 1942 ἀλλήλων

282 1966 586 2037 διακριθείη
618 1965 813 2032 ταῦτα,
857 1967 1078 2019 κάκεῖσε
1113 1965 1222 2035 (15)
1264 1964 1491 2032 γένοιτο,
1532 1965 1749 2035 ὃπηπερ
1797 1963 1865 2017 ἂν

280 2057 511 2111 ἕκαστον
540 2058 575 2126 ἡ
608 2055 769 2124 φύσις
801 2056 923 2123 ἄγοι
957 2056 1089 2125 (14),
1120 2056 1173 2107 τὶ
1218 2055 1464 2107 πείσεται
1504 2054 1616 2122 (15)
1646 2055 1678 2124 ἡ
1717 2052 1863 2123 ψυχὴ

280 2142 526 2211 πολλαχῆ
557 2142 648 2194 τοῦ
673 2142 946 2212 ὀχήματος
974 2142 1111 2212 αὐτῇ
1137 2141 1523 2211 διασπαρέντος
1539 2156 1554 2172 ·
1571 2140 1756 2211 ὥσπερ
1780 2159 1863 2205 τις

279 2230 488 2300 ναύτης
520 2229 619 2298 τῆς
651 2228 874 2291 ὁλκάδος
917 2231 973 2280 ἐν
1001 2228 1244 2296 ναυαγίῳ
1288 2227 1629 2298 διαλυθείσης
1669 2228 1862 2281 ἀδυνα-

279 2316 387 2370 τῶν
419 2318 558 2369 πᾶσι
587 2318 699 2379 τοῖς
726 2316 816 2368 τοῦ
851 2315 1034 2368 πλοίου
1079 2316 1287 2388 μορίοις
1315 2316 1495 2380 ἄλλοις
1529 2317 1735 2387 ἀλλαχῆ
1767 2317 1861 2370 τοῦ

280 2407 555 2474 πελάγους
585 2407 999 2477 ἐσκεδασμένοις
1035 2408 1154 2459 κατ’
1177 2407 1336 2459 αὑτὸν
1361 2407 1471 2477 (16)
1500 2408 1855 2478 ἐπινήξασθαι

280 2499 511 2568 (παντὸς
553 2498 666 2566 (17)
713 2497 821 2567 γὰρ
860 2495 951 2549 τοῦ
1000 2496 1378 2566 ἐπιτυχοῦντος
1413 2496 1523 2569 (18)
1570 2497 1863 2568 λαϐόμενος

277 2592 344 2645 τὰ
388 2590 562 2644 λοιπὰ
597 2591 783 2663 φέρειν
822 2590 930 2659 (19)
981 2589 1293 2658 καταλείψει
1333 2591 1445 2650 τοῖς
1486 2587 1735 2659 κύμασι),
1773 2590 1863 2641 τὸν

277 2682 441 2737 αὐτὸν
470 2682 670 2752 τρόπον
695 2684 727 2751 ἡ
749 2680 894 2751 ψυχὴ
924 2680 1034 2751 (20)
1058 2682 1122 2750 τῇ
1154 2680 1422 2749 διακρίσει
1447 2679 1556 2732 τῶν
1586 2680 1862 2750 στοιχείων

278 2772 757 2843 συνδιασχισθῆναι
787 2770 884 2843 τὴν
931 2771 1091 2840 φύσιν
1139 2772 1239 2824 οὐκ
1282 2770 1498 2840 ἔχουσα,
1539 2771 1697 2842 εἴπερ
1737 2771 1862 2825 δυσ-

278 2866 651 2927 απαλλάκτως
682 2861 907 2934 ἔχειτοῦ
939 2861 1206 2932 σώματος,
1225 2860 1303 2914 ἐνί
1329 2879 1433 2914 τινι
1455 2861 1669 2923 πάντως
1690 2878 1860 2930 προσ*

277 2961 482 3028 φυεῖσα
516 2955 796 3026 στοιχείων
839 2953 970 3023 (21),
1020 2951 1127 3004 τῶν
1164 2950 1338 3005 ἄλλων
1377 2951 1858 3021 ἀποσχισοήσεται,

276 3050 369 3103 καὶ
398 3047 559 3101 οὐδὲν
597 3045 794 3116 μᾶλλον
841 3043 1104 3096 ἀθάνατον
1132 3042 1297 3113 αὐτὴν
1333 3042 1421 3095 διὰ
1449 3042 1510 3094 τὸ
1539 3043 1596 3093 ἐν
1625 3041 1702 3093 έν¹ι
1739 3040 1857 3110 ζῇν,

277 3143 308 3211 ἤ
344 3140 575 3210 θνητὴν,
600 3138 691 3191 διὰ
716 3137 777 3190 τὸ
798 3139 855 3190 ἐν
884 3137 992 3198 τοῖς
1019 3134 1226 3187 πλείοσι
1261 3138 1334 3205 μὴ
1367 3128 1526 3199 εἶναι,
1570 3134 1603 3203 ἡ
1637 3131 1860 3184 ἀκολου·
1901 3212 1904 3216 ’

278 3231 367 3284 ϐία
405 3230 506 3284 τοῦ
533 3230 693 3298 λόγου
730 3229 941 3281 δίδωσιν
971 3225 1196 3279 οἴεσθαι.

1969 1323 2382 1378 contradixerit.
2443 1324 2711 1389 Quoniam
2772 1336 2951 1382 autem
3005 1328 3234 1382 multum
3276 1328 3542 1385 interesse

1968 1416 2287 1485 intelligitur
2340 1418 2482 1471 inter
2512 1419 2948 1489 unumquodque
2998 1420 3214 1484 horum,
3269 1436 3390 1490 quae
3425 1430 3537 1475 tum

1970 1505 2268 1559 secundum
2297 1505 2520 1560 localem
2560 1507 2906 1577 positionem,
2943 1515 3055 1562 tum
3084 1510 3408 1579 qualitatum
3436 1509 3541 1565 dif-

1972 1594 2256 1650 ferentiam
2283 1597 2493 1667 pariter
2518 1613 2581 1652 ac
2605 1598 2990 1668 pr0prietatem
3024 1600 3222 1655 diversi
3256 1602 3397 1655 inter
3418 1617 3542 1657 sese

1968 1684 2188 1755 generis
2225 1695 2375 1750 sunt,
2409 1685 2679 1754 siquidem
2711 1687 2858 1741 circa
2906 1687 3210 1757 subjectum
3241 1690 3378 1743 inter
3419 1705 3541 1745 sese

1969 1778 2352 1832 concurrerint
2388 1778 2679 1841 elementa,
2726 1788 3152 1834 consentaneum
3185 1790 3288 1846 est,
3326 1782 3539 1837 intelle-

1969 1865 2205 1920 ctualem
2256 1867 2396 1920 hanc
2439 1867 2909 1938 dimensionisque
2957 1880 3230 1940 expertem
3263 1879 3535 1936 naturam,

1970 1969 2132 2024 quam
2172 1954 2408 2007 animam
2456 1970 2738 2021 vocamus,
2792 1958 3066 2013 cohaerere
3103 1969 3262 2028 atque
3307 1959 3540 2027 conjun-

1970 2052 2111 2098 ctam
2161 2059 2285 2100 esse
2331 2059 2455 2098 cum
2500 2060 2586 2111 eo,
2643 2048 2787 2116 quod
2839 2047 2973 2118 (ita)
3024 2048 3231 2102 unitum
3277 2060 3392 2116 eSl;
3452 2049 3540 2103 sin

1971 2142 2151 2189 autem
2186 2135 2300 2190 haec
2343 2135 2572 2190 alterum
2621 2138 2690 2193 ab
2724 2138 2895 2193 altero
2934 2148 3184 2209 separata
3232 2147 3395 2209 atque
3447 2139 3540 2192 illo

1969 2224 2187 2279 redacta
2241 2225 2462 2288 fuerint,
2508 2242 2835 2298 quocunque
2870 2231 3295 2299 unumquodque
3343 2239 3539 2284 natura

1971 2313 2142 2375 ducit.
2179 2315 2414 2381 patietur
2438 2316 2600 2370 etiam
2636 2318 2834 2381 anima,
2877 2319 2931 2371 in
2968 2319 3165 2372 multas
3199 2325 3380 2387 partes
3416 2332 3543 2388 pas-

1971 2403 2076 2459 sim
2109 2404 2359 2475 vphirulo
2403 2405 2522 2474 ejus
2567 2406 2832 2476 disjecto:
2867 2419 2919 2463 et
2954 2408 3409 2478 quemadmodum
3443 2408 3541 2462 ali-

1969 2491 2093 2565 qtiis
2138 2506 2335 2560 nauta,
2380 2498 2470 2552 ubi
2524 2498 2810 2569 naufragio
2850 2501 3115 2555 dissoluta
3164 2499 3326 2554 fuerit
3363 2500 3540 2562 navis,

1970 2585 2039 2637 ad
2078 2599 2268 2640 omnes
2303 2586 2422 2654 ejus
2450 2597 2655 2657 partes,
2687 2591 2810 2644 aliis
2852 2590 2903 2642 in
2938 2590 3097 2643 aliam
3131 2591 3300 2661 pelagi
3332 2600 3538 2660 partem

1969 2674 2275 2743 dissipatis,
2303 2677 2491 2731 eodem
2534 2687 2776 2747 tempore
2805 2680 3007 2735 adnare
3039 2698 3145 2734 non
3174 2692 3350 2751 potest
3383 2683 3539 2753 (nam

1969 2765 2014 2819 si
2046 2765 2308 2835 quidquid
2358 2768 2591 2835 primum
2642 2772 2942 2825 occurrerit
2989 2779 3042 2825 et
3084 2773 3300 2826 obviam
3351 2772 3539 2836 fuerit,

1968 2855 2405 2925 apprehenderit,
2439 2858 2646 2928 reliqua
2681 2858 2939 2917 ﬂuctibus
2976 2862 3103 2917 ferri
3135 2864 3292 2933 plane
3320 2868 3542 2935 permit-

1971 2947 2094 3017 tet),
2148 2947 2336 3003 eodem
2395 2950 2554 3003 modo
2608 2952 2787 3005 anima
2821 2969 2941 3025 qua:
2980 2969 3042 3008 ea
3074 2963 3270 3008 natura
3314 2955 3539 3025 praedita

1968 3055 2077 3093 non
2132 3050 2232 3107 est,
2294 3052 2351 3095 ut
2408 3058 2515 3096 una
2570 3059 2692 3097 cum
2750 3049 3094 3116 separatione
3147 3051 3537 3107 elementorum

1969 3130 2268 3197 scindatur,
2304 3133 2570 3204 siquidem
2594 3150 2623 3187 ιι
2656 3150 2884 3205 corpore
2920 3139 3136 3195 liberari
3186 3150 3346 3212 atque
3373 3158 3540 3214 expe-

1970 3222 2074 3277 diri
2107 3239 2213 3277 non
2238 3232 2435 3294 potest,
2471 3227 2515 3282 si
2553 3228 2645 3281 uni
2673 3230 2835 3284 alicui
2871 3246 3098 3299 prorsus
3128 3234 3406 3289 inhwserit
3435 3236 3538 3289 ele-

280 3331 491 3394 mento,
526 3321 596 3375 ab
625 3319 747 3373 aliis
776 3318 1035 3373 avelletur
1076 3327 1129 3371 et
1170 3316 1577 3381 intercludetur,
1613 3325 1666 3371 et
1699 3324 1756 3369 ut
1787 3314 1955 3369 nihilo
1985 3316 2156 3386 magis
2187 3316 2510 3375 immortalis
2539 3335 2659 3389 quae
2687 3322 2738 3374 in
2774 3338 2883 3376 uno
2909 3323 3073 3390 vivat,
3102 3340 3261 3394 quam
3290 3326 3539 3380 mortalis

278 3390 504 3486 putetur
529 3430 651 3485 qua:
683 3414 738 3467 in
779 3411 1028 3482 pluribus
1054 3427 1159 3466 non
1199 3412 1291 3477 sit,
1322 3409 1707 3477 consequentia
1741 3410 2011 3464 sermonis
2032 3412 2144 3466 dat.

346 3553 404 3608 M
426 3594 441 3609 .
485 3551 628 3606 Ἀλλ’
652 3549 777 3604 οὔτε
799 3547 1163 3617 συστέλλεται,
1187 3546 1368 3618 φησὶν,
1391 3542 1511 3597 οὔτε
1530 3542 1787 3618 διαχεῖται
1802 3544 1862 3597 τὸ

277 3638 468 3709 νοητόν
494 3653 554 3687 τε
580 3635 673 3687 καί
693 3634 1014 3686 ἀδιάστατον
1040 3634 1328 3701 (σωμάτων
1352 3630 1458 3700 γὰρ
1482 3630 1610 3689 ἴδιον
1634 3631 1861 3701 συστολὴ

276 3732 365 3783 καὶ
406 3726 715 3797 διάχυσις),
757 3725 950 3794 ἐπίσης
980 3723 1036 3775 δὲ
1086 3722 1225 3776 κατὰ
1264 3723 1361 3791 τὴν
1405 3722 1541 3775 ἰδίαν
1580 3721 1738 3790 φύσιν
1765 3722 1860 3791 τὴν

277 3822 433 3891 ἀειδῆ
478 3821 575 3872 κα)⁵
614 3818 902 3887 ἀσώματον
931 3817 994 3886 τῇ
1029 3831 1088 3868 τε
1125 3814 1405 3884 συγκρίσει
1444 3813 1550 3865 τῶν
1590 3811 1862 3880 στοιχείων

277 3914 405 3982 περὶ
438 3910 502 3963 τὸ
543 3910 703 3978 σῶμα
741 3909 836 3961 καὶ
877 3910 944 3978 τῇ
989 3904 1255 3976 διακρίσει
1288 3904 1565 3974 πάρεστιν,
1608 3919 1859 3969 συνεσφι-

276 4001 502 4071 γμένων
533 3998 645 4067 (9.2)
673 3999 728 4049 ἐν
761 3995 838 4065 τῷ
871 3994 1200 4066 συγκρίματι
1241 3994 1347 4047 τῶν
1374 3991 1648 4061 στοιχείων
1679 4006 1859 4043 στενο-

276 4090 628 4162 χωρουμένη,
644 4087 763 4141 οὔτε
785 4087 1262 4155 ἀποφοιτησάντων
1282 4084 1374 4138 ἐπὶ
1390 4083 1458 4136 τὰ
1475 4082 1710 4150 συγγενῆ
1725 4081 1858 4148 (25),

275 4185 370 4236 καὶ
398 4181 547 4236 κατὰ
578 4180 737 4247 φύσιν
760 4179 943 4240 αὐτοῖς
967 4174 1475 4246 ἁπολιμπανομένη,
1504 4172 1606 4224 κᾶν
1636 4172 1768 4224 πολὺ
1800 4170 1860 4222 τὸ

278 4275 447 4344 μέσον
483 4268 625 4324 εἶναι
671 4270 815 4323 δοκεί
845 4268 904 4320 τὸ
942 4269 1037 4336 τῆς
1078 4266 1391 4337 ἑτερότητος
1423 4264 1534 4335 (‘24)
1568 4262 1675 4314 τῶν
1719 4278 1860 4314 στοι-

275 4362 438 4433 χείων
474 4359 925 4430 ἐνοεωρούμενον.
964 4357 1138 4428 Πολλὴ
1163 4357 1325 4427 γὰρὴ
1360 4355 1589 4424 διαφορὰ
1620 4353 1730 4424 (25)
1761 4352 1855 4405 τοῦ

273 4450 600 4521 ἀνωφεροῦς
627 4467 684 4503 τε
719 4452 811 4503 καὶ
844 4450 1043 4517 κούφου
1085 4450 1217 4518 πρὸς
1241 4448 1301 4501 τὸ
1348 4447 1484 4518 βαρὺ
1518 4447 1611 4499 καὶ
1636 4445 1854 4514 γεῶδες,

273 4542 367 4595 τοῦ
394 4540 605 4611 θερμοῦ
642 4541 750 4612 (26)
783 4541 917 4610 πρὸς
944 4542 1005 4594 τὸ
1031 4540 1257 4609 ψυχρὸν,
1287 4539 1378 4590 καὶ
1400 4537 1493 4589 τοῦ
1524 4535 1688 4605 ὑγροῦ
1722 4535 1856 4605 πρὸς

274 4634 335 4686 τὸ
367 4632 616 4685 ἐναντίον
640 4648 653 4661 ·
684 4632 796 4683 ἀλλ’
837 4632 983 4701 ὅμως
1007 4631 1181 4694 οὐδεὶς
1211 4629 1367 4691 πόνος
1408 4630 1471 4698 τῇ
1513 4627 1674 4699 νοερᾷ
1699 4627 1855 4695 φύσει

350 4840 432 4910 (6)
454 4838 824 4893 Κινδυνεύει.
856 4840 965 4893 Καὶ
987 4840 1121 4895 κινδ.

350 4909 428 4979 (7)
464 4909 621 4981 Πρὸς
648 4910 895 4981 ἀλλήλζ
914 4912 952 4962 Α
993 4910 1034 4963 ιι
1055 4912 1148 4964 ἀπ’
1180 4911 1363 4981 ἀλλήλ.

352 4978 434 5049 (8)
472 4979 759 5046 Ἑκάστφ.
793 4983 838 5033 A
868 4978 908 5031 Β
933 4981 1180 5035 ἑκάστου.

353 5052 433 5119 (9)
480 5049 661 5102 Τοῦτο
678 5049 814 5119 τῷν.
849 5050 891 5102 Α
909 5049 947 5101 Β
976 5050 1196 5119 τούτων.

384 5120 474 5193 10)
511 5117 881 5193 Ποιημάτων.
914 5121 957 5171 Α
983 5118 1024 5172 Β
1055 5122 1371 5193 ποιοτήτων.

382 5189 622 5253 11)Μέν
647 5191 801 5243 deest
832 5191 895 5242 A.

356 5260 468 5328 (Ιὲ)
496 5260 602 5314 Ἦν
629 5262 766 5311 καλ.
788 5258 832 5311 Α
860 5258 958 5329 τὴν
1002 5259 1120 5311 καλ.

361 5329 471 5396 (15)
507 5329 785 5383 Κάκεῐσε.
807 5329 847 5381 Β
868 5330 961 5381 καὶ
982 5331 1177 5384 ἐκεῖσε.

362 5398 469 5465 (14)
500 5400 684 5468 Ἀγοι.
721 5400 764 5450 Α
789 5400 932 5464 ἄγει,
970 5397 1154 5468 Βᾶγῃ.

360 5468 794 5577 (Ἓληείσεται.
823 5470 868 5520 Α
913 5468 967 5521 in
1003 5471 1245 5537 margine
1278 5513 1289 5524 .
1330 5473 1583 5543 ’Δγεται,
1614 5474 1855 5528 πείσεται

462 5558 570 5577 ηιμ,

285 5540 386 5591 καὶ
408 5540 439 5610 ή

363 5542 386 5589 ‘-
408 5542 631 5662 1μυκή-

363 5610 405 5675 (1
454 5614 465 5675 )
500 5611 642 5663 Κατ’
671 5611 838 5663 αὐτό.
864 5609 904 5659 Α
946 5608 1084 5662 κατὰ
1111 5608 1322 5665 ταύτόν.

362 5680 408 5747 (1
421 5679 465 5750 7)
490 5680 747 5738 Παντός.
779 5678 821 5731 Α
852 5678 1087 5742 πάντως.

2038 3539 2105 3595 Μ.
2130 3545 2198 3596 At
2219 3558 2391 3611 neque
2434 3542 2792 3604 contrahitur,
2817 3544 3009 3614 inquit,
3027 3560 3202 3616 neque
3216 3548 3537 3607 diffunditur

1961 3634 2013 3687 id
2049 3634 2191 3702 quod
2223 3645 2276 3688 et
2320 3644 2501 3688 mente
2547 3636 2814 3697 noscitur,
2862 3638 3304 3710 cogitationeque
3353 3647 3535 3712 perci--

1961 3725 2128 3792 pitur,
2175 3731 2228 3777 et
2259 3724 2644 3792 disjunctionis
2695 3729 3164 3799 separationisque
3211 3747 3405 3803 expers
3452 3748 3537 3792 est

1963 3814 2284 3883 (corporum
2318 3818 2461 3869 enim
2504 3816 2754 3871 contrahi
2800 3826 2963 3887 atque
2994 3819 3223 3876 diﬂ‘undi
3253 3826 3534 3895 proprium

1966 3904 2101 3975 est),
2143 3905 2239 3960 sed
2277 3906 2559 3975 aequaliter
2591 3906 2744 3976 juxta
2784 3909 2866 3963 sui
2903 3918 3173 3976 naturam,
3216 3930 3336 3984 quae
3363 3924 3421 3971 et
3453 3919 3537 3971 iu-

1964 3996 2217 4060 visibilis,
2275 3996 2524 4052 informis
2571 4008 2625 4052 et
2660 3998 2976 4069 incorporea
3014 4010 3118 4066 est,
3158 4020 3280 4059 cum
3319 4007 3534 4064 coalitis

1968 4094 2130 4155 atque
2163 4088 2434 4141 concretis
2463 4088 2610 4142 circa
2658 4103 2857 4159 corpus
2883 4091 3189 4160 elementis,
3232 4104 3344 4151 tum
3379 4115 3535 4169 sepa-

1965 4178 2101 4231 ratis
2123 4187 2284 4247 atque
2314 4177 2606 4247 disjunctis
2637 4181 2811 4245 adest,
2847 4198 2910 4238 ac
2933 4200 3108 4255 neque
3134 4191 3447 4247 constrictis
3476 4194 3531 4248 in

1891 4301 1934 4354 ι)
1963 4269 2310 4323 concretione
2356 4270 2638 4326 elementis
2687 4274 2952 4341 premitur
2991 4287 3154 4348 atque
3199 4290 3528 4349 coarctatur,

1964 4372 2141 4427 neque
2174 4358 2239 4412 ad
2269 4367 2498 4430 cognata
2531 4360 2746 4431 sibique
2779 4368 3048 4422 naturalia
3082 4372 3338 4435 reversis,
3364 4374 3533 4430 relin-

1963 4448 2168 4517 quitur,
2198 4448 2406 4505 etiamsi
2439 4467 2693 4522 magnum
2720 4455 2851 4511 illud
2885 4459 3177 4518 discrimen
3202 4479 3323 4521 esse
3351 4468 3533 4522 videa-

1964 4548 2070 4603 tur,
2101 4541 2243 4610 quod
2289 4543 2533 4596 cernitur
2569 4553 2622 4599 et
2655 4548 3109 4608 animadvertitur
3144 4556 3199 4610 in
3231 4559 3530 4613 elemento-

1963 4649 2084 4686 rum
2115 4633 2464 4699 diversitate;
2500 4648 2695 4706 magna
2739 4641 2882 4695 enim
2924 4645 3229 4702 dili‘erentia
3259 4657 3342 4704 est
3390 4649 3531 4704 inter

2038 4844 2147 4922 (
2184 4846 2654 4922 ’βξτιτυχοςΰντοᾳ
2691 4851 2733 4903 A
2774 4851 3195 4922 Βέπιτυχόντος.

2038 4916 2150 4981 (19)
2177 4916 2400 4984 Φέρειν.
2436 4919 2480 4971 Δ
2509 4921 2562 4973 in
2590 4922 2831 4992 margine
2860 4916 3023 4986 εΤοῖξ
3049 4921 3254 4992 κύμασι
3278 4923 3499 4978 καταλεί

1964 4972 2355 5054 ψειίφέρεσθαι.

2035 5053 2167 5194 (20).
2187 5055 2249 5107 Ἡ
2490 5057 2530 5110 Β
2551 5060 2643 5112 καὶ
2675 5061 2706 5130 ἡ
2736 5061 2904 5131 ψυχή.

2037 5124 2119 5189 (21
2172 5127 2558 5194 Προσφυεῖσα
2585 5132 2914 5194 στοιχείων.
2946 5130 2987 5183 Β
3019 5132 3282 5194 προσφυεῖ

2037 5124 2558 5200 (21)-Προσςὲιιεῖσα
2585 5124 2914 5199 ato-iisIbi
2946 5130 2987 5183 Β
3019 5132 3351 5200 προσφυεῖσα
3386 5151 3526 5187 στοι-

1964 5209 2022 5260 χε
2032 5194 2116 5267 ίιρ1
2132 5196 2179 5267 Α
2214 5194 2478 5267 στοιχείῳ.

2170 5264 2687 5338 ξυνεσφζπμένων.
2722 5269 2764 5320 Α
2793 5276 2844 5321 et
2874 5267 2914 5321 Β
2946 5270 3282 5338 pt‘zemittuut
3310 5271 3452 5327 οὔτε.

2032 5333 2146 5407 (εξ)
2176 5333 2534 5407 rvi-mars
2567 5338 2800 5407 συγγενῆ

2034 5402 2146 5471 (24)
2174 5402 2552 5475 Δοκὲῖτὸτῆς
2574 5402 2933 5476 ἐτὲρότὴτος.
2965 5413 3008 5464 Α
3036 5409 3074 5462 Β
3098 5409 3226 5480 δοκῇ
3248 5413 3313 5482 τῇ
3344 5412 3527 5485 ἑτερό-

2271 5544 2541 5615 διαφορά
2564 5545 2609 5600 Α
2632 5546 2686 5602 in
2720 5555 2866 5602 “mu
2893 5547 3159 5619 ἀναφορὰ,
3192 5548 3248 5604 in
3287 5550 3525 5622 margine

1997 5629 2212 5682 ιαφορα.

2034 5682 2143 5753 (26)
2176 5685 2285 5740 Τοῦ
2325 5686 2558 5756 θερμοῦ.
2598 5687 2635 5742 Β
2662 5690 2753 5743 καὶ
2780 5688 2872 5743 τοῦ
2898 5689 3116 5761 Θερμοῠ.
