3950 6132
387 298 452 356 Η
1581 302 1644 356 S.
1678 299 2005 358 GREGORII
2045 300 2332 361 NYSSENI
3556 301 3627 356 £3

377 413 436 468 id
468 411 612 485 quod
642 429 767 470 cum
803 414 915 470 leve
941 414 1034 482 sit,
1063 430 1284 471 sursum
1318 415 1506 480 fertur.
1561 426 1614 474 et
1651 434 1814 490 grave
1843 426 1944 474 ter-

2054 421 2268 493 ἑκάστῳ
2297 424 2569 493 παρεῖναι,
2600 415 2682 485 οἷς
2704 420 2848 485 ama
2874 418 3094 491 ἐνεφύη,
3118 416 3205 472 διὰ
3234 416 3482 490 κράσεως
3511 415 3622 488 (2η

382 521 643 576 reumque
668 526 679 560 :
703 507 829 562 item
859 509 999 561 inter
1025 507 1259 562 calidqu
1277 520 1328 563 et
1347 509 1622 580 frigidum,
1642 512 1951 567 humidum-

313 616 318 620 -
375 609 487 663 que
526 604 580 650 et
607 597 658 651 ei
698 598 1057 662 contrarium,
1087 607 1320 652 attamen
1354 600 1504 654 nullo
1546 603 1762 672 negotio
1792 604 1952 658 intel-

384 686 633 742 lectualis
664 696 878 753 natura,
921 703 1092 758 eaque
1130 704 1249 758 quae
1283 698 1462 744 mente
1493 691 1606 745 sola
1652 701 1867 747 constat
1897 700 1952 748 et

380 777 707 849 cogitatione
730 780 1046 849 percipitur,
1079 779 1232 834 adest
1269 781 1566 850 unicuique
1594 797 1805 850 eorum,
1837 783 1953 853 qui-

382 871 481 924 bus
508 871 672 926 semel
717 871 1018 936 inhzeserit,
1066 885 1164 925 nec
1199 885 1296 940 per
1340 870 1692 938 refusionem,
1731 873 1949 930 discus-

380 961 590 1015 sionem
646 977 710 1016 ac
766 962 1176 1016 distractionem
1237 977 1344 1015 una
1393 977 1516 1017 cum
1563 965 1952 1020 contrarietate

378 1052 650 1108 scinditur
675 1053 1089 1108 elementorum.
1112 1051 1229 1107 Non
1258 1054 1403 1108 enim
1435 1055 1562 1125 quia
1591 1055 1952 1126 dispositione

380 1144 479 1198 loci
516 1153 772 1214 certaque
797 1144 1026 1214 quadam
1060 1146 1410 1214 proprietate,
1440 1148 1631 1216 procul
1663 1148 1780 1202 haec
1811 1149 1953 1203 inter

377 1251 495 1290 sese
536 1236 738 1290 distare
792 1235 1218 1303 existimantur,
1282 1236 1488 1292 idcirco
1542 1238 1949 1308 inseparabilis,

374 1327 870 1396 disjunctionisque
900 1342 962 1381 ac
995 1329 1154 1398 spatii
1183 1344 1378 1399 expers
1411 1338 1606 1385 natura
1633 1346 1831 1402 magno
1859 1347 1950 1387 ne-

375 1419 520 1487 gotio
569 1433 631 1471 ac
667 1417 954 1471 dimcultrr
997 1420 1348 1492 conjungitur
1396 1436 1523 1475 cum
1573 1422 1642 1477 iis
1667 1439 1788 1492 qua:
1830 1423 1950 1478 loco

373 1509 598 1571 distant,
639 1509 894 1575 quoniam
923 1509 1085 1563 etiam
1113 1527 1259 1566 nunc
1291 1527 1443 1567 mens
1477 1513 1718 1568 simulet
1746 1513 1946 1568 caelum

372 1602 752 1670 contemplari,
794 1610 848 1657 et
878 1602 944 1656 ad
983 1605 1248 1660 terminos
1283 1606 1472 1660 mundi
1503 1606 1721 1661 curiosa
1763 1608 1948 1677 inqui.

374 1689 572 1744 sitione
599 1691 816 1745 extendi
868 1701 1082 1760 potest;
1124 1708 1188 1748 ac
1237 1709 1346 1748 non
1379 1695 1656 1750 divellitur
1699 1707 1946 1752 contem-

2056 513 2131 584 μὴ
2166 511 2646 584 συνδιασχιζομένη
2692 513 2757 582 τῇ
2801 512 2907 564 τῶν
2950 509 3226 581 στοιχείων
3272 509 3622 580 ὲναντιὸτητι.

2051 603 2125 656 Οὐ
2155 602 2264 673 γὰρ
2290 601 2473 674 ἐπειδὴ
2499 602 2639 656 κατὰ
2671 601 2767 673 τὴν
2802 600 3032 671 τοπικὴν
3072 600 3370 676 διάστασιν,
3409 599 3502 651 καὶ
3529 598 3628 670 τὴν

2052 693 2214 747 ποίαν
2252 691 2366 764 (28)
2401 693 2656 764 ἰδιότητα,
2704 691 2985 764 πόρρωθεν
3015 690 3258 762 ἀλλήλων
3304 689 3480 744 ταῦτα
3513 690 3626 760 (ἳθ)

2051 784 2349 854 νομίζεται,
2373 785 2459 838 διὰ
2492 785 2648 838 τοῦτο
2681 785 2878 854 κάμνει
2910 785 2942 852 ἡ
2985 782 3304 845 ἀδιάστατος
3327 780 3486 850 φύσις
3514 782 3628 846 τοῖς

2049 873 2290 937 τοπικῶς
2311 874 2614 946 διεστηκόσι
2641 874 3043 943 συναπτομένη.
3071 873 3191 925 ’ἐπεὶ⁵
3213 871 3306 925 καὶ
3326 870 3420 924 νῦν
3451 870 3626 936 ἔξεστι

2049 965 2114 1034 τῇ
2146 962 2350 1034 διανοίᾳ
2381 963 2516 1034 ὁμοῦ
2561 980 2620 1017 τε
2648 963 2739 1016 τὸν
2770 963 2997 1034 οὐρανὸν
3026 962 3269 1032 θεωρεῖν,
3306 961 3400 1015 καὶ¹
3437 960 3530 1012 ἐπὶ
3556 959 3626 1012 τά

2051 1054 2265 1124 πέρατα
2288 1055 2380 1108 τοῦ
2417 1055 2621 1126 κόσμου
2649 1057 2768 1122 ταῖς
2801 1052 3350 1126 πολυπραγμοσύναις
3385 1051 3623 1104 ἐκτείνε-

2053 1145 2175 1199 σθαι
2200 1161 2213 1173 ’
2244 1146 2336 1199 καὶ
2363 1146 2422 1199 οὐ
2462 1147 2754 1200 διασπᾶται
2784 1145 2918 1217 πρὸς
2945 1143 3183 1197 τοσαῦτα
3223 1143 3369 1213 μήκη
3407 1142 3468 1195 τὸ
3490 1141 3625 1194 θεω-

2055 1237 2276 1307 ρητικὸν
2309 1238 2406 1307 τῆς
2437 1238 2616 1308 ψυχῆς
2649 1238 2803 1308 ἡμῶν
2830 1237 3241 1306 διατεινόμενον.
3261 1232 3468 1287 Οὐκοῦν
3496 1232 3622 1286 οὖδ-

2049 1330 2107 1382 ὲν
2135 1330 2387 1401 ἐμπόδιόν
2439 1333 2555 1384 ἐστι
2582 1335 2648 1401 τῇ
2675 1331 2816 1400 ψυχῇ
2849 1328 2989 1382 κατά
3016 1327 3077 1380 τὸ
3105 1323 3221 1380 ἴσον
3238 1329 3491 1398 παρεῖναι
3512 1327 3622 1389 τοῖς

2048 1420 2144 1474 τοῦ
2175 1421 2424 1493 σώματος
2456 1424 2756 1492 στοιχείοις,
2790 1422 2884 1475 καὶ
2926 1419 3388 1490 συγκεκραμένοις
3415 1417 3502 1471 διὰ
3522 1417 3624 1486 τῆς

2050 1511 2373 1583 συνδρομῆς,
2423 1512 2516 1565 καὶ
2544 1511 2931 1581 ἀπολυομένοις
2973 1510 3062 1563 διὰ
3107 1508 3216 1580 (30)
3255 1507 3353 1578 τῆς
3383 1503 3623 1575 ἀνακρά⁹

2050 1620 2207 1668 σεως.
2250 1603 2514 1674 Καθάπερ
2544 1604 2651 1673 γὰρ
2675 1601 2875 1673 χρυσοῦ
2911 1602 3004 1654 καὶ
3033 1599 3272 1671 ἀργύρου
3304 1594 3624 1665 συντετηκό-

2049 1713 2155 1748 των
2205 1695 2548 1766 ἐνθεωρεῖταί
2596 1713 2678 1758 τις
2713 1693 2934 1764 τεχνικὴ
2984 1692 3211 1762 δύναμις
3257 1692 3291 1761 ἡ
3339 1689 3438 1751 τὰς
3492 1687 3624 1749 ὕλας

372 1782 569 1849 plativa
616 1782 811 1838 anima:
845 1794 1044 1839 nostra:
1068 1800 1215 1854 pars,
1246 1787 1376 1841 dum
1421 1787 1486 1842 ad
1521 1794 1703 1844 tantas
1732 1789 1944 1844 disten-

2052 1785 2384 1856 συντήξασα·
2422 1787 2515 1836 καὶ
2559 1785 2606 1836 εί
2649 1784 2810 1836 πάλιν
2859 1779 3156 1849 άποτακείη
3195 1777 3287 1830 τοῦ
3335 1777 3523 1846 ἑτέρου
3565 1773 3626 1825 τὸ

372 1871 522 1925 ditur
573 1872 958 1944 longitudines.
1013 1874 1152 1946 Ergo
1205 1878 1337 1931 nihil
1400 1878 1627 1948 impedit
1678 1879 1942 1949 animam,

371 1961 504 2028 quin
539 1963 820 2031 aequaliter
867 1966 1114 2034 corporis
1149 1967 1292 2022 adsit
1340 1967 1644 2032 elementis,
1686 1976 1800 2023 tum
1846 1985 1944 2040 per

371 2065 698 2107 concursum
738 2057 1178 2126 contemperatis,
1215 2064 1330 2110 tum
1380 2073 1477 2127 per
1515 2059 1938 2127 discussionem,

371 2140 804 2209 distractionem,
825 2155 986 2216 atque
1003 2147 1421 2218 disjunctionem
1442 2151 1720 2207 resolutis.
1747 2151 1946 2218 Quem-

372 2232 662 2286 admodum
736 2236 881 2288 enim
935 2251 1071 2290 auro
1122 2245 1177 2291 et
1243 2246 1470 2307 argento
1529 2241 1949 2310 colliquefactis,

372 2323 666 2379 artiﬁciosa
700 2327 782 2382 vis
809 2327 1053 2396 quaedam
1084 2329 1347 2394 cernitur,
1381 2346 1500 2399 quae
1536 2335 1796 2388 materias
1852 2349 1946 2390 eas

370 2417 717 2483 conﬂaverit;
755 2430 810 2474 et
833 2424 876 2475 si
911 2437 1103 2477 rursus
1130 2438 1224 2492 per
1254 2421 1692 2492 liquefactionem
1716 2427 1947 2482 alterum

371 2509 440 2564 ab
463 2509 636 2565 altero
667 2520 981 2581 separatum
1012 2512 1200 2577 fuerit,
1234 2514 1594 2570 nihilominus
1650 2517 1788 2572 ratio
1815 2519 1948 2576 artis

371 2601 426 2654 in
459 2612 692 2671 utroque
723 2611 939 2668 manet;
972 2618 1034 2657 ac
1061 2605 1284 2658 materia
1304 2606 1520 2674 quidem
1554 2605 1729 2662 divisa
1759 2607 1942 2675 fuerit,

369 2705 460 2747 ars
487 2701 667 2747 autem
719 2709 828 2747 una
856 2709 980 2747 cum
1018 2697 1244 2748 materia
1278 2711 1386 2750 non
1429 2696 1775 2764 dissecatur;
1810 2714 1946 2768 quo-

371 2795 497 2835 nam
527 2783 670 2836 enim
697 2783 858 2836 modo
895 2781 1062 2835 dividi
1096 2783 1294 2851 poterit
1335 2784 1674 2840 individuum
1701 2787 1724 2839 ?
1755 2788 1943 2842 eadem

371 2872 580 2926 ratione
613 2887 675 2926 ea
716 2887 837 2941 quae
894 2880 1075 2926 mente
1117 2880 1334 2926 constat
1360 2912 1375 2937 ,
1425 2882 1588 2943 atque
1626 2877 1952 2948 cogitatione

2048 1877 2253 1950 ἕτερον,
2278 1877 2428 1930 οὐδὲν
2449 1877 2668 1929 ἔλαττον
2695 1877 2722 1928 ὁ
2745 1877 2843 1946 τῆς
2883 1873 3076 1943 τέχνης
3098 1871 3254 1930 λόγος
3291 1869 3348 1920 ὲν
3378 1865 3624 1935 ἐκατέρῳ

2052 1970 2201 2042 μένει
2219 1985 2235 2002 ⁸
2267 1970 2362 2022 καὶ
2387 1970 2420 2040 ἡ
2455 1968 2552 2039 μὲν
2580 1967 2678 2037 ὕλη
2709 1965 3046 2037 διεμερίσθη,
3107 1959 3142 2028 ἡ
3163 1955 3218 2010 δὲ
3243 1954 3402 2027 τέχνη
3426 1951 3484 2004 οὗ
3516 1968 3627 2008 συν·

2047 2061 2312 2132 διετμήθη
2335 2063 2400 2130 τῇ
2428 2060 2556 2132 ὕλῃ·
2589 2061 2704 2124 πῶς
2728 2057 2836 2128 γὰρ
2862 2057 2927 2110 ἂν
2953 2051 3248 2124 διαιρεθείη
3269 2050 3328 2101 τὸ
3351 2049 3621 2120 ἄτμητονς

2050 2152 2189 2207 κατά
2217 2153 2307 2206 τὸν
2335 2152 2494 2205 αὑτὸν
2520 2152 2675 2220 λόγον
2718 2150 2813 2204 καὶ
2839 2151 2870 2220 ἡ
2912 2147 3070 2218 νοερὰ
3091 2144 3187 2214 τῆς
3216 2141 3392 2212 ψυχῆς
3429 2138 3588 2207 φύσις
3605 2173 3624 2200 ν

2049 2245 2142 2299 καὶ¹
2175 2248 2243 2316 τῇ
2279 2245 2548 2314 συνδρομῇ
2574 2243 2680 2296 τῶν
2709 2240 2985 2311 στοιχείων
3012 2237 3372 2306 ὲνθεωρεῖται,
3401 2231 3495 2283 καὶ
3515 2229 3627 2281 δια-

2047 2335 2316 2389 λυθέντων
2351 2335 2460 2407 (51)
2489 2336 2591 2388 οὐκ
2621 2331 2996 2401 ἀποκρίνεται,
3032 2327 3166 2382 ἀλλὰ
3205 2325 3302 2378 κιπύ¹
3344 2326 3401 2375 ὲν
3443 2319 3627 2380 αὐτοῖς

2053 2427 2209 2498 μένει
2247 2427 2338 2480 καὶ
2369 2427 2427 2479 ὲν
2449 2424 2526 2496 τῷ
2555 2423 2816 2496 χωρισμῷ
2840 2421 3017 2476 αὐτῶν
3047 2411 3624 2487 συμπαρεκτεινομένη

2049 2519 2111 2572 οὐ
2136 2517 2504 2578 διακόπτεται,
2540 2516 2660 2568 οὐδὲ
2694 2516 2829 2584 πρὸς
2850 2514 2940 2568 τὸν
2957 2511 3187 2583 ἀριθμὸν
3210 2509 3317 2561 τῶν
3344 2504 3626 2574 στοιχείων

2050 2610 2130 2672 είς
2189 2609 2389 2681 μερικά
2429 2607 2541 2678 (52)
2587 2607 2851 2678 τμήματα
2911 2599 3440 2673 κατακερματίζεται
3485 2594 3625 2666 (55).

2052 2699 2222 2752 Τοῦτο
2265 2700 2373 2770 γάρ
2407 2700 2536 2754 ίδιον
2562 2699 2660 2770 τῆς
2705 2698 3018 2768 σωματικῆς
3061 2695 3152 2748 καὶ
3193 2684 3628 2759 διαστηματικῆς

2057 2791 2172 2842 ἐστι
2221 2789 2464 2858 φύσεωςο
2501 2792 2533 2861 ἡ
2577 2790 2631 2842 δὲ
2667 2790 2827 2861 νοερά
2854 2806 2912 2841 τε
2963 2789 3057 2841 καὶ
3091 2787 3408 2843 ἀδιάστατος
3463 2776 3628 2847 φύσις

2057 2879 2124 2932 τὰ
2158 2881 2221 2933 ἐκ
2243 2881 2573 2946 διαστάσεως
2608 2883 2707 2935 οὐκ
2733 2881 3045 2950 ἀναδέχεται
3081 2877 3248 2946 πάθη.

371 2961 690 3032 percipitur,
717 2960 913 3014 anima:
942 2967 1158 3024 natura,
1193 2969 1248 3014 et
1298 2961 1354 3013 in
1399 2975 1671 3019 concursu
1704 2966 2094 3023 elementorum
2144 2971 2406 3036 cernitur,
2454 2982 2509 3027 et
2571 2973 2826 3029 resolutis
2873 2974 2977 3038 iis,
3019 2987 3128 3025 non
3177 2967 3480 3024 seet-ruitur
3525 2978 3628 3019 nec

367 3062 722 3122 segregatur;
763 3050 857 3106 sed
896 3059 950 3103 et
979 3058 1159 3105 manet
1195 3051 1248 3103 in
1290 3050 1378 3116 iis,
1413 3060 1466 3106 et
1507 3069 1613 3107 una
1648 3071 1771 3109 cum
1806 3060 2147 3128 separatione
2183 3078 2373 3116 eorum
2415 3071 2638 3119 extensa
2693 3081 2800 3119 non
2869 3064 3235 3126 intereiditur,
3293 3073 3393 3114 nec
3456 3057 3626 3111 inter-

364 3145 657 3214 rumpitur,
703 3157 877 3212 neque
927 3157 1027 3210 pro
1083 3159 1309 3199 numero
1345 3145 1734 3200 elementorum
1773 3149 1824 3202 in
1863 3159 2044 3218 partes
2110 3165 2163 3209 et
2224 3155 2394 3212 frusta
2427 3158 2732 3213 conciditur
2774 3179 2788 3214 :
2828 3159 2879 3213 id
2918 3159 3059 3212 enim
3100 3170 3375 3226 corporea:
3420 3152 3628 3224 pariter

357 3244 424 3288 let
447 3233 810 3290 intervallaris
849 3242 1058 3287 natur-.e
1111 3235 1388 3304 proprium
1423 3242 1507 3290 est

1555 3254 1568 3288 :
1613 3243 1669 3289 at
1709 3235 2025 3308 incorporea
2066 3242 2555 3317 intellectualisque
2582 3257 2636 3302 et
2682 3247 2974 3302 invisibilis
3022 3249 3243 3316 pariter,
3279 3255 3442 3314 atque
3482 3243 3623 3298 divi-

363 3331 543 3385 sionis
590 3327 1057 3394 dimensionisque
1096 3342 1290 3397 expers
1330 3338 1523 3382 natura
1573 3331 1855 3399 passiones
1886 3342 1939 3388 et
1979 3350 2139 3392 casus
2165 3353 2228 3392 ex
2251 3339 2509 3395 distantia
2556 3349 2719 3412 atque
2768 3342 3052 3396 intervallo
3090 3340 3468 3410 contingentes
3508 3354 3620 3394 non

359 3422 587 3492 recipit,
619 3436 796 3490 neque
823 3421 1080 3476 admittit.

441 3539 583 3609 Ergo
609 3537 789 3591 anima
827 3544 911 3591 est
945 3538 996 3589 in
1031 3535 1098 3590 iis
1127 3535 1179 3589 in
1211 3537 1410 3604 quibus
1441 3538 1606 3590 semel
1636 3536 1756 3600 fuit,
1791 3539 1938 3593 nulla

2115 3540 2321 3594 Οὐκοῦν
2349 3542 2494 3595 ἐστιν
2536 3543 2595 3594 ἐν
2623 3541 2804 3604 αὐτοῖς
2833 3543 2866 3610 ή
2900 3541 3066 3611 ψυχὴ,
3101 3542 3158 3594 ἐν
3201 3539 3283 3604 οἷς
3312 3541 3459 3609 ἅπαξ
3497 3543 3618 3612 ὲγέ-

364 3631 695 3686 necessitate
741 3643 859 3682 eam
905 3645 934 3680 a
961 3628 1313 3689 cohaerentia,
1344 3643 1447 3698 qua
1486 3645 1608 3683 eum
1663 3630 1771 3685 illis
1812 3647 1944 3686 eon-

366 3724 558 3792 juncta
599 3728 684 3773 est
724 3730 886 3787 atque
929 3718 1228 3778 concrevit,
1265 3719 1551 3772 avellente.
1587 3718 1727 3784 Quid
1776 3720 1944 3789 igitur

375 3813 429 3866 in
465 3812 550 3866 his
579 3811 756 3870 triste,
803 3808 1058 3861 acerbum
1094 3815 1256 3878 atque
1284 3809 1449 3862 animi
1491 3809 1820 3864 demissiune
1857 3811 1943 3864 (li-

371 3917 538 3972 gnum
563 3909 668 3962 est,
711 3901 755 3953 si
795 3899 846 3952 id
881 3899 1024 3967 quod
1063 3898 1298 3961 videtur,
1334 3915 1455 3952 eum
1496 3900 1753 3955 invisibili
1793 3916 1944 3954 com-

375 3991 656 4048 mutatur?
695 3989 754 4043 Et
783 3989 940 4057 cujus
985 3989 1059 4042 rei
1088 3990 1260 4059 gratia
1303 3990 1437 4043 adeo
1464 4006 1618 4045 meus
1659 4000 1750 4045 tua
1783 3993 1941 4046 morti

371 4083 587 4139 infensa
615 4078 721 4131 est?
741 4105 800 4114 —-
819 4072 883 4129 G.
910 4077 1020 4148 Ego
1043 4092 1188 4142 vero,
1217 4077 1303 4131 ubi
1327 4077 1689 4134 deﬁnitionem
1724 4082 1939 4147 anima,

371 4191 533 4247 quam
583 4176 637 4228 in
684 4172 951 4241 superiori
995 4184 1245 4226 sermone
1290 4169 1510 4233 iecerat,
1547 4172 1731 4225 animo
1765 4173 1942 4226 revol-

373 4268 572 4322 vissem
596 4275 757 4336 atque
790 4263 1189 4334 repetivissem,
1213 4261 1323 4316 dixi
1354 4277 1458 4317 non
1492 4262 1629 4317 satis
1658 4261 1790 4316 mihi
1819 4278 1942 4316 con-

369 4357 638 4413 sideranti
667 4365 830 4426 atque
866 4355 1046 4408 animo
1073 4353 1345 4423 reputanti
1385 4353 1656 4422 potentias
1686 4363 1741 4408 et
1773 4353 1938 4419 vires,

369 4466 494 4522 quae
532 4453 586 4505 in
616 4452 798 4504 anima
819 4457 1140 4513 cernuntur,
1181 4450 1326 4503 illam
1356 4448 1659 4504 orationem
1683 4464 1806 4505 esse
1842 4449 1939 4504 de—

371 4553 725 4600 monstratam
751 4561 762 4596 :
795 4556 913 4612 quae
938 4540 1068 4596 dicit
1092 4555 1209 4596 eam
1245 4540 1662 4594 intellectualem
1694 4554 1816 4594 esse
1845 4555 1940 4593 na-

365 4643 574 4702 turam,
607 4642 660 4691 et
687 4635 741 4688 in
775 4632 1225 4690 instrumentario
1250 4645 1482 4700 corpore
1503 4629 1723 4686 vitalem
1744 4632 1850 4684 vim
1872 4630 1936 4684 ad

371 4739 632 4781 sensuum
658 4723 1001 4779 eilicientiam
1027 4731 1189 4792 atque
1210 4722 1570 4791 adjectionem
1601 4721 1935 4792 iugenerare.

363 4813 506 4870 Nam
539 4831 646 4870 non
691 4817 867 4870 solum
904 4815 1046 4870 circa
1089 4827 1208 4867 eam
1246 4814 1441 4868 mentis
1463 4821 1661 4868 nostra:
1687 4814 1940 4883 agitatio-

365 4922 518 4970 nem,
559 4921 663 4979 qua
699 4907 961 4961 scientias
985 4905 1311 4977 percipimus
1343 4919 1406 4959 ac
1441 4905 1803 4973 speculamur,
1831 4904 1937 4958 elli-

367 5010 470 5051 cax
518 5005 572 5050 et
621 5005 846 5051 actuosa
893 4997 1074 5051 anima
1128 5006 1312 5049 nostra
1364 5003 1464 5059 est,
1517 5011 1611 5061 per
1654 5011 1770 5050 eam
1820 5010 1939 5064 quae

363 5094 550 5143 mente
579 5095 794 5142 constat
815 5095 869 5142 et
901 5086 1253 5156 intelligentia
1297 5102 1410 5141 sum
1436 5094 1640 5139 naturae
1666 5085 1772 5138 vim
1804 5085 1934 5138 talia

583 5284 685 5336 Διά
713 5284 996 5354 κράσεως.
1026 5285 1069 5336 Δ
1095 5281 1134 5336 Β
1151 5283 1216 5336 δι’
1241 5284 1613 5354 ἀνακράσεως.

437 5352 552 5422 (ἲ8)
579 5354 784 5408 Ποίαν.
810 5354 850 5406 Β
868 5353 1050 5406 Ποιάν.

441 5422 551 5494 (29)
583 5423 771 5494 Ταῦτα
799 5424 949 5494 deest
975 5422 1036 5478 B.

436 5490 551 5563 (⁷50)
588 5492 1044 5563 ’Λπολυομένοις
1076 5491 1191 5546 διά.
1224 5492 1265 5546 Β
1289 5492 1444 5547 ἀπολ.
1491 5491 1539 5547 δ.
1581 5491 1681 5562 τῆς
1718 5490 1935 5561 συνδρο-

371 5563 489 5637 riis
503 5563 596 5637 xui
626 5563 1020 5637 ἀπολλρμένηςο

437 5631 989 5704 (δυΔιαλυθέκτωκ.
1030 5633 1070 5685 Α
1103 5634 1163 5704 in
1188 5633 1432 5701 margine
1454 5675 1468 5699 ,
1508 5631 1892 5686 ἀναλυθέντων.

433 5701 549 5775 (32)
580 5704 818 5770 Μερικά.
841 5704 880 5755 Β
909 5703 1046 5774 μέρη
1077 5701 1185 5754 καί.

2044 3647 2183 3694 νετο,
2214 3631 2468 3702 οὐδεμιᾶς
2516 3632 2757 3702 ἀνάγκης
2801 3635 2898 3699 τῆς
2944 3632 3080 3702 πρὸς
3124 3634 3306 3688 ὲκεῖνα
3339 3635 3617 3704 συμφυΐας

2044 3721 2210 3793 αὐτὴν
2240 3723 2590 3794 ἀποσπώσης.
2628 3723 2692 3775 Τί
2727 3717 2820 3776 οὖν
2853 3723 2913 3776 τὸ
2944 3723 3264 3795 σκυθρωπὸν
3305 3726 3363 3778 ὲν
3404 3725 3616 3791 τούτοις

2044 3813 2209 3873 ἐστὶν,
2241 3814 2288 3864 εί
2313 3813 2405 3866 τοῦ
2434 3814 2711 3885 ὁρωμένου
2744 3815 2803 3868 τὸ
2835 3815 3008 3879 ἀειδὲς
3035 3817 3492 3884 ἀνταλλάσσεται;
3523 3818 3617 3872 καὶ

2045 3901 2183 3971 ὑπὲρ
2215 3901 2358 3966 τίνος
2381 3901 2522 3956 οὕτω
2546 3903 2890 3974 διαϐέϐληταί
2920 3922 3001 3958 σοι
3038 3906 3171 3977 πρὸς
3198 3907 3290 3959 τὸν
3327 3906 3555 3961 θάνατον
3579 3909 3615 3978 ή

2042 3991 2247 4044 διάνοια
2258 3991 2416 4060 ς-Γ,
2439 3989 2580 4060 Ἐγὼ
2591 3989 2664 4055 δὲ,
2681 3988 2962 4044 ἀναλαϐὼν
2977 3993 3086 4065 (54)
3098 3995 3161 4063 τῇ
3177 3991 3381 4062 διανοίᾳ
3396 3993 3484 4047 τὸν
3501 3996 3618 4066 ὁρι-

2045 4080 2199 4150 σμδν,
2229 4081 2289 4134 δν
2321 4083 2378 4133 ὲν
2405 4083 2515 4144 τοῖς
2542 4081 2647 4152 πρὸ
2676 4082 2863 4136 τούτου
2893 4083 3072 4152 λόγοις
3111 4084 3237 4154 περὶ
3260 4083 3438 4154 ψυχῆς
3461 4085 3615 4138 ἐποι-

2043 4173 2230 4242 ήσατο,
2259 4173 2355 4242 οὐχ
2392 4172 2589 4236 ίκανῶς
2628 4169 2780 4228 εἷπον
2811 4174 3130 4244 ὲνδεδείχθαί
3190 4192 3277 4245 μοι
3323 4175 3413 4228 τὸν
3459 4175 3616 4244 λόγον

2043 4265 2246 4316 ἐκεῖνον
2278 4264 2374 4328 τὰς
2406 4265 2846 4336 ὲνθεωρουμένας
2877 4268 2944 4336 τῇ
2976 4265 3122 4336 ψυχῇ
3169 4265 3425 4335 δυνάμεις
3459 4265 3570 4337 (55)
3595 4277 3612 4296 ⁹

2041 4354 2100 4418 ὃς
2131 4371 2262 4424 φησι
2290 4355 2479 4426 νοεράν
2506 4357 2673 4425 αὐτὴν
2703 4351 2842 4409 εἶναι
2879 4356 3087 4417 οὐσίαν,
3113 4357 3207 4408 καὶ
3235 4357 3312 4426 τῷ
3340 4357 3617 4428 ὁργανικῷ

2045 4447 2253 4518 σώματι
2301 4447 2535 4518 ζωτικὴν
2577 4447 2802 4516 δύναμιν
2844 4447 2978 4516 πρὸς
3019 4447 3118 4517 τὴν
3155 4447 3262 4501 τῶν
3312 4447 3618 4518 αἰσθήσεων

2041 4537 2318 4608 ἐνέργειαν
2345 4539 2588 4605 ἐμποιεῖν
2611 4553 2624 4564 ’
2655 4536 2714 4588 οὐ
2738 4537 2845 4606 γὰρ
2870 4536 3027 4606 μόνον
3045 4537 3172 4606 περ)⁸
3195 4536 3291 4608 τὴν
3316 4539 3616 4607 ἐπιστημο-

2041 4629 2194 4698 νικήν
2214 4645 2270 4681 τε
2303 4630 2394 4681 καὶ
2423 4627 2757 4697 θεωρητικὴν
2779 4627 3014 4680 διάνοιαν
3046 4629 3266 4699 ἐνεργός
3290 4631 3434 4681 ἐστιν
3454 4631 3486 4698 ὴ
3496 4628 3614 4698 μῶν

2041 4720 2073 4788 ἠ
2103 4718 2270 4789 ψυχὴ,
2304 4721 2360 4770 ὲν
2389 4717 2464 4788 τῷ
2485 4717 2655 4788 νοερῷ
2684 4719 2782 4788 τῆς
2804 4719 2991 4782 οὐσίας
3024 4719 3082 4771 τὸ
3115 4721 3351 4773 τοιοῦτον
3390 4719 3616 4790 ἐργαζο-

2047 4807 2202 4878 μένη,
2233 4807 2352 4859 οὐδὲ
2380 4806 2447 4859 τά
2477 4807 2804 4878 αἰσθητήρια
2841 4809 2976 4876 μόνα
3006 4809 3140 4877 πρὸς
3167 4809 3266 4878 τὴν
3290 4810 3430 4862 κατὰ
3455 4810 3616 4878 φύσιν

2043 4898 2322 4968 ἐνέργειαν
2351 4899 2648 4968 οἰκονομεῖ·
2678 4898 2813 4952 ἀλλὰ
2845 4899 3011 4969 πολλὴ
3045 4900 3142 4970 μὲν
3175 4902 3206 4971 ἡ
3251 4901 3390 4954 κατά
3429 4901 3616 4954 ἐπιθυ-

2049 4987 2175 5057 μίαν
2204 4987 2337 5056 (56),
2374 4987 2539 5056 πολλὴ
2577 4988 2634 5040 δὲ
2685 4991 2777 5041 καὶ
2813 4991 2841 5058 ἡ
2886 4989 3027 5042 κατὰ
3077 4990 3246 5060 θυμὸν
3279 4994 3489 5062 κίνησις
3531 4997 3617 5046 ὲν-

2042 5078 2323 5150 θεωρεῖται
2354 5082 2419 5150 τῇ
2467 5080 2626 5148 φύσει
2651 5099 2663 5111 ·
2698 5083 2962 5154 ἑκατέρας
2993 5086 3105 5156 (5⁸7)
3138 5085 3194 5137 δὲ
3234 5084 3437 5138 τούτων
3472 5102 3616 5152 γενι-

2107 5281 2220 5353 (53)
2260 5279 2834 5353 Karaaqspyadfsmt.
2863 5281 2903 5334 Β
2939 5283 3384 5353 καταμερίζεται.

2106 5352 2215 5420 (54)
2263 5350 2410 5420 Ἐγὼ
2436 5350 2504 5402 δὲ
2541 5351 2876 5406 ἀναλαϐών.
2905 5350 3121 5407 Scholia
3148 5350 3199 5406 in
3228 5355 3378 5407 calce
3399 5352 3614 5410 codicis

2033 5422 2077 5491 A
2104 5421 2397 5490 explicant,
2448 5421 2743 5491 Γρηγὸριος
2798 5423 3093 5486 ἐπίσκοπος
3125 5423 3198 5486 ὡς
3225 5425 3283 5476 ὲν
3317 5423 3611 5479 ἀντιθέσει.

2035 5490 2093 5544 in
2118 5492 2369 5564 _t_nargiue
2387 5490 2660 5564 scribitur
2695 5492 3014 5564 Παραθέσει.

2243 5560 2546 5633 Δυνάμεις.
2576 5562 2617 5613 A
2650 5559 2800 5615 addit
2830 5562 3186 5633 ἐννοουμένῳ.

2248 5631 2406 5705 Κατά
2427 5631 2765 5705 έπιθιομιάν.
2799 5633 2980 5705 Β-κατ’
3004 5631 3231 5705 autem.

2107 5701 2217 5771 (57)
2254 5701 2588 5768 'Exatépac.
2623 5702 2666 5754 Α
2702 5703 2980 5772 ἑκατέρου.
