3950 6132
317 304 384 360 49
1387 306 1470 363 ΟΕ
1507 306 1725 366 ANIMA
1766 308 1853 367 ET
1894 308 2498 367 RESURRECTIONE.
3497 312 3573 367 50‘

317 416 423 478 κῶς
474 415 614 485 ἡμῖν
657 417 1066 488 ἐνυπαρχούσης
1117 419 1251 491 (58),
1299 423 1383 486 είς
1436 424 1635 487 πολλάς
1677 443 1737 479 τε
1798 427 1890 480 καὶ

1997 426 2260 492 efficiens,
2301 441 2479 497 neque
2513 426 2763 482 sensoria
2795 440 2922 481 vasa
2961 426 3430 495 instrumentaque
3450 426 3564 481 sola
3657 437 3661 443 '

314 503 569 568 ποικίλας
600 505 857 577 διαφορὰς
875 506 1091 578 ὁρῶμεν
1126 510 1419 579 προϊοῦσαν
1442 516 1561 576 ταῖς
1593 515 1893 587 ἐνεργείαις

309 596 639 666 ἀμφοτέρων
662 596 756 668 τὴν
777 597 1009 666 κίνησιν.
1026 599 1201 653 Πολλά
1217 601 1314 671 μὲν
1337 602 1445 674 γὰρ
1471 602 1615 657 ἔστιν
1637 606 1788 673 ίδεῖν,
1818 600 1893 663 ὧν

309 685 371 738 τὺ
386 685 780 757 ἐπιθυμητικὸν
793 687 1129 759 καθηγεῖται·
1146 690 1315 744 πολλά
1330 709 1391 761 γε
1416 693 1525 763 (59)
1544 694 1766 752 πάλιν.ἆ
1788 697 1889 768 τῆς

309 777 633 848 θυμοειδοῦς
676 779 854 843 αἰτίας
899 779 1181 849 ὲκφύεται,
1218 784 1312 837 καὶ
1357 785 1507 840 οὐδὲν
1535 786 1693 841 τοῦτο
1733 787 1894 858 σῶμά

311 872 425 921 ἐστι
456 869 596 938 (40),
627 870 687 922 τὸ
724 870 780 924 δὲ
808 869 1096 942 ἀσώματον
1125 875 1307 946 νοερὸν
1346 877 1565 942 πάντως
1584 895 1596 908 ·
1631 879 1814 948 νοερὸν
1836 879 1893 933 δέ

310 975 361 1010 τι
392 958 507 1029 (41)
539 959 638 1030 τὴν
667 959 842 1030 ψυχὴν
878 962 907 1014 ό
934 963 1160 1034 όρισμδς
1191 965 1529 1036 ἀπεφήνατο,
1573 966 1713 1021 ὥστε
1749 969 1891 1023 δυοῖν

308 1050 531 1113 ἀτόποις
558 1053 620 1104 τὸ
644 1052 829 1122 ἕτερον
856 1055 919 1107 ἐκ
946 1055 1045 1125 τῆς
1085 1056 1405 1123 ἀκολουθίας
1438 1059 1768 1115 ἀνακύπτειν
1796 1060 1890 1114 τοῦ

308 1139 487 1209 λόγου,
512 1141 548 1212 ἢ
589 1142 682 1196 καὶ
717 1142 808 1195 τὸν
833 1143 1002 1213 θυμὸν
1043 1146 1135 1199 καὶ
1178 1150 1275 1218 τὴν
1312 1149 1607 1220 ἐπιθυμίαν
1637 1151 1802 1217 ἄλλας
1834 1153 1892 1205 ὲν

312 1232 441 1300 ἡμῖν
472 1228 614 1284 εἶναι
643 1232 841 1302 ψυχὰς,
873 1237 962 1288 καὶ
991 1236 1196 1306 πλῆθος
1234 1237 1421 1308 ψυχῶν
1447 1241 1568 1293 ἀντὶ
1599 1243 1729 1310 μιᾶς
1765 1242 1893 1297 καθ·

308 1319 559 1389 ορᾶσθαι,
596 1323 628 1393 ἢ
670 1323 806 1393 μηδὲ
850 1325 913 1377 τὸ
955 1325 1289 1398 διανοητικὺν
1337 1329 1396 1381 τὸ
1435 1330 1494 1383 ἐν
1543 1331 1673 1403 ἡμῖν
1713 1333 1891 1405 ψυχὴν

308 1411 539 1465 οἴεσθαι.
578 1413 653 1467 To
684 1415 792 1486 γὰρ
822 1416 1006 1487 νοερὸν
1053 1419 1249 1489 ἐπίσης
1288 1424 1454 1477 πᾶσιν
1513 1423 1890 1495 ἐφαρμοζόμε-

310 1518 416 1563 νον,
443 1502 477 1572 ἢ
511 1505 726 1569 πάντας
748 1505 859 1577 (42)
887 1506 1063 1577 ψυχὰς
1084 1508 1351 1574 ἀποδείξει
1382 1510 1572 1578 ταῦτα,
1598 1512 1630 1583 ἢ
1661 1514 1889 1568 ἕκαστον

310 1591 512 1643 τούτοιν
551 1594 618 1646 ἐκ
654 1593 748 1647 τοῦ
797 1594 912 1649 ῐσου
948 1597 1045 1651 τοῦ
1085 1598 1197 1670 (45)
1248 1598 1535 1672 ἰδιώματος
1575 1603 1676 1674 τῆς
1714 1603 1889 1677 ψυχῆς

312 1682 611 1754 ἐξαιρήσει.

1994 519 2061 574 ad
2094 520 2398 575 naturalem
2431 517 2804 580 efficientiam,
2852 518 3333 586 operationemque
3363 517 3561 587 guber-

1994 619 2128 679 nat;
2184 610 2280 666 sed
2317 609 2519 663 multus
2548 607 2767 677 quidem
2807 607 3142 677 cupiditatis,
3186 607 3390 661 multus
3435 605 3564 663 item

1993 698 2291 754 iracundia:
2319 714 2539 769 quoque
2571 707 2761 772 motus
2796 696 3038 750 cernitur
3079 696 3134 748 in
3169 694 3291 764 ejus
3329 703 3562 762 natura;

1993 808 2114 847 cum
2148 800 2326 846 autem
2373 791 2566 845 horum
2618 797 2910 859 utrumque
2959 787 3287 857 generaliter
3318 786 3372 840 in
3406 786 3566 841 nobis

1993 881 2143 946 insit,
2179 881 2233 935 in
2265 881 2464 935 multas
2489 879 2694 951 pariter
2729 893 2793 934 ac
2827 876 3008 932 varias
3030 875 3369 933 dilierentias
3396 875 3566 931 actio-

1993 970 2179 1035 nibus,
2238 970 2661 1040 efticientiisque
2715 969 2997 1023 amborum
3051 966 3307 1039 progredi
3358 975 3564 1023 motum

1991 1061 2259 1117 videmus.
2296 1060 2430 1115 Nam
2470 1060 2640 1115 multa
2678 1058 2897 1131 quidem
2929 1059 3116 1115 videre
3153 1059 3298 1122 licet,
3331 1073 3566 1130 quorum

1990 1153 2417 1225 concupiscendi
2462 1153 2545 1209 vis
2590 1161 2783 1209 auctor
2812 1167 2876 1208 ac
2904 1152 3013 1208 dux
3050 1161 3175 1218 est;
3214 1168 3406 1209 rursus
3436 1152 3567 1208 item

1991 1244 2163 1300 multa
2189 1259 2219 1298 a
2242 1259 2409 1301 causa
2431 1245 2526 1301 ira:
2548 1244 2906 1301 concitatrice
2923 1253 3250 1309 nascuntur,
3273 1259 3336 1299 ac
3353 1243 3563 1297 nullum

1992 1335 2185 1390 horum
2217 1350 2419 1407 corpus
2461 1345 2581 1402 est;
2627 1336 2773 1407 quod
2807 1342 2987 1391 autem
3040 1337 3423 1406 incorporeum
3458 1339 3562 1397 est,

1990 1427 2357 1483 intellectuale
2401 1443 2629 1498 prorsus
2671 1437 2777 1492 est,
2827 1428 3054 1500 solaque
3094 1436 3274 1485 mente
3313 1435 3563 1492 constat;

1991 1533 2156 1588 porro
2197 1519 2616 1575 intellectualem
2644 1520 2937 1590 quamdam
2972 1521 3199 1591 solaque
3229 1527 3407 1575 mente
3433 1533 3565 1573 con-

1990 1617 2228 1665 stantem
2286 1617 2341 1667 et
2390 1611 2939 1682 comprehensibilem
2992 1627 3106 1666 rem
3154 1626 3279 1667 esse
3329 1609 3564 1664 animam

1988 1699 2233 1756 delinitio
2248 1701 2570 1768 declaravit,
2600 1710 2660 1757 ut
2687 1702 2921 1759 duorum
2946 1702 3308 1759 absurdorum
3333 1702 3563 1756 alterum

313 1787 377 1825 ex
413 1776 812 1844 consequentia
848 1777 1114 1835 orationis
1155 1781 1382 1838 exsistat
1429 1793 1590 1855 atque
1630 1795 1907 1858 emergat,
1959 1800 2053 1845 aut
2096 1798 2153 1847 ut
2202 1792 2492 1849 iracundia
2542 1808 2759 1864 quoque
2801 1803 2964 1864 atque
3001 1795 3270 1864 cupiditas
3320 1793 3440 1848 aliae
3508 1790 3566 1845 in

312 1870 463 1924 nobis
491 1873 693 1927 animae
717 1874 849 1937 sint,
883 1882 938 1929 et
966 1889 1065 1945 pro
1102 1889 1209 1928 una
1249 1876 1539 1933 multitudo
1613 1881 1917 1934 animarum
1957 1882 2396 1954 deprehendatur
2424 1891 2588 1956 atque
2613 1884 3097 1949 animadvertatur,
3125 1892 3310 1940 autne
3366 1883 3567 1941 mentis

311 1962 525 2030 quidem
556 1965 813 2034 agitatrix
844 1974 899 2022 et
929 1967 1264 2039 intelligendi
1305 1970 1387 2025 vis
1418 1971 1471 2024 in
1495 1971 1674 2035 nobis,
1707 1975 1887 2028 anima
1920 1991 2042 2033 esse
2069 1985 2309 2048 putetur.
2344 1977 2478 2034 Nam
2510 1979 2876 2039 intellectuale
2942 1979 3168 2047 solaque
3200 1984 3380 2032 mente
3435 1991 3568 2031 con-

310 2062 461 2109 stans
488 2062 546 2108 et
576 2057 1070 2125 comprehensibile
1092 2060 1373 2129 aequaliter
1389 2061 1644 2117 omnibus
1678 2066 2176 2134 accommodatum,
2209 2076 2306 2124 aut
2335 2069 2522 2124 omnia
2554 2070 2671 2125 haec
2733 2069 2951 2126 animas
3032 2082 3154 2123 esse
3220 2066 3324 2122 den
3347 2076 3569 2122 onstra-

311 2144 407 2206 bit,
440 2154 536 2199 aut
565 2149 995 2220 unumquodque
1023 2150 1218 2205 horum
1250 2168 1317 2206 ex
1343 2167 1501 2221 teque
1526 2152 1728 2207 eximet
1744 2164 1908 2225 atque
1941 2158 2176 2228 excipiet
2209 2174 2276 2215 ex
2301 2159 2404 2214 hac
2431 2160 2625 2216 animae
2655 2159 3005 2232 proprietate.

364 2235 817 2302 Μ.ἮδὲΠολλοῖς
846 2239 1029 2308 φησὶν,
1055 2244 1187 2313 (44),
1235 2242 1336 2313 ἤδη
1365 2249 1457 2299 καὶ
1493 2243 1673 2308 ἄλλοις
1695 2244 1891 2318 ἐζητη-

2072 2249 2139 2305 Μ.
2168 2248 2342 2320 Atque
2363 2249 2470 2313 illa,
2491 2249 2661 2318 Hanc,
2687 2250 2878 2322 inquit,
2915 2247 3174 2302 rationem
3188 2242 3297 2312 jam
3323 2257 3350 2294 a
3376 2239 3568 2296 multis

314 2329 468 2394 μένον
505 2327 603 2380 τὸν
631 2328 788 2397 λόγον
816 2331 1003 2383 τοῦτον
1030 2330 1334 2396 ἀκολούθως
1366 2335 1459 2386 καὶ
1495 2335 1655 2398 αὐτὸς
1695 2335 1889 2408 ἐπιζη-

307 2420 416 2480 τεῖς
448 2417 593 2488 (45),
623 2419 673 2482 ὅ,
699 2436 752 2472 τι
778 2419 889 2491 (46)
915 2420 1044 2474 ποτὲ
1072 2422 1177 2493 χρὴ
1200 2422 1374 2477 ταῦτα
1399 2425 1641 2495 νομίζειν
1664 2422 1803 2479 εἶναι
1830 2426 1892 2481 τὸ

306 2509 705 2581 ἐπιθυμητικὸν
728 2512 839 2584 (47)
880 2513 974 2568 καὶ
1016 2514 1078 2567 τὸ
1115 2514 1414 2587 θυμοειδὲς,
1456 2520 1566 2572 εἴτε
1600 2537 1891 2573 συνουσιωο

311 2600 442 2669 μένα
468 2604 536 2673 τῇ
585 2601 754 2674 ψυχῇ,
800 2605 893 2659 καὶ
936 2605 1088 2677 παρά
1138 2607 1236 2678 τὴν
1277 2610 1449 2682 αὐτὴν
1482 2609 1595 2681 (48)
1630 2610 1791 2675 εὐθὺς
1820 2614 1890 2684 τῇ

308 2696 627 2764 κατασκευῇ
673 2696 1103 2768 συνυπάρχοντα,
1139 2699 1253 2752 εἴτε
1295 2717 1346 2752 τι
1393 2700 1521 2754 ἄλλο
1562 2702 1693 2772 παρ’
1722 2702 1891 2772 αὐτὴν

304 2780 431 2832 ὄντα
460 2782 559 2833 καὶ
595 2779 821 2853 ὕστερον
848 2784 977 2853 ἡμῖν
1004 2785 1357 2856 ἐπιγινόμενα
1382 2785 1518 2857 (49).
1558 2788 1632 2841 Τὸ
1663 2790 1761 2859 μὲν
1781 2788 1891 2860 γάρ

307 2868 604 2938 ἐνορᾶσθαι
628 2873 694 2940 τῇ
726 2870 873 2942 ψυχῇ
899 2872 1089 2937 ταῦτα,
1121 2874 1271 2946 παρά
1298 2875 1513 2929 πάντων
1538 2876 1734 2948 ἐπίσης
1758 2877 1890 2948 ὀμο-

307 2958 570 3027 λογεῖταιο
595 2960 657 3013 τὺ
679 2960 735 3013 δὲ
758 2962 806 3027 ὅ,
831 2979 884 3015 τι
909 2964 1014 3035 χρὴ
1040 2966 1168 3036 περὶ
1192 2966 1370 3021 αὐτῶν
1392 2968 1617 3035 οἴεσθαι,
1644 2968 1796 3022 οὔπω
1822 2970 1890 3022 δι’

307 3050 598 3121 ἀκριῦείας
627 3046 784 3123 εὗρεν
814 3055 843 3106 ό
876 3054 1049 3123 λόγος.
1076 3055 1218 3109 ὥστε
1242 3057 1464 3128 βεϐαίαν
1491 3061 1589 3131 τὴν
1613 3063 1740 3132 περὶ
1771 3063 1894 3116 τού-

308 3158 412 3195 των
434 3142 710 3212 ὑπόληψιν
736 3144 899 3215 ἔχειν,
926 3146 1039 3199 ἀλλ’
1063 3147 1144 3200 ἔτι
1171 3149 1616 3219 πεπλανημέναις
1638 3152 1687 3203 οἱ
1710 3150 1892 3205 πολλοὶ

312 3236 400 3289 καὶ
423 3235 709 3305 διαφόροις
740 3239 862 3301 ταῖς
905 3239 1032 3310 περὶ
1062 3239 1266 3293 τούτων
1311 3240 1491 3305 δόξαις
1517 3242 1892 3307 ὲπιδιστὰξου-

312 3343 413 3383 σιν.
444 3328 614 3399 Ἡμῖν
629 3328 686 3381 δὲ
704 3331 752 3383 εί
780 3330 880 3401 μὲν
909 3331 1068 3403 ἱκανὴ
1091 3332 1228 3403 πρὸς
1251 3333 1524 3398 ἀπόδειξιν
1544 3335 1758 3404 ἀληθῶς
1781 3335 1891 3407 (50)

309 3414 375 3490 ἦν
400 3422 434 3492 ἡ
461 3420 577 3486 ἔξω
609 3421 918 3492 φιλοσοφία,
949 3425 983 3493 ἡ
1011 3425 1275 3494 τεχνικῶς
1304 3426 1433 3497 περὶ
1462 3426 1667 3480 τούτων
1707 3428 1892 3482 διαλα-

311 3513 499 3580 ϐοῦσα,
545 3514 800 3585 περιττὸν
825 3514 891 3568 ἂν
935 3511 1003 3588 ἦν
1044 3517 1173 3580 ἴσως
1217 3517 1309 3570 τὸν
1347 3519 1474 3589 περὶ
1517 3518 1691 3589 ψυχῆς
1738 3520 1894 3589 λόγον

1992 2339 2157 2395 etiam
2211 2339 2336 2393 aliis
2387 2339 2695 2410 quaesitam,
2746 2341 3150 2405 consequenter
3188 2334 3306 2404 ipse
3350 2344 3569 2402 quoque

1991 2428 2350 2500 requisivisti,
2407 2428 2668 2500 quidnam
2716 2428 2933 2483 tandem
2987 2426 3103 2480 haec
3148 2438 3271 2480 esse
3317 2429 3571 2492 oporteat

1991 2522 2308 2576 existimare
2330 2560 2345 2584 ,
2374 2520 2433 2574 τὸ
2463 2518 2855 2590 ἐπιθυμητικόν
2876 2557 2892 2581 ,
2933 2517 2985 2571 id
3015 2525 3132 2579 est,
3171 2515 3275 2569 vim
3319 2514 3569 2583 concupi-

1992 2613 2203 2676 scendi;
2240 2610 2299 2665 τὺ
2330 2610 2629 2683 θυμοειδές,
2657 2612 2708 2664 id
2743 2617 2847 2675 est,
2879 2609 2985 2664 vim
3008 2608 3102 2661 ira:
3127 2606 3515 2663 concitatricem
3548 2620 3569 2660 :

1993 2703 2230 2759 simulne
2257 2702 2420 2758 insita
2452 2702 2505 2756 in
2530 2702 2725 2755 animae
2756 2708 2953 2754 natura
2985 2706 3039 2752 et
3068 2696 3225 2768 quasi
3263 2694 3572 2751 coessentia

1992 2805 2155 2865 atque
2177 2792 2616 2856 consubstantia,
2644 2798 2698 2846 et
2727 2791 2797 2846 ab
2824 2790 2981 2845 initio
3003 2803 3128 2844 cum
3154 2803 3215 2843 ea
3239 2788 3372 2851 sint,
3408 2795 3571 2856 atque

1993 2900 2022 2938 a
2058 2885 2325 2954 principio
2365 2884 2550 2939 statim
2592 2898 2700 2938 una
2733 2898 2859 2938 cum
2908 2881 3190 2937 creatione
3218 2889 3271 2934 et
3301 2879 3571 2934 constitu-

1992 2976 2142 3031 tione
2170 2974 2290 3046 ejus
2322 2975 2655 3038 exstiterint,
2688 2989 2755 3028 an
2785 2973 2949 3028 etiam
2981 2970 3187 3041 aliquid
3219 2970 3366 3023 aliud
3407 2980 3579 3040 atque:

1992 3066 2109 3137 ipsa
2132 3068 2261 3128 sint,
2296 3076 2350 3121 et
2384 3066 2661 3136 posterius
2686 3064 2845 3120 nobis
2869 3061 3245 3118 accesserint?
3268 3059 3402 3114 Nam
3424 3059 3571 3130 quod

1993 3159 2107 3212 hac
2137 3157 2354 3227 quidem
2390 3158 2443 3212 in
2477 3157 2663 3211 anima
2716 3162 3036 3221 cernantur,
3070 3169 3135 3208 ex
3169 3167 3327 3222 aequo
3356 3144 3573 3207 constat

1994 3247 2136 3302 inter
2177 3263 2406 3315 omnes;
2457 3247 2588 3318 quid
2617 3255 2799 3300 autem
2835 3244 2903 3300 de
2943 3246 3023 3300 eis
3063 3243 3381 3299 existimare
3408 3256 3573 3312 opor-

1993 3341 2123 3399 teat,
2175 3336 2419 3391 nondum
2451 3335 2612 3406 plene
2649 3343 2813 3404 atque
2860 3330 3099 3403 perfecte
3143 3334 3280 3388 ratio
3319 3338 3572 3388 assecuta

1992 3433 2097 3492 est,
2131 3433 2189 3478 ut
2212 3425 2424 3478 firmam
2456 3424 2525 3479 de
2547 3424 2631 3477 his
2663 3424 2860 3477 habeat
2884 3422 3219 3492 opinionem,
3251 3420 3345 3476 sed
3376 3420 3572 3491 vulgus

1993 3508 2331 3568 etiam‘nune
2357 3515 2532 3584 vagis,
2561 3512 2825 3583 falsisque
2864 3528 2928 3568 ac
2954 3512 3188 3567 diversis
3219 3511 3571 3582 Opinionibus

310 3584 631 3677 προτιθέναι
667 3606 779 3677 (51)
813 3605 892 3677 τῷ
923 3584 1220 3678 σκέμματι.
1258 3584 1550 3679 Ἐπεὶ-(52)
1653 3584 1764 3674 τοῖς
1793 3584 1892 3681 μὲν

1998 3602 2066 3659 de
2120 3604 2207 3659 his
2261 3604 2508 3672 ambigit.
2539 3603 2708 3657 Nobis
2758 3618 2907 3669 vero,
2966 3601 3238 3670 siquidem
3290 3600 3579 3655 sufficiens

310 3700 448 3753 κατά
481 3698 548 3752 τὸ
587 3700 752 3767 φανὲν
796 3698 1085 3752 ἀκόλουθον
1116 3698 1233 3752 κατ’
1268 3699 1516 3765 ἐξουσίαν
1561 3700 1828 3771 προῆλθεν
1856 3703 1890 3774 ἡ

311 3793 437 3862 περ).
461 3791 651 3862 ψυχῆς
679 3792 880 3864 θεωρία
899 3809 913 3823 ·
936 3793 1097 3862 ἡμεῖς
1125 3791 1181 3844 δὲ
1200 3791 1298 3860 τῆς
1325 3791 1436 3861 (55)
1465 3790 1710 3857 ἐξουσίας
1733 3792 1893 3862 ἄμοι-

313 3900 392 3953 ροι
428 3882 641 3952 ταύτης
670 3883 855 3953 ἐσμὲν,
894 3883 994 3952 τῆς
1039 3882 1219 3950 λέγειν
1250 3882 1361 3955 (54)
1406 3882 1549 3954 φημὶ
1591 3881 1734 3953 ἆπερ
1771 3882 1895 3952 βου-

310 3973 537 4044 λόμεθα,
567 3974 751 4027 κανόνι
795 3973 997 4037 παντὸς
1039 3973 1303 4043 δόγματος
1334 3974 1446 4043 (55)
1479 3974 1571 4027 καὶ
1608 3975 1757 4045 νόμῳ
1800 3991 1892 4029 xs-

312 4067 577 4137 χρημένοι
632 4069 697 4137 τῇ
753 4065 886 4137 ἁγία
936 4066 1128 4136 Γραφῇ
1181 4065 1327 4135 (56)·
1383 4065 1696 4134 ἀναγκαίως
1754 4066 1891 4136 πρὸς

311 4155 517 4228 ταύτην
545 4155 848 4226 βλέποντες,
877 4154 1036 4208 τοῦτο
1055 4152 1322 4224 δεχόμεθα
1342 4152 1521 4223 μόνον,
1541 4152 1588 4217 ὅ,
1613 4169 1666 4204 τι
1691 4169 1797 4223 περ
1823 4152 1890 4206 ἂν

311 4240 344 4317 ᾖ
368 4244 696 4316 συμφωνοῦν
726 4244 838 4313 (57)
866 4244 943 4314 τῷ
960 4242 1075 4297 ’τῶν
1093 4242 1490 4314 γεγραμμένων
1517 4241 1722 4312 σκοπῷ.
1751 4243 1891 4296 Οὐκ-

310 4335 401 4389 οῦν
448 4334 719 4404 παρέντες
761 4333 824 4386 τὸ
872 4332 1219 4387 Πλατωνικὸν
1259 4330 1413 4403 ἅρμα
1472 4329 1606 4401 (58),
1653 4331 1748 4385 καὶ
1792 4330 1892 4402 τὴν

312 4425 731 4495 ὖπεζευγμένην
751 4423 899 4495 αὐτῷ
927 4423 1193 4495 ξυνωρίδα
1213 4423 1319 4476 τῶν
1340 4421 1553 4481 πώλων,
1577 4422 1674 4492 οὐχ
1695 4421 1896 4492 ὁμοίως

312 4518 433 4578 ταῖς
466 4515 661 4587 ὁρμαῖς
705 4513 843 4584 πρὸς
879 4512 1143 4582 ἀλλήλους
1186 4511 1439 4582 ἐχόντων,
1479 4511 1574 4564 καὶ
1617 4502 1708 4565 τὸν
1754 4509 1894 4579 ὑπὲρ

312 4607 522 4662 τούτων
563 4605 797 4677 ἡνίοχον,
847 4605 915 4660 δι’
952 4598 1028 4659 ὧν
1072 4603 1326 4658 ἁπάντων
1368 4602 1438 4657 τὰ
1484 4602 1711 4658 τοιαῦτα
1766 4604 1897 4675 περὶ

385 4762 503 4831 (38)
545 4760 1059 4831 Ἐνυπαρχούσης.
1080 4759 1124 4815 Α
1156 4757 1197 4814 Β
1228 4759 1643 4831 ἐνυπάρχοντος.

411 4832 504 4901 59)
537 4832 850 4901 Πολλά-γε.
879 4832 918 4901 ᾼ
948 4830 1002 4901 Β
1025 4830 1197 4901 πολλά
1220 4831 1297 4885 δέ.

410 4897 504 4971 40)
537 4902 718 4956 Τοῦτο
738 4897 910 4971 σίῶμά
933 4900 1082 4957 ἐστι.
1120 4900 1160 4954 Β
1191 4901 1396 4956 τούτων
1426 4897 1587 4971 σῶμα
1610 4900 1747 4954 ἐστι.

389 4972 505 5042 (il)
534 4972 608 5026 Δέ
627 4988 703 5026 τι.
734 4971 777 5025 Β
800 4971 858 5042 δέ
881 4987 934 5042 τι
962 4972 1172 5042 χρῆμα.

388 5040 505 5111 (42)
533 5042 785 5108 Πάντας.
812 5041 855 5094 Α
881 5039 923 5094 Β
962 5039 1156 5095 πάντα.

416 5110 510 5168 45)
551 5113 714 5168 ἰσου
734 5111 860 5166 τοῦ.
893 5112 937 5163 Δ
965 5111 1003 5163 Β
1030 5110 1145 5165 ίσου
1179 5112 1388 5166 τούτου.

416 5178 505 5247 44)
543 5181 615 5237 Ἡ
631 5181 701 5235 δὲ
726 5180 1000 5247 πολλοῖς.
1035 5181 1093 5235 1η
1119 5181 1269 5237 calce
1289 5180 1500 5235 codicis
1527 5181 1572 5234 A
1598 5180 1703 5235 hoc
1725 5178 1897 5234 habes

323 5250 673 5323 sc_holion.'H
700 5250 1024 5323 διδᾲσκαλοςΔ
1044 5250 1256 5323 ἀπαντᾷ
1281 5253 1349 5323 τῇ
1380 5250 1669 5316 ἀντιθέσει,
1700 5266 1900 5320 γραφι-

323 5320 441 5393 κῶς
458 5322 525 5393 τὸ
551 5324 753 5393 ἄπορον
786 5318 1184 5393 θεραῃύουσα.

394 5391 507 5462 (45)
541 5389 885 5462 Ἐπὶζηζεῒςῖ.
910 5390 957 5445 Α
975 5389 1016 5443 Β
1036 5391 1387 5462 ὲπεζήτησας.
1502 5422 1523 5439 .

397 5461 507 5531 (46)
538 5463 632 5523 Ὀ,
650 5479 725 5517 τι.
750 5460 792 5515 Β
816 5462 919 5516 ὅτι.

418 5528 508 5602 47)
542 5530 1022 5602 Ἐπιθυμητικόν.
1043 5528 1089 5584 Α
1181 5529 1580 5602 ,ἐπιθυμητικόν
1611 5547 1692 5602 τε.

418 5599 509 5672 48)
531 5599 699 5671 Παρὰ
718 5599 835 5669 ﬁn»
851 5600 1065 5672 αὐτήν.
1097 5601 1144 5654 Α
1180 5599 1221 5653 Β
1245 5599 1395 5672 παρά
1416 5599 1516 5671 τὴν
1548 5600 1789 5672 πρώτην.

417 5670 507 5741 49)
541 5670 969 5741 Extra-(Spera.
997 5671 1038 5724 Β
1070 5670 1449 5741 ἐπιγενόμενα.

398 5736 509 5813 (50)
549 5736 742 5812 ἰκακὴ
793 5736 943 5811 Ξτρὸς
962 5740 1137 5798 dadd.
1176 5736 1441 5811 ἆλτῇθῶς.
1468 5740 1527 5796 Β.
1569 5740 1699 5813 πρὸς
1738 5736 1890 5794 ἀπάδ.

485 5462 509 5815 ἓ

1999 3704 2145 3750 esset
2175 3694 2240 3749 ad
2288 3694 2809 3750 demonstrationem
2845 3693 3091 3748 veritatis
3135 3699 3358 3746 externa
3396 3690 3573 3760 philo-

2001 3787 2215 3857 sophia,
2238 3803 2359 3858 qua:
2386 3788 2455 3842 de
2486 3787 2572 3843 his
2603 3788 2767 3843 rebus
2797 3785 3097 3853 artificiose
3130 3783 3451 3854 disputavit,
3488 3792 3571 3837 at-

1999 3894 2106 3950 que
2136 3880 2409 3940 tractavit,
2439 3892 2904 3949 supervacaneum
2928 3875 3158 3932 forsitan
3183 3882 3329 3931 esset
3353 3874 3572 3928 illorum

1997 3968 2449 4024 commentationi
2484 3966 2552 4023 de
2590 3967 2771 4021 anima
2818 3966 3059 4036 adjicere
3104 3978 3433 4021 sermonem.
3463 3960 3575 4018 Sed

1996 4059 2252 4130 quoniam
2298 4059 2366 4114 ab
2402 4059 2510 4113 illis
2540 4058 2760 4129 quidem
2786 4064 2951 4127 prout
2977 4070 3323 4126 consequens
3348 4061 3404 4109 et
3441 4065 3574 4108 eon-

1998 4156 2317 4203 sentanenm
2350 4147 2527 4202 visum
2562 4156 2732 4214 esset,
2776 4161 2840 4201 ex
2869 4145 3089 4199 licentia
3135 4152 3300 4215 atque
3328 4143 3398 4198 ad
3427 4142 3574 4197 arbi-

1996 4238 2164 4293 trium
2198 4237 2415 4309 prodita
2450 4246 2535 4294 est
2566 4238 2634 4293 de
2665 4237 2845 4291 anima
2881 4236 3304 4299 commentatio;
3345 4249 3447 4290 nos
3477 4248 3575 4287 an—

2000 4338 2108 4385 tem
2133 4328 2295 4398 hujus
2313 4327 2546 4383 licentire
2565 4333 2816 4397 expertes
2832 4341 3046 4385 sumus.
3063 4323 3301 4389 dicendi,
3326 4323 3572 4392 inquam,

1998 4435 2122 4491 quae
2154 4420 2443 4486 volumus;
2479 4418 2682 4489 quippe
2713 4418 2808 4487 qui
2864 4416 3047 4489 regula
3102 4429 3329 4485 prorsus
3375 4412 3574 4468 divina

2001 4512 2267 4568 doctrina:
2286 4520 2341 4567 et
2363 4526 2463 4581 pro
2486 4512 2604 4581 lege
2629 4509 2833 4563 utimur
2857 4513 3047 4563 saneta
3071 4505 3377 4575 Scriptura,
3411 4511 3575 4572 atque

2002 4604 2070 4661 ad
2104 4604 2245 4659 hanc
2292 4603 2608 4661 necessario
2636 4601 2983 4672 respicimus,
3031 4603 3133 4654 hoc
3164 4598 3341 4653 solum
3373 4592 3573 4664 recipi-

1998 4757 2465 4835 ἀληθείας-ἱκαναί]ἔ
2488 4755 2529 4808 Δ
2560 4754 2814 4835 ἀληθείας
2849 4770 2947 4835 pro
2975 4752 3212 4826 ἀληθῶς.

2070 4823 2183 4900 (Eii)
2215 4823 2581 4900 ιιροτιθέχαι.
2689 4823 3044 4900 περιτιθέναι.

2071 4894 2777 4975 (ξὲὶἘ.πεέ·¹ἔ.έπέειδήοξ
2848 4964 2861 4975 .
3079 4961 3095 4975 .
3175 4962 3187 4974 .
3504 4961 3541 4975 ι-

2069 4961 2184 5036 (55)
2232 4965 2421 5036 Ἡμεῖς
2443 4964 2511 5019 δὲ
2535 4965 2666 5032 τῆς,
2689 4961 2821 5036 ῥίς..
2848 4964 2961 5036 lure
2987 4961 3147 5036 verba
3163 4962 3227 5036 in
3250 4961 3402 5036 calce
3419 4961 3571 5036 c_odi-

1998 5030 2086 5093 cis
2112 5030 2264 5092 A'ita
2287 5030 2806 5096 'illustrantur,"0ct
2832 5032 2973 5086 κατὰ
3003 5030 3095 5086 τὸν
3125 5032 3229 5101 τῆς
3257 5030 3401 5093 θείας
3434 5030 3567 5101 Γρα·

2000 5109 2105 5178 φῆς
2140 5107 2340 5178 σκοπὸν
2381 5108 2414 5177 ἡ
2446 5107 2566 5177 περὶ
2598 5104 2775 5175 ψυχῆς
2805 5101 3121 5157 διδασκαλία
3162 5099 3242 5173 τῷ
3271 5099 3576 5171 συγγραφεῖ

2001 5177 2069 5248 με
2117 5177 2395 5248 ελήτηται.

2074 5195 2188 5318 (54)
2228 5247 2341 5318 Τῆς
2370 5246 2589 5318 λέγειν.
2622 5242 2665 5318 Β
2694 5239 2910 5318 τῆςλτοῦ
2943 5239 3141 5311 λέγειν.

2071 5310 2187 5402 (ἕξ)
2211 5310 2526 5402 ιὲείάἀιατὸςο
2549 5316 2604 5395 A.
2626 5310 2780 5402 9:91,":
2795 5310 3083 5402 δάἕμαξοςς

2001 5380 2187 5529 Γ
2219 5380 2493 5456 Κείρημ.
2530 5382 2604 5452 τῇ
2642 5380 2784 5451 ἁγίᾳ
2826 5380 2935 5450 rp.
2965 5383 3008 5435 Β
3051 5384 3119 5455 τῇ
3154 5381 3286 5455 ἁγίᾳ
3336 5397 3571 5454 κεχρημ.

2073 5522 2183 5591 (δ”ἵ
2219 5522 2606 5595 Συμφωνοῦν.
2638 5522 2680 5575 Β
2702 5523 3011 5594 σύμφωνον.

2074 5535 2189 5667 (58)
2218 5592 2821 5667 Πλατωνικὸν-λὸρμα.
2864 5591 2926 5667 I_n_
2953 5592 3104 5667 calce
3126 5589 3354 5667 _codicns
3394 5587 3439 5641 A
3472 5586 3577 5667 hoc

2002 5658 2200 5735 legitur
2229 5665 2496 5735 Scholion,
2529 5658 2782 5731 Διάλογον
2808 5666 2837 5716 ὁ
2868 5663 3092 5735 Πλάτων
3114 5662 3412 5735 *ἐποιήσατο
3448 5658 3577 5735 περὶ

2001 5723 2201 5809 ψύγῆς.
2222 5736 2280 5789 ὃν
2306 5723 2572 5789 Φαίδωνα
2588 5723 2917 5807 ἐπέγραψεν,
2940 5736 2996 5787 ἐν
3019 5723 3063 5798 ᾧ
3082 5731 3140 5784 τὸ
3170 5723 3276 5802 μὲν
3292 5723 3573 5799 θυμοειδές
