3950 6132
354 320 418 377 5!
1569 322 1628 380 S.
1666 322 1993 379 GRECOllII
2034 319 2324 376 NYSSENI
3527 315 3597 372 52

352 449 477 489 mus
503 437 561 489 et
587 433 978 504 approbamus,
1032 435 1399 506 quodcunque
1448 452 1572 491 cum
1625 437 1921 507 Scriptura:

2028 436 2197 507 ψυχῆς
2237 434 2512 505 φιλοσοφεῖ
2544 433 2609 487 δι’
2650 432 2967 503 αἰνίγματος
2991 446 3003 461 ·
3040 430 3137 483 ὅσα
3174 429 3220 483 θ’
3255 431 3283 483 ὁ
3326 429 3442 498 (59)
3478 427 3595 500 μετ’

348 524 667 580 convenerit
692 532 749 580 et
768 524 1183 582 concordaverit
1214 526 1533 581 intentione.
1565 525 1732 596 lgitur
1754 530 1921 585 omis-

353 629 412 670 so
450 615 692 671 Platonis
736 630 923 681 curru,
971 616 1130 686 eique
1173 616 1483 686 subjunctis
1527 618 1730 688 bijugis
1760 620 1920 690 pullis

349 721 638 777 equorum,
677 721 785 762 non
820 707 1007 763 eadem
1040 708 1182 762 inter
1216 722 1276 763 se
1309 707 1597 764 aﬁ‘ectione
1634 718 1689 764 et
1716 710 1918 780 impetu

350 797 617 863 pmditis,
669 798 848 869 iisque
881 797 1134 868 praefecto
1167 798 1376 867 auriga,
1427 800 1630 869 quibus
1666 800 1921 855 omnibus

349 890 441 945 ille
468 904 567 960 per
597 890 826 960 aenigma
869 896 1031 959 atque
1081 890 1427 945 involucrum
1473 892 1602 945 talia
1638 891 1704 945 de
1738 891 1919 944 anima

350 980 763 1052 philosophatur
790 979 894 1051 (a);
946 980 1166 1035 omissis
1214 980 1343 1036 item
1383 980 1471 1045 iis,
1522 982 1834 1052 qttaatradit
1875 982 1921 1035 is

349 1075 443 1145 qui
476 1081 599 1143 post
637 1089 760 1128 eum
809 1073 1170 1144 philosophus
1200 1073 1322 1138 fuit,
1354 1074 1447 1143 qui
1480 1090 1568 1130 res
1598 1076 1921 1145 apparentes

351 1164 644 1219 artiﬁciose
679 1164 1043 1232 persequitur,
1071 1179 1244 1234 eaque
1276 1180 1395 1234 qua:
1434 1181 1579 1219 nunc
1604 1166 1764 1221 nobis
1792 1180 1922 1236 pro-

350 1258 527 1326 posita
565 1264 693 1311 sunt
724 1256 1013 1326 diligenter
1034 1256 1354 1312 examinans
1387 1271 1451 1311 ae
1480 1266 1744 1323 tractans,
1778 1272 1923 1311 mor-

350 1350 511 1402 talem
546 1363 642 1417 per
664 1348 779 1401 hzec
808 1348 1045 1401 animam
1079 1363 1202 1403 esse
1236 1350 1451 1404 censuit
1482 1359 1644 1421 atque
1680 1366 1921 1422 pronun—

352 1440 531 1502 tiavit;
565 1438 768 1493 relictis
795 1437 922 1492 item
960 1438 1215 1493 omnibus
1250 1439 1317 1493 iis
1352 1440 1443 1509 qui
1469 1448 1524 1495 et
1557 1451 1682 1495 ante
1716 1448 1768 1495 et
1801 1451 1923 1510 post

353 1532 450 1585 hos
482 1529 723 1596 fuerunt,
771 1529 861 1599 qui
910 1528 992 1583 vel
1025 1543 1187 1599 prosa
1234 1529 1543 1599 solutaque,
1574 1530 1658 1585 vel
1694 1546 1923 1586 numero

349 1620 580 1690 quodam
614 1635 677 1674 ac
708 1634 967 1675 mensura
998 1610 1225 1674 astricta
1266 1622 1511 1675 oratione
1552 1636 1641 1676 res
1684 1621 1923 1690 philoso-

351 1712 534 1778 phicas
570 1712 941 1777 tradiderunt,
970 1712 1233 1767 divinitus
1261 1711 1532 1781 proditam
1556 1710 1919 1783 Scripturam,

2022 529 2224 579 ἐκεῖνον
2255 525 2540 596 φιλόσοφος
2570 527 2599 578 ὁ
2641 522 2904 594 τεχνικῶς
2948 522 3057 592 (60)
3087 524 3199 585 τοῖς
3246 520 3595 591 φαινομένοις

2020 614 2346 678 ἀκολουθῶν,
2379 615 2474 668 καὶ
2520 614 2588 667 τὰ
2619 612 2713 667 νῦν
2757 614 2887 683 ἡμῖν
2932 609 3263 681 προκείμενα
3309 608 3376 662 δι’
3407 610 3597 679 ἐπιμε-

2020 708 2167 771 λείας
2195 704 2589 772 κατεξετάξων,
2632 704 2830 775 θνητὴν
2859 699 2997 756 εἷναι
3022 702 3110 756 διὰ
3140 703 3344 756 τούτων
3371 701 3471 772 τὴν
3497 701 3597 771 ψυ-

2021 798 2122 869 χὴν
2148 800 2481 869 ἀπεφήνατο,
2507 797 2601 851 κα)¹
2634 797 2840 859 πάντας
2874 794 3000 858 τούς
3034 813 3094 847 τε
3122 794 3226 866 πρὸ
3252 794 3476 855 τούτων,
3503 793 3598 846 καὶ

2019 892 2146 954 τοὺς
2207 890 2423 959 ἐφεξῆς,
2478 888 2603 952 τούς
2662 905 2719 940 τε
2775 887 3147 956 καταλογάδην
3203 886 3297 940 καὶ
3356 886 3481 949 τοὺς
3539 886 3598 937 ὲν

2023 981 2213 1052 ῥυθμῷ
2253 981 2364 1052 (61)
2390 998 2497 1037 τινι
2528 981 2623 1035 καὶ
2656 979 2835 1050 μέτρῳ
2873 977 3337 1048 φιλοσοφήσαντας
3371 976 3597 1030 καταλι-

2022 1074 2235 1136 πόντες.
2281 1072 2481 1126 σκοπὸν
2507 1070 2599 1125 τοῦ
2650 1070 2809 1139 λόγου
2838 1070 2935 1141 τὴν
2981 1069 3336 1123 θεόπνευστον
3376 1070 3599 1141 Γραφὴν

2022 1163 2373 1235 ποιησώμεθα
2404 1164 2537 1235 (62),
2571 1163 2605 1235 ἢ
2636 1164 2813 1234 ψυχῆς
2854 1161 3131 1232 ἐξαίρετον
3163 1162 3328 1231 μηδὲν
3357 1162 3599 1233 νομίζειν

2022 1254 2162 1311 εἶναι
2205 1255 2554 1325 νομοθετεῖ,ὃ
2597 1256 2670 1326 μὴ
2720 1256 2811 1308 καὶ
2853 1255 2951 1324 τῆς
2994 1252 3143 1315 θείας
3191 1251 3403 1321 φύσεώς
3451 1254 3599 1305 ἐστιν

2024 1348 2173 1401 ἴδιον.
2213 1345 2271 1398 ’0
2317 1346 2426 1416 γὰρ
2478 1345 2727 1416 ὁμοίωμα
2760 1327 2895 1398 Θεοῧ
2949 1342 3047 1413 τὴν
3079 1342 3255 1413 ψυχὴν
3300 1338 3438 1395 εἶναι
3494 1343 3600 1413 φή-

2025 1452 2123 1499 σας
2158 1438 2292 1504 (65),
2318 1436 2422 1489 πᾶν
2450 1435 2478 1488 ὃ
2510 1435 2784 1507 ἀλλότριόν
2812 1437 2926 1487 ἐστι
2959 1433 3117 1493 Θεοῦ,
3149 1433 3305 1495 ἐκτὸς
3335 1431 3472 1486 εἴναι
3506 1433 3599 1486 τοῦ

2022 1528 2145 1598 ὅρου
2171 1527 2271 1597 τῆς
2306 1526 2482 1597 ψυχῆς
2515 1527 2847 1597 ἀπεφήνατο.
2886 1525 3018 1579 Οὐδὲ
3047 1526 3155 1598 γὰρ
3187 1525 3296 1595 (ϐιί)
3326 1524 3390 1578 ἂν
3412 1526 3469 1577 ὲν
3490 1527 3601 1589 τοῖς

2024 1618 2501 1693 παρηλλαγμένοις
2531 1617 2817 1688 διασωθείη
2848 1617 2909 1670 τὸ
2934 1617 3135 1685 ὅμοιον.
3170 1616 3378 1671 Οὐκοῦν
3412 1615 3599 1686 ἐπειδὴ

2021 1710 2260 1764 τοιοῦτον
2290 1710 2409 1764 οὐδὲ
2442 1713 2508 1781 τῇ
2554 1710 2673 1781 θείᾳ
2706 1710 2819 1781 (65)
2850 1711 3230 1779 συνθεωρεῖται
3262 1708 3441 1778 φύσει,
3476 1706 3599 1759 οὐδὲ

348 1819 459 1874 quo
517 1812 724 1875 spectet
785 1813 839 1859 et
896 1804 1160 1869 intendat,
1234 1804 1471 1858 orationi
1530 1820 1921 1875 proponamus,

2028 1807 2090 1875 τῇ
2122 1803 2266 1874 ψυχῇ
2293 1801 2701 1856 συνουσιοῦσθαι
2727 1800 2837 1872 (66)
2864 1801 3033 1856 ταῦτα
3066 1801 3207 1855 κατά
3244 1800 3398 1870 λόγον
3429 1800 3493 1855 ἄν
3518 1817 3601 1863 τις

349 1911 575 1968 quaeque
598 1895 782 1951 divina
814 1895 1097 1965 Scriptura
1133 1896 1346 1959 statuit,
1398 1901 1456 1950 ut
1489 1896 1625 1950 nihil
1656 1898 1711 1951 in
1743 1897 1923 1951 anima

2031 1895 2369 1964 ὑπονοήσειε.

350 2003 475 2045 esse
508 1995 760 2059 putemus
785 1987 1041 2044 eximium
1084 1993 1139 2042 et
1172 1986 1400 2056 insigne,
1432 1987 1579 2057 quod
1615 2003 1722 2043 non
1762 1988 1926 2044 etiam
1963 1985 2159 2043 divinae
2189 1992 2398 2039 naturae
2435 1983 2711 2053 proprium
2744 1984 2834 2039 sit.
2870 1984 2972 2052 Qui
3000 1984 3143 2038 enim
3188 1981 3602 2039 similitudinem

354 2080 446 2135 Dei
486 2080 721 2134 animam
772 2094 893 2136 esse
930 2078 1087 2142 dixit,
1131 2077 1391 2147 quidquid
1428 2093 1458 2132 a
1502 2078 1610 2135 Deo
1640 2081 1874 2135 alienum
1913 2090 2016 2147 est,
2056 2089 2204 2134 extra
2245 2077 2615 2132 deﬁnitionem
2648 2077 2842 2132 anima:
2879 2094 3001 2133 esse
3032 2075 3347 2131 declaravit.
3390 2074 3601 2129 Etenim

349 2175 404 2227 in
438 2172 667 2229 diversis
710 2188 773 2227 ac
806 2171 1181 2228 differentibus
1228 2172 1527 2229 similitudo
1565 2173 1879 2228 conservari
1923 2188 2032 2229 non
2071 2173 2260 2243 possit.
2312 2173 2454 2246 Ergo
2496 2174 2750 2245 quoniam
2791 2168 3058 2241 ejusmodi
3094 2168 3227 2222 nihil
3258 2183 3381 2223 cum
3416 2164 3600 2222 divina

348 2265 593 2320 cernitur
616 2274 831 2329 natura,
868 2281 935 2321 ne
961 2266 1153 2320 anima:
1180 2265 1397 2336 quidem
1437 2264 1551 2319 hinc
1578 2264 1739 2322 insita
1762 2273 1816 2321 et
1841 2267 1996 2338 quasi
2026 2267 2387 2322 coessentiata
2413 2281 2535 2322 esse
2562 2273 2711 2322 recte
2736 2266 2858 2335 quis
2890 2262 3302 2318 existimaverit.

416 2376 533 2433 Jam
566 2392 696 2433 vero
725 2377 1005 2432 dialectica
1031 2377 1256 2448 quidem
1283 2386 1421 2443 arte,
1447 2394 1543 2449 per
1571 2378 1842 2433 rationum
1871 2387 1925 2434 et

349 2474 796 2538 argumentorum
832 2466 1197 2522 colleetricem
1229 2483 1294 2523 ac
1326 2468 1707 2523 resolutricetn
1736 2466 1916 2521 scien-

345 2559 501 2622 tiam,
532 2565 718 2613 nostra
748 2570 964 2626 quoque
986 2555 1239 2627 dogmata
1272 2566 1434 2629 atque
1468 2558 1688 2613 decreta
1721 2558 1922 2613 conﬁr-

348 2664 500 2704 mare
528 2666 541 2703 :
574 2649 718 2719 quod
741 2647 1053 2718 hujttsniodi
1077 2651 1289 2720 species
1315 2652 1583 2706 orationis
1615 2650 1681 2703 ad
1706 2650 1923 2705 demon-

346 2738 628 2795 strandam
659 2740 963 2806 veritatem,
998 2751 1110 2794 tum
1144 2740 1359 2808 debilis,
1382 2749 1497 2796 tum
1534 2749 1786 2811 suspecta
1810 2740 1916 2795 sit:

349 2827 733 2884 recusabimus
769 2843 834 2884 ae
862 2830 1363 2898 prmtermittemus.
1397 2830 1555 2886 Patet
1579 2832 1721 2885 enim
1752 2830 1923 2885 omni-

349 2922 452 2976 bus
479 2934 543 2974 ac
568 2919 739 2990 liquet
765 2920 911 2991 quod
934 2919 1220 2975 dialectica
1249 2921 1468 2975 curiosa
1500 2921 1775 2977 subtilitas
1826 2936 1922 2991 pa-

2098 2380 2172 2433 Τὸ
2214 2380 2311 2450 μὲν
2347 2376 2439 2433 οὖν
2473 2379 2613 2433 κατά
2650 2379 2748 2449 τὴν
2770 2373 3111 2445 διαλεκτικὴν
3140 2374 3333 2445 τέχνην
3360 2373 3446 2427 διὰ
3473 2372 3601 2427 συλ-

2025 2472 2338 2542 λογιστικῆς
2370 2489 2430 2524 τε
2454 2472 2546 2526 καὶ
2571 2470 2898 2539 ἀναλυτικῆς
2921 2469 3227 2537 ἐπιστήμης
3255 2463 3601 2536 βεϐαιοῦσθαι

2026 2564 2119 2618 καὶ
2142 2563 2210 2617 τὰ
2241 2563 2487 2637 ἡμέτερα
2513 2562 2780 2633 δόγματα,
2807 2561 2882 2624 ὡς
2929 2560 3125 2631 σαθρόν
3147 2577 3206 2611 τε
3240 2558 3333 2612 καὶ
3362 2557 3602 2614 ὕποπτον

2024 2658 2103 2719 εἰς
2145 2654 2415 2719 ἀπόδειξιν
2453 2654 2708 2725 ἀληθείας
2751 2653 2811 2706 τὸ
2847 2652 3085 2706 τοιοῦτον
3130 2646 3267 2715 εἶδος
3303 2649 3398 2705 τοῦ
3439 2650 3600 2718 λόγου

2026 2747 2495 2819 παραιτησόμεθα.
2533 2748 2676 2800 llam.
2703 2745 2811 2815 γάρ
2848 2747 2963 2797 ἐστι
2994 2742 3254 2814 πρόδηλον
3277 2742 3336 2795 τὺ
3357 2741 3454 2811 τὴν
3485 2742 3604 2795 δια-

2025 2837 2280 2907 λεκτικὴν
2306 2837 2621 2907 περιεργίαν
2641 2835 2760 2904 ἴσην
2778 2837 2861 2903 ἐφ’
2885 2834 3120 2903 ἑκάτερα
3137 2833 3233 2904 τὴν
3257 2834 3408 2903 ἰσχὺν
3433 2831 3601 2902 ἔχειν,

2025 2926 2160 2996 πρός
2189 2943 2249 2979 τε
2276 2927 2374 2997 τὴν
2403 2928 2499 2997 τῆς
2533 2925 2790 2995 ἀληθείας
2836 2924 3167 2996 ἀνατροπὴν,
3199 2924 3292 2978 καὶ
3332 2924 3467 2993 πρὸς
3503 2924 3603 2993 τὴν

350 3026 440 3067 res
468 3010 524 3065 in
551 3018 841 3081 utramque
866 3021 1076 3081 partem
1103 3010 1247 3066 vires
1281 3008 1499 3076 habeat,
1548 3011 1631 3065 vel
1664 3010 1731 3064 ad
1762 3026 1918 3065 ever-

2028 2994 2114 3071 τοῦ
2146 2994 2375 3087 ψεύδους
2421 2994 2751 3088 κατηγορίαν
2782 3017 2915 3087 (67).
2961 2994 3127 3070 ’Ὅθεν
3164 3016 3257 3070 καὶ
3299 3015 3467 3087 αὐτὴν
3504 3015 3602 3086 τὴν

348 3104 556 3158 sionem
587 3102 854 3168 veritatis,
902 3102 984 3157 vel
1017 3100 1085 3155 ad
1136 3101 1484 3156 mendacium
1534 3101 1914 3172 judicandum.

348 3196 505 3253 Unde
526 3196 688 3251 etiam
715 3198 886 3265 ipsam
914 3197 1221 3261 veritatent,
1246 3195 1338 3250 ubi
1370 3193 1690 3264 huiusmodi
1735 3193 1917 3262 aliqua

350 3284 593 3341 adhibita
650 3291 769 3338 arte
816 3282 1115 3352 profertur,
1168 3297 1544 3354 saepenumero
1603 3289 1915 3351 suspectam

308 3372 636 3441 'hahemus,
691 3373 853 3444 quasi
909 3373 1103 3428 harum
1161 3374 1361 3428 artium
1421 3373 1699 3429 subtilitas
1755 3381 1919 3442 atque

346 3467 587 3523 versutia
613 3474 849 3520 mentem
884 3472 1131 3521 nostram
1184 3466 1434 3530 sedueat,
1469 3474 1523 3520 et
1568 3466 1645 3519 in
1672 3463 1917 3520 fraudem

351 3557 594 3628 impellat
620 3564 783 3626 atque
813 3571 842 3610 a
876 3556 1107 3612 veritate
1149 3564 1382 3613 avertat.
1450 3555 1555 3611 Sed
1588 3556 1631 3611 si
1664 3558 1788 3626 quis
1838 3558 1922 3609 in-

349 3650 709 3721 compositam
734 3657 786 3704 et
812 3649 1171 3714 inconditam,
1195 3656 1358 3721 atque
1378 3649 1446 3704 ab
1476 3650 1622 3704 omni
1653 3648 1924 3704 velamine

354 3751 410 3798 et
435 3742 635 3797 amictu
663 3741 869 3796 nudam
915 3740 1165 3795 admittat
1191 3743 1518 3806 orationem,
1562 3741 1827 3803 dicemus,
1867 3747 1928 3794 ut

350 3832 676 3903 poterimus,
728 3831 885 3900 juxta
924 3831 1122 3886 seriem
1165 3840 1219 3886 et
1269 3840 1588 3887 contextum
1632 3831 1929 3902 Scriptum

347 3923 681 3987 traditionis,
701 3923 1211 3978 commentationem
1231 3922 1399 3977 dehis
1419 3922 1582 3977 rebus
1603 3922 1713 3978 infe
1726 3932 1926 3978 rentes.

348 4015 488 4083 Quid
530 4015 695 4085 igitur
731 4022 815 4069 est
865 4015 1010 4084 quod
1048 4013 1319 4068 dicimus?
1366 4012 1523 4079 Quod
1562 4013 1665 4067 hoc
1702 4012 1930 4069 rationis

347 4104 619 4174 particeps
651 4102 850 4157 animal
881 4103 1060 4165 homo,
1087 4102 1342 4156 nimirum
1370 4102 1738 4174 intelligentia:
1764 4112 1924 4173 atque

350 4191 594 4249 scientia:
622 4206 789 4263 capax
825 4195 916 4258 sit,
946 4193 1030 4248 vel
1070 4208 1257 4249 eorum
1295 4195 1387 4263 qui
1419 4209 1447 4247 a
1487 4195 1694 4249 ratione
1728 4204 1926 4250 nostrae

348 4284 475 4340 ﬁdei
520 4292 683 4353 atque
725 4283 1002 4355 religionis
1037 4284 1198 4340 alieni
1237 4292 1385 4347 sunt,
1430 4283 1745 4339 testimonio
1774 4298 1926 4337 com-

352 4376 638 4446 probatum
667 4385 751 4430 est
776 4395 789 4430 :
814 4375 1012 4445 quippe
1039 4390 1147 4429 non
1179 4375 1254 4430 ita
1284 4383 1532 4429 naturam
1563 4382 1804 4430 nostram
1828 4374 1923 4429 de-

350 4469 625 4540 scriptttra
653 4482 717 4522 ac
743 4466 1093 4538 designatum
1115 4466 1357 4524 deﬁnitio
1388 4466 1601 4532 fuisset,
1630 4466 1677 4522 si
1706 4466 1922 4537 quidem

2022 3107 2296 3178 ἀλήθειαν,
2330 3110 2458 3162 ὅταν
2499 3108 2637 3179 μετά
2664 3125 2805 3171 τινος
2838 3106 3093 3176 τοιαύτης
3124 3109 3321 3177 τέχνης
3354 3107 3598 3177 προάγη-

2021 3214 2132 3260 ται,
2172 3199 2237 3251 δι’
2282 3199 2513 3269 ὑποψίας
2559 3199 2815 3262 πολλάκις
2861 3199 3195 3268 ποιούμεθα,
3232 3198 3306 3262 ὡς
3334 3198 3435 3267 τῆς
3475 3198 3605 3267 περὶ

2022 3285 2228 3355 ταύτης
2272 3286 2380 3358 (68)
2430 3287 2733 3356 δεινότητος
2786 3288 3273 3357 παρακρουομένης
3311 3287 3468 3357 ἡμῶν
3503 3289 3604 3355 τὴν

2023 3376 2281 3441 διάνοιαν,
2310 3377 2404 3431 κα)⁵
2437 3380 2537 3448 τῆς
2562 3377 2816 3448 ἀληθείας
2873 3378 3277 3447 ἀποσφαλείσης
3303 3377 3433 3449 (69).
3460 3379 3524 3432 Εἰ
3548 3378 3606 3431 δέ

2024 3484 2106 3530 τις
2134 3467 2223 3521 τὸν
2248 3467 2622 3521 ἀκατάσκευόν
2652 3484 2712 3520 τε
2749 3466 2844 3520 καὶ
2869 3467 3072 3536 γυμνὸν
3103 3466 3281 3536 πάσης
3314 3466 3604 3537 περιϐολῆς

2028 3559 2303 3631 προσίοιτο
2333 3558 2512 3626 λόγον,
2550 3557 2782 3627 ἐροῦμεν
2810 3558 2885 3621 ὡς
2925 3556 2991 3610 ἂν
3024 3555 3136 3629 (70)
3162 3552 3272 3610 οἷόν
3306 3574 3363 3609 τε
3462 3556 3603 3611 κατᾶ

2028 3649 2119 3703 τὸν
2153 3649 2340 3721 εἱρμὸν
2363 3650 2459 3719 τῆς
2478 3647 2757 3719 γραφικῆς
2780 3648 3104 3717 ὑφηγήσεως
3121 3646 3220 3719 τὴν
3246 3648 3373 3719 περ).
3399 3647 3604 3700 τούτων

2025 3739 2256 3811 θεωρίαν
2283 3739 2671 3809 προσάγοντες.
2706 3738 2771 3790 Τί
2803 3734 2894 3791 οὖν
2922 3739 3067 3790 ἐστιν
3088 3738 3115 3791 ὃ
3143 3754 3320 3808 φαμεν
3355 3737 3466 3808 (71)
3492 3754 3507 3802 ;
3532 3738 3605 3792 Τὸ

2024 3831 2243 3900 λογικὸν
2277 3831 2433 3884 τοῦτο
2475 3830 2613 3895 ζῶον
2655 3831 2684 3883 ὁ
2725 3830 3008 3899 ἄνθρωπος
3037 3829 3130 3882 νοῦ
3163 3846 3221 3881 τε
3251 3829 3346 3882 καὶ
3375 3829 3603 3898 ἐπιστή-

2029 3940 2136 3993 μης
2168 3922 2412 3975 δεκτικόν
2455 3917 2617 3984 εἶναι,
2646 3921 2679 3992 ἢ
2715 3920 2831 3992 (72)
2861 3920 3011 3991 παρὰ
3047 3919 3155 3972 τῶν
3190 3919 3293 3983 ἔξω
3319 3919 3412 3972 τοῦ
3443 3918 3603 3987 λόγου

2026 4013 2121 4067 τοῦ
2149 4012 2270 4067 καθ’
2303 4016 2451 4082 ἡμᾶς
2484 4012 2898 4083 μεμαρτύρηται
2923 4052 2939 4075 ,
2969 4012 3068 4065 ούκ
3097 4011 3161 4065 ἂν
3188 4010 3329 4064 οὕτω
3356 4010 3448 4063 τοῦ
3490 4013 3605 4082 ὁρι⁴

2031 4102 2168 4174 σμοῦ
2213 4102 2310 4173 τὴν
2348 4102 2507 4172 φύσιν
2550 4102 2705 4172 ἡμῶν
2735 4103 3159 4174 ύπογράφοντος,
3194 4100 3353 4171 εἰπερ
3399 4099 3605 4167 ἐνεώρα

2033 4194 2201 4264 θυμόν
2246 4211 2305 4246 τε
2350 4194 2444 4248 καὶ
2472 4173 2770 4265 ἐπιθυμίαν
2794 4195 2887 4247 καὶ
2914 4195 2982 4248 τὰ
3010 4192 3233 4247 τοιαῦτα
3268 4194 3443 4246 πάντα
3476 4209 3602 4244 συν-

2030 4286 2334 4356 ουσιωμένα
2366 4287 2430 4356 τῇ
2478 4285 2656 4354 φύσει.
2694 4285 2829 4337 υύδὲ
2868 4284 2977 4353 γὰρ
3015 4285 3100 4338 ἐπ’
3128 4283 3285 4338 ἄλλου
3313 4283 3457 4345 τινὸς
3480 4283 3605 4352 ὅρον

2033 4378 2097 4432 ἄν
2126 4395 2210 4441 τις
2256 4374 2482 4448 ἀποδοίη
2511 4377 2605 4431 τοῦ
2648 4375 3028 4446 ὑποκειμένου,
3070 4375 3131 4428 τὸ
3159 4375 3335 4428 κοινὸν
3362 4375 3480 4428 ἀντὶ
3512 4375 3603 4428 τοῦ

2036 4468 2166 4522 ἰδίου
2190 4467 2383 4535 λέγων.

348 4570 403 4616 et
432 4560 806 4624 iracundiam,
834 4567 889 4617 et
928 4560 1424 4631 concupiscentiam
1465 4567 1517 4614 et
1562 4561 1872 4630 huiusmodi
1914 4564 2097 4618 omnia
2145 4577 2267 4618 cum
2308 4569 2493 4615 nostra
2544 4568 2736 4616 natura
2773 4561 2922 4616 unita
2958 4570 3012 4616 et
3050 4561 3205 4631 quasi
3245 4560 3605 4617 coesscntiata

350 4760 444 4813 καὶ
469 4760 867 4831 Δἐπιθυμητικὸν
898 4760 999 4829 τῆς
1042 4759 1418 4831 ψυχῆςμέρος
1444 4759 1694 4831 (συζυγίᾳ
1734 4760 1925 4831 πώλων

348 4827 725 4901 (insinua—to
749 4831 806 4884 δὲ
829 4827 1188 4898 διανοητικδνέ
1215 4827 1380 4901 ῆγουν
1407 4829 1497 4883 τὸν
1532 4827 1680 4894 νοῦνξ
1705 4830 1922 4901 ἡνιόχῳ.

350 4897 561 4971 Ibidem
586 4900 651 4952 ad
678 4901 855 4971 verba
876 4897 1082 4971 textus,
1107 4897 1419 4971 qttat’paulo
1446 4897 1923 4971 postisequuntur,

349 4972 378 5021 ὸ
405 4968 750 5041 μετ’-ἐκεῖνον
784 4969 1087 5041 φιλόσοφος,
1126 4969 1280 5041 legis,
1323 4968 1712 5041 Ἀριστοτέλης.

422 5038 536 5107 (59)
564 5038 721 5091 Ὅσα
751 5035 805 5093 θ⁴
834 5042 885 5092 ὀ.
919 5039 961 5089 Β
985 5035 1087 5091 ὅσα
1117 5035 1304 5092 τὀὖν.
1386 5035 1396 5040 ’
1649 5035 1684 5077 ⁷.

420 5106 534 5175 (60)
566 5107 876 5177 Τεχνικῶς.
908 5110 950 5161 Β
970 5110 1234 5177 τεχνικός.

423 5178 537 5250 (6))
578 5178 799 5250 Ῥυθμῷ
822 5196 935 5230 τινι
975 5196 1030 5250 κζ
1059 5196 1105 5247 μ
1149 5179 1189 5229 Β
1215 5177 1471 5250 εὐρύθμῳ
1496 5180 1603 5232 τινί
1635 5179 1840 5250 μέτρῳ.

424 5248 539 5382 (62)
568 5247 970 5316 Ποιησώμεθα.
1000 5249 1040 5299 Β
1071 5247 1425 5318 ποιησόμεθα.

425 5317 517 5382 (63
571 5317 797 5381 Φήσας.
832 5319 871 5368 Β
899 5317 1087 5371 εἰπών.

425 5317 539 5382 (65)
571 5317 797 5381 Φήσας.
832 5319 871 5368 Β
899 5317 1087 5371 εἰπών.

423 5387 538 5458 (οι)
560 5385 713 5440 Οὐδὲ
734 5387 864 5456 γάρ.
892 5388 932 5440 B
964 5388 1024 5440 ού
1054 5389 1181 5458 γάρ.

428 5540 502 5614 (α)
535 5539 789 5597 Scholion
815 5544 866 5597 in
889 5541 1078 5614 Graeco
1106 5544 1411 5614 appositum
1437 5560 1449 5596 :
1479 5542 1631 5596 Plato
1660 5543 1722 5596 de
1742 5544 1921 5596 anima

356 5613 628 5684 dialogum
663 5614 804 5684 fecit,
846 5629 994 5684 quem
1023 5611 1347 5667 Phaedonem
1397 5614 1661 5681 inscripsit
1687 5627 1705 5665 :
1737 5614 1790 5667 iu
1820 5629 1920 5684 quo

356 5702 446 5740 ea:
470 5682 673 5751 quidem
697 5682 887 5737 auimd‘
911 5694 1108 5750 partes,
1143 5684 1194 5736 iu
1223 5684 1408 5747 quibus
1442 5690 1490 5733 et
1522 5682 1921 5751 coucupisreudi

358 5755 435 5810 vis
481 5763 526 5806 ct
558 5754 755 5810 irarum
792 5754 952 5810 ardor
983 5754 1205 5815 exsistit,
1254 5754 1376 5820 pari
1417 5752 1679 5821 pullorum
1714 5755 1925 5823 equino-

2109 4761 2221 4831 (65)
2253 4761 2406 4816 Οὐδὲ
2434 4778 2487 4815 τ.
2517 4766 2568 4817 0.
2603 4762 2643 4813 Β
2669 4760 2818 4831 οὐδὲν
2838 4777 2889 4815 τ.
2918 4758 2967 4810 θ.

2120 4827 2217 4895 ’66)
2247 4831 2743 4885 Συνουσιοῦσθαι.
2775 4830 2816 4880 Β
2843 4827 3250 4882 συνουσιῶσθαι.

2128 4902 2216 4966 67)
2253 4901 2369 4966 Τὴν
2395 4919 2445 4953 τ.
2474 4904 2540 4968 ψ.
2584 4918 2787 4966 κατηγ.
2828 4900 2868 4951 Β
2896 4898 2993 4967 τὴν
3023 4915 3220 4968 κατηγ.
3254 4916 3303 4952 τ.
3335 4898 3393 4968 ψ.

2106 4971 2217 5038 (68)
2248 4970 2385 5037 Περὶ
2412 4966 2651 5035 ταῦτης.
2685 4972 2726 5020 Α
2752 4970 2793 5020 Β
2822 4966 3159 5037 περὶταῦταέ

2107 5034 2217 5109 (69)
2258 5034 2771 5111 βλποσθςαλξίᾳης.
2802 5034 2907 5111 ΔΑΒ
2934 5038 3398 5111 ἀποσφαλλούσης.

2099 5106 2212 5177 (70)
2255 5110 2351 5175 Ὧς
2372 5106 2473 5177 ﬁt».
2515 5111 2559 5161 A
2592 5109 2631 5158 Β
2657 5109 2804 5171 ὅπως
2836 5106 2917 5161 ἄν.

2100 5174 2209 5249 (71)
2241 5180 2302 5231 Τί
2325 5174 2439 5233 οὖν
2453 5179 2624 5232 ἐστιν
2644 5177 2906 5249 δίφαιέεν.
2927 5178 2980 5249 In
3006 5181 3154 5235 calce
3174 5179 3378 5237 codicis
3397 5181 3433 5233 Α
3459 5182 3600 5240 hanc

2030 5247 2242 5303 invenis
2275 5259 2478 5310 notam,
2506 5248 2736 5319 ορισμὸς
2757 5247 2857 5318 τῆς
2885 5248 3091 5313 οὐσίας.

2103 5319 2214 5389 (72)
2247 5319 2331 5371 Ἦ.
2369 5319 2410 5370 Β
2433 5318 2544 5370 καί.

2031 5560 2147 5596 rum
2175 5544 2358 5597 currui
2387 5545 2821 5613 subjunrtorunt:
2853 5557 3074 5603 mentem
3108 5557 3280 5603 autem
3318 5564 3408 5602 seu
3447 5548 3599 5602 illam

2027 5616 2379 5686 auium-ivim.
2430 5634 2534 5685 qua
2581 5626 2629 5670 et
2661 5620 2837 5671 animo
2884 5620 3167 5686 agitamus,
3223 5620 3514 5686 cogitamus
3548 5627 3597 5670 et

2028 5685 2513 5755 quintadvet'limus,
2563 5688 2763 5755 auriga:
2795 5685 3127 5742 assiutilavil.
3180 5685 3303 5743 "(ac
3339 5697 3515 5744 autem
3540 5687 3599 5740 iu

2033 5753 2299 5811 Phxdonc
2327 5772 2426 5811 nou
2458 5766 2597 5825 sunt,
2632 5753 2720 5811 sed
2748 5760 2797 5811 in
2826 5757 3070 5817 Pltzcdro.
