3950 6132
312 187 391 243 53
1400 193 1484 250 DE
1523 193 1738 250 ANIMA
1779 193 1866 249 ET
1904 193 2504 254 RESURRECTIONE.
3506 200 3576 255 ει

313 304 483 366 atque
529 301 1014 359 consubstantiata
1057 320 1181 363 esse
1238 307 1467 366 videret.
1506 312 1641 368 Nam
1690 328 1791 370 nee
1832 313 1886 368 in
1915 313 2027 368 ulla
2061 310 2285 385 quidem
2335 312 2438 368 alia
2480 326 2559 378 re,
2606 310 2726 366 loco
2767 311 2973 380 proprii
3016 324 3306 367 commune
3345 326 3573 383 ponens,

315 386 563 456 subjecti
598 391 890 462 quisquam
916 394 1152 451 ediderit
1174 398 1570 458 definitionem.

393 477 562 534 Ἐπεὶ
590 480 689 537 οὖν
718 483 783 537 τὸ
810 484 1205 558 ἐπιθυμητικόν
1232 507 1290 544 τε
1317 492 1410 545 κα).
1452 493 1733 566 θυμοειδὲς
1762 496 1897 551 κατά

2077 492 2346 558 Quoniam
2404 492 2569 564 igitur
2611 500 2665 549 et
2715 491 3143 562 concupiscendi
3198 507 3251 548 et
3302 493 3572 549 irascendi

306 567 371 623 τὸ
400 570 527 623 ῑσον
578 574 676 627 καὶ
703 574 795 628 ἐπὶ
828 576 927 647 τῆς
957 576 1154 647 ἀλόγου
1198 598 1257 634 τε
1297 585 1390 638 καὶ
1435 585 1657 657 λογικῆς
1693 588 1905 657 φύσεως

308 659 653 734 καθορᾶται,
673 666 772 720 οὐκ
789 668 857 723 ἄν
875 686 958 734 τις
980 671 1218 740 εὐλόγως
1239 675 1303 727 ὲκ
1324 674 1416 728 τοῦ
1438 677 1617 731 κοινοῦ
1639 696 1906 751 χαρακτη-

311 751 457 823 ρίζει
486 753 611 827 (75)
644 757 706 810 τὸ
734 758 884 813 ἴδιον.
922 762 985 814 ’Ὀ
1014 762 1071 814 δὲ
1101 763 1239 835 πρὸς
1267 764 1366 837 τὴν
1390 767 1490 836 τῆς
1531 768 1744 836 φύσεως
1777 769 1906 821 ὐπο-

306 846 539 918 γραφὴν
585 850 843 921 περιττόν
884 851 998 923 (74)
1040 870 1101 906 τε
1150 854 1246 908 καὶ
1293 855 1617 928 ἀπόϐλητον,
1662 860 1780 921 πῶς
1822 859 1907 912 ἐν·

305 955 461 991 εστιν
492 940 623 1011 (75)
650 942 727 1005 ὡς
763 944 932 1015 μέρος
971 946 1070 1015 τῆς
1096 945 1331 1015 φύσεως,
1361 949 1446 1003 ἐπ’
1471 951 1751 1022 ἀνατροπῇ
1793 951 1903 1021 (76)

304 1029 405 1084 τοῦ
435 1032 577 1102 ὅρου
610 1034 711 1104 τὴν
755 1035 908 1105 ἰσχὺν
951 1036 1129 1106 ἔχεινς
1165 1039 1279 1101 Πᾶς
1309 1036 1418 1111 γὰρ
1446 1041 1672 1111 ὁρισμὸς
1721 1042 1906 1106 οὐσίας

306 1123 447 1192 πρὸς
474 1125 543 1177 τὸ
568 1125 703 1179 ἴδιον
728 1126 824 1180 τοῦ
847 1127 1202 1200 ὑποκειμένου
1223 1132 1426 1202 βλέπει.
1454 1133 1546 1198 Ὀ,
1570 1150 1622 1187 τι
1650 1134 1694 1186 δ’
1716 1135 1781 1188 ἂν
1801 1134 1906 1200 ἔξω

304 1212 404 1266 τοῦ
436 1214 744 1281 ἰδιάζοντος
766 1214 824 1289 ᾖ,
858 1219 934 1282 ὡς
968 1220 1245 1299 ἀλλότριον
1286 1225 1592 1294 παρορᾶται
1631 1225 1724 1278 τοῦ
1752 1227 1899 1296 ὅρου.

318 1306 487 1361 Ἀλλὰ
519 1308 691 1381 μὴνὴ
724 1310 867 1363 κατὰ
895 1311 1064 1382 θυμόν
1095 1329 1156 1365 τε
1196 1314 1290 1367 κα).
1321 1315 1617 1385 ἐπιθυμίαν
1657 1316 1904 1388 ἐνέργεια

308 1394 465 1463 κοινὴ
516 1396 707 1467 πάσης
748 1393 888 1451 εἶναι
934 1400 1034 1470 τῆς
1073 1400 1299 1472 λογικῆς
1336 1420 1397 1456 τε
1442 1405 1536 1458 καὶ
1567 1405 1678 1475 (77)
1708 1405 1903 1475 ἀλόγου

309 1484 536 1553 φύσεως
560 1490 926 1558 ὁμολογεῖται.
960 1494 1076 1546 Πᾶν
1105 1493 1160 1546 δὲ
1186 1494 1248 1547 τὸ
1276 1495 1471 1559 κοινὸν,
1501 1496 1560 1549 οὺ
1578 1496 1769 1549 ταύτόν
1789 1499 1903 1551 ἐστι

308 1576 393 1647 τῷ
419 1577 708 1643 ἰδιάζοντι.
755 1582 989 1654 Ἀνάγκη
1028 1586 1138 1656 ἄρα
1183 1585 1271 1639 διὰ
1316 1586 1520 1641 τούτων
1564 1589 1699 1651 ἐστὶ,
1745 1589 1818 1659 μὴ
1846 1590 1903 1641 ἐν

311 1667 525 1732 τούτοις
576 1668 720 1725 εἶναι
764 1673 938 1727 ταῦτα
987 1675 1317 1745 λογίζεσθαι,
1355 1680 1413 1731 ὲν
1463 1673 1542 1742 οἷς
1592 1680 1904 1750 κατεξαίρε-

307 1774 401 1813 τον
431 1758 554 1830 (78)
589 1765 626 1834 ἡ
666 1764 979 1838 ἀνθρωπίνη
1026 1769 1489 1840 χαρακτηρίζεται
1535 1770 1713 1839 φύσις.
1764 1772 1901 1825 Ἀλλ’

2004 584 2086 639 vis
2108 585 2389 652 aequaliter
2417 599 2634 655 quoque
2684 592 2793 638 tam
2819 585 2873 638 in
2900 584 3127 640 rationis
3166 597 3388 654 experte
3410 602 3573 655 quam

2003 675 2237 731 rationis
2282 684 2537 745 compote
2593 675 2840 731 cernitur
2890 684 3109 741 natura,
3168 676 3316 729 nulla
3365 676 3575 730 ratione

2003 779 2105 819 nec
2134 775 2279 821 recte
2308 765 2434 835 quis
2469 781 2565 836 per
2586 772 2935 821 communem
2959 774 3166 830 notam,
3196 766 3250 821 id
3272 766 3415 836 quod
3451 781 3574 836 pro-

2002 853 2181 923 prium
2219 862 2306 910 est
2349 855 2738 926 designaverit.
2801 854 2958 921 Quod
3016 862 3196 910 autem
3235 857 3300 910 ad
3361 864 3573 911 naturae

2004 944 2440 1015 designationem
2485 961 2884 1016 supervacuum
2935 960 3001 1000 ac
3055 945 3414 1014 rejiciendum
3465 953 3572 1009 est,

2003 1052 2111 1108 quo
2136 1046 2293 1108 pacto
2328 1048 2588 1109 tanquam
2639 1053 2768 1108 pars
2802 1047 3033 1101 naturae,
3089 1045 3271 1108 potest
3304 1037 3371 1093 ad
3427 1053 3576 1093 ever-

2004 1131 2212 1185 sionem
2237 1131 2577 1186 deﬁni'tionis
2615 1131 2760 1185 vires
2786 1129 3022 1184 habere?
3045 1129 3236 1184 Omnis
3267 1129 3410 1183 enim
3438 1128 3574 1182 deli-

2004 1219 2143 1273 nitio
2174 1221 2518 1284 substantiae,
2553 1218 2834 1290 proprium
2869 1217 3101 1286 subjecti
3130 1223 3356 1284 spectat.
3401 1213 3573 1279 Quid-

2002 1308 2132 1379 quid
2158 1316 2339 1363 autem
2379 1318 2536 1363 extra
2584 1306 3019 1378 peeuliaritatem
3067 1318 3130 1359 ac
3185 1303 3569 1374 proprietatem

2003 1400 2191 1466 fuerit,
2248 1408 2508 1470 tanquam
2541 1414 2571 1452 a
2632 1398 2952 1452 deﬁnitione
2995 1397 3233 1450 alienum
3273 1392 3575 1463 despicitur

2002 1496 2164 1561 atque
2219 1490 2606 1547 contemnitur.
2663 1488 2820 1558 Atqui
2892 1496 3002 1540 tam
3063 1483 3337 1541 irascendi
3410 1498 3573 1554 quam

2002 1582 2427 1653 concupiscendi
2477 1582 2585 1637 vim
2653 1588 2817 1650 atque
2871 1578 3215 1634 eﬁicientiam
3262 1590 3387 1632 eum
3425 1574 3572 1630 omni

2002 1683 2200 1730 natura
2251 1682 2362 1727 tam
2399 1672 2652 1727 rationali
2706 1687 2872 1743 quam
2924 1669 3228 1725 irrationali
3286 1682 3575 1723 commune

2002 1781 2125 1823 esse
2180 1774 2417 1821 constat.
2454 1764 2729 1834 Quidquid
2772 1770 2952 1817 autem
3003 1775 3293 1816 commune
3325 1768 3430 1822 est,
3463 1774 3572 1812 non

308 1845 504 1920 ὥσπερ
545 1852 611 1904 τὺ
644 1854 958 1925 αἰσθητικὸν
986 1857 1163 1910 καὶτὸ
1183 1857 1471 1930 θρεπτικὸν
1500 1860 1590 1913 καὶ
1615 1859 1897 1931 αὐξητικὸν

2007 1857 2148 1913 idem
2178 1871 2303 1912 cum
2342 1857 2609 1927 peculiari
2638 1863 2738 1910 est.
2787 1853 3113 1909 Necessario
3143 1852 3309 1921 igitur
3339 1866 3434 1920 per
3460 1850 3574 1904 lucc

306 1943 367 1993 ὲν
390 1944 532 2013 ἡμῖν
564 1962 653 2008 τις
681 1945 805 1999 ἰδὼν
843 1948 944 2000 οὐκ
979 1949 1200 2002 ἀναλύει
1227 1950 1314 2004 διὰ
1350 1952 1551 2005 τούτων
1581 1951 1670 2005 τὸν
1707 1953 1899 2007 ἀποδοι

304 2030 473 2083 θέντα
498 2031 609 2101 τῆς
630 2033 808 2104 ψυχῆς
835 2036 946 2107 (79)
972 2037 1095 2107 ὅρον
1136 2038 1217 2108 (οὐ
1239 2039 1348 2110 γὰρ
1369 2040 1551 2111 ἐπειδὴ
1571 2040 1727 2095 τοῦτό
1751 2044 1897 2097 ἐστιν

307 2122 368 2172 ὲν
396 2124 465 2192 τῇ
500 2122 675 2195 ψυχῇ,
704 2125 879 2178 ἐκεῖνο
906 2126 1004 2179 οὐκ
1041 2127 1231 2192 ἔστιν),
1265 2128 1404 2182 οὕτω
1437 2129 1530 2182 κα).
1563 2130 1630 2183 τά
1664 2131 1786 2200 περ).
1808 2130 1897 2184 τὸν

306 2210 483 2282 θυμὸν
530 2216 631 2268 καὶ
681 2217 780 2285 τὴν
826 2216 1120 2287 ἐπιθυμίαν
1155 2223 1492 2293 κατανοήσας
1540 2222 1638 2291 τῆς
1686 2221 1898 2290 φύσεως

306 2303 469 2372 ἡμῶν
494 2306 626 2375 κινὴ
636 2323 799 2375 ματα.
823 2308 921 2360 οὐκ
939 2307 1003 2362 ἂν
1028 2309 1140 2380 (80)
1170 2310 1405 2379 εὐλόγοις
1428 2312 1504 2382 τῷ
1526 2313 1635 2384 ὅρῳ
1652 2313 1895 2385 μάχοιτο,

307 2391 383 2454 ὡς
416 2391 692 2457 ὲλλειπῶς
727 2394 838 2465 (81)
870 2396 1229 2469 ὲνδειξαμὲνῳ
1258 2399 1356 2469 τὴν
1379 2399 1558 2467 φύσιν.

2005 1950 2257 2021 sequitur
2288 1956 2347 2003 ut
2393 1949 2507 2003 haec
2544 1950 2597 2002 in
2641 1948 2751 2003 illis
2781 1961 2889 2000 non
2924 1960 3045 2001 csse
3070 1945 3447 1999 existimemus
3478 1957 3573 2010 per

2004 2057 2122 2112 qua:
2144 2040 2416 2111 praecipue
2433 2038 2750 2109 designatur
2771 2037 3007 2091 humana
3031 2045 3241 2088 natura.
3262 2030 3365 2086 Sed
3384 2045 3574 2101 quem-

2003 2132 2295 2187 admodum
2332 2131 2376 2186 si
2418 2131 2540 2201 quis
2583 2128 2884 2194 sentiendi,
2932 2123 3204 2180 nutricndi
3239 2131 3292 2178 et
3340 2120 3569 2190 augendi

2003 2226 2113 2279 vim
2164 2225 2219 2279 in
2269 2224 2428 2279 nobis
2468 2222 2840 2290 conspicatus,
2879 2234 2975 2288 per
3010 2218 3128 2271 luce
3187 2230 3297 2269 non
3347 2211 3573 2268 resolvit

2005 2317 2201 2371 animae
2225 2316 2657 2371 demonstratam
2697 2311 3066 2367 deﬁnitionem
3110 2308 3238 2379 (non
3273 2306 3416 2361 enim
3438 2319 3575 2374 quo-

2008 2405 2154 2459 niam
2188 2404 2294 2458 hoc
2321 2416 2407 2459 est
2434 2404 2489 2458 in
2516 2404 2717 2467 anima,
2750 2400 2879 2455 illud
2905 2416 3012 2454 non
3040 2399 3169 2469 est),
3197 2397 3386 2452 eodem
3410 2394 3570 2450 modo

306 2485 353 2539 si
392 2487 526 2556 quis
568 2495 781 2542 natura:
820 2496 1027 2544 nostrae
1086 2490 1234 2545 circa
1283 2492 1623 2547 iracundiam
1679 2504 1733 2549 et
1792 2497 2292 2567 concupiscentiam
2340 2505 2523 2553 motus
2573 2494 2989 2559 animadvertit,
3041 2506 3148 2547 non
3201 2492 3365 2545 etiam
3426 2496 3577 2543 recte

311 2579 698 2635 deﬁnitionem
725 2588 1022 2650 oppugnet,
1067 2588 1126 2636 ut
1163 2567 1285 2651 quae,
1314 2584 1500 2639 minus
1531 2585 1863 2642 sutﬁcienter
1904 2596 2158 2641 naturam
2187 2587 2514 2642 ostenderit.

386 2685 448 2741 Γ.
472 2686 545 2740 Τί
565 2680 660 2741 οὖν
676 2687 779 2760 χρὴ
798 2688 926 2759 περ).
936 2688 1124 2741 τούτου
1143 2688 1252 2759 (82)
1271 2688 1578 2757 γινώσκειν,
1601 2686 1750 2745 εἷπον
1768 2690 1902 2761 πρὸς

316 2777 415 2848 τὴν
444 2778 806 2839 διδάσκαλονς
832 2778 999 2833 Οὔπω
1027 2780 1135 2851 γὰρ
1155 2775 1266 2844 οἷός
1285 2782 1342 2833 τε
1367 2783 1479 2850 εἰμι
1499 2782 1732 2835 κατιδεῖν
1749 2783 1898 2846 ὅπως

2068 2693 2133 2749 G.
2166 2692 2307 2760 Quid
2333 2694 2517 2764 igitur,
2547 2692 2766 2761 inquam
2797 2691 2864 2746 ad
2888 2693 3230 2762 magistram,
3261 2694 3432 2752 dehis
3459 2705 3567 2752 sui.

1999 2789 2154 2834 tuere
2184 2789 2237 2835 et
2269 2780 2478 2834 sentire
2513 2779 2763 2849 oportet?
2786 2780 3027 2836 nondum
3059 2782 3202 2836 enim
3226 2782 3570 2839 animadver-

304 2870 595 2938 ,προσήκει
638 2868 706 2923 τὰ
738 2872 796 2923 ὲν
833 2872 957 2941 ἡμῖν
992 2873 1136 2931 ὄντα,
1172 2872 1247 2935 ὡς
1272 2872 1524 2942 ἀλλότρια
1554 2873 1653 2943 τῆς
1688 2873 1897 2941 φύσεως

2005 2880 2112 2925 tere
2153 2885 2376 2939 possum
2418 2885 2525 2941 quo
2556 2876 2720 2940 pacto
2752 2871 3043 2927 conveniat
3067 2886 3131 2926 ea
3172 2887 3294 2941 quae
3327 2873 3379 2927 in
3413 2875 3571 2929 nobis

318 2959 473 3027 ἡμῶν
503 2962 913 3018 ἀποποιεῖσθαι.
943 2965 1098 3018 -Μ.
1131 2963 1315 3035 Ὁρᾷς,
1337 2967 1521 3035 φησὶν,
1540 2966 1621 3019 ὅτι
1645 2967 1791 3037 μάχη
1814 2969 1897 3031 τίς

2005 2964 2210 3026 insunt,
2256 2970 2514 3033 tanquam
2547 2963 2724 3017 aliena
2764 2979 2791 3018 a
2825 2971 3022 3019 natura
3057 2972 3246 3020 nostra
3282 2981 3570 3037 segregare
3602 3020 3603 3023 η

319 3049 431 3101 ἐστι
458 3050 562 3103 τοῦ
591 3051 850 3121 λογισμοῦ
871 3053 1007 3121 πρὸς
1028 3055 1220 3120 ταῦτα,
1249 3055 1344 3107 κα).
1375 3056 1573 3125 σπουδὴ
1595 3055 1689 3108 τοῦ
1723 3074 1892 3126 μονω-

319 3143 475 3212 θῆναι
501 3146 607 3216 τὴν
645 3147 822 3217 ψυχὴν
849 3146 1073 3213 τούτων,
1101 3149 1175 3210 ὡς
1205 3147 1269 3200 ἂν
1298 3143 1407 3201 οἷόν
1436 3165 1520 3211 τις
1554 3147 1664 3218 (85)
1782 3148 1890 3202 Καί

317 3234 418 3286 εἰσί
438 3235 506 3303 γέ
540 3252 686 3298 τινες
718 3230 798 3299 οἷς
828 3234 1238 3307 κατώρθωταιὴ
1273 3236 1497 3308 σπουδὴ,
1518 3237 1767 3308 καθάπερ
1797 3238 1883 3290 ἐπὶ

314 3325 404 3378 τοῦ
424 3328 708 3391 Μωῦσὲως
732 3329 1021 3398 ἀκούομεν,
1050 3331 1129 3381 ὅτι
1150 3331 1411 3398 κρείττων
1430 3326 1494 3398 ἦν
1513 3329 1685 3398 θυμοῦ
1711 3347 1765 3383 τε
1793 3330 1886 3382 καὶ

315 3410 616 3481 ἐπιθυμίας
672 3412 912 3475 ἐκεῖνος,
974 3410 1259 3484 ἀμφότερα
1313 3416 1692 3488 μαρτυρούσης
1749 3418 1896 3490 αὐτῷ

314 3496 410 3567 τῆς
442 3499 709 3570 ἱστορίας,
735 3500 817 3553 ὅτι
847 3500 960 3567 (84)
985 3503 1158 3572 πρᾷος
1180 3500 1247 3574 ἦν
1276 3505 1426 3574 παρά
1455 3506 1663 3570 πάντας
1695 3508 1897 3579 ἀνθρὼ-

316 3605 447 3653 πους
478 3590 835 3659 (ἐνδείκνυται
869 3592 926 3644 δὲ
951 3593 1013 3645 τὸ
1046 3594 1311 3666 ἀόργητον
1335 3596 1422 3648 διὰ
1447 3596 1538 3649 τοῦ
1571 3599 1767 3669 πρᾴου,
1803 3602 1896 3653 καὶ

315 3679 410 3750 τὴν
441 3680 586 3752 πρὸς
633 3681 724 3733 τὸν
753 3679 921 3750 θυμὸν
961 3680 1355 3753 ἀλλοτρίωσιν),
1384 3684 1476 3737 καὶ
1504 3685 1583 3738 ὅτι
1624 3687 1723 3740 οὐκ
1768 3689 1892 3740 ἐπε.⁴

316 3770 530 3843 θύμησε
560 3771 764 3825 τούτων
791 3771 955 3834 τινος,
992 3772 1118 3843 περ).
1144 3772 1179 3826 δι
1211 3773 1426 3844 ὁρῶμεν
1454 3775 1511 3826 ἐν
1542 3778 1653 3838 τοῖς
1684 3776 1895 3840 πολλοῖς

318 3864 375 3918 τὸ
399 3864 797 3935 ἐπιθυμητικὸν
830 3864 1236 3936 ὲνεργούμενον.
1279 3867 1455 3938 Ὅπερ
1482 3868 1581 3920 οὐκ
1617 3868 1682 3922 ἂν
1714 3868 1894 3936 ἐγένε-

317 3971 374 4008 το
389 3956 530 4026 (85),
554 3958 601 4008 εἰ
623 3957 781 4023 φύσις
798 3952 866 4026 ἦν
888 3955 1080 4023 ταῦτα,
1101 3957 1195 4011 καὶ
1212 3959 1291 4020 εἰς
1307 3958 1396 4010 τὸν
1422 3959 1577 4025 λόγον
1592 3960 1689 4028 τῆς
1711 3961 1895 4023 οὐσίας

318 4048 567 4119 ἀνήγετο.
598 4048 672 4100 Οὐ
712 4047 819 4119 γάρ
853 4050 967 4101 ἐστι
999 4049 1221 4102 δυνατὸν
1253 4051 1342 4103 τὸν
1380 4050 1485 4115 ἔξω
1511 4052 1766 4119 γεγονότα
1798 4052 1894 4122 τῆς

320 4138 536 4206 φύσεως
565 4142 622 4192 ὲν
644 4139 720 4207 τῷ
752 4136 890 4192 εἶναι
925 4140 1145 4209 μένεινῖ
1163 4141 1321 4194 Ἀλλά
1350 4141 1454 4211 μὴν
1475 4144 1523 4194 εί
1551 4142 1754 4212 Μωσῆς
1781 4143 1892 4214 (8(3)

320 4231 408 4284 κα).
441 4232 501 4283 ὲν
544 4229 623 4300 τῷ
650 4225 788 4283 εἶναι
819 4227 904 4301 ἦν,
938 4232 1030 4284 καὶ
1063 4233 1121 4283 ὲν
1168 4230 1375 4295 τούτοις
1418 4233 1515 4285 οὑκ
1548 4228 1635 4303 ἦν,
1686 4232 1811 4286 ἄλλο
1841 4252 1893 4287 τι

317 4319 428 4388 ἄρα
458 4322 610 4390 παρά
639 4321 738 4391 τὴν
774 4321 934 4390 φύσιν
977 4323 1093 4375 ἐστὶ
1120 4323 1311 4386 ταῦτα,
1352 4325 1444 4375 καὶ
1470 4324 1588 4394 οὐχ).
1623 4324 1800 4390 φύσις.
1831 4326 1893 4378 Εἰ

319 4412 428 4483 γὰρ
448 4413 561 4483 (87)
588 4412 803 4481 ἀληθῶς
830 4412 989 4483 φύσὶς
1013 4412 1167 4466 τοῦτό
1195 4414 1339 4466 ἐστιν
1362 4413 1496 4485 (88),
1520 4417 1577 4466 ἐν
1671 4415 1730 4467 τὸ
1755 4413 1893 4468 εἶναι

1998 3063 2161 3134 atque
2177 3054 2630 3124 repudiare—hi.
2651 3054 2838 3119 Vides,
2861 3057 3057 3126 inquit,
3072 3060 3216 3126 quod
3232 3072 3408 3128 pugna
3422 3073 3571 3127 qua:-

2000 3144 2122 3198 dam
2143 3147 2374 3200 rationis
2389 3146 2654 3202 adversus
2674 3148 2787 3202 haec
2808 3150 3238 3211 sit,etstudium.
3255 3151 3431 3207 niload
3447 3151 3568 3214 ejus

2007 3236 2118 3290 ﬁeri
2151 3234 2345 3304 possit,
2374 3234 2608 3286 animam
2645 3234 2713 3286 ab
2742 3233 2826 3288 his
2875 3228 3165 3301 separandi
3193 3236 3358 3298 atque
3397 3244 3573 3299 segre-

2002 3325 2185 3396 gandi.
2218 3324 2292 3379 Ac
2316 3334 2442 3379 sunt
2473 3339 2605 3379 sane
2640 3323 2910 3391 nonnulli,
2960 3321 3160 3393 quibus
3183 3320 3286 3375 hoc
3333 3319 3573 3375 studium

2003 3430 2266 3486 prospere
2322 3415 2614 3480 successit,
2650 3415 2853 3485 quique
2904 3414 2957 3468 id
3018 3412 3162 3483 quod
3202 3411 3574 3481 quaesiverunt

2001 3507 2236 3562 assecuti
2295 3514 2445 3575 sunt,
2503 3493 2963 3575 quemadmodum
3017 3503 3085 3557 de
3132 3500 3315 3572 Moyse
3364 3498 3575 3553 audivi-

2004 3612 2147 3659 mus,
2176 3596 2324 3665 quod
2350 3574 2397 3649 is
2432 3574 2533 3649 nec
2564 3596 2630 3648 ab
2658 3595 2737 3647 ira
2762 3607 2862 3647 nec
2890 3607 2920 3645 a
2954 3587 3397 3659 concupiséentia
3428 3588 3576 3641 vinci

2004 3702 2065 3741 ac
2097 3686 2345 3756 superari
2376 3693 2584 3756 posset,
2634 3684 2920 3754 utriusque
2968 3682 3047 3737 rei
3094 3679 3465 3735 testimonium
3520 3679 3572 3732 ei

2002 3778 2323 3848 perhibcntc
2343 3777 2600 3844 historia,
2621 3774 2768 3848 quod
2791 3782 2845 3830 et
2867 3774 3008 3829 lenis
3031 3773 3286 3841 mitisque
3311 3777 3457 3827 esset
3483 3786 3576 3825 suo

2002 3887 2099 3942 pra
2129 3885 2321 3927 omnes
2349 3871 2598 3926 homines
2617 3870 2734 3941 (per
2757 3869 3034 3924 lenitatem
3055 3876 3237 3919 autem
3268 3865 3577 3919 etclcmen-

2001 3965 2132 4017 tiam
2168 3964 2261 4018 ira:
2290 3966 2536 4019 vacuitas
2581 3971 2635 4018 et
2669 3964 2738 4018 ab
2780 3960 3064 4016 iracundia
3104 3958 3314 4013 alienus
3359 3957 3576 4013 animus

2002 4052 2352 4123 ostenditur),
2404 4059 2459 4107 et
2498 4052 2643 4122 quod
2687 4065 2794 4105 non
2831 4049 3243 4117 concupisceret
3279 4043 3573 4115 quidquam

2001 4160 2188 4200 eorum
2220 4144 2364 4199 circa
2399 4158 2519 4214 qua:
2554 4144 2608 4197 in
2653 4141 2930 4213 plerisque
2959 4139 3271 4194 hominibus
3300 4137 3406 4191 vim
3443 4151 3575 4191 con-

2002 4234 2318 4311 cupiscendi
2364 4239 2684 4303 occupatam
2725 4246 2847 4287 esse
2877 4229 3141 4285 videmus.
3166 4225 3323 4293 Quod
3366 4240 3476 4278 non
3524 4224 3574 4279 ei

2001 4327 2360 4395 contingeret,
2382 4327 2427 4379 si
2457 4332 2651 4379 natura
2677 4323 2793 4377 haec
2815 4328 3088 4385 essent,et
3108 4320 3173 4374 ad
3197 4318 3461 4371 rationem
3487 4331 3575 4371 es-

2001 4414 2192 4469 sentia:
2218 4416 2575 4470 referrentur.
2605 4413 2747 4469 Fieri
2777 4412 2923 4466 enim
2947 4427 3053 4465 non
3090 4416 3289 4481 potest,
3334 4416 3391 4461 ut
3420 4414 3572 4461 extra

318 4504 419 4573 τῆς
447 4504 633 4566 οὐσίας
657 4504 1154 4574 καταλαμϐάνεται,
1180 4505 1382 4559 τούτων
1409 4506 1465 4559 δὲ
1487 4509 1517 4577 ἡ
1543 4507 1894 4577 ἀλλοτρίωσις

2005 4515 2250 4560 naturam
2275 4507 2608 4562 constitutus
2633 4506 2686 4559 in
2709 4519 2831 4559 esse
2849 4511 3085 4558 maneat.
3111 4499 3272 4568 Atqui
3298 4498 3343 4553 si
3362 4496 3574 4566 Moyses

320 4592 403 4660 ἐφ’
435 4594 566 4662 ἡμῖν
594 4596 790 4656 κεῖται,
825 4593 900 4655 ὡς
933 4592 1005 4662 μὴ
1036 4591 1195 4661 μόνον
1225 4591 1476 4661 ἀζήμιον,
1509 4591 1644 4648 ἀλλά
1668 4593 1758 4646 καὶ
1782 4594 1895 4645 ὲπι-

320 4680 511 4752 κερδὲς
539 4678 648 4752 (89)
679 4678 816 4733 εἶναι
849 4682 915 4751 τῇ
949 4679 1106 4748 φύσει
1138 4679 1230 4732 τὸν
1258 4681 1562 4750 ἀφανισμὸν
1586 4681 1694 4734 τῶν
1721 4682 1897 4734 τοιού-

321 4791 445 4828 των.
482 4772 646 4843 Δῆλον
671 4768 762 4828 οὖν
795 4774 874 4826 ὄτι
910 4771 1018 4825 τῶν
1046 4772 1242 4838 ἔξωθεν
1272 4773 1749 4844 ἐπιθεωρουμένων
1780 4774 1895 4827 ἐστὶ

393 4977 485 5046 (75
535 4975 967 5047 Χαρακτηρίζει.
998 4977 1040 5028 Β
1065 4993 1132 5046 χα
1173 4974 1472 5045 ακττιρίζοι.

393 4976 506 5112 (74)
528 5047 829 5112 Περιττόν.
871 5050 913 5100 Α
935 4993 1184 5112 περιττόρν
1210 5048 1323 5098 ἐστι
1350 5047 1461 5098 καί.

391 5047 503 5117 (74)
528 5047 829 5115 Περιττόν.
871 5050 913 5100 Α
935 5047 1184 5117 περιττόν
1210 5048 1323 5098 ἐστι
1350 5047 1461 5098 καί.

391 5118 505 5187 (75)
544 5118 841 5171 Ἔνεστιν.
876 5118 916 5169 Β
941 5116 1109 5170 ἐστίν.

416 5188 503 5268 39)
539 5187 776 5268 Ἐπ’.ρΑ
812 5187 993 5266 Β-ἐπί.

362 5254 502 5345 .lZZ)
537 5257 651 5345 Ξῆς
676 5257 929 5345 {armis
957 5254 1344 5345 “neeraset
1360 5257 1413 5345 1‘
1438 5257 1493 5345 δέ

528 5328 986 5425 ΙνξνιιτεξξιίρετοινΞΔ
1009 5326 1049 5378 Β
1070 5326 1190 5380 κατ’
1223 5326 1517 5425 ἐξαίρετον.
1619 5399 1629 5425 ι

402 5401 407 5425 π
580 5397 654 5425 ,εἴη
693 5395 905 5425 -..ηηπη
1028 5398 1078 5425 ί..
1118 5404 1267 5425 ιιι-ι..
1315 5413 1417 5425 ..ι-ι.
1477 5399 1574 5425 -4-
1604 5417 1612 5425 .
1646 5403 1775 5425 μηδ-
1827 5401 1837 5425 :

392 5397 501 5468 (79)
541 5397 654 5466 Τῆς
693 5397 923 5466 ψυχῆς.
952 5397 999 5450 Α.
1026 5398 1081 5450 in
1118 5404 1267 5451 textu
1315 5398 1442 5467 περὶ
1477 5399 1574 5466 της
1603 5399 1797 5471 ψυχῆς,
1827 5401 1882 5456 in

328 5470 559 5539 margine
576 5471 642 5539 τῇ
667 5467 833 5539 ψυχῇ.
882 5538 890 5539 7
1268 5537 1275 5539 ξ
1362 5536 1380 5539 Α

534 5522 656 5592 Οὺῖι
880 5538 933 5590 in
964 5537 1327 5618 margine‘obx
1358 5536 1429 5593 ἔτ’
1462 5541 1546 5594 ἄν.

390 5610 471 5664 (δι
538 5610 879 5664 Ἐλιὶειπως.
904 5608 949 5660 Δ
971 5606 1011 5658 Β
1034 5606 1281 5664 ὲλλιπως.

389 5606 500 5676 (Si)
538 5606 879 5673 Ἐλιὶειπῶς.
904 5608 949 5660 Δ
971 5606 1011 5658 Β
1034 5606 1281 5671 ἐλλιπῶς.

1999 4603 2052 4651 et
2084 4596 2138 4650 in
2177 4612 2300 4652 esse
2333 4607 2469 4663 erat,
2503 4605 2556 4651 et
2588 4597 2643 4650 in
2678 4596 2762 4651 his
2793 4610 2899 4649 non
2927 4602 3062 4658 erat,
3092 4592 3237 4646 aliud
3268 4604 3398 4660 ergo
3416 4587 3568 4659 quid-

2004 4688 2148 4758 piam
2179 4696 2339 4757 atque
2369 4698 2585 4749 natura,
2616 4688 2729 4742 hanc
2762 4694 2912 4749 sunt,
2938 4694 2994 4740 ct
3019 4700 3127 4738 non
3175 4688 3392 4735 natura.
3442 4678 3573 4746 Quae

2000 4779 2143 4832 enim
2180 4794 2304 4834 vere
2332 4787 2526 4833 natura
2564 4789 2668 4841 est,
2709 4779 2812 4834 hoc
2846 4785 2951 4842 est,
2989 4777 3041 4830 in
3092 4788 3198 4844 quo
3236 4773 3410 4843 ipsum
3450 4786 3572 4827 esse

2070 4977 2180 5042 (82)
2218 4979 2353 5047 Περὶ
2382 4978 2689 5047 τούτουχΒ
2712 4977 2841 5047 περ).
2872 4973 3094 5047 τούτων.

2094 5048 2182 5117 85)
2218 5038 2355 5103 Οῖόγ
2375 5066 2484 5115 τις.
2515 5051 2559 5101 Α
2585 5042 2695 5101 οἷόν
2725 5038 2799 5109 τι,
2824 5047 2865 5098 Β
2889 5038 2997 5098 οἷόν
3022 5059 3100 5095 τε.

2094 5059 2182 5117 85)
2218 5059 2355 5103 υἱόν
2375 5066 2484 5115 τις.
2515 5059 2559 5101 Α
2585 5059 2654 5101 οἱ(

2071 5059 2181 5188 ὶὸό)
2215 5121 2364 5172 ’Ὀτι.
2392 5119 2433 5169 Β
2461 5120 2541 5173 ὅτι
2574 5135 2654 5170 τε.

2067 5177 2391 5258 (85)Ὅπερ
2418 5190 2527 5242 οὐκ
2567 5188 2645 5258 ἂν
2676 5185 2929 5258 ἐγένετο.
2972 5181 3211 5258 |n_ca_lce
3342 5177 3566 5258 ad‘haac

1994 5246 2173 5328 verbal
2195 5257 2299 5328 ista
2339 5246 2748 5328 l'eguiitur,"U‘r't_
2769 5256 2828 5307 οὐ
2851 5252 3082 5328 ’φυσικός
3112 5254 3255 5305 ἐστιν
3280 5253 3336 5304 ἐν
3364 5246 3441 5320 τῷ
3471 5248 3569 5302 ἀν-

1992 5325 2019 5377 0
2027 5326 2196 5398 ρώπῳ
2224 5330 2251 5380 ὁ
2271 5325 2439 5398 θυμὸς
2459 5329 2553 5398 καὶ
2565 5329 2612 5398 *ἡ

2637 5325 2915 5393 ἐπιθυμία.

2061 5396 2178 5467 (86)
2215 5396 2451 5467 Μωσῆς.
2470 5396 2534 5467 7A
2564 5396 2605 5446 Β
2627 5396 2883 5467 Μωυσῆς.

2064 5465 2175 5536 (87)
2214 5470 2281 5521 El
2307 5465 2434 5536 γάρ.
2464 5466 2504 5516 Β
2535 5467 2568 5534 ἡ
2597 5465 2723 5533 γάρ.

2065 5533 2174 5605 (88)
2211 5533 2389 5590 Τοῦτό
2407 5533 2595 5605 ἐστιν.
2626 5536 2668 5587 Λ
2696 5534 2836 5589 τοῦτ’
2853 5533 3016 5605 ἔστιν.

2067 5607 2176 5677 (89)
2232 5604 2581 5675 Ἐπικειῖιδές.
2615 5606 2656 5659 Δ
2688 5604 2964 5676 ὲπικερδῆ.
