3950 6132
353 169 424 225 55
1589 163 1648 218 s.
1674 161 2002 219 causam!
2026 159 2319 217 NYSSEN
3533 164 3604 222 56

351 283 674 341 substantiae
704 280 1172 354 deprehenditur;
1220 279 1414 334 horum
1451 286 1631 336 autem
1672 279 1920 335 alienatio

2028 278 2202 333 ταῦτα
2238 280 2306 333 τὰ
2349 279 2493 351 πάθη
2527 282 2622 351 τῆς
2654 279 2867 350 φύσεως
2895 280 3022 335 ὂντα
3065 280 3159 335 καί
3188 280 3288 335 οὑκ
3316 279 3492 335 οὐσία.
3536 279 3605 334 Ἢ

353 380 408 430 tn
439 377 597 432 nobis
631 375 735 431 sita
764 382 868 441 est,
914 381 975 429 ut
1004 387 1110 427 non
1140 371 1315 427 solum
1334 386 1441 425 non
1480 380 1695 437 noceat,
1715 384 1933 431 verum-

349 468 514 523 etiam
581 467 794 522 lucrosa
869 472 1034 535 atque
1089 473 1401 535 quaestuosa
1470 470 1679 519 natura:
1741 463 1927 518 talium

352 566 597 613 motuum
625 557 849 613 abolitio
886 556 978 613 sit.
1019 555 1205 610 Palam
1238 563 1323 611 est
1375 569 1505 625 ergo
1534 556 1679 626 quod
1732 571 1801 610 ex
1856 556 1924 611 iis

353 664 475 719 qua:
501 650 847 706 extrinsecus
882 648 938 704 in
984 649 1149 705 rebus
1191 648 1633 715 considerantur,
1662 646 1780 703 haec
1813 646 1924 704 sint

351 743 579 799 affectus
614 752 669 798 et
704 743 1146 814 perturbationes
1172 751 1404 809 naturae,
1450 748 1505 796 et
1538 755 1646 795 non
1697 747 1914 795 natura.

352 829 486 885 Nam
518 831 632 886 haec
655 831 874 902 quidem
903 841 1011 892 est.
1059 831 1206 901 quod
1232 839 1352 898 est;
1403 829 1685 885 iracundia
1737 835 1917 882 autem

352 922 514 992 vulgo
560 921 743 977 fervor
799 923 1106 994 sanguinis,
1170 922 1264 993 qui
1313 922 1462 977 circa
1513 935 1607 975 cor
1655 925 1762 983 est,
1796 931 1920 972 esse.

349 1015 624 1086 plerisque
652 1002 1064 1071 videturfAliis
1108 1031 1258 1081 vero,
1309 1013 1569 1085 appetitio
1618 1009 1920 1068 ulciscendi

347 1119 493 1170 eum,
535 1119 698 1173 aquo
731 1104 1021 1160 lacessitus
1049 1116 1103 1160 et
1130 1113 1260 1162 ante
1311 1105 1474 1160 laesus
1520 1103 1617 1159 sis.
1673 1100 1800 1167 Sed,
1857 1108 1917 1154 ut

347 1209 450 1250 nos
483 1196 835 1261 arbitramur,
867 1196 1151 1251 iracundia
1171 1204 1253 1251 est
1287 1195 1547 1266 appetitio
1568 1192 1798 1249 nocendi
1867 1191 1917 1245 ei

348 1286 443 1355 qui
479 1285 839 1341 concitaverit
884 1294 938 1340 et
966 1285 1033 1339 ad
1082 1286 1219 1339 iram
1258 1284 1655 1355 provocavcrit.
1710 1280 1917 1336 ﬂorum

348 1384 532 1431 autem
564 1377 700 1430 nihil
726 1377 982 1431 convenit
1012 1376 1179 1431 animi
1211 1375 1537 1430 deﬁnitioni.
1595 1372 1839 1442 itemque
1871 1369 1917 1426 si

348 1481 446 1534 per
478 1482 602 1522 sese
663 1467 1167 1537 concupiscentiam
1229 1466 1575 1528 deﬁuiamus,
1634 1461 1922 1532 appetitio-

2035 371 2133 440 μὲν
2159 370 2267 441 γάρ
2295 369 2408 440 (90)
2448 372 2595 423 ἐστιν
2627 371 2764 441 ὅπερ
2794 371 2966 424 ἐστίν·
2997 370 3165 441 θυμὸν
3197 370 3255 424 δὲ
3288 370 3436 435 ζέσιν
3465 365 3605 424 εἶναι

2028 460 2127 515 τοῦ
2158 461 2285 532 περὶ
2323 460 2550 533 καρδίαν
2583 461 2812 531 αἵματος
2841 463 2955 524 τοῖς
2987 460 3203 524 πολλοῖς
3243 460 3409 514 δοκεῖ.
3440 461 3602 513 Ἔτε-

2030 569 2115 624 ροι
2140 552 2196 605 δὲ
2231 549 2566 624 (91),.δρεξιν
2583 552 2695 624 (92)
2722 551 2819 605 τοῦ
2849 552 3208 622 ἀντιλυπῆσαι
3241 551 3334 605 τὸν
3359 568 3603 623 προκατ-

2026 642 2264 713 άρξαντα
2307 641 2439 712 (95).
2483 644 2570 707 Ὠς
2610 643 2655 695 δ’
2706 642 2774 696 ἂν
2821 644 2982 715 ἡμεῖς
3036 641 3402 713 ὑπολάϐοιμεν
3460 643 3600 713 (94).

2027 734 2197 805 θυμός
2229 736 2373 788 ἐστιν
2399 734 2543 807 ὁρμὴ
2571 733 2665 788 τοῦ
2691 734 2939 790 κακῶσαι
2967 734 3059 788 τὸν
3084 732 3477 806 παροξύνοντα.
3502 729 3606 790 Ὧν

2023 824 2177 878 οὐδὲν
2208 823 2287 896 τῷ
2313 824 2442 895 περὶ
2467 825 2647 897 ψυχῆς
2678 827 2790 897 ὅρῳ
2815 825 3117 896 συμϐαίνει.
3152 825 3272 879 Κᾶν
3298 824 3395 897 τὴν
3416 826 3605 880 ἐπιθυ-

2027 913 2155 985 μίαν
2185 914 2299 986 (95)
2330 916 2415 984 ἐφ’
2445 916 2646 986 ἑαυτῆς
2691 916 3056 986 διορισώμεθα
3098 915 3230 987 (96),
3280 915 3467 985 ἔφεσιν
3514 915 3602 969 λέ-

2023 1005 2187 1077 ξομεν
2213 1006 2307 1061 τοῦ
2337 1008 2629 1072 ἐνδέοντος,
2657 1008 2690 1079 ἢ
2732 1008 2896 1062 πόθον
2936 1009 3034 1079 τῆς
3076 1009 3197 1062 καθ’
3231 1009 3421 1080 ἡδονὴν
3462 1010 3602 1063 ἀπο-

2024 1097 2287 1163 λαύσεως,
2312 1098 2346 1170 ἢ
2374 1099 2550 1171 λύπην
2577 1101 2670 1154 ἐπὶ
2695 1099 2773 1171 τῷ
2796 1100 2869 1171 μὴ
2893 1101 3011 1154 κατ’
3034 1101 3278 1166 ἐξουσίαν
3300 1100 3413 1155 ὑντι
3436 1118 3604 1155 κατα-

2025 1187 2308 1259 θυμητικῷ
2334 1188 2481 1260 (97)’
2514 1191 2548 1261 ἦ
2594 1207 2717 1243 τινα
2763 1190 2901 1262 πρὸς
2948 1191 3009 1244 τὸ
3036 1191 3135 1262 ἡδὺ
3189 1193 3393 1262 σχέσιν,
3428 1187 3490 1246 οὗ
3524 1193 3600 1263 μὴ

2025 1278 2288 1350 πάρεστιν
2338 1283 2373 1352 ἡ
2427 1281 2741 1345 ἀπόλαυσις.
2787 1271 2972 1336 Ταῦτα
3008 1283 3116 1354 γὰρ
3173 1284 3352 1338 πάντα
3396 1285 3491 1337 καὶ
3530 1284 3601 1337 τὰ

2024 1370 2248 1424 τοιαῦτα
2275 1371 2372 1443 τὴν
2404 1372 2503 1443 μὲν
2555 1371 2848 1443 ἐπιθυμίαν
2896 1373 3247 1439 ἐνδείκνυται,
3274 1374 3369 1428 τοῦ
3400 1374 3459 1427 δέ
3483 1376 3600 1445 ὁρι-

2027 1459 2165 1531 σμοῦ
2197 1461 2291 1515 τοῦ
2313 1464 2440 1535 περὶ
2471 1463 2647 1534 ψυχῆς
2672 1463 2732 1516 ού
2762 1462 3153 1535 προσάπτεται.

351 1576 474 1617 nem
506 1573 628 1615 esse
653 1558 898 1614 dicemus
924 1558 1044 1628 ejus
1072 1558 1215 1628 quod
1252 1557 1425 1623 deest,
1458 1556 1544 1611 vel
1579 1553 1909 1611 desiderium
1951 1549 2194 1608 fruenda)
2218 1553 2539 1624 voluptatis.
2570 1555 2653 1610 vel
2683 1555 2924 1609 dolorem
2955 1554 3026 1609 ob
3059 1555 3112 1610 id
3150 1556 3298 1625 quod
3320 1570 3429 1611 non
3462 1553 3604 1627 poti-

346 1667 472 1707 mur
500 1666 565 1707 eo
598 1650 741 1721 quod
773 1650 925 1707 cordi
960 1658 1069 1716 est,
1093 1657 1255 1721 atque
1298 1650 1480 1705 animo
1508 1657 1720 1719 gratum
1753 1655 1808 1702 et
1844 1654 2150 1715 acceptum,
2180 1655 2273 1701 aut
2304 1648 2542 1718 aliquam
2575 1648 2914 1704 affectionem
2950 1648 3017 1702 ad
3061 1648 3112 1702 id
3141 1649 3287 1720 quod
3318 1658 3404 1705 cst
3433 1662 3601 1704 suave

345 1752 401 1799 et
423 1743 751 1813 jucundum,
779 1757 890 1813 quo
936 1741 1041 1797 frui
1087 1757 1198 1797 non
1248 1743 1396 1799 licet.
1424 1740 1550 1797 Htec
1577 1741 1720 1799 enim
1757 1747 1812 1795 et
1839 1736 2085 1808 ejusdem
2134 1741 2279 1795 modi
2315 1742 2499 1795 omnia
2531 1741 2888 1812 cupiditatem
2926 1742 3144 1813 quidem
3183 1743 3500 1809 ostendunt,
3530 1740 3599 1797 ad

345 1835 715 1892 deﬁnitionem
749 1842 928 1890 autem
963 1835 1157 1891 anima:
1183 1849 1290 1889 non
1323 1836 1617 1904 pertinent.

413 1968 721 2035 Quinetiam
756 1970 863 2023 alia
904 1984 1123 2040 quoque
1170 1985 1292 2041 qua:
1323 1971 1468 2026 circa
1506 1970 1742 2024 animam
1792 1983 1914 2025 cer-
1949 1996 1993 2051 Β

344 2069 573 2126 nuntur,
604 2076 724 2130 qua:
751 2061 856 2116 sibi
893 2061 1123 2116 invicem
1154 2078 1219 2118 ex
1247 2062 1478 2117 adverso
1507 2064 1685 2132 posita
1725 2054 1919 2117 viden-

345 2161 454 2216 tur,
483 2152 646 2206 veluti
674 2151 937 2207 timiditas
974 2160 1029 2208 et
1055 2153 1304 2221 audacia,
1335 2154 1491 2208 dolor
1528 2161 1583 2210 et
1641 2153 1917 2222 voluptas,

345 2249 528 2298 metus
555 2251 610 2296 et
657 2250 1027 2313 contemptus,
1088 2252 1143 2297 et
1200 2259 1538 2314 quaacunque
1587 2244 1720 2297 talia
1765 2249 1916 2307 sunt,

344 2347 578 2401 quorum
610 2331 1038 2402 unumquodque
1068 2340 1358 2403 cognatum
1389 2333 1608 2402 quidem
1633 2349 1756 2389 esse
1776 2334 1920 2389 vide-

346 2432 436 2477 tur
455 2437 579 2477 cum
607 2422 878 2478 irascendi
907 2430 1068 2492 atque
1102 2423 1526 2491 concupiscendi
1556 2423 1628 2490 vi,
1654 2423 1915 2494 peculiari

345 2521 527 2569 autem
584 2513 903 2569 definitione
964 2530 1116 2573 suam
1167 2514 1418 2586 designat
1475 2523 1749 2570 naturam.
1780 2515 1916 2571 Nam

343 2612 399 2658 et
431 2605 661 2661 audacia
687 2616 741 2660 et
771 2607 1104 2675 contemptio
1154 2606 1675 2663 demonstrationem
1708 2624 1774 2663 ac
1826 2624 1916 2664 re-

343 2696 819 2767 praesentationem
856 2696 1063 2751 indicat
1090 2698 1156 2751 ad
1183 2699 1319 2751 iram
1374 2713 1658 2769 propensa:
1710 2700 1919 2769 appeti-

346 2787 533 2852 tionis,
563 2786 977 2841 diminutionem
1002 2801 1133 2842 vero
1155 2788 1445 2856 quamdam
1469 2797 1523 2843 et
1537 2789 1916 2844 remissionem

347 2876 512 2946 hujus
541 2875 812 2945 ejusdem,
843 2875 890 2931 is
915 2875 1009 2946 qui
1055 2890 1153 2946 per
1208 2876 1552 2932 timiditatem
1610 2888 1664 2933 et
1712 2887 1916 2935 metum

344 2969 697 3040 ingeneratur
734 2967 959 3024 habitus
1014 2974 1070 3023 et
1127 2967 1377 3024 allectus.
1430 2967 1597 3024 Dolor
1627 2980 1807 3025 autem
1850 2987 1918 3027 ex

344 3069 578 3130 utroque
619 3059 879 3115 materias
911 3059 1096 3115 habet.
1137 3058 1274 3114 Nam
1328 3068 1385 3117 et
1445 3061 1541 3116 iraa
1594 3061 1916 3127 inetiicacia,

344 3153 474 3206 dum
508 3166 618 3207 non
646 3158 826 3221 potest
855 3150 980 3221 quis
1011 3151 1201 3208 ulcisci
1232 3166 1328 3207 eos
1361 3166 1391 3206 a
1426 3152 1628 3223 quibus
1652 3160 1780 3208 ante
1825 3153 1917 3207 lm-

345 3256 443 3297 sus
495 3241 586 3304 sit,
615 3240 773 3295 dolor
833 3248 888 3295 ct
937 3241 1156 3297 exsistit
1225 3249 1280 3295 et
1326 3248 1450 3308 est;
1506 3240 1748 3310 itemque
1818 3240 1916 3297 de-

2106 1989 2266 2043 Ἀλλά
2297 1990 2394 2044 καὶ
2418 1991 2518 2045 ὅσα
2560 1992 2697 2047 ἄλλα
2725 1992 2855 2063 περὶ
2880 1992 3059 2063 ψυχὴν
3093 1989 3413 2061 καθορᾶται,
3441 1990 3509 2048 τὰ
3538 1990 3600 2057 ἐξ

2019 2078 2296 2133 ἀντιθέτου
2325 2078 2575 2152 ἀλλήλοις
2592 2081 2861 2153 ὁρώμενα,
2884 2076 2994 2135 οἷον
3010 2080 3211 2135 δειλίαν
3232 2077 3343 2150 (98)
3365 2079 3463 2132 καὶ
3482 2078 3600 2152 (99)

2019 2168 2238 2241 θράσος,
2278 2170 2453 2242 λύπην
2488 2173 2583 2225 καὶ
2607 2171 2820 2242 ἡδονὴν,
2852 2171 3015 2240 φόϐον
3046 2171 3137 2224 καὶ
3170 2171 3596 2240 καταφρόνησιν,

2019 2261 2115 2314 καὶ
2148 2262 2224 2329 (1)
2254 2261 2354 2315 ὅσα
2385 2262 2629 2329 τοιαῦτα,
2668 2256 2743 2316 ὧν
2771 2263 2998 2316 ἕκαστον
3030 2261 3302 2331 συγγενῶς
3330 2261 3407 2330 (2)
3451 2261 3597 2333 ἔχειν

2019 2352 2167 2405 δοκεῖ
2192 2351 2327 2422 πρὸς
2354 2352 2416 2405 τὺ
2437 2352 2828 2423 ἐπιθυμητικὸν
2851 2354 2926 2423 (5)
2948 2352 2980 2424 ἢ
3011 2352 3310 2423 θυμοειδὲς,
3343 2350 3597 2427 ἰδιάζοντι

2016 2442 2075 2495 δέ
2112 2443 2224 2515 ὅρῳ
2254 2444 2354 2514 τὴν
2398 2444 2532 2500 ἰδίαν
2566 2446 2939 2517 ἀνυπογράφει
2979 2446 3057 2514 (4)
3089 2444 3269 2513 φύσιν.
3300 2445 3373 2498 Τό
3394 2462 3453 2497 τε
3484 2444 3596 2514 γὰρ

2019 2534 2220 2607 θράσος
2237 2537 2377 2608 καὶὴ
2409 2539 2810 2609 καταφρόνησις
2827 2538 3062 2608 ἔμφασιν
3084 2537 3443 2608 ὑποσημαίνει
3470 2533 3595 2589 τινὰ

2016 2627 2113 2695 τῆς
2143 2625 2421 2696 θυμώδους
2448 2627 2623 2698 ὁρμῆς
2647 2643 2664 2659 ο
2693 2626 2985 2680 ἐλάττωσιν
3013 2626 3070 2679 δέ
3112 2643 3235 2679 τινα
3280 2625 3373 2679 καὶ
3402 2624 3595 2693 ὑφεειν

2016 2715 2112 2769 τοῦ
2148 2716 2312 2769 αὑτοῦ
2361 2716 2550 2770 τούτου
2579 2720 2611 2789 ἡ
2643 2717 2783 2771 κατὰ
2812 2717 3012 2771 δειλίαν
3057 2719 3151 2770 καὶ
3188 2715 3351 2787 φόϐον
3382 2718 3593 2785 ἐγγινο-

2022 2807 2158 2879 μένη
2197 2811 2397 2879 σχέσις.
2439 2810 2502 2865 Ἠ
2538 2811 2594 2864 δὲ
2625 2810 2769 2881 λύπη
2811 2811 2868 2878 ἐξ
2910 2812 3231 2882 ἀμφοτέρων
3255 2808 3463 2880 (5)-ξχει
3492 2807 3595 2871 τὰς

2020 2898 2251 2963 ὖλας.“Ἦ
2278 2918 2337 2954 τε
2372 2900 2450 2973 (6)
2497 2902 2605 2974 γὰρ
2654 2901 2749 2956 τοῦ
2808 2902 2980 2974 θυμοῦ
3018 2902 3226 2966 ἀτονία,
3272 2901 3329 2953 ἐν
3374 2898 3452 2971 τῷ
3497 2898 3594 2953 τοῦ

2018 2990 2326 3061 ἀμύνασθαι
2367 2995 2495 3058 τοὺς
2536 2994 3017 3066 προλελυπηκότας
3064 2992 3306 3063 ἀδυνάτῳ
3340 2991 3415 3062 (7)
3445 2991 3593 3061 λύπη

2017 3083 2259 3151 γίνεται·
2292 3084 2384 3138 καὶ
2431 3087 2464 3157 ἡ
2496 3086 2803 3157 ἀπόγνωσις
2845 3086 2954 3140 τῶν
2994 3085 3458 3157 ἐπιθυμουμένων,
3494 3085 3594 3137 καὶ

2018 3175 2052 3245 ἡ
2089 3175 2339 3247 στέρησις
2370 3176 2479 3229 τῶν
2504 3176 2876 3248 καταθυμίων,
2907 3177 3006 3247 τὴν
3036 3174 3359 3246 σκυθρωπὴν
3388 3173 3594 3245 ταύτην

2020 3264 2239 3335 ἐμποιεῖ
2275 3266 2344 3336 τῇ
2365 3262 2572 3336 διανοίᾳ.
2594 3262 2847 3321 διάθεσιν.
2872 3267 2981 3322 Καὶ
3003 3268 3065 3323 τδ
3100 3265 3596 3336 ἀντιθεωρούμενον

345 3331 586 3400 speratio
617 3345 805 3386 eorum
863 3346 984 3401 qua:
1034 3331 1521 3401 concupiscuntur,
1574 3332 1916 3404 privatioque

2026 3331 2085 3426 τῇ
2121 3354 2286 3426 λύπη,
2313 3331 2390 3406 "ab
2436 3331 2559 3408 καθέ
2587 3356 2778 3427 ἡδονὴν
2827 3356 2969 3423 λέγω
3020 3354 3216 3424 νόημα,
3266 3331 3466 3425 ὁμοίως
3513 3356 3597 3427 τῷ

342 3437 532 3478 eorum
555 3439 675 3494 quae
695 3424 847 3479 cordi
878 3430 1008 3479 sunt
1034 3433 1198 3495 atque
1234 3424 1472 3504 placent,
1499 3425 1716 3481 tristem
1767 3426 1913 3481 hanc

343 3529 407 3571 ac
435 3515 685 3571 tetricam
712 3515 767 3570 in
792 3524 972 3572 mente
1005 3517 1289 3588 ingenerat
1327 3514 1691 3574 ati‘ectionem.
1740 3518 1919 3590 Atque

342 3605 509 3660 etiam
536 3605 590 3660 id
616 3605 762 3676 quod
794 3607 1130 3661 contrarium
1180 3605 1355 3661 dolori
1385 3605 1621 3672 videtur,
1665 3607 1916 3677 volupta-

343 3696 414 3749 tis
439 3711 659 3752 sensum
690 3697 830 3762 dico,
886 3698 1139 3753 similiter
1169 3706 1223 3753 et
1254 3698 1309 3752 iu
1359 3699 1497 3753 iram
1529 3706 1585 3753 et
1628 3700 1919 3769 concupis-

343 3783 576 3837 centiam
600 3784 880 3839 dividitur.
911 3785 1174 3855 Voluptas
1203 3787 1348 3842 enim
1385 3789 1671 3858 utriusque
1718 3789 1916 3844 horum

341 3890 409 3929 ex
433 3889 589 3945 aequo
630 3876 995 3946 principatum
1046 3885 1210 3933 tenet.
1253 3877 1329 3947 (a)
1364 3877 1497 3944 Quae
1548 3881 1748 3948 omnia,
1792 3895 1916 3936 cum

341 3964 487 4018 circa
514 3963 749 4018 animam
782 3974 931 4027 sunt,
979 3974 1090 4020 tum
1130 3967 1312 4022 anima
1349 3985 1461 4024 non
1491 3979 1642 4037 sunt,
1689 3973 1784 4028 sed
1825 3989 1921 4029 ve-

342 4055 439 4108 luti
470 4054 717 4125 quaedam
750 4072 990 4114 verrucae
1034 4073 1098 4114 ex
1152 4061 1466 4130 cogitatrice
1515 4071 1670 4134 parte
1723 4065 1917 4121 anime

411 4275 523 4348 (90)
558 4278 759 4348 εἰμὲν
790 4277 921 4348 nip-
952 4278 1049 4348 3+.
1082 4278 1179 4348 μὲν
1209 4279 1337 4348 γάρ·

411 4296 525 4418 ἒὲἵῖ
558 4296 1360 4418 Ἀ¹³ιὲἐέἓῖ›οἵῗὲέ.

412 4415 524 4488 (92)
566 4415 823 4483 Ὀρεξιν.
845 4417 895 4488 Α,
907 4416 1098 4488 ὄρεξις.

410 4487 525 4567 ἱὲξ)
563 4487 1082 4567 Προκιξῖιὲρξαντας
1106 4487 1148 4567 β
1169 4487 1564 4567 περοξξεῑιαντσιο

575 4556 589 4576 ⁹
600 4556 1021 4630 Ϊξπαιᾴϐοιμεν.
1043 4558 1095 4630 ΛΑ
1108 4556 1597 4630 ύπολάμὸἀνοιμεν.

414 4627 526 4697 (95)
566 4627 695 4697 Κᾶν
715 4627 831 4693 τὴν
854 4627 1193 4697 ἐπιθυμίαν.
1231 4627 1293 4681 ιη
1333 4627 1493 4685 calce
1528 4630 1573 4684 Α
1614 4629 1730 4686 haec
1783 4641 1913 4690 uota

345 4696 607 4767 occurrit,
638 4696 761 4767 ὅρος
791 4696 1103 4767 ἐπιθυμίας.

412 4765 528 4976 ἓ96ξ
564 4765 1042 4846 Διορισώμεθα.Β
1070 4765 1401 4838 ὁρισώμεθα.

436 4835 503 4891 97
563 4839 1046 4905 Καταθυμητικῳ.
1073 4838 1115 4889 Α
1145 4837 1186 4887 Β
1209 4837 1401 4891 καταθι

436 4905 504 4961 98
567 4905 1309 4976 Δειλίαν.Αδειλία-λύπη,
1340 4909 1401 4976 φό

506 4415 526 4696 ἓ

563 4836 1046 4909 Κατᾳθυμητικῷ.
1073 4836 1115 4889 Ᾱ
1144 4837 1553 4909 Βκαταθυμίῳ.

436 4905 528 4972 98)
567 4905 1309 4976 Δειλίαν.Αδειλία-λύπη,
1340 4905 1616 4978 φόϐοςκα).
1645 4911 1918 4982 καταφρό-

343 4992 519 5047 νησις.

437 5047 526 5114 99)
542 5046 679 5114 Καί.
717 5044 869 5101 Delct
888 5046 948 5101 Β.

438 5113 665 5257 ἾΚαί.
698 5114 849 5171 Delet
885 5115 944 5170 B.

438 5186 472 5240 2
525 5184 853 5255 Συγβνῶς.
880 5187 925 5239 Δ

413 5184 493 5259 (2)
525 5184 853 5255 Συγγενῶς.
880 5187 925 5239 Δ
952 5186 995 5238 Β
1024 5187 1300 5255 συγγενῶς
1334 5188 1451 5259 μέν.

509 4764 528 4972 ξ

2022 3442 2179 3515 θυμῷ
2205 3460 2264 3497 τε
2295 3445 2389 3498 καὶ
2415 3446 2479 3516 τῇ
2510 3445 2775 3516 ἐπιθυμίᾳ
2819 3442 3218 3516 ἐπιμερίζεται.
3264 3444 3452 3516 Ἡδονὴ
3483 3447 3594 3518 γὰρ

2021 3535 2283 3608 ἐκατέρου
2323 3535 2529 3590 τούτων
2577 3536 2718 3589 κατά
2756 3537 2817 3589 τὸ
2846 3534 2961 3590 ἴσον
3006 3534 3324 3607 ἡγεμονεύει
3356 3575 3369 3588 .
3406 3537 3473 3589 "A
3515 3537 3594 3609 (8)

2023 3624 2199 3676 πάντα
2222 3624 2314 3678 καὶ
2352 3625 2479 3696 περὶ
2506 3626 2605 3696 τὴν
2627 3624 2804 3696 ψυχήν
2830 3627 2966 3693 ἐστι,
2998 3627 3092 3679 καὶ
3127 3626 3271 3696 ψυχὴ
3296 3627 3397 3679 οὐκ
3424 3626 3593 3693 ἔστιν,

2025 3711 2142 3765 ἀλλ’
2164 3707 2276 3766 οἷον
2297 3714 2605 3784 μυρμηκίαι
2628 3714 2770 3778 τινὲς
2792 3713 2884 3767 τοῦ
2908 3714 3249 3785 διανοητικοῦ
3277 3715 3474 3786 μέρους
3495 3715 3593 3785 τῆς

2022 3801 2200 3873 ψυχῆς
2225 3804 2553 3876 ἐκφυόμεναι
2584 3806 2679 3877 (9).
2719 3806 2785 3860 ’Λ
2821 3806 2960 3878 μέρη
2998 3807 3097 3877 μὲν
3127 3808 3295 3878 αὐτῆς
3340 3804 3477 3860 εἶναι
3506 3803 3595 3859 διὰ

2022 3894 2086 3948 τὸ
2118 3898 2561 3967 προσπεφυκέναι
2576 3897 2874 3968 νομίζεται,
2890 3901 2949 3953 οὑ
2972 3898 3079 3971 μὴν
3102 3899 3275 3953 ἐκεῖνό
3296 3899 3433 3951 εἰσιν
3455 3896 3591 3966 (Ιθ),

2753 3989 2766 4007 9

2023 3984 2160 4059 ὅπερ
2194 3984 2338 4040 ἐστὶν
2353 3989 2387 4055 ἡ
2413 3984 2556 4058 ψυχὴ
2577 3988 2695 4041 κατ’
2714 3988 2917 4042 οὐσίαν.
2934 4020 3002 4028 —
3018 3988 3077 4043 Γ.
3104 3983 3213 4040 Καὶ
3225 3989 3332 4059 μὴν
3357 3985 3590 4057 ὁρῶμεν,

2024 4074 2169 4144 φημὶ
2197 4074 2331 4145 πρὸς
2367 4076 2466 4147 τὴν
2488 4076 2774 4148 παρθένον,
2805 4077 2866 4131 οὐ
2898 4076 3100 4149 μικρὰν
3122 4078 3186 4131 ἐκ
3216 4076 3419 4130 τούτων
3445 4092 3595 4144 γινο-

2093 4287 2170 4362 (3)
2202 4287 2671 4362 Ἐπιρυμητικόν.
2692 4291 2807 4347 Ain
2839 4292 3108 4362 margine,
3130 4288 3521 4360 ἐπιθυμητικόν
3533 4306 3593 4343 τε

2023 4358 2116 4450 καὶ.
2129 4358 2442 4450 ιθυιιιρειδίς.

2221 4428 2671 4501 Ῐιυνιίποῃοάφει.
2694 4432 2737 4483 Α
2766 4431 2808 4482 Β
2844 4431 3170 4501 ὑπογράφει.
3299 4498 3312 4501 ξ
3487 4499 3511 4501 _
3553 4477 3557 4482 .

2117 4496 2170 4567 5)
2222 4499 2290 4553 'H
2325 4498 2395 4552 δὲ
2424 4496 2590 4567 λύπὴ
2631 4501 2701 4565 ἐξ
2754 4496 3116 4569 ἀμφοτέρω.
3142 4500 3195 4553 In
3231 4498 3380 4552 calce
3419 4499 3511 4552 τοῦ
3550 4501 3596 4553 Α

2028 4569 2129 4640 hoc
2160 4569 2357 4640 legitur
2379 4568 2646 4631 scholiun.
2691 4571 2822 4640 Περὶ
2860 4568 3059 4640 δειλίας
3092 4570 3185 4640 καὶ
3217 4568 3467 4640 θράσους,
3500 4570 3596 4623 καὶ

2024 4638 2190 4710 φόϐου
2226 4639 2323 4710 καί
2374 4638 2862 4710 καταφρονήσεως,
2914 4640 3005 4692 καὶ
3046 4638 3219 4710 λύπης
3254 4638 3347 4710 καὶ
3380 4638 3592 4710 ἡδονῆς,

2019 4706 2114 4763 καὶ
2149 4708 2232 4761 ὃτι
2255 4707 2434 4761 πάντα
2457 4706 2585 4780 περ).
2605 4706 2683 4761 τὺ’
2700 4709 2977 4779 θυμοειδὲς
3003 4710 3097 4763 καὶ
3113 4706 3593 4780 τὸἐπιθυμγητικὸν

2023 4778 2383 4830 συνίστανται.

2023 4794 2383 4831 συνίστανται.

2090 4848 2166 4921 (9)
2207 4848 2363 4921 Ετΐεο
2390 4848 2432 4921 Β
2454 4848 2489 4917 ἦ
2511 4865 2592 4921 τες
2628 4845 2884 4921 Hild-’15?
2908 4847 3007 4915 τῷ.
3035 4847 3077 4900 Β
3102 4849 3160 4902 ὲν
3182 4851 3271 4921 τῇ.

2210 4916 2526 4989 νἏδυνᾴτφ.
2560 4918 2602 4968 Β
2635 4916 2925 4988 ἀδυναμίᾳ.

2087 4987 2165 5057 (8)
2205 4988 2289 5042 Ἃ.
2325 4990 2364 5040 Λ
2398 4988 2441 5039 Β
2468 4987 2630 5057 ἀπερ.

2088 5055 2163 5126 (9)
2215 5055 2618 5128 Ὲκφυόμεναὶ.
2648 5057 2690 5108 Β
2709 5055 3041 5128 ὲκφυόμενα.

2089 5121 2201 5198 (ίῦ)
2235 5121 2440 5181 Εἰσίνῖ
2463 5127 2508 5181 A
2535 5127 2590 5180 in
2615 5121 2857 5197 margine
2876 5121 3035 5181 εἶναι.

3541 5312 3560 5345 θ

417 5386 490 5457 (a)
526 5370 783 5441 Scholion
819 5402 832 5439 :
886 5384 1082 5438 Vitium
1128 5383 1393 5455 quoddam
1427 5386 1483 5439 in
1523 5394 1648 5457 cute
1670 5387 1905 5454 corporis
2014 5384 2344 5442 hwrescem:
2369 5398 2552 5457 revera
2578 5392 2755 5438 tamen
2784 5384 2863 5439 ita
2906 5399 2960 5439 se
2996 5400 3080 5457 res
3101 5400 3206 5439 non
3229 5382 3590 5457 liabet._Ur_tde

343 5452 516 5512 nostri
575 5456 823 5518 exsistit,
884 5457 1022 5521 quod
1076 5452 1262 5510 aeruca
1320 5467 1556 5511 vocatur.
1609 5452 1906 5511 Carnosum
2011 5458 2060 5510 si
2087 5458 2203 5525 quis
2227 5472 2416 5510 curare
2447 5454 2589 5518 velit,
2624 5470 2753 5522 opus
2772 5466 2850 5510 est
2879 5463 2937 5525 ut
2969 5454 3209 5508 tollatur.
3238 5452 3358 5507 Hac
3382 5453 3589 5525 _simili-

343 5528 486 5581 enim
519 5542 735 5595 parvum
758 5525 1023 5594 quoddam
1061 5525 1388 5580 tuberculum
1425 5528 1637 5581 exsistit
1680 5527 1734 5579 iu
1782 5537 1900 5581 cute
2012 5523 2190 5581 tudine
2225 5525 2294 5580 ad
2337 5541 2446 5581 rem
2471 5526 2796 5595 propositam
2837 5524 3124 5581 admodum
3151 5523 3427 5581 commoda
3459 5539 3586 5579 usus

346 5597 483 5664 quod
512 5597 645 5652 rutis
678 5596 885 5668 quidem
918 5612 1042 5666 pars
1075 5614 1187 5653 esse
1216 5597 1441 5663 videtur,
1490 5599 1672 5668 quippe
1722 5599 1771 5653 ci
1822 5599 1906 5651 in-
2012 5606 2109 5651 est.
