3950 6132
474 323 546 378 se
1362 366 1365 369 .
1723 321 1782 378 s.
1825 320 2157 379 cessem:
2198 321 2491 379 NYSSENI
3653 328 3715 381 oo
3787 283 3799 298 ’

456 451 729 516 ponatur,
765 453 826 501 ut
854 444 1094 517 ell'ugere
1123 430 1299 516 passit
1329 459 1520 499 eorum
1549 444 1642 515 qui
1670 444 2046 500 calumniandi
2076 453 2105 508 Α

2209 444 2380 516 Ξπειδὴ
2422 446 2534 518 γὰρ
2575 445 2803 517 συνέστη
2841 445 2901 500 τὸ
2944 445 3073 507 πᾶν,
3110 442 3293 506 καθὼς
3325 443 3359 514 ἡ
3395 443 3597 514 ἱστορία
3623 462 3714 516 φη-

472 552 638 592 causa
668 538 982 593 auscultant
1012 536 1271 592 incursus
1302 545 1357 592 et
1385 536 1740 601 otl'ensiones,
1783 537 1870 591 via
1908 552 2049 607 qua-

2209 553 2264 601 .ν,
2312 537 2412 590 οὑκ
2455 537 2616 602 εὐθὺς
2657 538 2769 611 (55)
2808 540 2836 592 ὁ
2878 536 3164 608 ἄνθρωπος
3201 536 3258 588 ἐν
3290 536 3355 605 τῇ
3385 536 3455 605 γῇ
3505 534 3718 603 γίνεται,

473 628 600 682 dam
629 635 684 685 et
710 628 919 684 ordinis
935 627 1328 697 consequentia
1350 627 1414 683 ad
1445 628 1779 683 creationem
1812 627 2053 683 hominis

2209 628 2294 682 ιλὰ
2323 629 2514 684 τούτου
2552 631 2649 701 μὲν
2682 632 2714 701 ἡ
2759 629 2869 685 τῶν
2900 629 3110 698 ἀλόγων
3144 628 3497 699 προηγήσατο
3540 626 3720 695 φύσις*

474 718 721 774 divinum
752 734 952 774 numen
983 720 1288 776 accessisse
1316 718 1793 790 Scripturadocet.
1821 719 2050 775 Postea-

2209 722 2386 774 ιείνων
2435 721 2490 773 δὲ
2524 720 2593 774 τὰ
2639 721 3018 792 βλαστήματα.
3070 719 3373 782 Δείκνυσιν,
3428 715 3598 787 οἶμαι,
3644 718 3725 771 διὰ

477 826 642 881 quam
700 812 845 867 enim
884 813 1122 867 conditae
1168 820 1298 867 sunt
1325 827 1416 867 res
1466 811 1758 876 universae,
1791 812 2055 882 quemad-

2209 812 2366 867 >ύτων
2411 814 2439 866 ό
2482 813 2658 882 λόγος,
2709 815 2790 867 ὃτι
2832 814 2866 884 ἡ
2918 812 3123 882 ζωτικὴ
3169 810 3396 881 δύναμις
3453 808 3727 878 ἀκολουθίᾳ.

479 903 703 958 modum
751 904 983 960 historia
1018 904 1174 968 dicit,
1232 919 1344 959 non
1400 904 1588 974 utique
1652 904 1837 960 statim
1894 904 2057 960 homo

2209 904 2270 957 ινὶ
2300 906 2366 976 τῇ
2411 907 2694 977 σωματικῇ
2734 904 3137 975 καταμίγνυται
3169 901 3348 972 φύσει,
3384 901 3592 971 πρῶτον
3637 898 3726 969 μὲν

480 995 691 1050 exstitit
726 996 779 1050 in
813 1005 978 1061 terra,
1016 996 1112 1051 sed
1157 996 1305 1049 hunc
1347 995 1567 1066 quidem
1603 997 1817 1052 ratione
1868 1011 2061 1053 caren-

2209 999 2275 1060 D't'g
2312 996 2658 1067 ἀναισθήτοις
2701 995 2958 1049 ἐνδύουσα
2988 994 3122 1064 (56),
3160 992 3301 1047 κατὰ
3336 992 3450 1062 (57)
3490 990 3642 1043 τοῦτο
3677 989 3729 1042 δὲ

481 1086 619 1140 tium
663 1094 856 1142 natura
888 1088 1200 1156 praecessit;
1251 1095 1377 1143 ante
1409 1088 1502 1141 illa
1549 1101 1678 1142 vero
1708 1088 1952 1157 germina
1998 1101 2063 1142 ac

2209 1089 2261 1141 πὶ
2298 1089 2357 1142 τὸ
2394 1088 2709 1160 αἰσθητικὸν
2739 1085 3024 1159 προϊοῦσα,
3058 1083 3155 1138 εἷθ’
3187 1084 3361 1148 οὕτως
3390 1083 3524 1155 πρὸς
3549 1082 3608 1134 τὸ
3627 1096 3732 1134 vos-

483 1176 682 1246 plant‘a:
701 1175 939 1232 fuerunt.
963 1175 1236 1240 Ostendit.
1256 1178 1475 1248 opinor,
1497 1191 1594 1246 per
1613 1178 1726 1232 haec
1752 1176 2061 1247 Scriptura,

2209 1179 2266 1232 ὸν
2300 1181 2394 1234 κα)⁵
2421 1181 2727 1250 λογιστικὸν
2751 1181 2864 1250 (58)
2890 1178 3275 1233 ἀναϐαίνουσα.

484 1268 630 1335 quod
684 1269 764 1323 vis
817 1269 1000 1324 vitalis
1051 1270 1244 1324 ordine
1289 1284 1353 1324 ac
1408 1268 1792 1324 vicissitudine
1842 1268 2079 1339 quadam
2122 1274 2391 1343 corporali
2442 1272 2833 1327 commiseetur
2881 1280 3111 1337 naturae,
3148 1270 3387 1340 primum
3425 1265 3639 1337 quidem
3682 1263 3733 1319 in

490 1375 658 1416 sensu
702 1362 948 1415 carentia
979 1376 1101 1415 sese
1147 1369 1442 1429 penetrans
1474 1368 1529 1415 et
1554 1360 1872 1425 infundens,
1908 1371 2100 1431 postea
2138 1378 2270 1417 vero
2306 1368 2371 1418 ad
2403 1380 2569 1420 sensu
2602 1364 2890 1434 praeditum
2932 1362 3288 1433 progrediens
3329 1378 3342 1413 :
3387 1360 3463 1414 ita
3493 1358 3738 1427 deinceps

492 1456 560 1509 ad
601 1454 652 1509 id
684 1454 830 1524 quod
866 1460 1048 1508 mente
1076 1443 1618 1522 atqueitttelligetttia
1655 1454 1943 1523 praeditum
1981 1453 2321 1526 rationisque
2354 1457 2628 1526 particeps
2656 1465 2758 1521 est,
2791 1453 3116 1508 ascendens.

560 1548 729 1619 Igitur
765 1561 955 1601 eorum
1009 1560 1131 1616 qua:
1177 1553 1343 1608 sunt,
1408 1545 1559 1598 aliud
1594 1545 1819 1616 quidem
1875 1561 2075 1616 corpo—

2245 1548 2453 1604 Οὐκοῦν
2479 1549 2587 1601 τῶν
2615 1548 2783 1601 ὄντων
2815 1549 2874 1601 τὸ
2905 1547 3003 1618 μὲν
3034 1542 3364 1615 σωματικὸν,
3394 1542 3455 1594 τὸ
3485 1541 3541 1594 δὲ
3572 1538 3740 1609 νοερόν

493 1654 672 1707 reum,
696 1639 844 1693 aliud
890 1654 1019 1693 vero
1067 1645 1248 1692 mente
1302 1643 1465 1707 atque
1526 1636 1884 1707 intelligentia
1931 1652 2074 1707 prae-

2210 1660 2293 1695 στι
2344 1642 2594 1704 πάντως·
2632 1639 2724 1692 τοῦ
2774 1639 2829 1692 δὲ
2883 1636 3230 1707 σωματικοῦ,
3264 1634 3324 1687 τὸ
3371 1633 3468 1703 μὲν
3514 1629 3741 1700 ἔμψυχόν

494 1729 666 1784 ditum
731 1745 997 1798 prorsus;
1038 1736 1593 1798 corporeumautem
1655 1728 1803 1782 aliud
1858 1728 2075 1797 quidem

2210 1754 2331 1802 στι,
2364 1735 2424 1787 τὸ
2466 1734 2522 1787 δὲ
2554 1732 2779 1804 ἄψυχον.
2815 1731 3095 1801 Ἐμψυχον
3143 1729 3198 1781 δέ
3233 1728 3378 1795 λέγω
3412 1726 3473 1779 τὸ
3528 1723 3738 1794 μετέχον

495 1823 838 1886 inanimum,
897 1822 1041 1877 aliud
1086 1836 1216 1876 vero
1262 1820 1562 1874 animatum
1606 1826 1709 1875 est.
1763 1820 2076 1874 Animatum

2209 1831 2326 1901 ’ωῆς
2342 1844 2355 1857 °
2380 1827 2487 1883 τῶν
2510 1827 2565 1880 δὲ
2587 1826 2802 1891 ζώντων
2825 1824 2957 1893 (59),
2984 1822 3055 1876 τὰ
3075 1823 3170 1892 μὲν
3195 1819 3444 1890 αἰσθήσει
3466 1815 3596 1909 συζῇ
3621 1813 3743 1912 (40),

499 1922 681 1968 autem
735 1912 861 1967 dico
920 1912 1067 1983 quod
1117 1912 1240 1967 vitze
1296 1911 1572 1981 particeps
1617 1920 1722 1967 est.
1777 1911 1952 1981 Atque
1985 1926 2079 1966 eo-

499 2017 621 2057 rum
666 2017 787 2072 quae
843 2001 1053 2067 vivunt,
1107 2001 1213 2054 alia
1259 2000 1478 2070 quidem
1542 2002 1596 2055 in
1649 2018 1814 2058 sensu
1864 2002 2077 2067 vivunt,

500 2095 608 2148 alia
662 2110 792 2150 vero
830 2094 950 2164 ejus
986 2096 1228 2165 expertia
1265 2102 1414 2149 sunt.
1462 2093 1678 2150 Rursus
1737 2110 1902 2151 sensu
1949 2111 2084 2166 pra:-

501 2186 741 2242 ditorum
782 2187 883 2240 alia
931 2186 1150 2256 quidem
1210 2187 1421 2240 ratione
1459 2187 1682 2256 praadita
1710 2226 1726 2253 ,
1780 2188 1887 2241 alia
1952 2202 2084 2243 vero

504 2278 743 2333 rationis
779 2278 1025 2346 expertia
1076 2288 1223 2332 sunt.
1269 2277 1538 2343 Quoniam
1590 2292 1718 2348 ergo
1750 2292 1917 2333 sensu
1957 2294 2087 2348 prte-

506 2369 618 2424 dita
658 2367 765 2423 vita
819 2368 1027 2437 absque
1073 2368 1302 2422 materia
1352 2367 1653 2423 consistere
1705 2382 1814 2422 non
1865 2368 2085 2439 possit,

506 2465 562 2513 ct
603 2457 748 2528 quod
817 2466 996 2512 mente
1060 2456 1349 2527 praeditum
1400 2467 1485 2512 est
1542 2458 1702 2512 aliter
1761 2459 1815 2512 in
1858 2474 2089 2528 corpore.

508 2565 631 2606 esse
664 2559 917 2620 nequeat,
952 2549 1057 2604 nisi
1094 2550 1145 2602 vi
1192 2549 1461 2604 sentiendi
1503 2549 1851 2614 inha‘rescat,
1888 2549 1991 2602 hac
2022 2549 2090 2604 de

510 2658 678 2703 causa
718 2642 882 2697 homo
918 2650 1197 2719 postremo
1248 2642 1369 2696 loco
1406 2640 1661 2697 conditus
1722 2656 1846 2697 esse
1923 2640 2093 2694 tradi-

512 2744 625 2801 tur,
658 2742 717 2789 ut
760 2734 851 2804 qui
908 2749 1125 2788 omnem
1173 2734 1391 2789 vitalem
1418 2735 1655 2804 speciem
1681 2773 1697 2797 ,
1719 2742 1775 2788 et
1821 2748 1941 2787 eam
1973 2748 2093 2803 qua:

517 2827 572 2881 iu
606 2824 963 2895 germinibus,
1003 2832 1055 2880 et
1089 2838 1207 2878 eam
1252 2840 1370 2893 qua:
1421 2825 1476 2877 iu
1528 2824 1709 2879 brutis
1760 2824 2096 2877 animadver-

517 2918 685 2980 titur,
737 2915 793 2970 in
850 2930 973 2970 sese
1037 2915 1356 2984 complexus
1392 2915 1486 2969 sit.
1530 2913 1664 2967 Nam
1698 2915 1766 2967 ali
1801 2914 2018 2984 quidem
2044 2924 2097 2968 ct

2179 1921 2249 1976 τὰ
2290 1922 2510 1992 ἀμοιρεῖ
2540 1918 2761 1987 ταύτης.
2798 1915 2966 1969 Πάλιν
3005 1914 3112 1966 τῶν
3150 1904 3516 1981 αἰσθητικῶν,
3560 1907 3626 1959 τὰ
3661 1904 3748 1976 μὲν

2180 2012 2376 2082 λογικά.
2405 2012 2542 2078 ἐστι,
2568 2009 2636 2062 τὰ
2664 2008 2719 2061 δὲ
2743 2007 2932 2075 ἄλογα.
2975 2006 3124 2058 Ἐπεὶ
3148 2002 3295 2072 οὖνὴ
3325 1998 3619 2082 αἰσθητικὴ
3644 1995 3747 2065 ζωὴ
3811 2009 3819 2017 ·

2182 2106 2282 2159 οὐκ
2329 2104 2395 2158 ἂν
2441 2103 2563 2173 δίχα
2595 2102 2694 2172 τῆς
2733 2100 2863 2169 ὕλης
2917 2096 3144 2166 συσταίη
3169 2137 3183 2160 ,
3220 2094 3327 2147 οὐδ’
3367 2092 3438 2146 ἂν
3483 2081 3544 2143 ῖτδ
3580 2086 3752 2159 νοερὸν

2183 2197 2357 2258 ἄλλως
2388 2197 2444 2248 ἐν
2476 2193 2690 2264 σώματι
2720 2192 2950 2261 γένοιτο,
2984 2192 3055 2261 μὴ
3088 2187 3165 2259 τῷ
3198 2184 3501 2257 αἰσθητικῷ
3528 2184 3635 2251 (cii)
3663 2182 3752 2251 ἐμ-

2187 2290 2476 2360 φυόμενον,
2510 2285 2698 2339 τούτου
2743 2284 2902 2355 χάριν
2944 2280 3226 2336 τελευταία
3263 2282 3295 2350 ἡ
3348 2277 3446 2331 τοῦ
3481 2273 3755 2344 ἀνθρώπου

2188 2374 2498 2447 κατασκευὴ
2521 2370 2831 2444 ἱστορεῖται,
2851 2374 2927 2436 ὡς
2951 2374 3128 2424 πᾶσαν
3151 2366 3629 2439 ἐκπεριειληφότος
3652 2361 3755 2434 (42)

2187 2470 2285 2541 τὴν
2329 2468 2564 2538 ζωτικὴν
2611 2466 2784 2529 ἰδέαν,
2814 2467 2914 2535 τήν
2944 2480 3003 2516 τε
3037 2464 3095 2516 ἐν
3142 2463 3253 2524 τοῖς
3290 2460 3632 2529 βλαστήμασι
3674 2452 3758 2505 καί

2188 2563 2287 2633 τὴν
2339 2563 2396 2615 ἐν
2441 2563 2550 2623 τοῖς
2601 2558 2812 2626 ἀλόγοις
2860 2554 3258 2625 θεωρουμένην.
3308 2550 3381 2603 Τὸ
3433 2550 3531 2621 μὲν
3579 2546 3761 2618 τρέφε·

2193 2654 2316 2708 σθαί
2347 2654 2456 2724 (45)
2489 2669 2549 2704 τε
2580 2649 2836 2714 αὔξεσθαι
2862 2648 2972 2718 (44)
2994 2648 3057 2699 ἐκ
3081 2646 3180 2716 τῆς
3210 2642 3446 2713 φυτικῆς
3471 2640 3585 2710 ἔχει
3607 2637 3758 2706 ζωῆς·

2193 2746 2307 2799 ἐστι
2333 2744 2441 2814 γὰρ
2468 2742 2527 2795 τὸ
2559 2740 2795 2795 τοιοῦτον
2823 2740 2916 2793 καί
2950 2741 3005 2791 ἐν
3040 2737 3267 2798 ἐκείνοις
3299 2735 3449 2800 ἰδεῖν,
3479 2728 3763 2801 ἑλκομένης

2193 2855 2253 2891 τε
2287 2836 2380 2890 καί
2414 2835 2504 2889 διὰ
2546 2833 2710 2904 ῥιζῶν
2737 2833 2835 2901 τῆς
2862 2832 3067 2904 τροφῆς
3100 2830 3193 2881 καί
3224 2823 3662 2895 ἁποποιουμένης
3686 2817 3767 2871 διὰ

2195 2928 2425 3001 καρπῶν
2454 2944 2513 2979 τε
2559 2925 2652 2979 καὶ
2681 2923 2895 2993 φύλλιον
2915 2939 2928 2952 ο
2959 2921 3018 2974 τὸ
3054 2920 3110 2973 δὲ
3145 2919 3264 2972 κατ’
3290 2916 3545 2986 αἴσθησιν
3570 2913 3766 2965 οἰκονο-

520 3021 815 3079 augescere
859 3015 1021 3075 atque.
1058 3019 1306 3060 crescere
1338 3046 1350 3068 ,
1383 3021 1451 3059 ex
1503 3004 1616 3057 vita
1672 3005 1980 3073 plantarum
2040 3011 2098 3059 et

2209 3020 2419 3092 μεῖσθαι
2450 3022 2511 3073 ἐκ
2540 3017 2647 3071 τῶν
2669 3016 2878 3084 ἀλόγων
2907 3013 3036 3084 ἔχει.
3071 3012 3143 3064 Τὸ
3170 3012 3225 3064 δὲ
3246 3007 3583 3079 διανοητικόν
3607 3020 3665 3057 τε
3684 3001 3769 3055 καὶ

522 3101 773 3172 stirpium
832 3100 1032 3156 habet:
1079 3100 1206 3154 licet
1269 3100 1413 3154 enim
1472 3098 1577 3152 tale
1606 3097 1881 3167 quiddam
1937 3096 2100 3152 etiam

2209 3112 2414 3182 λογικὸν
2459 3107 2688 3181 ἄμικτόν
2733 3109 2851 3159 ἐστι
2897 3104 3095 3168 ἰδιάζον
3140 3103 3274 3172 (45).
3311 3100 3399 3153 ἐπὶ
3441 3097 3644 3167 ταύτης
3681 3092 3772 3182 τῆς

524 3191 584 3247 in
618 3192 726 3247 illis
773 3190 959 3246 videre
988 3229 1003 3255 ,
1066 3191 1269 3260 quippe
1308 3198 1509 3243 cumet
1547 3187 1859 3241 attrahatur
1917 3186 2097 3240 nutri-

2209 3179 2414 3272 φύσεως
2441 3179 2526 3269 ἐφ’
2558 3200 2724 3269 ἑαυτῇ
2752 3196 2863 3268 (46)
2898 3194 3290 3263 θεωρούμενον.
3338 3190 3479 3242 Ἀλλ’
3516 3188 3698 3254 ὥσπερ
3722 3179 3774 3233 τὸ

526 3292 770 3339 mentum
820 3298 918 3353 per
999 3282 1256 3344 radices,
1307 3290 1362 3334 et
1418 3295 1513 3351 per
1560 3277 1773 3335 fructus
1827 3278 1990 3332 simul
2042 3292 2101 3333 ac

2209 3291 2527 3362 ἐφελκτικδν
2581 3288 2686 3343 τῶν
2739 3289 3051 3357 ἀναγκαίων
3105 3286 3239 3357 πρὸς
3283 3283 3379 3353 τὴν
3433 3280 3626 3351 ὑλικὴν
3675 3274 3774 3344 (47)

530 3374 661 3430 folia
708 3382 1038 3429 excernatur
1068 3381 1122 3426 et
1164 3373 1484 3442 rejiciatur:
1530 3372 1672 3441 quod
1714 3377 1893 3424 autem
1939 3385 2104 3425 sensu

531 3464 899 3536 gubernatur,
936 3476 965 3515 a
1008 3462 1185 3516 brutis
1222 3471 1275 3515 et
1319 3461 1529 3514 ratione
1565 3458 1879 3515 carentibus
1920 3458 2103 3513 habet.

532 3556 604 3610 At
642 3556 726 3612 vis
756 3554 1033 3627 cogitandi
1094 3568 1159 3608 ac
1209 3552 1571 3608 ratiocinandi
1628 3552 1681 3605 in
1738 3550 1838 3604 hac
1912 3558 2107 3603 natura

536 3650 686 3704 nulla
737 3648 1062 3704 admistione
1117 3656 1398 3712 concreta,
1457 3644 1551 3700 sed
1617 3644 1909 3714 peculiaris
1985 3649 2113 3704 est,

536 3756 660 3810 qua:
708 3755 804 3809 per
831 3753 891 3794 se
920 3739 1211 3807 separatim
1245 3736 1647 3791 consideratur.
1685 3734 1789 3789 Sed
1850 3733 2115 3805 quemad-

542 3831 761 3886 modum
801 3813 1272 3884 incccssariorutn
1345 3827 1714 3882 altractricem
1761 3826 1870 3880 vim
1920 3835 2117 3881 natura

546 3921 712 3977 habet
758 3936 788 3974 a
829 3921 943 3976 vita
989 3920 1279 3985 materiali,
1331 3935 1455 3989 qua:
1485 3920 1566 3975 vis
1612 3918 1655 3973 si
1699 3918 1752 3973 in
1789 3919 1950 3973 nobis
1995 3918 2115 3976 fue-

546 4014 641 4076 rit,
677 4014 949 4084 appetitus
990 4012 1214 4067 dicitur.
1259 4010 1386 4064 Eam
1427 4018 1606 4066 autem
1640 4009 1746 4063 vim
1792 4010 1859 4063 de
1906 4011 2120 4080 planta-

549 4119 669 4158 rum
703 4105 827 4158 vitze
859 4105 1041 4174 specie
1084 4119 1208 4159 esse
1249 4102 1486 4158 dicimus
1516 4120 1528 4156 :
1565 4104 1766 4173 quippe
1810 4117 1933 4158 cum
1981 4111 2034 4158 et
2065 4102 2120 4156 in

549 4197 659 4251 illis
704 4196 867 4252 liceat
923 4195 1106 4251 videre
1181 4204 1441 4265 tanquam
1497 4193 1788 4249 facultates
1847 4193 2121 4264 quasdam

550 4289 877 4345 naturaliter
907 4289 1014 4342 vim
1048 4303 1202 4343 suam
1230 4295 1567 4352 exercentes,
1604 4287 1731 4341 dum
1762 4296 1816 4342 et
1844 4288 2124 4356 replentur

550 4397 617 4436 eo
647 4382 791 4450 quod
823 4382 1021 4452 cuique
1063 4383 1341 4452 preprium
1380 4389 1433 4434 et
1462 4379 1805 4433 commodmu
1852 4378 2034 4442 fuerit,
2070 4387 2123 4433 et

552 4472 905 4545 impelluntur
933 4489 996 4527 ac
1028 4481 1246 4542 turgent
1267 4471 1332 4525 ad
1355 4469 1710 4524 crescendum
1738 4481 1785 4525 et
1812 4470 2124 4540 germinan-

553 4556 684 4611 dum
715 4572 729 4610 :
757 4559 947 4614 eodem
994 4560 1156 4615 etiam
1209 4558 1369 4612 modo
1408 4573 1748 4627 quaecunque
1782 4558 1994 4612 ratione
2035 4574 2127 4614 ca-

2212 3382 2355 3453 ξωὴν
2386 3383 2419 3452 ἧ
2448 3381 2607 3449 φύσις
2632 3380 2762 3450 ἔχει,
2789 3381 2923 3449 ὅπερ
2954 3381 3008 3430 ἐν
3028 3379 3160 3446 ἡμῖν
3190 3373 3479 3442 γενόμενον
3510 3368 3685 3441 ὄρεξις
3702 3365 3776 3417 λέ-

2211 3489 2386 3541 γεται.
2423 3468 2593 3523 Τοῦτο
2632 3469 2690 3523 δέ
2727 3485 2904 3539 φαμεν
2938 3467 3031 3519 τοῦ
3082 3462 3312 3534 φυσικοῦ
3354 3462 3467 3531 (48)
3516 3461 3616 3530 τῆς
3650 3455 3780 3523 ζωῆς

2214 3564 2386 3626 εἴδους
2412 3556 2579 3615 εἶναι·
2614 3562 2736 3613 ἐπεὶ
2768 3560 2824 3613 δέ
2857 3558 2965 3630 (49)
2995 3558 3087 3610 καὶ
3116 3558 3173 3609 ἐν
3211 3554 3437 3617 ἐκείνοις
3467 3553 3614 3605 ἔστιν
3646 3549 3783 3607 ἰδεῖν,

2216 3648 2325 3707 οἷόν
2354 3669 2505 3714 τινας
2536 3650 2711 3722 ὁρμὰς
2752 3651 2862 3719 (50)
2900 3647 3142 3718 φυσικῶς
3190 3643 3588 3716 ἐνεργουμένας
3622 3642 3678 3692 ἐν
3719 3635 3787 3702 τῷ

2218 3743 2559 3815 πληροῦσθαί
2596 3760 2655 3795 τε
2694 3742 2788 3795 τοῦ
2825 3741 3025 3795 οἰκείου
3054 3738 3151 3792 καὶ
3188 3738 3356 3808 ὀργᾷν
3388 3735 3502 3805 (5i)
3533 3732 3670 3803 πρὸς
3701 3728 3791 3797 τὴν

2223 3835 2450 3903 ἐκφυσιν
2474 3852 2485 3864 ·
2511 3832 2655 3886 οὕτω
2680 3834 2772 3886 καὶ
2800 3835 2899 3886 ὅσα
2926 3833 3025 3901 τῆς
3056 3830 3249 3898 ἀλόγου
3279 3826 3388 3899 (52)
3421 3824 3638 3895 φύσεώς
3659 3826 3793 3875 ἐστιν

2227 3927 2359 3987 ἴδια,
2393 3924 2567 3979 ταῦτα
2598 3925 2673 3996 τῷ
2706 3923 2875 3994 νοερῷ
2905 3924 3003 3992 τῆς
3042 3922 3216 3993 ψυχῆς
3251 3916 3579 3988 κατεμίχθη.
3630 3910 3794 3967 Ἐκεί·

2227 4035 2353 4082 νων,
2391 4018 2576 4088 φησιν,
2613 4019 2641 4070 ὁ
2691 4015 2880 4085 θυμὸς,
2917 4015 3138 4067 ἐκείνων
3179 4013 3207 4065 ό
3252 4009 3435 4079 φόϐος,
3481 4007 3705 4060 ἐκείνων
3740 4001 3798 4054 τὰ

2229 4109 2364 4164 ἄλλα
2404 4109 2581 4163 πάντα
2612 4109 2713 4161 ὅσα
2740 4106 2883 4161 κατὰ
2909 4106 2969 4159 τὸ
2998 4104 3236 4157 ἐναντίον
3268 4104 3325 4155 ἐν
3358 4103 3493 4171 ἡμῖν
3527 4098 3637 4170 (55)
3662 4098 3801 4163 ἐνερ-

2231 4202 2405 4267 γεῖται
2428 4239 2444 4261 ,
2478 4198 2618 4271 πλὴν
2649 4199 2746 4269 τῆς
2776 4197 2999 4267 λογικῆς
3042 4212 3099 4246 τε
3136 4194 3231 4246 καὶ
3260 4190 3608 4259 διανοητικῆς
3654 4182 3802 4236 δυνά-

2235 4305 2398 4358 μεως
2426 4289 2455 4341 ὃ
2484 4290 2547 4359 δὴ
2585 4290 2742 4360 μόνον
2773 4290 2872 4359 τῆς
2909 4287 3181 4359 ἡμετέρας
3220 4283 3363 4352 ζωῆς
3389 4280 3502 4352 (Si)
3538 4277 3803 4347 ἐξαίρετον

2230 4383 2286 4434 ἐν
2313 4381 2491 4451 ἐαυτῷ
2516 4381 2651 4450 (55),
2679 4380 2859 4443 καθὼς
2887 4381 3121 4449 εἴρηται,
3155 4374 3249 4428 τοῦ
3293 4373 3437 4427 θείου
3467 4370 3805 4442 χαρακτῆρσς

2231 4474 2351 4543 ἐχον
2383 4474 2481 4543 τὴν
2530 4473 2777 4543 μίμησιν.
2826 4471 2965 4524 Ἀλλ’
2996 4470 3181 4536 ἐπειδὴ
3230 4467 3369 4521 κατᾶ
3401 4465 3495 4518 τὸν
3537 4464 3639 4534 ἤδη
3681 4475 3806 4530 προ·

2232 4562 2560 4615 αποδοθέντα
2597 4563 2707 4633 (5'6)
2747 4563 2939 4630 λόγον,
2982 4562 3081 4614 οὐκ
3121 4561 3263 4613 ἐστιν
3309 4557 3485 4619 ἄλλως
3531 4556 3633 4625 τὴν
3672 4554 3808 4617 λογι-

558 4649 729 4705 rentis
771 4658 981 4705 natura:
1022 4650 1240 4720 propria
1269 4658 1418 4713 sunt,
1448 4649 1563 4704 hare
1599 4650 1954 4722 intelligentia
1996 4667 2104 4719 prae

2233 4655 2334 4725 κὴν
2366 4653 2592 4724 δύναμιν
2642 4654 2962 4724 ἐγγενέσθαι
2998 4657 3065 4724 τῇ
3106 4653 3392 4722 σωματικῇ
3435 4650 3574 4719 ζωῇ,
3629 4647 3704 4717 μὴ
3730 4642 3811 4696 διὰ

557 4738 684 4795 dita:
722 4741 918 4796 anima:
956 4740 1096 4811 parti
1152 4741 1414 4811 permista
1453 4749 1597 4796 sunt.
1634 4739 1789 4807 lline,
1821 4740 2017 4811 inquit,
2044 4750 2128 4796 est

633 4943 745 5080 (55)
776 4945 994 5009 Εὐθύς.
1033 4943 1072 4995 Β
1110 4942 1272 5005 εὐθὺς
1296 4943 1371 4995 δέ.

633 5015 723 5074 (56
785 5015 1142 5068 Ἐνδύουσα.
1178 5014 1219 5065 Λ
1250 5013 1291 5065 Β
1317 5015 1371 5067 ἐν

633 5012 745 5074 (56)
785 5015 1142 5068 Ἐνδύουσα.
1178 5014 1219 5065 Λ
1250 5013 1291 5065 Β
1317 5012 1625 5068 ἐνδύνουσα.

634 5083 749 5155 (57)
780 5084 959 5155 Kurd.
996 5084 1036 5155 Β
1062 5084 1219 5155 μετά.

638 5152 750 5221 (58)
790 5154 945 5219 Πρὸς
968 5153 1035 5207 τὸ
1063 5152 1278 5219 γοερὸν
1303 5153 1401 5224 καὶ
1427 5156 1627 5222 λογισ.
1664 5152 1706 5205 Α
1736 5155 1871 5224 πρὸς
1908 5153 1967 5206 τὸ
1994 5154 2142 5222 λογιο

570 5223 748 5296 κόν-τε
776 5225 870 5296 κα).
898 5225 1101 5295 νοερόν,
1128 5224 1177 5296 B7
1200 5224 1335 5296 πρὸς
1358 5223 1419 5276 τὸ
1446 5223 1628 5295 νοερόν
1650 5241 1707 5277 τε
1729 5223 1962 5293 λογικόν.

638 5293 749 5362 (59)
785 5293 1051 5348 Ζῶν-των.
1092 5296 1131 5347 Β
1164 5293 1337 5359 ζώων.

640 5363 752 5444 (ιι)
782 5362 956 5444 era.-
987 5364 1027 5417 Α
1056 5364 1143 5444 ξι.
1173 5365 1239 5444 ξι
1270 5365 1344 5444 ea,

792 5432 1141 5508 ᾼζσθητικῷ.
1183 5434 1220 5487 Β
1245 5434 1595 5508 αἰσθητικῶς.

665 5502 755 5577 (ᾖ)
794 5504 1369 5577 Ἐκπεριειλ-ηφότος.
1392 5502 1448 5559 ’Β
1474 5503 1860 5577 ἐμπεριειληφ.

703 5576 1133 5644 mam.
1166 5576 1206 5626 Β
1232 5576 1339 5646 γὰρ
1361 5579 1515 5645 τρέφ.

667 5648 758 5715 Μ)
799 5647 1117 5715 ΑὔξεσΟαι.
1156 5649 1195 5715 Α
1223 5645 1320 5696 καί
1346 5646 1465 5711 αὖξ.
1507 5647 1544 5699 Β
1578 5650 1671 5702 καὶ
1704 5645 2047 5712 αὐξάνεσθαι.

647 5714 758 5781 (ιδ)
803 5714 1056 5773 Ἰδιὰζον.
1097 5716 1135 5767 Λ
1173 5714 1212 5767 Β
1244 5717 1337 5767 καὶ
1366 5716 1582 5779 ἰδιάζον.

645 5784 755 5861 (46)
812 5784 1053 5853 Ἐίιιντῇ.
1088 5785 1128 5838 Δ
1168 5784 1204 5837 Β
1240 5786 1450 5838 ἑαυτοῦ.

2232 4746 2341 4800 τῶν
2382 4746 2686 4818 αἰσθήσεων
2721 4746 3074 4816 ἐγγινομένην
3127 4743 3271 4813 (57)-
3317 4743 3350 4812 ἡ
3386 4740 3441 4793 δὲ
3473 4740 3722 4812 αἴσθησις
3760 4741 3813 4790 ἐν

2307 4944 2420 5016 (47)
2471 4944 2730 5012 Ὑλικήν.
2771 4946 2828 4999 1η
2861 4946 3105 5016 margine
3131 4944 3228 5015 τῆς
3255 4942 3444 5014 ὑλικῆς
3476 4942 3644 5013 ζωῆς.

2310 5015 2423 5085 (48)
2460 5016 2749 5085 Φυσικοῦ.
2794 5018 2834 5067 Α
2879 5015 3128 5082 φυτικοῦ.

2312 5084 2426 5151 (49)
2476 5084 2640 5138 Ἐπεὶ
2688 5085 2773 5139 δέ.
2812 5086 2854 5138 Α
2883 5086 2923 5137 Β
2950 5086 3156 5151 ἐπειδὴ.

2313 5142 2426 5224 (50)
2483 5155 2709 5225 Ὁρμᾴς,
2740 5154 2783 5208 Α
2813 5155 2867 5209 in
2901 5142 3141 5225 margine
3173 5152 3444 5224 ἀφορμάς.

2313 5226 2425 5294 (51)
2469 5224 2704 5294 Ὀργᾷν.
2741 5227 2779 5278 Α
2810 5227 2861 5279 in
2894 5224 3139 5294 margine
3165 5226 3361 5295 όρμᾷν.

2319 5296 2433 5363 (52)
2463 5297 2576 5363 Τῆς
2600 5296 2846 5365 ἀλόγου.
2879 5294 2919 5347 Β
2945 5296 3039 5349 καὶ
3064 5314 3111 5348 τ.
3146 5297 3231 5348 ἀλ.

2320 5367 2432 5437 (55)
2478 5366 2771 5437 Ἑνᾼήμῑν.
2813 5367 2857 5418 Α
2896 5367 3038 5437 delet
3072 5368 3151 5437 ἐν.
3196 5436 3201 5437 ί
3330 5400 3339 5403 ν

2321 5435 2435 5506 (Si)
2468 5435 2656 5503 Ζωῆς.
2690 5437 2732 5489 Α
2765 5438 2807 5490 Β
2840 5436 3049 5490 addunt
3086 5436 3256 5506 ἐστίν.

2323 5504 2436 5580 (55)
2481 5510 2583 5561 Ἐν
2610 5508 2820 5580 ἐαυτῷ.
2920 5509 2976 5559 ὲν
3006 5504 3173 5580 αὐτῷ,

2252 5651 2279 5703 δ
2325 5573 2439 5701 (566)
2495 5577 3003 5646 Προαποδουέντα.
3073 5573 3133 5628 a‘
3168 5577 3220 5629 in
3280 5573 3523 5645 margine
3587 5586 3824 5643 προαπο-

2284 5668 2364 5703 ειν
2405 5666 2551 5701 εντα.

2284 5666 2551 5702 ειγυεντα.

2326 5668 2922 5790 ίῦιέῦνζέγγινρμένην.
2964 5715 3006 5769 Β
3050 5715 3392 5785 ἐγγινομένη.
