3950 6132
164 328 220 383 6|
1237 328 1324 382 DE
1360 327 1575 384 ΑΝΙΜΑ
1617 328 1704 383 ΕΤ

1844 327 2351 387 SURRECTIONE.
3357 332 3390 387 6
3406 334 3427 385 ξ

162 444 225 513 τῇ
260 438 365 491 τῶν
391 438 613 508 ἀλόγων
639 441 961 512 προῦπέστη
987 438 1174 509 φύσειο
1198 441 1274 504 ὡς
1294 441 1406 510 (58)
1431 438 1738 508 ἀναγκαίως

1844 439 1949 504 ira,
1981 454 2048 494 ex
2083 440 2192 496 illis
2230 449 2431 507 metus,
2485 443 2610 499 hinc
2649 443 2831 498 omnia
2874 442 2978 497 alia
3014 456 3348 512 quax-utique
3375 442 3428 495 in

163 531 243 584 διὰ
270 528 363 582 τοῦ
389 529 511 593 ἐνὸς
534 531 635 583 καὶ
654 532 791 602 πρὸς
812 531 943 602 (58‘)
964 531 1034 585 τὰ
1060 531 1382 602 συνημμένα
1413 530 1616 585 τούτων
1639 528 1738 601 (59ς

1858 531 2197 584 contrarium
2221 547 2252 586 a
2273 533 2429 589 nobis
2451 542 2793 595 exercentur,
2811 543 3033 602 excepta
3061 532 3288 587 rationis
3318 546 3432 598 par-

162 620 357 690 γίνεται
389 621 494 692 τῆς
522 622 709 692 ψυχῆς
735 622 892 693 ἡμῶν
926 624 960 693 ἡ
987 623 1257 677 κοινωνία.

1850 618 2016 688 tieipe
2050 626 2214 689 atque
2240 622 2519 692 cogitandi
2551 622 2843 676 facultate:
2873 637 2993 691 qua:
3021 623 3137 678 sola
3173 620 3429 674 nimirum

163 712 429 782 praecipua
477 713 605 767 vita:
654 725 854 770 nostrae
893 731 1018 786 pars
1055 724 1138 771 est
1168 717 1223 769 in
1257 730 1378 770 sese
1406 697 1612 769 divmaa‘
1634 713 1855 783 ﬁgurae,
1890 712 2055 766 sicuti
2087 713 2291 768 dictum
2318 725 2438 781 est,
2476 715 2767 786 imaginem
2808 715 3118 770 continens.
3159 712 3266 768 Sed
3293 725 3434 781 quo-

160 802 295 857 niam
321 803 483 873 juxta
511 805 626 874 jam
661 813 789 861 ante
833 807 1095 862 redditam
1129 808 1418 872 rationem,
1463 808 1672 863 ratione
1709 804 1932 874 praedita
1962 805 2044 860 vis
2072 820 2348 875 corporeae
2391 809 2518 863 vitae
2550 823 2658 862 non
2694 807 2850 861 aliter
2884 807 3063 861 inesse
3099 813 3296 875 potest,
3327 800 3430 857 nisi

158 909 247 963 per
281 912 486 951 sensus
520 897 673 962 insit,
704 904 868 966 atque
905 912 1101 954 sensus
1142 898 1195 951 in
1226 899 1383 953 bruta
1418 905 1580 968 atque
1619 896 1850 951 rationis
1879 900 2101 963 experte
2130 904 2325 949 natura
2356 904 2481 951 ante
2513 892 2756 952 substitit
2781 903 2942 964 atque
2964 894 3295 948 constitutus
3321 899 3427 954 est,

159 988 471 1043 necessario
510 1003 608 1058 per
636 1004 804 1043 unum
835 992 995 1042 etiam
1020 1003 1143 1043 cum
1178 990 1576 1045 cohaerentibus
1602 988 1727 1043 huic
1755 995 1916 1056 atque
1945 983 2256 1054 conjunctis
2290 985 2485 1041 animae
2510 999 2713 1043 nostrae
2749 983 3062 1040 communio
3086 981 3319 1037 exsistit.

139 1121 147 1127 ”
217 1121 415 1176 Ταῦτα
443 1122 505 1175 δέ
537 1125 688 1176 ἐστιν
724 1123 824 1176 ὅσα
857 1124 914 1176 ὲν
947 1124 1076 1194 ἡμῖν
1105 1124 1365 1195 γινόμενα
1395 1124 1544 1194 πάθη
1583 1124 1738 1191 λέγε-

1912 1116 2037 1174 Hrec
2070 1126 2252 1173 autem
2286 1126 2436 1185 sunt,
2471 1132 2810 1189 quacunque
2842 1117 2897 1171 in
2928 1116 3086 1171 nobis
3117 1115 3427 1182 existentia,

158 1233 277 1279 ται,
326 1214 364 1267 ἆ
418 1214 546 1283 οὐχὶ
594 1213 812 1278 πάντως
850 1215 943 1266 ἐπὶ
983 1214 1134 1285 κακῷ
1179 1233 1284 1269 τινι
1317 1219 1381 1287 τῇ
1430 1215 1738 1287 ἀνθρωπίνῃ

1844 1211 2007 1280 πάθη,
2052 1210 2105 1264 id
2136 1218 2220 1266 est
2252 1211 2491 1280 a/Tectus,
2521 1211 2814 1279 passiones,
2847 1209 2960 1264 sive
2985 1207 3425 1277 perturbationes,

161 1302 547 1374 συνεκληρώθη
578 1302 689 1374 ζωῇ
712 1319 726 1333 ο
756 1299 792 1374 ἦ
826 1304 935 1375 (60)
968 1303 1077 1375 γὰρ
1102 1305 1165 1358 ἂν
1196 1308 1224 1358 6
1256 1306 1595 1376 Δημιουργὸς
1636 1306 1738 1359 τῶν

1844 1310 1894 1357 et
1930 1311 2100 1355 motus
2138 1302 2399 1357 dicuntur
2438 1321 2451 1356 :
2487 1318 2608 1373 qua:
2646 1317 2754 1356 non
2788 1301 3010 1355 omnino
3041 1299 3167 1352 mali
3201 1298 3429 1366 alicujus

158 1395 340 1449 κακῶν
374 1394 476 1466 τὴν
506 1396 685 1447 αἰτίαν
720 1393 819 1466 ἔχῃ
847 1395 986 1465 (61),
1021 1398 1068 1448 εἰ
1099 1396 1305 1449 ἐκεῖθεν
1332 1398 1388 1450 αἱ
1429 1397 1537 1449 τῶν
1564 1398 1738 1468 πλημ-

1844 1408 2010 1448 causa
2052 1394 2303 1469 ltutttana:
2353 1395 2661 1448 contributa
2693 1401 2899 1447 natura
2933 1398 3058 1447 sunt
3106 1390 3264 1460 (nam
3296 1389 3430 1441 alio-

163 1487 492 1557 μελημάτων
548 1482 692 1557 ἦσαν
753 1488 983 1555 ἀνάγκαι
1039 1489 1616 1559 συγκαταεεϐλημέναι
1674 1492 1737 1559 τῇ

1846 1485 1940 1554 qni
1972 1484 2219 1540 Creatori
2250 1501 2416 1541 causa
2448 1486 2709 1540 malorum
2742 1485 3007 1555 assignari
3046 1489 3252 1553 posset,
3290 1481 3334 1535 si
3364 1480 3429 1533 il—

163 1574 313 1643 φύσει
334 1590 350 1604 ο
380 1574 523 1626 ἁλλά
543 1577 610 1644 τῇ
642 1576 769 1645 ποιᾷ
792 1579 981 1647 χρήσει
1004 1578 1101 1647 τῆς
1130 1580 1515 1648 προαιρέσεως,
1552 1579 1584 1649 ἢ
1616 1580 1738 1650 ἀρε-

1845 1573 1953 1627 line
1976 1581 2323 1643 peccatorum
2354 1575 2675 1629 necessariae
2699 1589 2879 1629 causae
2907 1573 3065 1629 simul
3095 1572 3148 1625 in
3177 1580 3424 1624 naturam

157 1664 270 1732 τῆς,
305 1663 340 1733 ἢ
371 1664 576 1725 κακίας
600 1663 808 1734 ὄργανα
836 1665 903 1718 τά
931 1667 1151 1720 τοιαῦτα
1177 1668 1277 1738 τῆς
1302 1668 1478 1738 ψυχῆς
1509 1670 1738 1740 κινήμα-

1845 1666 2056 1720 collata:
2088 1668 2349 1737 essent),
2395 1668 2486 1722 sed
2524 1676 2675 1722 certo
2718 1667 2949 1737 quodam
2992 1680 3091 1719 usu
3130 1661 3428 1717 voluntatis

158 1771 221 1806 τα
264 1754 500 1821 γίνεται.
546 1754 816 1827 Καθάπερ
860 1758 888 1809 ὁ
934 1757 1149 1828 σίδηρος
1199 1758 1341 1812 κατὰ
1383 1759 1605 1830 γνώμην
1646 1761 1738 1814 τοῦ

1847 1764 1901 1811 ct
1935 1758 2167 1823 arbitrii,
2211 1759 2294 1812 vel
2325 1759 2543 1813 virtutis
2582 1760 2665 1813 vel
2711 1758 2828 1812 vitii
2876 1757 3239 1810 instrumenta
3288 1754 3423 1808 tales

159 1844 398 1914 τεχνίτου
433 1847 805 1916 τυπούμενος,
844 1849 978 1919 πρὸς
1029 1850 1165 1919 ὅπερ
1209 1850 1274 1902 ἂν
1320 1851 1469 1903 ἔθετο
1502 1851 1611 1923 (62)
1647 1852 1740 1905 τοῦ

155 1936 555 2005 τεχνιτεύοντος
652 1938 967 2009 ἐνθύμησις,
996 1942 1130 2012 πρὸς
1162 1943 1319 1996 τοῦτο
1350 1945 1443 1997 κα)⁸
1474 1946 1737 2015 σχηματί-

156 2023 323 2089 ζεται,
342 2026 377 2097 ἣ
412 2027 598 2095 ξίφος,
624 2030 657 2099 ἦ
680 2047 730 2082 τι
757 2030 866 2101 (65)
888 2035 1188 2103 γεωργικὸν
1215 2036 1493 2105 ἐργαλεῖον
1522 2040 1742 2109 γινόμε-

157 2132 239 2178 νος
264 2116 403 2183 (134).
428 2118 640 2171 Οὐκοῦν
662 2122 711 2172 εί
740 2121 838 2191 μὲν
862 2125 890 2175 6
909 2123 1082 2191 λόγος,
1115 2125 1142 2178 ὃ
1170 2126 1232 2196 δὴ
1265 2129 1359 2197 τῆς
1386 2128 1599 2196 φύσεώς
1629 2131 1738 2202 (65)

156 2204 300 2257 ἐστιν
331 2204 637 2277 ἐξαίρετον,
670 2210 777 2262 τῶν
802 2211 997 2275 ἔξωθεν
1021 2214 1129 2285 (66)
1161 2218 1616 2288 ὲπεισκριθέντων
1643 2222 1741 2291 τὴν

158 2297 455 2366 ἠγεμονίαν
488 2298 622 2368 ἔχοι,
656 2301 836 2365 καθὼς
867 2304 959 2356 καὶ
981 2304 1047 2357 δι’
1075 2306 1392 2377 αἰνίγματος
1423 2311 1450 2362 ὀ
1476 2312 1573 2381 τῆς
1602 2312 1641 2363 Γ
1645 2328 1738 2382 ρα-

160 2389 258 2457 φῆς
279 2391 642 2461 παρεδήλωσε
667 2393 842 2462 λόγος,
866 2394 1049 2466 ἄρχειν
1077 2398 1493 2470 ἐγκελευόμενος
1524 2405 1740 2457 πάντων

159 2472 257 2526 τῶν
291 2474 532 2544 ἀλόγων,
569 2479 668 2533 οὐκ
711 2481 775 2534 ἄν
810 2499 860 2534 τι
901 2485 1036 2555 πρὸς
1071 2488 1267 2551 κακίας
1301 2491 1602 2561 ὑπηρεσίαν
1632 2493 1740 2547 τῶν

158 2566 411 2619 τοιούτων
457 2572 777 2640 κινημάτων
812 2573 920 2643 (67)
963 2576 1092 2646 ἡμῖν
1130 2579 1480 2651 ὲνεργήσειε,
1510 2581 1603 2635 τοῦ
1643 2585 1741 2654 μὲν

161 2657 319 2724 φόϐου
346 2659 411 2711 τὸ
441 2662 683 2731 ὑπήκοον
720 2666 1093 2735 ἐμποιοῦντος,
1127 2671 1221 2724 τοῦ
1253 2672 1310 2725 δὲ
1353 2672 1522 2744 θυμοῦ
1561 2675 1621 2728 τὸ
1650 2676 1742 2730 ἀν-

160 2749 358 2818 δρεῖον,
393 2753 497 2823 τῆς
527 2754 728 2819 δειλίας
754 2758 810 2811 δὲ
840 2758 936 2830 τὴν
969 2761 1266 2831 ἀσφάλειαν
1289 2805 1304 2831 ,
1331 2766 1432 2836 τῆς
1460 2767 1516 2820 δὲ
1543 2768 1738 2821 ἐπιθυ-

164 2841 397 2911 μητικῆς
424 2844 608 2914 ὁρμῆς
640 2845 738 2917 τὴν
766 2846 915 2900 Θείαν
954 2868 1011 2903 τε
1040 2852 1131 2904 καὶ
1160 2854 1433 2924 ἀκήρατον
1457 2859 1588 2927 ἡμῖν
1619 2857 1741 2927 ἠδο-

161 2930 248 2999 νὴν
296 2933 690 3005 προξενούσης.
754 2940 817 2992 Εἰ
863 2940 920 2992 δὲ
969 2943 1229 2997 ἀποϐάλοι
1278 2946 1390 3019 (68)
1444 2948 1543 3010 τὰς
1585 2949 1739 3018 ἡνίας

161 3021 188 3072 6
221 3021 399 3091 λόγος,
436 3026 531 3077 καὶ
569 3021 681 3079 οἷόν
719 3045 805 3093 τις
837 3030 1054 3102 ἡνίοχοςι
1092 3036 1391 3105 ἐμπλακεὶς
1422 3038 1500 3109 τῷ
1533 3039 1737 3108 ἆρματι

1845 1850 2011 1902 animi
2044 1858 2222 1905 motus
2256 1851 2550 1905 exsistunt.
2571 1849 3035 1917 Quemadmodum
3069 1847 3269 1901 ferrum
3296 1846 3425 1899 dum

1845 1954 1908 1993 ex
1939 1941 2205 1995 sententia
2247 1941 2477 1995 artiﬁcis
2508 1941 2745 2002 cuditur,
2774 1953 3096 2008 quocunque
3128 1936 3426 1990 ferramen-

1844 2037 1957 2083 tum
2010 2031 2237 2086 artilieis
2286 2035 2469 2085 animo
2522 2032 2776 2086 voluntas
2822 2029 3207 2090 destinaverit,
3256 2025 3321 2077 ad
3371 2024 3424 2077 id

1842 2121 2004 2175 etiam
2052 2122 2337 2185 formatur,
2379 2130 2432 2177 et
2482 2122 2561 2175 vel
2617 2121 2827 2190 gladius
2861 2120 2943 2173 vel
2972 2119 3161 2173 rustici
3194 2115 3425 2184 alicujus

1846 2212 2028 2281 operis
2074 2213 2493 2267 instrumentum
2530 2214 2605 2266 iit.
2640 2212 2777 2282 Ergo
2819 2211 3086 2280 siquidem
3131 2209 3269 2262 ratio
3306 2222 3427 2275 qua:

1844 2303 2118 2373 praecipua
2159 2304 2416 2356 nimirum
2458 2311 2666 2356 ualui-:e
2711 2310 2911 2355 nostra
2956 2314 3081 2369 pars
3114 2305 3199 2351 est
3237 2311 3425 2350 eormn

1845 2410 1966 2464 qua:
2015 2396 2359 2450 extrinsecus
2402 2396 2563 2449 nobis
2611 2393 2999 2464 superinducta
3050 2398 3104 2445 et
3148 2389 3426 2443 insinuata

1841 2494 1969 2538 sunt
2017 2484 2380 2554 principatum
2435 2485 2679 2539 obtineat
2721 2478 3215 2554 (quemadmodum
3261 2476 3423 2530 etiam

1845 2577 2142 2646 Scriptura:
2176 2591 2357 2631 sermo
2388 2592 2481 2646 per
2510 2577 2739 2647 aenigma
2773 2582 3080 2640 lectamque
3125 2570 3425 2624 orationem

1842 2666 2161 2732 Subinnuit,
2219 2667 2473 2721 omnibus
2522 2667 2695 2720 brutis
2736 2673 2789 2719 et
2837 2664 3061 2718 rationis
3116 2660 3425 2731 expertibus

1844 2774 2080 2828 praeesse
2122 2758 2396 2829 jubens),
2433 2759 2615 2836 nullus
2654 2756 2921 2825 ejusmodi
2957 2764 3137 2809 motus
3167 2752 3325 2807 nobis
3357 2752 3425 2804 ad

1842 2849 1959 2903 vitii
1992 2851 2357 2905 minismrium
2387 2849 2568 2904 eﬂicax
2607 2848 2770 2903 fuerit
2805 2870 2815 2904 :
2858 2856 3001 2901 metu
3038 2845 3256 2915 quidem
3291 2843 3425 2899 obe-

1843 2940 2126 3004 dientiam,
2161 2942 2238 2994 ira
2280 2956 2406 2995 vero
2444 2940 2853 3005 fortitudinem;
2887 2937 3176 2992 timiditate
3214 2933 3421 2989 cautio-

1839 3048 1962 3085 nem
2036 3039 2197 3101 atquc
2262 3032 2611 3087 securitatem
2664 3031 3045 3107 ingenerantc;
3105 3025 3424 3095 cupiditatis

162 3115 385 3167 κατόπιν
431 3116 524 3168 ὑπ’
568 3119 735 3172 αὐτοῦ
785 3122 1032 3193 σύροιτο,
1077 3128 1194 3179 ἐκεῖ
1238 3127 1346 3196 (69)
1396 3129 1738 3198 ἀπαγόμενος

1844 3120 1969 3174 item
2010 3121 2215 3190 impetu
2262 3120 2500 3174 divinam
2546 3120 2707 3175 simul
2756 3127 2809 3173 et
2860 3117 3217 3172 immortalem
3266 3114 3425 3170 nobis

163 3204 400 3276 ὅπουπερ
431 3208 499 3261 ἂν
533 3212 566 3279 ἡ
596 3210 791 3277 ἄλογος
824 3213 1034 3285 κίνησις
1060 3217 1168 3271 τῶν
1201 3218 1619 3291 ὑπεζευγμένων
1645 3222 1739 3291 φέ-

168 3314 243 3385 ρει
269 3300 405 3369 (70),
440 3303 560 3355 τότε
606 3306 687 3367 εἰς
732 3305 905 3370 πάθος
946 3310 1002 3362 αἱ
1035 3311 1202 3380 ὁρμαὶ
1237 3315 1737 3385 καταστρέψονται,

163 3383 265 3443 οἷον
280 3391 344 3461 δὴ
376 3394 472 3445 καὶ
494 3393 587 3446 ἐπὶ
610 3398 722 3459 τοῖς
746 3396 857 3466 (71)
886 3397 1097 3466 ἀλόγοις
1115 3400 1261 3455 ἔστιν
1286 3403 1431 3456 ἰδεῖν.
1452 3383 1602 3457 Ἐπεὶ
1624 3406 1735 3475 (72)

165 3480 264 3553 γὰρ
298 3484 401 3537 οὑκ
441 3486 727 3541 ἐπιστατεί
765 3488 1042 3560 λογισμοῖς
1073 3493 1183 3563 (75)
1220 3500 1332 3557 τοῖς
1364 3498 1605 3564 φυσικῶς
1646 3500 1740 3551 αὐ-

164 3574 265 3635 τοῖς
299 3575 798 3649 ὲγκωμιαζομένης
828 3581 940 3650 (74)
970 3584 1252 3654 κινήσεως,
1294 3585 1362 3638 τά
1389 3586 1488 3656 μὲν
1517 3586 1738 3659 θυμὼδη

166 3663 263 3717 τῶν
288 3663 446 3728 ζώων
474 3667 534 3719 ὲν
563 3668 812 3739 ἀλλήλοις
841 3670 1119 3743 φθείρεται
1148 3675 1258 3745 (75)
1290 3677 1366 3746 τῷ
1394 3677 1549 3748 θυμῷ
1573 3695 1738 3749 στρα-

167 3754 467 3824 τηγούμενα
488 3771 504 3785 ⁶
542 3756 613 3809 τὰ
645 3757 702 3809 δὲ
743 3759 1064 3832 πολύσαρκά
1092 3779 1152 3815 τε
1190 3764 1283 3816 καὶ
1310 3763 1509 3819 δυνατά
1539 3766 1618 3829 εἰς
1647 3767 1740 3819 oi).-

167 3841 243 3896 δὲν
281 3847 484 3898 οἰκεῖον
517 3847 722 3914 ἀγαθὸν
766 3850 1019 3904 ἀπώνατο
1056 3854 1153 3923 τῆς
1190 3854 1468 3925 δυνάμεως
1493 3895 1507 3920 ,
1552 3857 1740 3927 κτῆμα

168 3932 250 3987 τοῦ
277 3935 501 4005 λογικοῦ
529 3938 617 3991 διὰ
646 3941 745 4009 τὴν
770 3941 988 4010 ἀλογίαν
1026 3945 1279 4015 γινόμενα
1300 3965 1311 3976 ·
1341 3948 1375 4018 ἦ
1402 3965 1459 3999 τε
1485 3949 1590 4018 ,τῆς
1618 3951 1739 4002 ms-

172 4025 356 4097 θυμίας
383 4030 481 4081 καὶ
504 4030 601 4100 τῆς
624 4032 821 4102 ἡδονῆς
854 4034 1101 4106 ἐνέργεια
1129 4038 1256 4106 περὶ
1289 4038 1438 4090 οὐδὲν
1469 4038 1574 4092 τῶν
1598 4038 1739 4110 ὑψη-

171 4119 263 4175 λῶν
296 4121 409 4192 (76)
441 4122 766 4192 ἀσχολοῦται
800 4123 942 4195 (77)·
977 4124 1099 4178 οὔτε
1143 4126 1268 4180 ἄλλο
1300 4145 1353 4181 τι
1391 4128 1498 4181 τῶν
1542 4130 1598 4180 ὲν
1646 4130 1741 4182 αὐ-

172 4215 269 4275 τοῖς
307 4213 423 4282 (78)
455 4213 844 4286 θεωρουμένων
874 4216 1014 4288 λόγῳ
1045 4218 1151 4271 τινὶ
1182 4220 1315 4289 πρὸς
1343 4221 1404 4272 τὸ
1433 4220 1739 4274 λυσιτελοῦν

171 4303 485 4374 διεξάγεται.
530 4305 687 4359 Οὕτω
734 4307 828 4360 καὶ
872 4310 929 4362 ὲν
967 4312 1096 4379 ἡμῖν
1137 4312 1185 4362 εἰ
1232 4312 1306 4381 μὴ
1346 4312 1482 4382 πρὸς
1523 4314 1583 4366 τὸ
1623 4314 1739 4367 δέον

172 4394 343 4462 ἄγοιτο
367 4396 545 4451 ταῦτα
575 4397 664 4452 διὰ
694 4400 790 4451 τοῦ
821 4399 1101 4470 λογισμοῦ,
1132 4402 1248 4455 ἀλλ’
1282 4404 1606 4476 έπικρατοίη
1641 4406 1740 4476 τῆς

1842 3211 2174 3281 voluptatem
2223 3212 2574 3266 conciliante.
2611 3211 2705 3264 Sin
2759 3218 2939 3264 autem
2990 3209 3131 3263 ratio
3182 3207 3425 3261 habenas

1838 3304 2051 3358 amittat
2089 3313 2159 3358 et-
2187 3312 2443 3373 tanquam
2476 3303 2666 3374 auriga
2713 3303 2913 3372 aliquis
2966 3300 3262 3369 implicitus
3291 3314 3421 3353 cur-

1840 3395 1925 3448 rui
1980 3405 2126 3451 retro
2170 3396 2238 3449 ab
2280 3411 2343 3450 eo
2391 3396 2660 3459 trahatur,
2695 3396 2894 3465 illoque
2941 3393 3421 3461 abripiatur-quo-

1840 3502 2059 3557 cunque
2110 3503 2233 3543 eum
2283 3488 2515 3558 rationis
2570 3503 2766 3557 expers
2828 3492 3007 3539 motus
3051 3483 3423 3552 jumentorum

1840 3579 2074 3643 auferat,
2123 3590 2253 3632 tunc
2302 3579 2356 3631 in
2407 3579 2868 3648 perturbationem
2900 3577 3260 3645 appetitiones
3293 3591 3424 3629 con-

1840 3681 2147 3736 vertuntur,
2199 3671 2360 3740 quale
2413 3670 2667 3724 nimirum
2716 3669 2877 3724 etiam
2930 3667 2984 3722 in
3026 3668 3203 3723 brutis
3240 3668 3424 3723 videre

1843 3766 1988 3819 licet.
2035 3763 2301 3830 Quoniam
2343 3763 2490 3817 enim
2547 3763 2685 3816 ratio
2739 3760 3061 3814 naturaliter
3115 3760 3195 3815 eis
3247 3760 3424 3814 insita:

1841 3856 2070 3911 motioni
2123 3871 2231 3910 non
2284 3862 2500 3927 praeest,
2533 3870 2596 3910 ea
2633 3854 2851 3925 quidem
2897 3855 3173 3919 animalia,
3204 3872 3326 3925 qua:
3354 3855 3423 3910 ad

1842 3947 1981 4002 iram
2020 3962 2191 4017 prona
2222 3954 2385 4018 atque
2409 3947 2673 4018 proclivia
2704 3954 2852 4009 sunt,
2889 3947 2970 4000 ira
3004 3946 3238 4001 ducente
3262 3956 3423 4016 atque

1841 4037 2147 4092 concitante
2204 4052 2325 4093 sese
2380 4038 2613 4091 invicem
2673 4038 3005 4104 coniiciunt;
3063 4052 3184 4107 quae
3240 4046 3420 4092 autem

1841 4143 2074 4183 carnosa
2142 4137 2270 4182 sunt
2330 4142 2394 4181 ac
2447 4127 2655 4183 viribus
2712 4127 2957 4197 pollent,
3018 4127 3144 4181 dum
3201 4134 3422 4197 propter

1839 4219 2066 4273 rationis
2121 4217 2391 4272 defectum
2436 4218 2644 4272 ratione
2701 4218 2906 4287 praediti
2948 4219 3104 4287 quasi
3153 4218 3421 4287 mancipia

1845 4325 1909 4364 ac
1944 4311 2138 4381 praedae
2178 4311 2336 4375 ﬁunt,
2370 4312 2578 4365 nullum
2615 4310 2894 4380 proprium
2929 4325 3151 4365 suarum
3216 4309 3417 4363 virium

1846 4405 2191 4458 commodum
2248 4405 2533 4469 sentiunt;
2597 4402 2915 4472 cupiditatis
2974 4417 3194 4472 quoque
3256 4409 3420 4471 atque

172 4486 251 4538 τοῦ
274 4486 368 4540 νοῦ
409 4487 733 4550 δυναστείας
758 4488 828 4565 τά
869 4464 1037 4562 τὲάθὴ,
1079 4492 1215 4561 πρὸς
1238 4492 1297 4545 τὺ
1326 4464 1516 4562 ἄλογόν
1546 4464 1606 4548 τὲ
1647 4464 1738 4550 κά)

1850 4496 2143 4565 voluptatis
2191 4495 2478 4551 cllicientia
2530 4495 2586 4549 in
2626 4495 2775 4548 nulla
2823 4509 2880 4547 re
2925 4494 3144 4548 sublimi
3185 4506 3420 4562 occupa-

172 4575 379 4646 ἀνόητον
414 4578 761 4649 μεταϐαίνων
790 4564 901 4648 (79)
931 4582 960 4633 6
1002 4581 1312 4653 ἄνθρωπος,
1349 4584 1456 4637 ἀπὸ
1487 4584 1580 4637 τοῦ
1623 4586 1736 4639 δια-

176 4669 407 4740 νοητικοῦ
438 4673 536 4723 καὶ
568 4669 834 4733 θεοειδοῦς
860 4674 927 4742 τῇ
953 4674 1096 4745 ὁρμῇ
1128 4673 1238 4729 τῶν
1262 4675 1516 4729 τοιούτων
1561 4676 1736 4749 παθη-

236 4896 343 4968 (58)
372 4896 481 4964 Ὠς
501 4899 686 4954 delent
708 4899 755 4951 A
788 4899 845 4952 Β.

238 4968 365 5037 (58')
392 4968 509 5023 Καὶ
553 4970 724 5036 πρός.
758 4970 868 5022 Καί
895 4970 1037 5025 delet
1066 4969 1122 5024 Β.

239 5038 344 5175 (59)
376 5040 632 5092 Τούτων.
660 5042 705 5091 A
728 5040 921 5111 τούτῳ.

239 5107 320 5175 (60
370 5103 465 5163 Ἦ.
503 5108 577 5163 Ἦ
613 5108 674 5161 Β.

237 5103 343 5176 (⁷60)
370 5103 465 5163 Ἦ.
503 5108 577 5163 Ἦ
613 5108 674 5161 Β.
874 5103 885 5111 ’
971 5110 1017 5176 ς

378 5180 562 5255 ξξχῃ.
599 5179 909 5255 Ainﬁtertu
943 5174 1108 5250 εἶχεν,
1137 5180 1191 5234 in
1217 5184 1459 5251 margine
1489 5183 1620 5255 ἔχοι.

374 5246 610 5320 νἜθετρ.
726 5248 767 5299 Β
796 5249 975 5320 ἐθέλῃ.

242 5316 345 5385 (65)
371 5319 435 5371 "H
464 5321 537 5372 τί.
578 5317 619 5370 Β
648 5318 682 5387 ἧ
705 5335 779 5371 τι.

241 5388 346 5457 (64)
377 5391 733 5455 Γινόμενος.
772 5387 812 5438 Β
846 5387 1146 5458 γινόμενον.
1177 5391 1217 5444 Α
1264 5391 1316 5445 in
1359 5400 1506 5451 textu
1553 5394 1727 5448 κινούη

180 5473 342 5527 μενος.
377 5459 430 5511 in
468 5459 719 5527 margine
752 5457 1049 5527 γινόμενος.

238 5527 343 5596 (65)
369 5525 635 5593 Φύσεωξ.
676 5530 718 5579 Λ
763 5525 803 5577 Β
830 5528 1038 5597 addunt
1069 5528 1244 5597 ἡμῶν.
1343 5570 1346 5573 λ

236 5598 341 5665 (66)
370 5599 662 5662 Ἕξωθεν.
699 5597 740 5648 Δ
773 5596 923 5649 addit
950 5597 1098 5665 ἡμῖν.

235 5668 338 5735 (67)
369 5668 750 5735 Κιντηιιὶτων.
798 5665 836 5717 Β
876 5667 1161 5734 νοημάτων
1197 5672 1271 5726 ἐν.

236 5732 338 5810 (68)
382 5732 720 5794 ’ἀποϐάλω
762 5736 804 5788 Δ
835 5732 1141 5794 ἀποϐάλλοι,

1848 4599 1899 4641 ta
1938 4595 2053 4653 est;
2091 4603 2266 4657 neque
2301 4586 2449 4641 aliud
2511 4586 2806 4656 quidquam
2846 4600 3035 4640 eorum
3091 4600 3210 4654 quae
3254 4583 3305 4635 in
3348 4582 3418 4635 iis

1846 4680 2376 4743 animadvertuntur,
2432 4680 2644 4734 ratione
2686 4678 2866 4747 aliqua
2899 4678 2966 4732 ad
3004 4678 3057 4732 id
3111 4674 3254 4747 quod
3288 4687 3417 4744 pro-

1917 4907 2030 4977 (69)
2075 4908 2250 4963 Ἐκεῖ.
2280 4909 2318 4962 Β
2342 4909 2570 4964 ἐκεῖθεν.

1914 4978 2028 5050 (70)
2052 4978 2237 5048 Φέρει.
2267 4981 2304 5032 Α
2335 4979 2373 5032 Β
2401 4980 2563 5050 φέρῃ.

1913 5049 2025 5119 (Ἠ)
2069 5050 2198 5102 Ἐπὶ
2224 5050 2368 5115 τοῖς.
2402 5051 2445 5103 Λ
2482 5049 2609 5105 Βὲν
2628 5051 2756 5111 τοῖς.

1914 5120 2028 5185 (72)
2057 5120 2237 5173 Ἐπεί.
2270 5120 2308 5172 Β
2338 5120 2544 5188 ἐπειδή.

1912 5190 2023 5260 (73)
2048 5190 2397 5260 Λογισμοῖς.
2421 5189 2459 5240 Β
2490 5187 2764 5258 λογισμός.

1911 5255 2021 5330 (74)
2071 5255 2482 5330 Ἔγκωμιαζομ.
2507 5255 2614 5330 ΑΒ
2648 5255 2989 5327 ἐγκειμένης.

1934 5328 2021 5398 75)
2056 5329 2373 5399 Φθείρεζαι.
2407 5328 2446 5380 Β
2472 5329 2712 5399 φέρεται.

1934 5395 2020 5470 76)
2060 5397 2358 5470 ergo-".1517.
2388 5399 2431 5450 A
2466 5395 2523 5470 in
2545 5395 2790 5470 margini?
2820 5395 3183 5470 ὑψηλοτέρωἫ

1907 5469 2020 5536 (77)
2059 5468 2470 5535 Ἀσχολοῦται.
2501 5469 2541 5518 Α
2576 5466 2612 5516 Β
2644 5466 2970 5534 ἀσχολεῖται.

1903 5538 2261 5609 (78)Αὐτοῖς.
2371 5538 2421 5588 in
2456 5537 2692 5609 margine
2725 5538 2951 5609 έαυτοίς.
3016 5548 3021 5555 ’

1904 5605 2016 5676 (79)
2045 5608 2441 5662 Μεταΰαίνων.
2463 5606 2501 5659 Β
2526 5605 2852 5677 μεταϐαίνει.
2879 5608 2917 5659 Λ
2947 5611 2999 5662 in
3024 5609 3267 5679 margine
3297 5613 3410 5662 δελ.-

1836 5678 2026 5734 ϐαίνει.
