3950 6132
558 305 627 359 05
1780 310 1840 367 8.
1872 307 2198 367 GREGORII
2221 309 2267 365 Ν
2274 309 2514 368 YSSE'NI
3712 311 3777 367 θι

555 422 631 480 sit
681 431 737 480 et
785 425 1044 497 expediat
1086 426 1391 484 deducitur.
1454 425 1641 483 Itidem
1707 427 1762 483 in
1819 428 1978 484 nobis
2018 428 2126 483 nisi

2235 430 2416 502 μάτων
2437 428 3055 501 ἀποκτηνούμενος.-Γ.
3092 427 3231 497 Ἐγὼ
3250 426 3311 482 δὲ
3336 429 3428 484 καὶ
3450 429 3646 506 σφόδρα
3675 425 3776 497 (80)

558 529 656 585 per
696 516 965 573 rationem
1022 518 1139 574 hac
1167 518 1237 574 ad
1302 518 1358 574 id
1401 518 1544 589 quod
1582 533 1671 574 res
1730 519 2014 589 postulat,
2061 533 2127 575 ac

2235 524 2351 594 περὶ
2393 522 2463 577 τὰ
2504 523 2768 594 εἰρημένα
2810 521 3089 585 διατεθεὶς,
3108 521 3292 591 Ἀρκεῖ
3326 519 3437 590 (81)
3488 518 3604 588 μὲν,
3630 516 3776 587 ἔφην,

558 614 767 661 rectum
827 618 912 665 est
948 610 1242 677 ducantur,
1273 609 1366 665 sed
1399 616 1736 679 potentatum
1770 611 1970 666 mentis
2028 626 2126 693 su~

559 709 750 770 perent
796 702 1020 761 affectus
1069 719 1132 759 ac
1174 704 1641 774 perturbationes,
1694 702 1765 757 ab
1808 703 2125 773 eogitatrice

558 799 722 863 atque
743 793 930 849 divina
956 804 1172 858 natura,
1188 793 1315 847 dum
1340 793 1544 864 impetu
1569 800 1625 849 et
1643 792 1837 849 ardore
1856 792 2127 864 ejusmodi

2223 610 2386 665 παντὶ
2415 609 2494 680 τῷ
2534 627 2597 679 γε
2644 610 2767 664 νοῦν
2804 609 2982 681 ἔχοντι
3021 608 3189 680 ψιλῶς
3220 609 3417 663 οὑτωσὶ
3464 607 3557 662 καὶ
3583 608 3775 662 ἀκατα-

2230 700 2440 766 σκεύως
2467 699 2533 754 δι’
2557 700 2849 755 ἀκολούθου
2880 700 3156 772 προελθὼν
3185 703 3214 755 ό
3244 699 3420 770 λόγος,
3450 696 3510 753 εὖ
3540 699 3677 770 ἔχειν
3702 698 3778 752 δό-

2232 791 2318 857 ξαι
2341 791 2435 844 καὶ
2460 791 2709 862 μηδαμοῦ
2736 790 3113 863 ωρεσφάλθαι
3149 791 3246 863 τῆς
3271 790 3544 863 ἀληθείας.

558 885 851 944 aﬂ‘eetuum
880 897 1042 959 atque
1072 887 1547 968 perturbatioan
1570 888 1624 944 in
1655 888 1918 960 pecudem
1942 888 2236 959 degenerat
2253 896 2309 968 et
2327 885 2602 968 ederetur,
2626 885 2694 942 ad
2714 886 2943 942 rationis
2965 895 3261 959 expertem,
3284 886 3502 943 stultam
3528 892 3581 940 et
3605 898 3778 938 amen-

557 983 667 1031 tem
707 987 953 1030 naturam
1008 971 1172 1030 homo
1214 971 1410 1026 transit
1454 967 1619 1037 atque
1663 969 2109 1026 transformatur.
2157 995 2229 1008 —-
2269 967 2337 1024 G.
2386 967 2498 1038 Ego
2542 983 2673 1023 vero
2711 970 3001 1024 admodum
3045 972 3184 1026 bene
3228 986 3355 1039 erga
3387 987 3450 1025 ea
3493 986 3611 1041 quae
3638 971 3775 1025 dit-ta

555 1080 712 1129 erant
746 1071 991 1133 affectus,
1043 1066 1246 1123 Suﬂicit
1276 1064 1514 1136 quidem,
1566 1063 1820 1133 inquam,
1853 1063 2025 1120 cuivis
2051 1072 2200 1121 certe
2232 1064 2454 1120 cordate
2485 1066 2560 1119 ita
2604 1063 2750 1119 nude
2791 1072 2956 1135 atque
2994 1066 3342 1137 simpliciter,
3373 1067 3519 1121 nulla
3552 1066 3774 1121 adhibita

556 1164 894 1236 probatione,
925 1176 1022 1231 per
1061 1158 1453 1229 consequentia
1498 1163 1977 1227 consentaneaque
2018 1170 2312 1228 progressa
2343 1158 2542 1224 oratio,
2576 1166 2635 1214 ut
2665 1167 2815 1214 recta
2866 1173 3008 1223 esse,
3056 1167 3111 1215 et
3157 1175 3431 1231 nusquam
3485 1174 3518 1215 a
3558 1161 3777 1219 veritate

554 1259 804 1313 aberrare
828 1255 1092 1310 videatur.

636 1344 739 1398 Sed
776 1341 1137 1411 quoniam-iis
1174 1340 1265 1410 qui
1299 1339 1354 1394 in
1386 1340 1583 1394 artium
1616 1340 1836 1411 quidem
1871 1354 2131 1411 compen-

2307 1335 2459 1390 Ἐπεὶ
2491 1335 2547 1389 δὲ
2583 1337 2695 1399 τοῖς
2734 1335 2832 1406 μὲν
2875 1333 2975 1400 τὰς
3021 1333 3274 1405 τεχκινάς
3310 1332 3532 1402 ἐφόδους
3578 1332 3787 1404 μεμελι-

541 1422 670 1487 ἰίἱίε
718 1438 879 1499 atque
935 1428 1315 1483 instrumentis
1396 1427 1716 1483 artiﬁciosis
1790 1427 2128 1499 argumentis

2235 1428 2417 1499 τηκόσι
2449 1428 2556 1481 τῶν
2598 1426 2957 1493 ἀητοδείξεων,
2986 1428 3014 1481 ό
3062 1425 3414 1496 συλλογισμὸς
3468 1425 3644 1489 ἱκανὸς
3678 1424 3785 1497 (82)

561 1521 848 1577 exercitati
893 1532 1041 1586 sunt,
1089 1520 1230 1574 ratio
1274 1519 1804 1574 demoustrationum
1845 1518 1913 1573 ad
1969 1518 2128 1574 fidem

563 1614 865 1669 faciendam
898 1611 1144 1668 sufficere
1174 1610 1436 1665 videtur:
1487 1610 1650 1665 nobis
1699 1626 1832 1666 vero
1899 1611 2125 1665 dubium

2235 1520 2316 1584 εἰς
2345 1519 2527 1572 πίστιν
2553 1517 2723 1571 δοκεῖ·
2749 1520 2880 1589 ἡμῖν
2907 1518 2964 1571 δὲ
2989 1518 3206 1572 πάντων
3237 1516 3346 1571 τῶν
3369 1515 3626 1587 τεχνικῶν
3656 1533 3785 1586 συμ-

2234 1614 2601 1685 περασμάτων
2661 1611 2774 1678 ἕξις
2838 1609 2976 1681 (85)
3033 1608 3351 1678 πιστότερον
3403 1604 3538 1660 εἶναι
3593 1605 3783 1677 ὡμολο-

560 1712 809 1767 nonest,
846 1702 983 1772 quin
1022 1702 1279 1757 omnibus
1320 1700 1635 1757 artificiosis
1680 1702 2128 1757 conclusionibus

2235 1706 2375 1773 γεῖτο
2408 1704 2543 1775 (84)
2591 1702 2651 1756 τὸ
2691 1701 2778 1755 διὰ
2811 1700 2919 1755 τῶν
2966 1698 3125 1771 ἱερῶν
3173 1699 3272 1769 τῆς
3298 1698 3520 1769 Γραφῆς
3566 1697 3672 1766 (85)
3715 1696 3785 1748 δι-

559 1797 626 1850 ad
662 1794 817 1849 fidem
876 1792 1184 1848 faciendam
1220 1794 1394 1863 magis
1447 1791 1703 1848 idoneum
1761 1793 1865 1857 sit,
1903 1806 1967 1846 ac
2000 1792 2128 1863 plus

560 1889 756 1942 virium
790 1885 990 1940 habere
1022 1884 1217 1940 debeat
1246 1884 1321 1951 id,
1350 1884 1493 1954 quod
1527 1900 1623 1954 per
1651 1898 1808 1939 sacra
1878 1882 2130 1954 Scriptu-

559 1992 633 2030 rae
667 1975 1000 2029 documenta
1032 1980 1299 2043 apparet:
1329 1977 1526 2041 praeter
1548 1984 1610 2023 ea
1646 1985 1768 2039 qua:
1799 1968 1944 2023 dicta
1978 1978 2126 2032 sunt,

557 2068 908 2139 quaerendum
934 2081 1056 2122 esse
1094 2065 1314 2135 opinor,
1348 2079 1415 2117 an
1452 2063 1718 2117 divinitus
1754 2068 2011 2132 suggesta
2063 2075 2128 2114 ac

557 2160 757 2215 tradita
792 2157 1044 2213 doctrina
1099 2153 1397 2210 concordet
1424 2162 1588 2223 atque
1626 2152 1695 2207 ab
1747 2152 1817 2205 iis
1848 2166 1954 2205 non
2015 2149 2129 2204 dis-

558 2255 764 2318 erepet.
780 2248 921 2305 -Μ,
940 2248 1112 2317 Atque
1129 2247 1215 2301 illa
1232 2265 1244 2300 :
1259 2245 1472 2316 Ecquis,
1493 2243 1686 2312 inquit,
1712 2239 2125 2301 contradixerit,

557 2339 692 2411 quin
721 2337 774 2390 in
813 2351 880 2390 eo
918 2335 1058 2398 solo,
1093 2333 1185 2386 cui
1243 2331 1654 2400 Scripturarum
1688 2329 1986 2384 testimonii
2041 2330 2129 2384 ad-

557 2438 644 2486 est
704 2428 969 2498 sigillum,
1029 2424 1230 2478 veritas
1279 2422 1529 2492 ponenda
1584 2420 1694 2475 sit?
1750 2420 2019 2487 Quocirca
2079 2422 2127 2477 si

557 2527 773 2591 oportet
813 2518 976 2572 etiam
1035 2512 1362 2585 evangeliczc
1431 2510 1698 2565 doctrina:
1758 2512 2009 2565 nonnihil
2059 2511 2127 2566 ad

558 2611 923 2684 patrocinium
979 2616 1143 2678 atque
1200 2604 1576 2661 defensionem
1631 2604 1798 2674 hujus
1858 2605 2128 2675 dogmatis

559 2715 727 2774 atque
761 2700 1053 2757 sententia:
1089 2697 1369 2758 adhibere,
1409 2710 1516 2749 non
1551 2695 1931 2764 intempestiva
1968 2697 2127 2750 nobis

561 2795 727 2849 fuerit
752 2792 1088 2847 zizaniorum
1119 2788 1499 2845 similitudinis
1527 2787 1922 2842 consideratio.
1951 2785 2122 2857 Spar-

559 2887 723 2958 gebat
750 2884 897 2940 enim
925 2883 1037 2936 illic
1070 2878 1465 2953 paterfamilias
1505 2879 1708 2933 bonum
1757 2894 1941 2934 semen
1983 2879 2126 2949 (nos

560 2986 740 3032 autem
774 2974 977 3028 familia
1006 2973 1165 3043 plane
1183 2975 1397 3036 sumus)
1424 2986 1438 3035 ;
1466 2969 1756 3025 observato
1785 2977 1964 3025 autem
1988 2979 2125 3025 tem-

2227 1793 2518 1865 δαγμάτων
2550 1792 2976 1863 ἀναφαινόμενον
2993 1808 3007 1822 ο
3034 1791 3214 1860 ζητεῖν
3242 1786 3395 1862 οἶμαι
3433 1790 3543 1845 δεῖν
3575 1788 3664 1843 ἐπὶ
3684 1790 3785 1851 τοῖς

2227 1885 2555 1957 εἰρημένοις,
2589 1887 2638 1938 εἰ
2672 1887 2706 1955 ἡ
2732 1884 3083 1947 θεόπνευστος
3110 1882 3426 1937 διδασκαλία
3448 1881 3657 1944 τούτοις
3684 1879 3785 1951 (80)

2230 1973 2564 2045 συμφέρεται
2588 1973 2870 2043 (87).-Μ.
2899 1974 2962 2028 Ἦ
2975 1975 3029 2030 δὲ
3047 1975 3180 2045 (88).
3203 1970 3310 2029 Καὶ
3337 1971 3423 2036 τίς
3436 1972 3510 2026 ἂν·
3523 1972 3787 2036 ἀντείποι,

2228 2064 2382 2135 φησί,
2438 2063 2511 2135 μὴ
2552 2063 2675 2133 οὐχ).
2712 2064 2770 2116 ὲν
2822 2060 2996 2132 τούτῳ
3045 2062 3191 2133 μόνῳ
3236 2063 3337 2134 τὴν
3365 2062 3621 2134 ἀλήθειαν
3658 2060 3788 2114 τιθὲο

2229 2154 2342 2208 σθω
2376 2155 2512 2225 (89),
2539 2148 2583 2222 ᾧ
2615 2153 2722 2225 (90)
2756 2153 2993 2223 σφραγὶς
3019 2153 3206 2207 ἔπεστι
3236 2153 3341 2224 τῆς
3379 2153 3650 2224 γραφικῆς
3691 2150 3789 2221 (91)

2231 2248 2562 2319 μαρτυρίας;
2590 2246 2796 2301 Οὐκοῦν
2822 2248 2871 2299 εἰ
2897 2247 2999 2317 χρή
3031 2264 3082 2299 τι
3106 2247 3199 2301 καὶ
3224 2246 3326 2316 τῆς
3358 2246 3452 2300 τοῦ
3478 2244 3789 2313 Εὐαγγελίου

2227 2336 2572 2399 διδασκαλίας
2597 2335 2733 2407 πρὸς
2755 2336 2853 2406 τὴν
2869 2336 2962 2389 τοῦ
2983 2336 3249 2407 δόγματος
3262 2336 3456 2389 τούτου
3482 2333 3791 2405 συνηγορίαν

2228 2427 2670 2497 παραληφθῆναι,
2704 2428 2804 2480 οὐκ
2847 2428 2955 2482 ἀπὸ
2988 2427 3183 2500 καιροῦ
3213 2428 3411 2498 γένοιτ’
3445 2428 3512 2482 ἂν
3549 2429 3675 2497 ἡμῖν
3703 2426 3793 2494 τῆς

2228 2515 2541 2587 παραϐολῆς
2584 2517 2693 2569 τῶν
2744 2516 2997 2581 ζιζανίων
3037 2520 3070 2590 ὴ
3117 2516 3340 2589 θεωρία.
3396 2519 3653 2589 Ἕσπειρε
3695 2516 3793 2585 γὰρ

2228 2607 2344 2659 ἐκεῖ
2366 2605 2427 2658 τὸ
2461 2606 2621 2659 καλὸν
2649 2608 2870 2678 σπέρμα
2898 2608 2926 2659 ὁ
2952 2606 3336 2679 οἰκοδεσπότης
3363 2613 3380 2676 (
3404 2610 3561 2679 ἡμεῖς
3599 2608 3653 2661 δὲ
3678 2608 3796 2660 πάν-

2226 2712 2332 2760 τως
2355 2697 2385 2748 ὁ
2414 2692 2560 2760 οἶκός
2725 2701 2912 2769 ἐσμεν)
2938 2718 2953 2732 ο
2989 2699 3347 2762 καθεύδοντας
3372 2699 3429 2753 δὲ
3454 2701 3578 2762 τοὺς
3602 2696 3792 2769 ἀνθρὼ-

2228 2802 2364 2849 πους
2392 2787 2723 2857 ὲπιφυλάξας
2749 2790 3060 2861 ἐνέσπειρεν
3089 2793 3117 2844 ὀ
3145 2791 3337 2863 ἐχθρὸς
3364 2791 3442 2862 τῷ
3471 2791 3715 2864 τροφίμῳ
3739 2788 3794 2841 τὸ

2227 2878 2520 2949 ἄχρηστον,
2551 2880 2698 2952 αὐτῷ
2727 2881 2806 2952 τῷ
2845 2882 2975 2953 σίτῳ
2996 2882 3137 2936 κατά
3159 2882 3219 2936 τὸ
3249 2883 3412 2953 μέσον
3442 2883 3615 2945 ἐνθεὶς
3642 2881 3701 2933 τὸ
3724 2880 3790 2946 Ct-

2231 2965 2435 3031 ζάνιον.
2472 2970 2581 3023 Καὶ
2622 2972 3056 3039 συνεὸλάστησαν
3095 2970 3207 3041 (95)
3246 2970 3494 3041 ἀλλήλοις
3531 2968 3599 3022 τὰ
3641 2967 3795 3037 σπέρκ

562 3083 694 3139 pore
722 3080 833 3136 quo
863 3064 1114 3119 homines
1142 3062 1470 3126 dormirent,
1499 3061 1758 3115 inimicus
1788 3060 1841 3114 in
1875 3076 1960 3123 eo,
1984 3061 2128 3128 quod

2236 3076 2402 3129 ματα.
2444 3061 2519 3113 Οὐ
2552 3061 2657 3133 γάρ
2693 3058 2761 3132 ἦν
2799 3035 3023 3115 δυνατὸν
3063 3035 3123 3114 τό
3148 3035 3295 3131 αῦτῷ
3325 3035 3402 3131 τῶ
3441 3061 3574 3131 σίτῳ
3597 3035 3796 3113 ὲντεθέν

560 3165 747 3229 aptum
779 3165 899 3212 erat
940 3153 1007 3209 ad
1060 3151 1437 3214 nutriendum,
1508 3151 1795 3220 interjecto
1832 3151 1977 3206 inter
2025 3150 2132 3204 fru-

561 3257 806 3305 mentum
848 3246 1085 3311 zizanio,
1123 3243 1540 3303 semen.inutile
1572 3244 1792 3312 sparsit.
1833 3241 2018 3311 anue
2052 3257 2133 3298 se-

561 3340 709 3393 mina
738 3338 973 3392 alterum
1004 3351 1110 3389 una
1141 3350 1265 3389 cum
1294 3335 1468 3390 altero
1492 3334 1656 3389 simul
1686 3333 2132 3403 germinaverth

558 3439 614 3484 et
647 3438 808 3485 enata
841 3437 990 3484 sunt.
1033 3426 1176 3481 Fieri
1217 3426 1505 3495 enimnon
1536 3433 1774 3495 poterat,
1817 3432 1880 3478 ut
1920 3439 2128 3487 semen,

559 3521 706 3592 quod
735 3520 879 3575 inter
930 3519 1111 3590 ipsum
1138 3493 1476 3572 frumcnt‘um
1503 3517 1813 3584 conjectum
1854 3523 1992 3579 erat,
2025 3529 2129 3569 una

559 3628 685 3665 eum
727 3610 822 3665 illo
864 3626 968 3665 non
1015 3610 1310 3665 exsisteret
1354 3622 1417 3663 ac
1459 3608 1807 3678 germinaret.
1842 3606 2002 3661 Vetat
2032 3622 2132 3661 au-

560 3712 668 3756 tem
701 3716 902 3770 prteses
939 3707 994 3753 et
1026 3700 1309 3768 inspector
1337 3698 1540 3766 segetis
1587 3697 1869 3751 ministros
1897 3696 2132 3751 evellere

560 3791 615 3846 id
644 3790 787 3859 quod
845 3789 1037 3843 inutile
1097 3798 1234 3853 erat,
1296 3797 1586 3858 propterea
1651 3788 1793 3856 quod
1852 3787 1906 3841 in
1945 3786 2131 3843 radice

559 3881 841 3937 contraria
883 3881 1029 3934 inter
1063 3894 1123 3933 se
1164 3880 1504 3933 coaluissent
1538 3887 1701 3948 atque
1750 3886 2011 3932 concreta
2048 3893 2133 3934 es-

559 3984 703 4035 sent,
735 3988 802 4026 ne
833 3987 941 4025 una
975 3985 1099 4024 cum
1160 3970 1339 4025 alieno
1385 3969 1439 4024 id
1470 3970 1614 4040 quod
1668 3970 1733 4024 ad
1779 3970 2129 4025 nutriendum

461 4048 470 4057 ’
560 4071 750 4131 aptum
783 4070 929 4115 esset
963 4061 1311 4115 evelleretur.
1342 4057 1502 4115 Tales
1538 4058 1686 4115 enim
1734 4057 1930 4113 anima:
1972 4074 2133 4128 appe-

560 4155 694 4209 titus
743 4162 796 4207 et
857 4153 1092 4222 impetus
1148 4168 1245 4223 per
1294 4152 1435 4207 bona
1494 4152 1704 4208 semina
1784 4151 2125 4221 Scripturam

557 4246 850 4303 ostendere
887 4254 1141 4315 putamus
1172 4262 1185 4298 :
1219 4259 1451 4314 quorum
1476 4243 1744 4298 seminum
1782 4241 2129 4311 unumquod-

2234 3150 2456 3221 σπέρμα
2482 3152 2593 3224 (94)
2616 3153 2688 3223 μὴ
2714 3154 2812 3207 σὺν
2831 3152 3023 3224 ἐκείνῳ
3042 3151 3357 3222 βλαστῆσαι.
3379 3150 3587 3205 Κωλύει
3607 3150 3663 3204 δὲ
3682 3148 3796 3210 τοὺς

2231 3242 2511 3314 ὖπηρέτας
2535 3247 2563 3296 ὁ
2593 3244 2690 3314 τῆς
2714 3245 2989 3315 γεωργίας
3020 3244 3212 3315 ἔφορος
3249 3244 3324 3313 μὴ
3360 3242 3474 3314 (95)
3505 3240 3795 3296 ἀποτίλλειν

2229 3333 2292 3387 τὸ
2321 3333 2591 3405 ἄχρηστον
2627 3333 2714 3388 διά
2753 3335 2854 3407 τὴν
2886 3337 2943 3387 ὲν
2969 3337 3035 3404 τῇ
3081 3335 3205 3405 ῥίζῃ
3245 3333 3353 3385 τῶν
3392 3333 3650 3388 ἐναντίων
3682 3348 3797 3400 συμ-

2232 3426 2435 3493 φυῖαν,
2464 3425 2541 3489 ὡς
2585 3426 2651 3479 ἂν
2693 3427 2767 3496 μὴ
2794 3426 2855 3479 τὸ
2888 3425 3164 3496 ἀλλότριον
3203 3426 3312 3496 (96)
3354 3427 3651 3480 συνεκτίνει
3695 3422 3795 3492 (97)

2230 3516 2292 3569 τὸ
2319 3515 2604 3587 τρόφιμον.
2647 3517 2758 3579 Τάς
2786 3516 2893 3589 γὰρ
2916 3517 3168 3581 τοιαύτας
3190 3516 3292 3587 τῆς
3315 3518 3494 3588 ψυχῆς
3518 3516 3689 3587 ὁρμὰς
3718 3513 3797 3565 διὰ

2230 3610 2339 3664 τῶν
2383 3609 2565 3664 καλῶν
2601 3612 2931 3683 σπερμάτων
2972 3611 3197 3679 οἰόμεθα
3231 3611 3321 3664 τὸν
3359 3611 3519 3678 λόγον
3546 3610 3798 3663 ἐνδείκνυο

2232 3695 2385 3761 σθαι,
2418 3690 2493 3749 ὧν
2525 3696 2784 3762 ἕκαστον,
2820 3698 2870 3750 εἰ
2906 3697 3064 3768 μόνον
3106 3698 3243 3769 πρὸς
3279 3699 3340 3752 τὸ
3366 3699 3569 3767 ἀγαθὸν
3607 3700 3798 3767 ὲγεωρσ

2230 3789 2401 3854 γεῖτο.
2435 3788 2525 3840 τὸν
2569 3788 2670 3857 τῆς
2708 3789 2908 3860 ἀρετῆς
2936 3791 2993 3844 ἐν
3024 3791 3155 3861 ἡμῖν
3190 3791 3301 3858 (98)
3349 3790 3561 3861 καρπὸν
3594 3788 3800 3847 πάντως

2230 3876 2584 3948 ἐϐλάστησεν,
2632 3879 2850 3950 Ἐπειδὴ
2878 3880 2989 3950 (99)
3019 3881 3076 3934 δὲ
3108 3883 3501 3953 παρενεσπάρη
3533 3879 3737 3942 τούτοις
3766 3876 3797 3946 ή

2230 3969 2360 4038 περὶ
2399 3967 2497 4039 τὴν
2525 3969 2620 4022 τοῦ
2664 3969 2830 4023 καλοῦ
2874 3971 3053 4042 κρίσιν
3091 3971 3155 4025 δι’
3186 3972 3459 4042 ἁμαρτίαν
3497 3971 3596 4041 (ἰ),
3630 3966 3799 4023 καὶτὸ

2228 4056 2395 4121 ὅντως
2419 4059 2513 4112 καὶ
2543 4061 2700 4130 μόνον
2732 4061 2871 4115 κατά
2905 4061 3003 4132 τὴν
3035 4062 3170 4115 ἰδίαν
3200 4062 3361 4130 φύσιν
3388 4062 3572 4126 καλὸν,
3604 4060 3690 4114 διά
3713 4056 3799 4110 τοῦ

2230 4152 2662 4219 συναναφυέντος
2695 4152 2923 4223 βλαστοῦ
2954 4155 3051 4222 τῆς
3080 4154 3293 4222 ἀπάτης
3322 4152 3679 4221 ἐπεσκοτίσθη
3706 4149 3795 4219 (2)*

2233 4240 2329 4326 (τέ)
2350 4241 2459 4313 γὰρ
2492 4243 2887 4315 ἐπιθυμητικὸν
2911 4245 2971 4298 ού
3001 4245 3138 4316 πρὸς
3168 4245 3230 4298 τὸ
3247 4246 3415 4314 φύσει
3442 4246 3519 4316 (5)
3545 4245 3705 4299 καλὸν
3741 4231 3797 4294 οῦ

558 4355 667 4408 que
705 4339 752 4392 si
811 4336 878 4390 ad
936 4337 1138 4390 bonum
1195 4334 1459 4388 duntaxat
1497 4334 1865 4397 excoleretur,
1903 4333 2124 4387 virtutis

2235 4333 2390 4405 χάριν
2431 4335 2507 4403 (4)
2547 4338 2863 4408 κατεσπάρη
2899 4338 3029 4407 ἡμῖν
3072 4338 3209 4408 ἐφύη
3252 4338 3326 4407 (5)
3360 4355 3422 4391 τε
3452 4339 3548 4393 καὶ
3589 4336 3799 4407 ἀνέδρα-

560 4431 798 4479 t'ructum
847 4423 1007 4477 nobis
1043 4436 1275 4493 prorsus
1335 4421 1679 4492 produceret.
1723 4420 1827 4475 Sed
1865 4421 2121 4491 quoniam

2235 4444 2353 4497 μεν,
2385 4427 2519 4481 ἀλλά
2548 4428 2685 4500 πρὸς
2713 4429 2775 4482 τὸ
2798 4427 3069 4500 κτηνῶδες
3101 4429 3195 4482 καὶ
3222 4429 3414 4497 ἄλογον
3445 4430 3538 4483 τὸν
3578 4424 3798 4500 βλαστὸν

556 4516 713 4588 juxta
747 4513 863 4569 luce
902 4512 1185 4583 inspersus
1210 4517 1296 4567 est
1327 4525 1484 4566 error
1512 4511 1658 4566 circa
1692 4510 1962 4581 judicium
1994 4511 2124 4567 boni

630 4799 726 4864 (80

632 4870 715 4938 (81

630 4938 723 5005 (8‘2

764 5006 934 5080 ’ξῌξις
955 5006 1330 5080 πιστότερος.
1497 5003 1953 5080 ἀξιοπιστότερον.

630 5073 747 5145 (84)
778 5074 1166 5145 Ὠμολοτεῖζο.
1200 5073 1246 5128 Α
1274 5074 1314 5127 Β
1337 5073 1693 5144 ὁμολογεῖται.

628 5143 744 5215 (85)
780 5146 895 5213 Τῆς
919 5143 1187 5215 Γραφῆς.
1214 5145 1253 5197 Β
1274 5143 1436 5199 delet.

628 5217 743 5285 (86)
772 5216 1027 5285 Τούτοις.
1059 5217 1099 5267 A
1124 5215 1165 5268 Β
1192 5215 1397 5270 delent.

650 5284 741 5358 87)
777 5284 1167 5358 Συιιςοέρετᾳι.
1201 5286 1244 5339 A
1274 5287 1325 5358 in
1354 5285 1596 5358 margine
1628 5286 1951 5358 ἐμφέρεται.

627 5292 741 5427 (87)
777 5292 1163 5353 Συμφέρεται.
1201 5292 1244 5339 A
1274 5292 1325 5338 iu
1354 5292 1596 5368 margine
1628 5292 1951 5368 ἐμφέρεται.

653 5357 743 5429 88)
771 5356 849 5429 ξῌ
876 5353 963 5429 δέ.
997 5354 1103 5408 Δεῖ
1125 5355 1182 5408 δὲ
1201 5355 1294 5410 καί
1314 5372 1398 5418 τις
1426 5354 1525 5423 ἄν,
1553 5372 1610 5410 tn
1637 5373 1879 5429 margmc
1901 5359 1936 5429 ἡ
1960 5358 2019 5413 δὲ
2040 5358 2133 5413 καί

555 5423 659 5491 τις.
692 5425 732 5477 Β
752 5425 897 5496 delet
922 5423 1009 5482 ἀν.
1077 5492 1109 5496 _
1182 5490 1187 5496 '

630 5496 744 5565 (89)
765 5493 1044 5565 Τιθέσθω.
1076 5492 1117 5547 Β
1140 5492 1400 5549 τίθεσθαι.

627 5558 742 5637 (90)
764 5558 860 5637 *μ
884 5565 927 5617 Α
959 5565 1010 5618 in
1040 5574 1185 5637 textu
1214 5564 1309 5637 ὡς.
1346 5566 1399 5619 in
1428 5558 1758 5637 margine

626 5633 738 5707 (9i)
777 5633 890 5707 Τῆς
908 5633 1231 5707 γραφικῆς.
1269 5636 1308 5688 Β
1334 5637 1399 5688 ὲκ
1421 5636 1519 5706 τῆς
1538 5633 1629 5707 γρ.

630 5704 743 5776 (92)
784 5705 836 5759 '0
869 5705 1055 5771 οἰκος.
1092 5706 1133 5759 Α
1159 5708 1214 5761 in
1240 5704 1488 5777 margine
1510 5704 1774 5773 όκόκκος.

912 4795 1320 4878 σφόδραθςαί
1334 4794 1519 4850 delent
1542 4794 1585 4849 Α
1613 4793 1673 4849 Β.

785 4866 999 4935 Ἀρκεῖ.
1023 4867 1065 4919 Δ
1097 4866 1135 4918 Β
1161 4867 1365 4936 ἀρκεῖν.

781 4937 1033 5001 Ἰκανόᾳ
1055 4937 1096 4987 Α
1131 4937 1349 4997 ἱκανῶς.

727 4800 748 5007 ξ

2233 4519 2561 4591 μετεποίησε
2594 4519 2694 4592 τῆς
2720 4519 2850 4590 περὶ
2888 4517 2951 4572 τὸ
2985 4517 3145 4573 καλὸν
3178 4519 3453 4591 ἀκρισίας,
3490 4519 3625 4592 πρὸς
3651 4514 3798 4571 τοῦτο

2326 4799 2417 4874 95)
2451 4800 2982 4874 Σνυιςεϐλάοντησᾳν.
3008 4802 3049 4856 Λ
3081 4801 3124 4857 Β
3148 4802 3595 4874 συνεϐλάστησεν.

2326 4872 2417 4939 94)
2448 4870 2689 4941 Σπέρμα
2720 4873 2863 4925 delet
2892 4871 2953 4927 Β.

2330 4941 2419 5011 95)
2457 4942 2575 5006 Μή.
2605 4940 2659 4995 ίΔ
2703 4941 2777 5011 μὴ
2807 4942 2900 4994 καὶ
2929 4942 3044 5005 σὺν,
3078 4940 3120 4995 Β
3143 4940 3216 5011 μὴ

2307 4958 2419 5010 (³ο)
2457 4958 2575 5006 Μηο
2619 4958 2659 4995 Β
2703 4958 2777 5011 μη
2807 4958 2900 4994 και
2929 4958 3044 5005 συν,
3079 4958 3120 4995 15
3183 4958 3216 5010 η
3246 4958 3306 4994 ου
3339 4958 3360 4995 α

2305 5010 2418 5091 9’9)
2439 5012 2520 5091 ,Τὸ
2545 5012 2886 5091 ἀλλᾷτριοτ.
2907 5014 2954 5091 lt
2977 5010 3054 5091 τῷ
3076 4958 3360 5083 ἀλλοτρίῳ.

2301 5080 2791 5152 (9Ἱ)Συνε)ιτίνει.
2829 5080 2871 5132 Α
2906 5080 2959 5134 iu
2993 5079 3143 5152 textu
3173 5079 3543 5152 συγκαταλύῃ.
3576 5079 3630 5134 in
3661 5090 3796 5133 mar-

2235 5149 2359 5223 gine
2370 5150 2701 5223 Δσυνεκτελῇ.
2732 5151 2774 5203 Β
2788 5150 3173 5223 Ασύνεκταλαίῃ.

2304 5219 2415 5291 (93)
2453 5220 2556 5274 Ἐν
2583 5208 2744 5289 mil-ir.
2762 5221 2814 5291 Α
2841 5220 2907 5273 ἂν
2938 5222 3090 5291 ἡμῖν.
3124 5208 3136 5222 ⁸

2323 5290 2414 5359 99)
2460 5291 2716 5359 Ἐπειδή.
2758 5290 2800 5341 Β
2826 5289 2968 5344 ἐπεί.

2323 5297 2414 5359 99)
2461 5297 2716 5359 Ἐπειδὴ.
2758 5297 2800 5341 Β
2826 5297 2968 5344 επει.

2301 5297 2378 5430 (Ι)
2407 5359 2485 5413 Δι’
2507 5361 2819 5429 ἁμαρτίαν.
2848 5362 2894 5412 Α
2929 5360 2971 5411 Β
3006 5359 3320 5430 διαμαρτία.

2302 5424 2379 5499 (2)
2422 5424 2872 5499 Ἐπέστὶοτίσοη.
2927 5430 2972 5483 A
3015 5430 3069 5484 in
3099 5424 3276 5485 'te'xtu
3331 5427 3696 5497 ὲπεσκοτώοη,
3741 5424 3793 5480 in

2233 5498 2478 5569 margine
2502 5498 2884 5569 ἑπεσκοτίσθη.

2305 5517 2478 5569 irgtne
2502 5517 2823 5554 επεσκοτισυ
2871 5539 2884 5552 .

2305 5570 2381 5649 (ξ)
2518 5571 2716 5649 φύσει.
2750 5571 2795 5649 Α
2906 5568 2998 5649 κα).
3023 5569 3088 5649 τῇ
3118 5566 3299 5636 φύσει,
3335 5567 3376 5620 Β
3416 5567 3474 5621 τὸ
3514 5570 3580 5638 τῇ
3622 5565 3792 5635 φύσει.

2410 5635 2491 5693 οὗ
2518 5632 2715 5707 ᾂὰριν.
2759 5641 2798 5691 Β
2818 5632 2878 5710 οῦ
2911 5639 3003 5690 καὶ
3029 5632 3203 5710 χᾶρὶν.

2305 5709 2381 5779 (5)
2412 5710 2616 5778 Ἐφύη.
2658 5710 2697 5762 Β
2720 5707 2939 5778 ἐνεφύη.

3246 4941 3306 4994 ού
3339 4939 3454 4995 σύν.
