3950 6132
122 263 200 322 σε
1208 258 1298 314 DE
1333 258 1552 316 arum
1590 257 1680 315 ET
1719 257 2325 319 RESURRECTIONE.
2925 331 2931 342 η
3329 267 3396 326 es

124 381 230 448 τὴν
265 377 372 448 τῆς
404 372 710 444 ἐπιθυμίας
747 371 1077 442 ἐνεγκοῦσαν
1102 372 1180 444 (6)
1208 375 1406 445 ὁρμήν.
1449 373 1715 436 Ὡσαύτως

1825 381 1880 429 et
1914 373 2152 438 honesti,
2187 383 2354 446 atque
2389 374 2442 430 id
2487 374 2633 447 quod
2672 374 2855 446 reipsa
2894 391 2959 433 ac
3001 376 3178 434 solum
3213 394 3277 435 ex
3311 387 3401 440 sui

129 472 225 526 καὶ
246 470 309 523 τὸ
335 468 429 521 τοῦ
461 465 642 537 θυμοῦ
677 464 897 536 σπέρμα
927 465 989 517 οὐ
1031 465 1169 536 πρὸς
1193 465 1448 536 ἀνδρείαν
1477 465 1715 536 ἐστόμω-

1825 469 2025 518 natura
2069 463 2274 518 bonum
2303 479 2368 520 ae
2401 475 2614 521 rectum
2649 475 2756 531 est,
2789 481 2887 536 per
2933 482 3154 538 germen
3189 467 3402 527 fraudis

129 580 222 617 σεν
265 561 369 632 (7),
414 559 554 614 ἀλλὰ
603 557 742 629 πρὸς
789 555 888 627 τὴν
935 555 1047 609 τῶν
1085 556 1162 626 (8)
1205 555 1492 626 ὁμοφύλων
1545 559 1715 627 μάχην

1825 562 1880 609 et
1899 553 2132 620 erroris,
2189 555 2339 626 quod
2375 571 2485 610 una
2539 557 2820 620 excrevit,
2880 557 3292 614 obtenebratum
3346 567 3402 615 et

128 654 462 720 ἐξώπλισενο
495 651 532 720 ἦ
566 667 625 702 τε
655 648 756 718 τῆς
783 647 1002 717 ἀγάπης
1020 647 1248 717 δύναμις
1277 646 1387 701 τῶν
1420 647 1624 717 νοητῶν
1647 648 1715 718 (9)

1825 647 2180 702 obscuratum
2228 656 2314 704 est
2348 667 2362 703 :
2392 650 2558 720 (nam
2597 647 3021 715 concupiscendi
3071 650 3154 706 vis
3181 666 3293 705 non
3332 652 3400 706 ad

126 743 364 812 ἀπέστη,
396 739 531 810 περ).
562 739 662 810 τὴν
694 736 802 790 τῶν
833 736 1106 808 αἰσθητῶν
1133 736 1430 790 ἀπόλαυσιν
1464 737 1606 806 πέρα
1629 736 1715 790 τοῦ

1825 735 1901 802 id,
1948 737 2098 808 quod
2128 746 2322 792 natura
2377 740 2578 793 bonum
2626 747 2681 793 et
2717 737 3006 793 honestum
3060 751 3172 805 est,
3237 740 3400 810 cujus

130 835 330 906 μέτρου
355 829 749 900 ὁλομανήσασα
767 827 901 896 (10),
920 827 1014 878 καὶ
1035 824 1104 878 τὰ
1131 823 1266 878 ἄλλα
1307 823 1399 877 τὸν
1428 823 1588 877 αὑτὸν
1612 823 1715 894 (11)

1825 826 2001 896 gratia
2023 827 2183 882 nobis
2216 827 2380 882 etiam
2401 827 2566 880 insita
2605 835 2713 891 est,
2751 837 2910 880 enata
2944 835 3105 881 estet
3130 829 3398 893 excrevit,

127 923 350 994 τρόπον,
375 921 506 982 τοὺς
535 917 788 989 χείρονας
823 915 1084 986 βλαστοὺς
1115 914 1236 967 ἀντὶ
1265 914 1374 966 τῶν
1399 913 1723 985 κρειττόνων

126 1010 500 1086 ἐξήνθησεν)
535 1009 726 1062 τούτου
763 1007 920 1078 χάριν
957 1005 1179 1076 ἀφίησιν
1205 1005 1234 1056 6
1276 1003 1438 1073 σοφὸς
1479 1003 1723 1073 γεωργὸς

126 1107 184 1160 τὸ
232 1104 454 1176 ἐμφυὲν
500 1102 579 1170 τῷ
621 1101 897 1172 σπέρματι
946 1097 1234 1168 βλάστημα
1275 1099 1333 1152 ἐν
1369 1097 1517 1168 αὑτῷ
1559 1093 1718 1163 εἶναι,

127 1194 442 1269 προμηθείᾳ
461 1191 559 1246 τοῦ
586 1191 664 1263 μὴ
685 1191 1040 1262 γυμνωθῆναι
1059 1189 1171 1243 τῶν
1201 1189 1525 1260 κρειττόνων
1548 1190 1718 1261 ἡμᾶς,

128 1289 358 1344 καθόλου
389 1287 492 1357 τῆς
517 1284 813 1353 ἐπιθυμίας
837 1282 914 1353 τῷ
937 1284 1196 1353 ἀχρήστῳ
1226 1281 1439 1352 βλαστῷ
1467 1298 1722 1352 συνεκριο

124 1380 417 1450 ζωθείσης.
455 1379 519 1431 Εἰ
556 1378 666 1447 γὰρ
700 1375 858 1427 τοῦτο
906 1375 1054 1448 πάθῃ
1097 1373 1208 1444 (12)
1245 1375 1278 1444 ἡ
1311 1373 1474 1442 φύσις
1503 1373 1635 1444 (15),
1665 1372 1718 1426 τί

124 1470 274 1522 ἔσται
301 1468 368 1520 τὸ
397 1469 626 1538 ἐπαῖρον
649 1465 800 1536 ἡμᾶς
828 1465 964 1534 πρὸς
987 1465 1085 1534 τὴν
1110 1463 1218 1516 τῶν
1244 1463 1584 1536 ἐπουρανίων
1606 1463 1717 1534 (14)

127 1560 462 1628 συνάφειανς
510 1557 542 1628 ἢ
585 1556 687 1626 τῆς
732 1555 952 1624 ἀγάπης
1005 1553 1396 1624 ἀφαιρεθείσης
1436 1553 1568 1624 (15),
1613 1554 1717 1608 τίνι

122 1651 310 1722 τρόπῳ
345 1650 488 1720 πρὸς
515 1648 576 1700 τὸ
606 1647 760 1702 Θεῖον
790 1644 1274 1716 συναφθησόμεθας
1314 1644 1420 1696 Τοῦ
1453 1644 1510 1698 δὲ
1541 1643 1712 1715 θυμοῦ

1824 915 1922 971 sed
1963 917 2030 971 ad
2075 918 2360 974 bestialem
2391 917 2817 988 pecoriuamque
2848 926 2904 972 et
2931 919 3159 973 rationis
3202 933 3398 988 exper~

1823 1015 1930 1062 tem
1989 1016 2281 1075 naturam,
2318 1023 2384 1064 eo
2441 1009 2741 1078 appetitum
2771 1019 2827 1065 et
2863 1010 3148 1080 imperium
3183 1009 3399 1079 cupidi.-

1821 1099 1952 1156 tatis
2001 1101 2271 1170 rapiente,
2314 1116 2486 1172 pravo
2519 1102 2668 1156 circa
2699 1102 2905 1156 bonum
2931 1117 2996 1157 ac
3040 1108 3253 1156 rectum
3311 1103 3398 1170 ju-

1820 1190 2005 1256 dicio,
2045 1209 2268 1264 germen
2325 1193 2732 1250 transmutavit.
2783 1194 2974 1250 Itidem
3038 1194 3134 1248 ira:
3181 1209 3400 1264 quoque

1821 1297 2010 1339 semen
2058 1301 2166 1340 non
2221 1286 2289 1340 ad
2344 1286 2718 1341 fortitudinem
2755 1287 2996 1351 exacuit,
3053 1286 3149 1342 sed
3206 1285 3272 1339 ad
3309 1301 3402 1355 pu-

1821 1376 2097 1444 gnandum
2130 1392 2254 1432 cum
2286 1379 2644 1448 popularibus
2687 1395 2751 1434 ac
2792 1379 3058 1449 proximis
3089 1393 3190 1434 nos
3229 1393 3403 1432 anna-

1819 1466 1938 1532 vit;
1995 1468 2234 1538 itemque
2283 1469 2597 1526 dilectionis
2650 1472 2734 1526 vis
2786 1473 2852 1525 ab
2911 1471 3011 1534 iis,
3049 1486 3170 1540 quze
3217 1477 3402 1526 mente

1820 1559 2224 1630 percipiuntur,
2256 1561 2532 1625 discessit,
2575 1568 2630 1617 et
2692 1561 2747 1616 in
2811 1561 3041 1616 fruendo
3077 1562 3241 1616 rebus
3296 1562 3401 1616 sub

1829 1669 2052 1709 sensum
2083 1655 2408 1710 cadentibus
2439 1664 2494 1710 et
2543 1655 2917 1711 materialibus
2980 1655 3122 1709 ultra
3177 1656 3399 1710 modum

123 1737 668 1800 κατασκευασθέντος
706 1736 842 1804 (16),
888 1737 1038 1788 ποῖον
1063 1735 1224 1787 ὅπλον
1245 1733 1386 1788 κατὰ
1415 1733 1508 1786 τοῦ
1547 1751 1715 1805 προσ-

1825 1742 2087 1798 insanivit
2119 1751 2282 1813 atque
2326 1744 2660 1798 debacchata
2709 1752 2812 1812 est,
2851 1754 3158 1815 cteteraque
3207 1745 3398 1800 eodem

122 1831 446 1892 παλαίοντος
493 1828 689 1899 ’έξομεν
712 1844 726 1893 ;
779 1826 994 1896 Ἐφίησι
1024 1825 1136 1896 (17)
1161 1825 1338 1878 τοίνυν
1365 1825 1431 1879 τὰ
1458 1825 1585 1879 νόθα
1607 1825 1716 1880 τῶν

122 1921 463 1993 σπερμάτων
485 1921 542 1973 ἐν
564 1922 694 1990 ἡμῖν
720 1919 749 1970 ὁ
778 1918 1040 1988 γεωργὸς,
1058 1917 1156 1986 οὐχ
1181 1917 1256 1980 ὡς
1285 1917 1372 1970 ἀεὶ
1406 1917 1516 1988 (18)
1547 1935 1716 1971 κατα-

120 2017 343 2085 κρατεῖν
374 2017 477 2084 τῆς
511 2010 846 2083 τιμιωτέρας
908 2011 1137 2080 σπορᾶς,
1170 2008 1284 2062 ἀλλ’
1319 2009 1392 2072 ὡς
1420 2008 1588 2079 αὐτὴν
1618 2008 1714 2080 τὴν

119 2107 361 2176 ᾶῳυραν
387 2105 408 2175 (
437 2104 584 2158 οὕτω
616 2103 725 2174 γὰρ
750 2103 847 2172 τὴν
886 2101 1114 2172 καρδίαν
1147 2096 1561 2170 τροπικῶςῌθ)
1597 2101 1714 2154 ὀνο-

121 2199 321 2267 μάζει)
351 2197 447 2250 διὰ
476 2197 575 2266 τῆς
604 2194 929 2265 ἐγκειμένης
959 2194 1097 2263 αὐτῇ
1134 2191 1368 2261 φυσικῆς
1404 2191 1516 2262 (20)
1551 2192 1714 2246 δυνά-

124 2307 285 2358 μεως,
334 2290 463 2359 ἣτις
503 2288 650 2341 ἐστὶν
695 2289 724 2340 ὁ
765 2284 1044 2354 λογισμὸς,
1092 2283 1153 2335 τὸ
1199 2283 1296 2352 μὲν
1335 2281 1566 2353 ξηρᾶναι
1607 2282 1715 2338 τῶν

126 2381 548 2450 βλαστημάτων,
598 2378 661 2431 τὸ
692 2378 749 2430 δὲ
790 2379 1063 2446 κάρπιμον
1091 2374 1185 2426 καὶ
1225 2373 1450 2436 εὐθαλὲς
1476 2374 1717 2445 ἀπεργά-

127 2473 340 2528 σασθαι.
374 2473 438 2524 Εἰ
484 2470 541 2523 δὲ
592 2470 666 2540 μὴ
710 2467 869 2520 τοῦτο
909 2467 1137 2535 γένοιτο,
1166 2463 1246 2535 τῷ
1289 2465 1423 2536 πυρὶ
1472 2463 1569 2535 τὴν
1616 2465 1716 2537 τῆς

128 2563 398 2633 γεωργίας
433 2561 713 2631 διάκρισιν
741 2543 1088 2629 ταμιεύεται.’

1819 1833 1983 1887 modo
2053 1835 2240 1904 pejora
2307 1850 2406 1904 pro
2460 1836 2784 1890 melioribus
2832 1836 3079 1906 germina
3121 1836 3400 1905 produxe-

1815 1923 2016 1995 ruutz)
2064 1925 2271 1980 idcirco
2313 1927 2554 1995 prudens
2580 1926 2840 1996 'agricola
2879 1941 3099 1996 germen
3143 1927 3391 1980 innatum

1816 2015 2011 2070 semini
2045 2015 2199 2069 ineo
2241 2017 2424 2070 inesse
2473 2015 2627 2080 sinit,
2667 2015 2721 2070 id
2773 2015 3068 2086 providens
3120 2022 3284 2086 atque
3314 2031 3399 2069 ca-

1817 2120 1957 2160 vens
1992 2121 2060 2160 ne
2122 2107 2442 2161 melioribus
2477 2105 2770 2172 nudentur,
2804 2106 2849 2161 si
2886 2121 2993 2160 una
3028 2121 3153 2160 cum
3213 2106 3395 2160 inutili

1811 2196 2057 2266 germine
2097 2197 2372 2266 cupiditas
2437 2197 2655 2262 penitus
2725 2195 2893 2250 fuerit
2941 2196 3266 2264 exstirpata.
3335 2195 3394 2249 Si

1816 2285 1921 2340 hoc
1955 2287 2099 2340 enim
2131 2286 2394 2340 acciderit
2419 2287 2671 2340 humana:
2693 2293 2924 2347 natura},
2957 2285 3089 2355 quid
3117 2283 3223 2337 erit
3247 2283 3395 2354 quod

1811 2393 1914 2434 nos
1954 2380 2128 2449 erigat
2155 2389 2210 2433 et
2243 2379 2432 2433 incitet
2471 2379 2540 2433 ad
2585 2379 2894 2433 caelestium.
2943 2375 3394 2442 coniunctionem

1813 2480 1976 2539 atque
2004 2469 2504 2539 prepinquitatem?
2530 2477 2624 2523 aut
2664 2469 2878 2524 sublata
2926 2467 3237 2527 dilectione,
3288 2479 3395 2533 qua

1813 2559 2024 2613 ratione
2052 2574 2176 2612 cum
2203 2559 2386 2613 divino
2423 2561 2644 2614 numine
2666 2559 3045 2628 copulabimur
3081 2564 3134 2608 et
3163 2554 3398 2625 conjun-

126 2653 349 2724 gemur?
385 2650 474 2704 lra
516 2649 645 2703 item
673 2647 968 2706 exstincta,
1000 2644 1201 2715 quibus
1233 2642 1402 2699 armis
1440 2643 1706 2699 adversus
1735 2645 2094 2702 reluctantem
2133 2648 2388 2702 utemttr?
2426 2647 2705 2718 Relinquit
2742 2648 2913 2719 igitur
2949 2648 3002 2701 in
3046 2646 3204 2700 nobis
3247 2646 3397 2715 agri-

123 2745 236 2799 cola
265 2744 488 2800 semina
514 2742 844 2804 adulterina,
874 2753 983 2792 non
1014 2745 1074 2790 ut
1105 2751 1319 2806 semper
1354 2737 1683 2806 praevaleant
1717 2736 1980 2795 adversus
2017 2742 2396 2811 pretiosiorem
2430 2750 2688 2812 segetem,
2717 2741 2813 2796 sed
2850 2749 2909 2793 ut
2949 2739 3066 2809 ipsa
3115 2737 3277 2792 tellus
3299 2739 3397 2808 (ita

125 2838 260 2893 enim
292 2838 598 2908 allegorice
631 2850 697 2888 ac
737 2848 832 2903 per
865 2831 1087 2886 modum
1126 2828 1505 2884 translationis
1530 2843 1626 2884 cor
1666 2831 1953 2903 nominat)
1994 2847 2090 2902 per
2128 2834 2350 2888 insitam
2379 2835 2428 2889 ei
2463 2835 2568 2888 vim
2601 2833 2929 2897 naturalem,
2955 2846 3077 2901 qua:
3110 2837 3192 2883 est
3224 2831 3390 2894 ratio,

129 2930 263 2986 aliud
296 2929 526 2998 quidem
558 2942 780 2997 germen
812 2922 1073 2978 arefaciat
1103 2929 1156 2975 et
1181 2921 1442 2986 exsiccet,
1475 2921 1620 2976 aliud
1647 2937 1777 2976 vero
1799 2920 2052 2978 floridum
2085 2933 2249 2996 atque
2281 2926 2598 2998 frugiferum
2625 2926 2818 2982 efﬁciat
2847 2945 2860 2980 :
2889 2922 3085 2995 quodsi
3109 2921 3160 2976 id
3187 2920 3394 2980 factum

133 3039 228 3078 non
263 3021 462 3084 fuerit,
505 3019 619 3090 igni
653 3016 952 3072 discrimen
981 3011 1096 3082 agri
1131 3022 1426 3081 proventus
1459 3011 1770 3069 faciendum
1810 3024 2072 3071 reservat.

192 3150 404 3204 Οὐκοῦν
448 3152 499 3202 εἰ
537 3148 640 3220 μέν
674 3164 760 3210 τις
801 3145 1012 3208 τούτοις
1049 3144 1190 3198 κατὰ
1227 3145 1319 3197 τὸν
1356 3144 1541 3196 δέοντα
1580 3144 1714 3215 χρή-

137 3262 214 3298 σαι
237 3243 350 3314 (21)
375 3242 557 3308 λόγον,
587 3242 645 3292 ὲν
673 3237 822 3308 αὐτῷ
851 3237 963 3307 (22)
989 3236 1334 3307 λαμϐάνηται
1362 3235 1475 3305 (23)
1507 3237 1712 3301 ἐκεῖνα,

135 3335 220 3389 καὶ
249 3335 325 3406 μὴ
357 3333 522 3394 αὐτὸς
549 3333 608 3384 ἐν
640 3329 887 3394 ἐκείνοις,
927 3327 1042 3381 ἀλλ’
1085 3326 1196 3398 (24)
1216 3321 1328 3379 οἷόν
1355 3343 1439 3390 τις
1465 3325 1716 3396 βασιλεὺς

134 3429 191 3498 τῇ
214 3423 537 3494 πολυχειρίᾳ.
561 3422 670 3473 τῶν
705 3418 962 3490 ὑπηκόων
989 3416 1237 3488 συνεργῷ
1263 3415 1562 3486 χρώμενος,
1588 3417 1718 3487 ῥᾷον

135 3516 461 3588 κατορθώσει
502 3513 618 3583 (25)
653 3513 714 3565 τὸ
746 3513 865 3564 κατ’
908 3508 1108 3580 ἀρετὴν
1155 3507 1608 3578 σπουδαζόμενον.
1655 3506 1717 3558 Εἰ

132 3608 180 3662 δὲ
216 3608 446 3670 ἐκείνοις
478 3604 593 3674 (26)
618 3603 847 3672 γένοιτο,
883 3601 1131 3672 καθάπερ
1158 3599 1358 3652 δούλων
1391 3597 1550 3651 τινῶν
1587 3599 1719 3650 ὲπα-

135 3698 437 3751 ναστάντων
455 3693 536 3764 τῷ
549 3691 888 3762 κεκτημένῳ,
909 3690 1005 3743 καὶ
1025 3688 1082 3756 ἐξ
1106 3683 1179 3741 ὧν
1199 3685 1578 3758 δραποδισοείη
1603 3685 1714 3757 (27)

133 3790 244 3850 ταῖς
271 3786 552 3847 δουλικαῖς
585 3784 848 3845 ἐπινοίαις
876 3781 984 3853 (28)
1012 3779 1250 3849 ἀγεννῶς
1280 3777 1555 3849 ὑποκύψαι
1578 3777 1714 3849 (29),

134 3880 220 3932 καὶ
255 3880 442 3947 κτῆμα
478 3876 689 3944 γένοιτο
716 3873 824 3926 τῶν
867 3871 1290 3942 ὑπεζευγμένων
1317 3870 1459 3924 κατὰ
1481 3868 1578 3941 τὴν
1611 3869 1714 3938 φύ-

133 3987 210 4022 σιν
236 3968 408 4038 αὑτῷ,
446 3967 586 4038 πρὸς
615 3969 795 4019 ἐκεῖνα
833 3967 952 4018 κατ’
980 3963 1226 4034 ἀνάγκην
1266 3961 1709 4032 μετατεθὴσεται,

134 4058 262 4126 πρὸς
312 4059 462 4126 άπερ
513 4058 582 4110 ἂν
637 4059 670 4127 ἡ
723 4055 1082 4126 ἐπικράτησις
1135 4052 1244 4106 τῶν
1292 4051 1715 4121 καθηγουμένων

138 4146 374 4214 βιάζεται
413 4147 549 4218 (50).
583 4148 645 4199 Εἰ
669 4145 725 4197 δὲ
764 4145 874 4214 (51)
921 4143 1096 4198 ταῦτα
1124 4142 1312 4196 τοῦτον
1337 4141 1450 4211 ἔχει
1478 4141 1569 4193 τὸν
1592 4141 1717 4210 τρὸ-

137 4259 247 4304 πον,
269 4241 395 4294 οὔτε
419 4240 644 4312 ἀρετὴν,
677 4237 798 4291 οὔτε
827 4237 1024 4292 κακίαν
1047 4239 1132 4306 ἐφ’
1157 4235 1365 4288 ἑαυτῶν
1393 4233 1563 4287 ταῦτα
1589 4235 1717 4287 ἀπο·

140 4333 466 4404 φανούμεθα,
505 4333 607 4385 ὅσα
654 4331 930 4400 κινήματα
979 4328 1080 4398 τῆς
1119 4325 1295 4396 ψυχῆς
1342 4325 1470 4376 ὄντα
1517 4325 1610 4377 ἐπὶ
1647 4325 1713 4393 τῇ

141 4423 346 4494 ἐξουσίᾳ
368 4423 482 4475 τῶν
506 4420 805 4492 χρωμένων
833 4421 1029 4481 κεῖται,
1056 4417 1088 4488 ἢ
1114 4415 1292 4478 καλῶς
1316 4415 1349 4487 ἢ
1372 4414 1573 4485 ἑτέρως
1601 4413 1714 4486 (52)

141 4513 287 4583 ἔχειν.
339 4514 482 4567 Ἀλλ’
525 4515 656 4566 ὅταν
711 4509 810 4579 μὲν
859 4510 1043 4572 αὐτοῖς
1094 4507 1230 4578 πρὸς
1274 4506 1336 4560 τὸ
1386 4508 1631 4576 κρεῖττον
1680 4507 1715 4576 ἡ

199 4717 276 4787 (6)
314 4713 875 4787 Ἐ-νεγκοῦσανκᾼΒ
898 4713 1245 4787 ἐνεγκούσης.

203 4784 277 4855 (7)
315 4785 720 4858 ’Eo'tdgwousj.
747 4784 1207 4858 Boveccépmoev.

203 4853 278 4928 (8)
313 4853 438 4928 Τῇν
465 4854 604 4907 τῶν.
632 4854 754 4928 ξΓήν
777 4853 1011 4928 ᾁεΙριλΑ.

205 4921 278 4998 (9)
314 4921 442 4983 Τῶν
467 4921 962 4998 ιιι-(γητιῖηέ(ίειθῐ.’ΒΖ

205 4992 314 5068 (11))
359 4992 844 5068 Ὀλομανήσασα.
864 4996 918 5068 A_
940 4994 984 5044 B
1017 4993 1425 5068 ὑλομανήσασα.

207 5061 315 5136 (11)
345 5067 460 5122 Τὸν
485 5061 696 5136 αὐτόν.
720 5064 783 5136 ΔΑ
813 5064 926 5118 etB
943 5061 1276 5133 praemittunt
1313 5061 1475 5117 κατά.

200 5133 316 5208 (12)
346 5137 538 5208 Πάοη⁷
559 5135 604 5185 Α
633 5133 814 5208 πάθοι.

205 5201 317 5278 (15)
353 5208 425 5262 Ἦ
458 5201 667 5274 φύσις.
768 5203 919 5278 addit
949 5201 1284 5278 άνθρωπίνη.

208 5273 316 5346 (14)
387 5273 812 5341 Ἐἐτουρανιωτα
844 5276 888 5326 Α
927 5273 1209 5346 ορρανίων.

208 5342 318 5418 (15)
356 5348 648 5415 Ἀςεαιρεθ.
677 5347 723 5398 Α
747 5342 1160 5418 ἀναγρεθείσης,

208 5408 316 5487 (16)
377 5408 1208 5487 KatéaxevaqOéiiioc1_Ain
1255 5420 1404 5468 textu
1449 5408 1713 5464 κατασϐε-

148 5482 372 5552 σθέντὸς,
403 5489 458 5541 in
480 5485 730 5554 margine
756 5482 1206 5546 άποσὸεσθέντος.

205 5557 313 5629 (17)
353 5559 622 5626 ’Egpt'nm.
647 5555 702 5629 ‘A
731 5555 946 5629 ἀφίησι.

206 5625 313 5698 (18)
361 5625 494 5683 Ἇὲί.
531 5630 576 5680 Α
611 5625 805 5698 είσαεί.

203 5690 312 5770 (19)
355 5699 480 5764 Τὴν
510 5695 687 5764 καρδ.
721 5710 885 5764 mox.
910 5693 951 5747 B
974 5692 1245 5765 τροπικῶς
1278 5707 1326 5745 τ.
1371 5690 1526 5762 καρδ.

1890 3149 2160 3216 Quocirca
2186 3152 2231 3207 si
2254 3151 2474 3223 quidem
2499 3153 2698 3224 aliquis
2725 3153 2810 3208 his
2829 3163 2976 3211 recte
3004 3164 3058 3211 et
3085 3157 3156 3212 ita
3174 3164 3232 3210 ut
3254 3155 3396 3211 ratio

1814 3241 2056 3306 postulat
2099 3249 2306 3307 utatur,
2335 3251 2389 3296 et
2425 3243 2480 3296 in
2511 3258 2630 3298 sese
2653 3244 2874 3313 quidem
2909 3246 3140 3316 recipiat
3169 3262 3255 3312 ea,
3287 3261 3396 3300 non

1816 3338 1998 3385 autem
2035 3332 2151 3401 ipse
2204 3334 2258 3386 in
2294 3341 2616 3402 potestatem
2665 3335 2885 3390 illorum
2941 3338 3237 3407 redigatur,
3295 3337 3392 3392 sed

1816 3427 2080 3489 tanquam
2114 3437 2206 3476 rex
2245 3423 2448 3492 aliquis
2479 3439 2672 3495 magna
2705 3441 2866 3480 manu
2895 3427 3239 3482 subditorum
3295 3429 3395 3482 ad-

1814 3510 2018 3581 jutrice
2055 3520 2272 3573 utatur,
2317 3511 2534 3568 facilius
2582 3524 2871 3570 assecutus
2931 3517 3093 3570 fuerit
3148 3517 3201 3569 id
3252 3517 3397 3585 quod

1820 3615 1944 3653 cum
1972 3600 2173 3656 virtute
2209 3600 2422 3655 efﬁcere
2469 3613 2715 3656 conetur.
2759 3602 2854 3657 Sin
2910 3613 3090 3658 autem
3131 3606 3398 3674 quemad-

1821 3689 2041 3744 modum
2076 3691 2188 3744 lieri
2227 3694 2389 3755 solet,
2435 3709 2559 3747 cum
2595 3695 2740 3749 servi
2793 3695 2960 3765 aliqui
3002 3697 3265 3752 adversus
3295 3697 3396 3750 do-
3442 3734 3451 3742 -

1820 3779 2026 3832 minum
2081 3781 2396 3852 insurgunt,
2435 3783 2544 3840 illis
2575 3785 2849 3842 obnoxius
2885 3786 3070 3853 fuerit,
3107 3797 3160 3842 et
3211 3789 3396 3843 servili

1821 3872 2146 3941 arrogantia:
2177 3881 2344 3944 atque
2375 3875 2718 3931 confidentia
2772 3879 3029 3947 degeneri
3073 3878 3399 3949 abjectoquc

1821 3966 2007 4018 animo
2039 3968 2429 4034 succumbens,
2474 3984 2666 4024 servus
2719 3981 2771 4024 et
2818 3971 3149 4040 mancipium
3206 3987 3396 4026 eorum

1823 4051 2002 4107 factus
2040 4053 2131 4117 sit,
2161 4070 2283 4125 qua:
2314 4067 2509 4110 natura
2543 4057 2592 4112 ei
2622 4058 2866 4125 subjecta
2898 4067 3044 4124 sunt,
3090 4059 3156 4112 ad
3201 4074 3264 4113 ca
3298 4075 3397 4113 ne-

1823 4143 2065 4197 cessario
2092 4145 2431 4210 traducctur,
2467 4162 2575 4216 quo
2604 4147 2685 4201 vis
2715 4148 3014 4216 regentium
3043 4163 3168 4202 cum
3213 4149 3397 4217 impu-

1823 4235 1966 4289 lerit.
2000 4233 2155 4300 Quod
2187 4236 2235 4290 si
2271 4237 2385 4291 haec
2416 4237 2490 4290 ita
2523 4246 2672 4303 sunt,
2721 4253 2896 4308 neque
2923 4238 3179 4292 virtutem
3215 4255 3398 4308 neque

1823 4325 2015 4378 vitium
2049 4340 2145 4394 per
2183 4341 2308 4382 sese
2358 4326 2474 4382 haec
2536 4343 2661 4383 esse
2718 4327 3220 4396 pronuntiabimus,
3275 4344 3398 4398 quae

1824 4430 1949 4470 cum
1980 4418 2176 4472 anima:
2219 4426 2402 4474 motus
2463 4418 2596 4484 sint,
2660 4420 2714 4473 in
2770 4427 3036 4489 potestate
3069 4426 3121 4474 et
3174 4420 3402 4474 arbitrio

1826 4506 2099 4561 utentium
2149 4508 2317 4563 situm
2349 4517 2454 4575 est,
2516 4511 2723 4564 recline
2783 4524 2852 4562 an
2917 4509 3069 4578 pravi
3101 4509 3233 4564 sint.
3293 4509 3398 4564 Sed

1896 4711 2009 4782 (20)
2030 4711 2195 4781 Αὐτῇ
2217 4710 2503 4782 φυσικῆς.
2526 4710 2685 4781 Αὐτῷ
2714 4710 2977 4780 φυσικῶς.

1892 4781 2005 4852 (21)
2025 4783 2274 4852 Χρήσαι.
2302 4783 2349 4836 Α
2371 4786 2424 4837 in
2445 4791 2592 4838 textu
2611 4787 2891 4854 χρήσεται,
2917 4782 2968 4834 in
2994 4781 3237 4852 margine
3263 4782 3399 4853 χρή-

1824 4867 1999 4907 σαιτο.

1915 4924 2007 4989 22)
2049 4923 2146 4974 Ἐν
2175 4919 2352 4986 αὐτῷ.
2383 4923 2426 4974 A
2453 4923 2510 4974 ἐν
2534 4920 2728 4990 ἐαυτῷ.

1915 4993 2004 5055 13)
2032 4993 2422 5062 Λαμϐάνεται.
2457 4993 2502 5044 Α
2534 4992 2574 5042 Β
2603 4991 2914 5062 λαμϐάνων.

1913 5063 2005 5132 24)
2044 5064 2228 5116 Ἀλλ’.
2253 5064 2292 5114 Β
2323 5063 2630 5132 γενόμενος.

1891 5127 2005 5201 (25)
2033 5127 2420 5198 Κατορθὼάει.
2446 5127 2487 5184 Ᾱ
2528 5133 2582 5184 in
2615 5131 2861 5201 margine
2887 5127 3277 5198 καρτορθώσοι.

1895 5200 2006 5270 (26)
2054 5203 2354 5270 ’Exsjrocq.
2376 5203 2415 5253 Β
2454 5203 2540 5254 ἐπ’
2572 5200 2816 5270 ἐκείνοις.

1891 5267 2006 5343 (2'7)
2041 5273 2135 5343 Ἐξ
2153 5267 2240 5325 ὧν
2254 5271 2503 5339 δραποδ.
2531 5274 2574 5323 Λ
2600 5267 3100 5342 ἐξανδραποδισοείη
3121 5270 3237 5338 καί,
3254 5270 3292 5323 Β
3315 5270 3400 5336 ὲξο

1832 5342 2298 5411 ανδροποδισθείη.

1894 5393 2006 5483 (⁷28)
2052 5393 2399 5478 (Ἔστιν-ῥίζας.
2425 5412 2470 5464 Λ
2501 5408 2798 5483 άπσνοίαις.

1897 5476 2010 5552 (29)
2051 5483 2064 5502 '
2079 5476 2413 5550 Υποκύψάι.
2430 5483 2502 5552 -Α-
2516 5481 2556 5552 β
2583 5476 2889 5548 ὑποκύψας.

1899 5548 2011 5626 (ξιθ)
2043 5548 2321 5626 Βζάζεζᾳὶ.
2344 5561 2388 5604 Α
2423 5548 2692 5621 βιάζηται.

1901 5622 2191 5693 (51)Δέ.Β
2217 5623 2303 5691 δή.

1900 5688 2012 5766 (5'2)
2048 5688 2310 5760 Ἑτέρως.
2345 5689 2386 5744 Α
2427 5689 2657 5761 praefigit
2688 5688 2786 5755 ὡς.

1987 5062 2006 5267 ξ
