3950 6132
501 201 567 258 b1

1688 186 1747 242 S.
1788 181 2116 242 GREGORII
2153 178 2448 238 NYSSENI

3714 168 3784 223 68

499 311 722 385 quando
749 319 929 367 motus
961 322 1152 365 eorum
1208 307 1276 362 ad
1306 307 1508 362 bonum
1544 303 1789 364 inclinat,
1844 300 2065 355 laudum

2192 300 2380 369 ιίνησις
2405 293 2460 370 ᾖ,
2484 295 2721 349 ἐπαίνων
2743 294 2985 364 γίνεσθαι
3017 294 3128 364 (55)
3158 292 3319 364 ὕλην,
3352 289 3436 353 ὼς
3464 286 3550 359 τῷ
3577 286 3785 359 Δανιὴλ

501 404 731 459 materia
752 402 1053 465 exsistunt,
1085 410 1145 456 ut
1168 399 1378 453 Danieli
1428 394 1703 464 cupiditas
1736 407 1802 447 ac
1852 390 2070 445 deside-

502 495 664 559 rium,
693 502 747 549 et
783 494 863 547 ira
895 492 1185 554 Phineeso,
1212 491 1372 558 eique
1402 487 1496 557 qui
1522 494 1671 540 recte
1694 484 1860 553 luget,
1890 482 2065 536 dolor.

503 583 600 640 Sin
631 595 812 639 autem
854 585 921 638 ad
970 584 1211 639 deterius
1267 578 1629 650 propendent,
1664 583 1796 629 tunc
1839 571 2070 627 aﬂ'cctns

502 691 568 730 ac
611 671 1039 743 perturbationes
1081 676 1136 721 et
1163 674 1289 720 sunt
1315 676 1369 719 et
1400 663 1764 718 nominantur.
1790 662 1929 718 —-G.
1960 664 2071 733 Ego

505 777 655 824 vero,
713 776 835 815 cum
870 761 955 813 his
1014 755 1280 826 expositis
1335 754 1657 823 quievisset,
1725 758 1781 804 et
1814 750 2070 821 exiguum

503 852 760 923 quiddam
801 849 957 919 spatii
1007 845 1341 901 intercedere
1394 841 1637 898 sermoni
1692 855 1857 909 paSSa
1898 848 2068 904 esset,

503 956 669 1015 atque
705 945 821 1012 ipse
850 947 1032 994 mente
1069 936 1407 1007 collegissem
1441 949 1504 989 ea
1542 948 1665 1003 qua:
1695 933 1840 987 dicta
1890 940 2068 994 erant,

504 1048 698 1089 rursus
743 1031 808 1083 ad
860 1028 1095 1098 priorem
1151 1024 1600 1091 consequentiam
1667 1023 1943 1078 sermonis
1977 1037 2073 1077 cu-

504 1122 677 1184 curri,
703 1133 813 1189 quo
851 1118 1201 1173 asserebatur
1227 1114 1347 1170 ﬁeri
1376 1129 1539 1183 posse
1567 1120 1625 1168 ut
1656 1114 1927 1169 dissoluto
1957 1129 2074 1169 cor-

506 1228 635 1282 pore
665 1211 845 1263 anima
877 1219 1023 1263 esset
1049 1208 1104 1262 in
1133 1208 1419 1262 elementis
1448 1224 1463 1272 ;
1519 1214 1684 1276 atque
1722 1208 1797 1261 ita
1850 1207 1919 1261 ad
1952 1223 2072 1261 ma-

504 1301 728 1370 gistram
758 1315 770 1349 :
800 1297 900 1351 Uhi
931 1304 1036 1361 est,
1068 1298 1309 1365 inquam,
1343 1296 1475 1350 illud
1497 1296 1644 1366 quod
1674 1296 1837 1367 vulgo
1864 1297 2071 1367 passim

500 1391 739 1459 jactatur
785 1389 910 1442 Orci
962 1398 1015 1441 et
1064 1386 1263 1441 inferni
1326 1401 1578 1441 nomen:
1634 1388 1779 1457 quod
1842 1387 2072 1442 multum

504 1481 720 1552 quidem
777 1479 828 1533 in
882 1477 1277 1534 consuetudine
1324 1477 1486 1542 vitae,
1545 1478 1776 1532 multum
1834 1478 1960 1532 item
2016 1478 2073 1532 in

506 1569 724 1638 scriptis
757 1579 868 1623 tum
927 1568 1170 1623 externis
1228 1575 1343 1621 tum
1392 1570 1598 1623 nostris
1653 1568 2069 1642 circumfertur;

2167 390 2265 459 τὴν
2297 387 2621 458 ἐπιθυμίαν,
2669 386 2764 440 καὶ
2807 384 2887 456 τῷ
2933 386 3115 447 Φινεὲς
3152 384 3241 436 τὸν
3292 380 3506 450 θυμὸν,
3562 378 3664 432 καὶ
3706 378 3786 449 τῷ

2168 478 2349 541 καλῶς
2402 477 2688 531 πενθοῦντι
2719 476 2818 546 τὴν
2855 475 3052 545 λύπην.
3099 474 3161 527 El
3192 474 3249 527 δὲ
3301 471 3450 543 πρὸς
3486 467 3555 521 τὸ
3598 469 3785 539 χεῖρον

2168 569 2378 637 γένοιτο
2408 570 2441 640 ὴ
2478 568 2639 639 ῥοπὴ,
2665 567 2786 621 τότε
2814 565 2959 635 πάθη
3003 565 3245 633 γίνεσθαι
3283 560 3480 615 ταῦτα
3527 559 3628 610 καὶ
3662 559 3783 610 ὀνο-

2173 658 2439 732 μάζεσθαι
2453 657 2718 727 (54).-Γ.
2745 648 3026 726 Ἐγὼ(55),
3045 650 3216 707 ταῦτα
3230 649 3782 721 διεξελθούσηςί56),

2169 754 2356 824 ἐπειδὴ
2383 751 2706 822 παυσαμένη
2732 750 2901 822 βραχύ
2927 769 2979 804 τι
3008 750 3177 803 ἔδωκε
3197 734 3275 819 τῷ
3295 748 3453 815 λόγῳ
3477 745 3781 809 διαλιπεῖν,

2172 846 2266 899 καὶ
2300 842 2667 914 συνελεξάμην
2691 847 2757 914 τῇ
2791 843 3000 913 διανοίᾳ
3035 842 3103 894 τά
3141 839 3445 911 εἰρημένα,
3486 835 3660 889 πάλιν
3688 833 3783 887 ἐπὶ

2170 938 2269 1007 τὴν
2308 936 2578 1008 προτέραν
2607 935 2890 1005 διέδραμον
2933 933 3045 1005 (57)
3086 931 3421 987 ἀκολουθίαν
3452 927 3555 981 τοῦ
3591 927 3778 995 λόγου,

2171 1029 2230 1080 ὲν
2271 1019 2316 1093 ᾧ
2354 1024 2803 1088 κατεσκευάζετο,
2851 1023 2923 1096 μὴ
2964 1022 3220 1077 ἀδύνατον
3267 1015 3421 1073 εἶναι
3462 1020 3570 1087 τὴν
3601 1016 3784 1086 ψυχὴν

2171 1116 2510 1180 διαλυθέντος
2554 1116 2647 1169 τοῦ
2693 1115 2943 1187 σώματος
2987 1116 3044 1167 ἐν
3100 1117 3213 1176 τοῖς
3254 1110 3562 1181 στοιχείοις
3614 1104 3779 1163 εἶναι.

2172 1210 2284 1262 Καὶ
2305 1208 2461 1261 τοῦτο
2484 1204 2635 1260 εἷπον
2660 1207 2797 1277 πρὸς
2820 1207 2918 1275 τὴν
2944 1204 3256 1259 διδάσκαλον
3279 1203 3426 1274 (58)”
3458 1201 3578 1255 Ποῦ
3603 1202 3785 1253 ἐκεῖνο

2170 1300 2232 1352 τὸ
2262 1298 2698 1368 πολυθρύλλητον
2737 1296 2831 1350 τοῦ
2876 1297 3003 1367 ᾇδου
3034 1296 3203 1364 ὄνομα
3229 1310 3242 1323 '
3276 1295 3425 1348 πολὺ
3477 1293 3586 1365 μὲν
3618 1293 3679 1344 ὲν
3716 1294 3781 1361 τῇ

2175 1388 2433 1459 συνηθείᾳ
2460 1388 2555 1441 τοῦ
2587 1389 2702 1457 βίου
2725 1429 2738 1451 ,
2768 1387 2903 1440 πολὺ
2933 1387 2988 1439 δὲ
3019 1387 3076 1441 ὲν
3106 1388 3225 1450 ταῖς
3257 1385 3629 1456 συγγραφαῖς
3663 1384 3783 1445 ταῖς

2173 1498 2232 1535 τε
2263 1479 2459 1545 ἔξωθεν
2497 1481 2588 1533 καὶ
2632 1482 2754 1545 ταῖς
2790 1478 3083 1550 ἡμετέραις
3117 1477 3600 1548 περιφερόμενον,
3646 1475 3727 1536 εἰς
3753 1473 3782 1526 δ

2180 1571 2381 1635 πάντες
2406 1572 2603 1625 οῐονται
2634 1570 2883 1640 καθάπερ
2908 1569 3109 1639 δοχεῖον
3140 1568 3253 1639 (59)
3287 1566 3519 1620 ἐνθένδε
3552 1566 3657 1628 τάς
3680 1563 3782 1632 ψυο

507 1662 561 1716 in
594 1676 754 1730 quem
800 1659 1071 1713 infernum
1113 1667 1373 1727 tanquam
1416 1659 1470 1712 in
1514 1630 1787 1728 quoddam
1829 1630 2075 1730 recepta;-

2192 1661 2281 1731 [ἀς
2316 1630 2772 1732 μετανίστασθακ
2807 1630 2883 1714 0i)
3042 1659 3106 1713 ἂν
3139 1630 3209 1712 τὰ
3236 1630 3494 1728 στοιχεῖα
3520 1657 3617 1709 τὸν
3646 1630 3780 1726 ᾅδην

506 1755 688 1806 culum
727 1768 915 1807 omnes
953 1751 1077 1805 hinc
1128 1758 1323 1820 putant
1372 1751 1585 1806 animas
1633 1751 2069 1822 transmigrare?

506 1843 626 1898 Non
683 1844 828 1898 enim
867 1842 1135 1897 elementa
1191 1841 1391 1896 Orcum
1423 1849 1478 1897 et
1518 1841 1790 1897 infernum
1841 1842 2069 1898 dixeris.

499 1939 641 1993 -—-.‘ll.
662 1938 735 1989 Ac
762 1932 1010 2003 magistra
1037 1957 1049 1991 :
1074 1933 1299 1996 Videris,
1325 1933 1516 2004 inquit,
1542 1948 1647 1987 non
1667 1931 1958 1986 admodum
1991 1940 2077 1985 at-

510 2021 770 2088 tendisse,
796 2028 848 2074 et
871 2019 1112 2072 animum
1140 2020 1379 2071 sermoni
1408 2016 1740 2075 adhibuisse.
1763 2019 1899 2075 Cum
1933 2020 2079 2075 enim

510 2114 744 2168 dicerem
774 2111 1183 2166 translationem
1214 2110 1409 2164 anima:
1437 2126 1502 2165 ex
1556 2125 1622 2165 eo
1665 2111 1810 2180 quod
1846 2111 2081 2180 videtur,

511 2203 625 2258 ﬁeri
670 2200 738 2253 ad
778 2199 831 2253 id
880 2199 1025 2267 quod
1071 2213 1178 2253 non
1219 2198 1455 2264 videtur,
1505 2199 1643 2252 nihil
1687 2199 1944 2268 putabam
1996 2218 2083 2257 me

512 2290 925 2363 pratennisisse
971 2289 1117 2358 quod
1166 2289 1235 2343 de
1282 2288 1492 2345 inferno
1550 2300 1906 2359 quaereretur.
1968 2291 2080 2348 Nec

511 2384 656 2439 enim
693 2380 835 2434 aliud
867 2380 1145 2450 quidpiam
1174 2380 1306 2433 mihi
1338 2380 1557 2434 videtur
1582 2389 1695 2434 tum
1734 2382 1787 2435 in
1819 2391 2079 2437 externo-

515 2487 632 2527 rum
688 2470 862 2532 libris,
897 2477 1010 2522 tum
1053 2469 1106 2522 in
1136 2469 1318 2522 divina
1368 2469 1650 2540 Scriptura
1680 2486 1776 2539 per
1829 2472 1934 2527 hoc
1982 2489 2081 2528 no-

514 2580 637 2618 men
681 2561 997 2632 signilicari,
1036 2559 1088 2613 in
1125 2574 1234 2630 quo
1274 2560 1487 2616 animas
1530 2576 1653 2616 esse
1698 2562 1910 2626 dicunt,
1941 2579 2082 2633 pra:-

515 2655 761 2716 terquam
791 2652 844 2703 in
877 2652 930 2705 id
971 2652 1113 2719 quod
1138 2640 1206 2705 et
1239 2651 1533 2706 obscurum
1581 2659 1666 2707 est
1702 2661 1758 2706 et
1790 2667 1899 2707 non
1933 2654 2086 2709 vide-

515 2746 625 2800 tur,
640 2736 1173 2793 transitionem—6.
1202 2735 1269 2790 Et
1289 2751 1390 2806 qua
1411 2738 1615 2797 ratione
1640 2740 2081 2803 subterraneum,

518 2827 763 2895 inquam,
799 2823 977 2877 locum
1020 2823 1267 2876 nonnulli
1305 2825 1379 2876 ita
1409 2825 1514 2879 dici
1551 2829 1885 2895 existimant,
1921 2841 2085 2902 atque

2181 1752 2380 1820 λέγοις.
2400 1752 2549 1810 —M.
2570 1752 2679 1805 Kal.
2704 1748 3064 1823 ήδιδάσκαλος
3078 1749 3209 1819 (40),
3226 1751 3402 1822 Δῆλος
3480 1749 3566 1820 (Η
3580 1745 3778 1822 ).φησὶν

2187 1844 2261 1915 μὴ
2307 1843 2427 1897 λίαν
2470 1838 2860 1912 προσεσχηκὼς
2901 1838 2980 1908 τῷ
3025 1838 3187 1909 λόγῳ.
3239 1838 3356 1909 Τὴν
3395 1838 3516 1908 γὰρ
3569 1841 3636 1891 ὲκ
3686 1836 3780 1890 τοῦ

2184 1933 2459 2008 ὁρωμένου
2500 1936 2636 2002 πρὸς
2664 1933 2724 1986 τὸ
2757 1932 2928 1995 ἀειδὲς
2962 1931 3287 2000 μετάστασιν
3334 1930 3443 1999 τῆς
3488 1928 3677 1999 ψυχῆς
3709 1926 3785 1979 εί-

2187 2023 2395 2083 ποῦσα,
2435 2022 2586 2075 οὐδὲν
2612 2021 2768 2092 ᾤμην
2814 2019 3224 2074 ἀπολελοιπέναι
3258 2020 3377 2091 (42)
3425 2020 3512 2083 είς
3558 2018 3623 2071 τὸ
3655 2017 3782 2089 περὶ

2186 2111 2279 2164 τοῦ
2315 2111 2443 2182 ᾅδου
2484 2109 2832 2180 ζητούμενον.
2880 2109 3046 2162 Οὐδὲν
3091 2110 3200 2180 (45)
3235 2108 3368 2162 ἄλλο
3410 2108 3468 2160 τί
3516 2125 3610 2178 μοι
3639 2107 3783 2160 δοκεῖ

2189 2201 2342 2272 παρά
2374 2218 2434 2252 τε
2470 2199 2578 2252 τῶν
2605 2199 2801 2265 ἔξωθεν
2831 2199 2925 2252 καὶ
2958 2198 3107 2268 παρὰ
3132 2200 3230 2268 τῆς
3268 2199 3427 2263 θείας
3462 2199 3698 2269 Γραφῆς
3726 2197 3783 2250 τὸ

2186 2293 2356 2362 ὄνομα
2382 2294 2540 2345 τοῦτο
2565 2291 2941 2362 διασημαίνειν
2961 2330 2976 2353 ,
3017 2293 3074 2344 ὲν
3105 2284 3148 2358 ᾧ
3176 2291 3274 2353 τὰς
3308 2290 3498 2360 ψυχὰς
3530 2288 3781 2358 γίνεσθαι

2186 2384 2433 2452 λέγουσι,
2479 2384 2617 2454 πλὴν
2647 2383 2757 2453 (44)
2810 2383 2888 2444 εἰς
2930 2382 2990 2435 τὸ
3037 2382 3211 2443 ἀειδὲς
3256 2383 3351 2433 καὶ
3403 2382 3622 2451 ἀφανὲς
3668 2378 3779 2447 (45)

2189 2474 2525 2544 μετέχουσιν.
2553 2502 2624 2511 —
2654 2471 2711 2522 Γ.
2745 2469 2855 2523 Kal.
2875 2468 3011 2534 πῶς,
3046 2465 3200 2522 εἷπον
3231 2469 3369 2540 (46),
3404 2471 3503 2523 τὸν
3535 2470 3774 2542 ὑποχθό-

2187 2582 2297 2617 νιον
2331 2565 2505 2634 χῶρον
2526 2564 2726 2617 οἴονταί
2756 2579 2899 2625 τινες
2923 2561 3065 2615 οὕτω
3092 2562 3365 2631 λέγεσθαι,
3402 2565 3505 2617 καὶ
3541 2565 3602 2623 ἐν
3629 2562 3776 2632 αὐτῷ

2187 2659 2460 2711 κακείνων
2495 2656 2606 2727 (47)
2637 2655 2737 2719 τὰς
2775 2655 2953 2726 ψυχὰς
2987 2656 3367 2726 πανδοκεύειν,
3418 2658 3686 2728 καθάπερ
3722 2675 3772 2709 τι

2187 2747 2419 2818 χώρημα
2450 2747 2548 2816 τῆς
2573 2745 2825 2816 τοιαύτης
2856 2747 3069 2816 φύσεως
3097 2748 3339 2801 δεκτικὸν
3376 2748 3482 2812 τὰς
3522 2749 3774 2802 ἀποπτά-

2189 2857 2287 2903 σας
2322 2840 2423 2910 ἤδη
2450 2838 2548 2909 τῆς
2571 2836 2914 2910 ἀνθρωπίνης
2947 2837 3091 2911 ζωῆς
3124 2840 3257 2911 πρὸς
3289 2841 3487 2895 ἑαυτὸν
3528 2838 3773 2911 ἐφελκό-

518 2918 671 2972 illum
718 2914 773 2971 in
818 2931 938 2972 sese
973 2915 1183 2969 animas
1208 2916 1363 2984 quasi
1392 2916 1628 2987 hospitio
1667 2924 1936 2992 excipere,
1970 2936 2088 2979 tan-
2118 2920 2159 2976 C
2189 2946 2381 3002 μενον;

522 3024 687 3081 quam
714 3007 1117 3077 receptaculum
1145 3006 1415 3075 quoddam
1440 3009 1505 3063 ad
1544 3012 1912 3081 recipiendum
1946 3018 2214 3087 ejusmodi
2242 3031 2491 3078 naturam
2532 3028 2713 3090 aptum
2743 3025 2797 3072 et
2824 3011 3260 3082 idoneum,quod
3296 3024 3391 3065 eas
3429 3008 3688 3080 quaajam
3714 3021 3777 3061 cx

524 3103 758 3155 humana
791 3099 900 3149 vita
936 3097 1293 3159 evolaverint,
1324 3096 1390 3151 ad
1423 3115 1483 3154 se
1509 3103 1784 3156 attrahat?

588 3185 665 3239 al.
695 3183 764 3238 At
784 3183 952 3238 nihilo
972 3188 1160 3260 magis,
1185 3190 1652 3263 inquit_magistra,
1674 3208 1772 3262 per
1802 3192 1942 3247 hanc
1970 3204 2090 3260 0px-

518 3282 737 3334 nionetn
784 3278 1053 3331 sententia
1089 3286 1254 3345 atque
1309 3279 1559 3332 doctrina
1617 3291 1804 3334 nostra
1848 3282 2093 3336 infirma-

523 3373 671 3426 hitur
710 3380 764 3424 et
799 3370 1044 3432 lazdctur,
1074 3369 1293 3424 etiamsi
1325 3384 1454 3424 vera
1479 3378 1571 3423 tua
1611 3373 1791 3427 oratio
1820 3382 1925 3428 est.
1960 3372 2094 3428 Nam

520 3473 809 3533 propterea
849 3460 999 3530 quod
1031 3468 1220 3516 vertex
1249 3462 1492 3517 caelestis
1556 3478 1742 3518 secum
1802 3467 2097 3520 continuus

516 3564 569 3610 et
603 3552 1004 3609 indissolubilis
1040 3561 1147 3618 est,
1202 3553 1387 3606 omnia
1426 3554 1571 3607 intra
1632 3569 1789 3609 suum
1830 3558 2099 3611 circulum

486 3656 573 3701 -et
617 3647 880 3699 ambitum
953 3644 1220 3700 cohibens
1289 3652 1454 3713 atque
1494 3660 1792 3711 coercens,
1843 3658 1897 3702 et
1954 3655 2099 3702 terra

520 3750 750 3805 quaeque
791 3735 939 3788 circa
970 3749 1090 3788 eam
1114 3733 1625 3786 animadvertuntur
1655 3735 1711 3788 in
1754 3737 1932 3791 medio
1974 3753 2102 3792 sus-

522 3842 692 3899 pensa
749 3835 902 3888 sunt,
942 3836 995 3878 ct
1047 3824 1292 3877 omnium
1332 3840 1453 3893 qua
1485 3825 1539 3877 in
1581 3824 1764 3879 orbem
1812 3828 2105 3882 volvuntur

524 3930 705 3975 motus
733 3919 882 3972 circa
916 3917 967 3970 id
1007 3916 1151 3985 quod
1185 3918 1382 3971 stabile
1422 3916 1744 3986 firmumque
1776 3931 1839 3970 ac
1869 3918 2102 3972 solidum

524 4017 609 4064 est
658 4008 737 4068 lit,
797 4008 1021 4060 omnino
1069 4021 1293 4061 necesse
1321 4018 1423 4069 est,
1467 4007 1667 4077 inquit,
1730 4017 1788 4062 ut
1830 4010 2096 4080 quidquid

527 4101 824 4168 unicuique
887 4099 1286 4151 elementorum
1350 4098 1500 4151 circa
1558 4112 1815 4167 superam
1891 4111 2097 4168 partem

532 4202 694 4247 terra:
725 4188 953 4253 accidit,
982 4188 1036 4242 id
1069 4190 1232 4243 etiam
1262 4188 1409 4243 circa
1440 4190 1743 4258 oppositam
1795 4192 2099 4260 contingat,

2281 3188 2356 3242 Μ.
2382 3180 2518 3236 Ἀλλ’
2532 3189 2683 3245 οὐδὲν
2698 3191 2914 3261 μᾶλλον,
2933 3195 3096 3264 φησὶν
3111 3195 3143 3262 ἡ
3159 3193 3503 3258 διδάσκαλος,
3517 3191 3581 3247 τὸ
3608 3186 3780 3253 δὸΥμῙ

2190 3281 2279 3336 διὰ
2294 3281 2393 3351 τῆς
2408 3280 2661 3342 ὑπονοίας
2674 3275 2875 3348 ταύτης
2892 3277 3368 3349 παραϐλαϐἡσεται
3384 3275 3502 3348 (48)
3513 3315 3526 3338 ,
3552 3277 3655 3329 κάν
3673 3273 3777 3344 (49)

2193 3373 2398 3443 ἀληθὴς
2429 3372 2457 3423 ὁ
2493 3371 2649 3441 λόγος
2673 3372 2705 3427 ὁ
2736 3371 2879 3426 κατὰ
2927 3370 3007 3427 σέ.
3056 3370 3119 3422 Εἰ
3156 3369 3265 3441 γὰρ
3317 3370 3522 3440 συνεχῆ
3574 3368 3688 3439 (50)
3725 3381 3779 3417 τε

2196 3465 2332 3537 πρὸς
2355 3464 2543 3517 ἑαυτὸν
2566 3465 2658 3515 καὶ
2682 3464 3041 3517 ἀδιάσπαστον
3060 3456 3199 3514 εἶναι
3222 3461 3312 3514 τὸν
3336 3462 3595 3530 οὐράνιον
3625 3459 3781 3512 πόλον

2199 3556 2276 3625 τῷ
2309 3555 2423 3625 ἰδίῳ
2444 3554 2626 3624 κύκλῳ
2658 3554 2834 3606 πάντα
2866 3554 3281 3624 ἐμπεριέχονταν
3308 3553 3404 3606 καὶ
3435 3556 3494 3606 ἐν
3523 3552 3603 3622 τῷ
3639 3552 3785 3623 μέσῳ

2199 3646 2296 3715 τὴν
2344 3646 2447 3715 γῆν
2497 3644 2591 3699 κα)¹
2636 3644 2705 3697 τὰ
2750 3645 2875 3714 περὶ
2919 3644 3086 3714 αὐτὴν
3132 3642 3473 3713 αἰωρεῖσθαι,
3517 3643 3614 3693 καὶ
3649 3641 3781 3693 πάν-

2200 3753 2307 3799 τως
2332 3736 2440 3806 (51)
2464 3735 2977 3806 κυκλοφορουμένων
3003 3735 3101 3803 τὴν
3125 3734 3339 3801 κίνησιν
3365 3733 3499 3802 περὶ
3525 3732 3586 3783 τὺ
3618 3727 3785 3790 ἑστὼς

2202 3829 2296 3881 καὶ
2328 3828 2522 3895 πάγιον
2554 3827 2829 3895 γίνεσθαι,
2861 3826 3070 3896 ἀνάγκη
3106 3827 3274 3888 πᾶσα,
3312 3826 3481 3893 φησιν
3513 3823 3653 3893 (5⁸2),
3683 3822 3784 3874 δτι-

2204 3935 2308 3989 περ
2338 3918 2403 3971 ἂν
2433 3919 2644 3986 ἑκάστῳ
2669 3917 2779 3985 (55)
2814 3918 2879 3969 ἐκ
2909 3917 3016 3969 τῶν
3047 3916 3321 3986 στοιχείων
3419 3915 3564 3968 κατὰ
3592 3914 3653 3967 τὸ
3679 3912 3785 3964 ἄνω

2202 4008 2303 4076 τῆς
2330 4009 2432 4076 γῆς
2473 4008 2639 4078 μέρος
2659 4046 2674 4071 ,
2705 4007 2861 4059 τοῦτο
2896 4007 3006 4075 (5.4)
3047 4006 3187 4059 κατά
3216 4006 3275 4058 τὸ
3308 4005 3689 4074 ἀντικείμενον
3714 3996 3785 4052 εἷ-

2204 4116 2313 4165 ναι,
2341 4101 2469 4170 μιᾶς
2488 4098 2587 4169 τῆς
2612 4101 2799 4163 οὐσίας
2822 4099 2933 4169 (55)
2955 4100 3072 4152 δλον
3102 4098 3270 4167 αὐτῆς
3300 4097 3389 4150 τὸν
3414 4098 3581 4166 δγκον
3613 4097 3670 4147 ἐν
3696 4093 3784 4145 κύ-

2207 4191 2319 4262 κλῳ
2364 4191 2740 4262 περιθεούσης.
2788 4192 2898 4245 Καὶ
2936 4192 3123 4262 ὥσπερ
3169 4191 3307 4261 ὑπὲρ
3354 4190 3468 4261 (56)
3504 4187 3600 4241 τος
3640 4184 3783 4255 ἡλίου

526 4286 729 4356 quippe
757 4298 883 4337 cum
912 4295 1020 4336 una
1075 4280 1379 4349 eademque
1435 4288 1630 4334 natura
1668 4280 1872 4335 circum
1934 4291 2084 4336 totan

2209 4284 2464 4352 φανέντος
2493 4284 2585 4337 ἐπὶ
2614 4286 2674 4336 τὸ
2704 4284 3059 4354 ὑποκείμενον
3090 4283 3255 4351 αὐτῆς
3288 4282 3581 4351 στρέφεται
3609 4278 3717 4349 (57)
3751 4276 3782 4342 ἠ

602 4468 712 4539 (55)
745 4467 1045 4539 Γίνεσθαι.
1140 4464 1364 4539 γίνεται.

603 4530 714 4608 (5ᾂ)
750 4530 1188 4608 ’ρνοσιιάζεσθᾳα
1286 4530 1625 4604 ὀνομάζεται.

763 4603 927 4678 Ἐγὼ.
964 4607 1001 4656 Β
1031 4603 1140 4678 ἐγὼ
1169 4603 1262 4678 δέ.Δ
1302 4673 1312 4678 _
1383 4603 1389 4604 ί
1535 4674 1546 4678 _
1653 4656 1669 4678 ζ

604 4673 718 4747 (56)
756 4676 1208 4747 Διεξελθούσης.
1240 4674 1278 4726 A
1302 4673 1353 4726 in
1379 4674 1621 4747 margine
1647 4673 1966 4747 διεξιούσης.

608 4744 717 4817 (57)
746 4746 1087 4814 Διέδρσμον.
1125 4744 1169 4797 Α
1198 4745 1250 4796 in
1273 4753 1422 4798 textu
1444 4745 1763 4813 ἀνέδραμον,
1791 4744 1845 4797 in
1863 4744 2106 4816 margine

535 4820 664 4889 ἔδρα
672 4836 788 4889 μον.

608 4836 664 4871 σα
712 4836 788 4873 ον.

608 4836 719 4959 (ὅὲ)
750 4882 939 4959 Elim:
966 4900 1031 4936 π.
1244 4883 1283 4933 Β
1309 4882 1443 4954 πρὸς
1469 4901 1518 4936 τ.
1542 4883 1658 4959 δᾏε.

610 4954 724 5026 (59)
754 4956 1018 5026 Δοχεῖον.
1036 4956 1099 5026 _A
1129 4954 1167 5005 Β
1197 4961 1527 5023 praenuttunt
1553 4956 1631 5018 εἷς
1653 4972 1726 5008 τι.

608 5017 722 5098 (40)
761 5017 870 5079 Κάῖ
895 5017 1214 5098 ήᾼδιδάσκξ
1242 5026 1310 5098 ⁸ιι]
1333 5035 1511 5098 textu.
1557 5017 1652 5077 καὶ
1687 5026 1734 5098 εἰ
1762 5021 1917 5098 δῇλος
1947 5017 1998 5098 εξ
2032 5023 2107 5098 μὴ

536 5093 677 5160 λίαν,
703 5093 758 5150 in
787 5096 1029 5166 I'nargine
1059 5097 1151 5148 κα).
1178 5098 1210 5164 ἠ
1236 5093 1548 5157 διδάσκαλος
1584 5094 1738 5164 φησὶ,
1762 5093 1929 5160 Δῆλος
1950 5093 1999 5145 εἰ
2035 5094 2107 5163 μὴ

540 5172 680 5227 λίαν.

612 5239 724 5303 (il)
757 5233 857 5308 ᾝ.
892 5235 932 5286 Β
956 5230 1024 5297 εἴ,
1061 5236 1150 5308 ubi
1185 5244 1237 5288 et
1260 5235 1419 5308 deest
1435 5251 1671 5308 sequens
1702 5234 1851 5302 φησί.

611 5310 727 5380 (42)
771 5306 1353 5380 ‘Artp.1£.lot:zégfat._A
1382 5306 1762 5358 ἐλλελοιπέναι.

612 5376 730 5445 (45)
768 5377 978 5432 Οὐδέν.
1009 5377 1053 5427 Δ
1086 5376 1205 5447 οὐδὲ
1230 5377 1359 5447 γάρ.

616 5449 726 5519 (ιιι
758 5447 947 5516 Πλὴν.
972 5447 1017 5500 A
1046 5445 1190 5519 saltv
1216 5445 1333 5519 τήν.

615 5511 728 5587 (45)
756 5511 951 5583 Εις’τὸ
990 5518 1048 5572 ἀ.
1097 5511 1196 5570 καὶ
1228 5511 1286 5571 ἀ.
1338 5519 1381 5569 Α
1416 5517 1457 5569 Β
1485 5517 1563 5578 εἰς
1606 5515 1667 5569 τὸ
1700 5511 1897 5582 ἀφανές
1935 5527 1992 5564 τε
2026 5512 2119 5565 καὶ

542 5592 717 5655 ἀειδὲς
745 5587 1142 5659 μεταχώρησιν.

2282 4466 2391 4537 (46)
2427 4463 2632 4521 Εἶπον.
2657 4464 2713 4537 Αᾲ
2740 4465 2886 4519 addit
2918 4459 3045 4537 ἐγὼ.

2204 4579 2210 4583 .
2283 4529 2396 4607 (47)
2443 4537 2546 4589 Ἑν
2569 4535 2729 4607 αὑτῴ
2758 4529 3069 4607 κάκείνων.
3094 4534 3139 4607 BV
3160 4532 3410 4607 κάκεῖνον
3433 4534 3491 4607 ὲν
3520 4529 3688 4607 αρτῷ.
3713 4530 3779 4607 lia

2211 4614 2266 4660 et
2286 4600 2330 4658 Α
2361 4600 2453 4676 qui
2486 4608 2540 4659 in
2562 4606 2807 4676 margine
2831 4607 3016 4671 habet,
3039 4606 3097 4657 ὲν
3124 4602 3301 4673 ἑαυτῷ
3332 4619 3387 4656 τε
3410 4605 3666 4657 κάκεῖνον
3690 4600 3779 4660 τὰς

2210 4675 2389 4745 ψυχὰς
2421 4675 2782 4745 πανδοκεύειν.

2284 4742 2393 4814 (ὶιὸ)
2422 4742 2968 4812 Παραϐλιιϐήσεται.
2997 4744 3039 4795 Β
3076 4742 3419 4815 παραϐληθῇ.

2285 4816 2396 4883 (49)
2429 4817 2572 4869 Κᾶν.
2603 4819 2647 4867 Α
2675 4816 2780 4866 Βεί
2814 4815 2940 4883 γάρ.

2286 4886 2395 4954 (50)
2427 4890 2495 4938 El
2519 4886 2625 4953 γὰρ
2651 4882 2906 4952 συνεχῆ.
2931 4884 2978 4934 Α
3004 4883 3061 4936 τὸ
3091 4882 3308 4954 συνεχῆ.

2287 4952 2397 5021 (51)
2424 4952 2683 5020 Πάντως.
2711 4956 2755 5006 Δ
2783 4955 2823 5006 Β
2845 4954 3059 5007 πάντων
3085 4952 3213 5008 τῶν.

2287 4959 2369 5021 (51
2424 4959 2683 5020 Πάντως.
2711 4959 2755 5006 Δ
2783 4959 2823 5006 Β
2845 4971 2865 5004 τ

2287 4959 2397 5093 (Si;
2431 5026 2646 5091 Φησίν.
2673 5026 2711 5077 Β
2739 5026 2865 5095 φῆς.

2289 5086 2421 5217 (55)ί
2447 5086 2711 5158 Ἐἒιάστῳ
2749 5086 2930 5149 delent
2966 5092 3011 5146 Α
3042 5091 3102 5147 Β.
3127 5093 3172 5147 Α
3208 5093 3262 5147 in
3309 5092 3551 5162 margine
3574 5086 3778 5155 ἑκάστῳ

2289 5183 2399 5217 ΟΓΙΞ
2425 5183 2520 5217 ων.

2222 5182 2520 5234 στοιχείων.

2292 5235 2403 5303 (54)
2435 5234 2628 5288 Τοῦτο.
2650 5236 2695 5286 Α
2721 5233 2877 5286 τοῦτο
2907 5233 3021 5287 καί.

2293 5302 2404 5373 (55)
2432 5307 2678 5370 Οὐσίας.
2713 5304 2759 5356 Α
2788 5304 2880 5358 καὶ
2918 5303 3016 5372 τῆς
3037 5302 3227 5372 αὐτῆς.

2442 5364 2651 5441 Ὑπέρξ
2668 5377 2712 5427 Α
2733 5375 2872 5445 ὑπὲρ
2890 5364 3066 5445 γῆςξη
3099 5364 3283 5439 testu;
3307 5373 3361 5427 in
3387 5371 3625 5441 margine
3651 5364 3781 5433 ὑπὲρ

2224 5441 2347 5515 γῆν,
2381 5441 2524 5514 quod
2561 5446 2701 5515 idem
2740 5441 2975 5498 Ιιιιὶὶιιιει
2996 5441 3056 5495 Β.

2296 5510 2412 5587 (57)
2436 5514 2769 5584 Στρέφεται.
2802 5517 2846 5568 Α
2877 5515 3155 5584 τρέπεται,
3174 5510 3214 5563 Β
3236 5512 3512 5583 τρέεεται.
