3950 6132
231 225 305 282 69
1329 213 1416 268 DE
1453 210 1669 269 ANIMA
1706 211 1796 267 ET
1837 208 2442 271 RESURRECTIONE.
3441 209 3506 269 7O

235 337 374 391 σκιὰ
401 335 489 390 τοῦ
520 333 897 404 σφαιροειδοῦς
936 332 1243 404 σχήματος,
1276 331 1337 384 οὗ
1374 331 1669 400 δυναμένου
1703 331 1824 384 κατ’

1932 328 2047 398 ejus
2077 329 2274 385 molem
2312 329 2520 384 feratur
2549 334 2714 398 atque
2735 328 3004 384 volvatur.
3040 327 3105 382 Et
3150 326 3501 398 quemadmo-

234 427 398 482 αὑτὸν
422 426 535 498 (58)
564 427 624 478 ὲν
654 425 839 494 κύκλῳ
873 421 1234 492 διαληφθῆναι
1263 422 1328 491 τῇ
1357 420 1455 489 τῆς
1488 420 1702 482 ἀκτῖνος
1732 436 1829 471 πε-

237 519 450 589 ριϐολῇ,
485 516 626 571 ἀλλὰ
654 515 795 569 κατὰ
824 516 1003 567 πᾶσαν
1032 513 1297 582 ἀνάγκην,
1329 510 1449 564 καθ’
1472 511 1611 575 ὅπερ
1634 511 1700 562 ἂν
1728 510 1828 580 τῆς

233 609 340 678 γῆς
374 613 543 679 μέρος
570 605 884 677 προσόἀλλῃ
913 603 1023 675 (59)
1053 604 1174 665 ταῖς
1202 603 1414 654 ἀκτῖσιν
1439 602 1467 654 ὁ
1492 600 1662 671 ἥλιος,
1688 600 1831 654 κατά

230 718 384 764 τινος
434 701 660 770 κέντρου
707 698 927 760 πάντως
963 697 1055 750 ἐπὶ
1100 696 1199 766 τῆς
1248 693 1481 765 σφαίρας
1525 692 1826 763 γινόμενος,

236 790 374 862 πρὸς
410 791 511 861 τὴν
544 789 654 858 (60)
691 789 913 842 εὐθεῖαν
938 787 1227 858 διάμετρον
1260 784 1404 839 κατά
1430 784 1489 836 τὸ
1516 784 1701 855 ἕτερον
1727 783 1828 836 πέ-

237 897 340 950 ρας
388 880 581 944 σκότος
621 879 808 931 ἔσται·
840 878 935 931 καὶ
980 876 1123 930 οὕτω
1155 875 1297 930 κατὰ
1341 875 1402 929 τὸ
1447 874 1713 945 διηνεκὲς,
1750 873 1829 945 τῷ

235 969 450 1041 ἡλιακῷ
469 971 654 1041 δρόμῳ
677 970 791 1041 (6|)
814 970 907 1022 ἐπὶ
927 970 987 1022 τὸ
1013 967 1383 1038 ἀντικείμενον
1402 970 1468 1039 τῇ
1492 967 1591 1037 τῆς
1615 969 1828 1030 ἀκτῖνος

237 1059 429 1131 εὶθείᾳ
466 1059 886 1132 συμπεριοδεύει
915 1059 974 1112 τὺ
999 1059 1210 1122 σκότος,
1253 1058 1394 1111 ὥστε
1433 1058 1574 1112 κατὰ
1605 1058 1663 1111 τὸ
1686 1052 1825 1125 ἶσον,

235 1152 329 1204 τόν
360 1168 419 1205 τε
452 1151 770 1222 ὑπέργειον,
808 1151 901 1204 καὶ
933 1151 1023 1203 τὸν
1068 1151 1320 1219 ὑπόγειον
1343 1149 1508 1203 τόπον
1534 1150 1636 1203 ἀνά
1665 1149 1829 1220 μέρος

236 1240 487 1309 γίνεσθαι
521 1243 577 1295 ἐν
624 1242 763 1309 φωτί
814 1257 873 1294 τε
927 1240 1020 1294 καὶ
1069 1241 1249 1293 σκότει
1289 1240 1433 1311 (6‘2)'
1465 1239 1635 1303 οὕτως
1684 1239 1827 1304 εἰκὸς

238 1332 333 1385 καὶ
374 1332 550 1386 τᾶλλα
589 1330 702 1401 (65)
740 1330 920 1384 πάντα
960 1331 1150 1401 ὅτιπερ
1187 1329 1252 1385 ἂν
1288 1330 1638 1401 στοιχειωδῶς
1667 1331 1724 1383 ὲν
1751 1329 1830 1400 τῷ

237 1422 361 1475 καθ’
399 1424 547 1493 ἡμᾶς
592 1422 938 1494 ἡμισφαιρίῳ
984 1422 1083 1493 τῆς
1115 1422 1219 1491 γῆς
1250 1422 1561 1492 θεωρεῖται,
1605 1421 1667 1474 τὸ
1700 1421 1829 1474 αὐτὸ

237 1515 333 1569 καὶ
379 1516 509 1584 περὶ
550 1515 611 1567 τὸ
659 1516 850 1584 ἕτερον
892 1510 1031 1567 εἶναι
1079 1514 1152 1585 μὴ
1184 1513 1562 1584 ἀμφιϐάλλειν.
1596 1516 1736 1578 Μιᾶς
1770 1514 1827 1567 δὲ

238 1607 336 1658 καὶ
361 1606 463 1675 τῆς
494 1605 668 1675 αὐτῆς
707 1604 877 1676 οὔσης
915 1606 1054 1659 κατά
1099 1606 1208 1658 πᾶν
1247 1604 1355 1675 (δι)
1387 1605 1485 1675 τῆς
1522 1605 1625 1675 γῆς
1662 1605 1828 1675 μέρος

239 1694 341 1763 τῆς
376 1694 484 1749 τῶν
516 1690 795 1765 στοιχείων
831 1695 1152 1766 περιϐολῆς,
1182 1694 1305 1748 οὔτε
1345 1695 1676 1764 ἀντιλέγειν,
1706 1695 1831 1749 οὒτε

243 1787 638 1858 συναγορεύειν
677 1783 831 1859 οἶμαι
866 1788 974 1842 δεῖν
999 1791 1111 1851 τοῖς
1142 1788 1271 1859 περὶ
1298 1786 1503 1840 τούτων
1537 1786 1829 1858 ἐνισταμέ-

239 1894 375 1940 νοις,
396 1877 473 1941 ὡς
494 1877 612 1931 δέον
641 1879 673 1948 ἢ
701 1880 911 1942 τοῦτον,
943 1879 977 1950 ἢ
1006 1878 1096 1932 τὸν
1125 1878 1478 1949 καταχθόνιον
1504 1878 1666 1930 τόπον
1695 1878 1844 1931 ἀποο·

237 1968 499 2038 τετάχθαι
531 1969 739 2023 οἴεσθαι
767 1972 889 2033 ταῖς
917 1969 1026 2023 τῶν
1059 1970 1327 2040 σωμάτων
1356 1968 1692 2032 ὲκλυθείσαις
1721 1969 1826 2038 ψυ-

236 2063 383 2130 χαξ.
413 2062 560 2125 Ἕως
590 2060 698 2132 γὰρ
725 2060 793 2114 ἂν
827 2060 902 2132 μὴ
926 2060 1253 2132 παρακινοίη
1285 2060 1347 2113 τὸ
1415 2059 1825 2131 προηγούμενον

235 2152 418 2222 δόγμα
449 2153 483 2223 ἡ
525 2151 771 2216 ἔνστασις
815 2151 1060 2222 περὶτοῦ
1100 2145 1235 2205 εἶναι
1275 2150 1412 2220 μετὰ
1436 2151 1534 2220 τὴν
1573 2150 1631 2202 ὲν
1662 2149 1825 2221 σαρκὶ

237 2242 388 2313 ζωὴν
420 2243 521 2305 τὰς
546 2242 743 2313 ψυχὰς,
768 2241 921 2295 οὐδὲν
960 2242 1088 2313 περ).
1124 2241 1288 2294 τόπου
1315 2241 1343 2292 ὁ
1386 2241 1645 2312 ἡμέτερος
1669 2240 1825 2309 λόγος

235 2330 681 2402 δεενεχθήσεται,
735 2331 897 2402 μόνον
924 2331 1035 2403 (65)
1080 2329 1346 2400 σωμάτων
1389 2331 1515 2384 ῑἱδιον
1549 2325 1686 2383 εἶναι
1728 2330 1824 2400 τὴν

236 2422 333 2474 ἐπὶ
361 2423 532 2476 τόπου
564 2422 714 2477 θέσιν
742 2421 1175 2493 καταλαμὸάνων
1195 2436 1211 2452 ⁸
1244 2421 1420 2492 ψυχὴν
1448 2422 1506 2475 δὲ
1533 2421 1826 2492 ἀσώματον

238 2509 425 2577 οὖσαν,
475 2513 747 2585 μηδεμίαν
790 2514 1034 2584 ἀνάγκην
1083 2512 1226 2584 ἔχειν
1269 2515 1333 2566 ἐκ
1380 2512 1593 2582 φύσεως
1644 2514 1829 2578 τόποις

239 2605 383 2658 τισὶν
422 2605 843 2676 ὲγκατὲχεσθαι.

1930 418 2058 471 dum
2088 434 2253 488 super
2284 427 2483 473 terram
2522 426 2813 488 apparente
2850 419 2985 482 sole,
3020 418 3085 472 ad
3118 418 3420 488 subiectam
3451 428 3501 471 et

1931 509 2201 564 infernam
2234 510 2355 579 ejus
2393 520 2602 581 partem
2655 510 2847 564 umbra
2882 517 3157 577 versatur,
3217 516 3502 579 propterea

1929 605 2074 677 quod
2136 606 2363 675 globosa
2404 604 2576 675 ﬁgura
2635 620 2743 658 non
2799 604 2971 674 possit
3013 604 3258 674 undique
3311 602 3501 658 eodem

1930 705 2179 768 tempore
2211 697 2278 752 ab
2315 697 2457 751 radii
2489 696 2737 766 amplexu
2769 696 3179 765 comprehendi,
3215 695 3309 750 secl
3348 709 3467 764 pror
3488 724 3504 735 -

1930 802 2026 843 sus
2045 802 2272 843 necesse
2299 794 2385 842 est
2418 793 2475 839 ut
2503 784 2567 839 ad
2591 799 2975 855 quamcunque
3003 793 3159 837 terrae
3192 790 3396 851 partem
3421 780 3501 836 sol

1930 881 2085 934 radio
2117 879 2447 941 admoverit,
2515 877 2569 931 in
2617 875 2855 947 quodam
2918 882 3119 944 puncto
3174 889 3401 944 prorsus
3445 873 3501 927 in

1931 968 2093 1039 globo
2136 976 2294 1025 terrae
2318 983 2563 1032 versans,
2598 966 2664 1020 ad
2699 978 2904 1021 rectam
2940 966 3142 1020 lineam
3202 964 3503 1020 demetien-

1931 1068 2064 1124 tem,
2112 1076 2234 1131 quae
2294 1060 2581 1130 διάμετρος
2611 1058 2849 1122 dicitur,
2890 1056 3035 1110 circa
3072 1056 3298 1110 alteram
3343 1064 3503 1111 terrae

1929 1153 2335 1209 extremitatem
2401 1151 2637 1206 tenebrae
2696 1150 2844 1214 sint;
2906 1156 3070 1217 atque
3110 1147 3184 1201 ita
3243 1156 3501 1217 perpetuo

1933 1258 2039 1295 una
2070 1257 2195 1296 cum
2239 1257 2406 1297 cursu
2441 1241 2605 1296 solari
2637 1254 2801 1309 supra
2834 1240 3139 1309 oppositam
3179 1246 3344 1291 rectae
3364 1238 3499 1292 radii

1931 1333 2089 1388 linem
2120 1340 2329 1402 partem
2362 1332 2602 1386 tenebrae
2637 1340 2921 1401 vagentur,
2956 1330 3091 1384 adeo
3124 1337 3183 1383 ut
3217 1330 3499 1399 aequabili-

1932 1433 2015 1479 ter
2046 1431 2099 1478 et
2133 1424 2348 1478 inferus
2370 1431 2423 1477 et
2453 1438 2684 1493 superus
2716 1430 2881 1477 terra:
2913 1423 3065 1475 locus
3121 1419 3353 1476 invicem
3384 1427 3498 1473 tum

1932 1514 2174 1569 tenebris
2197 1513 2442 1576 obducti,
2478 1520 2591 1567 tum
2634 1514 2757 1568 luce
2794 1511 3052 1567 illustrati
3114 1512 3263 1565 sint:
3298 1513 3370 1566 ita
3404 1527 3504 1582 par

1929 1612 1983 1661 et
2020 1615 2454 1665 consentaneum
2507 1614 2589 1661 est
2636 1621 2745 1660 non
2791 1605 3044 1659 dubitare
3094 1604 3392 1674 quinetiam
3444 1605 3499 1658 in

1931 1699 2146 1754 caeteris
2178 1700 2433 1755 omnibus
2472 1698 2838 1769 quodcunque
2878 1698 3038 1768 juxta
3100 1705 3352 1751 naturam
3386 1697 3498 1753 ele-

1926 1799 2240 1843 mentorum
2275 1790 2329 1843 in
2389 1797 2578 1844 nostro
2619 1789 3004 1860 hemisphaerio
3060 1795 3220 1843 terra:
3251 1789 3500 1843 animad-

1924 1882 2182 1948 vertitur,
2207 1881 2347 1936 idem
2379 1881 2545 1935 etiam
2574 1881 2629 1934 in
2659 1882 2830 1933 altero
2864 1894 3084 1949 quoque
3116 1878 3500 1948 bemisplizerio

1923 1972 2017 2027 sit.
2059 1972 2193 2043 Cum
2231 1980 2411 2026 autem
2455 1987 2552 2041 per
2581 1984 2796 2025 omnem
2835 1978 3042 2039 partem
3086 1976 3246 2023 terra:
3280 1984 3421 2025 unus
3447 1977 3501 2023 et

1923 2063 2064 2117 idem
2098 2063 2384 2132 amplexus
2422 2061 2816 2115 elementorum
2867 2059 2959 2126 sit,
3012 2074 3190 2129 neque
3227 2059 3500 2112 contradi-

1922 2151 2178 2215 eendum,
2246 2166 2423 2221 neque
2485 2150 2941 2220 patrocinandum
3004 2150 3243 2204 arbitror
3285 2150 3353 2203 iis
3405 2148 3499 2220 qui

1924 2241 2066 2296 hanc
2103 2241 2461 2311 quaestionem
2496 2247 2713 2311 urgent,
2746 2240 2891 2310 quod
2919 2248 3137 2311 Oportet
3186 2241 3501 2296 existimare

1924 2335 2007 2388 vel
2040 2335 2205 2399 hunc,
2237 2335 2319 2389 vel
2363 2334 2785 2389 subterraneum
2841 2334 3020 2388 locum
3072 2334 3402 2389 destinatum
3448 2343 3502 2388 et

1926 2425 2251 2479 attributum
2284 2441 2407 2481 esse
2428 2425 2628 2480 animis
2653 2439 2888 2494 corpore
2915 2424 3132 2479 solutis.
3158 2424 3292 2478 Nam
3326 2438 3501 2493 quan-

1935 2516 2027 2569 diu
2062 2517 2308 2585 urgendo
2341 2524 2394 2570 et
2425 2515 2681 2569 instando
2713 2514 3030 2584 primariam
3063 2516 3501 2583 praecipuamque

1932 2606 2260 2672 doctrinam,
2297 2621 2492 2675 nempe
2542 2605 2688 2674 quod
2723 2610 2844 2674 post
2878 2604 3040 2657 vitam
3082 2619 3203 2673 quae
3242 2605 3294 2657 in
3335 2617 3501 2658 carne

242 2696 481 2768 degitur,
526 2698 725 2753 animae
774 2699 909 2761 sint,
952 2706 1266 2769 pervertere
1302 2714 1367 2753 ac
1402 2697 1731 2753 labefactare
1768 2712 1877 2752 non
1918 2698 2228 2763 conabitur,
2282 2698 2487 2751 nullam
2528 2695 2596 2750 de
2651 2695 2771 2749 loco
2830 2693 3260 2748 controversiam
3313 2699 3499 2748 nostra

245 2790 486 2845 movebit
526 2793 727 2858 oratio,
765 2806 888 2862 quae
915 2805 1208 2860 corporum
1241 2792 1506 2846 duntaxat
1548 2792 1823 2862 propriam
1880 2805 2003 2846 esse
2038 2791 2091 2842 in
2120 2790 2239 2845 loco
2267 2789 2595 2860 positionem
2631 2787 3071 2859 comprehendit,
3104 2788 3341 2841 animam
3372 2802 3501 2843 vero

244 2897 363 2952 quze
402 2883 730 2953 incorporea
768 2883 860 2946 sit,
893 2883 1037 2937 nulla
1068 2891 1277 2937 natura:
1308 2883 1637 2938 necessitate
1675 2882 1843 2938 certis
1881 2880 2209 2954 quibusdam
2244 2882 2384 2937 locis
2412 2880 2670 2936 detineri.

312 2975 376 3029 Γ.
407 2975 475 3027 Τί
509 2969 621 3039 οὖν,
662 2967 837 3040 εἷπον,
884 2973 932 3027 εί
970 2972 1061 3026 τὸν
1105 2972 1428 3028 Ἀπόστολον
1455 2975 1483 3027 ὁ
1524 2973 1821 3043 ἀντιλέγων

1998 2973 2062 3029 G.
2100 2975 2457 3049 Quidiaitur,
2482 2982 2726 3050 inquam,
2746 2974 3127 3045 siApostolum
3158 2977 3505 3035 adversarius

253 3066 617 3138 προῦἁλλοιτο
647 3064 783 3135 (66),
817 3066 996 3119 πᾶσαν
1027 3064 1255 3134 λέγοντα
1283 3065 1383 3135 τὴν
1412 3065 1635 3135 λογικὴν
1652 3065 1827 3119 κτίσιν

1932 3065 2215 3135 producat,
2251 3065 2522 3120 dicentem
2557 3067 2702 3136 quod
2738 3068 2917 3123 omnis
2951 3077 3206 3123 creatura
3234 3071 3507 3142 particeps

251 3163 305 3212 ἐν
335 3162 401 3229 τῇ
435 3158 530 3211 τοῦ
553 3158 753 3221 παντὸς
782 3158 1224 3212 ἀποκαταστάσει
1247 3158 1383 3229 πρὸς
1410 3157 1500 3211 τὸν
1515 3157 1610 3210 τοῦ
1631 3157 1829 3221 παντὸς

248 3251 614 3322 ἐξηγούμενον
651 3248 895 3319 βλέπειν,
926 3252 983 3302 ὲν
1016 3238 1096 3312 οἷς
1124 3248 1234 3319 (67)
1280 3248 1648 3319 καταχθονίων
1692 3267 1828 3320 μνη·

252 3342 468 3413 μονεύει
497 3339 659 3394 τινῶν
685 3340 753 3393 δι’
796 3338 1117 3409 Ἐπιστολῆς
1157 3339 1293 3410 πρὸς
1326 3337 1723 3409 Φιλιππησίους
1753 3338 1830 3390 εἰ·

252 3435 363 3488 πὼν
382 3454 395 3466 ·
420 3436 507 3489 ὅτι
530 3432 688 3503 Αὐτῷ
708 3434 816 3487 πᾶν
843 3432 968 3501 γόνυ
995 3430 1200 3502 κάμψει
1230 3431 1567 3503 ἐπουρανίων
1593 3431 1686 3483 καὶ
1713 3431 1831 3484 ἐπι-

249 3528 409 3595 γείων
444 3526 541 3579 καὶ
569 3523 963 3594 καταχθονίωνς
985 3553 1055 3562 —-
1074 3524 1147 3576 M.
1182 3521 1581 3593 Ἐπιμενοῦμεν
1612 3521 1688 3593 τῷ
1715 3521 1829 3590 δόγ-

251 3638 401 3690 ματι,
426 3618 643 3688 φησὶνή
663 3616 1005 3680 διδάσκαλος,
1026 3615 1127 3669 κᾶν
1151 3614 1320 3669 ταῦτα
1341 3615 1610 3684 λεγόντων
1622 3615 1830 3669 ἀκούω-

253 3728 370 3781 μεν,
402 3712 534 3781 περὶ
560 3709 741 3780 μέντοι
760 3708 875 3779 (68)
910 3707 1002 3761 τοῦ
1022 3703 1279 3777 εἶναιτὴν
1302 3707 1480 3777 ψυχὴν
1511 3706 1716 3760 καὶτὸν
1744 3708 1831 3761 ἁν-

250 3803 529 3871 τιλέγοντα
562 3801 853 3872 σύμψηφον
874 3800 1110 3870 ἔχοντες,
1138 3800 1266 3870 περὶ
1286 3800 1453 3852 τόπου
1483 3798 1620 3871 (69),
1648 3798 1830 3861 καθὼς

250 3897 305 3946 ἐν
337 3896 450 3956 τοῖς
480 3893 747 3961 φθάσασιν
774 3893 1011 3963 εἴρηται,
1032 3894 1131 3947 ούκ
1151 3891 1518 3962 ἐνιστάμενοι.
1540 3921 1608 3930 —
1624 3891 1683 3944 Γ.
1705 3891 1830 3952 Τοῖς

251 3981 339 4037 οὖν
363 3983 733 4053 ἐπιζητοῦσιν,
765 3979 939 4048 εἷπον,
969 3984 1070 4054 τὴν
1102 3984 1465 4054 ἀποστολικὴν
1506 3984 1619 4055 (70)
1656 3984 1714 4036 ἐν
1760 3986 1827 4055 τῇ

253 4080 398 4147 φωνῇ
439 4076 617 4148 ταύτῃ
647 4075 759 4145 (71)
792 4074 1048 4141 διάνοιαν,
1080 4073 1132 4127 τί
1155 4073 1218 4127 ἄν
1250 4092 1333 4139 τις
1370 4074 1520 4146 εἴπῃ,
1552 4074 1709 4143 εἴπερ
1733 4072 1831 4140 τῆς

1930 3155 2161 3210 rationis
2180 3156 2231 3209 in
2252 3157 2976 3214 restitutioneuniversitatis
2988 3158 3273 3228 praasidem
3290 3162 3507 3218 univer-

1931 3259 2117 3299 sarum
2155 3261 2335 3300 rerum
2377 3247 2735 3301 observatura
2767 3247 2839 3302 sit
2878 3267 2891 3302 :
2924 3249 3012 3302 ubi
3039 3249 3202 3303 etiam
3231 3250 3505 3306 subterra-

1932 3353 2161 3391 neorum
2191 3339 2576 3392 nonnullormn
2608 3322 2849 3409 Epistola
2878 3340 2943 3394 ad
2987 3340 3361 3410 l’bilippenses
3394 3357 3504 3397 me-

1928 3429 2088 3484 minit
2102 3430 2184 3484 his
2201 3431 2408 3485 verbis:
2430 3429 2446 3482 Ι
2455 3434 2535 3500 psi
2555 3447 2716 3485 omne
2732 3448 2873 3502 genu
2889 3432 3154 3497 ﬂectetur,
3173 3434 3504 3501 caelestium,

1932 3523 2274 3577 terrestrium
2292 3533 2345 3577 et
2362 3524 2845 3578 subterraneorum
2864 3523 3033 3577 Y—M.
3054 3523 3504 3580 Permauebimus

1930 3630 1993 3669 ac
2016 3615 2505 3684 perseverabimus,
2531 3616 2707 3686 inquit
2727 3617 3008 3687 magistra,
3034 3616 3086 3669 in
3117 3628 3267 3670 certa
3292 3617 3504 3673 stabili-

1931 3721 2034 3777 que
2054 3707 2342 3770 sententia,
2362 3708 2575 3763 ctiamsi
2593 3707 2879 3763 audiamus
2897 3709 3010 3763 haec
3025 3708 3290 3775 dicentes,
3305 3708 3507 3780 quippe

1931 3814 2056 3855 cum
2088 3800 2155 3856 de
2182 3816 2247 3855 eo
2271 3802 2488 3870 quidem
2522 3802 2667 3870 quod
2698 3803 2878 3856 anima
2919 3804 3014 3867 sit,
3041 3805 3204 3857 ctiam
3241 3803 3505 3859 adversa-
3596 3808 3599 3809 ⁷

1929 3890 2071 3944 rium
2115 3890 2539 3945 concordantem
2571 3900 2626 3947 et
2663 3893 3052 3949 assentientem
3088 3895 3405 3959 habeamus,
3437 3894 3506 3951 de

1932 3979 2055 4034 loco
2079 3989 2261 4035 autem
2294 3981 2387 4035 ubi
2415 3991 2699 4035 versatura
2736 3984 2825 4048 sit,
2867 3983 3010 4036 sicut
3042 3983 3093 4035 in
3128 3983 3505 4053 superioribus

1931 4056 2138 4125 dictum
2172 4080 2286 4135 est,
2328 4087 2435 4125 non
2466 4087 2850 4141 repugnemus.
2882 4100 2951 4109 —
2979 4069 3044 4125 G.‘
3079 4071 3217 4137 Quid
3241 4088 3372 4143 ergo
3410 4089 3502 4127 re-

252 4170 482 4238 τδπικῆς
503 4168 782 4238 σημασίας
803 4167 1121 4237 ἁποκινοίης
1138 4166 1248 4236 (72)
1266 4167 1365 4236 τὴν
1387 4165 1531 4232 λέξιν
1549 4183 1562 4228 ;
1578 4194 1645 4203 -
1661 4166 1736 4218 Μ.
1763 4164 1826 4218 ’Π

1932 4164 2300 4232 quirentibus,
2332 4164 2576 4233 inquam,
2620 4164 2976 4234 apostolicam
3000 4161 3055 4218 in
3092 4167 3191 4220 hac
3222 4182 3355 4222 voce
3380 4182 3505 4221 sen-

253 4261 324 4326 δὲ,
356 4260 433 4316 0‘5
464 4278 554 4331 μοι
583 4260 752 4323 δοκεῖ,
774 4259 959 4330 φησὶν,
991 4261 1019 4312 ὁ
1046 4258 1187 4322 θεῖος
1227 4256 1824 4321 ’Λπόστολος,τοπικῶς

1936 4258 2161 4312 tentiam
2195 4257 2395 4327 aliquis
2424 4257 2647 4323 dixerit,
2680 4272 2745 4310 an
2778 4257 2922 4328 quod
2964 4256 3157 4311 attinet
3187 4258 3252 4312 ad
3291 4258 3393 4312 loci
3426 4259 3503 4313 si-

251 4351 343 4422 τὴν
373 4351 565 4421 ωεράν
612 4349 901 4420 διακρίνων
932 4349 1137 4414 οὐσίαν,
1166 4347 1227 4400 τὸ
1254 4348 1352 4417 μὲν
1384 4347 1720 4418 ἐπουράνιον,
1769 4344 1827 4397 τὸ

1932 4348 2363 4418 gnilicationem,
2389 4349 2685 4405 dictionem
2712 4352 3020 4405 removeat?
3039 4349 3202 4405 —'M.
3224 4349 3317 4405 illa
3338 4367 3500 4407 vero:

252 4443 305 4496 δὲ
334 4443 605 4510 ἐπίγειον,
636 4440 697 4493 τὸ
731 4441 788 4493 δὲ
822 4439 1179 4510 καταχθόνιον
1213 4439 1476 4511 ὀνομάσαι
1507 4438 1640 4511 (75).
1684 4437 1823 4491 Ἀλλ’

253 4534 439 4607 ἐπειδὴ
471 4536 621 4607 τρεῖς
668 4533 768 4604 τῆς
812 4532 1035 4602 λογικῆς
1073 4532 1285 4601 φύσεώς
1318 4533 1425 4585 εἱσι
1465 4533 1824 4604 καταστάσεις

253 4627 381 4694 ἡμῖν
426 4624 565 4693 (74),
618 4620 679 4687 ἐξ
718 4623 893 4693 ἀρχῆς
925 4621 1024 4692 τὴν
1065 4621 1357 4693 ἀσώματον
1401 4622 1659 4692 λαχοῦσαι
1715 4621 1822 4692 (75)

255 4700 416 4787 ζωὴν,
431 4716 498 4786 ἣν
524 4714 821 4785 ἀγγελικὴν
845 4713 1181 4785 ὀνομάζομεν
1203 4731 1215 4743 ·
1248 4715 1281 4783 ή
1299 4713 1355 4767 δὲ
1371 4714 1506 4786 πρὸς
1527 4713 1625 4785 τὴν
1648 4714 1824 4785 σάρκα

309 4861 424 4931 (58)
454 4862 592 4915 Κατ’
617 4864 822 4916 αὐτόν.
854 4863 898 4914 Α
928 4861 1070 4916 κατὰ
1094 4863 1309 4917 ταύτόν.

308 4931 423 5005 (59)
456 4932 842 5005 Προσϐᾀλλῃ.
871 4935 916 4984 Α
938 4933 984 5005 Β
1013 4934 1314 5005 προσϐάλῃ.

309 5003 422 5074 (βέ’)
456 5003 617 5074 Πρρς
631 5001 765 5074 τῆνο
793 5004 847 5074 B.
866 5003 960 5074 ἐπὶ
981 5001 1098 5074 “vii?-

243 5071 423 5194 60(61)
484 5070 571 5137 Τῷ
625 5070 856 5141 ἡλιακῷ
911 5070 1126 5143 δρόμῳ.
1191 5073 1231 5125 Β
1272 5072 1412 5126 κατὰ
1454 5073 1813 5145 τὶνοὴλιακὸν

338 5159 458 5194 μον.

337 5159 458 5212 μον.

310 5210 421 5283 (62)
451 5214 682 5267 Σκότει.
710 5213 754 5265 Α
776 5220 831 5283 et
861 5210 1125 5283 Βίσκότῳ.

312 5280 420 5351 (65)
455 5283 676 5338 Τᾶλλα.
716 5283 759 5334 Α
784 5282 852 5334 τὰ
875 5280 1026 5335 ἄλλα.

309 5353 420 5423 (δι)
442 5354 599 5407 Πᾶν.
623 5353 664 5404 B
697 5352 891 5406 πάντα.
1086 5422 1089 5423 ί
1576 5416 1581 5421 ἢ

308 5422 419 5495 (65)
443 5425 670 5495 Moror,
707 5424 746 5474 Β
779 5423 1051 5495 μόνων,-Λ
1080 5422 1130 5475 in
1159 5424 1402 5495 margine
1426 5424 1620 5495 μόνων.

302 5492 420 5564 (66)
449 5492 881 5564 Προϐᾀλλοιτο.
912 5493 962 5564 A_
987 5492 1027 5542 Β
1051 5492 1389 5564 προϐάλοιτο.

300 5559 413 5636 (67)
453 5559 555 5618 Ἐν
587 5559 699 5630 οἷς.
740 5565 782 5615 Α
820 5564 879 5614 ὲν
908 5559 987 5627 οἷς
1019 5559 1126 5615 καί.

1933 4437 2051 4492 Νοη
2085 4439 2302 4493 videtur
2351 4440 2482 4494 mihi
2535 4439 2781 4509 divinus,
2830 4440 3024 4510 inquit,
3075 4442 3373 4511 Apostolus
3413 4457 3502 4495 ra-

1932 4535 2083 4589 tione
2101 4536 2204 4590 loci
2240 4544 2492 4591 naturam
2524 4546 2705 4592 mente
2726 4549 2888 4607 atque
2918 4538 3273 4607 intelligentia
3305 4537 3498 4607 przedi-

1935 4636 2043 4680 tam
2069 4626 2391 4682 discernens
2416 4636 2579 4697 atque
2603 4628 2969 4698 distinguens,
2992 4630 3135 4683 aliud
3156 4627 3372 4696 quidem
3390 4642 3500 4682 cm-

1932 4715 2088 4782 leste,
2115 4716 2259 4771 aliud
2289 4732 2416 4772 vero
2445 4725 2722 4782 terrestre,
2748 4719 2893 4773 aliud
2926 4719 3051 4774 item
3082 4719 3497 4774 subterraneum

1990 4865 2102 4938 (68)
2122 4866 2360 4938 Μέντοι.
2384 4868 2428 4921 Α
2453 4867 2569 4938 μέν.

1986 4936 2099 5010 (69)
2134 4937 2273 5010 Περὶ
2292 4936 2502 5010 armati.
2521 4941 2567 4992 A
2599 4939 2726 5010 περ).
2751 4939 2806 4992 δὲ
2832 4936 2924 4992 τοῦ
2942 4938 3104 4991 τόπου
3136 4939 3269 4991 ὅπου
3286 4939 3487 5005 καθὼς.

1858 5064 1861 5065 ν
1916 5003 1958 5057 Β
1987 5003 2172 5061 itidem
2212 5003 2379 5061 liabet
2407 5009 2484 5062 δέ.

1989 5076 2100 5147 (70)
2142 5076 2589 5142 Ἀποστολικήν.
2634 5077 2674 5131 Β
2702 5075 2982 5147 praemittit
3014 5077 3205 5147 αὐτήν.

1985 5146 2098 5216 (7i)
2127 5148 2336 5215 Ταύτῃ.
2365 5148 2403 5198 Β
2430 5147 2653 5216 ταύτην.
2704 5146 2711 5147 ί
2948 5215 2955 5216 ί
3028 5167 3033 5171 “

1988 5215 2101 5286 (72⁷)
2150 5217 2534 5283 Ἀποκινοίης.
2564 5215 2610 5269 Α
2635 5217 2685 5286 Β
2710 5215 3014 5286 ἀποκινοῐη.

1988 5287 2103 5353 (75)
2147 5287 2522 5355 Ὠνόμασται.
2549 5286 2592 5337 Β
2620 5285 2903 5354 ὀνομάσαι.

2144 5356 2333 5435 ’ΔΗμῖφξ
2369 5356 2409 5409 Β
2436 5356 2553 5435 Anii
2575 5355 2694 5434 μένζ

1992 5423 2106 5496 (75)
2134 5423 2461 5503 ᾼάχοῦσιιι.
2486 5423 2800 5503 Βλαχούσα,
2825 5424 2864 5477 Δ
2883 5425 2935 5482 in
2955 5433 3104 5483 textu
3121 5424 3376 5502 τδάσώμ-
3396 5446 3484 5485 τινι

1918 5493 2138 5568 ἔχουσα,
2167 5493 2500 5566 ili—margine
2529 5493 2788 5564 λαχοῦσα.
