  <div class='ocr_page' id='page_1' title='image "/cluster/home/n/w/nwhite01/storage/ocr_20150623/46/mdp.39015011915447/043.png"; bbox 0 0 3950 6132; ppageno 0'>
   <div class='ocr_carea' id='block_1_1' title="bbox 460 253 2036 351">
    <p class='ocr_par' dir='ltr' id='par_1_1' title="bbox 460 253 2036 343">
     <span class='ocr_line' id='line_1_1' title="bbox 460 253 2036 343; baseline -0.004 0"><span class='ocrx_word' id='word_1_1' title='bbox 460 286 524 343; x_wconf 84' lang='grc'><strong>71</strong></span> <span class='ocrx_word' id='word_1_2' title='bbox 867 253 873 259; x_wconf 68' lang='grc'><em>’</em></span> <span class='ocrx_word' id='word_1_3' title='bbox 1786 282 1848 343; x_wconf 89' lang='lat' dir='ltr'><strong>s.</strong></span> <span class='ocrx_word' id='word_1_4' title='bbox 1876 282 2036 340; x_wconf 78' lang='lat' dir='ltr'><strong>GREt</strong></span> 
     </span>
    </p>
   </div>
   <div class='ocr_carea' id='block_1_2' title="bbox 2141 253 3693 351">
    <p class='ocr_par' dir='ltr' id='par_1_2' title="bbox 2141 281 3693 351">
     <span class='ocr_line' id='line_1_2' title="bbox 2141 281 3693 351; baseline 0.01 -15"><span class='ocrx_word' id='word_1_5' title='bbox 2141 281 2208 337; x_wconf 82' lang='lat' dir='ltr'><strong>lll</strong></span> <span class='ocrx_word' id='word_1_6' title='bbox 2245 281 2543 339; x_wconf 77' lang='lat' dir='ltr'><strong>NYSSENI</strong></span> <span class='ocrx_word' id='word_1_7' title='bbox 3629 294 3693 351; x_wconf 74' lang='lat'><strong>7?.</strong></span> 
     </span>
    </p>
   </div>
   <div class='ocr_carea' id='block_1_3' title="bbox 462 398 2036 476">
    <p class='ocr_par' dir='ltr' id='par_1_3' title="bbox 462 398 2036 471">
     <span class='ocr_line' id='line_1_3' title="bbox 462 398 2036 471; baseline -0.004 -11"><span class='ocrx_word' id='word_1_8' title='bbox 462 400 800 460; x_wconf 84' lang='lat' dir='ltr'><strong>nominasse.</strong></span> <span class='ocrx_word' id='word_1_9' title='bbox 825 398 932 456; x_wconf 85' lang='lat' dir='ltr'><strong>Sed</strong></span> <span class='ocrx_word' id='word_1_10' title='bbox 970 398 1229 470; x_wconf 89' lang='lat' dir='ltr'><strong>quoniam</strong></span> <span class='ocrx_word' id='word_1_11' title='bbox 1275 406 1483 455; x_wconf 75' lang='lat' dir='ltr'><strong>natura:</strong></span> <span class='ocrx_word' id='word_1_12' title='bbox 1528 400 1743 455; x_wconf 85' lang='lat' dir='ltr'><strong>ratione</strong></span> <span class='ocrx_word' id='word_1_13' title='bbox 1798 400 2036 471; x_wconf 69' lang='lat' dir='ltr'><strong>prmtlitat</strong></span> 
     </span>
    </p>
   </div>
   <div class='ocr_carea' id='block_1_4' title="bbox 2141 398 3699 476">
    <p class='ocr_par' dir='ltr' id='par_1_4' title="bbox 2147 398 3699 476">
     <span class='ocr_line' id='line_1_4' title="bbox 2147 398 3699 476; baseline 0.006 -21"><span class='ocrx_word' id='word_1_14' title='bbox 2147 400 2640 472; x_wconf 81' lang='grc' dir='ltr'><strong>συμπεπλεγμένην</strong></span> <span class='ocrx_word' id='word_1_15' title='bbox 2681 399 2794 474; x_wconf 87' lang='grc'>(76)</span> <span class='ocrx_word' id='word_1_16' title='bbox 2826 398 3170 472; x_wconf 77' lang='grc' dir='ltr'><strong>ἀνθρωπίνην</strong></span> <span class='ocrx_word' id='word_1_17' title='bbox 3206 402 3413 474; x_wconf 61' lang='grc' dir='ltr'>φαμέν</span> <span class='ocrx_word' id='word_1_18' title='bbox 3457 405 3491 476; x_wconf 78' lang='grc' dir='ltr'><strong>ἠ</strong></span> <span class='ocrx_word' id='word_1_19' title='bbox 3526 405 3583 461; x_wconf 81' lang='grc' dir='ltr'>δὲ</span> <span class='ocrx_word' id='word_1_20' title='bbox 3617 408 3699 466; x_wconf 71' lang='grc' dir='ltr'><strong>διὰ</strong></span> 
     </span>
    </p>
   </div>
   <div class='ocr_carea' id='block_1_5' title="bbox 461 490 2038 560">
    <p class='ocr_par' dir='ltr' id='par_1_5' title="bbox 461 490 2038 560">
     <span class='ocr_line' id='line_1_5' title="bbox 461 490 2038 560; baseline -0.001 -13"><span class='ocrx_word' id='word_1_21' title='bbox 461 500 577 547; x_wconf 87' lang='lat' dir='ltr'><strong>tres</strong></span> <span class='ocrx_word' id='word_1_22' title='bbox 632 498 812 547; x_wconf 89' lang='lat' dir='ltr'><strong>status</strong></span> <span class='ocrx_word' id='word_1_23' title='bbox 844 498 1008 560; x_wconf 87' lang='lat' dir='ltr'><strong>atque</strong></span> <span class='ocrx_word' id='word_1_24' title='bbox 1060 490 1402 550; x_wconf 84' lang='lat' dir='ltr'><strong>conditiones</strong></span> <span class='ocrx_word' id='word_1_25' title='bbox 1446 500 1617 545; x_wconf 89' lang='lat' dir='ltr'><strong>sunt:</strong></span> <span class='ocrx_word' id='word_1_26' title='bbox 1654 504 1762 545; x_wconf 92' lang='lat' dir='ltr'><strong>una</strong></span> <span class='ocrx_word' id='word_1_27' title='bbox 1795 491 2038 560; x_wconf 86' lang='lat' dir='ltr'><strong>quidem,</strong></span> 
     </span>
    </p>
   </div>
   <div class='ocr_carea' id='block_1_6' title="bbox 460 580 2042 652">
    <p class='ocr_par' dir='ltr' id='par_1_6' title="bbox 460 580 2042 652">
     <span class='ocr_line' id='line_1_6' title="bbox 460 580 2042 652; baseline -0.001 -15"><span class='ocrx_word' id='word_1_28' title='bbox 460 583 550 638; x_wconf 91' lang='lat' dir='ltr'><strong>cui</strong></span> <span class='ocrx_word' id='word_1_29' title='bbox 580 583 653 637; x_wconf 89' lang='lat' dir='ltr'><strong>ab</strong></span> <span class='ocrx_word' id='word_1_30' title='bbox 687 582 844 637; x_wconf 88' lang='lat' dir='ltr'><strong>initio</strong></span> <span class='ocrx_word' id='word_1_31' title='bbox 875 581 986 635; x_wconf 79' lang='lat' dir='ltr'><strong>vita</strong></span> <span class='ocrx_word' id='word_1_32' title='bbox 1018 582 1287 652; x_wconf 80' lang='lat' dir='ltr'><strong>contingit</strong></span> <span class='ocrx_word' id='word_1_33' title='bbox 1314 580 1644 651; x_wconf 90' lang='lat' dir='ltr'><strong>incorporea</strong></span> <span class='ocrx_word' id='word_1_34' title='bbox 1671 594 1834 651; x_wconf 89' lang='lat' dir='ltr'><strong>quam</strong></span> <span class='ocrx_word' id='word_1_35' title='bbox 1875 594 2042 651; x_wconf 84' lang='lat' dir='ltr'><strong>ange-</strong></span> 
     </span>
    </p>
   </div>
   <div class='ocr_carea' id='block_1_7' title="bbox 460 672 2040 741">
    <p class='ocr_par' dir='ltr' id='par_1_7' title="bbox 460 672 2040 741">
     <span class='ocr_line' id='line_1_7' title="bbox 460 672 2040 741; baseline -0.002 -11"><span class='ocrx_word' id='word_1_36' title='bbox 460 675 624 731; x_wconf 82' lang='lat' dir='ltr'><strong>licam</strong></span> <span class='ocrx_word' id='word_1_37' title='bbox 651 673 1032 741; x_wconf 84' lang='lat' dir='ltr'><strong>nominamus;</strong></span> <span class='ocrx_word' id='word_1_38' title='bbox 1065 672 1235 726; x_wconf 84' lang='lat' dir='ltr'><strong>altera</strong></span> <span class='ocrx_word' id='word_1_39' title='bbox 1268 687 1399 727; x_wconf 89' lang='lat' dir='ltr'><strong>vero</strong></span> <span class='ocrx_word' id='word_1_40' title='bbox 1426 686 1551 726; x_wconf 93' lang='lat' dir='ltr'><strong>cum</strong></span> <span class='ocrx_word' id='word_1_41' title='bbox 1582 686 1750 727; x_wconf 83' lang='lat' dir='ltr'><strong>carne</strong></span> <span class='ocrx_word' id='word_1_42' title='bbox 1783 679 2040 728; x_wconf 88' lang='lat' dir='ltr'><strong>conserta</strong></span> 
     </span>
    </p>
   </div>
   <div class='ocr_carea' id='block_1_8' title="bbox 462 760 2041 835">
    <p class='ocr_par' dir='ltr' id='par_1_8' title="bbox 462 760 2041 835">
     <span class='ocr_line' id='line_1_8' title="bbox 462 760 2041 835; baseline -0.003 -16"><span class='ocrx_word' id='word_1_43' title='bbox 462 771 627 835; x_wconf 90' lang='lat' dir='ltr'><strong>atque</strong></span> <span class='ocrx_word' id='word_1_44' title='bbox 654 778 922 828; x_wconf 79' lang='lat' dir='ltr'><strong>connexa,</strong></span> <span class='ocrx_word' id='word_1_45' title='bbox 947 776 1111 832; x_wconf 91' lang='lat' dir='ltr'><strong>quam</strong></span> <span class='ocrx_word' id='word_1_46' title='bbox 1144 762 1438 816; x_wconf 83' lang='lat' dir='ltr'><strong>humanam</strong></span> <span class='ocrx_word' id='word_1_47' title='bbox 1491 760 1763 831; x_wconf 88' lang='lat' dir='ltr'><strong>dicimus;</strong></span> <span class='ocrx_word' id='word_1_48' title='bbox 1801 761 1908 816; x_wconf 89' lang='lat' dir='ltr'><strong>alia</strong></span> <span class='ocrx_word' id='word_1_49' title='bbox 1941 776 2041 816; x_wconf 90' lang='lat' dir='ltr'><strong>au-</strong></span> 
     </span>
    </p>
   </div>
   <div class='ocr_carea' id='block_1_9' title="bbox 460 851 2039 927">
    <p class='ocr_par' dir='ltr' id='par_1_9' title="bbox 460 851 2039 927">
     <span class='ocr_line' id='line_1_9' title="bbox 460 851 2039 927; baseline -0.003 -15"><span class='ocrx_word' id='word_1_50' title='bbox 460 865 569 913; x_wconf 86' lang='lat' dir='ltr'><strong>tem</strong></span> <span class='ocrx_word' id='word_1_51' title='bbox 598 871 697 927; x_wconf 90' lang='lat' dir='ltr'><strong>per</strong></span> <span class='ocrx_word' id='word_1_52' title='bbox 731 863 962 911; x_wconf 89' lang='lat' dir='ltr'><strong>mortem</strong></span> <span class='ocrx_word' id='word_1_53' title='bbox 986 868 1015 907; x_wconf 91' lang='lat' dir='ltr'><strong>a</strong></span> <span class='ocrx_word' id='word_1_54' title='bbox 1052 853 1370 909; x_wconf 87' lang='lat' dir='ltr'><strong>carnalibus</strong></span> <span class='ocrx_word' id='word_1_55' title='bbox 1415 852 1690 908; x_wconf 89' lang='lat' dir='ltr'><strong>absoluta.</strong></span> <span class='ocrx_word' id='word_1_56' title='bbox 1713 851 1846 919; x_wconf 66' lang='lat' dir='ltr'><strong>Quae</strong></span> <span class='ocrx_word' id='word_1_57' title='bbox 1870 866 1960 908; x_wconf 90' lang='lat' dir='ltr'><strong>res</strong></span> <span class='ocrx_word' id='word_1_58' title='bbox 1983 853 2039 907; x_wconf 91' lang='lat' dir='ltr'><strong>in</strong></span> 
     </span>
    </p>
   </div>
   <div class='ocr_carea' id='block_1_10' title="bbox 459 944 2041 1015">
    <p class='ocr_par' dir='ltr' id='par_1_10' title="bbox 459 944 2041 1015">
     <span class='ocr_line' id='line_1_10' title="bbox 459 944 2041 1015; baseline -0.001 -12"><span class='ocrx_word' id='word_1_59' title='bbox 459 947 753 1003; x_wconf 85' lang='lat' dir='ltr'><strong>animabus</strong></span> <span class='ocrx_word' id='word_1_60' title='bbox 809 946 1296 1009; x_wconf 77' lang='lat' dir='ltr'><strong>animadvertitur,</strong></span> <span class='ocrx_word' id='word_1_61' title='bbox 1331 944 1437 999; x_wconf 87' lang='lat' dir='ltr'><strong>hoc</strong></span> <span class='ocrx_word' id='word_1_62' title='bbox 1467 945 1689 1015; x_wconf 85' lang='lat' dir='ltr'><strong>opinor,</strong></span> <span class='ocrx_word' id='word_1_63' title='bbox 1747 944 2041 1001; x_wconf 87' lang='lat' dir='ltr'><strong>altitudine</strong></span> 
     </span>
    </p>
   </div>
   <div class='ocr_carea' id='block_1_11' title="bbox 460 1036 2040 1111">
    <p class='ocr_par' dir='ltr' id='par_1_11' title="bbox 460 1036 2040 1111">
     <span class='ocr_line' id='line_1_11' title="bbox 460 1036 2040 1111; baseline -0.004 -14"><span class='ocrx_word' id='word_1_64' title='bbox 460 1040 744 1111; x_wconf 67' lang='lat' dir='ltr'><strong>sapientia:</strong></span> <span class='ocrx_word' id='word_1_65' title='bbox 789 1037 1066 1092; x_wconf 89' lang='lat' dir='ltr'><strong>videntem</strong></span> <span class='ocrx_word' id='word_1_66' title='bbox 1094 1036 1372 1092; x_wconf 79' lang='lat' dir='ltr'><strong>divinum</strong></span> <span class='ocrx_word' id='word_1_67' title='bbox 1410 1037 1753 1108; x_wconf 84' lang='lat' dir='ltr'><strong>Apostolum,</strong></span> <span class='ocrx_word' id='word_1_68' title='bbox 1795 1051 1918 1092; x_wconf 88' lang='lat' dir='ltr'><strong>eum</strong></span> <span class='ocrx_word' id='word_1_69' title='bbox 1944 1036 2040 1108; x_wconf 90' lang='lat' dir='ltr'><strong>qui</strong></span> 
     </span>
    </p>
   </div>
   <div class='ocr_carea' id='block_1_12' title="bbox 459 1129 2041 1204">
    <p class='ocr_par' dir='ltr' id='par_1_12' title="bbox 459 1129 2041 1204">
     <span class='ocr_line' id='line_1_12' title="bbox 459 1129 2041 1204; baseline -0.002 -17"><span class='ocrx_word' id='word_1_70' title='bbox 459 1130 753 1204; x_wconf 90' lang='lat' dir='ltr'><strong>aliquando</strong></span> <span class='ocrx_word' id='word_1_71' title='bbox 799 1132 1016 1186; x_wconf 89' lang='lat' dir='ltr'><strong>futurus</strong></span> <span class='ocrx_word' id='word_1_72' title='bbox 1062 1138 1167 1195; x_wconf 91' lang='lat' dir='ltr'><strong>est,</strong></span> <span class='ocrx_word' id='word_1_73' title='bbox 1208 1132 1477 1185; x_wconf 67' lang='lat' dir='ltr'><strong>universa:</strong></span> <span class='ocrx_word' id='word_1_74' title='bbox 1532 1130 1745 1185; x_wconf 85' lang='lat' dir='ltr'><strong>ratione</strong></span> <span class='ocrx_word' id='word_1_75' title='bbox 1804 1129 2041 1200; x_wconf 59' lang='lat' dir='ltr'><strong>praedita:</strong></span> 
     </span>
    </p>
   </div>
   <div class='ocr_carea' id='block_1_13' title="bbox 459 1222 2041 1293">
    <p class='ocr_par' dir='ltr' id='par_1_13' title="bbox 459 1222 2041 1293">
     <span class='ocr_line' id='line_1_13' title="bbox 459 1222 2041 1293; baseline 0 -15"><span class='ocrx_word' id='word_1_76' title='bbox 459 1232 674 1279; x_wconf 63' lang='lat' dir='ltr'><strong>natura:</strong></span> <span class='ocrx_word' id='word_1_77' title='bbox 702 1222 758 1277; x_wconf 88' lang='lat' dir='ltr'><strong>in</strong></span> <span class='ocrx_word' id='word_1_78' title='bbox 794 1222 940 1277; x_wconf 89' lang='lat' dir='ltr'><strong>bono</strong></span> <span class='ocrx_word' id='word_1_79' title='bbox 966 1238 1299 1279; x_wconf 80' lang='lat' dir='ltr'><strong>consensum</strong></span> <span class='ocrx_word' id='word_1_80' title='bbox 1335 1222 1689 1293; x_wconf 82' lang='lat' dir='ltr'><strong>significare;</strong></span> <span class='ocrx_word' id='word_1_81' title='bbox 1719 1236 1783 1277; x_wconf 89' lang='lat' dir='ltr'><strong>ac</strong></span> <span class='ocrx_word' id='word_1_82' title='bbox 1817 1223 2041 1278; x_wconf 74' lang='lat' dir='ltr'><strong>cmleste</strong></span> 
     </span>
    </p>
   </div>
   <div class='ocr_carea' id='block_1_14' title="bbox 459 1313 2041 1385">
    <p class='ocr_par' dir='ltr' id='par_1_14' title="bbox 459 1313 2041 1385">
     <span class='ocr_line' id='line_1_14' title="bbox 459 1313 2041 1385; baseline -0.001 -17"><span class='ocrx_word' id='word_1_83' title='bbox 459 1315 682 1384; x_wconf 84' lang='lat' dir='ltr'><strong>quidem</strong></span> <span class='ocrx_word' id='word_1_84' title='bbox 736 1329 954 1377; x_wconf 90' lang='lat' dir='ltr'><strong>vocare,</strong></span> <span class='ocrx_word' id='word_1_85' title='bbox 994 1314 1303 1385; x_wconf 84' lang='lat' dir='ltr'><strong>angelicum</strong></span> <span class='ocrx_word' id='word_1_86' title='bbox 1333 1321 1388 1369; x_wconf 88' lang='lat' dir='ltr'><strong>et</strong></span> <span class='ocrx_word' id='word_1_87' title='bbox 1444 1313 1875 1383; x_wconf 90' lang='lat' dir='ltr'><strong>incorporeum;</strong></span> <span class='ocrx_word' id='word_1_88' title='bbox 1930 1318 2041 1368; x_wconf 84' lang='lat' dir='ltr'><strong>ter-</strong></span> 
     </span>
    </p>
   </div>
   <div class='ocr_carea' id='block_1_15' title="bbox 460 1405 2037 1475">
    <p class='ocr_par' dir='ltr' id='par_1_15' title="bbox 460 1405 2037 1475">
     <span class='ocr_line' id='line_1_15' title="bbox 460 1405 2037 1475; baseline 0.001 -16"><span class='ocrx_word' id='word_1_89' title='bbox 460 1413 635 1460; x_wconf 87' lang='lat' dir='ltr'><strong>restre</strong></span> <span class='ocrx_word' id='word_1_90' title='bbox 663 1420 812 1472; x_wconf 90' lang='lat' dir='ltr'><strong>vero,</strong></span> <span class='ocrx_word' id='word_1_91' title='bbox 849 1405 1172 1474; x_wconf 81' lang='lat' dir='ltr'><strong>implicitum</strong></span> <span class='ocrx_word' id='word_1_92' title='bbox 1201 1413 1255 1461; x_wconf 89' lang='lat' dir='ltr'><strong>et</strong></span> <span class='ocrx_word' id='word_1_93' title='bbox 1280 1415 1593 1461; x_wconf 90' lang='lat' dir='ltr'><strong>consertum</strong></span> <span class='ocrx_word' id='word_1_94' title='bbox 1618 1421 1742 1459; x_wconf 90' lang='lat' dir='ltr'><strong>cum</strong></span> <span class='ocrx_word' id='word_1_95' title='bbox 1771 1420 2037 1475; x_wconf 89' lang='lat' dir='ltr'><strong>corpore;</strong></span> 
     </span>
    </p>
   </div>
   <div class='ocr_carea' id='block_1_16' title="bbox 460 1496 2043 1567">
    <p class='ocr_par' dir='ltr' id='par_1_16' title="bbox 460 1496 2043 1567">
     <span class='ocr_line' id='line_1_16' title="bbox 460 1496 2043 1567; baseline -0.003 -14"><span class='ocrx_word' id='word_1_96' title='bbox 460 1496 878 1553; x_wconf 81' lang='lat' dir='ltr'><strong>subterraneum</strong></span> <span class='ocrx_word' id='word_1_97' title='bbox 926 1505 1108 1552; x_wconf 87' lang='lat' dir='ltr'><strong>autem</strong></span> <span class='ocrx_word' id='word_1_98' title='bbox 1140 1496 1193 1551; x_wconf 89' lang='lat' dir='ltr'><strong>id</strong></span> <span class='ocrx_word' id='word_1_99' title='bbox 1223 1497 1365 1566; x_wconf 91' lang='lat' dir='ltr'><strong>quod</strong></span> <span class='ocrx_word' id='word_1_100' title='bbox 1397 1498 1510 1567; x_wconf 85' lang='lat' dir='ltr'><strong>jam</strong></span> <span class='ocrx_word' id='word_1_101' title='bbox 1539 1513 1569 1550; x_wconf 91' lang='lat' dir='ltr'><strong>a</strong></span> <span class='ocrx_word' id='word_1_102' title='bbox 1610 1511 1841 1565; x_wconf 91' lang='lat' dir='ltr'><strong>corpore</strong></span> <span class='ocrx_word' id='word_1_103' title='bbox 1883 1511 2043 1566; x_wconf 84' lang='lat' dir='ltr'><strong>sepa-</strong></span> 
     </span>
    </p>
   </div>
   <div class='ocr_carea' id='block_1_17' title="bbox 457 1587 2042 1657">
    <p class='ocr_par' dir='ltr' id='par_1_17' title="bbox 457 1587 2042 1657">
     <span class='ocr_line' id='line_1_17' title="bbox 457 1587 2042 1657; baseline -0.001 -14"><span class='ocrx_word' id='word_1_104' title='bbox 457 1594 638 1643; x_wconf 87' lang='lat' dir='ltr'><strong>ratum</strong></span> <span class='ocrx_word' id='word_1_105' title='bbox 673 1596 837 1657; x_wconf 88' lang='lat' dir='ltr'><strong>atque</strong></span> <span class='ocrx_word' id='word_1_106' title='bbox 864 1588 1199 1657; x_wconf 88' lang='lat' dir='ltr'><strong>disjunctum</strong></span> <span class='ocrx_word' id='word_1_107' title='bbox 1242 1591 1335 1653; x_wconf 89' lang='lat' dir='ltr'><strong>sit,</strong></span> <span class='ocrx_word' id='word_1_108' title='bbox 1371 1597 1466 1643; x_wconf 88' lang='lat' dir='ltr'><strong>aut</strong></span> <span class='ocrx_word' id='word_1_109' title='bbox 1517 1596 1666 1642; x_wconf 88' lang='lat' dir='ltr'><strong>certe</strong></span> <span class='ocrx_word' id='word_1_110' title='bbox 1697 1587 1740 1642; x_wconf 91' lang='lat' dir='ltr'><strong>si</strong></span> <span class='ocrx_word' id='word_1_111' title='bbox 1770 1588 1878 1641; x_wconf 90' lang='lat' dir='ltr'><strong>alia</strong></span> <span class='ocrx_word' id='word_1_112' title='bbox 1907 1603 2042 1657; x_wconf 87' lang='lat' dir='ltr'><strong>quo-</strong></span> 
     </span>
    </p>
   </div>
   <div class='ocr_carea' id='block_1_18' title="bbox 455 1677 2042 1751">
    <p class='ocr_par' dir='ltr' id='par_1_18' title="bbox 455 1677 2042 1751">
     <span class='ocr_line' id='line_1_18' title="bbox 455 1677 2042 1751; baseline -0.002 -16"><span class='ocrx_word' id='word_1_113' title='bbox 455 1695 564 1751; x_wconf 90' lang='lat' dir='ltr'><strong>que</strong></span> <span class='ocrx_word' id='word_1_114' title='bbox 587 1688 783 1750; x_wconf 81' lang='lat' dir='ltr'><strong>praeter</strong></span> <span class='ocrx_word' id='word_1_115' title='bbox 813 1689 1164 1735; x_wconf 86' lang='lat' dir='ltr'><strong>enumeratas</strong></span> <span class='ocrx_word' id='word_1_116' title='bbox 1196 1688 1415 1742; x_wconf 91' lang='lat' dir='ltr'><strong>natura,</strong></span> <span class='ocrx_word' id='word_1_117' title='bbox 1444 1680 1587 1733; x_wconf 89' lang='lat' dir='ltr'><strong>inter</strong></span> <span class='ocrx_word' id='word_1_118' title='bbox 1609 1679 1822 1733; x_wconf 89' lang='lat' dir='ltr'><strong>ratione</strong></span> <span class='ocrx_word' id='word_1_119' title='bbox 1850 1677 2042 1748; x_wconf 79' lang='lat' dir='ltr'><strong>praedi-</strong></span> 
     </span>
    </p>
   </div>
   <div class='ocr_carea' id='block_1_19' title="bbox 456 1771 2037 1842">
    <p class='ocr_par' dir='ltr' id='par_1_19' title="bbox 456 1771 2037 1842">
     <span class='ocr_line' id='line_1_19' title="bbox 456 1771 2037 1842; baseline 0.003 -17"><span class='ocrx_word' id='word_1_120' title='bbox 456 1778 541 1826; x_wconf 89' lang='lat' dir='ltr'><strong>tas</strong></span> <span class='ocrx_word' id='word_1_121' title='bbox 577 1771 1060 1839; x_wconf 85' lang='lat' dir='ltr'><strong>animadvertitur;</strong></span> <span class='ocrx_word' id='word_1_122' title='bbox 1090 1786 1253 1842; x_wconf 91' lang='lat' dir='ltr'><strong>quam</strong></span> <span class='ocrx_word' id='word_1_123' title='bbox 1286 1771 1403 1827; x_wconf 88' lang='lat' dir='ltr'><strong>sive</strong></span> <span class='ocrx_word' id='word_1_124' title='bbox 1432 1772 1557 1841; x_wconf 88' lang='lat' dir='ltr'><strong>quis</strong></span> <span class='ocrx_word' id='word_1_125' title='bbox 1591 1771 1888 1837; x_wconf 68' lang='lat' dir='ltr'><strong>daemonas,</strong></span> <span class='ocrx_word' id='word_1_126' title='bbox 1919 1772 2037 1829; x_wconf 87' lang='lat' dir='ltr'><strong>sive</strong></span> 
     </span>
    </p>
   </div>
   <div class='ocr_carea' id='block_1_20' title="bbox 453 1862 2032 1933">
    <p class='ocr_par' dir='ltr' id='par_1_20' title="bbox 453 1862 2032 1933">
     <span class='ocr_line' id='line_1_20' title="bbox 453 1862 2032 1933; baseline -0.001 -15"><span class='ocrx_word' id='word_1_127' title='bbox 453 1862 701 1933; x_wconf 87' lang='lat' dir='ltr'><strong>spiritus,</strong></span> <span class='ocrx_word' id='word_1_128' title='bbox 735 1862 853 1919; x_wconf 89' lang='lat' dir='ltr'><strong>sive</strong></span> <span class='ocrx_word' id='word_1_129' title='bbox 903 1862 1109 1932; x_wconf 88' lang='lat' dir='ltr'><strong>aliquid</strong></span> <span class='ocrx_word' id='word_1_130' title='bbox 1162 1863 1310 1918; x_wconf 89' lang='lat' dir='ltr'><strong>aliud</strong></span> <span class='ocrx_word' id='word_1_131' title='bbox 1361 1862 1469 1918; x_wconf 87' lang='lat' dir='ltr'><strong>tale</strong></span> <span class='ocrx_word' id='word_1_132' title='bbox 1515 1863 1751 1918; x_wconf 88' lang='lat' dir='ltr'><strong>voluerit</strong></span> <span class='ocrx_word' id='word_1_133' title='bbox 1777 1862 2032 1918; x_wconf 90' lang='lat' dir='ltr'><strong>denomi-</strong></span> 
     </span>
    </p>
   </div>
   <div class='ocr_carea' id='block_1_21' title="bbox 452 1953 2032 2025">
    <p class='ocr_par' dir='ltr' id='par_1_21' title="bbox 452 1953 2032 2025">
     <span class='ocr_line' id='line_1_21' title="bbox 452 1953 2032 2025; baseline 0.001 -16"><span class='ocrx_word' id='word_1_134' title='bbox 452 1968 607 2021; x_wconf 89' lang='lat' dir='ltr'><strong>nare,</strong></span> <span class='ocrx_word' id='word_1_135' title='bbox 641 1969 750 2010; x_wconf 92' lang='lat' dir='ltr'><strong>non</strong></span> <span class='ocrx_word' id='word_1_136' title='bbox 781 1954 1197 2021; x_wconf 88' lang='lat' dir='ltr'><strong>contendemus,</strong></span> <span class='ocrx_word' id='word_1_137' title='bbox 1224 1953 1317 2011; x_wconf 91' lang='lat' dir='ltr'><strong>sed</strong></span> <span class='ocrx_word' id='word_1_138' title='bbox 1343 1969 1553 2025; x_wconf 88' lang='lat' dir='ltr'><strong>susque</strong></span> <span class='ocrx_word' id='word_1_139' title='bbox 1575 1953 1753 2025; x_wconf 87' lang='lat' dir='ltr'><strong>deque</strong></span> <span class='ocrx_word' id='word_1_140' title='bbox 1770 1953 2032 2011; x_wconf 82' lang='lat' dir='ltr'><strong>feremus.</strong></span> 
     </span>
    </p>
   </div>
   <div class='ocr_carea' id='block_1_22' title="bbox 451 2044 2033 2118">
    <p class='ocr_par' dir='ltr' id='par_1_22' title="bbox 451 2044 2033 2118">
     <span class='ocr_line' id='line_1_22' title="bbox 451 2044 2033 2118; baseline 0.001 -18"><span class='ocrx_word' id='word_1_141' title='bbox 451 2044 787 2103; x_wconf 86' lang='lat' dir='ltr'><strong>Persuasum</strong></span> <span class='ocrx_word' id='word_1_142' title='bbox 841 2055 927 2103; x_wconf 92' lang='lat' dir='ltr'><strong>est</strong></span> <span class='ocrx_word' id='word_1_143' title='bbox 982 2046 1127 2101; x_wconf 92' lang='lat' dir='ltr'><strong>enim</strong></span> <span class='ocrx_word' id='word_1_144' title='bbox 1166 2054 1278 2101; x_wconf 90' lang='lat' dir='ltr'><strong>tam</strong></span> <span class='ocrx_word' id='word_1_145' title='bbox 1312 2062 1379 2102; x_wconf 80' lang='lat' dir='ltr'><strong>ex</strong></span> <span class='ocrx_word' id='word_1_146' title='bbox 1419 2047 1700 2102; x_wconf 90' lang='lat' dir='ltr'><strong>communi</strong></span> <span class='ocrx_word' id='word_1_147' title='bbox 1752 2047 2033 2118; x_wconf 88' lang='lat' dir='ltr'><strong>opinione,</strong></span> 
     </span>
    </p>
   </div>
   <div class='ocr_carea' id='block_1_23' title="bbox 453 2139 2039 2211">
    <p class='ocr_par' dir='ltr' id='par_1_23' title="bbox 453 2139 2039 2211">
     <span class='ocr_line' id='line_1_23' title="bbox 453 2139 2039 2211; baseline 0.001 -19"><span class='ocrx_word' id='word_1_148' title='bbox 453 2150 619 2208; x_wconf 89' lang='lat' dir='ltr'><strong>quam</strong></span> <span class='ocrx_word' id='word_1_149' title='bbox 641 2154 709 2194; x_wconf 79' lang='lat' dir='ltr'><strong>ex</strong></span> <span class='ocrx_word' id='word_1_150' title='bbox 725 2139 1130 2209; x_wconf 84' lang='lat' dir='ltr'><strong>Scripturarum</strong></span> <span class='ocrx_word' id='word_1_151' title='bbox 1151 2139 1471 2206; x_wconf 87' lang='lat' dir='ltr'><strong>traditione,</strong></span> <span class='ocrx_word' id='word_1_152' title='bbox 1491 2155 1613 2196; x_wconf 89' lang='lat' dir='ltr'><strong>esse</strong></span> <span class='ocrx_word' id='word_1_153' title='bbox 1631 2139 1923 2211; x_wconf 87' lang='lat' dir='ltr'><strong>quamdam</strong></span> <span class='ocrx_word' id='word_1_154' title='bbox 1940 2154 2039 2193; x_wconf 90' lang='lat' dir='ltr'><strong>na-</strong></span> 
     </span>
    </p>
   </div>
   <div class='ocr_carea' id='block_1_24' title="bbox 2140 490 3700 569">
    <p class='ocr_par' dir='ltr' id='par_1_24' title="bbox 2140 490 3700 569">
     <span class='ocr_line' id='line_1_24' title="bbox 2140 490 3700 569; baseline 0.002 -22"><span class='ocrx_word' id='word_1_155' title='bbox 2140 493 2370 549; x_wconf 86' lang='grc' dir='ltr'>θανάτου</span> <span class='ocrx_word' id='word_1_156' title='bbox 2413 490 2524 546; x_wconf 84' lang='grc' dir='ltr'><strong>τῶν</strong></span> <span class='ocrx_word' id='word_1_157' title='bbox 2573 490 2852 563; x_wconf 82' lang='grc' dir='ltr'><strong>σαρκικῶν</strong></span> <span class='ocrx_word' id='word_1_158' title='bbox 2880 490 2992 560; x_wconf 84' lang='grc'>(77)</span> <span class='ocrx_word' id='word_1_159' title='bbox 3023 490 3416 563; x_wconf 77' lang='grc' dir='ltr'><strong>ἀπολελυμένη.</strong></span> <span class='ocrx_word' id='word_1_160' title='bbox 3452 494 3619 569; x_wconf 63' lang='grc' dir='ltr'>Ὅπερ</span> <span class='ocrx_word' id='word_1_161' title='bbox 3645 501 3700 552; x_wconf 83' lang='grc' dir='ltr'><strong>ἐν</strong></span> 
     </span>
    </p>
   </div>
   <div class='ocr_carea' id='block_1_25' title="bbox 2137 577 3699 660">
    <p class='ocr_par' dir='ltr' id='par_1_25' title="bbox 2137 577 3699 660">
     <span class='ocr_line' id='line_1_25' title="bbox 2137 577 3699 660; baseline 0.003 -22"><span class='ocrx_word' id='word_1_162' title='bbox 2137 584 2335 657; x_wconf 90' lang='grc' dir='ltr'>ψυχαῖς</span> <span class='ocrx_word' id='word_1_163' title='bbox 2360 583 2663 657; x_wconf 87' lang='grc' dir='ltr'>θεωρεῖται,</span> <span class='ocrx_word' id='word_1_164' title='bbox 2703 581 2861 636; x_wconf 82' lang='grc' dir='ltr'>τοῦτο</span> <span class='ocrx_word' id='word_1_165' title='bbox 2892 577 3064 653; x_wconf 73' lang='grc' dir='ltr'>οἶμαι,</span> <span class='ocrx_word' id='word_1_166' title='bbox 3094 582 3174 654; x_wconf 82' lang='grc' dir='ltr'>τῷ</span> <span class='ocrx_word' id='word_1_167' title='bbox 3206 583 3358 654; x_wconf 83' lang='grc' dir='ltr'>βάθει</span> <span class='ocrx_word' id='word_1_168' title='bbox 3384 587 3482 657; x_wconf 82' lang='grc' dir='ltr'>τῆς</span> <span class='ocrx_word' id='word_1_169' title='bbox 3519 590 3699 660; x_wconf 80' lang='grc' dir='ltr'><strong>σοφίας</strong></span> 
     </span>
    </p>
   </div>
   <div class='ocr_carea' id='block_1_26' title="bbox 2141 674 3700 751">
    <p class='ocr_par' dir='ltr' id='par_1_26' title="bbox 2141 674 3700 751">
     <span class='ocr_line' id='line_1_26' title="bbox 2141 674 3700 751; baseline 0.003 -23"><span class='ocrx_word' id='word_1_170' title='bbox 2141 675 2407 747; x_wconf 76' lang='grc' dir='ltr'><strong>βλέποντα</strong></span> <span class='ocrx_word' id='word_1_171' title='bbox 2446 675 2537 729; x_wconf 83' lang='grc' dir='ltr'>τὸν</span> <span class='ocrx_word' id='word_1_172' title='bbox 2586 676 2727 728; x_wconf 86' lang='grc' dir='ltr'>θεῖον</span> <span class='ocrx_word' id='word_1_173' title='bbox 2775 674 3116 739; x_wconf 68' lang='grc' dir='ltr'>Ἀπόστειλον,</span> <span class='ocrx_word' id='word_1_174' title='bbox 3150 676 3328 747; x_wconf 83' lang='grc' dir='ltr'><strong>πάσης</strong></span> <span class='ocrx_word' id='word_1_175' title='bbox 3357 677 3460 748; x_wconf 82' lang='grc' dir='ltr'>τῆς</span> <span class='ocrx_word' id='word_1_176' title='bbox 3488 677 3700 751; x_wconf 74' lang='grc' dir='ltr'>λογικῆς</span> 
     </span>
    </p>
   </div>
   <div class='ocr_carea' id='block_1_27' title="bbox 2141 765 3701 841">
    <p class='ocr_par' dir='ltr' id='par_1_27' title="bbox 2141 765 3701 841">
     <span class='ocr_line' id='line_1_27' title="bbox 2141 765 3701 841; baseline 0.001 -20"><span class='ocrx_word' id='word_1_177' title='bbox 2141 767 2356 838; x_wconf 84' lang='grc' dir='ltr'>φύσεως</span> <span class='ocrx_word' id='word_1_178' title='bbox 2402 767 2501 840; x_wconf 77' lang='grc' dir='ltr'>τὴν</span> <span class='ocrx_word' id='word_1_179' title='bbox 2551 768 2607 821; x_wconf 87' lang='grc' dir='ltr'><strong>ἐν</strong></span> <span class='ocrx_word' id='word_1_180' title='bbox 2647 765 2726 839; x_wconf 82' lang='grc' dir='ltr'><strong>τῷ</strong></span> <span class='ocrx_word' id='word_1_181' title='bbox 2771 766 2960 837; x_wconf 89' lang='grc' dir='ltr'>ἀγαθῷ</span> <span class='ocrx_word' id='word_1_182' title='bbox 2989 783 3120 820; x_wconf 89' lang='grc' dir='ltr'>ποτε</span> <span class='ocrx_word' id='word_1_183' title='bbox 3162 768 3525 841; x_wconf 81' lang='grc' dir='ltr'>γενησομένην</span> <span class='ocrx_word' id='word_1_184' title='bbox 3572 787 3701 841; x_wconf 87' lang='grc' dir='ltr'>συμ-</span> 
     </span>
    </p>
   </div>
   <div class='ocr_carea' id='block_1_28' title="bbox 2140 858 3700 931">
    <p class='ocr_par' dir='ltr' id='par_1_28' title="bbox 2140 858 3700 931">
     <span class='ocr_line' id='line_1_28' title="bbox 2140 858 3700 931; baseline 0.001 -18"><span class='ocrx_word' id='word_1_185' title='bbox 2140 860 2345 931; x_wconf 85' lang='grc' dir='ltr'>φωνίαν</span> <span class='ocrx_word' id='word_1_186' title='bbox 2386 858 2781 929; x_wconf 79' lang='grc' dir='ltr'>ἀποσημαίνειν</span> <span class='ocrx_word' id='word_1_187' title='bbox 2808 877 2822 891; x_wconf 88' lang='grc'><strong>·</strong></span> <span class='ocrx_word' id='word_1_188' title='bbox 2858 858 3179 931; x_wconf 77' lang='grc' dir='ltr'>ἐπουράνιον</span> <span class='ocrx_word' id='word_1_189' title='bbox 3214 859 3312 930; x_wconf 81' lang='grc' dir='ltr'>μὲν</span> <span class='ocrx_word' id='word_1_190' title='bbox 3354 859 3611 915; x_wconf 81' lang='grc' dir='ltr'>καλοῦντα</span> <span class='ocrx_word' id='word_1_191' title='bbox 3643 862 3700 914; x_wconf 73' lang='grc' dir='ltr'><strong>τὸ</strong></span> 
     </span>
    </p>
   </div>
   <div class='ocr_carea' id='block_1_29' title="bbox 2139 946 3703 1020">
    <p class='ocr_par' dir='ltr' id='par_1_29' title="bbox 2139 946 3703 1020">
     <span class='ocr_line' id='line_1_29' title="bbox 2139 946 3703 1020; baseline 0.001 -17"><span class='ocrx_word' id='word_1_192' title='bbox 2139 946 2429 1019; x_wconf 80' lang='grc' dir='ltr'>ἀγγελικὸν</span> <span class='ocrx_word' id='word_1_193' title='bbox 2471 948 2566 1002; x_wconf 78' lang='grc' dir='ltr'>καὶ</span> <span class='ocrx_word' id='word_1_194' title='bbox 2594 946 2913 1020; x_wconf 73' lang='grc' dir='ltr'>ἀσώματον*</span> <span class='ocrx_word' id='word_1_195' title='bbox 2956 949 3194 1017; x_wconf 86' lang='grc' dir='ltr'>ἐπίγειον</span> <span class='ocrx_word' id='word_1_196' title='bbox 3223 949 3278 1001; x_wconf 83' lang='grc' dir='ltr'>δὲ</span> <span class='ocrx_word' id='word_1_197' title='bbox 3322 949 3382 1002; x_wconf 79' lang='grc' dir='ltr'>τὸ</span> <span class='ocrx_word' id='word_1_198' title='bbox 3408 950 3703 1020; x_wconf 84' lang='grc' dir='ltr'>συμπεπλε-</span> 
     </span>
    </p>
   </div>
   <div class='ocr_carea' id='block_1_30' title="bbox 2139 1038 3702 1113">
    <p class='ocr_par' dir='ltr' id='par_1_30' title="bbox 2139 1038 3702 1113">
     <span class='ocr_line' id='line_1_30' title="bbox 2139 1038 3702 1113; baseline 0.001 -20"><span class='ocrx_word' id='word_1_199' title='bbox 2139 1041 2339 1112; x_wconf 88' lang='grc' dir='ltr'>γμένον</span> <span class='ocrx_word' id='word_1_200' title='bbox 2371 1039 2448 1111; x_wconf 88' lang='grc' dir='ltr'>τῷ</span> <span class='ocrx_word' id='word_1_201' title='bbox 2480 1038 2691 1111; x_wconf 83' lang='grc' dir='ltr'>σώματι</span> <span class='ocrx_word' id='word_1_202' title='bbox 2710 1055 2724 1069; x_wconf 83' lang='grc'><strong><em>⁸</em></strong></span> <span class='ocrx_word' id='word_1_203' title='bbox 2773 1039 3124 1110; x_wconf 88' lang='grc' dir='ltr'>καταχθόνιον</span> <span class='ocrx_word' id='word_1_204' title='bbox 3153 1040 3291 1094; x_wconf 83' lang='grc' dir='ltr'>δὲτὸ</span> <span class='ocrx_word' id='word_1_205' title='bbox 3315 1041 3702 1113; x_wconf 75' lang='grc' dir='ltr'>διακεκρυμμέο</span> 
     </span>
    </p>
   </div>
   <div class='ocr_carea' id='block_1_31' title="bbox 2140 1133 3701 1206">
    <p class='ocr_par' dir='ltr' id='par_1_31' title="bbox 2140 1133 3701 1206">
     <span class='ocr_line' id='line_1_31' title="bbox 2140 1133 3701 1206; baseline -0.001 -17"><span class='ocrx_word' id='word_1_206' title='bbox 2140 1152 2229 1189; x_wconf 91' lang='grc' dir='ltr'><strong>νον</strong></span> <span class='ocrx_word' id='word_1_207' title='bbox 2262 1133 2376 1206; x_wconf 86' lang='grc'>(78)</span> <span class='ocrx_word' id='word_1_208' title='bbox 2421 1134 2521 1206; x_wconf 72' lang='grc' dir='ltr'>ήδη</span> <span class='ocrx_word' id='word_1_209' title='bbox 2554 1133 2649 1188; x_wconf 80' lang='grc' dir='ltr'>τοῦ</span> <span class='ocrx_word' id='word_1_210' title='bbox 2685 1134 2955 1205; x_wconf 87' lang='grc' dir='ltr'>σώματος,</span> <span class='ocrx_word' id='word_1_211' title='bbox 3001 1134 3035 1206; x_wconf 76' lang='grc' dir='ltr'>ἢ</span> <span class='ocrx_word' id='word_1_212' title='bbox 3070 1134 3132 1205; x_wconf 86' lang='grc' dir='ltr'>δή</span> <span class='ocrx_word' id='word_1_213' title='bbox 3176 1152 3258 1197; x_wconf 91' lang='grc' dir='ltr'><strong>τις</strong></span> <span class='ocrx_word' id='word_1_214' title='bbox 3312 1134 3421 1205; x_wconf 88' lang='grc'><strong>(79)</strong></span> <span class='ocrx_word' id='word_1_215' title='bbox 3454 1136 3546 1188; x_wconf 77' lang='grc' dir='ltr'>καὶ</span> <span class='ocrx_word' id='word_1_216' title='bbox 3575 1134 3701 1206; x_wconf 80' lang='grc' dir='ltr'>άλλη</span> 
     </span>
    </p>
   </div>
   <div class='ocr_carea' id='block_1_32' title="bbox 2140 1222 3698 1297">
    <p class='ocr_par' dir='ltr' id='par_1_32' title="bbox 2140 1222 3698 1297">
     <span class='ocr_line' id='line_1_32' title="bbox 2140 1222 3698 1297; baseline -0.002 -17"><span class='ocrx_word' id='word_1_217' title='bbox 2140 1224 2293 1297; x_wconf 88' lang='grc' dir='ltr'><strong>παρά</strong></span> <span class='ocrx_word' id='word_1_218' title='bbox 2339 1223 2411 1278; x_wconf 86' lang='grc' dir='ltr'>τὰ</span> <span class='ocrx_word' id='word_1_219' title='bbox 2436 1223 2700 1296; x_wconf 78' lang='grc' dir='ltr'>εἰρημένα</span> <span class='ocrx_word' id='word_1_220' title='bbox 2732 1223 2893 1293; x_wconf 81' lang='grc' dir='ltr'>φύσις</span> <span class='ocrx_word' id='word_1_221' title='bbox 2931 1224 2988 1276; x_wconf 86' lang='grc' dir='ltr'><strong>ἐν</strong></span> <span class='ocrx_word' id='word_1_222' title='bbox 3024 1222 3214 1295; x_wconf 82' lang='grc' dir='ltr'>λογικῇ</span> <span class='ocrx_word' id='word_1_223' title='bbox 3250 1223 3363 1293; x_wconf 81' lang='grc'>(81))</span> <span class='ocrx_word' id='word_1_224' title='bbox 3410 1223 3698 1295; x_wconf 84' lang='grc' dir='ltr'><strong>θεωρεῖται,</strong></span> 
     </span>
    </p>
   </div>
   <div class='ocr_carea' id='block_1_33' title="bbox 2139 1312 3701 1387">
    <p class='ocr_par' dir='ltr' id='par_1_33' title="bbox 2139 1312 3701 1387">
     <span class='ocr_line' id='line_1_33' title="bbox 2139 1312 3701 1387; baseline -0.002 -18"><span class='ocrx_word' id='word_1_225' title='bbox 2139 1315 2207 1387; x_wconf 72' lang='grc' dir='ltr'>ἣν</span> <span class='ocrx_word' id='word_1_226' title='bbox 2240 1314 2349 1368; x_wconf 84' lang='grc' dir='ltr'>εἴτε</span> <span class='ocrx_word' id='word_1_227' title='bbox 2379 1313 2637 1385; x_wconf 81' lang='grc' dir='ltr'>δαίμονας</span> <span class='ocrx_word' id='word_1_228' title='bbox 2666 1314 2774 1367; x_wconf 86' lang='grc' dir='ltr'>εῐτε</span> <span class='ocrx_word' id='word_1_229' title='bbox 2808 1312 3124 1384; x_wconf 88' lang='grc' dir='ltr'>πνεύματα,</span> <span class='ocrx_word' id='word_1_230' title='bbox 3174 1313 3284 1367; x_wconf 76' lang='grc' dir='ltr'>εἴτε</span> <span class='ocrx_word' id='word_1_231' title='bbox 3328 1312 3564 1366; x_wconf 82' lang='grc' dir='ltr'>τοιοῦτον</span> <span class='ocrx_word' id='word_1_232' title='bbox 3596 1313 3701 1383; x_wconf 90' lang='grc'>(81)</span> 
     </span>
    </p>
   </div>
   <div class='ocr_carea' id='block_1_34' title="bbox 2140 1404 3707 1477">
    <p class='ocr_par' dir='ltr' id='par_1_34' title="bbox 2140 1404 3707 1477">
     <span class='ocr_line' id='line_1_34' title="bbox 2140 1404 3707 1477; baseline -0.003 -16"><span class='ocrx_word' id='word_1_233' title='bbox 2140 1406 2314 1461; x_wconf 86' lang='grc' dir='ltr'>ἐθέλοι</span> <span class='ocrx_word' id='word_1_234' title='bbox 2366 1424 2452 1472; x_wconf 90' lang='grc' dir='ltr'><strong>τις</strong></span> <span class='ocrx_word' id='word_1_235' title='bbox 2494 1405 2905 1477; x_wconf 84' lang='grc' dir='ltr'>κατονομάζειν,</span> <span class='ocrx_word' id='word_1_236' title='bbox 2935 1405 2994 1459; x_wconf 82' lang='grc' dir='ltr'><strong>οὑ</strong></span> <span class='ocrx_word' id='word_1_237' title='bbox 3037 1404 3368 1477; x_wconf 85' lang='grc' dir='ltr'>διοισόμεθα.</span> <span class='ocrx_word' id='word_1_238' title='bbox 3422 1405 3707 1459; x_wconf 85' lang='grc' dir='ltr'>Πεπίστευ-</span> 
     </span>
    </p>
   </div>
   <div class='ocr_carea' id='block_1_35' title="bbox 2140 1496 3705 1570">
    <p class='ocr_par' dir='ltr' id='par_1_35' title="bbox 2140 1496 3705 1570">
     <span class='ocr_line' id='line_1_35' title="bbox 2140 1496 3705 1570; baseline -0.002 -19"><span class='ocrx_word' id='word_1_239' title='bbox 2140 1515 2229 1551; x_wconf 90' lang='grc' dir='ltr'><strong>ται</strong></span> <span class='ocrx_word' id='word_1_240' title='bbox 2260 1497 2369 1569; x_wconf 69' lang='grc'>(82)</span> <span class='ocrx_word' id='word_1_241' title='bbox 2400 1497 2506 1570; x_wconf 84' lang='grc' dir='ltr'><strong>γὰρ</strong></span> <span class='ocrx_word' id='word_1_242' title='bbox 2530 1497 2593 1550; x_wconf 86' lang='grc' dir='ltr'>ἔκ</span> <span class='ocrx_word' id='word_1_243' title='bbox 2618 1514 2677 1551; x_wconf 91' lang='grc' dir='ltr'><strong>τε</strong></span> <span class='ocrx_word' id='word_1_244' title='bbox 2704 1498 2802 1567; x_wconf 83' lang='grc' dir='ltr'>τῆς</span> <span class='ocrx_word' id='word_1_245' title='bbox 2828 1498 3009 1569; x_wconf 84' lang='grc' dir='ltr'>κοινῆς</span> <span class='ocrx_word' id='word_1_246' title='bbox 3040 1497 3377 1567; x_wconf 74' lang='grc' dir='ltr'>ὑπολήψεως,</span> <span class='ocrx_word' id='word_1_247' title='bbox 3408 1496 3500 1550; x_wconf 73' lang='grc' dir='ltr'><strong>καὶ</strong></span> <span class='ocrx_word' id='word_1_248' title='bbox 3525 1498 3586 1549; x_wconf 84' lang='grc' dir='ltr'><strong>ἐκ</strong></span> <span class='ocrx_word' id='word_1_249' title='bbox 3614 1496 3705 1566; x_wconf 81' lang='grc' dir='ltr'>τῆς</span> 
     </span>
    </p>
   </div>
   <div class='ocr_carea' id='block_1_36' title="bbox 2140 1585 3705 1661">
    <p class='ocr_par' dir='ltr' id='par_1_36' title="bbox 2140 1585 3705 1661">
     <span class='ocr_line' id='line_1_36' title="bbox 2140 1585 3705 1661; baseline -0.003 -18"><span class='ocrx_word' id='word_1_250' title='bbox 2140 1589 2247 1644; x_wconf 85' lang='grc' dir='ltr'>τῶν</span> <span class='ocrx_word' id='word_1_251' title='bbox 2278 1588 2391 1661; x_wconf 76' lang='grc'>(85)</span> <span class='ocrx_word' id='word_1_252' title='bbox 2420 1589 2653 1661; x_wconf 75' lang='grc' dir='ltr'>Γραφῶν</span> <span class='ocrx_word' id='word_1_253' title='bbox 2682 1588 3050 1660; x_wconf 83' lang='grc' dir='ltr'>παραδόσεως,</span> <span class='ocrx_word' id='word_1_254' title='bbox 3093 1585 3235 1642; x_wconf 84' lang='grc' dir='ltr'>εἷναί</span> <span class='ocrx_word' id='word_1_255' title='bbox 3280 1606 3400 1642; x_wconf 90' lang='grc' dir='ltr'>τινα</span> <span class='ocrx_word' id='word_1_256' title='bbox 3427 1588 3583 1657; x_wconf 81' lang='grc' dir='ltr'>φύσιν</span> <span class='ocrx_word' id='word_1_257' title='bbox 3609 1587 3705 1653; x_wconf 78' lang='grc' dir='ltr'><strong>ἔξω</strong></span> 
     </span>
    </p>
   </div>
   <div class='ocr_carea' id='block_1_37' title="bbox 2140 1678 3705 1752">
    <p class='ocr_par' dir='ltr' id='par_1_37' title="bbox 2140 1678 3705 1752">
     <span class='ocr_line' id='line_1_37' title="bbox 2140 1678 3705 1752; baseline -0.003 -17"><span class='ocrx_word' id='word_1_258' title='bbox 2140 1680 2249 1735; x_wconf 85' lang='grc' dir='ltr'><strong>τῶν</strong></span> <span class='ocrx_word' id='word_1_259' title='bbox 2294 1680 2544 1735; x_wconf 80' lang='grc' dir='ltr'>τοιούτων</span> <span class='ocrx_word' id='word_1_260' title='bbox 2587 1681 2854 1751; x_wconf 89' lang='grc' dir='ltr'>σωμάτων</span> <span class='ocrx_word' id='word_1_261' title='bbox 2894 1680 3229 1742; x_wconf 80' lang='grc' dir='ltr'>ὑπεναντίως</span> <span class='ocrx_word' id='word_1_262' title='bbox 3265 1679 3399 1752; x_wconf 82' lang='grc' dir='ltr'>πρὸς</span> <span class='ocrx_word' id='word_1_263' title='bbox 3451 1679 3509 1732; x_wconf 82' lang='grc' dir='ltr'>τὸ</span> <span class='ocrx_word' id='word_1_264' title='bbox 3553 1678 3705 1732; x_wconf 85' lang='grc' dir='ltr'>καλὸν</span> 
     </span>
    </p>
   </div>
   <div class='ocr_carea' id='block_1_38' title="bbox 2140 1768 3704 1844">
    <p class='ocr_par' dir='ltr' id='par_1_38' title="bbox 2140 1768 3704 1844">
     <span class='ocr_line' id='line_1_38' title="bbox 2140 1768 3704 1844; baseline -0.001 -19"><span class='ocrx_word' id='word_1_265' title='bbox 2140 1772 2507 1844; x_wconf 82' lang='grc' dir='ltr'>διακειμένην,</span> <span class='ocrx_word' id='word_1_266' title='bbox 2544 1772 2637 1827; x_wconf 78' lang='grc' dir='ltr'>καὶ</span> <span class='ocrx_word' id='word_1_267' title='bbox 2671 1772 2973 1843; x_wconf 82' lang='grc' dir='ltr'>βλαπτικὴν</span> <span class='ocrx_word' id='word_1_268' title='bbox 3008 1771 3105 1843; x_wconf 82' lang='grc' dir='ltr'>τῆς</span> <span class='ocrx_word' id='word_1_269' title='bbox 3153 1772 3499 1844; x_wconf 82' lang='grc' dir='ltr'>ἀνθρωπίνης</span> <span class='ocrx_word' id='word_1_270' title='bbox 3547 1768 3704 1840; x_wconf 77' lang='grc' dir='ltr'>ζωῆς,</span> 
     </span>
    </p>
   </div>
   <div class='ocr_carea' id='block_1_39' title="bbox 2140 1863 3705 1936">
    <p class='ocr_par' dir='ltr' id='par_1_39' title="bbox 2140 1863 3705 1936">
     <span class='ocr_line' id='line_1_39' title="bbox 2140 1863 3705 1936; baseline -0.001 -19"><span class='ocrx_word' id='word_1_271' title='bbox 2140 1864 2399 1928; x_wconf 80' lang='grc' dir='ltr'>ἑκουσίως</span> <span class='ocrx_word' id='word_1_272' title='bbox 2420 1865 2516 1935; x_wconf 86' lang='grc' dir='ltr'>τῆς</span> <span class='ocrx_word' id='word_1_273' title='bbox 2537 1865 2841 1936; x_wconf 90' lang='grc' dir='ltr'>κρείττονος</span> <span class='ocrx_word' id='word_1_274' title='bbox 2862 1863 3181 1934; x_wconf 76' lang='grc' dir='ltr'>ὑπολήψεως</span> <span class='ocrx_word' id='word_1_275' title='bbox 3196 1864 3309 1936; x_wconf 70' lang='grc'>(84)</span> <span class='ocrx_word' id='word_1_276' title='bbox 3332 1864 3705 1934; x_wconf 80' lang='grc' dir='ltr'>άπορρυεῐσαν·</span> 
     </span>
    </p>
   </div>
   <div class='ocr_carea' id='block_1_40' title="bbox 2141 1951 3709 2027">
    <p class='ocr_par' dir='ltr' id='par_1_40' title="bbox 2141 1951 3709 2027">
     <span class='ocr_line' id='line_1_40' title="bbox 2141 1951 3709 2027; baseline -0.003 -17"><span class='ocrx_word' id='word_1_277' title='bbox 2141 1955 2237 2010; x_wconf 71' lang='grc' dir='ltr'>καὶ</span> <span class='ocrx_word' id='word_1_278' title='bbox 2260 1957 2326 2027; x_wconf 80' lang='grc' dir='ltr'>τῇ</span> <span class='ocrx_word' id='word_1_279' title='bbox 2356 1956 2651 2010; x_wconf 85' lang='grc' dir='ltr'>ἀποστάσει</span> <span class='ocrx_word' id='word_1_280' title='bbox 2680 1954 2774 2008; x_wconf 84' lang='grc' dir='ltr'>τοῦ</span> <span class='ocrx_word' id='word_1_281' title='bbox 2807 1954 2973 2008; x_wconf 80' lang='grc' dir='ltr'>καλοῦ</span> <span class='ocrx_word' id='word_1_282' title='bbox 3001 1955 3061 2008; x_wconf 86' lang='grc' dir='ltr'>τὸ</span> <span class='ocrx_word' id='word_1_283' title='bbox 3092 1956 3157 2008; x_wconf 85' lang='grc' dir='ltr'><strong>ἐκ</strong></span> <span class='ocrx_word' id='word_1_284' title='bbox 3185 1955 3281 2008; x_wconf 82' lang='grc' dir='ltr'>τοῦ</span> <span class='ocrx_word' id='word_1_285' title='bbox 3315 1953 3554 2008; x_wconf 74' lang='grc' dir='ltr'>ἐναντίου</span> <span class='ocrx_word' id='word_1_286' title='bbox 3575 1951 3709 2006; x_wconf 89' lang='grc' dir='ltr'>νοού-</span> 
     </span>
    </p>
   </div>
   <div class='ocr_carea' id='block_1_41' title="bbox 2144 2044 3711 2119">
    <p class='ocr_par' dir='ltr' id='par_1_41' title="bbox 2144 2044 3711 2119">
     <span class='ocr_line' id='line_1_41' title="bbox 2144 2044 3711 2119; baseline -0.003 -19"><span class='ocrx_word' id='word_1_287' title='bbox 2144 2064 2305 2119; x_wconf 90' lang='grc' dir='ltr'>μενον</span> <span class='ocrx_word' id='word_1_288' title='bbox 2333 2048 2390 2100; x_wconf 89' lang='grc' dir='ltr'><strong>ἐν</strong></span> <span class='ocrx_word' id='word_1_289' title='bbox 2422 2047 2559 2118; x_wconf 77' lang='grc' dir='ltr'>αὑτῇ</span> <span class='ocrx_word' id='word_1_290' title='bbox 2595 2046 2706 2115; x_wconf 88' lang='lat'><strong>(85)</strong></span> <span class='ocrx_word' id='word_1_291' title='bbox 2744 2047 3128 2117; x_wconf 88' lang='grc' dir='ltr'>ὑποστήσασαν</span> <span class='ocrx_word' id='word_1_292' title='bbox 3148 2063 3163 2078; x_wconf 82' lang='grc'><em>’</em></span> <span class='ocrx_word' id='word_1_293' title='bbox 3194 2047 3371 2118; x_wconf 80' lang='grc' dir='ltr'>ἤνπερ</span> <span class='ocrx_word' id='word_1_294' title='bbox 3400 2044 3532 2115; x_wconf 78' lang='grc' dir='ltr'>φασὶ</span> <span class='ocrx_word' id='word_1_295' title='bbox 3558 2061 3711 2097; x_wconf 87' lang='grc' dir='ltr'>κατα-</span> 
     </span>
    </p>
   </div>
   <div class='ocr_carea' id='block_1_42' title="bbox 2143 2128 3821 2211">
    <p class='ocr_par' dir='ltr' id='par_1_42' title="bbox 2143 2128 3821 2211">
     <span class='ocr_line' id='line_1_42' title="bbox 2143 2128 3821 2211; baseline -0.004 -20"><span class='ocrx_word' id='word_1_296' title='bbox 2143 2137 2374 2210; x_wconf 86' lang='grc' dir='ltr'>χθονίοις</span> <span class='ocrx_word' id='word_1_297' title='bbox 2421 2138 2733 2211; x_wconf 85' lang='grc' dir='ltr'>ἐναριθμεῖν</span> <span class='ocrx_word' id='word_1_298' title='bbox 2768 2137 2859 2191; x_wconf 76' lang='grc' dir='ltr'>τὸν</span> <span class='ocrx_word' id='word_1_299' title='bbox 2897 2136 3241 2201; x_wconf 83' lang='grc' dir='ltr'>Ἀπὸστολον,</span> <span class='ocrx_word' id='word_1_300' title='bbox 3290 2136 3448 2190; x_wconf 81' lang='grc' dir='ltr'>τοῦτο</span> <span class='ocrx_word' id='word_1_301' title='bbox 3475 2136 3534 2187; x_wconf 88' lang='grc' dir='ltr'><strong>ἐν</strong></span> <span class='ocrx_word' id='word_1_302' title='bbox 3575 2132 3710 2186; x_wconf 84' lang='grc' dir='ltr'>ἐκεί-</span> <span class='ocrx_word' id='word_1_303' title='bbox 3812 2128 3821 2142; x_wconf 74' lang='grc'><em>“</em></span> 
     </span>
    </p>
   </div>
   <div class='ocr_carea' id='block_1_43' title="bbox 451 2225 2036 2304">
    <p class='ocr_par' dir='ltr' id='par_1_43' title="bbox 451 2230 2036 2301">
     <span class='ocr_line' id='line_1_43' title="bbox 451 2230 2036 2301; baseline 0.002 -19"><span class='ocrx_word' id='word_1_304' title='bbox 451 2235 631 2284; x_wconf 88' lang='lat' dir='ltr'><strong>turam</strong></span> <span class='ocrx_word' id='word_1_305' title='bbox 657 2236 811 2284; x_wconf 85' lang='lat' dir='ltr'><strong>extra</strong></span> <span class='ocrx_word' id='word_1_306' title='bbox 839 2231 964 2284; x_wconf 90' lang='lat' dir='ltr'><strong>talia</strong></span> <span class='ocrx_word' id='word_1_307' title='bbox 991 2244 1244 2300; x_wconf 91' lang='lat' dir='ltr'><strong>corpora,</strong></span> <span class='ocrx_word' id='word_1_308' title='bbox 1271 2247 1393 2301; x_wconf 72' lang='lat' dir='ltr'><strong>qua:</strong></span> <span class='ocrx_word' id='word_1_309' title='bbox 1420 2239 1567 2286; x_wconf 91' lang='lat' dir='ltr'><strong>recto</strong></span> <span class='ocrx_word' id='word_1_310' title='bbox 1603 2243 1769 2301; x_wconf 89' lang='lat' dir='ltr'><strong>atque</strong></span> <span class='ocrx_word' id='word_1_311' title='bbox 1802 2230 2036 2286; x_wconf 88' lang='lat' dir='ltr'><strong>honesto</strong></span> 
     </span>
    </p>
   </div>
   <div class='ocr_carea' id='block_1_44' title="bbox 2141 2225 3711 2304">
    <p class='ocr_par' dir='ltr' id='par_1_44' title="bbox 2141 2225 3711 2304">
     <span class='ocr_line' id='line_1_44' title="bbox 2141 2225 3711 2304; baseline -0.004 -18"><span class='ocrx_word' id='word_1_312' title='bbox 2141 2247 2216 2301; x_wconf 88' lang='grc' dir='ltr'>νῳ</span> <span class='ocrx_word' id='word_1_313' title='bbox 2252 2231 2362 2304; x_wconf 86' lang='grc'>(86)</span> <span class='ocrx_word' id='word_1_314' title='bbox 2393 2232 2470 2302; x_wconf 83' lang='grc' dir='ltr'>τῷ</span> <span class='ocrx_word' id='word_1_315' title='bbox 2511 2232 2654 2303; x_wconf 83' lang='grc' dir='ltr'>λόγῳ</span> <span class='ocrx_word' id='word_1_316' title='bbox 2702 2229 3054 2302; x_wconf 84' lang='grc' dir='ltr'>σημαίνοντα,</span> <span class='ocrx_word' id='word_1_317' title='bbox 3097 2231 3179 2283; x_wconf 77' lang='grc' dir='ltr'>ὅτι</span> <span class='ocrx_word' id='word_1_318' title='bbox 3214 2231 3313 2302; x_wconf 84' lang='grc' dir='ltr'>τῆς</span> <span class='ocrx_word' id='word_1_319' title='bbox 3358 2229 3553 2292; x_wconf 80' lang='grc' dir='ltr'>κακίας</span> <span class='ocrx_word' id='word_1_320' title='bbox 3589 2225 3711 2280; x_wconf 80' lang='grc' dir='ltr'>ποτὲ</span> 
     </span>
    </p>
   </div>
   <div class='ocr_carea' id='block_1_45' title="bbox 449 2316 2036 2393">
    <p class='ocr_par' dir='ltr' id='par_1_45' title="bbox 449 2318 2034 2391">
     <span class='ocr_line' id='line_1_45' title="bbox 449 2318 2034 2391; baseline 0.003 -19"><span class='ocrx_word' id='word_1_321' title='bbox 449 2318 679 2374; x_wconf 85' lang='lat' dir='ltr'><strong>adversa</strong></span> <span class='ocrx_word' id='word_1_322' title='bbox 730 2321 1120 2391; x_wconf 88' lang='lat' dir='ltr'><strong>contrariaque</strong></span> <span class='ocrx_word' id='word_1_323' title='bbox 1175 2321 1267 2385; x_wconf 85' lang='lat' dir='ltr'><strong>sit,</strong></span> <span class='ocrx_word' id='word_1_324' title='bbox 1327 2330 1383 2376; x_wconf 91' lang='lat' dir='ltr'><strong>et</strong></span> <span class='ocrx_word' id='word_1_325' title='bbox 1434 2321 1491 2376; x_wconf 90' lang='lat' dir='ltr'><strong>in</strong></span> <span class='ocrx_word' id='word_1_326' title='bbox 1522 2321 1777 2376; x_wconf 76' lang='lat' dir='ltr'><strong>humana:</strong></span> <span class='ocrx_word' id='word_1_327' title='bbox 1822 2329 2034 2377; x_wconf 79' lang='lat' dir='ltr'><strong>naturze</strong></span> 
     </span>
    </p>
   </div>
   <div class='ocr_carea' id='block_1_46' title="bbox 2141 2316 3707 2393">
    <p class='ocr_par' dir='ltr' id='par_1_46' title="bbox 2141 2316 3707 2393">
     <span class='ocr_line' id='line_1_46' title="bbox 2141 2316 3707 2393; baseline -0.004 -19"><span class='ocrx_word' id='word_1_328' title='bbox 2141 2323 2259 2386; x_wconf 90' lang='grc' dir='ltr'>ταῖς</span> <span class='ocrx_word' id='word_1_329' title='bbox 2309 2324 2541 2393; x_wconf 81' lang='grc' dir='ltr'>μακραῖς</span> <span class='ocrx_word' id='word_1_330' title='bbox 2595 2322 2703 2376; x_wconf 81' lang='grc' dir='ltr'><strong>τῶν</strong></span> <span class='ocrx_word' id='word_1_331' title='bbox 2736 2320 2946 2375; x_wconf 83' lang='grc' dir='ltr'>αἰώνων</span> <span class='ocrx_word' id='word_1_332' title='bbox 2993 2321 3259 2393; x_wconf 85' lang='grc' dir='ltr'>περιόδοις</span> <span class='ocrx_word' id='word_1_333' title='bbox 3306 2316 3707 2389; x_wconf 86' lang='grc' dir='ltr'>ἀφανισθείσης.</span> 
     </span>
    </p>
   </div>
   <div class='ocr_carea' id='block_1_47' title="bbox 448 2405 2036 2484">
    <p class='ocr_par' dir='ltr' id='par_1_47' title="bbox 448 2408 2032 2484">
     <span class='ocr_line' id='line_1_47' title="bbox 448 2408 2032 2484; baseline 0.004 -20"><span class='ocrx_word' id='word_1_334' title='bbox 448 2408 835 2465; x_wconf 77' lang='lat' dir='ltr'><strong>detrimentum</strong></span> <span class='ocrx_word' id='word_1_335' title='bbox 910 2419 1078 2482; x_wconf 86' lang='lat' dir='ltr'><strong>atque</strong></span> <span class='ocrx_word' id='word_1_336' title='bbox 1138 2413 1436 2481; x_wconf 87' lang='lat' dir='ltr'><strong>perniciem</strong></span> <span class='ocrx_word' id='word_1_337' title='bbox 1505 2413 1837 2479; x_wconf 86' lang='lat' dir='ltr'><strong>incumbat,</strong></span> <span class='ocrx_word' id='word_1_338' title='bbox 1908 2429 2032 2484; x_wconf 70' lang='lat' dir='ltr'><strong>quae</strong></span> 
     </span>
    </p>
   </div>
   <div class='ocr_carea' id='block_1_48' title="bbox 2141 2405 3711 2484">
    <p class='ocr_par' dir='ltr' id='par_1_48' title="bbox 2141 2405 3711 2483">
     <span class='ocr_line' id='line_1_48' title="bbox 2141 2405 3711 2483; baseline -0.006 -18"><span class='ocrx_word' id='word_1_339' title='bbox 2141 2412 2289 2465; x_wconf 76' lang='grc' dir='ltr'>οὐδὲν</span> <span class='ocrx_word' id='word_1_340' title='bbox 2339 2411 2445 2479; x_wconf 78' lang='grc' dir='ltr'><strong>ἐξω</strong></span> <span class='ocrx_word' id='word_1_341' title='bbox 2486 2412 2579 2466; x_wconf 80' lang='grc' dir='ltr'>τοῦ</span> <span class='ocrx_word' id='word_1_342' title='bbox 2624 2413 2829 2482; x_wconf 80' lang='grc' dir='ltr'>ἀγαθοῦ</span> <span class='ocrx_word' id='word_1_343' title='bbox 2874 2411 3387 2483; x_wconf 75' lang='grc' dir='ltr'>καταλειφθήσεται.</span> <span class='ocrx_word' id='word_1_344' title='bbox 3438 2406 3596 2462; x_wconf 83' lang='grc' dir='ltr'>Ἀλλά</span> <span class='ocrx_word' id='word_1_345' title='bbox 3621 2405 3711 2459; x_wconf 71' lang='grc' dir='ltr'>καὶ</span> 
     </span>
    </p>
   </div>
   <div class='ocr_carea' id='block_1_49' title="bbox 446 2496 2036 2577">
    <p class='ocr_par' dir='ltr' id='par_1_49' title="bbox 446 2505 2033 2577">
     <span class='ocr_line' id='line_1_49' title="bbox 446 2505 2033 2577; baseline 0.003 -19"><span class='ocrx_word' id='word_1_346' title='bbox 446 2509 643 2573; x_wconf 78' lang='lat' dir='ltr'><strong>sponte</strong></span> <span class='ocrx_word' id='word_1_347' title='bbox 672 2517 773 2559; x_wconf 86' lang='lat' dir='ltr'><strong>sua</strong></span> <span class='ocrx_word' id='word_1_348' title='bbox 805 2519 835 2558; x_wconf 89' lang='lat' dir='ltr'><strong>a</strong></span> <span class='ocrx_word' id='word_1_349' title='bbox 867 2505 1093 2560; x_wconf 89' lang='lat' dir='ltr'><strong>meliore</strong></span> <span class='ocrx_word' id='word_1_350' title='bbox 1120 2515 1270 2561; x_wconf 86' lang='lat' dir='ltr'><strong>sorte</strong></span> <span class='ocrx_word' id='word_1_351' title='bbox 1302 2506 1569 2561; x_wconf 81' lang='lat' dir='ltr'><strong>exciderit</strong></span> <span class='ocrx_word' id='word_1_352' title='bbox 1594 2515 1761 2577; x_wconf 89' lang='lat' dir='ltr'><strong>atque</strong></span> <span class='ocrx_word' id='word_1_353' title='bbox 1790 2505 2033 2563; x_wconf 79' lang='lat' dir='ltr'><strong>defluxe-</strong></span> 
     </span>
    </p>
   </div>
   <div class='ocr_carea' id='block_1_50' title="bbox 2141 2496 3711 2577">
    <p class='ocr_par' dir='ltr' id='par_1_50' title="bbox 2141 2496 3711 2576">
     <span class='ocr_line' id='line_1_50' title="bbox 2141 2496 3711 2576; baseline -0.003 -20"><span class='ocrx_word' id='word_1_354' title='bbox 2141 2504 2268 2575; x_wconf 75' lang='grc' dir='ltr'>παρ’</span> <span class='ocrx_word' id='word_1_355' title='bbox 2314 2503 2536 2557; x_wconf 76' lang='grc' dir='ltr'>ἐκείνων</span> <span class='ocrx_word' id='word_1_356' title='bbox 2591 2504 2887 2575; x_wconf 82' lang='grc' dir='ltr'>ὁμοφώνως</span> <span class='ocrx_word' id='word_1_357' title='bbox 2933 2504 3045 2576; x_wconf 89' lang='grc'>(87)</span> <span class='ocrx_word' id='word_1_358' title='bbox 3096 2507 3130 2576; x_wconf 74' lang='grc' dir='ltr'><strong>η</strong></span> <span class='ocrx_word' id='word_1_359' title='bbox 3172 2503 3432 2575; x_wconf 86' lang='grc' dir='ltr'>ὁμολογία</span> <span class='ocrx_word' id='word_1_360' title='bbox 3479 2502 3579 2573; x_wconf 81' lang='grc' dir='ltr'>τῆς</span> <span class='ocrx_word' id='word_1_361' title='bbox 3621 2496 3711 2552; x_wconf 76' lang='grc' dir='ltr'>τοῦ</span> 
     </span>
    </p>
   </div>
   <div class='ocr_carea' id='block_1_51' title="bbox 448 2590 2036 2667">
    <p class='ocr_par' dir='ltr' id='par_1_51' title="bbox 448 2590 2027 2666">
     <span class='ocr_line' id='line_1_51' title="bbox 448 2590 2027 2666; baseline 0.004 -21"><span class='ocrx_word' id='word_1_362' title='bbox 448 2590 541 2656; x_wconf 83' lang='lat' dir='ltr'><strong>rit,</strong></span> <span class='ocrx_word' id='word_1_363' title='bbox 576 2598 632 2646; x_wconf 90' lang='lat' dir='ltr'><strong>et</strong></span> <span class='ocrx_word' id='word_1_364' title='bbox 676 2591 730 2646; x_wconf 92' lang='lat' dir='ltr'><strong>in</strong></span> <span class='ocrx_word' id='word_1_365' title='bbox 773 2592 952 2648; x_wconf 91' lang='lat' dir='ltr'><strong>locum</strong></span> <span class='ocrx_word' id='word_1_366' title='bbox 982 2593 1111 2650; x_wconf 90' lang='lat' dir='ltr'><strong>boni</strong></span> <span class='ocrx_word' id='word_1_367' title='bbox 1141 2602 1196 2649; x_wconf 90' lang='lat' dir='ltr'><strong>et</strong></span> <span class='ocrx_word' id='word_1_368' title='bbox 1234 2595 1472 2660; x_wconf 87' lang='lat' dir='ltr'><strong>honesti,</strong></span> <span class='ocrx_word' id='word_1_369' title='bbox 1514 2610 1544 2649; x_wconf 89' lang='lat' dir='ltr'><strong>a</strong></span> <span class='ocrx_word' id='word_1_370' title='bbox 1567 2611 1677 2666; x_wconf 91' lang='lat' dir='ltr'><strong>quo</strong></span> <span class='ocrx_word' id='word_1_371' title='bbox 1717 2595 1940 2662; x_wconf 79' lang='lat' dir='ltr'><strong>defecit,</strong></span> <span class='ocrx_word' id='word_1_372' title='bbox 1974 2595 2027 2652; x_wconf 91' lang='lat' dir='ltr'><strong>id</strong></span> 
     </span>
    </p>
   </div>
   <div class='ocr_carea' id='block_1_52' title="bbox 2141 2590 2926 2667">
    <p class='ocr_par' dir='ltr' id='par_1_52' title="bbox 2141 2592 2926 2667">
     <span class='ocr_line' id='line_1_52' title="bbox 2141 2592 2926 2667; baseline 0.003 -19"><span class='ocrx_word' id='word_1_373' title='bbox 2141 2592 2374 2666; x_wconf 84' lang='grc' dir='ltr'>Χριστοῦ</span> <span class='ocrx_word' id='word_1_374' title='bbox 2408 2597 2726 2667; x_wconf 87' lang='grc' dir='ltr'>κυριότητος</span> <span class='ocrx_word' id='word_1_375' title='bbox 2754 2596 2926 2651; x_wconf 77' lang='grc' dir='ltr'>ἔσται.</span> 
     </span>
    </p>
   </div>
   <div class='ocr_carea' id='block_1_53' title="bbox 446 2678 3711 2758">
    <p class='ocr_par' dir='ltr' id='par_1_53' title="bbox 446 2678 3711 2758">
     <span class='ocr_line' id='line_1_53' title="bbox 446 2678 3711 2758; baseline 0.001 -25"><span class='ocrx_word' id='word_1_376' title='bbox 446 2678 594 2751; x_wconf 89' lang='lat' dir='ltr'><strong>quod</strong></span> <span class='ocrx_word' id='word_1_377' title='bbox 632 2694 698 2734; x_wconf 78' lang='lat' dir='ltr'><strong>ex</strong></span> <span class='ocrx_word' id='word_1_378' title='bbox 730 2682 1012 2737; x_wconf 90' lang='lat' dir='ltr'><strong>contrario</strong></span> <span class='ocrx_word' id='word_1_379' title='bbox 1047 2684 1391 2756; x_wconf 78' lang='lat' dir='ltr'><strong>intelligitur,</strong></span> <span class='ocrx_word' id='word_1_380' title='bbox 1418 2686 1475 2740; x_wconf 91' lang='lat' dir='ltr'><strong>in</strong></span> <span class='ocrx_word' id='word_1_381' title='bbox 1520 2700 1643 2742; x_wconf 89' lang='lat' dir='ltr'><strong>sese</strong></span> <span class='ocrx_word' id='word_1_382' title='bbox 1688 2687 2078 2743; x_wconf 82' lang='lat' dir='ltr'><strong>substituerit:</strong></span> <span class='ocrx_word' id='word_1_383' title='bbox 2112 2702 2272 2758; x_wconf 84' lang='lat' dir='ltr'><strong>quam</strong></span> <span class='ocrx_word' id='word_1_384' title='bbox 2310 2687 2466 2741; x_wconf 89' lang='lat' dir='ltr'><strong>aiunt</strong></span> <span class='ocrx_word' id='word_1_385' title='bbox 2499 2687 2819 2757; x_wconf 87' lang='lat' dir='ltr'><strong>Apostolum</strong></span> <span class='ocrx_word' id='word_1_386' title='bbox 2853 2689 2996 2744; x_wconf 89' lang='lat' dir='ltr'><strong>inter</strong></span> <span class='ocrx_word' id='word_1_387' title='bbox 3034 2689 3396 2745; x_wconf 87' lang='lat' dir='ltr'><strong>subterranea</strong></span> <span class='ocrx_word' id='word_1_388' title='bbox 3421 2698 3474 2744; x_wconf 91' lang='lat' dir='ltr'><strong>et</strong></span> <span class='ocrx_word' id='word_1_389' title='bbox 3503 2685 3711 2740; x_wconf 87' lang='lat' dir='ltr'><strong>inferna</strong></span> 
     </span>
    </p>
   </div>
   <div class='ocr_carea' id='block_1_54' title="bbox 446 2772 3713 2851">
    <p class='ocr_par' dir='ltr' id='par_1_54' title="bbox 446 2772 3713 2851">
     <span class='ocr_line' id='line_1_54' title="bbox 446 2772 3713 2851; baseline 0.001 -24"><span class='ocrx_word' id='word_1_390' title='bbox 446 2786 776 2836; x_wconf 85' lang='lat' dir='ltr'><strong>numerare,</strong></span> <span class='ocrx_word' id='word_1_391' title='bbox 823 2772 877 2827; x_wconf 91' lang='lat' dir='ltr'><strong>id</strong></span> <span class='ocrx_word' id='word_1_392' title='bbox 909 2773 1001 2828; x_wconf 92' lang='lat' dir='ltr'><strong>illo</strong></span> <span class='ocrx_word' id='word_1_393' title='bbox 1036 2789 1291 2831; x_wconf 89' lang='lat' dir='ltr'><strong>sermone</strong></span> <span class='ocrx_word' id='word_1_394' title='bbox 1329 2778 1724 2848; x_wconf 78' lang='lat' dir='ltr'><strong>significantem</strong></span> <span class='ocrx_word' id='word_1_395' title='bbox 1764 2780 1913 2851; x_wconf 92' lang='lat' dir='ltr'><strong>quod</strong></span> <span class='ocrx_word' id='word_1_396' title='bbox 1945 2779 2241 2835; x_wconf 82' lang='lat' dir='ltr'><strong>vitiositate</strong></span> <span class='ocrx_word' id='word_1_397' title='bbox 2285 2778 2465 2846; x_wconf 80' lang='lat' dir='ltr'><strong>longis</strong></span> <span class='ocrx_word' id='word_1_398' title='bbox 2505 2780 2826 2835; x_wconf 71' lang='lat' dir='ltr'><strong>saeculorum</strong></span> <span class='ocrx_word' id='word_1_399' title='bbox 2856 2780 3198 2836; x_wconf 82' lang='lat' dir='ltr'><strong>anfractibus</strong></span> <span class='ocrx_word' id='word_1_400' title='bbox 3225 2794 3278 2837; x_wconf 90' lang='lat' dir='ltr'><strong>et</strong></span> <span class='ocrx_word' id='word_1_401' title='bbox 3306 2778 3713 2836; x_wconf 83' lang='lat' dir='ltr'><strong>circuitionibus</strong></span> 
     </span>
    </p>
   </div>
   <div class='ocr_carea' id='block_1_55' title="bbox 455 2864 3714 2942">
    <p class='ocr_par' dir='ltr' id='par_1_55' title="bbox 455 2864 3714 2942">
     <span class='ocr_line' id='line_1_55' title="bbox 455 2864 3714 2942; baseline 0.001 -21"><span class='ocrx_word' id='word_1_402' title='bbox 455 2864 750 2935; x_wconf 87' lang='lat' dir='ltr'><strong>aliquando</strong></span> <span class='ocrx_word' id='word_1_403' title='bbox 800 2865 1005 2920; x_wconf 89' lang='lat' dir='ltr'><strong>abolita</strong></span> <span class='ocrx_word' id='word_1_404' title='bbox 1062 2873 1225 2936; x_wconf 91' lang='lat' dir='ltr'><strong>atque</strong></span> <span class='ocrx_word' id='word_1_405' title='bbox 1272 2869 1561 2934; x_wconf 72' lang='lat' dir='ltr'><strong>exstincta,</strong></span> <span class='ocrx_word' id='word_1_406' title='bbox 1602 2871 1739 2925; x_wconf 88' lang='lat' dir='ltr'><strong>nihil</strong></span> <span class='ocrx_word' id='word_1_407' title='bbox 1773 2878 1970 2940; x_wconf 60' lang='lat' dir='ltr'><strong>praeter</strong></span> <span class='ocrx_word' id='word_1_408' title='bbox 1998 2872 2203 2928; x_wconf 89' lang='lat' dir='ltr'><strong>bonum</strong></span> <span class='ocrx_word' id='word_1_409' title='bbox 2248 2870 2609 2942; x_wconf 87' lang='lat' dir='ltr'><strong>relinquetur.</strong></span> <span class='ocrx_word' id='word_1_410' title='bbox 2642 2869 2748 2928; x_wconf 89' lang='lat' dir='ltr'><strong>Sed</strong></span> <span class='ocrx_word' id='word_1_411' title='bbox 2784 2874 2949 2928; x_wconf 89' lang='lat' dir='ltr'><strong>etiam</strong></span> <span class='ocrx_word' id='word_1_412' title='bbox 2981 2873 3256 2930; x_wconf 67' lang='lat' dir='ltr'><strong>dmmones</strong></span> <span class='ocrx_word' id='word_1_413' title='bbox 3288 2870 3632 2928; x_wconf 88' lang='lat' dir='ltr'><strong>concorditer</strong></span> <span class='ocrx_word' id='word_1_414' title='bbox 3661 2877 3714 2925; x_wconf 87' lang='lat' dir='ltr'><strong>et</strong></span> 
     </span>
    </p>
   </div>
   <div class='ocr_carea' id='block_1_56' title="bbox 447 2956 2020 3017">
    <p class='ocr_par' dir='ltr' id='par_1_56' title="bbox 447 2956 2020 3017">
     <span class='ocr_line' id='line_1_56' title="bbox 447 2956 2020 3017; baseline 0.001 -2"><span class='ocrx_word' id='word_1_415' title='bbox 447 2957 860 3015; x_wconf 86' lang='lat' dir='ltr'><strong>consentienter</strong></span> <span class='ocrx_word' id='word_1_416' title='bbox 888 2956 1319 3012; x_wconf 86' lang='lat' dir='ltr'><strong>dominationem</strong></span> <span class='ocrx_word' id='word_1_417' title='bbox 1357 2957 1558 3014; x_wconf 89' lang='lat' dir='ltr'><strong>Christi</strong></span> <span class='ocrx_word' id='word_1_418' title='bbox 1588 2961 2020 3017; x_wconf 81' lang='lat' dir='ltr'><strong>confitebuntur.</strong></span> 
     </span>
    </p>
   </div>
   <div class='ocr_carea' id='block_1_57' title="bbox 519 3047 2036 3129">
    <p class='ocr_par' dir='ltr' id='par_1_57' title="bbox 519 3047 2036 3124">
     <span class='ocr_line' id='line_1_57' title="bbox 519 3047 2036 3124; baseline 0.004 -21"><span class='ocrx_word' id='word_1_419' title='bbox 519 3047 793 3116; x_wconf 84' lang='lat' dir='ltr'><strong>Quocirca</strong></span> <span class='ocrx_word' id='word_1_420' title='bbox 841 3063 967 3103; x_wconf 91' lang='lat' dir='ltr'><strong>cum</strong></span> <span class='ocrx_word' id='word_1_421' title='bbox 1012 3047 1128 3104; x_wconf 84' lang='lat' dir='ltr'><strong>haec</strong></span> <span class='ocrx_word' id='word_1_422' title='bbox 1177 3049 1254 3104; x_wconf 90' lang='lat' dir='ltr'><strong>ita</strong></span> <span class='ocrx_word' id='word_1_423' title='bbox 1299 3050 1430 3117; x_wconf 91' lang='lat' dir='ltr'><strong>sint,</strong></span> <span class='ocrx_word' id='word_1_424' title='bbox 1480 3065 1641 3107; x_wconf 90' lang='lat' dir='ltr'><strong>nemo</strong></span> <span class='ocrx_word' id='word_1_425' title='bbox 1667 3067 1771 3108; x_wconf 93' lang='lat' dir='ltr'><strong>nos</strong></span> <span class='ocrx_word' id='word_1_426' title='bbox 1799 3054 2036 3124; x_wconf 80' lang='lat' dir='ltr'><strong>coegerit</strong></span> 
     </span>
    </p>
   </div>
   <div class='ocr_carea' id='block_1_58' title="bbox 2141 3047 3712 3129">
    <p class='ocr_par' dir='ltr' id='par_1_58' title="bbox 2213 3054 3712 3129">
     <span class='ocr_line' id='line_1_58' title="bbox 2213 3054 3712 3129; baseline 0.001 -19"><span class='ocrx_word' id='word_1_427' title='bbox 2213 3057 2429 3112; x_wconf 86' lang='grc' dir='ltr'>Τούτων</span> <span class='ocrx_word' id='word_1_428' title='bbox 2457 3055 2569 3129; x_wconf 89' lang='grc'>(88)</span> <span class='ocrx_word' id='word_1_429' title='bbox 2603 3054 2777 3119; x_wconf 81' lang='grc' dir='ltr'>οὑτως</span> <span class='ocrx_word' id='word_1_430' title='bbox 2822 3055 3072 3127; x_wconf 90' lang='grc' dir='ltr'>ἐχόντων,</span> <span class='ocrx_word' id='word_1_431' title='bbox 3123 3056 3299 3110; x_wconf 81' lang='grc' dir='ltr'>οὐκέτ’</span> <span class='ocrx_word' id='word_1_432' title='bbox 3338 3055 3404 3111; x_wconf 80' lang='grc' dir='ltr'>ἄν</span> <span class='ocrx_word' id='word_1_433' title='bbox 3444 3072 3530 3119; x_wconf 84' lang='grc' dir='ltr'><strong>τις</strong></span> <span class='ocrx_word' id='word_1_434' title='bbox 3571 3054 3712 3125; x_wconf 77' lang='grc' dir='ltr'>ἡμᾶς</span> 
     </span>
    </p>
   </div>
   <div class='ocr_carea' id='block_1_59' title="bbox 451 3141 2036 3218">
    <p class='ocr_par' dir='ltr' id='par_1_59' title="bbox 451 3141 2036 3201">
     <span class='ocr_line' id='line_1_59' title="bbox 451 3141 2036 3201; baseline 0.001 -4"><span class='ocrx_word' id='word_1_435' title='bbox 451 3142 937 3197; x_wconf 84' lang='lat' dir='ltr'><strong>subterraneorum</strong></span> <span class='ocrx_word' id='word_1_436' title='bbox 998 3152 1052 3197; x_wconf 91' lang='lat' dir='ltr'><strong>et</strong></span> <span class='ocrx_word' id='word_1_437' title='bbox 1099 3141 1440 3198; x_wconf 83' lang='lat' dir='ltr'><strong>infernarum</strong></span> <span class='ocrx_word' id='word_1_438' title='bbox 1489 3144 1711 3199; x_wconf 88' lang='lat' dir='ltr'><strong>nomine</strong></span> <span class='ocrx_word' id='word_1_439' title='bbox 1762 3144 2036 3201; x_wconf 87' lang='lat' dir='ltr'><strong>subterra-</strong></span> 
     </span>
    </p>
   </div>
   <div class='ocr_carea' id='block_1_60' title="bbox 2141 3141 3712 3218">
    <p class='ocr_par' dir='ltr' id='par_1_60' title="bbox 2141 3144 3712 3218">
     <span class='ocr_line' id='line_1_60' title="bbox 2141 3144 3712 3218; baseline -0.003 -20"><span class='ocrx_word' id='word_1_440' title='bbox 2141 3145 2434 3214; x_wconf 74' lang='grc' dir='ltr'>ἀναγκάζοι</span> <span class='ocrx_word' id='word_1_441' title='bbox 2459 3145 2538 3218; x_wconf 80' lang='grc' dir='ltr'><strong>τῷ</strong></span> <span class='ocrx_word' id='word_1_442' title='bbox 2566 3145 2673 3199; x_wconf 85' lang='grc' dir='ltr'><strong>τῶν</strong></span> <span class='ocrx_word' id='word_1_443' title='bbox 2705 3145 3070 3218; x_wconf 83' lang='grc' dir='ltr'>καταχθονίων</span> <span class='ocrx_word' id='word_1_444' title='bbox 3093 3147 3315 3218; x_wconf 88' lang='grc' dir='ltr'>ὁνόματι</span> <span class='ocrx_word' id='word_1_445' title='bbox 3348 3146 3438 3203; x_wconf 84' lang='grc' dir='ltr'>τὸν</span> <span class='ocrx_word' id='word_1_446' title='bbox 3467 3144 3712 3213; x_wconf 86' lang='grc' dir='ltr'>ὑπόγειον</span> 
     </span>
    </p>
   </div>
   <div class='ocr_carea' id='block_1_61' title="bbox 450 3231 2036 3308">
    <p class='ocr_par' dir='ltr' id='par_1_61' title="bbox 450 3231 2036 3304">
     <span class='ocr_line' id='line_1_61' title="bbox 450 3231 2036 3304; baseline 0.001 -16"><span class='ocrx_word' id='word_1_447' title='bbox 450 3247 615 3289; x_wconf 86' lang='lat' dir='ltr'><strong>neum</strong></span> <span class='ocrx_word' id='word_1_448' title='bbox 639 3231 943 3301; x_wconf 84' lang='lat' dir='ltr'><strong>intelligere</strong></span> <span class='ocrx_word' id='word_1_449' title='bbox 960 3231 1162 3295; x_wconf 88' lang='lat' dir='ltr'><strong>locum,</strong></span> <span class='ocrx_word' id='word_1_450' title='bbox 1202 3232 1405 3303; x_wconf 90' lang='lat' dir='ltr'><strong>quippe</strong></span> <span class='ocrx_word' id='word_1_451' title='bbox 1443 3249 1569 3288; x_wconf 88' lang='lat' dir='ltr'><strong>cum</strong></span> <span class='ocrx_word' id='word_1_452' title='bbox 1617 3248 1712 3289; x_wconf 90' lang='lat' dir='ltr'><strong>aer</strong></span> <span class='ocrx_word' id='word_1_453' title='bbox 1754 3235 2036 3304; x_wconf 66' lang='lat' dir='ltr'><strong>aequaliter</strong></span> 
     </span>
    </p>
   </div>
   <div class='ocr_carea' id='block_1_62' title="bbox 2141 3231 3713 3308">
    <p class='ocr_par' dir='ltr' id='par_1_62' title="bbox 2141 3233 3713 3308">
     <span class='ocr_line' id='line_1_62' title="bbox 2141 3233 3713 3308; baseline -0.002 -21"><span class='ocrx_word' id='word_1_454' title='bbox 2141 3233 2336 3289; x_wconf 81' lang='grc' dir='ltr'>ἐννοεῖν</span> <span class='ocrx_word' id='word_1_455' title='bbox 2367 3237 2573 3308; x_wconf 85' lang='grc' dir='ltr'>χῶρον·</span> <span class='ocrx_word' id='word_1_456' title='bbox 2608 3238 2803 3307; x_wconf 89' lang='grc' dir='ltr'>ἐπίσης</span> <span class='ocrx_word' id='word_1_457' title='bbox 2830 3236 2922 3290; x_wconf 82' lang='grc' dir='ltr'>τοῦ</span> <span class='ocrx_word' id='word_1_458' title='bbox 2945 3237 3105 3307; x_wconf 82' lang='grc' dir='ltr'>ἀέρος</span> <span class='ocrx_word' id='word_1_459' title='bbox 3140 3237 3474 3307; x_wconf 83' lang='grc' dir='ltr'>πανταχόθεν</span> <span class='ocrx_word' id='word_1_460' title='bbox 3505 3248 3713 3307; x_wconf 85' lang='grc' dir='ltr'>περικε-</span> 
     </span>
    </p>
   </div>
   <div class='ocr_carea' id='block_1_63' title="bbox 458 3321 2036 3399">
    <p class='ocr_par' dir='ltr' id='par_1_63' title="bbox 458 3321 2036 3399">
     <span class='ocr_line' id='line_1_63' title="bbox 458 3321 2036 3399; baseline 0.005 -22"><span class='ocrx_word' id='word_1_461' title='bbox 458 3321 701 3391; x_wconf 88' lang='lat' dir='ltr'><strong>undique</strong></span> <span class='ocrx_word' id='word_1_462' title='bbox 730 3330 891 3377; x_wconf 80' lang='lat' dir='ltr'><strong>terrae</strong></span> <span class='ocrx_word' id='word_1_463' title='bbox 934 3323 1303 3380; x_wconf 87' lang='lat' dir='ltr'><strong>circumfusus</strong></span> <span class='ocrx_word' id='word_1_464' title='bbox 1331 3326 1425 3391; x_wconf 90' lang='lat' dir='ltr'><strong>sit,</strong></span> <span class='ocrx_word' id='word_1_465' title='bbox 1449 3334 1511 3381; x_wconf 92' lang='lat' dir='ltr'><strong>ut</strong></span> <span class='ocrx_word' id='word_1_466' title='bbox 1535 3327 1686 3382; x_wconf 89' lang='lat' dir='ltr'><strong>nulla</strong></span> <span class='ocrx_word' id='word_1_467' title='bbox 1732 3326 1856 3396; x_wconf 90' lang='lat' dir='ltr'><strong>ejus</strong></span> <span class='ocrx_word' id='word_1_468' title='bbox 1907 3342 2036 3399; x_wconf 86' lang='lat' dir='ltr'><strong>pars</strong></span> 
     </span>
    </p>
   </div>
   <div class='ocr_carea' id='block_1_64' title="bbox 2141 3321 3707 3399">
    <p class='ocr_par' dir='ltr' id='par_1_64' title="bbox 2141 3321 3707 3399">
     <span class='ocr_line' id='line_1_64' title="bbox 2141 3321 3707 3399; baseline -0.02 0"><span class='ocrx_word' id='word_1_469' title='bbox 2141 3326 2374 3398; x_wconf 74' lang='grc' dir='ltr'>χυμένω)</span> <span class='ocrx_word' id='word_1_470' title='bbox 2394 3331 2459 3399; x_wconf 73' lang='grc' dir='ltr'><strong>τῇ</strong></span> <span class='ocrx_word' id='word_1_471' title='bbox 2479 3329 2572 3399; x_wconf 69' lang='grc' dir='ltr'><strong>γῇ,</strong></span> <span class='ocrx_word' id='word_1_472' title='bbox 2588 3326 2663 3389; x_wconf 81' lang='grc' dir='ltr'>ὡς</span> <span class='ocrx_word' id='word_1_473' title='bbox 2682 3325 2847 3396; x_wconf 78' lang='grc' dir='ltr'>μηδὲν</span> <span class='ocrx_word' id='word_1_474' title='bbox 2863 3324 3034 3394; x_wconf 79' lang='grc' dir='ltr'>αὐτῆς</span> <span class='ocrx_word' id='word_1_475' title='bbox 3048 3325 3211 3394; x_wconf 81' lang='grc' dir='ltr'>μέρος</span> <span class='ocrx_word' id='word_1_476' title='bbox 3233 3324 3437 3394; x_wconf 74' lang='grc' dir='ltr'>γυμνὸν</span> <span class='ocrx_word' id='word_1_477' title='bbox 3450 3321 3550 3389; x_wconf 84' lang='grc' dir='ltr'>τῆς</span> <span class='ocrx_word' id='word_1_478' title='bbox 3567 3335 3630 3371; x_wconf 90' lang='grc' dir='ltr'><strong>πε</strong></span> <span class='ocrx_word' id='word_1_479' title='bbox 3639 3333 3707 3387; x_wconf 87' lang='grc' dir='ltr'>ρι-</span> 
     </span>
    </p>
   </div>
   <div class='ocr_carea' id='block_1_65' title="bbox 449 3408 2036 3491">
    <p class='ocr_par' dir='ltr' id='par_1_65' title="bbox 449 3414 2034 3489">
     <span class='ocr_line' id='line_1_65' title="bbox 449 3414 2034 3489; baseline 0.002 -20"><span class='ocrx_word' id='word_1_480' title='bbox 449 3416 520 3469; x_wconf 89' lang='lat' dir='ltr'><strong>ab</strong></span> <span class='ocrx_word' id='word_1_481' title='bbox 550 3414 696 3468; x_wconf 87' lang='lat' dir='ltr'><strong>aeris</strong></span> <span class='ocrx_word' id='word_1_482' title='bbox 727 3415 980 3484; x_wconf 82' lang='lat' dir='ltr'><strong>amplexu</strong></span> <span class='ocrx_word' id='word_1_483' title='bbox 1035 3430 1206 3471; x_wconf 88' lang='lat' dir='ltr'><strong>vacua</strong></span> <span class='ocrx_word' id='word_1_484' title='bbox 1242 3432 1306 3471; x_wconf 87' lang='lat' dir='ltr'><strong>ac</strong></span> <span class='ocrx_word' id='word_1_485' title='bbox 1364 3418 1509 3473; x_wconf 89' lang='lat' dir='ltr'><strong>nuda</strong></span> <span class='ocrx_word' id='word_1_486' title='bbox 1571 3419 2034 3489; x_wconf 88' lang='lat' dir='ltr'><strong>deprehendatur.</strong></span> 
     </span>
    </p>
   </div>
   <div class='ocr_carea' id='block_1_66' title="bbox 2141 3408 3709 3491">
    <p class='ocr_par' dir='ltr' id='par_1_66' title="bbox 2141 3408 3709 3491">
     <span class='ocr_line' id='line_1_66' title="bbox 2141 3408 3709 3491; baseline -0.004 -21"><span class='ocrx_word' id='word_1_487' title='bbox 2141 3418 2302 3489; x_wconf 75' lang='grc' dir='ltr'>ϐολῆς</span> <span class='ocrx_word' id='word_1_488' title='bbox 2325 3418 2419 3472; x_wconf 76' lang='grc' dir='ltr'><strong>τοῦ</strong></span> <span class='ocrx_word' id='word_1_489' title='bbox 2437 3419 2595 3491; x_wconf 86' lang='grc' dir='ltr'>ἀέρος</span> <span class='ocrx_word' id='word_1_490' title='bbox 2618 3414 3154 3487; x_wconf 72' lang='grc' dir='ltr'>καταλαμϐάνεσθαι.</span> <span class='ocrx_word' id='word_1_491' title='bbox 3171 3416 3309 3469; x_wconf 83' lang='grc' dir='ltr'><strong>-Γ.</strong></span> <span class='ocrx_word' id='word_1_492' title='bbox 3330 3413 3515 3469; x_wconf 80' lang='grc' dir='ltr'>Ταῦτα</span> <span class='ocrx_word' id='word_1_493' title='bbox 3530 3412 3587 3464; x_wconf 83' lang='grc' dir='ltr'>δὲ</span> <span class='ocrx_word' id='word_1_494' title='bbox 3604 3408 3709 3481; x_wconf 88' lang='grc'>(89)</span> 
     </span>
    </p>
   </div>
   <div class='ocr_carea' id='block_1_67' title="bbox 451 3501 2036 3582">
    <p class='ocr_par' dir='ltr' id='par_1_67' title="bbox 451 3504 2032 3582">
     <span class='ocr_line' id='line_1_67' title="bbox 451 3504 2032 3582; baseline 0.001 -18"><span class='ocrx_word' id='word_1_495' title='bbox 451 3504 730 3564; x_wconf 76' lang='lat' dir='ltr'><strong>—G.H:ec</strong></span> <span class='ocrx_word' id='word_1_496' title='bbox 742 3504 832 3560; x_wconf 92' lang='lat' dir='ltr'><strong>ubi</strong></span> <span class='ocrx_word' id='word_1_497' title='bbox 849 3506 1100 3577; x_wconf 86' lang='lat' dir='ltr'><strong>magistra</strong></span> <span class='ocrx_word' id='word_1_498' title='bbox 1124 3507 1385 3580; x_wconf 77' lang='lat' dir='ltr'><strong>exposuit,</strong></span> <span class='ocrx_word' id='word_1_499' title='bbox 1407 3509 1680 3582; x_wconf 89' lang='lat' dir='ltr'><strong>paulisper</strong></span> <span class='ocrx_word' id='word_1_500' title='bbox 1713 3518 2032 3576; x_wconf 88' lang='lat' dir='ltr'><strong>cunctatus,</strong></span> 
     </span>
    </p>
   </div>
   <div class='ocr_carea' id='block_1_68' title="bbox 2141 3501 3711 3582">
    <p class='ocr_par' dir='ltr' id='par_1_68' title="bbox 2141 3501 3711 3577">
     <span class='ocr_line' id='line_1_68' title="bbox 2141 3501 3711 3577; baseline -0.008 -16"><span class='ocrx_word' id='word_1_501' title='bbox 2141 3507 2509 3577; x_wconf 83' lang='grc' dir='ltr'>διεξελθούσης</span> <span class='ocrx_word' id='word_1_502' title='bbox 2543 3507 2641 3576; x_wconf 83' lang='grc' dir='ltr'>τῆς</span> <span class='ocrx_word' id='word_1_503' title='bbox 2669 3503 3009 3570; x_wconf 82' lang='grc' dir='ltr'>διδασκάλου,</span> <span class='ocrx_word' id='word_1_504' title='bbox 3042 3503 3235 3575; x_wconf 81' lang='grc' dir='ltr'>μικρὸν</span> <span class='ocrx_word' id='word_1_505' title='bbox 3267 3503 3527 3575; x_wconf 83' lang='grc' dir='ltr'>ἐπισχὼν,</span> <span class='ocrx_word' id='word_1_506' title='bbox 3551 3501 3711 3555; x_wconf 78' lang='grc' dir='ltr'>Οὖπω</span> 
     </span>
    </p>
   </div>
   <div class='ocr_carea' id='block_1_69' title="bbox 447 3594 2033 3672">
    <p class='ocr_par' dir='ltr' id='par_1_69' title="bbox 447 3594 2033 3672">
     <span class='ocr_line' id='line_1_69' title="bbox 447 3594 2033 3672; baseline 0.003 -23"><span class='ocrx_word' id='word_1_507' title='bbox 447 3594 724 3663; x_wconf 86' lang='lat' dir='ltr'><strong>Nondum,</strong></span> <span class='ocrx_word' id='word_1_508' title='bbox 754 3597 999 3666; x_wconf 87' lang='lat' dir='ltr'><strong>inquam,</strong></span> <span class='ocrx_word' id='word_1_509' title='bbox 1026 3599 1161 3653; x_wconf 84' lang='lat' dir='ltr'><strong>satis</strong></span> <span class='ocrx_word' id='word_1_510' title='bbox 1192 3598 1445 3667; x_wconf 66' lang='lat' dir='ltr'><strong>quaesivi,</strong></span> <span class='ocrx_word' id='word_1_511' title='bbox 1478 3614 1581 3654; x_wconf 83' lang='lat' dir='ltr'><strong>nec</strong></span> <span class='ocrx_word' id='word_1_512' title='bbox 1603 3601 1733 3655; x_wconf 89' lang='lat' dir='ltr'><strong>mihi</strong></span> <span class='ocrx_word' id='word_1_513' title='bbox 1759 3601 2033 3672; x_wconf 66' lang='lat' dir='ltr'><strong>quaerenti</strong></span> 
     </span>
    </p>
   </div>
   <div class='ocr_carea' id='block_1_70' title="bbox 451 3688 2035 3767">
    <p class='ocr_par' dir='ltr' id='par_1_70' title="bbox 451 3688 2035 3767">
     <span class='ocr_line' id='line_1_70' title="bbox 451 3688 2035 3767; baseline 0.003 -23"><span class='ocrx_word' id='word_1_514' title='bbox 451 3688 795 3744; x_wconf 82' lang='lat' dir='ltr'><strong>satisfactum</strong></span> <span class='ocrx_word' id='word_1_515' title='bbox 843 3697 978 3743; x_wconf 84' lang='lat' dir='ltr'><strong>est:</strong></span> <span class='ocrx_word' id='word_1_516' title='bbox 1033 3690 1127 3743; x_wconf 90' lang='lat' dir='ltr'><strong>sed</strong></span> <span class='ocrx_word' id='word_1_517' title='bbox 1186 3689 1353 3743; x_wconf 89' lang='lat' dir='ltr'><strong>etiam</strong></span> <span class='ocrx_word' id='word_1_518' title='bbox 1407 3707 1556 3747; x_wconf 89' lang='lat' dir='ltr'><strong>nunc</strong></span> <span class='ocrx_word' id='word_1_519' title='bbox 1597 3708 1766 3767; x_wconf 88' lang='lat' dir='ltr'><strong>super</strong></span> <span class='ocrx_word' id='word_1_520' title='bbox 1803 3694 1869 3752; x_wconf 92' lang='lat' dir='ltr'><strong>iis</strong></span> <span class='ocrx_word' id='word_1_521' title='bbox 1914 3709 2035 3764; x_wconf 70' lang='lat' dir='ltr'><strong>qua:</strong></span> 
     </span>
    </p>
   </div>
   <div class='ocr_carea' id='block_1_71' title="bbox 366 3778 2031 3849">
    <p class='ocr_par' dir='ltr' id='par_1_71' title="bbox 366 3778 2031 3849">
     <span class='ocr_line' id='line_1_71' title="bbox 366 3778 2031 3849; baseline 0.002 -17"><span class='ocrx_word' id='word_1_522' title='bbox 366 3826 372 3832; x_wconf 90' lang='lat'><strong>.</strong></span> <span class='ocrx_word' id='word_1_523' title='bbox 455 3779 603 3833; x_wconf 77' lang='lat' dir='ltr'><strong>dicta</strong></span> <span class='ocrx_word' id='word_1_524' title='bbox 632 3786 761 3832; x_wconf 87' lang='lat' dir='ltr'><strong>sunt</strong></span> <span class='ocrx_word' id='word_1_525' title='bbox 786 3795 938 3833; x_wconf 88' lang='lat' dir='ltr'><strong>mens</strong></span> <span class='ocrx_word' id='word_1_526' title='bbox 961 3778 1213 3849; x_wconf 84' lang='lat' dir='ltr'><strong>ambigua</strong></span> <span class='ocrx_word' id='word_1_527' title='bbox 1252 3780 1384 3833; x_wconf 89' lang='lat' dir='ltr'><strong>mihi</strong></span> <span class='ocrx_word' id='word_1_528' title='bbox 1407 3781 1808 3849; x_wconf 83' lang='lat' dir='ltr'><strong>quodammodo</strong></span> <span class='ocrx_word' id='word_1_529' title='bbox 1830 3792 2031 3848; x_wconf 89' lang='lat' dir='ltr'><strong>manet,</strong></span> 
     </span>
    </p>
   </div>
   <div class='ocr_carea' id='block_1_72' title="bbox 452 3867 2037 3941">
    <p class='ocr_par' dir='ltr' id='par_1_72' title="bbox 452 3867 2037 3941">
     <span class='ocr_line' id='line_1_72' title="bbox 452 3867 2037 3941; baseline 0.001 -17"><span class='ocrx_word' id='word_1_530' title='bbox 452 3884 519 3924; x_wconf 90' lang='lat' dir='ltr'><strong>ac</strong></span> <span class='ocrx_word' id='word_1_531' title='bbox 549 3884 704 3939; x_wconf 89' lang='lat' dir='ltr'><strong>rogo,</strong></span> <span class='ocrx_word' id='word_1_532' title='bbox 744 3878 803 3923; x_wconf 93' lang='lat' dir='ltr'><strong>ut</strong></span> <span class='ocrx_word' id='word_1_533' title='bbox 832 3867 1058 3923; x_wconf 86' lang='lat' dir='ltr'><strong>omissis</strong></span> <span class='ocrx_word' id='word_1_534' title='bbox 1091 3868 1311 3938; x_wconf 89' lang='lat' dir='ltr'><strong>quidem</strong></span> <span class='ocrx_word' id='word_1_535' title='bbox 1349 3870 1417 3926; x_wconf 90' lang='lat' dir='ltr'><strong>iis</strong></span> <span class='ocrx_word' id='word_1_536' title='bbox 1447 3871 1514 3925; x_wconf 92' lang='lat' dir='ltr'><strong>de</strong></span> <span class='ocrx_word' id='word_1_537' title='bbox 1542 3871 1744 3941; x_wconf 85' lang='lat' dir='ltr'><strong>quibus</strong></span> <span class='ocrx_word' id='word_1_538' title='bbox 1764 3871 1879 3941; x_wconf 89' lang='lat' dir='ltr'><strong>jam</strong></span> <span class='ocrx_word' id='word_1_539' title='bbox 1907 3888 2037 3927; x_wconf 88' lang='lat' dir='ltr'><strong>con-</strong></span> 
     </span>
    </p>
   </div>
   <div class='ocr_carea' id='block_1_73' title="bbox 450 3958 2034 4031">
    <p class='ocr_par' dir='ltr' id='par_1_73' title="bbox 450 3958 2034 4031">
     <span class='ocr_line' id='line_1_73' title="bbox 450 3958 2034 4031; baseline 0.001 -17"><span class='ocrx_word' id='word_1_540' title='bbox 450 3959 599 4015; x_wconf 82' lang='lat' dir='ltr'><strong>venit</strong></span> <span class='ocrx_word' id='word_1_541' title='bbox 619 3959 761 4013; x_wconf 89' lang='lat' dir='ltr'><strong>inter</strong></span> <span class='ocrx_word' id='word_1_542' title='bbox 786 3973 908 4020; x_wconf 90' lang='lat' dir='ltr'><strong>nos,</strong></span> <span class='ocrx_word' id='word_1_543' title='bbox 950 3958 1016 4011; x_wconf 91' lang='lat' dir='ltr'><strong>ad</strong></span> <span class='ocrx_word' id='word_1_544' title='bbox 1053 3958 1302 4014; x_wconf 90' lang='lat' dir='ltr'><strong>eamdem</strong></span> <span class='ocrx_word' id='word_1_545' title='bbox 1352 3961 1802 4031; x_wconf 89' lang='lat' dir='ltr'><strong>consequentiam</strong></span> <span class='ocrx_word' id='word_1_546' title='bbox 1833 3962 2034 4016; x_wconf 85' lang='lat' dir='ltr'><strong>iterum</strong></span> 
     </span>
    </p>
   </div>
   <div class='ocr_carea' id='block_1_74' title="bbox 452 4036 2037 4111">
    <p class='ocr_par' dir='ltr' id='par_1_74' title="bbox 452 4036 2037 4111">
     <span class='ocr_line' id='line_1_74' title="bbox 452 4036 2037 4111; baseline 0.004 -7"><span class='ocrx_word' id='word_1_547' title='bbox 452 4051 633 4105; x_wconf 90' lang='lat' dir='ltr'><strong>oratio</strong></span> <span class='ocrx_word' id='word_1_548' title='bbox 662 4049 795 4103; x_wconf 88' lang='lat' dir='ltr'><strong>mihi</strong></span> <span class='ocrx_word' id='word_1_549' title='bbox 819 4049 1132 4105; x_wconf 86' lang='lat' dir='ltr'><strong>reducatur.</strong></span> <span class='ocrx_word' id='word_1_550' title='bbox 1154 4048 1287 4105; x_wconf 86' lang='lat' dir='ltr'><strong>Nam</strong></span> <span class='ocrx_word' id='word_1_551' title='bbox 1312 4051 1455 4107; x_wconf 88' lang='lat' dir='ltr'><strong>haud</strong></span> <span class='ocrx_word' id='word_1_552' title='bbox 1482 4036 1769 4109; x_wconf 70' lang='lat' dir='ltr'><strong>difﬁculter</strong></span> <span class='ocrx_word' id='word_1_553' title='bbox 1797 4055 2037 4111; x_wconf 88' lang='lat' dir='ltr'><strong>arbitror</strong></span> 
     </span>
    </p>
   </div>
   <div class='ocr_carea' id='block_1_75' title="bbox 452 4116 2035 4219">
    <p class='ocr_par' dir='ltr' id='par_1_75' title="bbox 452 4116 2035 4219">
     <span class='ocr_line' id='line_1_75' title="bbox 452 4116 2035 4219; baseline 0.003 -21"><span class='ocrx_word' id='word_1_554' title='bbox 452 4142 676 4211; x_wconf 89' lang='lat' dir='ltr'><strong>eos,qui</strong></span> <span class='ocrx_word' id='word_1_555' title='bbox 698 4157 804 4194; x_wconf 89' lang='lat' dir='ltr'><strong>non</strong></span> <span class='ocrx_word' id='word_1_556' title='bbox 822 4141 1117 4195; x_wconf 87' lang='lat' dir='ltr'><strong>admodum</strong></span> <span class='ocrx_word' id='word_1_557' title='bbox 1137 4141 1267 4196; x_wconf 70' lang='lat' dir='ltr'><strong>‘duri</strong></span> <span class='ocrx_word' id='word_1_558' title='bbox 1284 4158 1345 4197; x_wconf 86' lang='lat' dir='ltr'><strong>ac</strong></span> <span class='ocrx_word' id='word_1_559' title='bbox 1366 4146 1676 4213; x_wconf 88' lang='lat' dir='ltr'><strong>pcrvicaces</strong></span> <span class='ocrx_word' id='word_1_560' title='bbox 1703 4116 1833 4212; x_wconf 60' lang='lat' dir='ltr'><strong>sint,</strong></span> <span class='ocrx_word' id='word_1_561' title='bbox 1850 4164 1948 4219; x_wconf 91' lang='lat' dir='ltr'><strong>per</strong></span> <span class='ocrx_word' id='word_1_562' title='bbox 1971 4164 2035 4204; x_wconf 89' lang='lat' dir='ltr'><strong>ea</strong></span> 
     </span>
    </p>
   </div>
   <div class='ocr_carea' id='block_1_76' title="bbox 450 4233 2038 4309">
    <p class='ocr_par' dir='ltr' id='par_1_76' title="bbox 450 4233 2038 4309">
     <span class='ocr_line' id='line_1_76' title="bbox 450 4233 2038 4309; baseline 0.005 -21"><span class='ocrx_word' id='word_1_563' title='bbox 450 4249 577 4305; x_wconf 70' lang='lat' dir='ltr'><strong>qua:</strong></span> <span class='ocrx_word' id='word_1_564' title='bbox 600 4234 746 4288; x_wconf 88' lang='lat' dir='ltr'><strong>dicta</strong></span> <span class='ocrx_word' id='word_1_565' title='bbox 777 4241 906 4289; x_wconf 89' lang='lat' dir='ltr'><strong>sunt</strong></span> <span class='ocrx_word' id='word_1_566' title='bbox 936 4233 1221 4288; x_wconf 88' lang='lat' dir='ltr'><strong>inductum</strong></span> <span class='ocrx_word' id='word_1_567' title='bbox 1255 4236 1343 4299; x_wconf 89' lang='lat' dir='ltr'><strong>iri,</strong></span> <span class='ocrx_word' id='word_1_568' title='bbox 1376 4252 1442 4291; x_wconf 91' lang='lat' dir='ltr'><strong>ue</strong></span> <span class='ocrx_word' id='word_1_569' title='bbox 1464 4249 1586 4306; x_wconf 88' lang='lat' dir='ltr'><strong>post</strong></span> <span class='ocrx_word' id='word_1_570' title='bbox 1605 4254 1897 4309; x_wconf 89' lang='lat' dir='ltr'><strong>corporum</strong></span> <span class='ocrx_word' id='word_1_571' title='bbox 1928 4242 2038 4296; x_wconf 89' lang='lat' dir='ltr'><strong>dis-</strong></span> 
     </span>
    </p>
   </div>
   <div class='ocr_carea' id='block_1_77' title="bbox 454 4324 2036 4389">
    <p class='ocr_par' dir='ltr' id='par_1_77' title="bbox 454 4324 2036 4389">
     <span class='ocr_line' id='line_1_77' title="bbox 454 4324 2036 4389; baseline 0.002 -8"><span class='ocrx_word' id='word_1_572' title='bbox 454 4325 813 4389; x_wconf 83' lang='lat' dir='ltr'><strong>solutionem,</strong></span> <span class='ocrx_word' id='word_1_573' title='bbox 848 4324 1087 4387; x_wconf 87' lang='lat' dir='ltr'><strong>animam</strong></span> <span class='ocrx_word' id='word_1_574' title='bbox 1112 4324 1315 4380; x_wconf 88' lang='lat' dir='ltr'><strong>ducant</strong></span> <span class='ocrx_word' id='word_1_575' title='bbox 1345 4324 1414 4380; x_wconf 89' lang='lat' dir='ltr'><strong>ad</strong></span> <span class='ocrx_word' id='word_1_576' title='bbox 1453 4326 1733 4381; x_wconf 91' lang='lat' dir='ltr'><strong>interitum</strong></span> <span class='ocrx_word' id='word_1_577' title='bbox 1759 4337 1814 4384; x_wconf 83' lang='lat' dir='ltr'><strong>et</strong></span> <span class='ocrx_word' id='word_1_578' title='bbox 1861 4330 2036 4385; x_wconf 86' lang='lat' dir='ltr'><strong>aboli-</strong></span> 
     </span>
    </p>
   </div>
   <div class='ocr_carea' id='block_1_78' title="bbox 2140 3588 3711 3670">
    <p class='ocr_par' dir='ltr' id='par_1_78' title="bbox 2140 3588 3711 3670">
     <span class='ocr_line' id='line_1_78' title="bbox 2140 3588 3711 3670; baseline -0.006 -19"><span class='ocrx_word' id='word_1_579' title='bbox 2140 3599 2336 3662; x_wconf 84' lang='grc' dir='ltr'>ίκανῶς</span> <span class='ocrx_word' id='word_1_580' title='bbox 2368 3598 2495 3670; x_wconf 85' lang='grc' dir='ltr'>έχω,</span> <span class='ocrx_word' id='word_1_581' title='bbox 2522 3597 2685 3667; x_wconf 75' lang='grc' dir='ltr'>φημὶ,</span> <span class='ocrx_word' id='word_1_582' title='bbox 2711 3595 2803 3648; x_wconf 79' lang='grc' dir='ltr'><strong>τοῦ</strong></span> <span class='ocrx_word' id='word_1_583' title='bbox 2835 3594 3197 3666; x_wconf 63' lang='grc' dir='ltr'>ζητουμένων</span> <span class='ocrx_word' id='word_1_584' title='bbox 3229 3595 3343 3650; x_wconf 84' lang='grc' dir='ltr'>ἀλλ’</span> <span class='ocrx_word' id='word_1_585' title='bbox 3370 3596 3449 3649; x_wconf 80' lang='grc' dir='ltr'><strong>ἐτι</strong></span> <span class='ocrx_word' id='word_1_586' title='bbox 3488 3609 3576 3665; x_wconf 90' lang='grc' dir='ltr'><strong>μοι</strong></span> <span class='ocrx_word' id='word_1_587' title='bbox 3601 3588 3711 3650; x_wconf 80' lang='grc' dir='ltr'>τοῖς</span> 
     </span>
    </p>
   </div>
   <div class='ocr_carea' id='block_1_79' title="bbox 2136 3678 3712 3761">
    <p class='ocr_par' dir='ltr' id='par_1_79' title="bbox 2136 3678 3712 3761">
     <span class='ocr_line' id='line_1_79' title="bbox 2136 3678 3712 3761; baseline -0.004 -19"><span class='ocrx_word' id='word_1_588' title='bbox 2136 3688 2446 3761; x_wconf 80' lang='grc' dir='ltr'>εἰρημένοις</span> <span class='ocrx_word' id='word_1_589' title='bbox 2476 3687 2808 3752; x_wconf 75' lang='grc' dir='ltr'>ἐπιδιστάζει</span> <span class='ocrx_word' id='word_1_590' title='bbox 2829 3704 2946 3750; x_wconf 92' lang='grc' dir='ltr'><strong>πως</strong></span> <span class='ocrx_word' id='word_1_591' title='bbox 2973 3688 3006 3758; x_wconf 80' lang='grc' dir='ltr'>ἡ</span> <span class='ocrx_word' id='word_1_592' title='bbox 3030 3687 3254 3752; x_wconf 75' lang='grc' dir='ltr'>διάνοια,</span> <span class='ocrx_word' id='word_1_593' title='bbox 3285 3690 3380 3741; x_wconf 81' lang='grc' dir='ltr'>καὶ</span> <span class='ocrx_word' id='word_1_594' title='bbox 3409 3687 3599 3756; x_wconf 81' lang='grc' dir='ltr'>δέομαι</span> <span class='ocrx_word' id='word_1_595' title='bbox 3621 3678 3712 3734; x_wconf 84' lang='grc' dir='ltr'>πά·</span> 
     </span>
    </p>
   </div>
   <div class='ocr_carea' id='block_1_80' title="bbox 2136 3769 3709 3851">
    <p class='ocr_par' dir='ltr' id='par_1_80' title="bbox 2136 3769 3709 3851">
     <span class='ocr_line' id='line_1_80' title="bbox 2136 3769 3709 3851; baseline -0.008 -17"><span class='ocrx_word' id='word_1_596' title='bbox 2136 3781 2221 3834; x_wconf 89' lang='grc' dir='ltr'><strong>λιν</strong></span> <span class='ocrx_word' id='word_1_597' title='bbox 2254 3780 2626 3851; x_wconf 78' lang='grc' dir='ltr'>ἐπαναχθῆναι</span> <span class='ocrx_word' id='word_1_598' title='bbox 2665 3797 2753 3850; x_wconf 86' lang='grc' dir='ltr'><strong>μοι</strong></span> <span class='ocrx_word' id='word_1_599' title='bbox 2786 3778 2922 3850; x_wconf 74' lang='grc' dir='ltr'>πρὸς</span> <span class='ocrx_word' id='word_1_600' title='bbox 2950 3777 3045 3849; x_wconf 79' lang='grc' dir='ltr'>τὴν</span> <span class='ocrx_word' id='word_1_601' title='bbox 3076 3779 3244 3847; x_wconf 76' lang='grc' dir='ltr'>αὐτὴν</span> <span class='ocrx_word' id='word_1_602' title='bbox 3272 3775 3593 3832; x_wconf 82' lang='grc' dir='ltr'>ἀκολουθίαν</span> <span class='ocrx_word' id='word_1_603' title='bbox 3619 3769 3709 3825; x_wconf 84' lang='grc' dir='ltr'>τὸν</span> 
     </span>
    </p>
   </div>
   <div class='ocr_carea' id='block_1_81' title="bbox 2135 3861 3712 3943">
    <p class='ocr_par' dir='ltr' id='par_1_81' title="bbox 2135 3861 3712 3943">
     <span class='ocr_line' id='line_1_81' title="bbox 2135 3861 3712 3943; baseline -0.015 -10"><span class='ocrx_word' id='word_1_604' title='bbox 2135 3871 2314 3941; x_wconf 79' lang='grc' dir='ltr'>λόγον.</span> <span class='ocrx_word' id='word_1_605' title='bbox 2361 3870 2470 3924; x_wconf 80' lang='grc' dir='ltr'><strong>τῶν</strong></span> <span class='ocrx_word' id='word_1_606' title='bbox 2501 3872 2598 3943; x_wconf 76' lang='grc' dir='ltr'>μὲν</span> <span class='ocrx_word' id='word_1_607' title='bbox 2627 3872 2726 3943; x_wconf 69' lang='grc' dir='ltr'>ἤδη</span> <span class='ocrx_word' id='word_1_608' title='bbox 2774 3869 3249 3942; x_wconf 79' lang='grc' dir='ltr'>συμϐιϐασθέντων</span> <span class='ocrx_word' id='word_1_609' title='bbox 3294 3872 3424 3941; x_wconf 79' lang='grc' dir='ltr'>ἡμῖν</span> <span class='ocrx_word' id='word_1_610' title='bbox 3474 3861 3712 3920; x_wconf 82' lang='grc' dir='ltr'>ἀπαλλα-</span> 
     </span>
    </p>
   </div>
   <div class='ocr_carea' id='block_1_82' title="bbox 2137 3955 3711 4035">
    <p class='ocr_par' dir='ltr' id='par_1_82' title="bbox 2137 3955 3711 4035">
     <span class='ocr_line' id='line_1_82' title="bbox 2137 3955 3711 4035; baseline -0.006 -18"><span class='ocrx_word' id='word_1_611' title='bbox 2137 3965 2320 4034; x_wconf 88' lang='grc' dir='ltr'>γέντα.</span> <span class='ocrx_word' id='word_1_612' title='bbox 2368 3964 2604 4034; x_wconf 85' lang='grc' dir='ltr'>Μέτριον</span> <span class='ocrx_word' id='word_1_613' title='bbox 2636 3963 2750 4033; x_wconf 88' lang='grc'>(90)</span> <span class='ocrx_word' id='word_1_614' title='bbox 2798 3964 2907 4035; x_wconf 79' lang='grc' dir='ltr'><strong>γὰρ</strong></span> <span class='ocrx_word' id='word_1_615' title='bbox 2936 3960 3088 4034; x_wconf 75' lang='grc' dir='ltr'>οἶμαι</span> <span class='ocrx_word' id='word_1_616' title='bbox 3129 3964 3217 4018; x_wconf 78' lang='grc' dir='ltr'><strong>διὰ</strong></span> <span class='ocrx_word' id='word_1_617' title='bbox 3262 3962 3369 4017; x_wconf 80' lang='grc' dir='ltr'><strong>τῶν</strong></span> <span class='ocrx_word' id='word_1_618' title='bbox 3413 3955 3711 4031; x_wconf 84' lang='grc' dir='ltr'>εἰρημένων</span> 
     </span>
    </p>
   </div>
   <div class='ocr_carea' id='block_1_83' title="bbox 2135 4042 3713 4127">
    <p class='ocr_par' dir='ltr' id='par_1_83' title="bbox 2135 4042 3713 4127">
     <span class='ocr_line' id='line_1_83' title="bbox 2135 4042 3713 4127; baseline -0.004 -18"><span class='ocrx_word' id='word_1_619' title='bbox 2135 4059 2262 4120; x_wconf 83' lang='grc' dir='ltr'>τοὺς</span> <span class='ocrx_word' id='word_1_620' title='bbox 2292 4057 2366 4127; x_wconf 85' lang='grc' dir='ltr'>μὴ</span> <span class='ocrx_word' id='word_1_621' title='bbox 2397 4056 2517 4109; x_wconf 89' lang='grc' dir='ltr'>λίαν</span> <span class='ocrx_word' id='word_1_622' title='bbox 2545 4055 2850 4117; x_wconf 87' lang='grc' dir='ltr'>ἀντιτύπως</span> <span class='ocrx_word' id='word_1_623' title='bbox 2872 4055 3091 4125; x_wconf 78' lang='grc' dir='ltr'>ἔχοντας</span> <span class='ocrx_word' id='word_1_624' title='bbox 3124 4051 3512 4124; x_wconf 80' lang='grc' dir='ltr'>ἐναχθήσεσθαι</span> <span class='ocrx_word' id='word_1_625' title='bbox 3545 4045 3618 4118; x_wconf 80' lang='grc' dir='ltr'>μὴ</span> <span class='ocrx_word' id='word_1_626' title='bbox 3636 4042 3713 4103; x_wconf 77' lang='grc' dir='ltr'><strong>εἰς</strong></span> 
     </span>
    </p>
   </div>
   <div class='ocr_carea' id='block_1_84' title="bbox 2136 4131 3711 4218">
    <p class='ocr_par' dir='ltr' id='par_1_84' title="bbox 2136 4131 3711 4218">
     <span class='ocr_line' id='line_1_84' title="bbox 2136 4131 3711 4218; baseline -0.009 -16"><span class='ocrx_word' id='word_1_627' title='bbox 2136 4147 2418 4218; x_wconf 87' lang='grc' dir='ltr'>ἀναίρεσιν</span> <span class='ocrx_word' id='word_1_628' title='bbox 2466 4147 2560 4199; x_wconf 72' lang='grc' dir='ltr'>καὶ</span> <span class='ocrx_word' id='word_1_629' title='bbox 2588 4145 2929 4218; x_wconf 80' lang='grc' dir='ltr'>ἀνυπαρξίαν</span> <span class='ocrx_word' id='word_1_630' title='bbox 2975 4146 3073 4215; x_wconf 79' lang='grc' dir='ltr'>τὴν</span> <span class='ocrx_word' id='word_1_631' title='bbox 3101 4144 3277 4214; x_wconf 81' lang='grc' dir='ltr'>ψυχὴν</span> <span class='ocrx_word' id='word_1_632' title='bbox 3309 4142 3446 4214; x_wconf 87' lang='grc' dir='ltr'><strong>μετά</strong></span> <span class='ocrx_word' id='word_1_633' title='bbox 3478 4138 3576 4209; x_wconf 84' lang='grc' dir='ltr'>τὴν</span> <span class='ocrx_word' id='word_1_634' title='bbox 3597 4131 3711 4188; x_wconf 75' lang='grc' dir='ltr'>διά·</span> 
     </span>
    </p>
   </div>
   <div class='ocr_carea' id='block_1_85' title="bbox 2135 4228 3713 4305">
    <p class='ocr_par' dir='ltr' id='par_1_85' title="bbox 2135 4228 3713 4305">
     <span class='ocr_line' id='line_1_85' title="bbox 2135 4228 3713 4305; baseline -0.004 -18"><span class='ocrx_word' id='word_1_635' title='bbox 2135 4234 2286 4287; x_wconf 88' lang='grc' dir='ltr'>λυσιν</span> <span class='ocrx_word' id='word_1_636' title='bbox 2311 4235 2420 4288; x_wconf 86' lang='grc' dir='ltr'><strong>τῶν</strong></span> <span class='ocrx_word' id='word_1_637' title='bbox 2470 4234 2737 4305; x_wconf 88' lang='grc' dir='ltr'>σωμάτων</span> <span class='ocrx_word' id='word_1_638' title='bbox 2768 4236 2943 4303; x_wconf 81' lang='grc' dir='ltr'>ἄγειν,</span> <span class='ocrx_word' id='word_1_639' title='bbox 2989 4234 3121 4304; x_wconf 88' lang='grc' dir='ltr'><strong>μηδέ</strong></span> <span class='ocrx_word' id='word_1_640' title='bbox 3157 4228 3581 4294; x_wconf 76' lang='grc' dir='ltr'>κατασκευάζειν</span> <span class='ocrx_word' id='word_1_641' title='bbox 3611 4238 3713 4293; x_wconf 85' lang='grc' dir='ltr'>μη-</span> 
     </span>
    </p>
   </div>
   <div class='ocr_carea' id='block_1_86' title="bbox 2136 4311 3712 4397">
    <p class='ocr_par' dir='ltr' id='par_1_86' title="bbox 2136 4311 3712 4397">
     <span class='ocr_line' id='line_1_86' title="bbox 2136 4311 3712 4397; baseline -0.007 -18"><span class='ocrx_word' id='word_1_642' title='bbox 2136 4324 2309 4396; x_wconf 81' lang='grc' dir='ltr'>δαμοῦ</span> <span class='ocrx_word' id='word_1_643' title='bbox 2342 4325 2603 4379; x_wconf 84' lang='grc' dir='ltr'>δύνασθαι</span> <span class='ocrx_word' id='word_1_644' title='bbox 2649 4325 2817 4397; x_wconf 83' lang='grc' dir='ltr'>αὐτὴν</span> <span class='ocrx_word' id='word_1_645' title='bbox 2865 4326 2924 4377; x_wconf 88' lang='grc' dir='ltr'><strong>ἐν</strong></span> <span class='ocrx_word' id='word_1_646' title='bbox 2968 4327 3080 4387; x_wconf 89' lang='grc' dir='ltr'>τοῖς</span> <span class='ocrx_word' id='word_1_647' title='bbox 3131 4320 3280 4377; x_wconf 83' lang='grc' dir='ltr'>οὖσιν</span> <span class='ocrx_word' id='word_1_648' title='bbox 3335 4319 3475 4377; x_wconf 75' lang='grc' dir='ltr'>εἴναι</span> <span class='ocrx_word' id='word_1_649' title='bbox 3527 4315 3613 4371; x_wconf 82' lang='grc' dir='ltr'><strong>διὰ</strong></span> <span class='ocrx_word' id='word_1_650' title='bbox 3654 4311 3712 4364; x_wconf 78' lang='grc' dir='ltr'>τὸ</span> 
     </span>
    </p>
   </div>
   <div class='ocr_carea' id='block_1_87' title="bbox 453 4402 2036 4489">
    <p class='ocr_par' dir='ltr' id='par_1_87' title="bbox 453 4417 2033 4486">
     <span class='ocr_line' id='line_1_87' title="bbox 453 4417 2033 4486; baseline 0.001 -13"><span class='ocrx_word' id='word_1_651' title='bbox 453 4418 680 4479; x_wconf 84' lang='lat' dir='ltr'><strong>tionem,</strong></span> <span class='ocrx_word' id='word_1_652' title='bbox 712 4434 837 4482; x_wconf 89' lang='lat' dir='ltr'><strong>neu,</strong></span> <span class='ocrx_word' id='word_1_653' title='bbox 882 4418 1025 4486; x_wconf 88' lang='lat' dir='ltr'><strong>quod</strong></span> <span class='ocrx_word' id='word_1_654' title='bbox 1057 4418 1127 4470; x_wconf 88' lang='lat' dir='ltr'><strong>ab</strong></span> <span class='ocrx_word' id='word_1_655' title='bbox 1173 4417 1567 4472; x_wconf 86' lang='lat' dir='ltr'><strong>elementorum</strong></span> <span class='ocrx_word' id='word_1_656' title='bbox 1595 4428 1789 4473; x_wconf 88' lang='lat' dir='ltr'><strong>natura</strong></span> <span class='ocrx_word' id='word_1_657' title='bbox 1817 4418 2033 4476; x_wconf 87' lang='lat' dir='ltr'><strong>diversa</strong></span> 
     </span>
    </p>
   </div>
   <div class='ocr_carea' id='block_1_88' title="bbox 2141 4402 3711 4489">
    <p class='ocr_par' dir='ltr' id='par_1_88' title="bbox 2141 4402 3711 4489">
     <span class='ocr_line' id='line_1_88' title="bbox 2141 4402 3711 4489; baseline -0.01 -19"><span class='ocrx_word' id='word_1_658' title='bbox 2141 4416 2450 4489; x_wconf 85' lang='grc' dir='ltr'>ἐτεροειδῶς</span> <span class='ocrx_word' id='word_1_659' title='bbox 2496 4416 2609 4489; x_wconf 83' lang='grc'>(91)</span> <span class='ocrx_word' id='word_1_660' title='bbox 2645 4415 2787 4486; x_wconf 78' lang='grc' dir='ltr'>ἔχειν</span> <span class='ocrx_word' id='word_1_661' title='bbox 2838 4414 2974 4485; x_wconf 83' lang='grc' dir='ltr'>πρὸς</span> <span class='ocrx_word' id='word_1_662' title='bbox 3020 4414 3119 4485; x_wconf 80' lang='grc' dir='ltr'><strong>τὴν</strong></span> <span class='ocrx_word' id='word_1_663' title='bbox 3146 4413 3255 4467; x_wconf 83' lang='grc' dir='ltr'><strong>τῶν</strong></span> <span class='ocrx_word' id='word_1_664' title='bbox 3301 4412 3579 4484; x_wconf 84' lang='grc' dir='ltr'>στοιχείων</span> <span class='ocrx_word' id='word_1_665' title='bbox 3622 4402 3711 4458; x_wconf 86' lang='grc' dir='ltr'>οὑ-</span> 
     </span>
    </p>
   </div>
   <div class='ocr_carea' id='block_1_89' title="bbox 451 4507 2033 4579">
    <p class='ocr_par' dir='ltr' id='par_1_89' title="bbox 451 4507 2033 4579">
     <span class='ocr_line' id='line_1_89' title="bbox 451 4507 2033 4579; baseline 0.001 -13"><span class='ocrx_word' id='word_1_666' title='bbox 451 4516 558 4573; x_wconf 88' lang='lat' dir='ltr'><strong>est,</strong></span> <span class='ocrx_word' id='word_1_667' title='bbox 590 4509 794 4563; x_wconf 88' lang='lat' dir='ltr'><strong>idcirco</strong></span> <span class='ocrx_word' id='word_1_668' title='bbox 833 4507 1123 4572; x_wconf 85' lang='lat' dir='ltr'><strong>allirment,</strong></span> <span class='ocrx_word' id='word_1_669' title='bbox 1184 4523 1303 4563; x_wconf 89' lang='lat' dir='ltr'><strong>eam</strong></span> <span class='ocrx_word' id='word_1_670' title='bbox 1328 4525 1599 4579; x_wconf 87' lang='lat' dir='ltr'><strong>nusquam</strong></span> <span class='ocrx_word' id='word_1_671' title='bbox 1640 4511 1692 4563; x_wconf 90' lang='lat' dir='ltr'><strong>in</strong></span> <span class='ocrx_word' id='word_1_672' title='bbox 1724 4512 1886 4566; x_wconf 89' lang='lat' dir='ltr'><strong>rebus</strong></span> <span class='ocrx_word' id='word_1_673' title='bbox 1916 4513 2033 4567; x_wconf 90' lang='lat' dir='ltr'><strong>uni-</strong></span> 
     </span>
    </p>
   </div>
   <div class='ocr_carea' id='block_1_90' title="bbox 453 4600 2031 4673">
    <p class='ocr_par' dir='ltr' id='par_1_90' title="bbox 453 4600 2031 4673">
     <span class='ocr_line' id='line_1_90' title="bbox 453 4600 2031 4673; baseline -0.001 -13"><span class='ocrx_word' id='word_1_674' title='bbox 453 4604 627 4660; x_wconf 84' lang='lat' dir='ltr'><strong>versis</strong></span> <span class='ocrx_word' id='word_1_675' title='bbox 657 4618 780 4659; x_wconf 88' lang='lat' dir='ltr'><strong>csse</strong></span> <span class='ocrx_word' id='word_1_676' title='bbox 813 4614 996 4673; x_wconf 90' lang='lat' dir='ltr'><strong>posse.</strong></span> <span class='ocrx_word' id='word_1_677' title='bbox 1023 4600 1175 4655; x_wconf 87' lang='lat' dir='ltr'><strong>Licet</strong></span> <span class='ocrx_word' id='word_1_678' title='bbox 1204 4601 1349 4655; x_wconf 85' lang='lat' dir='ltr'><strong>enim</strong></span> <span class='ocrx_word' id='word_1_679' title='bbox 1406 4617 1529 4655; x_wconf 91' lang='lat' dir='ltr'><strong>cum</strong></span> <span class='ocrx_word' id='word_1_680' title='bbox 1582 4601 1867 4658; x_wconf 87' lang='lat' dir='ltr'><strong>elementis</strong></span> <span class='ocrx_word' id='word_1_681' title='bbox 1922 4620 2031 4659; x_wconf 91' lang='lat' dir='ltr'><strong>non</strong></span> 
     </span>
    </p>
   </div>
   <div class='ocr_carea' id='block_1_91' title="bbox 453 4693 2035 4769">
    <p class='ocr_par' dir='ltr' id='par_1_91' title="bbox 453 4693 2035 4769">
     <span class='ocr_line' id='line_1_91' title="bbox 453 4693 2035 4769; baseline 0.001 -19"><span class='ocrx_word' id='word_1_682' title='bbox 453 4704 722 4766; x_wconf 78' lang='lat' dir='ltr'><strong>congruat</strong></span> <span class='ocrx_word' id='word_1_683' title='bbox 752 4704 916 4764; x_wconf 84' lang='lat' dir='ltr'><strong>atque</strong></span> <span class='ocrx_word' id='word_1_684' title='bbox 944 4695 1236 4749; x_wconf 83' lang='lat' dir='ltr'><strong>conveniat</strong></span> <span class='ocrx_word' id='word_1_685' title='bbox 1278 4693 1648 4765; x_wconf 74' lang='lat' dir='ltr'><strong>intelligentia:</strong></span> <span class='ocrx_word' id='word_1_686' title='bbox 1682 4696 1956 4769; x_wconf 88' lang='lat' dir='ltr'><strong>particeps</strong></span> <span class='ocrx_word' id='word_1_687' title='bbox 1978 4705 2035 4754; x_wconf 91' lang='lat' dir='ltr'><strong>et</strong></span> 
     </span>
    </p>
   </div>
   <div class='ocr_carea' id='block_1_92' title="bbox 451 4786 2033 4859">
    <p class='ocr_par' dir='ltr' id='par_1_92' title="bbox 451 4786 2033 4859">
     <span class='ocr_line' id='line_1_92' title="bbox 451 4786 2033 4859; baseline -0.001 -16"><span class='ocrx_word' id='word_1_688' title='bbox 451 4790 697 4844; x_wconf 72' lang='lat' dir='ltr'><strong>materiae</strong></span> <span class='ocrx_word' id='word_1_689' title='bbox 755 4802 953 4859; x_wconf 83' lang='lat' dir='ltr'><strong>expers</strong></span> <span class='ocrx_word' id='word_1_690' title='bbox 1017 4796 1240 4852; x_wconf 88' lang='lat' dir='ltr'><strong>natura,</strong></span> <span class='ocrx_word' id='word_1_691' title='bbox 1293 4800 1415 4841; x_wconf 88' lang='lat' dir='ltr'><strong>esse</strong></span> <span class='ocrx_word' id='word_1_692' title='bbox 1464 4792 1646 4840; x_wconf 88' lang='lat' dir='ltr'><strong>tamen</strong></span> <span class='ocrx_word' id='word_1_693' title='bbox 1700 4786 1755 4841; x_wconf 94' lang='lat' dir='ltr'><strong>in</strong></span> <span class='ocrx_word' id='word_1_694' title='bbox 1805 4786 1888 4841; x_wconf 87' lang='lat' dir='ltr'><strong>eis</strong></span> <span class='ocrx_word' id='word_1_695' title='bbox 1921 4802 2033 4841; x_wconf 89' lang='lat' dir='ltr'><strong>non</strong></span> 
     </span>
    </p>
   </div>
   <div class='ocr_carea' id='block_1_93' title="bbox 453 4875 2035 4951">
    <p class='ocr_par' dir='ltr' id='par_1_93' title="bbox 453 4875 2035 4951">
     <span class='ocr_line' id='line_1_93' title="bbox 453 4875 2035 4951; baseline -0.001 -18"><span class='ocrx_word' id='word_1_696' title='bbox 453 4879 776 4951; x_wconf 87' lang='lat' dir='ltr'><strong>prohibetur</strong></span> <span class='ocrx_word' id='word_1_697' title='bbox 809 4898 823 4934; x_wconf 92' lang='lat'><strong>:</strong></span> <span class='ocrx_word' id='word_1_698' title='bbox 852 4878 1056 4949; x_wconf 91' lang='lat' dir='ltr'><strong>quippe</strong></span> <span class='ocrx_word' id='word_1_699' title='bbox 1078 4876 1288 4947; x_wconf 88' lang='lat' dir='ltr'><strong>duplici</strong></span> <span class='ocrx_word' id='word_1_700' title='bbox 1319 4876 1533 4931; x_wconf 86' lang='lat' dir='ltr'><strong>ratione</strong></span> <span class='ocrx_word' id='word_1_701' title='bbox 1562 4876 1725 4931; x_wconf 86' lang='lat' dir='ltr'><strong>nobis</strong></span> <span class='ocrx_word' id='word_1_702' title='bbox 1758 4875 1874 4931; x_wconf 61' lang='lat' dir='ltr'><strong>haec</strong></span> <span class='ocrx_word' id='word_1_703' title='bbox 1912 4877 2035 4949; x_wconf 86' lang='lat' dir='ltr'><strong>Opi-</strong></span> 
     </span>
    </p>
   </div>
   <div class='ocr_carea' id='block_1_94' title="bbox 453 4963 2030 5036">
    <p class='ocr_par' dir='ltr' id='par_1_94' title="bbox 453 4963 2030 5036">
     <span class='ocr_line' id='line_1_94' title="bbox 453 4963 2030 5036; baseline -0.003 -10"><span class='ocrx_word' id='word_1_704' title='bbox 453 4971 548 5027; x_wconf 90' lang='lat' dir='ltr'><strong>nio</strong></span> <span class='ocrx_word' id='word_1_705' title='bbox 568 4968 947 5033; x_wconf 85' lang='lat' dir='ltr'><strong>confirmatur,</strong></span> <span class='ocrx_word' id='word_1_706' title='bbox 977 4977 1090 5022; x_wconf 92' lang='lat' dir='ltr'><strong>tum</strong></span> <span class='ocrx_word' id='word_1_707' title='bbox 1116 4982 1185 5023; x_wconf 78' lang='lat' dir='ltr'><strong>ex</strong></span> <span class='ocrx_word' id='word_1_708' title='bbox 1219 4980 1285 5022; x_wconf 91' lang='lat' dir='ltr'><strong>eo</strong></span> <span class='ocrx_word' id='word_1_709' title='bbox 1332 4963 1480 5036; x_wconf 89' lang='lat' dir='ltr'><strong>quod</strong></span> <span class='ocrx_word' id='word_1_710' title='bbox 1508 4980 1655 5020; x_wconf 90' lang='lat' dir='ltr'><strong>nunc</strong></span> <span class='ocrx_word' id='word_1_711' title='bbox 1685 4964 1739 5020; x_wconf 92' lang='lat' dir='ltr'><strong>in</strong></span> <span class='ocrx_word' id='word_1_712' title='bbox 1769 4965 1873 5021; x_wconf 90' lang='lat' dir='ltr'><strong>hac</strong></span> <span class='ocrx_word' id='word_1_713' title='bbox 1897 4967 2030 5031; x_wconf 90' lang='lat' dir='ltr'><strong>vita,</strong></span> 
     </span>
    </p>
   </div>
   <div class='ocr_carea' id='block_1_95' title="bbox 519 5140 1887 5226">
    <p class='ocr_par' dir='ltr' id='par_1_95' title="bbox 519 5140 1887 5226">
     <span class='ocr_line' id='line_1_95' title="bbox 519 5140 1887 5226; baseline -0.002 -25"><span class='ocrx_word' id='word_1_714' title='bbox 664 5149 1086 5226; x_wconf 52' lang='grc' dir='ltr'>ξυμπεθίλεγσιι.</span> <span class='ocrx_word' id='word_1_715' title='bbox 1127 5144 1171 5198; x_wconf 80' lang='grc' dir='ltr'><strong>Α</strong></span> <span class='ocrx_word' id='word_1_716' title='bbox 1201 5140 1771 5226; x_wconf 34' lang='grc' dir='ltr'>Βησυμπεπλεγμένη,</span> <span class='ocrx_word' id='word_1_717' title='bbox 1799 5144 1887 5214; x_wconf 79' lang='grc' dir='ltr'>ἦν.</span> 
     </span>
    </p>
   </div>
   <div class='ocr_carea' id='block_1_96' title="bbox 547 5216 1344 5357">
    <p class='ocr_par' dir='ltr' id='par_1_96' title="bbox 547 5216 1344 5357">
     <span class='ocr_line' id='line_1_96' title="bbox 547 5216 1344 5287; baseline -0.006 -15"><span class='ocrx_word' id='word_1_718' title='bbox 547 5218 613 5272; x_wconf 89' lang='lat'><strong>77</strong></span> <span class='ocrx_word' id='word_1_719' title='bbox 666 5216 996 5285; x_wconf 79' lang='grc' dir='ltr'>Σαρκικὼν.</span> <span class='ocrx_word' id='word_1_720' title='bbox 1029 5221 1073 5269; x_wconf 81' lang='grc' dir='ltr'>Α</span> <span class='ocrx_word' id='word_1_721' title='bbox 1103 5216 1344 5287; x_wconf 80' lang='grc' dir='ltr'>σαρκῶν.</span> 
     </span>
     <span class='ocr_line' id='line_1_97' title="bbox 547 5221 1344 5357; baseline 0 0"><span class='ocrx_word' id='word_1_722' title='bbox 547 5221 636 5357; x_wconf 67' lang='grc'>⁷8)</span> <span class='ocrx_word' id='word_1_723' title='bbox 664 5285 1203 5357; x_wconf 59' lang='grc' dir='ltr'>Διακεκρυμμένοντ</span> <span class='ocrx_word' id='word_1_724' title='bbox 1233 5287 1276 5357; x_wconf 63' lang='grc' dir='ltr'>Α</span> <span class='ocrx_word' id='word_1_725' title='bbox 1311 5284 1344 5338; x_wconf 73' lang='grc'>1]</span> 
     </span>
    </p>
   </div>
   <div class='ocr_carea' id='block_1_97' title="bbox 551 5355 1377 5423">
    <p class='ocr_par' dir='ltr' id='par_1_97' title="bbox 551 5355 1377 5423">
     <span class='ocr_line' id='line_1_98' title="bbox 551 5355 1377 5423; baseline -0.002 -11"><span class='ocrx_word' id='word_1_726' title='bbox 551 5355 639 5420; x_wconf 75' lang='grc'>’⁷9)</span> <span class='ocrx_word' id='word_1_727' title='bbox 677 5359 745 5411; x_wconf 86' lang='grc' dir='ltr'><em>Ἦ</em></span> <span class='ocrx_word' id='word_1_728' title='bbox 773 5356 849 5423; x_wconf 82' lang='grc' dir='ltr'>δή</span> <span class='ocrx_word' id='word_1_729' title='bbox 894 5355 1007 5420; x_wconf 78' lang='grc' dir='ltr'>τις.</span> <span class='ocrx_word' id='word_1_730' title='bbox 1048 5355 1091 5409; x_wconf 90' lang='grc' dir='ltr'><strong>Β</strong></span> <span class='ocrx_word' id='word_1_731' title='bbox 1117 5357 1166 5408; x_wconf 87' lang='grc' dir='ltr'><strong>εί</strong></span> <span class='ocrx_word' id='word_1_732' title='bbox 1188 5355 1246 5409; x_wconf 87' lang='grc' dir='ltr'><strong>δέ</strong></span> <span class='ocrx_word' id='word_1_733' title='bbox 1272 5372 1377 5420; x_wconf 86' lang='grc' dir='ltr'>τις.</span> 
     </span>
    </p>
   </div>
   <div class='ocr_carea' id='block_1_98' title="bbox 545 5424 1285 5496">
    <p class='ocr_par' dir='ltr' id='par_1_98' title="bbox 545 5424 1285 5496">
     <span class='ocr_line' id='line_1_99' title="bbox 545 5424 1285 5496; baseline -0.003 -14"><span class='ocrx_word' id='word_1_734' title='bbox 545 5426 638 5491; x_wconf 87' lang='grc'>80)</span> <span class='ocrx_word' id='word_1_735' title='bbox 665 5424 912 5496; x_wconf 80' lang='grc' dir='ltr'>Λογικῇ.</span> <span class='ocrx_word' id='word_1_736' title='bbox 956 5426 995 5479; x_wconf 83' lang='grc' dir='ltr'><strong>Β</strong></span> <span class='ocrx_word' id='word_1_737' title='bbox 1022 5425 1285 5496; x_wconf 81' lang='grc' dir='ltr'>λογικοῖς.</span> 
     </span>
    </p>
   </div>
   <div class='ocr_carea' id='block_1_99' title="bbox 544 5494 1507 5566">
    <p class='ocr_par' dir='ltr' id='par_1_99' title="bbox 544 5494 1507 5566">
     <span class='ocr_line' id='line_1_100' title="bbox 544 5494 1507 5566; baseline 0 -14"><span class='ocrx_word' id='word_1_738' title='bbox 544 5498 634 5566; x_wconf 90' lang='grc'><strong>81)</strong></span> <span class='ocrx_word' id='word_1_739' title='bbox 669 5494 966 5551; x_wconf 75' lang='grc' dir='ltr'>Τοιοῦτον.</span> <span class='ocrx_word' id='word_1_740' title='bbox 1003 5496 1044 5550; x_wconf 85' lang='grc' dir='ltr'><strong>Β</strong></span> <span class='ocrx_word' id='word_1_741' title='bbox 1075 5494 1203 5550; x_wconf 82' lang='grc' dir='ltr'>ἀλλο</span> <span class='ocrx_word' id='word_1_742' title='bbox 1234 5513 1287 5549; x_wconf 90' lang='grc' dir='ltr'><strong>τι</strong></span> <span class='ocrx_word' id='word_1_743' title='bbox 1307 5494 1507 5553; x_wconf 83' lang='grc' dir='ltr'>τοιοῦτ.</span> 
     </span>
    </p>
   </div>
   <div class='ocr_carea' id='block_1_100' title="bbox 521 5565 1512 5637">
    <p class='ocr_par' dir='ltr' id='par_1_100' title="bbox 521 5565 1512 5637">
     <span class='ocr_line' id='line_1_101' title="bbox 521 5565 1512 5637; baseline -0.001 -15"><span class='ocrx_word' id='word_1_744' title='bbox 521 5565 639 5637; x_wconf 73' lang='grc'>(82)</span> <span class='ocrx_word' id='word_1_745' title='bbox 676 5567 1095 5637; x_wconf 67' lang='grc' dir='ltr'>Πεπίσςτευται.</span> <span class='ocrx_word' id='word_1_746' title='bbox 1130 5566 1175 5618; x_wconf 87' lang='lat' dir='ltr'><strong>A</strong></span> <span class='ocrx_word' id='word_1_747' title='bbox 1204 5565 1512 5637; x_wconf 82' lang='grc' dir='ltr'>πέπεισται.</span> 
     </span>
    </p>
   </div>
   <div class='ocr_carea' id='block_1_101' title="bbox 522 5635 1348 5706">
    <p class='ocr_par' dir='ltr' id='par_1_101' title="bbox 522 5635 1348 5706">
     <span class='ocr_line' id='line_1_102' title="bbox 522 5635 1348 5706; baseline -0.002 -13"><span class='ocrx_word' id='word_1_748' title='bbox 522 5635 637 5706; x_wconf 74' lang='grc'>(85)</span> <span class='ocrx_word' id='word_1_749' title='bbox 674 5638 790 5705; x_wconf 75' lang='grc' dir='ltr'><strong>Τῆς</strong></span> <span class='ocrx_word' id='word_1_750' title='bbox 808 5635 946 5691; x_wconf 78' lang='grc' dir='ltr'>τῶν.</span> <span class='ocrx_word' id='word_1_751' title='bbox 986 5637 1031 5690; x_wconf 82' lang='grc' dir='ltr'><strong>Α</strong></span> <span class='ocrx_word' id='word_1_752' title='bbox 1054 5636 1200 5691; x_wconf 86' lang='lat' dir='ltr'><strong>delet</strong></span> <span class='ocrx_word' id='word_1_753' title='bbox 1227 5636 1348 5706; x_wconf 80' lang='grc' dir='ltr'>τῆς.</span> 
     </span>
    </p>
   </div>
   <div class='ocr_carea' id='block_1_102' title="bbox 525 5706 1434 5780">
    <p class='ocr_par' dir='ltr' id='par_1_102' title="bbox 525 5706 1434 5780">
     <span class='ocr_line' id='line_1_103' title="bbox 525 5706 1434 5780; baseline -0.001 -16"><span class='ocrx_word' id='word_1_754' title='bbox 525 5709 640 5780; x_wconf 76' lang='grc'>(81)</span> <span class='ocrx_word' id='word_1_755' title='bbox 679 5706 1091 5779; x_wconf 58' lang='grc' dir='ltr'>’Υπολήψεωᾳ</span> <span class='ocrx_word' id='word_1_756' title='bbox 1131 5707 1178 5762; x_wconf 80' lang='grc' dir='ltr'><strong>Α</strong></span> <span class='ocrx_word' id='word_1_757' title='bbox 1205 5706 1434 5779; x_wconf 81' lang='grc' dir='ltr'>λήξεως.</span> 
     </span>
    </p>
   </div>
   <div class='ocr_carea' id='block_1_103' title="bbox 664 5282 1821 5356">
    <p class='ocr_par' dir='ltr' id='par_1_103' title="bbox 664 5282 1821 5356">
     <span class='ocr_line' id='line_1_104' title="bbox 664 5282 1821 5356; baseline 0.001 -17"><span class='ocrx_word' id='word_1_758' title='bbox 664 5282 1201 5356; x_wconf 63' lang='grc' dir='ltr'>Διάκεκρυμμέζνονζ</span> <span class='ocrx_word' id='word_1_759' title='bbox 1234 5287 1276 5356; x_wconf 73' lang='grc' dir='ltr'>Α</span> <span class='ocrx_word' id='word_1_760' title='bbox 1311 5284 1353 5338; x_wconf 84' lang='grc' dir='ltr'><strong>Β</strong></span> <span class='ocrx_word' id='word_1_761' title='bbox 1382 5282 1821 5356; x_wconf 86' lang='grc' dir='ltr'>διακεκριμένον.</span> 
     </span>
    </p>
   </div>
   <div class='ocr_carea' id='block_1_104' title="bbox 2141 4492 3713 4579">
    <p class='ocr_par' dir='ltr' id='par_1_104' title="bbox 2141 4492 3713 4579">
     <span class='ocr_line' id='line_1_105' title="bbox 2141 4492 3713 4579; baseline -0.009 -16"><span class='ocrx_word' id='word_1_762' title='bbox 2141 4510 2280 4563; x_wconf 83' lang='grc' dir='ltr'>σίαν.</span> <span class='ocrx_word' id='word_1_763' title='bbox 2320 4510 2437 4562; x_wconf 83' lang='grc' dir='ltr'>Κᾶν</span> <span class='ocrx_word' id='word_1_764' title='bbox 2486 4509 2561 4579; x_wconf 83' lang='grc' dir='ltr'>μὴ</span> <span class='ocrx_word' id='word_1_765' title='bbox 2594 4507 2865 4579; x_wconf 80' lang='grc' dir='ltr'>συμϐαίνῃ</span> <span class='ocrx_word' id='word_1_766' title='bbox 2910 4506 3017 4579; x_wconf 78' lang='grc' dir='ltr'><strong>γάρ</strong></span> <span class='ocrx_word' id='word_1_767' title='bbox 3050 4506 3315 4577; x_wconf 81' lang='grc' dir='ltr'>τούτοιςή</span> <span class='ocrx_word' id='word_1_768' title='bbox 3347 4505 3509 4578; x_wconf 84' lang='grc' dir='ltr'>νοερά</span> <span class='ocrx_word' id='word_1_769' title='bbox 3534 4516 3592 4554; x_wconf 84' lang='grc' dir='ltr'><strong>τε</strong></span> <span class='ocrx_word' id='word_1_770' title='bbox 3620 4492 3713 4550; x_wconf 77' lang='grc' dir='ltr'><strong>καὶ</strong></span> 
     </span>
    </p>
   </div>
   <div class='ocr_carea' id='block_1_105' title="bbox 2138 4586 3709 4669">
    <p class='ocr_par' dir='ltr' id='par_1_105' title="bbox 2138 4586 3709 4669">
     <span class='ocr_line' id='line_1_106' title="bbox 2138 4586 3709 4669; baseline -0.01 -15"><span class='ocrx_word' id='word_1_771' title='bbox 2138 4599 2300 4664; x_wconf 83' lang='grc' dir='ltr'>ἀὺλος</span> <span class='ocrx_word' id='word_1_772' title='bbox 2346 4598 2527 4669; x_wconf 78' lang='grc' dir='ltr'>φύσις,</span> <span class='ocrx_word' id='word_1_773' title='bbox 2574 4598 2636 4651; x_wconf 80' lang='grc' dir='ltr'>τὸ</span> <span class='ocrx_word' id='word_1_774' title='bbox 2664 4595 2801 4652; x_wconf 79' lang='grc' dir='ltr'>εἶναι</span> <span class='ocrx_word' id='word_1_775' title='bbox 2834 4599 3016 4661; x_wconf 84' lang='grc' dir='ltr'>αὑτοῖς</span> <span class='ocrx_word' id='word_1_776' title='bbox 3048 4596 3157 4668; x_wconf 73' lang='grc'>(92)</span> <span class='ocrx_word' id='word_1_777' title='bbox 3207 4598 3267 4649; x_wconf 88' lang='grc' dir='ltr'><strong>οὑ</strong></span> <span class='ocrx_word' id='word_1_778' title='bbox 3314 4596 3602 4653; x_wconf 87' lang='grc' dir='ltr'>κωλύεται,</span> <span class='ocrx_word' id='word_1_779' title='bbox 3632 4586 3709 4640; x_wconf 87' lang='grc' dir='ltr'>δι-</span> 
     </span>
    </p>
   </div>
   <div class='ocr_carea' id='block_1_106' title="bbox 2140 4673 3712 4762">
    <p class='ocr_par' dir='ltr' id='par_1_106' title="bbox 2140 4673 3712 4762">
     <span class='ocr_line' id='line_1_107' title="bbox 2140 4673 3712 4762; baseline 0 -20"><span class='ocrx_word' id='word_1_780' title='bbox 2140 4689 2294 4762; x_wconf 88' lang='grc' dir='ltr'>χόθεν</span> <span class='ocrx_word' id='word_1_781' title='bbox 2326 4691 2456 4761; x_wconf 78' lang='grc' dir='ltr'>ἡμῖν</span> <span class='ocrx_word' id='word_1_782' title='bbox 2484 4689 2582 4759; x_wconf 81' lang='grc' dir='ltr'>τῆς</span> <span class='ocrx_word' id='word_1_783' title='bbox 2611 4688 2930 4759; x_wconf 76' lang='grc' dir='ltr'>ὑπολήψεως</span> <span class='ocrx_word' id='word_1_784' title='bbox 2960 4687 3164 4757; x_wconf 83' lang='grc' dir='ltr'>ταύτης</span> <span class='ocrx_word' id='word_1_785' title='bbox 3196 4684 3591 4757; x_wconf 62' lang='grc' dir='ltr'>βεϐαιουμέειης</span> <span class='ocrx_word' id='word_1_786' title='bbox 3608 4719 3623 4744; x_wconf 72' lang='grc' dir='ltr'><strong>ν</strong></span> <span class='ocrx_word' id='word_1_787' title='bbox 3651 4673 3712 4727; x_wconf 69' lang='grc' dir='ltr'><strong>εκ</strong></span> 
     </span>
    </p>
   </div>
   <div class='ocr_carea' id='block_1_107' title="bbox 2139 4766 3710 4851">
    <p class='ocr_par' dir='ltr' id='par_1_107' title="bbox 2139 4766 3710 4851">
     <span class='ocr_line' id='line_1_108' title="bbox 2139 4766 3710 4851; baseline -0.008 -18"><span class='ocrx_word' id='word_1_788' title='bbox 2139 4798 2197 4833; x_wconf 88' lang='grc' dir='ltr'><strong>τε</strong></span> <span class='ocrx_word' id='word_1_789' title='bbox 2238 4780 2331 4835; x_wconf 81' lang='grc' dir='ltr'>τοῦ</span> <span class='ocrx_word' id='word_1_790' title='bbox 2376 4779 2472 4834; x_wconf 79' lang='grc' dir='ltr'>νῦν</span> <span class='ocrx_word' id='word_1_791' title='bbox 2518 4781 2576 4832; x_wconf 89' lang='grc' dir='ltr'><strong>ἐν</strong></span> <span class='ocrx_word' id='word_1_792' title='bbox 2601 4782 2668 4851; x_wconf 82' lang='grc' dir='ltr'>τῇ</span> <span class='ocrx_word' id='word_1_793' title='bbox 2698 4780 2810 4851; x_wconf 81' lang='grc' dir='ltr'>ζωῇ</span> <span class='ocrx_word' id='word_1_794' title='bbox 2843 4779 3016 4851; x_wconf 80' lang='grc' dir='ltr'>ταύτῃ</span> <span class='ocrx_word' id='word_1_795' title='bbox 3046 4780 3145 4849; x_wconf 81' lang='grc' dir='ltr'>τὴν</span> <span class='ocrx_word' id='word_1_796' title='bbox 3173 4778 3351 4849; x_wconf 79' lang='grc' dir='ltr'>ψυχὴν</span> <span class='ocrx_word' id='word_1_797' title='bbox 3382 4779 3440 4831; x_wconf 87' lang='grc' dir='ltr'><strong>ἐν</strong></span> <span class='ocrx_word' id='word_1_798' title='bbox 3470 4775 3583 4835; x_wconf 87' lang='grc' dir='ltr'>τοῖς</span> <span class='ocrx_word' id='word_1_799' title='bbox 3606 4766 3710 4821; x_wconf 77' lang='grc' dir='ltr'><strong>σὼο</strong></span> 
     </span>
    </p>
   </div>
   <div class='ocr_carea' id='block_1_108' title="bbox 2142 4859 3712 4944">
    <p class='ocr_par' dir='ltr' id='par_1_108' title="bbox 2142 4859 3712 4944">
     <span class='ocr_line' id='line_1_109' title="bbox 2142 4859 3712 4944; baseline -0.006 -18"><span class='ocrx_word' id='word_1_800' title='bbox 2142 4889 2307 4944; x_wconf 91' lang='grc' dir='ltr'>μασιν</span> <span class='ocrx_word' id='word_1_801' title='bbox 2337 4870 2497 4936; x_wconf 83' lang='grc' dir='ltr'>εἶναι,</span> <span class='ocrx_word' id='word_1_802' title='bbox 2530 4871 2657 4927; x_wconf 81' lang='grc' dir='ltr'>ἀλλο</span> <span class='ocrx_word' id='word_1_803' title='bbox 2692 4889 2745 4925; x_wconf 92' lang='grc' dir='ltr'><strong>τι</strong></span> <span class='ocrx_word' id='word_1_804' title='bbox 2772 4871 2922 4941; x_wconf 86' lang='grc' dir='ltr'><strong>παρά</strong></span> <span class='ocrx_word' id='word_1_805' title='bbox 2947 4872 3008 4923; x_wconf 86' lang='grc' dir='ltr'>τὸ</span> <span class='ocrx_word' id='word_1_806' title='bbox 3042 4870 3199 4942; x_wconf 81' lang='grc' dir='ltr'>σῶμα</span> <span class='ocrx_word' id='word_1_807' title='bbox 3231 4869 3371 4924; x_wconf 88' lang='grc' dir='ltr'><strong>κατά</strong></span> <span class='ocrx_word' id='word_1_808' title='bbox 3399 4870 3499 4939; x_wconf 76' lang='grc' dir='ltr'>τὴν</span> <span class='ocrx_word' id='word_1_809' title='bbox 3528 4859 3712 4918; x_wconf 79' lang='grc' dir='ltr'>οὐσίαν</span> 
     </span>
    </p>
   </div>
   <div class='ocr_carea' id='block_1_109' title="bbox 2139 4948 3710 5036">
    <p class='ocr_par' dir='ltr' id='par_1_109' title="bbox 2139 4948 3710 5036">
     <span class='ocr_line' id='line_1_110' title="bbox 2139 4948 3710 5036; baseline -0.004 -15"><span class='ocrx_word' id='word_1_810' title='bbox 2139 4964 2509 5036; x_wconf 83' lang='grc' dir='ltr'>ὑπάρχουσαν,</span> <span class='ocrx_word' id='word_1_811' title='bbox 2557 4964 2647 5017; x_wconf 77' lang='grc' dir='ltr'><strong>καὶ</strong></span> <span class='ocrx_word' id='word_1_812' title='bbox 2673 4965 2738 5017; x_wconf 88' lang='grc' dir='ltr'><strong>ἐκ</strong></span> <span class='ocrx_word' id='word_1_813' title='bbox 2781 4961 2876 5016; x_wconf 83' lang='grc' dir='ltr'><strong>τοῦ</strong></span> <span class='ocrx_word' id='word_1_814' title='bbox 2910 4962 3008 5035; x_wconf 81' lang='grc' dir='ltr'>τὴν</span> <span class='ocrx_word' id='word_1_815' title='bbox 3056 4963 3205 5017; x_wconf 85' lang='grc' dir='ltr'>θείαν</span> <span class='ocrx_word' id='word_1_816' title='bbox 3251 4961 3410 5031; x_wconf 77' lang='grc' dir='ltr'>φύσιν</span> <span class='ocrx_word' id='word_1_817' title='bbox 3436 4948 3710 5015; x_wconf 74' lang='grc' dir='ltr'>ἀποδεῖξαι</span> 
     </span>
    </p>
   </div>
   <div class='ocr_carea' id='block_1_110' title="bbox 2210 5128 3706 5213">
    <p class='ocr_par' dir='ltr' id='par_1_110' title="bbox 2210 5128 3706 5213">
     <span class='ocr_line' id='line_1_111' title="bbox 2210 5128 3706 5213; baseline -0.009 -16"><span class='ocrx_word' id='word_1_818' title='bbox 2210 5143 2324 5211; x_wconf 76' lang='grc'>(85)</span> <span class='ocrx_word' id='word_1_819' title='bbox 2360 5143 2458 5195; x_wconf 75' lang='grc' dir='ltr'><em>Ἕν</em></span> <span class='ocrx_word' id='word_1_820' title='bbox 2485 5140 2660 5209; x_wconf 79' lang='grc' dir='ltr'>αὐτῇ.</span> <span class='ocrx_word' id='word_1_821' title='bbox 2703 5141 2743 5194; x_wconf 86' lang='grc' dir='ltr'><strong>Β</strong></span> <span class='ocrx_word' id='word_1_822' title='bbox 2769 5142 2827 5213; x_wconf 84' lang='grc' dir='ltr'><strong>ἐν</strong></span> <span class='ocrx_word' id='word_1_823' title='bbox 2856 5143 3044 5212; x_wconf 80' lang='grc' dir='ltr'>ἑαυτῇ.</span> <span class='ocrx_word' id='word_1_824' title='bbox 3070 5142 3123 5213; x_wconf 25' lang='lat' dir='ltr'><strong>AA</strong></span> <span class='ocrx_word' id='word_1_825' title='bbox 3158 5144 3213 5196; x_wconf 89' lang='lat' dir='ltr'><strong>in</strong></span> <span class='ocrx_word' id='word_1_826' title='bbox 3248 5143 3493 5213; x_wconf 84' lang='lat' dir='ltr'><strong>margine</strong></span> <span class='ocrx_word' id='word_1_827' title='bbox 3521 5128 3706 5199; x_wconf 77' lang='grc' dir='ltr'>ἑαυτῇ·</span> 
     </span>
    </p>
   </div>
   <div class='ocr_carea' id='block_1_111' title="bbox 2210 5211 3125 5280">
    <p class='ocr_par' dir='ltr' id='par_1_111' title="bbox 2210 5211 3125 5280">
     <span class='ocr_line' id='line_1_112' title="bbox 2210 5211 3125 5280; baseline -0.002 -14"><span class='ocrx_word' id='word_1_828' title='bbox 2210 5213 2321 5280; x_wconf 86' lang='grc'>(86)</span> <span class='ocrx_word' id='word_1_829' title='bbox 2367 5215 2464 5264; x_wconf 76' lang='grc' dir='ltr'><strong>Ἑν</strong></span> <span class='ocrx_word' id='word_1_830' title='bbox 2499 5213 2726 5275; x_wconf 78' lang='grc' dir='ltr'>ἐκείνῳ.</span> <span class='ocrx_word' id='word_1_831' title='bbox 2779 5212 2865 5264; x_wconf 84' lang='grc' dir='ltr'>Ἑν</span> <span class='ocrx_word' id='word_1_832' title='bbox 2900 5211 3043 5267; x_wconf 80' lang='lat' dir='ltr'><strong>delet</strong></span> <span class='ocrx_word' id='word_1_833' title='bbox 3066 5211 3125 5265; x_wconf 85' lang='grc' dir='ltr'>Β.</span> 
     </span>
    </p>
   </div>
   <div class='ocr_carea' id='block_1_112' title="bbox 2208 5280 3502 5353">
    <p class='ocr_par' dir='ltr' id='par_1_112' title="bbox 2208 5280 3502 5353">
     <span class='ocr_line' id='line_1_113' title="bbox 2208 5280 3502 5353; baseline -0.001 -17"><span class='ocrx_word' id='word_1_834' title='bbox 2208 5283 2322 5353; x_wconf 89' lang='lat'><strong>(87)</strong></span> <span class='ocrx_word' id='word_1_835' title='bbox 2360 5280 2729 5353; x_wconf 67' lang='lat' dir='ltr'><strong>&#39;Opogpcbrmq.</strong></span> <span class='ocrx_word' id='word_1_836' title='bbox 2761 5283 2802 5333; x_wconf 87' lang='lat' dir='ltr'><strong>A</strong></span> <span class='ocrx_word' id='word_1_837' title='bbox 2833 5283 2887 5336; x_wconf 91' lang='lat' dir='ltr'><strong>in</strong></span> <span class='ocrx_word' id='word_1_838' title='bbox 2922 5283 3167 5353; x_wconf 63' lang='lat' dir='ltr'><strong>margine</strong></span> <span class='ocrx_word' id='word_1_839' title='bbox 3194 5280 3502 5352; x_wconf 77' lang='grc' dir='ltr'>ὁμόφωνος.</span> 
     </span>
    </p>
   </div>
   <div class='ocr_carea' id='block_1_113' title="bbox 2210 5349 3048 5421">
    <p class='ocr_par' dir='ltr' id='par_1_113' title="bbox 2210 5349 3048 5421">
     <span class='ocr_line' id='line_1_114' title="bbox 2210 5349 3048 5421; baseline 0.001 -16"><span class='ocrx_word' id='word_1_840' title='bbox 2210 5349 2322 5421; x_wconf 85' lang='grc'>(88)</span> <span class='ocrx_word' id='word_1_841' title='bbox 2362 5349 2610 5406; x_wconf 71' lang='grc' dir='ltr'>Τούτων.</span> <span class='ocrx_word' id='word_1_842' title='bbox 2638 5352 2682 5421; x_wconf 77' lang='grc' dir='ltr'>Β</span> <span class='ocrx_word' id='word_1_843' title='bbox 2700 5353 2901 5404; x_wconf 85' lang='grc' dir='ltr'>τούτων</span> <span class='ocrx_word' id='word_1_844' title='bbox 2936 5349 3048 5406; x_wconf 78' lang='grc' dir='ltr'>οὖν.</span> 
     </span>
    </p>
   </div>
   <div class='ocr_carea' id='block_1_114' title="bbox 2211 5420 3137 5491">
    <p class='ocr_par' dir='ltr' id='par_1_114' title="bbox 2211 5420 3137 5491">
     <span class='ocr_line' id='line_1_115' title="bbox 2211 5420 3137 5491; baseline 0 -16"><span class='ocrx_word' id='word_1_845' title='bbox 2211 5420 2321 5491; x_wconf 88' lang='grc'>(89)</span> <span class='ocrx_word' id='word_1_846' title='bbox 2358 5422 2548 5475; x_wconf 82' lang='grc' dir='ltr'>Ταῦτα</span> <span class='ocrx_word' id='word_1_847' title='bbox 2580 5420 2666 5475; x_wconf 82' lang='grc' dir='ltr'><strong>δέ.</strong></span> <span class='ocrx_word' id='word_1_848' title='bbox 2699 5422 2766 5474; x_wconf 87' lang='grc' dir='ltr'>Δέ</span> <span class='ocrx_word' id='word_1_849' title='bbox 2805 5424 2986 5477; x_wconf 86' lang='lat' dir='ltr'><strong>delent</strong></span> <span class='ocrx_word' id='word_1_850' title='bbox 3010 5424 3048 5475; x_wconf 77' lang='grc' dir='ltr'>Α</span> <span class='ocrx_word' id='word_1_851' title='bbox 3078 5420 3137 5475; x_wconf 84' lang='grc' dir='ltr'>Β.</span> 
     </span>
    </p>
   </div>
   <div class='ocr_carea' id='block_1_115' title="bbox 2211 5491 3077 5563">
    <p class='ocr_par' dir='ltr' id='par_1_115' title="bbox 2211 5491 3077 5563">
     <span class='ocr_line' id='line_1_116' title="bbox 2211 5491 3077 5563; baseline -0.006 -15"><span class='ocrx_word' id='word_1_852' title='bbox 2211 5491 2323 5561; x_wconf 83' lang='grc'>(90)</span> <span class='ocrx_word' id='word_1_853' title='bbox 2353 5491 2646 5563; x_wconf 72' lang='grc' dir='ltr'><strong>Μέτριον.Δ</strong></span> <span class='ocrx_word' id='word_1_854' title='bbox 2667 5492 2712 5563; x_wconf 73' lang='grc' dir='ltr'><strong>ᾼ</strong></span> <span class='ocrx_word' id='word_1_855' title='bbox 2747 5492 2786 5546; x_wconf 87' lang='grc' dir='ltr'><strong><em>Β</em></strong></span> <span class='ocrx_word' id='word_1_856' title='bbox 2822 5493 3077 5563; x_wconf 87' lang='grc' dir='ltr'>μετρίως.</span> 
     </span>
    </p>
   </div>
   <div class='ocr_carea' id='block_1_116' title="bbox 2212 5560 3260 5633">
    <p class='ocr_par' dir='ltr' id='par_1_116' title="bbox 2212 5560 3260 5633">
     <span class='ocr_line' id='line_1_117' title="bbox 2212 5560 3260 5633; baseline -0.002 -16"><span class='ocrx_word' id='word_1_857' title='bbox 2212 5560 2325 5633; x_wconf 79' lang='grc'>(91)</span> <span class='ocrx_word' id='word_1_858' title='bbox 2370 5560 2757 5633; x_wconf 61' lang='grc' dir='ltr'>’ξτεροειδῶςκ</span> <span class='ocrx_word' id='word_1_859' title='bbox 2790 5560 2836 5615; x_wconf 78' lang='grc' dir='ltr'><strong>Ᾱ</strong></span> <span class='ocrx_word' id='word_1_860' title='bbox 2866 5560 3260 5633; x_wconf 47' lang='grc' dir='ltr'>Β-’έτεροφυῶᾳ</span> 
     </span>
    </p>
   </div>
   <div class='ocr_carea' id='block_1_117' title="bbox 2211 5627 3340 5704">
    <p class='ocr_par' dir='ltr' id='par_1_117' title="bbox 2211 5627 3340 5704">
     <span class='ocr_line' id='line_1_118' title="bbox 2211 5627 3340 5704; baseline -0.001 -17"><span class='ocrx_word' id='word_1_861' title='bbox 2354 5627 2520 5688; x_wconf 73' lang='grc' dir='ltr'>Εἶναι</span> <span class='ocrx_word' id='word_1_862' title='bbox 2550 5627 2773 5700; x_wconf 79' lang='grc' dir='ltr'>αὐτοῖς.</span> <span class='ocrx_word' id='word_1_863' title='bbox 2810 5634 2855 5688; x_wconf 81' lang='grc' dir='ltr'>Α</span> <span class='ocrx_word' id='word_1_864' title='bbox 2879 5627 3113 5686; x_wconf 70' lang='grc' dir='ltr'>εἶναι’ἐν</span> <span class='ocrx_word' id='word_1_865' title='bbox 3135 5633 3340 5692; x_wconf 86' lang='grc' dir='ltr'>αὑτοῖς.</span> 
     </span>
    </p>
   </div>
  </div>
