3950 6132
252 226 315 282 75
1323 226 1409 282 DE
1445 226 1660 282 ANIMA
1689 223 1776 280 ET
1809 223 2408 318 BESURRECTIO’EIE.
3436 235 3507 291 74

254 342 348 396 τὸν
373 338 551 409 λόγον,
572 340 708 397 ἄλλο
729 357 784 394 τι
813 341 1159 396 παντάπασιν
1185 337 1348 398 οὖσαν
1398 344 1498 415 τῆς
1519 345 1832 416 αἰσθητικῆς

1945 357 2068 397 cum
2095 351 2288 398 natura
2323 341 2467 398 aliud
2497 343 2753 414 quiddam
2785 346 2965 402 anima
2990 354 3154 417 atque
3183 362 3383 418 corpus
3411 351 3503 417 sit,

256 451 312 486 τε
345 433 437 486 καὶ
469 432 663 504 ὑλικῆς
707 433 894 496 οὐσίας
927 450 940 464 '
989 435 1138 504 ὅμως
1165 434 1222 488 δὲ
1264 437 1494 490 ἑκάστου
1524 437 1634 490 τῶν
1666 436 1832 494 ὄντων

1942 437 1993 492 in
2014 435 2343 506 corporibus
2369 443 2548 491 tamen
2573 447 2690 504 est;
2723 445 2840 493 tum
2857 455 2921 495 ex
2951 456 3018 495 eo
3045 441 3192 511 quod
3209 441 3386 500 oratio
3409 442 3504 498 de-

244 525 470 594 διήκειν,
510 525 607 579 καὶ
638 528 706 596 τῇ
740 525 879 597 πρὸς
917 525 976 579 τὸ
1008 527 1118 580 πᾶν
1161 527 1463 598 ἀνακράσει
1497 529 1744 599 συνέχειν
1773 529 1831 582 ἑν

1942 529 2296 594 monstravit,
2341 527 2580 583 divinam
2611 537 2895 596 naturam,
2953 532 3082 589 licet
3129 535 3355 589 omnino
3402 536 3509 590 alia

244 617 316 687 τῷ
342 614 484 672 εἶναι
523 617 594 671 τὰ
623 617 773 683 ὅντα,
803 617 880 681 ὡς
905 617 995 672 διὰ
1025 617 1232 674 τούτων
1273 620 1415 682 κατὰ
1445 621 1508 675 τὸ
1541 620 1831 676 ἀκόλουθον

246 709 381 780 μηδὲ
424 711 523 779 τὴν
568 709 750 780 ψυχὴν
793 709 897 774 ἔξω
956 709 1064 763 τῶν
1105 712 1274 766 ὄντων
1324 712 1532 767 οἴεσθαι
1578 714 1686 768 ἀπὸ
1730 713 1829 785 τῆς

244 798 298 849 ἑν
335 797 448 868 (95)
491 797 626 851 εῖδει
657 796 1038 870 θεωρουμένης
1067 799 1213 872 ζωῆς
1243 803 1324 865 εἰς
1361 801 1424 854 τὸ
1449 801 1626 864 ἀειδὲς
1660 819 1828 874 μετα-

245 892 471 944 στᾶσαν.

1935 620 2009 676 sit
2034 628 2200 691 atque
2227 635 2293 676 ea
2315 636 2437 690 quae
2478 636 2680 678 sensus
2725 624 3073 694 materiaeque
3102 626 3376 698 particeps
3400 637 3509 690 est,

1937 719 2118 767 tamen
2150 727 2246 782 per
2276 713 2704 783 unumquodque
2729 727 2917 768 eorum
2943 729 3064 785 quae
3087 722 3214 770 sunt
3242 716 3298 771 in
3323 730 3508 772 rerum

1935 812 2152 867 natura,
2193 803 2367 872 fundi,
2408 820 2691 876 permeare
2723 812 2887 875 atque
2941 821 3286 875 permanare,
3335 821 3510 876 eaque

1935 895 1988 950 vi
2039 910 2147 966 qua
2185 909 2312 950 cum
2353 896 2712 952 universitate
2731 903 3136 966 contemperata
3170 903 3332 967 atque
3359 911 3510 952 com-

251 983 412 1039 mista
435 992 542 1050 est,
569 985 623 1038 in
655 984 898 1042 essentia
922 985 1204 1042 continere
1250 1000 1313 1041 ea
1341 1000 1464 1056 quae
1501 993 1630 1042 sunt
1687 985 1742 1039 in
1764 1000 1947 1040 rerum
1997 982 2212 1054 natura,
2258 997 2320 1042 ut
2382 1003 2478 1057 per
2513 987 2648 1053 haec,
2710 995 2874 1058 prout
2939 988 3352 1059 conscquentia-
3390 1004 3509 1044 ser-

244 1077 427 1132 monis
497 1079 782 1144 ostendit,
829 1077 1252 1134 existimandum
1304 1078 1412 1142 sit,
1465 1092 1536 1134 ne
1589 1077 1824 1136 animam
1863 1077 2082 1149 quidem
2119 1086 2274 1135 extra
2323 1096 2414 1138 res
2462 1082 2746 1140 universas
2774 1099 2917 1149 esse,
2961 1098 3085 1138 cum
3151 1098 3220 1137 ex
3255 1097 3320 1138 ea
3374 1084 3506 1138 vita.

243 1188 365 1242 quae
397 1171 452 1225 in
485 1170 665 1226 forma
725 1189 788 1227 ac
817 1173 1001 1244 specie
1017 1173 1510 1240 animadvertitur,
1558 1173 1626 1228 ad
1681 1187 1801 1228 eam
1867 1189 1990 1246 quae
2051 1176 2298 1246 conspici
2321 1192 2430 1232 non
2467 1187 2648 1248 potest
2683 1178 3174 1250 transmigraverit.

325 1264 487 1318 Ἀλλὰ
528 1265 646 1328 πῶς
665 1304 681 1327 ,
730 1261 902 1331 εἷπον,
947 1267 1046 1338 τῆς
1100 1267 1208 1321 τῶν
1257 1267 1534 1338 στοιχείων
1580 1265 1828 1330 ἑνὼσεως

242 1356 431 1427 ἔτερόν
477 1374 531 1410 τι
571 1357 660 1411 διὰ
701 1357 800 1428 τῆς
848 1358 984 1430 πρὸς
1031 1357 1238 1429 ἄλληλα
1285 1359 1486 1430 μίξεως
1527 1355 1666 1424 εἶδος
1712 1359 1824 1430 (94)

240 1447 619 1502 ἁναλαϐόντων
649 1448 785 1519 (95),
819 1448 955 1519 πρὸς
1002 1449 1038 1503 ἃ
1081 1449 1191 1521 (96)
1235 1451 1335 1521 τῆς
1377 1451 1554 1522 ψυχῆς
1601 1451 1825 1519 γέγονεν

244 1541 277 1611 ή
303 1539 580 1604 οἰκείωσις
610 1540 748 1610 (97),
791 1541 1011 1596 ἐπειδὰν
1039 1545 1104 1613 τῇ
1139 1542 1378 1596 διαλύσει
1410 1542 1518 1596 τῶν
1549 1542 1825 1613 στοιχείων

246 1632 386 1686 κατά
412 1631 474 1684 τὸ
515 1631 663 1695 εἰκὸς
695 1633 1065 1705 συναφανισθῇ
1101 1633 1198 1688 καὶ
1242 1635 1306 1687 τὸ
1348 1629 1522 1701 εἷδοςς
1573 1633 1692 1688 Τίνι
1728 1651 1826 1706 ση-

250 1723 392 1792 μείῳ
414 1722 878 1794 κατακολουθήσει
900 1725 934 1794 ή
959 1724 1105 1796 ψυχὴ
1127 1725 1264 1796 μετὰ
1289 1726 1383 1780 τοῦ
1407 1725 1520 1795 (98)
1549 1725 1828 1796 ἐγνωσμέ-

244 1830 337 1865 νου
359 1809 438 1880 μὴ
459 1810 923 1881 παραμείναντος;
939 1813 1100 1872 -Μ,
1138 1813 1270 1866 Ἡδὲ
1290 1814 1483 1885 μικρὸν
1505 1816 1827 1888 ἐπισχοῦσα,

244 1903 490 1956 Δεδόσθω
523 1920 634 1972 μοι,
673 1901 841 1973 φησὶ,
873 1902 992 1956 κατ’
1036 1901 1283 1966 ἐξουσίαν
1313 1905 1421 1972 (99)
1473 1904 1672 1958 πλάσαι
1708 1905 1830 1966 τινὰ

242 1991 402 2062 λόγον
454 1995 512 2046 ἑν
561 1995 918 2066 ὑποδείγματι
943 2037 958 2061 ,
1009 1995 1146 2066 πρὸς
1191 1994 1290 2064 τὴν
1336 1994 1430 2048 τοῦ
1467 1995 1828 2067 προκειμένου

243 2085 570 2156 σαφήνειαν,
601 2085 704 2140 κᾶν
731 2085 837 2151 ἔξω
879 2085 976 2139 τοῦ
1013 2083 1238 2140 δυνατοῦ
1263 2085 1392 2156 δοκῇ
1432 2084 1493 2138 τὸ
1517 2084 1824 2155 λεγόμενον.

240 2174 494 2228 Δεδόσθω
523 2175 634 2247 γὰρ
659 2176 884 2230 δυνατὸν
928 2172 1068 2231 εἶναι
1100 2179 1166 2248 τῇ
1197 2175 1292 2229 τοῦ
1323 2175 1614 2248 ζωγράφου
1641 2176 1828 2248 τέχνῃ,

242 2265 324 2337 μὴ
363 2266 526 2336 μόνον
562 2268 806 2338 μιγνύειν
848 2267 908 2333 ἑξ
949 2269 1190 2322 ἐναντίου
1220 2268 1289 2322 τὰ
1319 2267 1605 2340 χρώματα,
1650 2267 1831 2333 καθὼς

241 2357 367 2420 ἔθος
410 2360 586 2411 ποιεῖν
616 2359 798 2422 αὐτοῖς
839 2359 976 2432 πρὸς
1003 2359 1100 2431 τὴν
1131 2359 1230 2430 τῆς
1266 2359 1480 2430 μορφῆς
1515 2359 1828 2431 ὁμοιότητα,

239 2449 383 2503 ἀλλά
429 2452 528 2505 καὶ
569 2451 868 2522 διακρίνειν
912 2451 982 2505 τὰ
1026 2451 1378 2523 μεμιγμένα,
1426 2453 1521 2505 καὶ
1556 2452 1656 2522 τὴν
1689 2453 1832 2507 κατά

240 2541 408 2609 φύσιν
437 2541 601 2596 πάλιν
634 2541 850 2614 ἑκάστῳ
881 2543 990 2598 τῶν
1028 2544 1333 2614 χρωμάτων
1377 2543 1685 2598 ἀποδιδόναι
1733 2543 1831 2614 βα-

243 2635 373 2702 φήν.
406 2634 621 2688 Οὐκοῦν
653 2634 714 2689 τὸ
742 2635 952 2701 λευκὸν,
985 2636 1080 2690 καὶ
1110 2635 1171 2689 τὸ
1201 2635 1391 2706 μέλαν,
1426 2635 1460 2706 ἢ
1493 2635 1555 2689 τὸ
1579 2635 1828 2708 ἐρυθρὸν,

243 2729 340 2780 καὶ
378 2727 444 2780 τὸ
493 2728 823 2800 χρυσοειδὲς,
872 2730 905 2801 ἢ
955 2731 1009 2783 ετ
1054 2748 1138 2794 τις
1185 2730 1320 2800 ἄλλη
1369 2729 1513 2802 βαφὴ
1557 2730 1694 2802 πρὸς
1734 2729 1833 2799 τὴν

243 2820 544 2888 ὁμοιότητα
568 2819 662 2872 τοῦ
688 2821 1046 2892 προκειμένου
1080 2822 1430 2894 συγκρίνεται
1462 2821 1562 2894 (1),
1592 2824 1641 2876 εί
1671 2819 1835 2876 πάλιν

2005 1265 2112 1324 Sed
2136 1284 2244 1338 quo
2266 1278 2444 1340 pacto,
2482 1270 2728 1342 inquam,
2761 1286 2886 1326 cum
2910 1270 3302 1326 elementorum
3333 1269 3510 1326 unitio

1935 1374 2037 1430 per
2081 1369 2328 1415 mutuam
2386 1361 2703 1417 mistionem
2743 1362 2904 1416 aliam
2951 1361 3245 1432 quamdam
3275 1361 3510 1432 speciem

1944 1452 2325 1522 assumpserit,
2357 1468 2483 1508 cum
2521 1467 2630 1524 qua
2657 1455 2837 1508 anima
2869 1453 3163 1509 conciliata
3192 1460 3355 1523 atque
3379 1469 3511 1508 con-

1942 1544 2150 1600 sociata
2181 1542 2307 1611 fuit,
2328 1551 2680 1616 posteaquam
2704 1559 2814 1600 una
2840 1557 2964 1600 cum
2987 1545 3377 1600 elementorum
3393 1542 3510 1598 dis-

1933 1635 2224 1700 solutione,
2261 1635 2472 1706 species
2503 1650 2753 1706 quoque,
2789 1644 2849 1690 ut
2897 1645 2982 1692 est
3007 1635 3306 1690 verisimile
3343 1640 3508 1704 atque

1933 1733 2386 1792 consentaneum,
2415 1727 2616 1782 abolita
2637 1735 2801 1798 atque
2819 1727 2996 1783 deleta
3029 1725 3228 1782 fuerit?
3252 1727 3396 1796 quod
3430 1727 3506 1781 si-

1929 1831 2097 1888 gnum
2125 1817 2308 1871 anima
2340 1817 2571 1888 posthac
2601 1826 2881 1888 sequetur,
2923 1831 3050 1872 cum
3072 1816 3126 1872 id
3146 1817 3294 1887 quod
3317 1825 3502 1873 notum

1921 1905 2122 1968 fuerat,
2142 1919 2249 1959 non
2265 1905 2623 1972 permanserit
2643 1906 2747 1959 ?—
2764 1906 2834 1961 M.
2861 1910 2986 1964 Haec
3003 1923 3134 1964 vero
3148 1910 3371 1979 paulum
3391 1925 3506 1964 mo-

1921 2003 2078 2052 rata:
2102 1992 2292 2061 Detur,
2316 1993 2518 2064 inquit,
2547 1993 2680 2050 mihi
2707 2003 2767 2049 ut
2797 1994 2866 2050 ad
2892 1996 3186 2051 arbitrium
3225 1997 3507 2054 commini-

1925 2102 2050 2144 scar
2073 2101 2137 2142 ac
2171 2087 2368 2158 ﬁngam
2386 2087 2631 2157 aliquam
2654 2087 3037 2143 similitudinis
3068 2097 3233 2158 atque
3269 2090 3503 2161 exempli

1923 2183 2098 2251 gratia
2114 2178 2382 2234 rationem
2401 2179 2469 2234 ad
2489 2179 2780 2250 propositae
2801 2179 3124 2250 quaestionis
3140 2180 3505 2252 perspicuita-

1922 2278 2033 2328 tem
2061 2279 2227 2341 atqne
2249 2268 2930 2336 declarationem,etiamsi
2952 2273 3099 2342 quod
3124 2271 3359 2336 dicetur,
3385 2271 3502 2328 ﬁeri

1943 2374 2052 2413 non
2080 2374 2243 2431 posse
2268 2358 2547 2414 videatur.
2571 2357 2739 2415 Detur
2765 2358 2912 2414 enim
2945 2355 3062 2412 ﬁeri
3088 2370 3250 2427 posse
3293 2370 3390 2424 per
3421 2370 3510 2408 ar-

1949 2459 2058 2506 tem
2109 2450 2389 2521 pingendi,
2420 2458 2480 2507 ut
2526 2465 2635 2505 non
2665 2450 2842 2506 solum
2868 2450 3079 2505 colores
3103 2463 3166 2503 ex
3197 2447 3508 2510 contrariis,

1947 2542 2096 2613 quod
2117 2544 2358 2613 pictores
2380 2542 2560 2597 facere
2579 2544 2758 2597 solent
2785 2541 2853 2595 ad
2879 2540 3293 2596 similitudinem
3327 2524 3512 2594 formae

1947 2632 2310 2698 misceantur,
2338 2631 2694 2686 vcrnmetiam
2739 2631 2890 2685 misti
2931 2638 3278 2701 separentur,
3299 2637 3365 2685 ac
3390 2645 3511 2684 rur-

1939 2737 2037 2776 sus
2091 2721 2390 2792 unicuique
2430 2721 2603 2777 colori
2633 2721 2904 2778 naturalis
2932 2723 3172 2777 tinctura
3231 2721 3512 2778 reddatur.

1941 2810 1999 2867 Si
2030 2812 2197 2884 igitur
2213 2813 2370 2868 albus
2396 2819 2452 2867 et
2485 2813 2662 2884 niger,
2697 2819 2793 2867 aut
2827 2813 2994 2868 ruber
3013 2820 3068 2868 et
3128 2811 3310 2868 fulvus
3339 2812 3510 2877 color,

246 2909 578 2980 ἀποκριθείη
621 2910 720 2980 τῆς
765 2910 901 2982 πρὸς
951 2911 1138 2982 ἕτερον
1182 2911 1258 2982 (2)
1309 2912 1540 2982 μίξεως,
1600 2910 1696 2966 καὶ
1753 2899 1832 2982 ἐφ’

1944 2912 2038 2960 aut
2059 2905 2105 2961 si
2136 2919 2243 2975 qua
2275 2904 2381 2959 alia
2403 2904 2642 2959 tinctura
2673 2904 2741 2960 ad
2764 2904 3179 2960 similitudinem
3204 2905 3512 2975 argumenti

247 3001 436 3072 ἑτέρου
469 3001 548 3072 (5)
587 3001 814 3069 γένοιτο,
846 3002 998 3057 οὐδὲν
1025 2999 1186 3076 ἦττον
1211 3003 1576 3073 γινώσκεσθαι
1606 3003 1713 3057 ὑπὸ
1736 3003 1831 3056 τοῦ

245 3094 496 3164 τεχνίτου
531 3094 709 3164 φαμὲν
748 3095 881 3147 αὐτὸ
920 3095 982 3148 τὸ
1011 3092 1149 3159 εἶδος
1173 3096 1266 3150 τοῦ
1295 3095 1602 3168 χρώματος,
1637 3096 1731 3149 καὶ
1760 3095 1834 3167 μὴ

255 3187 383 3256 μίαν
411 3188 489 3256 (4)
521 3187 835 3255 ἐγγίνεσθαι
879 3186 1048 3259 λήθην
1090 3188 1260 3260 αὐτῷ,
1296 3190 1435 3260 μήτε
1470 3187 1564 3241 τοῦ
1603 3187 1833 3260 ἐρυθροῦ

255 3280 392 3348 μήτε
433 3279 526 3331 τοῦ
584 3279 847 3349 μέλανος,
890 3281 939 3331 εί
972 3278 1046 3351 (5)
1097 3280 1404 3352 ἑτερόχρωα
1429 3279 1506 3352 (6)
1549 3281 1687 3334 κατά
1737 3279 1834 3351 τὴν

250 3368 341 3421 τοῦ
378 3369 458 3439 (7)
504 3369 640 3440 πρὸς
673 3371 878 3440 ᾄλληλα
927 3371 1072 3442 μίξιν
1113 3372 1370 3442 γινόμενα
1405 3373 1504 3443 (8),
1551 3372 1712 3426 πάλιν
1755 3373 1834 3436 εἰς

251 3462 348 3532 τὴν
368 3462 513 3515 κατά
538 3464 700 3528 φύσιν
720 3463 989 3536 ἐπανέλθῃ
1012 3463 1088 3534 (9)
1113 3463 1290 3536 βαφήν
1310 3482 1323 3495 ο
1351 3464 1698 3536 μεμνημένου
1724 3463 1835 3537 (10)

254 3553 309 3606 δὲ
332 3554 427 3607 τοῦ
462 3555 665 3625 τρόπου
707 3557 806 3627 τῆς
837 3556 974 3629 πρὸς
1001 3557 1206 3628 ἄλληλα
1227 3558 1341 3611 τῶν
1370 3558 1676 3629 χρωμάτων
1705 3575 1837 3627 συγ-

257 3645 505 3715 κράσεως
528 3659 542 3673 ·
594 3643 795 3698 ειδέναι
833 3648 984 3699 ποῖον
1027 3645 1085 3699 ἑν
1137 3663 1242 3699 τινι
1275 3646 1388 3716 (11)
1415 3645 1697 3716 γινόμενον
1723 3646 1836 3717 (12)

257 3729 362 3788 οἷον
389 3737 771 3807 ἀπειργάσατο
797 3737 1016 3809 χρῶμα,
1045 3738 1139 3792 καὶ
1171 3739 1318 3801 ὅπως
1350 3736 1703 3808 ἐκϐληθέντος
1721 3736 1836 3806 (15)

260 3828 320 3878 ἐκ
348 3827 443 3880 τοῦ
489 3827 828 3899 ἀπολυθῆναι
856 3829 951 3882 τοῦ
995 3829 1183 3900 ἑτέρου
1229 3830 1391 3884 πάλιν
1425 3830 1505 3892 είς
1546 3829 1608 3882 τὸ
1641 3831 1838 3883 οἰκεῖον

258 3919 632 3990 ἑπανέδραμεν
655 3919 834 3986 ἄνθος,
866 3921 960 3975 καὶ
992 3923 1041 3974 εί
1071 3921 1234 3976 πάλιν
1261 3921 1369 3975 δέοι
1396 3920 1484 3975 διὰ
1511 3922 1610 3992 τῆς
1637 3920 1838 3991 μίξεως

258 4008 318 4062 τὸ
344 4006 463 4062 ἶσον
489 4011 850 4080 ἐργάσασθαι,
893 4013 1209 4082 ἀπονωτέρα
1250 4013 1402 4067 ἔσται
1429 4012 1578 4083 αὐτῷ
1605 4014 1638 4083 ή
1673 4029 1840 4066 κατα-

262 4102 424 4173 σκευὴ
468 4103 528 4155 ὲν
580 4106 647 4174 τῇ
699 4103 1044 4179 προλαϐούσῃ
1087 4105 1418 4177 δημιουργίᾳ
1463 4103 1835 4176 μελετηθεῖσα.

263 4193 319 4244 Εἰ
343 4193 396 4246 δέ
425 4211 480 4247 τι
510 4194 626 4263 (14)
659 4195 949 4249 ἀκόλουθον
981 4197 1038 4250 ἑν
1066 4196 1146 4268 τῷ
1174 4196 1550 4268 ὑποδείγματι,
1591 4199 1778 4270 φησὶν,
1809 4201 1838 4254 ὁ

263 4282 410 4350 λόγος
435 4284 576 4355 ἔχει,
603 4285 916 4350 ἐξεταστέον
943 4287 1043 4358 ἤδη
1069 4288 1200 4358 ἡμῖν
1224 4287 1355 4340 αὐτὸ
1378 4288 1439 4340 τὸ
1459 4289 1834 4359 προκείμενον.

277 4375 414 4428 ’Δντὶ
439 4375 553 4447 γὰρ
585 4376 686 4447 τῆς
711 4378 986 4448 γραφεκῆς
1018 4378 1211 4449 τέχνης
1235 4378 1345 4450 (15)
1375 4379 1535 4450 ἡτῶν
1561 4379 1838 4450 στοιχείων

266 4465 488 4518 νοείσθω
521 4466 689 4534 φύσις
738 4467 872 4535 (16),
909 4470 942 4538 ἠ
989 4468 1047 4522 δὲ
1100 4469 1244 4539 μίξις
1289 4473 1386 4537 τῆς
1435 4469 1682 4539 ποικίλης
1730 4470 1838 4523 τῶν

269 4555 725 4627 ἑτεροχροούντων
776 4557 970 4628 βαφῆς,
1025 4560 1119 4612 κα)⁹
1167 4559 1328 4612 πάλιν
1372 4561 1404 4626 ή
1455 4559 1666 4613 δοθεῖσα
1705 4561 1840 4631 ἡμῖν

270 4647 380 4699 καθ’
428 4647 682 4700 ὑπόθεσιν
734 4650 813 4712 εἰς
852 4648 922 4701 τὰ
958 4650 1131 4703 οἰκεῖα
1180 4650 1383 4704 τούτων
1430 4651 1706 4716 ἐπάνοδος,
1741 4651 1838 4722 τὴν

273 4740 573 4810 συνδρομήν
619 4757 680 4792 τε
711 4742 803 4793 καὶ
835 4740 1112 4795 διάστασιν
1138 4741 1246 4795 τῶν
1277 4742 1554 4812 στοιχείων
1595 4743 1840 4814 ὑπογρα-

341 4895 450 4960 (95)
491 4896 606 4963 Τῆς
636 4896 726 4950 ἐν.
775 4895 818 4950 Β
847 4898 953 4950 τῶν
990 4900 1066 4952 ὲν.

341 4968 452 5034 (94)
480 4967 659 5031 Εῑδος
686 4967 830 5021 delet
854 4966 914 5020 Β.

340 5035 454 5110 (95)
498 5038 960 5110 Ἀνᾳιλᾳϐόνζων.
979 5037 1032 5110 Β
1055 5036 1559 5110 ἀναλαμϐανόντων.

365 5105 458 5172 96)
499 5106 655 5174 Πρὸς
675 5106 732 5160 ἆ.
765 5108 810 5160 Δ
835 5105 874 5158 Β
899 5108 1033 5176 πρὸς
1055 5111 1103 5162 ὅ.
1230 5105 1241 5110 ⁷
1275 5127 1280 5130 ·

367 5176 456 5248 97)
491 5177 819 5248 Οὶκείωσις.
931 5177 1209 5248 διοίκησις.

368 5245 456 5317 98)
487 5247 650 5300 Μετὰ
680 5246 810 5300 τοῦ.
841 5247 885 5299 Β
925 5249 1062 5317 μετά
1091 5245 1246 5301 τοῦτο
1272 5248 1388 5302 τοῦ.

369 5315 455 5383 99)
486 5319 625 5370 Κατ’
649 5315 959 5381 ἐξουσίαν.
996 5319 1041 5370 Α
1075 5319 1442 5384 κατεξουσίαν.

454 5389 861 5458 Συγκρίνεται.
892 5393 935 5440 Α
962 5386 1003 5438 Β
1033 5391 1406 5458 συγκιρνᾶται.

461 5457 956 5532 Ηώς-(ἔτερον.ἈΔ
1059 5457 1286 5532 πρὸςζώ
1316 5459 1518 5532 ἕτερον.

373 5526 427 5596 5)
461 5528 586 5596 Ἐφ’
614 5526 843 5594 ἐτέρου.
872 5530 914 5580 Α
941 5529 1025 5595 ἐφ’
1058 5526 1268 5581 ἑαυτοῦ.

448 5597 546 5664 Μὴ
573 5598 742 5668 μίαν.
780 5597 828 5651 Α
859 5597 898 5652 Β
933 5598 1225 5668 μηδεμίαν.

368 5667 424 5722 5i
463 5670 531 5722 Et
560 5667 709 5722 delet
735 5669 803 5720 A.

555 5761 834 5823 ΡΑτιιοι..
881 5759 1000 5822 Gn.
1047 5760 1275 5823 XLVI.

404 5525 427 5738 ἰ

1935 3004 2268 3067 temperatus
2299 3035 2314 3061 ,
2389 3011 2584 3052 rursus
2653 3011 2686 3049 a
2753 2996 3136 3052 commistione
3207 3009 3316 3067 qua
3387 3010 3512 3050 cum

1935 3090 2106 3146 altero
2173 3089 2360 3144 colore
2433 3096 2877 3159 contemperatus
2948 3097 3031 3144 est
3059 3127 3075 3155 ,
3139 3097 3383 3144 secretus
3451 3102 3513 3142 ac

1933 3195 2031 3251 per
2075 3195 2135 3236 se
2195 3179 2508 3250 singulatim
2560 3187 2848 3251 separatus
2897 3180 3101 3247 fuerit,
3156 3180 3514 3236 nihilominus

1935 3269 2110 3340 ipsam
2137 3271 2373 3340 speciem
2402 3270 2604 3325 coloris
2633 3271 2702 3326 ab
2732 3271 2943 3327 artiﬁce
2971 3271 3198 3341 agnosci
3251 3271 3511 3332 dicimus,

1936 3361 2252 3431 nullamque
2281 3361 2333 3416 ei
2363 3361 2696 3416 oblivionem
2719 3362 2984 3432 obrepere
3010 3363 3093 3416 vel
3127 3361 3278 3416 rubri
3306 3361 3392 3416 vel
3427 3361 3514 3415 ni-

1937 3440 2046 3524 gri,
2077 3454 2122 3508 si
2152 3453 2357 3508 diversi
2391 3454 2608 3509 colores
2635 3453 2866 3508 invicem
2908 3453 3182 3509 commisti
3218 3467 3412 3508 rursus
3445 3452 3512 3506 ad

1936 3547 2243 3602 naturalem
2286 3545 2489 3600 redacti
2533 3545 2738 3600 iuerint
2793 3546 3130 3599 tincturam:
3174 3545 3414 3614 itemque
3466 3545 3513 3599 si

1938 3641 2087 3694 modi
2139 3638 2382 3693 colorum
2432 3637 2499 3692 ad
2558 3638 2790 3693 invicem
2833 3635 3418 3707 contemperandorum
3459 3646 3514 3689 et

1937 3728 2469 3784 commiscendorum
2512 3727 2829 3784 recordetur
2847 3767 2862 3794 ,
2889 3728 3029 3784 scire
3052 3770 3066 3795 ,
3093 3729 3216 3799 quis
3245 3729 3332 3784 cui
3362 3729 3514 3783 color

1937 3821 2232 3892 permistus
2255 3836 2414 3892 quem
2431 3821 2669 3876 colorem
2688 3820 2946 3887 eﬁ‘ecerit,
2966 3829 3018 3876 et
3031 3836 3141 3892 quo
3157 3831 3314 3892 pacto
3342 3821 3514 3877 altero

1937 3913 2086 3968 eluto
2111 3921 2276 3984 atque
2299 3921 2537 3978 secreto,
2565 3928 2760 3970 rursus
2797 3913 2865 3968 ad
2899 3914 3178 3984 proprium
3206 3914 3394 3970 ﬂorem
3427 3930 3513 3970 re-

1940 4007 2136 4062 dactus
2168 4007 2240 4062 sit
2273 4024 2287 4060 :
2324 4020 2389 4060 ac
2420 4007 2466 4061 si
2493 4021 2684 4062 rursus
2715 4008 3070 4076 permistionc
3103 4023 3241 4078 opus
3266 4010 3338 4064 sit
3369 4009 3512 4064 idem

1939 4096 2172 4160 edicere,
2199 4096 2410 4152 minore
2447 4111 2571 4151 cum
2603 4097 2822 4168 negotio
2844 4105 3005 4168 atque
3039 4098 3224 4155 labore
3261 4099 3515 4155 conﬁciet

1941 4191 2017 4256 id,
2050 4191 2194 4261 quod
2221 4190 2273 4244 in
2304 4190 2487 4260 priore
2511 4190 2909 4260 compositione
2941 4193 3237 4247 meditatus
3258 4207 3513 4248 exercue-

1942 4289 2046 4338 rat.
2082 4283 2138 4338 Si
2169 4283 2333 4354 igitur
2359 4282 2558 4352 aliquid
2594 4283 2647 4337 in
2679 4283 3036 4339 similitudine
3063 4292 3514 4348 cOnsentaneum,

1944 4376 2142 4446 inquit,
2174 4376 2351 4430 oratio
2379 4375 2563 4441 habet,
2597 4375 2894 4430 scrutanda
2942 4384 3106 4448 atque
3137 4376 3515 4448 perpendenda

1941 4469 2052 4540 jam
2082 4467 2241 4522 nobis
2279 4467 2382 4521 erit
2420 4469 2694 4537 proposita
2751 4469 3004 4538 quaestio.
3042 4468 3178 4524 Nam
3220 4485 3319 4542 pro
3361 4478 3517 4539 parte

1944 4558 2224 4631 pingendi,
2265 4559 2444 4612 anima
2470 4562 2706 4614 orationi
2741 4562 3018 4632 proposita
3052 4563 3154 4629 sit;
3187 4573 3240 4617 et
3274 4563 3394 4617 loco
3421 4577 3514 4617 co-

1946 4651 2124 4705 lorum
2143 4651 2296 4716 artis,
2325 4651 2657 4722 intelligatur
2672 4653 3063 4710 elementorum
3078 4665 3273 4718 natura
3297 4673 3310 4708 :
3336 4654 3515 4710 mistio

1948 4752 2128 4799 autem
2200 4743 2363 4798 varia:
2412 4743 2754 4802 diversorum
2805 4749 3050 4807 colorum
3102 4747 3388 4814 tinctum,
3449 4761 3514 4802 ac

2134 4897 2608 4973 Έτερόχριιιξςμῤ⁸
2693 4901 3004 4973 ἑτερόχροα.

2013 4966 2090 5034 (7)
2136 4967 2254 5034 Τὴν
2279 4968 2403 5020 τοῦ.
2436 4967 2543 5021 Τοῦ
2577 4969 2718 5025 delet
2745 4966 2810 5024 A'.

2015 5036 2092 5108 (8)
2129 5038 2444 5108 I‘tro'pera.
2475 5039 2519 5091 A
2544 5039 2828 5108 γενόμενα.

2015 5107 2090 5176 (9)
2112 5175 2115 5176 ν
2137 5107 2494 5176 Ἐπανέλθῃ.
2522 5108 2562 5161 Β
2587 5107 2892 5163 ἐπανέλθοι.

2014 5175 2128 5250 (Ψ)
2156 5179 2568 5250 Ψμυημένρυο
2599 5177 2640 5230 Β
2665 5179 3035 5250 μεμυημένον·

2017 5196 2128 5246 un)
2156 5196 2568 5245 ιηεμυημενου.
2599 5196 2640 5230 υ
2657 5196 2746 5301 [LE]

2017 5247 2130 5310 (11)
2161 5247 2272 5299 Ἔν
2293 5263 2428 5300 τινι.
2472 5247 2512 5299 Β
2539 5249 2596 5300 ὲν
2619 5266 2648 5301 τ
2675 5266 2746 5302 νι.

2158 5316 2508 5388 Γινρμενον.
2541 5317 2584 5370 Α
2609 5317 2649 5370 Β
2674 5317 2981 5388 γενόμενον.

2167 5385 2693 5465 Ὲκξιῇηθέιςτοςκᾼ
2713 5387 2755 5442 Β
2783 5385 3144 5454 ἑκπλυθέντος
3175 5393 3268 5446 τοῦ
3304 5393 3514 5465 ἑτέρου.

2020 5455 2133 5526 (14⁷)
2160 5455 2332 5526 Εὶίόέ
2355 5472 2429 5510 τι.
2459 5457 2505 5526 ᾼ
2534 5459 2583 5508 εί
2609 5456 2672 5526 δή
2703 5475 2776 5511 τι.

2023 5526 2138 5606 (l5)
2187 5525 2428 5606 Τέχνςης.
2543 5525 2724 5606 jungit
2748 5529 2860 5584 haec
2882 5549 2905 5606 _:
2946 5529 3187 5606 ἸΙ-ψυχὴ
3213 5533 3516 5606 προκείσθω
3572 5582 3582 5587 ι

1953 5595 2819 5737 Ἔὶςάἔὲἶεέᾓωὰάτων
2848 5602 2945 5670 τῆς
2968 5595 3180 5672 τέχνηςζ

2307 5683 2362 5731 ις
2389 5682 2530 5723 deiet
2559 5682 2626 5722 Α.

3214 5770 3255 5827 3
