3950 6132
451 245 538 301 ‘75
813 251 817 255 ·
1717 233 1773 288 S.
1803 232 2129 290 GREGORII
2157 231 2445 290 NYSSENI
3625 239 3684 295 76

469 372 666 414 rursus
691 355 924 427 exempli
946 354 1119 426 gratia
1148 352 1306 408 nobis
1341 351 1465 406 data
1506 350 1700 405 borum
1726 351 1792 406 ad
1816 351 2036 422 propria

2143 352 2307 419 φέτω.
2349 353 2558 425 Ὥσπερ
2588 349 2678 409 οὖν
2720 371 2900 425 φαμεν
2929 353 3038 424 (17)
3067 355 3123 406 ὲν
3152 351 3230 424 τῷ
3253 355 3591 427 ὑποδείγματι
3619 359 3688 428 μὴ

469 450 741 520 cujusque
759 447 1020 509 redactio,
1055 455 1169 498 tum
1202 458 1557 507 concursum,
1585 453 1703 498 tum
1726 442 2040 511 diremptio-

471 547 595 594 nem
621 539 1012 594 elementorum
1032 534 1298 604 designet.
1327 531 1399 589 Ut
1419 533 1584 604 igitur
1603 532 1659 586 in
1685 531 2040 588 similitudine

471 631 707 686 dicimus
738 626 1000 682 artiﬁcem
1052 639 1161 680 non
1203 625 1455 695 ignorare
1480 623 1681 680 coloris
1711 624 2036 687 tincturam,

471 738 593 794 qum
616 727 737 792 post
772 719 1080 774 mistionem
1111 731 1305 770 rursus
1325 715 1393 769 ad
1424 715 1703 786 proprium
1725 713 1917 768 liorem
1945 727 2036 766 re-

467 817 630 870 dacta
659 813 750 876 sit,
788 811 885 868 sed
909 822 1209 880 agnoscere
1238 817 1352 861 tum
1381 807 1632 872 rubrum,
1659 813 1774 859 tum
1797 805 2038 874 nigrum,

469 913 524 959 et
567 902 613 958 si
667 901 793 972 quis
851 899 992 953 alius
1023 897 1179 952 color
1204 913 1302 968 per
1333 904 1538 950 certam
1572 895 1865 967 quamdam
1914 910 2038 951 cum

470 993 670 1048 diversi
698 991 915 1063 generis
940 988 1124 1045 colore
1152 989 1612 1052 communionem,
1648 985 1876 1041 formam
1907 985 2040 1041 effe-

457 1085 566 1148 cit,
594 1083 774 1154 qualis
799 1081 1016 1152 quidem
1058 1086 1204 1136 esset
1229 1080 1284 1134 in
1306 1079 1684 1146 commistura,
1711 1080 1890 1148 qualis
1913 1079 2040 1132 item

469 1189 614 1231 nunc
645 1173 738 1239 sit,
765 1187 889 1227 cum
921 1185 1035 1227 suae
1065 1170 1300 1226 naturali
1323 1171 1577 1225 tineturae
1597 1170 1888 1225 restitutus
1914 1178 1999 1226 est
2024 1189 2038 1224 :

455 1267 647 1338 qualis
677 1266 803 1320 item
837 1263 1052 1319 l'uturus
1101 1262 1194 1326 sit,
1227 1262 1272 1318 si
1310 1261 1501 1317 eodem
1537 1262 1698 1317 modo
1720 1277 1914 1318 rursus
1945 1277 2040 1316 co-

473 1364 615 1414 lores
650 1359 789 1412 inter
818 1371 878 1412 se
933 1356 1308 1410 misceantur:
1347 1355 1420 1409 ita
1444 1354 1686 1408 animam
1737 1354 2040 1410 elemento-

470 1464 593 1504 rum
634 1462 756 1518 qua:
802 1445 1036 1501 coierint
1083 1446 1150 1500 ad
1190 1445 1640 1501 constitutionem
1672 1444 1920 1514 corporis
1952 1444 2041 1500 cui

470 1541 588 1610 ipsa
619 1537 917 1603 inhaeserit,
947 1537 1108 1592 etiam
1131 1535 1689 1607 postdissolutionem
1715 1550 1907 1590 eorum
1939 1550 2041 1589 na-

469 1631 698 1686 turalem
743 1631 885 1686 scire
927 1629 1316 1699 proprietatem
1361 1643 1675 1683 censemus.
1713 1627 1791 1682 Ac
1823 1629 2048 1683 tametsi

2141 443 2354 510 ἀγνοεῖν
2378 443 2475 515 τὴν
2515 443 2690 514 βαφὴν
2715 445 2808 498 τοῦ
2835 445 3120 516 χρώματος
3148 447 3259 514 (18)
3302 447 3391 500 τὸν
3431 448 3684 519 τεχνίτην,

2143 533 2281 603 μετὰ
2317 531 2429 604 (19)
2465 533 2610 604 μίξιν
2643 535 2803 589 πάλιν
2849 537 2930 598 είς
2972 535 3034 589 τὸ
3071 537 3266 590 οίκεῖον
3293 536 3448 599 ἄνθος
3477 539 3690 590 επανελ-

2141 623 2360 689 θοῦσαν,
2406 625 2520 678 ἀλλ’
2549 626 2932 694 ἐπιγινώσκειν
2961 625 3024 679 τό
3049 644 3108 680 τε
3135 626 3244 698 (20)
3272 627 3492 699 ἐρυθρὸν
3519 628 3608 682 καὶ
3634 628 3690 682 τὺ

2144 713 2331 785 μέλαν,
2352 716 2446 768 καὶ
2473 716 2526 769 εί
2549 734 2602 769 τι
2630 716 2815 787 ἕτερον
2838 716 2925 770 διὰ
2956 717 3055 787 τῆς
3093 720 3252 782 ποιᾶς
3279 719 3410 790 πρὸς
3436 719 3496 772 τδ
3523 721 3691 789 ἑτερο-

2139 807 2296 875 γενὲς
2357 808 2639 872 κοινωνίας
2705 808 2802 880 τὴν
2875 810 3088 880 μορφὴν
3141 811 3536 881 ἀπειργάσατο,
3589 805 3692 863 οἷον

2147 898 2245 968 μὲν
2275 898 2386 970 (21)
2439 901 2496 952 ὲν
2537 903 2603 970 τῇ
2641 900 2804 970 μίξει,
2833 895 2942 954 οἷον
2970 901 3082 972 (22)
3116 902 3210 956 καὶ
3236 901 3328 954 νῦν
3358 904 3500 954 ἐστιν
3540 902 3594 954 ἐν
3623 901 3695 970 τῷ
3761 907 3772 916 ’

2141 990 2281 1044 κατὰ
2312 990 2410 1060 τὴν
2443 989 2604 1060 φύσιν
2629 991 2896 1061 γινομένῳ
2927 991 3039 1062 (25)
3063 1007 3078 1022 ’
3123 986 3234 1043 οἷον
3258 991 3315 1043 δὲ
3348 991 3506 1044 πάλιν
3530 991 3690 1054 ἐσται,

2140 1084 2188 1136 εί
2236 1083 2605 1154 ὁμοιοτρόπως
2639 1082 2750 1153 (24)
2790 1078 2944 1144 αὖθις
2981 1083 3231 1154 ἀλλήλοις
3271 1081 3589 1152 ἀναμιχθείη
3633 1081 3697 1134 τὰ

2140 1173 2404 1245 χρώματα
2429 1190 2442 1204 ’
2477 1173 2649 1237 οὓτως
2675 1158 2872 1228 είδέναι
2913 1174 3011 1246 τὴν
3035 1174 3212 1246 ψυχὴν
3249 1173 3357 1227 τῶν
3385 1172 3698 1242 συνδραμόν-

2140 1282 2248 1318 των
2278 1265 2556 1336 στοιχείων
2587 1266 2723 1337 πρὸς
2750 1266 2849 1338 τὴν
2875 1265 2970 1320 τοῦ
3001 1266 3250 1336 σώματος
3280 1265 3634 1334 κατασκευὴν,
3658 1257 3700 1330 ᾧ

2141 1355 2340 1424 ὲνεφύη
2370 1356 2505 1426 (25),
2539 1356 2633 1410 καὶ
2662 1355 2799 1425 μετὰ
2823 1358 2922 1426 τὴν
2953 1356 3196 1409 διάλυσιν
3224 1353 3404 1408 αὐτῶν
3435 1354 3532 1425 τὴν
3557 1371 3703 1423 φυσι-

2142 1447 2244 1517 κὴν
2296 1447 2552 1518 ἰδιότητα.
2609 1448 2728 1502 Κᾶν
2776 1448 3056 1519 πόρρωθεν
3091 1449 3184 1501 ἀπ’
3211 1447 3454 1518 ἀλλήλων
3499 1446 3631 1500 αὑτὰ
3669 1448 3700 1517 ἡ

2144 1535 2303 1606 φύσις
2328 1537 2537 1607 ἀφέλκῃ
2562 1536 2646 1590 διὰ
2673 1537 2770 1600 τὰς
2797 1537 3121 1608 ὲγκειμένας
3153 1537 3551 1608 ἐναντιότητας,
3580 1538 3702 1590 Exa-

2145 1645 2268 1680 στον
2326 1627 2503 1682 αὐτῶν
2549 1629 2648 1698 τῆς
2696 1629 2832 1700 πρὸς
2881 1629 2944 1682 τὸ
2999 1629 3239 1683 ἐναντίον
3287 1629 3563 1699 ἐπιμιξίας
3601 1627 3703 1697 (26)

470 1732 662 1778 natura
685 1721 874 1793 procul
892 1721 960 1774 ab
982 1720 1213 1776 invicem
1237 1719 1518 1775 abstrahat
1537 1719 1803 1774 elementa
1823 1728 2042 1790 propter

2144 1717 2499 1789 ἀπείργουσα,
2534 1719 2683 1773 οὐδὲν
2717 1715 2878 1792 ἦττον
2907 1718 3038 1792 παρ’
3061 1720 3276 1790 ἑκάστῳ
3301 1719 3455 1772 ἔσται
3485 1720 3551 1789 τῇ
3580 1734 3708 1785 γνω-
3776 1766 3781 1772 ,

475 1813 668 1868 insitas
709 1811 1150 1873 contrarietates,
1185 1808 1611 1878 unumquodque
1635 1823 1822 1864 eorum
1849 1825 2042 1864 arcens

469 1921 500 1960 a
531 1904 914 1961 commistione
963 1901 1248 1967 contrarii,
1281 1900 1640 1956 nihilominus
1673 1901 2040 1972 cognoscendi

467 2005 518 2052 et
545 1995 864 2066 explorandi
893 1994 946 2049 vi
978 1994 1259 2064 proprium
1289 1993 1624 2062 amplectens
1663 1993 1869 2058 anima,
1899 1993 2042 2063 apud

472 2085 898 2157 unumquodque
917 2085 1024 2141 erit
1051 2099 1115 2140 ac
1132 2085 1392 2149 manebit,
1412 2086 1588 2141 donec
1609 2099 1804 2140 rursus
1823 2085 1878 2141 in
1901 2086 2044 2141 idem

468 2192 778 2234 concursus
802 2179 1193 2246 diremptorum
1215 2175 1282 2230 ad
1307 2175 1762 2232 instaurationem
1787 2176 2044 2232 dissoluti

468 2270 712 2340 corporis
775 2285 842 2325 ex
897 2268 1180 2325 clementis
1224 2270 1398 2325 coacti
1441 2267 1622 2326 factus
1672 2267 1874 2335 fuerit,
1925 2283 2045 2338 qua:

469 2362 691 2432 proprie
720 2361 1053 2416 resurrectio
1078 2368 1132 2416 et
1159 2370 1246 2416 cst
1277 2369 1330 2415 et
1355 2361 1692 2415 nominatur.

520 2449 776 2521 G.Atque
791 2464 917 2521 ego:
938 2445 1175 2512 Videris,
1206 2445 1450 2517 inquam,
1479 2447 1692 2519 egregie
1721 2445 1851 2501 mihi
1869 2446 2048 2502 obiter

465 2545 524 2593 et
555 2537 609 2591 in
641 2538 877 2593 transitu
905 2536 1217 2594 defendisse
1245 2538 1549 2592 doctrinam
1572 2545 1625 2592 et
1662 2538 1820 2595 iidem
1857 2555 2045 2596 resur-

469 2628 751 2684 rectionis.
798 2628 1052 2684 Arbitror
1099 2629 1246 2682 enim
1300 2644 1398 2699 per
1440 2629 1557 2683 haec
1602 2631 1807 2685 sensim
1848 2629 2044 2684 adduci

471 2731 630 2787 posse
653 2731 747 2773 eos
771 2716 866 2787 qui
907 2729 1028 2770 eam
1069 2716 1229 2771 ﬁdem
1258 2723 1596 2787 oppugnant,
1623 2731 1692 2771 ne
1717 2723 1903 2784 putent
1927 2713 2045 2769 ﬁeri

472 2822 772 2878 nonposse
829 2813 890 2860 ut
923 2819 1119 2861 rursus
1169 2806 1432 2860 elementa
1472 2806 1614 2860 inter
1646 2821 1705 2861 se
1746 2810 1962 2867 coeant,
1991 2809 2044 2857 et

470 2899 723 2956 eumdem
743 2895 1013 2953 hominem
1030 2893 1362 2950 el‘iiciant.-—
1377 2890 1774 2962 M.Nempehoc
1789 2908 1935 2959 vere,
1957 2893 2042 2947 in-

470 2990 590 3062 quit
613 2988 897 3060 magistra,
929 2985 1086 3040 dicis.
1117 2982 1269 3037 Licet
1293 2982 1438 3037 enim
1469 2981 1660 3037 audire
1687 2981 1930 3036 dicentes
1949 2997 2043 3036 eos

471 3083 562 3152 qui
591 3081 720 3134 huic
752 3075 995 3148 opinioni
1040 3074 1401 3130 adversantur
1420 3114 1434 3139 ,
1458 3073 1594 3128 Cum
1641 3071 1697 3126 in
1720 3071 2040 3127 universita-

473 3182 578 3224 tem
609 3182 712 3239 pro
741 3167 1011 3237 cujusque
1041 3163 1369 3235 cognatione
1409 3163 1805 3217 elementorum
1831 3161 2046 3216 resolu-

457 3262 549 3314 4io
583 3259 692 3320 ﬁat,
717 3258 810 3328 qui
855 3257 966 3312 ﬁeri
1022 3261 1201 3326 potest
1254 3260 1312 3308 ut
1353 3253 1526 3318 calor,
1583 3252 1676 3322 qui
1715 3251 1769 3306 in
1792 3252 1897 3306 hoc
1939 3257 2043 3317 est,

461 3351 656 3407 .ubiad
687 3349 1096 3405 universitatem
1147 3347 1402 3401 redactus
1441 3344 1624 3407 fuerit,
1673 3359 1868 3399 rursus
1896 3343 2046 3397 nulla

473 3443 798 3499 admistione
835 3455 961 3496 cum
992 3455 1059 3495 eo
1090 3438 1236 3510 quod
1267 3445 1352 3493 est
1380 3435 1626 3506 ejusdem
1673 3435 1891 3506 generis
1915 3448 2050 3489 con-

475 3543 676 3598 cretus,
735 3538 1048 3605 segregetur
1086 3537 1140 3585 et
1179 3527 1549 3593 abstrahatur,
1592 3525 1663 3581 ad
1705 3526 2048 3581 constituen-

471 3628 601 3683 dum
663 3626 963 3688 hominem,
998 3622 1092 3693 qui
1147 3621 1256 3676 vita
1315 3618 1608 3676 defunctus
1664 3618 1945 3673 reﬁciatur
1992 3625 2047 3672 et

476 3715 847 3774 instauretur?
897 3713 1034 3766 Nam
1085 3713 1190 3768 nisi
1219 3711 1458 3782 perfecte
1498 3709 1778 3779 proprium
1801 3709 2043 3774 redierit,

474 3810 567 3867 sed
603 3821 700 3877 pro
731 3803 990 3876 peculiari
1019 3803 1227 3872 aliquid
1255 3801 1406 3856 aliud
1427 3815 1493 3854 ex
1513 3798 1704 3853 eodem
1736 3813 1933 3868 genere
1955 3813 2044 3854 as-

475 3905 754 3969 sumptum
776 3895 959 3959 fuerit,
978 3895 1207 3948 alterum
1225 3907 1322 3963 pro
1351 3893 1525 3946 altero
1545 3890 1654 3956 (iet,
1673 3899 1835 3960 atque
1863 3889 1916 3944 id
1937 3905 2044 3944 non

473 3993 601 4048 item
627 3987 958 4045 resurrectio
993 3985 1178 4051 fuerit,
1208 3983 1306 4040 sed
1352 3982 1477 4037 novi
1530 3980 1766 4036 hominis
1813 3981 2040 4035 creatio.

463 4083 629 4153 Quod
655 4082 700 4139 si
720 4081 969 4138 eumdem
993 4093 1190 4134 rursus
1217 4077 1287 4132 ad
1318 4075 1559 4146 seipsum
1586 4072 1784 4128 reverti
1807 4079 2040 4143 oportet,

459 4176 691 4247 penitus
715 4187 780 4229 ac
823 4185 1050 4244 prorsus
1081 4168 1333 4226 eumdem
1385 4181 1570 4221 secum
1613 4179 1734 4220 esse
1763 4163 2040 4229 convenit,

473 4265 729 4322 omnibus
759 4264 1150 4319 elementorum
1182 4258 1432 4331 partibus
1477 4255 1826 4325 recipientem
1855 4253 2042 4324 pristi-

2145 1813 2302 1882 στικῇ
2348 1811 2571 1883 δυνάμει
2608 1812 2699 1866 τοῦ
2745 1812 2944 1866 οἰκείου
2977 1812 3367 1882 ἐφαπτομένη,
3411 1810 3508 1864 καὶ
3541 1825 3709 1878 παρα-

2145 1901 2382 1970 μένουσα
2409 1901 2511 1969 ἕως
2537 1903 2603 1958 ἂν
2625 1907 2708 1969 είς
2738 1905 2904 1960 ταύτὸ
2932 1904 3042 1975 (27)
3086 1905 3249 1959 πάλιν
3277 1908 3310 1974 ἡ
3355 1905 3464 1958 τῶν
3500 1899 3711 1956 διεστώ-

2141 2009 2250 2047 των
2299 1995 2522 2066 γένηται
2575 1996 2844 2068 συνδρομὴ
2893 1997 3028 2069 πρὸς
3077 1997 3175 2067 τὴν
3223 1995 3320 2049 τοῦ
3381 1993 3713 2055 διαλυθέντος

2143 2083 2605 2154 ἀναστοιχείωσιν,
2627 2086 2763 2156 ὅπερ
2786 2085 3078 2152 ἀνάστασις
3103 2085 3308 2156 κυρίως
3329 2085 3426 2139 καὶ
3450 2084 3602 2140 ἔσται
3624 2081 3715 2136 καὶ

2142 2174 2485 2247 ὀνομάζεται.

2210 2441 2266 2499 Γ.
2285 2443 2394 2497 Καὶ
2411 2443 2518 2514 ἐγὼ
2537 2442 2648 2515 (28)
2663 2443 2837 2508 εἷπον,
2856 2441 3080 2512 Ἀριστά
3133 2460 3223 2513 μοι
3253 2443 3437 2510 δοκεῖς
3479 2445 3624 2502 κατὰ
3663 2445 3720 2500 τὸ

2143 2532 2314 2600 παρὸν
2342 2533 2450 2602 (29)
2503 2534 2989 2604 συμμεμαχηκέναι
3023 2535 3131 2607 (50)
3183 2536 3260 2607 τῷ
3291 2538 3441 2610 λόγῳ
3465 2541 3568 2610 τῆς
3596 2541 3724 2594 ἀνα-

2143 2622 2402 2686 στάσεως.
2439 2623 2707 2677 Δύνασθαι
2731 2624 2839 2693 γὰρ
2862 2625 2927 2678 ἂν
2965 2625 3053 2678 διὰ
3099 2626 3303 2682 τούτων
3333 2631 3522 2702 ἠρέμα
3552 2647 3722 2702 προσ-

2141 2711 2372 2782 αχθῆναι
2399 2714 2523 2777 τοὺς
2573 2715 3025 2786 ἀπομαχομένους
3051 2720 3118 2789 τῇ
3157 2718 3363 2787 πίστει,
3395 2721 3539 2792 πρὸς
3561 2722 3620 2775 τὸ
3652 2721 3725 2792 μὴ

2140 2802 2345 2856 οἴεσθαι
2369 2804 2476 2857 τῶν
2505 2805 2777 2860 ἀδυνάτων
2807 2802 2945 2861 εἶναι
2971 2808 3132 2861 πάλιν
3164 2809 3422 2881 ἀλλήλοις
3449 2810 3726 2866 συνελθεῖν

2140 2893 2209 2947 τὰ
2241 2898 2494 2965 στοιχεῖα,
2527 2898 2620 2951 καὶ
2646 2897 2737 2950 τὸν
2769 2901 2928 2952 αὑτὸν
2955 2899 3375 2971 ἀπεργάσασθαι
3408 2901 3732 2972 ἄνθρωπον,

2127 3014 2196 3023 —
2218 2985 2295 3038 M.
2325 2983 2435 3037 Καί
2459 2983 2572 3055 (51)
2604 2987 2821 3056 φησινή
2849 2984 3437 3056 διδάσκαλος”ΑληΘὲς
3455 2985 3620 3038 τοῦτο
3643 2985 3734 3036 λέ-

2071 3040 2269 3146 ῦγεις.
2301 3040 2899 3147 Ἐστιὶγόίρλεγὸντων
2925 3040 3165 3131 ὀικοιίειν⁷
3178 3076 3290 3130 τῶν
3319 3040 3442 3148 (52)
3469 3077 3610 3148 πρὸς
3639 3076 3734 3130 τὸν

2124 3167 2280 3236 λόγον
2301 3167 2488 3223 τοῦτον
2515 3168 3000 3238 ὲνισταμένων,ὃτι
3031 3169 3125 3231 Εἰς
3140 3168 3201 3221 τὸ
3229 3170 3336 3222 πᾶν
3357 3169 3480 3238 (55)
3506 3169 3656 3222 κατὰ
3673 3169 3734 3220 τὸ

2128 3261 2387 3327 συγγενὲς
2407 3260 2697 3330 γινομένης
2713 3260 2819 3313 τῶν
2841 3259 3118 3328 στοιχείων
3133 3259 3235 3327 τῆς
3249 3259 3579 3324 ἀναλύσεως
3594 3261 3728 3331 (54)·

2125 3351 2208 3414 τίς
2243 3351 2459 3422 μηχανὴ
2498 3351 2558 3404 τὸ
2587 3351 2644 3405 ἐν
2672 3350 2808 3421 τῷδε
2841 3350 3040 3418 θερμὸν
3073 3351 3129 3400 ὲν
3168 3349 3269 3426 τῷ.
3292 3348 3540 3406 καθόλου
3575 3353 3734 3422 γενό-

2131 3457 2290 3512 μενον
2337 3439 2610 3512 συμμιγὲς
2656 3439 2792 3510 (55),
2826 3439 2920 3490 τοῦ
2952 3436 3250 3504 συγγενοῦς
3279 3437 3450 3491 πάλιν
3485 3441 3734 3511 ἀποκρι-

2128 3532 2288 3604 θῆναι
2332 3532 2467 3602 πρὸς
2510 3532 2572 3584 τὸ
2611 3531 2871 3600 συστῆναι
2927 3529 3018 3582 τὸν
3058 3529 3560 3600 ἀπαλλασσόμενον
3617 3534 3737 3606 (56)

2126 3623 2411 3694 ἄνθρωπον
2432 3639 2446 3688 ;
2479 3624 2542 3676 Et
2574 3622 2682 3694 γὰρ
2707 3622 2782 3694 μὴ
2807 3621 3051 3692 ἀκριϐῶς
3075 3623 3136 3674 τὸ
3160 3622 3288 3676 ίδιον
3320 3624 3648 3691 ἐπανέλθοι,
3671 3626 3736 3677 ἐκ

2125 3717 2183 3772 δὲ
2228 3717 2322 3771 τοῦ
2353 3715 2646 3787 ὁμογενοῦς
2693 3714 2816 3769 ἀντὶ
2861 3713 2956 3767 τοῦ
3015 3713 3306 3778 ίδιάζοντός
3355 3731 3416 3766 τι
3471 3716 3742 3785 παραληο

2129 3809 2286 3880 φθείη
2326 3809 2472 3878 (57)ο
2504 3809 2690 3880 ἕτερον
2722 3807 2839 3862 ἀνθ’
2875 3807 3063 3877 ἐτέρου
3097 3806 3416 3876 γενήσεται,
3461 3809 3565 3861 καὶ
3607 3809 3742 3861 οὐκ·

2127 3903 2210 3956 έτι
2249 3900 2314 3955 ἂν
2347 3899 2433 3970 εἴη
2463 3899 2525 3952 τὸ
2563 3899 2802 3952 τοιοῦτον
2839 3898 3158 3962 ἀνάστασις,
3205 3895 3341 3951 ἀλλὰ
3382 3899 3590 3953 καινοῦ
3642 3900 3745 3954 ἀν-

2129 3991 2347 4062 θρώπου
2377 3992 2723 4064 δημιουργία.
2758 3994 2821 4046 Et
2844 3992 2901 4046 δὲ
2940 3991 3047 4062 χρὴ
3092 3991 3184 4046 τὸν
3212 3989 3378 4044 αὐτὸν
3412 3993 3502 4055 είς
3534 3992 3745 4046 ἑαυτὸν

2133 4086 2292 4140 πάλιν
2309 4085 2726 4151 ὲπανελθεῒν,δι⁹
2743 4086 2864 4140 ὅλου
2891 4085 3002 4157 (58)
3033 4080 3173 4139 εἶναι
3203 4086 3486 4156 προσήκει
3511 4085 3615 4139 τὸν
3642 4087 3750 4140 αὑο

2125 4176 2239 4239 τὸν,
2271 4177 2482 4241 ἑαυτοῖς
2516 4177 2628 4247 (59)
2663 4177 2796 4231 πᾶσι
2817 4177 2926 4236 τοῖς
2949 4177 3070 4256 τῶν.
3084 4174 3362 4245 στοιχείων
3388 4177 3604 4249 μέρεσι
3638 4177 3746 4247 τὴν

2129 4271 2187 4338 ἐξ
2230 4271 2408 4341 ἀρχῆς
2453 4270 2864 4324 ὲπαναλαϐόντα
2911 4270 3023 4338 (40)
3079 4269 3260 4336 φύσιν.
3293 4269 3434 4325 -Γ,
3487 4271 3746 4336 Οὐκοῦν,

459 4371 600 4412 .nam
633 4353 1044 4409 naturam—8.
1068 4354 1232 4424 Ergo,
1256 4350 1400 4404 sicut
1423 4345 1556 4411 dixi,
1581 4342 1748 4398 etiam
1780 4342 2041 4398 adversus

2143 4361 2202 4425 io;
2223 4361 2333 4431 (4|)
2364 4358 2535 4426 εἷπον,
2565 4362 2845 4433 αὐτάρκης
2874 4364 3008 4431 ἡμῖν
3032 4361 3169 4431 πρὸς
3207 4358 3321 4431 (42)
3364 4362 3594 4433 ταύτην
3639 4363 3748 4434 τὴν

469 4451 639 4512 hanc,
691 4445 938 4514 inquam,
993 4440 1396 4511 oppositionem
1453 4442 1507 4489 et
1557 4434 2038 4490 contradictionem

2143 4450 2377 4504 ἔνστασιν
2401 4450 2663 4520 ἡτοιαύτη
2687 4451 2927 4522 περὶτῆς
2943 4450 3118 4520 ψυχῆς
3142 4449 3208 4503 ἂν
3230 4449 3312 4521 εἴη
3329 4451 3629 4524 ὑπόληψις
3651 4472 3664 4485 ·
3680 4455 3748 4507 τὸ

471 4536 741 4610 ejusmodi
770 4535 836 4589 de
860 4534 1038 4588 anima
1066 4531 1223 4585 nobis
1276 4527 1462 4598 opinio
1491 4524 1765 4580 sulfecerit
1792 4543 1802 4577 :
1839 4540 2030 4594 nempe

543 4696 651 4766 (l7)
683 4697 899 4766 Φαμεν.
930 4691 978 4766 ’Β
1011 4690 1238 4766 ἔφαμεν.

541 4753 652 4834 (18)
701 4753 810 4819 Τοῖ
832 4753 1225 4834 χρξῦμαὲρςῖηΒ
1255 4755 1360 4810 τῶν
1382 4753 1707 4825 χρωμάτων.

543 4829 652 4902 (19)
684 4829 877 4890 Μετάί
893 4832 931 4885 Β
952 4829 1095 4902 μετά
1115 4829 1232 4897 τήν.

542 4899 653 4974 (~20)
684 4905 844 4974 Τρτε.
875 4899 1040 4974 Terre
1061 4899 1117 4974 ιι,

541 4961 654 5046 (~21)
682 4971 821 5046 0:91-
855 4971 1061 5046 pm}
1082 4968 1123 5046 ιι
1141 4961 1257 5046 ,οἷον
1287 4967 1384 5037 μὲν
1417 4962 1501 5037 ἦν.

542 5036 656 5116 (22)
695 5036 871 5098 02012-
965 5036 1080 5116 οἷον
1098 5038 1176 5092 δέ.

539 5108 654 5186 (25)
689 5111 1011 5186 Γινομένῳ.
1047 5108 1402 5186 Βγινρμενον.

695 5174 1169 5265 L0}:ta'toz'pciz'zcog}T
1184 5174 1292 5265 Α”Β
1329 5174 1664 5265 ὁμοτρόπως.

543 5248 656 5323 (25)
695 5248 773 5323 τῼ
797 5248 1040 5319 Ile-5554311.
1072 5251 1111 5323 β
1211 5248 1438 5323 ἀνεφύῃ.

542 5312 656 5395 (26)
700 5312 1478 5395 ’ἐπιμιξίαξκ-Βᾉέπιμοὶρ-ίας.

563 5386 653 5464 27)
679 5397 782 5460 Εἰς
805 5386 1022 5464 ⁴ἑιιὺ-τόζ
1041 5391 1083 5441 Α
1100 5389 1153 5464 ’Β
1177 5386 1263 5464 ,εις
1287 5386 1502 5441 ταύτόν.

571 5459 656 5530 28)
689 5459 796 5519 Kal
821 5461 953 5528 ἐγώ.
985 5459 1027 5512 Β
1049 5459 1223 5530 κάγώ.

541 5527 654 5608 (9.9)
695 5535 764 5588 Τὸ
802 5527 1013 5598 παρόν.
1047 5528 1160 5608 A‘B
1191 5527 1440 5608 πάροδον.

539 5593 654 5677 (50)
689 5593 1240 5677 Συμμξξηίιχηκέναι.
1274 5593 1313 5654 Β
1346 5593 1768 5668 συμμεμιχέναι.

539 5672 652 5749 (δι)
680 5677 807 5732 Καί.
849 5672 888 5728 ιι
917 5672 1022 5728 ναί.

2127 4535 2208 4604 οἷς
2238 4539 2296 4607 ἐξ
2316 4541 2488 4610 ἀρχῆς
2517 4541 2714 4613 ὲνεφὺη
2741 4541 3022 4612 στοιχείοις
3041 4540 3250 4606 τούτοις
3271 4543 3411 4613 (45),
3445 4546 3555 4599 καὶ
3590 4549 3744 4619 μετὰ

2211 4679 2322 4749 (52)
2367 4678 2626 4749 Ἀκούειν
2652 4679 2776 4732 τόν.
2820 4678 2861 4730 A
2892 4676 2932 4729 B
2964 4675 3184 4730 ἀκούειν
3205 4675 3333 4729 τῶν.

2211 4751 2324 4818 (55)
2353 4749 2498 4803 Πᾶν.
2537 4748 2576 4800 Β
2601 4751 2800 4802 πᾶσαν.

2213 4814 2326 4890 (54)
2393 4819 2771 4890 Ἀτςαλύσεως.
2830 4817 2884 4890 A7
2929 4819 3015 4890 in!
3057 4825 3204 4890 textu
3259 4814 3644 4885 ἁναχύσεωςο
3703 4819 3764 4872 in

2143 4887 2387 4959 margine
2417 4888 2518 4959 τῆς
2539 4889 2648 4941 τῶν
2683 4889 2964 4959 στοιχείων
2994 4887 3326 4959 ἀναλύσεως.

2213 4906 2387 4959 trgine
2417 4906 2518 4959 της
2539 4907 2648 4941 των
2683 4906 2964 5010 στοιχειων
2994 4906 3085 4940 ανσ

2213 4961 2328 5030 (55)
2367 4959 2682 5028 Συμμιγές.
2712 4961 2756 5011 Α
2827 5029 2834 5030 7
2869 4958 3085 5030 ἀμιγές.

2215 5024 2324 5100 (56)
2370 5024 3050 5100 ἈἀαλλασσομέζωνζΑ
3085 5025 3133 5100 Β.
3153 5024 3696 5100 ἀναπλασσόμενον.

2211 5095 2322 5172 (57)
2355 5095 2818 5172 Παραληφθξίῂη
2834 5095 3257 5172 ῌ-αραλειφθείη.

2210 5168 2323 5243 (58)
2354 5172 2432 5243 ΔιΪ
2681 5169 2722 5220 Β
2754 5169 2820 5243 §t’
2846 5168 3003 5243 ὅλων.

2210 5233 2324 5313 (59)
2359 5241 2556 5313 Αὐτὸν
2577 5237 2831 5313 ἑαυτοῖς.
2861 5240 2904 5291 A
3011 5237 3170 5290 αὐτὸν
3193 5233 3402 5313 ἡέαυτιῖ»

2213 5306 2326 5384 (40)
2367 5310 2880 5365 Ἐπαιθαλαϐόντα.
2936 5307 2994 5360 In
3034 5308 3280 5376 margine
3327 5306 3773 5382 ἐπαναλαμεά-

2141 5401 2356 5436 νοντας.

2221 5401 2356 5523 iiii”
2373 5453 2469 5517 σος
2492 5451 2636 5523 delet
2665 5449 2724 5523 Β.

2221 5515 2332 5592 (in!)
2377 5515 2546 5589 Ἡμῖν
2580 5522 2748 5588 πρός.
2869 5520 3064 5592 ήμῖνμὴ
3078 5517 3182 5592 καὶ
3211 5515 3369 5592 πρός.

2224 5583 2336 5662 (45)
2365 5583 2686 5660 Στοιχείόις
2705 5583 2967 5655 τούτοις.
3007 5583 3387 5657 Β’Στοιχε’ίοις,
3409 5583 3690 5654 τούτοις.
