3950 6132
258 252 318 301 Π
1308 242 1397 299 DE
1429 242 1641 298 ANIMA
1669 242 1757 297 ΕΤ
1794 242 2403 302 RESUl’tRECTlONE.
3433 246 3499 301 78

251 367 342 440 τὴν
382 364 624 420 διάλυσιν
671 361 1030 435 παραμένειν,
1074 355 1186 416 οἷον
1234 363 1283 416 εἰ
1329 363 1546 433 φύλακα
1592 358 1700 416 τῶν
1745 363 1821 415 οἰ-

1935 364 2073 436 quod
2102 365 2159 420 in
2196 363 2400 435 quibus
2438 361 2727 419 elementis
2764 361 2835 419 ab
2859 361 3017 418 initio
3034 361 3331 428 inhaeserit,
3358 365 3501 435 apud

251 458 403 512 κείων
434 456 547 530 (ﬂ)
596 454 1023 525 καθισταμένην,
1060 455 1154 508 καὶ
1206 455 1262 510 ὲν
1302 458 1369 526 τῇ
1406 456 1707 528 ἀνακράσει
1754 457 1823 527 τῇ

248 550 375 622 πρὸς
399 550 462 602 τὸ
490 546 761 620 ὁμόφυλον
804 546 864 599 οὐ
894 546 1199 616 διαφιεῖσαν
1235 546 1346 617 (45)
1392 547 1454 600 τὸ
1499 546 1629 600 ἴδιον
1658 548 1715 600 ὲν
1746 545 1825 617 τῷ

243 637 420 708 λεπτῷ
448 654 508 691 τε
532 637 624 689 καὶ
653 635 923 707 εὑκινήτῳ
960 634 1059 705 τῆς
1097 636 1286 705 νοερᾶς
1316 634 1620 709 δυνάμεως,
1669 634 1822 688 οὐδε-

247 729 373 801 μίαν
403 730 461 782 ἐν
488 730 555 798 τῇ
601 725 936 797 λεπτομερίᾳ
982 723 1091 778 τῶν
1136 724 1415 796 στοιχείων
1447 725 1825 797 ὑπομένουσαν

244 821 479 891 πλάνην·
507 817 644 874 ἀλλὰ
675 815 1084 872 συνδιαλύεσθαι
1120 817 1230 889 (46)
1262 821 1371 881 τοῖς
1402 817 1553 881 ἰδίοις
1584 834 1823 889 καταμι-

242 913 526 983 γνυμένοις
572 910 684 979 (47)
731 908 868 980 πρὸς
900 909 960 962 τὸ
993 908 1304 979 ὁμόφυλον,
1359 910 1451 963 κα).
1495 909 1573 982 μὴ
1614 909 1823 964 ἀτονετν

243 1002 642 1070 ωνδιεξωῦσαν
688 1002 892 1066 αὐτοῖς,
938 1002 1064 1056 ὅταν
1105 1001 1244 1072 πρὸς
1286 1002 1350 1055 τὸ
1398 1003 1506 1056 πᾶν
1550 1002 1823 1074 άναχέων-

240 1115 322 1151 ται
360 1096 498 1166 (48),
535 1094 651 1149 ἀλλ’
682 1096 741 1147 ὲν
776 1091 924 1163 αὐτῷ
959 1093 1070 1164 (49)
1102 1092 1191 1148 ἀεὶ
1230 1092 1412 1163 μένειν
1446 1094 1676 1167 ὅποιπερ
1709 1094 1821 1167 (50)

242 1187 394 1252 αὐτὰ,
422 1187 517 1241 καὶ
546 1187 696 1250 ὅπως
730 1183 1125 1258 παρασκευάσῃ
1153 1185 1187 1255 ἡ
1217 1183 1397 1254 φύσις.

303 1503 369 1557 El
392 1502 450 1555 δὲ
480 1500 694 1569 γένοιτο
723 1499 884 1554 πάλιν
906 1497 1056 1571 παρὰ
1084 1497 1185 1568 τῆς
1213 1497 1273 1552 τὸ
1294 1498 1402 1551 πᾶν
1429 1495 1822 1566 οίκονομούσης

238 1594 516 1664 δυνάμεως
538 1594 660 1655 τοῖς
684 1590 982 1646 διαλυθεῖσι
1016 1588 1154 1660 πρὸς
1193 1588 1291 1660 τὴν
1318 1587 1621 1659 συνδρομὴν
1648 1588 1709 1640 τὸ
1737 1589 1824 1640 ὲν-

1924 470 1987 512 ea
2029 464 2154 527 post
2200 455 2622 513 dissolutionem
2670 468 2890 526 quoque
2934 464 3287 527 permaneat,
3343 458 3502 528 quasi

1925 557 2114 604 custos
2143 547 2367 611 mdium,
2406 561 2529 617 qua:
2559 545 2614 600 in
2652 540 2987 602 resolutione
3020 547 3414 604 elementorum
3445 549 3502 604 in

1928 653 2089 693 suum
2115 638 2385 708 cujusque
2426 651 2623 709 genus,
2661 651 2760 708 per
2800 638 3156 695 subtilitatem
3203 648 3258 695 et
3291 641 3506 712 agilita-

1926 736 2035 784 tem
2088 729 2447 801 intelligentia
2488 727 2731 799 praadita:
2773 727 3048 785 facultatis
3076 735 3355 801 proprium
3395 746 3505 787 non

1924 818 2183 887 dimittat,
2215 836 2318 877 nec
2361 821 2569 877 erroris
2596 820 2897 891 quidquam
2947 820 3003 875 in
3049 821 3295 878 exilitate
3339 830 3506 894 atque

1923 912 2192 969 tenuitate
2241 912 2639 969 elementorum
2693 912 3005 978 sustineat,
3056 915 3149 967 sed
3215 928 3322 967 una
3376 929 3504 969 cum

1923 1004 2185 1076 propriis,
2210 1004 2340 1060 dum
2366 1020 2490 1060 cum
2509 1019 2611 1060 suo
2640 1019 2861 1076 quoque
2872 1018 3073 1076 genere
3096 1005 3503 1072 commiscetur,

1923 1102 2173 1165 penetret
2203 1109 2267 1150 ac
2292 1103 2556 1165 permeet,
2577 1110 2682 1151 nec
2713 1094 2928 1151 deﬁciat
2974 1110 3081 1149 una
3105 1109 3229 1150 cum
3257 1097 3337 1152 eis
3379 1111 3508 1167 per-

1923 1203 2136 1254 means,
2169 1187 2299 1243 dum
2340 1187 2397 1242 in
2436 1202 2623 1244 rerum
2661 1194 2914 1243 naturam
2964 1187 3274 1243 universam
3317 1188 3507 1245 refun-

1923 1277 2151 1346 duntur,
2188 1277 2283 1334 sed
2314 1294 2532 1349 semper
2567 1279 2625 1334 in
2652 1280 2735 1336 eis
2764 1288 3004 1341 maneat,
3032 1294 3362 1352 quocunque
3396 1280 3505 1337 loci

1924 1384 1988 1425 ac
2011 1369 2505 1443 quomodocunque
2526 1385 2591 1426 ea
2620 1378 2820 1426 natura
2850 1370 3138 1443 redegerit.

1992 1497 2151 1564 Quod
2202 1499 2249 1555 si
2297 1514 2494 1557 rursus
2536 1499 2606 1557 ab
2662 1515 2729 1557 ea
2776 1502 3019 1573 potentia
3062 1514 3227 1576 atque
3274 1506 3500 1576 virtute,

1922 1604 2045 1661 quae
2072 1605 2257 1647 rerum
2287 1592 2702 1649 universitatem
2728 1595 3029 1665 fgubernat,
3076 1597 3362 1656 dissolutis
3395 1601 3506 1656 ele-

240 1688 455 1758 δόσιμον
474 1703 489 1717 ο
518 1686 643 1740 τότε
672 1683 926 1755 καθάπερ
958 1683 1007 1736 εἰ
1036 1684 1164 1754 μιᾶς
1189 1680 1365 1753 ἀρχῆς
1396 1680 1510 1751 (51)
1543 1679 1822 1747 ἐξαφθεῖεν

1935 1682 2129 1740 mentis
2158 1682 2226 1739 ad
2257 1697 2612 1749 concursum,
2647 1686 2862 1757 signum
2916 1694 3081 1759 atque
3121 1692 3342 1747 occasio
3379 1692 3508 1749 data

244 1781 440 1850 σχοῖνοι
463 1777 735 1847 διάφοροι,
758 1773 895 1846 ὁμοῦ
930 1773 1042 1846 (52)
1091 1772 1184 1828 καὶ
1217 1771 1339 1826 κατ’
1371 1770 1531 1825 αὑτὸν
1561 1771 1618 1825 αἰ
1651 1771 1823 1824 πᾶσαι

239 1868 309 1940 τῷ
327 1866 685 1938 ὲφελκομένῳ
708 1864 1030 1920 συνέπονται
1053 1880 1068 1895 °
1100 1861 1271 1926 οὕτως
1292 1862 1350 1914 ὲν
1377 1862 1475 1931 μιᾷ
1497 1862 1562 1931 τῇ
1586 1862 1684 1930 τῆς
1708 1860 1823 1930 (5'5)

236 1958 411 2030 ψυχῆς
439 1956 691 2027 δυνάμει,
734 1956 836 2026 τῆς
879 1954 988 2007 τῶν
1036 1950 1316 2022 στοιχείων
1360 1947 1626 2018 διαφορᾶς
1671 1947 1828 2001 ἑλκοί-

240 2049 429 2120 μένης,
461 2046 675 2118 ἀθρόως
719 2046 776 2098 ὲν
807 2047 876 2117 τῇ
922 2041 1192 2113 συνδρομῇ
1239 2038 1348 2095 τῶν
1383 2039 1618 2104 οἰκείων,
1655 2040 1689 2110 ἡ
1729 2039 1826 2093 τοῦ

239 2138 491 2209 σώματος
524 2136 680 2209 ἡμῶν
707 2135 864 2207 σειρὰ
901 2133 990 2188 διὰ
1016 2135 1114 2205 τῆς
1142 2133 1321 2205 ψυχῆς
1354 2131 1824 2204 συμπλακήσεται,

237 2230 593 2300 καταλλήλως
649 2228 880 2281 ἑκάστου
939 2224 1100 2279 πάλιν
1151 2224 1287 2296 πρὸς
1334 2223 1396 2277 τὸ
1449 2223 1674 2295 ἀρχαῖον
1730 2223 1827 2278 καί

239 2321 472 2392 σύνηθες
500 2320 709 2374 πλακου
718 2321 878 2390 μένου
909 2317 1045 2389 (54),
1097 2316 1215 2371 καί⁴
1240 2313 1741 2386 περιπτυσσομένου
1765 2313 1827 2368 τὸ

235 2415 516 2486 γνώριμον
534 2409 820 2483 (55).—M.
838 2402 997 2461 Ἀλλὰ
1010 2405 1106 2458 καὶ
1117 2404 1273 2460 τοῦτο
1291 2406 1403 2478 (56)
1419 2407 1480 2462 τὸ
1500 2408 1823 2479 ὑπόδειγμα,

237 2502 404 2572 φησὶν
432 2502 467 2572 ἡ
501 2497 823 2560 διδάσκαλος
858 2496 994 2565 (57),
1030 2495 1256 2557 εἰκότως
1286 2494 1350 2548 ἂν
1371 2496 1694 2567 προστεθείη
1715 2500 1827 2562 τοῖς

235 2592 632 2665 ὲξητασμένοις
665 2589 776 2661 (58)
809 2589 890 2652 εἰς
920 2586 1193 2654 ἀπόδειξιν
1230 2584 1324 2640 τοῦ
1353 2586 1427 2657 μὴ
1454 2587 1653 2659 πολλὴν
1685 2583 1827 2642 εῖναι

235 2689 298 2757 τῇ
323 2685 481 2756 ψυχῇ
515 2683 615 2755 τὴν
637 2679 987 2736 διδασκαλίαν
1014 2680 1124 2750 (59)
1157 2680 1216 2733 ὲν
1253 2681 1366 2743 τοῖς
1397 2679 1679 2750 στοιχείοις
1711 2678 1829 2733 δια-

236 2780 449 2850 κρίνειν
481 2775 597 2847 (60)
628 2774 724 2829 τοῦ
756 2773 1039 2845 ἀλλοτρίου
1069 2772 1130 2826 τὸ
1158 2772 1314 2827 ἴδιον.
1373 2769 1692 2844 Προκείσθω
1721 2769 1829 2841 γὰρ

234 2873 309 2941 τῷ
341 2869 717 2943 κεραμεύοντι
753 2868 866 2937 (ﬁl)
894 2865 1062 2935 πηλὸς
1106 2863 1230 2918 καθ’
1256 2863 1534 2928 ὑπόθεσιν,
1566 2862 1744 2925 πολὺς
1771 2861 1830 2916 δὲ

235 2956 393 3026 οὗτος
439 2957 580 3014 εἶναι
625 2957 874 3022 δεδόσθω,
928 2950 989 3010 οὗ
1039 2954 1100 3008 τό
1144 2952 1243 3025 μέν
1282 2969 1365 3006 τοι
1395 2952 1533 3024 πρὸς
1575 2952 1675 3021 τὴν
1723 2950 1831 3005 τῶν

1929 1772 2118 1841 fuerit,
2153 1782 2284 1830 tunc
2315 1776 2777 1846 quemadmodum
2812 1776 2891 1845 ﬁt,
2921 1779 2968 1835 si
2999 1780 3067 1836 ab
3100 1796 3210 1837 uno
3238 1782 3508 1854 principio

1926 1866 2129 1921 diversi
2181 1864 2343 1922 funes
2402 1868 2653 1938 suspensi
2710 1869 2843 1935 sint,
2888 1878 2948 1924 ut
2999 1871 3163 1925 simul
3204 1873 3508 1945 eodemque

1926 1963 2175 2026 tempore
2230 1958 2422 2013 cuncti
2479 1958 2844 2015 attrahentem
2900 1969 3263 2032 sequantur:
3311 1966 3500 2023 eodem

1927 2047 2110 2112 modo,
2137 2046 2267 2101 dum
2297 2062 2394 2118 per
2417 2062 2580 2103 unam
2615 2047 2875 2105 virtutem
2905 2060 2960 2107 et
2980 2054 3280 2121 potentiam
3308 2057 3508 2114 animas

1926 2134 2145 2193 diversa
2196 2138 2493 2193 trahuntur
2543 2138 2816 2195 elementa
2843 2181 2859 2204 ,
2912 2150 3137 2212 repente
3176 2159 3508 2218 unoquoque

1927 2236 2203 2285 momento
2242 2229 2432 2285 statim
2487 2244 2587 2300 per
2621 2230 2915 2288 coitionem
2966 2240 3131 2305 atque
3173 2250 3504 2296 concursum

1927 2320 2299 2389 propriorum,
2344 2322 2599 2391 corporis
2652 2322 2825 2379 nostri
2874 2330 3070 2380 catena
3116 2340 3216 2396 per
3264 2327 3506 2384 animam

1926 2419 2272 2478 conseretur,
2315 2421 2479 2484 atque
2516 2412 2964 2480 concinnabitur,
2991 2423 3049 2472 et
3075 2418 3507 2490 unumquodque

1927 2515 1988 2557 se
2032 2503 2321 2560 commode
2373 2519 2571 2563 rursus
2621 2506 2688 2562 ad
2737 2500 3033 2577 pristinum
3077 2515 3132 2563 et
3177 2518 3505 2567 consuetum

1927 2586 2245 2662 applicabit,
2301 2602 2358 2649 et
2412 2602 2678 2666 tanquam
2724 2597 2835 2653 sibi
2883 2605 3079 2654 notum
3120 2602 3503 2673 amplectetur.

1916 2679 2080 2735 ’νο-Μ.
2093 2678 2238 2748 Quin
2251 2684 2419 2740 etiam
2439 2684 2555 2739 haec
2569 2698 2788 2755 quoque
2808 2683 3134 2752 similitudo,
3147 2687 3406 2759 magistra
3422 2688 3509 2743 in-

1929 2768 2071 2839 quit,
2122 2769 2270 2824 baud
2313 2769 2589 2825 immerito
2631 2770 2854 2843 adjungi
2884 2771 3060 2842 possit
3111 2771 3180 2827 iis
3209 2786 3332 2842 quae
3358 2788 3508 2844 qua:-

1934 2859 2062 2926 sita,
2118 2866 2346 2914 tractata
2391 2867 2556 2930 atque
2608 2860 2924 2915 examinata
2971 2868 3102 2917 sunt
3157 2861 3225 2916 ad
3275 2862 3507 2920 demon-

1933 2948 2242 3016 strandum,
2274 2950 2420 3022 quod
2457 2950 2602 3006 haud
2641 2966 2840 3023 magno
2864 2954 3083 3024 negotio
3115 2955 3297 3010 anima
3333 2957 3511 3027 possit

241 3052 456 3107 σκευῶν
485 3048 830 3122 ἀπεργασίαν
860 3046 968 3117 (62)
1015 3045 1114 3117 ἥδη
1144 3043 1474 3109 τετύπωται,
1522 3041 1584 3096 τὸ
1616 3041 1673 3096 δὲ
1704 3041 1827 3113 μέλ-

1935 3041 2077 3095 inter
2098 3041 2365 3096 elementa
2399 3055 2558 3096 suum
2590 3041 2658 3096 ab
2699 3042 2879 3096 alieno
2912 3042 3248 3100 discernere.
3282 3043 3498 3117 Propo-

238 3145 327 3200 λον
359 3143 500 3217 (65).
540 3142 624 3196 Τά
658 3141 715 3194 δὲ
746 3138 913 3210 σκεύη
941 3137 1119 3192 πάντα
1151 3137 1225 3207 μὴ
1251 3133 1508 3207 όμοειδῶς
1530 3133 1641 3205 (64)
1667 3132 1829 3205 ἀλλή-

238 3236 352 3300 λοις
378 3230 838 3305 διεσχηματίσθω,
869 3228 1003 3284 ἀλλὰ
1041 3227 1102 3282 τὸ
1148 3227 1246 3298 μὲν
1277 3225 1451 3291 πίθος,
1482 3225 1542 3279 τὸ
1566 3225 1626 3279 δὲ
1653 3226 1831 3296 ἀμφο-

241 3331 393 3400 ρεὺς,
430 3327 619 3397 ἕτερον
646 3324 704 3378 δὲ
732 3321 1001 3385 πινάκιον,
1036 3319 1070 3390 ἢ
1105 3317 1364 3390 τριδλίον,
1404 3316 1438 3388 ἢ
1470 3315 1598 3372 ἄλλο
1625 3333 1677 3370 τι
1719 3315 1830 3369 τῶν

240 3420 383 3473 κατὰ
427 3419 530 3490 τὴν
568 3415 767 3487 χρῆσιν
812 3410 1133 3482 ἐπιτηδείων
1178 3408 1340 3474 ἔστω,
1372 3404 1544 3460 ταῦτα
1568 3405 1625 3460 δὲ
1654 3405 1831 3460 πάντα

242 3509 316 3581 μὴ
348 3505 436 3572 εἷς
468 3505 776 3577 κεκτήσθω,
823 3501 1086 3557 ἀλλ’ίόιον
1124 3498 1355 3554 ἑκάστου
1396 3496 1508 3568 (65)
1539 3496 1825 3565 δεσπότου,

241 3600 560 3656 ὑποκείσθω
603 3597 684 3669 τῷ
727 3596 891 3667 λόγῳ.

1938 3139 2104 3186 natur
2147 3130 2295 3186 enim
2354 3132 2589 3203 exempli
2640 3132 2817 3204 gratia
2870 3132 3037 3204 ﬁgulo
3079 3135 3294 3201 lutum,
3344 3137 3509 3209 idque

1937 3223 2167 3278 multum
2219 3237 2344 3280 esse
2402 3224 2581 3286 detur,
2628 3225 2789 3293 cujus
2845 3224 2951 3278 alia
2995 3225 3244 3296 qumdam
3274 3242 3402 3298 pars
3439 3229 3510 3286 ad

1935 3328 2192 3369 vasorum
2229 3313 2630 3371 coniectionem
2664 3314 2778 3385 jam
2809 3314 3067 3379 formata,
3098 3316 3205 3372 alia
3239 3334 3368 3374 vero
3394 3317 3512 3375 for-

1935 3405 2135 3460 manda
2188 3405 2280 3474 sit,
2315 3420 2446 3462 vasa
2493 3413 2676 3461 autem
2725 3406 2911 3462 omnia
2954 3421 3064 3462 non
3106 3407 3299 3463 eadem
3333 3408 3510 3465 forma

1937 3496 2070 3562 sint,
2119 3497 2218 3553 sed
2254 3497 2405 3554 aliud
2447 3498 2669 3568 quidem
2740 3496 2970 3562 dolium,
3016 3499 3167 3554 aliud
3220 3516 3350 3557 vero
3392 3515 3510 3557 am-

1940 3591 2136 3661 pliora,
2171 3590 2321 3645 aliud
2350 3599 2534 3647 autent
2571 3590 2825 3655 scutella,
2850 3591 2938 3647 vel
2963 3592 3181 3662 patella,
3222 3603 3315 3649 aut
3341 3595 3508 3666 quid-

239 3697 323 3751 vis
345 3693 502 3749 aliud
531 3693 605 3749 sit
633 3708 701 3747 ex
737 3691 804 3747 iis
835 3704 957 3761 qua:
981 3689 1047 3747 ad
1075 3702 1234 3744 usum
1265 3693 1391 3758 apta
1422 3701 1485 3741 ac
1510 3686 1821 3742 necessaria
1855 3693 2008 3753 sunt,
2063 3694 2227 3757 atque
2258 3687 2387 3771 base
2432 3686 2615 3742 omnia
2667 3701 2776 3743 non
2807 3701 2951 3743 unus
3020 3688 3347 3760 possideat,
3411 3692 3509 3747 sed

242 3808 380 3848 suus
415 3790 692 3860 cujusque
726 3786 984 3842 dominus
1017 3783 1249 3839 orationi
1280 3790 1637 3854 proponatur.

312 3922 531 3980 Οὐκοῦν
562 3924 670 3986 ἕως
705 3922 771 3976 ἂν
802 3922 1155 3992 συνεστήκει,
1204 3918 1379 3972 ταῦτα
1408 3918 1620 3989 φανερά
1640 3934 1698 3971 τε
1714 3916 1826 3987 (66)

238 4017 353 4078 τοῖς
388 4014 577 4085 ἔχουσι
630 4010 843 4079 γίνεται
866 4025 880 4039 ·
919 4008 1020 4062 κᾶν
1071 4006 1381 4079 συντριϐείη
1434 4005 1620 4072 πάλιν,
1674 4005 1828 4058 οὐδὲν

241 4101 403 4177 ἧττον
466 4101 723 4174 γνώριμα
766 4099 879 4171 (67)
950 4100 1058 4152 άπὸ
1108 4096 1214 4151 τῶν
1253 4096 1364 4167 (68)
1410 4094 1831 4165 συντριμμάτων

239 4200 353 4261 τοῖς
404 4194 772 4265 κεκτημένοις
831 4190 1003 4254 ἔσται,
1026 4188 1089 4242 τὸ
1154 4188 1250 4259 μὲν
1306 4186 1419 4258 (69)
1490 4186 1551 4239 τὸ
1616 4188 1681 4240 ὲκ
1737 4185 1833 4240 τοῦ

242 4290 425 4354 πίθου,
477 4288 632 4339 ποῖον
666 4284 722 4338 δὲ
762 4283 874 4355 (70)
928 4283 988 4336 τὸ
1046 4283 1112 4335 ὲκ
1166 4278 1262 4334 τοῦ
1320 4278 1577 4349 ποτηρίου
1631 4277 1833 4351 τρύφος

239 4379 411 4435 ἐστίν.
468 4379 537 4433 Εἰ
564 4377 622 4430 δὲ
677 4375 773 4430 καὶ
826 4373 962 4446 πρὸς
1009 4374 1101 4427 τὸν
1149 4373 1555 4444 ἀκκτέργαστον
1599 4389 1834 4442 καταμι-

2004 3911 2254 3980 Quandiu
2302 3912 2468 3983 igitur
2518 3912 2635 3966 ltmc
2677 3912 3026 3967 constiterint
3060 3919 3113 3967 et
3144 3911 3358 3986 integra
3390 3913 3509 3970 fue-

1933 4005 2066 4071 rint,
2097 4004 2244 4060 haud
2274 4002 2566 4059 diﬁiculter
2595 4018 2625 4057 a
2670 4003 2786 4059 suis
2819 4003 3060 4059 dominis
3105 4013 3508 4076 agnoscuntur..

1934 4096 2112 4168 Atque
2157 4096 2380 4151 etiamsi
2431 4095 2625 4151 collisa
2677 4093 3072 4165 confractaquc
3111 4094 3335 4161 fuerint,
3380 4113 3509 4153 rura

1932 4202 2055 4245 sum
2088 4186 2447 4242 nihilominus
2474 4201 2538 4241 ex
2567 4184 2885 4258 fragmentis
2916 4195 3060 4242 notae
3085 4188 3348 4260 signaque
3375 4204 3506 4259 pos-

1931 4279 2245 4335 sessoribus
2279 4277 2597 4344 exstabunt,
2624 4276 2828 4348 quibus
2844 4277 3096 4346 judicare
3120 4276 3330 4349 possint
3357 4281 3502 4349 quod

1930 4369 2166 4427 frustum
2215 4386 2279 4426 ex
2331 4371 2501 4437 dolio,
2558 4370 2702 4441 quod
2757 4384 2821 4424 ex
2876 4370 3073 4441 poculo
3123 4370 3216 4425 sit.
3267 4369 3427 4437 Quod
3455 4374 3503 4429 si

241 4471 401 4543 χθείη
427 4468 625 4539 πηλὸν,
659 4467 792 4522 πολὺ
823 4466 1020 4537 μᾶλλον
1054 4463 1301 4536 ἀπλανὴς
1329 4466 1362 4535 ἡ
1405 4464 1694 4533 διάγνωσις
1723 4461 1827 4518 τῶν

1935 4465 2100 4520 etiam
2151 4479 2275 4519 cum
2329 4464 2454 4518 rudi
2505 4477 2688 4519 massa
2750 4461 2850 4517 luti
2910 4462 3196 4519 commista
3257 4462 3501 4524 fuerint,

241 4564 346 4635 ήδη
378 4558 869 4632 κατειργασμένων
897 4558 989 4611 ἀπ’
1020 4556 1228 4611 ἐκείνου
1262 4555 1487 4624 γίνεται.
1518 4553 1702 4618 Οὕτως
1719 4548 1830 4610 οἷόν

314 4720 433 4787 (Μ)
469 4718 741 4787 Οἰκείων.
771 4715 816 4769 Α
844 4710 1049 4787 οἰκιῶν.

317 4782 437 4860 (45)
474 4785 844 4860 Διαςριεῑοίᾳν.
936 4782 1270 4860 διαφυεϊςξανζ

318 4847 436 4933 (46)
471 4847 972 4933 Συνῖδιαλύεσᾷαι.
997 4847 1049 4904 Α’
1064 4847 1487 4933 σρνδιιαδιξεσθαι.

320 4918 438 4995 (47)
474 4922 1037 5000 Καταμιτνυμένρις.
1070 4919 1111 4973 Β
1135 4918 1321 5000 κα)..οὐ
1355 4933 1584 5000 μιγνυμ.

345 4987 439 5070 48)
474 4987 884 5070 Ἀναλξέζώζτᾶι.
901 4993 1047 5070 -ᾼ-ἱιι
1082 4989 1327 5070 margine
1351 4987 1671 5059 ἀνακέηται.

352 5061 445 5138 49)
485 5071 589 5122 Ἐν
612 5061 796 5129 ἆύτῷ.
898 5061 942 5138 Β
965 5064 1026 5138 ἐν
1059 5061 1262 5138 αὐτοῖς.

475 5141 789 5203 Ὀποιπερ.
815 5132 862 5203 Α
896 5132 936 5185 Β
963 5133 1192 5203 ὅποιπερ
1225 5128 1313 5183 ἄν.

486 5172 878 5287 ,ε
896 5172 1190 5282 ea?
1419 5209 1422 5213 -

327 5274 444 5344 (52)
486 5274 688 5347 Ὁμοῦ.
720 5274 775 5347 A_
794 5274 1039 5347 ὁμοῦ-’τεἶ

329 5342 444 5419 (33)
475 5342 562 5415 Τῆ
586 5345 715 5414 τῆς.
745 5343 893 5419 Delet
928 5342 1080 5419 A511.

481 5408 936 5488 Πξὶᾳθὶὀυμένρυ.
1035 5408 1374 5480 πλεκομένου
1400 5426 1478 5463 τε.

332 5480 450 5563 (se)
476 5480 808 5563 Γνῴρξμὸνς
841 5482 881 5534 Β
916 5480 1218 5563 NW???-

492 5548 686 5631 Ἀλξίᾇ
711 5554 810 5631 καί
840 5551 1023 5631 τοῦτο.
1062 5548 1205 5631 delet
1234 5548 1290 5603 Β.

336 5619 452 5694 (57)
492 5631 563 5684 ἰι
593 5624 961 5694 διδάσκαλος
992 5620 1137 5694 delet
1170 5619 1232 5673 Α.

338 5688 457 5771 (58)
492 5691 984 5766 Ἐξητασμένοις.
1024 5690 1066 5746 Δ
1094 5693 1146 5747 in
1181 5699 1331 5747 textu
1361 5688 1753 5761 ἐξισταμένοις,
1783 5692 1837 5746 in

1938 4554 2111 4609 multo
2153 4553 2325 4624 magis
2361 4561 2510 4609 certa
2558 4553 2880 4623 dijudicatio
2915 4570 3103 4610 eorum
3137 4569 3257 4625 quas
3285 4553 3397 4623 jam
3433 4555 3499 4609 ad

2092 4707 2105 4720 θ

1934 4707 2182 4833 margine
2211 4706 2616 4777 ὲξητασμὲνοις.

2147 4776 2575 4858 [διδασκαλίαις.
2612 4777 2652 4830 Α
2673 4776 3045 4858 Βμδυσκολίαν.

2025 4846 2116 4916 60)
2146 4849 2501 4915 Διακρίνειν.
2537 4847 2582 4900 Α
2607 4847 2700 4901 τοῦ
2723 4848 3036 4918 διακρίνειν.

2027 4918 2119 4983 61)
2147 4919 2560 4988 Κεραμεύοντι.
2594 4918 2632 4988 Β
2662 4921 2912 4988 κεραμεῖ.

2026 4988 2115 5059 6‘2)
2162 4985 2632 5059 'Aétspraaﬁamﬁ
2666 4985 2947 5059 ἐργασίαν.

2027 5056 2114 5128 65)
2147 5054 2488 5128 ΜέλλὸνζΒ
2521 5054 2722 5127 μέλλει.

2005 5125 2119 5197 (64)
2160 5125 2492 5197 Ὀμοειδῶς.
2523 5125 2577 5180 Α
2610 5129 2663 5180 in
2701 5127 2944 5197 margine
2979 5125 3307 5197 όμοιοειδῶς,

2007 5195 2121 5267 (65)
2155 5197 2336 5267 "Idae?
2367 5196 2628 5267 ἑκάστου
2654 5195 2972 5267 δεσπότου.
3034 5195 3076 5248 Α
3110 5196 3238 5262 ἴδιος
3269 5197 3503 5259 ἑκάστας

1934 5265 2218 5335 δεσπότης.
2260 5266 2302 5319 Β
2333 5266 2477 5337 ἰδίως
2505 5266 2734 5337 ἑκάστου
2771 5265 3056 5337 δεσπότης.

2029 5337 2119 5401 66)
2150 5336 2382 5406 Φανερά
2412 5352 2492 5390 τε.
2539 5336 2576 5388 Β
2606 5335 2834 5406 φανερά.

2029 5340 2119 5401 66)
2150 5340 2382 5406 Φανερά
2412 5352 2492 5390 τε.
2539 5340 2576 5388 Β
2606 5340 2834 5406 φανερά.

2007 5340 2119 5477 (67)
2155 5405 2449 5477 Γνώριμα.
2492 5406 2534 5457 Β
2576 5404 2878 5477 γνώρισμα.
2928 5407 2967 5462 Α
3009 5407 3062 5463 in
3092 5409 3337 5480 margine
3366 5408 3502 5481 γνώ-

1938 5494 2128 5614 ριῖεὲ).
2165 5546 2306 5600 Ἀπό
2334 5544 2467 5599 τῶν.
2508 5544 2550 5598 Α
2579 5543 2619 5597 Β
2646 5546 2739 5600 καί
2769 5546 2874 5600 ἀπὸ
2900 5545 3027 5604 τῶν.

2031 5618 2120 5680 69)
2148 5616 2222 5669 Τὸ
2247 5615 2380 5687 μέν.
2412 5614 2452 5667 Β
2477 5615 2528 5668 τί
2572 5616 2690 5687 μέν.

2035 5687 2122 5757 70)
2153 5687 2332 5740 Ποῖον
2354 5686 2442 5742 δέ.
2477 5687 2516 5740 Λ
2554 5689 2607 5742 in
2643 5686 2887 5757 margine
2915 5704 2987 5740 τι.
