3950 6132
440 267 522 325 19
1675 263 1733 320 S.
1782 263 2109 324 GREGORII
2146 264 2444 324 NYSSENI
3581 280 3589 292 ’
3624 277 3690 334 so

448 403 595 461 opus
647 387 873 444 redacta
902 385 1106 443 fuerint
1138 399 1203 442 ex
1243 383 1366 440 rudi
1407 391 1634 440 materia
1673 384 1751 440 fit.
1785 385 1865 441 lta
1897 395 2013 441 tan-

2127 405 2181 443 τι
2213 387 2424 454 σκεῦος,
2448 390 2477 444 6
2521 387 2644 442 καθ’
2686 387 2915 444 ἕκαστόν
2955 387 3103 444 ἐστιν
3136 388 3446 463 ἅνθρωπος,
3495 389 3559 444 ἐκ
3593 393 3689 462 τῆς

447 495 610 552 quam
643 494 739 537 vas
772 479 1046 550 quoddam
1089 477 1256 531 homo
1290 476 1525 547 quisque
1569 475 1868 548 singularis
1913 487 2018 545 est,

435 587 514 628 ex
547 573 944 627 elementorum
975 583 1253 624 concursu
1294 583 1323 622 a
1354 569 1631 622 communi
1656 569 2024 634 materiafor-

444 675 646 732 matus,
695 664 958 737 peculiari
993 678 1226 735 prorsus
1275 663 1445 732 figura
1483 662 1715 716 multum
1764 661 2021 718 differens

446 757 516 811 ab
555 772 622 812 eo
655 755 800 826 quod
849 754 1095 826 ejusdem
1136 754 1352 825 generis
1412 759 1516 808 est.
1572 753 1692 820 Quo
1729 752 2019 819 dissoluto,

445 849 801 905 nihilominus
839 849 1005 904 etiam
1037 863 1104 903 ex
1129 845 1376 917 reliquiis
1404 846 1583 900 anima
1616 860 1738 916 quae
1780 847 2023 916 possidet

442 952 574 1006 vas,
625 939 908 1009 proprium
967 936 1238 1008 agnoscit,
1300 951 1478 1006 neque
1525 935 1580 990 in
1633 939 2022 992 communione

444 1037 610 1101 atque
657 1029 983 1085 confusione
1011 1028 1464 1100 fragmentorum.
1515 1044 1693 1098 neque
1735 1029 1782 1084 si
1831 1029 2020 1084 eadem

443 1134 568 1174 cum
619 1119 742 1173 rudi
793 1119 1185 1175 elementorum
1237 1119 1465 1174 materia
1507 1118 1948 1183 commisceatur,
1989 1134 2021 1174 a

443 1212 667 1282 proprio
701 1210 1014 1275 discedens,
1049 1210 1144 1266 sed
1176 1225 1392 1280 semper
1434 1210 1615 1266 sciens
1650 1226 1832 1277 suum,
1861 1210 2022 1282 quale

441 1311 590 1358 esset
629 1309 743 1356 tum
778 1317 901 1356 cum
948 1303 1004 1357 in
1052 1301 1228 1356 forma
1275 1302 1627 1367 consisteret,
1662 1308 1712 1357 et
1756 1310 1879 1372 post
1907 1301 2021 1358 dis-

442 1395 770 1450 solutionem
817 1409 882 1449 ex
915 1393 1089 1464 signis
1128 1408 1251 1463 quae
1289 1393 1344 1448 in
1399 1395 1650 1464 reliquiis
1679 1400 2017 1461 manserunt,

439 1485 591 1540 circa
619 1485 904 1554 proprium
919 1500 1026 1539 non
1043 1482 1393 1539 errans.—-G.
1417 1482 1530 1554 Ego
1547 1497 1680 1537 vero
1699 1481 2020 1550 approbatis

446 1573 516 1627 iis
547 1585 670 1640 qua:
719 1569 864 1624 dicta
895 1577 1073 1634 erant,
1131 1578 1192 1624 ut
1244 1568 1512 1640 apposite,
1564 1577 1688 1639 apte
1721 1579 1885 1641 atque
1926 1585 2022 1626 ac-

440 1663 785 1718 commodate
830 1661 896 1716 ad
944 1661 1289 1733 propositum
1339 1673 1721 1732 argumentum
1774 1663 2016 1728 inventa,

444 1755 567 1811 Haec
602 1756 842 1826 quidem,
899 1755 1141 1826 inquam,
1195 1754 1302 1810 hoc
1349 1755 1512 1811 modo
1543 1763 1656 1809 tum
1713 1755 1842 1819 dici,
1897 1763 2008 1809 tum
2047 1737 2087 1792 Β

439 1847 587 1903 credi
617 1855 824 1904 rectum
852 1852 905 1902 et
926 1861 1141 1916 aequum
1173 1853 1276 1910 est,
1303 1845 1397 1900 sed
1419 1845 1466 1900 si
1488 1846 1612 1916 quis
1637 1843 2009 1900 narrationem

440 1938 654 1994 Domini
685 1953 827 2005 eam,
864 1953 986 2008 quae
1016 1943 1104 1994 est
1137 1936 1194 1991 in
1224 1935 1518 2009 Evangelio
1544 1937 1614 1993 de
1646 1936 1716 1992 iis
1757 1937 1852 2006 qui
1884 1943 2014 1991 sunt

439 2029 494 2085 in
542 2029 779 2098 inferno,
829 2029 1095 2086 adversus
1141 2044 1206 2084 ea
1249 2043 1370 2099 quae
1401 2029 1544 2084 dicta
1588 2035 1718 2084 sunt
1748 2027 2011 2099 proferat,

441 2123 596 2193 quasi
643 2139 753 2178 non
810 2130 1202 2194 congruentem
1247 2131 1302 2178 et
1344 2124 1758 2178 convenientem
1822 2137 1944 2177 cum
1991 2121 2060 2178 iis

435 2227 741 2281 praeparare
774 2226 876 2266 nos
899 2211 968 2264 ad
1003 2211 1416 2279 responsionem
1445 2211 1696 2280 oportet?

509 2298 577 2351 Μ.
605 2298 674 2351 At
698 2298 806 2362 illa,
835 2298 917 2352 Ad
943 2311 1144 2366 corpus
1165 2296 1388 2366 quidem
1411 2296 1898 2363 accommodatius,
1923 2295 2011 2351 in-

433 2384 576 2455 quit,
626 2397 808 2438 sermo
860 2383 1237 2439 narrationem
1291 2385 1540 2454 exponit,
1588 2385 1792 2442 multas
1830 2393 2015 2442 tamen

433 2475 699 2547 iuspergit
741 2475 1002 2530 materias
1046 2481 1101 2530 et
1135 2488 1356 2542 causas,
1389 2492 1487 2547 per
1533 2493 1671 2549 quas
1709 2478 1778 2534 ad
1833 2478 2014 2534 subti-

435 2569 622 2622 liorem
688 2567 1113 2637 speculationem
1187 2566 1421 2631 invitat,
1482 2569 1530 2626 si
1585 2569 1710 2640 quis
1758 2579 2013 2626 accurate

433 2658 814 2729 exquisiteque
846 2671 962 2713 rem
995 2657 1343 2715 intellexerit.
1374 2657 1509 2713 Nam
1537 2661 1631 2730 qui
1664 2661 1813 2714 hiatu
1855 2669 2011 2716 vasto

433 2748 634 2804 malum
669 2762 701 2800 a
727 2748 869 2802 bono
899 2746 1116 2801 dirimit
1152 2755 1318 2816 atque
1348 2747 1626 2815 discludit,
1660 2749 1752 2818 qui
1797 2757 2007 2819 guttam

431 2841 674 2910 aliquam
720 2855 842 2910 qua:
872 2854 970 2909 per
1011 2839 1240 2910 digitum
1279 2838 1654 2904 admoveatur,
1687 2840 2009 2896 desideran-

431 2939 541 2986 tem
594 2928 724 2985 fecit
769 2943 894 2984 eum
973 2928 1067 2998 qui
1121 2927 1493 2993 cruciabatur,
1545 2929 1638 2998 qui
1686 2929 2011 2998 patriarchae

432 3023 615 3078 sinum
648 3021 699 3076 ei
754 3021 846 3091 qui
882 3034 976 3090 per
1002 3019 1144 3074 hanc
1171 3018 1339 3072 vitam
1369 3017 1532 3073 malis
1563 3027 1616 3074 et
1646 3017 2008 3073 incommodis

431 3122 660 3171 vexatus
709 3112 912 3176 fuerat,
968 3112 1037 3167 ad
1085 3111 1324 3182 quietem
1369 3113 1696 3183 proposuit,
1742 3113 1837 3183 qui
1877 3113 2007 3167 item

2123 481 2427 553 συνδρομῆς
2455 479 2566 533 τῶν
2607 481 2882 551 στοιχείων
2924 478 3033 533 ἀπὸ
3070 482 3168 551 τῆς
3190 479 3376 552 κοινῆς
3407 478 3534 550 ὕλης
3562 481 3686 534 άναο

2119 571 2502 643 τετυπωμένος
2533 571 2665 641 (71),
2698 572 2755 623 ἐν
2815 570 3068 634 ἰδιάζοντι
3098 570 3312 633 πάντως
3341 569 3420 641 τῷ
3457 573 3684 641 σχήματι

2120 663 2319 736 πολλὴν
2365 663 2500 735 πρὸς
2547 665 2607 716 τὸ
2658 662 2913 733 ὁμογενὲς
2960 662 3059 734 τὴν
3100 661 3362 732 διαφοράν
3413 659 3568 730 ἔχων.
3614 655 3684 715 Οῧ

2119 755 2455 819 διαλυθέντος
2497 754 2608 826 (72)
2643 753 2794 807 οὐδὲν
2816 747 2976 826 ἦττον
3011 753 3104 807 καὶ
3143 751 3398 806 άπὸιτῶν
3427 749 3684 820 λειψάνων

2120 847 2154 918 ἡ
2178 847 2488 917 κεκτημένη
2524 846 2584 900 τὸ
2615 844 2806 909 σκεῦος
2830 844 2975 915 ψυχὴ
3004 843 3064 897 τὸ
3102 845 3296 897 οἰκεῖον
3321 841 3682 911 ἐπιγινώσκει,

2119 936 2242 991 οὔτε
2273 938 2330 990 ἐν
2357 937 2468 1007 (75)
2509 939 2573 1008 τῇ
2604 936 2856 1007 κοινωνίᾳ
2882 935 2988 988 τῶν
3017 934 3462 1005 συντριμμάτων,
3488 930 3608 984 οὕτε
3638 933 3684 984 εί

2121 1029 2256 1100 πρὸς
2277 1029 2337 1083 τὺ
2368 1028 2775 1099 ἀκατέργαστον
2802 1029 2900 1098 τῆς
2927 1027 3034 1080 τῶν
3058 1026 3334 1096 στοιχείων
3362 1025 3494 1094 ὕλης
3525 1041 3686 1077 κατα-

2123 1120 2364 1192 μιχθείη,
2412 1120 2507 1174 τοῦ
2551 1119 2751 1172 οἰκείου
2789 1117 3149 1188 ἀφισταμένη,
3192 1116 3306 1170 ἀλλ’
3343 1115 3429 1169 ἀεὶ
3473 1115 3686 1166 ἐπιστα-

2122 1211 2258 1281 μένη
2290 1211 2350 1263 τὸ
2381 1209 2534 1273 ίδιον,
2563 1203 2673 1263 οἷόν
2695 1225 2757 1261 τε
2791 1206 3058 1270 συνεστὼς
3101 1207 3213 1278 (74)
3254 1207 3313 1259 ἐν
3342 1203 3421 1275 τῷ
3454 1204 3686 1274 σχήματι

2115 1297 2206 1372 ἦν,
2233 1302 2327 1356 καὶ
2363 1301 2500 1372 μετὰ
2525 1301 2622 1372 τὴν
2647 1300 2884 1354 διάλυσιν
2919 1301 2984 1352 ἐκ
3014 1297 3120 1352 τῶν
3139 1295 3556 1368 άπομεινάντων
3576 1291 3684 1364 (75)

2119 1392 2358 1461 σημείων
2384 1395 2497 1454 τοῖς
2523 1390 2794 1460 λειψάνοις
2828 1390 2888 1443 οὐ
2923 1386 3246 1458 πλανωμένη
3276 1386 3408 1457 περὶ
3451 1383 3510 1437 τὸ
3539 1382 3685 1434 ἴδιον.

2112 1508 2185 1519 -
2203 1479 2262 1531 Γ.
2303 1475 2720 1546 Ἐπιδεξάμενος
2739 1475 2796 1527 δέ
2813 1475 2883 1527 τά
2914 1474 3182 1545 εἰρημένα
3211 1472 3288 1535 ὼς
3309 1469 3602 1542 προσφυῶς
3632 1485 3689 1521 τε

2113 1570 2207 1624 καὶ
2237 1567 2455 1632 οίκείως
2489 1568 2625 1638 πρὸς
2647 1565 2738 1620 τὸν
2766 1567 3122 1638 προκείμενον
3151 1563 3446 1638 εὑρεθέντα
3471 1561 3690 1628 σκοπὸν,

2112 1660 2297 1715 Ταῦτα
2324 1658 2423 1730 μὲν
2445 1658 2638 1723 οὕτως,
2671 1653 2844 1724 εἷπον,
2872 1655 3126 1727 λέγεσθαί
3144 1673 3205 1710 τε
3226 1655 3323 1709 καὶ
3344 1652 3692 1708 πιστεύεσθαι

2111 1753 2291 1816 καλῶς
2323 1751 2468 1823 ἔχει’
2488 1754 2536 1804 εί
2573 1751 2628 1804 δέ
2646 1769 2730 1815 τις
2759 1750 2820 1804 τὸ
2842 1752 2899 1804 ἐν
2920 1749 2998 1821 τῷ
3027 1748 3348 1820 Εὐαγγελίῳ
3363 1746 3460 1801 τοῦ
3486 1744 3693 1818 Κυρίου

2112 1842 2243 1914 περὶ
2271 1840 2380 1896 τῶν
2418 1841 2477 1894 ἐν
2506 1838 2632 1911 ᾅδου
2658 1839 2902 1910 διήγημα
2941 1838 3076 1908 πρὸς
3113 1839 3182 1890 τὰ
3226 1837 3497 1907 εἰρημένα
3524 1848 3692 1906 προσ-

2114 1931 2270 2003 φέροι
2306 1929 2441 2001 (76),
2469 1928 2546 1992 ὡς
2577 1929 2637 1982 οὐ
2666 1927 2960 1998 συμϐαῖνον
2982 1929 3096 1990 τοῖς
3122 1925 3517 1996 ἐξητασμένοις
3557 1921 3693 1995 (77),

2113 2023 2230 2088 πῶς
2255 2024 2361 2096 χρὴ
2391 2020 2910 2094 παρασκευάσασθαι
2943 2018 3080 2093 πρὸς
3107 2021 3204 2090 τὴν
3243 2019 3543 2090 ἀπόκρισιν
3568 2034 3584 2083 ;

2122 2135 2242 2192 quae
2287 2115 2594 2175 examinata
2637 2124 2801 2188 atque
2854 2130 3123 2188 perpensa
3170 2123 3329 2182 sunt,
3393 2129 3504 2184 quo
3543 2119 3702 2183 pacto

2181 2297 2259 2352 M.
2276 2298 2339 2352 Ἢ
2351 2293 2787 2369 made-7.010478)
2801 2295 2877 2360 δὲ,
2896 2298 3257 2370 Σωματικώτε
3266 2315 3365 2370 ρον
3375 2297 3499 2367 μὲν,
3518 2309 3592 2362 φη
3599 2291 3701 2351 σὶνν

2118 2383 2148 2436 ό
2169 2383 2326 2452 λόγος
2351 2382 2624 2437 ἐκτίθεται
2651 2383 2710 2435 τὸ
2730 2383 2992 2453 διήγημα,
3023 2383 3221 2446 πολλάς
3240 2383 3302 2434 δὲ
3333 2383 3704 2454 κατασπείρει

2117 2475 2212 2539 τὰς
2245 2474 2518 2545 ἀφορμάς,
2566 2474 2633 2528 δι’
2664 2468 2739 2529 ὧν
2768 2477 2847 2538 είς
2893 2475 3221 2546 λεπτοτέραν
3258 2474 3506 2548 θεωρίαν
3535 2477 3704 2530 ἐκκαο

2115 2567 2288 2620 λείται
2333 2568 2423 2620 τὸν
2469 2566 2758 2638 ἐξεταστὴν
2799 2567 2910 2638 (79)
2964 2569 3241 2626 ἐπαΐοντα.
3317 2570 3380 2624 Ὁ
3431 2570 3546 2641 γάρ
3605 2570 3706 2641 χά-

2117 2675 2284 2728 σματι
2315 2658 2424 2729 (80)
2456 2659 2674 2730 μεγάλῳ
2699 2658 2948 2729 διείργων
2969 2659 3030 2713 τὸ
3057 2660 3226 2715 κακὸν
3263 2661 3333 2716 ἐκ
3375 2661 3474 2714 τοῦ
3517 2661 3704 2733 κρείτ-

2113 2765 2283 2813 τονος,
2316 2750 2572 2818 σταγόνος
2612 2750 2672 2802 τέ
2699 2768 2840 2814 τινος
2871 2750 3118 2823 δακτύλῳ
3162 2752 3274 2822 (8|)
3326 2754 3709 2825 κομιζομένης

2112 2841 2307 2894 ’ἐπιδεᾶ
2359 2843 2590 2914 ποιήσας
2629 2842 2720 2896 τὸν
2767 2843 3132 2914 ὀδυνώμενον’,
3187 2844 3282 2898 καὶ
3356 2846 3707 2917 πατριάρχου

2115 2934 2314 2988 κόλπον
2335 2933 2412 3004 τῷ
2435 2933 2521 2987 διὰ
2547 2933 2644 3004 τῆς
2666 2933 2809 3005 ζωῆς
2835 2935 3038 3006 ταύτης
3069 2936 3452 3008 κεκακωμένῳ
3480 2937 3709 3002 ὑποθεὶς

2117 3027 2421 3080 ἀνάπαυσιν
2451 3024 2562 3097 (82)
2585 3067 2601 3092 ,
2635 3026 2741 3096 πρὸ
2771 3025 2975 3080 τούτων
3001 3026 3058 3080 δὲ
3091 3028 3184 3081 καὶ
3212 3026 3274 3081 τὸ
3309 3028 3580 3084 τεθνᾶναι
3610 3029 3710 3083 αὐ-

2117 3119 2259 3182 τοὺς,
2307 3118 2403 3171 καὶ
2450 3120 2595 3190 ταφῇ
2633 3117 2853 3188 δοθῆναι
2895 3117 3314 3189 διηγησάμενος,
3381 3120 3446 3173 ού
3492 3121 3710 3194 μικρῶς

425 3215 591 3261 antea
643 3211 890 3259 mortuos
945 3217 1042 3258 eos
1113 3217 1178 3258 ac
1228 3204 1524 3273 sepulturae
1573 3203 1806 3259 traditos
1849 3216 2013 3272 expo-

2117 3207 2372 3278 ἀφίστησι
2417 3207 2518 3276 τῆς
2547 3188 2686 3262 κατὰ
2715 3211 3004 3279 πρόχειρον
3042 3188 3154 3280 (85)
3193 3210 3441 3276 διανοίας
3485 3188 3613 3268 τὸν-
3635 3213 3710 3286 μὴ

425 3299 566 3364 suit,
601 3313 712 3353 non
761 3312 956 3368 parum
989 3306 1184 3352 avocat
1229 3305 1284 3351 et
1333 3295 1557 3351 abducit
1587 3295 1656 3351 ah
1695 3310 1760 3350 ea
1795 3301 2014 3350 senten-

424 3392 511 3445 tia
551 3404 674 3460 quae
703 3390 761 3445 in
808 3396 1065 3459 promptu
1109 3395 1195 3444 est
1240 3402 1363 3444 eum
1429 3387 1522 3458 qui
1578 3386 1723 3442 haud
1767 3385 1932 3443 stulte
1960 3393 2016 3440 et

425 3483 704 3554 imperite,
756 3480 852 3537 sed
896 3479 1269 3551 intelligentcr
1317 3479 1483 3534 verba
1526 3485 1810 3548 sequatur.
1862 3475 2012 3542 Quos

437 3577 586 3632 enim
619 3577 814 3632 oculos
845 3576 1041 3632 attollit
1085 3576 1138 3630 in
1172 3574 1390 3630 inferno
1418 3574 1573 3630 dives
1619 3573 1732 3637 ille,
1764 3573 1856 3644 qui
1889 3586 2014 3628 car-

431 3681 567 3721 ncos
619 3667 812 3722 oculos
870 3666 927 3720 in
975 3665 1233 3735 sepulcro
1293 3665 1624 3736 reliquerat?
1674 3664 1794 3730 Quo
1851 3670 2012 3735 pacto

434 3758 562 3811 item
611 3756 884 3811 ﬂammam
944 3757 1111 3810 sentit
1168 3755 1224 3809 id
1269 3757 1415 3826 quod
1461 3757 1844 3826 incorporeum
1891 3755 2014 3811 est?

431 3851 606 3917 Quam
647 3864 775 3904 vero
807 3849 1050 3918 linguam
1098 3846 1408 3918 refrigerari
1446 3863 1541 3918 per
1574 3855 1782 3919 guttam
1825 3848 2013 3918 cupie-

433 3943 546 4005 hat,
581 3954 706 3993 cum
741 3939 790 3993 ei
839 3953 1039 3993 carnea
1071 3937 1258 4008 lingua
1308 3953 1421 3992 non
1459 3938 1716 3994 adesset?
1745 3939 1869 4008 quis
1909 3955 2012 3994 au-

429 4042 541 4089 tem
595 4031 686 4086 ille
733 4031 962 4101 digitus,
1024 4031 1118 4101 qui
1168 4029 1449 4101 praeferret
1489 4031 1540 4086 ei
1594 4031 1842 4103 guttam?
1892 4031 2012 4102 Ipse

432 4125 562 4179 item
615 4123 772 4179 sinus
827 4123 1110 4192 requietis,
1161 4122 1328 4192 quis?
1399 4121 1537 4177 Cum
1591 4123 1734 4178 enim
1777 4138 2010 4194 corpora

426 4223 614 4271 essent
656 4216 710 4269 in
739 4214 1030 4284 sepulcris,
1079 4213 1259 4267 anima
1304 4229 1433 4268 vero
1469 4230 1645 4284 neque
1684 4215 1737 4268 in
1782 4231 2010 4286 corpore

429 4317 599 4373 esset,
642 4322 820 4377 neque
848 4321 912 4361 ex
941 4306 1191 4376 partibus
1242 4313 1540 4370 constaret,
1590 4305 1806 4360 diﬂicile
1846 4305 2009 4362 fuerit

431 4399 766 4454 narrationis
813 4405 1171 4463 structuram,
1230 4405 1390 4466 prout
1431 4397 1683 4465 protinus
1723 4411 1787 4450 ac
1829 4398 2006 4467 prima

2113 3298 2388 3362 ἀσυνέτως
2421 3298 2531 3369 (84)
2575 3301 2685 3361 τοῖς
2709 3299 3020 3369 λεγομένοις
3049 3299 3334 3369 ἐπόμενον.
3369 3304 3574 3369 Ποίους
3599 3305 3711 3377 γὰρ

2113 3388 2426 3460 ὀφθαλμοὺς
2453 3389 2668 3461 ἐπαίρει
2694 3390 2752 3444 ἐν
2785 3390 2862 3461 τῷ
2907 3390 3009 3464 ᾅδῃ
3047 3392 3076 3444 6
3114 3391 3394 3458 πλούσιος,
3436 3397 3574 3462 τοὺς
3613 3399 3713 3469 τῆς

2116 3477 2316 3550 σαρκὸς
2382 3477 2600 3546 ἐναφεὶς
2647 3476 2760 3548 (85)
2811 3477 2891 3548 τῷ
2956 3479 3146 3550 τάφῳ;
3203 3479 3330 3544 Πῶς
3381 3481 3445 3536 δὲ
3509 3485 3713 3554 φλογὸς

2112 3569 2376 3640 ᾐσθάνετο
2411 3569 2522 3640 (86)
2548 3569 2608 3622 τὸ
2630 3569 2919 3639 ἀσώματον
2941 3587 2958 3638 ς
2987 3571 3152 3625 Ποίαν
3175 3571 3234 3625 δὲ
3258 3572 3527 3640 γλῶσσαν
3549 3593 3717 3630 κατα-

2111 3661 2382 3733 ψυχθῆναι
2425 3661 2514 3714 διὰ
2554 3661 2656 3731 τῆς
2685 3661 2941 3730 σταγόνος
2981 3663 3256 3734 ἐπιθυμεῖ,
3296 3665 3402 3736 τῆς
3433 3669 3716 3739 σαρκίνης

2113 3756 2261 3828 αὑτῷ
2295 3758 2370 3828 μὴ
2401 3757 2712 3828 παρούσης;
2760 3757 2857 3820 Τίς
2899 3757 2957 3810 δὲ
2995 3755 3024 3807 6
3055 3755 3388 3826 διακομίζων
3419 3759 3580 3830 αὐτῷ
3615 3762 3716 3831 τὴν

2113 3849 2302 3921 ρανίδα
2322 3849 2579 3914 δάκτυλος
2601 3867 2616 3915 ;
2635 3851 2805 3913 Αὐτὸς
2829 3850 2885 3904 δέ
2909 3851 2936 3902 6
2957 3846 3154 3914 κόλπος
3170 3849 3270 3919 τῆς
3297 3849 3711 3915 ἀναπαύσεως,

2110 3942 2229 4010 τίς;
2287 3942 2408 3998 Τῶν
2455 3941 2564 4013 γὰρ
2601 3943 2867 4014 σωμάτων
2911 3947 2969 3999 ἐν
3013 3944 3205 4012 τάφοις
3243 3941 3444 4008 ὄντων,
3495 3945 3604 4015 τῆς
3655 3945 3718 3998 δέ

2109 4033 2287 4104 ψυχῆς
2317 4033 2439 4087 οὔτε
2470 4037 2526 4088 ἐν
2568 4035 2777 4106 σώματι
2817 4035 3012 4106 οὔσης,
3065 4035 3188 4089 οὔτε
3238 4036 3304 4088 ἐκ
3335 4038 3536 4108 μερῶν
3578 4055 3717 4091 συν-

2111 4127 2374 4198 εστώσης,
2390 4127 2593 4200 ἄπορον
2617 4128 2681 4182 ἂν
2705 4129 2790 4198 εἴη
2813 4129 2910 4198 τὴν
2927 4128 3016 4182 τοῦ
3035 4128 3370 4198 διηγήματος
3395 4129 3716 4201 διασκευὴν

2109 4219 2248 4273 κατὰ
2274 4219 2334 4272 τὸ
2355 4221 2657 4291 προχείρως
2689 4221 2975 4291 νοούμενον
3006 4219 3310 4291 ἐφαρμόσαι
3333 4224 3403 4292 τῇ
3444 4221 3714 4294 ἀληθείᾳ,

2109 4312 2158 4362 εί
2189 4311 2262 4381 μή
2293 4328 2380 4374 τις
2419 4311 2695 4384 μεταλάϐῃ
2728 4312 2839 4382 (87)
2869 4311 2938 4364 τὰ
2965 4311 3086 4363 καθ’
3117 4311 3345 4362 ἕκαστον
3375 4313 3462 4376 είς
3504 4315 3719 4386 νοητὴν

2109 4401 2338 4474 θεωρίαν
2363 4419 2376 4433 ο
2417 4400 2557 4455 ὥστε
2587 4404 2771 4472 χάσμα
2804 4401 2866 4452 τὸ
2907 4400 3140 4467 διεῖργον
3168 4399 3276 4452 τῶν
3309 4401 3581 4472 ἀμίκτων
3612 4394 3718 4476 τὴν

431 4493 617 4546 fronte
683 4489 1043 4558 intelligitur,
1107 4488 1173 4541 ad
1227 4489 1507 4542 veritatem
1555 4489 2002 4556 accommodare,

2117 4491 2416 4553 κοινωνίαν,
2442 4489 2516 4559 μὴ
2533 4489 2636 4556 γῆς
2648 4488 2925 4539 διάστασιν
2942 4486 3053 4553 (68)
3073 4486 3298 4540 οἴεσθαιο
3318 4488 3402 4558 τῷ
3422 4493 3544 4564 γὰρ
3566 4495 3723 4548 ἀσω.

433 4585 541 4640 nisi
567 4585 692 4654 quis
743 4581 1058 4652 singulatim
1089 4595 1318 4650 quaeque
1345 4580 1510 4634 verba
1545 4595 1576 4634 a
1624 4595 1854 4652 corpore
1886 4591 2002 4636 tra-

426 4677 598 4732 ducat
620 4675 686 4729 ad
722 4689 840 4729 eam
864 4687 985 4742 quae
1013 4678 1194 4726 mente
1220 4670 1518 4740 percipitur
1544 4673 1998 4742 speculationem,

429 4781 490 4827 ut
525 4771 729 4832 hiatus,
775 4767 870 4839 qui
901 4766 1110 4821 dirimit
1146 4773 1308 4836 atque
1337 4766 1602 4839 disjungit
1655 4769 2001 4824 communio-

503 4948 619 5026 (71)
655 4943 1222 5026 ξΑινατετυπωμένος.
1262 4944 1307 4998 Α
1334 4945 1388 5000 in
1417 4947 1661 5018 margine
1684 4947 1999 5018 τετυπωμέ-

427 5018 623 5159 νοῇἐῖ
644 5025 1052 5159 Ᾱῗᾳῗιξὲἓξτος.
1101 5085 1148 5137 Α
1181 5084 1236 5139 in
1277 5093 1426 5140 textu
1451 5085 1893 5156 διαγνωσθέντος,
1943 5086 1996 5140 in

427 5156 675 5282 margine
711 5156 1068 5218 διαλυθέντος.

499 5229 552 5282 (7
596 5228 613 5282 )
641 5227 791 5280 Οὔτε
814 5229 884 5280 εὶ.
919 5225 982 5280 Εἰ
1020 5226 1160 5280 delet
1181 5225 1222 5278 Β

499 5228 613 5299 (75)
641 5228 791 5280 Οὔτε
814 5229 884 5280 εὶ.
919 5228 982 5280 Εἰ
1020 5228 1160 5280 delet
1182 5228 1242 5280 Β.

499 5298 612 5364 (74)
638 5296 972 5362 Συνεστώς.
1015 5295 1058 5348 Β
1085 5296 1337 5360 συνετῶς.

524 5370 611 5436 75)
656 5366 1144 5438 Ἀπομεινάνζωκ
1187 5365 1232 5418 Α
1256 5365 1752 5438 νέναπομεινάντων.

525 5439 611 5504 76)
641 5435 995 5506 Προάφέροι.
1021 5435 1062 5488 Β
1092 5437 1373 5506 προφέρει.

495 5504 608 5591 (77)
648 5504 1146 5591 Ἐξήῑῖαὸνμένοιςζ
1170 5507 1214 5557 Α
1246 5504 1301 5560 in
1331 5517 1480 5562 textu
1509 5505 1901 5579 ἐξισταμένοις,
1939 5504 1992 5559 in

425 5577 672 5645 margine
706 5577 1110 5647 ἐξητασμένοις.

495 5643 604 5716 (78)
649 5649 710 5709 Ἡ
734 5643 1120 5709 διδάσκαλος.
1151 5643 1192 5696 Α
1219 5643 1259 5696 Β
1291 5646 1493 5705 delent.

2116 4583 2268 4653 μάτῳ
2302 4580 2396 4634 κα).
2422 4577 2612 4649 νοερῷ,
2637 4577 2720 4640 τίς
2751 4577 2913 4639 πόνος
2939 4576 3231 4648 διαπτῆναι
3261 4583 3322 4631 τὸ
3351 4583 3584 4654 χάσμα,
3619 4589 3720 4641 καὶ

2113 4674 2162 4726 εί
2207 4673 2467 4742 μήκιστον
2493 4665 2595 4740 ip);
2635 4668 2776 4721 Διότι
2809 4667 2870 4720 τὸ
2901 4667 3084 4738 νοερὸν
3123 4670 3191 4738 τῇ
3221 4669 3406 4737 φύσει,
3449 4675 3514 4726 ἐν
3549 4671 3718 4749 ᾧπερ

2113 4765 2180 4820 ἂν
2212 4764 2371 4835 ἐθέλῃ
2393 4759 2635 4830 ἀχρόνως
2659 4757 2884 4826 γίνεται.
2918 4789 2986 4797 -
3013 4757 3072 4811 Γ.
3101 4757 3166 4811 Τί
3188 4753 3280 4812 οὖν
3298 4759 3364 4813 ἂν
3392 4763 3718 4838 εἴη,φημὶ,

2173 4937 2287 5010 (78)
2329 4935 2716 5010 ξΕξεταστήν.
2808 4933 2849 4988 Β
2873 4935 3253 5003 ἐξεταστικῶς.

2175 5005 2286 5079 (80)
2321 5007 2608 5077 Χάσματι.
2660 5008 2706 5060 Α
2754 5007 2809 5060 in
2860 5017 3010 5064 textu
3036 5013 3294 5081 σχήματι,
3343 5005 3400 5062 in
3437 5011 3722 5082 margine

2253 5094 2361 5130 ατι.

2101 5078 2361 5200 χάσὲματι.
3069 5078 3102 5081 ”
3126 5078 3157 5081 ’“

2173 5147 2190 5217 (
2238 5148 2285 5215 l)
2317 5148 2617 5214 Δακτύλῳ.
2643 5147 2691 5200 Α
2727 5144 2770 5200 Β
2802 5146 2890 5217 διὰ
2917 5147 3202 5202 δακτύλου.

2173 5216 2284 5286 (82)
2327 5218 2718 5272 Ἀνάπαυσιν.
2759 5217 2803 5269 Λ
2841 5216 2884 5270 Β
2918 5223 2998 5281 εἰς
3030 5219 3356 5274 ἀνάπαυσιν.

2316 5290 2662 5370 ηρόχειρον.
2768 5288 3062 5370 limatith
3093 5289 3174 5344 τό.

2081 5364 2099 5372 ³
2172 5358 2285 5426 (84)
2330 5356 2673 5423 Ἀσὺνέτως.
2705 5359 2746 5410 Α
2782 5356 2824 5410 Β
2853 5359 3111 5422 συνετῶς.

2173 5429 2287 5498 (85)
2323 5428 2618 5496 Ἐναφείς.
2650 5427 2896 5498 Β-ἁφείς.

2168 5496 2281 5566 (86)
2323 5498 2658 5569 ᾘσθάνετο.
2763 5497 3170 5569 ἐπαισθάνεται.

2168 5569 2279 5638 (87)
2311 5567 2653 5634 Μεταλάϐῃ.
2687 5567 2727 5618 Α
2764 5567 3074 5634 μεταλάϐοι.

2174 5639 2286 5710 (88)
2316 5640 2662 5692 Διάστασιν.
2700 5638 2743 5689 Α
2777 5639 2828 5689 in
2863 5638 3104 5708 margine
3134 5639 3427 5713 διάστημα.
