3950 6132
265 342 327 402 8i
1327 333 1417 390 DE
1445 330 1664 389 ANIIA
1695 328 1786 387 ΕΤ
1825 329 1841 386 1

1947 327 2429 388 iURllECTIONE.
3451 338 3532 395 8i

259 467 317 520 τὺ
344 462 475 534 πῦρ,
514 461 551 532 ἢ
581 462 646 515 τὸ
671 461 878 532 χάσμα,
910 456 1038 528 ἢτὰ
1072 455 1239 510 λοιπά
1282 454 1393 509 τῶν
1431 454 1758 525 εἰρημένων,
1789 451 1824 524 ἢ

1947 461 2070 503 nem
2103 462 2316 514 eorum,
2354 450 2497 504 inter
2521 462 2663 519 quos
2696 447 2845 504 nulla
2882 449 3123 508 societas
3171 450 3520 511 intercedere

260 556 331 628 μὴ
360 553 476 624 (89)
503 554 542 607 ἃ.
567 553 787 621 λέγεται
814 551 962 622 (90);
987 581 1056 591 -
1084 550 1160 604 Μ.
1196 547 1351 617 Ἐμοὶ⁵
1375 546 1542 609 δοκεῖ,
1569 544 1722 613 φησι,
1738 542 1829 596 δό-

255 647 438 718 γματά
458 662 583 700 τινα
615 643 744 714 περὶ
765 641 872 695 τῶν
896 640 1036 695 κατά
1052 639 1230 711 ψυχὴν
1260 637 1371 706 (91)
1399 634 1745 707 ζητουμένων
1762 632 1830 686 δι’

254 739 487 792 ἑκάστου
517 735 727 789 τούτων
757 732 1151 802 ὑποσημαίνειν
1178 730 1240 784 τὸ
1268 728 1617 797 Εύαγγέλιον.
1640 726 1829 797 Προει-

252 815 371 870 πὼν
398 816 511 886 (9‘2)
540 817 653 889 γὰρ
693 816 830 889 πρὸς
876 816 970 870 τὸν
1019 815 1271 871 πλούσιον
1292 818 1321 869 ὁ
1350 815 1718 888 πατριάρχης,
1761 814 1844 867 δτι

262 909 531 978 Ἀπὲσχες
564 907 644 980 τῷ
680 908 771 962 διὰ
800 909 1004 980 σαρκὸς
1040 908 1141 979 βίῳ
1185 907 1295 961 τῶν
1337 906 1560 976 ἀγαθῶν
1592 905 1689 978 τὴν
1725 908 1841 977 μοῖ-

255 1018 374 1071 ραν,
407 1002 504 1054 καὶ⁸
537 1003 666 1073 περὶ
707 999 803 1053 τοῦ
838 998 1055 1071 πτωχοῦ
1096 998 1158 1053 τὺ
1197 994 1317 1053 [σον
1354 996 1555 1062 εἰπὼν,
1595 997 1677 1051 ὅτι
1728 996 1842 1051 Καὶ

250 1089 404 1156 οὗτος
432 1094 721 1164 ἀπέπλησε
755 1093 905 1165 παρά
923 1094 1015 1146 τὸν
1039 1092 1152 1165 βίον
1178 1091 1282 1162 τῆς
1308 1091 1417 1145 τῶν
1439 1090 1624 1146 κακῶν
1649 1106 1843 1161 μετου-

251 1184 375 1245 σίας
395 1182 742 1254 λειτουργίας
766 1183 877 1253 (95)
901 1200 915 1214 ’
952 1178 1053 1235 εἷθ’
1083 1182 1256 1245 οὕτως
1281 1178 1581 1250 ἐπαγαγὼν
1600 1177 1841 1251 περὶτοῦ

249 1275 554 1346 χάσματος,
581 1275 660 1339 ὡς
688 1276 783 1328 ἀπ’
810 1274 921 1345 (94)
957 1275 1204 1347 ἀλλήλων
1235 1271 1670 1344 διατειχίζονται,
1702 1270 1847 1341 μέγα

247 1384 303 1421 τι
335 1368 451 1437 (95)
477 1368 566 1423 διὰ
597 1366 711 1439 (96)
740 1367 946 1423 τούτων
972 1366 1146 1421 ἔοικεν
1180 1366 1550 1421 ὑποδεικνύειν
1575 1363 1653 1434 τῷ
1679 1363 1843 1432 λόγω.

1945 547 2144 609 potest,
2177 553 2287 593 non
2314 546 2477 595 terrae
2499 540 2737 610 spatium
2769 549 2825 597 et
2860 544 3209 600 intervallum
3238 545 3523 602 existime-

1943 638 2067 695 tur;
2108 645 2234 685 nam
2263 630 2394 701 quid
2432 631 2638 702 negotii
2676 632 2844 689 fuerit
2871 635 2922 691 ei
2959 635 3107 706 quod
3134 637 3520 707 incorporeum

1939 729 2011 777 et,
2038 722 2158 777 sola
2198 730 2384 779 mente
2413 723 2703 795 praeditum
2750 732 2863 792 est,
2906 727 3244 783 transvolare
3284 726 3521 791 hiatum,

1944 816 2164 871 etiamsi
2197 815 2542 871 vastissimus
2565 814 2657 877 sit,
2692 811 2895 883 quippe
2917 829 3039 868 cum
3069 815 3122 869 id
3153 816 3296 885 quod
3325 826 3525 872 natura

1946 907 2054 961 tale
2074 913 2178 973 est,
2213 913 2275 960 ut
2293 915 2477 961 mente
2497 903 2614 960 sola
2635 910 2870 969 constet,
2902 904 3218 976 ubicunque
3248 921 3373 963 esse
3393 909 3527 963 velit.

1943 1000 2095 1055 nullo
2121 996 2388 1070 temporis
2420 995 2796 1053 intercedente
2819 997 3019 1068 spatio,
3050 996 3144 1052 illo
3167 1007 3413 1068 penetret
3435 1008 3521 1053 at-

1942 1108 2051 1164 que
2081 1091 2278 1147 evadat
2294 1088 2318 1143 ?
2334 1119 2407 1131 -—
2428 1086 2493 1143 G.
2522 1086 2664 1155 Quid
2688 1086 2856 1159 igitur
2874 1087 3062 1151 fuerit,
3087 1088 3332 1159 inquam,
3354 1090 3519 1160 ignis,

1942 1184 2027 1239 vel
2056 1183 2259 1248 hiatus,
2303 1180 2388 1238 vel
2414 1187 2611 1236 caatera
2639 1195 2760 1251 quae
2782 1179 2930 1236 dicta
2972 1187 3123 1245 sunt,
3172 1180 3218 1237 si
3248 1196 3356 1235 non
3390 1190 3522 1236 sunt

1941 1292 2007 1334 ea
2063 1290 2186 1346 qua:
2233 1274 2531 1331 dicantur?
2565 1304 2637 1315 -—
2685 1273 2758 1329 Μ.
2808 1274 2938 1329 Mihi
2986 1273 3245 1345 quidem,
3311 1275 3518 1345 inquit,

1943 1376 2125 1425 certas
2157 1368 2496 1438 stabilesque
2526 1366 2791 1439 quasdam
2823 1366 3128 1423 sententias
3158 1368 3227 1422 de
3260 1368 3327 1423 iis
3357 1369 3523 1422 rebus

249 1480 376 1534 quin
423 1466 575 1519 circa
611 1468 851 1519 animam
880 1470 1229 1534 queruntur,
1267 1476 1368 1532 per
1408 1458 1846 1529 unumquodque
1925 1454 2123 1509 horum
2176 1452 2533 1523 Evangelium
2601 1452 2908 1525 signiﬁcare
2947 1451 3177 1508 videtur.
3207 1449 3343 1508 Cum
3379 1451 3531 1508 enim

249 1563 328 1618 ita
363 1562 434 1616 ad
462 1562 687 1617 divitem
724 1560 1035 1632 patriarcha
1074 1567 1203 1615 ante
1232 1558 1470 1617 dixisset
1500 1576 1514 1610 :
1560 1553 1839 1628 Recepisti
1880 1550 1936 1607 in
1966 1552 2102 1617 vita,
2137 1564 2302 1621 quam
2337 1549 2393 1604 in
2425 1563 2596 1604 carne
2632 1549 2970 1621 transegisti,
3046 1549 3356 1620 portionem
3433 1548 3528 1605 bo~

251 1675 476 1725 uorum,
514 1668 682 1729 atque
725 1659 918 1714 eodem
969 1659 1134 1714 modo
1169 1657 1237 1713 de
1278 1656 1535 1712 mendico
1562 1653 1836 1709 dixisset:
1915 1648 1980 1704 Et
2013 1648 2104 1705 hic
2158 1649 2215 1703 in
2245 1646 2354 1702 vita
2396 1646 2669 1702 malorum
2708 1653 2764 1702 et
2793 1645 3268 1702 incommodorum
3305 1647 3530 1718 partici-

252 1753 493 1825 pationis
525 1767 754 1808 munere
773 1751 995 1808 functus
1024 1760 1147 1815 est;
1182 1758 1237 1807 et
1282 1749 1365 1806 sic
1396 1749 1659 1819 deinceps
1686 1745 2017 1817 subiecisset
2041 1741 2108 1797 de
2139 1740 2315 1805 hiatu,
2357 1753 2469 1811 quo
2504 1739 2663 1795 alteri
2730 1738 2799 1794 ab
2842 1739 3031 1795 alteris
3061 1738 3527 1799 discluderentur.

250 1860 506 1916 magnam
523 1842 819 1916 quamdam
847 1841 1181 1910 doctrinam,
1232 1847 1553 1911 certamque
1579 1852 1645 1894 ac
1682 1835 1935 1893 stabilem
1984 1829 2315 1889 sententiam
2336 1843 2435 1901 per
2466 1829 2582 1886 haec
2645 1828 2811 1885 verba
2880 1828 3155 1885 orationis
3218 1827 3535 1901 signiﬁcare

248 1939 496 1995 videtur.

319 2101 398 2155 Τὸ
447 2100 507 2155 δὲ
549 2100 748 2172 δόγμα,
781 2099 926 2156 κατά
967 2115 1033 2169 γε
1077 2097 1170 2153 τὸν
1217 2097 1355 2169 ὲμδν
1391 2094 1572 2167 λόγον,
1603 2094 1847 2152 τοιοῦτόν

248 2196 389 2251 ἐστι·
415 2192 705 2256 Momm;
731 2191 847 2263 (97)
874 2187 947 2263 ἦν
984 2193 1019 2265 ή
1065 2188 1181 2245 τῶν
1208 2189 1324 2262 (98)
1356 2187 1663 2262 ἀνθρώπων
1696 2187 1839 2261 ζωὴ,

250 2284 529 2359 μονοειδὲς
566 2282 626 2338 δὲ
684 2282 799 2353 (99)
847 2282 994 2352 λέγω
1040 2281 1141 2353 τὴν
1185 2282 1247 2336 ἑν
1301 2280 1448 2353 μόνῳ
1512 2279 1593 2351 τῷ
1655 2278 1846 2349 ἀγαθῷ

247 2374 770 2449 ὁρωμένην(1),καὶ
801 2373 939 2446 πρὸς
959 2373 1021 2427 τὸ
1058 2371 1229 2427 κακδν
1249 2373 1627 2445 ἀνεπίμικτον.
1652 2371 1758 2426 Τὸν
1785 2370 1845 2426 δὲ

247 2469 495 2524 τοιοῦτον
527 2467 688 2538 λόγον
735 2468 766 2520 ὁ
809 2465 1024 2537 πρῶτος
1075 2465 1170 2519 τοῦ
1213 2464 1350 2521 Θεοῦ
1411 2465 1575 2537 νόμος
1641 2481 1846 2537 μαρτυ-

253 2563 431 2632 ρεῖται
460 2559 563 2630 (2),
621 2560 652 2613 ὁ
678 2557 772 2613 τοῦ
814 2557 1015 2621 παντὸς
1057 2557 1156 2629 μὲν
1195 2557 1321 2622 δοὺς
1349 2556 1459 2612 τῶν
1488 2559 1547 2611 ὲν
1564 2556 1643 2628 τῷ
1668 2572 1845 2629 παρα-

250 2653 415 2723 δείσῳ
450 2651 633 2705 καλῶν
678 2650 912 2721 ἄφθονον
960 2648 1040 2722 τῷ
1064 2649 1361 2723 ,ἀνθρώπῳ
1403 2651 1502 2721 τὴν
1532 2649 1841 2722 μετουσίαν,

250 2738 537 2811 ἀπείργων
564 2738 622 2792 δὲ
658 2739 820 2809 μόνου
853 2737 1063 2793 ἐκείνου
1108 2733 1154 2808 ᾧ
1189 2740 1497 2811 σύμμικτος
1522 2735 1591 2812 ἦν
1632 2740 1700 2794 ὲκ
1736 2739 1846 2794 τῶν

250 2829 511 2883 ἐναντίων
546 2831 583 2901 ἡ
613 2829 803 2899 φύσις,
833 2829 928 2884 τοῦ
961 2830 1134 2885 κακοῦ
1168 2831 1305 2903 πρὸς
1343 2831 1407 2885 τὸ
1450 2831 1615 2887 καλὸν
1648 2849 1846 2902 συγκε-

253 2920 554 2991 κραμένον,
605 2919 836 2975 θάνατον
882 2920 1093 2986 ἔπιθεὶς
1138 2922 1220 2994 τῷ
1260 2924 1709 2995 παρανομήσαντι
1745 2925 1846 2995 τὴν

255 3011 479 3083 ζημίαν.
529 3012 671 3067 Ἀλλ’
706 3013 968 3076 ἑκουσίως
1002 3013 1031 3066 ὁ
1074 3014 1362 3084 ἄνθρωπος
1393 3015 1453 3069 ὲν
1484 3014 1563 3085 τῷ
1595 3014 1848 3081 αὐτεξου-

256 3104 351 3174 σίῳ
400 3105 668 3175 κινήματι
713 3104 1028 3160 καταλιπὼν
1076 3105 1177 3176 τὴν
1224 3106 1399 3178 ἀμιγῆ
1454 3106 1550 3159 τοῦ
1597 3106 1843 3178 χείρονος

259 3197 488 3266 μοῖραν,
514 3197 619 3267 τὴν
667 3198 732 3249 ὲκ
777 3196 888 3251 τῶν
932 3198 1193 3253 ἐναντίων
1236 3197 1541 3269 σύγκρατον
1573 3199 1720 3272 ζωὴν
1751 3202 1849 3253 ἐπ·-

256 3285 558 3340 εσπάσατο.
614 3285 691 3339 Οὐ
752 3286 857 3358 μὴν
895 3287 1106 3357 ἀφῆκεν
1149 3287 1183 3357 ἡ
1238 3284 1358 3339 θεία
1391 3285 1701 3361 προμήθεια
1749 3285 1847 3358 τὴν

2013 2084 2142 2141 Haec
2205 2093 2386 2142 autem
2439 2083 2742 2153 sententia,
2789 2099 2911 2143 mea
2962 2085 3189 2159 quidem
3242 2086 3525 2159 opinione,

1951 2176 2081 2233 talis
2115 2184 2203 2234 est
2234 2194 2249 2232 :
2277 2175 2363 2241 Ab
2408 2174 2569 2232 initio
2604 2176 2722 2232 vita
2762 2175 3004 2233 humana
3044 2178 3277 2250 simplex
3321 2186 3376 2236 et
3405 2181 3529 2236 uni-

1945 2265 2138 2326 formis
2181 2277 2323 2326 erat.
2374 2267 2693 2340 Simplieem
2737 2278 2921 2327 autem
2964 2277 3021 2327 et
3058 2272 3375 2328 uniusmodi
3407 2272 3532 2329 dico

1944 2374 2066 2417 eam
2109 2375 2233 2432 qua:
2257 2361 2315 2418 in
2365 2360 2485 2421 solo
2515 2359 2665 2416 bono
2714 2361 3193 2431 animadvertitur,
3228 2371 3285 2420 et
3323 2365 3532 2423 nullius

1945 2453 2077 2509 mali
2106 2453 2494 2509 communione
2530 2452 2794 2523 permista
2824 2462 2931 2510 est.
2974 2454 3161 2511 Talem
3196 2464 3381 2513 autem
3412 2459 3531 2529 opi-

1946 2545 2168 2602 nionem
2210 2546 2389 2616 prima
2426 2546 2514 2601 lex
2539 2545 2727 2601 divina
2777 2545 3097 2601 testimonio
3151 2561 3254 2603 suo
3282 2562 3531 2620 compro-

1944 2637 2060 2703 bat,
2086 2652 2207 2708 qua:
2232 2652 2358 2692 cum
2386 2636 2644 2693 omnibus
2666 2637 2889 2708 quidem
2921 2638 3104 2704 bonis,
3136 2654 3259 2711 quae
3284 2648 3444 2696 erant
3472 2642 3531 2698 in

1945 2730 2225 2802 paradiso,
2258 2729 2533 2785 hominem
2576 2728 2792 2786 abunde
2829 2729 2934 2785 frui
2966 2738 3023 2786 et
3050 2731 3127 2786 uti
3158 2734 3529 2802 permisisset,

1946 2821 2143 2877 abillo
2188 2822 2327 2877 solo'
2358 2820 2706 2892 prohibebat,
2757 2821 2941 2892 cujus,
2992 2836 3118 2877 cum
3155 2823 3363 2879 malum
3401 2839 3529 2881 cum

1946 2914 2095 2971 bono
2123 2919 2596 2983 contemperatum
2631 2921 2800 2977 esset,
2825 2912 3116 2969 commista
3141 2928 3207 2970 ex
3239 2917 3531 2974 contrariis

1946 3011 2066 3060 erat
2091 3014 2309 3072 natura,
2338 3011 2684 3075 mortemque
2707 3005 2778 3072 ei,
2823 3006 2918 3077 qui
2951 3016 3142 3063 contra
3186 3008 3329 3065 hanc
3355 3009 3529 3083 legem

1947 3095 2192 3159 iecisset,
2234 3110 2449 3167 poenam
2496 3098 2771 3169 apposuit.
2828 3093 2935 3154 Sed
2986 3099 3152 3155 homo
3198 3111 3397 3173 sponte
3430 3117 3531 3160 sua

1947 3187 2277 3258 propriaque
2305 3188 2588 3245 voluntate
2626 3197 2680 3245 et
2711 3189 2943 3247 arbitrio
2973 3192 3165 3249 relicta
3201 3203 3375 3261 sorte,
3408 3211 3532 3267 quae

1949 3292 1980 3332 a
2011 3279 2158 3333 malo
2188 3279 2401 3351 integra
2451 3288 2589 3347 erat,
2632 3295 2753 3336 eam
2784 3295 2905 3352 quae
2953 3298 3018 3338 ex
3055 3285 3356 3341 contrariis
3399 3301 3534 3343 cou-

255 3376 508 3431 ἀϐουλίαν
536 3377 695 3448 ἡμῶν
741 3377 1083 3449 ἀδιόρθωτον.
1127 3377 1267 3430 Ἀλλ’
1290 3378 1479 3449 ἐπειδὴ
1512 3380 1626 3442 τοῖς
1663 3394 1841 3450 παρα-

1951 3376 2254 3440 temperata
2289 3378 2431 3434 erat,
2462 3372 2629 3425 vitam
2655 3372 2852 3427 ascivit
2879 3381 2934 3428 et
2967 3375 3256 3445 amplexus
3283 3386 3387 3432 est.
3422 3377 3530 3433 Sed

255 3467 517 3539 ϐεϐηκόσι
567 3468 661 3521 τὸν
713 3467 877 3537 νόμον
929 3469 959 3521 ὁ
1014 3468 1224 3539 κριθεὶς
1273 3467 1361 3521 ἐπ’
1411 3467 1562 3538 αύτῷ
1615 3468 1846 3532 Θάνατος

256 3559 571 3628 ἀναγκαίως
600 3556 1031 3629 ἐπηκολούθησε,
1080 3559 1201 3631 διχῆ
1239 3560 1470 3632 μερίσας
1496 3558 1599 3632 τὴν
1635 3559 1845 3633 ἀνθρω-

256 3650 412 3719 πίνην
446 3649 616 3720 ζωὴν,
662 3646 743 3712 είς
778 3666 840 3702 τε
879 3650 979 3721 τὴν
1005 3649 1093 3703 διά
1135 3650 1336 3722 σαρκὸς
1376 3651 1602 3723 ταύτην,
1633 3651 1728 3705 καὶ
1765 3653 1844 3716 είς

254 3743 347 3813 τὴν
380 3741 489 3809 ἔξω
521 3740 618 3795 τοῦ
649 3740 900 3812 σώματος
934 3741 1071 3812 μετὰ
1100 3741 1324 3814 ταύτην,
1355 3743 1416 3798 ού
1455 3747 1597 3798 κατά
1625 3743 1686 3797 τὺ
1722 3739 1844 3797 ἴσον

257 3833 449 3903 μέτρον
485 3831 579 3886 τοῦ
626 3832 1014 3904 διαστήματος,
1063 3833 1198 3888 ἀλλά
1223 3833 1324 3907 τὴν
1370 3835 1468 3907 μὲν
1518 3833 1843 3907 βραχυτάτῳ

252 3926 354 3978 τινὶ
380 3923 463 3996 τῷ
492 3924 729 3996 χρονικῷ
761 3925 1109 3996 περιγράψας
1140 3926 1251 3998 ὅρῳ
1270 3942 1283 3956 ⁸
1323 3926 1421 3998 τὴν
1468 3926 1527 3980 δὲ
1575 3927 1845 3998 παρατεί-

253 4033 342 4080 νας
379 4016 460 4087 (5)
503 4018 589 4079 είς
616 4015 680 4069 τὸ
720 4016 914 4081 ἀΐδιον,
946 4016 1195 4082 ἐξουσίαν
1243 4016 1441 4071 ἔδωκεν
1494 4017 1600 4071 ὑπὸ
1652 4019 1842 4088 φιλαν-

253 4107 519 4179 θρωπίας,
551 4110 613 4162 ὲν
658 4101 704 4177 ᾧ
730 4125 815 4173 τις
859 4108 1127 4180 βούλεται,
1158 4108 1365 4163 τούτων
1394 4109 1654 4182 ἑκάτερον
1698 4109 1845 4181 ἔχειν

254 4201 333 4273 (τό
351 4219 410 4255 τε
433 4200 645 4270 ἀγαθὸν
666 4200 809 4270 λέγω
837 4202 932 4255 καὶ
956 4202 1019 4256 τὸ
1045 4202 1261 4272 κακὸν),
1292 4201 1327 4272 ἢ
1344 4201 1488 4254 κατά
1507 4201 1598 4256 τὸν
1630 4200 1837 4273 βραχὺν

250 4291 434 4345 τοῦτον
462 4292 562 4345 καὶ
594 4290 882 4362 ὠκύμορον
908 4288 1043 4362 βίον,
1067 4291 1101 4361 ἢ
1136 4291 1277 4344 κατὰ
1300 4291 1429 4353 τοὺς
1448 4290 1838 4360 ἀτελευτήτους

251 4385 492 4448 ἐκείνους
533 4383 757 4450 αἰῶνας,
791 4378 868 4438 ὧν
910 4384 1085 4455 πέρας
1113 4385 1148 4456 ἡ
1189 4384 1411 4457 ἀπειρία
1443 4382 1608 4437 ἐστίν.
1658 4382 1837 4452 Ὁμω-

250 4473 433 4544 νύμως
467 4474 528 4527 δὲ
570 4473 871 4545 λεγομένου·
901 4472 997 4527 τοῦ
1030 4492 1091 4529 τε
1114 4472 1323 4543 ἀγαθοῦ
1358 4474 1453 4528 καὶ
1498 4471 1593 4527 τοῦ
1641 4472 1837 4539 κακοῦ,

250 4564 339 4617 καὶ
366 4563 632 4633 ἑκατέρω
663 4562 867 4618 τούτων
894 4564 971 4634 (ὁ)
1008 4563 1144 4636 πρὸς
1187 4564 1381 4637 διπλῆν
1425 4564 1633 4619 ἔννοιαν
1678 4581 1837 4636 μερι-

249 4653 478 4726 ζομένου
514 4654 674 4725 (πρὸς
714 4652 847 4708 νοῦν
868 4672 928 4708 τε
972 4655 1115 4724 λέγω
1152 4656 1248 4709 καὶ
1275 4656 1573 4727 αίσθησιν),
1606 4656 1701 4709 καὶ
1729 4655 1837 4709 τῶν

1946 3474 2058 3517 non
2111 3461 2320 3534 absque
2362 3463 2703 3519 correctione
2762 3473 2819 3520 et
2870 3466 3256 3523 emendatione
3297 3475 3533 3525 temera-

1943 3556 2089 3612 rium
2129 3563 2186 3611 et
2240 3557 2498 3612 stolidum
2536 3557 2671 3612 illud
2714 3559 3010 3613 consilium
3060 3567 3311 3615 nostrum
3346 3562 3530 3617 divina

1945 3650 2292 3720 providentia
2337 3650 2582 3720 reliquit.
2644 3648 2752 3704 Sed
2792 3650 3054 3721 quoniam
3091 3661 3530 3724 transgressores

1945 3742 2080 3812 legis
2109 3754 2270 3812 poena
2311 3743 2528 3804 mortis,
2576 3758 2698 3814 qua:
2730 3742 2834 3813 legi
2862 3742 3075 3813 judicio
3107 3744 3301 3803 latoris
3332 3755 3387 3802 et
3428 3762 3527 3803 au-

1944 3833 2114 3890 ctoris
2141 3833 2262 3905 ejus
2295 3835 2543 3905 apposita
2569 3842 2711 3903 erat,
2745 3835 3062 3892 necessario
3094 3847 3391 3893 consecuta
3422 3848 3527 3904 est,

1943 3933 2305 3998 posteaquam
2347 3927 2513 3981 vitam
2554 3927 2853 3981 humanam
2886 3926 3143 3982 bifariam
3168 3929 3406 4000 partitus
3438 3945 3531 3986 es-~

1948 4024 2057 4080 set,
2093 4028 2148 4073 et
2179 4018 2234 4071 in
2269 4016 2414 4072 hanc
2460 4033 2583 4089 qua:
2612 4033 2711 4089 per
2744 4033 2965 4075 carnem
3000 4021 3341 4092 transigitur,
3388 4032 3445 4079 et
3473 4022 3529 4078 in

1942 4107 2095 4162 illam
2143 4122 2267 4179 quae
2311 4116 2437 4179 post
2488 4109 2632 4165 hanc
2686 4116 2844 4165 extra
2883 4124 3090 4182 corpus
3121 4114 3359 4185 degitur,
3417 4130 3528 4169 non

1940 4198 2059 4269 pari
2089 4199 2363 4254 intervalli
2397 4198 2563 4255 modo
2593 4207 2760 4271 atque
2785 4216 3065 4270 mensura,
3094 4204 3193 4260 sed
3223 4203 3370 4259 illam
3401 4207 3528 4276 qui—

1943 4287 2065 4342 dem
2097 4288 2427 4344 brevissimo
2458 4289 2697 4360 quodam
2731 4293 2970 4348 termino
3007 4294 3272 4365 temporis
3324 4304 3378 4351 ct
3410 4310 3530 4368 spa-

1944 4377 2019 4434 tio
2044 4378 2518 4453 circumscripsit;
2550 4382 2695 4439 hanc
2715 4399 2845 4440 vero
2872 4384 2937 4439 ad
2966 4386 3328 4444 aeternitatem
3354 4405 3528 4461 usque

1941 4472 2189 4528 extendit
2223 4480 2392 4544 atque
2417 4473 2696 4545 produxit,
2726 4489 2792 4531 ac
2818 4475 3058 4547 benigno
3089 4486 3255 4549 atque
3285 4480 3527 4535 humano

1942 4565 2177 4621 consilio
2232 4580 2386 4632 usus,
2420 4574 2746 4639 potestatem
2791 4567 2964 4633 dedit,
3018 4576 3079 4625 ut
3128 4571 3183 4625 in
3236 4578 3360 4625 utra
3400 4571 3525 4641 quis

1940 4656 2055 4712 vita
2095 4656 2250 4721 velit,
2309 4657 2506 4713 horum
2563 4659 2895 4715 alterutrum
2938 4659 3136 4716 habeat
3165 4661 3390 4730 (bonum
3441 4661 3527 4716 ln-

252 4746 346 4817 μὲν
371 4744 538 4800 τοῦτο
566 4747 626 4799 ὲν
654 4745 859 4816 ἀγαθοῦ
911 4747 1074 4820 μοίρᾳ
1106 4749 1398 4820 κρινόντων
1439 4749 1577 4820 ὅπερ
1623 4748 1690 4803 ἂν
1731 4748 1835 4820 ἡδὺ

1947 4760 2103 4819 quam
2138 4754 2191 4803 et
2223 4747 2474 4820 malum),
2504 4750 2588 4804 vel
2621 4765 2719 4820 per
2738 4750 2955 4806 brevem
2979 4751 3118 4806 hanc
3144 4749 3454 4821 ﬂuxamque
3475 4760 3529 4808 et

250 4841 309 4909 τῇ
338 4837 593 4909 αἰσθήσει
771 4854 788 4871 ο
818 4837 927 4892 τῶν
951 4839 1006 4891 δὲ
1039 4838 1197 4910 μόνον
1218 4837 1278 4894 τὸ
1314 4838 1459 4894 κατά
1486 4840 1725 4895 διάνοιαν
1754 4840 1837 4912 (5)

250 4927 621 5000 θεωρούμενον
664 4930 1109 4985 πεπιστευκότων
1153 4930 1359 5002 ἀγαθὸν
1406 4927 1543 4986 εἶναι
1577 4933 1672 4987 καὶ
1712 4935 1832 4987 ὀνο·-

252 5018 539 5089 μάζεσθαι.
568 5014 666 5085 Οἷς
697 5021 796 5093 μὲν
819 5021 1169 5092 ἀγύμναστός
1196 5025 1343 5077 ἐστιν
1366 5025 1395 5078 ὁ
1430 5022 1708 5097 λογισμὸς,
1741 5024 1833 5080 καὶ

340 5217 429 5302 ﬁt)
460 5218 660 5302 ᾘμή-
691 5219 735 5272 Α
759 5220 808 5302 ξι
831 5221 951 5302 et;

337 5288 428 5360 90)
460 5288 728 5360 Λέγεται.
752 5289 796 5343 Δ
819 5288 979 5360 ρἀιῑι
1006 5290 1173 5348 ἐστίν.

314 5358 430 5434 (οε)
467 5358 631 5418 Κάτά
658 5358 891 5434 ψυχήν.
922 5359 965 5414 Β
994 5359 1262 5434 κατὰ-τὴν
1288 5360 1349 5433 ψ.

450 5419 789 5503 Hpoem'rbr';
808 5419 855 5484 Ᾰ
891 5419 1227 5503 προσειπώνξ

463 5499 868 5594 ξιτ-Ἐργίας
1047 5501 1149 5572 τὴν
1172 5501 1540 5577 λειτουργίαν.

312 5570 429 5641 (at)
465 5573 565 5638 Ὧς
586 5570 733 5628 ἀπ’(
753 5573 799 5625 Α
827 5570 873 5641 ᾧ
894 5572 1011 5626 ἀπ’.
1103 5570 1114 5572 '

312 5642 427 5731 ea
457 5643 726 5731 Wa}:-
755 5644 952 5731 θέτω
983 5642 1134 5699 add"
1162 5643 1221 5698 B-

334 5711 424 5796 εδ)
459 5711 580 5796 ἒέάο
612 5714 653 5767 Α
690 5711 1005 5796 suam
1106 5782 1158 5796 .-

310 5781 424 5857 (97)
454 5781 807 5865 Μοζοειδές.
841 5785 882 5838 Δ
912 5781 1183 5855 μονοειδῆ.

408 5292 430 5639 ἒ

1940 4840 2205 4897 caducam
2252 4841 2444 4907 vitam,
2494 4842 2576 4898 vel
2633 4858 2733 4914 per
2771 4843 2864 4899 illa
2914 4844 3246 4914 sempiterna
3300 4844 3524 4909 sa-cula,

1940 4947 2174 5005 quorum
2214 4933 2485 4991 terminus
2534 4942 2619 4991 est
2652 4935 2923 4991 inﬁnitus.
2959 4935 3097 4990 Cum
3132 4943 3314 4991 autem
3351 4936 3525 5006 aequi-

1942 5040 2075 5083 voce
2129 5023 2349 5082 dicatur
2386 5032 2443 5082 et
2474 5024 2678 5084 bonum
2732 5036 2788 5086 et
2841 5027 3074 5095 malum,
3127 5033 3293 5100 atque
3328 5028 3524 5084 horu‘m

2033 5223 2122 5296 98)
2163 5224 2235 5279 Ἦ
2247 5222 2453 5296 “Br--3
2482 5224 2683 5296 τὸκατ’
2708 5224 2884 5296 ᾁρχάς
2909 5227 2942 5296 ἡ
2964 5225 3098 5296 τῶνι

2031 5293 2121 5366 99)
2137 5293 2475 5366 ΔΜονοιιιὸὲς
2499 5293 2592 5366 δέ.
2617 5294 2675 5366 _A
2692 5293 2761 5366 ‘B'
2775 5293 3023 5366 μονοειδῆ
3060 5295 3141 5353 δέ.

2034 5363 2486 5436 1)’”ορωμένῃν.
2529 5364 2576 5419 A
2614 5364 2671 5436 ιξ
2685 5363 3088 5436 θεωρουμένην.

2028 5435 2084 5507 2)
2107 5432 2520 5507 Μάρτύρεῖται.
2562 5438 2611 5507 A_
2639 5432 3072 5507 Βμαρτύρεται.

2031 5500 2514 5582 5)]1ἁραὲεἰνᾳς.
2585 5504 2630 5559 Δ
2687 5500 2745 5561 iit
2792 5500 2951 5562 textu
2997 5500 3406 5582 παραγράψας,
3461 5508 3518 5564 in

1936 5574 2182 5701 margine
2210 5574 2568 5648 παρατείνας.

2008 5646 2064 5701 (4
2126 5646 2376 5701 Τούτων.
2409 5644 2451 5698 Β
2483 5644 2672 5700 τούτου

2031 5712 2087 5788 5)
2124 5714 2421 5773 Διάνοιαν.
2452 5715 2495 5772 Α
2526 5717 2698 5787 addit,
2724 5718 2863 5793 ὅπερ
2884 5718 2951 5774 ἂν
2974 5712 3042 5791 ἧν
3064 5717 3457 5791 θεωρούμενον.
