3950 6132
449 347 517 404 85
1054 409 1059 413 ,
1557 368 1562 370 '
1642 350 1698 406 S.
1741 349 2065 406 GREGORIl
2104 349 2396 407 NYSSEM
3611 357 3674 410 84

448 469 741 531 utrumque
771 459 826 515 in
875 461 1144 532 duplicem
1185 459 1522 516 intellectum
1565 461 1842 517 dividatur
1875 463 2008 532 (tum

2124 465 2204 518 :06
2237 465 2498 535 βελτίονος
2519 462 2935 524 ἀνεπίσκεπτος,
2961 453 3110 515 οὗτοι
3134 460 3238 516 ὑπὸ
3257 464 3580 537 λαιμαργίαν
3599 474 3668 537 (t5)

448 553 505 605 in
544 559 805 617 mentem,
856 551 1100 621 inquam,
1151 557 1265 604 tum
1316 551 1371 605 in
1417 552 1684 622 sensum),
1716 560 1878 623 atque
1926 553 2017 606 alii

2124 560 2175 610 ἐν
2205 558 2281 626 τῷ
2305 557 2542 629 σαρκίνῳ
2577 556 2676 627 βίῳ
2707 556 2806 626 τὴν
2837 556 3284 627 χρεωστουμὲνην
3306 559 3372 628 τῇ
3407 557 3558 626 φύσει
3584 562 3674 614 τοῦ

446 642 689 712 quidem,
739 643 884 712 quod
938 642 1125 699 sensui
1179 656 1348 698 suave
1402 651 1456 698 et
1501 643 1802 712 jucundum
1840 645 2014 699 visum

2124 647 2320 715 ἀγαθοῦ
2382 651 2572 719 μοῖραν
2635 649 3152 720 προαναλίσκουσιν,
3203 643 3351 702 οὐδὲν
3408 648 3484 719 τῷ
3546 651 3673 719 μετὰ

448 731 638 797 fuerit,
667 732 718 788 id
770 733 891 788 loco
930 733 1058 788 boni
1109 733 1389 788 habeant:
1426 733 1516 788 alii
1546 750 1691 800 vero,
1739 735 1792 788 id
1837 735 2014 790 solum

2124 738 2285 794 ταῦτα
2313 740 2411 811 βίῳ
2453 741 2865 812 ταμιευόμενοι·
2903 745 2950 795 οί
3001 740 3057 793 δέ
3088 740 3330 811 λογισμῷ
3368 739 3675 811 διακριτικῷ

447 824 650 878 bonum
690 832 743 880 et
777 840 900 881 esse
945 833 998 881 et
1029 825 1300 880 nominari
1338 825 1584 891 credant,
1616 828 1762 896 quod
1804 827 2014 896 cogita-

2124 847 2173 882 τε
2201 829 2297 883 κα)⁸
2343 829 2578 901 σώφρονι
2605 830 2701 898 τὴν
2737 830 2942 884 ἑαυτῶν
2989 828 3396 898 οἰκονομοῦντες
3430 827 3587 898 ζωὴν,
3621 829 3675 882 ἐν

447 914 596 969 tione
631 929 695 969 ac
727 916 928 970 mentis
970 915 1265 986 agitatione
1315 915 1768 972 animadvertitur
1801 927 1855 971 et
1884 931 2017 971 con-

2124 919 2196 990 τῷ
2220 919 2411 991 βραχεῖ
2440 921 2610 992 τούτῳ
2641 920 2758 991 βίῳ,
2790 919 2875 974 διὰ
2914 921 3018 974 τῶν
3049 921 3148 989 τὴν
3179 918 3426 989 αἴσθησιν
3458 917 3676 971 λυπούν-

385 1063 388 1066 ,
447 1004 743 1073 sideratur,
794 1008 996 1076 quibus
1038 1008 1258 1079 quidem
1320 1008 1677 1064 inexercitata
1725 1009 1865 1062 ratio
1908 1017 2011 1072 est,

2124 1028 2227 1064 των
2249 1011 2573 1076 ὰνιαθέντες,
2600 1011 2677 1082 τῷ
2699 1011 2893 1081 ἐφεξῆς
2920 1012 3072 1066 αἰῶνι
3095 1011 3154 1062 τὸ
3186 1009 3384 1078 ἀγαθὸν
3411 1009 3676 1079 ταμιεύονο

447 1103 506 1149 ut
534 1097 662 1166 quid
695 1098 891 1154 melius
921 1099 994 1154 sit
1021 1099 1372 1155 considerare
1399 1115 1507 1153 non
1541 1100 1776 1170 possint,
1813 1099 1891 1162 hi,
1922 1115 2015 1168 per

2124 1115 2230 1163 ται,
2277 1099 2416 1152 ὥστε
2465 1101 2648 1164 αὐτοῖς
2692 1104 2756 1173 τῇ
2801 1101 2954 1170 ἀϊδίῳ
2992 1100 3103 1170 ζωῇ
3139 1100 3236 1170 τὴν
3271 1099 3502 1169 κρείττω
3533 1098 3676 1168 λῆξιν

446 1188 743 1259 ingluviem
775 1198 828 1244 et
863 1191 1365 1261 intemperantiam,
1403 1191 1458 1245 in
1491 1190 1699 1244 carnali
1741 1191 1850 1244 vita
1893 1203 2012 1243 eam

2124 1206 2183 1242 συ
2192 1192 2522 1262 μπαρατείνε
2531 1192 2672 1246 σθαι.

447 1293 568 1348 quae
659 1289 870 1335 natura;
919 1281 1154 1335 debetur
1211 1280 1342 1335 boni
1397 1287 1600 1335 sortem
1660 1286 1787 1334 ante
1837 1285 2054 1347 tempus
2127 1287 2459 1334 consumunt
2500 1291 2663 1350 atque
2715 1278 3074 1350 profundunt,
3129 1279 3263 1334 nihil
3314 1278 3371 1332 in
3411 1292 3527 1332 cam
3566 1293 3679 1346 qua)

450 1369 678 1439 posthac
746 1369 931 1426 futura
979 1381 1064 1427 est
1147 1371 1312 1426 vitam
1392 1379 1739 1427 reservantes
1815 1377 1868 1424 et
1913 1378 2353 1440 comparcentes;
2411 1371 2503 1425 alii
2561 1386 2691 1427 vero
2744 1373 2957 1428 ratione
3017 1385 3150 1427 sana
3207 1385 3270 1426 ac
3313 1370 3680 1440 dijudicatrice

448 1476 604 1517 suam
635 1463 797 1517 vitam
837 1464 1224 1534 gubernantes,
1267 1465 1323 1519 in
1361 1465 1462 1519 hac
1493 1464 1640 1519 brevi
1689 1463 1799 1517 vita
1862 1477 1960 1532 per
1983 1478 2045 1517 ea
2084 1477 2204 1533 qua:
2249 1479 2466 1518 sensum
2520 1465 2725 1520 laedunt
2791 1467 3100 1521 contristati
3151 1474 3316 1537 atque
3360 1465 3559 1526 vexati,
3626 1463 3678 1516 in

450 1555 693 1610 futurum
744 1557 1005 1612 saeculum
1055 1557 1256 1612 bonum
1305 1565 1665 1626 comparcunt
1723 1564 1889 1627 atque
1936 1559 2261 1624 recondunt,
2305 1567 2362 1612 ut
2392 1557 2494 1612 sibi
2560 1572 2670 1612 una
2721 1572 2844 1613 cum
2910 1558 3246 1629 sempiterna
3312 1557 3422 1612 vita
3498 1554 3680 1610 melior

448 1663 568 1704 sors
595 1648 918 1703 extendatur
948 1657 1109 1718 atquc
1141 1656 1486 1718 prorogetur.

2046 1751 2090 1805 B

515 1809 614 1864 Hic
653 1808 841 1880 igitur,
892 1818 950 1863 ut
999 1824 1118 1864 mea
1174 1808 1392 1878 quidem
1443 1807 1630 1877 Opinio
1657 1805 1781 1873 fert,
1838 1805 2018 1860 hiatus

447 1899 537 1954 illc
561 1907 666 1964 est,
696 1900 786 1970 qui
814 1916 922 1954 non
954 1907 1100 1956 terra
1140 1899 1454 1954 discedente
1485 1907 1646 1968 atque
1688 1897 1906 1952 diducta
1935 1897 2016 1962 ﬁt,

447 1991 543 2048 sed
575 2006 737 2062 quem
769 1989 1040 2060 judicium
1091 2005 1189 2060 per
1233 1990 1374 2044 hanc
1427 1991 1595 2043 vitam
1649 1988 1705 2042 in
1746 1989 2020 2042 contraria

447 2081 629 2139 studia
681 2088 849 2152 atque
899 2082 1153 2136 instituta
1207 2080 1443 2136 divisqu
1513 2087 1678 2150 atque
1736 2080 2018 2135 diductum

447 2172 598 2228 facit.
630 2173 764 2228 Nam
793 2174 885 2244 qui
916 2174 1082 2229 semel
1108 2172 1374 2243 quidquid
1408 2173 1460 2226 in
1493 2171 1593 2226 hac
1620 2171 1732 2225 vita
1761 2185 1929 2226 suave
1955 2184 2020 2226 ac

444 2264 747 2333 jucundum
781 2272 866 2319 est
891 2265 1137 2334 elegerit,
1174 2278 1272 2317 nec
1306 2261 1631 2332 paenitentia
1657 2261 1858 2316 ductus
1901 2268 2020 2316 sto-

448 2353 620 2409 lidum
675 2369 741 2408 ac
792 2353 1144 2408 temerarium
1212 2366 1371 2408 suum
1441 2352 1730 2407 consilium
1795 2352 2021 2421 corrigit

448 2455 612 2516 atque
648 2445 924 2508 emendat,
970 2445 1314 2500 inaccessum
1353 2453 1407 2500 et
1444 2445 1648 2498 invium
1697 2443 1802 2497 sibi
1838 2443 2018 2498 locum

447 2537 715 2591 bonorum
758 2535 987 2604 posthac
1036 2534 1219 2599 elIicit,
1272 2549 1394 2588 cum
1439 2535 1584 2588 hanc
1625 2532 2014 2596 inevitabilem,

447 2640 570 2695 quae
609 2626 834 2679 transiri
880 2641 990 2681 non
1045 2625 1240 2695 possit,
1292 2625 1700 2688 necessitatem,
1756 2631 2016 2693 tanquam

448 2713 771 2768 barathrum
800 2714 1073 2784 quoddam
1114 2725 1328 2770 vastum
1357 2722 1410 2770 et
1441 2712 1672 2776 invium,
1707 2726 1814 2781 qua
1843 2721 2021 2766 trans-

449 2805 518 2859 iri
569 2819 677 2859 non
729 2805 926 2874 possit,
982 2804 1249 2859 adversus
1297 2801 1785 2872 sese-perfoderit.
1816 2800 2019 2867 Quam-

447 2897 636 2951 obrem
685 2896 884 2950 bonum
926 2909 1144 2965 quoque
1195 2893 1390 2948 animae
1423 2901 1648 2957 statum,
1701 2893 1755 2947 in
1783 2908 1890 2963 quo
1918 2907 2018 2961 pa-

451 2987 653 3044 tientiae
703 2987 960 3041 athletam
1017 3001 1198 3043 sermo
1247 2987 1587 3056 requiescere
1637 2985 1789 3050 facit,
1837 2986 2015 3041 sinum

449 3078 680 3133 Abrahae
721 3079 1036 3133 nominasse
1066 3079 1199 3132 mihi
1231 3078 1460 3132 videtur.
1492 3076 1710 3130 Primus
1744 3077 1886 3130 enim
1930 3077 2017 3129 hic
2047 3085 2089 3143 (ζ

448 3168 761 3237 patriarcha
800 3184 866 3224 ex
911 3169 978 3223 iis
1009 3170 1101 3238 qui
1129 3169 1258 3223 olim
1305 3166 1546 3232 fuerunt,
1586 3180 1710 3219 cum
1748 3181 1842 3234 spe
1877 3164 2018 3218 futu-

449 3274 658 3325 rorum,
688 3260 1039 3330 praesentium
1075 3258 1486 3314 commodorum
1529 3271 1689 3312 usum
1732 3267 1894 3323 atque
1920 3271 2015 3310 vo-

450 3351 712 3421 luptatem
744 3361 1113 3406 commutasse
1140 3357 1494 3412 memoratur,
1521 3349 1617 3419 qui
1641 3348 1860 3417 quidem
1894 3361 2013 3400 om-

450 3441 615 3498 nibus
645 3442 904 3505 nudatus.
936 3442 989 3496 in
1013 3441 1215 3512 quibus
1246 3441 1296 3495 ei
1325 3441 1434 3495 vita
1465 3439 1533 3494 ab
1561 3439 1718 3494 initio
1747 3437 2018 3493 consiste-

449 3532 566 3599 bat,
623 3533 766 3588 inter
818 3533 1025 3588 alienos
1073 3530 1528 3594 conversabatur,
1584 3539 1639 3585 et
1679 3528 2017 3584 domicilium

448 3624 705 3689 habebat,
743 3639 842 3694 per
887 3623 1211 3678 aﬂlictiones
1253 3629 1307 3678 et
1354 3620 1697 3676 incommoda
1730 3619 2018 3690 praesentis

449 3713 594 3779 vitae,
617 3728 737 3768 eam
769 3728 890 3782 quae
919 3720 1170 3781 speratur
1211 3712 1604 3766 beatitudinem
1648 3725 1918 3780 quarens.
1953 3708 2020 3764 Ut

452 3802 620 3872 igitur
651 3809 854 3856 certam
907 3803 1145 3871 aliquam
1188 3801 1363 3870 pelagi
1415 3809 1626 3871 partem
1671 3802 2019 3855 circumscri-

449 3899 623 3961 ptam.
647 3907 744 3960 per
794 3891 1028 3945 abusum
1062 3889 1376 3960 quemdam,
1417 3891 1598 3945 sinum
1646 3890 2016 3954 nominamus,

450 3985 526 4040 ita
560 3982 693 4036 mihi
726 3997 906 4038 sermo
940 3983 1160 4037 nomine
1191 3981 1345 4037 sinus
1374 3983 1766 4038 immensorum
1799 3981 2020 4036 illorum

448 4081 765 4130 nostrorum
820 4075 1086 4129 bonorum
1142 4075 1664 4132 demonstrationem
1711 4075 2020 4147 signiﬁcare

449 4167 666 4225 videtur
694 4187 708 4222 :
737 4169 792 4223 in
837 4183 944 4238 quo
975 4169 1099 4224 sinu
1144 4168 1288 4224 bono
1319 4183 1532 4233 omnes,
1577 4169 1671 4237 qui
1705 4184 1802 4239 per
1832 4169 2021 4230 virtu-

449 4268 561 4314 tem
605 4258 893 4328 praasentis
931 4258 1055 4312 vitae
1095 4273 1318 4312 cursum
1365 4258 1686 4322 conﬁciunt,
1721 4273 1843 4312 cum
1891 4258 2021 4312 hinc

451 4350 735 4414 solverint,
763 4358 1026 4419 tanquam
1067 4349 1123 4404 in
1163 4359 1323 4418 portu
1352 4363 1461 4403 non
1488 4349 1727 4404 obnoxio
1755 4348 2018 4403 ﬂuctuum

2189 1807 2358 1863 Τοῦτο
2404 1804 2494 1864 06v
2543 1810 2708 1873 ἐστιν,
2743 1810 2819 1874 ῶς
2855 1827 2918 1878 γε
2957 1811 2984 1864 ὁ
3016 1809 3146 1881 ἐμὸς
3176 1811 3359 1878 λόγος,
3389 1809 3449 1863 τὸ
3477 1809 3678 1880 χάσμα,

2118 1903 2146 1956 ὃ
2178 1903 2296 1972 οὐχὶ
2329 1902 2428 1970 γῆς
2458 1900 2784 1972 διασχούσης
2817 1902 3044 1968 γίνεται,
3077 1901 3191 1956 ἀλλ’
3223 1903 3255 1970 ἡ
3294 1902 3368 1972 (7)
3403 1900 3550 1972 παρὰ
3595 1900 3679 1954 τὸν

2121 1991 2232 2061 βίον
2264 1991 2444 2060 κρίσις
2488 1989 2624 2061 πρὸς
2672 1991 2770 2053 τὰς
2817 1991 3062 2054 ἐναντίας
3113 1991 3456 2062 προαιρέσεις
3487 1989 3682 2059 διασχι-

2119 2079 2307 2133 σθεῖσα
2350 2080 2511 2134 ποιεῖ.
2573 2078 2630 2133 '0
2683 2080 2791 2150 γὰρ
2832 2079 2980 2144 ἅπαξ
3023 2079 3083 2133 τὸ
3132 2081 3230 2152 ἡδὺ
3269 2081 3410 2135 κατὰ
3451 2082 3537 2135 τὸν
3575 2080 3681 2150 βίον

2116 2169 2302 2222 τοῦτον
2331 2169 2616 2239 ἑλκόμενος
2649 2169 2748 2241 (8),
2788 2171 2882 2224 καὶ
2911 2170 2985 2241 μὴ
3016 2170 3360 2243 θεραπεύσας
3388 2174 3463 2244 (9)
3495 2177 3557 2229 ἐκ
3589 2193 3682 2246 με-

2118 2259 2406 2326 ταμελείας
2452 2260 2550 2330 τὴν
2580 2259 2856 2325 ἀϐουλίαν,
2904 2261 3104 2316 ἄϐατον
3141 2263 3320 2334 ἐαυτῷ
3353 2264 3490 2335 μετὰ
3519 2265 3682 2319 ταῦτα

2116 2347 2214 2418 τὴν
2238 2347 2346 2400 τῶν
2379 2348 2594 2416 ἀγαθῶν
2623 2349 2804 2421 χώραν
2844 2349 2957 2420 (10)
2997 2351 3310 2423 ἐργάζεται,
3342 2357 3441 2428 τὴν
3469 2356 3685 2410 ἀδιάϐα-

2115 2459 2208 2496 τον
2242 2441 2443 2512 ταύτην
2475 2443 2739 2514 ἀνάγκην,
2786 2444 3034 2516 καθάπερ
3085 2463 3138 2498 τι
3189 2447 3462 2520 βάραθρον
3497 2448 3686 2519 ἀχανές

2117 2550 2177 2586 τε
2213 2533 2306 2586 καὶ
2346 2535 2708 2605 ἁπαρόδευτον
2754 2536 2876 2588 καθ’
2915 2536 3107 2590 ἐαυτοῦ
3152 2537 3426 2609 διορύξας.
3468 2539 3557 2592 Διό
3602 2556 3686 2608 μοι

2117 2625 2264 2679 δοκεῖ
2311 2627 2401 2679 καὶ
2442 2627 2541 2696 τὴν
2570 2626 2781 2698 ἀγαθὴν
2812 2629 2909 2698 τῆς
2938 2627 3115 2699 ψυχῆς
3157 2631 3511 2694 κατάστασιν,
3551 2633 3606 2684 ἐν

2116 2717 2206 2770 τὸν
2238 2717 2337 2785 τῆς
2371 2717 2645 2786 ὑπομονῆς
2674 2717 2908 2788 ἀθλητὴν
2932 2719 3198 2773 ἀναπαύει
3229 2723 3256 2774 ὁ
3286 2721 3463 2790 λόγος,
3496 2722 3686 2776 κόλπον

2116 2808 2209 2861 τοῦ
2265 2807 2514 2879 Ἀϐραὰμ
2550 2808 2831 2877 ὀνομάσαι.
2886 2809 3107 2879 Πρῶτος
3157 2811 3262 2882 γάρ
3309 2808 3463 2876 οὗτος
3509 2815 3537 2866 ό
3583 2829 3686 2864 πα-

2116 2895 2379 2966 τριάρχης
2449 2897 2555 2949 τῶν
2611 2896 2827 2950 πώποτε
2894 2900 3192 2966 γεγονότων
3253 2902 3533 2973 ἱστόρηται
3591 2901 3686 2969 τὴν

2122 2987 2312 3040 ἐλπίδα
2352 2988 2459 3038 τῶν
2505 2986 2801 3056 μελλόντων
2829 2989 2928 3059 τῆς
2952 2990 3304 3054 ἀπολαύσεως
3343 2994 3450 3045 τῶν
3490 2992 3686 3062 παρόν-

2120 3095 2227 3132 των
2275 3079 2757 3148 άνταλλαξάμενος,
2798 3080 2854 3142 ὅς
2885 3098 2945 3148 γε
2997 3083 3214 3136 πάντων
3252 3084 3577 3154 γυμνωθεὶς,
3633 3086 3686 3137 ἐν

2122 3164 2201 3230 οἷς
2225 3164 2292 3238 ἦν
2322 3169 2469 3238 αὐτῷ
2499 3168 2775 3240 καταρχὰς
2805 3171 2837 3240 ἡ
2864 3169 2996 3241 ζωὴ,
3033 3172 3089 3222 ἐν
3121 3171 3419 3239 ἀλλοτρίοις
3452 3169 3563 3242 εἶχε
3593 3171 3686 3240 τὴν

2121 3259 2348 3322 δίαιταν,
2387 3258 2473 3311 διὰ
2518 3261 2616 3329 τῆς
2649 3259 2929 3329 παρούσης
2973 3260 3358 3326 κακοπαθείας,
3406 3262 3504 3330 τὴν
3541 3262 3686 3313 ἐλπι-

2124 3349 2354 3420 ζομένην
2403 3340 2695 3423 εύκλτξρίαν
2731 3354 3183 3422 ἐμπορευόμενος.
3221 3353 3432 3423 Ὥσπερ
3465 3350 3557 3406 οὖν
3595 3353 3687 3422 τὴν

2124 3438 2282 3493 ποιὰν
2324 3439 2417 3492 τοῦ
2470 3441 2736 3509 πελάγους
2783 3441 3130 3511 περιγραφὴν
3181 3442 3245 3494 ἐκ
3305 3442 3687 3513 καταχρήσεώς

2123 3549 2265 3594 τινος
2299 3532 2634 3603 ὀνομάζομεν
2669 3533 2884 3594 κόλπον,
2919 3533 3060 3586 οὕτω
3095 3533 3205 3603 (11)
3239 3533 3386 3586 δοκεῖ
3422 3537 3530 3588 τῶν
3563 3536 3692 3604 άμε-

2123 3621 2338 3692 τρήτων
2369 3622 2589 3676 ἐκείνων
2616 3623 2834 3691 ἀγαθῶν
2874 3623 2971 3694 τὴν
3001 3623 3222 3690 ἔνδειξιν
3247 3627 3276 3678 ὁ
3307 3624 3463 3693 λόγος
3494 3626 3572 3695 τῷ
3601 3623 3690 3678 τοῦ

2125 3711 2324 3765 κόλπου
2357 3712 2725 3783 διασημαίνειν
2753 3713 2996 3783 ὀνόματι,
3029 3709 3073 3782 ᾧ
3105 3715 3303 3778 πάντες
3327 3719 3376 3769 οἱ
3403 3716 3468 3769 δι’
3495 3716 3694 3785 ἀρετῆς

2123 3803 2212 3856 τὸν
2245 3803 2486 3872 παρόντα
2526 3802 2865 3866 διαπλέοντες
2908 3803 3043 3872 βίον,
3075 3805 3202 3857 ὅταν
3234 3804 3483 3858 ἐντεῦθεν
3528 3805 3693 3859 ἀπαί-

2127 3911 2291 3966 ρωσιν
2351 3893 2499 3964 (12),
2554 3893 2741 3965 ὥσπερ
2807 3897 2863 3948 ἐν
2913 3895 3307 3967 ἀκατακλύστῳ
3381 3895 3560 3967 λιμένι
3620 3896 3696 3965 τῷ

2125 3985 2313 4056 ἀγαθῷ
2346 3986 2531 4057 κόλπῳ
2572 3985 2671 4050 τὰς
2705 3987 2879 4057 ψυχάς
2911 3988 3286 4060 ἐνορμίξονται
3339 3987 3476 4059 (15),
3509 3991 3620 4051 τοῖς
3642 3987 3696 4039 δὲ

2124 4079 2330 4142 λοιποῖς
2363 4079 2396 4150 ὴ
2439 4078 2546 4131 τῶν
2593 4079 2929 4149 φαινομένων
2965 4081 3145 4143 αὐτοῖς
3182 4079 3402 4148 ἀγαθῶν
3448 4080 3694 4150 στέρησις

2127 4169 2256 4236 φλὸξ
2284 4169 2488 4236 γίνεται
2513 4169 2609 4241 τὴν
2631 4169 2807 4242 ψυχὴν
2835 4170 2990 4241 διασμ
3002 4171 3202 4241 ύχουσα
3223 4170 3358 4242 (ﬂ),
3384 4170 3595 4241 ῥανίδος
3619 4186 3698 4220 τι·-

2127 4255 2212 4320 νὸς
2249 4257 2315 4308 ἐκ
2345 4257 2438 4310 τοῦ
2469 4257 2735 4327 πελάγους
2765 4258 2872 4312 τῶν
2897 4261 3024 4322 τοὺς
3058 4259 3234 4322 ὁσίους
3266 4257 3695 4328 περικλυζόντων

2127 4345 2346 4416 ἀγαθῶν
2375 4349 2452 4412 είς
2482 4348 2832 4420 παραμυθίαν
2863 4349 3252 4420 προσδεομένη,
3284 4350 3376 4402 καὶ
3409 4351 3469 4404 ού
3500 4347 3695 4418 τυγχά-

450 4441 730 4514 procellis.
767 4441 980 4496 animas
1007 4443 1266 4511 appulsas
1297 4458 1362 4497 ac
1385 4442 1542 4512 quasi
1569 4440 1871 4496 subductas
1901 4448 2014 4496 sta-

2125 4455 2310 4494 νουσα.
2345 4439 2602 4493 Γλῶσσαν
2633 4439 2688 4492 δὲ
2718 4440 2810 4492 καὶ
2840 4439 3136 4509 ὀφθαλμὸν,
3164 4441 3257 4493 καὶ
3289 4440 3574 4504 δάκτυλον,
3607 4439 3695 4491 καὶ

450 4538 633 4586 tuunt.
666 4530 914 4603 Reliquis
950 4542 1130 4592 autem
1179 4547 1367 4588 eorum
1423 4547 1545 4604 quae
1593 4531 1735 4602 bona
1769 4531 2023 4586 videntur

449 4624 531 4679 eis
585 4624 782 4694 ejectio
818 4623 1164 4694 privatioque
1207 4623 1426 4678 ﬂamma
1476 4623 1711 4676 animam
1755 4637 2022 4692 perurens

451 4714 688 4780 exsistit,
718 4723 923 4786 guttam
968 4715 1204 4785 aliquam
1249 4729 1315 4770 ex
1349 4714 1537 4784 pelago
1572 4714 1862 4778 bonorum,
1897 4713 2022 4784 qui-

451 4806 556 4860 bus
589 4807 766 4861 sancti
799 4806 1026 4861 aﬂluunt
1053 4813 1107 4860 et
1143 4805 1443 4871 abundant,
1475 4803 1542 4858 ad
1588 4803 2022 4860 consolationem

451 4896 794 4964 desiderans,
826 4907 880 4953 et
913 4913 1023 4952 non
1055 4896 1386 4969 adipisceus.
1422 4897 1590 4951 Porro
1617 4912 1740 4950 cum
1782 4896 2021 4965 linguam

452 4997 507 5044 ct
539 4990 761 5045 oculum
789 5000 843 5045 et
884 4989 1139 5061 digitum,
1175 4990 1497 5060 reliquaque
1530 4988 1752 5042 nomina
1795 4987 1863 5040 ad
1899 5002 2023 5042 cor-

453 5095 556 5150 pus
585 5082 915 5153 pertinentia
947 5084 1001 5138 in
1044 5082 1319 5154 colloquio
1347 5081 1792 5150 incorporeorum
1845 5078 2022 5133 anim-

525 5263 602 5333 (6)
641 5266 1031 5334 Λαιμαργίαν.
1061 5265 1105 5318 Δ
1127 5263 1170 5318 Β
1198 5262 1548 5334 λαιμαργίας.

526 5334 603 5402 (7)
644 5334 796 5404 Ἀλλ’
827 5333 887 5399 τ).
920 5336 964 5386 Α
989 5333 1162 5404 ἀλλ’νὸ
1194 5337 1249 5404 ἡ.

527 5404 603 5474 (8)
639 5403 1010 5470 Ἑλκόμενος.
1039 5407 1083 5456 Α
1115 5403 1154 5456 Β
1176 5403 1447 5474 ἐλόμενος.

526 5471 604 5543 (9)
633 5475 1031 5544 Θεραπεύσας.
1072 5475 1115 5525 Α
1143 5474 1196 5526 in
1224 5471 1373 5527 textu
1397 5471 1740 5542 θεραπεύσας
1766 5475 1830 5526 ἐκ
1857 5492 2020 5544 μετα-

454 5543 906 5616 ϐουλίας-ἄὸατον
928 5560 946 5616 ’γ
979 5545 1038 5616 in
1061 5544 1322 5616 margine
1353 5560 1367 5596 :
1403 5544 1495 5596 καὶ
1524 5545 1599 5616 μὴ
1635 5546 1695 5597 ἐκ
1733 5543 2020 5614 μετανοίας
2117 5560 2222 5616 χασ

455 5612 772 5685 θεραπεύων
801 5613 898 5684 τὴν
927 5612 1198 5685 ἀϐουλίαν.

527 5682 638 5756 (10)
675 5682 791 5756 Thr
813 5682 1027 5756 χώραν.
1051 5683 1095 5756 ᾼ
1129 5682 1168 5734 Β
1205 5683 1294 5735 τὸν
1324 5683 1515 5756 χῶρον.

527 5755 637 5828 (11)
666 5752 846 5810 Οὕτω.
875 5754 920 5807 Λ
952 5752 993 5807 Β
1019 5752 1158 5807 οὕτω
1189 5771 1295 5824 μοι.

2127 4531 2194 4584 τὰ
2217 4530 2379 4583 λοιπὰ
2417 4530 2524 4584 τῶν
2565 4529 2886 4600 σωματικῶν
2927 4529 3204 4600 ὀνομάτων
3253 4531 3310 4583 ἐν
3359 4531 3437 4602 τῷ
3463 4530 3693 4599 διαλόγῳ

2128 4623 2236 4676 τῶν
2269 4623 2573 4692 ἀσωμάτων
2643 4621 2855 4691 βλέπων
2896 4661 2910 4686 ,
2953 4623 3045 4675 τὸν
3084 4622 3528 4693 καταστοχασμὸν
3563 4620 3694 4690 (15).

2129 4716 2260 4785 ἡμῖν
2319 4713 2418 4783 ἥδη
2478 4712 2718 4784 νοηθέντι
2765 4714 2892 4784 περὶ
2934 4713 3111 4783 ψυχῆς
3169 4712 3311 4783 λόγῳ
3394 4710 3697 4782 συμφώνως

2130 4804 2273 4874 ἔχειν
2291 4803 2663 4875 ὁμολογήσεις,
2702 4803 3131 4874 ἐπισκεψάμενος
3151 4805 3256 4858 τῶν
3289 4803 3466 4875 ῥητῶν
3487 4803 3630 4874 (164
3644 4802 3694 4867 '7)

2129 4898 2226 4968 τὴν
2267 4897 2520 4950 διάνοιαν.
2561 4898 2770 4967 ’Ὠσπερ
2799 4896 2908 4968 γὰρ
2940 4896 3050 4965 (18)
3089 4897 3208 4950 ὅλου
3245 4896 3337 4949 τοῦ
3382 4893 3692 4964 σώματοςή

2129 4987 2236 5041 τῶν
2286 4987 2560 5058 στοιχείων
2617 4985 2887 5058 συνδρομὴ
2937 4989 3080 5039 ποιεῖ
3122 4985 3218 5056 τὴν
3265 4983 3486 5048 οὐσίαν,
3525 4980 3697 5041 οὕτως

2129 5079 2275 5144 εἰκὸς
2321 5079 2548 5133 καὶτῶν
2594 5080 2648 5132 ἐν
2691 5077 2768 5149 τῷ
2813 5076 3022 5148 σώματι
3068 5077 3246 5148 μερῶν
3280 5079 3344 5130 ἐκ
3373 5077 3472 5145 τῆς
3529 5072 3693 5142 αὐτῆς

2194 5261 2304 5332 (12)
2352 5262 2728 5332 Ἀπαίρωςγιν.
2762 5258 2803 5310 Λ
2898 5259 3202 5332 ᾁπάρωσιν.

2194 5324 2307 5402 (15)
2347 5324 2798 5402 Ἐνορλιίζονται.
2827 5330 2872 5402 ᾼ
2907 5330 2960 5402 iu
2989 5324 3232 5402 margine
3269 5324 3635 5397 ἐνορμίζουσι.

2219 5401 2304 5472 14)
2341 5398 2786 5469 Διασμὺχουσα.
2837 5400 2878 5450 Α
2903 5398 3300 5472 διασμήχουσ-α.

2217 5463 2302 5541 15)
2341 5473 2452 5556 Τιξν
2485 5463 3014 5556 ααξαστοχασμὸν,
3033 5463 3144 5521 ειοᾷ
3170 5468 3212 5519 Α
3239 5464 3278 5517 Β
3302 5463 3379 5536 τῷ
3411 5464 3552 5519 κατὰ
3577 5481 3693 5519 στο-

2197 5539 2325 5594 σιδν
2387 5541 2448 5610 δη
2488 5539 2750 5609 νοηθέντι.

2197 5562 2241 5681 (1
2254 5611 2286 5663 6
2296 5642 2313 5650 -
2326 5542 2406 5676 lg)
2453 5608 2692 5681 ’1³ητῶττ.
2726 5609 2763 5661 Β
2780 5611 2863 5681 ⁸ρῃ
2873 5609 3074 5681 μάτων.

2199 5677 2310 5752 (13)
2347 5682 2572 5748 ’Ὥσπερ
2602 5679 2727 5749 γάρ.
2766 5677 2809 5731 lt
2829 5677 2901 5741 ὡς
2923 5679 3048 5751 γάρ.
