3950 6132
259 334 331 391 85
1195 311 1200 314 ’
1315 335 1402 390 DE
1441 337 1658 394 ΑΝιιιΑ
1708 339 1796 394 ET

1917 340 2429 398 .SURRECTIONE.
3422 344 3522 400 86;

254 449 422 510 αἰτίας
460 445 572 516 (l9)
621 444 1067 516 συμπληροῦσθαι
1109 445 1206 516 τὴν
1240 447 1418 516 φύσιν.
1464 450 1525 503 Εἰ
1553 447 1646 504 οὖν
1683 451 1811 520 πάρ

1924 450 2182 516 advertis,
2220 451 2266 506 si
2301 451 2594 505 verborum
2643 456 2967 505 sententiam
3002 450 3327 519 inspexeris,
3363 466 3487 508 cum

253 553 392 590 εστιν
420 537 455 605 ή
482 535 630 605 ψυχὴ
655 536 769 596 τοῖς
792 537 856 587 ἐκ
887 535 976 588 τοῦ
1016 534 1262 605 σώματος
1291 539 1570 607 στοιχείοις
1597 540 1732 611 πρὸς
1760 541 1820 594 τὸ

251 629 356 682 πᾶν
402 625 778 696 ἀναμιχθεῖσιν
809 625 944 695 (20),
977 626 1037 678 οὐ
1090 628 1246 696 μόνον
1290 628 1352 681 τό
1398 630 1667 702 πλήρωμα
1710 631 1818 684 τῶν

247 721 324 780 εἰς
374 717 495 769 ὅλον
549 715 608 768 τὸ
665 714 944 786 σύγκριμα
994 715 1508 788 συνδεδραμηκότων
1546 719 1817 790 γνωρίσει,

248 808 341 862 καὶ
387 808 446 860 ἐν
476 807 658 868 αὐτοῖς
707 805 892 857 ἔσται’
939 805 1054 857 ἀλλ’
1104 806 1164 858 οὐ
1217 808 1314 877 τὴν
1359 808 1470 879 (21)
1521 793 1820 874 ἰδιάζουσαν

245 898 478 952 ἑκάστου
526 897 634 949 τῶν
671 895 853 967 μερῶν
894 896 1150 949 σύστασιν
1197 898 1471 968 ἀγνοήσει,
1522 899 1610 952 διὰ
1654 902 1822 956 ποίων

245 990 351 1043 τῶν
377 991 438 1042 ἐν
471 991 585 1052 τοῖς
616 987 894 1058 στοιχείοις
927 987 1130 1056 μορίων
1164 988 1495 1060 ἀποτελεσθῇ
1529 990 1640 1062 (22)
1670 990 1738 1044 τὰ
1764 993 1820 1044 ἐν

245 1084 374 1153 ἡμῖν
409 1080 569 1152 μέλη.

1925 543 2180 612 opinione
2221 557 2381 611 quam
2452 542 2563 610 jam
2625 556 2720 612 per
2770 541 3138 611 conjecturam
3192 544 3259 598 de
3312 546 3524 600 anima-

1926 641 2116 688 mente
2136 640 2398 702 concepta
2445 633 2798 702 exposuimus
2836 635 3129 688 convenire
3184 651 3291 688 non
3325 651 3488 706 nega-

1925 726 2030 780 bis.
2072 724 2141 778 Ut
2167 725 2309 780 enim
2343 740 2647 780 concursus
2667 725 3059 780 elementorum
3100 726 3268 780 tutius
3297 740 3489 794 corpo-

1925 817 2004 870 ris
2042 815 2205 872 ellicit
2244 826 2497 871 naturam
2529 835 2541 870 :
2574 818 2646 870 ita
2693 817 2970 887 probabile
3023 825 3124 882 est,
3170 819 3332 871 etiam
3368 832 3490 886 par-

1928 906 2061 959 tium
2107 907 2353 977 corporis
2399 924 2464 962 ex
2495 906 2683 962 eadem
2715 921 2880 962 causa
2918 908 3176 976 compleri
3213 917 3483 961 naturam.

1928 995 1982 1052 Si
2016 999 2179 1068 igitur
2213 999 2394 1054 anima
2433 999 2590 1056 adest
2626 999 2910 1054 elementis
2961 1014 3024 1054 ex
3054 1014 3282 1068 corpore
3311 997 3490 1051 disso-

1923 1088 2039 1144 luto
2097 1090 2165 1144 ad
2209 1106 2392 1145 rerum
2435 1092 2745 1146 universam
2789 1097 3038 1145 naturam
3087 1088 3282 1144 refusis
3328 1097 3490 1156 atque

244 1174 504 1238 reversis,
541 1188 650 1228 non
697 1171 861 1226 modo
935 1171 1244 1243 congeriem
1341 1179 1394 1226 et
1443 1173 1897 1244 complementum
1936 1191 2125 1233 eorum
2151 1195 2273 1248 qua:
2311 1179 2378 1234 ad
2404 1187 2570 1234 totam
2601 1179 3120 1250 eoagmentationem
3155 1179 3488 1232 constituen-

242 1267 365 1320 dam
397 1271 798 1320 concurrerunt
856 1269 1138 1332 agnoscet,
1166 1270 1219 1316 et
1249 1261 1303 1315 in
1335 1262 1416 1317 eis
1454 1264 1596 1327 erit;
1631 1262 1726 1318 sed
1750 1279 1818 1319 ne
1857 1266 2185 1334 peculiarem
2220 1268 2438 1338 quidem
2468 1269 2736 1339 cujusque
2809 1267 2974 1337 partis
3037 1269 3484 1322 constitutionem

241 1368 293 1413 et
318 1359 728 1411 concretionem
768 1355 1064 1426 ignorabit,
1108 1368 1205 1423 per
1240 1369 1380 1423 quas
1408 1354 1664 1408 nimirum
1697 1355 1996 1424 particulas
2024 1359 2418 1415 elementorum
2449 1361 2687 1414 membra
2718 1367 2907 1415 nostra
2941 1359 3190 1413 absoluta
3227 1358 3362 1414 sint.

308 1448 427 1518 Τὴν
460 1441 550 1500 οὖν
581 1446 694 1516 (25)
738 1447 795 1498 ἐν
839 1445 1002 1498 παντὶ
1050 1441 1214 1499 οὖσαν
1258 1445 1332 1514 τῷ
1377 1443 1486 1498 τῶν
1535 1447 1814 1516 στοιχείων

240 1536 593 1607 πληρώματι,
627 1535 720 1588 καὶ¹
756 1537 814 1588 ἐν
863 1537 975 1598 τοῖς
1023 1535 1142 1588 καθ’
1172 1535 1401 1589 ἕκαστον
1452 1530 1610 1603 εἶναι,
1661 1536 1813 1590 οὐδὲν

239 1628 346 1694 ἔξω
371 1627 467 1680 τοῦ
513 1626 722 1690 εἰκότος
763 1625 940 1678 ἐστίν’
973 1625 1066 1679 καὶ
1106 1623 1250 1678 οὕτω
1291 1626 1427 1694 πρὸς
1462 1627 1530 1681 τὰ
1575 1627 1814 1696 στοιχεῖά

237 1738 323 1783 τις
353 1719 585 1789 βλέπων,
625 1714 707 1781 οἷς
744 1717 1035 1788 ἐνυπάρχει
1065 1720 1130 1786 τῇ
1177 1717 1402 1787 δυνάμει
1433 1717 1503 1770 τὰ
1531 1717 1651 1770 καθ’
1681 1717 1811 1770 ἐκα-

240 1829 365 1865 στον
413 1811 548 1881 μέλη
595 1809 690 1862 τοῦ
752 1808 1020 1879 σώματος,
1052 1809 1311 1862 δάκτυλόν
1354 1826 1413 1862 τε
1463 1811 1592 1880 περὶ
1640 1809 1809 1881 αὐτὴν

235 1899 376 1957 εἶναι
407 1904 502 1955 καὶ
534 1901 806 1972 ὀφθαλμὸν
835 1899 930 1952 καὶ
951 1899 1221 1968 γλῶσσαν,
1251 1901 1345 1952 καὶ
1372 1899 1438 1953 τὰ
1472 1899 1605 1953 ἄλλα
1635 1899 1811 1954 πάντα

235 1995 377 2066 μετά
417 1994 518 2064 τὴν
543 1992 784 2046 διάλυσιν
812 1990 907 2044 τοῦ
938 1989 1307 2061 συγκρίματος
1339 1988 1437 2060 τὴν
1469 1990 1688 2062 Γραφὴν
1721 1990 1810 2042 λέ-

232 2105 349 2156 γειν
379 2083 646 2147 ὑπονοῶν,
673 2080 768 2136 τοῦ
801 2081 1006 2145 εἰκότος
1035 2081 1132 2150 οὐχ
1174 2081 1567 2150 ἁμαρτήσεται.
1613 2082 1677 2133 Εἰ
1718 2077 1810 2134 οῦν

228 2177 298 2230 τὰ
327 2176 453 2229 καθ’
472 2175 701 2227 ἕκαστον
732 2171 932 2241 ἀπάγει
963 2171 1072 2240 (24)
1095 2170 1184 2224 τὸν
1215 2169 1336 2223 νοῦν
1366 2170 1463 2239 τῆς
1494 2172 1811 2243 σωματικῆς

231 2269 360 2337 περὶ
409 2267 503 2320 τοῦ
559 2265 890 2334 διηγήματος
929 2261 1270 2332 ὑπολήψεως,
1317 2261 1462 2326 εἰκὸς
1508 2261 1679 2333 δήπου
1715 2265 1810 2317 καὶ

226 2359 320 2412 τὸν
361 2354 804 2428 μνημονευθέντα
856 2353 949 2407 νῦν
982 2352 1114 2423 ᾅδην
1149 2353 1224 2424 μὴ
1277 2353 1440 2407 τόπον
1480 2352 1602 2406 τινὰ
1638 2353 1809 2418 οὕτως

225 2450 634 2522 ὀνομαζόμενον
681 2446 909 2508 οἴεσθαι,
946 2445 1082 2498 ἀλλὰ
1129 2461 1248 2498 τινα
1284 2444 1612 2498 κατάστασιν
1665 2446 1808 2516 ζωῆς

224 2542 382 2611 ἀει,δῆ
435 2541 528 2594 καὶ
557 2538 863 2609 ἀσώματον,
961 2535 1058 2608 τὴν
1085 2536 1259 2608 ψυχὴν
1295 2536 1630 2606 ἐμϐιοτεύειν
1659 2539 1810 2608 παρὰ

187 2633 326 2702 ,τῆς
369 2631 599 2701 Γᾳιφῆς
632 2627 1060 2697 ἐκδιδασκόμεθα
1109 2626 1244 2700 (25).
1300 2627 1462 2681 Ἀλλά
1504 2629 1597 2682 καὶ
1625 2628 1808 2698 ἕτερον

225 2725 283 2777 ἐν
327 2721 416 2792 τῷ
464 2721 607 2775 κατὰ
655 2719 746 2773 τὸν
805 2719 1058 2772 πλούσιον
1105 2720 1198 2772 καὶ
1247 2719 1458 2790 πτωχὸν
1513 2721 1806 2791 διηγήματι

224 2815 403 2885 δόγμα
439 2810 804 2882 μανθάνομεν,
832 2807 860 2861 ὅ
896 2807 1095 2879 πολλὴν
1135 2807 1246 2879 ἔχει
1278 2807 1390 2880 (26)
1435 2809 1570 2878 πρὸς
1595 2810 1666 2863 τὰ
1693 2811 1808 2882 ἐξη.

224 2903 477 2974 τασμένα
517 2901 615 2972 τὴν
655 2898 981 2969 οἰκειότητα.
1029 2899 1314 2967 Ἐποίησεν
1355 2899 1562 2952 ἐκεῖνον
1590 2899 1680 2952 τὸν
1709 2900 1808 2970 ἐμ-

229 2994 376 3062 πιθῆ
411 2991 508 3045 καὶ
544 2989 888 3060 φιλόσαρκον,
939 2987 1126 3057 ἐπειδὴ
1168 2988 1230 3041 τὸ
1277 2987 1515 3056 ἄφυκτον
1563 2983 1671 3042 εἶδε
1708 2990 1806 3060 τῆς

228 3084 359 3157 παρ’
402 3081 598 3136 ἑαυτοῦ
630 3080 743 3152 (27)
776 3081 1078 3152 συμφορᾶς,
1110 3081 1363 3151 φροντίδα
1395 3080 1502 3133 τῶν
1535 3080 1673 3150 ὑπὲρ
1703 3081 1805 3148 γῆς
1833 3098 1873 3155 (ς

226 3176 380 3247 αὗτῷ
427 3173 568 3229 κατά
609 3174 670 3227 τὸ
712 3172 867 3242 γένος
895 3171 1210 3241 προσεκτῶν
1241 3171 1352 3242 (28)
1384 3171 1548 3240 ἔχειν,
1588 3172 1680 3224 καὶ
1715 3170 1806 3223 τοῦ

239 3267 495 3339 Ἀϐραὰμ
525 3265 771 3328 εἰπόντος
809 3264 882 3335 μὴ
911 3263 1245 3338 ἀπρονόητον
1274 3259 1536 3317 εἶναιτῶν
1569 3265 1624 3314 ἐν
1648 3261 1809 3333 σαρκὶ

227 3361 449 3425 ζώντων
482 3357 595 3428 βίον
645 3357 779 3425 (29),
830 3355 964 3409 ἀλλὰ
1014 3356 1135 3408 κατ’
1191 3354 1441 3418 ἐξουσίαν
1493 3353 1811 3422 προκεῖσθαι

226 3453 412 3510 αὐτοῖς
439 3451 540 3519 τὴν
578 3449 643 3501 ἐκ
683 3446 777 3500 τοῦ
823 3447 989 3516 νόμου
1037 3445 1130 3499 καὶ
1169 3444 1278 3498 τῶν
1327 3443 1618 3516 προφητῶν
1664 3460 1813 3514 χειρ-

226 3541 510 3610 αγωγίανο
567 3539 648 3592 ἔτι
697 3539 1033 3609 παραμένειν
1085 3535 1560 3608 προσλιπαροῦντα
1609 3537 1697 3590 τὸν
1736 3536 1808 3589 δίο

229 3651 384 3687 καιον
421 3633 557 3703 (50),
586 3633 734 3693 ὅπως
772 3631 837 3684 ἂν
882 3631 947 3682 ἐκ
977 3628 1071 3682 τοῦ
1113 3629 1412 3700 παραδόξου
1446 3630 1667 3684 πιθανὸν
1710 3630 1804 3682 αῦ-

226 3726 336 3785 τοῖς
370 3722 434 3776 τὸ
473 3723 737 3792 κήρυγμα
770 3720 999 3788 γένοιτο,
1040 3718 1143 3772 ὑπό
1176 3736 1319 3783 τινος
1349 3723 1415 3774 ἐκ
1453 3719 1561 3773 τῶν
1601 3719 1807 3790 νεκρῶν

226 3812 662 3874 ἁναϐεὸιωκότος
698 3809 1212 3880 καταγγελλόμενον.

1991 1449 2260 1516 Quocirca
2291 1468 2411 1521 quae
2451 1451 2503 1505 in
2534 1452 2788 1507 universo
2815 1452 3210 1506 elementorum
3243 1452 3487 1519 comple-

1921 1551 2104 1597 mento
2153 1541 2231 1606 lit,
2267 1557 2383 1597 eam
2415 1542 2578 1596 etiam
2630 1542 2685 1595 in
2739 1541 3111 1611 singularibus
3155 1540 3298 1605 es'sc,
3338 1542 3502 1596 nullo.

1920 1633 2131 1689 modoa
2183 1634 2568 1704 probabilitate
2608 1647 2673 1688 ac
2729 1630 3200 1689 verisimilitudine
3245 1631 3496 1686 alienum-

1918 1735 2034 1792 est;
2067 1732 2230 1795 atque
2259 1725 2332 1779 ita
2365 1725 2412 1781 si
2449 1723 2572 1794 quis
2614 1729 2823 1793 spectet
2859 1721 2925 1776 ad
2952 1723 3240 1786 elementa,
3271 1723 3325 1776 in
3366 1724 3487 1792 qui-

1912 1812 2014 1867 bus
2041 1812 2340 1883 singularia
2367 1812 2610 1866 membra
2640 1810 2884 1880 corporis
2926 1809 3114 1864 insunt
3149 1810 3264 1878 ipsa
3296 1817 3487 1877 poten-

1910 1905 2004 1969 tia,
2044 1913 2208 1974 atque
2231 1903 2571 1974 Scripturam
2611 1901 2792 1957 dicere
2818 1901 3134 1966 arbitretur,
3169 1908 3224 1955 et
3254 1901 3484 1971 digitum

1909 1995 2057 2050 circa
2093 1995 2266 2065 ipsam
2300 1994 2538 2049 animam
2589 2009 2708 2050 esse
2734 2002 2788 2048 et
2807 1993 3025 2048 oculum
3074 2001 3130 2046 et
3199 1992 3476 2062 linguam,

1908 2097 2210 2160 caeteraque
2259 2089 2440 2143 omnia
2472 2088 2633 2142 etiam
2681 2091 2805 2156 post
2865 2083 3279 2138 dissolutionem
3355 2097 3482 2137 con-

1908 2180 2062 2246 creti,
2099 2195 2127 2232 a
2159 2179 2540 2250 probabilitate
2573 2191 2638 2232 ac
2670 2173 3146 2233 verisimilitudine
3183 2188 3292 2228 non
3323 2173 3487 2229 aber-

1907 2271 2066 2326 rabit.
2099 2271 2155 2324 Si
2205 2270 2371 2342 igitur
2401 2268 2700 2339 singularia
2732 2276 2966 2322 mentem
2995 2264 3275 2320 abducunt
3316 2265 3385 2318 ab
3412 2279 3480 2318 eo

1906 2365 2000 2432 qui
2028 2361 2094 2414 ad
2138 2377 2338 2432 corpus
2371 2360 2606 2416 refertur
2663 2357 2996 2414 narrationis
3046 2356 3348 2418 intellectu,
3387 2369 3486 2423 par

1905 2462 1960 2509 et
1990 2461 2414 2509 consentaneum
2444 2453 2704 2507 nimirum
2755 2457 2863 2516 est,
2893 2458 2951 2504 ut
2984 2455 3149 2504 etiam
3194 2455 3356 2504 modo
3380 2465 3486 2504 me-

1907 2553 2176 2599 moratum
2204 2543 2495 2607 infernum,
2537 2558 2649 2598 non
2699 2543 2880 2596 locum
2925 2541 3014 2610 qui
3059 2542 3139 2596 sic
3179 2541 3488 2600 nominetur

1906 2646 2030 2686 esse
2057 2640 2332 2700 putemus,
2373 2631 2465 2685 sed
2494 2629 2782 2699 quemdam
2816 2629 2943 2683 vitae
2985 2636 3187 2683 statum
3224 2629 3483 2698 incorpo-

1906 2735 2081 2786 reum,
2121 2722 2214 2791 qui
2244 2721 2414 2775 videri
2446 2736 2554 2774 non
2596 2721 2786 2790 possit,
2822 2719 2877 2773 in
2913 2733 3024 2789 quo
3052 2718 3288 2772 animam
3315 2720 3484 2773 vitam

1904 2813 2100 2883 degere
2131 2827 2162 2865 a
2216 2812 2495 2881 Scriptura
2551 2811 2832 2866 docemur.
2896 2810 3074 2881 Atque
3110 2809 3274 2864 etiam
3322 2809 3485 2863 aliam

1907 2903 1960 2957 in
1997 2901 2308 2955 narratione
2321 2917 2441 2971 quae
2464 2902 2529 2956 ad
2553 2901 2777 2956 divitem
2817 2906 2873 2955 et
2891 2899 3198 2956 mendicum
3225 2901 3480 2969 pertinet,

1907 3001 2109 3048 certam
2145 2992 2464 3064 ﬁrmamque
2503 2993 2769 3049 discimus
2813 2991 3163 3055 sententiam,
3209 3005 3330 3061 quae
3364 3005 3480 3044 ma-

1907 3100 2066 3155 gnam
2109 3099 2232 3139 cum
2263 3085 2330 3140 iis
2360 3099 2480 3154 quae
2520 3084 2752 3140 scrutati
2777 3092 2968 3138 sumus
3013 3089 3068 3137 et
3115 3081 3484 3146 excussimus,

1907 3175 2221 3230 afﬁnitatem
2258 3176 2440 3230 habet.
2475 3173 2625 3230 Facit
2683 3175 2834 3229 illum
2894 3175 3147 3228 humanis
3201 3172 3486 3228 allectihus

1908 3281 1971 3320 ac
2000 3263 2504 3334 perturbationibus
2521 3264 2839 3326 obnoxium,
2858 3266 3152 3333 carnisque
3177 3262 3482 3318 studiosum

1907 3357 2149 3421 divitem,
2208 3365 2562 3426 posteaquam
2624 3372 2691 3411 ex
2757 3370 2855 3411 sua
2911 3355 3226 3410 calamitate
3264 3369 3324 3409 se
3375 3369 3484 3407 non
3574 3429 3583 3440 .

1909 3463 2072 3518 posse
2093 3446 2339 3517 expediri
2377 3446 2686 3517 ctell‘ugerc
2721 3447 3131 3511 animadvertit,
3167 3459 3355 3500 curam
3388 3444 3516 3498 har

1910 3539 2041 3594 bere
2084 3553 2274 3593 eorum
2303 3538 2396 3608 qui
2442 3553 2609 3607 super
2637 3546 2840 3592 terram
2887 3552 3009 3592 eum
3037 3551 3234 3606 genere
3266 3537 3486 3602 contin-

1913 3629 2140 3697 gebant;
2188 3643 2420 3696 cumque
2451 3628 2723 3682 Abraham
2756 3634 3008 3696 negasset
3068 3642 3257 3682 eorum
3303 3627 3394 3696 qui
3429 3627 3486 3680 in

1913 3733 2080 3774 carne
2103 3718 2345 3773 viverent
2374 3719 2540 3772 vitam
2566 3717 2894 3787 provisionis
2920 3725 3194 3786 expertem
3220 3731 3361 3782 esse,
3387 3717 3483 3771 sed

1917 3811 2136 3866 abunde
2171 3810 2252 3866 eis
2282 3810 2612 3880 propositam
2643 3824 2768 3864 esse
2793 3808 3097 3864 doctrinam
3129 3815 3294 3878 atque
3327 3808 3482 3862 insti-

230 3906 499 3959 tutionem
560 3901 696 3972 legis
745 3916 810 3956 ac
854 3877 1284 3970 prephetarum;
1325 3899 1504 3954 adhuc
1537 3877 1888 3969 perseverare
1924 3899 2146 3954 divitem
2176 3877 2469 3954 instantem
2505 3914 2568 3954 ac
2609 3898 2958 3969 ﬂagitantem,
3009 3906 3153 3954 utex
3189 3877 3484 3968 improviso

228 4005 282 4052 et
371 3996 659 4064 inopinato
705 3991 981 4049 credibilis
1030 3991 1110 4048 eis
1163 3991 1477 4063 praedicatio
1530 3991 1704 4057 ﬁeret,
1748 4007 1868 4062 quae
1915 3993 1982 4048 ab
2040 3993 2226 4064 aliquo
2278 3992 2370 4064 qui
2417 4008 2483 4049 ex
2549 3991 2778 4047 mortuis
2827 3991 3116 4046 revixisset
3187 3992 3481 4048 annuntia-

231 4098 406 4144 retur.

309 4201 369 4254 Γ.
402 4199 471 4253 Τί
508 4194 623 4263 οῦν,
668 4193 840 4262 εἶπον,
884 4198 942 4252 ἐν
982 4197 1189 4260 τούτοις
1221 4199 1337 4250 ἐστὶ
1370 4196 1430 4250 τὸ
1460 4197 1636 4267 δόγμα
1666 4197 1813 4267 (51);

236 4324 304 4337 -—
326 4294 407 4347 M.
452 4291 695 4360 Ἐπειδὴ,
721 4291 873 4362 φησὶ,
897 4289 991 4343 τοῦ
1017 4289 1115 4360 μὲν
1145 4288 1394 4359 Λαζάρου
1428 4288 1564 4358 πρὸς
1586 4290 1697 4351 τοῖς
1720 4305 1811 4341 πα-

1917 4313 1981 4327 --
2003 4284 2074 4340 Μ.
2100 4284 2393 4352 Quoniam,
2418 4285 2619 4356 inquit,
2645 4283 2835 4339 Lazari
2873 4285 3090 4354 quidem
3127 4286 3308 4338 anima
3335 4283 3482 4338 circa

234 4383 429 4453 ροῦσιν
461 4380 686 4451 ἄσχολός
713 4382 859 4432 ἐστιν
882 4381 914 4450 ὴ
940 4378 1108 4450 ψυχὴ,
1129 4379 1223 4432 καὶ
1254 4378 1388 4448 πρὸς
1412 4377 1562 4430 οὐδὲν
1585 4378 1691 4431 τῶν
1713 4394 1811 4430 κα-

1917 4378 2201 4448 ρτωεθηῑίςι
2238 4386 2504 4448 occupata
2543 4385 2648 4443 cst,
2672 4385 2725 4432 et
2748 4378 2814 4432 ad
2850 4377 3055 4431 nullam
3088 4391 3274 4430 earum
3300 4391 3481 4430 rerum

231 4473 635 4540 ταλειφθέντων
667 4470 865 4542 ἐαυτήν
896 4469 1233 4540 ἐπιστρέφει,
1279 4471 1307 4523 ὁ
1347 4469 1402 4524 δὲ
1436 4469 1683 4534 πλούσιος
1709 4469 1811 4522 οἱο-

1917 4477 2046 4530 quas
2079 4461 2373 4530 reliquerat
2428 4477 2548 4517 sese
2575 4463 2878 4527 convertit;
2939 4463 3091 4518 dives
3121 4470 3326 4529 autem,
3359 4472 3482 4518 tan-

231 4525 479 4637 v5.62)
531 4564 626 4634 ἰξῷ
651 4581 756 4617 τινι
894 4525 1265 4635 σαρκίνῃξωῇ
1297 4563 1390 4616 καὶ
1425 4563 1564 4632 μετά
1589 4525 1811 4615 θάνατον

1917 4567 2069 4622 quam
2103 4552 2250 4607 visco
2283 4551 2521 4633 cuidam,
2574 4554 2784 4608 carnali
2820 4553 2944 4607 vitze
2976 4554 3142 4608 etiam
3177 4565 3301 4624 post
3333 4569 3482 4608 mor-

229 4657 311 4710 ἐτι
341 4656 706 4727 προσίσχεται
731 4655 867 4725 (55),
889 4656 953 4724 ἢν
976 4655 1097 4707 οὐδὲ
1116 4639 1462 4723 παυσάμενος
1487 4652 1580 4706 τοῦ
1602 4654 1699 4723 ζῇν
1719 4670 1811 4705 κα-

1917 4650 2012 4699 tem
2045 4643 2223 4698 adhuc
2252 4629 2492 4698 adhmret
2525 4662 2536 4698 :
2563 4660 2728 4715 quam
2767 4659 2868 4700 nec
2898 4659 3021 4699 cum
3056 4645 3233 4699 vivere
3262 4644 3483 4713 quidem

227 4740 414 4811 θαρῶς
441 4737 770 4801 ἀπεδύσατο,
802 4736 916 4791 ἀλλ’
947 4735 1026 4790 ἔτι
1054 4734 1204 4808 αὑτῷ
1227 4735 1314 4790 διὰ
1358 4737 1634 4807 φροντίδος
1661 4738 1811 4791 ἐστὶν

1917 4738 2158 4794 desiisset
2212 4737 2428 4807 penitus
2471 4743 2719 4797 exuerat,
2746 4727 2840 4792 sed
2872 4736 3049 4791 adhuc
3093 4736 3142 4790 ei
3170 4751 3315 4790 cura:
3355 4750 3485 4790 caro

228 4833 258 4900 ή
307 4829 450 4899 σὰρξ
478 4829 574 4881 καὶ
620 4827 682 4880 τὸ
721 4822 859 4898 αἷμα
893 4829 980 4895 (δι’
1012 4825 1086 4882 ὧν
1116 4827 1225 4898 γὰρ
1265 4828 1390 4891 τοὺς
1427 4826 1811 4890 κοινωνοῦντας

1917 4839 1959 4886 et
1991 4829 2215 4900 sanguis
2237 4837 2352 4882 erat
2375 4829 2498 4898 (per
2516 4828 2622 4882 hoc
2651 4830 2800 4882 enim
2835 4828 2983 4898 quod
3011 4835 3162 4898 rogat
3185 4835 3242 4881 ut
3275 4827 3354 4882 illi
3387 4829 3481 4897 qui

227 4921 376 4992 αὐτῷ
407 4919 506 4972 τοῦ
540 4919 730 4987 γένους
763 4918 1104 4990 ἐξαιρεθῆναι
1138 4918 1249 4971 τῶν
1275 4918 1459 4972 κακῶν
1494 4921 1685 4983 δεῖται,
1720 4920 1811 4990 δῆ-

1917 4920 2294 4975 communione
2317 4919 2533 4990 generis
2565 4934 2689 4974 eum
2725 4919 3138 4991 contingebant,
3173 4917 3333 4975 malis
3379 4920 3488 4974 exi-

226 5011 316 5076 λός
345 5011 467 5063 ἐστι
506 5009 672 5080 μήπω
715 5009 814 5078 τῆς
858 5009 1126 5080 σαρκικῆς
1150 5009 1260 5079 (54)
1290 5008 1534 5072 ἐκλυθεὶς
1563 5027 1808 5081 προσπα-

1917 5022 2212 5077 merentur,
2267 5011 2614 5082 perspicuum
2670 5018 2755 5067 est
2783 5012 2928 5083 quod
2983 5010 3224 5068 nondum
3279 5010 3482 5068 carnali

1987 4193 2054 4252 G.
2083 4191 2343 4259 Quaenam
2373 4193 2539 4265 igitur
2571 4194 2625 4247 in
2651 4193 2757 4259 his,
2790 4193 3036 4263 inquam,
3070 4193 3338 4248 sententia
3365 4195 3485 4247 est?

1985 5195 2096 5263 (27)
2130 5197 2271 5264 Παρ’
2296 5193 2536 5252 ἑαυτοῦ.
2574 5195 2614 5264 Α
2658 5193 2778 5246 κατ’
2803 5190 2982 5264 αὐτόν,

1983 5260 2096 5332 (28)
2124 5260 2500 5331 Προσεκτῶν.
2525 5266 2563 5318 Α
2591 5263 2632 5317 Β
2652 5260 3056 5332 προσηκόντων.

1983 5335 2096 5404 (29)
2127 5337 2290 5389 Βίον.
2327 5335 2370 5387 Α
2402 5334 2493 5386 τὸν
2524 5333 2666 5404 (βίον.

1985 5403 2094 5474 (50)
2130 5405 2389 5458 Δίκαιον.
2413 5403 2754 5474 Λᾷπλοόσιον.

1984 5472 2098 5543 (51)
2123 5474 2198 5528 Τὸ
2224 5475 2431 5544 δόγμα.
2447 5472 2497 5544 _B
2527 5472 2670 5544 delet
2697 5472 2778 5528 τό.

1989 5539 2101 5611 (52)
2131 5539 2343 5598 Οίονεῖξ
2369 5544 2412 5595 Α
2446 5542 2486 5594 Β
2507 5539 2637 5594 οἷον.

1990 5615 2099 5685 (55)
2126 5615 2548 5685 Προσίσχετᾳι.
2585 5612 2624 5664 Δ
2656 5615 3002 5685 προσέχεται.

1990 5675 2099 5754 (5-1)
2136 5675 2449 5751 Σαρκιλιῆς.
2480 5682 2518 5735 Β
2545 5675 2860 5757 σαρκί’νης.”

297 5189 414 5261 (l9)
447 5191 650 5261 Αὐτῆς
672 5191 885 5256 αἰτίας.
919 5189 1186 5254 Βοῦσίας.

300 5260 415 5328 (20)
471 5260 933 5330 Ἀναμικθεῑσιν.
985 5261 1026 5314 Α
1068 5261 1123 5314 in
1164 5267 1311 5314 textu
1345 5261 1695 5318 ἀνελθοῦσινο
1751 5263 1804 5317 in

223 5332 478 5401 margine
516 5329 864 5401 τάναχθεῖσι.
913 5329 1348 5401 Βγάνασχεθεῖσι.

299 5399 415 5471 (21)
443 5403 525 5456 Οὐ
553 5399 697 5466 τήν.
721 5402 762 5452 Α
792 5399 982 5471 Β-οὐδέ
1016 5399 1135 5466 τήν.

303 5468 418 5537 (22)
456 5468 877 5540 Ἀποτεέεσθῇ.
908 5470 950 5540 Α
979 5468 1330 5540 ἀπετελέσθη.

307 5535 420 5612 (25)
463 5535 755 5612 Τὴνᾉοῦν.
954 5535 1068 5592 οὖν.

304 5609 416 5676 (24)
464 5610 720 5678 Ἀπάγεμ
743 5612 788 5661 Α
818 5609 1077 5676 ἀπάγειν.

305 5679 418 5752 (25)
458 5679 984 5752 Ἐκδιδασκόμξθα.
1027 5680 1069 5732 Α
1093 5678 1467 5752 διδασκόμεθα.

308 5746 417 5816 (26)
446 5753 640 5818 Ἔχει.
669 5750 715 5803 Α
749 5746 792 5801 Β
823 5747 955 5815 ἕξει.
