3950 6132
383 325 449 378 87
1637 335 1694 392 s.
1749 336 2080 394 GREGORII
2117 337 2413 394 NYSSENI
3577 331 3645 388 ss

384 423 581 480 affectu
611 425 890 481 exsolutus
913 426 1073 492 erat).
1110 438 1204 493 per
1238 424 1358 489 bas,
1395 426 1589 496 inquit,
1625 428 1966 484 narrationes

2087 429 2261 500 )είας),
2314 430 2379 483 ἐκ
2424 430 2648 492 τούτων,
2694 430 2846 499 φησι,
2889 426 2995 481 τῶν
3034 425 3387 496 διηγημάτων
3420 422 3646 492 οἰόμεθα

384 515 766 571 existimamus
792 531 1019 571 censere
1065 514 1352 570 Dominum
1387 517 1536 586 quod
1584 530 1837 589 oporteat
1868 534 1967 575 eos

388 608 479 677 qui
505 607 560 662 in
592 609 982 673 carnevivunt,
1013 622 1177 677 quam
1207 608 1442 663 maxime
1465 610 1769 665 secundum
1791 611 1968 665 virtu-

388 709 496 755 tem
527 699 780 761 vivendo,
803 699 1207 769 quodammodo
1257 701 1500 770 separari
1534 709 1589 756 et
1619 701 1860 771 eapediri
1900 703 1970 757 ab

391 792 588 847 atiectu
623 793 828 856 carnis,
859 807 926 846 ne
967 799 1091 862 post
1145 802 1378 848 mortem
1416 793 1520 847 alia
1570 803 1746 849 morte
1768 809 1967 850 rursus

393 899 536 954 Opus
579 884 900 950 habeamus,
931 898 1054 954 quae
1087 883 1349 953 reliquias
1375 885 1616 939 carnalis
1637 886 1864 956 glutinis
1892 900 1973 942 se-

394 985 564 1045 paret,
589 983 847 1030 excernat
877 983 931 1029 et
965 986 1255 1046 expurget;
1308 975 1400 1032 sed
1433 985 1691 1046 tanquam
1735 977 1971 1034 vinculis

393 1069 600 1123 circum
631 1067 864 1121 animam
903 1068 1266 1137 ruptis,-nulla
1287 1081 1544 1137 corporea
1571 1067 1817 1122 molestia
1850 1082 1970 1122 cam

396 1158 462 1211 ad
489 1172 610 1213 sese
637 1145 966 1218 attrahente.
999 1157 1147 1212 celer
1186 1164 1240 1212 et
1264 1157 1550 1227 expeditus
1570 1158 1622 1212 ei
1654 1172 1852 1215 cursus
1903 1157 1970 1211 ad

398 1251 600 1303 bonum
631 1250 931 1318 contingat.
957 1247 1092 1302 Nam
1117 1249 1161 1303 si
1184 1251 1309 1319 quis
1333 1256 1516 1304 mente
1538 1249 1778 1304 carnalis
1812 1247 1971 1318 peni-

397 1350 486 1394 tus
511 1347 659 1395 tutus
692 1339 936 1394 redditus
956 1339 1138 1405 fuerit,
1167 1347 1222 1395 et
1252 1340 1403 1394 omni
1433 1339 1603 1394 animi
1629 1347 1778 1395 motu
1808 1347 1972 1409 atque

397 1429 682 1485 etiicientia
716 1430 770 1483 in
809 1430 1182 1486 voluntatibus
1206 1431 1392 1486 carnis
1431 1439 1752 1500 occupetur,
1797 1431 1845 1485 is
1870 1443 1972 1484 nec

399 1523 445 1577 si
475 1533 626 1578 extra
656 1537 878 1578 carnem
913 1522 1134 1592 quidem
1164 1525 1422 1588 evaserit.
1466 1525 1537 1580 ab
1590 1524 1876 1580 an‘ectibus
1911 1538 1974 1578 ac

401 1615 902 1683 perturbationibus
939 1615 1059 1685 ejus
1091 1615 1320 1681 recedit,
1364 1616 1462 1672 sed
1515 1616 1972 1688 quemadmodum

401 1708 499 1774 illi,
539 1707 632 1778 qui
669 1709 724 1762 in
787 1707 1154 1764 imtidioribus
1211 1708 1346 1764 locis
1392 1707 1602 1764 diutius
1650 1707 1974 1762 commorati

401 1810 548 1867 sunt,
577 1815 678 1857 nec
711 1802 757 1857 si
796 1803 850 1856 in
869 1817 1066 1872 purum
1093 1801 1334 1872 quidem,
1371 1814 1593 1856 suavem
1620 1808 1671 1855 et
1701 1813 1976 1853 amoenum

401 1905 584 1948 aerem
633 1894 972 1959 transierint,
1008 1893 1205 1964 integri
1229 1907 1294 1947 ac
1330 1893 1489 1946 vacui
1521 1899 1652 1947 sunt
1679 1891 1748 1946 ab
1769 1892 1865 1944 illo
1895 1891 1980 1945 in-

400 1989 558 2055 grato
587 1990 642 2040 et
671 1983 968 2054 injucundo
1015 1984 1184 2038 odore
1211 1997 1372 2053 quem
1403 1991 1622 2053 propter
1669 1981 1970 2037 diuturnio-

402 2089 516 2130 rem
561 2075 616 2129 in
675 2088 742 2131 eo
787 2077 1274 2130 commorationem
1305 2081 1706 2130 contraxerunt
1745 2073 1864 2128 :ita
1914 2088 1982 2129 ne

401 2176 516 2220 tum
548 2165 790 2235 quidem,
813 2180 938 2219 eum
966 2166 1206 2220 carnalis
1255 2165 1390 2231 vita,
1424 2181 1550 2220 cum
1588 2165 1782 2221 subtili
1812 2174 1868 2220 et
1895 2165 1982 2219 in-

400 2255 603 2312 visibili
631 2261 963 2309 commutata
987 2252 1172 2317 fuerit,
1220 2253 1337 2309 ﬁeri
1392 2253 1569 2324 possit
1608 2253 1742 2324 quin
1796 2253 1983 2308 carnis

405 2353 653 2401 amantes
684 2359 910 2414 prorsus
946 2344 1225 2398 attrahant
1254 2344 1460 2415 aliquid
1493 2359 1560 2402 ex
1609 2345 1984 2416 graveoleutia

405 2445 571 2506 atque
598 2435 790 2491 faetore
813 2433 1201 2490 carnali.Unde
1214 2436 1524 2507 gravioreis
1549 2437 1706 2493 dolor
1730 2437 1982 2500 exsistit,

405 2541 530 2583 cum
561 2541 626 2581 ex
673 2525 985 2593 huiusmodi
1013 2525 1426 2580 circumstantia
1458 2525 1640 2580 anima
1668 2526 1840 2595 magis
1871 2540 1986 2580 ma-

414 2617 623 2672 terialis
652 2616 908 2672 evaserit.
958 2614 1188 2670 Videtur
1221 2623 1403 2672 autem
1440 2617 1628 2686 aliquo
1673 2615 1836 2670 modo
1858 2631 1983 2670 cum

407 2706 722 2777 hujusmodi
779 2707 1037 2776 opinione
1099 2708 1391 2764 concinere
1455 2715 1620 2778 atque
1669 2708 1984 2774 convenire,

409 2798 553 2870 quod
578 2811 950 2868 smpenumero
977 2814 1008 2854 a
1034 2798 1309 2854 nonnullis
1332 2797 1555 2863 dicitur,
1575 2797 1818 2868 conSpici
1840 2797 1989 2852 vide—

409 2894 537 2948 licet
566 2891 711 2946 circa
744 2890 1050 2968 conditoria
1108 2899 1271 2962 atque
1323 2888 1650 2961 repositoria
1692 2903 1985 2960 corporum

412 2983 724 3040 umbratilia
776 2983 1022 3053 quaedam
1075 2990 1290 3053 spectra
1342 2989 1706 3038 mortuorum.
1758 2981 1893 3036 Nam
1939 2982 1987 3038 si

2069 520 2226 574 τοῦτο
2258 521 2369 592 (55)
2405 519 2752 592 δογματίζειν
2779 519 2868 573 τὸν
2898 518 3123 589 Κύριον,
3164 516 3225 569 τὸ
3265 516 3374 568 δεῖν
3415 514 3496 567 δτι
3541 515 3648 584 μά·

2068 615 2225 670 λιστα
2248 617 2377 680 τοὺς
2407 618 2464 669 ὲν
2493 615 2656 686 σαρκὶ
2697 613 3054 686 βιοτεύοντας,
3085 612 3172 666 διὰ
3198 612 3297 680 τῆς
3341 609 3481 663 κατὰ
3519 609 3648 680 ἀρε-

2067 708 2168 777 τὴν
2190 706 2334 778 ζωῆς
2354 747 2370 771 ,
2391 706 2717 778 χωρίζεσθαί
2749 722 2865 769 πως
2908 705 3003 758 καὶ
3033 703 3361 758 ἀπολύεσθαι
3387 702 3486 772 τῆς
3513 699 3651 772 πρὸς

2070 798 2240 869 αὐτὴν
2273 797 2530 868 σχέσεως,
2571 799 2658 851 ἵνα
2690 797 2826 869 μετά
2858 797 2948 850 τὸν
2989 797 3214 850 θάνατον
3243 796 3318 866 μὴ
3353 795 3516 848 πάλιν
3556 793 3652 846 ἄλ-

2069 890 2162 942 λου
2195 889 2425 944 θανάτου
2473 889 2741 962 δεώμεθα,
2771 891 2839 944 τὰ
2871 889 3098 959 λείψανα
3131 888 3243 957 (56)
3293 887 3394 956 τῆς
3441 883 3651 956 σαρκώ-

2069 981 2195 1043 δους
2249 979 2445 1052 κόλλης
2509 978 2969 1049 ἀποκαθαίροντπ
3020 977 3166 1048 (57)·
3218 975 3355 1029 ἀλλά
3399 975 3652 1044 καθάπερ

2070 1069 2283 1140 δεσμῶν
2312 1071 2410 1140 τὴν
2435 1069 2613 1140 ψυχὴν
2653 1067 2764 1138 (58)
2793 1067 3257 1140 περιρραγέντων,
3291 1065 3489 1134 κοῦφος
3514 1066 3652 1137 αὐτῇ

2073 1165 2167 1218 καὶ
2196 1163 2384 1226 ἄνετος
2425 1163 2455 1215 ὁ
2490 1161 2626 1234 πρὸς
2667 1161 2726 1215 τὸ
2765 1161 2970 1230 ἀγαθὸν
3013 1159 3235 1228 γένηται
3263 1156 3482 1228 δρόμος,
3513 1156 3658 1209 οὐδε-

2077 1255 2204 1324 μιᾶς
2259 1251 2420 1306 αὐτὸν
2477 1251 2588 1322 (59)
2650 1251 2968 1322 σωματικῆς
3020 1249 3310 1319 ἀλγηδόνος
3356 1246 3467 1318 (40)
3517 1247 3657 1317 πρὸς

2075 1340 2271 1412 ἑαυτὴν
2319 1340 2660 1412 ἀφελκούσης
2705 1341 2838 1412 (41).
2899 1340 2988 1403 Ὡς
3026 1338 3078 1392 ei
3115 1355 3197 1402 τις
3251 1338 3372 1402 ὅλος
3421 1337 3486 1390 δι’
3517 1337 3658 1390 ὅλων

2073 1433 2494 1504 ἀποσαρκωθείη
2534 1435 2599 1504 τῇ
2641 1432 2865 1503 διανοίᾳ.
2900 1432 3077 1484 πᾶσαν
3123 1430 3300 1500 ψυχῆς
3343 1428 3555 1496 κίνησίν
3598 1445 3659 1480 τε

2074 1527 2168 1579 καὶ
2207 1524 2488 1596 ἐνέργειαν
2527 1525 2586 1578 ἐν
2631 1526 2744 1587 τοῖς
2789 1522 3056 1593 θελήμασι
3113 1522 3210 1592 τῆς
3255 1520 3453 1594 σαρκὸς
3495 1521 3660 1590 ἀσχο-

2075 1617 2204 1681 λῶν,
2241 1619 2269 1670 ὁ
2298 1615 2539 1680 τοιοῦτος
2577 1615 2698 1670 οὐδὲ
2725 1616 2826 1687 τῆς
2853 1613 3054 1686 σαρκὸς
3084 1613 3188 1680 ἔξω
3215 1613 3509 1684 γενόμενος
3549 1610 3662 1664 τῶν

2079 1711 2199 1764 κατ’
2239 1708 2407 1780 αὐτὴν
2453 1707 2789 1779 παθημάτων
2821 1706 3133 1778 χωρίζεται,
3165 1703 3412 1776 καθάπερ
3449 1702 3564 1774 (42)
3609 1703 3660 1756 οε

2081 1803 2174 1855 ἐπὶ
2224 1799 2385 1854 πλέον
2446 1799 2884 1870 ἐνδιατρίψαντες
2925 1799 3042 1861 τοῖς
3088 1795 3506 1867 δυσωδεστέροις
3552 1793 3664 1847 τῶν

2080 1892 2286 1957 τόπων,
2336 1889 2457 1944 οὐδὲ
2490 1889 2538 1942 εί
2577 1889 2714 1960 πρὸς
2757 1888 2847 1941 τὸν
2894 1885 3125 1940 εὔπνουν
3168 1885 3306 1956 ἀέρα
3357 1881 3665 1954 μετέλθοιεν

2081 1979 2442 2052 καθαρεύουσι
2470 1978 2572 2048 τῆς
2595 1976 2836 2049 ἀηδείας,
2867 1977 2934 2046 ἢν
2974 1976 3061 2028 διὰ
3083 1974 3188 2044 τῆς
3209 1973 3576 2045 χρονιωτέρας
3605 1971 3664 2024 ἐν

2081 2078 2218 2147 αὐτῇ
2249 2074 2524 2144 διαγωγῆς
2551 2071 2881 2142 ἀναμίξαντο
2933 2070 3045 2141 (45)
3073 2087 3086 2101 ·
3140 2068 3314 2130 οὕτως
3361 2067 3480 2121 οὐδὲ
3526 2067 3668 2138 πρὸς

2081 2166 2173 2221 τὸν
2199 2167 2335 2238 ἀηδῆ
2361 2166 2472 2238 (44)
2503 2165 2598 2220 κα).
2635 2163 2901 2217 ἄϐλεπτον
2937 2163 3045 2233 (45)
3077 2161 3189 2232 βίον
3225 2161 3326 2231 τῆς
3361 2159 3666 2232 μεταϐολῆς

2081 2259 2417 2329 γενομένης,
2463 2255 2684 2310 δυνατὸν
2733 2255 2801 2309 ἂν
2848 2255 2932 2325 εῖη
2984 2255 3109 2317 τοὺς
3172 2252 3533 2324 φιλοσάρκους
3589 2251 3666 2322 μὴ

2083 2347 2414 2419 ἀφέλκεσθαί
2448 2344 2559 2418 (46)
2591 2363 2643 2398 τι
2679 2345 2897 2407 πάντως
2941 2345 3043 2413 τῆς
3094 2342 3364 2413 σαρκικῆς
3393 2341 3505 2411 (47)
3540 2339 3670 2392 δυσ-

2083 2439 2269 2502 ωδίας,
2314 2437 2380 2492 δι’
2411 2431 2486 2491 ὧν
2535 2435 2647 2508 (48)
2679 2435 2840 2488 πλέον
2873 2435 3054 2498 αὐτοῖς
3078 2435 3112 2504 ἡ
3151 2432 3308 2502 ὀδύνη
3353 2431 3666 2503 βαρύνεται,

2085 2527 2458 2598 ὑλωδεστέρας
2483 2528 2546 2581 ἐκ
2582 2525 2840 2597 τοιαύτης
2876 2524 2986 2596 (49)
3031 2525 3407 2595 περιστάσεως
3433 2523 3534 2593 τῆς
3565 2522 3672 2592 diu-

2085 2622 2186 2692 χῆς
2210 2619 2504 2691 γινομένης
2532 2619 2666 2690 (50).
2697 2620 2853 2671 Δοκεῖ
2879 2617 2937 2670 δέ
2970 2633 3088 2680 πως
3121 2616 3258 2688 πρὸς
3276 2615 3529 2686 τοιαύτην
3553 2613 3670 2685 (51)
3734 2647 3740 2654 -

2086 2711 2358 2782 ὑπόληψιν
2396 2710 2642 2781 συνᾴδειν
2668 2709 2696 2762 ὃ
2725 2709 2877 2779 παρά
2915 2724 3075 2761 τινων
3113 2707 3330 2775 λέγεται
3358 2705 3492 2777 (52),
3541 2706 3673 2758 πολ-

2085 2803 2243 2866 λάκις
2280 2803 2509 2874 ὁρᾶσθαι
2546 2803 2646 2865 τὰς
2692 2802 2819 2873 περ).
2848 2801 2963 2870 (55)
2993 2800 3102 2853 τῶν
3152 2799 3421 2870 σωμάτων
3463 2797 3669 2861 θέσεις,

2088 2894 2324 2965 σκιοειδῆ
2382 2912 2503 2949 τινα
2559 2893 2667 2948 τῶν
2723 2891 3126 2964 κατοιχομένων
3175 2892 3552 2962 φαντάσματα.
3606 2891 3672 2943 Εἰ

2087 2987 2196 3060 γὰρ
2225 2989 2366 3041 τοῖόν
2394 3005 2445 3039 τι
2467 2987 2578 3056 (54)
2599 2985 2826 3055 γίνεται,
2857 2985 3026 3048 οὕτως
3058 2983 3338 3054 ἐλέγχεται
3363 2984 3463 3052 τῆς
3487 2981 3673 3052 ψυχῆς

412 3091 600 3133 revera
628 3076 705 3131 ita
723 3076 802 3143 lit,
831 3084 1210 3146 argumentum
1235 3082 1321 3131 est
1337 3075 1576 3129 animam
1600 3074 1742 3129 ultra
1761 3073 1982 3129 modum

2090 3082 2124 3152 ἡ
2158 3080 2300 3152 πέρα
2335 3078 2429 3132 τοῦ
2461 3079 2669 3141 δέοντος
2707 3078 2962 3148 γινομένη
2989 3075 3098 3150 (55)
3130 3075 3225 3130 νῦν
3259 3075 3394 3147 πρὸς
3416 3075 3507 3127 τὸν
3534 3091 3674 3145 σαρ-

413 3184 562 3225 nunc
614 3169 670 3224 in
699 3169 801 3224 hac
825 3169 935 3224 vita
971 3168 1144 3224 fuisse
1188 3182 1318 3238 erga
1369 3167 1644 3222 carnalem
1667 3167 1836 3222 vitam
1861 3164 1992 3221 aﬂ'e-

412 3269 584 3324 ctam,
607 3261 744 3316 adeo
774 3267 832 3315 ut
859 3275 928 3316 ne
948 3275 1114 3316 carne
1141 3260 1361 3330 quidem
1387 3268 1614 3315 extrusa
1642 3259 1806 3330 plane
1829 3259 1898 3314 ab
1927 3275 1991 3315 ea

411 3352 543 3407 velit
569 3352 806 3415 avolare,
829 3367 1008 3421 neque
1045 3351 1346 3408 concedere
1404 3359 1464 3406 ut
1515 3351 1766 3406 absoluta
1819 3353 1992 3422 tigura

417 3443 485 3498 ad
521 3443 575 3498 id
607 3442 753 3514 quod
785 3443 1030 3514 conspici
1075 3458 1185 3498 non
1245 3450 1429 3512 potest
1471 3451 1527 3497 et
1555 3441 1745 3497 formae
1796 3457 1993 3513 expers

415 3541 522 3600 est,
555 3535 942 3590 transmutatio
975 3533 1090 3598 ﬂat,
1119 3535 1214 3590 sed
1251 3535 1398 3589 circa
1424 3534 1662 3604 speciem
1701 3541 1993 3606 postquam

415 3623 624 3693 species
649 3623 920 3680 dissoluta
951 3623 1114 3678 fuerit
1147 3625 1310 3680 etiam
1341 3641 1490 3680 nunc
1519 3635 1756 3691 maneat,
1788 3633 1842 3680 et
1867 3640 1994 3680 eum

411 3714 524 3783 jam
560 3723 715 3767 extra
752 3729 871 3769 cam
929 3715 1187 3779 evaserit,
1229 3715 1376 3769 illius
1432 3715 1706 3772 desiderio
1751 3717 1997 3771 materia:

419 3805 555 3860 locis
625 3806 862 3866 oberret,
895 3805 1217 3876 circumque
1277 3820 1341 3861 ea
1381 3815 1628 3861 versetur
1689 3816 1852 3877 atque
1902 3823 1997 3862 va-

413 3902 591 3966 gctur.

488 4001 553 4056 G.
571 4007 683 4072 Ego
698 4017 830 4057 vero
844 4005 1123 4072 paululum
1135 4009 1525 4077 commoratus,
1539 4011 1768 4081 repetita
1781 4012 1998 4062 senten-

418 4091 494 4144 tia
524 4105 713 4147 eorum
753 4107 875 4162 quae
904 4091 1051 4147 dicta
1075 4101 1254 4158 erant,
1287 4091 1540 4159 Videtur,
1587 4096 1833 4165 inquam,
1862 4096 1999 4152 mihi

417 4199 485 4239 cx
513 4183 581 4239 iis
599 4198 718 4253 quae
735 4183 898 4239 modo
921 4183 1068 4239 dicta
1100 4192 1254 4248 sunt,
1281 4185 1549 4241 exsistere
1569 4185 1834 4256 quiddam
1872 4203 1998 4243 con-

416 4277 648 4332 trarium
682 4277 751 4333 iis
798 4292 921 4348 quae
949 4277 1018 4333 de
1046 4276 1334 4334 affectibus
1376 4293 1440 4332 ac
1490 4278 1997 4347 perturbationibus

418 4377 575 4422 antea
597 4381 828 4423 excussa
851 4377 1014 4437 atque
1041 4369 1355 4423 examinata
1381 4375 1529 4423 sunt.
1567 4365 1703 4421 Nam
1735 4368 1782 4423 si
1811 4385 1878 4424 ex
1927 4385 1992 4426 ea

414 4473 537 4528 quae
562 4471 686 4512 cum
717 4457 894 4515 brutis
917 4467 1002 4514 est
1027 4460 1350 4529 cognatione
1375 4460 1508 4516 tales
1529 4461 1580 4515 in
1608 4462 1766 4519 nobis
1797 4463 1992 4521 animm
2027 4444 2074 4505 θ

416 4557 600 4607 motus
628 4549 765 4606 eliici
813 4558 1097 4620 putantur,
1143 4551 1334 4622 quales
1367 4551 1616 4622 superior
1649 4557 1991 4611 enumeravit

485 4728 600 4798 (55)
633 4726 812 4782 Τοῦτο
851 4727 993 4783 delet
1024 4731 1089 4798 Α.

486 4799 602 4868 (56)
637 4798 714 4854 Τὰ
732 4798 898 4866 λείψ.
933 4801 968 4850 Α
997 4797 1092 4850 τοῦ
1121 4799 1189 4853 τὰ
1215 4797 1356 4868 λείψ.

486 4867 604 4939 (57)
646 4867 1200 4936 Ἀποκαθαίροντος.
1229 4871 1273 4922 Α
1297 4867 1350 4924 in
1371 4872 1616 4944 margine
1644 4875 1994 4932 ἀποδιιστῶν-

447 4956 526 4999 ος.

487 5007 602 5084 (ἓξ)
641 5006 761 5084 Τὴν
787 5007 1016 5084 ψυᾈῆνε
1052 5007 1097 5084 Α
1127 5009 1170 5063 Β
1196 5012 1262 5082 τῇ
1291 5010 1459 5084 ψυχῖιο

508 5078 598 5150 59)
636 5078 853 5150 Αὐτόν.
888 5077 932 5150 Β
959 5079 1148 5150 αὐτήν.

507 5146 600 5222 49)
637 5146 1022 5222 ίΑλγηδόνος.
1054 5146 1096 5202 Β
1127 5151 1441 5222 ἀχθηδόνος.

512 5217 604 5296 ἐξ.)
644 5217 1069 5296 Ἀφξσβκούσηςε
1103 5217 1528 5296 βίέφέλκρύσης.

483 5286 599 5367 ita)
637 5287 933 5367 (raedzggp.
961 5290 1004 5345 A
1027 5286 1075 5346 Β
1091 5286 1241 5367 ἀλλά
1261 5286 1532 5367 καθάπερ.

640 5359 1040 5436 ςᾼνιυιίξᾳνζο.
1073 5365 1185 5436 ΑΫΒ
1221 5357 1576 5436 ἀνεμάξαντο.

486 5425 599 5504 (ἔξ)
640 5425 847 5504 T471877-
879 5433 923 5484 Α
956 5433 997 5485 Β
1026 5434 1199 5504 ἀειδῆ.

487 5498 602 5567 (45)
647 5498 1000 5558 Ἀὄλὲπτον.
1032 5506 1088 5566 Α,
1109 5498 1320 5560 λε’πτόν.

639 5571 1052 5644 Ἀφέλκεσθαμ
1091 5579 1128 5628 Α
1156 5577 1196 5627 Β
1234 5577 1571 5644 ἐφέλκεσθαι.

635 5639 952 5716 Σᾲρκικῆς.
988 5643 1028 5697 Β
1058 5639 1334 5716 σαρκίνης.

483 5707 596 5780 (48)
622 5714 701 5766 Δι’
716 5707 833 5769 ήῶν.
869 5707 923 5768 Κ
949 5717 1001 5769 in
1035 5707 1368 5787 margiué‘at’
1399 5711 1482 5776 οὗ.

412 4957 443 4992 τ

2094 3169 2236 3241 κώδη
2297 3169 2412 3240 βίον
2458 3168 2830 3240 προσπάθεια,
2876 3168 2951 3232 ὡς
3003 3167 3136 3240 μηδὲ
3188 3165 3516 3232 ἐξωσθεῖσαν
3570 3165 3674 3233 τῆς

2094 3261 2295 3333 σαρκὸς
2322 3260 2576 3332 καθαρῶς
2603 3259 2768 3331 αὐτὴν
2802 3259 2912 3328 (56)
2939 3259 3140 3311 ἐθέλειν
3172 3258 3508 3326 ἀφίπτασθαι
3533 3255 3673 3326 (57),

2097 3351 2230 3424 μηδὲ
2269 3353 2570 3423 συγχωρεῖν
2595 3349 2692 3420 τὴν
2722 3349 2953 3418 παντελῆ
2993 3347 3236 3418 γίνεσθαι
3269 3347 3382 3416 (58)
3429 3347 3569 3419 πρὸς
3611 3347 3676 3399 τὸ

2093 3442 2270 3505 ἀειδὲς
2296 3440 2389 3494 τοῦ
2425 3440 2702 3510 σχήματος
2741 3438 3116 3509 μεταποίησιν,
3153 3435 3289 3489 ἀλλά
3332 3437 3676 3519 παραμένειν

2095 3535 2176 3587 ἔτι
2219 3533 2299 3604 τῷ
2333 3533 2460 3586 εῖδει
2503 3533 2641 3602 μετὰ
2685 3531 2744 3584 τὸ
2773 3531 2997 3601 λυθῆναι
3040 3529 3103 3582 τὸ
3143 3523 3306 3594 εἶδος,
3336 3529 3431 3583 καὶ
3460 3529 3563 3594 ἔξω
3587 3546 3677 3596 γε-

2096 3625 2325 3695 νομένην
2351 3624 2452 3694 ῆδη
2480 3624 2668 3677 τούτου
2691 3622 2839 3694 πόθῳ
2866 3625 2977 3685 τοῖς
3003 3623 3101 3692 τῆς
3123 3620 3253 3692 ὕλης
3274 3621 3678 3675 ὲπιπλανᾶσθαι

2096 3719 2300 3780 τόποις,
2341 3718 2435 3770 καὶ
2471 3717 2599 3788 περ),
2627 3715 2824 3779 αὐτοὺς
2860 3714 3317 3786 ἀναστρέφεσθαι.

2165 4007 2224 4062 Γ.
2258 4007 2401 4080 Ἐγὼ
2421 4012 2475 4067 δὲ
2501 4009 2692 4085 μικρὸν
2715 4006 2954 4079 ἐπισχὼν
2984 4007 3082 4063 καὶ
3104 4002 3385 4060 ἀναλαϐὼν
3418 4001 3518 4074 τὴν
3563 4000 3678 4054 τῶν

2098 4098 2405 4172 εἰρημένων
2431 4097 2690 4164 διάνοιαν,
2722 4100 2881 4152 Δοκεῖ
2915 4115 3024 4168 μοι,
3058 4093 3230 4162 εἷπον,
3262 4097 3375 4159 τοῖς
3405 4095 3534 4168 περὶ
3568 4113 3678 4148 πα-

2099 4191 2208 4246 θῶν
2235 4190 2346 4263 (59)
2392 4190 2889 4264 προεξητασμένοις
2919 4189 3252 4243 ἀνακύπτειν
3280 4191 3344 4241 ὲκ
3388 4187 3495 4241 τῶν
3534 4189 3677 4258 εἰρηο

2103 4281 2278 4352 μένων
2311 4299 2396 4345 τις
2423 4281 2754 4344 ἐναντίωσις.
2790 4281 2853 4333 El
2881 4279 2989 4350 γὰρ
3022 4281 3086 4332 ἐκ
3109 4279 3209 4348 τῆς
3236 4277 3374 4349 πρὸς
3402 4276 3470 4330 τὰ
3507 4277 3680 4345 ἄλογα

2103 4373 2422 4443 συγγενείας
2450 4371 2706 4444 ἐνομίσθη
2736 4370 2807 4424 τὰ
2846 4369 3069 4423 τοιαῦτα
3107 4368 3210 4438 τῆς
3241 4367 3419 4438 ψυχῆς
3461 4369 3519 4420 ὲν
3543 4367 3679 4437 ἡμῖν

2097 4465 2436 4538 ἐνεργεῖσθαι
2477 4466 2773 4536 κινήματα,
2816 4463 2916 4514 ὃσα
2947 4458 3272 4532 προσλαϐὼν
3304 4457 3416 4529 (60)
3449 4457 3479 4509 δ
3519 4456 3681 4526 λόγος

2094 4559 2541 4630 ἀπηριθμησατο,
2577 4554 2747 4626 θυμόν
2773 4570 2835 4606 τε
2874 4552 2968 4606 καὶ
3007 4550 3191 4622 φόϐον,
3236 4551 3331 4605 κα).
3361 4549 3553 4622 ἡδονὴν
3579 4551 3679 4605 καὶ

2159 4738 2272 4810 (49)
2310 4738 2612 4805 Τοιαύτης.
2641 4735 2684 4788 Β
2704 4735 2816 4810 *τῆς
2842 4733 3118 4810 τοιαύτης.

2190 4804 2280 4877 50⁷)
2309 4804 2659 4877 Γινομένης.
2689 4807 2734 4859 Α
2755 4804 3072 4877 γενομένης.

2189 4872 2278 4946 51)
2309 4872 2466 4946 Πρὸςζ
2499 4872 2795 4944 τοιαύτην.
2827 4872 3033 4946 Αίπρὸς
3062 4873 3165 4946 τὴν
3185 4872 3458 4946 τοιαύτην.

2169 4941 2284 5019 (52)
2325 4941 2385 5002 ’Ὀ
2418 4941 2787 5019 παράῄτινων
2833 4941 3086 5019 mem.
3118 4941 3288 5019 'B._rb
3333 4941 3476 5019 πζτ.
3517 4941 3678 5019 λέγει·

2096 5013 2238 5074 σθαι.
2269 5013 2310 5072 Ἀ
2346 5019 2401 5073 in
2431 5013 2674 5086 margine
2701 5014 2762 5068 τὸ
2787 5013 3044 5078 πολλάκις
3075 5013 3228 5084 παρά
3254 5031 3415 5068 τινων
3445 5015 3679 5085 λεγόμε-

2096 5108 2185 5142 νον
2214 5088 2466 5142 ὁρᾶσθαι.

2096 5108 2185 5146 νον
2214 5105 2466 5146 ορασυαι.

2166 5108 2185 5142 ν
2214 5106 2466 5158 ορασυαι.

2166 5160 2280 5230 (55)
2318 5159 2430 5230 Τὰς
2457 5157 2635 5230 περίἈ
2642 5156 2686 5209 Α
2715 5156 2759 5230 β
2783 5155 2914 5230 περὶ
2936 5155 3053 5230 τᾲς.

2162 5223 2276 5292 (5i)
2309 5223 2477 5282 Τοῖὸν
2497 5223 2570 5281 τι.
2602 5227 2644 5278 Β
2672 5226 2751 5297 τῷ
2778 5223 2890 5279 liv-rt
2929 5227 3137 5294 γίνεται
3166 5223 3361 5291 οὕτως.

2166 5300 2279 5370 (55)
2309 5298 2624 5370 Faronem.
2658 5299 2703 5370 Α
2727 5297 3010 5370 γενομένη.

2169 5367 2283 5438 (56)
2316 5367 2541 5434 Αὐτὴν.
2578 5367 2620 5418 Β
2647 5368 2837 5436 αὐτῆς.

2329 5440 2732 5510 Ἀφίπτασθᾳι.
2764 5434 2810 5489 Α
2841 5434 3188 5510 ἐφίπτασθαι.

2170 5506 2282 5579 (58)
2318 5506 2620 5562 Γίνεσθαι.
2655 5509 2696 5560 Β
2733 5506 3004 5579 γενέσθαι.

2175 5574 2286 5650 (59)
2314 5579 2542 5634 Παθῶν.
2580 5580 2627 5650 A_
2657 5579 2697 5630 Β
2721 5576 2828 5650 τῶν
2864 5574 3071 5650 παθῷν.

2175 5643 2288 5723 (60)
2316 5647 2696 5719 Προσλαϐών.
2727 5649 2770 5700 Δ
2799 5643 3106 5717 προλαϐών.
