3950 6132
234 275 298 332 89
1307 274 1398 328 DE
1422 275 1639 330 ANIMA
1681 273 1768 329 ET
1801 273 2403 332 RESURRECTIONE.
3412 275 3481 332 90

231 387 538 459 ἐπιθυμίαν,
570 388 669 442 καὶ
693 386 764 442 τὰ
797 387 1017 443 τοιαῦτα
1039 404 1052 420 ο
1079 391 1293 462 εἴρηται
1323 391 1380 446 δὲ
1403 393 1504 463 τὴν
1548 393 1646 462 μὲν
1670 394 1800 462 ἀγα-

1921 393 2097 459 iratio,
2144 394 2281 448 iram
2335 388 2591 447 videlicet
2631 395 2685 442 et
2733 394 2959 455 metum,
2997 397 3052 442 et
3103 387 3480 460 cupiditatem,

231 483 323 554 θὴν
341 480 452 532 τῶν
491 481 756 534 τοιούτων
802 482 995 552 χρῆσιν
1037 482 1237 554 ἀρετὴν
1279 479 1440 548 εἶναι,
1483 483 1570 538 διὰ
1613 484 1668 537 δὲ
1706 485 1806 555 τῆς

231 567 575 638 ἐσφαλμένης
623 568 722 640 τὴν
767 570 966 624 κακίαν
1011 570 1252 640 γίνεσθαι
1304 573 1448 644 (61)⁶
1498 574 1812 645 προσέθηκε

227 659 280 712 δέ
307 660 338 711 ὁ
373 658 533 726 λόγος
557 658 790 712 ἑκάστου
831 677 891 712 τε
919 659 1026 714 τῶν
1051 660 1226 715 ἀλλων
1247 660 1346 733 τὴν
1391 661 1528 733 πρὸς
1557 663 1647 716 τὸν
1684 665 1806 716 κατ’

231 748 430 822 ἀρετὴν
458 749 574 817 βίον
621 751 1002 822 συνεισφοράν,
1029 753 1110 805 ὄτι
1138 752 1206 805 δι’
1236 751 1347 823 (62)
1375 753 1666 824 ἐπιθυμίαν
1692 753 1810 824 (65)

225 838 362 912 πρὸς
410 839 503 893 τὸν
553 839 688 893 Θεὸν
743 841 1076 912 ἀναγόμεθα,
1131 838 1243 897 οἷόν
1287 860 1410 898 τινα
1456 844 1642 914 σειρὰν
1693 843 1814 914 (64)

225 929 472 984 κάτωθεν
499 929 640 1002 πρὸς
673 933 836 988 αὑτὸν
874 934 1241 1005 ἀνελκόμενοι,
1285 935 1431 990 δοκεῖ
1475 953 1614 999 πως.
1647 935 1803 1006 ἔφην,

228 1021 610 1077 ἐναντιοῦσθαι
658 1019 794 1092 πρὸς
827 1019 917 1073 τὸν
954 1018 1154 1083 σκοπὸν
1196 1020 1224 1072 ὁ
1260 1017 1433 1087 λόγος.
1465 1048 1538 1059 -
1567 1020 1643 1074 M.
1686 1020 1814 1086 Πῶς

228 1113 418 1167 τοῦτον
454 1113 568 1181 (65)
600 1111 809 1182 λέγεις
843 1111 1024 1180 φησίν.
1053 1141 1118 1151 -
1141 1111 1200 1164 Γ.
1232 1112 1350 1164 Ὅτι
1379 1129 1480 1178 τοι,
1516 1107 1688 1179 εἷπον,
1709 1117 1809 1186 τῆς

1906 491 1960 538 et
1974 484 2324 552 voluptatem,
2348 478 2907 548 cteteraqueejusdem
2935 479 3256 548 modi.atqui
3273 479 3479 537 dictum

1905 583 1988 629 est
2039 574 2246 628 bonum
2299 571 2519 642 quidem
2572 569 2763 624 horum
2825 585 2983 625 usum
3031 571 3289 626 virtutem
3335 588 3482 639 esse,

1905 680 2002 734 per
2059 678 2284 734 pravum
2328 677 2456 718 vero
2511 661 2701 716 vitium
2751 662 3063 718 exsistere:
3097 662 3298 732 adjecit
3349 666 3478 720 item

1905 756 2082 811 oratio
2115 770 2243 810 cum
2264 763 2586 810 creterorum
2615 754 2680 808 ad
2711 768 2829 809 eam
2855 754 3021 808 vitam
3065 769 3185 824 qua!
3208 769 3334 809 cum
3365 755 3482 810 vir-

1906 859 2019 906 tute
2038 849 2433 920 transigeretur
2471 849 2933 903 contributionem
2985 856 3040 903 et
3080 849 3479 918 adjumentum.

1907 953 2020 998 tum
2045 941 2204 1012 quod.
2244 957 2340 1011 per
2372 941 2876 1009 concupiscentiam
2915 939 2982 993 ad
3033 940 3202 995 Deum
3235 942 3483 996 tollimur

1903 1041 2067 1102 atque
2093 1031 2378 1102 erigimur,
2428 1032 2597 1087 veluti
2628 1040 2820 1086 catena
2849 1031 3084 1101 quadam
3123 1047 3190 1086 ex
3239 1033 3482 1088 inferiori

1905 1127 2024 1182 loco
2048 1139 2266 1180 sursum
2293 1125 2360 1179 ad
2410 1139 2533 1180 eum
2569 1123 2810 1187 attracti,
2832 1123 3044 1177 videtur
3080 1123 3361 1188 nimirum,
3396 1123 3483 1177 ina

226 1205 424 1272 ἀλόγου
454 1203 639 1274 πάσης
684 1203 951 1272 κινήσεως
991 1203 1128 1273 μετὰ
1161 1204 1260 1274 τὴν
1286 1203 1550 1276 κάθαρσιν
1592 1206 1650 1259 ἐν
1677 1207 1807 1278 ἡμῖν

1921 1231 2088 1286 luam,
2121 1217 2307 1286 aliquo
2331 1216 2494 1270 modo
2524 1215 2700 1270 oratio
2733 1214 2836 1269 sibi
2868 1215 3144 1268 contraria
3173 1227 3294 1268 esse
3321 1223 3486 1284 atque

226 1292 683 1364 ἀποσϐεσθείσης,
714 1291 834 1344 οὐδὲ
866 1293 925 1346 τὸ
953 1292 1348 1363 ἐπιθυμητικὸν
1376 1294 1591 1359 πάντως
1615 1295 1765 1350 ἔσται
1786 1312 1800 1328 ·

223 1386 422 1440 τούτου
452 1385 510 1438 δὲ
547 1384 619 1455 μὴ
657 1382 809 1448 ὄντος
837 1383 943 1437 οὐδ’
972 1383 1037 1438 ἂν
1073 1386 1105 1456 ἡ
1141 1383 1234 1438 τοῦ
1279 1386 1584 1456 κρείττονος
1617 1387 1810 1457 ἔφεσις.

224 1477 335 1548 εἴη,
367 1476 595 1548 μηδενὸς
622 1475 1033 1545 ὑπολειφθέντος
1047 1478 1112 1547 τῇ
1133 1476 1277 1548 ψυχῇ
1302 1478 1538 1532 τοιούτου
1564 1481 1799 1550 κινήμα-

223 1585 336 1632 τος,
361 1566 459 1621 τοῦ
488 1567 626 1638 πρὸς
644 1567 743 1635 τὴν
769 1566 946 1638 ὖρεξιν
977 1567 1088 1636 (66)
1112 1568 1219 1621 τῶν
1244 1568 1465 1638 ἀγαθῶν
1482 1570 1797 1640 ἐπεγείρον-

1916 1295 2201 1368 proposito
2228 1296 2296 1350 ad
2307 1296 2534 1352 versari.
2558 1327 2629 1338 —
2649 1297 2716 1352 Μ.
2743 1298 2862 1363 Quo
2884 1307 3044 1368 pacto
3071 1299 3175 1354 hoc
3200 1301 3377 1357 dicis?
3404 1304 3490 1359 in-

1916 1388 2038 1456 quit
2068 1385 2350 1456 magistra.
2372 1415 2444 1426 --
2460 1384 2527 1442 G.
2548 1386 2814 1453 Quoniam
2837 1389 2983 1443 omni
3005 1389 3486 1462 rationisexperle,

1917 1479 2164 1548 inquam,
2195 1487 2346 1532 motu
2374 1488 2498 1548 post
2528 1480 2909 1550 purgationem
2931 1481 2986 1534 in
3013 1481 3172 1537 nobis
3192 1483 3486 1550 exstincto,

1917 1586 1987 1626 ne
2012 1570 2438 1640 concupiscendi
2468 1571 2686 1640 quidem
2707 1571 2790 1626 vis
2823 1586 3050 1642 prorsus
3076 1573 3182 1628 erit
3216 1591 3229 1627 :
3254 1590 3360 1644 qua
3393 1575 3489 1631 de-

222 1660 507 1721 το;.-Μ.
535 1659 695 1712 Ἀλλά
721 1657 856 1727 πρὸς
876 1656 1055 1721 τοῦτο,
1078 1658 1576 1729 φησὶν(67),ἐκεῖνό
1598 1679 1806 1732 φαμενΤ

1921 1663 2158 1728 llciente,
2191 1678 2462 1734 nusquam
2493 1663 2623 1718 boni
2651 1663 2987 1719 desiderium
3012 1662 3194 1728 fuerit,
3213 1679 3337 1726 cum
3367 1665 3489 1720 nul-

220 1750 308 1802 ὅτι
339 1751 398 1802 τὸ
429 1749 763 1821 θεωρητικόν
785 1765 844 1803 τε
879 1750 974 1802 καὶ
1003 1748 1338 1822 διακριτικὸν
1379 1749 1508 1802 ἴδιόν
1545 1753 1662 1806 ἐστι
1703 1754 1797 1806 τοῦ

221 1841 492 1905 θεοειδοῦς
511 1844 610 1910 τῆς
629 1840 830 1911 ψυχῆς,
855 1841 976 1893 ἐπεὶ
999 1840 1095 1894 καὶ
1123 1841 1184 1894 τὸ
1210 1840 1362 1895 Θεῖον
1382 1842 1438 1895 ἐν
1465 1840 1675 1906 τούτοις
1707 1861 1797 1898 κα·

215 1933 665 2003 ταλαμϐἀνομεν.
695 1933 760 1986 Ei
785 1932 964 1987 τοίνυν
992 1933 1102 1987 εἴτε
1122 1935 1187 1988 ἐκ
1212 1933 1312 2004 τῆς
1331 1933 1426 1988 νῦν
1452 1935 1794 2001 ἐπιμελείας,

217 2013 332 2063 εἴτε
370 2013 437 2063 ἐκ
477 2013 576 2082 τῆς
632 2012 772 2083 μετά
808 2013 980 2068 ταῦτα
1031 2015 1352 2086 καθάρσεως
1385 2016 1496 2087 (68)
1543 2017 1804 2089 ἐλευθέρα

215 2103 437 2171 γένοιτο
464 2105 595 2178 ἡμῖν
628 2107 660 2178 ἡ
693 2105 838 2179 ψυχή
877 2108 976 2180 τῆς
1009 2109 1144 2180 πρὸς
1171 2109 1240 2164 τά
1272 2109 1444 2179 ἀλογα
1472 2109 1579 2165 τῶν
1613 2111 1801 2166 παθῶν

217 2196 528 2265 συμφυΐας,
581 2197 732 2251 οὐδὲν
777 2198 915 2270 πρὸς
962 2200 1062 2272 τὴν
1103 2200 1195 2254 τοῦ
1234 2200 1402 2255 καλοῦ
1451 2201 1685 2273 θεωρίαν
1725 2204 1803 2257 ἐν-

215 2286 648 2358 αποδισθήσεται
677 2289 809 2362 (69).
843 2289 915 2344 Tb
945 2291 1051 2363 γὰρ
1077 2291 1242 2345 καλὸν
1274 2292 1520 2346 ἐλκτικόν
1543 2311 1660 2357 πως
1689 2294 1802 2365 (70)

216 2379 366 2432 κατά
393 2377 496 2450 τὴν
522 2381 715 2434 ἐαυτοῦ
749 2382 860 2452 (7|)
892 2383 1053 2453 φύσιν
1094 2384 1294 2449 παντὸς
1329 2384 1422 2438 τοῦ
1453 2385 1589 2456 πρὸς
1629 2388 1805 2443 ἐκεῖνο

218 2471 540 2540 βλέποντος.
587 2474 652 2526 ΕΞ
695 2469 788 2527 οὖν
822 2474 1002 2546 πάσης
1037 2475 1234 2541 κακίας
1273 2478 1307 2546 ἡ
1354 2475 1500 2548 ψυχὴ
1542 2477 1804 2550 καθαρεύο

219 2580 391 2627 σειεν,
434 2565 495 2616 ἐν
528 2563 608 2636 τῷ
636 2565 790 2636 καλῷ
815 2565 1030 2630 πάντως
1080 2567 1253 2623 ἔσται.
1289 2551 1471 2623 Καλὸν
1493 2569 1550 2622 δὲ
1587 2573 1654 2642 τῇ
1682 2571 1807 2624 ἐαυο

217 2653 316 2707 τοῦ
341 2655 508 2725 φύσει
539 2655 602 2709 τὸ
637 2655 791 2711 Θεῖον
813 2657 950 2729 πρὸς
986 2657 1014 2710 ὃ
1041 2658 1130 2712 διὰ
1161 2660 1260 2730 τῆς
1296 2660 1666 2734 καθαρότητος
1706 2661 1804 2735 τὴν

222 2742 526 2812 συνάφειαν
554 2745 666 2812 ἕξει
693 2745 772 2816 τῷ
796 2745 982 2818 οίκείῳ
1015 2751 1415 2821 συναπτομένη.

1919 1755 2005 1809 lus
2027 1754 2298 1824 ejusmodi
2325 1765 2506 1809 motus
2525 1754 2720 1809 animae
2744 1755 2970 1810 relictus
3001 1756 3070 1809 sit
3090 1754 3184 1824 qui
3206 1757 3406 1811 excitet
3419 1756 3488 1810 ad

1917 1848 2217 1917 appetitum
2243 1846 2537 1901 bonorum.
2562 1873 2634 1885 -—
2656 1845 2726 1900 Μ.
2756 1848 2827 1900 At
2854 1845 3114 1903 adversus
3136 1847 3259 1912 hoc,
3289 1847 3487 1919 inquit,

1919 1938 2053 1994 illud
2102 1937 2364 2003 dicimus,
2403 1936 2550 2006 quod
2575 1937 2896 2007 speculandi
2937 1953 3001 1992 ac
3036 1937 3376 2006 dijudicandi
3405 1939 3489 1995 vis

1917 2030 2142 2100 propria
2170 2038 2254 2084 est
2273 2029 2402 2099 ejus
2423 2031 2618 2085 animai
2646 2031 2818 2101 partis
2856 2043 2975 2099 quae
3011 2029 3120 2084 Deo
3153 2029 3345 2086 similis
3374 2040 3484 2095 est,

1918 2120 2178 2192 quoniam
2201 2120 2367 2175 etiam
2385 2121 2633 2176 divinum
2653 2135 2857 2175 numen
2883 2135 2980 2190 per
3000 2120 3114 2176 haec
3129 2120 3490 2190 comprehen-

1916 2210 2121 2266 dimus.
2143 2211 2220 2281 (a)
2244 2210 2303 2266 Si
2323 2226 2454 2283 ergo
2483 2212 2568 2266 vel
2586 2226 2734 2266 nunc
2759 2211 3001 2265 adhibita
3031 2225 3161 2265 cura
3183 2218 3344 2280 atque
3358 2211 3486 2267 dili-

1914 2303 2204 2372 gentia,vel
2218 2303 2448 2374 posthac
2460 2302 2698 2373 perignis
2710 2304 3086 2374 purgationem
3102 2303 3280 2357 anima
3299 2313 3486 2359 nostra

1919 2394 2091 2448 libera
2115 2393 2280 2449 fuerit
2301 2394 2368 2448 ab
2389 2408 2452 2449 ea
2475 2395 2862 2463 conjunctione
2887 2409 2994 2465 qua
3021 2409 3144 2450 eum
3158 2395 3366 2448 ratione
3395 2407 3488 2447 ca-

1917 2485 2170 2540 rentibus
2189 2485 2475 2540 aﬂ‘ectibus
2491 2485 2698 2548 coaluit
2711 2494 2872 2554 atque
2884 2485 3334 2546 concrevit,nulla
3349 2499 3404 2538 re
3417 2483 3486 2538 ad

1917 2573 2046 2629 boni
2063 2583 2118 2630 et
2140 2574 2357 2629 honesti
2375 2574 2892 2642 contemplati-onem
2910 2573 3235 2643 impedietur
3252 2592 3266 2627 :
3283 2573 3485 2627 bonum

1921 2676 2102 2722 autem
2131 2675 2186 2721 et
2207 2666 2494 2721 honestum
2515 2679 2636 2720 eam
2663 2665 2771 2718 vim
2797 2679 2863 2720 ex
2886 2666 2970 2720 sui
2995 2673 3191 2719 natura
3212 2665 3394 2730 habet,
3426 2670 3486 2717 ut

1921 2758 2188 2829 quidquid
2223 2759 2278 2812 in
2317 2756 2450 2812 illud
2478 2756 2774 2823 intueatur,
2805 2758 2860 2812 id
2887 2757 2955 2812 ad
2996 2773 3055 2814 se
3083 2756 3486 2828 quodammodo

232 2839 510 2895 attrahat.
566 2836 623 2890 Si
670 2835 837 2906 igitur
859 2834 1041 2888 anima
1068 2833 1137 2889 ab
1169 2837 1315 2889 omni
1347 2835 1640 2893 vitiositate
1669 2853 1805 2909 pura
1845 2840 2031 2909 fuerit,
2062 2844 2118 2898 in
2152 2844 2296 2899 bono
2316 2852 2375 2900 et
2395 2840 2621 2900 honesto
2650 2854 2875 2914 prorsus
2907 2841 3031 2902 erit.
3058 2851 3263 2904 Bonum
3295 2858 3476 2906 autem

231 2937 289 2985 et
316 2930 614 2984 honestum
652 2941 716 2980 ex
755 2925 838 2980 sui
879 2936 1075 2980 natura
1112 2941 1314 2981 numen
1353 2928 1597 2983 divinum
1627 2939 1732 2996 est,
1762 2947 1885 2988 cum
1926 2950 2037 3004 quo
2078 2952 2174 3007 per
2201 2937 2492 3004 puritatem
2537 2938 2718 2992 anima
2759 2939 3194 3007 conjunctioncm
3231 2943 3474 3010 habebit,

231 3020 442 3091 quippe
478 3033 603 3074 cum
635 3017 854 3087 proprio
875 3016 1156 3072 eobazrens
1194 3024 1358 3086 atque
1384 3019 1718 3073 coalescens.

295 3185 360 3239 Et
388 3180 484 3237 οὖν
508 3183 668 3238 τοῦτο
700 3185 931 3253 γένοιτο,
961 3187 1143 3242 οὐκέτι
1173 3186 1325 3243 ἔσται
1357 3188 1516 3260 χρεία
1556 3191 1654 3263 τῆς
1690 3191 1814 3246 κατ’

224 3275 524 3347 ἐπιθυμίαν
563 3277 859 3347 κινήσεως,
901 3278 935 3350 ἢ
987 3279 1126 3350 πρὸς
1153 3279 1216 3333 τὸ
1263 3279 1428 3333 καλὸν
1467 3281 1578 3352 (72)
1613 3284 1817 3354 ἡγεμο-

224 3365 428 3420 νεύσει.
484 3367 548 3420 Ὃ
571 3367 682 3439 γὰρ
712 3368 771 3422 ἐν
812 3369 990 3423 σκότει
1016 3371 1116 3442 τὴν
1149 3371 1426 3443 διαγωγὴν
1467 3372 1626 3444 ἔχων,
1663 3369 1819 3437 οὗτος

225 3457 284 3510 ἐν
327 3456 600 3530 ἐπιθυμίᾳ
650 3456 746 3512 τοῦ
797 3460 979 3529 φωτὸς
1020 3460 1207 3515 ἔσται’
1261 3463 1311 3515 εί
1352 3462 1407 3516 δὲ
1447 3464 1505 3515 ἐν
1553 3461 1632 3534 τῷ
1678 3463 1818 3534 φωτὶ

225 3551 459 3617 γένοιτο,
490 3551 592 3623 τὴν
633 3552 930 3622 ἐπιθυμίαν
959 3552 1236 3620 ἐκδέξεται
1267 3555 1300 3625 ἡ
1341 3555 1663 3620 ἀπόλαυσις,
1692 3557 1726 3626 ἡ
1756 3555 1815 3609 δὲ

228 3642 449 3706 ἐξουσία
473 3645 574 3714 τῆς
596 3643 949 3709 ἀπολαύσεως
976 3647 1155 3716 ἀργὴν
1183 3647 1277 3699 καὶ
1303 3645 1468 3702 ἕωλον
1503 3647 1604 3718 τὴν
1637 3646 1817 3700 ἐπιθυ-

232 3733 360 3802 μίαν
381 3735 702 3805 ἐργάζεται.
734 3736 944 3790 Οὐκοῦν
975 3737 1197 3808 οὐδεμία
1218 3755 1301 3801 τις
1323 3736 1475 3792 ἔσται
1499 3738 1587 3792 διὰ
1610 3737 1814 3792 τούτων

229 3825 404 3894 ζημία
453 3826 594 3898 πρὸς
635 3826 734 3900 τὴν
776 3828 870 3882 τοῦ
921 3828 1126 3898 ἀγαθοῦ
1189 3831 1512 3902 μετουσίαν,
1555 3832 1604 3884 εί
1651 3831 1818 3884 τοιού-

229 3932 338 3968 των
367 3915 483 3988 (75)
531 3919 563 3988 ἠ
592 3917 738 3988 ψυχὴ
774 3918 1092 3989 κινημάτων
1121 3917 1380 3990 ἐλευθέρα
1405 3917 1634 3988 γένοιτο,
1677 3919 1815 3989 πρὸς

230 4009 432 4081 ἑαυτὴν
469 4009 634 4063 πάλιν
670 4009 1060 4076 ἐπανελθοῦσα,
1092 4009 1184 4063 καὶ
1221 4010 1420 4081 ἑαυτὴν
1458 4008 1702 4081 ἀκριϐῶς
1735 4011 1814 4062 εί-

228 4101 396 4155 δοῦσα
433 4102 573 4172 (74),
595 4102 681 4156 οἶα
717 4105 784 4170 τῇ
814 4101 973 4171 φύσει
1001 4101 1137 4164 ἐστὶ,
1170 4103 1265 4155 καὶ
1289 4096 1405 4156 οἷον
1439 4103 1498 4154 ἐν
1526 4102 1817 4173 κατόπτρῳ

233 4194 328 4247 καὶ
348 4194 520 4247 εἰκόνι
545 4193 636 4246 διὰ
659 4193 768 4246 τοῦ·
785 4194 984 4248 οἰκείου
1007 4193 1236 4257 κάλλους
1266 4193 1404 4266 πρὸς
1435 4192 1495 4246 τὸ
1515 4193 1818 4264 ἀρχέτυπον

233 4284 535 4354 βλέπουσα.
585 4285 826 4356 Ἀληθῶς
863 4286 971 4356 γὰρ
1008 4286 1066 4337 ἐν
1105 4285 1278 4354 τούτῳ
1322 4283 1468 4338 ἐστιν
1499 4285 1672 4338 εἰπεῖν
1718 4284 1819 4356 τὴν

1988 3189 2048 3246 Si
2073 3187 2242 3260 igitur
2275 3186 2382 3243 hoc
2419 3173 2704 3249 acciderit,
2754 3196 2865 3237 non
2895 3177 3132 3250 amplius
3183 3177 3506 3248 cupiditatis

1915 3292 2098 3340 motus
2126 3295 2265 3351 opus
2296 3279 2422 3341 erit,
2449 3277 2543 3348 qui
2583 3275 2740 3330 nobis
2791 3280 2994 3344 praaeat
3014 3286 3078 3326 ac
3109 3271 3218 3325 dux
3246 3270 3320 3324 sit
3342 3273 3410 3325 ad
3445 3270 3498 3324 id

1917 3375 2064 3447 quod
2096 3374 2299 3428 bonum
2332 3379 2386 3426 et
2405 3370 2697 3424 honestum
2741 3373 2860 3422 est:
2896 3379 3020 3419 nam
3053 3363 3228 3433 quiin
3263 3361 3507 3418 tenebris

1916 3468 2090 3523 vitam
2114 3463 2285 3535 degit,
2313 3464 2361 3518 is
2393 3462 2570 3516 lucem
2597 3457 3014 3522 desideraverit,
3065 3455 3156 3525 qui
3188 3454 3305 3509 siin
3329 3454 3506 3507 lucem

1920 3558 2254 3630 pervenerit,
2287 3569 2462 3623 eaque
2509 3551 2616 3605 frui
2651 3564 2715 3603 ac
2765 3547 2932 3618 potiri
2991 3546 3240 3614 coeperit,
3300 3559 3510 3599 concu-

1921 3651 2136 3722 piscere
2165 3654 2331 3718 atque
2385 3641 2702 3700 desiderare
2759 3638 2990 3694 desinet.
3058 3634 3315 3690 Facultas
3359 3635 3509 3688 enim

1926 3750 2091 3811 atque
2113 3745 2355 3812 potestas
2384 3734 2629 3808 potiendi
2658 3740 2821 3804 atque
2855 3729 3074 3785 fruendi
3107 3742 3300 3783 vanam
3341 3736 3396 3783 et
3421 3727 3513 3781 in-

1926 3832 2115 3888 utilem
2139 3829 2303 3888 eliicit
2333 3827 2706 3896 cupiditatem.
2740 3821 3011 3888 Quocirca
3039 3833 3137 3888 per
3157 3817 3274 3870 haec
3296 3815 3509 3870 nullum

1927 3922 2317 3979 detrimentum
2354 3916 2568 3972 accidet
2622 3913 2690 3968 ad
2725 3912 2852 3967 boni
2903 3908 3405 3981 participationem,
3462 3905 3512 3960 si

1923 4028 2120 4072 rursus
2151 4012 2217 4066 ad
2242 4025 2365 4067 sese
2388 4008 2570 4062 anima
2600 4019 2848 4067 reversa,
2867 4018 2931 4058 ac
2945 4003 3103 4072 plene
3126 4017 3246 4057 sese
3277 4016 3513 4056 noscens

1923 4119 2034 4176 qua
2065 4111 2263 4158 natura
2295 4100 2524 4172 prmdita
2557 4098 2652 4164 sit,
2683 4104 2740 4152 et
2769 4097 2920 4151 velut
2945 4096 3000 4149 in
3035 4093 3264 4163 speculo
3294 4103 3348 4148 et
3371 4093 3514 4145 ima-

1923 4196 2050 4267 gine
2073 4209 2170 4264 per
2210 4191 2488 4261 propriam
2543 4186 3008 4259 pulchritudinem
3038 4185 3104 4238 ad
3156 4183 3513 4266 principalem

1924 4283 2250 4354 respiciens,
2277 4296 2308 4336 a
2333 4279 2537 4335 talibus
2593 4278 2838 4333 moribus
2895 4275 3063 4330 libera
3095 4273 3279 4326 fuerit.
3323 4270 3381 4326 ln
3411 4272 3516 4325 hoc

231 4375 438 4447 ἀκριϐῆ
469 4374 611 4448 πρὸς
639 4375 702 4428 τὸ
727 4373 882 4429 Θεῖον
926 4372 1064 4431 εἶναι
1096 4375 1374 4448 ὁμοίωσιν,
1415 4375 1474 4428 ἐν
1513 4373 1592 4446 τῷ
1637 4377 1810 4447 μιμεῖ-

1925 4376 2072 4432 euim
2107 4373 2380 4430 verelicet
2415 4371 2602 4427 dicere
2624 4369 2845 4440 plenam
2878 4373 2934 4422 et
2955 4365 3260 4420 absolutam
3287 4377 3410 4420 esse
3433 4361 3518 4416 di-

313 4553 430 4693 (61)
457 4555 765 4611 Γίνεσθαι.
809 4556 850 4612 Β
879 4555 1144 4626 γενέσθαι.

315 4626 405 4693 (62
458 4626 582 4680 Ὅτι
615 4626 710 4680 δι’.
744 4626 786 4678 Β
811 4628 904 4681 καὶ
931 4628 1011 4680 ὅτι
1037 4627 1132 4682 δι’.

315 4625 429 4693 (62)
458 4626 582 4680 Ὅτι
615 4626 710 4680 δι’.
744 4626 786 4678 Β
811 4625 904 4681 καὶ
931 4628 1011 4680 ὅτι
1037 4627 1132 4682 δι’.
1161 4627 1207 4679 A
1238 4627 1319 4682 ὅτι
1348 4625 1462 4680 καί.

341 4697 432 4767 65)
475 4696 849 4767 Ἐπιθυμίαγ.
886 4697 928 4767 Β
954 4697 1267 4767 ἐπιθυμίας.

465 4765 606 4838 Τιξοὰ
629 4765 860 4838 σὲιράν.
961 4766 1003 4818 Β
1028 4765 1134 4820 τινὶ
1161 4767 1337 4838 σειρᾷ.

343 4833 431 4908 ($5)
463 4834 599 4908 Πῶς
626 4833 862 4908 τοῦτον.
899 4837 949 4908 An
979 4838 1097 4908 πῶς
1128 4833 1306 4892 τοῦτοί

317 4905 433 4976 (66)
471 4906 731 4972 Ὀρεξιν.
756 4907 801 4958 Β
825 4906 1003 4976 ὄρεξιν
1039 4906 1201 4974 λέγω.

316 4975 434 5047 (67)
460 4976 680 5045 Φησίν.
706 4976 752 5028 Δ
772 4975 936 5047 φησὶν
963 4978 997 5047 ὴ
1018 4975 1354 5040 διδάσκαλος.

320 5179 398 5252 (α)
434 5177 833 5252 Σχότὶιονηίγε
858 5179 922 5252 de
952 5177 1190 5252 omnibus
1218 5178 1314 5232 hoc
1341 5189 1460 5232 eum
1494 5176 1695 5252 dixisse
1716 5175 1833 5252 eui-

250 5247 454 5311 stiines.
483 5247 574 5304 sed
607 5249 672 5302 de
707 5248 816 5302 illis
862 5250 919 5302 in
947 5249 1133 5318 quibus
1171 5263 1346 5318 parum
1392 5247 1636 5317 quietiam
1662 5247 1836 5318 (vitio-

248 5338 324 5375 sa:
371 5321 492 5374 uitis
547 5319 746 5390 fuerint
781 5317 1040 5390 reliquiis,
1070 5317 1186 5388 qua?
1215 5326 1429 5390 propter
1467 5317 1837 5390 infirmitatem

250 5391 428 5444 carnis
459 5391 609 5444 venia
647 5389 819 5459 digna:
851 5387 956 5442 sint
981 5401 1060 5459 :Aa
1084 5387 1223 5459 'quo:
1245 5389 1454 5459 animus
1477 5389 1694 5456 purgari
1718 5387 1836 5439 ait:

773 5459 936 5513 etiam
964 5457 1059 5511 alii
1084 5457 1301 5526 quidam
1359 5457 1552 5511 Patres
1584 5465 1794 5526 censent
1816 5469 1836 5508 :

292 5459 478 5515 ucmad
485 5460 700 5514 modum

2003 4556 2118 4626 (68)
2150 4553 2523 4626 Kaﬂdpaewc.
2543 4554 2599 4626 _A
2639 4552 2694 4607 in
2729 4549 2975 4626 margine
3001 4546 3318 4626 nuptii‘aetoc.

2027 4616 2116 4693 69)
2161 4616 2750 4688 Ἐναᾶοδισθήσεταα
2779 4623 2826 4693 A_
2852 4621 2892 4693 _B
2918 4616 3392 4693 ἐμποδισθήσεται.

2032 4688 2121 4764 70)
2161 4694 2652 4764 Έλκτικίόνᾼπως.
2683 4693 2733 4764 ᾼ
2761 4689 2913 4745 addit
2941 4688 3079 4741 ἐστι.

2032 4760 2121 4832 71)
2169 4763 2442 4819 Ἑαυτοῦ.
2476 4761 2517 4812 Β
2545 4760 2732 4816 αὑτοῦ.

2032 4823 2122 4900 72)
2157 4834 2312 4901 Πρὸς
2344 4833 2411 4884 τὸ
2445 4832 2654 4885 καλόν.
2681 4832 2724 4883 Α
2756 4835 2813 4901 et
2839 4829 2882 4881 B
2915 4825 3119 4901 addunt
3147 4823 3301 4896 ἡμῖν.

2011 4897 2122 4976 (75)
2154 4897 2441 4976 ζοι-οὗῌτων
2466 4902 2715 4976 sequitur
2752 4899 2808 4952 in
2837 4897 3036 4976 ᾼσῶν.
3137 4962 3150 4976 ο

2007 4963 2121 5046 (74)
2158 4971 2441 5026 Εἱδοῦσα.
2468 4971 2514 5024 Δ
2537 4963 2579 5023 Β
2603 4969 2805 5025 ἰδοῦσα.
2828 4969 2871 5020 Α
2893 4967 2947 5022 in
2981 4963 3225 5036 margine
3256 4963 3448 5017 εἰδυῖα.

1936 5173 2021 5227 ria
2062 5171 2317 5226 dicentem
2350 5169 2704 5225 ostendemus.
2738 5164 2954 5219 Dicebat
2980 5163 3118 5218 enim
3151 5170 3272 5216 ante
3293 5160 3404 5216 lucc
3437 5161 3523 5214 in-

1937 5245 2078 5298 vium
2127 5251 2175 5297 et
2207 5242 2535 5294 inaccessum
2566 5235 2924 5309 peccatoribus
2952 5241 3341 5309 esse_bonarttnt
3373 5247 3525 5309 usum

1939 5313 2191 5383 fructum,
2215 5321 2370 5383 atque
2401 5302 2574 5383 etiam'
2597 5323 2715 5362 cum
2761 5303 3143 5383 divinisuerbis
3179 5317 3413 5372 pugnare
3438 5302 3528 5383 ile-

1939 5371 2324 5438 'monstrabitu'r
2350 5419 2364 5442 ,
2399 5379 2586 5448 quibus
2618 5376 2912 5448 ostenditur
2948 5375 3163 5448 illarum
3192 5389 3396 5441 pcenam
3425 5371 3528 5439 ﬁne

1942 5469 2145 5507 carere.
2177 5451 2296 5505 Erit
2326 5445 2489 5517 igitur
2520 5445 2886 5517 peccatoribus
2905 5461 3087 5499 eorum
3108 5445 3383 5517 bonorum,
3411 5455 3530 5517 quae

279 5510 559 5600 ipsa;
575 5510 694 5600 ’ξεί
747 5510 930 5600 ebeni
965 5510 1269 5600 ιιίοιίνέὲμέ-
1290 5510 1667 5600 inopen-1a,-
1699 5525 1838 5600 ιιεηι
1932 5510 2540 5600 ἀεξιείεγεσοηείίῖειρυῖιὶ
2576 5535 2703 5600 νινε
2730 5517 2959 5600 ("cit"-
2986 5510 3531 5600 “Wmi'ﬁf’jﬁﬁ‘.”

254 5595 562 5656 Diadochus
583 5598 828 5654 .Photicte
849 5595 1202 5668 episcapuéﬂ
1207 5597 1271 5652 isi
1284 5598 1421 5653 enim
1440 5597 1497 5668 (id
1512 5595 1840 5668 intellexeri-

257 5685 394 5741 mus,
429 5681 480 5727 et
507 5669 753 5728 omnibus
787 5667 908 5725 aliis
937 5667 1264 5736 doctoribus,
1292 5677 1342 5722 et
1377 5667 1478 5723 sibi
1505 5667 1603 5739 ipsi
1629 5674 1838 5722 contra-

1942 5579 2228 5647 bitiositate
2273 5587 2588 5644 desiderium
2642 5579 2786 5648 boni,
2845 5579 3112 5642 Memento
3168 5597 3330 5652 supra
3352 5579 3526 5634 dicto-

1945 5678 2082 5717 NH".
