3950 6132
245 304 316 360 93
1302 308 1390 364 DE
1429 309 1648 366 ANIMA
1691 311 1779 368 ΕΤ
1817 313 2418 374 RESURRECTIONE.
2520 331 2522 334 ’
3411 338 3489 393 9ὅ

243 415 467 488 μετοχὴν
491 414 660 470 καλοὖ
689 433 835 480 τινος
861 418 918 472 ἐν
940 419 1015 489 τῷ
1041 421 1190 492 καλῷ
1223 425 1510 495 κινουμένη
1541 425 1672 492 (9|),
1694 426 1806 478 ἀλλ’

1934 429 2018 482 ius
2065 430 2308 499 indigeat
2353 445 2542 485 earum
2583 445 2763 485 rerum
2837 447 2957 502 qua:
3007 434 3150 488 circa
3200 434 3399 488 bonum
3429 450 3485 494 et

239 511 370 583 αὐτὴ
395 508 530 565 οὖσα
553 513 588 582 ὴ
607 510 704 564 τοῦ
736 513 901 565 καλοῦ
929 513 1108 582 φύσις,
1132 516 1160 568 ὃ
1202 517 1256 568 τί
1294 533 1424 570 ποτε
1457 519 1552 571 καὶ
1585 513 1724 572 εἶναι
1752 519 1813 572 τὸ

239 603 396 660 καλὸν
424 606 453 658 ὁ
473 604 599 667 νοῦς
627 604 956 672 ὑποτίθεται,
989 605 1109 660 οὔτε
1144 608 1242 678 τὴν
1271 609 1585 680 ἐλπιστικὴν
1607 610 1820 680 κίνησιν

237 698 295 748 ὲν
333 697 502 765 ἑαυτῇ
545 695 781 765 δέχεται.
831 696 974 766 Πρὸς
1015 697 1124 766 γὰρ
1151 697 1212 750 τὸ
1255 697 1329 769 μὴ
1373 700 1546 768 παρὸν
1594 701 1627 770 ἡ
1667 700 1820 764 ἐλπὶς

237 786 529 854 ἐνήργηται
553 784 666 854 (92)
697 784 876 854 μόνον.
915 788 980 838 ’0
1005 787 1061 840 δέ
1103 787 1215 856 ἔχει
1246 805 1350 851 τις,
1386 789 1440 842 τί
1469 790 1564 843 καὶ
1587 791 1820 855 ἐλπίζει;

237 876 402 946 φησὶν
435 878 464 929 ὁ
517 876 840 940 Ἀπόστολος
882 877 1014 946 (95).
1051 876 1188 930 Οὔτε
1233 879 1332 948 τῆς
1379 881 1816 950 μνημονευτικῆς

240 965 517 1036 ἐνεργείας
548 966 689 1035 πρὸς
730 967 830 1036 τὴν
872 965 980 1019 τῶν
1027 966 1196 1020 ὄντων
1241 968 1551 1038 ἐπιστήμην
1595 969 1814 1039 ἐπιδεὴς

241 1060 368 1112 ἐστι·
393 1056 456 1110 τὸ
482 1056 592 1128 γὰρ
623 1057 949 1130 βλεπόμενον
978 1057 1072 1112 τοῦ
1103 1058 1539 1130 μνημονευθῆναι
1570 1060 1677 1130 (94)
1716 1061 1816 1114 οὐκ

235 1151 261 1202 ἐ
272 1147 529 1200 πιδέεται.

1920 519 2210 575 honestum
2233 521 2636 592 intelliguntur,
2671 537 2796 577 cum
2827 523 2942 594 ipsa
2973 524 3045 578 sit
3080 525 3346 579 bonorum
3379 527 3489 594 ple-

1919 610 2132 676 nitudo,
2169 627 2346 682 neque
2386 621 2645 684 tanquam
2682 616 2954 686 particeps
3005 619 3240 688 alicujus
3269 620 3398 674 boni
3434 629 3488 674 et

1921 701 2136 757 honesti
2168 703 2224 757 in
2266 704 2408 758 bono
2439 715 2706 769 versetur,
2743 707 2836 762 sed
2881 709 2996 778 ipsa
3040 710 3111 764 sit
3155 711 3326 778 ipsius
3359 711 3488 764 bont

1921 801 1976 846 et
2023 793 2238 848 honesti
2271 803 2466 849 natura
2500 795 2889 867 (quodcunque
2930 801 3148 854 tandem
3188 801 3351 855 etiam
3384 802 3486 855 bo-

1923 897 2050 935 num
2078 893 2133 936 et
2163 882 2454 940 honestum
2481 901 2604 940 esse
2642 903 2797 942 mens
2826 888 3196 960 ponit),neque
3224 891 3482 958 sperandi

1921 981 2126 1026 motum
2147 972 2202 1027 in
2225 989 2346 1029 sese
2375 976 2614 1030 admittit
2646 977 2793 1046 (spes
2837 978 2982 1031 enim
3010 978 3076 1032 ad
3113 978 3167 1032 id
3197 981 3338 1048 quod
3377 996 3486 1034 non

1921 1062 2075 1117 adest
2100 1063 2365 1118 duntaxat
2395 1065 2718 1130 adhibetur,
2775 1067 2920 1137 quod
2950 1075 3128 1122 autem
3159 1071 3281 1136 quis
3327 1070 3490 1123 habet

1921 1167 2022 1206 cur
2055 1154 2219 1208 etiam
2254 1157 2482 1226 speret?
2507 1157 2685 1226 inquit
2713 1157 2933 1214 divinus
2965 1157 3487 1230 Apostolus),neque

237 1243 623 1298 reminiscendi
670 1258 736 1298 ac
789 1244 1113 1300 recordandi
1168 1244 1455 1301 efﬁcientia
1501 1245 1570 1300 ad
1623 1259 1806 1300 rerum
1845 1245 2131 1303 scientiam
2181 1263 2322 1319 opus
2359 1251 2540 1308 habet.
2612 1252 2769 1318 Quod
2831 1253 2976 1308 enim
3019 1253 3232 1310 videtur
3307 1270 3494 1310 recor-

234 1334 455 1390 datione
501 1349 614 1390 non
656 1334 882 1404 indiget.

319 1449 473 1503 Ἐπεὶ
503 1449 614 1519 (95)
642 1450 699 1503 δὲ
735 1449 844 1520 (96)
875 1445 968 1502 οὖν
1007 1449 1204 1514 παντὸς
1242 1450 1444 1519 ἀγαθοῦ
1491 1452 1747 1506 ἐπέκεινα
1785 1454 1818 1523 ἠ

236 1543 358 1596 θεία
399 1541 584 1611 φύσις,
623 1542 686 1594 τὸ
718 1540 775 1593 δὲ
806 1540 1002 1608 ἀγαθὸν
1039 1540 1242 1609 ἀγαθοῦ
1276 1542 1426 1611 φίλον
1463 1543 1697 1610 πάντως,
1735 1543 1822 1598 διὰ

1995 1450 2263 1516 Quoniam
2309 1449 2475 1522 igitur
2504 1451 2686 1506 divina
2736 1458 2934 1504 natura
2987 1465 3155 1521 supra
3195 1465 3356 1507 omne
3395 1453 3494 1507 bo-

1927 1557 2056 1596 num
2103 1549 2210 1607 est,
2264 1557 2328 1596 ac
2375 1542 2520 1597 bono
2580 1542 2783 1597 bonum
2831 1557 3059 1612 prorsus
3101 1542 3335 1596 amicum
3384 1552 3490 1609 est,

235 1633 394 1686 τοῦτο
423 1634 480 1686 ἐν
508 1633 674 1702 ἐαυτῇ
701 1633 812 1701 (97)
854 1631 1155 1701 βλέπουσα,
1190 1634 1284 1686 κα).
1308 1633 1337 1686 ὃ
1373 1633 1485 1704 ἔχει
1517 1635 1690 1700 θέλει,
1726 1636 1821 1690 καὶ

1930 1632 2133 1687 idcirco
2153 1648 2275 1687 cum
2301 1633 2534 1702 seipsam
2579 1633 2844 1700 intuetur,
2898 1639 2951 1687 et
2989 1633 3135 1702 quod
3164 1633 3329 1687 habet
3363 1633 3493 1700 vult,

234 1725 262 1777 ὄ
310 1724 454 1777 θέλει
491 1723 623 1793 ἔχει,
646 1724 796 1778 οὐδὲν
819 1722 926 1776 τῶν
960 1723 1158 1789 ἔξωθεν
1184 1725 1264 1788 είς
1291 1725 1488 1796 ἑαυτὴν
1528 1727 1814 1798 δεχομένη,

237 1815 344 1881 ἔξω
367 1815 425 1868 δὲ
451 1815 618 1884 αὐτῆς
645 1815 815 1880 οὐδὲν,
849 1816 930 1868 ὅτι
963 1816 1038 1886 μὴ
1075 1817 1108 1886 ἡ
1142 1816 1309 1870 κακία
1357 1817 1527 1886 μόνη,
1567 1817 1721 1887 ἥτις,
1769 1818 1818 1871 εί

238 1908 341 1964 κᾶν
375 1908 485 1980 (98)
518 1909 820 1980 παράδοξον
863 1911 1056 1975 εἰπεῖν,
1092 1912 1150 1963 ἐν
1187 1909 1264 1980 τῷ
1305 1909 1380 1982 μὴ
1422 1908 1560 1964 εἶναι
1593 1912 1653 1964 τὸ
1679 1907 1816 1966 εῖναι

234 1998 349 2069 ἔχει
371 2017 386 2032 θ
417 1999 479 2052 ού
526 1999 633 2070 γὰρ
661 1999 793 2069 ἄλλη
827 1999 910 2062 τίς
948 2001 1062 2052 ἐστι
1099 1999 1191 2053 κα).
1216 1999 1414 2062 κακίας
1445 1999 1557 2071 (99)
1575 2001 1815 2068 γένεσις,

179 2085 184 2089 ’
233 2093 285 2145 εἰ
319 2090 396 2162 μὴ
435 2090 528 2144 τοῦ
567 2093 721 2154 ὄντος
746 2091 879 2162 (99°)
916 2091 1188 2162 στέρησις.
1229 2092 1302 2145 Τὸ
1339 2092 1398 2145 δὲ
1439 2092 1640 2164 κυρίως
1678 2091 1736 2146 ὄν
1781 2093 1814 2164 ὴ

231 2183 332 2237 τοῦ
357 2183 566 2252 ἀγαθοῦ
591 2183 751 2252 φύσις
770 2183 939 2239 ἐστίν.
973 2185 1036 2237 Ὃ
1065 2179 1155 2237 οὖν
1181 2185 1238 2236 ἐν
1269 2183 1348 2253 τῷ
1379 2183 1492 2236 ὄντι
1520 2184 1620 2237 οὐκ
1648 2182 1814 2249 ἐστιν,

235 2275 297 2327 ἐν
347 2273 430 2343 τῷ
471 2273 546 2344 μὴ
587 2268 725 2326 εἶναι
766 2273 981 2336 πάντως
1025 2273 1191 2326 ἐστίν.
1243 2273 1490 2326 Ἐπειδὰν
1517 2268 1611 2326 οὖν
1651 2273 1744 2326 καὶ
1784 2274 1817 2344 ὴ

233 2364 386 2435 ψυχὴ
419 2365 599 2419 πάντα
623 2364 690 2418 τὰ
726 2365 944 2418 ποικίλα
966 2364 1063 2435 τῆς
1089 2363 1300 2432 φύσεως
1325 2363 1818 2434 ἁποσκευασαμένη

232 2457 518 2526 κινήματα
560 2455 797 2526 θεοειδὴς
847 2455 1055 2524 γίνεται
1089 2456 1186 2524 (1),
1238 2455 1330 2508 καὶ
1382 2453 1667 2526 ύπερϐἄσα
1721 2453 1819 2524 τὴν

235 2547 539 2618 ἐπιθυμίαν
581 2549 640 2600 ἐν
680 2547 872 2616 ἐκείνῳ
907 2541 972 2620 ᾖ,
1013 2547 1148 2616 πρὸς
1186 2545 1214 2598 ὃ
1256 2545 1359 2598 ὑπὸ
1393 2548 1492 2614 τῆς
1529 2544 1821 2614 ἐπιθυμίας

234 2638 375 2702 τέως
401 2637 643 2708 ὑπῄρετο
673 2636 771 2706 (2),
813 2636 992 2689 οὐκέτι
1021 2635 1160 2710 τινὰ.
1184 2636 1260 2702 (5)
1295 2634 1488 2706 σχολὴν
1523 2635 1734 2688 δίδωσιν
1763 2637 1822 2688 ἐν

236 2730 430 2798 ἑαυτῇ,
457 2726 582 2780 οὔτε
603 2729 666 2798 τῇ
690 2727 885 2789 ἐλπίδι,
909 2723 1031 2778 οὔτε
1066 2728 1131 2796 τῇ
1162 2724 1238 2796 (4)
1271 2726 1460 2798 μνήμῃ
1482 2766 1495 2788 ,
1521 2725 1580 2778 τὸ
1603 2726 1708 2798 γὰρ
1744 2726 1819 2796 (5)

237 2818 596 2888 ἐλπιζόμενον
636 2817 765 2887 ἔχει·
810 2818 843 2887 ἡ
887 2816 942 2869 δὲ
969 2815 1043 2886 (6)
1085 2817 1214 2885 περ).
1247 2815 1345 2886 τὴν
1379 2816 1676 2869 ἀπόλαυσιν
1713 2817 1821 2871 τῶν

239 2911 462 2980 ἀγαθῶν
500 2909 726 2979 ἀσχολία
757 2907 854 2977 τὴν
895 2909 1112 2977 μνήμην
1149 2904 1401 2978 ἐκκρούει
1432 2907 1530 2976 τῆς
1561 2907 1818 2970 διανοίας-

1923 1734 1978 1781 et
2015 1726 2160 1796 quod
2203 1727 2320 1780 vult
2371 1726 2557 1790 habet,
2607 1725 2744 1780 nihil
2793 1734 3081 1780 externum
3137 1725 3192 1778 in
3243 1741 3363 1780 sese
3401 1725 3496 1778 ad-

1925 1818 2169 1872 mittens.
2209 1815 2375 1872 Extra
2403 1831 2524 1871 eam
2573 1825 2753 1870 autem
2801 1816 2936 1870 nihil
2971 1824 3330 1886 praeterquam
3380 1817 3497 1869 sola

1923 1908 2192 1964 vitiositas
2215 1915 2318 1969 est,
2342 1923 2485 1977 quae,
2515 1907 2618 1962 etsi
2640 1906 2792 1962 dictu
2821 1907 3120 1962 absurdum
3153 1915 3206 1961 et
3229 1921 3259 1959 a
3286 1907 3494 1975 vulgari

1925 1998 2183 2068 Opinione
2218 1998 2455 2052 alienum
2499 2004 2606 2061 est,
2644 1998 2700 2051 in
2747 2013 2814 2052 eo
2854 1997 3000 2067 quod
3041 2013 3150 2050 non
3184 2005 3288 2062 est,
3335 2011 3494 2051 suum

1923 2105 2048 2146 esse
2080 2090 2260 2145 habet.
2293 2087 2412 2145 Non
2450 2089 2596 2143 enim
2637 2088 2744 2143 ulla
2777 2088 2884 2142 alia
2915 2087 3193 2158 generatio
3226 2087 3496 2141 vitiositas

1923 2191 2027 2247 est,
2056 2195 2220 2250 quam
2263 2180 2383 2250 ejus
2417 2179 2565 2250 quod
2615 2187 2702 2234 est
2729 2179 2963 2249 privatio
3003 2171 3283 2248 (a).'Quod
3316 2186 3496 2232 autem

1926 2274 2146 2343 proprie
2188 2279 2294 2337 est,
2330 2271 2460 2325 boni
2510 2277 2704 2324 natura
2745 2277 2852 2326 est.
2887 2269 3040 2335 Quod
3079 2270 3246 2340 igitur
3285 2270 3338 2323 in
3373 2277 3499 2325 ente

1925 2377 2034 2416 non
2056 2371 2159 2426 est,
2192 2362 2246 2415 in
2282 2378 2347 2417 eo
2375 2361 2521 2433 quod
2561 2377 2670 2416 non
2699 2369 2782 2416 est
2811 2377 3038 2431 prorsus
3069 2369 3170 2417 est.
3200 2361 3496 2432 Postquam

1926 2454 2094 2523 igitur
2149 2453 2331 2507 anima
2391 2469 2630 2524 quoque,
2687 2453 2988 2524 scgregatis
3034 2453 3288 2506 omnibus
3334 2451 3500 2506 variis

1925 2550 2136 2596 natura:
2183 2545 2442 2606 motibus,
2479 2543 2590 2598 Deo
2638 2545 2837 2598 similis
2867 2543 3056 2597 effecta
3100 2541 3286 2604 fuerit,
3338 2549 3501 2611 atque

1930 2642 2188 2703 superata
2239 2635 2540 2704 cupiditate
2587 2635 2640 2688 in
2697 2634 2791 2688 illo
2835 2633 3017 2699 fuerit,
3072 2632 3140 2687 ad
3195 2633 3340 2702 quod
3369 2633 3500 2687 olim

1927 2740 1957 2778 a
1987 2725 2284 2796 cupiditate
2309 2726 2626 2796 erigebatur
2651 2733 2704 2780 et
2761 2724 3093 2779 incitabatur
3127 2739 3235 2778 non
3267 2725 3500 2795 amplius

1927 2817 2266 2873 consistendi
2308 2818 2490 2872 locum
2520 2819 2573 2872 in
2625 2832 2745 2872 sese
2775 2817 2890 2881 dat,
2925 2832 3101 2886 neque
3145 2817 3282 2887 spei,
3325 2832 3501 2887 neque

1930 2907 2291 2962 recordationi
2313 2949 2326 2974 ,
2357 2924 2480 2961 nam
2513 2908 2658 2978 quod
2687 2907 2906 2978 quidem
2939 2908 3262 2978 sperabatur
3307 2907 3499 2974 habet;

243 3001 335 3054 καὶ
355 2998 502 3054 οὕτω
530 2999 628 3068 τὴν
661 2997 1034 3067 ὑπερέχουσαν
1070 2996 1318 3064 μιμεῖται
1359 2994 1502 3064 ζωὴν
1534 2996 1646 3058 τοῖς
1691 2993 1822 3047 ἰδιώ-

1930 2995 2284 3063 occupatione
2327 3003 2506 3050 autem
2559 2996 2912 3051 fruendorum
2965 2995 3232 3051 bonorum
3298 3012 3503 3050 memo-

247 3110 380 3164 μασι
423 3092 528 3161 τῆς
578 3090 729 3154 θείας
778 3088 990 3158 φύσεως
1035 3086 1492 3157 ἐμμορφωθεῖσα,
1535 3086 1610 3149 ὡς
1658 3086 1821 3155 μηδὲν

245 3184 636 3255 ὑπολειφθῆναι
661 3182 769 3236 τῶν
789 3181 960 3236 ἄλλων
981 3179 1139 3248 αὐτῇ,
1180 3177 1318 3255 πλὴν
1348 3178 1446 3247 τῆς
1478 3178 1822 3248 ἀγαπητικῆς

245 3279 562 3340 διαθέσεως,
592 3273 837 3345 φυσικῶς
874 3273 950 3344 τῷ
993 3271 1142 3342 καλῷ
1169 3251 1608 3341 π’ροσφυομένης.
1654 3267 1824 3320 Τοῦτο

245 3370 353 3439 γάρ
389 3370 540 3422 ἐστιν
570 3370 603 3438 ἡ
638 3366 824 3437 ἀγάπη
847 3405 862 3428 ,
885 3367 919 3436 ή
956 3364 1091 3435 πρὸς
1121 3363 1182 3416 τὸ
1216 3359 1552 3431 καταθύμιον
1587 3359 1822 3413 ἐνδιάθε-

249 3479 334 3524 τος
368 3460 576 3530 σχέσις.
618 3459 786 3512 Ὅταν
810 3452 960 3527 οὖνὴ
992 3454 1138 3524 ἁπλῆ
1177 3454 1254 3524 (7)
1285 3453 1377 3506 καὶ
1417 3451 1694 3521 μονοειδὴς
1729 3451 1824 3504 κα).

248 3551 494 3623 ἀκριϐῶς
517 3548 814 3612 Θεοείκελος
855 3547 930 3619 (8)
963 3549 996 3616 ἡ
1036 3544 1181 3616 ψυχὴ
1215 3543 1472 3614 γινομένη
1505 3541 1580 3612 (9)
1613 3540 1824 3612 εὕροιτο

249 3641 466 3712 ἀληθῶς
490 3640 696 3694 ἁπλοῦν
729 3656 790 3692 τε
810 3638 904 3692 καὶ
935 3637 1095 3692 ἄῡλον
1125 3634 1346 3704 ἀγαθὸν,
1374 3633 1547 3686 ἐκεῖνο
1569 3630 1630 3683 τὸ
1647 3631 1824 3700 ’μόνον

250 3730 390 3784 τοιόν
425 3745 481 3782 τι
519 3728 632 3800 (10)
664 3725 948 3797 ἀγαπητὸν
977 3725 1070 3778 καὶ
1101 3724 1360 3795 ἐράσμιον
1400 3720 1738 3792 προσφύεται
1764 3736 1824 3772 τε

252 3821 398 3893 αύτῷ
451 3821 550 3876 καὶ
615 3819 1067 3888 συνανακιρνᾶται
1107 3814 1216 3887 (Η)
1263 3814 1350 3869 διὰ
1390 3815 1488 3884 τῆς
1535 3810 1826 3882 ἀγαπητῆς

253 3912 519 3984 κινήσεώς
558 3928 618 3966 τε
644 3913 738 3964 κα).
768 3908 1065 3981 ἐνεργείας,
1102 3906 1240 3978 πρὸς
1274 3906 1337 3959 τὸ
1361 3906 1448 3959 ἀεὶ
1477 3902 1827 3975 καταλαμϐα-

257 4005 475 4076 νόμενόν
507 4021 568 4057 τε
598 4003 693 4058 κα).
725 4001 1108 4073 εὑρισκόμενον
1148 3996 1344 4068 ἑαυτὴν
1388 3998 1690 4070 μορφοῦσα’
1733 3996 1828 4050 κα).

329 4233 435 4304 (91)
461 4232 816 4304 Κινονμένη.
846 4233 888 4284 Α
917 4233 960 4284 Β
983 4231 1261 4304 γινομένη.

329 4302 438 4372 (92)
481 4302 847 4371 Ἐνήρτ-ηται.
876 4304 984 4372 ΑΒ
1005 4303 1323 4372 ἐνεργεῖται.

329 4370 438 4442 (93)
483 4370 872 4442 Ἀπόστολος.
907 4371 951 4425 Α
984 4370 1265 4440 prannittit
1292 4370 1448 4442 Θείος.

328 4435 438 4512 (94)
474 4435 999 4512 Μνημονευθίῆναιξ
1023 4442 1067 4492 Α
1093 4443 1134 4493 Β
1167 4435 1614 4512 μνημονεύεσθαι.

332 4457 438 4512 (94)
474 4457 994 4512 Μνημονευυηναι.
1023 4457 1067 4492 Α
1093 4457 1134 4493 15
1167 4458 1268 4509 μνη
1319 4457 1448 4492 ονευι

332 4515 443 4582 (95)
486 4515 670 4567 Ἐπεί.
705 4514 749 4566 Α
774 4514 829 4564 in
857 4512 1103 4582 margine
1124 4457 1317 4581 anew:
1334 4506 1448 4565 οὖν.

331 4583 442 4654 (96)
484 4583 560 4636 Δέ
589 4583 730 4654 delet
756 4585 815 4654 Β.

330 4652 441 4722 (97)
485 4656 583 4706 Ἐν
603 4652 803 4720 ἑαυτῇ.
839 4656 882 4707 A
907 4654 948 4706 B
981 4653 1196 4722 ἑαυτήν.

334 4717 446 4795 (98)
465 4726 536 4776 Et
561 4723 695 4795 κᾷν.
718 4717 780 4776 Et
808 4723 950 4778 delet
972 4725 1031 4777 Β.
1065 4717 1431 4795 Cznterumad
1468 4718 1664 4795 verba,
1686 4717 1829 4786 ἣτις,

263 4794 312 4865 εί
337 4789 437 4848 καῖ
454 4793 751 4865 παράόοξον
781 4796 972 4865 εἰπεῖν,
991 4795 1042 4847 in
1065 4796 1215 4865 calce
1241 4789 1448 4865 codicis
1533 4791 1638 4865 isla_
1653 4789 1829 4865 legas;

266 4862 382 4944 ξίσί
406 4857 560 4944 τινα,
583 4857 752 4944 ’ἅπερ
773 4865 822 4916 οἱ
843 4863 954 4944 ἕξοι)
973 4863 1132 4944 φασὶν
1157 4863 1215 4914 ἐν
1239 4861 1317 4931 τῷ
1335 4859 1586 4944 ,γίνεσθαι
1615 4857 1756 4940 ἔχειν
1774 4857 1834 4908 τὸ

263 4929 420 4996 εἶναι,
445 4935 544 4986 οὐκ
559 4936 638 5012 -ὲν
665 4928 1067 5012 τῷχεγονέναι,
1091 4928 1393 5012 ὥσπερτὴν
1422 4929 1578 5012 σκιὰν
1601 4928 1709 5012 τῶν
1734 4944 1835 5012 εγω-

324 5005 472 5057 ἱτων.
508 5003 657 5074 Αὕτη
845 4998 1316 5074 χωρισθεῖσατῆς
1345 4998 1600 5074 ποιούσης
1619 4998 1834 5074 -αἰτίας,

305 5075 477 5144 {pavi};
501 5067 730 5142 γίνεται,
779 5067 1119 5144 δύ’κσξθάπερ
1147 5073 1204 5144 αξ
1244 5067 1420 5124 οὖσίαι
1463 5067 1685 5144 καὶξτῶν
1718 5084 1838 5144 ποις

267 5137 467 5214 ούντων
513 5137 1104 5214 αἰτίωννχωρισθέντων
1140 5143 1393 5214 μένουσι·
1423 5138 1662 5214 τοιαύτημ
1686 5137 1836 5214 καὶῄ

269 5213 430 5283 κακία
451 5215 510 5268 ἐν
538 5213 616 5283 τῷ
648 5208 928 5281 γίγνεσθαι
958 5213 1059 5283 κα).-
1083 5208 1415 5283 πράττεσθαι
1451 5210 1608 5280 μόνον
1637 5208 1748 5278 ἔχει
1778 5208 1838 5263 τὸ

270 5276 426 5349 εἶναι,
452 5276 598 5340 ὄπεό
620 5276 810 5338 ταύτόν
845 5286 960 5336 ἐστι
993 5281 1070 5352 τῷ
1099 5276 1172 5354 μὴ
1203 5276 1364 5349 εἶναι.

337 5485 412 5555 (a)
465 5485 744 5554 Σχόλιον.
806 5482 941 5555 Sunt
1001 5481 1255 5536 nonnulla
1308 5498 1423 5551 qua:
1469 5483 1717 5555 dicuntur
1763 5481 1828 5534 ab

268 5553 624 5618 exterminia
674 5571 732 5608 co
773 5553 910 5621 quod
953 5555 1084 5620 ﬁant
1135 5555 1411 5606 essentiam
1449 5553 1667 5614 habere,
1723 5568 1827 5605 non

270 5626 319 5678 in
351 5644 411 5680 eo
442 5625 581 5695 quod
609 5624 752 5692 facta
793 5626 932 5686 sint;
962 5621 1402 5695 quemadmodum
1444 5622 1684 5675 umbram
1713 5638 1828 5695 cor-

269 5693 472 5765 porum.
529 5694 658 5748 Ilaec
707 5695 844 5748 enim
867 5703 1064 5748 remota
1094 5709 1256 5746 causa
1278 5693 1522 5761 c/[iciente
1551 5693 1829 5758 evanescit,

1926 3082 2063 3137 riam
2095 3099 2125 3136 a
2171 3092 2352 3140 mente
2396 3093 2638 3140 removet
2668 3100 2731 3140 ac
2764 3087 2984 3141 missam
3019 3085 3186 3153 facit;
3231 3095 3394 3154 atque
3425 3087 3499 3140 ita

1926 3175 2094 3229 vitam
2158 3192 2410 3246 superam
2469 3189 2522 3232 et
2575 3180 2886 3244 excelsam,
2959 3179 3252 3234 informata
3305 3180 3502 3234 divina:

1927 3275 2139 3321 natura:
2165 3268 2591 3338 preprietatibus
2624 3270 2894 3334 imitatur,
2926 3270 3061 3325 adeo
3097 3278 3153 3324 ut
3188 3271 3323 3324 nihil
3356 3272 3500 3324 aliud

1926 3355 1976 3412 ei
2005 3357 2344 3426 relinquatur
2376 3368 2740 3428 praeterquam
2777 3361 3092 3415 dilectionis
3128 3360 3378 3424 affectus,
3410 3363 3501 3430 qui

1927 3448 2254 3502 naturaliter
2320 3449 2369 3503 ei
2449 3451 2594 3519 quod
2662 3450 2866 3504 bonum
2937 3459 2992 3506 et
3060 3451 3350 3506 honestum
3419 3463 3504 3507 est

1929 3539 2190 3594 adha-ret.
2241 3539 2299 3593 ld
2349 3541 2494 3594 enim
2546 3541 2770 3595 dilectio
2821 3548 2926 3603 est,
2986 3541 3188 3603 animo,
3230 3542 3500 3608 videlicet,

1929 3631 2130 3686 insitus
2165 3631 2387 3686 habitus
2431 3641 2484 3686 et
2516 3631 2746 3687 affectus
2777 3633 2842 3686 ad
2878 3633 2929 3686 id
2957 3632 3102 3701 quod
3134 3633 3312 3701 placet
3340 3642 3504 3702 atque

1929 3721 2079 3776 cordi
2106 3728 2208 3777 est.
2233 3720 2369 3774 Cum
2397 3721 2564 3791 igitur
2593 3723 2822 3793 simplex
2846 3733 2899 3778 et
2926 3722 3219 3777 uniformis
3248 3738 3312 3777 ac
3345 3724 3504 3794 plane

1930 3811 2123 3868 similis
2163 3809 2274 3867 Deo
2323 3812 2505 3866 anima
2550 3813 2716 3877 facta,
2759 3823 2920 3868 nacta
2979 3813 3145 3868 fuerit
3197 3813 3328 3868 illud
3375 3830 3504 3870 vere

1932 3904 2159 3973 simplex
2199 3913 2253 3958 et
2307 3903 2547 3958 materiae
2592 3904 2814 3975 dolique
2848 3920 3044 3975 expers
3084 3906 3310 3972 bonum,
3359 3904 3503 3976 quod

1934 3994 2110 4050 solum
2135 4009 2320 4050 revera
2347 3993 2574 4065 dignum
2607 3994 2754 4065 quod
2777 3995 3038 4066 diligatur
3057 4003 3111 4051 et
3136 3995 3366 4053 amabile
3398 4004 3499 4061 est,

2003 4217 2116 4285 (99)
2151 4216 2256 4271 Καὶ
2278 4215 2505 4280 κακίας.
2543 4214 2652 4267 Καί
2675 4213 2880 4285 delet_A
2911 4221 2965 4270 et
2989 4215 3056 4272 Β.

2003 4283 2139 4357 (99')
2177 4286 2286 4339 Τοῦ
2317 4285 2510 4357 ὄντος.
2551 4285 2595 4357 A_
2620 4285 2652 4354 ή
2685 4284 2779 4336 τοῦ
2809 4283 2982 4349 ὄντος.

2004 4353 2080 4426 (l)
2108 4357 2364 4409 Γίνεται.
2396 4356 2436 4406 Β
2463 4353 2774 4423 γεγένηται.

2004 4426 2079 4474 (‘2)
2122 4426 2428 4474 'Ynﬁoero.
2458 4423 2499 4474 B
2523 4422 2770 4474 ἐπήρετο.

2002 4427 2079 4496 (‘2)
2122 4427 2428 4493 ’Υπῄρετα
2458 4427 2499 4474 Β
2523 4427 2770 4495 ἐπῄρετα

2005 4498 2081 4561 (5)
2116 4494 2252 4550 Τινά
2292 4497 2333 4546 Β
2376 4495 2537 4548 delet.

2006 4567 2082 4630 (4)
2115 4565 2256 4632 Τῇ...
2283 4563 2378 4632 τῇ.
2417 4564 2554 4618 delet
2587 4565 2647 4618 Β.

2008 4637 2083 4703 (5)
2114 4636 2181 4687 Τὸ
2205 4633 2333 4702 γάρ.
2365 4635 2406 4685 Β
2435 4633 2494 4685 τὸ
2526 4632 2622 4702 μὲν
2654 4633 2780 4702 γάρ.

2007 4703 2082 4791 ἐξ)
2125 4705 2195 4791 Ε
2219 4703 2382 4791 (ξέοΑ
2405 4703 2573 4791 τῇ.Ρῆ

2009 4775 2084 4844 (7')
2126 4774 2195 4826 ἸΙ
2217 4772 2402 4839 ἁπλῆ..
2446 4772 2511 4824 Ἦ
2547 4772 2685 4826 delet
2714 4773 2756 4825 A
2787 4783 2840 4829 et
2881 4773 2940 4826 Β.

2011 4845 2086 4911 (8)
2126 4841 2396 4922 ᾈκριϐῶς-
2423 4843 2772 4922 θεοείκελος.
2814 4844 2876 4922 _|n
2912 4843 3060 4922 calce
3089 4841 3290 4922 qodicis
3318 4842 3359 4895 Α
3393 4842 3504 4922 lucc

1939 4915 2219 4982 annotatio
2267 4913 2580 4981 legebatur:
2623 4913 2759 4965 Καθ’
2803 4913 3058 4981 ὁμοίωσιν
3103 4911 3340 4982 δηλονότι
3407 4912 3502 4966 καὶ

1943 4981 2195 5055 μετοχὴν,
2226 4983 2286 5034 οὐ
2320 4984 2442 5055 κατ’
2472 4981 2655 5055 οὐσίαν
2675 4984 2949 5055 γινομένη.

2033 5054 2086 5118 9)
2114 5051 2433 5124 Ιίνομένη.
2535 5060 2591 5124 et
2683 5051 2968 5124 γενομένη.

2033 5056 2086 5118 9)
2114 5056 2433 5120 Γινομένη.
2463 5056 2503 5103 Α
2535 5060 2585 5104 et
2612 5056 2651 5102 B
2683 5070 2759 5120 γεη

2002 5056 2120 5190 (10)
2163 5122 2327 5174 Τοῖόν
2356 5137 2428 5174 τι.
2462 5123 2502 5173 Β
2526 5121 2603 5191 τῷ
2629 5122 2759 5174 ὄντι.

2008 5193 2052 5262 (l
2075 5194 2120 5260 I)
2153 5190 2681 5259 Συνανακιρνᾶται.
2711 5194 2753 5245 Α
2784 5193 2824 5245 Β
2857 5192 3328 5263 ουνανακίρναται.

1933 5499 2035 5536 non
2074 5483 2210 5536 sicut
2246 5479 2556 5535 substantia:
2600 5477 2810 5532 remotis
2850 5477 3014 5530 etiam
3058 5474 3233 5528 causis
3267 5473 3501 5540 efﬁcian-

1931 5553 2069 5604 tibas
2107 5561 2338 5604 manent.
2377 5548 2522 5601 Talis
2591 5549 2750 5600 etiam
2821 5547 3077 5599 vitiositas
3126 5545 3180 5595 in
3236 5559 3294 5594 eo
3369 5543 3504 5604 quod

1929 5623 1988 5691 ﬁt
2037 5632 2086 5674 et
2132 5623 2309 5688 aqt'tur
2356 5619 2621 5691 duntaxat
2673 5616 2950 5671 essctttiant
2995 5614 3166 5679 habet,
3200 5611 3336 5680 quod
3372 5611 3501 5662 idem

1940 5709 2058 5745 cum
2110 5708 2166 5746 eo
2220 5700 2295 5744 est
2345 5690 2481 5760 quod
2523 5705 2623 5743 non
2670 5697 2766 5743 est.
