3950 6132
460 320 529 377 95
1707 318 1766 378 8.
1805 317 2132 376 GREGORII
2162 318 2446 377 NYSSENI

461 457 586 496 cum
620 441 860 497 adhaeret
904 441 1102 505 eidem,
1136 447 1250 493 tum
1302 453 1408 494 una
1443 436 1832 492 commiscctur
1861 447 2024 507 atque

2132 436 2282 490 τοῦτο
2305 437 2561 508 γινομένη
2596 436 2687 490 διά
2707 436 2806 507 τῆς
2838 433 2934 489 τοῦ
2974 429 3179 502 ἀγαθοῦ
3209 429 3546 502 ὁμοιότητος,
3567 431 3708 503 ὅπερ

465 542 929 604 contemperatur,
984 548 1080 602 per
1124 533 1432 588 dilectionis
1489 539 1695 585 motum
1757 538 1812 584 et
1860 531 2030 584 actio-

461 637 610 685 nem,
663 625 730 678 ad
787 625 841 678 id
890 625 1034 692 quod
1087 638 1302 693 semper
1356 631 1412 678 et
1449 621 1934 692 comprehenditur
1974 627 2030 675 et

462 712 739 768 invenitur
788 727 911 766 sese
949 712 1221 775 formans,
1271 721 1437 781 atque
1481 711 1533 765 id
1579 726 1674 779 per
1719 709 2028 764 similitudi-

461 818 584 857 nem
631 803 756 857 boni
807 802 1048 857 evadens
1100 802 1245 871 quod
1297 802 1417 871 ejus
1469 800 1614 871 quod
1665 799 2028 868 participatur

462 902 624 962 atque
675 893 993 962 percipitur,
1031 902 1227 947 natura
1275 901 1400 948 est:
1450 907 1576 946 cum
1621 901 1801 945 autem
1847 891 1901 944 in
1932 889 2026 944 illo

461 985 730 1053 cupiditas
769 1000 878 1038 non
923 986 1014 1049 sit,
1053 994 1333 1055 propterea
1385 983 1529 1054 quod
1565 998 1666 1037 nec
1699 982 1862 1036 ullius
1899 981 2024 1052 qui-

460 1075 582 1131 dem
619 1077 742 1130 boni
791 1077 1037 1132 defectus
1085 1078 1138 1132 in
1185 1092 1250 1131 eo
1301 1076 1394 1140 sit,
1447 1089 1792 1144 consequens
1837 1071 2020 1139 fuerit,

2135 529 2169 598 η
2208 525 2303 580 τοῦ
2350 525 2706 597 μετεχομένου
2747 524 2908 594 φύσις
2951 525 3118 587 ἐστὶν,
3163 521 3458 592 ἐπιθυμίας
3489 523 3604 591 (12)
3647 525 3710 575 ἐν

2133 617 2324 686 ἐκείνῳ
2349 615 2422 687 μὴ
2463 615 2630 686 οὖσης
2661 616 2750 669 διὰ
2787 615 2844 668 τὸ
2879 616 3014 687 μηδέ
3051 632 3194 679 τινος
3224 613 3335 668 τῶν
3371 612 3590 681 ἀγαθῶν
3626 612 3718 666 ἐν·

2132 707 2279 762 δειαν
2305 710 2362 761 ἐν
2387 707 2533 778 αύτῷ
2557 702 2714 770 εῖναι,
2744 705 3032 760 ἀκόλουθον
3073 705 3136 759 ἂν
3162 706 3247 776 ε·ἰή
3275 705 3370 758 καὶ¹
3392 704 3491 775 τὴν
3527 703 3707 773 ψυχὴν

2131 799 2189 852 ἐν
2219 799 2296 869 τῷ
2329 799 2566 853 ἀνενδεεί
2590 797 2878 868 γινομένην
2907 797 3018 868 (15)
3055 797 3338 850 ἐκϐάλλειν
3375 795 3468 864 ἀφ’
3506 795 3713 864 ἐαυτῆς

2132 892 2227 945 καὶ
2250 891 2346 962 τὴν
2375 888 2776 961 ἐπιθυμητικὴν
2797 887 3008 958 κίνησίν
3036 905 3094 940 τε
3121 889 3217 941 καὶ
3237 885 3496 947 διάθεσιν.
3522 885 3557 956 ἢ
3589 883 3702 954 (14)

2129 984 2251 1036 τότε
2288 982 2497 1050 γίνεται
2537 981 2717 1052 μόνον,
2764 981 2892 1034 ὅταν
2930 979 3040 1050 (15)
3081 978 3156 1050 μὴ
3209 980 3359 1049 παρῇ
3409 976 3472 1030 τὸ
3513 974 3712 1028 ποθού-

2131 1089 2310 1146 μενον.

459 1170 619 1221 etiam
659 1169 916 1230 animam,
960 1181 1083 1221 eum
1124 1181 1190 1222 eo
1245 1167 1498 1230 evaserit,
1546 1166 1638 1220 ubi
1678 1165 1757 1218 rei
1804 1164 2008 1218 nullius
2049 1173 2262 1234 egestas
2302 1170 2425 1225 est,
2461 1176 2525 1216 ex
2586 1175 2704 1216 sese
2742 1161 2940 1230 ejicere
2990 1172 3208 1229 quoque
3270 1157 3706 1227 coneupiscendi

461 1266 665 1312 motum
707 1269 870 1328 atque
896 1258 1168 1323 allectum,
1203 1258 1294 1328 qui
1321 1265 1451 1311 tunc
1478 1241 1744 1312 duutaiat
1776 1255 2015 1321 exsistit,
2055 1271 2179 1310 cum
2215 1271 2323 1310 non
2368 1254 2604 1308 adfuerit
2651 1253 2703 1308 id
2752 1252 2897 1322 quod
2945 1251 3305 1307 desideratur.

531 1409 678 1465 Talis
721 1420 902 1464 autem
963 1411 1224 1466 doctrinae
1264 1418 1428 1480 atque
1473 1409 1758 1465 sententiae
1807 1408 2026 1464 divinus

2196 1408 2302 1460 Τοῦ
2332 1408 2387 1461 δὲ
2420 1409 2512 1462 τοῦ
2541 1407 2780 1462 τοιούτου
2801 1408 3065 1477 δόγματος
3085 1406 3178 1458 καὶ
3207 1407 3234 1458 ὁ
3264 1404 3405 1466 θεῖος
3441 1402 3706 1457 ’Λπόστο-

459 1517 677 1572 quoque
724 1501 883 1556 nobis
939 1503 1232 1572 Apostolus
1292 1509 1484 1555 auctor
1537 1508 1639 1555 est.
1693 1500 1830 1554 Cum
1879 1499 2024 1554 enim

2132 1495 2216 1560 λος
2240 1499 2371 1567 ἡμῖν
2403 1498 2751 1568 καθηγήσατο
2771 1535 2787 1561 ,
2835 1497 3050 1549 πάντων
3081 1495 3190 1547 τῶν
3222 1493 3316 1546 νῦν
3361 1495 3418 1547 ἐν
3439 1495 3572 1565 ἡμῖν
3604 1493 3702 1547 καὶ

460 1593 700 1648 omnium
744 1609 924 1648 rerqu
969 1609 1198 1664 quarum
1251 1609 1396 1648 nunc
1442 1592 1492 1646 in
1532 1592 1693 1647 nobis
1719 1589 1848 1646 boni
1889 1605 2024 1659 quo-

2132 1588 2221 1642 ἐπὶ
2258 1586 2336 1658 τῷ
2392 1589 2660 1660 κρείττονι
2697 1586 3146 1657 σπουδαζομένων
3190 1583 3403 1638 παῦλάν
3448 1601 3568 1638 τινα
3603 1585 3704 1638 καὶ

459 1699 567 1752 que
609 1698 774 1738 causa
815 1683 992 1738 studia
1052 1684 1237 1754 vigent
1285 1681 1634 1737 abolitionem
1699 1687 1753 1735 et
1790 1679 2024 1751 quietem

2132 1677 2461 1748 καταστολὴν
2493 1677 2890 1748 προαγγείλας,
2934 1677 3100 1748 μόνης
3131 1675 3186 1728 δὲ
3212 1675 3325 1747 (16)
3355 1675 3452 1746 τῆς
3479 1675 3701 1745 ἀγάπης

459 1773 751 1842 quamdam
787 1785 948 1844 atque
990 1774 1321 1830 sedationem
1360 1783 1415 1829 et
1439 1773 1597 1827 linem
1628 1771 1869 1826 futurum
1901 1777 2024 1825 ante

2132 1767 2226 1837 οὐχ
2254 1767 2430 1838 εὑρὼν
2461 1767 2572 1838 (17)
2597 1769 2685 1821 τὸν
2701 1768 2844 1838 ὅρον.
2865 1768 3195 1839 Προφητεῖαι
3221 1765 3349 1836 γὰρ,
3380 1765 3536 1834 φησὶ,
3565 1781 3702 1816 κατ-

459 1864 858 1930 deuuntiasset,
920 1867 1092 1921 solius
1133 1864 1445 1920 dilectionis
1490 1872 1544 1919 et
1589 1863 1874 1920 charitatis
1914 1871 2024 1918 ter-

2132 1858 2563 1930 αργηθήσονται,
2614 1859 2709 1912 καὶ
2765 1857 2992 1927 γνώσεις
3041 1858 3152 1928 (18)
3193 1856 3511 1910 παύσονται·
3560 1857 3595 1926 ἡ
3642 1853 3704 1907 δὲ

457 1954 666 2009 minum
717 1969 822 2009 non
870 1955 1093 2010 invenit.
1131 1955 1262 2010 Nam
1306 1955 1601 2025 prophetiae
1643 1953 2023 2009 abolebantur.

457 2043 658 2115 inquit,
706 2055 760 2101 et
806 2047 1150 2116 cognitiones
1193 2055 1250 2101 et
1301 2046 1548 2103 scientiae
1603 2045 1908 2116 quiescent,
1971 2049 2027 2099 et

461 2136 622 2193 linem
679 2137 988 2201 habe-bunt;
1021 2138 1263 2193 eharitas
1309 2146 1490 2193 autem
1522 2152 1586 2192 ac
1631 2137 1852 2192 dilectio
1887 2151 2028 2190 nuu-

458 2244 622 2298 quam
666 2229 888 2283 excidit.
938 2229 1094 2294 Quod
1144 2228 1369 2299 perinde
1419 2236 1503 2284 est
1557 2244 1622 2283 ae
1666 2229 1712 2284 si
1771 2227 2023 2290 dixisset,

460 2319 688 2389 Semper
720 2319 907 2373 eadem
938 2328 1055 2384 est;
1078 2319 1211 2388 quin
1240 2321 1404 2373 etiam
1438 2333 1560 2372 cum
1591 2318 1749 2371 [idem
1793 2325 1847 2372 et
1876 2331 2023 2386 spem

458 2427 564 2464 una
600 2425 724 2464 cum
768 2411 1038 2465 cbaritate
1074 2419 1237 2479 atque
1274 2409 1567 2464 dilectione
1599 2424 1916 2479 permanere
1944 2409 2027 2463 di-

455 2507 626 2563 ceret,
675 2515 871 2554 rursus
909 2515 1027 2554 eam
1065 2501 1230 2554 etiam
1278 2499 1388 2554 illis
1437 2497 1658 2570 praefert
1694 2509 1854 2569 atque
1891 2515 2026 2568 pra:-

456 2590 631 2660 ponit,
670 2606 850 2660 neque
884 2591 1112 2659 injuria.
1151 2589 1285 2644 Nam
1327 2607 1452 2661 spes
1495 2592 1712 2646 interim
1752 2599 2021 2654 movetur,

454 2679 586 2733 dum
641 2695 750 2733 non
805 2679 934 2733 licet
976 2678 1083 2732 l'rui
1140 2685 1304 2748 atque
1347 2679 1513 2748 potiri
1572 2679 1640 2733 iis
1688 2679 1852 2732 rebus
1904 2693 2025 2748 qua:

455 2778 764 2839 sperantur.
829 2768 894 2820 Et
937 2768 1124 2822 itidem
1160 2768 1292 2823 fides
1345 2769 1780 2824 sustentaculum
1821 2782 1885 2822 ac
1934 2767 2025 2821 ﬂr-

455 2868 790 2916 mamentum
830 2866 915 2913 est
961 2859 1368 2913 iucertitudinis
1423 2875 1612 2913 earum
1664 2874 1847 2914 rerum
1903 2873 2024 2929 qtae

455 2961 765 3019 sperantur.
798 2947 932 3001 Nam
962 2956 1015 3002 et
1047 2949 1121 3001 ita
1158 2963 1277 3002 eam
1305 2948 1573 3011 definivit,
1604 2963 1726 3001 cum
1773 2948 2019 3002 diceret:

453 3040 551 3094 Est
593 3047 770 3093 autem
803 3038 934 3093 ﬁdes
961 3054 1166 3100 rerum,
1200 3054 1320 3108 qua:
1345 3046 1656 3107 sperantur,
1693 3038 2016 3092 substantia.

453 3131 589 3185 Cum
621 3140 800 3183 autem
833 3129 1043 3183 venerit
1068 3128 1119 3182 id
1150 3127 1296 3197 quod
1318 3137 1592 3198 speratur,
1619 3129 1740 3182 aliis
1767 3129 2021 3182 omnibus

453 3222 885 3293 quiescentibus,
944 3221 1232 3274 charitatis
1290 3235 1353 3274 ac
1400 3221 1712 3276 dilectionis
1733 3219 2020 3276 emeientia

453 3323 656 3377 manet,
699 3315 899 3384 quippe
936 3329 1061 3367 cum
1113 3330 1222 3367 non
1278 3314 1519 3367 inveniat
1567 3313 1709 3383 quod
1769 3327 1888 3366 eam
1932 3329 2026 3366 ex-

452 3406 620 3475 cipiat
644 3414 696 3458 et
717 3404 772 3457 in
803 3405 982 3458 locum
1008 3403 1130 3475 ejus
1163 3403 1444 3458 succedat.
1472 3402 1836 3468 Quamobrem
1861 3402 2023 3455 etiam

455 3498 830 3551 universarum
867 3496 1147 3550 aetiouum
1189 3511 1311 3565 quae
1352 3509 1476 3549 eum
1504 3495 1702 3547 viitute
1733 3491 2026 3561 perﬁciun-

453 3598 541 3643 tur
589 3596 754 3656 atque
811 3589 974 3641 etiam
1013 3587 1149 3656 legis
1211 3595 1607 3656 pra'ceptorum
1661 3584 2024 3654 principatum

455 3687 618 3732 tenet.
674 3677 731 3731 Si
776 3677 940 3747 igitur
985 3677 1051 3731 ad
1101 3678 1246 3730 hunc
1292 3675 1452 3730 linem
1505 3674 1799 3744 aliquando
1845 3675 2026 3726 anima

456 3767 783 3838 pervenerit.
826 3767 1054 3818 aliarum
1095 3780 1274 3818 rerum
1313 3779 1420 3818 non
1461 3765 1566 3817 erit
1602 3780 1789 3834 egena,
1827 3766 2028 3833 quippe

456 3873 637 3912 rerum
691 3856 948 3910 nitnirum
1000 3857 1381 3908 universarum
1442 3855 1832 3923 plenitudinem
1879 3869 2028 3908 com-

459 3952 636 4020 plexa,
669 3965 762 4018 per
793 3965 956 4017 quam
985 3947 1158 4002 solam
1189 3947 1594 4016 quodammodo
1634 3946 1808 4016 ipsius
1831 3945 2028 3999 divina:

457 4041 809 4098 beatitudinis
859 4041 912 4095 in
959 4056 1080 4096 sese
1141 4056 1468 4095 conservare
1523 4040 1736 4110 insigne
1785 4038 2020 4092 videtur.

456 4132 593 4184 Nam
634 4140 685 4186 et
734 4134 840 4184 vita
889 4147 1100 4200 supera:
1161 4139 1370 4184 naturae
1426 4129 1666 4184 eharitas
1725 4138 1887 4198 atque
1934 4128 2022 4182 di-

457 4225 616 4279 lectio
648 4233 750 4290 est,
781 4225 1038 4294 quoniam
1073 4223 1215 4292 quod
1246 4223 1450 4277 bonum
1479 4229 1534 4275 et
1580 4223 1868 4276 honestum
1913 4228 2020 4285 est,

534 4401 644 4472 (12)
683 4404 1046 4471 Ἐπιθυμίας.
1075 4408 1112 4457 Α
1136 4405 1178 4456 Β
1209 4404 1500 4473 ἐπιθυμίας
1531 4402 1610 4457 δέ.

525 4473 639 4608 (15)
677 4474 1030 4542 Γινομένην.
1063 4476 1105 4527 Β
1131 4474 1450 4545 γενομένην.

527 4542 616 4608 (1ι1
670 4543 756 4596 Ἦ.
793 4544 903 4608 Βῆ.

556 4545 639 4610 ιιι)
670 4545 756 4596 Ἦ.
793 4545 832 4594 Β
853 4545 903 4613 ἦ.

675 4613 879 4666 Ὅταν.
911 4615 952 4666 Α
994 4613 1069 4667 ὅτ’
1103 4615 1188 4670 ἀν.

552 4683 615 4734 11)
664 4683 736 4736 Δέ
767 4684 908 4737 delet
944 4684 1006 4736 Α.

552 4683 636 4737 lli)
664 4683 736 4736 Δέ
767 4684 908 4737 delet
944 4684 1006 4736 Α.

555 4745 636 4825 Π)
663 4752 886 4825 Εὐρῴν.
926 4755 1051 4825 Agin
1084 4751 1328 4825 margine
1348 4745 1496 4825 εὗρε.

525 4823 638 4892 (18)
668 4823 950 4890 Γνώσεις.
976 4824 1017 4875 Β
1049 4823 1308 4890 γλῶσσαι.

527 4891 638 4960 (19)
674 4895 898 4947 Ιιίπτει.
929 4896 974 4946 Α
1002 4895 1042 4944 Β
1065 4893 1340 4947 ἐκπίπτει.

527 4961 639 5042 (20)
678 4963 1371 5042 Σομπαραμεμενηκέναι.
1423 4963 1468 5017 Α
1520 4965 1576 5020 in
1622 4969 1867 5042 margine
1903 4971 2028 5028 σύν-

455 5033 870 5102 δεδραμηκέναι.

525 5104 638 5171 (21)
672 5105 910 5172 [lupata].
946 5104 992 5156 Α
1019 5104 1060 5154 Β
1091 5103 1237 5172 παρῇ

525 5173 636 5241 (22)
676 5175 782 5225 Καὶ
807 5175 845 5242 ἡ
891 5175 1114 5240 πίστις.
1151 5173 1230 5227 Ad
1263 5175 1376 5229 haec
1421 5175 1580 5230 verba
1628 5177 1682 5231 in
1733 5179 1883 5236 calce
1930 5197 2024 5238 co-

454 5241 595 5321 dicis
641 5242 678 5316 Α
736 5243 839 5321 ista
868 5244 1203 5321 legebantur,
1243 5244 1370 5321 Ὅτι
1408 5247 1578 5300 πᾶσαι
1611 5249 1720 5321 τῆς
1745 5249 1924 5321 ψυχῆς
1969 5255 2026 5307 αξ

456 5311 592 5387 πρδς
619 5312 681 5363 το
708 5311 948 5387 κρεῖττον
975 5313 1243 5387 ἐνέργειαι
1265 5315 1580 5369 παύσονται·
1611 5311 1784 5382 ἐλπὶς,
1819 5311 2024 5387 ἔφεσις,

458 5383 562 5502 piri]
571 5397 667 5450 μη,
703 5382 798 5435 καὶ
826 5383 947 5434 ὅσαι
975 5382 1238 5450 τοιαῦται,
1278 5387 1417 5457 πλὴν
1441 5387 1541 5457 τῆς
1566 5382 1913 5459 ἀγαπητικιῗκ
1944 5382 2028 5445 xi;

458 5468 488 5502 ν
513 5467 686 5502 .σεως.

456 5467 522 5520 νη
530 5467 686 5512 σεως.

527 5521 641 5600 (25.)
682 5522 1161 5605 Εύτηρειςόντων.
1199 5522 1244 5578 Α
1273 5525 1328 5580 in
1355 5533 1505 5582 textu
1539 5525 1938 5598 ἀτρεμούντων,
1970 5531 2024 5588 in

459 5591 703 5661 margine
741 5591 1108 5661 ἠρεμούντων.

693 5659 1009 5735 Ἐνέργεια.
1045 5662 1086 5712 Β
1124 5661 1420 5735 ἐνέργειαν.

528 5727 643 5803 (25)
682 5727 1126 5802 Ebpldxovoar.
1171 5727 1226 5785 A'
1253 5727 1292 5786 Β
1327 5733 1667 5803 εὑρίσκουσι,

525 4618 546 4822 Ξ

2127 1950 2315 2021 ἀγάπη
2349 1949 2467 2002 οὐδέ
2494 1967 2624 2003 ποτε
2666 1950 2852 2003 πίπτει
2880 1949 3014 2021 (19)⁹
3040 1951 3176 2021 ὅπερ
3201 1949 3313 2003 ἴσον
3356 1948 3472 2001 ἐστί
3509 1945 3588 2018 τῷ
3614 1946 3705 2000 ἀεῖ

2126 2041 2383 2104 ὡσαύτως
2423 2041 2588 2110 ἔχειν·
2619 2039 2751 2094 ἀλλά
2782 2041 2875 2094 καὶ
2905 2041 3085 2094 πίστιν
3127 2040 3222 2094 καὶ
3253 2039 3442 2094 ἐλπίδα
3483 2054 3702 2108 συμπα-

2131 2132 2566 2204 ραμεμενηκέναι
2599 2131 2712 2203 (20)
2741 2134 2804 2204 τῇ
2833 2132 3020 2203 ἀγάπῃ
3042 2131 3236 2200 λέγων,
3266 2131 3428 2185 πάλιν
3451 2132 3545 2184 καὶ
3575 2129 3704 2183 τού-

2125 2239 2233 2278 των
2264 2225 2430 2294 αὐτὴν
2459 2223 2810 2296 ὑπερτίθησιν
2837 2223 3080 2286 εἰκότως.
3117 2223 3183 2275 Ἦ
3207 2221 3314 2292 γάρ
3348 2222 3502 2284 ἐλπὶς
3537 2218 3702 2292 μέχρι

2127 2316 2334 2370 ἐκείνου
2371 2318 2618 2379 κινεῖται,
2648 2314 2752 2378 ἕως
2785 2314 2850 2368 ἂν
2879 2315 2953 2385 μὴ
2983 2315 3180 2386 παρείη
3207 2314 3314 2385 (21)
3339 2313 3444 2366 τῶν
3481 2313 3702 2377 ἐλπιζο-

2130 2408 2306 2478 μένων
2331 2407 2648 2470 ἀπόλαυσις,
2671 2407 2763 2460 καὶ
2787 2408 2820 2478 ἡ
2851 2407 3030 2469 πίστις
3059 2406 3168 2477 (22)
3185 2404 3445 2468 ὡσαύτως
3470 2403 3703 2475 ἔρεισμα

2123 2502 2224 2571 τῆς
2266 2501 2374 2552 τῶν
2424 2497 2796 2569 ἐλπιζομένων
2845 2497 3066 2570 ἀδηλίας
3111 2497 3342 2566 γίνεται.
3397 2495 3554 2550 Οὖτω
3590 2497 3703 2567 γὰρ

2125 2590 2294 2660 αὐτὴν
2340 2591 2432 2644 καὶ
2475 2589 2707 2659 ὡρίσατο
2736 2589 2926 2658 λέγων·
2967 2589 3121 2642 Ἐστι
3157 2589 3213 2641 δὲ
3256 2587 3437 2650 πίστις
3483 2585 3700 2649 ἐλπιζο-

2120 2675 2302 2752 ’μένων
2336 2681 2652 2744 ὑπόστασις.
2696 2680 2946 2734 Ἐπειδὰν
2978 2679 3035 2731 δέ
3073 2678 3202 2750 ἔλθῃ
3234 2678 3295 2731 τὸ
3326 2677 3700 2747 ἐλπιζόμενον,

2123 2767 2230 2821 τῶν
2265 2768 2438 2821 ἀλλων
2466 2769 2874 2840 εύτηρεημόντων
2903 2769 3014 2839 (25)
3046 2768 3284 2834 πάντων,
3335 2771 3369 2840 ἠ
3421 2767 3564 2821 κατά
3599 2766 3702 2837 τὴν

2123 2859 2342 2930 ἀγάπην
2372 2860 2617 2931 ἐνέργεια
2644 2861 2752 2932 (21.)
2793 2861 2976 2932 μένει,
3022 2863 3082 2916 τὸ
3109 2862 3485 2932 διαδεχόμενον
3523 2859 3702 2930 αὐτὴν

2122 2953 2219 3022 οὐχ
2261 2952 2616 3026 εὑρίσκουσαν
2659 2953 2792 3025 (25).
2839 2955 2928 3008 Διὸ
2985 2956 3078 3008 καὶ
3119 2954 3435 3026 προτερεύει
3494 2951 3603 3006 τῶν
3637 2969 3701 3004 τε

2123 3044 2243 3095 κατ’
2287 3043 2487 3114 ἀρετὴν
2526 3045 2974 3115 κατορθουμένων
3023 3047 3300 3110 ἀπάντων,
3339 3047 3431 3098 καὶ
3463 3044 3570 3097 τῶν
3601 3042 3702 3095 τοῦ

2124 3133 2287 3204 νόμου
2319 3134 2814 3206 παραγγελμάτων.
2846 3137 2908 3189 ΕΞ
2932 3131 3024 3190 οὖν
3055 3138 3146 3189 ἐπὶ
3175 3136 3332 3190 τοῦτό
3363 3153 3492 3189 ποτε
3524 3133 3584 3187 τὸ
3607 3133 3702 3187 τέ-

2123 3223 2211 3286 λος
2245 3224 2497 3291 φθάσειεν
2535 3227 2568 3296 ἠ
2599 3227 2766 3296 ψυχὴ,
2807 3227 3067 3290 ἀνενδεῶς
3092 3227 3200 3293 ἔξει
3227 3227 3336 3280 τῶν
3369 3227 3566 3291 ἄλλων,
3601 3225 3700 3278 ἆτε

2123 3313 2186 3383 δὴ
2221 3314 2314 3367 τοῦ
2349 3316 2711 3386 πληρώματος
2756 3319 3218 3388 περιδεδραγμένη
3244 3318 3351 3370 τῶν
3382 3316 3571 3382 ὅντων,
3607 3319 3702 3369 καὶ⁵

2124 3401 2271 3455 δοκεῖ
2299 3401 2410 3474 (26)
2442 3405 2574 3475 μόνη
2617 3423 2731 3469 πως
2770 3406 2937 3475 αὐτῆς
2973 3406 3084 3476 (27)
3115 3405 3213 3475 τῆς
3241 3405 3390 3467 θείας
3435 3405 3701 3476 μακαριόο

2124 3511 2287 3564 τητος
2305 3497 2361 3546 ἐν
2383 3497 2518 3566 αὐτῇ
2556 3496 2666 3567 (28)
2696 3496 2888 3559 σώζειν
2920 3497 3010 3549 τὸν
3036 3497 3467 3567 χαρακτῆρα.’Ή
3498 3514 3559 3548 τε
3590 3497 3704 3564 γάρ

2128 3583 2250 3654 ζωὴν
2270 3584 2368 3654 τῆς
2415 3585 2524 3638 ἄνω
2563 3587 2775 3654 φύσεως
2805 3587 2992 3656 ἀγάπη
3025 3588 3190 3650 ἐστὶν,
3228 3587 3412 3657 ἐπειδὴ
3444 3585 3504 3639 τὸ
3535 3585 3703 3640 καλὸν

2127 3677 2408 3747 ἀγαπητὸν
2433 3678 2543 3747 (29)
2569 3677 2783 3741 πάντως
2811 3678 2925 3730 ἐστὶ
2959 3678 3072 3748 (50)
3101 3681 3211 3742 τοῖς
3239 3677 3585 3747 γινώσκωσι·
3624 3694 3706 3744 γι-

2129 3766 2324 3819 νώσκει
2347 3767 2403 3819 δὲ
2432 3768 2562 3820 αὐτὸ
2583 3768 2693 3837 (51)
2719 3769 2780 3821 τὸ
2811 3769 2989 3822 Θεῖονο
3025 3770 3057 3840 ἡ
3083 3769 3140 3822 δέ
3165 3769 3364 3837 γνῶσις
3397 3767 3583 3837 ἀγάπη
3611 3767 3704 3835 γί-

2131 3875 2304 3910 νεται.
2341 3858 2430 3909 Διὸ
2475 3859 2536 3911 τὸ
2572 3857 2684 3930 (52)
2723 3860 2883 3912 καλόν
2911 3861 3026 3913 ἐστι
3063 3863 3127 3930 τῇ
3149 3863 3306 3929 φύσει
3343 3859 3405 3912 τὸ
3438 3859 3707 3926 γινωσκό-

2133 3966 2309 4020 μενον,
2337 3950 2428 4003 τοῦ
2455 3952 2511 4004 δέ
2534 3951 2747 4023 ἀληθῶς
2779 3954 2890 4024 (55)
2909 3954 3075 4008 καλοῦ
3105 3957 3132 4007 ό
3156 3952 3419 4024 ὑϐριστὴς
3444 3953 3505 4006 οὐ
3534 3969 3704 4022 προσ-

2131 4039 2356 4092 άπτεται
2390 4040 2549 4112 κόρος
2596 4041 2737 4111 (ἦθ’
2769 4043 2930 4114 κόρου
2968 4044 3026 4097 δὲ
3057 4043 3156 4114 τὴν
3187 4040 3533 4112 ἀγαπητικὴν
3563 4040 3705 4110 πρὸς

2126 4130 2186 4182 τὸ
2234 4132 2394 4184 καλὸν
2439 4133 2621 4202 σχέσιν
2663 4135 2774 4206 (55)
2815 4135 2876 4187 ού
2915 4135 3328 4197 διακόπτοντος,
3362 4134 3449 4187 ἀεὶ
3499 4134 3533 4203 ἡ
3579 4131 3705 4186 θεία

2131 4220 2244 4287 ζωὴ
2275 4223 2340 4274 δι’
2373 4225 2592 4294 ἀγάπης
2620 4226 3062 4298 ἐνεργηθήσεται,
3099 4228 3132 4298 ἢ
3161 4226 3299 4297 καλή
3330 4243 3389 4279 τε
3422 4224 3563 4278 κατά
3597 4221 3705 4289 φύς

2063 4409 2108 4462 D
2207 4403 2318 4478 (26)
2359 4405 2463 4478 καὶ
2481 4402 2672 4478 δοκεῖ.
2703 4405 2744 4457 Α
2772 4407 2826 4462 in
2855 4410 3097 4478 margine
3123 4407 3215 4459 καὶ
3254 4407 3308 4460 ἀ.

2345 4473 2562 4547 Αῄτῆς.
2599 4476 2641 4547 ἐξ
2672 4477 2722 4526 in
2753 4473 3001 4547 margine:
3025 4477 3184 4547 αὐτή.
3222 4479 3263 4528 Β
3292 4476 3453 4547 αὕτη.

2364 4545 2459 4618 ξΕν
2486 4542 2660 4618 αὐτῇ.
2688 4547 2805 4618 ΑῨΒ
2833 4542 2895 4598 ἐν
2919 4550 3105 4618 ἑαυτῇ.

2201 4614 2312 4682 (29)
2364 4615 2704 4736 Ἀλεακτητόνκ
2737 4617 2778 4666 Β
2807 4614 3091 4688 ἀγαπητόν
3115 4618 3251 4669 ἐστι.

2201 4684 2312 4736 150)
2351 4688 2406 4736 Π
2443 4701 2594 4736 rtem
2620 4684 2772 4736 ἐστί.
2823 4687 2968 4736 Ἐστί
2997 4689 3141 4736 delet
3183 4687 3243 4736 Β.

2201 4684 2312 4751 (50)
2351 4684 2594 4748 Πάντως
2620 4684 2772 4739 ἐστί.
2823 4684 3141 4743 Ἐστίόοίοι
3183 4687 3243 4741 Β.

2200 4753 2313 4894 (3!;
2347 4755 2520 4808 Λὺτό.
2557 4754 2598 4805 Β
2625 4755 2801 4808 ἑαυτό.

2200 4825 2292 4892 (52
2343 4823 2438 4878 Διὸ
2474 4825 2561 4877 τό.
2597 4824 2639 4876 Β
2663 4825 2816 4878 διότι.
2844 4825 2925 4878 Ad
2954 4826 3112 4882 verba
3143 4826 3274 4880 διότι
3305 4825 3467 4880 καλόν
3490 4827 3606 4880 ἐστι
3647 4828 3662 4882 i

2199 4823 2312 4906 (52)
2343 4823 2438 4906 Διό
2466 4825 2561 4906 ⁹τόί
2663 4825 2826 4906 διότι.-
2844 4825 2925 4906 Ad
2954 4826 3286 4906 verbaﬁtd'rt
3305 4825 3467 4906 καλόν
3490 4827 3606 4906 ἐστι
3647 4828 3706 4906 in

2127 4893 2277 4969 calce
2296 4893 2512 4969 codicis
2531 4895 2568 4948 Α
2601 4894 3000 4969 ΙιμεεοΑηοιοηιιιι·
3027 4913 3040 4947 :
3071 4897 3384 4969 'O-crxdpov
3404 4898 3503 4949 οὐκ
3530 4899 3644 4969 ἔχει
3666 4903 3708 4969 ἡ

2127 4965 2264 5057 πρὸς
2287 4964 2379 5018 τὸν
2406 4964 2538 5017 Θεὸν
2578 4965 2687 5017 τῶν
2719 4966 2890 5032 ἀγίων
2921 4966 3232 5089 ἀγαπητικὴ
3283 4964 3480 5036 σχέσις.

2127 5051 2218 5091 ουν
2231 5037 2378 5088 ἐστιν
2398 5037 2426 5088 ὁ
2455 5036 2584 5091 παρ’
2612 5035 2916 5091 Ὠριγένονς
2945 5038 3092 5091 ἀναπ
3125 5036 3308 5091 ασθεὶς
3329 5036 3435 5089 τῶν
3455 5039 3591 5090 νόων
3612 5039 3707 5090 κόο

2125 5051 2218 5091 οῡν
2231 5051 2378 5088 εστιν
2398 5051 2426 5088 ο
2455 5051 2581 5106 παρ·
2617 5051 2916 5104 ἰιριγενονς
2945 5051 3308 5101 αναπλασοεις
3329 5053 3435 5089 των
3455 5051 3591 5090 νοων
3612 5051 3707 5090 κοο

2129 5125 2241 5178 ρος,
2260 5107 2400 5178 again
2419 5107 2482 5158 ἐκ
2505 5103 2692 5178 τούτῳ
2707 5106 3051 5178 κατάπτωσις
3072 5107 3251 5160 αὐτῶν
3271 5108 3362 5178 καὶ
3374 5109 3707 5178 ἀνάκλησις,

2125 5169 2218 5246 ἀφᾖ
2248 5169 2309 5247 οὗ
2343 5169 2403 5247 τδ
2435 5173 2866 5247 πολυθρύλλητον
2888 5175 3064 5246 δόγμα
3103 5179 3203 5247 τῆς
3227 5177 3334 5230 τῶν
3355 5177 3544 5246 ψυχῶν

2125 5244 2412 5318 υπάρξεώς
2433 5261 2493 5298 τε
2518 5244 2616 5297 καῖ
2632 5244 3124 5318 ἀποκαταστάσεως
3151 5244 3524 5318 ἆστᾲτῳζφρῥᾷ
3541 5244 3708 5314 περι-

2126 5316 2439 5387 φερομένων
2463 5315 2854 5380 κατασκευάζει
2879 5315 2948 5368 τά
2985 5317 3272 5399 Ἑλληνικά
3291 5315 3611 5388 μύθεύματα
3634 5320 3713 5388 τῇ

2125 5386 2550 5439 ἐκκλησιαστικῆ
2607 5384 2832 5439 ἀληθεία
2881 5385 2958 5439 ὡς
3013 5404 3197 5439 κακων
3249 5387 3713 5439 παστιγκάπτιλος

2259 5386 2551 5458 ησιαστικῇ
2607 5386 2832 5458 ἀληθείᾳ
2881 5386 2958 5450 ὡς
3013 5386 3197 5442 κακῶν
3249 5386 3713 5458 παστιγκάπηλοξ

2126 5455 2426 5579 προῗσὲιῖςαι
2463 5454 2818 5531 σπουδάσας(
2894 5523 2921 5536 ⁸,

2196 5530 2212 5595 (
2292 5528 2310 5595 )
2363 5525 2692 5595 ΑληθωςηΒ
2722 5524 2972 5595 ἀληθους.

2341 5596 2424 5668 ζιρῠ
2443 5594 2856 5668 προσάπτεται
2877 5612 2933 5647 κ.
3032 5596 3191 5667 κόρος
3218 5597 3280 5651 ού
3302 5597 3708 5668 προσάπτεται.

2126 5751 2164 5791 χ
2343 5662 2496 5733 Πρὸς
2543 5663 2610 5718 τὸ
2657 5664 2847 5720 καλὸν
2892 5662 3129 5734 σχέσινῖ.
3156 5667 3198 5720 Β
3245 5662 3431 5739 σχέσιν
3462 5667 3597 5739 πρὸς
3643 5667 3715 5720 τὸ

2165 5753 2228 5790 αΑ
2260 5753 2307 5792 ν.
