  <div class='ocr_page' id='page_1' title='image "/cluster/home/n/w/nwhite01/storage/ocr_20150623/46/mdp.39015011915447/056.png"; bbox 0 0 3950 6132; ppageno 0'>
   <div class='ocr_carea' id='block_1_1' title="bbox 203 217 1777 283">
    <p class='ocr_par' dir='ltr' id='par_1_1' title="bbox 203 217 1752 281">
     <span class='ocr_line' id='line_1_1' title="bbox 203 217 1752 281; baseline -0.001 -1"><span class='ocrx_word' id='word_1_1' title='bbox 203 221 284 281; x_wconf 70' lang='grc'>97</span> <span class='ocrx_word' id='word_1_2' title='bbox 1281 217 1366 275; x_wconf 82' lang='grc' dir='ltr'><strong>ΒΕ</strong></span> <span class='ocrx_word' id='word_1_3' title='bbox 1404 218 1622 279; x_wconf 75' lang='lat' dir='ltr'><strong>ANIMA</strong></span> <span class='ocrx_word' id='word_1_4' title='bbox 1668 217 1752 278; x_wconf 75' lang='grc' dir='ltr'><strong>ΕἸ</strong></span> 
     </span>
    </p>
   </div>
   <div class='ocr_carea' id='block_1_2' title="bbox 1880 217 3449 283">
    <p class='ocr_par' dir='ltr' id='par_1_2' title="bbox 1880 221 3449 283">
     <span class='ocr_line' id='line_1_2' title="bbox 1880 221 3449 283; baseline -0.006 -4"><span class='ocrx_word' id='word_1_5' title='bbox 1880 222 1973 282; x_wconf 69' lang='lat' dir='ltr'><strong>;SU</strong></span> <span class='ocrx_word' id='word_1_6' title='bbox 1983 221 2396 281; x_wconf 74' lang='lat' dir='ltr'><strong>RRECTIONE.</strong></span> <span class='ocrx_word' id='word_1_7' title='bbox 3376 223 3449 283; x_wconf 75' lang='lat'><strong>93</strong></span> 
     </span>
    </p>
   </div>
   <div class='ocr_carea' id='block_1_3' title="bbox 205 328 1777 411">
    <p class='ocr_par' dir='ltr' id='par_1_3' title="bbox 205 328 1773 406">
     <span class='ocr_line' id='line_1_3' title="bbox 205 328 1773 406; baseline 0 -16"><span class='ocrx_word' id='word_1_8' title='bbox 205 351 298 390; x_wconf 84' lang='grc' dir='ltr'><strong>σιν</strong></span> <span class='ocrx_word' id='word_1_9' title='bbox 327 331 462 398; x_wconf 72' lang='grc' dir='ltr'>ἐστὶ,</span> <span class='ocrx_word' id='word_1_10' title='bbox 491 329 584 386; x_wconf 74' lang='grc' dir='ltr'>καὶ</span> <span class='ocrx_word' id='word_1_11' title='bbox 626 328 989 400; x_wconf 73' lang='grc' dir='ltr'>ἀγαπητικῶς</span> <span class='ocrx_word' id='word_1_12' title='bbox 1019 334 1143 399; x_wconf 60' lang='lat' dir='ltr'><strong>me;</strong></span> <span class='ocrx_word' id='word_1_13' title='bbox 1167 332 1229 387; x_wconf 81' lang='grc' dir='ltr'>τὸ</span> <span class='ocrx_word' id='word_1_14' title='bbox 1269 331 1427 386; x_wconf 80' lang='grc' dir='ltr'>καλὸν</span> <span class='ocrx_word' id='word_1_15' title='bbox 1456 334 1521 389; x_wconf 72' lang='grc' dir='ltr'>ἐκ</span> <span class='ocrx_word' id='word_1_16' title='bbox 1556 335 1773 406; x_wconf 86' lang='grc' dir='ltr'>φύσεως</span> 
     </span>
    </p>
   </div>
   <div class='ocr_carea' id='block_1_4' title="bbox 1880 328 3448 411">
    <p class='ocr_par' dir='ltr' id='par_1_4' title="bbox 1880 335 3448 408">
     <span class='ocr_line' id='line_1_4' title="bbox 1880 335 3448 408; baseline -0.002 -8"><span class='ocrx_word' id='word_1_17' title='bbox 1880 353 2096 400; x_wconf 68' lang='lat' dir='ltr'><strong>ororsus</strong></span> <span class='ocrx_word' id='word_1_18' title='bbox 2133 337 2205 394; x_wconf 82' lang='lat' dir='ltr'><strong>ab</strong></span> <span class='ocrx_word' id='word_1_19' title='bbox 2253 337 2324 394; x_wconf 89' lang='lat' dir='ltr'><strong>iis</strong></span> <span class='ocrx_word' id='word_1_20' title='bbox 2371 335 2465 408; x_wconf 99' lang='lat' dir='ltr'><strong>qui</strong></span> <span class='ocrx_word' id='word_1_21' title='bbox 2518 337 2574 393; x_wconf 87' lang='lat' dir='ltr'><strong>id</strong></span> <span class='ocrx_word' id='word_1_22' title='bbox 2627 345 2970 408; x_wconf 82' lang='lat' dir='ltr'><strong>cognoscunt</strong></span> <span class='ocrx_word' id='word_1_23' title='bbox 3019 335 3314 396; x_wconf 75' lang='lat' dir='ltr'><strong>dilectione</strong></span> <span class='ocrx_word' id='word_1_24' title='bbox 3357 339 3448 397; x_wconf 86' lang='lat' dir='ltr'><strong>di-</strong></span> 
     </span>
    </p>
   </div>
   <div class='ocr_carea' id='block_1_5' title="bbox 207 416 1777 502">
    <p class='ocr_par' dir='ltr' id='par_1_5' title="bbox 207 416 1773 497">
     <span class='ocr_line' id='line_1_5' title="bbox 207 416 1773 497; baseline 0.001 -18"><span class='ocrx_word' id='word_1_25' title='bbox 207 427 347 496; x_wconf 67' lang='grc' dir='ltr'>ἔχει,</span> <span class='ocrx_word' id='word_1_26' title='bbox 381 424 475 477; x_wconf 74' lang='grc' dir='ltr'>καὶ</span> <span class='ocrx_word' id='word_1_27' title='bbox 502 424 630 492; x_wconf 83' lang='grc' dir='ltr'>ὅρον</span> <span class='ocrx_word' id='word_1_28' title='bbox 656 421 771 493; x_wconf 86' lang='grc'>(56)</span> <span class='ocrx_word' id='word_1_29' title='bbox 815 420 915 491; x_wconf 84' lang='grc' dir='ltr'>τῆς</span> <span class='ocrx_word' id='word_1_30' title='bbox 951 416 1093 472; x_wconf 83' lang='grc' dir='ltr'>κατὰ</span> <span class='ocrx_word' id='word_1_31' title='bbox 1117 421 1457 492; x_wconf 61' lang='grc' dir='ltr'>ἠνάγάπην</span> <span class='ocrx_word' id='word_1_32' title='bbox 1493 426 1773 497; x_wconf 72' lang='grc' dir='ltr'><strong>ἐνεργείας</strong></span> 
     </span>
    </p>
   </div>
   <div class='ocr_carea' id='block_1_6' title="bbox 1880 416 3449 502">
    <p class='ocr_par' dir='ltr' id='par_1_6' title="bbox 1880 431 3449 502">
     <span class='ocr_line' id='line_1_6' title="bbox 1880 431 3449 502; baseline 0.002 -16"><span class='ocrx_word' id='word_1_33' title='bbox 1880 447 2037 500; x_wconf 76' lang='lat' dir='ltr'><strong>gnum</strong></span> <span class='ocrx_word' id='word_1_34' title='bbox 2089 431 2326 486; x_wconf 88' lang='lat' dir='ltr'><strong>habetur</strong></span> <span class='ocrx_word' id='word_1_35' title='bbox 2376 451 2389 486; x_wconf 87' lang='lat'><strong>:</strong></span> <span class='ocrx_word' id='word_1_36' title='bbox 2444 432 2799 502; x_wconf 72' lang='lat' dir='ltr'><strong>cognoscitur</strong></span> <span class='ocrx_word' id='word_1_37' title='bbox 2854 438 3036 488; x_wconf 89' lang='lat' dir='ltr'><strong>autem</strong></span> <span class='ocrx_word' id='word_1_38' title='bbox 3101 431 3156 486; x_wconf 91' lang='lat' dir='ltr'><strong>id</strong></span> <span class='ocrx_word' id='word_1_39' title='bbox 3222 433 3449 490; x_wconf 82' lang='lat' dir='ltr'><strong>numine</strong></span> 
     </span>
    </p>
   </div>
   <div class='ocr_carea' id='block_1_7' title="bbox 201 508 1777 592">
    <p class='ocr_par' dir='ltr' id='par_1_7' title="bbox 201 508 1772 589">
     <span class='ocr_line' id='line_1_7' title="bbox 201 508 1772 589; baseline -0.008 -18"><span class='ocrx_word' id='word_1_40' title='bbox 201 518 306 572; x_wconf 82' lang='grc' dir='ltr'><strong>οὐκ</strong></span> <span class='ocrx_word' id='word_1_41' title='bbox 343 515 456 586; x_wconf 78' lang='grc' dir='ltr'>ἔχει</span> <span class='ocrx_word' id='word_1_42' title='bbox 480 555 496 581; x_wconf 85' lang='lat'><strong>,</strong></span> <span class='ocrx_word' id='word_1_43' title='bbox 526 513 716 584; x_wconf 71' lang='grc' dir='ltr'>ἐπειδὴ</span> <span class='ocrx_word' id='word_1_44' title='bbox 740 511 862 566; x_wconf 82' lang='grc' dir='ltr'><strong>οὐδὲ</strong></span> <span class='ocrx_word' id='word_1_45' title='bbox 890 508 987 564; x_wconf 83' lang='grc' dir='ltr'><strong>τοῦ</strong></span> <span class='ocrx_word' id='word_1_46' title='bbox 1030 509 1196 563; x_wconf 84' lang='grc' dir='ltr'>καλοῦ</span> <span class='ocrx_word' id='word_1_47' title='bbox 1211 531 1269 568; x_wconf 75' lang='grc' dir='ltr'>τι</span> <span class='ocrx_word' id='word_1_48' title='bbox 1302 513 1474 586; x_wconf 78' lang='grc' dir='ltr'>πέρας</span> <span class='ocrx_word' id='word_1_49' title='bbox 1499 517 1772 589; x_wconf 72' lang='grc' dir='ltr'>κοιταλαμ.</span> 
     </span>
    </p>
   </div>
   <div class='ocr_carea' id='block_1_8' title="bbox 1880 508 3446 592">
    <p class='ocr_par' dir='ltr' id='par_1_8' title="bbox 1880 519 3446 592">
     <span class='ocr_line' id='line_1_8' title="bbox 1880 519 3446 592; baseline 0.003 -18"><span class='ocrx_word' id='word_1_50' title='bbox 1880 519 2094 590; x_wconf 78' lang='lat' dir='ltr'><strong>divino;</strong></span> <span class='ocrx_word' id='word_1_51' title='bbox 2149 521 2349 578; x_wconf 89' lang='lat' dir='ltr'><strong>notitia</strong></span> <span class='ocrx_word' id='word_1_52' title='bbox 2398 535 2530 577; x_wconf 85' lang='lat' dir='ltr'><strong>vero</strong></span> <span class='ocrx_word' id='word_1_53' title='bbox 2574 521 2627 577; x_wconf 87' lang='lat' dir='ltr'><strong>in</strong></span> <span class='ocrx_word' id='word_1_54' title='bbox 2676 522 3028 578; x_wconf 67' lang='lat' dir='ltr'><strong>dilectionem</strong></span> <span class='ocrx_word' id='word_1_55' title='bbox 3084 525 3446 592; x_wconf 81' lang='lat' dir='ltr'><strong>convertitur,</strong></span> 
     </span>
    </p>
   </div>
   <div class='ocr_carea' id='block_1_9' title="bbox 201 599 1777 687">
    <p class='ocr_par' dir='ltr' id='par_1_9' title="bbox 201 599 1774 680">
     <span class='ocr_line' id='line_1_9' title="bbox 201 599 1774 680; baseline -0.004 -19"><span class='ocrx_word' id='word_1_56' title='bbox 201 607 448 669; x_wconf 75' lang='grc' dir='ltr'>δάνεται,</span> <span class='ocrx_word' id='word_1_57' title='bbox 479 604 560 668; x_wconf 81' lang='grc' dir='ltr'>ὡς</span> <span class='ocrx_word' id='word_1_58' title='bbox 595 601 988 672; x_wconf 82' lang='grc' dir='ltr'>συναπολήγειν</span> <span class='ocrx_word' id='word_1_59' title='bbox 1019 599 1099 670; x_wconf 80' lang='grc' dir='ltr'><strong>τῷ</strong></span> <span class='ocrx_word' id='word_1_60' title='bbox 1128 599 1317 670; x_wconf 63' lang='grc' dir='ltr'>πέρατι</span> <span class='ocrx_word' id='word_1_61' title='bbox 1348 601 1442 656; x_wconf 82' lang='grc' dir='ltr'><strong>τοῦ</strong></span> <span class='ocrx_word' id='word_1_62' title='bbox 1487 601 1646 660; x_wconf 80' lang='grc' dir='ltr'>καλαῦ</span> <span class='ocrx_word' id='word_1_63' title='bbox 1675 606 1774 680; x_wconf 68' lang='grc' dir='ltr'>τὴν</span> 
     </span>
    </p>
   </div>
   <div class='ocr_carea' id='block_1_10' title="bbox 1880 599 3448 687">
    <p class='ocr_par' dir='ltr' id='par_1_10' title="bbox 1880 614 3448 687">
     <span class='ocr_line' id='line_1_10' title="bbox 1880 614 3448 687; baseline 0 -19"><span class='ocrx_word' id='word_1_64' title='bbox 1880 623 2161 684; x_wconf 84' lang='lat' dir='ltr'><strong>propterea</strong></span> <span class='ocrx_word' id='word_1_65' title='bbox 2211 615 2359 686; x_wconf 85' lang='lat' dir='ltr'><strong>quod</strong></span> <span class='ocrx_word' id='word_1_66' title='bbox 2410 624 2605 687; x_wconf 83' lang='lat' dir='ltr'><strong>natura</strong></span> <span class='ocrx_word' id='word_1_67' title='bbox 2660 614 2864 668; x_wconf 85' lang='lat' dir='ltr'><strong>bonum</strong></span> <span class='ocrx_word' id='word_1_68' title='bbox 2893 624 2949 670; x_wconf 92' lang='lat' dir='ltr'><strong>et</strong></span> <span class='ocrx_word' id='word_1_69' title='bbox 3006 615 3297 670; x_wconf 86' lang='lat' dir='ltr'><strong>honestum</strong></span> <span class='ocrx_word' id='word_1_70' title='bbox 3364 622 3448 672; x_wconf 85' lang='lat' dir='ltr'><strong>est</strong></span> 
     </span>
    </p>
   </div>
   <div class='ocr_carea' id='block_1_11' title="bbox 197 691 1777 778">
    <p class='ocr_par' dir='ltr' id='par_1_11' title="bbox 197 691 1774 767">
     <span class='ocr_line' id='line_1_11' title="bbox 197 691 1774 767; baseline -0.001 -19"><span class='ocrx_word' id='word_1_71' title='bbox 197 698 427 767; x_wconf 78' lang='grc' dir='ltr'><strong>ἀγάπην</strong></span> <span class='ocrx_word' id='word_1_72' title='bbox 452 711 468 725; x_wconf 76' lang='grc' dir='ltr'>ο</span> <span class='ocrx_word' id='word_1_73' title='bbox 499 694 644 765; x_wconf 83' lang='grc' dir='ltr'><strong>μόνῳ</strong></span> <span class='ocrx_word' id='word_1_74' title='bbox 673 693 784 762; x_wconf 80' lang='grc' dir='ltr'><strong>γὰρ</strong></span> <span class='ocrx_word' id='word_1_75' title='bbox 815 691 893 760; x_wconf 85' lang='grc' dir='ltr'>τῷ</span> <span class='ocrx_word' id='word_1_76' title='bbox 923 691 1036 761; x_wconf 84' lang='grc'>(57)</span> <span class='ocrx_word' id='word_1_77' title='bbox 1065 691 1297 761; x_wconf 66' lang='grc' dir='ltr'><strong>¹ἐναντίῳ</strong></span> <span class='ocrx_word' id='word_1_78' title='bbox 1326 695 1382 745; x_wconf 63' lang='grc' dir='ltr'>τὶ</span> <span class='ocrx_word' id='word_1_79' title='bbox 1415 693 1578 748; x_wconf 84' lang='grc' dir='ltr'>καλὸν</span> <span class='ocrx_word' id='word_1_80' title='bbox 1615 710 1774 765; x_wconf 62' lang='lat' dir='ltr'><strong>nepa,</strong></span> 
     </span>
    </p>
   </div>
   <div class='ocr_carea' id='block_1_12' title="bbox 1880 691 3448 778">
    <p class='ocr_par' dir='ltr' id='par_1_12' title="bbox 1883 703 3448 778">
     <span class='ocr_line' id='line_1_12' title="bbox 1883 703 3448 778; baseline 0.003 -20"><span class='ocrx_word' id='word_1_81' title='bbox 1883 703 1939 758; x_wconf 89' lang='lat' dir='ltr'><strong>id</strong></span> <span class='ocrx_word' id='word_1_82' title='bbox 2020 707 2165 778; x_wconf 84' lang='lat' dir='ltr'><strong>quod</strong></span> <span class='ocrx_word' id='word_1_83' title='bbox 2232 708 2629 778; x_wconf 75' lang='lat' dir='ltr'><strong>cognoscitur;</strong></span> <span class='ocrx_word' id='word_1_84' title='bbox 2710 706 2764 760; x_wconf 91' lang='lat' dir='ltr'><strong>id</strong></span> <span class='ocrx_word' id='word_1_85' title='bbox 2850 714 3030 761; x_wconf 85' lang='lat' dir='ltr'><strong>autem</strong></span> <span class='ocrx_word' id='word_1_86' title='bbox 3097 708 3243 777; x_wconf 92' lang='lat' dir='ltr'><strong>quod</strong></span> <span class='ocrx_word' id='word_1_87' title='bbox 3318 721 3448 763; x_wconf 87' lang='lat' dir='ltr'><strong>vere</strong></span> 
     </span>
    </p>
   </div>
   <div class='ocr_carea' id='block_1_13' title="bbox 201 778 1777 868">
    <p class='ocr_par' dir='ltr' id='par_1_13' title="bbox 201 778 1772 853">
     <span class='ocr_line' id='line_1_13' title="bbox 201 778 1772 853; baseline -0.002 -12"><span class='ocrx_word' id='word_1_88' title='bbox 201 787 410 841; x_wconf 81' lang='grc' dir='ltr'>τιοῦται</span> <span class='ocrx_word' id='word_1_89' title='bbox 437 802 452 816; x_wconf 77' lang='grc' dir='ltr'><strong>ο</strong></span> <span class='ocrx_word' id='word_1_90' title='bbox 504 778 567 837; x_wconf 78' lang='grc' dir='ltr'>οὗ</span> <span class='ocrx_word' id='word_1_91' title='bbox 609 784 667 837; x_wconf 86' lang='grc' dir='ltr'><strong>δὲ</strong></span> <span class='ocrx_word' id='word_1_92' title='bbox 715 781 827 853; x_wconf 85' lang='grc'>(58)</span> <span class='ocrx_word' id='word_1_93' title='bbox 858 784 892 853; x_wconf 78' lang='grc' dir='ltr'><strong>ἡ</strong></span> <span class='ocrx_word' id='word_1_94' title='bbox 943 780 1104 850; x_wconf 81' lang='grc' dir='ltr'>φύσις</span> <span class='ocrx_word' id='word_1_95' title='bbox 1140 780 1484 849; x_wconf 83' lang='grc' dir='ltr'>ἀνεπίδεκτός</span> <span class='ocrx_word' id='word_1_96' title='bbox 1529 783 1654 836; x_wconf 67' lang='grc' dir='ltr'>ἐστι</span> <span class='ocrx_word' id='word_1_97' title='bbox 1688 787 1772 838; x_wconf 62' lang='lat' dir='ltr'><strong>to?»</strong></span> 
     </span>
    </p>
   </div>
   <div class='ocr_carea' id='block_1_14' title="bbox 1880 778 3449 868">
    <p class='ocr_par' dir='ltr' id='par_1_14' title="bbox 1880 797 3449 868">
     <span class='ocr_line' id='line_1_14' title="bbox 1880 797 3449 868; baseline -0.001 -14"><span class='ocrx_word' id='word_1_98' title='bbox 1880 799 2076 854; x_wconf 89' lang='lat' dir='ltr'><strong>bonum</strong></span> <span class='ocrx_word' id='word_1_99' title='bbox 2134 805 2189 854; x_wconf 90' lang='lat' dir='ltr'><strong>et</strong></span> <span class='ocrx_word' id='word_1_100' title='bbox 2237 798 2526 853; x_wconf 87' lang='lat' dir='ltr'><strong>honestum</strong></span> <span class='ocrx_word' id='word_1_101' title='bbox 2572 805 2676 861; x_wconf 90' lang='lat' dir='ltr'><strong>est,</strong></span> <span class='ocrx_word' id='word_1_102' title='bbox 2716 812 2744 850; x_wconf 90' lang='lat' dir='ltr'><strong>a</strong></span> <span class='ocrx_word' id='word_1_103' title='bbox 2789 797 3053 866; x_wconf 81' lang='lat' dir='ltr'><strong>petulanti</strong></span> <span class='ocrx_word' id='word_1_104' title='bbox 3105 805 3270 867; x_wconf 87' lang='lat' dir='ltr'><strong>atque</strong></span> <span class='ocrx_word' id='word_1_105' title='bbox 3317 812 3449 868; x_wconf 76' lang='lat' dir='ltr'><strong>pro-</strong></span> 
     </span>
    </p>
   </div>
   <div class='ocr_carea' id='block_1_15' title="bbox 199 872 1777 957">
    <p class='ocr_par' dir='ltr' id='par_1_15' title="bbox 199 872 1777 950">
     <span class='ocr_line' id='line_1_15' title="bbox 199 872 1777 950; baseline -0.001 -19"><span class='ocrx_word' id='word_1_106' title='bbox 199 880 461 950; x_wconf 82' lang='grc' dir='ltr'>χείρονος,</span> <span class='ocrx_word' id='word_1_107' title='bbox 494 876 631 946; x_wconf 83' lang='grc' dir='ltr'>πρὸς</span> <span class='ocrx_word' id='word_1_108' title='bbox 662 874 723 928; x_wconf 84' lang='grc' dir='ltr'>τδ</span> <span class='ocrx_word' id='word_1_109' title='bbox 749 873 1051 945; x_wconf 84' lang='grc' dir='ltr'>ἀπέραντόν</span> <span class='ocrx_word' id='word_1_110' title='bbox 1076 889 1136 925; x_wconf 88' lang='grc' dir='ltr'><strong>τε</strong></span> <span class='ocrx_word' id='word_1_111' title='bbox 1165 873 1261 927; x_wconf 77' lang='grc' dir='ltr'><strong>καὶ</strong></span> <span class='ocrx_word' id='word_1_112' title='bbox 1290 872 1536 942; x_wconf 83' lang='grc' dir='ltr'>ἀόριστον</span> <span class='ocrx_word' id='word_1_113' title='bbox 1559 875 1621 929; x_wconf 79' lang='grc' dir='ltr'>τὸ</span> <span class='ocrx_word' id='word_1_114' title='bbox 1646 876 1777 944; x_wconf 79' lang='grc' dir='ltr'>ἀγα-</span> 
     </span>
    </p>
   </div>
   <div class='ocr_carea' id='block_1_16' title="bbox 1880 872 3450 957">
    <p class='ocr_par' dir='ltr' id='par_1_16' title="bbox 1880 886 3450 957">
     <span class='ocr_line' id='line_1_16' title="bbox 1880 886 3450 957; baseline 0.001 -15"><span class='ocrx_word' id='word_1_115' title='bbox 1880 895 2026 944; x_wconf 80' lang='lat' dir='ltr'><strong>lerva</strong></span> <span class='ocrx_word' id='word_1_116' title='bbox 2071 889 2320 944; x_wconf 78' lang='lat' dir='ltr'><strong>satietate</strong></span> <span class='ocrx_word' id='word_1_117' title='bbox 2361 903 2468 942; x_wconf 88' lang='lat' dir='ltr'><strong>non</strong></span> <span class='ocrx_word' id='word_1_118' title='bbox 2525 888 2824 957; x_wconf 85' lang='lat' dir='ltr'><strong>attingitur.</strong></span> <span class='ocrx_word' id='word_1_119' title='bbox 2881 886 3052 942; x_wconf 87' lang='lat' dir='ltr'><strong>Porro</strong></span> <span class='ocrx_word' id='word_1_120' title='bbox 3086 890 3338 942; x_wconf 84' lang='lat' dir='ltr'><strong>satietate</strong></span> <span class='ocrx_word' id='word_1_121' title='bbox 3366 889 3450 943; x_wconf 92' lang='lat' dir='ltr'><strong>di-</strong></span> 
     </span>
    </p>
   </div>
   <div class='ocr_carea' id='block_1_17' title="bbox 194 966 1777 1048">
    <p class='ocr_par' dir='ltr' id='par_1_17' title="bbox 194 966 873 1039">
     <span class='ocr_line' id='line_1_17' title="bbox 194 966 873 1039; baseline -0.004 -16"><span class='ocrx_word' id='word_1_122' title='bbox 194 970 293 1023; x_wconf 73' lang='grc' dir='ltr'><strong>θον</strong></span> <span class='ocrx_word' id='word_1_123' title='bbox 319 967 710 1039; x_wconf 80' lang='grc' dir='ltr'><strong>προελεύσεται</strong></span> <span class='ocrx_word' id='word_1_124' title='bbox 738 966 873 1038; x_wconf 83' lang='grc'>(59).</span> 
     </span>
    </p>
   </div>
   <div class='ocr_carea' id='block_1_18' title="bbox 1880 966 3447 1048">
    <p class='ocr_par' dir='ltr' id='par_1_18' title="bbox 1880 976 3447 1048">
     <span class='ocr_line' id='line_1_18' title="bbox 1880 976 3447 1048; baseline 0.003 -18"><span class='ocrx_word' id='word_1_125' title='bbox 1880 976 2144 1047; x_wconf 60' lang='lat' dir='ltr'><strong>lectionis;</strong></span> <span class='ocrx_word' id='word_1_126' title='bbox 2179 979 2424 1035; x_wconf 84' lang='lat' dir='ltr'><strong>habitum</strong></span> <span class='ocrx_word' id='word_1_127' title='bbox 2466 989 2520 1035; x_wconf 88' lang='lat' dir='ltr'><strong>et</strong></span> <span class='ocrx_word' id='word_1_128' title='bbox 2571 979 2821 1034; x_wconf 75' lang='lat' dir='ltr'><strong>aﬂ‘ectnm</strong></span> <span class='ocrx_word' id='word_1_129' title='bbox 2858 979 2925 1032; x_wconf 86' lang='lat' dir='ltr'><strong>ad</strong></span> <span class='ocrx_word' id='word_1_130' title='bbox 2967 979 3020 1032; x_wconf 92' lang='lat' dir='ltr'><strong>id</strong></span> <span class='ocrx_word' id='word_1_131' title='bbox 3071 981 3216 1048; x_wconf 86' lang='lat' dir='ltr'><strong>quod</strong></span> <span class='ocrx_word' id='word_1_132' title='bbox 3243 980 3447 1035; x_wconf 90' lang='lat' dir='ltr'><strong>bonum</strong></span> 
     </span>
    </p>
   </div>
   <div class='ocr_carea' id='block_1_19' title="bbox 199 1241 3449 1326">
    <p class='ocr_par' dir='ltr' id='par_1_19' title="bbox 199 1241 3449 1326">
     <span class='ocr_line' id='line_1_19' title="bbox 199 1241 3449 1326; baseline 0 -27"><span class='ocrx_word' id='word_1_133' title='bbox 199 1244 394 1300; x_wconf 80' lang='lat' dir='ltr'><strong>aﬂectu</strong></span> <span class='ocrx_word' id='word_1_134' title='bbox 435 1253 634 1296; x_wconf 83' lang='lat' dir='ltr'><strong>natura</strong></span> <span class='ocrx_word' id='word_1_135' title='bbox 674 1241 900 1310; x_wconf 68' lang='lat' dir='ltr'><strong>praedita</strong></span> <span class='ocrx_word' id='word_1_136' title='bbox 930 1247 1036 1307; x_wconf 90' lang='lat' dir='ltr'><strong>est,</strong></span> <span class='ocrx_word' id='word_1_137' title='bbox 1065 1254 1130 1294; x_wconf 89' lang='lat' dir='ltr'><strong>ac</strong></span> <span class='ocrx_word' id='word_1_138' title='bbox 1160 1241 1452 1296; x_wconf 86' lang='lat' dir='ltr'><strong>terminum</strong></span> <span class='ocrx_word' id='word_1_139' title='bbox 1477 1249 1530 1296; x_wconf 87' lang='lat' dir='ltr'><strong>et</strong></span> <span class='ocrx_word' id='word_1_140' title='bbox 1559 1243 1860 1300; x_wconf 81' lang='lat' dir='ltr'><strong>satietatem</strong></span> <span class='ocrx_word' id='word_1_141' title='bbox 1911 1245 2156 1318; x_wconf 51' lang='lat' dir='ltr'><strong>diliggndi</strong></span> <span class='ocrx_word' id='word_1_142' title='bbox 2209 1258 2442 1313; x_wconf 64' lang='lat' dir='ltr'><strong>actionis</strong></span> <span class='ocrx_word' id='word_1_143' title='bbox 2479 1271 2588 1311; x_wconf 73' lang='lat' dir='ltr'><strong>non</strong></span> <span class='ocrx_word' id='word_1_144' title='bbox 2640 1256 2824 1321; x_wconf 57' lang='lat' dir='ltr'><strong>habet,</strong></span> <span class='ocrx_word' id='word_1_145' title='bbox 2879 1257 3137 1326; x_wconf 70' lang='lat' dir='ltr'><strong>quoniam</strong></span> <span class='ocrx_word' id='word_1_146' title='bbox 3186 1274 3285 1313; x_wconf 73' lang='lat' dir='ltr'><strong>nec</strong></span> <span class='ocrx_word' id='word_1_147' title='bbox 3321 1259 3449 1313; x_wconf 73' lang='lat' dir='ltr'><strong>boni</strong></span> 
     </span>
    </p>
   </div>
   <div class='ocr_carea' id='block_1_20' title="bbox 195 1331 3450 1418">
    <p class='ocr_par' dir='ltr' id='par_1_20' title="bbox 195 1331 3450 1418">
     <span class='ocr_line' id='line_1_20' title="bbox 195 1331 3450 1418; baseline -0.001 -25"><span class='ocrx_word' id='word_1_148' title='bbox 195 1345 252 1393; x_wconf 82' lang='lat' dir='ltr'><strong>et</strong></span> <span class='ocrx_word' id='word_1_149' title='bbox 287 1335 516 1390; x_wconf 76' lang='lat' dir='ltr'><strong>honesti</strong></span> <span class='ocrx_word' id='word_1_150' title='bbox 550 1333 770 1404; x_wconf 81' lang='lat' dir='ltr'><strong>quidem</strong></span> <span class='ocrx_word' id='word_1_151' title='bbox 811 1332 1010 1402; x_wconf 83' lang='lat' dir='ltr'><strong>aliquis</strong></span> <span class='ocrx_word' id='word_1_152' title='bbox 1049 1331 1171 1388; x_wconf 82' lang='lat' dir='ltr'><strong>finis</strong></span> <span class='ocrx_word' id='word_1_153' title='bbox 1199 1333 1644 1402; x_wconf 90' lang='lat' dir='ltr'><strong>deprehenditur,</strong></span> <span class='ocrx_word' id='word_1_154' title='bbox 1682 1342 1742 1388; x_wconf 88' lang='lat' dir='ltr'><strong>ut</strong></span> <span class='ocrx_word' id='word_1_155' title='bbox 1781 1351 1887 1390; x_wconf 90' lang='lat' dir='ltr'><strong>una</strong></span> <span class='ocrx_word' id='word_1_156' title='bbox 1917 1353 2041 1392; x_wconf 88' lang='lat' dir='ltr'><strong>cum</strong></span> <span class='ocrx_word' id='word_1_157' title='bbox 2079 1343 2173 1402; x_wconf 70' lang='lat' dir='ltr'><strong>Ine</strong></span> <span class='ocrx_word' id='word_1_158' title='bbox 2200 1348 2330 1402; x_wconf 69' lang='lat' dir='ltr'><strong>boni</strong></span> <span class='ocrx_word' id='word_1_159' title='bbox 2383 1357 2438 1404; x_wconf 76' lang='grc' dir='ltr'>ει</span> <span class='ocrx_word' id='word_1_160' title='bbox 2481 1349 2693 1403; x_wconf 57' lang='lat' dir='ltr'><strong>honesti</strong></span> <span class='ocrx_word' id='word_1_161' title='bbox 2743 1349 2980 1403; x_wconf 62' lang='lat' dir='ltr'><strong>Chal-nas</strong></span> <span class='ocrx_word' id='word_1_162' title='bbox 3017 1356 3181 1418; x_wconf 57' lang='lat' dir='ltr'><strong>atque</strong></span> <span class='ocrx_word' id='word_1_163' title='bbox 3231 1349 3450 1404; x_wconf 56' lang='lat' dir='ltr'><strong>dilectio</strong></span> 
     </span>
    </p>
   </div>
   <div class='ocr_carea' id='block_1_21' title="bbox 194 1420 3449 1507">
    <p class='ocr_par' dir='ltr' id='par_1_21' title="bbox 194 1420 3449 1507">
     <span class='ocr_line' id='line_1_21' title="bbox 194 1420 3449 1507; baseline 0.001 -28"><span class='ocrx_word' id='word_1_164' title='bbox 194 1440 420 1496; x_wconf 80' lang='lat' dir='ltr'><strong>quoque</strong></span> <span class='ocrx_word' id='word_1_165' title='bbox 463 1421 697 1477; x_wconf 78' lang='lat' dir='ltr'><strong>desinat.</strong></span> <span class='ocrx_word' id='word_1_166' title='bbox 745 1420 880 1476; x_wconf 86' lang='lat' dir='ltr'><strong>Nam</strong></span> <span class='ocrx_word' id='word_1_167' title='bbox 918 1421 1038 1475; x_wconf 92' lang='lat' dir='ltr'><strong>solo</strong></span> <span class='ocrx_word' id='word_1_168' title='bbox 1083 1423 1359 1478; x_wconf 87' lang='lat' dir='ltr'><strong>contrario</strong></span> <span class='ocrx_word' id='word_1_169' title='bbox 1399 1423 1598 1476; x_wconf 88' lang='lat' dir='ltr'><strong>bonum</strong></span> <span class='ocrx_word' id='word_1_170' title='bbox 1647 1431 1810 1494; x_wconf 91' lang='lat' dir='ltr'><strong>atque</strong></span> <span class='ocrx_word' id='word_1_171' title='bbox 1863 1425 2152 1482; x_wconf 87' lang='lat' dir='ltr'><strong>honestum</strong></span> <span class='ocrx_word' id='word_1_172' title='bbox 2209 1439 2536 1492; x_wconf 57' lang='lat' dir='ltr'><strong>terminatur</strong></span> <span class='ocrx_word' id='word_1_173' title='bbox 2582 1446 2746 1507; x_wconf 61' lang='lat' dir='ltr'><strong>atque</strong></span> <span class='ocrx_word' id='word_1_174' title='bbox 2814 1437 3021 1492; x_wconf 65' lang='lat' dir='ltr'><strong>ﬁnitur,</strong></span> <span class='ocrx_word' id='word_1_175' title='bbox 3063 1438 3233 1507; x_wconf 77' lang='lat' dir='ltr'><strong>cujus</strong></span> <span class='ocrx_word' id='word_1_176' title='bbox 3269 1447 3449 1494; x_wconf 62' lang='lat' dir='ltr'><strong>autem</strong></span> 
     </span>
    </p>
   </div>
   <div class='ocr_carea' id='block_1_22' title="bbox 193 1511 3451 1598">
    <p class='ocr_par' dir='ltr' id='par_1_22' title="bbox 193 1511 3451 1598">
     <span class='ocr_line' id='line_1_22' title="bbox 193 1511 3451 1598; baseline 0 -27"><span class='ocrx_word' id='word_1_177' title='bbox 193 1514 327 1571; x_wconf 81' lang='lat' dir='ltr'><strong>boni</strong></span> <span class='ocrx_word' id='word_1_178' title='bbox 377 1527 445 1568; x_wconf 79' lang='lat' dir='ltr'><strong>ea</strong></span> <span class='ocrx_word' id='word_1_179' title='bbox 481 1522 681 1567; x_wconf 82' lang='lat' dir='ltr'><strong>natura</strong></span> <span class='ocrx_word' id='word_1_180' title='bbox 717 1522 822 1577; x_wconf 86' lang='lat' dir='ltr'><strong>est,</strong></span> <span class='ocrx_word' id='word_1_181' title='bbox 873 1527 994 1582; x_wconf 70' lang='lat' dir='ltr'><strong>qua:</strong></span> <span class='ocrx_word' id='word_1_182' title='bbox 1030 1511 1272 1567; x_wconf 85' lang='lat' dir='ltr'><strong>deterius</strong></span> <span class='ocrx_word' id='word_1_183' title='bbox 1294 1527 1404 1566; x_wconf 89' lang='lat' dir='ltr'><strong>non</strong></span> <span class='ocrx_word' id='word_1_184' title='bbox 1446 1513 1719 1578; x_wconf 83' lang='lat' dir='ltr'><strong>admittat,</strong></span> <span class='ocrx_word' id='word_1_185' title='bbox 1755 1515 1807 1569; x_wconf 75' lang='lat' dir='ltr'><strong>id</strong></span> <span class='ocrx_word' id='word_1_186' title='bbox 1841 1515 1895 1569; x_wconf 91' lang='lat' dir='ltr'><strong>in</strong></span> <span class='ocrx_word' id='word_1_187' title='bbox 1923 1516 2195 1572; x_wconf 78' lang='lat' dir='ltr'><strong>inﬁnitum</strong></span> <span class='ocrx_word' id='word_1_188' title='bbox 2233 1537 2275 1583; x_wconf 74' lang='grc' dir='ltr'><strong>ιι</strong></span> <span class='ocrx_word' id='word_1_189' title='bbox 2330 1527 2810 1582; x_wconf 72' lang='lat' dir='ltr'><strong>indelerminalum</strong></span> <span class='ocrx_word' id='word_1_190' title='bbox 2841 1543 3016 1597; x_wconf 83' lang='lat' dir='ltr'><strong>usque</strong></span> <span class='ocrx_word' id='word_1_191' title='bbox 3054 1528 3451 1598; x_wconf 62' lang='lat' dir='ltr'><strong>progrediatur,</strong></span> 
     </span>
    </p>
   </div>
   <div class='ocr_carea' id='block_1_23' title="bbox 281 1645 1777 1735">
    <p class='ocr_par' dir='ltr' id='par_1_23' title="bbox 281 1645 1777 1719">
     <span class='ocr_line' id='line_1_23' title="bbox 281 1645 1777 1719; baseline -0.001 -15"><span class='ocrx_word' id='word_1_192' title='bbox 281 1650 439 1704; x_wconf 75' lang='grc' dir='ltr'>Ἐπεὶ</span> <span class='ocrx_word' id='word_1_193' title='bbox 468 1645 560 1704; x_wconf 76' lang='grc' dir='ltr'><strong>οὖν</strong></span> <span class='ocrx_word' id='word_1_194' title='bbox 599 1647 822 1719; x_wconf 78' lang='grc' dir='ltr'>ἑλκτικὴ</span> <span class='ocrx_word' id='word_1_195' title='bbox 853 1648 961 1702; x_wconf 83' lang='grc' dir='ltr'>τῶν</span> <span class='ocrx_word' id='word_1_196' title='bbox 999 1649 1216 1702; x_wconf 81' lang='grc' dir='ltr'><strong>οἰκείων</strong></span> <span class='ocrx_word' id='word_1_197' title='bbox 1241 1650 1391 1703; x_wconf 78' lang='grc' dir='ltr'>πᾶσα</span> <span class='ocrx_word' id='word_1_198' title='bbox 1417 1648 1576 1719; x_wconf 84' lang='grc' dir='ltr'><strong>φύσις</strong></span> <span class='ocrx_word' id='word_1_199' title='bbox 1613 1650 1777 1716; x_wconf 71' lang='grc' dir='ltr'>ἐστὶν,</span> 
     </span>
    </p>
   </div>
   <div class='ocr_carea' id='block_1_24' title="bbox 1880 1645 3448 1735">
    <p class='ocr_par' dir='ltr' id='par_1_24' title="bbox 1957 1654 3448 1735">
     <span class='ocr_line' id='line_1_24' title="bbox 1957 1654 3448 1735; baseline 0.005 -22"><span class='ocrx_word' id='word_1_200' title='bbox 1957 1654 2224 1721; x_wconf 80' lang='lat' dir='ltr'><strong>Quoniam</strong></span> <span class='ocrx_word' id='word_1_201' title='bbox 2275 1658 2434 1726; x_wconf 59' lang='lat' dir='ltr'><strong>igtur</strong></span> <span class='ocrx_word' id='word_1_202' title='bbox 2491 1665 2758 1735; x_wconf 81' lang='lat' dir='ltr'><strong>cujusque</strong></span> <span class='ocrx_word' id='word_1_203' title='bbox 2810 1672 3021 1719; x_wconf 70' lang='lat' dir='ltr'><strong>natura:</strong></span> <span class='ocrx_word' id='word_1_204' title='bbox 3072 1679 3136 1720; x_wconf 90' lang='lat' dir='ltr'><strong>ea</strong></span> <span class='ocrx_word' id='word_1_205' title='bbox 3195 1666 3280 1720; x_wconf 90' lang='lat' dir='ltr'><strong>vis</strong></span> <span class='ocrx_word' id='word_1_206' title='bbox 3341 1673 3448 1732; x_wconf 90' lang='lat' dir='ltr'><strong>est,</strong></span> 
     </span>
    </p>
   </div>
   <div class='ocr_carea' id='block_1_25' title="bbox 192 1737 1784 1812">
    <p class='ocr_par' dir='ltr' id='par_1_25' title="bbox 192 1737 1784 1812">
     <span class='ocr_line' id='line_1_25' title="bbox 192 1737 1784 1812; baseline -0.001 -16"><span class='ocrx_word' id='word_1_207' title='bbox 192 1743 399 1796; x_wconf 80' lang='grc' dir='ltr'>οἰκεῖον</span> <span class='ocrx_word' id='word_1_208' title='bbox 421 1740 477 1794; x_wconf 83' lang='grc' dir='ltr'><strong>δέ</strong></span> <span class='ocrx_word' id='word_1_209' title='bbox 510 1757 627 1802; x_wconf 82' lang='grc' dir='ltr'><strong>πως</strong></span> <span class='ocrx_word' id='word_1_210' title='bbox 666 1738 746 1809; x_wconf 83' lang='grc' dir='ltr'><strong>τῷ</strong></span> <span class='ocrx_word' id='word_1_211' title='bbox 771 1737 886 1808; x_wconf 80' lang='grc' dir='ltr'>Θεῷ</span> <span class='ocrx_word' id='word_1_212' title='bbox 908 1739 968 1791; x_wconf 80' lang='grc' dir='ltr'>τὸ</span> <span class='ocrx_word' id='word_1_213' title='bbox 1002 1738 1363 1810; x_wconf 85' lang='grc' dir='ltr'>ἀνθρώπινον,</span> <span class='ocrx_word' id='word_1_214' title='bbox 1393 1739 1486 1792; x_wconf 84' lang='grc' dir='ltr'><strong>ἀτε</strong></span> <span class='ocrx_word' id='word_1_215' title='bbox 1519 1740 1582 1811; x_wconf 81' lang='grc' dir='ltr'><strong>δὴ</strong></span> <span class='ocrx_word' id='word_1_216' title='bbox 1619 1741 1784 1812; x_wconf 83' lang='grc' dir='ltr'>φέρον</span> 
     </span>
    </p>
   </div>
   <div class='ocr_carea' id='block_1_26' title="bbox 194 1831 1784 1903">
    <p class='ocr_par' dir='ltr' id='par_1_26' title="bbox 194 1831 1784 1903">
     <span class='ocr_line' id='line_1_26' title="bbox 194 1831 1784 1903; baseline -0.003 -13"><span class='ocrx_word' id='word_1_217' title='bbox 194 1837 256 1890; x_wconf 81' lang='grc' dir='ltr'>ὲν</span> <span class='ocrx_word' id='word_1_218' title='bbox 305 1832 488 1903; x_wconf 81' lang='grc' dir='ltr'>ἑαυτῷ</span> <span class='ocrx_word' id='word_1_219' title='bbox 541 1832 635 1885; x_wconf 78' lang='grc' dir='ltr'><strong>τοῦ</strong></span> <span class='ocrx_word' id='word_1_220' title='bbox 677 1831 985 1902; x_wconf 78' lang='grc' dir='ltr'>ἀρχετύπου</span> <span class='ocrx_word' id='word_1_221' title='bbox 1040 1832 1334 1902; x_wconf 81' lang='grc' dir='ltr'>μιμήματα</span> <span class='ocrx_word' id='word_1_222' title='bbox 1380 1832 1515 1903; x_wconf 80' lang='grc'>(40),</span> <span class='ocrx_word' id='word_1_223' title='bbox 1569 1833 1784 1886; x_wconf 75' lang='grc' dir='ltr'><strong>ἕλκεται</strong></span> 
     </span>
    </p>
   </div>
   <div class='ocr_carea' id='block_1_27' title="bbox 190 1921 1784 1992">
    <p class='ocr_par' dir='ltr' id='par_1_27' title="bbox 190 1921 1784 1992">
     <span class='ocr_line' id='line_1_27' title="bbox 190 1921 1784 1992; baseline -0.005 -10"><span class='ocrx_word' id='word_1_224' title='bbox 190 1925 341 1982; x_wconf 83' lang='grc' dir='ltr'><strong>κατά</strong></span> <span class='ocrx_word' id='word_1_225' title='bbox 372 1924 554 1978; x_wconf 75' lang='grc' dir='ltr'>πᾶσαν</span> <span class='ocrx_word' id='word_1_226' title='bbox 577 1921 827 1992; x_wconf 77' lang='grc' dir='ltr'>’ἀνάγκην</span> <span class='ocrx_word' id='word_1_227' title='bbox 858 1921 994 1992; x_wconf 80' lang='grc' dir='ltr'>πρὸς</span> <span class='ocrx_word' id='word_1_228' title='bbox 1023 1922 1086 1975; x_wconf 82' lang='grc' dir='ltr'>τὸ</span> <span class='ocrx_word' id='word_1_229' title='bbox 1124 1921 1265 1975; x_wconf 78' lang='grc' dir='ltr'>θεῖόν</span> <span class='ocrx_word' id='word_1_230' title='bbox 1295 1939 1353 1974; x_wconf 89' lang='grc' dir='ltr'><strong>τε</strong></span> <span class='ocrx_word' id='word_1_231' title='bbox 1389 1923 1482 1976; x_wconf 75' lang='grc' dir='ltr'>καὶ</span> <span class='ocrx_word' id='word_1_232' title='bbox 1526 1922 1784 1990; x_wconf 83' lang='grc' dir='ltr'>συγγενὲς</span> 
     </span>
    </p>
   </div>
   <div class='ocr_carea' id='block_1_28' title="bbox 186 2014 1782 2090">
    <p class='ocr_par' dir='ltr' id='par_1_28' title="bbox 186 2014 1782 2090">
     <span class='ocr_line' id='line_1_28' title="bbox 186 2014 1782 2090; baseline -0.001 -20"><span class='ocrx_word' id='word_1_233' title='bbox 186 2021 224 2090; x_wconf 80' lang='grc' dir='ltr'>ἠ</span> <span class='ocrx_word' id='word_1_234' title='bbox 261 2018 438 2088; x_wconf 73' lang='grc' dir='ltr'>ψυχή.</span> <span class='ocrx_word' id='word_1_235' title='bbox 476 2019 568 2069; x_wconf 84' lang='grc' dir='ltr'>Δεῖ</span> <span class='ocrx_word' id='word_1_236' title='bbox 593 2015 699 2087; x_wconf 80' lang='grc' dir='ltr'>γὰρ</span> <span class='ocrx_word' id='word_1_237' title='bbox 726 2015 903 2086; x_wconf 81' lang='grc' dir='ltr'>πάντη</span> <span class='ocrx_word' id='word_1_238' title='bbox 936 2015 1031 2067; x_wconf 72' lang='grc' dir='ltr'>καὶ</span> <span class='ocrx_word' id='word_1_239' title='bbox 1064 2014 1281 2078; x_wconf 86' lang='grc' dir='ltr'>πάντως</span> <span class='ocrx_word' id='word_1_240' title='bbox 1307 2015 1384 2086; x_wconf 85' lang='grc' dir='ltr'>τῷ</span> <span class='ocrx_word' id='word_1_241' title='bbox 1413 2015 1531 2086; x_wconf 82' lang='grc' dir='ltr'>Θεῷ</span> <span class='ocrx_word' id='word_1_242' title='bbox 1565 2018 1782 2070; x_wconf 80' lang='grc' dir='ltr'>ἀποσω-</span> 
     </span>
    </p>
   </div>
   <div class='ocr_carea' id='block_1_29' title="bbox 189 2105 1784 2180">
    <p class='ocr_par' dir='ltr' id='par_1_29' title="bbox 189 2105 1784 2180">
     <span class='ocr_line' id='line_1_29' title="bbox 189 2105 1784 2180; baseline -0.003 -17"><span class='ocrx_word' id='word_1_243' title='bbox 189 2110 359 2180; x_wconf 79' lang='grc' dir='ltr'>θῆναι</span> <span class='ocrx_word' id='word_1_244' title='bbox 411 2108 474 2160; x_wconf 78' lang='grc' dir='ltr'>τὸ</span> <span class='ocrx_word' id='word_1_245' title='bbox 513 2107 664 2160; x_wconf 82' lang='grc' dir='ltr'>ίδιον·</span> <span class='ocrx_word' id='word_1_246' title='bbox 714 2106 828 2160; x_wconf 87' lang='grc' dir='ltr'>ἀλλ’</span> <span class='ocrx_word' id='word_1_247' title='bbox 883 2107 930 2159; x_wconf 85' lang='grc' dir='ltr'><strong>εί</strong></span> <span class='ocrx_word' id='word_1_248' title='bbox 984 2105 1082 2176; x_wconf 84' lang='grc' dir='ltr'>μὲν</span> <span class='ocrx_word' id='word_1_249' title='bbox 1130 2107 1304 2178; x_wconf 86' lang='grc' dir='ltr'>κούφη</span> <span class='ocrx_word' id='word_1_250' title='bbox 1359 2107 1451 2159; x_wconf 72' lang='grc' dir='ltr'><strong>κα)¹</strong></span> <span class='ocrx_word' id='word_1_251' title='bbox 1498 2105 1784 2178; x_wconf 83' lang='grc' dir='ltr'>ἀπέριττος</span> 
     </span>
    </p>
   </div>
   <div class='ocr_carea' id='block_1_30' title="bbox 185 2195 1783 2271">
    <p class='ocr_par' dir='ltr' id='par_1_30' title="bbox 185 2195 1783 2271">
     <span class='ocr_line' id='line_1_30' title="bbox 185 2195 1783 2271; baseline -0.004 -17"><span class='ocrx_word' id='word_1_252' title='bbox 185 2202 336 2271; x_wconf 76' lang='grc' dir='ltr'>τύχῃ</span> <span class='ocrx_word' id='word_1_253' title='bbox 393 2196 529 2267; x_wconf 77' lang='grc'>(41),</span> <span class='ocrx_word' id='word_1_254' title='bbox 589 2196 858 2268; x_wconf 80' lang='grc' dir='ltr'><strong>μηδεμιᾶς</strong></span> <span class='ocrx_word' id='word_1_255' title='bbox 905 2196 1225 2266; x_wconf 81' lang='grc' dir='ltr'><strong>σωματικῆς</strong></span> <span class='ocrx_word' id='word_1_256' title='bbox 1268 2195 1562 2267; x_wconf 82' lang='grc' dir='ltr'><strong>ἀχθηδόνος</strong></span> <span class='ocrx_word' id='word_1_257' title='bbox 1614 2195 1783 2266; x_wconf 77' lang='grc' dir='ltr'>αὐτὴν</span> 
     </span>
    </p>
   </div>
   <div class='ocr_carea' id='block_1_31' title="bbox 187 2285 1783 2359">
    <p class='ocr_par' dir='ltr' id='par_1_31' title="bbox 187 2285 1783 2359">
     <span class='ocr_line' id='line_1_31' title="bbox 187 2285 1783 2359; baseline -0.003 -14"><span class='ocrx_word' id='word_1_258' title='bbox 187 2290 497 2359; x_wconf 77' lang='grc' dir='ltr'>πιεζούσης</span> <span class='ocrx_word' id='word_1_259' title='bbox 519 2329 534 2352; x_wconf 91' lang='grc'><em>,</em></span> <span class='ocrx_word' id='word_1_260' title='bbox 582 2289 732 2359; x_wconf 77' lang='grc' dir='ltr'>ἡδεῖα</span> <span class='ocrx_word' id='word_1_261' title='bbox 765 2286 861 2341; x_wconf 73' lang='grc' dir='ltr'>καὶ</span> <span class='ocrx_word' id='word_1_262' title='bbox 900 2285 1120 2351; x_wconf 73' lang='grc' dir='ltr'>εὔκολος</span> <span class='ocrx_word' id='word_1_263' title='bbox 1148 2288 1283 2358; x_wconf 80' lang='grc' dir='ltr'>αὐτῇ</span> <span class='ocrx_word' id='word_1_264' title='bbox 1319 2286 1430 2358; x_wconf 74' lang='grc'>(42)</span> <span class='ocrx_word' id='word_1_265' title='bbox 1463 2288 1496 2358; x_wconf 83' lang='grc' dir='ltr'><strong>ἡ</strong></span> <span class='ocrx_word' id='word_1_266' title='bbox 1531 2285 1667 2358; x_wconf 80' lang='grc' dir='ltr'>πρὸς</span> <span class='ocrx_word' id='word_1_267' title='bbox 1693 2286 1783 2340; x_wconf 85' lang='grc' dir='ltr'>τὸν</span> 
     </span>
    </p>
   </div>
   <div class='ocr_carea' id='block_1_32' title="bbox 187 2377 1782 2452">
    <p class='ocr_par' dir='ltr' id='par_1_32' title="bbox 187 2377 1782 2452">
     <span class='ocr_line' id='line_1_32' title="bbox 187 2377 1782 2452; baseline -0.006 -14"><span class='ocrx_word' id='word_1_268' title='bbox 187 2382 584 2452; x_wconf 75' lang='grc' dir='ltr'><strong>ἐπισπώμενον</strong></span> <span class='ocrx_word' id='word_1_269' title='bbox 637 2377 1023 2451; x_wconf 85' lang='grc' dir='ltr'>προσχώρησις</span> <span class='ocrx_word' id='word_1_270' title='bbox 1070 2377 1299 2446; x_wconf 86' lang='grc' dir='ltr'>γίνεται.</span> <span class='ocrx_word' id='word_1_271' title='bbox 1349 2379 1411 2430; x_wconf 89' lang='grc' dir='ltr'><strong>Εί</strong></span> <span class='ocrx_word' id='word_1_272' title='bbox 1441 2378 1496 2431; x_wconf 83' lang='grc' dir='ltr'><strong>δὲ</strong></span> <span class='ocrx_word' id='word_1_273' title='bbox 1537 2381 1649 2441; x_wconf 82' lang='grc' dir='ltr'>τοῖς</span> <span class='ocrx_word' id='word_1_274' title='bbox 1685 2377 1782 2448; x_wconf 81' lang='grc' dir='ltr'><strong>τῆς</strong></span> 
     </span>
    </p>
   </div>
   <div class='ocr_carea' id='block_1_33' title="bbox 187 2467 1777 2545">
    <p class='ocr_par' dir='ltr' id='par_1_33' title="bbox 187 2467 1777 2545">
     <span class='ocr_line' id='line_1_33' title="bbox 187 2467 1777 2545; baseline -0.004 -18"><span class='ocrx_word' id='word_1_275' title='bbox 187 2470 575 2545; x_wconf 72' lang='grc' dir='ltr'><strong>προπαθείας</strong></span> <span class='ocrx_word' id='word_1_276' title='bbox 602 2470 753 2538; x_wconf 74' lang='grc' dir='ltr'>ἥλοις</span> <span class='ocrx_word' id='word_1_277' title='bbox 777 2471 854 2533; x_wconf 85' lang='grc' dir='ltr'><strong>είς</strong></span> <span class='ocrx_word' id='word_1_278' title='bbox 879 2469 976 2540; x_wconf 80' lang='grc' dir='ltr'>τὴν</span> <span class='ocrx_word' id='word_1_279' title='bbox 1006 2469 1143 2539; x_wconf 86' lang='grc' dir='ltr'>πρὸς</span> <span class='ocrx_word' id='word_1_280' title='bbox 1164 2467 1232 2522; x_wconf 84' lang='grc' dir='ltr'><strong>τὰ</strong></span> <span class='ocrx_word' id='word_1_281' title='bbox 1257 2467 1433 2538; x_wconf 82' lang='grc' dir='ltr'>ὑλώδη</span> <span class='ocrx_word' id='word_1_282' title='bbox 1456 2467 1638 2538; x_wconf 81' lang='grc' dir='ltr'>σχέσιν</span> <span class='ocrx_word' id='word_1_283' title='bbox 1661 2468 1777 2537; x_wconf 85' lang='grc'>(45)</span> 
     </span>
    </p>
   </div>
   <div class='ocr_carea' id='block_1_34' title="bbox 187 2555 1782 2635">
    <p class='ocr_par' dir='ltr' id='par_1_34' title="bbox 187 2555 1782 2635">
     <span class='ocr_line' id='line_1_34' title="bbox 187 2555 1782 2635; baseline -0.004 -16"><span class='ocrx_word' id='word_1_284' title='bbox 187 2566 495 2635; x_wconf 80' lang='grc' dir='ltr'>καταπαρῇ</span> <span class='ocrx_word' id='word_1_285' title='bbox 529 2561 584 2632; x_wconf 85' lang='grc'><strong>(4</strong></span> <span class='ocrx_word' id='word_1_286' title='bbox 597 2562 664 2632; x_wconf 80' lang='grc' dir='ltr'><strong>ι),</strong></span> <span class='ocrx_word' id='word_1_287' title='bbox 696 2555 808 2615; x_wconf 75' lang='grc' dir='ltr'>οἷόν</span> <span class='ocrx_word' id='word_1_288' title='bbox 846 2578 968 2615; x_wconf 87' lang='grc' dir='ltr'>τινα</span> <span class='ocrx_word' id='word_1_289' title='bbox 999 2559 1111 2633; x_wconf 75' lang='grc'>(45)</span> <span class='ocrx_word' id='word_1_290' title='bbox 1147 2559 1375 2632; x_wconf 81' lang='grc' dir='ltr'>πάσχειν</span> <span class='ocrx_word' id='word_1_291' title='bbox 1403 2560 1548 2624; x_wconf 83' lang='grc' dir='ltr'>είκὸς</span> <span class='ocrx_word' id='word_1_292' title='bbox 1569 2560 1626 2612; x_wconf 77' lang='grc' dir='ltr'>ὲν</span> <span class='ocrx_word' id='word_1_293' title='bbox 1670 2561 1782 2623; x_wconf 85' lang='grc' dir='ltr'>τοῖς</span> 
     </span>
    </p>
   </div>
   <div class='ocr_carea' id='block_1_35' title="bbox 189 2648 1781 2727">
    <p class='ocr_par' dir='ltr' id='par_1_35' title="bbox 189 2648 1781 2727">
     <span class='ocr_line' id='line_1_35' title="bbox 189 2648 1781 2727; baseline -0.004 -19"><span class='ocrx_word' id='word_1_294' title='bbox 189 2653 573 2727; x_wconf 72' lang='grc' dir='ltr'>συμπτώμασι</span> <span class='ocrx_word' id='word_1_295' title='bbox 613 2652 721 2706; x_wconf 84' lang='grc' dir='ltr'>τῶν</span> <span class='ocrx_word' id='word_1_296' title='bbox 756 2650 1012 2723; x_wconf 83' lang='grc' dir='ltr'>σεισμῶν,</span> <span class='ocrx_word' id='word_1_297' title='bbox 1037 2651 1106 2704; x_wconf 89' lang='grc' dir='ltr'><strong>τά</strong></span> <span class='ocrx_word' id='word_1_298' title='bbox 1141 2650 1504 2722; x_wconf 80' lang='grc' dir='ltr'>ἐμπιεσθέντα</span> <span class='ocrx_word' id='word_1_299' title='bbox 1532 2651 1644 2714; x_wconf 90' lang='grc' dir='ltr'>τοῖς</span> <span class='ocrx_word' id='word_1_300' title='bbox 1673 2648 1781 2722; x_wconf 76' lang='grc' dir='ltr'><strong>χὼο</strong></span> 
     </span>
    </p>
   </div>
   <div class='ocr_carea' id='block_1_36' title="bbox 192 2739 1782 2818">
    <p class='ocr_par' dir='ltr' id='par_1_36' title="bbox 192 2739 1782 2818">
     <span class='ocr_line' id='line_1_36' title="bbox 192 2739 1782 2818; baseline -0.004 -20"><span class='ocrx_word' id='word_1_301' title='bbox 192 2763 332 2818; x_wconf 84' lang='grc' dir='ltr'>μασι</span> <span class='ocrx_word' id='word_1_302' title='bbox 393 2743 664 2814; x_wconf 82' lang='grc' dir='ltr'>σώματα·</span> <span class='ocrx_word' id='word_1_303' title='bbox 730 2741 1038 2813; x_wconf 81' lang='grc' dir='ltr'>προκείσθω</span> <span class='ocrx_word' id='word_1_304' title='bbox 1098 2741 1155 2795; x_wconf 81' lang='grc' dir='ltr'><strong>δὲ</strong></span> <span class='ocrx_word' id='word_1_305' title='bbox 1220 2740 1342 2794; x_wconf 88' lang='grc' dir='ltr'>καθ’</span> <span class='ocrx_word' id='word_1_306' title='bbox 1409 2741 1664 2795; x_wconf 81' lang='grc' dir='ltr'>ὑπόθεσιν</span> <span class='ocrx_word' id='word_1_307' title='bbox 1721 2739 1782 2794; x_wconf 83' lang='grc' dir='ltr'><strong>τὺ</strong></span> 
     </span>
    </p>
   </div>
   <div class='ocr_carea' id='block_1_37' title="bbox 193 2830 1776 2909">
    <p class='ocr_par' dir='ltr' id='par_1_37' title="bbox 193 2830 1776 2909">
     <span class='ocr_line' id='line_1_37' title="bbox 193 2830 1776 2909; baseline -0.007 -16"><span class='ocrx_word' id='word_1_308' title='bbox 193 2839 270 2909; x_wconf 82' lang='grc' dir='ltr'>μὴ</span> <span class='ocrx_word' id='word_1_309' title='bbox 299 2837 415 2909; x_wconf 84' lang='grc'>(46)</span> <span class='ocrx_word' id='word_1_310' title='bbox 449 2834 796 2907; x_wconf 79' lang='grc' dir='ltr'>,βεϐαρῆσθαι</span> <span class='ocrx_word' id='word_1_311' title='bbox 833 2835 994 2905; x_wconf 91' lang='grc' dir='ltr'>μόνον</span> <span class='ocrx_word' id='word_1_312' title='bbox 1041 2834 1178 2887; x_wconf 86' lang='grc' dir='ltr'>αύτά</span> <span class='ocrx_word' id='word_1_313' title='bbox 1209 2835 1321 2896; x_wconf 85' lang='grc' dir='ltr'>τοῖς</span> <span class='ocrx_word' id='word_1_314' title='bbox 1353 2830 1776 2903; x_wconf 83' lang='grc' dir='ltr'>συμπτώμασιν,</span> 
     </span>
    </p>
   </div>
   <div class='ocr_carea' id='block_1_38' title="bbox 191 2921 1775 2998">
    <p class='ocr_par' dir='ltr' id='par_1_38' title="bbox 191 2921 1775 2998">
     <span class='ocr_line' id='line_1_38' title="bbox 191 2921 1775 2998; baseline -0.006 -13"><span class='ocrx_word' id='word_1_315' title='bbox 191 2930 335 2985; x_wconf 79' lang='grc' dir='ltr'><strong>ἀλλά</strong></span> <span class='ocrx_word' id='word_1_316' title='bbox 362 2929 460 2982; x_wconf 70' lang='grc' dir='ltr'><strong>καὶ</strong></span> <span class='ocrx_word' id='word_1_317' title='bbox 487 2925 982 2998; x_wconf 64' lang='grc' dir='ltr'>διαπεπεῳνῆσθαί</span> <span class='ocrx_word' id='word_1_318' title='bbox 1003 2941 1142 2978; x_wconf 86' lang='grc' dir='ltr'>τισιν</span> <span class='ocrx_word' id='word_1_319' title='bbox 1163 2922 1369 2987; x_wconf 77' lang='grc' dir='ltr'>ὀϐελοῖς</span> <span class='ocrx_word' id='word_1_320' title='bbox 1401 2922 1435 2993; x_wconf 82' lang='grc' dir='ltr'>ἢ</span> <span class='ocrx_word' id='word_1_321' title='bbox 1466 2921 1642 2990; x_wconf 79' lang='grc' dir='ltr'>ξύλοις</span> <span class='ocrx_word' id='word_1_322' title='bbox 1665 2923 1775 2985; x_wconf 80' lang='grc' dir='ltr'>τοῖς</span> 
     </span>
    </p>
   </div>
   <div class='ocr_carea' id='block_1_39' title="bbox 191 3008 1773 3090">
    <p class='ocr_par' dir='ltr' id='par_1_39' title="bbox 191 3008 1773 3090">
     <span class='ocr_line' id='line_1_39' title="bbox 191 3008 1773 3090; baseline -0.007 -15"><span class='ocrx_word' id='word_1_323' title='bbox 191 3019 531 3090; x_wconf 77' lang='grc' dir='ltr'>ἑνευρεθεῖσι</span> <span class='ocrx_word' id='word_1_324' title='bbox 579 3016 690 3088; x_wconf 86' lang='grc'>(47)</span> <span class='ocrx_word' id='word_1_325' title='bbox 736 3016 813 3087; x_wconf 83' lang='grc' dir='ltr'>τῷ</span> <span class='ocrx_word' id='word_1_326' title='bbox 864 3013 1078 3086; x_wconf 85' lang='grc' dir='ltr'>χώματι</span> <span class='ocrx_word' id='word_1_327' title='bbox 1117 3013 1272 3086; x_wconf 83' lang='grc'>(48)·</span> <span class='ocrx_word' id='word_1_328' title='bbox 1320 3014 1456 3087; x_wconf 83' lang='grc' dir='ltr'>ὅπερ</span> <span class='ocrx_word' id='word_1_329' title='bbox 1495 3008 1587 3068; x_wconf 81' lang='grc' dir='ltr'>οὖν</span> <span class='ocrx_word' id='word_1_330' title='bbox 1627 3012 1773 3076; x_wconf 75' lang='grc' dir='ltr'>εἰκὸς</span> 
     </span>
    </p>
   </div>
   <div class='ocr_carea' id='block_1_40' title="bbox 193 3101 1774 3182">
    <p class='ocr_par' dir='ltr' id='par_1_40' title="bbox 193 3101 1774 3182">
     <span class='ocr_line' id='line_1_40' title="bbox 193 3101 1774 3182; baseline -0.007 -16"><span class='ocrx_word' id='word_1_331' title='bbox 193 3112 491 3182; x_wconf 77' lang='grc' dir='ltr'>ὑπομεῖναι</span> <span class='ocrx_word' id='word_1_332' title='bbox 533 3109 602 3163; x_wconf 85' lang='grc' dir='ltr'><strong>τὰ</strong></span> <span class='ocrx_word' id='word_1_333' title='bbox 633 3106 776 3162; x_wconf 75' lang='grc' dir='ltr'>οὕτω</span> <span class='ocrx_word' id='word_1_334' title='bbox 822 3106 1138 3177; x_wconf 84' lang='grc' dir='ltr'>διακείμενα</span> <span class='ocrx_word' id='word_1_335' title='bbox 1179 3104 1444 3176; x_wconf 83' lang='grc' dir='ltr'>σώματα,</span> <span class='ocrx_word' id='word_1_336' title='bbox 1477 3101 1626 3174; x_wconf 83' lang='grc' dir='ltr'><strong>παρά</strong></span> <span class='ocrx_word' id='word_1_337' title='bbox 1667 3101 1774 3156; x_wconf 82' lang='grc' dir='ltr'><strong>τῶν</strong></span> 
     </span>
    </p>
   </div>
   <div class='ocr_carea' id='block_1_41' title="bbox 189 3193 1772 3272">
    <p class='ocr_par' dir='ltr' id='par_1_41' title="bbox 189 3193 1772 3272">
     <span class='ocr_line' id='line_1_41' title="bbox 189 3193 1772 3272; baseline -0.006 -15"><span class='ocrx_word' id='word_1_338' title='bbox 189 3203 418 3257; x_wconf 83' lang='grc' dir='ltr'>οἰκείων</span> <span class='ocrx_word' id='word_1_339' title='bbox 447 3202 542 3272; x_wconf 86' lang='grc' dir='ltr'>τῆς</span> <span class='ocrx_word' id='word_1_340' title='bbox 575 3197 943 3270; x_wconf 83' lang='grc' dir='ltr'>συμπτώσεως</span> <span class='ocrx_word' id='word_1_341' title='bbox 977 3197 1133 3259; x_wconf 84' lang='grc' dir='ltr'>ὁσίας</span> <span class='ocrx_word' id='word_1_342' title='bbox 1167 3195 1278 3267; x_wconf 81' lang='grc'>(49)</span> <span class='ocrx_word' id='word_1_343' title='bbox 1324 3195 1510 3250; x_wconf 74' lang='grc' dir='ltr'>ἕνεκεν</span> <span class='ocrx_word' id='word_1_344' title='bbox 1557 3193 1772 3260; x_wconf 78' lang='grc' dir='ltr'>ἐξελκό-</span> 
     </span>
    </p>
   </div>
   <div class='ocr_carea' id='block_1_42' title="bbox 195 3285 1771 3366">
    <p class='ocr_par' dir='ltr' id='par_1_42' title="bbox 195 3285 1771 3366">
     <span class='ocr_line' id='line_1_42' title="bbox 195 3285 1771 3366; baseline -0.006 -18"><span class='ocrx_word' id='word_1_345' title='bbox 195 3310 362 3366; x_wconf 86' lang='grc' dir='ltr'>μενα·</span> <span class='ocrx_word' id='word_1_346' title='bbox 395 3292 720 3357; x_wconf 77' lang='grc' dir='ltr'>ξανθήσεται</span> <span class='ocrx_word' id='word_1_347' title='bbox 750 3289 857 3358; x_wconf 82' lang='grc' dir='ltr'>γάρ</span> <span class='ocrx_word' id='word_1_348' title='bbox 883 3289 1098 3351; x_wconf 89' lang='grc' dir='ltr'>πάντως</span> <span class='ocrx_word' id='word_1_349' title='bbox 1122 3327 1137 3353; x_wconf 89' lang='grc'><em>,</em></span> <span class='ocrx_word' id='word_1_350' title='bbox 1177 3288 1270 3341; x_wconf 74' lang='grc' dir='ltr'>καὶ</span> <span class='ocrx_word' id='word_1_351' title='bbox 1305 3285 1771 3358; x_wconf 80' lang='grc' dir='ltr'>σπαραχθήσεται,</span> 
     </span>
    </p>
   </div>
   <div class='ocr_carea' id='block_1_43' title="bbox 192 3376 1774 3454">
    <p class='ocr_par' dir='ltr' id='par_1_43' title="bbox 192 3376 1774 3454">
     <span class='ocr_line' id='line_1_43' title="bbox 192 3376 1774 3454; baseline -0.007 -14"><span class='ocrx_word' id='word_1_352' title='bbox 192 3388 293 3442; x_wconf 80' lang='grc' dir='ltr'><strong>καὶ</strong></span> <span class='ocrx_word' id='word_1_353' title='bbox 320 3388 432 3440; x_wconf 78' lang='grc' dir='ltr'><strong>πᾶν</strong></span> <span class='ocrx_word' id='word_1_354' title='bbox 461 3384 638 3440; x_wconf 79' lang='grc' dir='ltr'>ὁτιοῦν</span> <span class='ocrx_word' id='word_1_355' title='bbox 662 3383 769 3437; x_wconf 83' lang='grc' dir='ltr'><strong>τῶν</strong></span> <span class='ocrx_word' id='word_1_356' title='bbox 798 3382 1195 3454; x_wconf 84' lang='grc' dir='ltr'>χαλεπωτάτων</span> <span class='ocrx_word' id='word_1_357' title='bbox 1226 3379 1496 3445; x_wconf 86' lang='grc' dir='ltr'>πείσεται,</span> <span class='ocrx_word' id='word_1_358' title='bbox 1526 3377 1618 3431; x_wconf 80' lang='grc' dir='ltr'>τοῦ</span> <span class='ocrx_word' id='word_1_359' title='bbox 1667 3376 1774 3448; x_wconf 84' lang='grc' dir='ltr'><strong>χὼ-</strong></span> 
     </span>
    </p>
   </div>
   <div class='ocr_carea' id='block_1_44' title="bbox 196 3469 1776 3550">
    <p class='ocr_par' dir='ltr' id='par_1_44' title="bbox 196 3469 1776 3550">
     <span class='ocr_line' id='line_1_44' title="bbox 196 3469 1776 3550; baseline -0.006 -19"><span class='ocrx_word' id='word_1_360' title='bbox 196 3494 370 3550; x_wconf 80' lang='grc' dir='ltr'>ματος</span> <span class='ocrx_word' id='word_1_361' title='bbox 391 3475 532 3530; x_wconf 85' lang='grc' dir='ltr'>αύτά</span> <span class='ocrx_word' id='word_1_362' title='bbox 569 3475 666 3528; x_wconf 77' lang='grc' dir='ltr'>κα).</span> <span class='ocrx_word' id='word_1_363' title='bbox 690 3473 799 3527; x_wconf 84' lang='grc' dir='ltr'><strong>τῶν</strong></span> <span class='ocrx_word' id='word_1_364' title='bbox 828 3473 973 3544; x_wconf 77' lang='grc' dir='ltr'>ἥλων</span> <span class='ocrx_word' id='word_1_365' title='bbox 1013 3473 1100 3527; x_wconf 83' lang='grc' dir='ltr'>διὰ</span> <span class='ocrx_word' id='word_1_366' title='bbox 1126 3471 1222 3544; x_wconf 82' lang='grc' dir='ltr'>τὴν</span> <span class='ocrx_word' id='word_1_367' title='bbox 1260 3471 1368 3525; x_wconf 86' lang='grc' dir='ltr'><strong>τῶν</strong></span> <span class='ocrx_word' id='word_1_368' title='bbox 1400 3469 1776 3540; x_wconf 77' lang='grc' dir='ltr'>ἐφελκομένων</span> 
     </span>
    </p>
   </div>
   <div class='ocr_carea' id='block_1_45' title="bbox 196 3560 1776 3642">
    <p class='ocr_par' dir='ltr' id='par_1_45' title="bbox 196 3560 1776 3642">
     <span class='ocr_line' id='line_1_45' title="bbox 196 3560 1776 3642; baseline -0.005 -18"><span class='ocrx_word' id='word_1_369' title='bbox 196 3570 323 3642; x_wconf 80' lang='grc' dir='ltr'>βίαν</span> <span class='ocrx_word' id='word_1_370' title='bbox 351 3565 790 3632; x_wconf 81' lang='grc' dir='ltr'>καταξαινόντων</span> <span class='ocrx_word' id='word_1_371' title='bbox 812 3580 826 3596; x_wconf 83' lang='grc'><strong><em>⁸</em></strong></span> <span class='ocrx_word' id='word_1_372' title='bbox 855 3563 1093 3618; x_wconf 82' lang='grc' dir='ltr'>τοιοῦτόν</span> <span class='ocrx_word' id='word_1_373' title='bbox 1127 3564 1178 3617; x_wconf 91' lang='grc' dir='ltr'><strong>τί</strong></span> <span class='ocrx_word' id='word_1_374' title='bbox 1210 3580 1302 3634; x_wconf 84' lang='grc' dir='ltr'>μοι</span> <span class='ocrx_word' id='word_1_375' title='bbox 1337 3562 1484 3616; x_wconf 83' lang='grc' dir='ltr'><strong>δοκεῖ</strong></span> <span class='ocrx_word' id='word_1_376' title='bbox 1522 3563 1616 3616; x_wconf 81' lang='grc' dir='ltr'>κα).</span> <span class='ocrx_word' id='word_1_377' title='bbox 1647 3560 1776 3632; x_wconf 74' lang='grc' dir='ltr'>περὶ</span> 
     </span>
    </p>
   </div>
   <div class='ocr_carea' id='block_1_46' title="bbox 193 3651 1774 3733">
    <p class='ocr_par' dir='ltr' id='par_1_46' title="bbox 193 3651 1774 3733">
     <span class='ocr_line' id='line_1_46' title="bbox 193 3651 1774 3733; baseline -0.007 -18"><span class='ocrx_word' id='word_1_378' title='bbox 193 3662 297 3733; x_wconf 79' lang='grc' dir='ltr'>τὴν</span> <span class='ocrx_word' id='word_1_379' title='bbox 325 3659 505 3730; x_wconf 80' lang='grc' dir='ltr'>ψυχὴν</span> <span class='ocrx_word' id='word_1_380' title='bbox 529 3656 777 3726; x_wconf 83' lang='grc' dir='ltr'>γίνεσθαι</span> <span class='ocrx_word' id='word_1_381' title='bbox 805 3655 976 3720; x_wconf 83' lang='grc' dir='ltr'>πάθος</span> <span class='ocrx_word' id='word_1_382' title='bbox 995 3695 1009 3720; x_wconf 88' lang='grc'><strong><em>,</em></strong></span> <span class='ocrx_word' id='word_1_383' title='bbox 1042 3655 1171 3709; x_wconf 83' lang='grc' dir='ltr'>ὅταν</span> <span class='ocrx_word' id='word_1_384' title='bbox 1205 3655 1238 3725; x_wconf 80' lang='grc' dir='ltr'>ἡ</span> <span class='ocrx_word' id='word_1_385' title='bbox 1267 3653 1385 3707; x_wconf 85' lang='grc' dir='ltr'>θεία</span> <span class='ocrx_word' id='word_1_386' title='bbox 1409 3652 1635 3723; x_wconf 88' lang='grc' dir='ltr'>δύναμις</span> <span class='ocrx_word' id='word_1_387' title='bbox 1669 3651 1774 3705; x_wconf 83' lang='grc' dir='ltr'><strong>ὑπὸ</strong></span> 
     </span>
    </p>
   </div>
   <div class='ocr_carea' id='block_1_47' title="bbox 195 3745 1772 3825">
    <p class='ocr_par' dir='ltr' id='par_1_47' title="bbox 195 3745 1772 3825">
     <span class='ocr_line' id='line_1_47' title="bbox 195 3745 1772 3825; baseline -0.008 -17"><span class='ocrx_word' id='word_1_388' title='bbox 195 3752 613 3825; x_wconf 77' lang='grc' dir='ltr'>φιλανθρωπίας</span> <span class='ocrx_word' id='word_1_389' title='bbox 654 3753 719 3805; x_wconf 75' lang='grc' dir='ltr'>ἐκ</span> <span class='ocrx_word' id='word_1_390' title='bbox 757 3749 867 3804; x_wconf 79' lang='grc' dir='ltr'><strong>τῶν</strong></span> <span class='ocrx_word' id='word_1_391' title='bbox 907 3749 1116 3818; x_wconf 82' lang='grc' dir='ltr'>ἀλόγων</span> <span class='ocrx_word' id='word_1_392' title='bbox 1147 3764 1208 3801; x_wconf 88' lang='grc' dir='ltr'><strong>τε</strong></span> <span class='ocrx_word' id='word_1_393' title='bbox 1245 3745 1340 3801; x_wconf 75' lang='grc' dir='ltr'>καὶ</span> <span class='ocrx_word' id='word_1_394' title='bbox 1387 3745 1586 3800; x_wconf 84' lang='grc' dir='ltr'>ὐλικῶν</span> <span class='ocrx_word' id='word_1_395' title='bbox 1631 3761 1772 3816; x_wconf 86' lang='grc' dir='ltr'>συμ-</span> 
     </span>
    </p>
   </div>
   <div class='ocr_carea' id='block_1_48' title="bbox 195 3835 1772 3913">
    <p class='ocr_par' dir='ltr' id='par_1_48' title="bbox 195 3835 1772 3913">
     <span class='ocr_line' id='line_1_48' title="bbox 195 3835 1772 3913; baseline -0.005 -17"><span class='ocrx_word' id='word_1_396' title='bbox 195 3843 510 3913; x_wconf 84' lang='grc' dir='ltr'>πτωμάτων</span> <span class='ocrx_word' id='word_1_397' title='bbox 543 3841 842 3911; x_wconf 77' lang='grc' dir='ltr'>ἐφέλκηται</span> <span class='ocrx_word' id='word_1_398' title='bbox 869 3838 979 3908; x_wconf 87' lang='grc'>(50)</span> <span class='ocrx_word' id='word_1_399' title='bbox 1004 3838 1066 3891; x_wconf 83' lang='grc' dir='ltr'>τδ</span> <span class='ocrx_word' id='word_1_400' title='bbox 1098 3837 1249 3893; x_wconf 72' lang='grc' dir='ltr'>ἴδιον.</span> <span class='ocrx_word' id='word_1_401' title='bbox 1284 3835 1360 3890; x_wconf 80' lang='grc' dir='ltr'><strong>Οὐ</strong></span> <span class='ocrx_word' id='word_1_402' title='bbox 1388 3835 1497 3906; x_wconf 81' lang='grc' dir='ltr'>γὰρ</span> <span class='ocrx_word' id='word_1_403' title='bbox 1524 3835 1632 3906; x_wconf 81' lang='grc'>(51)</span> <span class='ocrx_word' id='word_1_404' title='bbox 1680 3853 1772 3906; x_wconf 90' lang='grc' dir='ltr'><strong>μι-</strong></span> 
     </span>
    </p>
   </div>
   <div class='ocr_carea' id='block_1_49' title="bbox 196 3925 1775 4005">
    <p class='ocr_par' dir='ltr' id='par_1_49' title="bbox 196 3925 1775 4005">
     <span class='ocr_line' id='line_1_49' title="bbox 196 3925 1775 4005; baseline -0.006 -16"><span class='ocrx_word' id='word_1_405' title='bbox 196 3935 311 3989; x_wconf 84' lang='grc' dir='ltr'><strong>σῶν</strong></span> <span class='ocrx_word' id='word_1_406' title='bbox 339 3935 449 3988; x_wconf 79' lang='grc' dir='ltr'><strong>οὐδ’</strong></span> <span class='ocrx_word' id='word_1_407' title='bbox 483 3933 825 4005; x_wconf 82' lang='grc' dir='ltr'>ἀμυνόμενος</span> <span class='ocrx_word' id='word_1_408' title='bbox 851 3930 944 3984; x_wconf 72' lang='grc' dir='ltr'><strong>ἐπὶ</strong></span> <span class='ocrx_word' id='word_1_409' title='bbox 984 3932 1049 4002; x_wconf 80' lang='grc' dir='ltr'><strong>τῇ</strong></span> <span class='ocrx_word' id='word_1_410' title='bbox 1079 3931 1222 4000; x_wconf 82' lang='grc' dir='ltr'>κακῇ</span> <span class='ocrx_word' id='word_1_411' title='bbox 1254 3927 1389 3999; x_wconf 81' lang='grc' dir='ltr'><strong>ζωῇ,</strong></span> <span class='ocrx_word' id='word_1_412' title='bbox 1415 3927 1557 3981; x_wconf 86' lang='grc' dir='ltr'>κατά</span> <span class='ocrx_word' id='word_1_413' title='bbox 1585 3944 1649 3996; x_wconf 81' lang='grc' dir='ltr'>γε</span> <span class='ocrx_word' id='word_1_414' title='bbox 1684 3925 1775 3980; x_wconf 82' lang='grc' dir='ltr'>τὸν</span> 
     </span>
    </p>
   </div>
   <div class='ocr_carea' id='block_1_50' title="bbox 195 4017 1775 4094">
    <p class='ocr_par' dir='ltr' id='par_1_50' title="bbox 195 4017 1775 4094">
     <span class='ocr_line' id='line_1_50' title="bbox 195 4017 1775 4094; baseline -0.006 -17"><span class='ocrx_word' id='word_1_415' title='bbox 195 4025 332 4094; x_wconf 75' lang='grc' dir='ltr'>ἐμὸν</span> <span class='ocrx_word' id='word_1_416' title='bbox 363 4024 546 4093; x_wconf 81' lang='grc' dir='ltr'>λόγον,</span> <span class='ocrx_word' id='word_1_417' title='bbox 575 4023 774 4091; x_wconf 74' lang='grc' dir='ltr'>ἐπάγει</span> <span class='ocrx_word' id='word_1_418' title='bbox 806 4023 918 4086; x_wconf 86' lang='grc' dir='ltr'>τοῖς</span> <span class='ocrx_word' id='word_1_419' title='bbox 951 4018 1354 4092; x_wconf 81' lang='grc' dir='ltr'>έξημαρτηκόσι</span> <span class='ocrx_word' id='word_1_420' title='bbox 1379 4017 1477 4081; x_wconf 87' lang='grc' dir='ltr'><strong>τὰς</strong></span> <span class='ocrx_word' id='word_1_421' title='bbox 1511 4017 1775 4088; x_wconf 83' lang='grc' dir='ltr'>ὀδυνηρὰς</span> 
     </span>
    </p>
   </div>
   <div class='ocr_carea' id='block_1_51' title="bbox 195 4109 1775 4183">
    <p class='ocr_par' dir='ltr' id='par_1_51' title="bbox 195 4109 1775 4183">
     <span class='ocr_line' id='line_1_51' title="bbox 195 4109 1775 4183; baseline -0.005 -13"><span class='ocrx_word' id='word_1_422' title='bbox 195 4115 468 4178; x_wconf 76' lang='grc' dir='ltr'>διαθέσεις</span> <span class='ocrx_word' id='word_1_423' title='bbox 492 4117 523 4168; x_wconf 97' lang='lat'><strong>6</strong></span> <span class='ocrx_word' id='word_1_424' title='bbox 549 4113 702 4176; x_wconf 80' lang='grc' dir='ltr'>Θεὸς,</span> <span class='ocrx_word' id='word_1_425' title='bbox 738 4112 852 4183; x_wconf 75' lang='grc'>(52)</span> <span class='ocrx_word' id='word_1_426' title='bbox 887 4116 916 4166; x_wconf 90' lang='lat'><strong>6</strong></span> <span class='ocrx_word' id='word_1_427' title='bbox 958 4110 1401 4182; x_wconf 85' lang='grc' dir='ltr'>ἀντιποιούμενός</span> <span class='ocrx_word' id='word_1_428' title='bbox 1430 4126 1489 4164; x_wconf 87' lang='grc' dir='ltr'><strong>τε</strong></span> <span class='ocrx_word' id='word_1_429' title='bbox 1518 4109 1612 4164; x_wconf 73' lang='grc' dir='ltr'><strong>κα)¹</strong></span> <span class='ocrx_word' id='word_1_430' title='bbox 1640 4109 1775 4179; x_wconf 81' lang='grc' dir='ltr'>πρὸς</span> 
     </span>
    </p>
   </div>
   <div class='ocr_carea' id='block_1_52' title="bbox 195 4195 1774 4274">
    <p class='ocr_par' dir='ltr' id='par_1_52' title="bbox 195 4195 1774 4274">
     <span class='ocr_line' id='line_1_52' title="bbox 195 4195 1774 4274; baseline -0.005 -15"><span class='ocrx_word' id='word_1_431' title='bbox 195 4205 385 4260; x_wconf 75' lang='grc' dir='ltr'>ἑαυτὸν</span> <span class='ocrx_word' id='word_1_432' title='bbox 419 4205 593 4258; x_wconf 75' lang='grc' dir='ltr'>ἕλκων</span> <span class='ocrx_word' id='word_1_433' title='bbox 633 4205 741 4257; x_wconf 80' lang='grc' dir='ltr'>πᾶν</span> <span class='ocrx_word' id='word_1_434' title='bbox 771 4203 961 4274; x_wconf 83' lang='grc' dir='ltr'>ὅτιπερ</span> <span class='ocrx_word' id='word_1_435' title='bbox 989 4199 1154 4255; x_wconf 80' lang='grc' dir='ltr'>αὐτοῦ</span> <span class='ocrx_word' id='word_1_436' title='bbox 1194 4201 1354 4271; x_wconf 86' lang='grc' dir='ltr'>χάριν</span> <span class='ocrx_word' id='word_1_437' title='bbox 1379 4195 1541 4270; x_wconf 79' lang='grc' dir='ltr'>ἦλθεν</span> <span class='ocrx_word' id='word_1_438' title='bbox 1578 4199 1656 4262; x_wconf 86' lang='grc' dir='ltr'><strong>είς</strong></span> <span class='ocrx_word' id='word_1_439' title='bbox 1684 4198 1774 4267; x_wconf 87' lang='grc' dir='ltr'><strong>γέ-</strong></span> 
     </span>
    </p>
   </div>
   <div class='ocr_carea' id='block_1_53' title="bbox 1886 1743 3453 1825">
    <p class='ocr_par' dir='ltr' id='par_1_53' title="bbox 1886 1743 3453 1825">
     <span class='ocr_line' id='line_1_53' title="bbox 1886 1743 3453 1825; baseline 0.005 -24"><span class='ocrx_word' id='word_1_440' title='bbox 1886 1750 1944 1799; x_wconf 76' lang='lat' dir='ltr'><strong>ut</strong></span> <span class='ocrx_word' id='word_1_441' title='bbox 1982 1743 2181 1810; x_wconf 76' lang='lat' dir='ltr'><strong>aﬂinia,</strong></span> <span class='ocrx_word' id='word_1_442' title='bbox 2238 1754 2472 1818; x_wconf 66' lang='lat' dir='ltr'><strong>proplia,</strong></span> <span class='ocrx_word' id='word_1_443' title='bbox 2522 1761 2685 1823; x_wconf 87' lang='lat' dir='ltr'><strong>atque</strong></span> <span class='ocrx_word' id='word_1_444' title='bbox 2732 1761 2962 1822; x_wconf 80' lang='lat' dir='ltr'><strong>cognata</strong></span> <span class='ocrx_word' id='word_1_445' title='bbox 3002 1755 3264 1817; x_wconf 88' lang='lat' dir='ltr'><strong>attrahat,</strong></span> <span class='ocrx_word' id='word_1_446' title='bbox 3323 1770 3453 1825; x_wconf 84' lang='lat' dir='ltr'><strong>pro-</strong></span> 
     </span>
    </p>
   </div>
   <div class='ocr_carea' id='block_1_54' title="bbox 1884 1835 3451 1916">
    <p class='ocr_par' dir='ltr' id='par_1_54' title="bbox 1884 1835 3451 1916">
     <span class='ocr_line' id='line_1_54' title="bbox 1884 1835 3451 1916; baseline 0.005 -23"><span class='ocrx_word' id='word_1_447' title='bbox 1884 1835 2150 1905; x_wconf 83' lang='lat' dir='ltr'><strong>pinquum</strong></span> <span class='ocrx_word' id='word_1_448' title='bbox 2207 1845 2387 1892; x_wconf 69' lang='lat' dir='ltr'><strong>autem</strong></span> <span class='ocrx_word' id='word_1_449' title='bbox 2446 1845 2840 1908; x_wconf 56' lang='lat' dir='ltr'><strong>quodammodo</strong></span> <span class='ocrx_word' id='word_1_450' title='bbox 2889 1852 3054 1916; x_wconf 88' lang='lat' dir='ltr'><strong>atque</strong></span> <span class='ocrx_word' id='word_1_451' title='bbox 3094 1847 3451 1915; x_wconf 84' lang='lat' dir='ltr'><strong>conjunctum</strong></span> 
     </span>
    </p>
   </div>
   <div class='ocr_carea' id='block_1_55' title="bbox 1883 1926 3453 2009">
    <p class='ocr_par' dir='ltr' id='par_1_55' title="bbox 1883 1926 3453 2009">
     <span class='ocr_line' id='line_1_55' title="bbox 1883 1926 3453 2009; baseline 0.01 -30"><span class='ocrx_word' id='word_1_452' title='bbox 1883 1926 1994 1981; x_wconf 88' lang='lat' dir='ltr'><strong>Deo</strong></span> <span class='ocrx_word' id='word_1_453' title='bbox 2027 1943 2200 1998; x_wconf 86' lang='lat' dir='ltr'><strong>genus</strong></span> <span class='ocrx_word' id='word_1_454' title='bbox 2236 1929 2535 1984; x_wconf 85' lang='lat' dir='ltr'><strong>humanum</strong></span> <span class='ocrx_word' id='word_1_455' title='bbox 2570 1947 2673 2002; x_wconf 87' lang='lat' dir='ltr'><strong>est,</strong></span> <span class='ocrx_word' id='word_1_456' title='bbox 2722 1939 2923 2009; x_wconf 83' lang='lat' dir='ltr'><strong>quippe</strong></span> <span class='ocrx_word' id='word_1_457' title='bbox 2961 1939 3140 1994; x_wconf 83' lang='lat' dir='ltr'><strong>ferens</strong></span> <span class='ocrx_word' id='word_1_458' title='bbox 3184 1940 3242 1994; x_wconf 89' lang='lat' dir='ltr'><strong>in</strong></span> <span class='ocrx_word' id='word_1_459' title='bbox 3283 1955 3341 1994; x_wconf 90' lang='lat' dir='ltr'><strong>se</strong></span> <span class='ocrx_word' id='word_1_460' title='bbox 3366 1941 3453 1994; x_wconf 83' lang='lat' dir='ltr'><strong>ni-</strong></span> 
     </span>
    </p>
   </div>
   <div class='ocr_carea' id='block_1_56' title="bbox 1883 2016 3452 2099">
    <p class='ocr_par' dir='ltr' id='par_1_56' title="bbox 1883 2016 3452 2099">
     <span class='ocr_line' id='line_1_56' title="bbox 1883 2016 3452 2099; baseline 0.011 -30"><span class='ocrx_word' id='word_1_461' title='bbox 1883 2016 2082 2071; x_wconf 86' lang='lat' dir='ltr'><strong>mirum</strong></span> <span class='ocrx_word' id='word_1_462' title='bbox 2141 2017 2432 2087; x_wconf 84' lang='lat' dir='ltr'><strong>imaginem</strong></span> <span class='ocrx_word' id='word_1_463' title='bbox 2477 2021 2786 2095; x_wconf 65' lang='lat' dir='ltr'><strong>principalis</strong></span> <span class='ocrx_word' id='word_1_464' title='bbox 2826 2028 3032 2099; x_wconf 55' lang='lat' dir='ltr'><strong>ﬁgurat,</strong></span> <span class='ocrx_word' id='word_1_465' title='bbox 3078 2032 3452 2085; x_wconf 83' lang='lat' dir='ltr'><strong>necessarium</strong></span> 
     </span>
    </p>
   </div>
   <div class='ocr_carea' id='block_1_57' title="bbox 1882 2107 3450 2192">
    <p class='ocr_par' dir='ltr' id='par_1_57' title="bbox 1882 2107 3450 2192">
     <span class='ocr_line' id='line_1_57' title="bbox 1882 2107 3450 2192; baseline 0.011 -33"><span class='ocrx_word' id='word_1_466' title='bbox 1882 2107 2041 2178; x_wconf 89' lang='lat' dir='ltr'><strong>plane</strong></span> <span class='ocrx_word' id='word_1_467' title='bbox 2078 2116 2164 2164; x_wconf 82' lang='lat' dir='ltr'><strong>cst</strong></span> <span class='ocrx_word' id='word_1_468' title='bbox 2209 2119 2268 2164; x_wconf 93' lang='lat' dir='ltr'><strong>ut</strong></span> <span class='ocrx_word' id='word_1_469' title='bbox 2309 2111 2488 2164; x_wconf 86' lang='lat' dir='ltr'><strong>anima</strong></span> <span class='ocrx_word' id='word_1_470' title='bbox 2541 2115 2784 2174; x_wconf 78' lang='lat' dir='ltr'><strong>trahatur</strong></span> <span class='ocrx_word' id='word_1_471' title='bbox 2812 2121 2879 2174; x_wconf 82' lang='lat' dir='ltr'><strong>ad</strong></span> <span class='ocrx_word' id='word_1_472' title='bbox 2929 2121 2981 2176; x_wconf 87' lang='lat' dir='ltr'><strong>id</strong></span> <span class='ocrx_word' id='word_1_473' title='bbox 3031 2124 3176 2192; x_wconf 87' lang='lat' dir='ltr'><strong>quod</strong></span> <span class='ocrx_word' id='word_1_474' title='bbox 3209 2124 3450 2181; x_wconf 88' lang='lat' dir='ltr'><strong>divinum</strong></span> 
     </span>
    </p>
   </div>
   <div class='ocr_carea' id='block_1_58' title="bbox 1883 2201 3454 2284">
    <p class='ocr_par' dir='ltr' id='par_1_58' title="bbox 1883 2201 3454 2284">
     <span class='ocr_line' id='line_1_58' title="bbox 1883 2201 3454 2284; baseline 0.008 -28"><span class='ocrx_word' id='word_1_475' title='bbox 1883 2201 2045 2256; x_wconf 85' lang='lat' dir='ltr'><strong>simul</strong></span> <span class='ocrx_word' id='word_1_476' title='bbox 2097 2209 2262 2271; x_wconf 88' lang='lat' dir='ltr'><strong>atque</strong></span> <span class='ocrx_word' id='word_1_477' title='bbox 2305 2211 2598 2273; x_wconf 80' lang='lat' dir='ltr'><strong>cognatum</strong></span> <span class='ocrx_word' id='word_1_478' title='bbox 2645 2216 2731 2261; x_wconf 89' lang='lat' dir='ltr'><strong>est</strong></span> <span class='ocrx_word' id='word_1_479' title='bbox 2779 2212 3026 2282; x_wconf 81' lang='lat' dir='ltr'><strong>(Oportet</strong></span> <span class='ocrx_word' id='word_1_480' title='bbox 3076 2214 3221 2268; x_wconf 86' lang='lat' dir='ltr'><strong>enim</strong></span> <span class='ocrx_word' id='word_1_481' title='bbox 3255 2230 3454 2284; x_wconf 80' lang='lat' dir='ltr'><strong>usque-</strong></span> 
     </span>
    </p>
   </div>
   <div class='ocr_carea' id='block_1_59' title="bbox 1881 2293 3452 2378">
    <p class='ocr_par' dir='ltr' id='par_1_59' title="bbox 1881 2293 3452 2378">
     <span class='ocr_line' id='line_1_59' title="bbox 1881 2293 3452 2378; baseline 0.011 -35"><span class='ocrx_word' id='word_1_482' title='bbox 1881 2307 2099 2363; x_wconf 84' lang='lat' dir='ltr'><strong>quaque</strong></span> <span class='ocrx_word' id='word_1_483' title='bbox 2149 2293 2367 2362; x_wconf 87' lang='lat' dir='ltr'><strong>penitus</strong></span> <span class='ocrx_word' id='word_1_484' title='bbox 2422 2309 2486 2350; x_wconf 87' lang='lat' dir='ltr'><strong>ac</strong></span> <span class='ocrx_word' id='word_1_485' title='bbox 2523 2311 2747 2364; x_wconf 89' lang='lat' dir='ltr'><strong>prorsus</strong></span> <span class='ocrx_word' id='word_1_486' title='bbox 2781 2299 2886 2356; x_wconf 87' lang='lat' dir='ltr'><strong>Deo</strong></span> <span class='ocrx_word' id='word_1_487' title='bbox 2929 2319 3088 2359; x_wconf 87' lang='lat' dir='ltr'><strong>suum</strong></span> <span class='ocrx_word' id='word_1_488' title='bbox 3117 2306 3452 2378; x_wconf 88' lang='lat' dir='ltr'><strong>reservari);</strong></span> 
     </span>
    </p>
   </div>
   <div class='ocr_carea' id='block_1_60' title="bbox 1885 2383 3454 2462">
    <p class='ocr_par' dir='ltr' id='par_1_60' title="bbox 1885 2383 3454 2462">
     <span class='ocr_line' id='line_1_60' title="bbox 1885 2383 3454 2462; baseline 0.008 -24"><span class='ocrx_word' id='word_1_489' title='bbox 1885 2383 1980 2438; x_wconf 88' lang='lat' dir='ltr'><strong>sed</strong></span> <span class='ocrx_word' id='word_1_490' title='bbox 2010 2383 2057 2438; x_wconf 90' lang='lat' dir='ltr'><strong>si</strong></span> <span class='ocrx_word' id='word_1_491' title='bbox 2089 2384 2308 2454; x_wconf 89' lang='lat' dir='ltr'><strong>quidem</strong></span> <span class='ocrx_word' id='word_1_492' title='bbox 2342 2385 2497 2451; x_wconf 90' lang='lat' dir='ltr'><strong>levis,</strong></span> <span class='ocrx_word' id='word_1_493' title='bbox 2537 2388 2787 2457; x_wconf 84' lang='lat' dir='ltr'><strong>expedita</strong></span> <span class='ocrx_word' id='word_1_494' title='bbox 2819 2401 2978 2460; x_wconf 88' lang='lat' dir='ltr'><strong>atque</strong></span> <span class='ocrx_word' id='word_1_495' title='bbox 3019 2395 3232 2451; x_wconf 87' lang='lat' dir='ltr'><strong>sincera</strong></span> <span class='ocrx_word' id='word_1_496' title='bbox 3269 2399 3454 2462; x_wconf 83' lang='lat' dir='ltr'><strong>fuerit,</strong></span> 
     </span>
    </p>
   </div>
   <div class='ocr_carea' id='block_1_61' title="bbox 1881 2474 3456 2552">
    <p class='ocr_par' dir='ltr' id='par_1_61' title="bbox 1881 2474 3456 2552">
     <span class='ocr_line' id='line_1_61' title="bbox 1881 2474 3456 2552; baseline 0.008 -24"><span class='ocrx_word' id='word_1_497' title='bbox 1881 2484 1935 2528; x_wconf 88' lang='lat' dir='ltr'><strong>et</strong></span> <span class='ocrx_word' id='word_1_498' title='bbox 1974 2474 2112 2528; x_wconf 90' lang='lat' dir='ltr'><strong>nihil</strong></span> <span class='ocrx_word' id='word_1_499' title='bbox 2165 2475 2544 2530; x_wconf 66' lang='lat' dir='ltr'><strong>redundantias</strong></span> <span class='ocrx_word' id='word_1_500' title='bbox 2589 2479 3091 2552; x_wconf 83' lang='lat' dir='ltr'><strong>superﬂuitatisque</strong></span> <span class='ocrx_word' id='word_1_501' title='bbox 3137 2486 3193 2539; x_wconf 91' lang='lat' dir='ltr'><strong>in</strong></span> <span class='ocrx_word' id='word_1_502' title='bbox 3250 2501 3311 2540; x_wconf 89' lang='lat' dir='ltr'><strong>se</strong></span> <span class='ocrx_word' id='word_1_503' title='bbox 3358 2486 3456 2540; x_wconf 87' lang='lat' dir='ltr'><strong>ha-</strong></span> 
     </span>
    </p>
   </div>
   <div class='ocr_carea' id='block_1_62' title="bbox 1881 2565 3453 2646">
    <p class='ocr_par' dir='ltr' id='par_1_62' title="bbox 1881 2565 3453 2646">
     <span class='ocr_line' id='line_1_62' title="bbox 1881 2565 3453 2646; baseline 0.007 -25"><span class='ocrx_word' id='word_1_504' title='bbox 1881 2565 2090 2628; x_wconf 88' lang='lat' dir='ltr'><strong>buerit,</strong></span> <span class='ocrx_word' id='word_1_505' title='bbox 2144 2566 2294 2619; x_wconf 88' lang='lat' dir='ltr'><strong>nulla</strong></span> <span class='ocrx_word' id='word_1_506' title='bbox 2341 2572 2603 2635; x_wconf 76' lang='lat' dir='ltr'><strong>corp‘orea</strong></span> <span class='ocrx_word' id='word_1_507' title='bbox 2661 2571 2908 2625; x_wconf 87' lang='lat' dir='ltr'><strong>molestia</strong></span> <span class='ocrx_word' id='word_1_508' title='bbox 2974 2587 3092 2627; x_wconf 88' lang='lat' dir='ltr'><strong>eam</strong></span> <span class='ocrx_word' id='word_1_509' title='bbox 3154 2585 3453 2646; x_wconf 84' lang='lat' dir='ltr'><strong>premente,</strong></span> 
     </span>
    </p>
   </div>
   <div class='ocr_carea' id='block_1_63' title="bbox 1877 2655 3452 2727">
    <p class='ocr_par' dir='ltr' id='par_1_63' title="bbox 1877 2655 3452 2727">
     <span class='ocr_line' id='line_1_63' title="bbox 1877 2655 3452 2727; baseline 0.008 -17"><span class='ocrx_word' id='word_1_510' title='bbox 1877 2655 2155 2727; x_wconf 89' lang='lat' dir='ltr'><strong>jucundus</strong></span> <span class='ocrx_word' id='word_1_511' title='bbox 2193 2672 2258 2712; x_wconf 92' lang='lat' dir='ltr'><strong>ac</strong></span> <span class='ocrx_word' id='word_1_512' title='bbox 2292 2656 2474 2712; x_wconf 77' lang='lat' dir='ltr'><strong>facilis</strong></span> <span class='ocrx_word' id='word_1_513' title='bbox 2506 2659 2554 2712; x_wconf 90' lang='lat' dir='ltr'><strong>ei</strong></span> <span class='ocrx_word' id='word_1_514' title='bbox 2583 2659 2647 2712; x_wconf 86' lang='lat' dir='ltr'><strong>ad</strong></span> <span class='ocrx_word' id='word_1_515' title='bbox 2680 2661 3043 2717; x_wconf 76' lang='lat' dir='ltr'><strong>attraltentem</strong></span> <span class='ocrx_word' id='word_1_516' title='bbox 3086 2678 3341 2722; x_wconf 83' lang='lat' dir='ltr'><strong>accessus</strong></span> <span class='ocrx_word' id='word_1_517' title='bbox 3374 2667 3452 2722; x_wconf 80' lang='lat' dir='ltr'><strong>ﬁt.</strong></span> 
     </span>
    </p>
   </div>
   <div class='ocr_carea' id='block_1_64' title="bbox 1883 2747 3455 2830">
    <p class='ocr_par' dir='ltr' id='par_1_64' title="bbox 1883 2747 3455 2830">
     <span class='ocr_line' id='line_1_64' title="bbox 1883 2747 3455 2830; baseline 0.009 -28"><span class='ocrx_word' id='word_1_518' title='bbox 1883 2747 1980 2802; x_wconf 88' lang='lat' dir='ltr'><strong>Sin</strong></span> <span class='ocrx_word' id='word_1_519' title='bbox 2021 2755 2205 2803; x_wconf 86' lang='lat' dir='ltr'><strong>autem</strong></span> <span class='ocrx_word' id='word_1_520' title='bbox 2243 2748 2552 2805; x_wconf 82' lang='lat' dir='ltr'><strong>all&#39;ectionis</strong></span> <span class='ocrx_word' id='word_1_521' title='bbox 2584 2751 2755 2806; x_wconf 84' lang='lat' dir='ltr'><strong>clavis</strong></span> <span class='ocrx_word' id='word_1_522' title='bbox 2797 2751 2865 2806; x_wconf 88' lang='lat' dir='ltr'><strong>ad</strong></span> <span class='ocrx_word' id='word_1_523' title='bbox 2905 2768 3030 2808; x_wconf 92' lang='lat' dir='ltr'><strong>eum</strong></span> <span class='ocrx_word' id='word_1_524' title='bbox 3072 2754 3312 2812; x_wconf 90' lang='lat' dir='ltr'><strong>habitum</strong></span> <span class='ocrx_word' id='word_1_525' title='bbox 3361 2760 3455 2830; x_wconf 88' lang='lat' dir='ltr'><strong>qui</strong></span> 
     </span>
    </p>
   </div>
   <div class='ocr_carea' id='block_1_65' title="bbox 1881 2839 3453 2910">
    <p class='ocr_par' dir='ltr' id='par_1_65' title="bbox 1881 2839 3453 2910">
     <span class='ocr_line' id='line_1_65' title="bbox 1881 2839 3453 2910; baseline 0.008 -18"><span class='ocrx_word' id='word_1_526' title='bbox 1881 2852 2007 2893; x_wconf 87' lang='lat' dir='ltr'><strong>cum</strong></span> <span class='ocrx_word' id='word_1_527' title='bbox 2066 2839 2446 2894; x_wconf 87' lang='lat' dir='ltr'><strong>materialibus</strong></span> <span class='ocrx_word' id='word_1_528' title='bbox 2499 2841 2834 2910; x_wconf 86' lang='lat' dir='ltr'><strong>conjunctus</strong></span> <span class='ocrx_word' id='word_1_529' title='bbox 2887 2853 2972 2899; x_wconf 92' lang='lat' dir='ltr'><strong>est</strong></span> <span class='ocrx_word' id='word_1_530' title='bbox 3029 2853 3085 2900; x_wconf 91' lang='lat' dir='ltr'><strong>et</strong></span> <span class='ocrx_word' id='word_1_531' title='bbox 3141 2846 3453 2905; x_wconf 81' lang='lat' dir='ltr'><strong>allinitatem</strong></span> 
     </span>
    </p>
   </div>
   <div class='ocr_carea' id='block_1_66' title="bbox 1801 2931 3456 3011">
    <p class='ocr_par' dir='ltr' id='par_1_66' title="bbox 1801 2931 3456 3011">
     <span class='ocr_line' id='line_1_66' title="bbox 1801 2931 3456 3011; baseline 0.009 -27"><span class='ocrx_word' id='word_1_532' title='bbox 1801 2953 1843 3011; x_wconf 71' lang='grc' dir='ltr'>ο</span> <span class='ocrx_word' id='word_1_533' title='bbox 1882 2931 2045 2988; x_wconf 86' lang='lat' dir='ltr'><strong>habet</strong></span> <span class='ocrx_word' id='word_1_534' title='bbox 2090 2932 2246 2987; x_wconf 83' lang='lat' dir='ltr'><strong>aﬂixa</strong></span> <span class='ocrx_word' id='word_1_535' title='bbox 2292 2932 2458 2988; x_wconf 81' lang='lat' dir='ltr'><strong>fuerit</strong></span> <span class='ocrx_word' id='word_1_536' title='bbox 2501 2951 2517 2988; x_wconf 88' lang='lat'><strong>:</strong></span> <span class='ocrx_word' id='word_1_537' title='bbox 2566 2936 2728 3005; x_wconf 90' lang='lat' dir='ltr'><strong>quale</strong></span> <span class='ocrx_word' id='word_1_538' title='bbox 2781 2936 3043 3006; x_wconf 89' lang='lat' dir='ltr'><strong>quiddam</strong></span> <span class='ocrx_word' id='word_1_539' title='bbox 3095 2945 3256 2995; x_wconf 65' lang='lat' dir='ltr'><strong>terrae</strong></span> <span class='ocrx_word' id='word_1_540' title='bbox 3307 2952 3456 2999; x_wconf 89' lang='lat' dir='ltr'><strong>motu</strong></span> 
     </span>
    </p>
   </div>
   <div class='ocr_carea' id='block_1_67' title="bbox 1880 3023 3457 3102">
    <p class='ocr_par' dir='ltr' id='par_1_67' title="bbox 1880 3023 3457 3102">
     <span class='ocr_line' id='line_1_67' title="bbox 1880 3023 3457 3102; baseline 0.007 -25"><span class='ocrx_word' id='word_1_541' title='bbox 1880 3023 2138 3093; x_wconf 83' lang='lat' dir='ltr'><strong>collapsis</strong></span> <span class='ocrx_word' id='word_1_542' title='bbox 2191 3023 2454 3089; x_wconf 51' lang='lat' dir='ltr'><strong>rediliciis,</strong></span> <span class='ocrx_word' id='word_1_543' title='bbox 2508 3025 2834 3096; x_wconf 86' lang='lat' dir='ltr'><strong>corporibus</strong></span> <span class='ocrx_word' id='word_1_544' title='bbox 2881 3028 3024 3083; x_wconf 91' lang='lat' dir='ltr'><strong>mole</strong></span> <span class='ocrx_word' id='word_1_545' title='bbox 3053 3035 3219 3099; x_wconf 88' lang='lat' dir='ltr'><strong>atque</strong></span> <span class='ocrx_word' id='word_1_546' title='bbox 3261 3045 3457 3102; x_wconf 87' lang='lat' dir='ltr'><strong>aggere</strong></span> 
     </span>
    </p>
   </div>
   <div class='ocr_carea' id='block_1_68' title="bbox 1880 3115 3458 3188">
    <p class='ocr_par' dir='ltr' id='par_1_68' title="bbox 1880 3115 3458 3188">
     <span class='ocr_line' id='line_1_68' title="bbox 1880 3115 3458 3188; baseline 0.006 -19"><span class='ocrx_word' id='word_1_547' title='bbox 1880 3115 2156 3185; x_wconf 83' lang='lat' dir='ltr'><strong>oppressis</strong></span> <span class='ocrx_word' id='word_1_548' title='bbox 2188 3123 2350 3186; x_wconf 87' lang='lat' dir='ltr'><strong>atque</strong></span> <span class='ocrx_word' id='word_1_549' title='bbox 2380 3115 2619 3181; x_wconf 85' lang='lat' dir='ltr'><strong>obtritis,</strong></span> <span class='ocrx_word' id='word_1_550' title='bbox 2668 3117 2918 3175; x_wconf 87' lang='lat' dir='ltr'><strong>accidere</strong></span> <span class='ocrx_word' id='word_1_551' title='bbox 2949 3133 3049 3188; x_wconf 85' lang='lat' dir='ltr'><strong>par</strong></span> <span class='ocrx_word' id='word_1_552' title='bbox 3077 3134 3140 3175; x_wconf 91' lang='lat' dir='ltr'><strong>ac</strong></span> <span class='ocrx_word' id='word_1_553' title='bbox 3164 3122 3458 3180; x_wconf 79' lang='lat' dir='ltr'><strong>verisimile</strong></span> 
     </span>
    </p>
   </div>
   <div class='ocr_carea' id='block_1_69' title="bbox 1879 3206 3457 3281">
    <p class='ocr_par' dir='ltr' id='par_1_69' title="bbox 1879 3206 3457 3281">
     <span class='ocr_line' id='line_1_69' title="bbox 1879 3206 3457 3281; baseline 0.006 -21"><span class='ocrx_word' id='word_1_554' title='bbox 1879 3214 1962 3261; x_wconf 90' lang='lat' dir='ltr'><strong>est</strong></span> <span class='ocrx_word' id='word_1_555' title='bbox 2029 3206 2291 3276; x_wconf 89' lang='lat' dir='ltr'><strong>(ponatur</strong></span> <span class='ocrx_word' id='word_1_556' title='bbox 2327 3213 2507 3262; x_wconf 89' lang='lat' dir='ltr'><strong>autem</strong></span> <span class='ocrx_word' id='word_1_557' title='bbox 2549 3210 2780 3279; x_wconf 75' lang='lat' dir='ltr'><strong>exempli</strong></span> <span class='ocrx_word' id='word_1_558' title='bbox 2820 3211 3012 3281; x_wconf 88' lang='lat' dir='ltr'><strong>gratia,</strong></span> <span class='ocrx_word' id='word_1_559' title='bbox 3042 3226 3150 3266; x_wconf 92' lang='lat' dir='ltr'><strong>non</strong></span> <span class='ocrx_word' id='word_1_560' title='bbox 3186 3213 3361 3268; x_wconf 91' lang='lat' dir='ltr'><strong>solum</strong></span> <span class='ocrx_word' id='word_1_561' title='bbox 3393 3229 3457 3269; x_wconf 87' lang='lat' dir='ltr'><strong>ea</strong></span> 
     </span>
    </p>
   </div>
   <div class='ocr_carea' id='block_1_70' title="bbox 1880 3297 3454 3370">
    <p class='ocr_par' dir='ltr' id='par_1_70' title="bbox 1880 3297 3454 3370">
     <span class='ocr_line' id='line_1_70' title="bbox 1880 3297 3454 3370; baseline 0.007 -23"><span class='ocrx_word' id='word_1_562' title='bbox 1880 3304 2102 3364; x_wconf 78' lang='lat' dir='ltr'><strong>gravata</strong></span> <span class='ocrx_word' id='word_1_563' title='bbox 2145 3311 2269 3352; x_wconf 88' lang='lat' dir='ltr'><strong>esse</strong></span> <span class='ocrx_word' id='word_1_564' title='bbox 2323 3297 2586 3364; x_wconf 86' lang='lat' dir='ltr'><strong>molibus,</strong></span> <span class='ocrx_word' id='word_1_565' title='bbox 2621 3299 2800 3362; x_wconf 87' lang='lat' dir='ltr'><strong>ruina,</strong></span> <span class='ocrx_word' id='word_1_566' title='bbox 2846 3309 3008 3370; x_wconf 89' lang='lat' dir='ltr'><strong>atque</strong></span> <span class='ocrx_word' id='word_1_567' title='bbox 3036 3301 3157 3356; x_wconf 83' lang='lat' dir='ltr'><strong>labe</strong></span> <span class='ocrx_word' id='word_1_568' title='bbox 3185 3303 3454 3369; x_wconf 87' lang='lat' dir='ltr'><strong>locorum,</strong></span> 
     </span>
    </p>
   </div>
   <div class='ocr_carea' id='block_1_71' title="bbox 1879 3387 3456 3460">
    <p class='ocr_par' dir='ltr' id='par_1_71' title="bbox 1879 3387 3456 3460">
     <span class='ocr_line' id='line_1_71' title="bbox 1879 3387 3456 3460; baseline 0.006 -20"><span class='ocrx_word' id='word_1_569' title='bbox 1879 3387 2236 3443; x_wconf 90' lang='lat' dir='ltr'><strong>verumetiam</strong></span> <span class='ocrx_word' id='word_1_570' title='bbox 2267 3390 2511 3445; x_wconf 82' lang='lat' dir='ltr'><strong>verubus</strong></span> <span class='ocrx_word' id='word_1_571' title='bbox 2551 3391 2903 3460; x_wconf 89' lang='lat' dir='ltr'><strong>quibusdam,</strong></span> <span class='ocrx_word' id='word_1_572' title='bbox 2949 3400 3045 3450; x_wconf 89' lang='lat' dir='ltr'><strong>aut</strong></span> <span class='ocrx_word' id='word_1_573' title='bbox 3074 3393 3244 3449; x_wconf 84' lang='lat' dir='ltr'><strong>clavis</strong></span> <span class='ocrx_word' id='word_1_574' title='bbox 3297 3403 3352 3448; x_wconf 89' lang='lat' dir='ltr'><strong>et</strong></span> <span class='ocrx_word' id='word_1_575' title='bbox 3385 3395 3456 3450; x_wconf 91' lang='lat' dir='ltr'><strong>li-</strong></span> 
     </span>
    </p>
   </div>
   <div class='ocr_carea' id='block_1_72' title="bbox 1879 3479 3456 3556">
    <p class='ocr_par' dir='ltr' id='par_1_72' title="bbox 1879 3479 3456 3556">
     <span class='ocr_line' id='line_1_72' title="bbox 1879 3479 3456 3556; baseline 0.006 -23"><span class='ocrx_word' id='word_1_576' title='bbox 1879 3479 2000 3552; x_wconf 86' lang='lat' dir='ltr'><strong>gnis</strong></span> <span class='ocrx_word' id='word_1_577' title='bbox 2034 3479 2090 3534; x_wconf 91' lang='lat' dir='ltr'><strong>in</strong></span> <span class='ocrx_word' id='word_1_578' title='bbox 2131 3480 2308 3536; x_wconf 87' lang='lat' dir='ltr'><strong>ruinis</strong></span> <span class='ocrx_word' id='word_1_579' title='bbox 2342 3489 2398 3536; x_wconf 88' lang='lat' dir='ltr'><strong>et</strong></span> <span class='ocrx_word' id='word_1_580' title='bbox 2425 3481 2716 3553; x_wconf 75' lang='lat' dir='ltr'><strong>aggeribus</strong></span> <span class='ocrx_word' id='word_1_581' title='bbox 2751 3482 2991 3539; x_wconf 87' lang='lat' dir='ltr'><strong>inventis</strong></span> <span class='ocrx_word' id='word_1_582' title='bbox 3025 3485 3252 3554; x_wconf 84' lang='lat' dir='ltr'><strong>trajecta</strong></span> <span class='ocrx_word' id='word_1_583' title='bbox 3290 3492 3456 3556; x_wconf 87' lang='lat' dir='ltr'><strong>atque</strong></span> 
     </span>
    </p>
   </div>
   <div class='ocr_carea' id='block_1_73' title="bbox 1878 3571 3458 3644">
    <p class='ocr_par' dir='ltr' id='par_1_73' title="bbox 1878 3571 3458 3644">
     <span class='ocr_line' id='line_1_73' title="bbox 1878 3571 3458 3644; baseline 0.004 -20"><span class='ocrx_word' id='word_1_584' title='bbox 1878 3571 2139 3626; x_wconf 83' lang='lat' dir='ltr'><strong>transﬁxa</strong></span> <span class='ocrx_word' id='word_1_585' title='bbox 2160 3571 2304 3642; x_wconf 89' lang='lat' dir='ltr'><strong>esse)</strong></span> <span class='ocrx_word' id='word_1_586' title='bbox 2330 3589 2346 3639; x_wconf 91' lang='lat'><strong>;</strong></span> <span class='ocrx_word' id='word_1_587' title='bbox 2376 3572 2520 3642; x_wconf 86' lang='lat' dir='ltr'><strong>quod</strong></span> <span class='ocrx_word' id='word_1_588' title='bbox 2552 3572 2718 3642; x_wconf 88' lang='lat' dir='ltr'><strong>igitur</strong></span> <span class='ocrx_word' id='word_1_589' title='bbox 2747 3575 2820 3626; x_wconf 90' lang='lat' dir='ltr'><strong>ita</strong></span> <span class='ocrx_word' id='word_1_590' title='bbox 2847 3572 3039 3628; x_wconf 78' lang='lat' dir='ltr'><strong>aﬂ&#39;ecta</strong></span> <span class='ocrx_word' id='word_1_591' title='bbox 3077 3589 3305 3644; x_wconf 89' lang='lat' dir='ltr'><strong>corpora</strong></span> <span class='ocrx_word' id='word_1_592' title='bbox 3339 3576 3458 3631; x_wconf 84' lang='lat' dir='ltr'><strong>suf-</strong></span> 
     </span>
    </p>
   </div>
   <div class='ocr_carea' id='block_1_74' title="bbox 1880 3659 3456 3735">
    <p class='ocr_par' dir='ltr' id='par_1_74' title="bbox 1880 3659 3456 3735">
     <span class='ocr_line' id='line_1_74' title="bbox 1880 3659 3456 3735; baseline 0.003 -17"><span class='ocrx_word' id='word_1_593' title='bbox 1880 3659 2024 3718; x_wconf 78' lang='lat' dir='ltr'><strong>ferre</strong></span> <span class='ocrx_word' id='word_1_594' title='bbox 2056 3661 2350 3718; x_wconf 87' lang='lat' dir='ltr'><strong>verisimile</strong></span> <span class='ocrx_word' id='word_1_595' title='bbox 2402 3669 2506 3730; x_wconf 84' lang='lat' dir='ltr'><strong>est,</strong></span> <span class='ocrx_word' id='word_1_596' title='bbox 2567 3662 2720 3731; x_wconf 90' lang='lat' dir='ltr'><strong>dum,</strong></span> <span class='ocrx_word' id='word_1_597' title='bbox 2769 3671 2832 3718; x_wconf 90' lang='lat' dir='ltr'><strong>ut</strong></span> <span class='ocrx_word' id='word_1_598' title='bbox 2883 3671 3202 3735; x_wconf 87' lang='lat' dir='ltr'><strong>parentetur</strong></span> <span class='ocrx_word' id='word_1_599' title='bbox 3257 3666 3338 3722; x_wconf 80' lang='lat' dir='ltr'><strong>eis</strong></span> <span class='ocrx_word' id='word_1_600' title='bbox 3389 3681 3456 3722; x_wconf 88' lang='lat' dir='ltr'><strong>ac</strong></span> 
     </span>
    </p>
   </div>
   <div class='ocr_carea' id='block_1_75' title="bbox 1875 3753 3454 3828">
    <p class='ocr_par' dir='ltr' id='par_1_75' title="bbox 1875 3753 3454 3828">
     <span class='ocr_line' id='line_1_75' title="bbox 1875 3753 3454 3828; baseline 0.001 -18"><span class='ocrx_word' id='word_1_601' title='bbox 1875 3753 2024 3824; x_wconf 75' lang='lat' dir='ltr'><strong>iusta</strong></span> <span class='ocrx_word' id='word_1_602' title='bbox 2061 3755 2447 3826; x_wconf 79' lang='lat' dir='ltr'><strong>exsequiarum</strong></span> <span class='ocrx_word' id='word_1_603' title='bbox 2491 3756 2896 3826; x_wconf 83' lang='lat' dir='ltr'><strong>persolvantur,</strong></span> <span class='ocrx_word' id='word_1_604' title='bbox 2947 3771 2978 3810; x_wconf 90' lang='lat' dir='ltr'><strong>a</strong></span> <span class='ocrx_word' id='word_1_605' title='bbox 3031 3757 3351 3828; x_wconf 87' lang='lat' dir='ltr'><strong>propinquis</strong></span> <span class='ocrx_word' id='word_1_606' title='bbox 3399 3765 3454 3813; x_wconf 88' lang='lat' dir='ltr'><strong>et</strong></span> 
     </span>
    </p>
   </div>
   <div class='ocr_carea' id='block_1_76' title="bbox 1879 3846 3454 3921">
    <p class='ocr_par' dir='ltr' id='par_1_76' title="bbox 1879 3846 3454 3921">
     <span class='ocr_line' id='line_1_76' title="bbox 1879 3846 3454 3921; baseline 0.002 -20"><span class='ocrx_word' id='word_1_607' title='bbox 1879 3847 2206 3901; x_wconf 88' lang='lat' dir='ltr'><strong>necessariis</strong></span> <span class='ocrx_word' id='word_1_608' title='bbox 2235 3861 2301 3902; x_wconf 87' lang='lat' dir='ltr'><strong>ex</strong></span> <span class='ocrx_word' id='word_1_609' title='bbox 2357 3846 2479 3902; x_wconf 82' lang='lat' dir='ltr'><strong>labe</strong></span> <span class='ocrx_word' id='word_1_610' title='bbox 2525 3855 2692 3918; x_wconf 83' lang='lat' dir='ltr'><strong>atque</strong></span> <span class='ocrx_word' id='word_1_611' title='bbox 2729 3846 2890 3902; x_wconf 91' lang='lat' dir='ltr'><strong>ruina</strong></span> <span class='ocrx_word' id='word_1_612' title='bbox 2933 3848 3298 3903; x_wconf 85' lang='lat' dir='ltr'><strong>extrahuntur</strong></span> <span class='ocrx_word' id='word_1_613' title='bbox 3342 3850 3454 3921; x_wconf 89' lang='lat' dir='ltr'><strong>(la-</strong></span> 
     </span>
    </p>
   </div>
   <div class='ocr_carea' id='block_1_77' title="bbox 1878 3937 3452 4012">
    <p class='ocr_par' dir='ltr' id='par_1_77' title="bbox 1878 3937 3452 4012">
     <span class='ocr_line' id='line_1_77' title="bbox 1878 3937 3452 4012; baseline 0.003 -20"><span class='ocrx_word' id='word_1_614' title='bbox 1878 3937 2212 3992; x_wconf 86' lang='lat' dir='ltr'><strong>cerabuntur</strong></span> <span class='ocrx_word' id='word_1_615' title='bbox 2233 3939 2376 3994; x_wconf 89' lang='lat' dir='ltr'><strong>enim</strong></span> <span class='ocrx_word' id='word_1_616' title='bbox 2403 3953 2630 4008; x_wconf 88' lang='lat' dir='ltr'><strong>prorsus</strong></span> <span class='ocrx_word' id='word_1_617' title='bbox 2662 3939 3202 4010; x_wconf 83' lang='lat' dir='ltr'><strong>dilaniabunturque.</strong></span> <span class='ocrx_word' id='word_1_618' title='bbox 3219 3949 3452 4012; x_wconf 85' lang='lat' dir='ltr'><strong>etquam</strong></span> 
     </span>
    </p>
   </div>
   <div class='ocr_carea' id='block_1_78' title="bbox 1879 4027 3456 4099">
    <p class='ocr_par' dir='ltr' id='par_1_78' title="bbox 1879 4027 3456 4099">
     <span class='ocr_line' id='line_1_78' title="bbox 1879 4027 3456 4099; baseline 0.003 -19"><span class='ocrx_word' id='word_1_619' title='bbox 1879 4027 2224 4082; x_wconf 86' lang='lat' dir='ltr'><strong>atrocissime</strong></span> <span class='ocrx_word' id='word_1_620' title='bbox 2268 4027 2730 4098; x_wconf 89' lang='lat' dir='ltr'><strong>acerbissimeque</strong></span> <span class='ocrx_word' id='word_1_621' title='bbox 2794 4029 3205 4096; x_wconf 83' lang='lat' dir='ltr'><strong>tractabuntur,</strong></span> <span class='ocrx_word' id='word_1_622' title='bbox 3257 4044 3456 4099; x_wconf 82' lang='lat' dir='ltr'><strong>aggere</strong></span> 
     </span>
    </p>
   </div>
   <div class='ocr_carea' id='block_1_79' title="bbox 1880 4116 3452 4187">
    <p class='ocr_par' dir='ltr' id='par_1_79' title="bbox 1880 4116 3452 4187">
     <span class='ocr_line' id='line_1_79' title="bbox 1880 4116 3452 4187; baseline 0.003 -15"><span class='ocrx_word' id='word_1_623' title='bbox 1880 4117 2044 4172; x_wconf 88' lang='lat' dir='ltr'><strong>simul</strong></span> <span class='ocrx_word' id='word_1_624' title='bbox 2077 4122 2132 4172; x_wconf 92' lang='lat' dir='ltr'><strong>et</strong></span> <span class='ocrx_word' id='word_1_625' title='bbox 2166 4116 2338 4173; x_wconf 86' lang='lat' dir='ltr'><strong>clavis</strong></span> <span class='ocrx_word' id='word_1_626' title='bbox 2379 4125 2669 4187; x_wconf 85' lang='lat' dir='ltr'><strong>eapropter</strong></span> <span class='ocrx_word' id='word_1_627' title='bbox 2707 4117 2815 4172; x_wconf 85' lang='lat' dir='ltr'><strong>vim</strong></span> <span class='ocrx_word' id='word_1_628' title='bbox 2868 4119 3257 4173; x_wconf 85' lang='lat' dir='ltr'><strong>attrahentium</strong></span> <span class='ocrx_word' id='word_1_629' title='bbox 3310 4120 3452 4176; x_wconf 89' lang='lat' dir='ltr'><strong>dila-</strong></span> 
     </span>
    </p>
   </div>
   <div class='ocr_carea' id='block_1_80' title="bbox 1879 4207 3452 4278">
    <p class='ocr_par' dir='ltr' id='par_1_80' title="bbox 1879 4207 3452 4278">
     <span class='ocr_line' id='line_1_80' title="bbox 1879 4207 3452 4278; baseline 0.003 -16"><span class='ocrx_word' id='word_1_630' title='bbox 1879 4207 2215 4274; x_wconf 88' lang='lat' dir='ltr'><strong>cerantibus)</strong></span> <span class='ocrx_word' id='word_1_631' title='bbox 2237 4221 2251 4259; x_wconf 90' lang='lat'><strong>:</strong></span> <span class='ocrx_word' id='word_1_632' title='bbox 2277 4207 2546 4278; x_wconf 88' lang='lat' dir='ltr'><strong>ejusmodi</strong></span> <span class='ocrx_word' id='word_1_633' title='bbox 2579 4208 2849 4278; x_wconf 85' lang='lat' dir='ltr'><strong>quoddam</strong></span> <span class='ocrx_word' id='word_1_634' title='bbox 2873 4209 3274 4267; x_wconf 86' lang='lat' dir='ltr'><strong>incommodum</strong></span> <span class='ocrx_word' id='word_1_635' title='bbox 3305 4210 3452 4266; x_wconf 87' lang='lat' dir='ltr'><strong>circa</strong></span> 
     </span>
    </p>
   </div>
   <div class='ocr_carea' id='block_1_81' title="bbox 195 4289 1777 4369">
    <p class='ocr_par' dir='ltr' id='par_1_81' title="bbox 195 4289 1772 4366">
     <span class='ocr_line' id='line_1_81' title="bbox 195 4289 1772 4366; baseline -0.004 -17"><span class='ocrx_word' id='word_1_636' title='bbox 195 4313 345 4349; x_wconf 86' lang='grc' dir='ltr'>νεσιν</span> <span class='ocrx_word' id='word_1_637' title='bbox 365 4315 379 4328; x_wconf 87' lang='grc'><strong>·</strong></span> <span class='ocrx_word' id='word_1_638' title='bbox 411 4295 532 4350; x_wconf 79' lang='grc' dir='ltr'>ἀλλ’</span> <span class='ocrx_word' id='word_1_639' title='bbox 559 4297 588 4349; x_wconf 89' lang='lat'><strong>6</strong></span> <span class='ocrx_word' id='word_1_640' title='bbox 624 4292 723 4366; x_wconf 83' lang='grc' dir='ltr'>μὲν</span> <span class='ocrx_word' id='word_1_641' title='bbox 749 4294 841 4348; x_wconf 70' lang='grc' dir='ltr'><strong>ἐπὶ</strong></span> <span class='ocrx_word' id='word_1_642' title='bbox 867 4293 942 4364; x_wconf 81' lang='grc' dir='ltr'><strong>τῷ</strong></span> <span class='ocrx_word' id='word_1_643' title='bbox 978 4292 1245 4364; x_wconf 89' lang='grc' dir='ltr'>κρείττονι</span> <span class='ocrx_word' id='word_1_644' title='bbox 1269 4289 1454 4362; x_wconf 82' lang='grc' dir='ltr'>σκοπῷ</span> <span class='ocrx_word' id='word_1_645' title='bbox 1485 4289 1620 4363; x_wconf 81' lang='grc' dir='ltr'>πρὸς</span> <span class='ocrx_word' id='word_1_646' title='bbox 1645 4290 1772 4343; x_wconf 68' lang='lat' dir='ltr'><strong>eau-</strong></span> 
     </span>
    </p>
   </div>
   <div class='ocr_carea' id='block_1_82' title="bbox 1880 4289 3451 4369">
    <p class='ocr_par' dir='ltr' id='par_1_82' title="bbox 1880 4297 3451 4369">
     <span class='ocr_line' id='line_1_82' title="bbox 1880 4297 3451 4369; baseline 0.004 -19"><span class='ocrx_word' id='word_1_647' title='bbox 1880 4297 2114 4352; x_wconf 87' lang='lat' dir='ltr'><strong>animam</strong></span> <span class='ocrx_word' id='word_1_648' title='bbox 2153 4312 2373 4369; x_wconf 89' lang='lat' dir='ltr'><strong>quoque</strong></span> <span class='ocrx_word' id='word_1_649' title='bbox 2409 4299 2545 4354; x_wconf 88' lang='lat' dir='ltr'><strong>mihi</strong></span> <span class='ocrx_word' id='word_1_650' title='bbox 2601 4300 2850 4356; x_wconf 89' lang='lat' dir='ltr'><strong>accidere</strong></span> <span class='ocrx_word' id='word_1_651' title='bbox 2901 4301 3137 4365; x_wconf 89' lang='lat' dir='ltr'><strong>videtur,</strong></span> <span class='ocrx_word' id='word_1_652' title='bbox 3179 4317 3304 4356; x_wconf 91' lang='lat' dir='ltr'><strong>cum</strong></span> <span class='ocrx_word' id='word_1_653' title='bbox 3346 4302 3451 4356; x_wconf 86' lang='lat' dir='ltr'><strong>hu-</strong></span> 
     </span>
    </p>
   </div>
   <div class='ocr_carea' id='block_1_83' title="bbox 194 4383 1777 4462">
    <p class='ocr_par' dir='ltr' id='par_1_83' title="bbox 194 4383 1774 4456">
     <span class='ocr_line' id='line_1_83' title="bbox 194 4383 1774 4456; baseline -0.004 -16"><span class='ocrx_word' id='word_1_654' title='bbox 194 4387 312 4451; x_wconf 81' lang='grc' dir='ltr'>τὸν,</span> <span class='ocrx_word' id='word_1_655' title='bbox 341 4387 400 4450; x_wconf 85' lang='grc' dir='ltr'>ὃς</span> <span class='ocrx_word' id='word_1_656' title='bbox 435 4388 553 4439; x_wconf 79' lang='grc' dir='ltr'>ἐστι</span> <span class='ocrx_word' id='word_1_657' title='bbox 600 4384 751 4455; x_wconf 82' lang='grc' dir='ltr'>πηγὴ</span> <span class='ocrx_word' id='word_1_658' title='bbox 793 4385 973 4456; x_wconf 80' lang='grc' dir='ltr'>πάσης</span> <span class='ocrx_word' id='word_1_659' title='bbox 1017 4383 1446 4455; x_wconf 85' lang='grc' dir='ltr'>μακαριότητος,</span> <span class='ocrx_word' id='word_1_660' title='bbox 1480 4383 1774 4436; x_wconf 81' lang='grc' dir='ltr'>ἐπισπᾶται</span> 
     </span>
    </p>
   </div>
   <div class='ocr_carea' id='block_1_84' title="bbox 1880 4383 3453 4462">
    <p class='ocr_par' dir='ltr' id='par_1_84' title="bbox 1880 4388 3453 4462">
     <span class='ocr_line' id='line_1_84' title="bbox 1880 4388 3453 4462; baseline 0.004 -21"><span class='ocrx_word' id='word_1_661' title='bbox 1880 4388 2142 4444; x_wconf 84' lang='lat' dir='ltr'><strong>manitate</strong></span> <span class='ocrx_word' id='word_1_662' title='bbox 2185 4398 2334 4444; x_wconf 89' lang='lat' dir='ltr'><strong>mota</strong></span> <span class='ocrx_word' id='word_1_663' title='bbox 2369 4389 2556 4444; x_wconf 88' lang='lat' dir='ltr'><strong>divina</strong></span> <span class='ocrx_word' id='word_1_664' title='bbox 2592 4391 2835 4460; x_wconf 89' lang='lat' dir='ltr'><strong>potentia</strong></span> <span class='ocrx_word' id='word_1_665' title='bbox 2886 4407 2952 4448; x_wconf 84' lang='lat' dir='ltr'><strong>ex</strong></span> <span class='ocrx_word' id='word_1_666' title='bbox 2992 4392 3223 4447; x_wconf 90' lang='lat' dir='ltr'><strong>rationis</strong></span> <span class='ocrx_word' id='word_1_667' title='bbox 3257 4408 3453 4462; x_wconf 88' lang='lat' dir='ltr'><strong>exper-</strong></span> 
     </span>
    </p>
   </div>
   <div class='ocr_carea' id='block_1_85' title="bbox 192 4473 1777 4552">
    <p class='ocr_par' dir='ltr' id='par_1_85' title="bbox 192 4473 1771 4546">
     <span class='ocr_line' id='line_1_85' title="bbox 192 4473 1771 4546; baseline -0.002 -18"><span class='ocrx_word' id='word_1_668' title='bbox 192 4475 294 4546; x_wconf 85' lang='grc' dir='ltr'>τὴν</span> <span class='ocrx_word' id='word_1_669' title='bbox 325 4475 508 4545; x_wconf 78' lang='grc' dir='ltr'>ψυχήν</span> <span class='ocrx_word' id='word_1_670' title='bbox 551 4473 696 4542; x_wconf 76' lang='grc'><strong>(5⁸5)⁸</strong></span> <span class='ocrx_word' id='word_1_671' title='bbox 740 4473 1121 4544; x_wconf 77' lang='grc' dir='ltr'>ὲπισυμὸαίνει</span> <span class='ocrx_word' id='word_1_672' title='bbox 1169 4473 1226 4528; x_wconf 79' lang='grc' dir='ltr'><strong>δὲ</strong></span> <span class='ocrx_word' id='word_1_673' title='bbox 1275 4474 1393 4526; x_wconf 77' lang='grc' dir='ltr'>κατ’</span> <span class='ocrx_word' id='word_1_674' title='bbox 1442 4473 1687 4542; x_wconf 83' lang='grc' dir='ltr'>ἀνάγκην</span> <span class='ocrx_word' id='word_1_675' title='bbox 1738 4473 1771 4544; x_wconf 85' lang='grc' dir='ltr'><strong>ή</strong></span> 
     </span>
    </p>
   </div>
   <div class='ocr_carea' id='block_1_86' title="bbox 1880 4473 3452 4552">
    <p class='ocr_par' dir='ltr' id='par_1_86' title="bbox 1880 4479 3452 4552">
     <span class='ocr_line' id='line_1_86' title="bbox 1880 4479 3452 4552; baseline 0.004 -22"><span class='ocrx_word' id='word_1_676' title='bbox 1880 4479 2026 4534; x_wconf 89' lang='lat' dir='ltr'><strong>tibus</strong></span> <span class='ocrx_word' id='word_1_677' title='bbox 2072 4487 2127 4534; x_wconf 88' lang='lat' dir='ltr'><strong>et</strong></span> <span class='ocrx_word' id='word_1_678' title='bbox 2160 4481 2541 4538; x_wconf 88' lang='lat' dir='ltr'><strong>materialibus</strong></span> <span class='ocrx_word' id='word_1_679' title='bbox 2571 4483 2716 4552; x_wconf 91' lang='lat' dir='ltr'><strong>quod</strong></span> <span class='ocrx_word' id='word_1_680' title='bbox 2747 4498 2907 4537; x_wconf 89' lang='lat' dir='ltr'><strong>suum</strong></span> <span class='ocrx_word' id='word_1_681' title='bbox 2954 4493 3039 4539; x_wconf 89' lang='lat' dir='ltr'><strong>est</strong></span> <span class='ocrx_word' id='word_1_682' title='bbox 3078 4484 3304 4538; x_wconf 86' lang='lat' dir='ltr'><strong>attrahit</strong></span> <span class='ocrx_word' id='word_1_683' title='bbox 3336 4485 3452 4536; x_wconf 86' lang='lat' dir='ltr'><strong>rui-</strong></span> 
     </span>
    </p>
   </div>
   <div class='ocr_carea' id='block_1_87' title="bbox 192 4563 1777 4646">
    <p class='ocr_par' dir='ltr' id='par_1_87' title="bbox 192 4563 1104 4636">
     <span class='ocr_line' id='line_1_87' title="bbox 192 4563 1104 4636; baseline -0.004 -16"><span class='ocrx_word' id='word_1_684' title='bbox 192 4566 420 4636; x_wconf 79' lang='grc' dir='ltr'>ἀλγεινὴ</span> <span class='ocrx_word' id='word_1_685' title='bbox 447 4565 685 4628; x_wconf 87' lang='grc' dir='ltr'>διάθεσις</span> <span class='ocrx_word' id='word_1_686' title='bbox 708 4563 784 4635; x_wconf 83' lang='grc' dir='ltr'>τῷ</span> <span class='ocrx_word' id='word_1_687' title='bbox 809 4564 1104 4634; x_wconf 80' lang='grc' dir='ltr'>ἑλκομένῳ.</span> 
     </span>
    </p>
   </div>
   <div class='ocr_carea' id='block_1_88' title="bbox 1880 4563 3450 4646">
    <p class='ocr_par' dir='ltr' id='par_1_88' title="bbox 1880 4569 3450 4646">
     <span class='ocr_line' id='line_1_88' title="bbox 1880 4569 3450 4646; baseline 0.004 -24"><span class='ocrx_word' id='word_1_688' title='bbox 1880 4569 1984 4624; x_wconf 90' lang='lat' dir='ltr'><strong>nis.</strong></span> <span class='ocrx_word' id='word_1_689' title='bbox 2041 4569 2149 4625; x_wconf 82' lang='lat' dir='ltr'><strong>Nec</strong></span> <span class='ocrx_word' id='word_1_690' title='bbox 2188 4572 2332 4626; x_wconf 92' lang='lat' dir='ltr'><strong>enim</strong></span> <span class='ocrx_word' id='word_1_691' title='bbox 2389 4574 2517 4629; x_wconf 87' lang='lat' dir='ltr'><strong>odio</strong></span> <span class='ocrx_word' id='word_1_692' title='bbox 2573 4589 2636 4631; x_wconf 90' lang='lat' dir='ltr'><strong>ac</strong></span> <span class='ocrx_word' id='word_1_693' title='bbox 2693 4575 3038 4630; x_wconf 70' lang='lat' dir='ltr'><strong>vindicandae</strong></span> <span class='ocrx_word' id='word_1_694' title='bbox 3099 4592 3275 4646; x_wconf 70' lang='lat' dir='ltr'><strong>pravae</strong></span> <span class='ocrx_word' id='word_1_695' title='bbox 3325 4575 3450 4629; x_wconf 80' lang='lat' dir='ltr'><strong>vitae</strong></span> 
     </span>
    </p>
   </div>
   <div class='ocr_carea' id='block_1_89' title="bbox 192 4657 3448 4736">
    <p class='ocr_par' dir='ltr' id='par_1_89' title="bbox 192 4657 3448 4736">
     <span class='ocr_line' id='line_1_89' title="bbox 192 4657 3448 4736; baseline 0.002 -21"><span class='ocrx_word' id='word_1_696' title='bbox 192 4675 385 4724; x_wconf 84' lang='lat' dir='ltr'><strong>causa,</strong></span> <span class='ocrx_word' id='word_1_697' title='bbox 431 4675 550 4714; x_wconf 88' lang='lat' dir='ltr'><strong>mea</strong></span> <span class='ocrx_word' id='word_1_698' title='bbox 591 4661 809 4730; x_wconf 90' lang='lat' dir='ltr'><strong>quidem</strong></span> <span class='ocrx_word' id='word_1_699' title='bbox 848 4659 1129 4730; x_wconf 85' lang='lat' dir='ltr'><strong>opinione,</strong></span> <span class='ocrx_word' id='word_1_700' title='bbox 1165 4657 1309 4714; x_wconf 85' lang='lat' dir='ltr'><strong>Deus</strong></span> <span class='ocrx_word' id='word_1_701' title='bbox 1378 4659 1447 4714; x_wconf 91' lang='lat' dir='ltr'><strong>iis</strong></span> <span class='ocrx_word' id='word_1_702' title='bbox 1481 4659 1574 4729; x_wconf 81' lang='lat' dir='ltr'><strong>qui</strong></span> <span class='ocrx_word' id='word_1_703' title='bbox 1648 4663 1994 4728; x_wconf 87' lang='lat' dir='ltr'><strong>peccaverint</strong></span> <span class='ocrx_word' id='word_1_704' title='bbox 2037 4664 2278 4721; x_wconf 90' lang='lat' dir='ltr'><strong>dolorem</strong></span> <span class='ocrx_word' id='word_1_705' title='bbox 2359 4667 2621 4724; x_wconf 81' lang='lat' dir='ltr'><strong>facientes</strong></span> <span class='ocrx_word' id='word_1_706' title='bbox 2678 4669 2899 4724; x_wconf 89' lang='lat' dir='ltr'><strong>adhibet</strong></span> <span class='ocrx_word' id='word_1_707' title='bbox 2960 4669 3290 4732; x_wconf 78' lang='lat' dir='ltr'><strong>aﬂ‘ectiones,</strong></span> <span class='ocrx_word' id='word_1_708' title='bbox 3357 4667 3448 4736; x_wconf 84' lang='lat' dir='ltr'><strong>qui</strong></span> 
     </span>
    </p>
   </div>
   <div class='ocr_carea' id='block_1_90' title="bbox 190 4751 3447 4828">
    <p class='ocr_par' dir='ltr' id='par_1_90' title="bbox 190 4751 3447 4828">
     <span class='ocr_line' id='line_1_90' title="bbox 190 4751 3447 4828; baseline 0.002 -21"><span class='ocrx_word' id='word_1_709' title='bbox 190 4759 246 4807; x_wconf 89' lang='lat' dir='ltr'><strong>et</strong></span> <span class='ocrx_word' id='word_1_710' title='bbox 279 4753 642 4823; x_wconf 85' lang='lat' dir='ltr'><strong>apprehendit</strong></span> <span class='ocrx_word' id='word_1_711' title='bbox 681 4760 736 4810; x_wconf 89' lang='lat' dir='ltr'><strong>et</strong></span> <span class='ocrx_word' id='word_1_712' title='bbox 774 4752 1032 4819; x_wconf 85' lang='lat' dir='ltr'><strong>vindicat,</strong></span> <span class='ocrx_word' id='word_1_713' title='bbox 1082 4759 1134 4808; x_wconf 89' lang='lat' dir='ltr'><strong>et</strong></span> <span class='ocrx_word' id='word_1_714' title='bbox 1182 4752 1247 4812; x_wconf 82' lang='lat' dir='ltr'><strong>ad</strong></span> <span class='ocrx_word' id='word_1_715' title='bbox 1293 4767 1352 4808; x_wconf 86' lang='lat' dir='ltr'><strong>se</strong></span> <span class='ocrx_word' id='word_1_716' title='bbox 1388 4751 1556 4806; x_wconf 87' lang='lat' dir='ltr'><strong>trahit</strong></span> <span class='ocrx_word' id='word_1_717' title='bbox 1605 4751 1867 4823; x_wconf 84' lang='lat' dir='ltr'><strong>quidquid</strong></span> <span class='ocrx_word' id='word_1_718' title='bbox 1899 4754 2072 4825; x_wconf 87' lang='lat' dir='ltr'><strong>ipsius</strong></span> <span class='ocrx_word' id='word_1_719' title='bbox 2126 4756 2302 4827; x_wconf 85' lang='lat' dir='ltr'><strong>gratia</strong></span> <span class='ocrx_word' id='word_1_720' title='bbox 2337 4759 2589 4828; x_wconf 88' lang='lat' dir='ltr'><strong>provenit</strong></span> <span class='ocrx_word' id='word_1_721' title='bbox 2658 4759 2714 4814; x_wconf 89' lang='lat' dir='ltr'><strong>in</strong></span> <span class='ocrx_word' id='word_1_722' title='bbox 2780 4774 2961 4816; x_wconf 90' lang='lat' dir='ltr'><strong>rerum</strong></span> <span class='ocrx_word' id='word_1_723' title='bbox 3025 4767 3312 4826; x_wconf 87' lang='lat' dir='ltr'><strong>naturam;</strong></span> <span class='ocrx_word' id='word_1_724' title='bbox 3353 4757 3447 4813; x_wconf 92' lang='lat' dir='ltr'><strong>sed</strong></span> 
     </span>
    </p>
   </div>
   <div class='ocr_carea' id='block_1_91' title="bbox 261 4937 960 5008">
    <p class='ocr_par' dir='ltr' id='par_1_91' title="bbox 261 4937 960 5008">
     <span class='ocr_line' id='line_1_91' title="bbox 261 4937 960 5008; baseline 0 -16"><span class='ocrx_word' id='word_1_725' title='bbox 261 4939 378 5008; x_wconf 84' lang='grc'>(56)</span> <span class='ocrx_word' id='word_1_726' title='bbox 409 4940 613 5005; x_wconf 85' lang='grc' dir='ltr'>”Ορον.</span> <span class='ocrx_word' id='word_1_727' title='bbox 642 4941 687 4992; x_wconf 81' lang='grc' dir='ltr'><strong>Α</strong></span> <span class='ocrx_word' id='word_1_728' title='bbox 710 4939 752 4991; x_wconf 89' lang='grc' dir='ltr'><strong>Β</strong></span> <span class='ocrx_word' id='word_1_729' title='bbox 781 4937 960 5008; x_wconf 73' lang='grc' dir='ltr'>κόρον.</span> 
     </span>
    </p>
   </div>
   <div class='ocr_carea' id='block_1_92' title="bbox 263 5007 1774 5080">
    <p class='ocr_par' dir='ltr' id='par_1_92' title="bbox 263 5007 1774 5080">
     <span class='ocr_line' id='line_1_92' title="bbox 263 5007 1774 5080; baseline -0.001 -16"><span class='ocrx_word' id='word_1_730' title='bbox 263 5011 378 5080; x_wconf 83' lang='grc'>(57)</span> <span class='ocrx_word' id='word_1_731' title='bbox 413 5011 589 5076; x_wconf 75' lang='grc' dir='ltr'><strong>Μόνῳ</strong></span> <span class='ocrx_word' id='word_1_732' title='bbox 629 5008 739 5080; x_wconf 59' lang='grc' dir='ltr'><strong>γὰρ</strong></span> <span class='ocrx_word' id='word_1_733' title='bbox 771 5007 877 5080; x_wconf 70' lang='grc' dir='ltr'>τῷ.</span> <span class='ocrx_word' id='word_1_734' title='bbox 897 5015 1001 5062; x_wconf 88' lang='lat' dir='ltr'><strong>etc.</strong></span> <span class='ocrx_word' id='word_1_735' title='bbox 1045 5007 1085 5060; x_wconf 90' lang='grc' dir='ltr'><strong>Β</strong></span> <span class='ocrx_word' id='word_1_736' title='bbox 1116 5008 1274 5080; x_wconf 58' lang='grc' dir='ltr'>μόνον</span> <span class='ocrx_word' id='word_1_737' title='bbox 1314 5008 1424 5080; x_wconf 80' lang='grc' dir='ltr'>γὰρ</span> <span class='ocrx_word' id='word_1_738' title='bbox 1447 5008 1508 5062; x_wconf 81' lang='grc' dir='ltr'>τὸ</span> <span class='ocrx_word' id='word_1_739' title='bbox 1531 5007 1774 5063; x_wconf 75' lang='grc' dir='ltr'>ἐναντίον</span> 
     </span>
    </p>
   </div>
   <div class='ocr_carea' id='block_1_93' title="bbox 186 5077 1279 5150">
    <p class='ocr_par' dir='ltr' id='par_1_93' title="bbox 186 5077 1279 5150">
     <span class='ocr_line' id='line_1_93' title="bbox 186 5077 1279 5150; baseline 0 -18"><span class='ocrx_word' id='word_1_740' title='bbox 186 5081 270 5150; x_wconf 83' lang='grc' dir='ltr'>τῷ</span> <span class='ocrx_word' id='word_1_741' title='bbox 291 5077 441 5150; x_wconf 86' lang='grc' dir='ltr'>καλῷ</span> <span class='ocrx_word' id='word_1_742' title='bbox 461 5077 826 5150; x_wconf 62' lang='grc' dir='ltr'>περατοῦται.</span> <span class='ocrx_word' id='word_1_743' title='bbox 930 5077 1279 5149; x_wconf 82' lang='grc' dir='ltr'>περατοῦται.</span> 
     </span>
    </p>
   </div>
   <div class='ocr_carea' id='block_1_94' title="bbox 262 5145 918 5289">
    <p class='ocr_par' dir='ltr' id='par_1_94' title="bbox 262 5145 918 5289">
     <span class='ocr_line' id='line_1_94' title="bbox 262 5145 918 5215; baseline -0.009 -10"><span class='ocrx_word' id='word_1_744' title='bbox 262 5151 354 5215; x_wconf 87' lang='grc'>(58</span> <span class='ocrx_word' id='word_1_745' title='bbox 405 5145 488 5203; x_wconf 79' lang='grc' dir='ltr'><strong>Οὗ</strong></span> <span class='ocrx_word' id='word_1_746' title='bbox 517 5145 605 5203; x_wconf 69' lang='grc' dir='ltr'>δέ.</span> <span class='ocrx_word' id='word_1_747' title='bbox 633 5150 678 5200; x_wconf 81' lang='grc' dir='ltr'><strong>Α</strong></span> <span class='ocrx_word' id='word_1_748' title='bbox 707 5149 747 5199; x_wconf 94' lang='grc' dir='ltr'><strong>Β</strong></span> <span class='ocrx_word' id='word_1_749' title='bbox 778 5146 918 5200; x_wconf 78' lang='grc' dir='ltr'>οὐδέ.</span> 
     </span>
     <span class='ocr_line' id='line_1_95' title="bbox 263 5151 918 5289; baseline -0.002 -19"><span class='ocrx_word' id='word_1_750' title='bbox 263 5151 375 5289; x_wconf 61' lang='grc'>(39)</span> <span class='ocrx_word' id='word_1_751' title='bbox 408 5221 867 5289; x_wconf 61' lang='grc' dir='ltr'>Προελεύσετςιι.</span> <span class='ocrx_word' id='word_1_752' title='bbox 901 5218 918 5289; x_wconf 88' lang='lat' dir='ltr'><strong>l_</strong></span> 
     </span>
    </p>
   </div>
   <div class='ocr_carea' id='block_1_95' title="bbox 1971 4938 3124 5010">
    <p class='ocr_par' dir='ltr' id='par_1_95' title="bbox 1971 4938 3124 5010">
     <span class='ocr_line' id='line_1_96' title="bbox 1971 4938 3124 5010; baseline -0.003 -14"><span class='ocrx_word' id='word_1_753' title='bbox 1971 4939 2060 5003; x_wconf 88' lang='grc'><strong>45)</strong></span> <span class='ocrx_word' id='word_1_754' title='bbox 2088 4941 2192 5005; x_wconf 76' lang='grc' dir='ltr'><strong>Εἰς</strong></span> <span class='ocrx_word' id='word_1_755' title='bbox 2211 4938 2656 5010; x_wconf 28' lang='grc' dir='ltr'>τὴν...ισχέσιν.</span> <span class='ocrx_word' id='word_1_756' title='bbox 2689 4940 2731 4992; x_wconf 91' lang='grc' dir='ltr'><strong>Β</strong></span> <span class='ocrx_word' id='word_1_757' title='bbox 2755 4942 2892 5010; x_wconf 82' lang='grc' dir='ltr'>τῇ...</span> <span class='ocrx_word' id='word_1_758' title='bbox 2922 4938 3124 5009; x_wconf 83' lang='grc' dir='ltr'>σχέσει.</span> 
     </span>
    </p>
   </div>
   <div class='ocr_carea' id='block_1_96' title="bbox 1971 5008 2897 5081">
    <p class='ocr_par' dir='ltr' id='par_1_96' title="bbox 1971 5008 2897 5081">
     <span class='ocr_line' id='line_1_97' title="bbox 1971 5008 2897 5081; baseline 0 -17"><span class='ocrx_word' id='word_1_759' title='bbox 1971 5012 2059 5073; x_wconf 85' lang='grc'><strong>44)</strong></span> <span class='ocrx_word' id='word_1_760' title='bbox 2089 5008 2432 5081; x_wconf 73' lang='grc' dir='ltr'>Καταπαρῇ.</span> <span class='ocrx_word' id='word_1_761' title='bbox 2467 5009 2506 5060; x_wconf 91' lang='grc' dir='ltr'><strong>Β</strong></span> <span class='ocrx_word' id='word_1_762' title='bbox 2533 5008 2897 5081; x_wconf 78' lang='grc' dir='ltr'>καταπαρέίη.</span> 
     </span>
    </p>
   </div>
   <div class='ocr_carea' id='block_1_97' title="bbox 1948 5080 2420 5150">
    <p class='ocr_par' dir='ltr' id='par_1_97' title="bbox 1948 5080 2420 5150">
     <span class='ocr_line' id='line_1_98' title="bbox 1948 5080 2420 5150; baseline 0 -17"><span class='ocrx_word' id='word_1_763' title='bbox 1948 5081 2061 5150; x_wconf 74' lang='grc'>(45)</span> <span class='ocrx_word' id='word_1_764' title='bbox 2095 5080 2320 5150; x_wconf 42' lang='grc' dir='ltr'><strong>ΤιναηΒ</strong></span> <span class='ocrx_word' id='word_1_765' title='bbox 2348 5096 2420 5134; x_wconf 81' lang='grc' dir='ltr'><strong>τι.</strong></span> 
     </span>
    </p>
   </div>
   <div class='ocr_carea' id='block_1_98' title="bbox 1947 5147 2603 5220">
    <p class='ocr_par' dir='ltr' id='par_1_98' title="bbox 1947 5147 2603 5220">
     <span class='ocr_line' id='line_1_99' title="bbox 1947 5147 2603 5220; baseline 0 0"><span class='ocrx_word' id='word_1_766' title='bbox 1947 5147 2059 5220; x_wconf 75' lang='grc' dir='ltr'><strong>μδ)</strong></span> <span class='ocrx_word' id='word_1_767' title='bbox 2093 5148 2166 5220; x_wconf 66' lang='grc' dir='ltr'>τὸ</span> <span class='ocrx_word' id='word_1_768' title='bbox 2189 5147 2293 5216; x_wconf 74' lang='grc' dir='ltr'>μή.</span> <span class='ocrx_word' id='word_1_769' title='bbox 2332 5150 2374 5200; x_wconf 85' lang='lat' dir='ltr'><strong>B</strong></span> <span class='ocrx_word' id='word_1_770' title='bbox 2509 5150 2603 5220; x_wconf 71' lang='grc' dir='ltr'><strong>μή.</strong></span> 
     </span>
    </p>
   </div>
   <div class='ocr_carea' id='block_1_99' title="bbox 263 5216 2896 5288">
    <p class='ocr_par' dir='ltr' id='par_1_99' title="bbox 263 5216 2896 5288">
     <span class='ocr_line' id='line_1_100' title="bbox 263 5216 2896 5288; baseline 0 -18"><span class='ocrx_word' id='word_1_771' title='bbox 263 5216 374 5288; x_wconf 76' lang='grc'>(39)</span> <span class='ocrx_word' id='word_1_772' title='bbox 408 5221 867 5288; x_wconf 69' lang='grc' dir='ltr'>Προελεύσετᾳι.</span> <span class='ocrx_word' id='word_1_773' title='bbox 901 5218 943 5288; x_wconf 82' lang='grc' dir='ltr'><strong>Β</strong></span> <span class='ocrx_word' id='word_1_774' title='bbox 970 5216 1408 5285; x_wconf 84' lang='grc' dir='ltr'>προσελεύσεται.</span> <span class='ocrx_word' id='word_1_775' title='bbox 1946 5216 2058 5288; x_wconf 80' lang='grc'>(47)</span> <span class='ocrx_word' id='word_1_776' title='bbox 2101 5216 2581 5288; x_wconf 64' lang='grc' dir='ltr'>ἘγευρεθεῖσιξΒ</span> <span class='ocrx_word' id='word_1_777' title='bbox 2609 5217 2896 5288; x_wconf 80' lang='grc' dir='ltr'>εὑρεθεῖσι.</span> 
     </span>
    </p>
   </div>
   <div class='ocr_carea' id='block_1_100' title="bbox 262 5285 2752 5360">
    <p class='ocr_par' dir='ltr' id='par_1_100' title="bbox 262 5285 2752 5360">
     <span class='ocr_line' id='line_1_101' title="bbox 262 5285 2752 5360; baseline 0 -16"><span class='ocrx_word' id='word_1_778' title='bbox 262 5285 374 5360; x_wconf 85' lang='grc'>(40)</span> <span class='ocrx_word' id='word_1_779' title='bbox 402 5288 746 5360; x_wconf 55' lang='grc' dir='ltr'>Μιμήματτέ.</span> <span class='ocrx_word' id='word_1_780' title='bbox 862 5287 1102 5360; x_wconf 58' lang='grc' dir='ltr'>μίμημα.</span> <span class='ocrx_word' id='word_1_781' title='bbox 1326 5358 1337 5360; x_wconf 27' lang='grc' dir='ltr'><strong>Α</strong></span> <span class='ocrx_word' id='word_1_782' title='bbox 1466 5359 1474 5360; x_wconf 17' lang='lat'><em>7</em></span> <span class='ocrx_word' id='word_1_783' title='bbox 1947 5285 2058 5360; x_wconf 73' lang='grc'>(48)</span> <span class='ocrx_word' id='word_1_784' title='bbox 2097 5286 2181 5360; x_wconf 70' lang='grc' dir='ltr'><strong>Τῷ</strong></span> <span class='ocrx_word' id='word_1_785' title='bbox 2205 5285 2519 5360; x_wconf 31' lang='grc' dir='ltr'>χώματι-.-Λ</span> <span class='ocrx_word' id='word_1_786' title='bbox 2551 5289 2608 5360; x_wconf 78' lang='grc' dir='ltr'><strong>έν</strong></span> <span class='ocrx_word' id='word_1_787' title='bbox 2631 5285 2686 5360; x_wconf 60' lang='grc' dir='ltr'><strong>τί</strong></span> <span class='ocrx_word' id='word_1_788' title='bbox 2703 5305 2752 5356; x_wconf 88' lang='grc' dir='ltr'><strong>χ.</strong></span> 
     </span>
    </p>
   </div>
   <div class='ocr_carea' id='block_1_101' title="bbox 260 5356 1777 5428">
    <p class='ocr_par' dir='ltr' id='par_1_101' title="bbox 260 5356 1772 5428">
     <span class='ocr_line' id='line_1_102' title="bbox 260 5356 1772 5428; baseline 0.002 -18"><span class='ocrx_word' id='word_1_789' title='bbox 260 5356 372 5420; x_wconf 74' lang='grc'>(41)</span> <span class='ocrx_word' id='word_1_790' title='bbox 392 5356 590 5428; x_wconf 73' lang='grc' dir='ltr'>Τύχῃ.</span> <span class='ocrx_word' id='word_1_791' title='bbox 624 5359 668 5410; x_wconf 84' lang='grc' dir='ltr'><strong>Α</strong></span> <span class='ocrx_word' id='word_1_792' title='bbox 698 5358 740 5408; x_wconf 91' lang='grc' dir='ltr'><strong>Β</strong></span> <span class='ocrx_word' id='word_1_793' title='bbox 764 5356 936 5428; x_wconf 87' lang='grc' dir='ltr'>τύχοι.</span> <span class='ocrx_word' id='word_1_794' title='bbox 973 5356 1234 5428; x_wconf 74' lang='lat' dir='ltr'><strong>(_3_:eter_um</strong></span> <span class='ocrx_word' id='word_1_795' title='bbox 1277 5358 1341 5414; x_wconf 88' lang='lat' dir='ltr'><strong>ad</strong></span> <span class='ocrx_word' id='word_1_796' title='bbox 1367 5359 1550 5424; x_wconf 86' lang='lat' dir='ltr'><strong>verba,</strong></span> <span class='ocrx_word' id='word_1_797' title='bbox 1579 5358 1694 5412; x_wconf 78' lang='grc' dir='ltr'>ἀλλ’</span> <span class='ocrx_word' id='word_1_798' title='bbox 1723 5361 1772 5413; x_wconf 85' lang='grc' dir='ltr'><strong>εί</strong></span> 
     </span>
    </p>
   </div>
   <div class='ocr_carea' id='block_1_102' title="bbox 1880 5356 2731 5428">
    <p class='ocr_par' dir='ltr' id='par_1_102' title="bbox 1947 5356 2731 5428">
     <span class='ocr_line' id='line_1_103' title="bbox 1947 5356 2731 5428; baseline -0.003 -16"><span class='ocrx_word' id='word_1_799' title='bbox 1947 5356 2059 5428; x_wconf 76' lang='grc'>(49)</span> <span class='ocrx_word' id='word_1_800' title='bbox 2106 5358 2330 5428; x_wconf 58' lang='grc' dir='ltr'>Ὀσιξας.</span> <span class='ocrx_word' id='word_1_801' title='bbox 2357 5359 2398 5408; x_wconf 87' lang='grc' dir='ltr'><strong>Β</strong></span> <span class='ocrx_word' id='word_1_802' title='bbox 2429 5358 2528 5420; x_wconf 78' lang='grc' dir='ltr'><strong>τῆς</strong></span> <span class='ocrx_word' id='word_1_803' title='bbox 2559 5358 2731 5428; x_wconf 75' lang='grc' dir='ltr'>ὁσίας.</span> 
     </span>
    </p>
   </div>
   <div class='ocr_carea' id='block_1_103' title="bbox 191 5424 1777 5499">
    <p class='ocr_par' dir='ltr' id='par_1_103' title="bbox 191 5424 1765 5499">
     <span class='ocr_line' id='line_1_104' title="bbox 191 5424 1765 5499; baseline 0 -18"><span class='ocrx_word' id='word_1_804' title='bbox 191 5428 292 5497; x_wconf 80' lang='grc' dir='ltr'>μὲν</span> <span class='ocrx_word' id='word_1_805' title='bbox 315 5424 603 5499; x_wconf 58' lang='grc' dir='ltr'><strong>κούφηξῖιι</strong></span> <span class='ocrx_word' id='word_1_806' title='bbox 635 5424 1105 5499; x_wconf 70' lang='lat' dir='ltr'><strong>marginecodicis</strong></span> <span class='ocrx_word' id='word_1_807' title='bbox 1137 5426 1318 5499; x_wconf 80' lang='lat' dir='ltr'><strong>Bhch</strong></span> <span class='ocrx_word' id='word_1_808' title='bbox 1352 5439 1502 5499; x_wconf 87' lang='lat' dir='ltr'><strong>erant</strong></span> <span class='ocrx_word' id='word_1_809' title='bbox 1533 5439 1714 5484; x_wconf 83' lang='lat' dir='ltr'><strong>notata</strong></span> <span class='ocrx_word' id='word_1_810' title='bbox 1752 5446 1765 5481; x_wconf 86' lang='lat'><strong>:</strong></span> 
     </span>
    </p>
   </div>
   <div class='ocr_carea' id='block_1_104' title="bbox 1880 5424 3221 5499">
    <p class='ocr_par' dir='ltr' id='par_1_104' title="bbox 1945 5424 3221 5499">
     <span class='ocr_line' id='line_1_105' title="bbox 1945 5424 3221 5499; baseline 0.002 -19"><span class='ocrx_word' id='word_1_811' title='bbox 1945 5424 2056 5497; x_wconf 82' lang='lat'><strong>(50)</strong></span> <span class='ocrx_word' id='word_1_812' title='bbox 2100 5427 2481 5499; x_wconf 53' lang='grc' dir='ltr'><strong>Ἐςρέᾆκηςαι.</strong></span> <span class='ocrx_word' id='word_1_813' title='bbox 2503 5429 2552 5499; x_wconf 41' lang='grc' dir='ltr'><strong>-ᾼ</strong></span> <span class='ocrx_word' id='word_1_814' title='bbox 2583 5425 2892 5499; x_wconf 75' lang='grc' dir='ltr'>ἐφέλκεται.</span> <span class='ocrx_word' id='word_1_815' title='bbox 2925 5426 2966 5478; x_wconf 87' lang='grc' dir='ltr'><strong>Β</strong></span> <span class='ocrx_word' id='word_1_816' title='bbox 2998 5425 3221 5498; x_wconf 79' lang='grc' dir='ltr'>ἐφέλκῃ.</span> 
     </span>
    </p>
   </div>
   <div class='ocr_carea' id='block_1_105' title="bbox 196 5494 2707 5570">
    <p class='ocr_par' dir='ltr' id='par_1_105' title="bbox 196 5494 2707 5570">
     <span class='ocr_line' id='line_1_106' title="bbox 196 5494 2707 5570; baseline -0.001 -17"><span class='ocrx_word' id='word_1_817' title='bbox 196 5494 256 5570; x_wconf 70' lang='grc' dir='ltr'><em>Ὦ</em></span> <span class='ocrx_word' id='word_1_818' title='bbox 276 5494 543 5570; x_wconf 74' lang='grc' dir='ltr'>μακάριος</span> <span class='ocrx_word' id='word_1_819' title='bbox 568 5494 850 5570; x_wconf 80' lang='grc' dir='ltr'>Γερμανὸς</span> <span class='ocrx_word' id='word_1_820' title='bbox 871 5494 1096 5549; x_wconf 78' lang='grc' dir='ltr'>ώὸέλισε</span> <span class='ocrx_word' id='word_1_821' title='bbox 1124 5496 1286 5566; x_wconf 74' lang='grc' dir='ltr'>μέρος</span> <span class='ocrx_word' id='word_1_822' title='bbox 1304 5498 1414 5556; x_wconf 84' lang='grc' dir='ltr'><strong>τῶν</strong></span> <span class='ocrx_word' id='word_1_823' title='bbox 1437 5499 1768 5570; x_wconf 81' lang='grc' dir='ltr'>ἔμπροσθεν,</span> <span class='ocrx_word' id='word_1_824' title='bbox 1945 5494 2058 5570; x_wconf 67' lang='lat' dir='ltr'><strong>(5i)</strong></span> <span class='ocrx_word' id='word_1_825' title='bbox 2084 5494 2177 5570; x_wconf 72' lang='grc' dir='ltr'><strong>Οὐ</strong></span> <span class='ocrx_word' id='word_1_826' title='bbox 2365 5497 2551 5570; x_wconf 41' lang='lat' dir='ltr'><strong>[1065‘s</strong></span> <span class='ocrx_word' id='word_1_827' title='bbox 2580 5497 2707 5565; x_wconf 85' lang='grc' dir='ltr'>γάρ.</span> 
     </span>
    </p>
   </div>
   <div class='ocr_carea' id='block_1_106' title="bbox 190 5565 1777 5636">
    <p class='ocr_par' dir='ltr' id='par_1_106' title="bbox 190 5565 1567 5636">
     <span class='ocr_line' id='line_1_107' title="bbox 190 5565 1567 5636; baseline 0.001 -16"><span class='ocrx_word' id='word_1_828' title='bbox 190 5565 437 5631; x_wconf 72' lang='grc' dir='ltr'>ῶς⁷νόθαζ</span> <span class='ocrx_word' id='word_1_829' title='bbox 644 5565 657 5570; x_wconf 99' lang='grc'><strong>⁷</strong></span> <span class='ocrx_word' id='word_1_830' title='bbox 688 5565 696 5567; x_wconf 70' lang='grc'><strong>⁷</strong></span> <span class='ocrx_word' id='word_1_831' title='bbox 732 5634 750 5636; x_wconf 19' lang='grc' dir='ltr'><em>Α</em></span> <span class='ocrx_word' id='word_1_832' title='bbox 1128 5565 1131 5566; x_wconf 52' lang='grc'><strong>⁷</strong></span> <span class='ocrx_word' id='word_1_833' title='bbox 1470 5565 1481 5570; x_wconf 94' lang='grc'><strong>⁷</strong></span> <span class='ocrx_word' id='word_1_834' title='bbox 1557 5565 1567 5570; x_wconf 95' lang='grc'><strong>⁷</strong></span> 
     </span>
    </p>
   </div>
   <div class='ocr_carea' id='block_1_107' title="bbox 1880 5565 2622 5636">
    <p class='ocr_par' dir='ltr' id='par_1_107' title="bbox 1945 5565 2622 5636">
     <span class='ocr_line' id='line_1_108' title="bbox 1945 5565 2622 5636; baseline -0.004 -15"><span class='ocrx_word' id='word_1_835' title='bbox 1945 5569 2059 5636; x_wconf 73' lang='lat'><strong>(52)</strong></span> <span class='ocrx_word' id='word_1_836' title='bbox 2102 5567 2164 5618; x_wconf 83' lang='grc' dir='ltr'><strong><em>Ὀ</em></strong></span> <span class='ocrx_word' id='word_1_837' title='bbox 2199 5569 2351 5636; x_wconf 67' lang='grc' dir='ltr'>θεός</span> <span class='ocrx_word' id='word_1_838' title='bbox 2383 5566 2422 5618; x_wconf 77' lang='grc' dir='ltr'><strong>Β</strong></span> <span class='ocrx_word' id='word_1_839' title='bbox 2461 5565 2622 5636; x_wconf 86' lang='lat' dir='ltr'><strong>delet.</strong></span> 
     </span>
    </p>
   </div>
   <div class='ocr_carea' id='block_1_108' title="bbox 251 5634 3148 5710">
    <p class='ocr_par' dir='ltr' id='par_1_108' title="bbox 251 5634 3148 5710">
     <span class='ocr_line' id='line_1_109' title="bbox 251 5634 3148 5710; baseline -0.002 -17"><span class='ocrx_word' id='word_1_840' title='bbox 251 5639 357 5708; x_wconf 72' lang='grc'>(42)</span> <span class='ocrx_word' id='word_1_841' title='bbox 379 5637 571 5709; x_wconf 80' lang='grc' dir='ltr'>Αὐτῇ.</span> <span class='ocrx_word' id='word_1_842' title='bbox 612 5637 657 5689; x_wconf 89' lang='grc' dir='ltr'><strong>Β</strong></span> <span class='ocrx_word' id='word_1_843' title='bbox 687 5634 846 5705; x_wconf 80' lang='grc' dir='ltr'>αὕτη.</span> <span class='ocrx_word' id='word_1_844' title='bbox 1943 5634 2056 5709; x_wconf 78' lang='grc'>(55)</span> <span class='ocrx_word' id='word_1_845' title='bbox 2099 5635 2456 5691; x_wconf 75' lang='grc' dir='ltr'>Ἐπισπᾶται</span> <span class='ocrx_word' id='word_1_846' title='bbox 2484 5635 2599 5705; x_wconf 75' lang='grc' dir='ltr'><strong>τὴν</strong></span> <span class='ocrx_word' id='word_1_847' title='bbox 2619 5640 2694 5708; x_wconf 71' lang='grc' dir='ltr'>ψ.</span> <span class='ocrx_word' id='word_1_848' title='bbox 2724 5639 2764 5691; x_wconf 88' lang='grc' dir='ltr'><strong>Β</strong></span> <span class='ocrx_word' id='word_1_849' title='bbox 2790 5656 2842 5694; x_wconf 90' lang='grc' dir='ltr'><strong>τ.</strong></span> <span class='ocrx_word' id='word_1_850' title='bbox 2865 5637 2926 5710; x_wconf 78' lang='grc' dir='ltr'><strong>ψ.</strong></span> <span class='ocrx_word' id='word_1_851' title='bbox 2957 5637 3148 5690; x_wconf 77' lang='grc' dir='ltr'>ὲπισπ.</span> 
     </span>
    </p>
   </div>
  </div>
