3950 6132
521 218 588 275 99
1787 226 1845 282 S.
1886 225 2211 286 GREGORII
2243 224 2537 282 NYSSENI
3662 228 3772 282 100

518 331 610 386 ille
657 330 879 402 quidem
920 334 1144 391 meliore
1190 337 1374 393 animo
1419 345 1585 410 atque
1616 342 1852 398 consilio
1886 345 1955 400 ad
1983 361 2120 407 sese.
2161 342 2256 413 qui
2297 343 2480 398 omnis
2509 339 2862 399 beatitudinis
2890 341 3014 393 fons
3055 343 3160 403 θεῖ,
3226 337 3460 393 animam
3496 338 3761 398 auflhilz

515 441 580 480 ex
619 428 948 484 necessitate
991 438 1172 486 autem
1229 433 1279 487 ei
1329 434 1474 503 quod
1509 437 1804 493 attrahitur
1849 441 2048 496 accidit
2113 439 2204 495 illa
2283 437 2490 494 “lectio
2519 435 2739 492 acerba.
2874 513 2876 515 γ

587 515 668 566 Ac
720 515 1180 583 quemadmodum
1212 519 1310 585 illi,
1341 524 1434 590 qui
1491 539 1628 579 auro
1681 529 1965 584 materiam
1990 530 2049 582 in

2159 578 2163 589 _
2263 527 2374 582 Καὶ
2404 526 2586 596 ὥσπερ
2621 525 2723 597 τὴν
2746 519 3109 591 ἐμμιχθεῖσαν
3135 518 3214 590 τῷ
3243 521 3450 592 χρυσίῳ
3479 518 3593 590 (54)
3627 519 3765 592 ὕλην

518 600 736 658 mistam
766 622 867 676 per
900 607 1078 678 ignem
1128 619 1452 681 expurgant,
1499 630 1609 669 non
1655 617 1831 672 solum
1866 619 1920 674 id
1947 633 2049 690 quo

2193 620 2243 673 oi
2281 619 2369 673 διὰ
2396 615 2566 687 πυρὸς
2614 611 3038 683 ἐκκαθαροῦντες
3067 612 3178 681 (55)
3219 613 3279 664 οὐ
3316 611 3476 682 μόνον
3505 611 3565 665 τὸ
3611 611 3770 667 νόθον

515 693 880 750 adulterinum
940 705 1025 754 est
1083 699 1212 769 igne
1266 703 1662 773 liquefaciunt,
1714 709 1809 766 sed
1870 710 2049 765 omnin

2192 711 2270 782 τῷ
2283 705 2425 777 πυρὶ
2453 709 2726 778 τήκουσιν,
2761 704 2896 758 ἀλλὰ
2924 703 3064 759 κατά
3093 707 3271 758 πᾶσαν
3301 704 3545 776 ἀνάγκην
3577 704 3676 758 καὶ
3699 704 3767 758 τὸ

515 788 887 842 necessarium
925 799 1031 853 est,
1067 801 1124 844 ut
1162 807 1360 862 purum
1392 811 1612 867 quoque
1642 815 1749 855 una
1787 817 1908 858 cum
1939 803 2044 858 adu

2191 795 2420 866 καθαρὸν
2434 797 2512 866 τῷ
2533 795 2769 867 κιϐδήλῳ
2793 796 3282 866 συγκατατήκεται,
3305 795 3557 849 κάκείνου
3569 796 3626 850 δὲ
3641 796 3762 867 (56)

515 876 710 942 terino,
750 877 997 948 improbo
1029 887 1194 950 atque
1217 894 1476 956 corrupto
1505 888 1766 958 liquebat,
1797 899 1960 962 atque
1990 893 2049 948 bc

2178 886 2568 964 δαπανωμένου
2593 887 2752 940 τοῦτο
2778 887 2930 957 μένει
2949 903 2964 919 ·
3003 886 3146 940 οὔτω
3185 887 3280 941 καὶ
3314 889 3414 958 τῆς
3450 888 3650 951 κακίας
3679 888 3764 958 τῷ

511 976 837 1038 consumpto
861 969 994 1024 illud
1019 984 1267 1030 maneat:
1291 977 1479 1032 eodem
1509 981 1671 1036 modo
1691 983 1850 1053 plane
1867 997 2090 1041 necesse

511 1068 614 1125 est,
652 1067 711 1113 ut
743 1059 871 1114 dum
912 1061 1187 1120 vitiositas
1245 1071 1562 1139 purgatorio
1595 1073 1707 1142 lgni
1757 1074 2075 1130 absumitur.

509 1151 692 1203 anima
734 1166 971 1222 quoque,
1007 1171 1130 1226 quae
1176 1173 1300 1213 cum
1349 1162 1648 1220 vitiositate
1696 1167 1846 1220 unita
1879 1177 1980 1234 est,
2019 1165 2074 1216 in

513 1244 636 1312 igne
654 1242 746 1306 sit,
771 1244 947 1300 donec
981 1247 1033 1300 id
1062 1250 1206 1318 quod
1238 1252 1548 1322 inspersum
1587 1265 1670 1312 est
1696 1258 2070 1318 adulteriﬂlm.

509 1333 794 1386 tnaterialc
831 1342 997 1404 atque
1029 1337 1268 1395 fucatum
1310 1349 1362 1396 et
1396 1356 1712 1414 corruptum
1744 1354 1905 1402 totum
1941 1341 2074 1395 abo-

508 1418 686 1472 lcatnr
746 1422 872 1491 igne
906 1437 1316 1496 consumptum.
1369 1431 1500 1485 ltem
1529 1426 1974 1502 quemadtIOdum
2024 1428 2072 1482 Si

503 1509 592 1562 cui
625 1509 869 1568 funiculo
900 1513 1071 1567 lutum
1105 1519 1351 1574 tenacius
1381 1521 1599 1589 penitus
1643 1515 2067 1581 circumlinatur.

503 1599 709 1656 deinde
754 1619 850 1672 per
904 1607 1173 1674 quoddam
1222 1619 1514 1680 angustum
1567 1613 1798 1666 forﬂnen
1854 1608 2067 1662 initium

502 1689 648 1746 funis
693 1693 1017 1764 trajiciatur,
1068 1711 1132 1753 ac
1189 1702 1459 1757 violenter
1508 1697 1696 1764 aliqUiS
1730 1697 2002 1754 introrsus
2037 1715 2068 1754 ει

2177 977 2458 1048 ἀκοιμήτῳ
2484 977 2593 1048 (57)
2626 978 2756 1050 πυρὶ
2782 978 3205 1050 δαπανωμένης,
3242 979 3455 1049 ἀνάγκη
3483 981 3632 1033 πᾶσα
3661 981 3762 1034 καὶ

2175 1067 2274 1141 τὴν
2325 1070 2618 1124 ἐνωθεῖσαν
2671 1071 2806 1141 αὐτῇ
2842 1071 3018 1143 ψυχὴν
3067 1072 3124 1124 ἐν
3167 1070 3244 1141 τῷ
3291 1071 3423 1142 πυρὶ
3473 1067 3652 1136 εἶναι,
3678 1071 3760 1134 ὡς

2176 1160 2372 1230 ἀν(58)
2400 1161 2460 1215 τὸ
2482 1163 2933 1233 κατεσπαρμένον
2985 1162 3138 1216 νόθον
3168 1163 3261 1215 καὶ
3289 1162 3508 1226 ὑλῶδες,
3539 1162 3632 1216 καὶ
3669 1163 3761 1215 κί-

2179 1252 2371 1322 ὅδηλον
2404 1253 2731 1324 ἀπαναλωθῇ
2759 1253 2871 1326 (59)
2897 1253 2974 1325 τῷ
3003 1252 3202 1324 αἰωνίῳ
3218 1252 3329 1323 (60)
3357 1254 3489 1323 πυρὶ
3503 1252 3755 1307 δαπανώ-

2175 1361 2354 1414 μενον.
2396 1346 2507 1398 Καὶ
2548 1344 2798 1413 καθάπερ
2828 1345 2882 1398 εί
2905 1360 3009 1398 τινι
3050 1344 3268 1416 σχοινίῳ
3297 1344 3465 1415 πηλὸς
3491 1344 3599 1398 τῶν
3626 1344 3755 1398 κολ-

2170 1432 2513 1505 λωδεστέρων
2541 1434 2628 1488 διὰ
2657 1434 2855 1504 βάθους
2887 1432 3281 1505 περιπλασθείη
3304 1473 3319 1496 ,
3347 1430 3466 1487 εἶτα
3491 1433 3580 1488 διά
3607 1451 3755 1499 τινος

2168 1521 2365 1575 λεπτοῦ
2404 1524 2731 1594 χωρήματος
2761 1525 2795 1594 ή
2838 1523 2980 1596 ἀρχὴ
3017 1521 3324 1593 διεξαχθείη
3364 1523 3465 1594 τῆς
3498 1522 3708 1593 σχοίνου
3731 1565 3749 1586 ,

2169 1615 2261 1668 καὶ
2294 1615 2483 1685 βιαίως
2511 1615 2622 1686 (61)
2664 1633 2748 1680 τις
2778 1616 2869 1668 ἐπὶ
2903 1615 2971 1669 τὰ
3014 1615 3166 1678 ἐντὸς
3215 1615 3280 1668 ἐκ
3317 1613 3411 1668 τοῦ
3457 1614 3624 1686 ἄκρου
3648 1615 3751 1686 τὴν

2170 1709 2376 1776 σχοῖνον
2406 1707 2714 1776 ἐφέλκοιτο,
2747 1708 2958 1779 ἀνάγκη
2986 1709 3136 1761 πᾶσα
3163 1705 3260 1778 τὴν
3291 1707 3390 1776 μὲν
3418 1705 3644 1760 ἕπεσθαι
3669 1706 3750 1776 τῷ

501 1784 812 1840 summitate
851 1787 1032 1844 funem
1061 1793 1335 1856 attrahat,
1377 1795 1591 1848 omnino
1624 1804 1847 1846 necesse
1882 1801 1964 1848 est
2009 1810 2049 1847 u

2175 1796 2541 1867 ἐπισπωμένῳ
2561 1837 2576 1860 ,
2608 1797 2701 1851 τὸν
2742 1796 2800 1850 δὲ
2845 1793 3303 1867 παραπλασθέντα
3336 1792 3446 1863 (62)
3481 1792 3651 1864 πηλὸν
3684 1793 3752 1846 ἐκ

503 1872 650 1929 funis
696 1877 919 1945 quidem
978 1893 1243 1950 sequatur
1303 1885 1679 1948 attrahenlem,
1719 1881 1888 1936 lutum
1938 1899 2049 1940 vett

2175 1886 2275 1958 τῆς
2304 1859 2480 1959 βιαίας
2511 1859 2674 1960 όλκῆς
2705 1888 2808 1952 ἔξω
2829 1859 3245 1958 τῆςτρυμαλιᾶς
3267 1859 3446 1956 μένειν
3597 1884 3747 1954 σχοίέ

500 1967 870 2024 circumlitutn
912 1987 978 2027 ex
1025 1975 1264 2048 violenta
1315 1970 1573 2032 motione
1623 1980 1775 2028 extra
1822 1974 2049 2034 foramer

2169 1997 2259 2035 νου
2305 1981 2694 2052 ἀποξυόμενον,
2729 1981 2824 2035 καὶ
2860 1981 3029 2034 αἴτιον
3070 1980 3204 2051 αὐτῇ
3235 1977 3479 2048 γίνεσθαι
3507 1977 3619 2049 (65)
3648 1976 3746 2031 τοῦ

499 2071 740 2131 maneat,
788 2079 818 2118 a
859 2065 988 2123 fune
1024 2068 1298 2127 detersum
1331 2073 1384 2120 ει
1409 2066 1688 2132 abras'lm.
1719 2068 1876 2140 eique
1902 2087 2049 2129 caus:

2169 2072 2244 2144 μὴ
2280 2071 2589 2126 εὐοδοῦσθαι
2628 2072 2770 2126 κατὰ
2801 2072 2900 2144 τὴν
2931 2072 3183 2144 πάροδον,
3219 2071 3356 2125 ἀλλά
3395 2069 3574 2142 βιαίαν
3607 2070 3746 2124 ὑπο-

498 2155 736 2222 cxsistit,
799 2166 860 2210 ut
919 2173 1044 2212 cum
1101 2176 1166 2216 co
1215 2163 1267 2210 in
1323 2158 1559 2212 transitu
1614 2174 1721 2213 non
1785 2164 2049 2218 commodt

2169 2161 2352 2232 μένειν
2381 2162 2446 2216 ἐκ
2471 2161 2561 2216 τοῦ
2593 2163 2954 2234 ἐφελκομένου
2980 2161 3076 2235 τὴν
3110 2161 3286 2216 τάσινο
3313 2159 3551 2214 τοιοῦτόν
3570 2159 3624 2214 τί
3652 2177 3745 2231 μοι

498 2254 710 2314 agatur,
756 2247 852 2302 sed
889 2249 1176 2303 violentam
1222 2245 1448 2301 sufferat
1501 2248 1569 2302 ab
1617 2250 1926 2308 altrabente
1967 2269 2049 2310 ex-

2163 2252 2310 2307 δοκεῖ
2337 2254 2430 2307 καὶ
2476 2254 2536 2308 τὸ
2564 2255 2690 2326 περ).
2717 2254 2815 2324 τὴν
2843 2253 3016 2326 ψυχὴν
3052 2255 3248 2308 ἐννοεῖν
3289 2255 3409 2317 ταῖς
3447 2251 3660 2316 ὑλικαῖς
3682 2269 3745 2306 τε

498 2334 802 2388 tensionem
836 2349 849 2388 :
884 2337 990 2390 tale
1029 2333 1287 2404 quiddam
1339 2337 1473 2390 mihi
1509 2337 1726 2393 videtur
1760 2341 1908 2396 circa
1946 2345 2049 2398 ani

2164 2344 2258 2397 καὶ
2319 2345 2541 2414 γεώδεσι
2603 2345 2999 2418 προσπαθείαις
3058 2345 3457 2416 ἐνειληθεῖσαν,
3509 2344 3743 2416 κάμνειν

495 2439 638 2477 mam
682 2440 901 2495 quoque
941 2425 1165 2494 cogitari
1201 2433 1363 2495 atque
1388 2427 1614 2500 intelligi
1649 2441 1919 2501 Oporlere,
1945 2451 2049 2490 ean

2164 2432 2257 2485 καὶ
2287 2432 2680 2501 διατείνεσθαι,
2712 2435 2804 2488 τοῦ
2834 2436 2930 2506 μὲν
2958 2435 3092 2488 Θεοῦ
3127 2435 3187 2488 τὸ
3216 2434 3346 2488 ίδιον
3381 2434 3516 2504 πρὸς
3547 2434 3742 2488 ἐαυτὸν

493 2512 747 2568 videlicet
793 2513 1167 2568 matcrialibus
1200 2524 1365 2584 atque
1403 2520 1637 2576 terrenis
1665 2521 1950 2579 allectibus
1981 2525 2049 2580 in-

2162 2523 2440 2588 ἐλκοντοςο
2471 2524 2565 2579 τοῦ
2599 2526 2642 2579 δ’
2687 2525 2997 2597 ἀλλοτρίου,
3042 2524 3129 2579 διὰ
3176 2524 3236 2578 τὸ
3277 2525 3588 2596 συμφυῆναί
3621 2542 3743 2588 πως

495 2603 732 2657 volutam
787 2605 1034 2658 laborare
1083 2611 1248 2674 atque
1298 2607 1559 2674 distendi,
1597 2610 1726 2664 dum
1763 2611 1907 2670 Deus
1941 2616 2049 2685 qui-

2162 2615 2321 2686 αὐτῇ,
2343 2615 2530 2686 βιαίως
2547 2617 2951 2688 ἀποξυρομένου
2973 2615 3214 2687 (64-65),
3247 2618 3340 2670 καὶ
3368 2618 3465 2681 τὰς
3489 2617 3739 2688 δριμείας

491 2690 611 2743 dem
658 2691 800 2760 quod
851 2706 1009 2744 suum
1057 2693 1237 2748 estad
1289 2710 1411 2750 sese
1451 2697 1620 2750 trahit
1657 2717 1670 2752 :
1707 2701 1852 2769 quod
1882 2711 2049 2758 autem

2159 2708 2288 2779 αὐτῇ
2314 2707 2408 2760 καὶ
2433 2708 2837 2773 ἀνυποστάτους
2872 2709 3171 2781 ἀλγηδόνας
3202 2712 3519 2782 ἐπάγοντος.
3550 2741 3618 2752 -
3652 2712 3716 2769 Γ.

491 2782 726 2835 alienum
789 2788 892 2845 est,
960 2790 1250 2852 pr0pterca
1308 2786 1453 2854 quod
1501 2801 1627 2842 cum
1695 2790 1876 2844 anima
1923 2809 2049 2863 quo-

2159 2796 2378 2859 Οὐκοῦν,
2403 2792 2574 2860 εἷπον,
2599 2799 2696 2870 οὐχ
2722 2802 2754 2871 ἡ
2778 2801 2896 2853 θεία
2923 2800 3036 2872 (66)
3063 2802 3263 2873 κρίσις,
3285 2803 3359 2867 ὡς
3386 2803 3550 2869 ἔοικε,
3574 2808 3721 2862 κατά

489 2873 777 2928 damn-nodo
807 2870 1092 2937 coaluerit,
1117 2869 1379 2926 violenter
1400 2873 1682 2930 abraditur
1710 2887 1762 2932 et
1780 2878 2045 2950 abstergi-

2159 2885 2209 2938 τὸ
2229 2885 2339 2956 (67)
2364 2869 2792 2958 προηγούμενον,
2809 2893 2921 2953 τοῖς
2946 2869 3382 2963 ἐξημαρτηκόσιν
3399 2895 3593 2964 ἐπάγει
3617 2898 3721 2969 τὴν

488 2974 600 3031 tur,
629 2979 894 3034 acresque
920 2965 970 3021 ei
1011 2974 1178 3040 atquc
1211 2966 1581 3021 intolerabiles
1613 2968 1768 3024 all‘ert
1804 2970 2043 3030 dolores.

2159 2976 2388 3042 κόλασιν,
2412 2957 2544 3032 ἀλλά
2574 2957 2633 3033 τδ
2662 2980 2764 3050 μὲν
2790 2980 2901 3053 (68)
2937 2982 3010 3045 ὡς
3030 2957 3070 3035 ’ὁ
3103 2957 3258 3052 λδγδς
3285 2957 3561 3051 ἀπέδειξεν
3581 2957 3718 3060 (69),

485 3087 555 3097 —
580 3055 644 3110 (ἶ.
673 3055 814 3125 Ergo
841 3057 1130 3126 judicium,
1161 3061 1401 3130 inquam,
1432 3059 1698 3126 divinum,
1724 3069 1784 3118 ut
1811 3064 2044 3132 videtur,

2159 3067 2355 3137 ἀγαθὸν
2383 3071 2596 3142 ἐνεργεῖ
2637 3072 2796 3143 μόνον
2840 3073 2935 3126 τοῦ
2979 3075 3150 3128 κακοῦ
3186 3055 3719 3149 ἀποκρίνουσαξκαὶ

482 3153 590 3190 non
621 3153 685 3192 ex
720 3155 882 3198 causa
923 3144 1208 3215 principali
1249 3155 1412 3218 atque
1449 3151 1720 3222 praecipua
1753 3156 2049 3212 cruciatum

482 3226 695 3250 --Il.:l--.
739 3229 804 3250 εξ-
860 3233 943 3250 mu!
993 3234 1007 3250 I
1047 3234 1080 3250 ιο
1308 3246 1318 3250 -
1472 3241 1483 3250 .
1544 3241 1596 3250 ...
1662 3242 1674 3250 .
1802 3245 1850 3250 --

2159 3159 2288 3229 πρὸς
2315 3158 2411 3232 τὴν
2431 3163 2529 3232 τῆς
2555 3163 2948 3234 μακαριότητος
2974 3144 3629 3239 κοινωνίανέτέισπωμένη
3652 3185 3665 3197 ·
3695 3173 3725 3224 ό

479 3226 700 3282 adhibet
738 3229 806 3286 iis
850 3233 945 3302 qui
976 3234 1345 3305 deliquerunt,
1391 3241 1486 3294 sed
1541 3241 1674 3296 illud
1720 3245 1963 3314 quidem,
1994 3259 2049 3303 ut

2159 3226 2206 3300 δέ
2232 3249 2329 3318 τῆς
2346 3226 2621 3320 συμφυΐας
2641 3226 2978 3321 διασπασμδς
2997 3253 3155 3324 ὀδύνη
3173 3254 3252 3324 τῷ
3279 3226 3553 3328 ἑλκομένῳ
3573 3226 3722 3326 γίνε-

477 3321 654 3373 oratio
687 3320 1106 3392 demonstravit,
1163 3328 1365 3383 bonum
1418 3330 1704 3399 duntaxat,
1736 3334 1865 3389 dum
1918 3336 1972 3392 id
2019 3353 2049 3392 a

2159 3355 2261 3392 ται.
2283 3369 2353 3377 -
2369 3337 2438 3391 Μ.
2464 3338 2638 3404 Οὕτω,
2670 3340 2830 3411 φησὶν
2851 3320 2890 3409 ήί
2907 3320 3242 3407 διδάσκαλος,
3274 3345 3365 3396 καὶ
3445 3320 3721 3417 ἐμόςνέστι

478 3406 621 3460 tnalo
669 3412 906 3466 secernit
980 3421 1032 3467 et
1091 3417 1300 3483 eximit,
1361 3428 1415 3474 et
1478 3422 1546 3476 ad
1613 3426 2048 3482 communionem

2159 3427 2325 3496 λόγος,
2349 3428 2443 3481 καὶ
2462 3430 2543 3482 ὅτι
2569 3406 2766 3499 μέτρον
2788 3406 2892 3498 τῆξ
2921 3427 3213 3500 ἀλγηδόνος
3245 3435 3278 3504 ἡ
3307 3435 3406 3505 τῆς
3431 3406 3626 3498 κακίας
3660 3439 3721 3490 ἐν

475 3496 831 3556 beatitudinis
886 3506 1151 3571 attrahit,
1215 3518 1513 3579 operatur;
1567 3511 1805 3570 divulsio
1869 3525 2048 3572 autem

473 3589 782 3646 coalitionis
812 3602 866 3648 et
904 3600 1394 3665 coagmentationis
1422 3603 1471 3657 ei
1507 3604 1650 3674 quod
1679 3605 1915 3660 trahitur
1946 3605 2049 3661 do-

471 3677 640 3734 lorem
664 3681 888 3736 facit.—
904 3684 972 3739 Μ.
1000 3686 1170 3753 Idem,
1198 3686 1376 3756 inquit
1397 3691 1674 3762 magistra,
1698 3706 1800 3764 ego
1829 3711 2050 3768 quoque

475 3768 689 3831 sentio,
744 3776 802 3822 et
857 3770 1001 3838 quod
1044 3786 1144 3838 pro
1193 3775 1498 3842 quantitate
1557 3777 1870 3836 vitiositatis
1927 3797 2049 3852 qum

472 3857 526 3910 in
579 3873 910 3928 unoquoque
961 3861 1143 3927 fuerit,
1177 3865 1455 3921 cruciatus
1485 3881 1549 3920 ac
1600 3868 1805 3925 doloris
1849 3875 2045 3933 modus

471 3949 818 4004 adhibeatur.
860 3949 978 4004 Non
1007 3953 1151 4006 enim
1184 3970 1282 4024 par
1304 3966 1389 4011 est
1420 3966 1734 4030 utrumque,
1769 3971 1883 4019 tum
1919 3982 2042 4022 eum

469 4041 561 4110 qtti
615 4041 668 4094 in
695 4042 867 4098 .malis
899 4044 1080 4100 vetitis
1119 4047 1306 4101 tandiu
1342 4061 1590 4108 versatus
1631 4054 1722 4118 sit,
1773 4061 1886 4109 tum
1919 4073 2042 4113 eum

469 4132 562 4200 qui
613 4132 667 4184 in
723 4131 1016 4186 mediocria
1063 4135 1263 4190 delicta
1313 4139 1560 4206 quaedam
1609 4142 1887 4210 inciderit,
1947 4161 2046 4216 per

470 4222 841 4291 purgationem
886 4224 1075 4280 vitiosi
1118 4227 1336 4284 habitus
1385 4245 1452 4285 ex
1501 4247 1658 4301 aequo
1712 4235 2038 4292 discruciari

468 4320 632 4382 atque
685 4313 890 4379 dolere,
943 4316 1035 4371 sed
1070 4333 1167 4388 pro
1215 4320 1376 4376 modo
1423 4337 1486 4378 ac
1522 4327 1829 4394 quantitate
1869 4339 2043 4387 mate-

2152 3518 2366 3589 ἑκάστῳ
2390 3519 2623 3589 ποσότης
2640 3518 2806 3573 ἐστίν.
2826 3520 2900 3574 Οὐ
2917 3519 3024 3591 γὰρ
3046 3523 3192 3585 εἰκὸς
3209 3525 3271 3576 ἐκ
3291 3524 3383 3578 τοῦ
3402 3526 3516 3580 ἴσου
3533 3527 3622 3579 τὸν
3646 3528 3728 3590 εἰς

2151 3608 2402 3662 τοσοῦτον
2424 3609 2535 3679 (70)
2563 3609 2619 3663 ἐν
2644 3610 3382 3681 ἀπηγορευμένοιςγεγονότα
3399 3618 3608 3680 κακοῖς,
3629 3619 3731 3670 καὶ

2145 3699 2237 3754 τὸν
2282 3701 2522 3772 μετρίοις
2549 3702 2661 3772 (71)
2717 3701 3102 3774 συνενεχθέντα
3147 3703 3633 3777 πλημμελήμασιν,
3666 3707 3726 3759 ἐν

2142 3791 2209 3860 τῇ
2240 3791 2420 3861 κρίσει
2451 3791 2566 3861 (72)
2589 3794 2689 3864 τῆς
2719 3793 2996 3864 μοχθηρᾶς
3020 3793 3186 3858 ἕξεως
3214 3794 3518 3865 ἀνιαθῆναι.
3561 3793 3726 3847 Ἀλλά

2144 3883 2295 3954 παρά
2325 3882 2384 3937 τδ
2413 3884 2576 3938 ποσὸν
2605 3885 2704 3956 τῆς
2739 3885 2868 3955 ὕλης
2887 3927 2902 3952 ,
2938 3886 2972 3957 ἢ
3010 3887 3190 3939 πλεῖον
3221 3886 3255 3957 ἢ
3290 3885 3507 3940 ἔλαττον
3533 3885 3644 3956 (75)
3688 3886 3724 3957 ἡ

2147 3973 2382 4046 ὀδυνηρά
2412 3976 2594 4047 ἐκείνη
2622 3975 2752 4047 φλὸξ
2779 3977 3157 4050 ἐξαφθήσεται,
3186 3978 3261 4040 ὡς
3287 3977 3351 4031 ἂν
3378 3977 3485 4048 (71)
3508 3977 3570 4030 τὸ
3592 3978 3726 4031 ὑπο-

2147 4066 2345 4135 τρέφον
2463 4061 2532 4139 ᾯ
2563 4070 2743 4123 τοίνυν
2773 4071 2940 4133 πολὺς
2967 4073 2996 4124 ὁ
3039 4070 3244 4141 ὑλώδης
3274 4070 3460 4123 ἔπεστι
3487 4070 3718 4140 φόρτος,

2148 4153 2346 4224 πολλὴν
2378 4156 2589 4228 ἀνάγκη
2630 4158 2726 4210 καὶ
2755 4158 3142 4230 διαρκεστέραν
3181 4159 3266 4212 ἐπ’
3304 4159 3452 4230 αὑτῷ
3491 4160 3605 4230 (75)
3634 4161 3724 4228 γί-

2146 4243 2332 4296 νεσθαι
2369 4246 2465 4316 τὴν
2497 4247 2886 4304 ἀναλίσκουσαν
2917 4249 3108 4319 φλόγα·
3148 4243 3193 4319 ᾧ
3220 4251 3277 4304 δὲ
3301 4250 3387 4304 ἐπ’
3419 4250 3638 4306 ἔλαττον
3684 4254 3720 4321 ἠ

2145 4335 2237 4387 τοῦ
2267 4337 2435 4406 πυρὸς
2457 4338 2666 4408 δαπάνη
2697 4341 3190 4411 ἐγκαταμέμικται,
3221 4341 3472 4397 τοσοῦτον
3507 4345 3722 4398 ὑποκα-

467 4405 581 4469 τίω,
613 4406 695 4460 vcl
730 4408 972 4478 longiore
1015 4411 1100 4465 vel
1151 4411 1399 4470 breviore
1441 4418 1705 4486 temporis
1739 4421 1916 4490 spatio
1948 4423 2040 4479 illa

2159 4405 2389 4480 ιαϐαίνει
2409 4428 2506 4499 τῆς
2535 4405 2894 4501 σφοδροτέρας
2910 4405 2968 4484 τε
2984 4405 3079 4486 καὶ
3094 4405 3420 4506 δριμυτέρας
3440 4435 3720 4506 ἐνεργείας

538 4651 649 4729 (ξὲἑ)
681 4653 934 4729 Χρυσίφ·
964 4655 1004 4707 Β
1026 4657 1230 4729 χρυσῷ-

559 4723 646 4788 55)
702 4723 1221 4794 Ἐκκαθαροῧᾶ-τεξ.
1249 4729 1290 4780 Β
1311 4729 1747 4818 ἐκκαθαίροντες.

561 4792 644 4818 tum
684 4791 744 4818 ΑΔ
786 4795 918 4818 ΑΛ...
956 4796 992 4818 n
1058 4797 1125 4818 Α]
1172 4800 1280 4818 _____l
1309 4814 1325 4818 ε
1438 4803 1447 4818 ν
1663 4804 1686 4818 ιι
1721 4804 1744 4818 μ

559 4792 646 4873 56)
673 4791 747 4874 Δέ
782 4791 1012 4874 deleti},
1048 4791 1354 4874 Adﬂerba,
1389 4791 1639 4855 κάκείνου
1658 4791 2029 4874 δεδαπανημέ-

460 4851 576 4944 νου,
595 4851 647 4915 in
667 4864 816 4944 calce
839 4864 1047 4944 codicis
1065 4851 1256 4944 arma
1279 4851 1566 4944 notantur:
1597 4873 1751 4944 Κατὰ
1775 4875 1873 4944 τὴν
1897 4851 2031 4929 ἀδω-

459 4931 603 5018 τένρω
643 4935 768 5018 παρ’
795 4936 924 5004 ἡμῖν
965 4935 1244 5018 λεχθεῖσαν
1289 4940 1552 5018 διάταξιν,
1592 4942 1718 5018 ἔνθα
1761 4931 1900 5018 περὶ.
1929 4946 2028 5015 τῆς

458 5001 848 5082 ἀφανισθείσης
886 5001 1083 5082 κακίας
1131 5001 1505 5082 διαλαμϐάνει,
1537 5001 1773 5082 ⁷νοητέον
1821 5001 1914 5067 καὶ
1959 5001 2026 5070 τά

460 5072 703 5148 παρόντα
735 5072 828 5127 καὶ
857 5075 924 5129 τὰ
957 5077 1102 5148 ἐξῆς.
1142 5072 1436 5147 ’Λνάγνωθι
1457 5072 1876 5138 ταῦτα’κάκεῖνα
1903 5088 2025 5140 ἐπι-

503 5142 659 5205 ελῶς.

696 5213 1024 5295 Ἀκριμήτέρ.
1143 5217 1198 5272 in
1242 5227 1392 5295 textu
1430 5221 1730 5295 καθαρσίῳ,
1770 5226 1825 5281 in
1877 5243 2022 5282 mar-

457 5282 918 5360 gitt‘cudtxotpﬁﬁtp,
1020 5288 1318 5360 καθαρσίῳ.

535 5352 644 5421 (58)
697 5352 916 5419 νοέω.
957 5359 1001 5409 Α
1027 5359 1129 5421 ἕως
1159 5352 1243 5413 ἄν.

530 5422 644 5491 (59)
697 5424 1104 5506 ςιιπᾳνιιλιιέέζῇ.
1144 5431 1188 5482 Α
1232 5431 1287 5485 in
1329 5439 1478 5487 textu
1524 5433 1668 5486 ἅπαν
1703 5435 2023 5506 ἀναλωθείη,

455 5493 510 5548 in
541 5495 784 5568 margine
809 5493 1076 5568 ἀναλωθῇ.

525 5565 634 5631 (σο)
675 5566 899 5629 Αὶωνίῳ
925 5565 1066 5620 delet
1097 5567 1162 5623 A.

524 5634 633 5698 (61)
674 5635 908 5700 Βιαίως.
965 5637 1010 5691 Α
1058 5637 1113 5692 in
1157 5647 1305 5696 textu
1338 5641 1624 5707 βεϐαίωσις
1674 5644 1780 5698 τῶν
1821 5644 1931 5711 ἐπί,
1962 5647 2017 5701 in

2142 4671 2386 4742 margine
2417 4672 2620 4742 βιαίως.

2211 4740 2323 4878 (62)
2361 4740 2895 4811 Παραπλασθέντα.
2932 4749 2975 4799 Α
3006 4746 3462 4819 περιπλασθέντα.

2232 4811 2300 4865 65
2359 4815 2660 4871 Γίνεσθαι.
2699 4816 2739 4868 Β
2770 4816 3038 4878 γενέσθαι.

2232 4811 2320 4884 65)
2346 4815 2660 4884 Γίνεσθαι.
2699 4816 2739 4868 Β
2770 4816 3038 4884 γενέσθαι.

2209 4881 2433 4961 (gi-65)
2479 4881 2964 4961 Ἀποξιξροιξέὴοι).
2997 4889 3111 4961 ΑῌΒ
3146 4887 3539 4961 ἀποξυομένου.

2207 4951 2318 5030 <99.)
2361 4956 2561 5030 (λύω
2593 4951 2817 5030 celata
2846 4957 2989 5030 dele:
3016 4959 3134 5030 oox.

2207 5023 2319 5092 (67)
2359 5024 2520 5078 Κατὰ
2546 5023 2634 5082 τό.
2673 5029 2718 5079 Α
2748 5027 2809 5079 οὐ
2844 5029 3005 5083 κατά.

2207 5095 2317 5171 (εξ)
2370 5096 2545 5171 μυιλᾲ
2570 5096 2636 5171 τῷ
2654 5097 2798 5171 me
2822 5098 2868 5171 ᾼ
2899 5098 2940 5171 B_
2969 5101 3082 5153 ἀλλ’
3111 5102 3166 5171 ἡ.

2207 5100 2296 5162 (68
2370 5100 2545 5148 Ἀλλὰ
2570 5100 2633 5150 τὸ
2654 5100 2789 5166 μέν.
2822 5100 2868 5149 Α
2899 5100 2940 5148 Β
2969 5101 3082 5153 ἀλλ’
3111 5102 3130 5151 1

2373 5165 2727 5230 Ἀπέδειξεν.
2767 5168 2808 5219 Β
2837 5169 3130 5238 ὑπέδειξεν.

2206 5235 2319 5304 (70)
2356 5238 2455 5301 Εἰς
2487 5239 2781 5292 τοσοῦτον
2819 5240 2860 5292 Β
2883 5235 3044 5295 delet:

2205 5305 2317 5375 (71)
2357 5308 2647 5374 Μετρίοις.
2679 5308 2720 5360 Β
2751 5309 2900 5365 addit
2929 5313 3087 5366 τισίν.

2186 5377 2312 5451 (7g)
2352 5378 2575 5451 Ιξρίςει.
2615 5379 2654 5451 Β
2683 5379 2966 5451 καθάρσει.

2354 5446 2570 5528 ῌλὶεῗρν
2669 5446 2939 5528 angam;
2978 5454 3018 5504 Β
3047 5451 3242 5506 πλείων
3275 5456 3307 5528 ἢ
3343 5455 3602 5512 ἐλάττων.

2201 5450 2291 5515 (75
2354 5450 2570 5502 Πλεῖον
2600 5450 2637 5516 ἣ
2669 5450 2939 5505 ἔλαττον.

2200 5450 2313 5586 (74)
2362 5517 2460 5580 Ὧς
2488 5518 2582 5573 ἄν.
2611 5522 2654 5571 Α
2691 5521 2730 5572 Β
2757 5523 2858 5585 ἓως
2887 5524 2971 5577 ἄν.

2201 5587 2313 5660 (75)
2367 5588 2490 5640 Ἐπ’
2523 5591 2700 5656 αὐτῷ.
2741 5595 2781 5645 Α
2816 5594 2856 5645 Β
2885 5595 2970 5647 ἐπ’
3005 5593 3189 5650 αὑτοῦ.
