3950 6132
208 259 294 318 ω(
1252 245 1338 299 DE
1379 245 1593 298 ANIMA
1628 243 1715 298 ET
1754 242 2357 299 RESURRELTiONE.

3339 248 3442 306 103

205 370 231 435 ἡ
256 368 489 429 κόλασις,
517 364 641 444 ὅσον
666 364 974 435 ἠλάττωται
1012 363 1088 432 τῷ
1118 362 1218 432 τῆς
1268 362 1463 425 κακίας
1500 360 1682 432 μέτρῳ
1708 358 1768 414 τὸ

1878 357 2083 416 ﬂamma
2099 360 2400 425 dolorilica,
2425 362 2665 431 quandiu
2700 363 2866 418 fuerit
2890 364 2944 418 id
2978 363 3122 434 quod
3161 378 3279 419 eam
3308 366 3438 428 alat,

201 457 566 527 ὑποκείμενον.
605 457 726 527 Χρὴ
761 455 868 530 γάρ
907 455 1085 524 πάντη
1119 453 1212 507 καὶ
1238 454 1458 516 πάντως
1484 450 1773 522 ἐξαιρεθῆ-

198 550 281 601 ναί
323 565 450 601 ποτε
482 548 544 601 τὸ
584 549 751 601 κακὸν
782 548 846 600 ὲκ
885 545 979 598 τοῦ
1030 545 1200 608 ὄντος,
1239 544 1333 597 κα)¹
1380 543 1518 612 ὅπερ
1565 543 1622 596 ὲν
1661 543 1775 604 τοῖς

197 639 456 706 φῦάσασιν
475 638 707 710 εἴρηται,
736 638 797 691 τὸ
818 637 982 700 ὅντως
1006 635 1116 708 (76)
1143 634 1220 707 μὴ
1251 634 1331 700 ὃν,
1356 634 1475 705 μηδ’
1501 628 1640 686 εἶναι
1663 632 1774 700 (Π)

193 729 342 792 ὅλως.
398 730 616 799 Ἐπειδὴ
670 727 776 798 γὰρ
822 727 926 791 ἔξω
969 728 1068 797 τῆς
1115 724 1485 797 προαιρέσεως
1530 725 1566 794 ἠ
1612 721 1778 775 κακία

198 815 326 872 εἶναι
351 817 512 886 φύσιν
544 819 642 870 οὐκ
672 817 806 887 ἔχει,
837 817 963 869 ὅταν
993 817 1140 868 πᾶσα
1182 812 1502 884 προαίρεσις
1542 810 1658 880 (78)
1711 809 1770 863 ὲν

195 910 266 979 τῷ
292 908 411 979 θεῷ
439 908 684 978 γένηται,
724 909 804 972 εἰς
834 907 1067 976 παντελῆ
1095 905 1398 975 ἀφανισμὸν
1419 907 1454 976 ἡ
1493 904 1660 956 κακία
1691 902 1766 974 μὴ

195 1005 425 1074 χωρήσει
455 1003 591 1073 (79).
622 1003 698 1072 τῷ
733 1003 896 1072 μηδὲν
923 1001 1089 1070 αὐτῆς
1118 997 1512 1067 ὑπολειφθῆναι
1540 995 1765 1064 δοχεϊον.

1870 449 2221 506 accendetur.
2282 451 2384 506 Cui
2439 453 2606 522 igitur
2658 467 2910 523 magnum
2964 453 3242 508 inhaeserit
3298 468 3442 509 onus

1869 542 2172 608 materiale,
2214 541 2270 595 in
2321 549 2389 597 eo
2440 557 2664 598 necesse
2704 549 2788 599 est
2827 557 3075 613 magnam
3121 558 3188 598 ac
3231 542 3440 598 diutius

1871 631 2158 687 durantem
2197 647 2321 687 esse
2359 629 2655 696 ﬂammam,
2689 647 2810 702 qua:
2850 635 3131 688 materiam
3158 649 3276 688 eam
3304 649 3440 688 con-

1873 734 2055 777 sumat
2103 740 2116 776 :
2155 721 2211 776 in
2265 737 2332 778 eo
2377 737 2528 786 vero,
2568 722 2660 776 cui
2705 722 2904 776 minori
2951 723 3128 793 spatio
3176 724 3440 794 temporis

1873 810 2015 880 ignis
2046 809 2138 866 ille
2193 825 2524 867 consumens
2565 811 2906 878 admovetur,
2935 820 3146 868 tantum
3173 815 3241 869 de
3275 815 3438 871 vehe-

1874 903 2138 958 mentiore
2172 911 2334 972 atque
2381 905 2591 958 acriore
2634 905 2948 975 operatione
2989 920 3148 974 paena
3189 907 3434 972 remittit,

1874 1000 2163 1061 quantum,
2198 993 2344 1063 quod
2374 994 2442 1048 ad
2475 993 2695 1049 modum
2729 995 3044 1051 vitiositatis
3071 997 3280 1058 attinet,
3305 998 3436 1052 sub-

190 1095 389 1161 jectum
434 1095 602 1149 fuerit
640 1095 990 1148 diminutum.
1025 1093 1253 1164 Oportet
1282 1094 1427 1148 enim
1501 1091 1722 1162 penitus
1786 1101 1848 1140 ac
1886 1102 2107 1156 prorsus
2161 1089 2455 1158 aliquando
2489 1090 2694 1144 malum
2748 1090 2911 1144 eximi
2954 1106 3018 1145 ex
3064 1105 3130 1145 eo
3167 1091 3308 1160 quod
3351 1102 3436 1148 est

192 1193 243 1238 et
282 1185 429 1255 quod
476 1187 530 1240 in
579 1186 954 1256 superioribus
1002 1184 1207 1240 dictum
1246 1193 1351 1246 est,
1420 1184 1472 1238 id
1521 1181 1666 1252 quod
1752 1179 1931 1247 reipsa
1979 1193 2089 1232 non
2147 1187 2253 1247 est,
2316 1197 2385 1235 ne
2437 1197 2558 1237 esse
2599 1181 2816 1252 quidem
2872 1181 3118 1236 omnino.
3174 1181 3439 1247 Quoniam

192 1275 329 1328 enim
375 1289 439 1331 ea
488 1277 606 1331 vitii
666 1277 1031 1346 nequitiaeque
1077 1283 1272 1330 natura
1318 1286 1425 1338 est,
1486 1282 1546 1326 ut
1603 1277 1758 1326 extra
1795 1269 2130 1324 voluntatem
2164 1277 2218 1324 et
2266 1271 2556 1326 arbitrium
2625 1289 2731 1327 non
2781 1273 2872 1337 sit,
2920 1287 3042 1328 cum
3115 1273 3293 1327 omnis
3347 1291 3440 1327 vo-

195 1371 370 1425 luntas
417 1379 470 1426 et
518 1386 680 1426 omne
713 1371 999 1425 arbitrium
1037 1371 1090 1423 in
1139 1368 1251 1425 Deo
1283 1368 1464 1435 fuerit,
1501 1367 1566 1420 ad
1642 1363 1944 1420 absolutam
2007 1371 2172 1433 atque
2224 1363 2520 1434 perfectam
2573 1376 2628 1420 et
2707 1375 3002 1421 extremam
3089 1365 3437 1420 abolitionem

190 1467 242 1513 ct
288 1459 574 1513 interitum
629 1458 897 1513 vitiositas
944 1457 1242 1527 redigetur,
1288 1463 1347 1510 ut
1389 1455 1598 1509 nullum
1626 1451 1766 1523 ,ejus
1804 1453 2210 1522 receptaculum
2255 1454 2614 1524 relinquatur.

255 1588 313 1641 Γ.
330 1585 498 1640 Ἀλλά
518 1585 570 1639 τί
597 1589 784 1660 κέρδος
800 1589 909 1663 (80)
920 1593 1018 1664 τῆς
1036 1586 1278 1659 χρηστῆς
1299 1585 1510 1649 ἐλπίδος
1533 1584 1669 1655 (81),
1688 1575 1768 1635 εἷ-

199 1689 292 1723 πον
321 1673 454 1739 ἐγὼ,
491 1672 568 1742 τῷ
609 1673 941 1747 λογιζομένῳ
970 1678 1093 1731 ὅσον
1130 1677 1246 1730 ἐστὶ
1270 1676 1436 1730 κακὸν
1465 1676 1558 1728 κα).
1586 1677 1764 1726 ὲνιαυ-

1945 1586 2007 1642 G.
2029 1588 2131 1643 Sed
2156 1586 2300 1656 quod
2317 1586 2528 1643 lucrum
2555 1595 2610 1642 et
2632 1599 2813 1654 opera:
2827 1587 3067 1656 pretium
3091 1593 3194 1651 est,
3218 1595 3439 1651 inquam

1866 1687 1985 1743 ego,
2016 1671 2178 1741 hujus
2207 1672 2362 1726 bona
2395 1673 2508 1742 spei
2532 1675 2796 1742 reputanti
2818 1683 3079 1744 quantum
3114 1675 3186 1729 sit
3215 1676 3438 1738 malum,

197 1761 376 1814 σιαίαν
400 1762 511 1831 (82)
549 1762 716 1834 μόνην
745 1766 1001 1836 ὑποσχεῖν
1026 1766 1320 1838 ἀλγηδόνα,
1368 1767 1416 1819 εί
1456 1766 1499 1819 δ’
1533 1766 1610 1826 εἰς
1641 1761 1766 1817 αίώι

1878 1763 1952 1816 vel
1991 1776 2230 1816 annuum
2285 1763 2459 1817 solum
2508 1763 2780 1817 sustinere
2833 1764 3157 1829 cruciatum,
3201 1763 3346 1833 quod
3394 1764 3440 1817 si

194 1851 303 1902 νιόν
335 1869 388 1903 τι
408 1851 683 1924 διάστημα
702 1856 734 1925 ἡ
768 1856 991 1927 ἄσχετος
1009 1857 1190 1926 ἐκείνη
1213 1857 1368 1926 ὀδύνη
1403 1853 1764 1926 παραταθείη,

191 1942 272 2006 τίς
295 1944 364 1996 ὲκ
391 1943 507 2012 (85)
523 1946 622 2015 τῆς
645 1945 868 2016 ὕστερον
892 1947 1512 2012 ὲλπίδος’ὑπολέλειπται
1536 1945 1645 2018 (84)
1665 1961 1769 1998 πα⁹

194 2035 460 2104 ραμυθία,
493 2030 538 2104 ᾧ
565 2037 699 2108 πρὸς
736 2038 856 2093 ὅλον
884 2037 1054 2093 αίῶνα
1083 2039 1549 2109 συνδιαμετρεῖται
1594 2039 1628 2109 ἡ
1673 2036 1769 2089 κό-

191 2121 371 2183 λασις;
392 2155 466 2164 —
480 2125 552 2179 Μ.
572 2119 729 2179 Ὥστε
750 2125 861 2198 (85)
884 2125 1206 2196 προνοητέον
1227 2124 1260 2194 ἢ
1287 2121 1514 2176 καθόλου
1536 2119 1644 2174 τῶν
1671 2122 1770 2193 τῆς

188 2210 390 2274 κακίας
422 2208 534 2279 (86)
562 2207 918 2278 μολυσμάτων
944 2207 1170 2275 φυλάξαι
1200 2205 1296 2276 τὴν
1313 2205 1488 2276 ψυχὴν
1517 2207 1690 2278 ἀμιγῆ
1710 2225 1771 2261 τε

193 2303 285 2354 καὶ
317 2298 693 2369 ἀκοινώνητον
716 2314 730 2329 ο
784 2299 818 2368 ἢ
868 2299 917 2350 εἰ
959 2296 1116 2350 τοῦτο
1153 2297 1328 2369 πάντη
1374 2298 1654 2368 ἀμήχανον
1685 2299 1772 2353 διά

191 2393 247 2445 τὸ
280 2389 539 2462 ἒμπαοες
566 2390 681 2461 (87)
709 2389 807 2459 τῆς
838 2387 1049 2459 φύσεως
1094 2388 1282 2459 ἡμῶν,
1313 2387 1388 2452 ὠς
1421 2389 1503 2442 ὅτι
1540 2388 1773 2459 μάλιστα

192 2485 245 2535 ἐν
297 2482 552 2552 μετρίοις
597 2481 710 2533 τισὶ
764 2481 858 2534 καὶ
899 2479 1314 2550 εὐθεραπεύτοις
1368 2475 1508 2532 εἶναι
1564 2478 1630 2531 τά
1675 2483 1772 2548 τῆς

191 2575 394 2644 ἀρετῆς
436 2571 849 2641 ἀποτεύγματα.
894 2567 1012 2623 Οἵδε
1045 2570 1214 2641 γάρὴ
1257 2569 1583 2640 εύαγγελικὴ
1628 2569 1773 2622 διδα-

193 2665 392 2718 σκαλία
430 2665 524 2717 καὶ
547 2663 753 2733 μυρίων
779 2662 1056 2731 ὀφειλέτην
1078 2662 1198 2715 τινά
1227 2661 1500 2715 ταλάντων
1533 2659 1772 2732 (88-89),

191 2759 276 2810 καὶ
309 2756 693 2810 πεντακοσίων
713 2753 1004 2825 δηναρίων,
1039 2755 1132 2806 καὶ
1167 2755 1520 2825 πεντήκοντα,
1554 2751 1646 2806 καὶ
1681 2768 1773 2803 κο-

189 2850 419 2920 δράντου
466 2849 610 2911 τινὸς
645 2846 781 2917 (90),
830 2846 964 2915 ὅπερ
1025 2845 1084 2898 τὸ
1117 2845 1341 2916 ἔσχατόν
1384 2848 1527 2898 ἐστιν
1574 2842 1684 2914 (91)
1719 2845 1775 2894 ὲν

193 2943 494 3012 νομίσμασι
523 2956 536 2968 ·
573 2939 672 3010 τὴν
701 2938 756 2991 δὲ
789 2935 884 2990 τοῦ
909 2936 1042 2990 Θεοῦ
1076 2937 1287 2990 δικαίαν
1321 2937 1502 3008 κρίσιν
1525 2935 1612 2989 διά
1640 2934 1776 2987 πάν-

189 3051 293 3086 των
322 3031 608 3096 διεξιέναι,
653 3029 746 3083 καὶ
774 3028 850 3099 τῷ
890 3029 1043 3099 βάρει
1092 3026 1186 3081 τοῦ
1213 3027 1522 3098 ὀφλήματος
1554 3042 1775 3079 συνεπι-

191 3125 477 3177 τείνουσαν
503 3121 603 3192 τὴν
630 3120 874 3189 ἀνάγκην
895 3119 991 3191 τῆς
1013 3119 1383 3188 ἀπαιτήσεως.
1413 3118 1508 3170 καὶ
1523 3117 1642 3169 οὐδὲ
1663 3116 1774 3185 (9‘2)

188 3215 295 3268 τῶν
337 3211 721 3284 σμικροτάτων
763 3209 1136 3282 ὑπερορῶσαν.
1170 3208 1279 3279 Τὴν
1308 3208 1363 3260 δὲ
1393 3207 1643 3262 ἀπόδοσιν
1670 3206 1778 3260 τῶν

190 3304 526 3374 ὀφλημάτων
558 3301 620 3354 τὸ
664 3299 994 3368 Εύαγγέλιον
1030 3294 1181 3351 εἶπεν
1231 3298 1330 3350 οὐκ
1377 3297 1441 3350 ὲκ
1482 3296 1776 3368 χρημάτων

191 3395 494 3456 διαλύσεως
532 3391 796 3460 γίνεσθαι.
833 3390 970 3445 ἀλλά
997 3387 1384 3462 παραδίδοσθαι
1412 3390 1525 3452 τοῖς
1557 3387 1777 3458 βασανι-

193 3493 342 3550 σταῖς
365 3486 462 3540 τὸν
489 3485 804 3554 ὑπόχρεων,
847 3483 952 3546 ἓως
995 3481 1080 3547 ἂν,
1116 3480 1277 3551 φησὶν
1300 3519 1315 3544 ,
1362 3478 1544 3551 ἀποδῷ
1577 3482 1683 3533 πᾶν
1715 3478 1776 3532 τὸ

193 3579 580 3648 ὀφειλόμενον
613 3577 748 3646 ὅπερ
777 3573 928 3628 οὐδὲν
959 3573 1144 3644 ἕτερόν
1178 3573 1346 3636 ἐστιν,
1377 3558 1417 3643 ’ἢ
1447 3571 1535 3624 διά
1566 3571 1664 3642 τῆς
1687 3571 1778 3642 βα-

197 3671 358 3724 σάνου
376 3667 478 3738 τὴν
498 3665 802 3735 ἀναγκαίαν
823 3664 1045 3734 ὀφειλὴν
1067 3662 1344 3728 ἀποτίσαι,
1364 3661 1424 3715 τὸ
1448 3662 1667 3734 ὄφλημα
1679 3662 1777 3732 τῆς

195 3761 300 3814 τῶν
329 3758 598 3828 λυπηρῶν
633 3757 940 3828 μετουσίας,
969 3749 1044 3810 ὧν
1072 3755 1184 3824 (95)
1211 3755 1363 3827 παρὰ
1387 3755 1476 3808 τὸν
1507 3754 1618 3825 βίον
1646 3754 1779 3808 ὑπό·

196 3870 371 3923 κρέως
389 3851 632 3919 ἐγένετο,
657 3850 830 3920 ἀμιγῆ
852 3865 913 3902 τε
935 3849 1030 3902 κα).
1050 3848 1284 3919 ἄκρατον
1299 3846 1392 3901 τοῦ
1415 3846 1657 3901 ἐναντίου
1679 3846 1777 3917 τὴν

195 3947 387 4015 ἡδονὴν
420 3943 530 3997 ὑπὸ
557 3941 812 4007 ἀϐουλίας
839 3941 1110 4011 ἑλόμενος,
1139 3942 1232 3995 κα).
1262 3939 1453 4004 οὕτως,
1495 3940 1638 3994 ἅπαν
1665 3940 1776 4011 (94)

193 4036 536 4107 ἀποθέμενος
559 4035 622 4088 τὸ
651 4034 927 4105 ἀλλότριον
955 4032 1168 4101 ἑαυτοῦ,
1197 4033 1332 4104 ὅπερ
1367 4032 1514 4086 ἐστὶν
1548 4033 1581 4103 ἡ
1610 4033 1781 4103 ἀμαρ-

192 4128 300 4190 τία,
326 4128 428 4181 καὶ
459 4126 560 4197 τὴν
587 4128 651 4179 ὲκ
680 4124 789 4178 τῶν
804 4124 1133 4196 ὀφλημάτων
1149 4124 1410 4194 αἰσχύνην
1431 4123 1776 4192 ἀποδυσάμε-

194 4235 301 4280 νος,
320 4219 379 4270 ὲν
405 4215 693 4285 ἐλευθερίᾳ
716 4232 773 4268 τε
793 4215 887 4268 καὶ
909 4211 1191 4286 παρρησίᾳ
1211 4213 1453 4282 γένηται.
1480 4211 1544 4264 Ἠ
1564 4210 1606 4264 δ’
1629 4210 1779 4263 ἐλευ-

195 4305 352 4374 Θερία
405 4303 620 4374 ὲστὶνή
656 4303 792 4374 πρὸς
821 4302 878 4356 τὸ
911 4301 1204 4356 ἁδέσποτόν
1236 4319 1294 4353 τε
1321 4299 1413 4353 καὶ
1447 4301 1776 4372 αὐτοκρατὲς

1869 1870 2042 1925 usque
2076 1854 2142 1909 ad
2172 1862 2437 1909 aeternum
2472 1852 2742 1922 quoddam
2787 1853 3130 1908 intervallum
3178 1854 3442 1908 intolera-

1867 1945 1996 2000 bilis
2038 1944 2128 2000 ille
2175 1944 2334 1999 dolor
2365 1951 2693 2014 prorogetur
2720 1983 2736 2009 ,
2768 1958 3018 2012 quanam
3067 1958 3133 1998 ex
3165 1943 3441 2013 posterius

1868 2036 2054 2091 futura
2097 2051 2193 2106 spe
2222 2036 2528 2091 consolatio
2571 2033 2902 2104 relinquitur
2939 2034 2991 2089 ei
3024 2035 3114 2089 cui
3147 2035 3216 2089 ad
3267 2042 3438 2088 totam

1871 2125 2229 2182 aeternitatem
2281 2139 2454 2196 pennae
2501 2123 2696 2180 modus
2734 2137 2798 2179 ac
2843 2138 3102 2180 mensura
3134 2121 3441 2195 redigitur?

1886 2210 2018 2265 —M.
2043 2210 2229 2281 Itaque
2248 2210 2648 2284 providendum
2673 2211 2840 2268 fuerit
2861 2219 2924 2266 ﬁt
2945 2213 3030 2266 vel
3055 2213 3275 2281 penitus
3300 2221 3355 2267 et
3387 2212 3445 2266 in

1870 2302 2192 2358 universum
2246 2304 2316 2357 ab
2368 2303 2798 2372 inquinamentis
2867 2302 3182 2356 vitiositatis
3233 2301 3446 2371 integra

1872 2402 2037 2466 atque
2060 2395 2240 2451 omnis
2264 2394 2610 2465 cognationis
2631 2410 2828 2466 expers
2852 2393 3032 2448 anima
3052 2401 3446 2457 conservetur;

1875 2492 1966 2539 aut
1997 2487 2042 2541 si
2089 2487 2144 2541 id
2186 2495 2410 2556 propter
2443 2484 2671 2541 aﬂ‘ectus
2713 2495 2766 2540 et
2807 2484 2962 2550 vitia,
3001 2485 3203 2554 quibus
3251 2491 3448 2538 natura

1874 2587 2062 2633 nostra
2087 2577 2326 2632 obnoxia
2359 2583 2465 2642 εει,
2502 2577 2652 2630 nulla
2683 2577 2897 2630 ratione
2935 2567 3446 2645 prorsusexpediri

1873 2683 1937 2722 ac
1984 2668 2101 2722 ﬁeri
2142 2674 2344 2738 potest,
2404 2672 2464 2720 ut
2502 2666 2557 2721 in
2595 2682 2759 2737 quam
2795 2667 3038 2721 maxime
3076 2665 3448 2721 mediocribus

1874 2759 2204 2830 quibusdam
2241 2765 2549 2826 curatuque
2597 2747 2848 2811 facilibus
2889 2755 3107 2812 delictis
3141 2757 3450 2811 consistant

1874 2852 2098 2907 virtutis
2146 2851 2493 2906 incommoda
2525 2860 2687 2921 atque
2736 2849 3084 2904 detrimenta.
3112 2847 3275 2920 Novit
3302 2850 3447 2904 enim

1876 2941 2188 3010 evangelica
2219 2939 2471 2994 doctrina
2505 2947 2562 2996 et
2591 2938 2771 2994 decies
2811 2938 2958 2993 mille
3009 2939 3361 3006 talentorum,
3395 2947 3451 2994 et

1878 3030 2302 3099 quingentorum
2326 3029 2677 3084 denariorum
2714 3034 2768 3084 et
2789 3029 3204 3100 quinquaginta,
3231 3037 3285 3084 et
3308 3044 3448 3100 quae

1878 3121 2088 3178 drantis
2136 3121 2395 3192 alicujus,
2436 3120 2583 3192 quod
2633 3122 2690 3176 in
2728 3128 2948 3175 moneta
2985 3131 3291 3177 extremum
3338 3130 3448 3187 εει,

1878 3212 2169 3284 quemdam
2208 3214 2548 3269 debitorem:
2583 3227 2648 3266 ac
2673 3213 2882 3284 justum
2913 3211 3004 3268 Dei
3033 3212 3301 3282 judicium
3337 3229 3452 3268 om-

1881 3305 1972 3358 nia
2002 3303 2281 3374 persequi,
2314 3319 2526 3374 proque
2560 3304 2938 3374 magnitudine
2966 3304 3094 3359 aeris
3125 3305 3288 3359 alieni
3325 3320 3450 3375 pro-

1876 3409 2072 3464 rogare
2106 3405 2160 3449 et
2189 3393 2482 3450 extendere
2516 3393 2899 3450 necessitatem
2946 3396 3254 3459 solutionis,
3291 3411 3355 3449 ac
3384 3412 3452 3452 ne

1875 3485 2106 3541 minima
2136 3485 2356 3556 quidem
2380 3481 2662 3555 despicere
2688 3501 2751 3540 ac
2779 3486 3074 3556 praeterire.
3111 3486 3448 3542 Solutionem

1877 3586 2058 3632 autem
2094 3577 2406 3632 debitorum
2439 3592 2550 3630 non
2581 3592 2644 3630 ex
2679 3576 3036 3645 pecuniarum
3066 3575 3346 3633 decisione
3387 3592 3450 3632 ac

1876 3667 2242 3723 dissolutione
2277 3666 2395 3720 ﬁeri
2435 3664 2788 3736 Evangelium
2827 3665 2987 3730 dixit,
3027 3666 3121 3722 sed
3156 3667 3300 3721 tradi
3332 3675 3450 3722 tor-

1877 3757 2092 3812 toribus
2124 3757 2449 3821 obaeratum,
2474 3756 2647 3811 donec
2679 3757 2920 3822 solverit,
2954 3757 3155 3828 inquit,
3181 3757 3451 3829 quidquid

1878 3846 2086 3918 debet(
2117 3850 2261 3919 quod
2307 3847 2445 3902 nihil
2476 3845 2624 3903 aliud
2667 3854 2771 3914 est,
2815 3847 2922 3904 nisi
2966 3864 3065 3919 per
3117 3856 3450 3907 tormentum

1878 3940 2257 3996 necessarium
2285 3955 2360 3997 tes
2388 3940 2626 3995 alienum
2654 3940 2887 4004 solvere,
2908 3940 3174 4008 debitum,
3206 3941 3450 4013 inquam,

1879 4031 2321 4102 participationis
2350 4048 2535 4087 rerum
2577 4032 2818 4087 tristium
2857 4040 2911 4087 et
2939 4034 3281 4098 acerbarum,
3313 4051 3451 4105 qua-

1878 4136 1998 4175 rum
2031 4122 2466 4192 participationis
2498 4137 2594 4192 per
2624 4129 2841 4193 tempus
2871 4123 2996 4178 vitae
3029 4122 3242 4180 debitor
3270 4125 3452 4182 factus

1878 4219 1981 4275 est,
2017 4226 2142 4266 cum
2167 4226 2370 4266 meram
2399 4213 2772 4282 contrariique
2799 4212 3129 4270 admistione
3167 4230 3278 4270 non
3323 4223 3453 4272 tem-

1880 4308 2120 4372 peratam
2171 4302 2509 4372 voluptatem
2562 4303 2781 4357 consilii
2837 4303 3139 4359 stoliditate
3186 4305 3452 4373 expetivit

189 4394 518 4466 ἐξομοίωσις
541 4432 557 4458 ,
605 4386 786 4464 ἡ’κατ’
817 4391 988 4462 ἀρχὰς
1020 4391 1117 4462 μὲν
1148 4393 1282 4461 ἡμῖν
1316 4390 1467 4462 παρά
1498 4389 1631 4443 Θεοῦ
1663 4379 1774 4460 (95)

1880 4401 2044 4464 atque
2065 4391 2276 4464 elegit),
2307 4401 2472 4464 atque
2501 4393 2574 4448 ita
2617 4393 2708 4448 ubi
2741 4393 3008 4464 quidquid
3041 4409 3070 4448 a
3111 4410 3171 4451 se
3211 4397 3449 4452 alienum

189 4486 400 4555 δεδωρη
411 4484 548 4554 μένη
559 4524 573 4548 ,
594 4483 1027 4552 συγκαλυφθεϊσα
1041 4481 1230 4552 τῇίτῶν
1245 4481 1571 4552 ὀφλημάτων
1591 4481 1778 4552 αἰσχύ·-

194 4593 274 4648 νη.
312 4579 477 4630 Πᾶσα
490 4575 534 4629 δ’
562 4573 840 4644 ἐλευθερία
879 4574 976 4644 μία
1003 4573 1085 4635 τίς
1102 4574 1218 4626 ἐστι
1241 4575 1306 4644 τῇ
1341 4572 1499 4642 φύσει
1520 4572 1615 4626 κα).
1641 4574 1778 4644 πρὸς

194 4669 396 4740 ἑαυτὴν
413 4667 630 4729 οἰκείως
650 4665 782 4736 ἔχει.
803 4662 1241 4735 Ἀκολούθωςγοῦν
1267 4666 1374 4718 πᾶν
1396 4664 1505 4735 (96)
1534 4665 1595 4718 τὸ
1622 4664 1780 4718 ἐλεύ-

189 4758 353 4832 θερον
379 4758 461 4827 τῷ
497 4757 670 4827 ὁμοίῳ
699 4755 1200 4826 συναρμοσθήσεται
1225 4772 1239 4787 ο
1277 4754 1446 4829 ἀρετὴ
1471 4754 1525 4808 δὲ
1557 4755 1778 4809 ἀδέσπο-

265 4961 385 5027 (76)
435 4959 503 5028 Tt}
540 4960 744 5024 ὄντως.
781 4960 822 5028 A
851 4957 892 5009 Β
919 4957 996 5028 τῷ
1023 4957 1158 5011 ὄντι.

265 5033 386 5101 (77)
423 5027 594 5101 Είγαι
629 5029 769 5083 delet
795 5027 870 5101 Β.

265 5094 384 5170 (78)
425 5099 600 5154 Πᾶσα
627 5098 970 5170 προαίρεσις
999 5096 1139 5150 delet
1171 5094 1228 5148 Β.

269 5164 387 5236 (79)
427 5170 523 5236 Μὴ
554 5164 834 5238 χωρήσει.
937 5168 992 5238 Bg
1018 5164 1430 5238 μεταχωρήσειε,

265 5241 384 5320 (ξε)
425 5239 668 5320 19960.2-
705 5243 749 5289 Α
777 5238 820 5320 β
848 5237 910 5320 εδ
935 5237 1144 5320 κέρδοςο

269 5304 386 5376 (81)
439 5304 735 5380 Ἐζῖπίᾷος.
762 5309 810 5380 ,Α
844 5307 885 5357 Β
901 5304 1118 5380 fctum;
1149 5304 1381 5366 ἐλπίδος.

269 5375 384 5448 (82)
436 5375 875 5448 Ἔνιαυονιαίαν.
973 5375 1256 5427 ἐνιαύσιον.

267 5447 382 5519 (85)
426 5450 520 5512 Τίς
542 5449 714 5519 ἐπα-Α
751 5447 887 5515 τίςή
922 5447 1004 5519 Ex.

267 5513 286 5582 ί
294 5520 330 5574 8
344 5513 382 5590 ί)
431 5520 443 5537 '
457 5513 960 5590 ΥπολέέειίιταιΒ
988 5513 1356 5566 ὑπολείπεται.

266 5586 383 5658 (85)
423 5591 627 5642 Ὥστε.
667 5587 711 5658 Β
742 5586 844 5637 ὃτι.

264 5654 380 5732 (80)
424 5659 538 5728 Τῆς
570 5657 802 5720 κακίας.
849 5655 957 5723 Τῆς
993 5654 1226 5724 dclctA,
1274 5658 1367 5713 sed
1426 5657 1462 5710 Β
1509 5658 1666 5712 habet
1717 5658 1778 5710 ἐκ

1881 4495 1985 4548 εει,
2017 4482 2072 4537 id
2101 4491 2186 4539 est
2219 4491 2498 4554 peccatum
2530 4483 2846 4554 deposuerit
2869 4492 2923 4539 et
2961 4485 3242 4555 abjecerit,
3275 4487 3450 4555 pudo—

1885 4591 2130 4645 remque,
2183 4591 2342 4646 quem
2374 4593 2438 4632 ex
2471 4577 2670 4633 debitis
2713 4585 3083 4642 contraxerat,
3127 4579 3359 4642 exuerit,
3394 4578 3449 4632 in

1883 4667 2134 4724 libertate
2168 4662 2430 4725 simul'et
2467 4669 2665 4724 ﬁducia
2699 4679 2970 4726 versetur.
3020 4673 3192 4725 Porro
3221 4670 3449 4724 libertas

1882 4766 1967 4816 est
2001 4761 2327 4817 assimilatio
2373 4768 2426 4816 et
2470 4762 2778 4833 exaequatio
2807 4779 2944 4833 cum
2979 4779 3044 4819 eo
3088 4762 3230 4834 quod
3273 4760 3450 4816 domi-

1883 4958 2098 5022 κακίας.

1977 5029 2433 5104 8¹ζ>λῌμπαθεᾳ
2463 5032 2596 5104 ΑΒ.
2634 5033 2892 5104 ἐμπαθές.

1977 5100 2167 5170 88-89)
2215 5101 2348 5155 Τινὰ
2377 5100 2704 5158 ταλάντων.
2738 5104 2777 5154 Β
2807 5102 3080 5154 ταλάντων
3121 5101 3260 5154 τινά.

1957 5169 2068 5240 (90)
2112 5171 2298 5236 Τινός.
2342 5173 2382 5222 Β
2423 5173 2593 5237 Ἐνὸς.

1955 5237 2065 5312 (9))
2110 5240 2284 5312 Ὅπερ
2312 5241 2379 5312 τὸ
2407 5242 2544 5312 ἔσχ.
2583 5243 2632 5296 ἐ.
2669 5242 2710 5294 Β
2735 5242 2869 5311 ὅπερ
2905 5239 3016 5294 ἐστὶ
3043 5237 3102 5293 τὸ
3133 5239 3378 5312 ἔσχατον.
3449 5291 3451 5294 .

1951 5309 2064 5378 (92)
2103 5309 2277 5378 ρῠδέ.
2313 5309 2574 5378 ΒῌΟὐδέν.

1950 5373 2062 5450 (9a)
2102 5374 2234 5433 τον.
2273 5379 2315 5432 Β
2338 5373 2410 5450 ᾧ.

1952 5449 2064 5519 (94⁷)
2107 5451 2291 5502 Ὅταν
2321 5449 2460 5505 delet
2489 5452 2546 5504 Β.

1953 5517 2062 5590 (95)
2102 5519 2264 5590 Παρὰ
2293 5521 2458 5573 Θεοῦ.
2492 5522 2534 5572 Α
2567 5523 2606 5574 Β
2627 5519 2728 5576 ὑπὸ
2754 5519 2845 5575 τοῦ
2873 5517 3030 5577 Θεοῦ.

1955 5587 2064 5661 (96)
2103 5587 2232 5644 Πᾶν
2262 5591 2403 5645 delet
2433 5590 2491 5645 Β.
