3950 6132
473 195 591 250 ’107

1766 193 1821 247 S.
1862 193 2189 252 GREGOBII
2228 193 2398 251 NYS‘.
2455 193 2518 248 .il

3639 196 3740 251 108

486 323 653 370 tatem
673 327 796 368 cum
822 312 987 368 simili
1008 313 1280 384 possimus
1301 310 1581 366 conciliari
1599 319 1762 380 atquc
1779 313 2053 383 conjungi.

2163 315 2453 382 διάζευξις,
2501 312 2634 383 μηδὲ
2678 311 2834 366 τοῦτό
2888 327 2971 364 σοι
3003 311 3095 364 ἀπ’
3143 309 3352 373 ἐλπίδος
3403 310 3556 362 ἔσται
3602 310 3737 381 (51).

460 406 645 472 'Quod
669 406 714 460 si
741 406 926 475 aliqua
949 406 1046 460 tibi
1077 403 1238 457 etiam
1267 403 1332 455 ad
1362 402 1465 456 hoc
1493 416 1696 471 corpus
1717 401 1934 456 aﬂ'ectio
1954 410 2059 466 est,

483 508 535 551 et
567 499 716 567 angit
752 505 802 551 te
844 511 909 550 ac
952 495 1092 548 male
1131 494 1312 556 habet,
1339 492 1485 562 quod
1521 493 1854 562 disjungeris
1900 494 1969 547 ab
1997 509 2062 548 eo

473 581 631 655 ‘quod
684 587 888 657 diligis,
949 601 1018 639 ne
1061 585 1164 640 hoc
1211 583 1428 654 quidem
1479 599 1632 654 spem
1679 585 1778 639 tibi
1834 585 2057 640 adimat.

479 677 710 733 Videbis
744 677 888 732 enim
912 690 1235 745 corporeum
1265 675 1366 728 hoc
1397 675 1714 740 amiculum,
1747 675 1892 744 quod
1919 691 2061 730 nunc

484 777 660 824 morte
689 767 1017 822 dissolutum
1051 765 1238 831 fuerit,
1285 781 1352 820 ex
1389 765 1584 821 iisdem
1615 782 1811 823 rursus
1842 770 2059 822 contexi

484 871 646 930 atque
675 859 952 928 componi,
988 873 1098 913 non
1151 858 1251 912 hac
1292 872 1481 913 crassa
1527 859 1794 929 gravique
1823 868 2056 924 textura,

467 951 578 1006 sed
631 949 698 1004 ad
744 949 948 1004 aeriam
997 951 1315 1002 tenuitatem
1362 956 1527 1018 atque
1575 950 1933 1005 subtilitatem
1973 951 2060 1005 ﬁlo

483 1041 879 1098 reconcinnato
918 1047 1083 1110 atque
1119 1042 1343 1105 refecto,
1390 1051 1451 1095 ut
1498 1050 1552 1096 et
1597 1041 1743 1096 adsit
1778 1043 1870 1094 tibi
1912 1041 2060 1110 quod

481 1132 684 1203 diligis,
712 1139 767 1184 et
803 1130 856 1183 in
908 1130 1118 1185 meliori
1147 1140 1310 1200 atque
1351 1131 1568 1185 amabili
1605 1132 1779 1199 magis
1808 1130 2059 1198 pulehri-

482 1224 670 1278 tudine
699 1221 880 1276 denuo
901 1221 1391 1276 restituatur.—G.
1416 1226 1491 1275 Ac
1515 1219 1757 1282 videtur,
1792 1219 2012 1287 inquam
2042 1257 2056 1282 ,

481 1331 548 1372 ex
567 1314 708 1372 serie
737 1321 900 1383 atque
919 1311 1331 1366 continuatione
1347 1312 1615 1364 dictorum
1637 1312 1792 1365 nobis
1810 1312 2058 1366 doctrina

481 1404 910 1462 resurrectionis
931 1401 1334 1473 quodammodo
1355 1405 1406 1456 in
1422 1403 1723 1456 orationem
1745 1403 2054 1471 irrepsisse.

482 1498 548 1553 de
582 1511 690 1567 qua
717 1496 846 1550 mihi
880 1510 986 1548 non
1014 1493 1373 1548 dubitandum
1402 1494 1620 1564 quidem
1658 1508 1783 1547 esse
1815 1493 2054 1556 videtur,

479 1587 611 1657 quin
645 1599 771 1642 vera
791 1595 841 1639 et
867 1601 932 1640 ex
973 1584 1220 1639 doctrina
1249 1582 1658 1652 Scripturarum
1689 1582 1971 1638 credibilis
2004 1591 2057 1637 et

2167 404 2323 472 Ὄψει
2359 404 2472 474 (59.)
2508 403 2615 471 γὰρ
2661 400 2821 454 τοῦτο
2849 399 2908 452 τὸ
2939 399 3246 470 σωματικὸν
3281 398 3620 470 περιϐόλαιον
3650 400 3740 453 τὸν

2162 494 2256 548 νῦν
2287 494 2400 565 (55)
2449 493 2695 546 διαλυθὲν
2724 490 2801 562 τῷ
2848 491 3060 561 θανάτῳ
3099 492 3163 544 ἐκ
3209 490 3317 542 τῶν
3355 489 3536 544 αὐτῶν
3580 491 3741 544 πάλιν

2161 584 2599 654 ὲξυφαινόμενον,
2647 583 2707 636 οὑ
2757 580 2899 635 κατά
2933 583 3029 650 τὴν
3075 581 3368 652 παχυμερῆ
3401 582 3602 649 ταύτην
3647 584 3742 635 καὶ

2165 675 2386 746 βαρεῖαν
2411 673 2753 743 κατασκευὴν
2774 715 2788 738 ,
2835 671 2950 726 ἀλλ’
2994 672 3086 725 ἐπὶ
3121 671 3181 724 τὸ
3211 671 3532 741 λεπτότερόν
3558 689 3617 724 τε
3650 674 3744 725 καὶ⁵

2161 769 2392 840 ἀερῶδες,
2431 767 2904 839 μετακλωσθέντος
2927 765 3018 819 τοῦ
3049 767 3286 836 νήματος
3312 764 3446 834 (54),
3484 763 3624 816 ὥστε
3657 779 3738 814 σοι

2163 863 2254 916 καὶ
2293 864 2542 933 παρεῖναι
2592 860 2654 913 τὸ
2702 858 3092 928 ἀγαπώμενον,
3139 857 3232 911 καὶ
3272 859 3328 911 ὲν
3367 855 3612 925 ἀμείνονι
3648 854 3744 906 καὶ

2161 953 2554 1026 ὲρασμιωτέρῳ
2617 953 2803 1006 κάλλει
2855 951 2968 1020 (55)
3029 951 3190 1004 πάλιν
3249 947 3737 1003 ἀποκαθίστασθαι.

2165 1075 2233 1085 -
2250 1043 2310 1096 Γ.
2353 1041 2488 1095 Ἀλλ’
2519 1041 2660 1096 έοικέ
2685 1058 2800 1104 πως
2819 1081 2834 1101 ,
2869 1037 3020 1092 εἷπον
3041 1081 3054 1105 ,
3081 1040 3140 1104 ἐξ
3162 1039 3476 1102 ἀκολουθίας
3502 1041 3630 1110 ἡμῖν
3677 1037 3741 1090 τό

2160 1133 2335 1202 δόγμα
2356 1132 2454 1201 τῆς
2474 1131 2823 1193 ἀναστάσεως
2839 1130 3310 1199 ἐπεισεληλυθέναι
3334 1131 3445 1197 (56)
3468 1129 3543 1199 τῷ
3569 1129 3734 1198 λόγῳ,

2160 1225 2190 1277 ὅ
2213 1241 2302 1292 μοι
2322 1224 2469 1276 δοκεῖ
2491 1223 2610 1277 ἰδεῖν
2636 1223 2747 1293 (57)
2771 1221 2966 1291 ἀληθὲς
2989 1221 3084 1292 μὲν
3106 1223 3198 1274 καὶ
3220 1221 3407 1273 πιστὸν
3430 1222 3493 1272 ὲκ
3515 1220 3611 1288 τῆς
3626 1220 3737 1272 τῶν

2161 1313 2393 1382 Γραφῶν
2425 1313 2789 1375 διδασκαλίας,
2834 1312 2919 1364 ίνα
2957 1311 3031 1381 μὴ
3060 1309 3539 1382 ἀμφιϐάλλῃ(58)’
3588 1313 3737 1364 ὲπει-

2159 1403 2221 1470 δὴ
2249 1405 2362 1474 (59)
2385 1403 2502 1466 πῶς
2525 1405 2556 1473 ή
2585 1403 2836 1457 ἀσθένεια
2857 1402 2952 1473 τῆς
2975 1403 3318 1474 ἀνθρωπίνης
3341 1402 3599 1466 διανοίας,
3620 1405 3735 1466 τοῖς

2160 1495 2424 1563 χωρητοῖς
2446 1493 2555 1562 (40)
2583 1494 2714 1563 ἡμῖν
2750 1492 3046 1562 λογισμοῖς,
3086 1493 3285 1562 μᾶλλον
3310 1493 3447 1562 πρὸς
3473 1491 3735 1562 τοιαύτην

2161 1582 2272 1651 (41)
2296 1583 2475 1635 πίστιν
2502 1582 2933 1653 ὲπιστηρίζεται,
2963 1583 3142 1646 καλῶς
3169 1582 3234 1636 ἂν
3263 1582 3374 1652 ἔχοι
3402 1582 3537 1653 μηδὲ
3574 1581 3735 1635 τοῦτο

461 1681 761 1750 explorata
805 1679 911 1745 sit;
951 1676 1044 1733 sed
1081 1678 1338 1746 quoniam
1375 1677 1628 1732 humanae
1665 1676 1862 1732 mentis
1901 1677 2053 1730 inlir-

2160 1675 2213 1728 τὸ
2236 1676 2399 1747 μέρος
2425 1676 2805 1747 παραδραμεῖν
2829 1675 3158 1747 ἀθεώρητον.
3187 1675 3251 1728 Τί
3276 1671 3370 1728 οὖν
3396 1675 3501 1746 χρὴ
3532 1675 3729 1743 λέγειν,

481 1782 644 1829 mltas
703 1771 1027 1836 rationibus,
1085 1785 1221 1837 quas
1265 1784 1462 1838 capere
1506 1768 1803 1838 possimus,
1867 1770 2040 1839 magis

2160 1768 2605 1839 περισκεψὼμεθα
2623 1768 2754 1838 (42).

481 1863 886 1936 quodammodo
915 1861 984 1915 ad
1011 1860 1325 1931 bujnsmodi
1363 1859 1567 1929 aliquid
1591 1859 1921 1915 credendum
1961 1859 2341 1926 conﬁrmatur,
2366 1859 2510 1914 haud
2533 1860 2769 1914 alienum
2795 1859 2980 1926 fuerit,
3008 1874 3079 1915 ne
3101 1859 3244 1914 hanc
3268 1859 3486 1929 quidem
3517 1869 3731 1930 partem

478 1965 844 2020 indiscussam
877 1965 931 2013 et
965 1956 1345 2026 inexplicatam
1379 1955 1822 2026 praeterireQuid
1854 1957 2017 2026 igitur
2040 1955 2222 2012 dicere
2249 1964 2517 2027 oporteat,
2548 1955 2849 2012 videamus.

563 2149 638 2203 M.
672 2149 749 2201 Ac
797 2143 1054 2210 magistra
1085 2160 1096 2194 ε
1146 2138 1248 2206 Qui
1279 2154 1307 2193 a
1337 2144 1519 2192 nostra
1562 2134 1814 2206 quidem,
1851 2133 2051 2204 inquit,

2236 2142 2309 2194 M.
2337 2139 2492 2210 Καὶὴ
2517 2137 2831 2202 διδάσκαλος
2853 2179 2868 2205 ,
2895 2137 2958 2192 Οἱ
2986 2136 3081 2208 μὲν
3104 2133 3207 2200 ἔξω
3225 2174 3240 2198 ,
3271 2133 3400 2203 φησὶ
3420 2173 3434 2195 ,
3462 2131 3557 2200 τῆς
3609 2132 3732 2185 καθ’

477 2226 817 2299 philosOphia
869 2223 1031 2277 alieni
1098 2228 1260 2288 sunt,
1319 2221 1373 2274 in
1422 2221 1653 2276 diversis
1702 2222 2052 2290 Opinionibus

2160 2229 2304 2298 ἡμᾶς
2336 2227 2651 2297 φιλοσοφίας
2676 2229 2733 2280 ὲν
2757 2225 3032 2297 διαφόροις
3069 2223 3416 2294 ὑπολήψεσιν,
3449 2223 3604 2288 ἄλλος
3638 2223 3734 2278 ἀλα

475 2320 616 2374 alius
676 2317 834 2370 aliter
887 2330 954 2370 ex
1013 2319 1166 2382 parte
1222 2312 1454 2381 quadam
1516 2311 1584 2367 de
1647 2313 2052 2369 resurrectione

2160 2321 2375 2391 λως(45)
2384 2319 2651 2391 μέρει(44)
2664 2317 2769 2371 τινὶ
2779 2318 2872 2371 τοῦ
2890 2318 3030 2372 κατά
3042 2318 3138 2386 τὴν
3151 2317 3442 2370 ἀνάστασιν
3457 2317 3736 2388 ἐφήψαντο

473 2408 778 2465 doctrinam
810 2405 1128 2475 attigerunt,
1181 2418 1283 2458 nec
1332 2403 1490 2473 plane
1536 2417 1658 2457 cum
1695 2405 1896 2460 nostris
1925 2418 2052 2459 sen-

2160 2414 2436 2484 Βόγματος,
2453 2412 2576 2466 οὔτε
2591 2411 2658 2464 δι’
2671 2408 2956 2482 ἀκριϐείας
2965 2411 3078 2472 τοῖς
3094 2409 3380 2480 ἡμετέροις
3394 2407 3732 2480 συνενεχθένο

471 2501 710 2564 tientes,
769 2510 870 2551 nec
928 2495 1148 2564 penitus
1197 2494 1266 2548 ab
1301 2491 1571 2562 ejusmodi
1620 2507 1718 2562 spe
1789 2493 2052 2549 aberran-

2160 2523 2260 2566 ιες.
2285 2503 2407 2556 οὔτε
2440 2503 2614 2572 πάντη
2649 2501 2750 2570 τῆς
2782 2499 3033 2571 τοιαύτης
3063 2498 3462 2568 ἀποσφαλέντες
3495 2497 3730 2560 ἐλπίδος.

473 2601 577 2647 tes.
639 2590 775 2644 Nam
844 2587 1091 2642 nonnulli
1132 2587 1347 2655 quidem
1409 2599 1523 2638 rem
1594 2583 2050 2640 communicando

2160 2598 2309 2660 Τινὲς
2343 2596 2440 2665 μὲν
2469 2595 2576 2664 γὰρ
2605 2593 2885 2663 ὑϐρίζουσι
2912 2594 2978 2662 τῇ
3003 2591 3272 2660 κοινότητι
3289 2589 3352 2643 τὸ
3371 2589 3730 2658 ἀνθρώπινον,

473 2677 806 2734 contumelia
835 2675 1097 2737 alliciunt,
1132 2689 1196 2728 ac
1226 2673 1592 2729 debonestant
1627 2673 1926 2727 humanum
1956 2689 2049 2744 ge—

2160 2689 2252 2759 τὴν
2277 2687 2443 2757 αὐτὴν
2469 2686 2572 2738 ἀνά
2604 2684 2766 2754 μέρος
2789 2682 3075 2752 ἀνθρώπου
3105 2699 3164 2734 τε
3191 2683 3286 2735 καὶ
3315 2682 3509 2748 ἀλόγου
3551 2679 3734 2750 ψυχὴν

474 2785 601 2835 nus,
666 2767 913 2824 eamdem
956 2766 1191 2819 animam
1216 2773 1502 2820 censentes
1536 2765 1769 2819 invicem
1804 2771 1921 2818 tum
1951 2765 2050 2818 bo-

2160 2777 2507 2847 διοριζόμενω
2539 2775 2804 2842 γίνεσθαι,
2830 2773 3255 2843 μετενδυομένην
3277 2771 3346 2825 τά
3373 2771 3619 2841 σώματα,
3639 2771 3735 2824 καὶ

474 2861 674 2926 minis,
710 2867 824 2913 tum
889 2858 1103 2912 ratione
1147 2857 1423 2924 carentis,
1471 2872 1534 2910 ac
1580 2858 1725 2912 bruti
1775 2856 1890 2912 ﬁeri
1931 2858 2050 2910 ani-

2160 2869 2292 2940 πρδς
2319 2869 2383 2921 τὸ
2407 2867 2638 2937 ἀρέσκον
2664 2865 2751 2917 ἀεὶ
2777 2864 3229 2935 μεταϐαίνουσαν,
3254 2864 3286 2932 ἢ
3322 2863 3542 2933 πτηνὸν,
3577 2862 3610 2932 ἢ
3642 2861 3732 2915 ἐν·

480 2953 642 3008 malis
674 2993 688 3018 ,
725 2952 829 3005 alia
865 2958 988 3020 post
1025 2951 1128 3002 alia
1161 2949 1392 3004 subinde
1441 2965 1670 3020 corpora
1711 2951 2047 3012 induentem,

2160 2960 2332 3029 υδρον,
2377 2958 2410 3028 ἢ
2443 2957 2696 3028 χερσαῖόν
2743 2973 2794 3009 τι
2844 2955 2981 3019 ζῶον
3009 2955 3300 3026 γινομένην
3335 2954 3475 3024 μετά
3502 2954 3593 3007 τὸν
3633 2955 3734 3008 ἀν-

474 3055 528 3101 et
576 3045 640 3098 ad
684 3042 738 3097 id
795 3043 939 3113 quod
990 3043 1207 3113 placeat
1254 3057 1472 3111 semper
1533 3050 1936 3108 transeuntem,
1970 3042 2051 3096 vel

2160 3049 2390 3120 θρωπον,
2416 3049 2509 3103 καὶ
2532 3047 2693 3101 πάλιν
2725 3046 2833 3100 ἀπὸ
2860 3047 3062 3100 τούτων
3080 3046 3217 3117 πρὸς
3251 3046 3348 3116 τὴν
3383 3046 3734 3116 ἀνθρωπίνην

473 3137 714 3202 volatile,
764 3135 847 3189 vel
897 3134 1158 3205 aquatile,
1228 3133 1312 3189 vel
1371 3139 1632 3188 terrestre
1698 3133 1899 3186 animal
1933 3141 2053 3202 post

2160 3141 2432 3194 ἐπανιέναι
2471 3139 2652 3208 φύσιν.
2705 3141 2920 3211 ’Ἐτεροι
2959 3139 3015 3192 δὲ
3046 3137 3208 3209 μέχρι
3251 3137 3357 3190 τῶν
3388 3137 3606 3207 θάμνων
3637 3138 3733 3191 τὸν

477 3227 752 3282 hominem
802 3226 952 3291 ﬁeri,
989 3240 1052 3280 ac
1107 3239 1300 3280 rursus
1375 3227 1446 3280 ab
1509 3225 1593 3280 liis
1634 3224 1701 3279 ad
1756 3225 2050 3279 humanam

477 3315 661 3370 redire
691 3324 964 3369 naturam.
1007 3312 1113 3366 Alii
1153 3329 1282 3368 vero
1313 3314 1475 3367 etiam
1519 3312 1585 3367 ad
1629 3312 1860 3368 frutices
1901 3313 2054 3380 ejus-

477 3405 625 3459 modi
679 3405 1097 3460 deliramentum
1159 3403 1498 3468 extendunt,
1561 3410 1620 3456 ut
1667 3403 1833 3457 etiam
1891 3402 2053 3456 arbo-

475 3511 627 3551 ream
711 3511 775 3550 ac
835 3495 1067 3566 ligneam
1099 3493 1149 3550 ei
1221 3495 1390 3548 vitam
1447 3493 1860 3548 convenientem
1891 3502 2052 3561 atque

472 3588 937 3645 accommodatam
965 3603 1087 3644 esse
1127 3596 1336 3657 putent.
1357 3584 1643 3642 Nonnullis
1667 3600 1794 3641 vero
1831 3585 1936 3640 hoc
1963 3599 2054 3641 so-

470 3680 584 3734 lum
639 3681 878 3743 videtur,
932 3679 1180 3734 videlicet
1227 3679 1370 3748 quod
1420 3694 1487 3733 ex
1566 3679 1785 3733 homine
1835 3693 2052 3748 semper

472 3770 639 3822 alium
697 3769 968 3821 hominem
1036 3767 1270 3822 invicem
1323 3775 1543 3832 sumat,
1591 3776 1647 3822 et
1696 3783 1793 3836 per
1831 3769 2048 3824 easdem

475 3858 626 3913 omni
663 3866 908 3927 tempore
968 3858 1203 3910 humana
1244 3858 1356 3910 vita
1392 3858 1641 3928 exigatur
1672 3866 1836 3928 atque
1883 3874 2044 3929 rega-

471 3955 604 4002 tur:
653 3961 778 4001 cum
820 3960 968 4000 nunc
1020 3944 1240 4016 quidem
1281 3945 1338 3999 in
1394 3945 1517 4007 his.
1564 3961 1762 4004 rursus
1833 3947 1958 4002 item
1992 3948 2048 4002 in

472 4038 598 4094 aliis
652 4036 854 4092 eaedem
901 4037 956 4091 in
1018 4045 1336 4108 perpetuum
1371 4039 1567 4094 animae
1619 4040 1751 4095 sint.
1807 4038 1917 4096 Nos
1950 4056 2050 4094 au-

469 4142 580 4187 tem
625 4127 1130 4185 commodissimum
1179 4143 1674 4197 esse‘censemus,
1729 4138 1786 4185 ut
1839 4132 1908 4186 ab
1959 4146 2051 4187 ec-

469 4221 797 4278 clesiasticis
832 4220 1119 4275 sententiis
1159 4229 1324 4291 atque
1381 4221 1618 4280 decretis
1675 4223 2044 4290 exordieutes,

469 4315 646 4385 iisque
711 4312 867 4383 quasi
940 4311 1308 4369 fundamentis
1378 4313 1532 4376 nixi,
1619 4321 1832 4368 tantum
1901 4318 2044 4370 dun-

2152 3228 2393 3282 τοιοῦτον
2430 3228 2592 3299 λῆρον
2625 3230 2977 3291 ἐκτείνουσιν,
3012 3228 3088 3290 ὠς
3112 3228 3206 3282 καὶ
3237 3227 3330 3281 τὸν
3369 3227 3577 3297 ξυλώδη
3616 3227 3731 3296 βίον

2153 3317 2290 3388 αὐτῇ
2339 3317 2668 3387 κατάλληλόν
2713 3335 2775 3370 τε
2824 3318 2918 3370 καὶ
2967 3319 3164 3370 οἰκεῖον
3192 3316 3452 3384 νομίζειν.
3505 3317 3630 3380 Τοῖς
3672 3318 3730 3371 δὲ

2151 3409 2308 3463 τοῦτο
2339 3409 2484 3462 δοκεῖ
2504 3407 2660 3478 μόνον
2682 3405 2743 3459 τὸ
2770 3406 2827 3473 ἐξ
2848 3405 3132 3474 ἀνθρώπου
3163 3405 3274 3476 (45)
3300 3404 3487 3474 ἕτερον
3521 3405 3731 3476 ἀνθρω-

2153 3516 2253 3552 πον
2285 3500 2370 3552 ἀεὶ
2407 3496 2858 3568 μεταλαμϐάνειν,
2896 3498 2989 3551 καὶ
3015 3495 3104 3549 διὰ
3141 3495 3249 3549 τῶν
3282 3497 3461 3550 αὐτῶν
3498 3497 3730 3551 πάντοτε

2151 3592 2242 3645 τὸν
2269 3589 2606 3661 ἀνθρώπινον
2631 3588 2973 3658 διεξάγεσθαι
2995 3588 3129 3657 βίον,
3162 3587 3256 3642 νῦν
3285 3587 3382 3658 μὲν
3411 3591 3469 3642 ὲν
3495 3589 3728 3655 τούτοις,

2156 3682 2317 3735 πάλιν
2335 3681 2391 3734 δὲ
2414 3681 2523 3751 (46)
2547 3681 2605 3733 ὲν
2624 3679 2826 3751 ἑτέροις
2850 3678 2958 3733 τῶν
2974 3678 3155 3732 αὐτῶν
3173 3678 3358 3750 ψυχῶν
3377 3680 3456 3742 είς
3477 3679 3538 3732 τὺ
3561 3681 3733 3750 διηνε⁸

2152 3772 2245 3834 κὲς
2276 3772 2589 3842 γινομένων.
2609 3772 2800 3841 Ἡμεῖς
2825 3771 2884 3824 δὲ
2912 3769 3091 3832 καλῶς
3118 3769 3264 3841 ἔχειν
3291 3771 3494 3841 φαμὲν,
3526 3772 3591 3825 ὲκ
3620 3773 3731 3824 τῶν

2152 3860 2622 3930 ὲκκλησιαστικῶν
2650 3859 2935 3930 δογμάτων
2965 3859 3306 3931 ὁρμώμενοι,
3346 3860 3596 3913 τοσοῦτον
3625 3879 3731 3913 πα-

2157 3950 2484 4022 ραδέξασθαι
2511 3951 2668 4022 μόνον
2685 3950 2793 4004 τῶν
2813 3950 3037 4005 τοιαῦτα
3056 3951 3586 4022 πεφιλοσοφηκότων,
3606 3953 3732 4005 ὃτον

2156 4061 2219 4096 συ
2229 4042 2577 4114 μφωνοῦντας
2607 4042 2803 4104 αὐτοὺς
2833 4042 3035 4113 τρόπον
3055 4040 3176 4095 τινά
3198 4040 3365 4106 δεῖξαι
3385 4042 3462 4111 τῷ
3479 4042 3578 4110 τῆς
3593 4045 3742 4105 ἀνα·-

2155 4139 2396 4201 στάσεως
2421 4137 2669 4208 δόγματι.
2716 4137 2789 4189 Τὸ
2821 4136 2929 4206 γὰρ
2967 4136 3144 4203 λέγειν
3177 4135 3371 4197 αὐτοὺς
3398 4134 3560 4186 πάλιν
3588 4137 3733 4187 τισὶν

2154 4227 2264 4297 (47)
2289 4227 2726 4299 έπεισκρίνεσθαι
2749 4226 3014 4297 δόγμασιν
3037 4226 3150 4294 (48)
3187 4225 3322 4295 μετά
3350 4225 3447 4294 τὴν
3476 4225 3584 4292 (49)
3622 4226 3732 4277 ἀπ).

2150 4317 2339 4371 τούτου
2365 4317 2478 4389 (50)
2513 4319 2754 4372 διάλυσιν
2785 4318 2884 4386 τὴν
2907 4316 3105 4388 ψυχὴν,
3147 4317 3207 4369 ού
3251 4315 3371 4368 λίαν
3395 4315 3590 4386 ἀπᾴδει
3632 4319 3731 4384 τῆς

468 4412 620 4460 taxat
651 4404 718 4460 de
751 4403 1101 4472 Opinionibus
1131 4419 1320 4459 eorum
1344 4443 1358 4468 ,
1389 4405 1482 4473 qui
1517 4404 1630 4459 haec
1667 4405 2046 4475 philosophico

2160 4409 2510 4479 ἐλπιζομένης
2533 4411 2663 4480 ἡμῖν
2689 4408 3056 4470 ἀναϐιώσεως,
3084 4408 3165 4461 ὅτι
3188 4407 3301 4476 (51)
3331 4407 3440 4477 γὰρ
3461 4409 3729 4477 ἡμέτερος

468 4515 624 4555 more
680 4505 1053 4552 tractaverunt
1086 4537 1100 4565 ,
1160 4495 1493 4566 accipiamus
1527 4534 1541 4559 ,
1601 4507 1865 4565 quantum
1911 4499 2045 4554 satis

2160 4501 2304 4570 λόγος
2333 4501 2398 4554 ὲκ
2414 4500 2522 4554 τῶν
2548 4501 2640 4553 τοῦ
2662 4500 2865 4570 κόσμου
2893 4500 3194 4570 στοιχείων,
3229 4499 3325 4553 νῦν
3345 4517 3402 4552 τε
3425 4499 3517 4553 καὶ
3543 4500 3734 4552 εἰσαῦο

469 4592 541 4648 sit
578 4591 647 4648 ad
677 4589 1163 4646 demonstrandum
1197 4603 1292 4644 eos
1317 4588 1504 4659 aliquo
1544 4588 1706 4644 modo
1747 4590 2043 4646 convenire

2160 4591 2233 4656 in;
2259 4593 2320 4646 τὸ
2349 4592 2508 4662 σῶμα
2537 4590 2693 4662 ἡμῶν
2724 4589 3073 4645 συνίστασθαι
3109 4591 3280 4661 λέγει,
3316 4591 3411 4644 καὶ
3439 4593 3554 4654 τοῖς
3588 4584 3729 4655 ἔξω·

428 4793 441 4883 ξ
537 4815 650 4883 έ51)
687 4816 920 4867 Ἔσται.
950 4813 1014 4883 Α,
1111 4810 1268 4864 ἔστω.

433 4875 446 4961 l
540 4875 654 4961 (Ξὲ)
697 4883 962 4961 "gest-.3
989 4881 1114 4961 {dn-
1182 4949 1208 4959 -

437 4951 446 5001 ἱ
539 4951 653 5022 (55)
697 4951 806 5008 Tdr
827 4952 964 5006 νῦν.
990 4952 1032 5003 Β
1053 4951 1112 5003 τὸ
1146 4951 1260 5022 νῦν.

447 5034 458 5040 “
541 5019 650 5092 (54)
693 5023 803 5092 Τοῦ
829 5023 1113 5092 νήματος.
1146 5019 1314 5092 Βητοῦ
1338 5021 1622 5092 νοήματος.

2217 4813 2328 4884 (42)
2367 4815 2686 4884 Περισκεψ.
2714 4814 2841 4884 Α,Β
2873 4813 3302 4884 ἐπισκεψόμεθα.

2215 4883 2328 4952 (43)
2372 4885 2618 4952 Ἄλλως.
2645 4883 2686 4934 Β
2716 4883 2876 4950 ἄλλῳ.

2238 4951 2326 5022 44)
2364 4951 2561 5022 Μέρει.
2591 4953 2633 5003 Δ
2657 4953 2712 5022 έν
2751 4952 2927 5022 μέρει.

2374 5018 2468 5093 Ἐξ
2496 5018 2913 5093 mensae.ij
2936 5019 3171 5093 ὲξμάνθρ.
3203 5021 3453 5076 πάντοτε.

545 5089 650 5163 {55)
691 5089 933 5148 Koma.
967 5092 1010 5142 B
1034 5089 1113 5160 τῷ
1139 5089 1341 5163 κάλλει.
1376 5161 1385 5163 _
1420 5089 1450 5092 ’ί
1526 5161 1564 5163 _
1632 5160 1643 5163 _
1675 5162 1680 5163 ί
2213 5089 2325 5163 (46)
2364 5090 2556 5163 Πάλιν
2584 5089 2668 5144 δέ.
2699 5091 2743 5163 Α
2771 5089 3046 5163 πάλιν-νῦν
3068 5089 3145 5146 δέ’.

538 5159 648 5231 (56)
690 5159 1272 5233 Ἕπεισεέῖηλυθέναι.
1303 5161 1344 5210 Β
1372 5160 1792 5214 έπειολλυθέναι.
2220 5159 2330 5233 (4ἶ)
2369 5159 2562 5233 Πᾲλιν
2584 5160 2764 5233 τισίν.
2796 5161 2841 5233 lg
2875 5161 3034 5233 πᾲλιν
3076 5163 3244 5233 αὑτήν
3269 5179 3431 5214 τισιν.

558 5233 648 5295 57)
701 5233 891 5286 Ἰδεῖν.
917 5231 958 5281 Β
987 5232 1115 5283 δεῖν.
2221 5229 2332 5368 (48)
2373 5229 2688 5296 Δόγμασιν.
2718 5231 2781 5292 Α,
2811 5229 2850 5281 Β
2875 5231 3140 5300 σώμασιν.
3200 5229 3210 5233 ’

558 5304 653 5368 58)
691 5301 825 5354 Ἵνα
870 5299 954 5368 μὴ
990 5299 1359 5368 ἀμφιϐάλλῃ.
1403 5300 1442 5352 Α
1478 5297 1615 5354 εἶναι
1641 5303 1744 5368 (sic
1773 5307 1827 5354 et
1862 5297 1921 5366 B)
1967 5296 2041 5366 μὴ
2247 5301 2334 5367 li9)
2372 5299 2532 5368 Μετὰ
2557 5297 2686 5364 τήν.
2708 5299 2751 5352 Α
2777 5299 2831 5353 in
2864 5309 3016 5354 textu
3049 5318 3060 5352 :
3087 5301 3241 5354 Μετά
3261 5301 3356 5368 τὴν
3381 5300 3488 5353 ἀπὸ
3516 5301 3606 5352 τού

558 5236 648 5295 57)
701 5236 891 5286 Ἰδεῖν.
918 5236 958 5281 Β
987 5236 1115 5283 δεῖν.

870 5299 954 5369 μὴ
990 5299 1359 5369 ἀμφιϐάλλῃ.
1403 5300 1442 5352 Α
1478 5297 1615 5354 εἶναι
1641 5303 1744 5371 (sic
1773 5307 1827 5354 et
1862 5297 1921 5366 B)
1967 5296 2041 5366 μὴ

2245 5236 2332 5297 48)
2373 5236 2688 5296 Δόγμασιν.
2718 5236 2781 5292 Λ,
2811 5236 2850 5281 Β
2875 5236 3140 5300 σώμασιν.

2221 5236 2334 5368 (49)
2372 5299 2532 5351 Μετὰ
2557 5297 2686 5364 τήν.
2708 5299 2751 5352 Α
2777 5299 2831 5353 in
2864 5309 3016 5354 textu
3049 5318 3060 5352 :
3087 5301 3241 5354 Μετά
3261 5301 3356 5371 τὴν
3381 5300 3488 5353 ἀπὸ
3516 5301 3725 5354 τούτων

2160 5368 2389 5422 διάλυσιν
2433 5366 2530 5424 τὴν
2577 5368 2753 5424 dixith
2800 5369 2919 5424 λίαν
2950 5371 3170 5424 ἀπάδειο
3220 5373 3274 5424 in
3316 5369 3592 5424 maraiue.
3625 5367 3724 5424 τοῦ

469 5366 884 5445 ἀμφιϐάλλειν.’
945 5366 953 5368 “
1028 5366 1040 5369 ⁷
1075 5366 1086 5368 “
1651 5366 1660 5371 ⁷

537 5441 648 5512 (59)
698 5437 955 5512 Ἐξττιειδήζ
978 5439 1100 5512 Λ,ΑΒ
1129 5437 1312 5506 ἐπειδὴ
1336 5436 1413 5512 δέ.

2160 5366 2389 5422 διάλυσιν
2433 5366 2530 5436 τὴν
2577 5368 2753 5438 ψυχὴν
2800 5369 2919 5424 λίαν
2950 5371 3170 5440 ἀπᾴδειο
3220 5373 3274 5426 iu
3316 5366 3592 5441 margine,
3625 5367 3724 5424 τοῦ

2160 5437 2689 5512 σώματοεδιάξευξιν
2719 5439 2779 5491 ού
2800 5439 2919 5512 λίαν
2939 5440 3152 5512 ἀπᾴδει.

562 5507 650 5574 4θέ
690 5509 1004 5576 Χωρητοῖς.
1037 5510 1078 5558 Α
1102 5510 1444 5576 χωρητικοῖς.
2225 5507 2335 5576 (50)
2381 5507 2621 5560 Τούτου.
2653 5507 2696 5560 Β
2730 5509 2950 5566 τούτων.

538 5507 650 5582 (4θέ
690 5509 1004 5576 Χωρητοῖς.
1037 5510 1078 5558 Α
1102 5510 1444 5576 χωρητικοῖς.
2225 5507 2315 5575 (50
2381 5507 2621 5560 Τούτου.
2653 5507 2696 5560 Β
2730 5509 2815 5562 τού

538 5581 650 5655 (ﬂ)
695 5580 999 5644 Τοιαύτην.
1035 5578 1075 5628 Β
1098 5576 1195 5645 τὴν
1224 5577 1495 5648 τοιαύτην.
2223 5507 2336 5647 (51)
2379 5575 2524 5632 Ὅτι,
2560 5576 2624 5644 Α,
2650 5578 2815 5632 Βότε.
