3950 6132
343 220 496 280 109

1374 213 1464 270 DE
1501 211 1719 269 ANIMA
1748 210 1836 266 ET
1875 204 2294 279 RESURRECT
2299 204 2486 263 IGNE.

3534 199 3635 255 HO

390 330 485 387 θεν
507 328 569 385 τὸ
595 324 712 400 ἴσον
730 329 899 385 δοκεῖ.
925 330 1001 384 Οὐ
1016 328 1127 400 γὰρ
1145 327 1260 400 (52)
1279 329 1446 401 ἄλλην
1461 328 1586 385 τινὰ
1606 327 1698 383 τοῦ
1716 328 1956 401 σώματος

2065 339 2189 380 cum
2226 323 2478 380 doctrina
2540 319 2981 378 resurrectionis.
3031 314 3379 389 Nam”quod
3396 312 3631 372 dicunt.

388 421 697 492 ἐπινοήσεις
716 420 835 491 (55)
857 420 1019 490 φύσιν
1046 419 1152 485 ἔξω
1172 419 1272 491 τῆς
1293 419 1500 491 δρομῆς
1528 419 1641 493 (54)
1678 419 1787 473 τῶν
1817 436 1962 473 στοι-

382 513 567 583 χείων.
602 512 860 585 Διαφέρει
888 512 947 566 δὲ
973 511 1244 579 τοσοῦτον,
1271 512 1395 565 ὅσον
1424 513 1551 583 παρ’
1590 511 1745 582 ἡμῶν
1780 510 1879 582 μὲν
1901 510 1964 564 τὸ

381 603 521 658 αὐτὸ
534 602 786 673 λέγεσθαι
802 603 962 657 πάλιν
978 618 1046 656 πε
1053 603 1106 674 pl.
1116 602 1215 675 τὴν
1225 602 1400 674 ψυχὴν
1413 601 1525 674 (55)
1541 601 1962 674 συμπήγνυσθαι

383 695 572 767 σῶμα,
596 694 779 748 ἐκτῶν
798 693 978 749 αὐτῶν
999 693 1275 764 στοιχείων
1303 693 1799 765 συναρμοζόμενονο
1823 691 1964 746 ὲκεί-

383 801 512 848 νους
535 784 590 836 δὲ
620 783 829 837 οἴεσθαι
854 782 989 855 πρὸς
1003 782 1135 837 ἄλλα
1159 781 1280 835 τινὰ
1308 780 1535 852 σώματα
1559 779 1753 849 λογικά
1781 796 1842 834 τε
1867 780 1962 834 καὶ

382 874 580 943 ἄλογα,
625 875 721 930 καὶ
753 872 1056 943 ἀναίσθητα
1076 872 1175 945 τὴν
1201 873 1379 944 ψυχὴν
1410 871 1773 927 καταπίπτειν
1801 871 1913 943 (56)
1940 886 1958 905 ο

382 959 466 1031 οἷς
490 966 555 1020 τὸ
601 965 701 1036 μὲν
728 966 793 1017 ἐκ
829 964 937 1018 τῶν
971 961 1066 1018 τοῦ
1100 964 1304 1034 κόσμου
1351 962 1532 1034 μερῶν
1572 958 1709 1017 εἶναι
1733 961 1834 1034 τὴν
1864 961 1961 1015 σύ-

383 1073 576 1110 στασιν
600 1056 966 1127 ὁμολογεῖται,
986 1055 1243 1123 διαφωνεῖ
1268 1054 1327 1107 δέ
1358 1053 1418 1108 τὸ
1450 1054 1525 1125 μὴ
1554 1055 1620 1107 ἐκ
1654 1054 1760 1107 τῶν
1782 1052 1960 1108 αὐτῶν

378 1145 591 1199 οἴεσθαι
610 1145 722 1198 τῶν
746 1143 867 1199 κατ’
889 1145 1061 1215 ἀρχὰς
1088 1142 1202 1216 (57)
1235 1144 1292 1196 ἐν
1314 1144 1380 1214 τῇ
1404 1142 1491 1196 διὰ
1523 1141 1722 1212 σαρκὸς
1753 1142 1864 1214 ζωῇ
1891 1144 1959 1213 τῇ

377 1234 528 1306 ψυχῇ
560 1234 967 1307 πῳσφυέντων.
999 1232 1206 1288 Οὐκοῦν
1236 1233 1298 1285 τὸ
1329 1232 1428 1302 μὲν
1461 1231 1535 1303 μὴ
1564 1231 1670 1297 ἔξω
1698 1230 1791 1286 τοῦ
1820 1233 1961 1286 είκόο

378 1343 473 1390 τος
497 1322 640 1379 εἶναι
674 1323 737 1378 τὸ
761 1326 921 1379 πάλιν
966 1324 1066 1395 τὴν
1093 1323 1271 1395 ψυχὴν
1320 1325 1377 1377 ἐν
1425 1322 1638 1393 σώματι
1670 1321 1782 1393 (58)
1810 1323 1959 1392 γενέ·

382 1416 531 1481 σθαι,
562 1416 714 1488 παρὰ
750 1416 850 1488 τῆς
877 1416 981 1481 ἔξω
1026 1413 1343 1485 φιλοσοφίας
1374 1413 1817 1486 μεμαρτυρῆσθω
1836 1430 1850 1444 °
1897 1416 1959 1469 τὸ

377 1504 438 1560 δέ
462 1506 764 1561 ἀσύστατον
798 1505 892 1560 τοῦ
946 1506 1168 1559 ἐκείνων
1210 1504 1476 1574 δόγματος
1513 1503 1628 1573 (59)
1674 1503 1864 1574 καιρὸς
1892 1502 1959 1558 ἂν

377 1598 464 1670 εἴη
497 1586 989 1667 διασκορπίσασθαι
1022 1595 1160 1669 (60).
1201 1595 1296 1650 καὶ
1323 1594 1390 1649 δι’
1424 1595 1593 1665 αὐτῆς
1625 1594 1681 1648 δὲ
1720 1594 1831 1665 (61)
1860 1595 1959 1666 τῆς

2063 418 2301 472 animam
2337 405 2639 486 postquam
2659 426 2691 466 a
2713 425 2947 482 corpore
2974 409 3249 481 disjuncta
3288 406 3488 470 fuerit,
3513 419 3638 459 rur-

2063 524 2160 567 sus
2189 517 2501 580 penetrare,
2529 512 2584 562 et
2612 504 2894 561 insinuare
2949 517 3010 558 se
3060 501 3114 557 in
3141 501 3323 571 aliqua
3364 509 3595 567 corpora
3621 532 3637 554 .

2062 616 2171 657 non
2221 597 2514 655 admodum
2550 595 2830 667 discrepat
2888 595 2956 650 ab
2994 608 3059 650 ea
3119 606 3281 663 quam
3349 600 3637 659 speramus

2061 689 2488 753 resurrectione,
2520 687 2775 760 quoniam
2805 694 2860 743 et
2890 697 3079 742 nostra
3110 696 3328 756 quoque
3362 680 3636 748 scriptura

2060 784 2214 848 dicit.
2264 798 2330 839 ex
2372 781 2655 838 elementis
2708 778 2898 836 mundi
2932 786 2988 835 et
3040 790 3187 832 nunc
3225 784 3478 829 constare
3534 784 3636 825 no-

2061 884 2235 932 strum
2263 888 2464 943 corpus
2488 912 2504 940 ,
2539 878 2594 927 et
2633 870 2690 926 in
2740 879 3020 942 posterum
3071 866 3360 923 conﬂatum
3400 873 3454 919 et
3506 876 3638 916 con-

2060 966 2312 1022 stitutum
2350 964 2414 1019 iri
2449 983 2462 1018 :
2500 970 2556 1019 ct
2583 962 2728 1017 idem
2772 960 3013 1017 externis
3062 956 3404 1029 philosophis
3432 955 3631 1025 placet.

2058 1053 2179 1111 Non
2227 1058 2374 1110 enim
2407 1053 2625 1109 aliunde
2664 1051 2891 1109 conﬂari
2927 1064 3127 1120 corpus
3173 1048 3482 1119 excogitare
3511 1060 3638 1116 pos—

2060 1146 2206 1209 sint,
2262 1156 2425 1213 quam
2469 1156 2535 1196 ex
2594 1155 2868 1195 concursu
2904 1139 3318 1194 elementorum.
3372 1131 3636 1188 Diﬂeren-

2060 1230 2137 1285 tia
2189 1237 2371 1285 autem
2426 1236 2480 1286 et
2528 1228 2904 1284 controversia
2944 1227 3000 1281 in
3057 1240 3122 1281 eo
3185 1223 3441 1279 consistit
3484 1221 3636 1293 quod

2060 1334 2090 1375 a
2125 1323 2283 1379 nobis
2332 1324 2552 1394 quidem
2593 1323 2833 1387 dicitur,
2881 1320 3024 1376 idem
3078 1331 3270 1373 rursus
3319 1316 3465 1372 circa
3518 1315 3637 1369 ani-

2059 1425 2201 1466 mam
2257 1411 2502 1467 eamdem
2552 1424 2911 1466 concrescere
2946 1423 3166 1477 corpus,
3216 1404 3362 1477 quod
3421 1419 3487 1458 ex
3535 1404 3636 1458 iis-

2058 1500 2182 1556 dem
2223 1503 2510 1559 clementis
2571 1509 2725 1557 coeat
2783 1510 2838 1556 et
2901 1486 3300 1564 concinnetur,
3371 1495 3449 1550 illi
3505 1509 3636 1548 vero

2060 1598 2291 1662 putant,
2348 1593 2418 1647 ad
2478 1594 2585 1648 alia
2633 1592 2883 1663 quaedam
2941 1604 3195 1661 corpora,
3253 1595 3366 1642 tum
3420 1585 3634 1640 ratione

377 1685 521 1751 κατὰ
556 1685 619 1740 τὸ
644 1685 864 1755 εὔλογον
893 1685 1310 1755 ἀνακυπτούσης
1338 1686 1469 1757 ἡμῖν
1494 1683 1954 1755 ἁκολουθίας,φαο

2062 1685 2306 1756 praedita,
2337 1692 2451 1741 tum
2488 1687 2717 1743 rationis
2753 1694 2916 1756 atque
2968 1681 3105 1738 adeo
3154 1693 3354 1736 sensus
3386 1676 3634 1748 expertia

378 1776 615 1845 νερῶσαι
655 1776 855 1847 ῥᾳδίως
882 1776 996 1829 ἐστὶ
1019 1775 1132 1846 (62)
1161 1774 1384 1828 δυνατὸν
1412 1773 1510 1842 τὴν
1540 1772 1815 1845 ἀλήθειαν.

2062 1778 2288 1833 animam
2323 1778 2493 1850 redigi
2552 1788 2718 1850 atque
2749 1777 2988 1833 transire
3019 1795 3032 1832 :
3093 1788 3215 1845 quae
3249 1771 3467 1843 quidem
3510 1784 3632 1825 cor-

377 1882 511 1937 pora
559 1870 694 1939 quin
729 1884 794 1924 ex
843 1869 1093 1939 partibus
1133 1867 1321 1924 mundi
1367 1866 1676 1923 conﬂentur
1718 1882 1829 1922 non
1855 1867 2157 1937 dubitatur,
2182 1886 2285 1928 nec
2337 1871 2406 1928 de
2447 1886 2511 1928 ea
2552 1887 2614 1927 re
2687 1869 3062 1926 controversia
3111 1875 3227 1932 est;
3295 1863 3389 1920 sed
3454 1863 3510 1916 in
3568 1874 3636 1916 eo

372 1960 653 2015 dissensio
678 1967 784 2019 est,
824 1958 972 2028 quod
1020 1956 1099 2012 illi
1138 1972 1247 2012 non
1286 1966 1483 2027 putant
1516 1971 1579 2012 ex
1626 1956 1820 2013 iisdem
1866 1959 2118 2028 partibus
2167 1975 2233 2015 ca
2283 1962 2511 2017 conﬂari
2576 1976 2697 2031 quae
2754 1968 2935 2031 partes
3017 1959 3084 2014 ab
3116 1959 3271 2013 initio
3336 1957 3389 2010 in
3441 1967 3633 2008 carna-

375 2054 410 2107 li
447 2052 588 2106 vita'
615 2040 814 2105 anima:
844 2050 1211 2105 adhaeserant.
1238 2047 1382 2119 Ergo
1411 2047 1530 2103 veri
1585 2047 1803 2118 quidem
1859 2062 1966 2102 non
2006 2048 2258 2107 absimile
2290 2065 2413 2108 esse
2446 2051 2592 2122 quod
2644 2053 2829 2106 anima
2871 2066 3065 2107 rursus
3120 2049 3176 2104 in
3243 2059 3477 2116 corpore
3536 2059 3631 2098 ex-

373 2143 558 2205 sistat,
643 2148 885 2196 externae
940 2139 1301 2211 philosOphiaz
1369 2139 1688 2195 testimonio
1748 2140 2167 2212 comprobatum
2222 2150 2363 2200 esto.
2409 2143 2567 2211 Quod
2615 2153 2797 2200 autem
2865 2156 3055 2198 eorum
3114 2139 3363 2197 doctrina
3446 2135 3641 2193 consi-

374 2242 520 2295 stere
546 2246 655 2286 non
708 2231 903 2301 possit,
960 2230 1342 2300 tempestivum
1408 2229 1570 2284 fuerit
1629 2229 1943 2301 dispicere,
1979 2238 2146 2303 atque
2208 2249 2307 2304 per
2384 2249 2504 2291 cam
2559 2250 2682 2305 qua;
2734 2250 2802 2289 ex
2855 2242 3004 2290 recta
3047 2233 3257 2289 ratione
3309 2230 3470 2287 nobis
3536 2246 3631 2286 ex-

372 2324 525 2379 sistit
569 2320 1017 2390 consequentiam
1050 2358 1066 2384 ,
1111 2320 1288 2390 quoad
1345 2317 1465 2389 ejus
1531 2318 1645 2374 ﬁeri
1717 2328 1942 2391 potest,
1984 2322 2273 2379 ostendere
2315 2338 2380 2380 ac
2422 2324 2706 2381 declarare
2753 2326 3062 2382 veritatem.

444 2415 542 2479 Τίς
569 2408 663 2469 οὖν
698 2415 727 2466 ὁ
761 2412 889 2484 περὶ
928 2411 1133 2466 τούτων
1158 2411 1352 2481 λόγοςς
1406 2412 1468 2465 Oi
1503 2411 1639 2481 πρὸς
1664 2411 1951 2484 διαφόρους

2127 2414 2383 2482 Quanam
2421 2415 2588 2488 igitur
2635 2417 2785 2473 hisce
2807 2417 2875 2473 de
2929 2417 3095 2472 rebus
3127 2415 3304 2471 oratio
3343 2414 3475 2470 est?
3504 2411 3637 2478 Qut-

370 2509 569 2576 φύσεις
611 2507 710 2577 τὴν
741 2504 919 2576 ψυχὴν
965 2505 1390 2576 μετοικίζοντες,
1442 2506 1657 2575 συσχεῐν
1699 2505 1811 2576 (65)
1861 2524 1949 2577 μοι

2062 2507 2162 2562 bus
2201 2506 2267 2562 ad
2302 2507 2550 2565 diversas
2610 2517 2837 2563 naturas
2887 2509 3126 2562 animam
3178 2506 3419 2559 transire
3472 2513 3635 2573 atque

369 2598 592 2652 δοκοῦσι
619 2597 717 2660 τὰς
753 2596 855 2665 τῆς
893 2595 1105 2665 φύσεως
1133 2596 1432 2666 ίδιότητας’
1492 2596 1586 2650 καὶ
1618 2596 1795 2650 πάντα
1842 2598 1947 2669 χρὴ

2062 2597 2290 2669 migrare
2322 2602 2520 2670 placet,
2575 2601 2631 2654 hi
2682 2601 2815 2654 mihi
2861 2600 3225 2670 proprietates
3266 2606 3478 2652 natura:
3503 2610 3636 2651 cou-

373 2689 491 2757 (64)
512 2688 904 2758 καταμιγνύειν
933 2705 991 2742 τε
1017 2688 1110 2741 καὶ
1138 2687 1437 2759 ἀναφύρειν
1468 2687 1604 2759 πρὸς
1640 2686 1864 2757 ἄλληλα,
1890 2688 1950 2740 τὸ

2062 2687 2286 2745 I‘uuderc
2314 2690 2605 2758 videntur;
2672 2706 2971 2762 omnesque
3018 2706 3106 2747 res
3160 2690 3304 2744 inter
3340 2705 3462 2745 sese
3509 2703 3643 2744 con-

372 2779 592 2846 ἄλογον,
621 2778 681 2831 τὺ
709 2777 951 2846 λογικὸν,
983 2777 1042 2830 τὸ
1075 2777 1385 2848 αἰσθητικὸν
1410 2778 1559 2848 (65),
1597 2778 1659 2831 τὸ
1692 2779 1948 2849 ἀναίσθη-

2062 2778 2287 2843 fundere
2316 2790 2480 2852 atque
2513 2783 2891 2846 commiscere,
2922 2782 3137 2839 ratione
3171 2797 3386 2848 carens,
3420 2782 3637 2837 ratione

372 2886 467 2922 τον
495 2884 511 2898 ·
544 2868 704 2939 εἴπερ
733 2870 790 2922 ἐν
817 2867 1063 2938 ἀλλήλοις
1089 2868 1260 2921 ταῦτα
1286 2868 1512 2937 γένοιτο,
1544 2868 1677 2940 μηδὲ
1707 2886 1810 2923 τινι
1838 2868 1949 2943 (66)

375 2961 597 3030 φύσεως
645 2959 822 3031 είρμῷ
866 2958 1008 3013 κατὰ
1038 2958 1100 3011 τὸ
1146 2960 1534 3031 ἀμετάπτωτον
1576 2960 1671 3013 ἀπ’
1709 2959 1952 3033 ἀλλήλων

375 3049 845 3120 διαστοιχιζόμενα
868 3048 999 3120 (67).
1023 3048 1096 3102 Τὸ
1122 3049 1230 3120 γὰρ
1255 3052 1352 3121 τὴν
1374 3048 1540 3119 αὐτὴν
1559 3048 1736 3120 ψυχὴν
1752 3049 1949 3116 λέγειν,

378 3145 475 3198 νῦν
504 3142 605 3213 μὲν
635 3142 857 3213 λογικήν
885 3159 942 3195 τε
973 3141 1067 3196 καὶ
1097 3140 1463 3211 διανοητικὴν.
1501 3140 1587 3194 διὰ
1611 3139 1710 3210 τῆς
1741 3139 1952 3193 τοιᾶσδε

377 3235 475 3288 τοῦ
508 3234 760 3302 σώματος
782 3232 1077 3304 περιϐολῆς
1105 3232 1382 3301 γίνεσθαι·
1410 3230 1570 3285 πάλιν
1598 3231 1653 3284 δέ
1678 3231 1813 3302 μετὰ
1845 3230 1952 3285 τῶν

378 3324 627 3397 ἑρπετῶν
665 3324 926 3394 φωλεύειν
950 3323 1083 3396 (68),
1122 3320 1155 3395 ἢ
1206 3324 1317 3387 τοῖς
1348 3322 1555 3394 ὀρνέοις
1594 3321 1953 3390 συναγελάζε-

380 3416 531 3480 σθαι,
586 3416 619 3486 ἢ
662 3415 1005 3486 ἀχθοφορεῖν,
1047 3413 1081 3485 ἢ
1126 3414 1498 3484 σαρκοϐορεῖν,
1543 3412 1578 3485 ἢ
1627 3411 1953 3483 ὑποϐρύχιον

377 3503 545 3571 εἶναι,
574 3506 609 3577 ἢ
643 3508 737 3561 καὶ
764 3504 901 3576 πρὸς
931 3504 992 3558 τὸ
1025 3504 1345 3575 ἀναίσθητον
1371 3503 1748 3575 μεταπίπτειν,
1777 3503 1954 3575 ριζου-

383 3597 559 3669 μένην
594 3614 656 3649 τε
705 3598 800 3650 καὶ
843 3594 1370 3667 ἀποδενδρουμένην,
1418 3595 1513 3648 καὶ
1541 3594 1751 3649 κλάδων
1780 3592 1952 3664 ἐκφύ-

382 3705 499 3753 σεις
524 3688 637 3758 (69)
668 3687 1191 3744 ἀναϐλαστάνουσαν.
1222 3686 1317 3740 καὶ
1362 3688 1420 3739 ἐν
1465 3684 1673 3748 τούτοις
1706 3684 1740 3756 ἢ
1772 3684 1951 3750 ἄνθος,

378 3781 414 3854 ἢ
439 3779 683 3850 ἀκάνθην
701 3777 836 3850 (70),
852 3778 884 3849 ἢ
903 3778 1166 3850 τρόφιμόν
1177 3796 1229 3832 τι
1251 3775 1593 3848 φυομένην,ἢ
1614 3776 1950 3847 δηλητήριον,

378 3872 536 3928 οὐδὲν
564 3871 751 3941 ἕτερόν
777 3873 944 3933 ἐστιν,
971 3871 1004 3941 ἢ
1032 3870 1226 3923 ταύτὸν
1256 3867 1509 3941 ἡγεῖσθαι
1536 3869 1605 3923 τὰ
1634 3867 1832 3934 πάντα,
1861 3868 1954 3921 καὶ

384 3962 515 4035 μίαν
543 3963 604 4014 ἐν
624 3964 738 4025 τοῖς
763 3957 911 4015 οὖσιν
943 3954 1080 4014 εἶναι
1106 3960 1204 4033 τὴν
1227 3959 1336 4030 (71)
1359 3959 1518 4030 φύσιν
1539 3960 1597 4012 ἐν
1619 3959 1956 4031 συγκεχυμέ-

380 4070 450 4125 Vg
466 4053 575 4108 τιν).
587 4053 684 4106 καὶ
699 4052 997 4124 ἀδιακρίτῳ
1013 4050 1264 4122 κοινωνίᾳ
1281 4051 1632 4121 πεφυρμένην
1650 4050 1784 4122 (72),
1803 4051 1956 4123 μηδε.

2058 2872 2370 2941 praeditum,
2407 2888 2570 2930 sensu
2611 2875 2919 2945 praeditum,
2963 2890 3131 2930 sensu
3192 2874 3636 2945 carens;'siqui-

2059 2962 2181 3018 dem
2225 2963 2341 3019 haec
2375 2964 2605 3020 invicem
2644 2965 2823 3020 aliud.
2866 2965 2920 3020 in
2957 2965 3066 3020 alio
3108 2966 3239 3031 sint,
3293 2966 3442 3020 nullo
3476 2974 3635 3020 natu-

2058 3068 2134 3107 ra:
2186 3056 2344 3125 quasi
2388 3071 2607 3112 carcere
2656 3063 2710 3111 et
2761 3057 3005 3113 claustro
3047 3057 3457 3114 immutabiliter
3501 3058 3636 3114 alte-

2057 3158 2181 3199 rum
2241 3145 2310 3201 ab
2369 3145 2543 3203 altero
2586 3147 2878 3217 dirempta.
2930 3145 3065 3203 Nam
3112 3149 3361 3205 eamdem
3399 3149 3635 3204 animam

2058 3233 2241 3290 dicere
2318 3250 2467 3291 nunc
2515 3238 2732 3308 quidem
2786 3246 2842 3294 et
2907 3239 3118 3295 ratione
3168 3248 3222 3295 et
3282 3240 3634 3312 intelligentia

2060 3330 2224 3394 atque
2254 3327 2530 3398 cogitandi
2564 3330 2613 3384 vi
2647 3330 2956 3400 praeditam,
2993 3347 3090 3403 per
3135 3333 3295 3389 talem
3345 3334 3637 3404 quemdam

2060 3415 2308 3486 corporis
2354 3419 2612 3474 amictum
2666 3420 2821 3488 ﬁeri;
2861 3438 3083 3479 rursum
3120 3440 3249 3480 vero
3305 3440 3427 3481 eum
3468 3428 3638 3495 repti-

2062 3506 2204 3562 libus
2236 3507 2292 3562 in
2331 3515 2582 3568 cavernis
2625 3511 2839 3569 latitare
2867 3552 2882 3578 ,
2916 3504 3026 3568 aut
3053 3530 3179 3570 cum
3234 3517 3464 3574 aviculis
3506 3533 3638 3573 con-

2060 3596 2295 3665 gregari,
2346 3606 2441 3652 aut
2489 3600 2739 3655 sarcinas
2800 3612 3048 3671 gestare,
3078 3611 3173 3657 aut
3220 3605 3409 3660 crudis
3457 3608 3638 3661 carni-

2062 3683 2165 3738 bus
2191 3686 2361 3752 vesci,
2389 3695 2484 3741 aut
2521 3688 2862 3746 submersam
2892 3706 3034 3757 esse,
3067 3700 3160 3747 aut
3190 3693 3351 3748 etiam
3383 3694 3437 3763 in
3467 3710 3635 3751 sensu

2061 3783 2336 3832 carentem
2398 3786 2649 3833 naturam
2711 3781 3038 3851 degenerare
3070 3820 3088 3846 ,
3169 3789 3230 3836 ut
3278 3784 3362 3837 vel
3422 3785 3637 3841 radices

2062 3875 2204 3935 agat,
2247 3866 2329 3922 vel
2358 3868 2524 3924 arbor
2555 3870 2770 3933 evadat,
2802 3887 3192 3943 ramorumque
3227 3874 3473 3944 germina
3504 3889 3634 3943 pro-

2061 3955 2250 4021 ducat,
2299 3967 2353 4013 et
2397 3958 2453 4014 in
2489 3959 2575 4015 his
2613 3961 2697 4016 vel
2751 3959 2875 4028 ﬂos,
2934 3962 3017 4017 vel
3057 3962 3242 4032 spina,
3299 3964 3382 4018 vel
3431 3964 3635 4034 aliquid

2064 4050 2339 4105 nutriendi
2402 4052 2453 4105 vi
2507 4052 2794 4121 praeditum
2830 4095 2847 4120 ,
2903 4054 2988 4109 vel
3039 4056 3261 4109 noxium
3323 4055 3412 4108 ﬂat
3472 4065 3635 4125 atque

384 4147 515 4216 μιᾶς
532 4145 792 4215 ἰδιότητος
812 4143 871 4196 τὸ
899 4143 1083 4213 ἕτερον
1107 4143 1198 4196 τοῦ
1224 4142 1410 4212 ἐτέρου
1444 4140 1844 4212 ἀποκρινούσης
1864 4180 1878 4194 .
1898 4142 1955 4195 Ὀ

2062 4141 2275 4205 evadat,
2304 4141 2441 4195 nihil
2472 4143 2618 4198 aliud
2651 4149 2757 4211 est,
2811 4143 2916 4198 nisi
2973 4144 3153 4199 omnia
3201 4145 3340 4200 idem
3374 4160 3495 4201 esse
3536 4162 3635 4215 pu-

380 4236 492 4305 γάρ
516 4235 692 4303 λέγων
722 4232 783 4287 τὸ
810 4233 941 4287 αὐτὸ
968 4234 1026 4286 ἐν
1077 4233 1238 4285 παντὶ
1273 4229 1537 4299 γίνεσθαι,
1567 4230 1718 4283 οὐδὲν
1745 4230 1947 4301 ἓτερον,

380 4329 415 4399 ἢ
443 4327 506 4380 ἓν
533 4321 672 4380 εἶναι
703 4326 771 4379 τὰ
796 4323 973 4378 πάντα
1004 4322 1269 4392 βούλεται,
1295 4322 1392 4392 τῆς
1419 4320 1820 4392 ἐμφαινομένης
1839 4321 1955 4376 δια-

384 4419 562 4491 φορᾶς
592 4421 704 4481 τοῖς
723 4413 874 4471 οὖσιν
900 4416 1049 4469 οὐδὲν
1084 4415 1219 4485 πρὸς
1248 4413 1357 4485 (75)
1385 4411 1661 4482 ἐπιμιξίαν
1684 4412 1793 4466 τῶν
1816 4413 1960 4466 rixo:-

383 4509 642 4578 νωνήτων
679 4504 1112 4575 ἐμποδιζούσης’
1161 4501 1236 4565 ὡς
1279 4502 1525 4571 ἀνάγκην
1558 4496 1716 4566 εἶναι,
1755 4501 1857 4554 κᾶν
1903 4518 1957 4553 τι

382 4598 493 4653 τῶν
525 4596 765 4661 ἰοϐόλων,
797 4596 891 4650 καὶ
920 4592 1268 4665 σαρκοϐόρων
1299 4592 1410 4664 (74)
1442 4590 1722 4664 θεάσηται,
1753 4592 1956 4663 ὁμόφυ-

456 4777 576 4849 (52)
617 4779 700 4833 οὐ
886 4778 929 4830 Β
956 4776 1016 4830 οὐ
1041 4775 1253 4849 γὰρ-ἄν.

460 4845 574 4915 (55)
626 4845 1024 4915 Ἐπίνὸήσειᾳ
1049 4845 1186 4907 Α,“Β
1218 4845 1581 4914 ἐπινοήσαιεν.

462 4915 578 4987 (δι’)
617 4916 868 4987 Δρομῆς-
904 4917 947 4969 B
974 4915 1325 4987 συνδρομῆς-ο

459 4963 577 5055 (ἑὲ)
617 4963 868 5056 ima.“
886 4963 1128 5056 ἑά»ἧῦ
1142 4963 1356 5055 ψὲἶῆὼ

482 5056 576 5119 56)
613 5054 1034 5111 Κατὰπίπτειν.
1067 5054 1132 5119 Ᾱ,
1155 5056 1196 5107 Β
1236 5054 1609 5125 μεταπίπτειν.

486 5125 578 5195 57)
617 5128 757 5180 Κατ’
782 5126 992 5195 ἀρχάς.
1015 5126 1059 5177 Α
1084 5126 1176 5195 καὶ
1197 5126 1317 5178 κατ’
1336 5125 1463 5195 ἀρχ.

460 5194 576 5265 (58)
614 5194 1043 5265 ΣώματιρΑγτῷ
1079 5194 1311 5264 σώματι.

461 5264 575 5334 (59)
628 5264 902 5319 Ἐκεινων
923 5264 1233 5333 δόγματος.
1268 5268 1332 5323 Α.
1354 5264 1394 5316 Β
1430 5264 1550 5317 κατ’
1580 5265 1775 5334 αὐτοὺς
1806 5264 1963 5332 δόγμ.

613 5332 1185 5405 Διᾳοζκορπίσαῌσθαι.
1217 5337 1283 5400 Α,
1304 5335 1345 5387 Β
1370 5332 1860 5405 διασκοπήσασθαι.

464 5402 577 5471 (et)
615 5403 708 5458 Δέ.
747 5402 899 5460 Delet
929 5402 1070 5464 A.B.

465 5473 576 5540 (6‘2)
625 5473 872 5541 Ῥᾳδίως
889 5473 1042 5526 ἐστι’.
1068 5474 1109 5524 Α
1132 5473 1207 5536 ὡς
1238 5472 1377 5533 ἐστί.

464 5543 575 5613 (65)
608 5542 898 5613 Συσχεῖν.
919 5543 962 5613 Β
988 5542 1252 5611 συγχέειν.
1283 5545 1329 5613 Α
1373 5545 1607 5613 συγχεῖν.

464 5611 576 5683 (64)
614 5611 821 5668 Πάντα
850 5612 987 5683 χρή.
1022 5613 1060 5666 Β
1096 5612 1365 5683 πανταχῆ.
1405 5613 1447 5666 Α
1478 5611 1547 5667 in
1593 5622 1737 5669 textu
1792 5611 1963 5664 πάντα

2056 4238 2174 4289 tare
2202 4269 2218 4298 ,
2251 4247 2525 4303 unamque
2569 4233 2625 4287 in
2666 4233 2826 4289 rebus
2886 4235 3155 4292 universis
3188 4250 3311 4291 esse
3344 4244 3591 4290 naturam
3616 4279 3632 4304 ,

2061 4321 2345 4378 inconfusa
2379 4324 2614 4393 quadam
2660 4331 2715 4379 et
2766 4325 3080 4380 indistincta
3137 4335 3299 4396 atque
3333 4325 3631 4381 indiscreta

2062 4412 2447 4468 communione
2485 4428 2668 4468 secum
2726 4414 3114 4478 commistam,
3169 4415 3319 4468 nulla
3379 4415 3631 4485 proprie-

2063 4512 2174 4560 tate
2225 4505 2455 4561 alterum
2511 4507 2577 4560 ab
2620 4507 2792 4561 altero
2836 4516 3172 4562 secerncnte.
3228 4505 3329 4573 Qui
3376 4508 3519 4561 enim
3552 4507 3635 4559 di-

2063 4596 2137 4649 cit
2174 4594 2314 4651 idem
2370 4597 2424 4650 in
2470 4596 2728 4652 universa
2786 4603 2982 4652 natura
3056 4612 3240 4652 rerum
3294 4596 3406 4652 ﬂeri
3440 4636 3455 4662 ,
3500 4596 3634 4652 nihil

2064 4776 2339 4849 χρήματα,
2376 4778 2432 4833 in
2472 4781 2722 4849 margine
2749 4778 2925 4849 πάντα
2952 4778 3022 4849 τὰ
3049 4778 3331 4849 ἰδιώματα.

2137 4794 2352 4896 nigram,
2376 4794 2432 4833 in
2472 4794 2722 4849 margine
2749 4794 2925 4832 παντα
2952 4794 3022 4832 τα

2136 4856 2154 4918 (
2168 4847 2250 4918 ,5)
2283 4850 2661 4918 Αισθητικόν.
2686 4849 2730 4901 Β
2757 4847 3030 4918 αἰσθητόν.

2287 4915 2707 4988 ΜηδέτὴθιτΑ,
2735 4918 2778 4970 Β
2812 4915 2999 4988 μηδενί
3023 4935 3096 4971 τι.

2136 4985 2248 5057 (67)
2288 4985 2824 5057 Διαστοιχιζόμεναζ
2832 4985 2900 5057 Α,
2914 4988 2955 5039 Β
2975 4985 3425 5057 διατειχιζόμενα.

2136 5055 2249 5127 (68)
2291 5055 2606 5112 Φωλεύειῖν.
2636 5059 2679 5111 Δ
2708 5059 2761 5112 in
2792 5055 3036 5122 margine
3068 5055 3423 5127 ἐμφωλεύειν.

2302 5128 2633 5198 Ὲκφύσεις.
2658 5128 2701 5180 Β
2729 5127 3010 5198 ἐμφύσεις.

2136 5196 2248 5283 ςῖρ)
2284 5195 2608 5283 exarati»
2633 5195 2953 5283 ξτάκάνρεγε

2136 5262 2249 5331 (712
2280 5262 2449 5321 Εἶναι
2470 5262 2603 5335 τήν.
2637 5263 2792 5320 Εἶναι
2820 5265 2962 5320 delet
2987 5264 3048 5317 Α.

2139 5335 2249 5404 (72)
2289 5334 2580 5410 Kalrarrla
2624 5351 2763 5405 πεφ.
2792 5337 2857 5399 Α,
2889 5335 2930 5410 Β
2956 5336 3225 5409 κοινότητι
3259 5337 3397 5410 πρὸς
3439 5334 3636 5409 ἑαυτὴν

2067 5404 2439 5476 πεφυρμένην.
2473 5406 2513 5458 Β
2553 5404 3052 5476 συμπέφυρμένηνι

2143 5475 2262 5544 (75)
2295 5479 2467 5542 Πρός.
2496 5476 2538 5527 Β
2570 5475 2707 5545 πρὸς
2734 5475 2852 5545 τήν.

2145 5545 2254 5615 (74)
2291 5547 2395 5600 Καὶ
2428 5544 2674 5613 σηρκοϐ.
2712 5545 2753 5597 Β
2786 5544 2818 5617 ἢ
2852 5546 3077 5615 σαρκοϐ.
