3950 6132
286 229 313 271 -.
344 194 457 263 1η

1592 200 1648 257 s.
1674 201 2004 259 esseom]
2039 166 2332 275 NYSSENI

3502 201 3604 257 ΗΞ

306 275 316 383 )
351 325 525 391 aliud,
588 340 754 397 quam
796 328 980 381 omnia
1017 341 1185 381 unum
1239 339 1361 380 esse
1404 323 1560 388 vult,
1598 338 1662 378 ea
1714 338 1837 394 quae
1869 323 1919 378 in

2030 321 2123 376 λον
2174 321 2421 394 νομίζειν
2474 320 2651 393 ἑαυτῷ
2700 321 2792 376 καὶ
2845 322 3103 390 συγγενὲς
3145 320 3208 374 τὸ
3261 318 3608 390 φαινόμενον,

311 398 516 471 ¹τοδυε
555 414 826 470 universis
896 422 1118 483 apparet
1177 410 1482 465 diiierentia
1540 409 1692 464 nullo
1762 409 1927 464 modo

347 521 538 563 earum
571 523 773 571 rerum,
806 506 1006 577 quibus
1038 506 1179 559 inter
1205 521 1263 561 se
1290 504 1438 558 nulla
1469 503 1784 558 communio
1819 511 1920 566 est,

349 596 761 665 permistionem
834 594 1201 664 impediente,
1265 603 1324 648 ut
1386 608 1614 650 necesse
1688 594 1800 658 sit,
1866 600 1928 649 ut

347 687 564 741 etiamsi
620 686 857 755 aliquam
898 686 1129 741 bestiam
1187 697 1509 740 venenatam
1561 693 1616 740 et
1674 684 1926 739 carnivo-

346 789 465 828 ram
519 775 716 839 videat,
748 774 834 829 sui
867 775 1083 844 generis
1118 781 1285 843 atque
1339 784 1627 845 cognatum
1669 774 1774 829 sibi
1819 788 1923 843 pu-

347 873 426 920 tet
463 866 535 929 id,
586 865 730 936 quod
774 864 1002 919 videtur
1031 903 1046 929 ,
1099 880 1277 934 neque
1326 865 1560 919 cicutam
1617 865 1835 935 quidem
1877 864 1925 920 is

348 962 608 1025 tanquam
642 955 877 1010 alienam
935 970 964 1006 a
1021 968 1121 1009 sua
1169 962 1363 1008 natura
1415 954 1643 1024 aspiciet
1679 971 1694 1007 :
1727 954 1777 1009 si
1803 955 1926 1022 qui-

2031 413 2152 466 οὐδὲ
2191 413 2251 466 τὸ
2287 411 2507 468 κώνειον
2548 415 2578 467 ὁ
2603 411 2845 477 τοιοῦτος
2885 412 2961 477 ὡς
3007 412 3283 484 ἀλλότριον
3333 410 3434 481 τῆς
3470 408 3609 471 ιδίας

2031 503 2222 573 ὄψεται
2251 503 2367 575 (75)
2414 503 2629 574 φύσεως
2648 519 2662 533 ⁶
2718 503 2875 575 εἴπερ
2909 503 3092 575 βλέπει
3121 503 3216 557 καὶ
3237 505 3296 556 ἑν
3328 503 3513 571 φυτοῖς
3544 498 3604 555 τὸ

2030 594 2370 665 ἀνθρώπινον
2395 613 2408 627 ·
2458 595 2575 649 ἀλλ’
2611 596 2732 650 οὐδὲ
2770 594 2907 667 πρὸς
2943 595 3104 649 αὐτὸν
3125 593 3448 655 ἀνυπόπτως
3493 590 3605 657 ἔξει

2029 687 2122 739 τὸν
2150 687 2345 758 βότρυν
2369 687 2458 741 τὸν
2484 688 2578 740 ἑπ).
2599 689 2667 758 τῇ
2698 686 2859 758 χρείᾳ
2881 687 2980 758 τῆς
3006 686 3151 756 ζωῆς
3171 682 3604 756 γεωργούμενον.

2028 778 2141 830 Καὶ
2184 777 2291 846 γὰρ
2339 780 2434 831 καὶ
2466 777 2627 841 αὐτὸς
2669 776 2782 847 (76)
2809 775 2918 830 τῶν
2947 776 3229 847 φυομένων
3249 772 3394 827 ἑστιν
3419 790 3433 803 ο
3466 769 3608 840 φυτά

2029 868 2087 921 δὲ
2122 869 2254 939 ἡμῖν
2279 869 2371 922 καὶ
2389 868 2461 922 τὰ
2486 868 2595 922 τῶν
2622 867 2904 938 ἀσταχύων
2929 869 3262 939 γεννήματα,
3284 865 3351 919 δι’
3381 857 3458 919 ὧν
3482 876 3641 933 τρε-ξ

2032 958 2264 1029 φόμεθα.

345 1048 467 1103 dem
535 1047 701 1103 etiam
745 1047 802 1101 in
858 1046 1056 1117 plantis
1101 1046 1278 1101 cernit
1324 1046 1615 1101 humanam
1664 1056 1938 1114 naturam,
1980 1063 2044 1104 ac
2101 1067 2170 1107 ne
2207 1052 2304 1107 tali
2344 1052 2563 1123 quidem
2590 1052 2905 1121 suspicione
2934 1051 3003 1106 de
3047 1051 3168 1121 ipso
3248 1061 3469 1103 racemo
3509 1061 3605 1101 ea-

345 1144 524 1208 rebit,
579 1143 672 1212 qui
723 1156 975 1196 racemus
1028 1141 1097 1195 ad
1142 1156 1301 1197 usum
1350 1141 1475 1195 vitae
1540 1142 1883 1211 producitur.
1939 1142 2153 1200 Etenim
2202 1147 2251 1203 is
2315 1161 2536 1218 quoque
2605 1146 2674 1200 de
2715 1160 2914 1216 genere
2958 1144 3300 1217 germinum,
3351 1141 3604 1212 stirpium

345 1247 407 1286 ac
459 1234 774 1303 plantarum
834 1246 900 1286 ex
943 1241 1086 1285 terra
1159 1231 1536 1286 enascentium
1588 1240 1752 1301 atque
1811 1235 2248 1302 provenientium
2303 1245 2427 1305 est;
2467 1235 2712 1308 germina
2774 1243 2955 1290 autem
3018 1233 3185 1290 etiam
3247 1231 3408 1287 nobis
3475 1237 3606 1285 sunt

341 1321 530 1393 fruges
587 1323 863 1393 spicarum
893 1363 908 1389 ,
976 1321 1175 1391 quibus
1217 1323 1506 1376 nutrimur.

412 1434 698 1501 Quomodo
717 1433 880 1504 igitur
893 1432 1083 1488 falcem
1106 1432 1419 1487 admovebit
1434 1432 1603 1502 spicis
1623 1434 1878 1490 secandis
1896 1435 1921 1489 ?

344 1527 627 1593 Quomodo
651 1526 778 1580 item
816 1525 1081 1593 exprimet
1110 1539 1407 1590 racemum,
1430 1534 1526 1578 aut
1552 1541 1616 1580 ex
1648 1541 1780 1581 arvo
1814 1526 1920 1597 spi-

342 1634 469 1673 nam
504 1616 744 1680 ell‘odict,
770 1625 863 1670 aut
901 1614 1085 1669 ﬂorem
1114 1614 1389 1684 decerpet,
1419 1623 1514 1668 aut
1535 1630 1661 1671 aves
1695 1619 1920 1673 venabi-

2098 1430 2223 1494 Πῶς
2250 1421 2656 1501 οὗνὲπάξειτὴν
2683 1431 2957 1502 δρεπάνην
2980 1430 3092 1501 (77)
3117 1430 3404 1500 ἀσταχύων
3421 1433 3561 1501 τομῇ
3587 1449 3602 1496 ;

2028 1522 2144 1586 πῶς
2172 1522 2231 1576 δὲ
2267 1521 2554 1591 ἀποθλίψει
2582 1522 2674 1576 τὸν
2702 1522 2895 1594 βότρυν
2914 1565 2929 1589 ,
2969 1522 3001 1592 ἢ
3042 1521 3289 1593 ἀνορύξει
3315 1522 3413 1592 τῆς
3440 1523 3604 1593 ἀρού-

2030 1630 2127 1684 ρας
2151 1612 2250 1683 τὴν
2277 1611 2538 1677 ἄκανθαν,
2560 1612 2595 1683 ἢ
2625 1612 2686 1665 τὸ
2712 1611 2871 1677 ἄνθος
2898 1612 3084 1684 δρέψει
3118 1612 3252 1683 (78),
3288 1612 3321 1682 ἢ
3348 1611 3603 1682 θηρεύσει

344 1720 454 1772 tur,
483 1717 576 1763 aut
614 1712 685 1763 ex
713 1708 873 1778 lignis
922 1722 1115 1777 rogum
1161 1705 1444 1772 accendet,
1482 1722 1607 1761 cum
1647 1708 1915 1763 incertum

2030 1705 2148 1765 τοὺς
2176 1702 2418 1774 ὄρνιθας,
2449 1701 2483 1773 ἢ
2514 1702 2622 1755 ἀπὸ
2650 1701 2822 1768 ξύλων
2848 1700 3143 1755 ἀνακαύσει
3176 1701 3375 1772 πυρὰν,
3409 1700 3603 1771 ἄδηλον

338 1806 415 1862 sit
446 1819 587 1858 anne
632 1803 901 1873 cognatis,
938 1809 1031 1855 aut
1066 1801 1406 1871 parentibus,
1439 1807 1534 1853 aut
1565 1798 1919 1869 popularibus

341 1909 542 1950 manus
578 1893 896 1960 aﬂ‘erantur,
929 1902 982 1948 et
1036 1907 1134 1962 per
1158 1906 1347 1947 eorum
1403 1907 1604 1961 corpus
1643 1889 1728 1945 vel
1774 1890 1917 1960 ignis

338 1986 692 2051 accendatur,
713 1985 797 2039 vel
818 1991 999 2039 crater
1015 1990 1368 2053 temperetur,
1385 1983 1467 2038 vel
1483 1983 1640 2038 cibus
1662 1978 1922 2050 paretur?

336 2077 477 2137 Nam
511 2077 559 2134 si
581 2078 705 2148 quis
745 2085 898 2148 putet
926 2078 1164 2132 animam
1189 2076 1428 2132 hominis
1457 2092 1553 2147 per
1574 2072 1921 2145 unumquod-

340 2184 451 2239 que
483 2168 675 2223 horum
698 2167 938 2238 plantam
961 2167 1046 2223 vel
1073 2167 1273 2221 animal
1313 2166 1452 2231 ﬁeri,
1479 2180 1543 2220 ac
1572 2165 1720 2219 nulla
1753 2178 1919 2234 appo-

341 2257 452 2313 sita
484 2271 608 2313 esse
629 2257 785 2327 signa
802 2255 1004 2325 quibus
1031 2262 1254 2310 notetur
1278 2254 1458 2324 qualis
1493 2253 1714 2324 quidem
1748 2256 1820 2309 sit
1851 2269 1919 2308 ex

339 2347 564 2403 homine
587 2347 772 2417 planta
796 2346 881 2401 vel
914 2346 1137 2411 animal,
1171 2346 1332 2415 quale
1351 2345 1477 2399 item
1502 2344 1554 2398 id
1583 2343 1728 2414 quod
1762 2344 1920 2398 aliter

339 2438 546 2493 factum
587 2438 678 2501 sit,
721 2437 980 2492 adversus
1019 2436 1203 2491 omnia
1241 2435 1444 2506 pariter
1503 2441 1557 2490 et
1585 2435 1776 2490 eodem
1803 2450 1920 2490 mo-

338 2530 429 2594 do,
463 2528 551 2598 qui
588 2526 853 2597 ejusmodi
884 2526 1295 2596 persuasionem
1329 2524 1664 2595 praeceperit,
1694 2523 1919 2580 allectus

335 2630 393 2676 et
418 2620 688 2675 animatus
715 2619 857 2683 erit,
885 2626 946 2672 ut
969 2618 1134 2674 etiam
1176 2618 1511 2685 necessario,
1536 2618 1621 2672 vel
1655 2617 1919 2674 adversus

339 2725 437 2765 eos
497 2722 717 2777 quoque
744 2708 836 2776 qui
869 2707 922 2759 in
978 2723 1160 2761 rerum
1194 2715 1391 2763 natura
1418 2708 1610 2762 vivunt
1645 2707 1918 2775 homines,

336 2815 501 2870 asper
525 2808 579 2854 et
610 2799 835 2852 immitis
872 2798 963 2861 sit,
1000 2808 1093 2853 aut
1129 2798 1397 2868 siquidem
1436 2806 1627 2854 natura
1654 2799 1919 2856 adversus

336 2891 676 2963 propinquos
696 2898 748 2943 et
780 2888 1070 2958 populares
1093 2888 1161 2943 ad
1187 2889 1578 2944 humanitatem
1610 2906 1919 2960 propensus

337 2990 391 3036 et
417 2980 712 3035 inclinatus
740 2986 846 3042 est,
876 2977 1065 3033 eodem
1108 2978 1273 3033 modo
1312 2982 1577 3034 adversus
1607 2994 1768 3034 omne
1796 2980 1918 3033 ani-

2020 1791 2079 1846 ὃν
2108 1793 2157 1845 εἰ
2190 1792 2264 1862 μὴ
2296 1791 2435 1845 κατὰ
2484 1791 2782 1861 συγγενῶν,
2824 1790 2858 1862 ἢ
2907 1791 3208 1862 προγόνων,
3237 1790 3601 1861 ἢὸμοφύλων,

2018 1884 2052 1954 ἠ
2087 1882 2209 1954 χεὶρ
2243 1884 2488 1954 φέρεται,
2512 1882 2607 1935 καὶ
2633 1881 2723 1936 διὰ
2752 1879 2846 1935 τοῦ
2877 1879 3128 1952 σώματος
3152 1879 3331 1934 αὐτῶν
3352 1879 3462 1952 ἢτδ
3490 1879 3604 1952 πῦρ

2019 1973 2339 2036 ἀνάπτεται,
2401 1970 2492 2042 ἢὸ
2535 1969 2748 2043 κρατὴρ
2808 1971 3062 2042 κιρνᾶται
3105 1969 3238 2042 (79),
3272 1970 3306 2042 ἢ
3346 1972 3378 2041 ἡ
3424 1969 3602 2041 τροφὴ

2020 2063 2500 2136 παρασκευάζεται
2524 2080 2538 2129 ;
2566 2062 2640 2115 Τὸ
2661 2062 2767 2134 γὰρ
2794 2061 3004 2117 οῐεσθαι
3034 2063 3103 2117 δι’
3139 2063 3372 2116 ἑκάστου
3394 2062 3602 2116 τούτων

2019 2160 2117 2229 τὴν
2144 2155 2322 2226 ψυχὴν
2346 2155 2440 2208 τοῦ
2474 2153 2762 2226 ἀνθρώπου
2785 2153 3031 2222 γίνεσθαι
3059 2154 3224 2222 φυτὸν
3252 2153 3286 2225 ἢ
3319 2153 3478 2217 ζῶον,
3504 2169 3601 2224 ση-

2023 2251 2150 2319 μεῖα
2182 2247 2240 2300 δὲ
2281 2248 2356 2318 μὴ
2406 2246 2735 2314 ἑπικεῖσθαι,
2786 2248 2937 2300 ποῖον
2985 2245 3085 2316 μὲν
3129 2246 3188 2299 τὸ
3221 2247 3281 2312 ἑξ
3311 2244 3599 2317 ἀνθρώπου

2021 2339 2186 2410 φυτὸν
2227 2338 2261 2410 ἢ
2316 2337 2476 2403 ζῶον,
2523 2342 2673 2393 ποῖον
2716 2337 2828 2409 (80)
2862 2338 2920 2392 δὲ
2950 2337 3012 2392 τὸ
3053 2338 3254 2409 ἑτέρως
3294 2338 3596 2407 γινόμενον,

2019 2430 2158 2504 πρὸς
2207 2430 2385 2484 πάντα
2438 2429 2582 2484 κατά
2628 2430 2688 2483 τὸ
2718 2425 2837 2484 ἴσον
2866 2432 2895 2483 ὁ
2921 2432 2987 2502 τῇ
3014 2430 3238 2501 τοιαύτῃ
3273 2429 3385 2499 (81)
3413 2447 3602 2501 προει-

2019 2522 2293 2593 λημμένος
2326 2521 2590 2593 ὑπολήψει
2618 2521 3014 2594 διατεθήσεται,
3043 2521 3118 2585 ὡς
3144 2523 3262 2574 κατ’
3290 2520 3403 2591 (82)
3427 2521 3599 2589 ἀνάγ-

2020 2631 2144 2685 κην,
2204 2614 2237 2686 ἢ
2295 2615 2391 2668 καὶ
2430 2616 2548 2668 κατ’
2582 2614 2762 2667 αὐτῶν
2811 2614 2920 2667 τῶν
2954 2616 3012 2668 ἑν
3066 2617 3133 2687 τῇ
3179 2613 3337 2685 φύσει
3380 2612 3601 2678 ζώντων

2021 2703 2325 2774 ἀνθρώπων
2351 2704 2576 2774 ἀπηνῶς
2604 2703 2769 2775 ἔχειν,
2799 2705 2833 2776 ἢ
2873 2705 3032 2776 εἴπερ
3062 2706 3156 2758 ἑπὶ
3182 2706 3290 2761 τῶν
3314 2704 3600 2775 ὁμοφύλων

2022 2795 2162 2866 πρὸς
2190 2795 2599 2868 φιλανθρωπίαν
2628 2798 2693 2850 ὲκ
2743 2796 2956 2866 φύσεως
2995 2797 3173 2868 ῥέποι,
3214 2796 3412 2868 ὁμοίως
3437 2797 3599 2851 αὑτὸν

2019 2887 2320 2941 διακεῖσθαι
2352 2888 2488 2959 πρὸς
2514 2890 2621 2942 πᾶν
2646 2888 2913 2960 ἔμψυχον,
2946 2890 3051 2945 κᾶν
3100 2890 3158 2943 ὲν
3185 2891 3436 2961 ἑρπετοῖς¹
3462 2890 3598 2960 (85),

2021 2976 2126 3031 κᾶν
2182 2979 2240 3029 ἑν
2262 2976 2471 3048 θηρίοις
2495 2977 2648 3049 τύχοι
2665 2994 2679 3010 ο
2713 2977 2848 3032 ἀλλά
2873 2979 2976 3033 κᾶν
2996 2980 3054 3033 ἑν
3084 2978 3185 3053 ὕλῃ
3212 2979 3424 3050 δένδρον
3455 2980 3601 3048 γίνε-

338 3078 548 3125 matum
580 3068 809 3125 allectus
836 3068 927 3132 sit,
965 3070 1081 3124 sive
1112 3068 1332 3123 idinter
1364 3070 1596 3139 reptilia,
1633 3071 1748 3125 sive
1777 3070 1918 3125 inter

2030 3086 2112 3122 ται
2142 3068 2277 3139 (84),
2316 3070 2345 3122 ὁ
2364 3069 2423 3122 τὸ
2442 3069 2618 3140 δόγμα
2644 3069 2800 3124 τοῦτο
2838 3070 3295 3142 παραδεξάμενος,
3313 3070 3481 3141 δῆμον
3508 3070 3600 3123 ἀν-

340 3162 486 3217 feras
525 3160 686 3216 fuerit
721 3180 735 3215 :
772 3160 1071 3230 quinetiam
1104 3160 1231 3215 siin
1278 3160 1468 3215 silvam
1493 3161 1751 3215 arborum
1795 3176 1917 3230 ρει-α

337 3255 549 3311 venerit
570 3254 617 3309 is
650 3254 740 3324 qui
775 3253 916 3307 hanc
956 3252 1261 3307 doctrinam
1284 3252 1566 3322 amplexus
1600 3252 1692 3317 sit,
1716 3263 1917 3307 emtum

340 3354 503 3414 atque
551 3350 880 3397 conventum
933 3341 1216 3395 hominum
1281 3340 1508 3396 arbores
1563 3341 1915 3397 existimabit.

337 3434 599 3501 Quaenam
628 3448 760 3505 ergo
805 3435 928 3489 vitae
959 3433 1101 3487 ratio
1128 3442 1212 3488 est
1251 3433 1373 3504 ejus
1417 3432 1510 3504 qui
1541 3433 1625 3487 vel
1657 3433 1919 3488 adversus

340 3526 523 3581 omnia
555 3532 777 3596 propter
823 3525 1282 3580 necessitudinem
1335 3540 1398 3580 ac
1458 3525 1918 3595 propinquitatem

341 3630 503 3685 quam
525 3616 753 3672 subesse
781 3624 934 3685 putet
954 3617 1098 3685 pius,
1129 3613 1403 3672 ofﬁciosus
1423 3630 1487 3670 ac
1519 3615 1809 3681 sollicitus,
1835 3616 1917 3671 vel

340 3706 503 3760 etiam
536 3705 797 3761 adversus
844 3706 1116 3770 homines,
1163 3714 1448 3775 prepterea
1480 3705 1627 3775 quod
1655 3707 1795 3761 inter
1822 3722 1917 3762 eos

342 3803 676 3865 craterasque
707 3810 794 3850 res
820 3795 954 3849 nihil
985 3795 1254 3850 interesse
1282 3797 1579 3858 existimet,
1605 3812 1783 3865 asper,
1817 3799 1918 3850 im-

339 3886 509 3949 mitis,
542 3884 873 3938 inhumanus
896 3893 951 3939 et
992 3883 1325 3940 inoﬂiciosus
1373 3886 1484 3941 sit?
1540 3888 1702 3954 Ergo,
1763 3895 1823 3941 ut
1850 3903 1917 3943 cx

337 3977 451 4046 jam
474 3974 638 4029 dictis
664 3984 911 4045 apparet,
945 3976 1241 4045 rejicienda
1273 3976 1435 4032 fuerit
1455 3978 1723 4047 ejusmodi
1742 3980 1917 4034 oratio

340 4076 506 4137 atque
535 4065 808 4130 doctrina,
843 4068 1030 4124 multis
1065 4069 1229 4123 etiam
1283 4069 1405 4124 aliis
1444 4070 1609 4126 rebus
1640 4071 1784 4126 haud
1818 4071 1919 4125 im-

342 4162 539 4215 merito
570 4174 671 4213 nos
717 4158 1114 4214 abducentibus
1174 4158 1245 4213 ab
1275 4159 1585 4230 hujusmodi
1637 4163 1914 4232 opinione.

338 4250 475 4305 Nam
502 4249 683 4303 audivi
714 4264 780 4304 ex
828 4248 896 4302 iis
924 4249 1016 4318 qui
1045 4249 1172 4303 talia
1214 4248 1458 4313 tradunt,
1489 4250 1632 4320 quod
1668 4252 1916 4307 nationes

340 4341 607 4413 quasdam
663 4341 969 4393 animarum
1015 4355 1135 4394 esse
1162 4349 1371 4408 ponant
1398 4341 1452 4394 in
1498 4342 1759 4411 peculiari
1786 4358 1914 4412 qua-

2020 3158 2254 3231 θρώπων
2281 3159 2348 3213 τά
2363 3159 2555 3231 δένδρα
2569 3162 2806 3233 οἰήσεται
2825 3161 2959 3232 (85).
2979 3161 3076 3223 Τίς
3091 3157 3222 3214 οὖνὸ
3237 3160 3472 3223 τοιοῦτος
3486 3159 3600 3230 (86)

2022 3251 2135 3322 βίος
2188 3252 2221 3322 ἢ
2270 3252 2406 3323 πρὸς
2432 3254 2608 3306 πάντα
2639 3253 2881 3317 εὐλαϐῶς
2906 3253 2993 3306 διὰ
3031 3253 3093 3305 τὸ
3119 3252 3410 3321 ὁμόφυλον,
3436 3252 3469 3323 ἢ
3504 3254 3599 3306 καὶ

2021 3344 2157 3414 πρὸς
2187 3344 2313 3408 τοὺς
2345 3343 2665 3413 ἀνθρώπους
2695 3343 2918 3411 ἀπηνῶς
2939 3342 3024 3394 διὰ.
3044 3341 3142 3412 τὴν
3166 3344 3257 3394 ὲπ).
3292 3343 3399 3395 τῶν
3424 3344 3600 3398 ἄλλων

2021 3433 2337 3504 ἀδιαφορίαν
2371 3433 2616 3504 ἔχοντος;
2657 3432 2865 3486 Οὐκοῦν
2887 3431 3190 3503 ἀπόϐλητος
3213 3433 3277 3486 ἑκ
3312 3433 3421 3486 τῶν
3447 3438 3599 3506 εἰρη-

2023 3526 2199 3596 μένων
2230 3528 2258 3579 ὁ
2283 3526 2524 3588 τοιοῦτος
2555 3524 2620 3578 ἂν
2649 3526 2732 3596 εἴη
2759 3526 2934 3594 λόγος,
2960 3523 3167 3578 πολλῶν
3194 3525 3287 3578 καὶ
3306 3526 3480 3581 ἄλλων
3502 3530 3598 3599 τῆς

2018 3616 2274 3685 τοιαύτης
2305 3618 2453 3687 ἡμᾶς
2498 3616 2816 3687 ὑπολήψεως
2849 3618 2987 3671 κατά
3019 3617 3077 3670 τὸ
3102 3616 3320 3688 εὔλογον
3361 3620 3599 3687 ἀπαγόν-

2020 3725 2146 3762 των.
2182 3707 2431 3762 Ἤκουσα
2457 3708 2566 3779 γὰρ
2600 3708 2709 3762 τῶν
2753 3708 2979 3763 τοιαῦτα
3020 3709 3477 3781 δογματιζόντων,
3516 3712 3598 3764 ὅτι

2020 3799 2146 3870 ἔθνη
2179 3800 2301 3852 τινὰ
2329 3799 2436 3852 τῶν
2468 3799 2654 3871 ψυχῶν
2709 3800 3023 3855 ἀποτίθεται
3064 3801 3178 3871 (87)
3218 3803 3276 3855 ἑν
3326 3801 3598 3875 ίδιαζούσῃ

2020 3889 2125 3942 τιν).
2161 3886 2269 3959 (88)
2306 3888 2553 3960 πολιτείᾳ
2575 3890 2712 3960 πρὸς
2740 3890 2838 3962 τὴν
2857 3891 2969 3958 (89)
2994 3892 3050 3944 ὲν
3074 3890 3287 3962 σώματι
3313 3890 3457 3962 ζωὴν
3489 3892 3598 3959 (90)

2022 3978 2330 4049 βιοτεύοντα
2390 3979 2524 4050 (9i),
2574 3982 2631 4033 ἑν
2663 3980 2742 4051 τῷ
2769 3981 2952 4051 λεπτῷ
2984 3998 3043 4035 τε
3072 3982 3164 4035 καὶ
3199 3981 3466 4051 εὐκινήτῳ
3498 3980 3597 4050 τῆς

2020 4070 2234 4138 φύσεως
2279 4071 2486 4124 ἑαυτῶν
2537 4070 2649 4143 (92)
2687 4074 2751 4144 τῇ
2781 4071 2874 4125 τοῦ
2903 4072 3104 4136 παντὸς
3131 4070 3606 4143 συμπεριπολοῦν-

2018 4177 2109 4223 τος
2143 4158 2254 4232 (95)
2290 4161 2517 4233 δινήσει,
2570 4164 2708 4233 ῥοπῇ
2746 4162 2802 4215 δέ
2825 4178 2930 4215 τινι
2969 4164 3035 4231 τῇ
3071 4162 3205 4232 πρὸς
3236 4161 3432 4215 κακίαν
3465 4177 3596 4213 πτε-

2022 4249 2352 4321 ρορῤοούσας
2388 4252 2499 4322 (94)
2524 4254 2622 4317 τὰς
2645 4251 2821 4322 ψυχὰς
2853 4254 2910 4305 ὲν
2947 4250 3154 4320 σώματι
3185 4249 3296 4322 (95)
3322 4250 3596 4319 γίνεσθαι·

2023 4340 2238 4412 πρῶτον
2271 4341 2367 4412 μὲν
2400 4342 2709 4413 ἀνθρώποις
2739 4341 2873 4411 (96),
2894 4338 2992 4394 εἷθ’
3016 4338 3189 4403 οὕτως
3220 4339 3309 4393 διὰ
3331 4339 3429 4408 τῆς
3461 4339 3601 4410 πρὸς

339 4432 465 4485 dam
491 4431 730 4494 civitate,
765 4440 1054 4499 antequam
1087 4430 1152 4484 ad
1182 4445 1499 4500 corpoream
1531 4433 1697 4485 vitam
1750 4432 1912 4489 deve-

2030 4402 2089 4485 τά
2120 4402 2290 4501 ἄλογα
2336 4433 2445 4485 τῶν
2472 4402 2660 4485 παθῶν
2681 4402 2916 4502 δμιλίας,
2952 4429 3089 4501 μετὰ
3119 4402 3207 4483 τού
3236 4429 3347 4501 (97)
3388 4402 3591 4498 ἀνθρωλ

342 4522 515 4588 niant,
546 4521 826 4576 viventes:
854 4535 974 4589 quae
998 4521 1049 4572 in
1071 4521 1219 4574 tenui
1253 4528 1416 4590 atque
1437 4522 1562 4593 agili
1586 4537 1684 4577 sua
1717 4534 1913 4579 natura

340 4629 446 4667 una
474 4628 599 4669 cum
626 4611 966 4666 revolutione
982 4619 1145 4679 atque
1156 4611 1515 4666 conversione
1533 4611 1912 4669 universitatis

561 4773 829 4853 ςρέιετᾳι.
920 4768 975 4853 in
1002 4768 1460 4853 m‘argi‘ne'oi'stat,
1488 4768 1694 4840 ὄψεται.

410 4833 522 4951 (76)
562 4833 669 4894 Καὶ
713 4840 916 4906 αὐτός.
938 4840 1004 4902 A,
1030 4839 1071 4890 Β
1091 4833 1183 4891 καὶ
1206 4833 1379 4902 οὗτος.

436 4911 525 4951 7⁸7)
568 4910 889 4951 Armenio-Inv,
930 4912 985 4951 ΔΑ
1015 4910 1056 4951 Π
1083 4911 1146 4951 τῆ
1170 4909 1295 4951 τῶν

413 4909 525 4983 (77)
565 4910 989 4983 Δι)εζπάνην.-Α,
1080 4911 1148 4983 τῇ
1170 4909 1298 4962 τῶν.

410 4979 523 5052 (78)
563 4981 792 5052 Δρέψξι.
819 4983 885 5047 Α,
969 4979 1242 5052 apsumi.

437 5049 523 5119 79)
562 5050 861 5118 Κιρνᾶται.
891 5051 957 5113 Α,
984 5050 1025 5101 Β
1053 5049 1320 5119 κίρναται.

437 5055 515 5105 79‘
562 5055 861 5118 Κιρνᾶται.
891 5055 957 5113 Α,
984 5055 1025 5101 Β
1053 5055 1320 5119 κίρναται.

411 5055 523 5192 (80)
565 5123 762 5174 Ποῖον.
797 5123 842 5172 Α
874 5120 1059 5191 ἕτερον
1089 5121 1402 5191 γενόμενον,
1452 5121 1598 5171 ποῖον
1629 5118 1684 5171 δὲ
1717 5118 1775 5171 τὸ
1801 5118 1917 5171 ἑτέ·

345 5207 458 5263 ptui
478 5193 781 5263 γενόμενον.
828 5261 836 5263 4
968 5261 1007 5263 μ
1099 5260 1111 5263 _
1156 5260 1165 5263 _
1238 5214 1242 5218 θ

412 5260 523 5399 (81)
569 5259 649 5327 Τῇ
676 5261 937 5326 τοιαύτῃ.
965 5261 1044 5331 Τῇ
1081 5260 1220 5316 delet
1256 5260 1313 5337 Β.

436 5330 524 5393 82)
578 5330 671 5394 Ὡς
711 5329 858 5381 κατ’.
890 5332 935 5381 Α
971 5330 1047 5392 ὡς
1080 5332 1174 5384 καὶ
1205 5347 1308 5383 κατ

436 5330 524 5393 82)
578 5330 671 5394 Ὡς
711 5329 858 5381 κατ’.
890 5332 935 5381 Α
971 5329 1047 5392 ὡς
1080 5332 1174 5384 καὶ
1205 5331 1346 5383 κατ’.

412 5400 525 5469 (85)
564 5399 690 5455 Κᾶν
728 5399 796 5451 ἐν
831 5400 1118 5466 ἑρπετοῖς.
1146 5400 1294 5455 Delet
1325 5399 1384 5455 Β.

436 5469 527 5536 84)
568 5471 825 5522 Γίνεται.
867 5471 905 5519 Β
944 5469 1187 5538 γένηται.

438 5510 525 5607 ἐξ)
562 5510 937 5603 ὀὶιᾶτῖἓέἶιίδιι
955 5510 1300 5608 ’τῖίῆὸῖςὲἑταμ

436 5609 525 5679 86)
571 5610 856 5673 Τοιοῦτίς.
885 5614 927 5659 Λ
957 5608 1051 5660 τοῦ
1090 5613 1345 5665 τοιούτου.

411 5471 435 5682 ἓ

2020 4522 2177 4576 πίνου
2211 4522 2327 4593 βίου
2380 4522 2687 4593 ἑγχώρησιν
2716 4521 2827 4592 (98)
2858 4521 3314 4591 ἀποκτηνοῦσθαι,
3346 4519 3601 4574 κάκεῖθεν

2024 4613 2185 4684 μέχρι
2209 4613 2310 4683 τῆς
2340 4612 2578 4684 φυσικῆς
2626 4612 2829 4683 ταύτης
2877 4613 2970 4666 καὶ
3001 4612 3327 4684 ἀναισθήτου
3362 4612 3593 4665 καταπί-

2114 4770 2203 4827 87)
2255 4769 2630 4827 Ἀποτίθεται.
2649 4771 2694 4824 Α
2726 4771 2768 4823 Β
2795 4771 3157 4826 ὑποτίθενται.

2114 4841 2204 4913 88)
2236 4843 2376 4913 Τινί.
2414 4841 2454 4892 Β
2469 4845 2574 4913 Δτῇ.

2115 4911 2204 4983 89)
2231 4910 2387 4983 Πρὸς
2411 4910 2549 4979 τήνέ
2584 4912 2624 4964 Β
2649 4911 2755 4983 πρὸ
2794 4912 2913 4982 τῆς·

2114 4980 2205 5052 90)
2252 4978 2358 5052 Ἑν
2381 4978 2605 5051 σώματι
2649 4978 2821 5048 ζωήν.
2850 4978 2901 5034 Ἀ
2928 4982 2988 5034 ἑν
3032 4979 3246 5052 σώμασι
3272 4978 3436 5050 ζωῆς,
3470 4981 3511 5032 Β
3542 4983 3601 5035 ἐν

2027 5049 2239 5120 σώματι
2266 5051 2430 5121 ζωῆς.
2468 5049 2476 5051 “
2656 5120 2659 5121 ν
2698 5106 2705 5112 .

2095 5119 2207 5191 (91)
2230 5119 2602 5191 Βιοτὲύοντα.
2638 5120 2687 5191 Α
2708 5119 2771 5191 in
2785 5121 3028 5190 margine
3050 5119 3454 5191 ἑμὸιοτεύοντα.

2095 5189 2208 5254 (92)
2255 5189 2535 5245 'Eavtdw.
2562 5192 2605 5242 A
2636 5189 2832 5243 αὐτῶν.

2119 5257 2210 5330 95)
2241 5260 2862 5330 Συμπεριπολοῦντος.
2892 5263 2935 5312 Α
2969 5260 3011 5311 Β
3052 5257 3600 5330 συμπεριπολοῦνται.

2096 5263 2210 5398 (95)
2241 5263 2862 5328 Συμπεριπολοῦντος.
2892 5263 2935 5312 Α
2969 5263 3011 5311 Β
3052 5275 3314 5330 συμπεριτ

2119 5330 2211 5403 9ῥ)
2240 5329 2743 5403 Πτερορῤοούσιις.
2784 5330 2826 5382 Β
2855 5330 3314 5403 πτερορῤυούσας.

2245 5398 2496 5471 Σὼματι.
2528 5399 2589 5453 Β.
2623 5400 2856 5471 σώμασι.

2098 5468 2209 5537 (96)
2257 5471 2309 5521 Ἀ
2320 5468 2629 5537 νθρὼποις.
2657 5468 2823 5523 Βάνθ
2834 5471 3106 5537 ρωπίνοις.

2097 5539 2210 5611 (97)
2243 5540 2616 5611 Μετὰγτοῦαὶ
2640 5543 2775 5611 μετά
2801 5537 2897 5609 τὴν
2924 5543 2987 5611 ἐκ
3012 5540 3125 5595 τοῦ.
3144 5542 3184 5593 Β
3207 5538 3341 5610 μετᾶ
3364 5537 3463 5608 τὴν
3481 5537 3602 5594 τοῦ.

2097 5610 2209 5682 (98)
2253 5610 2706 5681 ἘγχὼρησινέΛ
2738 5613 2777 5663 Β
2812 5610 3138 5682 ἐκχώρησιν.
