3950 6132
308 398 416 453 113

1428 396 1515 451 DE
1553 396 1770 453 ANIMA
1808 395 1896 452 ET
1940 395 2546 455 RESURRECTIONE.

2218 255 2271 263 *-

3461 404 3569 458 114

303 529 464 566 πτειν
504 509 674 581 ζωῆς,
719 511 796 575 ὡς
827 510 889 564 τὺ
930 513 998 583 τῇ
1025 509 1185 579 φύσει
1222 511 1418 567 λεπτὸν
1454 514 1548 568 καὶ
1579 515 1883 586 εὐκίνητον,

2001 521 2253 584 ragentur
2282 521 2446 583 atque
2474 511 2751 579 oberrent,
2777 513 3142 585 propensione
3176 530 3307 572 vero
3330 518 3563 588 quadam

300 603 444 673 ὅπερ
494 603 646 655 ἐστὶν
703 603 737 672 ἡ
792 601 963 673 ψυχὴ,
1016 601 1230 671 πρῶτον
1271 603 1371 674 μὲν
1412 605 1673 677 ἐμϐριθές
1703 623 1765 660 τε
1792 608 1890 661 καὶ

301 695 627 767 κατωφερὲς
676 693 925 762 γίνεσθαι
982 696 1099 757 τοῖς
1154 694 1510 767 ἀνθρωπίνοις
1554 697 1771 768 σώμασι
1803 698 1893 753 διὰ

302 789 511 849 κακίας
553 784 1012 856 είσοικιζόμενον⁶
1043 781 1165 838 εἷτα
1208 787 1308 857 τῆς
1349 786 1572 858 λογικῆς
1611 788 1893 859 δυνάμεως

303 878 744 949 ἀποσόεσθείσης
783 880 897 941 τοῖς
944 877 1158 947 ἀλόγοις
1201 876 1539 948 ὲμΰιοτεύειν
1564 895 1578 908 ·
1609 878 1893 932 ὲκεῖθενδὲ

305 971 400 1026 καὶ
426 970 530 1040 τῆς
563 967 821 1039 τοιαύτης
850 967 962 1038 (99)
987 967 1095 1021 τῶν
1128 968 1434 1039 αἰσθήσεων
1464 969 1684 1040 χάριτος
1725 969 1892 1038 ἀφαικ

306 1061 583 1134 ρεθείσης,
615 1060 716 1130 τὴν
739 1058 1061 1129 ἀναίσθητον
1079 1058 1285 1131 ταύτην
1322 1058 1468 1129 ζωὴν
1497 1058 1594 1131 τὴν
1620 1060 1678 1112 ὲν
1706 1061 1893 1127 φυτοῖς

308 1150 755 1224 μεταλαμϐάνειν
774 1167 788 1181 ’
812 1151 920 1204 ἀπὸ
956 1149 1147 1203 τούτου
1184 1149 1241 1203 δὲ
1289 1148 1449 1203 πάλιν
1469 1149 1556 1204 διὰ
1576 1150 1684 1203 τῶν
1713 1150 1892 1203 αὐτῶν

306 1244 515 1297 ἀνιέναι
544 1241 791 1313 βαθμῶν,
818 1241 911 1295 καὶ
923 1240 1059 1313 πρὸς
1080 1240 1332 1311 οὐράνιον
1359 1241 1436 1312 (1)
1454 1241 1632 1313 χῶρον
1651 1239 1893 1295 ἀποκαθ-

288 1310 584 1390 ’ίστασθαμ

1984 602 2053 657 ad
2074 602 2262 657 vitium
2290 612 2453 672 atque
2468 602 2792 672 nequitiam,
2807 604 2964 672 quasi
2988 602 3356 660 deﬂuentibus
3375 606 3567 675 pennis

1986 696 2197 751 animas
2217 680 2362 750 intra
2393 710 2624 765 corpora
2648 695 2842 766 redigi,
2872 698 3108 766 primum
3131 699 3352 768 quidem
3379 698 3571 752 buma-

1987 803 2081 853 na,
2112 789 2309 845 deinde
2330 790 2519 844 eodem
2548 789 2710 845 modo
2734 798 2954 860 propter
2985 790 3446 845 consuetudinem
3483 806 3573 844 ra-

1990 878 2138 934 tione
2157 881 2463 935 carentium
2484 880 2779 936 aﬂ‘ectuum
2815 896 2881 936 ac
2903 882 3393 951 perturbationum,
3418 889 3571 950 post-

1988 986 2153 1040 quam
2180 986 2212 1026 e
2240 972 2353 1026 vita
2383 970 2623 1026 humana
2654 972 3018 1038 excesserint,
3078 973 3133 1025 in
3189 987 3383 1042 pecora
3407 971 3572 1041 dege-

1988 1073 2204 1124 nerare,
2227 1067 2392 1130 atque
2417 1060 2544 1115 inde
2571 1076 2748 1132 usque
2772 1060 2840 1116 ad
2872 1061 3014 1115 hanc
3041 1061 3346 1131 plantarum
3374 1077 3570 1117 sensu-

1989 1164 2097 1219 que
2121 1157 2397 1206 carentem
2426 1151 2590 1205 vitam
2623 1152 2824 1216 delabi,
2881 1152 3016 1207 adeo
3062 1160 3122 1206 ut
3170 1162 3366 1206 natura
3410 1162 3573 1208 tenue

1989 1252 2154 1313 atque
2176 1244 2336 1315 agile,
2366 1244 2511 1299 sicut
2546 1244 2729 1298 anima
2751 1251 2858 1307 est,
2893 1243 3130 1312 primum
3167 1244 3388 1314 quidem
3433 1259 3571 1313 pon-

1989 1332 2245 1389 derosum
2274 1349 2338 1388 ac
2365 1333 2627 1390 deorsum
2672 1349 2904 1405 vergens
2946 1333 3212 1389 efﬁciatur
3264 1335 3319 1388 in
3345 1336 3575 1404 corpora

306 1428 550 1482 humana
592 1435 818 1499 propter
856 1427 1052 1484 vitium
1105 1438 1268 1500 atque
1315 1428 1617 1499 nequitiam
1667 1426 1989 1497 immigrans
2039 1446 2053 1481 :
2092 1427 2292 1483 deinde
2326 1430 2542 1484 ratione
2594 1428 2822 1498 praedita
2849 1427 2901 1482 vi
2940 1428 3236 1493 exstincta,
3272 1428 3327 1482 in
3364 1428 3577 1482 ratione

309 1520 631 1576 carentibus
677 1520 843 1574 vitam
897 1520 1136 1591 degere;
1209 1520 1362 1576 illinc
1411 1535 1543 1576 vero
1589 1535 1850 1577 sensuum
1908 1535 2127 1591 quoque
2170 1520 2317 1576 dono
2371 1521 2630 1591 adempto
2674 1520 2817 1575 hanc
2860 1521 3170 1591 plantarum
3221 1520 3405 1585 vitam,
3458 1535 3578 1590 quae

310 1620 511 1669 s’ensus
549 1628 748 1683 expers
799 1620 908 1679 est,
959 1612 1196 1668 invicem
1233 1614 1538 1684 suscipere,
1592 1627 1658 1668 ae
1708 1620 1898 1684 postea
1958 1627 2154 1668 rursus
2190 1628 2286 1683 per
2314 1611 2535 1670 eosdem
2572 1611 2776 1684 gradus
2805 1611 3125 1676 ascendere,
3161 1620 3216 1667 et
3262 1612 3475 1669 restitui
3522 1612 3576 1664 in

311 1712 494 1765 locum
522 1708 823 1764 caelestem.

383 1799 460 1852 Τὸ
516 1798 573 1851 δὲ
614 1796 853 1851 τοιοῦτον
895 1796 1074 1868 δόγμα
1113 1800 1227 1862 τοῖς
1281 1800 1376 1852 καὶ
1423 1799 1659 1871 μετρίως
1700 1799 1903 1870 κρίνειν

2079 1797 2259 1869 Atque
2294 1797 2570 1868 ejusmodi
2615 1798 2967 1871 doetrinaiab
3008 1801 3076 1855 iis
3098 1798 3190 1870 qui
3241 1800 3325 1854 vel
3368 1798 3578 1853 medio-

313 1888 751 1958 ὲπεσκεμμένοις
774 1886 1000 1941 αὐτόθεν
1021 1887 1323 1958 ἐλέγχεται,
1359 1888 1629 1958 μηδεμίαν
1657 1888 1802 1958 ἔχειν
1819 1886 1895 1957 (2)

313 1983 371 2034 ὲν
391 1982 610 2043 ἑαυτοῖς
635 1981 735 2052 (2‘)
765 1981 970 2034 στάσιν.
994 1981 1058 2033 Εί
1081 1980 1190 2051 γὰρ
1218 1979 1326 2032 ἀπὸ
1350 1983 1448 2049 τῆς
1477 1980 1729 2051 οὐρανίας
1752 1979 1897 2048 ζωῆς

312 2073 403 2125 διὰ
439 2070 641 2133 κακίας
679 2070 757 2139 (5)
813 2069 905 2121 ἐπὶ
929 2069 1021 2122 τὸν
1050 2066 1255 2138 ξυλώδη
1284 2068 1448 2139 βίονὴ
1480 2068 1626 2139 ψυχὴ
1658 2067 1895 2120 κατασύ-

315 2180 493 2233 ρεται,
525 2161 831 2215 ἀπὸτούτου
851 2159 909 2213 δὲ
935 2160 1097 2215 πάλιν
1119 2160 1185 2213 δι’
1200 2160 1398 2231 ἀρετῆς
1419 2161 1514 2213 ἐπὶ
1537 2159 1628 2213 τὸν
1647 2160 1897 2231 οὐράνιον

314 2254 630 2325 ἀνατρέχει,
655 2253 966 2324 εὑρίσκεται
990 2255 1018 2306 ὁ
1041 2252 1197 2320 λόγος
1211 2251 1389 2307 αὑτῶν
1415 2250 1657 2324 ἀπορῶν,
1688 2252 1717 2304 ὅ
1738 2269 1789 2304 τι
1817 2249 1895 2321 (4)

315 2350 711 2420 προτιμότερον
742 2347 910 2400 οἴεται
947 2345 1049 2417 (5),
1094 2345 1203 2399 εἴτε
1248 2347 1346 2417 τὴν
1377 2347 1612 2418 ξυλίνην,
1661 2346 1772 2399 εῐτε
1800 2343 1898 2416 τὴν

314 2441 578 2513 οὑρανίαν
611 2438 778 2509 ζωήν.
808 2436 1020 2501 Κύκλος
1047 2438 1155 2509 γάρ
1175 2437 1258 2500 τίς
1296 2438 1413 2491 ἐστι
1450 2438 1539 2491 διὰ
1561 2438 1669 2492 τῶν
1699 2436 1898 2507 ὁμοίων

315 2532 668 2605 περιχωρῶν,
703 2532 789 2585 ἀεὶ
831 2531 930 2601 τῆς
956 2529 1155 2600 ψυχῆς,
1187 2529 1246 2582 ὲν
1271 2521 1422 2603 ᾧπερ
1456 2527 1522 2582 ἂν
1550 2523 1607 2600 ᾖ,
1636 2526 1899 2581 ἀστατούο

316 2641 440 2695 σης.
474 2624 541 2676 Εί
571 2622 680 2692 γὰρ
707 2623 771 2673 ἐκ
798 2621 897 2691 τῆς
925 2620 1214 2689 ἀσωμάτου
1258 2617 1401 2688 ζωῆς
1427 2616 1564 2688 πρὸς
1587 2617 1688 2686 τὴν
1722 2633 1900 2686 σωμα-

315 2718 477 2788 τικὴν
505 2715 803 2769 ἀναπίπτει
828 2712 927 2783 (6),
976 2712 1069 2765 καὶ
1123 2713 1188 2765 ἐκ
1223 2709 1426 2781 ταύτης
1459 2708 1596 2780 πρὸς
1625 2708 1725 2779 τὴν
1744 2707 1897 2761 ἀναί-

318 2796 552 2876 σθητον·
606 2802 816 2856 ἐκεῖθεν
862 2800 918 2853 δὲ
958 2799 1118 2853 πάλιν
1183 2798 1320 2871 πρὸς
1368 2798 1468 2869 τήν
1495 2796 1570 2868 (7)
1608 2795 1898 2867 ἀσώματον

317 2897 634 2967 ἀνατρέχει,
688 2893 839 2947 οὐδὲν
871 2891 1059 2963 ἕτερον
1088 2889 1122 2959 ἢ
1151 2889 1461 2960 ἀδιάκριτος
1494 2889 1678 2942 κακῶν
1715 2904 1776 2940 τε
1803 2887 1899 2941 κα)⁸

318 2990 543 3058 ἀγαθῶν
599 2988 858 3055 σύγχυσις
906 2982 1056 3053 παρά
1100 2984 1212 3045 τοῖς
1269 2979 1444 3035 ταῦτα
1483 2978 1900 3051 δογματίζουσιν

320 3081 649 3135 ὑπονοεῖται.
680 3075 816 3129 Οὑτε
838 3075 947 3145 γὰρ
974 3076 1008 3145 fi)
1028 3073 1256 3144 οὐρανία
1272 3069 1513 3141 διαγωγὴ
1548 3072 1603 3123 ὲν
1626 3068 1703 3139 τῷ
1722 3085 1899 3140 μακα-

1998 1889 2168 1944 criter
2207 1889 2506 1944 exercitato
2555 1889 2764 1957 judicio
2821 1889 3046 1953 fuerint,
3083 1904 3148 1945 ex
3212 1889 3392 1959 seipsa
3422 1888 3581 1942 facile

1997 1981 2443 2051 deprehenditur,
2469 1982 2679 2035 nullum
2716 1982 2770 2035 in
2802 1996 2924 2037 sese
2953 1982 3150 2036 stabile
3184 1980 3580 2035 ﬁrmamentum

1998 2074 2219 2128 habere.
2253 2071 2389 2125 Nam
2422 2071 2469 2126 si
2509 2086 2539 2124 a
2598 2072 2811 2128 caelesti
2868 2072 2978 2127 vita
3030 2079 3254 2142 propter
3306 2071 3495 2124 vitium
3526 2079 3584 2124 et
3609 2067 3626 2078 ’

1996 2164 2300 2234 nequitiam
2330 2162 2399 2216 ad
2431 2164 2664 2232 ligneam
2723 2164 2893 2218 vitam
2922 2164 3104 2218 anima
3139 2162 3482 2229 detrahitur;
3516 2162 3584 2215 ab

1997 2273 2061 2315 ea
2106 2271 2240 2313 vero
2302 2271 2498 2311 rursus
2542 2263 2766 2326 propter
2798 2256 3055 2311 virtutem
3087 2254 3152 2308 ad
3193 2254 3469 2310 caelestem
3495 2269 3584 2308 re-

1996 2350 2193 2414 currit,
2228 2348 2505 2419 reperitur
2549 2362 2741 2402 eorum
2786 2348 2967 2402 oratio
3002 2347 3256 2403 dubitare
3276 2346 3407 2416 Quid
3444 2360 3584 2415 prae-

1996 2443 2271 2505 stabilius,
2304 2441 2586 2512 magisque
2628 2438 3023 2511 praal‘erendutn
3075 2446 3246 2509 putet,
3278 2438 3587 2507 Iigneamue

1996 2549 2064 2587 au
2088 2533 2367 2589 caelestem
2397 2532 2585 2585 vitam.
2615 2530 2894 2586 Circuitus
2964 2530 3108 2583 enim
3161 2538 3216 2583 et
3242 2529 3403 2598 quasi
3435 2529 3587 2583 Orbis

1995 2625 2216 2696 quidam
2233 2622 2447 2693 est,qui
2472 2636 2568 2692 per
2593 2621 2793 2676 similia
2817 2620 3094 2691 peragitur
3108 2628 3272 2690 atque
3300 2618 3585 2674 conﬁcitur

1996 2716 2177 2770 anima
2192 2729 2426 2785 semper,
2447 2714 2760 2783 ubicunque
2782 2711 2968 2774 fuerit,
2989 2710 3198 2764 nullum
3235 2710 3447 2763 ﬁrmum
3468 2723 3589 2764 cer-

1996 2814 2220 2874 tumque
2245 2801 2583 2859 consistendi
2607 2802 2787 2855 locum
2816 2799 3072 2854 habente.
3090 2796 3224 2851 Nam
3248 2797 3293 2852 si
3315 2813 3380 2852 ex
3404 2798 3589 2851 incor-

1995 2910 2160 2967 porea
2176 2895 2285 2949 vita
2301 2893 2369 2949 ad
2382 2907 2703 2962 corpoream
2713 2890 3057 2954 delabitur,et
3070 2904 3135 2945 ex
3151 2889 3242 2943 illa
3260 2889 3325 2943 ad
3340 2903 3457 2943 eam
3472 2902 3593 2958 quae

1997 3002 2159 3043 sensu
2185 2993 2363 3053 caret;
2383 2982 2784 3053 itemqueillinc
2808 2996 3000 3035 rursus
3017 2979 3083 3034 ad
3107 2981 3483 3049 incorpoream
3504 2994 3592 3034 re-

1996 3077 2188 3141 currit,
2208 3076 2345 3130 nihil
2360 3074 2507 3128 aliud
2527 3074 2629 3128 nisi
2650 3071 2967 3127 indistincta
2987 3080 3148 3140 atque
3165 3070 3459 3126 indiscreta
3476 3076 3589 3122 tum

326 3172 507 3245 ρισμῴ
556 3169 820 3241 διαμένει,
865 3166 1022 3237 εἴπερ
1076 3163 1246 3218 κακία
1282 3162 1389 3215 τῶν
1431 3164 1549 3215 ἐκεῖ
1580 3159 1797 3225 ζώντων
1822 3160 1899 3231 (8)

2004 3169 2271 3223 malorum
2304 3178 2415 3221 tum
2447 3166 2713 3220 bonorum
2740 3160 2994 3217 conlusio
3023 3160 3091 3214 ab
3112 3159 3310 3229 iis,qui
3338 3159 3451 3213 haec
3477 3164 3593 3212 tra-

323 3267 666 3323 καθάπτεται
709 3262 786 3332 (9)
816 3278 831 3292 ο
899 3258 1022 3313 οὔτε
1055 3258 1125 3312 τὰ
1154 3256 1285 3321 ξύλα
1314 3257 1412 3326 τῆς
1445 3254 1645 3325 ἀρετῆς
1668 3254 1902 3324 ἀμοιρή-

325 3377 408 3413 σει
439 3358 577 3430 (10),
626 3354 785 3421 εἴπερ
836 3349 1083 3406 ἐντεῦθεν
1146 3347 1244 3420 μὲν
1272 3348 1362 3399 ἐπὶ
1403 3346 1463 3401 τὸ
1487 3344 1689 3415 ἀγαθὸν
1716 3343 1905 3398 παλιν-

325 3452 548 3524 δρομεῖν
573 3446 778 3501 οἴονται
805 3444 905 3516 τὴν
944 3441 1144 3513 ψυχὴν,
1181 3438 1389 3493 ἐκεῖθεν
1420 3438 1478 3491 δὲ
1512 3437 1605 3491 τοῦ
1637 3436 1779 3490 κατά
1803 3453 1904 3490 κα-

326 3543 452 3596 κίαν
504 3536 839 3609 ἀνάρχεςθαι
885 3533 1019 3602 (11).
1046 3532 1112 3585 Et
1137 3531 1244 3603 γάρ
1279 3532 1338 3584 ὲν
1375 3528 1455 3600 τῷ
1488 3526 1703 3601 οὐρανῷ
1734 3527 1844 3598 (12)
1869 3528 1903 3597 ἡ

325 3632 472 3703 ψυχὴ
508 3620 993 3699 συμπεριπολοῦσα
1032 3624 1097 3692 τῇ
1146 3620 1315 3692 κακίᾳ
1366 3619 1760 3691 συμπλέκεται,
1814 3618 1907 3671 καὶ

327 3725 416 3778 διὰ
452 3722 663 3789 ταύτης
704 3718 797 3770 ὲπ).
828 3716 920 3769 τὸν
958 3713 1133 3785 ὑλώδη
1179 3711 1605 3767 καθελκυσθεῖσα
1646 3711 1780 3780 βίον,
1811 3711 1906 3764 ἀν-

330 3816 551 3870 ωθεῖται
607 3809 773 3865 πάλιν
800 3806 1048 3862 ἐντεῦθεν
1077 3806 1169 3859 ἐπὶ
1220 3805 1319 3877 τὴν
1351 3805 1408 3857 ὲν
1432 3803 1556 3873 ὕψει
1593 3802 1867 3873 διαγωγήν
1894 3818 1907 3834 ο

332 3908 440 3979 ἄρα
461 3906 524 3959 τὸ
558 3901 794 3974 ἔμπαλιν
818 3898 946 3970 παρ’
969 3895 1193 3950 ἐκείνων
1212 3893 1699 3958 κατασκευάζεται,
1728 3891 1790 3944 τδ
1812 3891 1910 3962 τὴν

2007 3260 2164 3322 dunt,
2196 3259 2419 3328 ﬁngitur
2458 3264 2513 3311 et
2542 3254 2909 3311 existimatur.
2959 3250 3147 3322 Neque
3169 3253 3313 3305 enim
3348 3250 3593 3305 caelestis

2007 3352 2116 3406 vita
2158 3351 2213 3405 in
2247 3346 2588 3405 beatitudine
2618 3344 2977 3416 permanebit,
3021 3342 3291 3413 siquidem
3318 3340 3594 3396 vitiositas

2007 3440 2119 3497 illic
2146 3440 2388 3495 viventes
2422 3436 2631 3491 invadit
2666 3454 2681 3490 :
2713 3448 2892 3503 neque
2923 3433 3068 3501 ligna
3125 3446 3190 3486 ac
3229 3430 3450 3499 stipites
3482 3430 3594 3484 vir-

2008 3532 2142 3586 tutis
2166 3536 2417 3599 expertes
2442 3533 2624 3587 erunt,
2646 3524 2913 3592 siquidem
2938 3521 3067 3574 hinc
3089 3520 3156 3574 ad
3188 3520 3388 3574 bonum
3414 3533 3601 3573 recur-

2009 3637 2152 3685 rere,
2192 3620 2343 3675 illinc
2387 3631 2519 3673 vero
2546 3615 2756 3670 vitiosa:
2809 3612 2934 3667 vitae
2962 3609 3177 3663 initium
3221 3622 3440 3664 sumere
3474 3607 3601 3662 ani-

2010 3728 2152 3767 mam
2170 3716 2380 3781 putant.
2403 3707 2537 3762 Nam
2561 3705 2607 3761 si
2634 3703 2964 3775 anima,quae
2982 3714 3092 3755 una
3112 3714 3237 3754 eum
3254 3699 3394 3754 caelo
3408 3712 3599 3753 versa-

2010 3812 2100 3858 tur
2127 3815 2252 3856 cum
2283 3799 2417 3854 vitio
2442 3808 2606 3867 atque
2633 3793 2876 3864 nequitia
2893 3790 3261 3855 conﬂictatur,
3291 3802 3356 3843 ac
3380 3796 3602 3857 propte!

2010 3892 2362 3950 vitiositatem
2375 3889 2441 3945 ad
2457 3886 2789 3943 materialem
2804 3898 2868 3939 ac
2880 3882 3184 3938 silvestrem
3202 3880 3367 3934 vitam
3379 3878 3603 3933 detrusa

337 3967 436 4070 μῖὲν
467 3967 664 4065 ὑλικῆν
712 3991 856 4063 ζωὴν
894 3967 1093 4053 κακίας
1137 3982 1275 4040 εἶναι
1308 3986 1577 4056 κάθαρσιν
1622 3983 1772 4055 (15),
1813 3982 1903 4054 τὴν

2013 3999 2206 4039 rursus
2221 3982 2349 4036 hinc
2363 3978 2705 4039 subvehitur,
2719 3981 2780 4028 ut
2798 3974 2965 4029 vitam
2988 3970 3147 4043 degat
3164 3971 3218 4025 in
3238 3967 3457 4024 sublimi
3475 3984 3488 4020 :
3510 3981 3599 4022 res

334 4059 388 4146 δὲ
419 4059 638 4157 ἀπλανῆ
660 4059 962 4156 περιφορὰν
991 4079 1177 4135 κακῶν
1206 4078 1445 4151 ἀρχηγὸν
1472 4079 1568 4131 κα)⁵
1584 4076 1761 4132 αἰτίαν
1791 4077 1903 4139 ταῖς

2013 4075 2271 4131 nimirum
2288 4073 2505 4127 inversa
2538 4068 2608 4123 ab
2640 4066 2753 4121 illis
2775 4064 3043 4121 asseritur
3071 4070 3235 4133 atque
3271 4059 3600 4147 aﬁirmatur’

334 4182 536 4254 ψυχαῖς
558 4152 829 4247 γίνεσόαι,
857 4152 1014 4243 εῖπερ
1042 4162 1294 4225 ἐντεῦθεν
1324 4168 1436 4239 (14)
1459 4168 1524 4222 δι’
1550 4166 1751 4239 ἀρετῆς
1785 4183 1903 4220 πτε-

2015 4182 2210 4237 nempe
2227 4164 2374 4236 quod
2395 4160 2693 4217 materialis
2708 4157 2926 4240 quidem
2946 4158 3054 4211 vita
3080 4153 3392 4210 vitiositatis
3409 4152 3600 4221 expia-

339 4242 683 4346 ροξυήσασαι
715 4242 1217 4337 μετεωροποροῦσιν
1266 4258 1401 4330 (15),
1451 4258 1659 4313 ἐκεῖθεν
1696 4256 1808 4329 (16)
1858 4256 1903 4309 δὲ

2017 4260 2209 4314 tricem
2243 4257 2353 4311 vim
2385 4254 2661 4312 contineat
2691 4269 2706 4307 :
2744 4249 3024 4307 stellarum
3053 4261 3182 4302 vero
3236 4242 3601 4299 inerrantium

463 4336 665 4423 κακίας
708 4357 819 4412 τῶν
856 4352 1074 4426 πτερῶν
1123 4352 1494 4406 ἐκπιπτόντων
1558 4349 1903 4421 χαμαιπετεῖς

2019 4352 2266 4421 coeloque
2283 4348 2658 4405 inhaerentium
2675 4342 2963 4399 conversio
2982 4348 3144 4410 atque
3171 4336 3458 4402 revolutio,
3490 4348 3605 4388 ma-

340 4456 623 4527 πρόσγειοι
686 4449 798 4519 (l7)
840 4448 1103 4516 γίνονται,
1144 4445 1208 4514 τῇ
1256 4442 1527 4512 παχύτητι
1578 4443 1677 4511 τῆς
1731 4440 1903 4510 ὑλικῆς

2021 4446 2200 4500 lorum
2240 4457 2407 4499 causa
2440 4448 2604 4511 atque
2636 4437 2962 4509 principium
2984 4432 3270 4488 animabus
3286 4429 3507 4488 existat,
3533 4426 3607 4480 si-

2107 4533 2157 4537 --
2310 4532 2361 4537 --
2664 4529 2674 4537 .
2778 4534 2786 4537 Α
2968 4523 2982 4537 .
3108 4519 3187 4537 7.7
3354 4516 3604 4537 φιν-η-

342 4542 818 4617 καταμιγνύμεναι
850 4538 1083 4608 φύσεως.
1113 4535 1223 4589 Καὶ
1256 4534 1316 4587 οὑ
1341 4533 1501 4604 μέχρι
1540 4531 1744 4585 τούτων
1780 4531 1903 4584 ἵστα

2028 4533 2249 4605 quidem
2310 4532 2441 4586 hinc
2498 4544 2595 4601 per
2628 4529 2882 4582 virtutem
2935 4523 3051 4577 alas
3096 4519 3306 4590 adepta:
3350 4516 3608 4574 sublimes

342 4654 431 4693 ται
597 4607 871 4690 τοιούτων
896 4630 1178 4701 δογμάτων
1208 4629 1241 4698 ἡ
1271 4626 1488 4692 ἀτοπία,
1518 4624 1596 4695 τῷ
1630 4623 1903 4695 ἀντεστρά·

2034 4625 2239 4680 abeunt
2269 4632 2433 4693 atque
2482 4618 2727 4675 caelestia
2760 4613 3236 4683 contemplantur;
3298 4607 3449 4662 illinc
3476 4620 3607 4701 vero

348 4732 474 4802 φθαι
505 4729 620 4799 (l8)
656 4725 792 4798 πρὸς
812 4694 1125 4777 τούναντίον
1145 4694 1243 4783 τάξ
1269 4694 1585 4788 ὑπολήψεις,
1637 4714 1772 4769 Ἀλλ’
1808 4694 1903 4769 διδ

2033 4728 2128 4784 per
2160 4712 2349 4767 vitium
2393 4722 2554 4779 atque
2582 4705 2883 4777 nequitiam
2929 4701 3087 4777 quasi
3118 4700 3219 4753 alis
3252 4695 3489 4760 amissis,
3506 4694 3610 4749 bu-

2130 4913 2183 4983 8)
2219 4913 2379 4967 Ἐκεῖ
2405 4909 2729 4983 ζώντωνζΒ
2762 4906 2978 4983 ζώντων
3013 4904 3146 4955 ὲκεῖι

2133 4974 2189 5051 9)
2222 4983 2609 5038 Καθὰπτεται.
2641 4980 2701 5051 Β.
2727 4974 3153 5051 καταΘ-άπτεται.

2258 5052 2612 5127 ’.Αμοιρήσεμ
2644 5050 2686 5101 Β
2715 5046 3086 5127 ἀμοιρήσειεν.

2110 5104 2664 5217 ἰέἐεδᾼλὲᾔκὲεείέίιξ·
2701 5104 3354 5217 agitassem
3383 5104 3523 5177 βίουι
3554 5105 3608 5160 ευ

2037 5180 2281 5262 margine
2302 5180 2663 5271 ἀπάρχεσθαι.
2685 5188 2741 5267 ,Β
2756 5183 3017 5266 ἄρχεσθαι
3038 5180 3184 5262 βίου.
3451 5246 3478 5258 η

2110 5262 2224 5334 (ιε)
2266 5264 2361 5315 Ἐν
2388 5279 2469 5326 τῳ
2484 5263 2737 5329 adparet.
2761 5255 2802 5307 Α
2837 5268 2892 5307 In
2922 5265 3169 5322 margtne
3195 5249 3244 5302 ei
3276 5247 3385 5318 γὰρ
3409 5262 3490 5317 τῳ
3518 5246 3610 5300 od-

2077 5332 2231 5387 ανίω.

2043 5350 2231 5471 ραῖιμέ)
2253 5402 2574 5470 Κάθαρσιν.
2604 5399 2670 5471 ΑΔ,
2700 5391 3078 5471 Β-καθάεσιον.

2114 5459 2227 5537 (14)
2266 5459 2597 5525 Ἐντεῦθεν.
2629 5468 2692 5529 Α,
2730 5466 2772 5516 Β
2804 5459 3051 5537 ἐντεῦθεν
3084 5459 3203 5537 μέντ

2141 5528 2226 5609 15)
2252 5528 2831 5609 Μετεωροποροῦσιν.
2866 5528 3400 5609 Ιδιιετεωροπολοῦσιν.

2144 5602 2227 5666 16)
2267 5602 2543 5665 Ἐκεῖῠεν.
2568 5602 2612 5661 Ᾱ
2643 5604 2846 5659 ἐκεῖθεν
2871 5602 2949 5654 δέ.

2115 5670 2226 5751 (17)
2257 5681 2586 5751 Πρόστειοι.
2618 5677 2756 5751 A,_B
2778 5670 3086 5751 x_a.i_rtpécy.

2118 5743 2230 5823 (18)
2268 5743 2352 5816 Τῷ
2377 5743 2652 5816 dienam.
2679 5748 2741 5799 A.
2774 5745 2833 5797 τὸ
2861 5743 3109 5809 ἀντεστρ.

420 4935 536 5006 (99)
564 4932 869 5006 Τοιαύτης.
889 4927 1093 5006 ΔΒελειιι
1108 4924 1153 4978 Α

424 4986 939 5077 (despcit-M31"
973 4996 1128 5077 Β.τδῖ
1163 4993 1432 5077 οίέράνιεξν·
1462 4986 1931 5077 ἓθέςρῖἒνέἐξίτὲῖ

356 5056 693 5145 νιοῖάώρὂν.
731 5070 847 5125 Sub
882 5056 1129 5123 asterisci
1183 5056 1342 5133 si'gno
1370 5061 1425 5114 in
1459 5056 1702 5129 margine
1721 5056 1927 5135 codicis

359 5149 397 5191 Α
455 5146 521 5191 ad
573 5143 783 5191 calcem
837 5136 1133 5191 nraaﬁtzitur
1170 5134 1254 5187 οὑ.
1284 5130 1437 5191 Τάχα
1487 5129 1581 5182 καὶ
1611 5127 1680 5180 τά
1707 5139 1929 5180 τοιαυτα

357 5149 400 5201 Δ
455 5143 529 5200 ad
573 5143 783 5197 calcem
837 5143 1133 5209 pratligitur
1170 5143 1254 5187 οὑ.
1284 5143 1437 5199 Ἰἀχα
1487 5143 1581 5182 και
1611 5143 1680 5180 τα
1707 5143 1928 5180 τοιαυτα

367 5214 650 5287 ξοριγένης
666 5214 739 5287 Δἐν
750 5212 865 5287 τοῖς
880 5208 1098 5287 οἰκείοις
1119 5202 1463 5287 ἀνεπλάσατο
1481 5197 1928 5287 συγγράμμασιν,

359 5267 451 5349 ὧῖ
463 5267 640 5338 eam;
658 5267 892 5353 ὑπάρχει
938 5267 1105 5347 σαφὲς
1133 5277 1245 5337 τοῖς
1286 5269 1389 5325 κᾶν
1426 5268 1560 5341 πρὸς
1596 5267 1933 5339 βραχύτατον

360 5357 540 5420 αὐτοῖς
573 5352 967 5421 ἐπισκήψασιν.

432 5424 508 5495 (2)
522 5418 531 5420 ⁷
544 5418 842 5495 ἜχεινζῌΒ
873 5418 1017 5495 exex.
1034 5486 1047 5495 _
1167 5482 1194 5495 η

560 5486 850 5566 Ἐὶὶυτοῒςι
866 5486 934 5552 Α,
959 5486 1224 5566 Βιὲαυτῷ.

433 5556 526 5635 (ὃ)
540 5560 859 5635 Κακίαςᾌᾼ
888 5556 1105 5611 κακίαν.

435 5630 513 5704 (4)
545 5634 618 5686 ’0
655 5649 733 5685 τι.
770 5630 929 5704 ιξδτιτ

430 5700 508 5774 (5)
527 5704 767 5774 Οἷεται.-
788 5700 830 5751 Β
857 5700 1116 5774 οἰήσεται.
1306 5761 1319 5774 1
1532 5760 1543 5774 ⁸
1629 5757 1667 5774 Μ
1798 5757 1808 5771 ν

438 5757 515 5839 (ﬁl)
552 5757 1016 5831 Ἀναττίπτει.Ἀ,
1037 5767 1087 5839 ΔΒ
1111 5761 1497 5839 καταφέρεται,
1528 5760 1592 5812 ὲκ
1625 5757 1680 5810 δὲ
1714 5757 1934 5827 ταύτης.

440 5832 518 5916 (7)
548 5843 708 5913 Πρὸς
729 5841 863 5909 τήν.
894 5839 938 5891 Δ
957 5836 1093 5908 πρὸς
1120 5832 1182 5888 τὸ
1208 5833 1327 5903 τήν.

2108 4916 2130 5122 3
