3950 6132
295 398 398 458 “5
1502 407 1560 462 S.
1600 405 1876 461 ΟΒΕοοΒ

1983 409 2260 467 ςγδδΕΝι
3459 419 3564 476 116

294 517 457 572 miles
483 525 536 572 et
566 518 760 590 abjecti
801 520 956 587 ﬁunt,
1013 529 1070 577 et
1119 522 1184 578 ad
1228 529 1430 579 terram
1470 522 1713 590 depressi
1752 539 1876 580 cum

1983 529 2120 600 αὐτὴ
2147 530 2259 600 (i9)
2298 532 2471 600 παγία
2512 533 2756 604 διαμένει
2805 536 2967 606 μέχρι
3002 537 3217 591 πάντων
3241 532 3354 605 (20)
3382 533 3568 598 αὐτοῖς

293 611 659 667 crassitudine
681 614 979 670 materialis
1004 624 1212 670 natura
1228 615 1674 672 commiseentur.
1699 617 1876 686 Atque

1983 621 2016 689 ἡ
2039 621 2280 676 ὑπόνοια.
2311 623 2373 678 El
2400 622 2510 695 γὰρ
2524 625 2791 693 ἄτρεπτον
2815 626 2912 697 τὴν
2935 627 3186 698 οὐράνιον
3214 626 3326 697 (21)
3346 625 3566 694 λέγουσι

295 697 558 755 hactenus
613 701 850 757 nondum
885 705 1140 761 consistit
1173 705 1442 776 ejusmodi
1475 705 1872 760 sententiarum

1983 707 2144 776 φύσιν
2175 709 2310 780 (22),
2343 711 2461 774 πῶς
2507 712 2691 783 χώραν
2714 713 2825 784 ἔχει
2865 715 2976 785 (25)
3006 697 3084 769 Ῠέν
3113 714 3192 786 τῷ
3219 715 3476 785 ἀτρέπτῳ
3505 715 3566 768 τὸ

291 797 454 858 atque
486 793 856 850 doctrinarum
875 796 1210 862 absurdilas,
1245 805 1302 853 ut
1335 799 1390 851 in
1415 799 1751 852 contrarium
1782 797 1870 851 in—

1983 796 2188 864 πάθοςς
2220 801 2329 852 Καὶ
2370 801 2420 855 εί
2466 803 2718 874 ἐμπαθὴς
2753 805 2865 875 (24)
2896 808 2928 877 ἡ
2961 807 3112 861 κάτω
3147 806 3327 876 φύσις,
3358 805 3477 870 πῶς
3505 808 3564 862 ἐν

289 897 462 938 versae
489 886 599 938 sint
629 887 935 955 Opiniones.
977 889 1082 944 Sed
1113 906 1180 945 ne
1211 889 1327 944 haec
1357 888 1575 957 quidem
1610 896 1873 959 perpetuo

1983 889 2056 960 τῷ
2111 891 2342 962 παθητῷ
2397 895 2752 967 κατορθοῦται
2814 901 2847 969 ἡ
2908 899 3182 964 ἁπάθειας
3235 898 3398 953 Ἀλλά
3459 917 3563 968 cpu-

288 983 440 1029 certa
464 978 782 1050 stabilisque
798 981 879 1036 cis
908 983 1226 1052 imaginatio
1250 982 1542 1052 opinioque
1571 991 1871 1052 permanet.

1983 980 2135 1051 ροῢσι
2165 983 2278 1052 (25)
2307 983 2376 1038 τά
2406 985 2634 1054 ἄμικτα,
2663 989 2758 1043 καὶ
2796 989 2972 1044 ἐνοῦσι
3003 990 3073 1044 τὰ
3111 989 3472 1060 ἀκοινώνητα,
3503 991 3564 1044 ἐν

286 1063 424 1120 Nam
445 1069 490 1122 si
520 1070 912 1128 immutabilem
930 1071 1119 1127 dicunt
1145 1074 1423 1129 caelestem
1446 1088 1569 1128 esse
1596 1081 1873 1136 naturam,

1983 1069 2144 1122 πάθει
2182 1069 2244 1124 τὸ
2288 1072 2574 1144 ἄτρεπτον,
2607 1079 2700 1130 καὶ
2756 1079 2814 1132 ἐν
2868 1078 2946 1148 τῷ
3001 1079 3219 1148 τρεπτῷ
3246 1079 3360 1150 (26)
3403 1079 3564 1134 πάλιν

288 1171 399 1225 quo
432 1169 592 1228 pacto
648 1162 702 1216 in
751 1161 1072 1218 immutabili
1113 1165 1298 1233 passio
1349 1172 1404 1219 et
1441 1163 1653 1218 ail‘ectio
1696 1163 1875 1217 locmn

1983 1161 2324 1233 καθορῶντες
2338 1165 2436 1236 τὴν
2453 1166 2738 1221 ἀπάθειαν.
2761 1168 2866 1221 Καὶ
2894 1168 3015 1222 οὐδὲ
3035 1169 3370 1238 τούτοις(27)
3392 1169 3566 1222 εἰσαεὶ

287 1245 492 1303 habet?
524 1250 764 1322 itemque
825 1255 871 1310 si
911 1253 1205 1312 aﬂ‘ectibus
1233 1264 1289 1312 et
1317 1256 1466 1311 vitiis
1504 1256 1739 1310 obnoxia
1795 1262 1876 1309 est

1983 1251 2324 1322 διαμένουσιν
2378 1256 2490 1326 (28)
2517 1274 2529 1287 ·
2590 1257 2706 1309 ἀλλ’
2753 1257 2875 1311 ὅθεν
2899 1259 2998 1330 τὴν
3043 1260 3220 1332 ψυχὴν
3251 1260 3340 1313 διὰ
3364 1261 3563 1324 κακίας

287 1337 505 1396 inferna
535 1351 752 1412 natura,
784 1361 893 1416 quo
962 1355 1123 1418 pacto
1178 1347 1233 1402 in
1266 1363 1331 1402 eo
1384 1348 1528 1418 quod
1586 1346 1872 1403 aﬂ‘eetibus

1983 1342 2279 1415 ἀπῴκησαν
2316 1345 2450 1415 (29),
2483 1348 2660 1402 ἐκεῖσε
2693 1349 2855 1402 πάλιν
2886 1351 3054 1421 αὐτὴν
3094 1351 3169 1414 ὡς
3197 1349 3412 1420 ἀσφαλῆ
3445 1349 3562 1420 (50)

287 1433 584 1488 obnoxium
609 1443 716 1503 est,
743 1439 1058 1507 passionum
1087 1447 1251 1509 atque
1284 1438 1576 1494 allec-tuum
1627 1439 1872 1493 vacuitas

1983 1433 2068 1486 καὶ
2113 1435 2391 1506 ἀκήρατον
2432 1437 2576 1509 ζωὴν
2635 1442 2699 1493 ὲκ
2747 1441 2847 1511 τῆς
2905 1441 3097 1512 ὑλικῆς
3150 1437 3560 1506 ἀνοικίζουσιν,

286 1529 344 1576 et
379 1525 606 1580 abolitio
659 1529 856 1584 conﬁci
895 1539 1060 1600 atque
1092 1531 1337 1600 expediri
1395 1529 1610 1600 potest?
1670 1527 1869 1584 Verum

1983 1525 2161 1594 ὥσπερ
2205 1525 2582 1596 ἐπιλαθόμενοι
2621 1529 2682 1582 τὸ
2726 1530 2936 1584 ἐκεῖθεν
2963 1531 3132 1600 αὐτὴν
3166 1532 3197 1600 ἡ
3241 1530 3411 1584 κακία
3443 1528 3559 1598 (51)

287 1615 620 1682 permiscent
671 1634 736 1675 ea
795 1636 918 1691 quae
979 1621 1198 1677 misceri
1239 1636 1349 1677 non
1403 1628 1654 1691 possunt,
1707 1627 1873 1690 atque

1983 1615 2220 1687 βρύσασα
2250 1615 2386 1685 (52),
2413 1619 2479 1688 τῇ
2503 1617 2650 1672 κάτω
2673 1619 3074 1691 καταμιχθῆναι
3101 1619 3284 1689 φύσει.

219 1739 226 1747 ι
289 1705 486 1761 uniunt
508 1725 570 1765 ea
593 1713 796 1781 quibus
849 1710 1020 1768 inter‘
1040 1730 1100 1769 se
1132 1715 1280 1769 nulla
1346 1713 1660 1768 communio
1690 1719 1809 1778 est;
1867 1710 1922 1764 in
1962 1707 2246 1764 aﬂ'ectione
2277 1710 2794 1778 immutabilitatem,
2831 1713 3154 1766 inmutabili
3193 1726 3388 1767 rursus
3427 1724 3560 1780 pas-

287 1799 511 1854 sionum
543 1812 597 1857 et
623 1804 912 1861 all‘ectuum
947 1805 1297 1862 abolitionem
1325 1815 1378 1859 et
1413 1803 1740 1858 vacuitatem
1781 1801 2165 1870 imaginantes.
2207 1802 2284 1854 Ac
2322 1818 2392 1858 ne
2444 1802 2500 1857 in
2532 1802 2619 1859 his
2687 1803 2904 1872 quidem
2960 1818 3178 1874 semper
3237 1811 3560 1874 permanent

287 1908 351 1947 ac
385 1902 771 1962 perseverant;
836 1896 930 1953 sed
967 1897 1110 1952 unde
1176 1897 1412 1952 animam
1453 1912 1548 1967 per
1585 1895 1778 1950 vitium
1847 1899 1902 1948 et
1938 1892 2236 1961 nequitiam
2277 1894 2641 1961 deduxerunt,
2673 1895 2768 1950 illo
2797 1909 2990 1952 rursus
3033 1911 3152 1950 eam
3184 1904 3441 1966 tanquam
3502 1893 3558 1946 in

206 1973 209 1976 ’
279 1991 459 2059 tutam
486 1994 542 2042 et
572 1988 930 2044 immortalem
959 1990 1126 2044 vitam
1171 2005 1239 2044 ex
1267 1989 1536 2046 materiali
1574 1987 1866 2052 reducunt,
1903 1983 2062 2054 quasi
2111 1984 2264 2040 obliti
2311 1986 2457 2056 quod
2541 1985 2838 2043 vitiositate
2891 1998 3112 2058 gravata
3162 1987 3314 2042 illinc
3399 1980 3558 2056 quasi

283 2077 481 2152 pennis
504 2079 726 2134 amissis
758 2079 945 2136 infera:
971 2081 1262 2138 commista
1287 2091 1499 2137 natura:
1529 2080 1622 2138 sit.

357 2173 540 2244 Itaque
572 2175 895 2231 obtrectatio
923 2185 977 2232 et
1005 2177 1336 2246 vituperatio
1383 2171 1552 2248 hujus
1575 2177 1722 2242 vitae,
1757 2187 1870 2230 coe-
1901 2179 1946 2233 B

283 2262 618 2334 testiumque
649 2279 712 2319 ac
739 2279 1064 2336 superorum
1090 2266 1210 2323 laus
1229 2267 1372 2322 inter
1390 2283 1512 2323 sese
1531 2264 1874 2321 confundun-

284 2360 378 2408 tur
406 2362 461 2410 et
486 2355 936 2422 commiscentur,
1007 2357 1209 2427 quippe
1237 2371 1362 2413 cum
1393 2357 1486 2411 illa
1519 2356 1740 2428 quidem
1766 2356 1873 2410 vita

285 2461 408 2517 quae
435 2448 576 2504 male
599 2447 750 2503 audit
776 2455 832 2504 et
863 2446 1093 2502 infamia
1121 2448 1355 2514 laborat,
1397 2447 1524 2504 boni
1553 2447 1635 2518 (ut
1657 2447 1872 2502 illorum

287 2540 474 2611 Opinio
493 2539 617 2610 (ert)
645 2549 837 2597 auctor
857 2547 912 2595 et
929 2539 1041 2596 dux
1065 2540 1172 2606 sit;
1195 2555 1317 2612 quae
1331 2549 1511 2595 autem
1534 2553 1632 2609 pro
1649 2537 1874 2594 meliore

285 2632 546 2697 habetur,
604 2633 994 2702 propensionis
1022 2631 1092 2688 ad
1143 2631 1347 2687 malum
1382 2645 1576 2686 ansam
1611 2640 1665 2685 et
1709 2643 1872 2684 occa-

286 2724 498 2781 sionem
522 2723 717 2777 anima:
746 2723 858 2778 det.
911 2721 1182 2789 Quocirca
1210 2719 1481 2791 ejicienda
1522 2735 1589 2776 ex
1623 2719 1872 2775 doctrina

285 2814 534 2871 veritatis
555 2813 735 2867 omnis
766 2812 907 2868 falsa
943 2813 1151 2883 pariter
1177 2821 1233 2867 et
1269 2813 1545 2868 instabilis
1589 2812 1657 2866 de
1680 2810 1874 2880 hujus-

287 2901 436 2958 modi
461 2903 627 2958 rebus
673 2903 962 2972 persuasio
993 2910 1080 2959 est
1111 2920 1127 2958 :
1163 2917 1229 2958 ac
1277 2918 1345 2959 ne
1371 2903 1497 2957 illos
1539 2903 1757 2972 quidem
1790 2917 1876 2958 se-

287 3008 544 3065 quamur,
600 2994 801 3065 quibus
830 2993 1042 3050 animas
1066 3009 1134 3049 ex
1151 2994 1510 3050 muliebribus
1551 2995 1874 3064 corporibus

289 3085 358 3140 ad
385 3085 598 3141 virilem
649 3087 819 3140 vitam
848 3087 1089 3144 transire
1116 3087 1293 3156 placet
1321 3104 1336 3154 ;
1363 3095 1460 3141 aut
1497 3096 1689 3141 contra
1723 3101 1752 3140 a
1793 3087 1874 3141 vi-

286 3179 482 3237 rilibus
561 3179 886 3250 corporibus
947 3187 1230 3249 separatas
1280 3180 1492 3234 animas
1574 3179 1716 3233 intra
1764 3193 1874 3233 mu-

286 3269 454 3325 lieres
497 3269 694 3340 redigi,
748 3269 1032 3325 autetiam
1064 3268 1132 3324 ad
1167 3269 1315 3325 viros
1367 3284 1430 3324 ex
1457 3269 1591 3324 viris
1615 3268 1875 3331 transire,

287 3370 344 3420 et
373 3378 441 3419 ex
476 3362 796 3418 mulieribus
828 3377 1021 3418 rursus
1052 3362 1167 3418 ﬁeri
1199 3363 1477 3423 mulieres.
1514 3362 1608 3417 sed
1638 3361 1782 3425 illos,
1815 3370 1876 3415 ut

286 3470 386 3511 eos
411 3456 504 3526 qui
540 3470 572 3510 a
607 3455 838 3510 veritate
885 3453 1282 3518 aberraverint,
1332 3452 1534 3508 missos
1581 3451 1870 3506 faciamus.

2049 2169 2124 2222 Ἥ
2152 2186 2212 2223 τε
2238 2165 2330 2225 οὖν
2359 2171 2578 2242 διαϐολὴ
2620 2170 2714 2225 τοῦ
2742 2171 2868 2242 τῇδε
2897 2171 3034 2241 βίου,
3067 2171 3165 2226 καὶ
3204 2173 3232 2224 ὁ
3253 2170 3360 2226 τῶν
3393 2171 3559 2244 οὐρα-

1979 2260 2108 2315 νίων
2135 2261 2246 2332 (55)
2280 2261 2498 2326 ἔπαινος
2546 2265 2604 2316 ὲν
2631 2263 2880 2334 ἀλλήλοις
2923 2263 3264 2333 συγχέονται,
3292 2265 3385 2318 καὶ
3416 2264 3560 2318 ἀνω-

1977 2353 2269 2424 φεροῦνται
2320 2355 2457 2426 (54).
2506 2353 2600 2408 τοῦ
2658 2355 2756 2426 μὲν
2803 2353 3224 2426 διαϐεϐλημένου
3277 2354 3420 2409 κατά
3458 2355 3559 2427 τὴν

1976 2445 2199 2498 ἐκείνων
2229 2445 2388 2513 δόξαν
2438 2444 2577 2516 πρὸς
2605 2447 2664 2499 τὸ
2700 2446 2862 2500 καλὸν
2901 2445 3310 2518 καθηγουμένου
3333 2462 3348 2478 ο
3381 2446 3474 2500 τοῦ
3499 2447 3559 2500 δὲ

1976 2538 2115 2610 πρὸς
2137 2539 2445 2610 κρείττονος
2465 2539 2578 2612 (55)
2601 2539 3007 2610 ὑπειλημμένου
3032 2538 3130 2609 τὴν
3153 2539 3406 2612 ἀφορμὴν
3421 2539 3560 2592 ὲνδιυ

1977 2628 2160 2694 δόντος
2182 2631 2293 2700 (56)
2326 2632 2392 2702 τῇ
2429 2630 2574 2702 ψυχῇ
2612 2631 2708 2702 τῆς
2744 2631 2880 2701 πρὸς
2906 2630 2967 2684 τὸ
2989 2633 3175 2702 χεῖρον*
3194 2629 3386 2700 ῥοπῆς.
3417 2630 3558 2684 Οὐκ-

1973 2719 2067 2773 οὖν
2095 2720 2363 2790 ἐκϐλητέα
2403 2721 2513 2776 τῶν
2555 2722 2651 2792 τῆς
2677 2721 2953 2792 ἀληθείας*
2971 2721 3254 2792 δογμάτων
3284 2723 3433 2776 πᾶσα
3456 2739 3558 2774 πε-

1976 2811 2292 2883 πλανημένη
2324 2830 2385 2866 τε
2413 2813 2508 2868 καὶ
2533 2811 2842 2866 ἀστατοῢσα
2869 2812 2995 2884 περ)¹
3026 2812 3133 2865 τῶν
3152 2811 3406 2866 τοιούτων
3431 2813 3559 2866 ὑπό-

1977 2902 2176 2974 ληψιςο
2221 2903 2350 2975 μήθ’
2392 2905 2507 2958 ὅσοι
2555 2903 2668 2975 (57)
2717 2904 3065 2958 καταϐαίνειν
3109 2905 3172 2957 ἐκ
3213 2903 3322 2976 (58)
3366 2921 3557 2973 γυναι-

1974 2996 2138 3051 κείων
2185 2996 2453 3067 σωμάτων
2487 2996 2625 3066 πρὸς
2676 2995 2773 3067 τὴν
2802 2994 3047 3066 ἀνδρώδη
3082 2995 3226 3066 ζωὴν
3249 2994 3348 3059 τὰς
3379 2995 3557 3065 ψυχὰς

1973 3089 2154 3162 δοκείη
2180 3089 2294 3162 (59)
2327 3090 2389 3144 τὸ
2438 3089 2674 3159 ἔμπαλιν
2709 3091 2767 3143 ὲν
2798 3087 3015 3157 γυναιξὶ
3059 3087 3302 3155 γίνεσθαι
3326 3089 3424 3150 τάς
3447 3087 3558 3141 τῶν

1974 3181 2243 3253 ἀνδρικῶν
2289 3181 2558 3251 σωμάτων
2586 3181 2948 3252 χωρισθείσας
2980 3179 3175 3250 ψυχὰς,
3220 3179 3253 3252 ἢ
3289 3180 3383 3233 καὶ
3421 3179 3560 3251 πρὸς

1975 3273 2172 3346 ἄνδρας
2204 3272 2261 3336 ἐξ
2311 3272 2520 3344 ἀνδρῶν
2554 3271 2918 3342 μεταϐαίνειν,
2961 3272 3054 3324 καὶ
3075 3273 3340 3338 γυναῖκας
3361 3273 3427 3323 ὲκ
3455 3288 3557 3339 γυ-

1977 3365 2174 3420 ναικῶν
2189 3364 2429 3435 γίνεσθαι
2451 3363 2700 3432 λέγουσιν
2723 3361 2858 3432 (40),
2891 3361 2966 3424 ὡς
2995 3360 3094 3430 τῆς
3118 3359 3374 3430 ἀληθείας
3399 3362 3558 3414 ὲστοο

1978 3458 2281 3528 χασμένους
2310 3455 2764 3524 ἁκολουθήσωμεν
2786 3451 2922 3519 (41).
2958 3452 3015 3504 '0
3040 3452 3137 3521 μὲν
3159 3450 3269 3518 γὰρ
3291 3451 3560 3523 πρότερος

286 3544 424 3600 Nam
452 3546 602 3617 prior
623 3545 842 3616 quidem
877 3545 1083 3616 opinio,
1117 3561 1228 3601 non
1269 3545 1448 3600 solum
1491 3542 1637 3614 quod
1671 3554 1722 3599 et
1779 3545 1861 3598 in-

1983 3550 2028 3602 rb
2071 3549 2228 3618 μόνον
2260 3546 2338 3618 τῷ
2363 3546 2494 3617 (Μ’)
2523 3545 2753 3608 ἀστατος
2803 3542 2916 3614 (42)
2955 3542 3051 3596 καὶ
3108 3541 3384 3613 ἀπατηλὸς
3416 3537 3558 3596 εἷναι

288 3637 503 3693 stabilis
547 3647 601 3692 et
650 3637 814 3692 fallax
845 3636 939 3703 sit,
988 3637 1278 3706 reprobata
1328 3645 1580 3703 est,cutn
1629 3637 1746 3707 ipsa
1777 3651 1874 3707 per

1983 3639 2383 3709 ἀπεδοκιμάσθη
2416 3641 2444 3692 ὁ
2475 3638 2628 3705 λόγος
2667 3637 2799 3706 (45),
2817 3635 2978 3698 αὐτὸς
3000 3636 3056 3687 ὲν
3083 3634 3258 3705 ἐαυτῷ
3285 3635 3395 3704 (44)
3419 3633 3559 3704 πρὸς

289 3743 413 3785 sese
447 3739 668 3800 propter
697 3729 1008 3786 contrarias
1043 3731 1334 3800 Opiniones
1353 3738 1654 3792 evertatur,
1682 3745 1868 3785 verum

1983 3731 2066 3795 τὰς
2093 3728 2338 3792 ἐναντίας
2369 3727 2666 3799 ὑπολήψεις
2695 3725 3178 3797 περιτρεπόμενος,
3217 3725 3332 3778 ἀλλ’
3355 3726 3437 3778 ὅτι
3459 3724 3558 3778 καὶ

287 3820 452 3876 etiam
482 3820 625 3889 quod
648 3821 813 3890 impia
840 3831 945 3886 est,
972 3830 1030 3877 ut
1052 3836 1172 3891 quae
1207 3819 1409 3884 tradat,
1448 3819 1583 3873 nihil
1615 3819 1669 3873 in
1689 3834 1870 3874 rerum

287 3918 543 3966 naturam
604 3910 854 3980 produci,
891 3913 999 3968 nisi
1025 3911 1294 3966 vitiositas
1334 3911 1660 3981 principium
1685 3912 1869 3982 cujus-

289 4018 397 4073 que
430 4011 639 4057 natura:
695 4003 806 4058 det.
855 4002 990 4057 Nam
1041 4003 1088 4058 si
1131 4017 1308 4073 neque
1369 4001 1638 4067 homines,
1698 4020 1873 4074 neque

289 4094 513 4162 plantae,
545 4107 722 4162 neque
771 4107 988 4163 pecora,
1037 4093 1145 4149 nisi
1173 4105 1411 4162 superne
1442 4093 1496 4146 in
1539 4093 1653 4148 lucc
1689 4095 1871 4148 anima

291 4182 516 4252 delapsa
539 4182 722 4248 fuerit,
753 4190 1080 4247 nascuntur,
1122 4184 1307 4254 lapsus
1351 4192 1534 4239 autem
1560 4185 1607 4240 is
1653 4192 1874 4254 propter

291 4271 644 4328 vitiositatem
679 4273 757 4336 fit,
787 4274 976 4342 utique
997 4273 1186 4328 vitium
1215 4289 1278 4328 ac
1313 4275 1606 4345 nequitiam
1641 4291 1875 4345 prmesse

291 4369 488 4435 putant
511 4378 692 4418 rerum
724 4365 1012 4420 creationi.
1047 4365 1126 4419 Ac
1159 4367 1306 4421 circa
1340 4367 1481 4422 idem
1515 4369 1874 4438 quodammo-

293 4454 366 4510 do
392 4465 606 4526 tempus
637 4464 873 4526 utraque
905 4456 1181 4520 accidunt.
1213 4466 1274 4511 ut
1309 4467 1362 4512 et
1387 4459 1548 4513 homo
1572 4474 1639 4514 ex
1667 4459 1874 4529 nuptiis

292 4558 632 4616 procreetur,
664 4556 720 4604 et
746 4549 941 4604 anima:
987 4549 1244 4620 delapsus
1265 4563 1388 4604 cum
1424 4552 1734 4621 nuptiarum
1762 4561 1875 4608 stu-

364 4707 484 4844 (59)
527 4708 682 4762 Οὐδὲ
718 4708 891 4773 αὐτή.
918 4710 962 4760 Α
988 4708 1108 4762 οὐδὲ
1131 4709 1288 4779 αὕτη.

387 4777 477 4844 20)
505 4779 769 4832 Πάντων.
799 4780 864 4844 Α,
882 4779 923 4830 Β
950 4779 1169 4842 παντός.

387 4777 477 4844 20)
505 4779 769 4832 Πάντων.
799 4780 864 4844 Α,
882 4779 923 4830 Β
950 4779 1169 4842 παντός.

518 4849 636 4916 Τὴν
662 4849 962 4920 οὐράνιοις.
991 4849 1032 4900 Β
1057 4849 1117 4901 τὸ
1143 4849 1409 4920 οὐράνιον.

389 4917 481 4973 22)
510 4920 703 4972 Φύσιν
744 4919 894 4973 Delet
917 4917 978 4972 Β.

391 4919 460 4971 22
510 4920 703 4972 Φύσιν
744 4919 894 4973 Delel.
917 4919 978 4972 Β.
1214 4919 1221 4920 ί

515 4987 724 5061 Χώραν
757 4988 900 5061 ἔχει.
926 4989 966 5041 Β
987 4989 1097 5061 ἔχει
1128 4989 1330 5061 χώραν.

391 5008 482 5056 20)
515 5008 724 5056 Λωραν
757 5008 900 5056 εχει.
927 5008 966 5041 ι)
987 5008 1097 5061 εχει
1128 5008 1206 5060 χω
1247 5008 1329 5042 αν.

390 5058 480 5133 se
510 5062 579 5133 El
601 5058 893 5133 ἐμῑειιθής-
923 5062 1019 5133 εὴ
1055 5008 1329 5130 έμπαεής.

388 5128 483 5201 25.)
512 5128 896 5201 Φυροῦᾳιηᾼ,
935 5131 989 5201 Β
1009 5128 1260 5201 ξρύρουσι.

367 5197 480 5270 (26)
523 5199 772 5270 ἸῬεξπτῴ.
801 5200 842 5270 Β
863 5197 1138 5270 ἀτρέπτῳ.

367 5269 480 5338 (27)
521 5269 777 5333 Τούτοις.
801 5269 841 5319 Β
867 5271 922 5320 ὲν
940 5269 1182 5333 τούτοις.

523 5338 1008 5425 ἑιαιίένουσινιΒ
1020 5340 1463 5425 ἓαραμένουσιν.

521 5406 890 5485 ςᾼπῴκιζςαζ.
924 5410 989 5485 si,
1020 5411 1061 5485 Β
1097 5406 1406 5485 ἀπῴκισαν.

369 5478 484 5550 (50)
521 5477 814 5550 Ἁσφαλῆ.
843 5478 883 5528 Β
912 5480 990 5550 είς
1024 5481 1156 5550 ἁσφ.

371 5549 482 5619 (5i)
526 5549 592 5602 'H
618 5549 813 5600 κακία.
842 5550 908 5612 Α,
932 5549 982 5619 ῨΒ
1007 5551 1063 5602 ὲν
1096 5549 1280 5618 κακίᾳ.

372 5618 484 5686 (52)
514 5619 822 5691 Βρύσαο-α.
846 5618 1203 5691 Αίβρίσασαν.
1245 5620 1300 5680 Β,
1327 5619 1615 5691 βρύσασαν.

375 5691 490 5756 (55)
524 5688 848 5756 Οἰνριινίων.
878 5689 918 5740 Β
947 5688 1302 5758 ἐπουρανίων.

375 5760 489 5830 (54)
528 5761 1010 5828 Ἀνωφεροῦνται.
1049 5761 1092 5811 Λ
1116 5758 1556 5830 Βάναφύρονται.

377 5830 492 5898 (55)
524 5830 683 5898 Πρὸς
704 5831 1060 5898 κρείττονος.
1090 5832 1132 5883 Λ
1164 5830 1203 5880 Β
1225 5830 1359 5900 πρὸς
1388 5830 1446 5880 τὸ
1474 5831 1736 5899 κρεῖττον.

1969 3821 2180 3886 ἀσεϐῶς
2212 3821 2343 3892 ἔχει,
2395 3820 2558 3891 μηδὲν
2601 3817 2711 3871 τῶν
2757 3818 2926 3871 ὄντων
2975 3819 3054 3880 είς
3075 3816 3292 3885 γένεσιν
3325 3815 3556 3884 ἄγεσθαι

1970 3910 2332 3981 δογματίζων,
2381 3911 2474 3964 καὶ
2507 3908 2702 3973 κακίας
2737 3909 2851 3977 (45)
2899 3910 2964 3978 τῇ
3017 3908 3246 3962 ἑκάστου
3271 3907 3426 3976 φύσει
3453 3908 3557 3978 τὴν

1972 4005 2148 4077 ἀρχὴν
2172 4003 2498 4076 ἐνδιδούσης.
2531 4004 2592 4056 Εἰ
2621 4003 2729 4074 γὰρ
2768 3999 2893 4056 οὔτε
2919 3999 3212 4071 ἄνθρωποι,
3233 3999 3356 4054 οὔτε
3388 4000 3554 4069 φυτὰ,

1971 4097 2096 4152 οὕτε
2153 4097 2494 4168 βοσκήματα,
2535 4095 2608 4166 μὴ
2640 4094 2817 4165 ψυχῆς
2841 4092 3049 4147 ἄνωθεν
3071 4094 3162 4146 ἐπὶ
3189 4092 3361 4145 ταῦτα
3381 4092 3558 4162 ἐμπε-

1978 4191 2180 4256 σούσης
2233 4189 2346 4260 (46)
2393 4189 2617 4257 φύονται
2644 4187 2767 4257 ¹(47)
2797 4202 2810 4216 °
2847 4187 2881 4255 ἡ
2911 4184 2968 4237 δὲ
3006 4183 3212 4246 πτῶσις
3242 4183 3329 4235 διά
3357 4180 3560 4246 κακίας

1975 4281 2200 4349 γίνεται,
2253 4280 2362 4348 ἄρα
2391 4279 2683 4347 κατάρχειν
2722 4277 2922 4329 οἴονται
2962 4273 3060 4343 τὴν
3097 4271 3295 4326 κακίαν
3322 4271 3421 4341 τῆς
3447 4270 3559 4325 τῶν

1975 4370 2145 4424 ὄντων
2186 4369 2514 4433 συστάσεως.
2541 4366 2652 4420 Καί
2697 4383 2814 4428 πως
2841 4364 3128 4434 συμϐαίνει
3159 4362 3300 4416 κατά
3330 4362 3422 4415 τὸν
3455 4362 3558 4415 αὑ-

1975 4463 2066 4516 τὸν
2097 4460 2283 4532 χρόνον
2319 4457 2758 4530 ἀμφότεραμὸ),
2799 4457 2892 4509 καὶ
2941 4455 3224 4524 ἄνθρωπον
3271 4455 3336 4506 ὲκ
3374 4453 3558 4524 γάμου

1977 4551 2225 4622 φύεσθαι,
2254 4551 2349 4604 καὶ
2376 4551 2473 4621 τῆς
2507 4550 2684 4626 ψυχῆς
2717 4549 2813 4619 τὴν
2840 4548 3191 4604 κατάπτωσιν
3223 4550 3288 4618 τῇ
3327 4545 3421 4599 τοῦ
3459 4545 3561 4614 γά-

2057 4711 2170 4780 (56)
2211 4708 2604 4780 Ἠν-διδόντος.
2631 4709 2672 4780 Β
2694 4708 3010 4780 ἐνδιδόντες.

2054 4770 2165 4850 (57)
2187 4779 2336 4850 Mrid’
2363 4779 2515 4850 ὅσοι.
2546 4770 2587 4831 Ᾱ
2624 4778 2758 4850 ἀλλὰ
2787 4778 2906 4847 μηδ’
2937 4779 3080 4850 δσοις
3126 4771 3488 4844 μεταϐαίνειν.
3517 4770 3561 4825 Β

1982 4847 2174 4905 eodem
2200 4849 2379 4909 modo.
2408 4849 2511 4903 nisi
2543 4849 2687 4918 quod
2719 4850 2922 4902 omittit
2947 4847 3102 4900 ἀλλά.

2053 4921 2166 4988 (58)
2197 4921 2312 4972 Ἐκ.
2341 4919 2381 4970 Β
2411 4918 2475 4971 ὲκ
2511 4919 2638 4972 τῶν.

2191 4990 2417 5062 Δοκείη.
2460 4989 2523 5053 Α,
2624 4988 2769 5062 δοκεῖ
2793 4986 2826 5057 ἢ
2851 4985 3182 5062 τὸιξμπαλιν.

2052 5049 2519 5129 (40)Λέγουὸιν.ί
2553 5060 2597 5112 Α
2653 5049 2829 5126 λέγειν
2862 5049 3021 5129 πάλιν
3037 5053 3266 5129 *ᾡς-τῆς
3299 5049 3558 5129 ἀληθείας

1982 5121 2362 5202 ἡστοχηκέναι.
2411 5129 2453 5180 Β
2509 5121 2831 5196 λέγειν,’ὡς
2869 5128 2966 5196 τῆς
3025 5125 3181 5194 ἀληθ.
3223 5121 3560 5193 ἐστοχασμέο

1984 5216 2113 5253 νοις.

2061 5217 2173 5337 (fil)
2225 5269 2773 5336 Ἀκολουθήσωμεν.
2799 5269 2838 5319 Β
2855 5265 3308 5337 ἀκολουθήσομεν.

2054 5333 2134 5404 (ΔΗ
2151 5333 2188 5407 ί)
2215 5341 2296 5391 Οὐ
2329 5339 2521 5406 μόνον
2547 5333 2655 5401 τῷξ
2682 5339 2756 5390 Οὐ
2792 5337 2946 5408 μόνον
2973 5335 3059 5388 6ιά
3088 5333 3170 5390 τό.

2056 5408 2168 5480 (42)
2193 5411 2495 5480 ῗΑστατος.
2521 5409 2562 5460 Β
2584 5409 2811 5470 ἄστατός
2838 5423 2918 5460 τε.

2053 5479 2162 5546 (65)
2197 5479 2260 5531 '0
2279 5481 2479 5546 λόγος.
2516 5482 2543 5532 ὀ
2573 5479 2716 5534 delet
2737 5481 2799 5532 A.

2051 5550 2163 5620 (μ)
2196 5548 2438 5620 Ἑαυτᾷλ
2463 5549 2504 5599 Β
2534 5548 2703 5618 αὐτῷ.

2052 5618 2166 5688 (45)
2199 5618 2308 5671 Καὶ
2335 5620 2570 5684 κακίας.
2597 5619 2662 5682 Δ,
2700 5619 2741 5670 Β
2773 5618 2846 5688 μὴ
2869 5619 3088 5679 κακίας.

2054 5621 2166 5758 (45;
2199 5621 2308 5671 Kal
2335 5621 2570 5684 κακίας.
2597 5621 2662 5682 Δ,
2700 5621 2741 5670 Β
2763 5621 2846 5739 Si}
2869 5621 3088 5679 κακίας.

2054 5690 2142 5762 (itj
2201 5689 2740 5762 Ἐμπεσούςηςηὼ
2831 5688 3120 5756 πεσούσης.

2051 5758 2164 5829 (47)
2198 5760 2473 5812 Φύονται.
2508 5760 2567 5812 Β.
2593 5758 2845 5826 φύοντας.

2055 5828 2170 5901 (48)
2189 5830 2416 5896 Χρόνον
2447 5831 2765 5899 ἀμφότερα.
2799 5829 2841 5881 Β
2863 5828 3150 5900 ἀμφότερα
3173 5830 3384 5899 χρόνον.
