3950 6132
302 354 407 408 117

1367 354 1456 416 DE
1495 358 1712 415 ANIMA
1748 357 1837 414 ET
1888 355 2489 427 BESURRECTIONE.

3463 342 3589 399 118

300 483 401 534 μου
439 467 764 539 συμϐαίνειν
811 471 1034 543 σπουδῇ.
1085 473 1198 528 Καὶ
1229 474 1290 528 τὸ
1320 474 1402 530 ἔτι
1427 477 1618 531 τούτου
1643 477 1880 548 παραλο-

1993 473 2076 529 ilio
2096 474 2388 528 conveniat
2419 481 2473 528 et
2511 478 2823 528 concurrat.
2872 468 2940 525 Et
2969 466 3115 541 quod
3156 460 3451 521 absurdius
3482 473 3566 516 est

296 557 540 629 γώτερον
578 559 714 632 (49),
766 562 822 614 εί
867 561 989 634 ἔαρι
1026 564 1095 619 τὰ
1119 567 1289 622 πολλά
1312 569 1411 640 τῆς
1447 568 1641 638 ἀλόγου
1670 568 1883 638 φύσεως

299 648 677 716 συνδυάζεται.
708 647 837 722 'Ap‘
879 650 973 709 οὖν
1016 655 1165 712 ἐστιν
1209 661 1384 714 εἰπεῖν
1420 661 1502 715 ὅτι
1535 660 1631 714 κα)⁵
1670 662 1738 732 τῇ
1773 658 1885 713 ἀνω

293 741 575 811 περιφορᾷ
602 740 668 794 τὸ
696 741 799 815 ἔαρ
829 744 1159 815 ἐμφύεσθαι,
1192 748 1295 821 τὴν
1320 750 1519 804 κακίαν
1543 751 1707 811 ποιεῖ.
1743 749 1884 803 ὥστε

296 829 589 899 συμϐαίνει
606 830 722 904 (50)
751 835 887 906 ὁμοῦ
910 853 972 890 τε
997 839 1092 893 τοῦ
1118 840 1292 895 κακοῦ
1322 841 1420 907 τὰς
1445 841 1622 912 ψυχὰς
1645 842 1886 913 πληρου-

298 920 468 989 μένας
527 922 771 991 πίπτειν,
813 929 911 982 καὶ
940 928 1039 994 τὰς
1070 931 1343 1004 γαστέρας
1382 933 1491 989 τῶν
1532 933 1744 1001 ἀλόγων
1770 934 1880 987 κυτ-

296 1012 526 1116 σκεσθαι
545 1032 562 1081 ;
585 1017 652 1070 Τί
674 1017 722 1072 δ’
739 1018 808 1116 ἀν
822 1021 953 1095 εῐπῃ
967 1040 1052 1087 τις
1069 1021 1183 1095 (51)
1205 1026 1335 1097 περὶ
1353 1023 1448 1080 τοῦ
1471 1026 1748 1096 γεωπόνου
1770 1026 1885 1098 (52)

292 1111 389 1158 τοῦ
428 1111 914 1179 καταπηγνύοντος
946 1116 1058 1185 (55)
1087 1120 1155 1189 τῇ
1186 1120 1258 1190 γῇ
1286 1118 1387 1184 τάς
1413 1120 1523 1174 τῶν
1539 1121 1722 1191 φυτῶν
1750 1121 1888 1174 ἀπο-

296 1197 544 1267 ﬂuidae;
581 1202 709 1267 Πῶς
763 1206 797 1276 ἡ
837 1208 1026 1261 τούτου
1060 1211 1184 1281 χεὶρ
1215 1212 1602 1284 συγκατέχωσε
1622 1213 1700 1284 τῷ
1734 1213 1887 1285 φυτῷ

291 1286 395 1357 τὴν
439 1289 794 1363 ἀνθρωπίνην
847 1296 1044 1367 ψυχὴν,
1096 1301 1496 1374 συντρεχούσης
1542 1304 1886 1376 πτερορρυή-

296 1400 437 1448 σεως
464 1385 578 1457 (54)
608 1391 674 1458 τῇ
704 1390 800 1443 τοῦ
830 1392 1120 1462 ἀνθρώπου
1153 1397 1292 1466 πρὸς
1324 1396 1421 1467 τὴν
1449 1398 1671 1466 φυτείαν
1701 1399 1843 1469 ὁρμῇ
1869 1416 1885 1465 ;

297 1471 374 1525 Τὸ
407 1474 542 1527 αὐτὸ
596 1477 779 1532 τοίνυν
813 1481 1013 1535 ἄτοπον
1056 1484 1150 1537 καὶ
1183 1485 1277 1538 ἐπὶ
1303 1486 1398 1539 τοῦ
1439 1487 1626 1558 ἐτέρου
1665 1488 1774 1542 τῶν
1802 1488 1889 1542 λό-

296 1578 411 1630 γων
438 1565 576 1636 (55),
618 1570 711 1623 ἐπὶ
731 1571 793 1624 τὸ
825 1572 1036 1628 οίεσθαι
1086 1575 1187 1647 τὴν
1231 1576 1410 1650 ψυχὴν
1434 1578 1531 1644 τὰς
1560 1581 1809 1646 συνόδους
1828 1584 1887 1636 ὲν

298 1653 537 1728 συζυγίᾳ
565 1658 680 1732 (56)
709 1661 927 1726 ζώντων
958 1669 1427 1740 περιεργάσασθαι
1448 1671 1581 1741 (57),
1612 1673 1645 1743 ἢ
1673 1672 1772 1736 τάς
1800 1674 1889 1728 λο-

297 1746 454 1838 χείας
474 1751 779 1825 ἐπιτηρεῖν,
809 1757 893 1811 ἵνα
912 1762 1025 1823 τοῖς
1043 1761 1331 1832 φυομένοις
1345 1763 1590 1835 σώμασιν
1609 1768 1886 1838 ἐπεισκρι-

298 1837 465 1893 θῶσιν
489 1842 625 1913 (58).
656 1846 719 1899 Εί
780 1848 838 1902 δὲ
865 1826 1090 1906 ἀπείποι
1215 1826 1354 1927 ἀνηρ
1402 1826 1493 1910 τὸν
1536 1858 1736 1929 γάμον,
1765 1826 1887 1933 ήιδὲ
1922 1826 1963 1880 Β

294 1933 435 2003 γυνὴ
460 1934 664 2007 ἑαυτὴν
689 1938 790 2010 τῆς
804 1941 912 1995 τιῖιν
931 1942 1135 1998 ὀδυνῶν
1168 1944 1279 2016 (59)
1315 1948 1559 2021 ἀνάγκης
1589 1948 1886 2021 ἐλευθερώ-

300 2040 446 2077 σειεν
466 2040 484 2057 ·
534 2022 627 2099 ἆρ’
667 2028 729 2082 οὐ
765 2030 994 2105 βαρήσει
1036 2036 1136 2106 τὴν
1169 2036 1360 2110 ψυχὴν.
1383 2040 1417 2110 ἡ
1449 2042 1650 2108 κακία;
1678 2044 1886 2099 Οὐκοῦν

294 2115 326 2167 ὁ
354 2116 536 2185 γάμος
573 2121 640 2190 τῇ
693 2120 806 2174 ἀνω
834 2125 1002 2197 κακίᾳ
1037 2127 1096 2181 τὸ
1124 2130 1264 2184 κατά
1310 2130 1417 2185 τῶν
1448 2132 1636 2205 ψυχῶν
1665 2135 1885 2191 ὲνδὼσι-

298 2224 404 2302 μον
433 2208 549 2278 (60)
584 2209 879 2288 δίδωσιν,η
913 2219 1008 2271 καὶ
1032 2220 1155 2291 δίχα
1183 2222 1374 2277 τούτου
1417 2227 1756 2284 καθάπτεται
1790 2231 1887 2302 τῆς

291 2299 475 2394 ψυχῆς
500 2305 535 2367 ἡ
555 2305 692 2375 πρὸς
716 2308 775 2360 τὸ
800 2309 1041 2366 ἐναντίον
1066 2315 1266 2386 σχέσις.
1291 2317 1502 2372 Οὐκοῦν
1528 2320 1712 2386 ἄοικος
1735 2324 1792 2377 ὲν

298 2392 597 2499 μέσῳικαὶ
624 2398 834 2499 ’ἀλητ-ις
856 2403 920 2499 -ή
972 2403 1119 2477 ψυχὴ
1161 2408 1588 2481 πεπλανήσεται,
1634 2412 1744 2467 τῶν
1786 2392 1887 2485 μὲν

293 2486 567 2553 οὐρανίων
612 2489 949 2564 ἀπορρυεῖσα
972 2512 985 2526 ·
1042 2496 1293 2569 σώματος
1351 2500 1410 2555 δὲ
1457 2502 1524 2556 ἂν
1568 2503 1711 2558 οὖτω
1738 2504 1889 2575 τύχοι

296 2575 440 2646 πρὸς
469 2577 737 2652 ὑποδοχὴν
769 2583 1142 2658 ἀμοιρήσασα.
1184 2586 1318 2644 Εἶτα
1368 2593 1462 2646 καὶ
1492 2595 1609 2655 πῶς
1648 2595 1738 2649 διά
1763 2597 1887 2652 τού-

294 2683 407 2720 των
441 2670 754 2726 ἐπιστατεῖν
784 2674 845 2727 τὸ
874 2675 1029 2732 θεῖον
1056 2679 1165 2735 τῶν
1196 2680 1364 2737 ὄντων
1394 2685 1774 2758 ὑπονοήσουσι,
1820 2692 1886 2762 τῇ

297 2761 499 2833 τυχαίᾳ
524 2764 697 2837 ταύτῃ
736 2767 830 2820 καὶ
869 2769 1050 2843 ἀλόγῳ
1080 2773 1187 2827 τῶν
1204 2774 1389 2845 ψυχῶν
1418 2780 1764 2835 καταπτώσει
1790 2761 1889 2849 τὰς

296 2854 476 2924 ἀρχάς
541 2857 641 2927 τῆς
708 2860 1057 2933 ἀνθρωπίνης
1140 2866 1485 2933 ἀνατιθέντες
1541 2871 1653 2944 (61)
1703 2872 1887 2946 ζωῆς;

312 2947 554 3032 Ἀνάγκη
594 2950 705 3023 γὰρ
757 2955 905 3008 πᾶσα
940 2958 1007 3028 τῇ
1036 2957 1178 3030 ἀρχῇ
1227 2960 1323 3013 καὶ
1352 2960 1422 3014 τὰ
1453 2962 1564 3033 (62)
1595 2964 1734 3035 μετὰ
1761 2967 1892 3022 raui-

301 3054 399 3109 την
423 3039 539 3112 (65)
581 3043 887 3113 συμφώνως
927 3046 1090 3117 ἔχειν.
1138 3051 1201 3103 Ei
1235 3051 1342 3122 γάρ
1375 3053 1439 3106 ὲκ
1472 3056 1762 3127 συντυχίας
1801 3060 1893 3114 αὐ-

1985 572 2039 620 et
2073 564 2251 619 adhuc
2304 565 2476 634 magis
2514 564 2773 619 abhorret
2818 577 2847 616 a
2878 558 3151 616 communi
3188 570 3355 611 sensu
3403 560 3567 622 atque

1986 657 2265 727 opinione,
2301 673 2430 713 vere
2488 657 2747 727 pleraque
2780 652 3038 708 animalia
3079 649 3315 705 rationis
3352 643 3565 715 experti

1986 757 2180 803 natura
2203 748 2431 819 praedita
2459 753 2729 803 coeuntet
2758 744 3187 815 coniunguntur.
3222 739 3435 811 Ergone
3458 735 3564 791 diei

1989 847 2169 910 potest
2191 839 2335 909 quod
2383 854 2478 894 ver
2506 836 2706 893 efficiat
2731 844 2789 890 ut
2845 849 3058 905 supera:
3097 844 3315 901 quoque
3358 827 3568 883 revolu-

1987 932 2124 987 tioni
2138 939 2302 1001 atque
2330 930 2679 985 conversioni
2702 928 2975 984 vitiositas
2993 927 3335 989 innascatur,
3355 928 3413 976 ut
3440 934 3569 973 con-

1988 1022 2164 1094 tingat
2197 1022 2360 1079 simul
2389 1029 2442 1078 et
2465 1022 2677 1076 animas
2710 1020 2843 1074 vitio
2875 1017 3134 1087 compleri
3165 1025 3330 1085 atque
3362 1010 3563 1072 delabi,

1987 1122 2042 1171 et
2067 1123 2252 1170 uteros
2271 1114 2559 1169 hrutorum
2581 1112 2938 1167 animantium
2961 1106 3293 1177 concipere?
3317 1105 3456 1171 Quid
3476 1119 3567 1159 au-

1997 1214 2105 1263 tem
2135 1205 2335 1262 dixerit
2366 1205 2567 1277 aliquis
2609 1205 2677 1260 de
2701 1204 2940 1275 agricola
2991 1207 3233 1257 resectos
3261 1207 3316 1253 et
3347 1197 3569 1251 avulsos

1987 1299 2295 1370 plantarum
2325 1297 2578 1352 surculos
2609 1297 2664 1350 in
2694 1304 2897 1349 terram
2936 1291 3248 1364 deligente?
3271 1305 3379 1359 quo
3406 1296 3568 1360 pacto

1989 1405 2185 1445 manus
2235 1388 2399 1459 hujus
2429 1403 2534 1443 una
2581 1402 2704 1443 cum
2761 1387 2940 1455 planta
2994 1385 3231 1439 animam
3273 1382 3567 1437 humanam
3667 1418 3670 1421 η

1990 1491 2134 1539 terra
2152 1483 2335 1537 obruit
2362 1491 2525 1552 atque
2548 1479 2777 1544 defodit,
2793 1484 3159 1534 concurrente
3179 1491 3305 1531 cum
3328 1475 3571 1556 hominis

1988 1573 2173 1631 studio
2212 1571 2495 1643 plantandi
2527 1570 2838 1626 deﬂuxione
2869 1583 3193 1640 pennarum,
3227 1566 3427 1637 quibus
3455 1566 3570 1619 ani-

1989 1680 2078 1721 ma
2109 1665 2422 1735 spolietur?
2450 1662 2651 1719 Eadem
2687 1664 2812 1718 item
2854 1662 3171 1717 absurditas
3201 1668 3286 1715 est
3313 1659 3481 1714 etiam
3513 1659 3566 1712 in

1991 1760 2163 1814 altera
2193 1758 2473 1827 opinione,
2511 1757 2555 1812 si
2582 1756 2707 1826 quis
2736 1760 2890 1826 putet
2919 1754 3132 1808 animas
3167 1752 3347 1806 coitus
3378 1765 3569 1805 eorum

1993 1853 2087 1923 qui
2114 1853 2169 1906 in
2193 1850 2452 1922 coniugio
2481 1850 2695 1909 vivunt,
2732 1848 3018 1917 explorare
3053 1856 3219 1914 atque
3246 1843 3458 1905 rimari,
3484 1841 3570 1895 vel

1991 1937 2235 2011 pariendi
2257 1945 2477 2006 tempus
2515 1936 2830 1999 observare,
2860 1941 2917 1988 ut
2944 1933 3001 1987 in
3032 1946 3263 2002 corpora
3286 1928 3569 1984 nascentia

1991 2029 2425 2086 seseinsinuent.
2453 2026 2610 2093 Quod
2643 2026 2690 2082 si
2710 2026 2791 2080 vir
2813 2024 3031 2095 nuptias
3056 2021 3412 2083 recusaverit,
3447 2034 3569 2072 mu-

1991 2123 2089 2178 lier
2125 2124 2252 2177 item
2287 2136 2347 2177 se
2367 2121 2435 2175 ab
2463 2120 2790 2176 necessitate
2824 2116 3069 2187 pariendi
3100 2112 3434 2175 liberaverit,
3468 2125 3567 2164 an-

1991 2234 2101 2273 non
2140 2217 2377 2271 animam
2401 2213 2673 2269 vitiositas
2716 2208 3002 2283 gravabit?
3048 2206 3317 2273 Quocirca
3367 2203 3570 2272 nuptiae

1991 2321 2206 2376 superae
2246 2303 2530 2359 vitiositati
2592 2316 2781 2357 ansam
2814 2309 2870 2356 et
2922 2298 3270 2355 occasionem
3307 2295 3572 2350 adversus

1993 2400 2207 2454 animas
2242 2396 2375 2452 dant
2411 2415 2423 2450 :
2466 2403 2559 2450 aut
2613 2393 2781 2451 etiam
2838 2392 3046 2462 absque
3101 2387 3307 2458 nuptiis
3342 2383 3574 2439 allectus

1993 2492 2256 2546 adversus
2288 2487 2343 2542 id
2380 2486 2530 2558 quod
2558 2485 2897 2541 contrarium
2931 2490 3036 2547 est,
3071 2481 3310 2535 animam
3339 2477 3568 2531 invadit.

1992 2585 2134 2655 Ergo
2162 2581 2445 2636 domicilio
2475 2594 2672 2634 carens
2708 2577 2926 2632 interim
2959 2581 3014 2629 et
3037 2568 3361 2643 vagabunda
3390 2568 3569 2624 anima

1991 2676 2293 2740 obcrrabit,
2356 2688 2479 2729 cum
2513 2688 2543 2729 e
2577 2669 2894 2727 coelestibus
2952 2666 3171 2739 quidem
3203 2661 3491 2719 deﬂuxerit
3516 2665 3571 2715 et

1990 2767 2279 2831 exciderit,
2315 2763 2569 2835 corporis
2615 2777 2747 2817 vero
2784 2760 2853 2825 (si
2903 2759 2978 2812 ita
3006 2753 3292 2825 acciderit)
3327 2758 3573 2822 recepta-

1992 2860 2103 2915 culi
2134 2872 2333 2928 expers
2359 2856 2452 2912 sit.
2489 2853 2556 2908 Et
2583 2850 2862 2923 quomodo
2911 2847 3110 2903 deinde
3148 2861 3242 2915 per
3291 2843 3408 2898 haec
3432 2857 3574 2912 pra:-

1992 2967 2114 3008 esse
2143 2949 2307 3006 rebus
2359 2947 2636 3003 universis
2675 2944 2921 3000 divinum
2961 2939 3176 2995 Numen
3230 2938 3287 2992 in
3331 2936 3573 2989 animum

1994 3043 2275 3107 inducent,
2306 3042 2400 3111 qui
2423 3042 2550 3097 huic
2592 3039 2829 3094 fortuitae
2867 3045 2923 3092 et
2959 3037 3166 3090 ratione
3191 3031 3401 3087 carenti
3453 3029 3575 3084 ani-

301 3130 543 3199 τομάτου
572 3133 765 3199 τινὸςό
806 3136 916 3206 βίος
952 3138 1178 3210 ἤρξατο,
1204 3120 1377 3212 τυχέα
1412 3143 1521 3216 (64)
1549 3120 1768 3212 πάντως
1798 3151 1891 3205 καὶ

1998 3150 2213 3190 morum
2229 3133 2531 3206 delapsioni
2557 3131 2827 3203 principia
2844 3130 2970 3184 vita:
2996 3126 3247 3181 humana:
3262 3120 3578 3195 assignant?

301 3224 335 3315 η
374 3225 492 3315 κατ’
533 3226 716 3280 αὐτῶν
745 3228 855 3300 (65)
906 3231 1137 3298 διέξοδος
1179 3233 1406 3302 γίνεται.
1452 3238 1562 3291 Καὶ
1598 3239 1773 3313 μάτην
1795 3243 1897 3315 τῆς

305 3313 458 3407 θείας
480 3317 768 3390 δυνάμεως
797 3323 846 3374 οἱ
869 3323 1188 3379 τοιοῦτοιτά
1216 3325 1345 3379 ὄντα
1375 3328 1719 3397 ἐξάπτουσιν,
1747 3333 1797 3386 οί

306 3404 615 3477 βουλήματι
670 3410 800 3481 θείῳ
849 3411 917 3465 τά
955 3413 1015 3467 ὲν
1041 3412 1121 3485 τῷ
1148 3415 1340 3486 κόσμῳ
1368 3416 1597 3486 φύεσθαι
1625 3404 1895 3491 λέγοντέςι

303 3494 426 3550 ἀλλ’
467 3499 550 3561 είς
600 3501 846 3572 πονηράν
893 3519 1055 3557 τινων
1112 3503 1225 3576 (66)
1256 3509 1547 3579 συντυχίαν
1587 3510 1691 3577 τὰς
1723 3513 1896 3586 ἀρχὰς

305 3587 414 3640 τῶν
444 3590 750 3660 γινομένων
778 3593 1095 3662 ἀνάγοντες,
1125 3597 1201 3662 ὡς
1248 3599 1348 3653 οὐκ
1395 3598 1462 3655 ἂν
1497 3603 1771 3676 συστάσης
1799 3607 1899 3677 τῆς

305 3680 658 3751 ἀνθρωπίνης
701 3682 848 3752 ζωῆς
878 3685 960 3758 μὴ
1002 3687 1096 3740 τοῦ
1154 3689 1326 3744 κακοῦ
1358 3691 1540 3757 δόντος
1581 3698 1647 3766 τῇ
1687 3693 1799 3768 ζωῇ
1839 3698 1900 3750 τὸ

305 3773 793 3843 ἐνδόσιμον.Είοῦν
821 3779 853 3848 ὴ
882 3778 1023 3850 ἀρχὴ
1045 3779 1138 3833 τοῦ
1157 3780 1269 3851 βίου
1305 3783 1549 3854 τοιαύτη,
1580 3785 1784 3860 δηλαδὴ
1805 3789 1897 3843 καὶ

306 3864 374 3916 τὰ
394 3864 593 3937 ἐφεξῆς
615 3868 756 3922 κατά
779 3869 876 3940 τὴν
899 3870 1073 3943 ἀρχὴν
1094 3873 1465 3943 κινηθήσεται.
1492 3876 1567 3930 Οὐ
1595 3876 1703 3949 γὰρ
1726 3877 1791 3931 ἄν
1815 3897 1900 3944 τις

306 3955 373 4007 ἐκ
404 3957 578 4010 κακοῦ
610 3958 795 4023 καλὸν,
836 3962 957 4014 οὐδὲ
991 3963 1052 4028 ὲξ
1081 3964 1286 4032 ἀγαθοῦ
1312 3966 1372 4018 τὸ
1397 3967 1634 4022 ἐναντίον
1668 3968 1899 4039 φύεσθαι

308 4042 479 4111 λέγοι.
519 4046 681 4100 Ἀλλά
708 4050 851 4103 κατά
872 4052 971 4122 τὴν
988 4052 1082 4105 τοῦ
1112 4053 1427 4126 σπέρματος
1459 4056 1640 4126 φύσιν,
1660 4060 1752 4113 κα)¹
1773 4062 1900 4125 τοὺς

310 4138 560 4205 καρποὺς
594 4140 945 4213 ἀναμένομεν
989 4144 1125 4215 (67).
1169 4146 1378 4200 ut»):on
1426 4147 1607 4220 πάσης
1631 4151 1730 4221 τῆς
1754 4151 1901 4224 ζωῆς

310 4228 342 4296 ἠ
402 4230 714 4301 αὐτόματος
755 4235 893 4307 αὓτη
945 4237 1041 4290 καὶ
1090 4239 1382 4311 συντυχικὴ
1445 4240 1659 4311 κίνησις
1697 4244 1895 4315 ἠγεμο-

309 4320 625 4482 νεύεέϐἓῗὸ),
658 4326 929 4398 μηδεμιᾶς
962 4328 1222 4400 προνοίας
1258 4329 1345 4384 διὰ
1378 4331 1487 4387 τῶν
1523 4331 1692 4388 ὄντων
1720 4334 1899 4406 οἰχού-

311 4426 410 4481 σης
560 4454 574 4468 -

311 4426 410 4481 σης
435 4416 574 4484 (69).

1996 3224 2233 3283 Prorsus
2260 3226 2408 3281 enim
2461 3239 2690 3280 necesse
2721 3230 2826 3290 cst,
2858 3228 2919 3277 ut
2976 3221 3028 3276 id
3052 3217 3194 3291 quod
3244 3215 3574 3288 principium

1995 3320 2376 3391 consequitur,
2414 3319 2574 3374 etiam
2608 3332 2733 3372 cum
2771 3316 2890 3386 ipso
2920 3313 3230 3370 conveniat.
3273 3308 3331 3364 Si
3369 3309 3513 3364 enim
3545 3323 3576 3361 a

1995 3428 2127 3468 casu
2156 3413 2337 3484 aliquo
2358 3409 2652 3466 temerario
2682 3410 2789 3463 vita
2825 3408 3056 3476 alicujus
3096 3404 3313 3459 initium
3346 3400 3574 3473 ceperit,

1998 3505 2255 3561 fortuitus
2297 3504 2460 3560 etiam
2496 3502 2722 3558 omnino
2752 3516 2950 3556 cursus
2977 3507 3031 3553 et
3065 3497 3247 3553 exitus
3275 3494 3397 3565 ejus
3430 3494 3576 3549 exsi-

1998 3598 2113 3653 stit.
2138 3598 2216 3650 Ae
2240 3595 2403 3651 stulte
2433 3600 2487 3649 et
2521 3595 2703 3663 inepte
2727 3600 2890 3661 atque
2912 3587 3152 3644 absurde
3174 3586 3243 3641 ab
3272 3584 3458 3639 divina
3479 3599 3576 3654 po-

2000 3689 2173 3744 tentia
2211 3688 2351 3743 tales
2382 3684 2635 3741 homines
2667 3699 2757 3740 res
2793 3682 3082 3736 universas
3116 3676 3354 3747 pendere
3389 3677 3574 3729 volunt

1998 3781 2094 3852 qui
2115 3795 2224 3834 non
2276 3778 2557 3834 voluntate
2587 3776 2770 3832 divina
2801 3789 2889 3829 res
2928 3771 3235 3827 mundanas
3261 3766 3488 3838 produci
3515 3780 3577 3819 ac

2001 3871 2292 3943 provenire
2319 3869 2532 3933 dicunt,
2567 3866 2665 3922 sed
2696 3865 2761 3919 ad
2792 3876 3020 3936 pravum
3055 3860 3347 3931 quemdam
3387 3870 3576 3913 casum

1998 3965 2244 4020 referunt
2272 3961 2542 4034 principia
2576 3975 2766 4014 eorum
2798 3972 2918 4027 qua:
2937 3960 3262 4018 nascuntur,
3281 3946 3441 4021 quasi
3470 3945 3581 4000 vita

2002 4057 2243 4111 humana
2300 4052 2564 4109 constitui
2597 4058 2650 4106 et
2681 4048 2911 4105 conﬂari
2956 4062 3067 4101 non
3117 4044 3413 4116 potuisset,
3468 4038 3579 4094 nisi

2000 4149 2193 4205 vitium
2222 4146 2573 4201 occasionem
2616 4151 2672 4199 et
2706 4141 2923 4195 initium
2969 4138 3093 4193 vita:
3140 4135 3403 4191 dedisset.
3432 4132 3582 4198 Quo-

2000 4242 2147 4296 circa
2197 4238 2243 4294 si
2296 4236 2627 4308 principium
2688 4233 2813 4288 vita:
2859 4232 2969 4286 tale
3007 4238 3125 4295 est,
3188 4224 3581 4296 consequentia

2000 4350 2222 4406 quoque
2265 4329 2524 4386 nimirum
2576 4328 2740 4383 sicuti
2800 4324 3133 4396 principium
3192 4319 3577 4376 movebuntur.

2002 4426 2117 4481 Non
2154 4424 2298 4481 enim
2335 4420 2534 4491 aliquis
2561 4419 2761 4475 dixerit
2786 4432 2853 4473 ex
2881 4416 3024 4471 malo
3053 4417 3278 4480 bonum,
3308 4424 3484 4482 neque
3514 4421 3582 4463 ex

308 4500 455 4557 bono
496 4507 841 4562 contrarium
881 4511 1058 4566 nasci.
1092 4509 1199 4566 Sed
1252 4519 1415 4582 prout
1468 4513 1631 4569 fuerit
1666 4516 1893 4593 seminis
1933 4530 2152 4584 natura,
2178 4519 2252 4572 ita
2282 4519 2496 4575 l'ructus
2516 4530 2735 4586 quoque
2755 4521 3072 4582 exspectare
3125 4508 3385 4566 solemus.
3439 4501 3584 4572 Ergo

310 4596 642 4650 temerarius
662 4596 753 4652 hic
782 4607 945 4669 atque
966 4599 1227 4657 fortuitus
1255 4610 1436 4657 motus
1463 4606 1614 4659 omni
1652 4605 1773 4660 vita:
1795 4611 2014 4678 praeerit
2041 4617 2206 4681 atque
2241 4609 2479 4681 praeihit,
2499 4607 2647 4663 nulla
2675 4603 3020 4676 providentia
3054 4617 3149 4673 per
3177 4615 3271 4656 res
3295 4595 3583 4653 universas

313 4687 619 4758 pertinente
657 4697 818 4761 atque
851 4701 1184 4762 permeante.

383 4806 691 4877 Ἀχρηστος
712 4806 771 4859 δὲ
797 4807 1110 4861 παντάπασι
1136 4808 1229 4861 καὶ
1255 4807 1289 4879 ἡ
1314 4806 1423 4861 τῶν
1451 4808 1727 4881 λογισμῶν
1746 4809 1891 4866 ἔσται

2075 4810 2296 4866 Inutilis
2335 4807 2465 4863 item
2500 4820 2729 4877 prorsus
2758 4804 2866 4859 erit
2905 4799 3220 4858 rationibus
3262 4796 3393 4851 nixa
3447 4810 3582 4866 pru-

315 4896 649 4967 προμήθεια·
699 4900 801 4966 τῆς
845 4899 903 4952 δὲ
955 4899 1156 4970 ἀρετῆς
1189 4899 1378 4970 κέρδος
1417 4899 1590 4967 οὐδὲν,
1625 4903 1718 4955 καὶ
1766 4903 1901 4974 πρὸς

316 4986 375 5040 τὺ
406 4986 520 5057 (70)
552 4988 721 5041 κακὸν
766 4988 1063 5060 ἀλλοτρίως
1099 4989 1243 5061 ἔχειν
1287 4990 1403 5045 ἀντ’
1441 4991 1654 5055 οὐδενὸς
1684 4992 1752 5047 ἂν
1790 4994 1896 5064 είη.

522 5104 1043 5181 ΙΖαριιλοτώτεροῃ
1076 5107 1119 5159 A
1146 5105 1211 5181 in_
1243 5121 1420 5181 marg.
1447 5106 1903 5181 παραδοξότερον.

523 5172 966 5258 ξρζμϐαίκειζηᾹ,
1000 5176 1043 5228 Β
1070 5172 1410 5248 συμϐαίνειν.

389 5243 503 5310 (51)
532 5244 692 5313 Elim
712 5260 822 5312 τις.
848 5245 892 5297 Β
914 5245 1057 5299 εἴποι
1085 5243 1189 5310 τις.

392 5313 505 5453 (52)
523 5316 869 5370 Γεωπόνου.
892 5316 935 5368 Β
961 5317 1251 5387 γεηπόνου.

414 5384 480 5439 55
531 5387 1096 5453 Καταπηγνύοντος.
1120 5388 1184 5453 Δ,
1211 5390 1251 5442 Β

531 5384 1097 5464 ζί-αταπῃγνροντοζὲ
1120 5388 1188 5464 Α,
1211 5390 1254 5442 Β
1275 5391 1749 5464 καταπηγνῦντος.

392 5453 504 5535 ίξῇ
530 5453 1101 5535 ιΞΞερίίρῤὺήσοἈμΒ
1128 5458 1229 5535 τῇς
1259 5453 1500 5535 dextras"
1516 5453 1686 5531 'meé-

414 5524 504 5599 ξε)
535 5524 659 5599 τῷν
684 5524 1058 5599 λάττυν;Αν.ῐέ
1084 5545 1135 5581 τ.
1161 5524 1286 5599 My:
1315 5524 1453 5583 ε’«ξτε.

412 5592 640 5668 εργεν
654 5592 862 5668 συζυγ.
886 5596 950 5652 Β.
980 5592 1089 5651 τῶν
1110 5600 1169 5652 ἐν
1198 5592 1391 5668 συζυγ.

530 5664 1060 5746 Ψριεργάσᾳρνθαι.
1092 5669 1158 5746 ᾼ,
1187 5668 1230 5746 Β
1252 5664 1730 5746 περιεργάζεσθαι.

544 5736 1050 5815 ’ῌίεισζφιθ-ῷοζιγ.
1090 5739 1154 5803 Α,
1188 5741 1231 5793 Β
1257 5736 1622 5812 εἰσκρὶθίῶσιν.

394 5806 510 5879 (59)
562 5807 852 5863 Ὀδυνῶν..
870 5807 914 5859 Β
946 5808 1169 5866 ὠδίνων.

2007 4903 2192 4958 dentia
2212 4939 2228 4965 ,
2267 4897 2452 4952 cautio
2485 4904 2652 4967 atque
2683 4909 2817 4949 cura
2848 4909 2861 4945 :
2902 4890 3120 4947 virtutis
3147 4887 3581 4943 emolumentum

2012 4995 2265 5059 nullum;
2300 4998 2355 5046 ct
2386 5006 2417 5044 a
2448 4988 2582 5045 vitio
2621 4988 2893 5058 integrum
2930 4993 2986 5037 et
3027 4981 3267 5037 alienum
3312 4993 3437 5035 esse
3482 4992 3585 5049 pro

2075 5107 2190 5173 (60)
2232 5106 2604 5173 Ἐνδόσιμον.
2634 5103 2677 5155 Β
2701 5104 2759 5157 ὲν
2784 5101 3077 5173 δόγμασιν.
3177 5104 3185 5111 ’

2076 5168 2189 5243 (61)
2234 5168 2649 5241 Ἄνατιθὲντες.
2689 5173 2733 5225 Β
2768 5168 3133 5226 ἀνατίθενται.

2075 5245 2188 5317 (62)
2223 5246 2317 5301 Τά.
2354 5247 2416 5299 Β.
2447 5245 2529 5317 τό.

2094 5308 2184 5385 65)
2214 5317 2374 5370 Μετὰ
2403 5315 2648 5385 ταύτην.
2673 5314 2718 5364 Α
2751 5308 2867 5385 μετ’
2895 5310 3085 5383 αὐτήν.

2099 5380 2189 5452 64⁷)
2229 5386 2543 5457 Ἰζυχέα.Α,
2576 5380 2858 5457 Βτυχαία.
2900 5424 2935 5457 Δ.

2099 5449 2191 5518 65)
2219 5449 2360 5510 Κατ’
2393 5453 2613 5509 αὐτῶν.
2635 5449 2766 5518 ΑίΒ
2794 5450 2913 5505 κατ’
2938 5449 3120 5505 αὐτόν.

2100 5520 2190 5593 66)
2213 5522 2492 5593 Πονηράν
2521 5538 2717 5577 τινων.
2743 5520 2989 5593 Πονηράν
3012 5536 3155 5575 τινα.

2063 5592 2189 5665 ι(67)
2238 5592 2642 5664 Ἁναμένομεν.
2666 5593 2711 5665 Δ
2735 5592 3118 5665 ἀναμένοιμεν.

2103 5661 2194 5737 68)
2233 5661 2628 5737 Ἡγεμονέύει.
2652 5664 2697 5737 ᾼ
2723 5661 3098 5737 ἡγεμονεύσει.

2105 5731 2196 5805 69)
2232 5731 2552 5804 Οὶχόὐσης.
2575 5736 2639 5798 Α,
2660 5734 2703 5805 Β
2720 5731 2982 5805 ἡκούσης.

2089 5800 2202 5878 (70)
2235 5800 2348 5865 Keil
2375 5800 2525 5877 πρῦξ
2548 5806 2634 5860 τό.
2656 5804 2698 5856 Β
2717 5800 2809 5858 καὶ
2836 5803 2896 5856 τὸ
2915 5800 3049 5875 πρὸς
3078 5800 3157 5855 τό.

2170 5460 2191 5666 ξ
