3950 6132
341 263 450 323 119

1631 271 1686 326 8.
1728 267 2051 326 CREGORII
2087 269 2379 329 NYSSENI

3471 280 3575 340 120

339 383 516 438 nihilo
551 383 805 439 ducetur.
856 384 987 439 Nam
1019 384 1203 442 omnia
1248 401 1476 456 prorsus
1524 387 1576 440 in
1630 392 1900 456 potestate

2007 385 2187 440 Πάντα
2241 388 2349 459 γὰρ
2392 389 2607 454 πάντως
2649 389 2742 446 ἐπὶ
2781 391 2860 462 τῷ
2901 392 3115 466 φέροντι
3164 393 3424 458 κείσεται,
3477 403 3571 451 καὶ

340 481 546 529 temere
575 475 841 544 rapientis
867 483 921 530 et
948 476 1250 531 auferentis
1280 479 1512 532 fortuna:
1538 479 1646 534 sita
1703 486 1902 542 erunt;

341 581 519 634 neque
559 566 666 626 vita
703 567 1001 637 quidquam
1042 568 1256 625 differet
1291 583 1322 625 a
1356 572 1588 627 navibus
1627 572 1904 641 guberna-

341 666 458 713 tore
485 659 824 723 carentibus,
850 669 1381 718 armamentorumve
1413 663 1756 732 expertibus,
1781 677 1906 733 qua:

341 749 581 805 fortuitis
610 751 828 805 casibus
853 759 1112 821 tanquam
1135 751 1388 809 fluctibus
1415 752 1739 823 quibusdam
1770 754 1904 809 alias

339 839 408 894 ad
443 840 609 894 alium
646 841 916 901 bonorum
953 844 1295 900 malorumve
1329 859 1517 899 casum
1555 845 1710 915 quasi
1747 843 1905 914 traji-

338 933 518 986 ciatur
540 940 705 1003 atque
729 933 1064 992 traducatur.
1089 936 1206 990 Non
1229 938 1373 992 enim
1401 937 1638 1000 lucrum,
1665 936 1809 1006 quod
1838 952 1905 991 ex

341 1025 542 1079 virtute
576 1026 878 1096 contingit,
913 1027 1096 1083 inesse
1130 1037 1312 1097 potest
1339 1029 1406 1084 iis
1438 1044 1670 1098 quorum
1707 1035 1904 1082 natura

339 1129 404 1168 ex
431 1115 713 1169 contrario
747 1117 1078 1186 principium
1109 1118 1292 1173 habet.
1328 1117 1464 1172 Nam
1495 1118 1764 1187 siquidem
1792 1119 1905 1172 vita

341 1211 529 1263 nostra
564 1205 830 1266 divinitus
866 1207 1226 1278 gubernatur,
1261 1208 1485 1262 dubium
1520 1223 1629 1262 non
1669 1209 1905 1278 amplius

339 1311 462 1351 esse
503 1296 705 1364 poterit
741 1297 871 1366 quin
909 1298 1178 1352 vitiositas
1222 1298 1344 1352 vitae
1385 1307 1590 1354 nostra:
1619 1314 1725 1354 non
1767 1313 1903 1368 prae-

340 1387 431 1442 sit.
466 1386 563 1440 Sin
595 1395 776 1449 autem
807 1403 903 1458 per
938 1388 1129 1442 vitium
1161 1403 1227 1443 ac
1258 1389 1562 1458 nequitiam
1596 1389 1904 1456 nascimur,

343 1478 562 1549 penitus
603 1494 669 1540 ac
715 1496 941 1550 prorsus
984 1482 1183 1539 vitiose
1223 1496 1288 1535 ac
1335 1483 1587 1551 nequiter
1636 1481 1903 1542 vivemus.

339 1568 610 1636 Quocirca
662 1587 818 1642 nugs:
865 1586 930 1626 ac
963 1570 1321 1634 deliramenta
1359 1587 1457 1641 per
1490 1571 1607 1634 haec
1647 1587 1768 1628 esse
1806 1570 1905 1628 de-

342 1659 796 1722 monstrabuntur
825 1669 949 1730 post
989 1661 1131 1720 hanc
1165 1661 1330 1724 vitam
1367 1661 1550 1723 futura
1575 1660 1784 1733 judicia
1807 1701 1820 1726 ,
1853 1668 1908 1716 et

343 1765 443 1820 pro
490 1752 690 1806 merito
738 1752 1119 1823 compensatio
1174 1759 1338 1822 atque
1394 1751 1796 1815 remuneratio,
1851 1757 1906 1805 et

339 1859 682 1915 quaecunque
714 1844 819 1905 alia
848 1843 915 1898 ad
944 1843 1239 1905 tollendam
1263 1842 1618 1897 vitiositatem
1645 1842 1907 1900 dicuntur

339 1943 395 2000 et
422 1935 744 1999 creduntur.
775 1933 911 1996 Nam
943 1935 1036 2004 qui
1065 1934 1184 1990 ﬁeri
1212 1941 1391 2004 potest
1425 1943 1483 1989 ut
1517 1933 1682 1988 homo
1712 1935 1906 2002 nequi-

339 2024 429 2078 tiae
462 2024 692 2094 vltiique
719 2039 916 2099 expers
947 2025 1062 2088 sit,
1094 2024 1188 2094 qui
1223 2039 1321 2093 per
1353 2023 1707 2081 vitiositatem
1741 2030 1905 2076 natus

338 2114 453 2179 sit?
485 2114 774 2181 Quomodo
815 2116 945 2170 item
994 2113 1254 2170 alacritas
1294 2113 1461 2174 animi
1497 2115 1747 2183 quaedam
1784 2121 1908 2186 stu:

337 2209 602 2277 diumque
649 2207 717 2262 ad
765 2207 935 2260 vitam
981 2220 1109 2261 cum
1155 2206 1357 2260 virtute
1391 2203 1658 2274 agendam
1697 2203 1901 2258 homini

337 2297 550 2363 innasci
576 2296 785 2368 possit,
813 2297 974 2365 cujus
1006 2303 1201 2350 natura
1227 2310 1260 2350 a
1280 2293 1606 2360 vitiositate,
1631 2301 1692 2348 ut
1727 2293 1904 2359 aiunt,

337 2389 673 2461 principium
707 2388 915 2444 habet?
949 2385 1021 2444 Ut
1055 2387 1201 2444 enim
1235 2385 1442 2441 nullum
1470 2401 1537 2440 ex
1567 2385 1748 2440 brutis
1781 2386 1904 2439 ani-

335 2481 573 2542 malibus
598 2479 880 2536 hominum
912 2493 1064 2534 more
1096 2479 1246 2548 loqui
1278 2487 1530 2542 conatur,
1566 2491 1631 2532 ac
1664 2475 1905 2532 naturali

335 2582 712 2642 consuetaque
737 2579 792 2628 et
820 2571 876 2626 in
907 2586 1016 2642 qua
1044 2569 1311 2626 innutrita
1340 2577 1472 2626 sunt
1501 2583 1634 2625 voce
1664 2570 1902 2636 utentia,

338 2663 474 2728 nihil
503 2663 607 2718 sibi
641 2662 956 2718 detrimenti
991 2661 1261 2717 accidisse
1291 2666 1522 2732 putant,
1559 2660 1605 2715 si
1640 2660 1906 2720 orationis

338 2769 405 2820 ac
428 2755 701 2817 sermonis
729 2753 974 2823 expertia
1005 2754 1118 2816 sint
1142 2771 1157 2815 ;
1188 2753 1382 2816 eodem
1411 2752 1575 2814 modo
1598 2752 1763 2816 etiam
1793 2751 1872 2812 illi
1890 2793 1906 2818 ,

337 2845 433 2921 qui
462 2844 653 2908 vitium
676 2859 739 2898 ac
762 2843 1066 2914 nequitiam
1087 2840 1407 2898 existimant
1428 2857 1552 2898 esse
1577 2842 1906 2913 principium

337 2946 394 2992 et
430 2951 656 2998 causam
695 2935 855 3001 vitae,
888 2933 957 2990 ad
991 2933 1352 3005 expetendam
1387 2933 1684 3000 virtutem,
1719 2940 1910 3003 utpote

2004 479 2155 532 οὐδὲν
2187 482 2216 533 ό
2241 480 2354 550 βίος
2385 482 2570 536 διοίσει
2600 484 2708 538 τῶν
2761 485 3173 558 ἀνερματίστων
3199 487 3312 558 (71)
3351 487 3573 552 πλοίων,

2003 572 2124 634 ταῖς
2169 571 2496 643 αὐτομάτοις
2537 574 2864 645 συντυχίαις,
2901 571 3013 630 οἷόν
3036 594 3146 630 τισι
3182 577 3439 646 κύμασιν,
3479 576 3574 628 άλ-

2005 660 2124 714 λοτε
2153 662 2264 732 (72)
2293 663 2428 734 πρὸς
2453 663 2619 736 ἀλλην
2655 665 2836 722 καλῶν
2863 667 2897 737 ἢ
2924 667 3140 736 φαύλων
3173 669 3270 722 σὺν
3296 667 3434 739 τύχῃ
3460 667 3574 736 (75)

2007 752 2486 825 μεθορμιζόμενος.
2522 757 2596 810 Ui)
2629 758 2738 828 γὰρ
2767 757 2882 812 ἐστι
2910 759 2971 813 τὸ
2990 759 3048 826 ἐξ
3067 761 3264 830 ἀρετῆς
3289 759 3398 828 (71)
3421 761 3577 826 ἐγγε-

2004 843 2188 900 νέσθαι
2225 845 2434 916 κέρδος,
2469 841 2550 910 οἷς
2573 849 2606 919 ἡ
2632 848 2792 917 φύσις
2817 851 2883 904 ἐκ
2906 850 3016 904 τῶν
3041 851 3295 904 ἐναντίων
3321 849 3433 920 (75)
3475 850 3576 920 τὴν

2005 936 2178 1008 ἀρχὴν
2205 936 2338 1016 ἔχει.
2381 939 2443 992 Ei
2470 938 2568 1010 μὲν
2599 939 2709 1010 γὰρ
2742 939 2926 996 θεόθεν
2955 942 3314 1010 οἰκονομεῖται
3349 939 3507 1010 ἡμῶν
3533 941 3574 1010 ἡ

2005 1025 2139 1099 ζωὴ,
2179 1028 2240 1082 τὸ
2269 1029 2326 1083 δὲ
2365 1029 2479 1100 (76)
2515 1031 2717 1085 κακίαν
2757 1031 3051 1102 κατάρχειν
3085 1031 3187 1101 τῆς
3226 1031 3373 1100 ζωῆς
3419 1029 3575 1100 ἡμῶν

2007 1120 2459 1188 ωνομολογεῖται.
2503 1122 2639 1175 Είδέ
2659 1111 2724 1176 δι’
2767 1123 2981 1192 ἐκείνης
3004 1121 3280 1192 φυόμεθα,
3311 1121 3486 1190 πάντη
3513 1136 3572 1172 τε

2005 1208 2097 1260 καὶ
2133 1209 2348 1274 πάντως
2383 1212 2502 1264 κατ’
2540 1213 2710 1282 αὐτὴν
2749 1211 3114 1283 βιοτεύσομεν.
3144 1213 3326 1283 Λῆρος
3361 1206 3455 1266 οὖν
3486 1211 3576 1265 διὰ

2005 1300 2207 1354 τούτων
2263 1301 2742 1373 ἀποδειχθήσεται,
2779 1305 2850 1358 τά
2887 1305 3026 1374 μετὰ
3052 1304 3143 1358 τὸν
3183 1304 3308 1376 τῇδε
3344 1304 3458 1374 βίον
3498 1305 3576 1356 δι-

2006 1391 2308 1461 καιωτήρια
2329 1407 2342 1421 ·
2370 1391 2466 1444 καὶ
2492 1393 2525 1460 ἡ
2560 1392 2697 1462 πρὸς
2725 1392 2837 1464 (77)
2872 1391 3029 1459 ἀξίαν
3066 1392 3419 1454 ἀνταπόδοσις
3440 1392 3575 1463 (78),

2006 1481 2100 1534 καὶ
2128 1481 2227 1533 ὅσα
2247 1481 2383 1536 ἀλλα
2403 1483 2539 1553 πρὸς
2563 1483 2838 1554 ἀναίρεσιν
2873 1483 2976 1553 τῆς
3009 1482 3207 1545 κακίας
3226 1482 3441 1549 λέγεται
3482 1483 3578 1534 καὶ

2007 1569 2359 1623 πεπίστευται
2387 1570 2519 1640 (79).
2545 1569 2668 1633 Πῶς
2695 1569 2802 1640 γάρ
2829 1569 3050 1624 δυνατὸν
3079 1567 3182 1633 ἔξω
3212 1567 3416 1637 ταύτης
3441 1562 3578 1620 εἶναι

2005 1663 2097 1716 τὸν
2118 1663 2400 1734 ἄνθρωπον
2426 1662 2518 1715 τὸν
2549 1663 2615 1717 δι’
2635 1663 2848 1733 ἐκείνης
2883 1661 3085 1730 φύντας
3107 1661 3232 1724 Πῶς
3252 1661 3308 1714 δὲ
3343 1661 3438 1714 καὶ
3464 1660 3577 1730 (80)

2006 1755 2150 1824 ὁρμή
2195 1770 2279 1817 τις
2330 1752 2542 1820 ἐγένετο
2598 1753 2710 1822 (81)
2767 1751 3124 1823 προαιρετικὴ
3181 1749 3259 1820 τῷ
3306 1747 3579 1819 ἀνθρώπῳ

2006 1846 2140 1924 πρὸς
2183 1843 2274 1897 τὸν
2307 1845 2427 1898 κατ’
2467 1843 2669 1914 ἀρετὴν
2710 1842 2843 1913 βίον,
2898 1837 2958 1897 οὗ
2987 1845 3020 1912 ἡ
3064 1841 3224 1912 φύσις
3261 1842 3324 1893 ἐκ
3357 1839 3574 1902 κακίας,

2001 1933 2078 1998 ὡς
2114 1935 2351 2003 λέγουσι,
2383 1933 2482 2005 τὴν
2521 1933 2694 2004 ἀρχὴν
2731 1932 2879 2004 ἔχει;
2932 1934 3020 1997 Ὠς
3049 1933 3157 2004 γὰρ
3190 1933 3290 1987 οὐκ
3312 1933 3579 2002 ἐπιχειρεῖ

2003 2042 2056 2077 τι
2096 2022 2204 2082 τῶν
2238 2024 2447 2091 ἀλόγων
2472 2023 2583 2094 (82)
2624 2025 2984 2096 ἀνθρωπικῶς
3014 2022 3375 2095 φθέγξασθαι,
3414 2025 3484 2094 τῇ
3518 2022 3576 2074 δέ

2006 2114 2290 2186 συντρόφῳ
2331 2119 2426 2170 καὶ
2475 2115 2613 2169 κατά
2659 2115 2819 2184 φύσιν
2861 2114 3173 2187 κεχρημένα
3206 2117 3380 2185 φωνῇ,
3422 2114 3575 2170 οὐδε-

2007 2207 2136 2277 μίαν
2161 2209 2374 2276 ήγεῖται
2407 2205 2608 2278 ζημίαν
2634 2206 2964 2278 ἀμοιροῦντα
2990 2205 3068 2277 τῷ
3093 2206 3236 2276 λόγῳ
3262 2204 3372 2276 (85)
3394 2218 3407 2233 ·
3434 2203 3577 2258 κατά

2001 2297 2093 2350 τὸν
2137 2297 2298 2351 αὐτὸν
2349 2297 2569 2369 τρόπον,
2624 2299 2720 2352 καὶ
2754 2292 2836 2361 οἷς
2873 2301 2906 2368 ἠ
2936 2298 3103 2352 κακία
3137 2297 3247 2368 (84)
3297 2295 3577 2366 νομίζεται

2004 2383 2142 2442 εἶναι
2171 2388 2272 2457 τῆς
2303 2387 2449 2458 ζωῆς
2472 2387 2614 2459 ἀρχὴ
2642 2387 2754 2459 (85)
2791 2389 2886 2441 καὶ
2919 2387 3066 2441 αίτία
3086 2425 3102 2451 ,
3128 2386 3228 2439 οὐκ
3256 2384 3323 2439 ἂν
3351 2387 3431 2447 είς
3452 2387 3576 2437 ἐπι-

2005 2478 2203 2549 θυμίαν
2229 2478 2432 2537 ἔλθοιεν
2469 2479 2567 2552 τῆς
2605 2479 2826 2549 ἀρετῆς,
2865 2477 2940 2540 ὼς
2969 2476 3072 2544 ἐξω
3101 2476 3203 2546 τῆς
3235 2474 3449 2545 φύσεως
3475 2473 3578 2534 αὑ-

2002 2571 2112 2633 τῶν
2136 2569 2322 2642 οὔσης.
2381 2569 2540 2624 Ἀλλὰ
2589 2569 2695 2641 μὴν
2734 2570 2867 2623 πᾶσι
2909 2570 3020 2632 τοῖς
3057 2566 3483 2638 κεκαθαρμένοις
3513 2566 3580 2618 ἐκ

2003 2662 2280 2739 λογισμῶν
2315 2663 2414 2734 τὴν
2437 2662 2615 2735 ψυχὴν
2641 2661 2731 2716 διὰ
2758 2659 2995 2729 σπουδῆς
3019 2676 3080 2719 τε
3109 2657 3204 2744 καὶ
3228 2655 3522 2726 ἐπιθυμίας
3549 2657 3580 2712 ὁ

2007 2751 2127 2806 κατ’
2157 2751 2269 2821 (86)
2323 2751 2523 2826 ἀρετὴν
2582 2750 2696 2822 βίος
2755 2749 2902 2804 ἐστίν
2931 2749 3064 2820 (87).
3119 2749 3262 2818 Ἀρα
3313 2745 3402 2800 διὰ
3451 2744 3577 2796 τού-

2005 2859 2113 2898 των
2139 2841 2251 2913 (88)
2304 2841 2490 2911 σαφῶς
2526 2841 2946 2905 ἀποδείκνυται,
2987 2839 3049 2893 τὸ
3079 2837 3156 2912 μὴ
3201 2836 3579 2909 πρεσϐυτέραν

2008 2932 2148 2989 εἶναι
2187 2935 2286 3006 τῆς
2334 2933 2480 3005 ζωῆς
2523 2933 2622 3004 τὴν
2652 2933 2882 3000 κακίαν,
2934 2934 3059 3004 μήτ’
3089 2930 3199 3001 (89)
3234 2929 3442 2984 ἐκεῖθεν
3478 2927 3580 2991 τάς

337 3047 461 3101 qua:
494 3037 655 3085 extra
695 3033 952 3083 naturam
997 3040 1190 3082 eorum
1232 3025 1342 3090 sit,
1391 3023 1593 3080 adduci
1625 3039 1736 3080 non
1784 3039 1906 3094 pos-

2012 3031 2232 3097 πρώτας
2269 3024 2444 3098 ἀρχὰς
2479 3025 2770 3097 ἐσχηκέναι
2790 3024 2889 3097 τὴν
2916 3024 3097 3094 φύσιν,
3126 3021 3262 3078 ἀλλά
3286 3020 3581 3090 κατάρχειν

337 3123 472 3186 sint.
511 3119 677 3190 Atqui
713 3133 904 3175 omnes
943 3118 1038 3190 qui
1077 3117 1386 3173 rationibus
1435 3116 1673 3171 animam
1707 3130 1909 3186 purga-

338 3221 451 3268 tam
488 3212 729 3277 habent,
763 3210 932 3266 vitam
961 3225 1084 3282 quae
1134 3224 1262 3265 cum
1306 3209 1512 3265 virtute
1547 3209 1908 3279 transigatur,

338 3319 558 3369 summo
587 3303 773 3358 studio
801 3311 1067 3374 appetunt
1103 3309 1268 3370 atque
1306 3302 1732 3372 concupiscunt.
1770 3301 1912 3374 Ergo

341 3411 440 3478 per
476 3396 580 3450 hoc
619 3405 807 3465 aperte
837 3395 1248 3461 demonstratur
1280 3395 1635 3460 vitiositatem
1669 3395 1780 3460 vita
1815 3411 1912 3450 an-

339 3487 633 3562 tiquiorem
664 3501 771 3550 non
800 3501 923 3549 esse
951 3505 966 3543 :
997 3501 1174 3559 neque
1201 3486 1356 3550 illinc
1381 3487 1612 3558 primam
1642 3487 1909 3559 originem

340 3587 593 3646 naturam
627 3578 926 3646 habuisse,
961 3579 1059 3638 sed
1101 3579 1228 3635 vita:
1276 3590 1486 3640 naturae
1530 3588 1814 3636 auctorem
1856 3587 1910 3635 et

341 3685 565 3727 causam
595 3687 718 3736 esse
748 3672 1075 3741 sapientiam
1104 3671 1197 3732 Dei
1222 3709 1238 3736 ,
1267 3687 1392 3742 qua:
1425 3687 1609 3726 rerum
1641 3679 1901 3726 naturam

341 3763 654 3828 universam
686 3761 1036 3815 administrat
1067 3769 1232 3831 atque
1259 3762 1544 3830 gubernat.
1569 3761 1704 3816 Cum
1729 3770 1907 3817 autem

342 3851 525 3916 anima
565 3848 1025 3926 quemadmodum
1065 3850 1303 3904 creatori
1342 3850 1557 3918 placet,
1614 3850 1669 3905 in
1723 3866 1908 3906 rerum

342 3951 594 3997 naturam
632 3942 983 4010 provenerit,
1031 3948 1166 3996 tunc
1199 3941 1266 3996 ad
1306 3942 1595 3997 arbitrium
1645 3959 1764 3999 eam
1809 3945 1910 3998 eli-

341 4046 504 4099 gere,
559 4028 704 4107 quod
743 4031 954 4099 placeat
992 4040 1156 4102 atque
1191 4033 1343 4087 cordi
1387 4033 1494 4098 sit,
1541 4045 1598 4094 et
1637 4034 1908 4106 quidquid

343 4109 439 4192 per
476 4122 790 4177 facultatem
825 4124 1058 4195 eligendi
1089 4125 1437 4183 arbitrarium
1473 4141 1598 4182 esse
1627 4109 1906 4193 voluerit,

341 4216 394 4268 id
429 4216 594 4280 ctiam
634 4215 886 4270 evadere.
934 4214 1087 4270 Hanc
1117 4224 1298 4271 autem
1333 4219 1660 4277 sententiam
1694 4219 1908 4275 discere

342 4305 620 4375 possimus
656 4305 724 4358 ab
755 4305 1113 4369 similitudine
1146 4307 1321 4382 oculi,
1353 4309 1444 4377 qui
1481 4317 1539 4373 ut
1573 4309 1754 4365 videat
1784 4313 1907 4380 qui-

2013 3117 2168 3189 ήμῶν
2202 3119 2302 3188 τῆς
2331 3116 2476 3188 ζωῆς
2519 3116 2619 3188 τὴν
2659 3117 2720 3171 τὸ
2763 3119 2873 3172 πᾶν
2902 3113 3286 3187 οίκονομοῦσαν
3308 3112 3402 3167 τοῦ
3443 3109 3580 3165 θεοῦ

2013 3207 2222 3277 σοφίαν.
2275 3205 2567 3261 Ἐλθοῦσαν
2614 3207 2672 3260 δὲ
2705 3208 2786 3270 είς
2815 3206 3029 3276 γένεσιν
3067 3205 3167 3276 τὴν
3216 3203 3394 3273 ψυχὴν
3440 3199 3584 3255 κατά

2009 3300 2102 3354 τὸν
2129 3299 2432 3371 ἀρέσκοντα
2469 3299 2671 3371 τρόπον
2707 3297 2786 3368 τῷ
2815 3297 3086 3363 κτίσαντι,
3111 3295 3235 3350 τότε
3273 3293 3393 3348 κατ’
3426 3293 3579 3358 ἐξου-

2012 3394 2132 3450 σίαν
2176 3395 2344 3465 αὐτὴν
2381 3393 2653 3468 αἱρεῖσθαι
2691 3393 2754 3447 τὸ
2797 3391 2938 3449 κατὰ
2970 3390 3192 3464 γνώμην
3227 3392 3294 3446 ἐκ
3333 3391 3433 3463 τῆς
3466 3389 3582 3462 (90)

2011 3487 2402 3560 προαιρετικῆς
2418 3485 2717 3558 δυνάμεως,
2740 3486 2768 3540 ὃ
2787 3485 2839 3540 τί
2857 3503 2962 3557 περ
2988 3484 3054 3540 ἂν
3081 3483 3252 3538 ἐθέλει
3282 3482 3392 3556 (91)
3419 3480 3582 3536 τοῦτο

2010 3578 2107 3644 καὶ
2145 3578 2454 3652 γινομένην.
2483 3577 2766 3647 Μάθοιμεν
2792 3577 2837 3632 δ’
2863 3576 2932 3632 ἂν
2957 3577 3049 3631 τὸν
3073 3575 3228 3646 λόγον
3253 3576 3318 3629 ἐκ
3342 3573 3435 3629 τοῦ
3469 3575 3578 3628 τῶν

2007 3671 2302 3743 ὀφθαλμῶν
2330 3670 2870 3742 (92)ὑποδείγματος,
2901 3662 2946 3738 ᾧ
2979 3670 3039 3723 τὸ
3063 3668 3314 3740 μὲνὸρᾷν
3344 3669 3488 3720 ἐστιν
3509 3669 3576 3722 ἐκ

2008 3779 2231 3832 φύσεως,
2270 3762 2331 3815 τὸ
2350 3762 2405 3816 δὲ
2435 3762 2509 3836 μὴ
2535 3763 2668 3832 όρᾷν
2692 3761 2756 3814 ἐκ
2777 3759 3204 3834 προαιρέσεωςῆ
3228 3759 3322 3812 καὶ
3350 3751 3575 3820 πάθους.

2009 3854 2224 3914 Γένοιτο
2260 3852 2369 3924 γὰρ
2413 3854 2478 3908 ἀν
2507 3870 2636 3906 ποτε
2670 3854 2765 3907 καὶ
2815 3853 2877 3907 τὸ
2925 3853 3075 3923 παρὰ
3111 3850 3272 3921 φύσιν
3300 3851 3411 3920 (95)
3455 3849 3580 3902 ἀντὶ¹

2007 3945 2108 4014 τῆς
2133 3943 2367 4012 φύσεως,
2388 3942 2422 4012 ἢ
2452 3943 2712 4006 ἑκουσίως
2737 3942 2882 4006 τινὸς
2913 3942 3003 3996 τὸν
3024 3940 3302 4010 ὀφθαλμὸν
3330 3939 3579 4010 μύοντος,

2009 4035 2042 4105 ἢ
2095 4036 2159 4089 ἐκ
2199 4035 2405 4099 πάθους
2444 4035 2796 4106 στερηθέντος
2840 4035 2936 4106 τῆς
2966 4033 3160 4104 ὅψεως.
3206 4033 3390 4095 Οὕτως
3433 4031 3580 4084 ἐστιν

2009 4128 2201 4192 εἰπεῖν,
2239 4129 2334 4183 καὶ
2371 4131 2438 4200 τῇ
2499 4129 2644 4201 ψυχῇ
2679 4128 2861 4188 θεόθεν
2897 4129 2995 4199 μὲν
3045 4121 3184 4180 εἶναι
3237 4126 3336 4195 τὴν
3380 4125 3578 4178 σύστα-

2013 4236 2097 4274 σιν
2135 4220 2270 4290 (94),
2306 4220 2573 4291 μηδεμιᾶς
2607 4221 2663 4274 δὲ
2707 4221 3002 4291 νοουμένης
3033 4219 3163 4290 περὶ
3192 4219 3253 4271 τὸ
3283 4218 3437 4271 Θεῖον
3477 4235 3578 4270 κα-

2009 4309 2152 4374 κίας,
2185 4310 2290 4377 ἔξω
2317 4311 2418 4380 τῆς
2447 4311 2566 4364 κατ’
2600 4312 2768 4382 αὐτὴν
2801 4311 3043 4380 ἀνάγκης
3068 4306 3241 4363 εἶναι’
3283 4309 3581 4378 γενομένην

340 4398 464 4450 dem
494 4411 524 4458 ιι
556 4403 753 4462 natura
772 4396 954 4461 habet,
986 4404 1046 4450 ut
1077 4405 1258 4452 autem
1293 4379 1404 4453 non
1423 4400 1627 4464 videat,
1657 4416 1724 4456 ex
1753 4402 1903 4455 arbi-

2011 4402 2068 4455 δέ
2104 4375 2279 4465 οὕτως
2315 4375 2385 4472 τῆ
2417 4402 2524 4472 ἰδίᾳ
2558 4375 2750 4473 γνώμη
2784 4375 3011 4472 πρὸςττδ
3036 4401 3224 4464 δοκοῦν
3266 4375 3516 4468 ἀγεσθαι,
3537 4375 3580 4469 ’ἢ

340 4487 452 4541 trlo
490 4502 554 4541 ac
589 4487 934 4570 praecedente
964 4488 1275 4554 voluntate,
1311 4491 1397 4546 vel
1447 4491 1609 4556 etiam
1657 4507 1726 4547 ex
1775 4494 1908 4549 vitio

339 4587 504 4647 atque
541 4577 878 4633 calamitate.
917 4577 1026 4633 Pro
1054 4588 1253 4634 natura
1279 4581 1427 4636 enim
1464 4581 1758 4651 aliquando
1792 4583 1909 4639 ﬁeri

341 4675 524 4740 potest
556 4668 722 4731 etiam
760 4668 814 4728 id
845 4669 989 4751 quod
1021 4678 1220 4750 praeter
1249 4682 1503 4736 naturam
1537 4682 1652 4739 est,
1687 4682 1782 4740 aut
1811 4688 1906 4728 vo-

438 4847 527 4922 :i)
562 4849 1058 4922 ῘΑκερματζστωις.
1087 4848 1126 4900 Α
1156 4849 1210 4902 in
1246 4849 1486 4920 margine
1502 4849 1902 4922 ἀκυόερνήτων.

435 4918 528 4972 7?.)
561 4919 830 4972 Ἀλλοτε.
867 4919 909 4970 Β
953 4918 1080 4972 άλλο
1100 4931 1172 4969 τι.

409 4987 524 5067 (τεν
708 4989 974 5067 rma.
1007 4987 1378 5067 ιῖσυντυχίαν·

443 5057 531 5138 11)
561 5057 833 5138 2298???-
865 5060 910 5138 B.
929 5059 1122 5138 ἀρχῆς·
1138 5127 1178 5138 -
1263 5125 1288 5137 -

441 5128 527 5185 75)
560 5127 682 5181 Τῶν
705 5127 1105 5192 eraserim-LA,
1138 5127 1180 5178 B
1200 5127 1291 5180 τοῦ
1318 5128 1580 5193 ἐναντίου.

441 5197 529 5270 3g)
568 5199 640 5270 Τό
670 5197 770 5270 δέ.-
789 5205 852 5264 Α,
873 5199 914 5250 B
935 5199 996 5251 τὸ
1018 5198 1176 5270 μηδέ.

475 5217 529 5259 0)
573 5217 640 5251 [Ο
670 5217 757 5250 οε.
789 5217 852 5264 Α,
877 5217 996 5251 ι)το
1057 5217 1088 5270 η

475 5266 528 5338 τ)
567 5267 636 5321 Ἦ
655 5268 912 5338 πρός.ᾉὶ
935 5217 1088 5338 πρὲξ.

451 5337 533 5408 18)
570 5337 1009 5408 Ἀνταπόδοσις.
1036 5338 1077 5389 Β
1103 5337 1500 5401 ἀνταποδόσεις.

451 5349 533 5408 ῖδ)
574 5349 1009 5402 Ἀνταποσοσις.
1037 5349 1077 5389 Β
1103 5349 1394 5392 ἀνταποδοο

310 5402 339 5488 λ
415 5349 528 5543 ΞἸΘ)
549 5406 1029 5495 ΠεπίστευταικΒ
1062 5408 1394 5462 πιστεύεται.

438 5477 528 5542 80)
559 5477 632 5530 Δὲ
659 5477 777 5529 καί.
798 5479 841 5529 Α
872 5479 914 5529 Β
933 5478 962 5530 δ
999 5477 1067 5529 ἂν
1093 5474 1200 5532 καί.

438 5474 528 5542 80)
559 5477 632 5530 Δὲ
659 5477 777 5529 καί.
798 5479 841 5529 Α
872 5479 914 5529 Β
933 5478 978 5530 δ’
999 5477 1067 5529 ἂν
1093 5474 1200 5532 καί.

415 5548 531 5616 (81)
573 5546 862 5614 Ἐγένετο.
889 5547 1028 5616 ALB
1065 5546 1360 5616 ἐγγένοιτο.

417 5614 532 5690 (δῖ)
571 5617 840 5690 Ἀειότων.
872 5620 936 5690 A_,
1057 5615 1264 5690 addunt
1295 5614 1465 5679 ζώων.

417 5685 529 5753 (ss)
569 5687 653 5754 Τῷ
674 5689 853 5753 λόγῳ.
889 5688 957 5754 Α,
981 5687 1022 5738 B
1049 5685 1140 5738 τοῦ
1167 5685 1344 5753 λόγου.

2013 4494 2078 4546 ἐκ
2103 4491 2471 4563 προαιρέσεως
2493 4492 2629 4562 πρὸς
2657 4492 2717 4544 τὸ
2745 4491 2906 4545 καλὸν
2926 4491 3280 4561 ἐπιμύουσαν,
3307 4489 3340 4560 ἢ
3369 4489 3430 4554 ἐξ
3463 4489 3582 4541 ἐπι-

2017 4583 2214 4652 ϐουλῆς
2245 4581 2338 4635 τοῦ
2371 4581 2740 4648 συνοικοῦντος
2771 4581 2928 4662 ἡμῶν
2953 4585 3019 4654 τῇ
3053 4580 3164 4652 ζωῇ
3199 4580 3435 4651 πολέμου
3467 4578 3582 4650 (9ε)

2012 4675 2105 4729 τὸν
2135 4672 2408 4745 ὀφθαλμὸν
2454 4673 2856 4759 βλαπτομένην,
2895 4673 2990 4739 κα),
3026 4673 3086 4727 ἐν
3120 4672 3198 4755 τῷ
3237 4672 3336 4752 τῆς
3367 4670 3585 4740 ἀπάτης

2087 4854 2200 4921 (84)
2230 4853 2301 4908 'H
2316 4854 2514 4908 κακία.
2544 4854 2586 4906 Β
2607 4855 2793 4908 κακία.

2086 4924 2199 5046 ἓξὲξ
2239 4924 2559 5046 ἶῦρκήκλῄ
2587 4925 2752 5046 ﬁt”?
2873 4992 2889 5016 ς

2327 5011 2435 5046 κατ
2463 4993 2628 5046 ,Βεστ
2653 5013 2681 5046 ν
2768 5009 2873 5046 κατ

2085 4993 2198 5064 (86)
2243 4993 2305 5046 '0
2327 4993 2734 5049 κατ’.Βὲστ“ιν⁷ό
2768 4993 2910 5054 κατ’.

2083 5064 2199 5130 (87)
2243 5065 2468 5117 Ἔστιν.
2493 5064 2638 5118 Delet
2652 5064 2713 5118 Β.

2083 5133 2195 5202 (88)
2228 5135 2476 5202 Τούτων.
2500 5135 2564 5196 Α,
2597 5132 2638 5184 Β
2657 5131 2868 5189 τούτου.

2083 5201 2195 5275 (89)
2223 5201 2392 5269 Μήτ’-
2413 5207 2487 5275 .A.
2512 5203 2572 5275 Βο
2593 5202 2761 5275 μηδὲ.

2085 5271 2198 5340 (90)
2247 5275 2346 5326 Ἐκ
2365 5271 2491 5339 τῆς.
2519 5271 2562 5325 Α
2591 5271 2643 5343 in
2668 5271 2913 5343 margine
2928 5271 3033 5325 διά.

2083 5343 2196 5410 (91)
2243 5343 2484 5412 Ἐθέλει.
2513 5344 2574 5405 Α,
2603 5342 2644 5412 β
2665 5341 2842 5412 seem.

2081 5409 2194 5484 (92)
2222 5411 2344 5484 Τῶν
2364 5409 2700 5484 ὀφθαλμῶν.
2715 5409 2857 5484 ΑΔξΒ
2877 5411 3020 5466 κατά
3043 5411 3134 5466 τὸν
3162 5410 3461 5482 ὀφθαλμόν.

2080 5482 2192 5553 (95)
2223 5483 2434 5536 Φύσιν.
2464 5483 2506 5534 Α
2531 5482 2860 5553 τὴνφύσινῖ
2946 5504 2959 5518 .

2085 5551 2194 5624 (pii)
2233 5554 2592 5624 Σύστιιστιν.
2629 5552 2692 5624 Α)
2733 5553 2773 5603 Β
2801 5551 3058 5624 σύστασιν
3087 5551 3274 5622 αὐτῆςο

2087 5621 2199 5696 (93)
2237 5623 2527 5692 Πολέμου.
2566 5624 2628 5688 Λ,
2659 5623 2699 5673 Β
2737 5621 3014 5692 πολεμίου.
3213 5621 3246 5626 ⁷’
