3950 6132
275 344 372 401 191
1401 343 1486 398 DE
1523 344 1740 400 ANIMA
1777 345 1840 402 E'l

1941 342 2500 403 .ESURRECTIONE.
3432 336 3535 391 122

273 458 622 529 βιοτεύουσαν
654 460 770 533 (96)
801 461 1005 529 σκότει,
1050 461 1144 515 καὶ
1183 461 1242 515 τὺ
1272 461 1386 532 (97)
1416 461 1652 532 ἔμπαλιν
1683 461 1840 515 καθα-

1956 462 2165 516 luntate
2199 476 2299 517 sua
2331 461 2526 515 oculos
2558 458 2744 528 aliquo
2775 455 3066 512 claudente
3087 495 3102 519 ,
3137 463 3232 509 aut
3263 469 3327 509 ex
3361 455 3532 507 infor-

272 552 380 621 ρῶς
422 553 561 622 πρὸς
611 553 713 623 τὴν
758 552 1015 624 ἀλήθειαν
1067 553 1402 623 βλέπουσαν,
1463 551 1655 622 πόρῤω
1712 551 1840 620 γίνε-

1962 552 2117 605 ιυηίο
2151 563 2314 619 atque
2343 551 2660 604 calamitate
2697 563 2796 601 usu
2833 546 3118 600 oculorum
3149 544 3425 613 adempto.
3456 539 3532 595 lta

270 641 396 694 σθαι
424 642 538 712 (98)
572 643 681 697 τῶν
713 644 1002 699 σκοτεινῶν
1037 643 1396 714 παθημάτων.

1961 642 2282 711 dici-potest
2317 641 2384 695 de
2420 639 2602 694 anima
2624 677 2639 702 ,
2667 653 2695 691 a
2725 637 2834 691 Deo
2860 636 3078 705 quidem
3108 651 3226 691 eam
3258 635 3532 691 conditam

269 741 438 802 atque
473 740 719 788 creatam
753 749 913 800 esse,
949 730 1016 790 ae
1050 750 1176 789 cum
1215 733 1366 789 nulla
1397 732 1670 788 vitiositas
1703 731 1853 788 circa
1892 731 2138 786 divinum
2193 746 2398 786 numen
2451 729 2942 792 animadvertatur,
2994 742 3112 782 eam
3165 737 3320 781 extra
3370 727 3530 781 vitio-

269 826 454 879 sitatis
493 840 618 880 esse
656 827 1065 882 necessitatem.
1119 827 1258 883 Cum
1310 836 1492 885 autem
1532 828 1636 882 hac
1670 828 1987 884 conditione
2015 834 2200 884 creata
2235 827 2344 891 sit,
2377 842 2477 882 sua
2509 825 2793 880 voluntate
2860 827 3026 891 atque
3093 820 3324 876 arbitrio
3401 820 3529 874 duci

266 931 388 970 eam
424 932 536 986 quo
561 917 742 973 visum
785 917 980 983 fuerit,
1013 928 1108 973 aut
1142 937 1211 976 ex
1248 922 1419 976 libera
1455 922 1740 978 voluntate
1777 921 1846 975 ad
1884 924 2087 976 bonum
2119 930 2173 977 et
2203 921 2492 977 honestum
2521 918 2710 973 oculos
2741 914 3084 969 claudentem
3106 952 3120 976 ,
3154 920 3248 965 aut
3312 927 3376 967 ex
3443 913 3530 964 in-

266 1010 425 1064 sidiis
456 1012 581 1065 vitae
609 1019 814 1067 nostrae
842 1013 1210 1070 cohabitantis
1241 1016 1453 1081 hostis,
1486 1017 1682 1071 vitium
1713 1025 1769 1072 et
1792 1017 2067 1086 jacturam
2088 1019 2376 1072 oculorum
2403 1015 2765 1070 sustinentem
2787 1053 2804 1076 ,
2829 1020 2884 1066 et
2908 1010 2963 1062 in
3020 1007 3228 1062 fraudis
3282 1007 3533 1063 tenebris

268 1097 590 1154 viventem:
633 1109 730 1154 aut
765 1101 929 1156 etiam
964 1116 1032 1156 ex
1071 1104 1354 1158 contrario
1392 1118 1530 1175 pure
1563 1105 1622 1159 in
1654 1104 1938 1159 veritatem
1965 1104 2272 1162 intuentem
2302 1103 2497 1176 procul
2544 1119 2575 1155 a
2625 1099 2935 1157 tenebrosis
2993 1096 3281 1152 all‘ectibus
3339 1107 3395 1152 et
3453 1097 3535 1151 vi.

267 1188 362 1243 tiis
404 1188 623 1246 abesse.

343 1347 484 1400 Πότε
523 1342 618 1402 οῦν
649 1349 766 1419 ἐρεῖ
793 1367 874 1413 τις
901 1349 1192 1420 γινομένην
1225 1349 1361 1422 (99),
1389 1350 1484 1404 καὶ
1509 1351 1656 1415 πῶς;
1698 1350 1840 1404 Ἀλλέ

2027 1345 2258 1414 Quando
2293 1345 2463 1417 igitur
2488 1343 2634 1400 dicet
2664 1342 2863 1414 aliquis
2889 1355 3008 1398 eam
3044 1339 3237 1406 nasci,
3270 1347 3365 1394 aut
3393 1355 3531 1409 quo-

263 1434 366 1506 τὴν
401 1437 503 1506 μὲν
534 1437 760 1508 ζήτησιν
797 1437 894 1510 τὴν
925 1437 1054 1508 περὶ
1085 1437 1178 1492 τοῦ
1212 1439 1330 1502 πῶς
1359 1439 1429 1492 τὰ
1459 1439 1534 1510 (1)
1569 1439 1691 1492 καθ’
1722 1439 1840 1492 ἕκα-

1953 1437 2164 1492 modo?
2196 1437 2373 1506 Atque
2403 1451 2466 1491 ea
2503 1435 2723 1507 quidem
2759 1432 3031 1505 quaestio,
3066 1446 3174 1501 qua
3209 1432 3353 1486 scire
3386 1431 3532 1484 desi-

263 1542 393 1579 στον
419 1527 662 1595 γέγονεν,
692 1529 998 1600 ἐξαιρετέον
1027 1529 1205 1601 πάντη
1237 1530 1330 1583 τοῦ
1357 1530 1537 1598 λόγου.
1565 1529 1702 1585 Οὔτε
1743 1530 1840 1602 γὰρ

1948 1523 2195 1619 deratur,
2228 1540 2339 1594 qua
2375 1525 2586 1581 ratione
2617 1538 2958 1594 unaquaeque
3001 1537 3090 1577 res
3123 1521 3270 1575 facta
3310 1521 3421 1583 sit,
3461 1537 3528 1575 ex

267 1615 398 1686 περῖ
444 1615 554 1668 τῶν
600 1617 907 1689 προχείρων
950 1619 1082 1688 ἡμῖν
1126 1620 1207 1682 είς
1246 1620 1591 1690 κατανόησιν,
1633 1614 1708 1674 ὧν
1754 1620 1840 1691 τὴκ

1948 1612 2200 1670 oratione
2232 1616 2451 1688 penitus
2481 1615 2772 1669 eximenda
2799 1625 2902 1670 est.
2938 1612 3126 1685 Neque
3157 1613 3303 1666 enim
3335 1614 3404 1666 de
3433 1613 3524 1675 iis,

261 1706 547 1776 ἀντίληψιν
573 1707 640 1760 δι’
666 1707 970 1778 αἰσθήσεως
1001 1708 1218 1780 ἔχομεν,
1263 1711 1489 1764 δυνατὸν
1530 1713 1596 1766 ἂν
1639 1712 1840 1780 γένοιτο

1945 1723 2066 1778 (μω
2101 1707 2258 1761 nobis
2311 1707 2698 1761 animadversu
2743 1706 3075 1775 cognituque
3113 1703 3297 1757 facilia
3341 1713 3396 1756 et
3432 1719 3528 1757 ex-

259 1793 341 1862 τῷ
369 1794 776 1867 διερευνωμένῳ
806 1796 950 1867 λόγῳ
969 1837 984 1863 ,
1017 1798 1077 1851 τὸ
1115 1798 1232 1863 πῶς
1259 1800 1467 1870 ὑπέστη
1499 1801 1560 1854 τὸ
1585 1801 1843 1872 φαινόμε-

259 1901 351 1935 νον
394 1885 762 1956 κατανοῆσαι,
814 1887 890 1952 ὡς
926 1889 1061 1959 μήτε
1090 1892 1203 1953 τοῖς
1243 1889 1689 1960 θεοφορουμένοις
1752 1892 1846 1944 καὶ

256 1974 438 2041 ἁγίοις
486 1975 713 2047 ἀνδράσι
763 1977 826 2032 τὸ
852 1977 1092 2032 τοιοῦτον
1120 1979 1324 2050 ληπτὸν
1362 1982 1706 2053 νομισθῆναι.
1743 1983 1843 2036 Πί-

256 2082 376 2118 στει
401 2065 514 2136 γὰρ
550 2068 799 2140 νοοῦμεν,
848 2071 1010 2140 φησὶν
1043 2071 1121 2141 (2)
1157 2074 1187 2126 ὁ
1241 2072 1558 2138 Ἀπόστολος
1589 2075 1688 2146 (3),
1717 2091 1845 2128 κατ-

254 2155 518 2226 ηρτίσθαι
559 2158 685 2220 τοὺς
724 2157 926 2223 αίῶνας
975 2162 1180 2232 ῥήματι
1222 2161 1378 2227 Θεοῦ,
1416 2165 1496 2227 εἰς
1541 2163 1601 2217 τὸ
1634 2165 1708 2236 μὴ
1744 2168 1846 2236 έμ-

255 2245 610 2314 φαινομένων
643 2245 717 2316 (ι)
746 2246 814 2299 τὰ
843 2245 1097 2317 ὁρώμενα
1129 2248 1206 2318 (5)
1249 2250 1554 2318 γεγονέναι·
1602 2252 1702 2304 οὑκ
1753 2251 1841 2315 ἂν,

259 2333 340 2396 ὡς
361 2333 551 2404 οίομαι
571 2334 674 2404 (6),
718 2333 874 2388 τοῦτο
898 2334 1066 2389 είπὼν
1096 2336 1195 2408 (7),
1225 2337 1382 2410 είπερ
1413 2337 1551 2409 ᾤετο
1580 2341 1840 2409 γνωστὸν,

253 2423 397 2478 εἶναι
447 2426 540 2479 διὰ
571 2426 680 2479 τῶν
735 2425 1010 2498 λογισμῶν
1055 2428 1116 2481 τὸ
1159 2427 1508 2500 ζητούμενον.
1573 2432 1714 2486 Ἀλλ’
1758 2433 1842 2486 ὅτι

256 2517 358 2585 μὲν
388 2516 659 2587 θελήματι
693 2505 823 2588 θείῳ
847 2519 1205 2589 κατήρτισται
1231 2521 1392 2583 αὐτός
1420 2538 1480 2575 τε
1503 2523 1532 2575 ὁ
1564 2522 1718 2588 αίὼν,
1747 2524 1842 2577 καὶ

256 2607 438 2660 πάντα
482 2608 585 2661 ὅσα
614 2610 673 2661 ὲν
703 2609 852 2680 αὑτῷ
896 2611 1186 2681 γεγένηται
1223 2613 1508 2681 (ὁστισοῦν
1548 2613 1615 2668 ἂν
1649 2617 1730 2685 εῐη
1762 2615 1840 2688 (8)

251 2691 410 2762 οὗτος
449 2700 480 2751 ὁ
525 2698 683 2764 αἰὼν,
721 2693 766 2768 ᾧ
809 2701 1246 2773 παραθεωρείται
1276 2704 1424 2757 πᾶσα
1453 2705 1623 2775 ὁρατή
1657 2723 1716 2758 τε
1748 2707 1840 2759 καὶ

253 2789 490 2860 ἀόρατος
515 2790 728 2860 κτίσις)
745 2831 761 2852 ,
787 2791 947 2845 τοῦτο
974 2793 1397 2847 πεπιστευκέναι
1418 2796 1581 2865 φησὶν
1607 2797 1636 2848 ὁ
1682 2796 1840 2848 Ἀπό-

254 2877 463 2941 στολος,
515 2879 576 2932 τὸ
606 2879 664 2932 δὲ
709 2879 826 2944 πῶς
873 2881 1085 2951 ἀφῆκεν
1124 2882 1519 2954 ἀδιερεύνητον.
1559 2884 1694 2938 Οὐδὲ
1732 2885 1838 2956 γὰρ

252 2969 475 3039 ἐφικτὸν
525 2969 586 3023 τὸ
621 2971 859 3027 τοιοῦτον
901 2968 1056 3043 οἴμαι
1103 2975 1216 3037 τοῖς
1266 2974 1623 3046 ἀναζητοῦσιν
1676 2971 1834 3040 εῖναι,

1948 1797 2130 1866 pedita
2181 1806 2348 1860 sunt,
2400 1812 2636 1866 quorum
2691 1797 3098 1865 perceptionem
3152 1811 3249 1865 per
3295 1810 3519 1851 sensum

1948 1889 2328 1958 adipiscimur,
2384 1889 2500 1942 ﬁeri
2555 1889 2766 1957 possit,
2817 1895 2878 1940 ut
2929 1888 3069 1940 ratio
3121 1887 3420 1941 scrutati-ix
3473 1893 3528 1939 et

1945 1980 2303 2051 inquisitrix,
2345 1979 2620 2048 quomodo
2661 1980 2715 2033 id
2756 1979 2904 2047 quod
2943 1989 3206 2047 apparet,
3251 1979 3304 2031 in
3341 1992 3525 2031 rerum

1944 2082 2194 2126 naturam
2247 2073 2575 2141 productum
2615 2070 2721 2135 sit,
2761 2071 3164 2124 animadvertat
3217 2076 3382 2138 atque
3432 2084 3526 2122 co-

1943 2171 2208 2233 gnoscat,
2240 2164 2379 2218 adeo
2411 2171 2471 2218 ut
2517 2179 2620 2218 nec
2664 2163 2864 2232 spiritu
2915 2162 3136 2231 quidem
3191 2177 3255 2214 ac
3302 2161 3526 2214 numine

1944 2253 2132 2308 divino
2162 2254 2338 2324 raptis
2371 2264 2425 2309 et
2457 2253 2654 2309 amatis
2687 2253 3006 2323 sanctisque
3033 2253 3164 2307 viris
3195 2253 3247 2306 id
3276 2267 3525 2320 compre-

1943 2343 2215 2400 hensibile
2248 2360 2372 2400 esse
2407 2344 2774 2398 existimetur.
2805 2341 2938 2398 Fide
2975 2344 3124 2397 enim
3166 2342 3524 2412 intelligimus

1942 2435 2250 2504 composita
2281 2449 2345 2516 ac
2374 2433 2615 2504 perlecta
2645 2449 2770 2490 esse
2796 2434 2996 2488 saecula
3043 2433 3212 2486 verbo
3268 2432 3397 2495 Dei,
3438 2433 3524 2485 in-

1942 2525 2060 2594 quit
2082 2525 2400 2594 Apostolus,
2427 2534 2484 2578 ut
2509 2541 2577 2579 ex
2605 2539 2716 2578 non
2741 2523 3131 2593 apparentibus
3162 2537 3223 2576 ea
3250 2536 3368 2590 qua!
3397 2537 3523 2576 con-

1943 2611 2258 2680 Spiciuntur
2296 2621 2460 2683 atque
2501 2619 2828 2674 cernuntur,
2871 2611 3014 2664 facta
3051 2626 3174 2666 esse
3211 2611 3524 2680 intelligan-

1943 2712 2052 2757 tur.
2087 2703 2240 2767 Non,
2274 2714 2334 2758 ut
2365 2703 2583 2772 opinor,
2621 2703 2725 2756 hoc
2753 2702 3036 2767 dicturus,
3072 2702 3119 2755 si
3162 2702 3382 2771 quidem
3424 2717 3523 2770 per

1942 2795 2397 2850 ratiocinationes
2419 2835 2433 2860 ,
2470 2795 2523 2849 id
2561 2793 2708 2864 quod
2739 2794 3027 2865 quaeritur,
3063 2793 3324 2864 cognosci
3359 2809 3524 2862 posse

1940 2894 2179 2956 putaret.
2223 2885 2329 2940 Sed
2373 2885 2520 2956 quod
2561 2887 2844 2941 voluntate
2883 2885 3105 2956 quidem
3149 2886 3370 2951 divina,
3406 2893 3521 2940 tum

1947 2977 2124 3046 ipsum
2159 2977 2416 3032 saaculum
2435 3016 2450 3040 ,
2483 2984 2594 3030 tum
2623 2977 2808 3031 omnia
2832 2991 2953 3045 quae
2977 2992 3042 3032 ex
3069 2975 3162 3030 illo
3193 2975 3333 3030 facta
3359 2986 3518 3040 sunt,

253 3059 452 3124 πολλὰς
494 3061 809 3132 ἀμηχανίας
837 3062 932 3116 τοῦ
961 3065 1089 3134 περὶ
1131 3063 1336 3118 τούτων
1365 3065 1679 3136 ζητήματος
1704 3067 1838 3138 ἡμῖν

1947 3067 2248 3137 composita
2294 3075 2461 3137 atque
2509 3067 2753 3136 perfecta
2805 3066 2914 3122 sint
2967 3065 3376 3137 (quodcunque
3410 3075 3524 3120 tan-

255 3152 696 3221 προδεικνύντος,
735 3154 856 3219 πῶς
890 3157 956 3209 ὲκ
1000 3156 1100 3227 τῆς
1133 3155 1377 3227 ἑστώσης
1423 3156 1638 3226 φύσεως
1664 3158 1723 3211 τὸ
1756 3175 1840 3210 κι-

250 3245 512 3315 νούμενον
539 3248 606 3299 ὲκ
636 3246 736 3316 τῆς
765 3247 942 3318 ἁπλῆς
969 3265 1028 3301 τε
1055 3249 1150 3301 καὶ
1178 3247 1499 3302 ἀδιαστάτου
1533 3249 1593 3302 τὸ
1622 3250 1842 3318 διαστη-

253 3338 483 3407 ματικόν
527 3357 589 3392 τε
642 3340 737 3393 καὶ
793 3339 1082 3406 σύνθετον;
1137 3341 1279 3413 ’Ᾱρα
1311 3341 1385 3412 (9)
1420 3341 1480 3406 ἐξ
1519 3342 1690 3410 αὐτῆς
1743 3341 1841 3412 τῆς

251 3429 662 3502 ὑπερκειμένης
689 3431 910 3497 οὐσίας;
954 3432 1094 3485 Ἀλλ’
1135 3432 1233 3503 οὑχ
1261 3431 1523 3503 ὁμολογεῖ.
1557 3432 1619 3485 τὸ
1653 3433 1838 3504 ἑτερο-

248 3523 406 3589 γενὲς
427 3523 546 3593 (10)
572 3522 718 3593 ἔχειν
739 3523 877 3596 πρὸς
911 3523 1127 3595 ἐκείνην
1147 3521 1214 3576 τὰ
1243 3521 1392 3589 ὄντα,
1426 3521 1542 3576 ἀλλ’
1576 3519 1840 3593 ἑτέρωθεν

250 3614 415 3667 πόθεν
439 3614 577 3685 (11).
614 3613 722 3667 Καὶ
760 3613 866 3686 μὴν
899 3614 1052 3669 οὐδὲν
1087 3613 1285 3680 ἔξωθεν
1309 3614 1410 3686 τῆς
1444 3613 1592 3676 θείας
1627 3613 1840 3682 φύσεως

247 3706 463 3774 ὁλόγος
515 3706 724 3777 βλέπει.
772 3701 849 3761 Ἦ
892 3707 1002 3778 γὰρ
1042 3706 1108 3761 ἂν
1152 3707 1488 3779 διασχισθείη
1539 3707 1676 3779 πρὸς
1723 3705 1838 3760 δια-

249 3800 450 3870 φόρους
484 3799 664 3870 ἀρχάς
689 3802 724 3870 ἡ
747 3799 1034 3871 ὑπόληψις,
1069 3799 1124 3852 εῐ
1145 3817 1196 3853 τι
1222 3800 1322 3871 τῆς
1349 3800 1639 3871 ποιητικῆς
1659 3799 1839 3863 αἰτίας

248 3889 352 3957 ἔξω
391 3892 703 3963 νομισθείη,
755 3893 886 3964 παρ’
925 3887 1042 3963 οῦή
1076 3891 1298 3963 τεχνικὴ
1342 3891 1524 3961 σοφία,
1563 3891 1664 3955 τὰς
1701 3890 1839 3962 πρὸς

247 3982 345 4052 τὴν
370 3984 551 4036 κτίσιν
586 3983 944 4056 παρασκευὰς
975 3983 1305 4053 ἐρανίζεται.
1353 3983 1506 4035 Ἐπεὶ
1531 3979 1624 4036 οῦν
1653 3982 1711 4036 ἒν
1741 3983 1838 4053 μὲν

246 4074 356 4125 τῶν
397 4074 568 4127 ὄντων
609 4074 672 4126 τὸ
710 4073 902 4140 αίτιον,
949 4074 1049 4145 οὑχ
1087 4073 1324 4145 ὁμογενῆ
1365 4073 1424 4127 δὲ
1455 4076 1522 4145 τῇ
1579 4074 1838 4145 ὑπερκει-

252 4165 388 4238 μένῃ
417 4164 579 4233 φύσει
611 4164 681 4218 τὰ
725 4165 791 4218 δι’
833 4164 1048 4235 ἐκείνης
1097 4163 1445 4235 παραχθέντα
1472 4165 1553 4229 είς
1583 4165 1797 4234 γένεσιν
1818 4182 1833 4196 ⁸

249 4256 336 4325 ἴση
383 4256 442 4309 δὲ
485 4255 614 4310 καθ’
647 4257 906 4327 ἑκάτερον
942 4256 1055 4328 (12)
1101 4257 1159 4310 ὲν
1203 4259 1316 4320 τοῖς
1356 4258 1770 4330 ὑπονοουμένοις
1802 4260 1836 4330 ἡ

1943 3156 2066 3212 dem
2095 3158 2260 3213 etiam
2296 3159 2558 3214 saeculum
2597 3170 2716 3224 est,
2749 3175 2874 3215 cum
2909 3175 3020 3231 quo
3050 3175 3160 3214 una
3191 3160 3522 3230 intelligitur

1941 3248 2123 3305 omnis
2161 3257 2216 3304 et
2255 3249 2494 3305 visibilis
2535 3259 2589 3305 et
2629 3251 2928 3307 invisibilis
2961 3252 3294 3320 creatura),
3327 3252 3432 3306 hoc
3463 3268 3523 3306 se

1940 3341 2164 3396 credere
2192 3339 2333 3396 dicit
2365 3341 2666 3412 Apostolus
2688 3383 2704 3408 ,
2755 3345 2848 3399 sed
2893 3345 3174 3415 quomodo
3216 3345 3520 3414 composita

1940 3439 2104 3502 atque
2134 3433 2380 3502 perfecta
2409 3433 2543 3500 sint,
2567 3435 2808 3489 scrutari
2834 3445 2997 3506 atque
3022 3436 3358 3506 investigare
3385 3452 3523 3505 prte-

1938 3525 2199 3580 termisit.
2235 3525 2427 3596 Neque
2458 3527 2608 3582 enim
2643 3528 2884 3582 arbitror
2919 3527 2972 3580 id
3006 3543 3338 3598 quemquam
3372 3529 3522 3583 inve-

1938 3613 2199 3684 stigando
2237 3615 2458 3686 assequi
2491 3622 2657 3685 atque
2683 3615 3150 3686 comprehendere
3183 3631 3364 3684 posse,
3393 3631 3518 3669 eum

1941 3705 2148 3760 multas
2196 3705 2361 3761 nobis
2413 3705 2648 3775 quaestio
2697 3705 2766 3761 de
2818 3706 2907 3762 his
2937 3706 3102 3762 rebus
3135 3708 3308 3777 prima
3343 3708 3522 3762 fronte

1939 3798 2288 3856 diﬁicultates
2337 3815 2400 3856 ac
2444 3799 2833 3870 perplexitates
2867 3799 3166 3856 ostendat:
3201 3815 3311 3869 quo
3357 3813 3519 3870 pacto

1937 3908 2003 3948 ex
2036 3889 2373 3949 consistente
2412 3908 2477 3948 ac
2519 3893 2706 3948 stabili
2753 3901 2952 3948 natura
2985 3891 3038 3947 id
3066 3892 3210 3962 quod
3243 3901 3516 3953 movetur,

1938 3984 2250 4039 exstiterit?
2271 3983 2405 4038 ltem
2431 3999 2497 4038 ex
2524 3983 2760 4053 simplici
2789 3984 3003 4053 pariter
3036 3984 3086 4038 id
3127 3984 3270 4053 quod
3307 3983 3520 4037 dimen-

1938 4071 2192 4127 siouibus
2232 4072 2648 4142 intervallisque
2696 4073 2997 4126 obnoxium
3046 4079 3101 4125 et
3149 4074 3515 4141 compositum

1937 4164 2066 4218 est?
2119 4162 2379 4233 Nunquid
2425 4179 2489 4218 ex
2534 4164 2650 4233 ipsa
2697 4178 2954 4234 suprema
2999 4164 3350 4217 natura?gAt
3407 4179 3518 4217 non

1938 4254 2264 4310 conceditur
2296 4270 2476 4325 neque
2504 4263 2760 4319 constat,
2793 4262 3081 4324 propterea
3126 4252 3271 4323 quod
3315 4253 3514 4306 diversi

249 4347 472 4413 ἀτοπία,
522 4347 582 4400 τό
614 4364 674 4400 τε
707 4348 772 4400 ὲκ
803 4347 904 4417 τῆς
945 4349 1162 4418 φύσεως
1209 4348 1302 4403 τοῦ
1347 4349 1480 4403 Θεοῦ
1515 4351 1612 4420 τὴν
1656 4351 1834 4404 κτίσιν

1941 4345 2158 4418 generis
2198 4346 2267 4400 ab
2315 4346 2409 4400 illa
2441 4360 2531 4400 res
2585 4353 2796 4399 caetera:
2840 4344 2986 4410 sint,
3033 4357 3101 4396 an
3153 4341 3371 4396 aliunde
3417 4342 3517 4393 ali-

249 4437 476 4502 οίεσθαι,
510 4437 604 4490 καὶ
637 4437 696 4490 τὺ
725 4437 784 4504 ἑξ
811 4415 1006 4508 ἑτέρας
1034 4439 1182 4503 τινὸς
1214 4439 1401 4502 οὐσίας
1427 4415 1725 4510 ὑποστῆναι
1764 4439 1832 4493 τὰ

1941 4415 2133 4491 cunde.
2185 4437 2349 4506 Atqui
2403 4437 2540 4491 nihil
2594 4444 2750 4492 extra
2801 4434 3044 4490 divinam
3097 4443 3346 4486 naturam
3379 4432 3517 4484 ratio

249 4530 428 4584 πάντα
447 4547 462 4561 ο
511 4529 546 4601 ἦ
594 4528 703 4603 γὰρ
741 4528 837 4583 καὶ
861 4529 972 4600 (15)
999 4530 1062 4583 τὸ
1087 4529 1238 4584 Θεῖον
1266 4533 1324 4584 ἐν
1349 4532 1461 4594 τοῖς
1483 4531 1584 4602 τῆς
1604 4531 1836 4594 κτίσεως

1941 4528 2132 4583 cernit.
2169 4525 2305 4581 Nam
2341 4529 2518 4584 scissa
2558 4527 2820 4582 nimirum
2855 4541 2920 4581 ac
2949 4525 3128 4580 divisa
3159 4531 3306 4579 esset
3329 4522 3515 4590 opinio

255 4619 542 4691 ίδιώμασιν
581 4613 720 4672 εἶναι
751 4618 1201 4690 ὑπονοηθήσεται,
1237 4620 1394 4691 εἰπερ
1421 4619 1696 4689 ὁμογενῶς
1721 4619 1834 4688 (14)

1941 4620 1986 4672 in
2013 4617 2283 4688 principia
2313 4618 2561 4682 diversa,
2595 4617 2642 4673 si
2670 4617 2804 4687 quid
2829 4624 2986 4670 extra
3015 4627 3240 4669 causam
3268 4609 3514 4665 eﬂectri-

257 4709 386 4779 πρὸς
422 4709 516 4761 τὸν
559 4708 695 4761 Θεὸν
739 4706 852 4779 ἔχοι
882 4707 994 4779 (15)
1023 4708 1092 4762 τὰ
1123 4709 1409 4778 γεγονότα·
1456 4709 1492 4780 ἡ
1540 4726 1624 4773 τις
1670 4709 1829 4780 ὑλικὴ

1941 4724 2053 4764 cem
2085 4723 2208 4763 esse
2233 4708 2650 4764 existimaretur
2670 4745 2686 4772 ,
2716 4723 2747 4762 a
2782 4721 2890 4776 quo
2915 4704 3217 4759 artiﬁciosa
3245 4698 3511 4770 sapientia

254 4798 413 4867 ςύσις
456 4797 564 4865 ἔξω
588 4797 690 4868 τῆς
723 4797 874 4862 θείας
904 4796 1092 4863 οὐσίας
1120 4796 1580 4870 ἀντεξαχθήσεται
1613 4798 1725 4872 (16)
1755 4799 1833 4872 τῷ

1941 4807 2237 4872 apparatus
2289 4801 2360 4856 ad
2411 4799 2715 4857 creandum
2771 4805 3016 4879 sumeret
3065 4803 3120 4851 et
3171 4797 3512 4862 corrogaret.

323 4997 435 5134 (96)
473 4999 883 5054 Βιοτεύουσαν
927 5000 1154 5053 σκότει.
1189 5000 1258 5067 Δ,
1304 4998 1348 5051 Β
1385 4997 1522 5070 βιοτ.
1566 4999 1742 5070 σκότῳ
1775 4999 1832 5070 ἧ.
1943 5018 2074 5054 ποτε
2104 5002 2198 5056 καὶ
2227 5001 2394 5055 ἔστιν.

323 5070 411 5134 (97
474 5069 587 5123 Καὶ
617 5071 704 5122 τό.
730 5070 776 5121 Α
806 5067 839 5134 ἢ
880 5069 974 5122 καὶ
1008 5069 1088 5122 τό.
2011 5071 2089 5134 (9)
2132 5073 2293 5134 Ἄρα.
2334 5072 2379 5124 Δ

474 5069 587 5146 Ῑξίξι
617 5071 704 5146 τός
730 5070 776 5121 Α
806 5067 857 5146 ‘1)
880 5069 974 5122 καὶ
1003 5069 1088 5146 ςερ,
1242 5063 1252 5067 '
1385 5063 1398 5070 '
1712 5063 1724 5070 -
1797 5063 1809 5070 -

2011 5071 2095 5146 (9)
2132 5073 2293 5146 Ἄρα.
2334 5069 2460 5125 Ain
2491 5069 2738 5146 margine
2768 5063 2898 5140 ἄρα.
2940 5133 2952 5146 δ
3074 5135 3088 5146 _
3164 5131 3182 5146 ‘
3288 5130 3311 5146 _
3475 5131 3503 5145 -

325 5130 436 5211 (98)
475 5139 786 5193 Γίνεσθαι.
819 5130 1165 5211 Βᾷγενέσθαι.

2011 5130 2125 5211 (10)
2174 5130 2564 5211 Ἑτεροτενές.
2601 5130 2643 5193 Ᾰ
2685 5139 2741 5195 in
2780 5130 3026 5206 margine
3064 5130 3399 5205 ὁμολογεῖται
3434 5131 3514 5203 τῷ

348 5208 437 5281 99)
475 5209 910 5281 Ιῖινομρνην.-Β
945 5210 1258 5281 γενομένην.
1938 5208 2266 5281 ἑτερογενῶς
2293 5208 2454 5281 ἔχειν.

351 5228 437 5332 ἵν)
475 5228 910 5290 gramm-rs
945 5228 1258 5280 γενομενην.
1938 5228 2266 5354 ετεροιςενως
2293 5228 2454 5281 εχειν.

351 5279 402 5354 ,)
438 5277 692 5354 ἕως-τά·
724 5278 770 5333 Α
794 5278 1055 5354 πωςῂεόο,
1127 5348 1165 5354 _
1317 5348 1329 5354 _
1494 5345 1521 5354 _
2008 5281 2095 5354 (1
2179 5282 2492 5354 ἓτέρωθεν
2523 5281 2728 5354 πόθεν.
2760 5276 2802 5329 Β
2839 5273 3100 5354 ὲτέρωθέν
3139 5271 3321 5354 ποθεν.
3425 5340 3437 5352 ⁸

440 5349 734 5419 Νοοῦμεν,
779 5349 995 5419 φησιν·ζ
1029 5350 1092 5419 ᾼ,
1127 5348 1170 5399 Β
1203 5348 1362 5419 φησὶ,
1401 5345 1647 5418 νοοῦμεν.

2010 5345 2124 5419 (12)
2177 5345 2506 5419 Ἑκάτερον.
2549 5353 2596 5403 Α
2633 5351 2688 5404 in
2724 5354 2873 5402 textu
2920 5345 3124 5416 ἕτερον,
3170 5345 3225 5397 in
3268 5345 3514 5414 margine

559 5416 1344 5494 ’Ᾰπόστσλοςκῐλειθριᾉίῆ
1441 5487 1453 5494 _
1533 5416 1542 5418 “

1941 5416 2216 5494 ὲκάῖξρονο

349 5487 402 5558 4)
454 5487 958 5558 Ἑμφαινομένων.
987 5489 1053 5552 Α,
1159 5487 1583 5558 ἐκφαινομένων.

351 5505 402 5553 ε)
459 5505 958 5568 ἰςμφαινομενῳη
987 5505 1053 5552 Α,
1087 5505 1129 5568 ιξ
1159 5505 1222 5540 εκ
1267 5505 1554 5558 αινομενωι

351 5556 407 5628 5)
457 5557 770 5628 Ὀρώμεγα.
805 5558 928 5611 Am
956 5572 1200 5628 margine
1227 5505 1554 5626 glandium.

350 5623 406 5698 6)
441 5623 671 5698 Οιὸμᾶι.
702 5629 758 5698 ΔΑ
791 5629 844 5698 i_n
877 5623 1122 5698 margine
1141 5623 1292 5696 οἶμαι
1322 5623 1488 5682 τοῦτ’.

352 5685 404 5768 7)
441 5685 664 5752 Είδὲὡν.
701 5692 943 5767 Βοῐμαι.
1118 5766 1125 5768 Α
1186 5685 1209 5768 γ’
1284 5766 1294 5768 Α
1536 5767 1539 5768 ν
1939 5706 1945 5713 ’
2009 5685 2121 5768 (16)
2172 5685 2798 5768 Ἆίῖτεξαχόῆσεται.Α
2832 5698 2889 5751 in
2920 5705 3067 5752 textu
3089 5685 3508 5760 ἀντεισαχθήσερ-

352 5703 383 5749 7
441 5703 664 5752 Εἰπὼν.
702 5703 744 5748 Β
768 5703 943 5767 οἶμαι.

349 5703 405 5836 8)
443 5769 626 5835 Ὅσα,
660 5777 768 5824 etc.
800 5771 864 5834 A,
900 5768 940 5820 Β
969 5767 1038 5822 τὰ
1080 5766 1138 5823 ιε
1179 5766 1388 5823 ἐκείνου
1423 5767 1684 5841 γενόμενα
1718 5770 1744 5824 ὅ
1781 5769 1827 5823 τί

1941 5706 1945 5713 ·
2009 5703 2121 5770 (16)
2172 5703 2719 5768 Ἀντεξαχθήσεται.
2754 5703 2798 5750 Α
2832 5703 2889 5751 in
2920 5705 2965 5751 te

1941 5785 2049 5839 ται,
2086 5769 2142 5824 in
2165 5769 2410 5843 margine
2432 5767 2965 5838 ἀντεξετασθήσεται.

2035 5485 2122 5561 15)
2163 5493 2235 5545 Ἣ
2262 5488 2372 5559 γὰρ
2548 5489 2592 5541 Α
2630 5485 2798 5611 Ἕγάρ
2832 5485 3040 5568 ἂνηκαί.

2035 5559 2124 5611 Mt
2172 5560 2519 5611 Ὀιιονενωρ.
2560 5558 2606 5610 Α
2680 5573 2992 5611 αοιογενως.

2034 5558 2124 5630 id)
2172 5558 2519 5630 'Oporsrég.
2560 5558 2606 5610 Α
2645 5558 2992 5630 ὁμοιογενῶς.

2033 5629 2120 5696 15)
2164 5627 2347 5698 Ἔχοι.
2377 5629 2418 5680 Β
2446 5627 2581 5698 ἔχει.

2007 5491 2029 5770 ἐ
