3950 6132
408 376 513 431 125
1601 374 1659 431 S.
1695 373 2002 432 GREGORI

2111 373 2350 431 YSSENI
3547 359 3649 423 12‘

404 493 673 560 Quoniam
726 493 891 566 igitur
936 508 1042 549 una
1093 493 1316 565 quidem
1366 509 1547 549 rerum
1581 495 2003 566 universarum‘

2106 493 2188 564 νεῷ
2215 492 2356 548 κατὰ
2387 493 2446 546 τὸ
2475 494 2769 562 ἀγέννητον
2806 490 2918 561 (l7)
2952 495 3015 563 τῇ
3052 491 3312 560 ἀῖδιότητι
3362 487 3465 542 τοῦ
3498 486 3650 567 ὄντος

404 601 573 641 causa
600 593 684 639 est
702 625 715 647 ,
747 600 847 640 nec
873 584 1119 654 ejusdem
1144 600 1265 640 cum
1293 600 1551 656 suprema
1578 593 1777 640 natura
1802 600 1967 655 gene-

2106 558 2444 657 ταρισουμένη
2467 601 2480 614 ·
2514 558 2742 655 ὅπερ-δὴ
2773 558 2870 637 καὶ
2899 558 3190 653 Μανιχαῖοι
3225 558 3659 651 φοιντιισθέντες,ὶ

404 678 484 732 ris
514 684 641 730 sunt
667 691 731 731 ea
759 690 878 746 quae
909 692 1005 747 per
1034 677 1180 731 illam
1215 687 1499 747 procreata
1533 685 1665 733 sunt
1691 695 1706 733 :
1742 691 1842 747 par
1882 678 1969 731 ni-

2106 676 2165 729 αί
2194 692 2337 738 τινες
2365 677 2464 745 τῆς
2508 673 2832 744 Ἑλληνικῆς
2862 674 3179 743 φιλοσοφίας
3209 671 3321 743 (18)
3353 672 3473 733 ταῖς
3510 668 3651 729 ίσαις

407 767 607 820 mirum
663 767 953 838 utriusque
1005 768 1284 839 opinionis
1324 769 1637 826 absurditas
1680 776 1803 831 est,
1855 767 1972 824 sive

2110 765 2351 828 πονοίαις
2393 764 2830 834 συνενεχθέντες,
2862 764 3038 835 δόγμα
3064 763 3163 835 τὴν
3188 761 3490 831 φαντασίαν
3517 757 3652 811 ταύ-

404 856 532 925 quis
569 864 718 923 putet
748 872 811 911 ex
847 863 1041 911 natura
1079 855 1173 912 Dei
1208 867 1549 921 creaturam,
1589 857 1705 912 sive
1742 869 1808 911 ex
1861 854 1973 909 alia

2106 874 2177 928 ην
2209 856 2553 927 πεποίηνται.

406 949 660 1020 quapiam
716 950 958 1005 essentia
1005 965 1092 1005 res
1137 957 1367 1005 cunctas
1402 950 1456 1004 in
1496 964 1679 1005 rerum
1724 955 1975 1002 naturam
2015 950 2316 1019 productas
2354 965 2479 1006 esse
2516 968 2531 1005 :
2563 959 2660 1004 aut
2689 966 2837 1006 enim
2866 961 3081 1006 numen
3135 963 3357 1019 quoque
3406 946 3651 1001 divinum

407 1038 832 1107 proprietatibus
859 1048 1072 1093 naturaa
1106 1039 1391 1110 prmditum
1434 1055 1560 1095 esse
1600 1036 2029 1105 existimabitur,
2069 1040 2340 1111 siquidem
2384 1039 2631 1111 ejusdem
2664 1055 2791 1098 cum
2826 1041 2937 1096 Deo
2970 1042 3190 1112 generis
3253 1047 3382 1095 sunt
3409 1052 3476 1093 ea
3532 1052 3654 1106 qua:

408 1131 550 1185 facta
592 1139 757 1201 atque
792 1141 973 1187 creata
1017 1142 1191 1189 sunt:
1225 1140 1317 1197 aut
1347 1133 1532 1203 aliqua
1565 1139 1766 1187 natura
1800 1133 2100 1189 materialis
2131 1142 2287 1190 extra
2316 1133 2559 1189 divinam
2624 1136 2923 1190 essentiam
2991 1134 3259 1189 adversus
3329 1131 3495 1187 Deum
3564 1133 3652 1187 in-

406 1221 752 1285 troducetur,
788 1227 995 1276 etcum
1031 1237 1099 1277 eo
1140 1223 1575 1292 comparabitur,
1605 1236 1728 1291 qum
1767 1221 1982 1278 ratione
2021 1238 2131 1278 non
2195 1223 2393 1295 genitae
2459 1224 2846 1295 proprietatis,
2893 1238 3017 1279 cum
3064 1222 3495 1291 sempiternitate
3531 1221 3653 1289 ejus

407 1312 638 1380 quiest,
689 1311 1045 1381 adaequetur:
1093 1312 1241 1383 quod
1289 1314 1549 1368 nimirum
1594 1313 1759 1368 etiam
1795 1311 2086 1370 Manichaei
2116 1316 2515 1387 imaginati,et
2566 1315 2816 1371 nonnulli
2878 1330 2945 1370 ex
3008 1313 3324 1369 Grmcaniea
3388 1313 3652 1382 sapientia

411 1403 619 1458 eisdem
663 1402 1018 1474 opinionibus
1066 1406 1317 1472 assensi,
1361 1421 1460 1476 pro
1499 1413 1650 1462 certa
1692 1406 1985 1477 stabilique
2017 1410 2293 1466 sententia
2328 1411 2470 1468 hanc
2494 1409 2942 1481 imaginationem
2974 1407 3307 1463 habuerunt.

480 1537 553 1594 Ut
581 1553 713 1609 ergo
739 1539 971 1593 maxime
995 1538 1320 1609 eﬂ‘ugiamns
1341 1547 1395 1593 et
1421 1538 1691 1593 evitemus
1713 1552 1834 1592 eam
1861 1553 1984 1607 quae

2169 1544 2256 1607 Ὠς
2288 1542 2355 1598 ἂν
2406 1543 2638 1613 μάλιστα
2685 1539 2779 1597 οὖν
2830 1542 3163 1613 ἐκφύγοιμεν
3193 1542 3292 1613 τὴν
3323 1541 3418 1609 ἀφ’
3454 1542 3653 1594 ἑκατέ-

410 1647 475 1687 ex
497 1639 730 1700 utraque
751 1639 906 1699 parte
931 1630 1148 1686 exsistit
1170 1630 1566 1685 absurditatem
1591 1628 1645 1682 in
1670 1629 1981 1698 quaestione

2106 1651 2181 1687 »ου
2214 1634 2324 1705 (19)
2353 1634 2580 1689 ἀτοπίαν
2608 1636 2666 1687 ἐν
2691 1637 2757 1705 τῇ
2790 1634 3013 1704 ζητήσει
3057 1634 3163 1687 τῶν
3188 1633 3379 1695 ὄντων,
3414 1633 3556 1685 κατά
3593 1632 3657 1685 τὸ

412 1726 480 1780 de
509 1725 672 1779 rebus
699 1722 996 1787 universis,
1023 1722 1269 1792 exemplo
1298 1720 1484 1786 Pauli,
1513 1721 1780 1775 rationem
1801 1758 1816 1785 ,
1842 1735 1973 1788 quo-

2106 1725 2171 1779 οὖ
2219 1726 2540 1779 Ἀποστόλου
2577 1725 2690 1796 (20)
2723 1725 3057 1794 ὑπόδειγμα,
3092 1722 3656 1792 ἀπολυπραγμόνητον

414 1813 577 1868 modo
612 1811 1041 1882 unumquodque
1075 1819 1320 1866 creatum
1357 1811 1462 1875 sit,
1493 1809 1783 1879 explorare
1819 1817 1985 1878 atque

2106 1815 2173 1869 :bv
2217 1815 2374 1884 λόγον
2421 1817 2511 1869 τὸν
2553 1816 2680 1886 περὶ
2712 1815 2826 1880 τοῦ,
2859 1814 2975 1878 πῶς
3014 1813 3242 1866 ἑκαστον
3283 1814 3450 1877 ἔστιν,
3490 1830 3658 1866 κατα-

415 1904 652 1961 scrutari
700 1904 1211 1973 praetermittamus,
1250 1910 1463 1956 tantum
1513 1900 1692 1955 obiter
1720 1899 1988 1953 duntaxat

2106 1906 2369 1976 είψομεν,
2431 1906 2683 1959 τοσοῦτον
2730 1903 3273 1975 παρασημαινόμενοι
3301 1903 3412 1973 (2|)
3474 1904 3654 1974 μόνον,

415 1994 756 2058 indicantes,
802 1993 948 2062 quod
993 2001 1175 2048 motus
1221 1993 1422 2047 divina:
1460 1990 1762 2047 voluntatis
1791 2007 1856 2045 ac
1885 1991 1986 2046 de-

2106 1997 2166 2051 ἱτι
2197 1999 2229 2067 ὴ
2259 1996 2401 2069 ὁρμὴ
2427 1996 2523 2066 τῆς
2558 1996 2706 2060 θείας
2733 1995 3122 2067 προαιρέσεως,
3152 1994 3281 2048 ὅταν
3317 1993 3490 2047 ὲοὲλει
3518 1994 3652 2066 (22),

416 2083 749 2146 stinationis,
776 2097 902 2137 cum
933 2082 1187 2146 voluerit,
1223 2097 1313 2138 res
1347 2081 1406 2136 ﬁt
1435 2090 1489 2136 et
1513 2081 1769 2136 voluntas
1796 2081 1863 2135 ad
1895 2096 1988 2135 es-

415 2175 647 2230 sentiam
674 2182 730 2229 et
753 2172 1005 2229 effectum
1034 2171 1321 2243 redigitur,
1352 2171 1605 2243 protinus
1633 2179 1830 2225 natura
1860 2184 1988 2226 eva-

417 2268 589 2330 dens,
624 2267 751 2335 quia
787 2266 1153 2337 quodcunque
1185 2264 1371 2320 divina
1419 2272 1662 2334 potestas
1714 2262 1991 2332 sapienter

419 2355 627 2424 pariter
648 2360 703 2409 et
726 2353 1022 2408 artiﬁciose
1043 2352 1299 2416 voluerit,
1318 2351 1374 2407 id
1398 2353 1731 2407 voluntatem
1754 2364 1950 2407 vanam
1970 2389 1987 2415 ,

420 2443 748 2499 inellicacem
777 2451 831 2498 et
859 2443 1066 2513 absque
1091 2442 1289 2499 eﬂ‘ectu
1321 2457 1447 2499 esse
1477 2458 1589 2497 non
1622 2441 1851 2513 patitur.
1883 2441 1992 2496 Vo-

421 2536 648 2591 luntatis
674 2542 853 2589 autem
886 2533 1208 2589 exsistentia
1238 2542 1400 2604 atque
1433 2534 1774 2597 substantia,
1803 2547 1993 2588 essen-

422 2626 499 2680 tia
529 2632 633 2681 est.
664 2624 801 2679 Cum
836 2632 1017 2679 autem
1048 2624 1303 2679 bifariam
1349 2624 1540 2680 divisae
1583 2623 1696 2679 sint
1742 2637 1832 2678 res
1874 2623 1995 2677 uni-

421 2730 627 2780 versae,
659 2723 774 2769 tum
811 2716 869 2769 in
902 2716 1273 2772 intellectuale
1297 2717 1477 2786 (quod
1503 2730 1626 2769 cum
1654 2723 1836 2769 mente
1872 2715 1993 2768 sola

425 2813 640 2861 constat
668 2812 724 2860 et
752 2805 1064 2874 intelligens
1106 2812 1228 2867 est,
1275 2813 1388 2858 tum
1434 2812 1618 2860 mente
1662 2804 1781 2859 sola
1829 2813 2013 2874 atque‘

429 2898 787 2967 intelligentia
818 2899 1063 2953 cernitur
1093 2906 1149 2953 et
1181 2898 1739 2970 comprehenditur),
1772 2907 1891 2954 tum
1939 2899 1995 2954 in

427 2988 743 3059 corporale,
792 2987 1245 3043 intellectualium
1294 2987 1515 3059 quidem
1570 2998 1826 3045 creatura
1883 3004 1994 3044 non

428 3079 643 3135 videtur
673 3080 858 3149 aliquo
886 3078 1048 3134 modo
1082 3078 1399 3149 discrepare
1427 3093 1491 3133 ac
1525 3078 1744 3136 diversa
1771 3094 1894 3136 esse
1924 3079 1992 3133 ab
2018 3060 2062 3119 ο

428 3171 738 3242 incorporei
764 3178 965 3226 natura
987 3210 1005 3235 ,
1039 3171 1133 3227 sed
1165 3185 1290 3227 esse
1315 3186 1384 3225 ex
1414 3171 1757 3241 propinquo,
1791 3171 1997 3243 quippe

430 3278 555 3317 cum
586 3261 665 3327 id,
688 3262 834 3332 quod
865 3262 1043 3317 visum
1075 3271 1130 3318 et
1154 3262 1807 3327 tactum,dimensionem
1834 3271 1999 3332 atque

431 3354 777 3409 intervallum
806 3352 1013 3424 elI'ugit,
1058 3353 1334 3408 ostendat.
1378 3353 1533 3419 Quod
1577 3354 1766 3424 utique
1804 3355 1851 3409 si
1876 3354 2000 3424 quis

430 3446 596 3500 etiam
628 3445 697 3501 de
729 3459 987 3515 suprema
1015 3451 1214 3499 natura
1250 3445 1586 3514 suspicetur,
1621 3461 1732 3501 non
1765 3446 1997 3502 errabit.

429 3534 605 3592 Porro
629 3551 755 3591 cum
785 3550 1050 3607 corporea
1080 3543 1336 3591 creatura
1365 3537 1511 3593 inter
1546 3552 1641 3593 eas
1686 3539 2001 3608 pr0prieta-

431 3638 514 3685 tes
544 3644 665 3699 qua:
693 3629 900 3683 nullam
924 3644 1047 3684 cum
1078 3628 1268 3685 divino
1296 3627 1532 3685 Numine
1561 3631 2002 3687 communionem

430 3720 670 3783 habent,
705 3727 988 3789 spectetur
1016 3729 1183 3789 atque
1215 3720 1596 3776 consideretur
1627 3762 1642 3786 ,
1685 3738 1860 3792 eaque
1905 3736 2004 3793 po-

434 3811 708 3865 tissimum
738 3825 990 3879 magnam
1024 3809 1174 3863 illam
1206 3810 1576 3866 diﬂicultatem
1622 3826 1689 3866 ac
1736 3814 2006 3883 perplexi-

435 3911 602 3958 tatem
627 3903 825 3958 rationi
854 3904 1168 3973 ingenerat,
1197 3918 1320 3972 quae
1345 3905 1484 3959 ratio
1513 3904 1821 3975 perspicere
1844 3912 2008 3975 atque

437 3993 871 4049 animadvertere
910 4009 1020 4047 non
1059 4000 1271 4064 potest,
1305 4009 1417 4064 quo
1447 4003 1608 4064 pacto
1644 4009 1710 4049 ex
1743 3995 2007 4051 invisibili

437 4082 716 4138 exstiterit
742 4083 795 4137 id
826 4082 970 4153 quod
996 4084 1259 4138 videtur?
1283 4100 1350 4139 ex
1376 4099 1443 4139 eo
1478 4084 1622 4154 quod
1654 4094 1858 4139 tactum
1883 4084 2011 4138 eﬂ'n-

439 4174 553 4244 git,
581 4173 817 4229 solidum
846 4186 1006 4245 atque
1028 4174 1223 4229 durum
1248 4193 1262 4240 ;
1289 4191 1355 4231 ex
1382 4176 1664 4230 indeﬁnito
1690 4175 2006 4237 deﬁnitum;

441 4283 506 4323 ex
538 4281 604 4322 eo
631 4267 776 4337 quod
823 4274 877 4320 et
917 4266 1240 4335 quantitatis
1282 4274 1337 4322 et
1380 4265 1773 4337 magnitudinis
1815 4280 2011 4334 expers

2086 2087 2316 2157 πρᾶγμα
2361 2086 2604 2154 γίνεται,
2659 2087 2752 2139 καὶ
2804 2086 3080 2139 ούσιοῦται
3132 2086 3194 2138 τὸ
3244 2084 3513 2156 βούλευμα
3540 2084 3654 2157 (25)

2087 2176 2246 2240 εὐθὺς
2292 2180 2325 2248 ἡ
2362 2176 2522 2246 φύσις
2573 2177 2685 2248 (24)
2732 2177 3042 2248 γινόμενον,
3094 2176 3197 2246 τῆς
3247 2177 3654 2246 παντοδυνάμου

2090 2265 2353 2332 ἐξουσίας,
2377 2268 2512 2339 ὅπερ
2540 2267 2605 2322 ἂν
2639 2268 2818 2338 σοφῶς
2842 2284 2901 2321 τε
2927 2269 3021 2321 καὶ
3039 2267 3301 2338 τεχνικῶς
3331 2267 3492 2340 ἐθέλῃ
3515 2268 3654 2335 (25),

2093 2356 2166 2426 μὴ
2194 2357 2559 2412 ἀνυπόστατον
2599 2360 2856 2431 ποιούσης
2883 2358 2943 2413 τὸ
2972 2357 3203 2430 θέλημα.
3245 2359 3309 2413 Ἡ
3344 2359 3400 2413 δὲ
3437 2357 3530 2413 τοῦ
3567 2360 3657 2414 οε-

2089 2445 2329 2516 λήματος
2370 2445 2601 2518 ὖπαρξις
2645 2448 2802 2503 ούσία
2858 2449 2996 2504 ἐστί.
3034 2448 3169 2519 Διχῆ
3218 2448 3276 2501 δὲ
3318 2447 3663 2519 διακρινομέο

2090 2547 2195 2584 νων
2224 2531 2334 2601 (26)
2362 2532 2470 2587 τῶν
2493 2532 2685 2602 ὄντων,
2712 2538 2793 2599 είς
2823 2534 2883 2589 τὸ
2909 2536 3092 2605 νοερόν
3118 2553 3176 2589 τε
3201 2535 3293 2589 κα)¹
3323 2537 3661 2606 σωματικόν⁸

2092 2625 2250 2696 ἠμὲν
2273 2625 2380 2681 τῶν
2416 2626 2617 2697 νοερῶν
2653 2626 2828 2691 κτίσις
2851 2629 2911 2681 οὐ
2954 2628 3102 2682 δοκεῖ
3141 2645 3258 2691 πως
3304 2627 3532 2699 ἀπᾴδειν
3563 2628 3664 2698 τῆς

2091 2716 2185 2769 τοῦ
2210 2717 2499 2786 ἀσωμάτου
2523 2718 2757 2788 φύσεως,
2789 2718 2903 2773 ἀλλ’
2937 2721 3000 2772 ἐκ
3020 2718 3115 2773 τοῦ
3145 2718 3409 2787 σύνεγγυς
3440 2713 3581 2771 εἶναι
3602 2718 3670 2771 τὸ

2095 2804 2270 2868 ἀειδές
2291 2821 2349 2858 τε
2379 2807 2474 2860 καὶ
2500 2808 2701 2875 ἀναφὲς
2722 2808 2815 2862 καὶ
2841 2807 3158 2863 ἀδιάστατον
3190 2806 3506 2861 δεικνύουσα
3526 2806 3666 2877 (27).

2096 2894 2274 2965 Ὅπερ
2298 2894 2362 2966 δὴ
2399 2896 2493 2950 καὶ
2520 2898 2649 2967 περὶ
2680 2897 2780 2969 τὴν
2819 2898 3217 2970 ὑπερκειμένην
3241 2897 3402 2967 φύσιν
3422 2896 3670 2951 ὑπονοῶν

2095 3002 2178 3049 τις
2203 2987 2303 3056 οὐχ
2332 2987 2724 3058 ἁμαρτήσεται.
2760 2990 2871 3060 Τῆς
2900 2990 2957 3043 δὲ
2999 2990 3311 3061 σωματικῆς
3347 2989 3580 3053 κτίσεως
3610 2990 3672 3043 ὲν

2094 3076 2473 3147 ἀκοινωνήτοις
2500 3078 2575 3143 ὡς
2595 3080 2731 3149 πρὸς
2752 3081 2812 3133 τὸ
2839 3080 2993 3134 Θεῖον
3021 3084 3133 3146 τοῖς
3163 3080 3415 3152 ίδιώμασι
3441 3080 3673 3150 θεωρου·

2098 3166 2297 3236 μένης·
2348 3166 2442 3221 καὶ
2488 3168 2696 3240 ταύτην
2726 3168 2839 3239 (28)
2886 3169 3120 3241 μάλιστα
3155 3170 3252 3241 τὴν
3288 3168 3488 3240 πολλὴν
3524 3169 3673 3240 dtu;-

2095 3258 2285 3329 χανίαν
2315 3260 2648 3330 ἐμποιούσης
2679 3261 2757 3330 τῷ
2784 3261 2946 3330 λόγῳ,
2980 3263 3054 3332 μὴ
3084 3262 3378 3332 δυναμένου
3411 3264 3670 3326 κατιδεῖν,

2098 3350 2216 3413 πῶς
2243 3352 2307 3403 ὲκ
2323 3349 2418 3404 τοῦ
2435 3351 2665 3423 ἀοράτου
2685 3351 3073 3422 τὸ³όρώμενον;
3109 3355 3174 3406 ὲκ
3206 3353 3301 3406 τοῦ
3340 3354 3585 3423 ἀναφοῦς
3608 3353 3673 3407 τδ

2101 3442 2325 3512 στερρὸν
2347 3444 2442 3495 καὶ
2462 3442 2772 3509 ἀντίτυπον,
2786 3444 2851 3496 ὲκ
2878 3443 2973 3497 τοῦ
2993 3445 3243 3515 ἀορίστου
3263 3445 3326 3498 τὺ
3342 3444 3672 3516 ὡρισμένον,

2099 3536 2165 3589 ὲκ
2183 3533 2273 3587 τοῦ
2289 3534 2491 3588 ἀπόσου
2513 3551 2572 3587 τε
2595 3535 2689 3588 καὶ
2707 3534 2976 3605 ἀμεγὲθου
2995 3535 3106 3607 (29)
3126 3536 3188 3590 τδ
3210 3538 3426 3601 πάντως
3455 3538 3675 3609 μέτροις

2098 3626 2209 3680 τισὶ
2241 3628 2353 3690 τοῖς
2381 3625 2490 3696 (50)
2517 3626 2656 3679 κατά
2683 3626 2744 3680 τὸ
2789 3626 2977 3681 ποσὸν.
2998 3626 3395 3698 θεωρουμένοις
3427 3644 3679 3699 περιειρ-

2101 3718 2361 3787 γόμενον;
2395 3718 2507 3772 Καὶ
2530 3717 2599 3771 τὰ
2628 3717 2746 3772 καθ’
2769 3718 2998 3773 ἕκαστον
3028 3719 3131 3773 ὅσα
3160 3719 3289 3790 περὶ
3310 3718 3409 3791 τὴν
3434 3735 3680 3789 σωματι-

2103 3808 2205 3877 κὴν
2230 3808 2703 3878 καταλαμϐάνεται
2727 3809 2909 3879 φύσιν,
2935 3809 3064 3882 περὶ
3087 3803 3163 3863 ὧν
3186 3808 3437 3863 τοσοῦτόν
3472 3826 3679 3880 φαμεν,

2104 3900 2186 3953 ὅτι
2214 3899 2365 3955 οὐδὲν
2391 3899 2477 3968 ἐφ’
2499 3900 2696 3954 ἑαυτοῦ
2732 3900 2840 3955 τῶν
2868 3901 2998 3971 περὶ
3019 3900 3082 3954 τὸ
3101 3899 3262 3969 σῶμα
3292 3899 3681 3970 θεωρουμένων

2107 3989 2268 4061 σῶμά
2291 3992 2459 4056 ἐστιν,
2482 3992 2544 4044 ού
2568 3991 2773 4061 σχῆμα,
2817 3989 2879 4043 οὐ
2903 3988 3100 4060 χρῶμα
3128 3988 3263 4058 (51),
3310 3988 3371 4040 οὐ
3394 3986 3583 4058 βάρος,
3613 3988 3680 4041 ού

2106 4081 2378 4153 διάστημα
2399 4123 2413 4146 ,
2471 4084 2533 4136 ού
2564 4083 2863 4154 πηλικότης
2897 4081 3031 4152 (52),
3081 4081 3182 4134 οὐκ
3217 4080 3345 4134 ἄλλο
3371 4098 3420 4134 τι
3454 4079 3563 4133 τῶν
3618 4080 3680 4131 ἐν

2108 4173 2353 4242 ποιότητι
2381 4174 2492 4244 (55)
2524 4173 2911 4245 Θεωρουμένων
2938 4171 3110 4237 οὐδὲν,
3153 4170 3289 4226 ἀλλά
3324 4170 3529 4224 τούτων
3548 4171 3686 4225 ἐκα-

2112 4280 2234 4317 στον
2266 4264 2377 4334 (51)
2407 4265 2561 4333 λόγος
2606 4266 2781 4319 ἐστίν·
2818 4267 2852 4335 ὴ
2885 4264 2941 4318 δὲ
2981 4263 3118 4335 πρὸς
3164 4262 3371 4333 ἄλληλα
3404 4261 3683 4332 συνδρομὴ

442 4364 557 4421 est,
606 4356 661 4409 id
709 4354 865 4424 quod
897 4355 1123 4408 omnino
1158 4355 1433 4411 mensuris
1468 4354 1797 4425 quibusdam
1822 4394 1836 4416 ,
1888 4369 2003 4424 quae

2110 4354 2312 4410 τούτων
2341 4357 2434 4410 καὶ
2461 4356 2655 4419 ἓνωσις
2691 4357 2849 4426 σῶμα
2881 4355 3109 4424 γίνεται.
3154 4352 3308 4406 Ἐπεὶ
3334 4350 3429 4406 οὖν
3457 4353 3513 4403 αἱ
3546 4368 3688 4422 συμ-

444 4462 542 4518 per
568 4447 926 4515 quantitatem
959 4446 1357 4515 intelliguntur,
1385 4447 1740 4501 continetur?
1769 4446 1832 4499 Et
1861 4462 2011 4516 qua:-

445 4552 663 4608 cunque
710 4538 817 4591 alia
847 4536 1164 4608 singulatim
1206 4539 1356 4592 circa
1389 4553 1709 4608 corpoream
1757 4547 2008 4592 naturam

447 4629 983 4699 comprehenduntur
1017 4628 1085 4684 de
1119 4627 1320 4698 quibus
1342 4635 1555 4684 tantum
1584 4629 1837 4693 dicimus,
1864 4630 2008 4700 quod

448 4721 587 4775 nihil
615 4735 802 4775 earum
831 4736 1013 4776 rerum
1034 4765 1050 4789 ,
1083 4738 1205 4794 quae
1232 4723 1381 4777 circa
1413 4736 1616 4791 corpus
1645 4723 2007 4777 considerau-

448 4823 558 4879 tur,
588 4824 686 4881 per
713 4825 834 4868 sese
869 4826 1072 4883 corpus
1108 4818 1229 4878 est,
1273 4827 1380 4866 non
1421 4811 1627 4882 ﬁgura,
1676 4827 1786 4867 non
1832 4812 2008 4878 color,

523 5029 632 5094 (17)
684 5029 1049 5098 ’Λτέγνητοκ
1079 5030 1122 5080 Β
1156 5030 1434 5099 ἀγένητον.

523 5100 634 5170 (18)
672 5099 1055 5170 Φιλοσοφίας.
1092 5099 1138 5151 Λ
1176 5100 1227 5152 in
1263 5103 1504 5170 margine
1536 5099 1747 5170 σοφίας.

523 5168 633 5240 (19)
684 5168 1135 5240 Ἀφ’νέκατέρου.
1164 5172 1231 5240 _A,
1263 5169 1305 5220 B
1334 5169 1419 5236 ἐφ’
1453 5168 1730 5240 ἑκάτερον.

526 5237 637 5357 (20)
676 5239 833 5292 Κατὰ
859 5239 925 5292 τὸ
965 5238 1070 5293 τοῦ
1125 5237 1441 5293 Ἀποστόλ.
1488 5238 1530 5289 Β
1555 5237 1694 5293 κατὰ
1720 5239 1813 5293 τὸν
1861 5238 2018 5292 Ἀπό.

526 5323 659 5357 ο.ον.

458 5323 659 5361 στοΛον.

528 5376 641 5443 (21)
683 5377 1293 5452 Παραοςημαινόμενοι.
1343 5378 1390 5432 Α
1451 5378 2016 5452 παρασημαινάμενοι.

458 5447 500 5499 Β
531 5446 1072 5516 περασημηνάμενοι-

531 5513 640 5588 es)
685 5513 919 5588 fama:
950 5517 1015 5579 Α,
1043 5517 1086 5588 Β
1117 5517 1294 5588 ἐθέλη-

522 5584 632 5657 (23)
669 5585 998 5657 Βρύλξυμα-
1026 5586 1091 5657 Α.
1121 5587 1182 5657 Β·
1224 5584 1486 5657 βδύλημαυ

553 5653 643 5722 24)
692 5654 754 5711 Ἠ
779 5654 984 5721 φύσις.
1029 5656 1092 5707 Ἦ
1127 5653 1310 5711 delent
1339 5653 1406 5717 Α,
1444 5657 1502 5710 Β.

531 5655 647 5863 (25)
695 5722 927 5789 Ἐθέλῃ.
965 5726 1028 5784 Α,
1061 5725 1101 5776 B
1125 5725 1373 5848 tangor}.

555 5793 647 5863 26)
684 5792 1165 5863 Διακρινομένων.
1194 5795 1235 5847 Β
1290 5794 1502 5863 ιῃρημέπ

616 5102 637 5307 ξ

555 5722 647 5789 25)
695 5722 927 5789 Ἐθέλῃ.
965 5726 1028 5784 Α,
1061 5725 1101 5776 B
1125 5725 1373 5848 tangor}.

555 5793 647 5848 26)
684 5792 1165 5848 Διακοινοιιένων.
1194 5795 1235 5847 Β
1290 5812 1373 5848 ma

555 5793 647 5865 26)
684 5792 1165 5863 Διακρινομένων.
1194 5795 1235 5847 Β
1257 5792 1415 5865 διῂνρη
1426 5794 1615 5863 μένων.

2115 4445 2534 4517 πληρωματικαὶ
2577 4443 2674 4498 τοῦ
2716 4443 2965 4515 σώματος
3010 4444 3292 4513 ποιότητες
3329 4440 3406 4511 νῷ
3439 4441 3551 4510 (55)
3583 4458 3687 4493 κα-

2113 4537 2544 4609 ταλαμϐάνονται
2572 4536 2667 4590 καὶ
2693 4535 2793 4589 οὐκ
2835 4534 3106 4604 αἰσθήσει,
3135 4533 3317 4604 νοερὸν
3340 4532 3398 4584 δὲ
3421 4531 3483 4583 τὸ
3509 4530 3687 4595 Θεῖον,

2114 4629 2197 4691 τίς
2223 4616 2384 4690 πόνος
2413 4626 2525 4698 (56)
2555 4626 2664 4680 τῶν
2703 4623 2909 4695 νοητῶν
2939 4622 3008 4678 τὰ
3050 4624 3298 4694 νοήματα
3340 4620 3690 4690 κατεργάσα-

2115 4719 2273 4785 σθαις
2306 4710 2407 4772 Ὧν
2436 4719 2470 4788 ὴ
2501 4716 2638 4788 πρὸς
2667 4714 2872 4786 ἄλληλα
2899 4713 3170 4786 συνδρομὴ
3198 4712 3297 4783 τὴν
3317 4708 3409 4765 τοῦ
3441 4708 3693 4780 σώματος

2117 4813 2250 4881 ἡμῖν
2276 4808 2612 4879 ἀπεγέννησε
2657 4806 2836 4877 φύσιν.
2885 4805 3044 4860 Ἀλλὰ
3075 4803 3246 4857 ταῦτα
3302 4803 3400 4872 μὲν
3442 4800 3546 4865 ἔξω
3593 4800 3693 4854 τοῦ

2192 5026 2305 5097 (27)
2343 5026 2813 5097 Aetxrzﬁovo'a._A
2845 5024 3008 5097 delet.
3044 5023 3088 5076 Β
3126 5023 3291 5079 habet
3329 5019 3691 5078 δεικνύουσαι.

2192 5094 2305 5165 (28)
2349 5098 2595 5163 Ταύτην.
2637 5098 2701 5161 Α,
2734 5095 2775 5145 Β
2799 5094 3023 5165 ταύτης.

2138 5189 2146 5203 ο
2192 5164 2304 5230 (29)
2356 5166 2683 5235 Ἀμεγέθου.
2710 5167 2753 5217 A
2785 5164 3103 5235 ἀμεγέθους.

2217 5236 2305 5302 50)
2352 5236 2497 5303 Τοῖς.
2532 5235 2574 5286 Β
2605 5234 2722 5287 τοῦ.

2215 5301 2303 5375 51)
2338 5308 2419 5358 Οὺ
2441 5301 2767 5375 σχῆμα,οὺ
2804 5302 3027 5375 χρῶμα.
3127 5302 3190 5375 ού
3224 5318 3340 5372 χρ.,
3363 5301 3425 5354 ού
3464 5318 3550 5371 οχ.

2216 5373 2307 5443 52)
2347 5377 2429 5428 Οὺ
2460 5373 2808 5441 πηλικότης.
2848 5375 2894 5426 Δ
2921 5373 3305 5443 ἢνπηλικότης.

2194 5390 2284 5447 (az
2347 5390 2429 5428 υυ
2460 5390 2808 5441 πηλικοτης.
2848 5390 2894 5426 Α
2921 5390 2953 5443 η
2991 5390 3186 5442 πηλικο
3258 5390 3305 5434 ς.

2194 5390 2307 5516 (55)
2357 5445 2460 5498 Ἐν
2502 5444 2797 5516 ποιότητι.
2842 5445 2882 5516 ᾼ
2919 5442 3070 5496 addit
3102 5390 3309 5495 κατῐλα

2193 5512 2306 5586 (54)
2349 5517 2671 5586 Ἕριαᾳτον.
2697 5515 2750 5586 (Β
2781 5512 3015 5582 ἑκάστῳ.

2222 5574 2831 5661 ἕξΗΥςῖιοθέννιῖξο,
3203 5650 3228 5661 -
3392 5648 3416 5661 -

2219 5646 2309 5726 56)
2351 5646 2448 5722 Τιξ
2472 5657 2677 5720 πόνος.
2700 5646 2766 5721 Ἀ,
2794 5653 2853 5711 Β.
2878 5652 2960 5717 τίς
2982 5651 3136 5715 πόνος
3163 5650 3239 5721 τῷ
3253 5648 3427 5721 νοητῷ
3443 5648 3513 5702 τὰ
3532 5646 3703 5719 νοητά

2130 5742 2354 5798 κατεργ.

3317 5439 3694 5513 μὸανομένων.
