3950 6132
220 358 326 419 125

1352 364 1441 420 DE
1473 366 1687 422 ΛΝΙΜΑ
1728 367 1811 424 ET
1854 364 2452 424 RESURRECTIONE.

3371 359 3475 414 {26

219 474 584 546 προκειμένου
609 475 992 549 παρεξετάσθη
1021 477 1152 550 (57).
1174 479 1249 532 Τὸ
1268 480 1327 534 δὲ
1347 481 1677 554 ζητούμενον
1706 479 1794 553 ἦν,

1906 501 2015 542 non
2048 483 2290 556 gravitas
2318 493 2372 538 et
2405 482 2619 553 pondus
2639 524 2652 546 ,
2685 494 2792 534 non
2818 476 3092 534 dimensio
3122 484 3281 546 atque
3311 476 3474 530 inter-

217 564 267 635 εἰ
294 564 405 634 (38)
433 568 917 638 προῦφεστήκασιν
936 570 994 622 αἱ
1014 568 1183 642 ψυχαὶ
1208 571 1317 626 τῶν
1343 575 1633 646 σωμάτων,
1667 576 1799 633 πότε

216 657 250 726 ἢ
282 655 401 716 πῶς
443 656 707 725 γίνονται.
747 660 859 714 Καὶ
906 661 1096 716 τούτου
1152 664 1310 736 χάριν
1342 668 1474 738 ἡμῖν
1520 668 1648 740 περὶ
1686 668 1800 737 (59)

215 744 460 808 τοῦ³πῶς
492 746 720 819 ζήτησιν
761 751 839 815 ὡς
866 752 1151 822 ἀνέφικτον
1175 752 1338 809 οὖσαν
1374 756 1802 830 ἁπολυπραγμό-

213 852 377 905 νητον
405 837 622 908 ἀφῆκεν
650 842 681 894 ὁ
708 840 887 910 λόγος.
919 845 1052 916 Περὶ
1075 846 1171 899 τοῦ
1204 847 1315 919 (40)
1344 850 1472 903 πότε
1504 850 1602 914 τὰς
1628 852 1802 923 ἀρχὰς

214 929 271 979 αἱ
308 927 479 998 ψυχαὶ
518 930 622 1001 τῆς
673 932 960 1005 ὑπάρξεως
1001 937 1248 1008 ἔχουσιν,
1297 940 1373 1004 ὡς
1415 942 1708 996 ἀκόλουθον
1741 944 1801 998 ὃν

211 1021 328 1082 τοῖς
368 1020 905 1094 προεξητασμένοις,
941 1027 1123 1100 ζητεῖν
1152 1031 1556 1088 καταλείπεται.
1587 1035 1650 1089 El
1690 1036 1801 1108 γὰρ

212 1107 395 1181 δοθείη
430 1112 492 1164 τὸ
536 1114 644 1183 πρὸ
680 1116 777 1171 τοῦ
814 1117 1061 1189 σώματος
1088 1121 1149 1174 ὲν
1178 1120 1450 1194 ἰδιαζούσῃ
1486 1125 1592 1178 τινὶ¹
1628 1107 1798 1180 καταέ

214 1199 409 1252 στάσει
436 1200 536 1272 τὴν
566 1202 743 1277 ψυχὴν
786 1206 1049 1276 βιοτεύειν
1070 1219 1085 1238 '
1134 1210 1346 1282 ἀνάγκη
1374 1215 1522 1266 πᾶσα
1549 1213 1648 1277 τὰς
1676 1216 1799 1270 ἀτό-

212 1306 353 1353 πους
382 1291 600 1357 ὲκείνας
622 1294 1044 1366 δογματοποιιας
1068 1301 1222 1370 ἰσχὺν
1250 1300 1393 1372 ἔχειν
1421 1304 1660 1374 νομιζειν
1685 1305 1796 1378 (Li)

210 1380 324 1434 τῶν
359 1381 450 1436 διὰ
491 1386 691 1451 κακίας
737 1388 838 1454 τὰς
877 1389 1055 1461 ψυχὰς
1095 1393 1495 1459 εἰσοικιζόντων
1524 1395 1637 1465 (42)
1685 1399 1798 1461 τοῖς

214 1472 488 1544 σώμασιν.
545 1477 704 1532 Ἀλλά
751 1480 858 1551 μὴν
909 1483 1282 1555 ὲφυστερίζειν
1323 1485 1424 1548 τὰς
1477 1486 1655 1557 ψυχὰς
1684 1487 1796 1559 (45)

211 1565 313 1636 τὴν
339 1566 587 1637 γένεσιν,
636 1571 732 1625 καὶ
778 1573 1047 1647 νεωτέρας
1079 1575 1191 1646 (44)
1239 1577 1342 1647 τῆς
1384 1577 1494 1631 τῶν
1527 1579 1796 1649 σωμάτων

1902 578 2136 638 vallum,
2169 590 2278 630 non
2309 574 2622 646 quantitas,
2656 587 2764 626 non
2798 570 2947 625 aliud
2982 570 3278 639 quidquam
3316 583 3475 637 pror-

1901 684 2000 725 sus
2029 683 2250 734 eorum,
2282 682 2405 737 qua:
2437 680 2531 737 per
2559 664 2877 736 qualitatem
2908 662 3472 733 comprehenduntur,

1901 766 1996 812 aut
2032 757 2426 826 intelliguntur,
2459 755 2552 810 sed
2600 752 3023 822 unumquodque
3081 752 3272 806 horum
3323 750 3468 805 ratio

1900 855 2064 917 atque
2095 847 2375 917 proportio
2396 853 2500 907 est,
2534 846 2726 899 horum
2766 850 2946 897 autem
2983 843 3127 897 inter
3178 856 3298 897 sese
3336 856 3472 894 con-

1900 953 2099 994 cursus
2129 945 2293 1008 atque
2324 937 2518 999 unitio,
2550 950 2750 1004 corpus
2781 934 2858 988 ﬁt.
2891 933 3159 999 Quoniam
3199 933 3363 1003 igitur
3394 947 3473 986 eae

1899 1028 2212 1100 qualitates,
2247 1042 2315 1085 ex
2352 1027 2553 1097 quibus
2599 1040 2800 1095 corpus
2838 1029 3077 1086 constat,
3110 1030 3310 1084 mente,
3362 1036 3471 1076 non

1898 1133 2066 1175 sensu
2114 1116 2691 1189 comprehenduntur,
2758 1122 2925 1184 atque
2986 1112 3355 1166 intellectuale
3407 1126 3472 1166 ac

1897 1218 2080 1265 mente
2104 1219 2388 1272 constans,
2412 1216 2703 1277 menteque
2720 1202 3236 1275 eompreltensibile,
3260 1200 3471 1256 Numen

1897 1298 2148 1353 divinum
2180 1307 2305 1355 est:
2355 1299 2484 1368 quid
2534 1297 2733 1367 negotii
2784 1305 2869 1351 est
2925 1296 2974 1350 ei
3008 1293 3153 1364 quod
3187 1301 3242 1346 et
3293 1301 3473 1347 mente

1897 1397 2136 1453 constat,
2189 1398 2244 1445 et
2281 1389 2631 1459 intelligentia
2682 1385 3204 1457 comprehenditur,
3261 1384 3473 1439 eilicere

1894 1498 1957 1538 ea
1986 1497 2108 1552 quae
2137 1491 2315 1535 mente
2347 1489 2649 1534 cernuntur
2692 1489 2746 1534 et
2779 1477 3203 1547 intelliguntur?
3234 1490 3467 1545 quorum

1898 1574 2039 1628 inter
2067 1574 2182 1643 ipsa
2215 1562 2520 1628 concursus
2554 1573 2801 1642 corporis
2835 1571 2992 1627 nobis
3035 1570 3316 1639 generavit
3369 1582 3465 1620 na.

213 1650 358 1710 εἶναι
397 1659 763 1729 συμπλάσεως
804 1663 937 1734 (45),
978 1665 1152 1730 οὐδεὶς
1189 1668 1255 1721 ἂν
1288 1668 1397 1723 τῶν
1439 1663 1499 1722 εὖ
1539 1669 1794 1740 φρονούν-

1897 1672 2102 1719 turam.
2137 1663 2243 1718 Sed
2278 1663 2391 1718 haec
2427 1663 2646 1733 quidem
2702 1672 2856 1718 extra
2899 1664 3236 1734 propositum
3295 1662 3475 1714 obiter

211 1762 324 1798 των
353 1747 727 1818 ὑπονοήσειεν,
768 1751 1003 1824 φανεροῦ
1038 1756 1201 1809 πᾶσιν
1230 1755 1379 1821 ὄντος
1406 1758 1487 1811 ὅτι
1511 1758 1663 1812 οὐδὲν
1689 1758 1794 1813 τῶν

1897 1749 2227 1820 οέθιηίηοιλ,
2260 1756 2529 1826 explicata
2553 1763 2716 1824 atque
2748 1771 2980 1811 excussa
3036 1756 3169 1811 sint.
3227 1753 3470 1820 anestio

209 1834 441 1906 ἀψύχων
464 1841 749 1912 κινητικήν
776 1859 835 1895 τε
866 1844 962 1897 καὶ
987 1843 1283 1916 αὐξητικὴν
1319 1848 1377 1901 ὲν
1400 1847 1547 1918 αὐτῷ
1572 1848 1682 1918 (46)
1706 1848 1794 1902 δύ-

1897 1853 2075 1898 autem
2107 1851 2246 1907 erat,
2299 1859 2478 1898 annon
2522 1845 2717 1899 animm
2772 1855 2898 1900 ante
2953 1858 3185 1914 corpora
3244 1843 3474 1898 exstite-

208 1943 378 1998 ναμιν
407 1928 541 1999 ἔχει.
572 1932 692 1987 Τῶν
719 1934 766 1988 δ’
788 1935 852 1988 ἐν
882 1935 1034 2006 νηδύϊ
1058 1937 1169 2008 (47)
1211 1924 1638 2011 ἐντρεφομένων,
1669 1940 1794 1995 οὔτε

1900 1935 2030 1998 rint,
2060 1942 2116 1990 et
2151 1936 2206 1990 in
2245 1951 2428 1989 rerum
2457 1945 2708 1990 naturam
2739 1937 3017 2006 producta:
3049 1936 3181 1998 sint,
3223 1934 3465 2004 quando,

205 2019 241 2087 ἡ
279 2018 539 2091 αὔξησις,
569 2022 694 2078 οὔτε
735 2026 769 2097 ὴ
808 2028 1007 2099 τοπικὴ
1056 2027 1267 2099 κίνησίς
1303 2032 1450 2085 ἐστιν
1482 2031 1593 2104 (48)
1628 2032 1794 2102 ἀμφί-

1897 2036 1951 2082 et
1982 2025 2256 2095 quomodo
2278 2026 2569 2092 exsistant,
2598 2035 2759 2095 atque
2782 2026 2989 2081 idcirco
3036 2041 3155 2081 eam
3207 2023 3468 2094 qumstio-

204 2106 391 2174 δολοςο
1896 2132 2043 2180 nem,
2101 2116 2376 2186 quomodo
2410 2117 2493 2171 hae
2520 2117 2901 2178 ~exsisterenl,
2958 2123 3017 2169 ut
3051 2129 3213 2184 quam
3249 2111 3467 2181 assequi

205 2204 384 2268 atque
412 2203 673 2274 expedire
708 2221 819 2261 non
869 2215 1077 2277 posset,
1146 2207 1368 2263 curiose
1442 2208 1769 2280 investigare
1832 2215 1997 2277 atque
2052 2205 2289 2262 scrutari
2345 2206 2523 2259 oratio
2584 2214 2769 2260 nostra
2837 2205 3207 2275 pru'lcrntisil.
3280 2201 3470 2254 Restat

204 2300 393 2347 autem
426 2298 729 2353 secundum
771 2315 855 2364 ea,
900 2317 1021 2369 quze
1055 2302 1287 2357 antehac
1320 2300 1776 2366 examinavimus,
1812 2309 1871 2353 ut
1898 2306 2196 2369 quaeratur,
2233 2296 2453 2367 quando
2480 2296 2676 2349 animae
2741 2295 3008 2366 principia
3068 2295 3150 2350 Sui
3206 2302 3359 2348 ortus
3416 2302 3471 2347 et

205 2384 549 2444 exsistentim
597 2389 884 2445 habeant?
934 2391 1068 2444 Nam
1102 2392 1149 2447 si
1204 2392 1390 2447 datum
1450 2391 1613 2448 fuerit
1645 2391 1791 2464 quod
1855 2395 1984 2445 ante
2029 2402 2233 2458 corpus
2292 2388 2346 2442 in
2409 2386 2670 2456 peculiari
2724 2387 2960 2456 quadam
3013 2388 3247 2441 statione
3288 2384 3467 2438 anin-ia

204 2477 375 2544 vivat,
424 2482 657 2537 omnino
698 2499 924 2539 necesse
959 2493 1044 2539 est
1079 2494 1138 2539 ut
1182 2485 1454 2541 absurdas
1494 2486 1616 2542 illas
1679 2485 1981 2541 sententias
2016 2491 2070 2537 et
2098 2481 2251 2535 ﬁctas
2277 2480 2568 2549 opiniones
2592 2494 2783 2533 eorum
2856 2478 2946 2547 qui
3015 2488 3236 2546 propter
3302 2475 3463 2528 vitio-

206 2574 425 2628 sitatem
469 2575 684 2629 animas
715 2575 774 2631 in
830 2592 1061 2647 corpora
1114 2578 1311 2633 deduci
1372 2578 1584 2643 volunt,
1644 2578 1791 2633 vires
1848 2575 2052 2630 habere
2117 2580 2393 2641 putemus.
2435 2569 2729 2624 Enimvero
2770 2569 3127 2638 posteriorem
3188 2582 3310 2621 esse
3356 2565 3470 2621 ori-

203 2667 389 2738 ginem
416 2666 752 2729 animarum.
804 2666 1064 2739 ipsasque
1098 2668 1431 2726 recentiores
1484 2685 1606 2726 esse
1664 2683 1954 2738 corporum
2004 2660 2402 2735 compositione
2445 2676 2607 2716 nemo
2654 2674 2787 2716 sana
2846 2665 3025 2713 mente
3091 2658 3351 2729 praeditus
3412 2658 3466 2712 iu

206 2756 453 2812 animum
494 2756 800 2824 induxerit,
867 2773 993 2814 cum
1052 2759 1404 2816 manifestum
1463 2773 1529 2814 ac
1586 2759 1940 2829 perspicuum
2007 2754 2080 2811 sit
2143 2751 2399 2807 omnibus
2439 2750 2584 2820 quod
2641 2750 2777 2805 nihil
2830 2766 2897 2804 ex
2949 2750 3205 2804 inanimis
3273 2749 3469 2805 habeat

208 2850 264 2903 in
287 2863 414 2905 sese
439 2848 552 2903 vim
595 2849 850 2905 movendi
902 2850 1107 2919 pariter
1139 2858 1304 2922 atque
1354 2851 1657 2925 crescendi.
1710 2850 1781 2902 At
1831 2858 2019 2903 eorum
2078 2845 2173 2914 qui
2209 2843 2262 2897 in
2294 2850 2451 2897 utero
2506 2842 2846 2904 nutriuntur,
2887 2855 3065 2910 neque
3108 2849 3465 2911 augmentum

204 2947 263 2994 et
293 2939 719 3005 incrementum,
753 2954 932 3010 neque
974 2941 1043 2996 de
1077 2941 1196 2998 loco
1229 2941 1301 2996 ad
1357 2943 1535 2997 locum
1597 2948 1780 2995 motus
1819 2945 2210 2994 controversus
2234 2943 2288 2988 et
2318 2933 2608 3003 ambiguus
2641 2943 2730 2988 est

275 3026 538 3083 Δείπεται
569 3021 665 3081 οὖν
716 3026 844 3098 μίαν
873 3029 969 3082 καὶ
1009 3028 1108 3099 τὴν
1161 3031 1332 3102 αὐτὴν
1370 3030 1550 3101 ψυχῆς
1590 3048 1651 3084 τε
1695 3030 1789 3083 καὶ

1963 3025 2315 3094 Relinquitur
2374 3025 2562 3095 igitur,
2616 3032 2677 3079 ut
2702 3030 2977 3094 putemus,
3020 3038 3189 3078 unum
3222 3034 3277 3078 et
3323 3024 3467 3079 idem

208 3116 460 3188 σώματος
500 3114 676 3186 ἀρχὴν
708 3115 807 3187 τῆς
846 3116 1157 3182 συστάσεως
1201 3119 1427 3198 οἴεσθαι.
1466 3119 1576 3172 Καὶ
1607 3118 1794 3189 ὥσπερ

1897 3117 2090 3170 animm
2137 3124 2191 3170 et
2228 3116 2478 3184 corporis
2506 3114 2919 3170 constitutionis
2964 3115 3294 3184 principium
3322 3130 3467 3170 esse.

205 3207 305 3279 τῆς
347 3205 509 3278 ῥίζης
539 3204 636 3275 τὴν
669 3206 960 3260 ἁποσπάδα
992 3205 1232 3261 λαϐοῦσα
1277 3208 1429 3280 παρὰ
1455 3209 1565 3263 τῶν
1592 3209 1795 3278 γεηπό-

206 3316 311 3355 νων
335 3301 371 3369 ή
415 3298 486 3369 γῆ
516 3297 731 3369 δένδρον
758 3298 1037 3370 εποίησεν,
1067 3299 1168 3353 οὐκ
1206 3299 1345 3370 αὐτὴ
1371 3299 1469 3371 τὴν
1497 3299 1794 3372 αὐξητικὴν

207 3390 425 3446 ἐνθεῖσα
452 3388 533 3461 τῷ
558 3388 882 3461 τρεφομένῳ
904 3389 1154 3462 δύναμιν,
1185 3390 1318 3444 ἀλλὰ
1348 3391 1508 3462 μόνον
1535 3391 1634 3454 τὰς
1658 3391 1796 3463 πρὸς

206 3483 302 3556 τὴν
320 3481 554 3554 αὔξησιν
575 3480 832 3553 ἀφορμὰς
854 3482 1057 3535 ὲνιεῖσα
1076 3480 1153 3551 τῷ
1174 3482 1477 3553 ἐκκειμένῳ
1493 3480 1627 3554 (49)·
1652 3480 1795 3535 οὕτω

102 3580 113 3593 ⁸
208 3572 411 3644 φαμὲν,
451 3572 547 3627 καὶ
573 3572 637 3626 τὸ
668 3574 735 3626 ὲκ
773 3568 868 3624 τοῦ
903 3569 1189 3642 ἀνθρώπου
1228 3570 1623 3642 ἀποσπώμενον
1659 3570 1795 3643 πρὸς

207 3662 496 3734 ἀνθρώπου
531 3663 781 3734 φυτείαν,
814 3662 907 3717 καὶ
943 3663 1075 3715 αὐτὸ
1100 3662 1300 3734 τρόπον
1335 3662 1457 3717 τινὰ
1483 3661 1621 3727 ζῶον
1655 3659 1792 3717 εἶναι

209 3754 265 3822 ἐξ
296 3753 545 3825 ἐμψύχου
586 3754 851 3825 ἔμψυχον,
883 3755 949 3809 ἐκ
977 3754 1314 3825 τρεφομένου
1344 3756 1697 3827 τρεφόμενον.
1729 3756 1792 3810 Εἰ

207 3845 264 3899 δὲ
301 3846 380 3917 μὴ
414 3845 599 3908 πάσας
631 3844 731 3909 τὰς
757 3845 857 3915 τῆς
893 3845 1070 3917 ψυχῆς
1113 3846 1391 3916 ἐνεργείας
1419 3846 1515 3901 καὶ
1547 3848 1793 3919 κινήσεις

205 3936 239 4005 ἡ
277 3934 559 4006 βραχύτης
588 3934 900 3998 ἀποσπείδος
928 3934 1042 4006 (50)
1070 3933 1337 4007 ἐχώρησε,
1367 3936 1673 4007 θαυμαστὸν
1700 3937 1792 3990 οὐ·

208 4023 313 4078 δέν.
350 4024 487 4077 Οὐδὲ
516 4024 628 4096 γὰρ
663 4022 776 4096 (51)
800 4026 858 4077 ὲν
883 4024 959 4096 τῷ
990 4025 1264 4096 σπέρματι
1295 4029 1439 4088 σῖτος
1461 4025 1624 4090 εὐθὺς
1652 4025 1794 4080 κατὰ

206 4114 266 4168 τὸ
290 4115 620 4186 φαινόμενον
662 4117 860 4186 στάχυς
892 4116 1009 4169 ἐστὶ
1046 4117 1065 4187 (
1092 4117 1206 4180 πῶς
1243 4116 1363 4188 γὰρ·
1402 4118 1514 4189 (52)
1544 4116 1793 4171 τοσοῦτον

208 4207 264 4259 ἐν
300 4207 547 4278 τοσούτῳ
595 4209 896 4279 χωρήσειεν
916 4208 957 4278 );
1002 4208 1140 4262 ἀλλὰ
1187 4209 1288 4282 τῆς
1320 4212 1424 4279 γῆς
1463 4209 1624 4263 αὑτὸν
1670 4213 1793 4275 ταῖς

209 4300 567 4370 καταλλήλοις
620 4300 1012 4373 τιθηνουμένης
1047 4305 1311 4375 τροφαῖς,
1344 4303 1544 4372 στάχυς
1577 4305 1606 4356 ό
1647 4305 1792 4367 σῖτος

1892 3208 1971 3262 Ac
2025 3205 2484 3276 quemadmodum
2520 3216 2667 3260 terra
2719 3207 2765 3262 si
2828 3207 3111 3261 surculum
3178 3207 3247 3260 ab
3278 3208 3471 3263 radice

1894 3298 2170 3364 avulsum,
2204 3297 2273 3351 ab
2299 3298 2559 3369 agricolis
2604 3299 2897 3368 acceperit,
2930 3299 3179 3352 arborem
3208 3299 3332 3354 inde
3360 3298 3472 3354 elli-

1895 3390 1988 3455 cit,
2021 3406 2133 3444 non
2188 3390 2305 3460 ipsa
2340 3389 2448 3443 vim
2477 3391 2803 3461 augescendi
2827 3393 2876 3447 ei
2913 3394 3059 3462 quod
3124 3392 3363 3445 nutritur
3388 3390 3471 3444 in-

1887 3480 2107 3551 jiciens,
2141 3481 2237 3536 sed
2281 3480 2605 3535 incrementi
2652 3481 2920 3537 duntaxat
2972 3484 3253 3537 materiam
3310 3490 3473 3551 atque

1891 3572 2189 3628 subsidium
2220 3572 2323 3627 sibi
2357 3573 2523 3626 insito
2552 3572 2853 3626 immittens
2886 3592 2899 3627 :
2939 3575 3010 3627 ita
3036 3573 3274 3626 dicimus
3301 3574 3469 3625 etiam

1894 3664 1949 3718 id
1977 3662 2124 3732 quod
2155 3677 2219 3716 ex
2247 3662 2468 3718 homine
2515 3662 2768 3718 avellitur
2806 3664 2873 3719 ad
2912 3664 3148 3718 hominis
3179 3664 3469 3725 sationem,

1894 3757 2072 3826 ipsum
2105 3771 2325 3825 quoque
2349 3756 2533 3826 aliquo
2577 3757 2736 3811 modo
2766 3758 2964 3811 animal
3001 3773 3143 3819 esse,
3171 3772 3235 3810 ex
3263 3755 3472 3809 anima-

1893 3854 1950 3900 to
1980 3845 2299 3910 animatum,
2331 3861 2395 3901 ex
2424 3862 2489 3901 eo
2520 3846 2665 3917 quod
2695 3848 2933 3901 nutritur
2962 3848 3012 3901 id
3037 3842 3181 3918 quod
3210 3846 3467 3900 nutritur.

1893 3937 2052 4004 Quod
2104 3937 2151 3992 si
2195 3952 2303 3991 non
2355 3938 2536 3993 omnis
2567 3939 2765 3992 anima:
2815 3939 3133 3994 etlicientias
3167 3940 3371 4009 pariter
3405 3953 3469 3993 ac

1893 4035 2073 4084 motus
2105 4029 2375 4097 exiguitas
2411 4031 2618 4084 surculi
2655 4032 2831 4084 avulsi
2878 4047 3077 4101 capere
3108 4034 3305 4101 potuit,
3338 4032 3473 4085 nihil

1892 4119 2113 4173 mirum.
2159 4117 2346 4188 Neque
2378 4120 2520 4172 enim
2582 4119 2636 4173 in
2671 4121 2880 4174 semine
2934 4121 3295 4185 frumentum,
3327 4120 3473 4192 quod

1891 4212 2112 4281 quidem
2164 4221 2447 4282 appareat.
2498 4211 2749 4281 protinus
2803 4214 2953 4282 spica
3008 4222 3095 4266 est
3132 4212 3305 4282 (nam
3363 4229 3474 4282 quo

1893 4309 2054 4372 pacto
2100 4310 2314 4358 tantum
2368 4305 2422 4358 in
2456 4305 2670 4357 tantillo
2721 4305 2899 4357 locum
2933 4305 3134 4358 habere
3176 4303 3469 4373 poterit?),

210 4391 435 4462 γίνεται,
459 4393 563 4447 οὐκ
592 4392 932 4458 ὲξαλλάσσων
957 4394 1068 4466 (55)
1091 4398 1150 4449 ὲν
1173 4397 1238 4466 τῇ
1267 4394 1394 4465 βολῇ
1424 4393 1537 4464 (54)
1566 4393 1663 4465 τὴν
1697 4395 1792 4463 φύ-

1897 4398 1989 4453 sed
2019 4405 2165 4453 terra
2206 4398 2542 4453 frumentum
2593 4397 3048 4453 convenientibus
3084 4404 3137 4450 et
3166 4396 3310 4464 aptis
3365 4410 3471 4446 nu-

212 4498 313 4545 σιν,
506 4484 786 4555 ἐμφαίνων
819 4483 932 4554 (55)
965 4485 1154 4539 ἑαυτὸν
1181 4485 1277 4540 καὶ
1304 4484 1540 4539 τελειοῦν
1574 4483 1684 4557 (56)
1718 4488 1784 4556 τῇ

213 4573 306 4644 τῆς
330 4573 544 4645 τροφῆς
568 4575 680 4646 (57)
702 4575 970 4647 ἐνεργείᾳ.
994 4577 1202 4647 Ὥσπερ
1221 4572 1315 4630 οὖν
1337 4576 1429 4629 ἐπὶ
1452 4575 1561 4628 τῶν
1584 4576 1789 4646 φυομέ-

212 4678 314 4718 νων
342 4666 677 4736 σπερμάτων
718 4665 862 4718 κατὰ
898 4664 1052 4735 λόγον
1094 4665 1205 4737 (58)
1243 4668 1277 4733 ἡ
1324 4647 1551 4736 αὔξησις
1596 4667 1688 4721 ἐπὶ
1728 4667 1790 4721 τὸ

216 4753 359 4819 τέλος
405 4755 521 4826 (59)
562 4756 778 4827 πρόεισι
801 4770 816 4785 ⁶
850 4756 939 4812 τὸν
971 4757 1134 4813 αὑτὸν
1172 4759 1374 4830 τρόπον
1423 4759 1518 4813 καὶ¹
1560 4760 1652 4813 ἐπὶ
1689 4759 1789 4829 τῆς

218 4952 876 5094 ητὲὅσῖζιηαρεξετάσθη.
936 4956 983 5008 Α
1027 4955 1435 5027 παρεξετάσθω.
1490 4957 1533 5009 Β
1589 4957 1791 5029 παρεξ-

285 5092 521 5183 (58)⁷ρξ.
565 5096 633 5162 Δ,
674 5094 716 5146 Β
748 5095 797 5147 εἰ
849 5095 945 5166 μή.
977 5096 1229 5167 Αἱψυχαὶ
1265 5096 1374 5151 τῶν
1409 5112 1550 5168 σωμ.
1588 5097 1648 5151 Β.
1684 5097 1790 5183 τῷν

221 5178 354 5232 σωμ.
381 5165 439 5216 αἱ
467 5165 527 5232 ψ.

634 5235 677 5286 Β
715 5234 813 5305 τὴν
839 5234 985 5305 περί.

285 5301 396 5375 (ψ)
434 5303 575 5375 Περὶ
599 5305 727 5375 τοῦ.
760 5301 803 5359 Β
834 5301 962 5375 περὶ
984 5304 1044 5357 δὲ
1066 5304 1182 5361 τοῦ.

285 5371 395 5512 (41)
432 5371 726 5441 Νόμίζειν.
771 5371 1072 5443 Βνομίσαι.

285 5441 374 5512 (42
435 5443 908 5512 Εἱσοικιζόντων.
942 5444 985 5495 Β
1009 5445 1072 5495 ὲν

304 5441 395 5507 42)
435 5441 911 5505 Εἱσοικιζόντων.
942 5444 985 5495 Β
1009 5441 1397 5507 ὲνοικιζόντων.

306 5510 396 5583 45)
441 5511 560 5577 Τὰς
585 5513 811 5583 ψυχάς.
847 5515 888 5567 Β
929 5513 1035 5568 τῶν
1060 5514 1267 5583 ψυχῶν.

282 5580 395 5723 (44)
435 5580 776 5650 Νεωτέρᾰςζ
798 5586 862 5650 Α,
889 5585 930 5636 Β
969 5580 1259 5656 νεωτέραν.

305 5651 396 5723 45)
435 5652 867 5723 Συμπλάσεως.
898 5656 942 5707 Α
978 5653 1229 5709 διαπλάσ.

305 5651 396 5717 45)
435 5652 867 5721 Συμπλάσεως.
898 5656 942 5707 Α
978 5651 1229 5709 διαπλᾶσ.

448 5721 558 5794 Ἐγ
588 5723 768 5794 αὐτῷ.
801 5726 865 5785 Α.
902 5726 943 5777 Β
970 5726 1027 5777 ὲν
1058 5723 1256 5794 ἑαυτῷ.

284 5721 374 5787 (46
448 5721 558 5776 Ἐν
588 5723 768 5788 αὐτῷ.
801 5726 865 5785 Α.
902 5726 943 5777 Β
970 5726 1027 5777 ὲν
1058 5723 1256 5794 ἑαυτῷ.

282 5721 399 5865 (47)
431 5794 493 5846 Δ⁹
516 5790 591 5846 ἐν
614 5793 811 5862 νηδύϊ.
847 5797 890 5849 Α
922 5799 990 5868 τῇ
1015 5795 1186 5867 νηδύϊ.
1218 5796 1259 5849 Β
1290 5795 1347 5881 de
1375 5799 1439 5869 τῇ
1466 5796 1637 5865 νηδύϊ.

1894 4490 2110 4555 ινίθιιιιξΔ
2155 4492 2448 4556 alimentis,
2501 4491 2555 4545 in
2610 4491 2814 4561 spicam
2872 4490 3202 4543 frumentum
3269 4486 3470 4545 evadit.

1894 4594 2004 4636 non
2034 4581 2332 4638 immutans
2361 4583 2415 4636 in
2446 4583 2602 4652 gleba
2657 4591 2931 4644 naturam,
2976 4579 3069 4635 sed
3097 4594 3356 4633 exserens
3409 4587 3473 4631 ac

1895 4672 2153 4742 prodens,
2189 4680 2243 4727 et
2277 4673 2585 4729 absolutum
2642 4688 2707 4727 ac
2737 4671 3037 4742 perfectum
3070 4686 3191 4725 sese
3236 4667 3470 4723 reddens

1895 4763 2100 4819 auxilio
2138 4764 2485 4819 nutrimenti.
2535 4760 3001 4829 Quemadmodum
3052 4759 3219 4828 igitur
3264 4757 3321 4811 in
3370 4771 3471 4810 na-

1969 4959 2079 5031 (48)
2118 4961 2374 5028 Κίνησίς
2398 4962 2586 5016 ἐστιν.
2621 4960 2849 5031 Κίνησίς
2889 4961 3034 5012 ἐστιν
3071 4954 3471 5026 ἀμφισϐητήσι-

1900 5030 1998 5100 μός
2017 5047 2077 5082 τε
2106 5031 2201 5083 καὶ
2228 5030 2430 5100 ἁμφίϐ.

1968 5098 2080 5169 (49)
2134 5096 2506 5169 Ἐκκειμέγφ.
2591 5102 2655 5167 Α,
2688 5101 2731 5152 Β
2762 5096 3084 5166 ἐγκειμένῳ.

1967 5170 2080 5239 (50)
2130 5170 2528 5235 Ἀποσπάδος.
2575 5171 2615 5222 Α
2652 5171 2754 5239 τῆς
2783 5173 2988 5239 ἁποσπ.

1968 5237 2080 5306 (δι)
2124 5240 2276 5293 Οὐδὲ
2309 5239 2438 5307 γάρ.
2474 5242 2543 5303 Α,
2578 5240 2619 5290 Β
2643 5238 2762 5292 οὐδὲ
2793 5237 2976 5307 γὰρᾲὸ.

1990 5255 2080 5306 οι)
2124 5255 2276 5293 uvae
2309 5257 2438 5307 γαρ.
2474 5255 2543 5303 Α,
2578 5255 2619 5290 υ
2643 5255 2762 5292 auos
2790 5255 2901 5359 lup
2928 5255 2976 5288 ο.

1983 5308 2073 5377 52)
2114 5308 2247 5374 Πῶς
2279 5308 2409 5377 γάρ.
2441 5311 2505 5370 Α,
2541 5309 2583 5361 Β
2611 5309 2728 5371 πῶς
2752 5323 2798 5377 γ,
2830 5305 2956 5377 ργᾶν
2988 5305 3068 5358 τό.

1984 5317 2052 5362 5‘2
2114 5317 2247 5374 Πως
2279 5317 2409 5377 γάρ.
2441 5317 2505 5370 Α,
2542 5317 2583 5361 Β
2611 5317 2728 5371 πῶς
2752 5317 2860 5376 γὰρ
2893 5317 2956 5358 αν
2988 5317 3047 5357 το

1984 5317 2074 5446 55)
2127 5378 2580 5443 Ἐξαλλὰσσων.
2623 5379 2665 5428 Β
2691 5376 3049 5442 ἐξαλλάττων.

1961 5448 2076 5549 Sit),
2112 5448 2463 5549 βιρἕῇλὲτέ
2497 5447 2670 5549 imit

2497 5499 2569 5579 Ἀ,
2606 5499 2967 5585 Βψέκφαξνων.

1962 5588 2074 5654 (56)
2116 5588 2416 5642 Τελειοῦν.
2452 5590 2518 5651 A,
2554 5588 2596 5639 Β
2621 5587 2884 5641 τειλειῶν.
3273 5649 3285 5654 _
3335 5608 3365 5643 ο

1962 5649 2074 5726 (57)
2111 5656 2354 5727 Τρυφῆς.
2391 5658 2434 5712 Δ
2466 5649 2521 5713 in
2552 5659 2797 5728 margine
2822 5657 3036 5728 φύσεως
3069 5649 3342 5725 συνεργίᾳ.

1962 5727 2075 5800 (58)
2114 5726 2510 5800 Κᾳτὰνλόγον.
2551 5729 2617 5794 Δ,
2656 5726 2697 5781 Β
2729 5730 2850 5782 κατ’
2879 5726 3075 5796 ὀλίγον.

1963 5798 2072 5859 (59)
2115 5796 2311 5866 Τέλος.
2351 5796 2416 5867 Α,
2445 5800 2487 5852 Β
2514 5800 2738 5856 τέλειον.
