3950 6132
436 369 542 429 127

1695 373 1751 426 s.
1787 370 2112 429 GREGORll
2149 357 2478 432 NYSSENt

3573 373 3678 428 128

440 489 720 544 scentibus
745 485 1044 542 seminibus
1071 485 1462 541 incrementum
1491 487 1750 558 paulatim
1779 489 1847 544 ad
1877 503 2000 559 per-
2029 541 2034 551 ,

2135 495 2447 566 ινθρωπίνης
2482 495 2810 560 συστάσεως,
2849 493 2985 564 πρὸς
3023 491 3179 561 λόγον
3210 489 3320 560 (6θ)
3355 489 3452 559 τῆς
3493 505 3679 559 σωμα-

440 578 725 633 factionem
761 575 1104 646 progreditur
1133 594 1147 629 :
1175 577 1365 631 eodem
1401 577 1563 632 modo
1616 578 1672 632 in
1723 579 2007 632 hominum

439 685 656 738 quoque
678 667 1002 722 formatione
1023 677 1188 738 atque
1217 671 1616 726 constitutione
1664 686 1764 742 pro
1798 671 2010 726 ratione

440 775 505 814 ac
531 759 874 829 proportione
903 773 1179 828 corporea:
1205 761 1612 831 magnitudinis,
1647 763 1841 817 animae
1871 778 2011 832 quo-

441 864 547 918 que
576 848 816 918 potentia
850 859 1075 918 apparet
1103 857 1266 920 atque
1285 851 1498 906 elucet:
1528 853 1762 922 primum
1794 854 2010 924 quidem

442 961 537 1014 per
561 945 667 998 vim
695 945 873 999 alendi
893 945 1055 1000 simul
1088 953 1252 1015 atque
1276 947 1507 1016 augendi
1534 948 1602 1002 iis
1633 964 1753 1018 quae
1778 949 1832 1002 in
1857 958 2014 1002 utero

442 1035 804 1104 eﬂinguntur,
859 1049 982 1090 sese
1039 1035 1326 1091 insinuans
1375 1045 1540 1102 atque
1583 1036 1872 1091 innascens
1891 1037 2012 1104 -(a);

445 1135 571 1196 post
598 1125 713 1180 hmo
746 1139 878 1180 vero
906 1125 1108 1180 donum
1140 1125 1404 1181 sentiendi
1446 1129 1499 1180 in
1523 1128 1698 1182 lucem
1735 1127 2016 1196 productis

411 1213 735 1286 iinducens,
773 1223 938 1286 atque
968 1215 1043 1270 ita
1078 1217 1337 1286 deinceps
1367 1217 1523 1286 quasi
1555 1218 1790 1271 fructum
1829 1232 2018 1286 quem-

414 1281 596 1394 ldam,
617 1316 776 1363 aucta
803 1281 916 1377 ja7m
942 1307 1126 1375 planta
1156 1281 1501 1362 mediocriter
1526 1323 1786 1363 exserens
1803 1281 1866 1363 ac
1891 1323 2018 1378 pro-

449 1403 585 1456 dens
614 1400 824 1454 ratione
850 1397 1128 1468 praeditam
1168 1398 1300 1462 vim,
1337 1413 1444 1453 non
1507 1400 1820 1454 universam
1853 1399 2019 1454 simul

451 1489 506 1543 in
536 1503 702 1541 unum
733 1485 1060 1540 conductam
1114 1495 1360 1555 repente,
1419 1486 1512 1540 sed
1568 1501 1680 1538 una
1722 1501 1844 1540 cum
1895 1501 2020 1541 sur-

451 1587 609 1648 gente
637 1585 691 1632 et
736 1585 1092 1632 excresccnte
1150 1577 1356 1646 planta,
1384 1592 1479 1646 per
1513 1584 1936 1632 consentaneum
1968 1584 2023 1631 et

452 1675 848 1737 cempetenlem
880 1682 1231 1737 progressum
1263 1675 1426 1737 atque
1452 1666 1754 1737 profectum
1773 1680 2025 1720 crescen-

454 1767 562 1814 tem
595 1766 648 1812 et
677 1765 1078 1827 augescentem.
1139 1757 1406 1822 Quoniam
1467 1759 1629 1828 igitur
1664 1757 1718 1812 id
1783 1757 1925 1828 quod
1958 1757 2026 1812 ab

457 1849 710 1902 animatis
743 1849 809 1902 ad
855 1849 1135 1902 materiam
1172 1857 1224 1904 et
1271 1863 1492 1903 causam
1552 1849 1773 1903 animati
1814 1848 2023 1904 consti-
2058 1840 2098 1895 Β

458 1941 680 1994 tutionis
717 1939 988 2001 avellitur,
1022 1949 1294 1993 mortuum
1345 1954 1467 1994 esse
1501 1955 1608 1993 non
1654 1945 1831 2010 potest
1862 1940 2031 2009 (mor-

458 2032 641 2084 talitas
665 2033 807 2086 enim
836 2045 932 2098 per
954 2029 1148 2083 animm
1183 2029 1540 2098 privationem
1581 2031 1670 2094 lit;
1713 2044 1819 2083 non
1850 2036 2030 2083 autem

459 2125 689 2194 privatio
749 2123 994 2176 habitum
1045 2121 1470 2190 anticipaverit),
1505 2136 1567 2175 ex
1617 2120 1703 2176 his
1734 2120 2032 2190 deprehen-

461 2215 644 2268 dimus
665 2225 1007 2266 communem
1031 2216 1085 2262 et
1108 2209 1161 2261 in
1200 2224 1364 2262 unum
1399 2207 1648 2276 idemque
1677 2216 1892 2276 tempus
1922 2205 2035 2259 col-

462 2305 629 2358 latum
682 2303 986 2372 ingressum
1017 2306 1069 2354 et
1103 2299 1308 2352 aditum
1342 2297 1408 2351 ad
1441 2297 1736 2352 essentiam
1794 2295 2034 2366 pateﬁeri

462 2398 512 2451 ei
562 2393 1018 2466 coagmentationi
1053 2399 1216 2460 atque
1261 2389 1558 2453 coalitioni,
1602 2405 1722 2458 qua:
1751 2404 1813 2443 ex
1851 2389 2037 2443 ambo-

466 2489 572 2542 bus
603 2489 856 2556 (corpore
881 2485 1089 2539 scilicet
1116 2493 1170 2538 et
1199 2483 1402 2550 anima)
1423 2491 1638 2538 constat
1669 2490 1717 2535 et
1743 2482 2033 2537 coalescit:

463 2596 640 2650 neque
671 2581 771 2633 hoc
819 2577 971 2648 prius
1027 2578 1349 2636 exsistente,
1401 2590 1576 2643 neque
1624 2575 1712 2627 illa
1767 2574 2038 2643 posterius

465 2672 782 2726 accedente.
828 2670 1002 2724 Porro
1037 2668 1177 2723 ratio
1215 2666 1529 2722 necessario
1578 2664 1817 2718 futurum
1849 2666 2040 2733 praevi-

467 2765 579 2824 det,
609 2770 667 2816 ut
707 2761 999 2829 aliquando
1035 2761 1428 2814 incrementum
1482 2757 1789 2811 animarum
1831 2756 2040 2810 numeri

468 2854 756 2917 consistat,
808 2866 906 2906 nec
938 2851 1168 2904 ulterius
1223 2847 1618 2918 progrediatur,
1667 2862 1734 2901 ne
1781 2857 2043 2916 perpetuo

470 2947 602 3002 ﬂuat
627 2953 838 3007 natura,
858 2957 1071 3010 semper
1097 2941 1150 2994 in
1168 2955 1280 3002 eas,
1307 2954 1427 3008 quae
1450 2938 1567 2991 aliae
1586 2946 1705 3006 post
1737 2939 1871 2992 alias
1902 2938 2043 2992 cxsi-

473 3043 644 3098 stant,
672 3048 902 3088 manans
917 3030 1140 3086 ulterius
1167 3044 1230 3083 ac
1243 3042 1518 3098 nunquam
1539 3028 1738 3081 moveri
1763 3027 2040 3082 desinens.

473 3127 709 3184 Causam
762 3132 940 3179 autem
989 3137 1087 3176 cur
1134 3127 1381 3176 nostram
1436 3134 1654 3189 quoque
1691 3133 1916 3188 prorsus
1953 3118 2047 3171 ali-

477 3218 703 3290 quando
726 3223 977 3271 naturam
1009 3213 1258 3268 stabilem
1293 3210 1410 3266 ﬁeri
1437 3217 1706 3279 oporteat,
1736 3209 1878 3264 hanc
1925 3224 2048 3264 esse

479 3319 764 3381 putamus,
805 3307 951 3379 quod
977 3321 1100 3360 cum
1125 3305 1515 3360 omnisnatura
1544 3317 1666 3372 quae
1697 3316 1894 3357 sensus
1915 3300 2047 3357 εσυ-

480 3405 634 3474 giens
660 3410 841 3458 mente
867 3399 984 3456 sola
1011 3396 1515 3469 comprehenditur,
1562 3395 1620 3449 in
1655 3410 1758 3451 suo
1813 3394 2054 3464 comple-

481 3502 665 3550 mento
713 3509 777 3550 ac
806 3490 1146 3564 plenitudine
1181 3490 1467 3552 consistat,
1510 3486 1789 3556 probabile
1835 3500 1900 3540 ac
1957 3501 2055 3554 par

481 3595 566 3642 est
589 3585 882 3639 humanum
905 3590 1122 3653 quoque
1143 3579 1437 3650 aliquando
1455 3593 1627 3649 genus
1656 3577 1724 3632 ad
1748 3577 1910 3633 linem
1931 3593 2056 3634 esse

481 3684 864 3746 perventurum
903 3673 1051 3743 (nam
1086 3686 1156 3726 ne
1215 3671 1319 3726 hoc
1352 3669 1573 3740 quidem
1631 3669 1699 3724 ab
1732 3683 1796 3723 ea
1833 3676 2050 3734 natura,

485 3782 608 3836 quae
635 3783 741 3821 non
774 3780 962 3827 sensu,
991 3763 1087 3818 sed
1115 3769 1298 3817 mente
1341 3762 1609 3822 cernitur,
1650 3761 1886 3815 alienum
1923 3759 2053 3832 est),

487 3873 558 3912 ne
585 3870 799 3923 semper
851 3855 907 3907 in
949 3852 1164 3907 defectu
1209 3849 1456 3918 conspici
1512 3849 1875 3904 existimetur.
1919 3849 2054 3904 Nam

491 3947 719 4001 aliorum
745 3951 866 4014 post
899 3943 1004 3997 alia
1039 3940 1274 3998 subinde
1303 3939 1687 3995 exsistentium
1720 3953 1935 4008 semper
1969 3955 2055 3994 ac-

491 4035 666 4090 cessio
692 4036 866 4105 arguit
887 4042 1135 4088 naturam
1168 4047 1289 4087 esse
1320 4030 1715 4101 imperfectam.
1736 4031 1871 4086 Cum
1895 4031 2059 4101 igitur

493 4142 662 4196 genus
683 4126 978 4180 humanum
1013 4125 1076 4178 ad
1106 4139 1257 4180 suam
1301 4123 1687 4192 plenitudinem
1719 4123 2053 4192 pervenerit,

2107 589 2264 657 τικῆς
2289 587 2602 656 ποσότητος,
2635 585 2730 638 κα).
2761 586 2794 656 ἡ
2828 584 2926 654 τῆς
2956 583 3132 654 ψυχῆς
3165 580 3502 649 διαφαίνεται
3529 579 3687 632 δύνα-

2114 695 2222 749 μις·
2261 677 2475 748 πρῶτον
2511 677 2606 748 μὲν
2651 676 2740 730 διὰ
2774 676 2867 728 τοῦ
2913 672 3206 746 θρεπτικοῦ
3255 673 3347 725 κα).
3387 667 3685 740 αὐξητικοῦ

2108 771 2221 832 τοῖς
2260 768 2467 822 ἔνδοθεν
2501 767 2895 838 πλασσομένοις
2924 765 3267 836 ἐγγινομένη.
3317 762 3472 816 Μετά
3510 761 3688 814 ταῦτα

2111 860 2168 913 δὲ
2210 859 2308 932 τὴν
2347 859 2665 929 αἰσθητικὴν
2709 858 2868 931 χάριν
2908 859 3019 922 τοῖς
3051 859 3132 920 είς
3166 855 3281 925 φῶς
3334 852 3690 925 προελθοῦσιν

2113 951 2408 1019 ἐπάγουσα,
2440 947 2539 1004 εἴθ’
2564 950 2726 1013 οὕτω,
2750 950 3000 1021 καθάπερ
3021 947 3142 1003 τινά
3169 947 3401 1018 καρπὸν,
3433 946 3692 1016 αὐξηθέν-

2112 1057 2204 1103 τος
2233 1040 2333 1110 ἤδη
2366 1039 2458 1092 τοῦ
2489 1038 2680 1109 φυτοῦ,
2717 1039 2950 1110 μετρίως
2971 1038 3082 1109 (Gl)
3111 1037 3210 1108 τὴν
3239 1036 3461 1106 λογικὴν
3488 1035 3691 1105 ἐμφαί-

2115 1149 2280 1186 νουσα
2313 1131 2560 1201 δύναμιν,
2607 1131 2667 1184 ού
2712 1132 2888 1184 πᾶσαν
2922 1128 3066 1182 κατά
3105 1128 3166 1181 τὺ
3203 1127 3416 1197 ἀθρόον,
3447 1126 3583 1179 ἀλλὰ
3621 1127 3691 1196 τῇ

2115 1222 2390 1294 ἀναδρομῇ
2422 1221 2515 1274 τοῦ
2561 1221 2727 1291 φυτοῦ
2765 1221 2831 1275 δι’
2862 1219 3152 1275 ἀκολούθου
3184 1219 3466 1290 προκοπῆς
3493 1235 3693 1271 συναυ-

2119 1313 2413 1385 ξανομένην
2453 1313 2587 1383 (62).
2640 1312 2856 1383 Ἐπειδὴ
2904 1313 3081 1365 τοίνυν
3138 1311 3199 1364 τὸ
3255 1313 3320 1364 ὲκ
3355 1309 3462 1363 τῶν
3513 1307 3694 1378 ἐμψύ-

2119 1421 2228 1475 χων
2266 1405 2346 1468 εἰς
2372 1403 2624 1475 ἀφορμὴν
2666 1401 2907 1474 ἐμψύχου
2950 1401 3062 1472 (65)
3095 1400 3404 1463 συστάσεως
3433 1397 3698 1453 ἀποσπώ-

2125 1513 2303 1566 μενον,
2331 1495 2525 1566 νεκρὸν
2547 1491 2686 1549 εἶναι
2711 1494 2771 1547 ού
2799 1493 3020 1547 δύναται
3051 1493 3106 1563 (ἠ
3130 1491 3238 1563 γὰρ
3272 1489 3533 1562 νεκρότης
3555 1488 3698 1541 κατά

2119 1587 2297 1658 ψυχῆς
2346 1587 2601 1657 στέρησιν
2639 1587 2875 1654 γίνεται·
2910 1583 3010 1637 ούκ
3061 1583 3125 1636 ἂν
3171 1584 3234 1652 δὴ
3271 1582 3381 1653 (64)
3414 1579 3697 1652 προσλάϐῃ

2124 1679 2236 1748 (65)
2273 1679 2370 1749 τὴν
2402 1677 2513 1744 ἕξιν
2550 1680 2582 1748 ἠ
2625 1677 2883 1748 στέρησις
2913 1688 2947 1738 )’
2990 1678 3053 1728 ὲκ
3083 1673 3286 1728 τούτων
3349 1671 3703 1740 καταλαμϐά-

2125 1787 2286 1838 νομεν
2313 1769 2374 1821 τὸ
2399 1767 2582 1839 κοινὴν
2611 1767 2689 1834 τῷ
2721 1768 2781 1831 ἐξ
2823 1766 3146 1837 ἀμφοτέρων
3180 1764 3290 1834 (66)
3325 1761 3702 1831 συνισταμένῳ

2129 1854 2481 1924 συγκρίματι,
2509 1853 2606 1924 τὴν
2651 1855 2729 1917 είς
2756 1854 2816 1907 τὸ
2840 1851 2978 1906 εἶναι
3024 1852 3255 1921 πάροδον
3288 1851 3530 1919 γίνεσθαι
3562 1851 3702 1919 (67),

2129 1940 2250 1994 οὔτε
2298 1941 2486 1994 τούτου
2527 1941 2978 2012 προτερεύοντος,
3023 1939 3133 1994 οὒτ’
3176 1939 3385 1994 ἐκείνου
3420 1939 3708 2008 ἐφυστερί-

2132 2031 2313 2096 ζοντος
2333 2049 2346 2063 ·
2390 2034 2575 2086 στᾶσιν
2606 2033 2663 2084 δέ
2693 2049 2820 2086 ποτε
2851 2032 2950 2101 τῆς
2991 2031 3085 2085 τοῦ
3113 2031 3345 2102 ἀριθμοῦ
3379 2031 3484 2084 τῶν
3515 2031 3708 2100 ψυχῶν

2133 2122 2429 2193 αὐξήσεως,
2447 2122 2754 2190 ἀναγκαίως
2776 2124 2982 2192 προορᾷ
3009 2123 3037 2174 ὁ
3067 2123 3239 2190 λόγος.
3277 2122 3363 2184 Ὠς
3388 2121 3452 2174 ἂν
3491 2122 3563 2192 μὴ
3591 2122 3710 2174 δια-

2134 2211 2332 2274 παντὸς
2379 2211 2547 2282 ῥέοιὴ
2583 2210 2762 2279 φύσις,
2793 2211 2880 2264 ἀεὶ
2917 2211 3006 2263 διὰ
3037 2211 3142 2264 τῶν
3172 2210 3568 2280 ἐπιγινομένων
3613 2212 3710 2262 ἐπὶ

2133 2301 2194 2353 τὸ
2220 2301 2404 2371 πρόσω
2427 2301 2678 2371 χεομένη,
2707 2302 2799 2354 καὶ
2817 2301 3070 2354 οὐδέποτε
3099 2302 3196 2371 τῆς
3225 2303 3488 2373 κινήσεως
3508 2302 3711 2372 λήγου-

2139 2407 2224 2442 σα.
2254 2390 2363 2460 Τὴν
2383 2390 2441 2443 δὲ
2470 2390 2646 2444 αἰτίαν
2674 2391 2767 2443 τοῦ
2787 2391 2894 2445 δεῖν
2923 2391 3137 2454 πάντως
3167 2391 3427 2461 στάσιμόν
3457 2409 3585 2444 ποτε
3618 2393 3714 2445 κα).

2135 2479 2232 2550 τὴν
2271 2481 2545 2552 ἡμετέραν
2581 2481 2824 2549 γίνεσθαι
2869 2482 3049 2552 φύσιν,
3084 2481 3287 2552 ταύτην
3329 2483 3582 2553 οἰόμεθα,
3629 2485 3716 2536 ὅτι

2139 2570 2318 2640 πάσης
2347 2572 2446 2641 τῆς
2491 2573 2684 2643 νοητῆς
2729 2571 2942 2640 φύσεως
2985 2573 3043 2625 ὲν
3093 2571 3171 2642 τῷ
3221 2571 3334 2643 ἰδίῳ
3387 2571 3718 2642 πληρώματι

2140 2661 2418 2732 ἑστώσης,
2453 2663 2598 2726 εἰκός
2641 2681 2770 2716 ποτε
2821 2664 2913 2716 κα).
2955 2663 3017 2716 τὸ
3059 2663 3396 2734 ἀνθρώπινον
3428 2665 3507 2726 είς
3540 2663 3720 2734 πέρας

2141 2751 2333 2816 ἐλθεῖν,
2365 2754 2483 2806 ούδὲ
2517 2755 2624 2825 γὰρ
2652 2755 2810 2808 τοῦτο
2847 2757 2944 2826 τῆς
2977 2757 3174 2826 νοητῆς
3216 2755 3569 2826 ἠλλοτρίωται
3616 2756 3724 2823 φύε-

2143 2860 2308 2907 σεως·
2361 2845 2436 2908 ὡς
2490 2846 2563 2916 μὴ
2606 2848 2834 2901 πάντοτε
2882 2849 3057 2901 δοκεῖν
3099 2849 3156 2902 ὲν
3199 2846 3278 2918 τῷ
3321 2847 3559 2900 λείποντι
3604 2846 3716 2913 (68)

2144 2935 2496 3004 καθορᾶσθαι.
2535 2937 2598 2988 Ἦ
2628 2936 2734 3008 γὰρ
2765 2938 2850 2990 ἀε).
2869 2938 2975 2992 τῶν
2995 2937 3386 3008 ἐπιγινομένων
3408 2937 3717 3007 προσθήκη,

2144 3027 2446 3097 κατηγορία
2480 3026 2573 3080 τοῦ
2607 3028 2942 3093 ἐλλείποντος
2973 3029 3084 3099 (69)
3123 3029 3264 3100 ἔχειν
3301 3029 3394 3100 τὴν
3437 3028 3595 3097 φύσιν
3629 3027 3716 3095 7E-

2145 3134 2312 3171 νεται.
2366 3119 2615 3174 Ἐπειδὰν
2655 3115 2747 3174 οὖν
2781 3123 2862 3184 είς
2889 3121 2951 3174 τὸ
2987 3123 3182 3175 οἰκεῖον
3218 3120 3489 3191 πλήρωμα
3528 3117 3588 3170 τὸ
3627 3117 3725 3169 ἀν-

2148 3207 2416 3279 θρώπινον
2463 3211 2665 3282 φθάσῃ,
2721 3214 2978 3280 στήσεται
3023 3211 3239 3271 πάντως
3282 3212 3315 3280 ἡ
3355 3208 3558 3280 ῥοώδης
3603 3206 3722 3277 (70)

2146 3299 2284 3369 αῦτη
2312 3301 2410 3370 τῆς
2435 3302 2651 3371 φύσεως
2676 3303 2906 3370 κίνησις,
2939 3304 3017 3365 είς
3048 3301 3106 3354 τὸ
3135 3303 3428 3369 ἀναγκαῖον
3455 3299 3726 3368 καταντή-

2150 3409 2290 3446 σασα
2311 3393 2504 3464 πέρας,
2538 3392 2632 3447 καί
2652 3410 2735 3455 τις
2761 3392 2922 3463 ἑτέρα
2949 3391 3275 3454 κατάστασις
3304 3390 3404 3460 τὴν
3442 3386 3581 3457 ζωὴν
3609 3387 3730 3440 δια-

2149 3483 2361 3554 δέχεται
2388 3483 2522 3554 (71),
2555 3484 2654 3555 τῆς
2683 3483 2777 3538 νῦν
2809 3485 2865 3537 ὲν
2901 3485 3108 3551 γενέσει
3151 3482 3245 3537 κα).
3281 3481 3456 3552 φθορᾷ
3485 3481 3735 3548 διεξαγοο

2158 3576 2323 3646 μένης
2362 3575 2760 3646 κεχωρισμένη.
2805 3577 2898 3645 Μὴ
2931 3574 3095 3645 ούσης
3122 3576 3229 3646 γὰρ
3258 3574 3544 3642 γενέσεως,
3585 3572 3735 3626 κατὰ

2161 3667 2340 3719 πᾶσαν
2381 3664 2623 3733 ἀνάγκην
2660 3663 2780 3716 οὐδὲ
2820 3662 2880 3716 τὸ
2921 3662 3271 3733 φθειρόμενον
3305 3661 3474 3712 ἔσται.
3517 3659 3581 3712 Εἰ
3623 3658 3737 3728 γὰρ

2163 3756 2267 3827 πρὸ
2298 3757 2397 3826 τῆς
2437 3754 2728 3818 διαλύσεως
2776 3753 3020 3816 σύνθεσις
3053 3753 3164 3823 (72)
3203 3753 3453 3823 ἄρχεται,
3487 3749 3740 3802 σύνθεσιν

2160 3844 2218 3898 δέ
2256 3860 2434 3914 φαμεν
2458 3842 2555 3913 τὴν
2581 3843 2668 3897 διὰ
2692 3843 2957 3912 γενέσεως
2988 3843 3218 3913 πάροδον
3243 3857 3258 3872 °
3285 3838 3574 3894 ἀκόλουθον
3600 3837 3744 3890 πάν-

2161 3954 2270 4000 τως
2305 3937 2378 4007 μὴ
2406 3935 2822 4006 καθηγουμένης
2854 3936 2953 4007 τῆς
2981 3934 3311 3996 συνθέσεως,
3344 3931 3476 4003 μηδὲ
3503 3930 3601 4001 τὴν
3625 3930 3744 3983 διά-

2161 4028 2313 4081 λυσιν
2335 4028 2581 4082 ἕπεσθαι.
2612 4027 2820 4082 Οὐκοῦν
2845 4027 3057 4082 ὲστῶσά
3087 4045 3171 4089 τις
3196 4026 3307 4097 (75)
3339 4025 3432 4078 κα).
3460 4021 3743 4084 ἀδιάλυτος

2166 4119 2200 4188 ἡ
2243 4121 2378 4190 μετὰ
2431 4119 2604 4175 ταῦτα
2634 4120 2746 4192 ζωὴ
2780 4121 2847 4174 δι’
2887 4119 3202 4184 ἀκολουθίας
3239 4119 3349 4188 (74)
3381 4115 3744 4186 προφαίνεται

495 4215 757 4270 consistet
788 4214 1012 4267 omnino
1041 4211 1216 4266 (luxus
1246 4211 1338 4265 hic
1375 4218 1582 4266 naturae
1620 4221 1822 4279 motus,
1854 4211 2034 4280 quippi

2169 4210 2304 4281 (75),
2317 4211 2441 4264 οὔτε
2458 4213 2562 4265 ὑπὸ
2577 4212 2862 4280 γενέσεως,
2881 4211 3004 4265 οὔτε
3021 4209 3126 4266 ὑπὸ
3143 4211 3345 4281 φθορᾶς
3363 4209 3572 4262 ἀλλοιου
3581 4206 3742 4276 μένη.

497 4306 864 4361 necessarium
897 4305 1054 4358 tinem
1087 4310 1406 4367 assecutus;
1441 4312 1603 4373 atque
1641 4303 1780 4357 alius
1835 4302 2054 4372 quidam
2089 4309 2265 4358 status
2301 4304 2468 4357 vitam
2517 4305 2772 4372 excipiet,
2824 4304 3074 4360 diversus
3110 4303 3175 4358 ab
3207 4317 3290 4368 eo,
3335 4302 3427 4370 qui
3469 4316 3614 4355 nunc
3648 4315 3752 4369 per

496 4395 898 4462 generationem
931 4403 1091 4462 atque
1125 4394 1529 4462 corruptionem
1561 4393 1790 4447 invicem
1821 4393 2080 4463 exigitur.
2123 4393 2222 4448 Ubi
2246 4395 2389 4449 enim
2426 4403 2582 4449 ortus
2615 4401 2666 4449 et
2685 4396 2963 4464 generatio
2995 4411 3099 4449 non
3130 4393 3252 4456 erit,
3273 4393 3496 4446 omnino
3518 4406 3754 4446 necesse

495 4492 580 4539 est
607 4491 664 4536 ut
698 4499 764 4537 nc
793 4485 864 4539 sit
899 4483 1118 4554 quidem
1152 4485 1292 4553 quod
1319 4485 1550 4538 intereat
1595 4491 1649 4537 et
1679 4492 2081 4552 corrumpatur.
2132 4483 2266 4538 Nam
2336 4485 2381 4542 si
2446 4485 2861 4540 dissolutionem
2932 4484 3256 4554 compositio
3286 4482 3539 4552 praecedit
3571 4481 3749 4550 (com-

497 4576 820 4646 positionem
848 4582 1026 4630 autem
1059 4574 1312 4640 dicimus,
1345 4589 1624 4629 accessum
1659 4589 1755 4642 per
1785 4575 2243 4645 generationem),
2268 4576 2492 4630 omnino
2523 4575 3079 4645 consequitur,quod,
3105 4590 3208 4629 non
3239 4573 3575 4643 praecedente
3598 4587 3755 4627 com-

499 4669 791 4739 positione,
846 4684 948 4724 nec
994 4668 1283 4723 dissolutio
1321 4667 1542 4738 quidem
1581 4679 1863 4737 sequatur.
1890 4669 2031 4740 Ergo
2105 4669 2319 4724 stabilis
2375 4670 2645 4739 quredam,
2693 4684 2758 4724 ac
2819 4668 3200 4723 dissolutionis
3224 4682 3420 4737 expers
3451 4674 3573 4736 post
3605 4664 3795 4720 hanceJ

500 4759 682 4815 futura
725 4760 910 4831 (prout
934 4759 1159 4815 credere
1191 4773 1287 4829 par
1314 4759 1419 4829 est)
1463 4758 1570 4814 vita
1603 4760 1983 4832 praesignatur,
2019 4774 2140 4830 qua:
2169 4767 2346 4830 neque
2376 4776 2472 4831 per
2497 4771 2702 4827 ortum,
2734 4776 2911 4831 neque
2952 4775 3050 4832 per
3087 4761 3368 4815 interitum
3409 4759 3731 4812 immutetur
3751 4792 3776 4810 τ

720 4978 873 5045 Πρὸς
897 4980 1098 5051 λόγοχ.
1113 4978 1176 5051 ,Β
1203 4975 1338 5051 ⁸ῖξρδς
1363 4976 1644 5044 ἀνάλογον.

2135 4966 2151 5015 ⁵
2192 5049 2201 5051 _
2251 4981 2362 5050 (70)
2412 4980 2684 5051 Ῥοώδης.
2716 4979 2848 5035 Ain
2876 4979 3141 5050 margine,
3183 4980 3236 5034 in
3265 4986 3416 5036 textu
3451 4987 3630 5035 autem
3673 4973 3752 5049 ῥι-

599 5048 690 5118 61)
728 5046 1006 5116 Μετρὶωςέ.
1037 5047 1181 5118 Delel
1218 5046 1279 5100 Β.
1346 5116 1355 5118 _
1583 5114 1604 5118 _
1759 5114 1771 5118 _

2182 5046 2378 5118 ξὼδηξ.

573 5114 687 5190 (θὲ)
724 5114 1288 5190 Συνὶωξανομένῃν.
1329 5116 1375 5167 Α
1408 5114 1860 5186 συναυξανομένη.
2194 5114 2202 5115 7
2253 5114 2364 5189 (771)
2403 5119 2755 5190 Διαδέχεται.
2790 5122 2853 5185 Δ,
2891 5121 2932 5173 Β
2959 5119 3273 5183 διαδέξεται.

576 5188 688 5318 $63)
739 5185 1151 5256 Ἐμψύχου.Α
1184 5185 1442 5257 ἔμψυχον.
1712 5185 1717 5186 7
1830 5185 1833 5186 7
2255 5185 2367 5318 (7?;
2407 5185 2716 5272 Σύνθξσις.
2758 5193 2820 5270 A_.
2850 5191 2952 5276 8"?)
2984 5191 3132 5243 σύνθ.

602 5257 688 5318 δι)
725 5256 825 5318 At}.
865 5258 905 5307 B
936 5257 1012 5310 δέ.
2257 5261 2308 5318 (7
2316 5275 2347 5315 o
2411 5263 2644 5314 Οὐκουν
2673 5261 2910 5314 ἐστωσα
2929 5277 3034 5318 τις.
3064 5261 3120 5313 In

602 5257 688 5329 ῥξ)
725 5256 825 5320 At}.
865 5257 1012 5329 B8_é.
1129 5328 1134 5329 ν
1221 5256 1226 5257 7
1297 5324 1397 5329 --Δ

2257 5256 2367 5329 (75)
2411 5261 2644 5314 Οὐκοῦν
2673 5260 2910 5314 ἐστῶσὰ
2929 5256 3034 5324 της.
3064 5261 3120 5313 1η
3151 5259 3299 5314 calce
3323 5259 3532 5329 codicis
3548 5257 3758 5329 Adranc

579 5325 690 5404 (ἓξ)
730 5326 1069 5404 {lemma-
1111 5328 1153 5404 ’Ξ
1189 5324 1501 5404 Wolﬁo“
1542 5393 1554 5404 .
1598 5402 1607 5404 ι
1649 5395 1683 5404 _

2185 5324 2414 5404 invenio
2435 5330 2921 5404 observationem}
2962 5331 3081 5384 ’Ότι
3108 5329 3274 5404 “una;
3319 5331 3418 5404 τὴν
3457 5328 3548 5380 τοῦ
3581 5328 3762 5404 [€017-

735 5393 809 5470 ζ
840 5395 1044 5470 κοινὸν
1077 5394 1160 5470 τῷ
1187 5397 1256 5470 ἐξ
1284 5393 1434 5470 ᾀμφῖ
1465 5393 1614 5449 Delet
1647 5395 1706 5448 Β.
2187 5401 2366 5470 γελίου
2393 5399 2710 5454 ἀκολουθίαν
2739 5402 2772 5470 ἠ
2810 5399 3072 5470 μέλλουσα
3103 5400 3214 5470 ζωὴ
3244 5393 3545 5470 ἀπέραντος
3583 5398 3754 5452 ἔσται.

579 5465 692 5536 (67)
732 5465 1032 5536 Γίνεσθαι.
1063 5465 1105 5518 Α
1128 5467 1396 5536 γενέσθαι.
2199 5465 2210 5470 7
2259 5471 2369 5536 (74)
2404 5470 2483 5524 Δι’
2515 5465 2894 5535 ἀκολουθίας.
2935 5473 3000 5525 Α.
3033 5470 3074 5520 Β
3097 5469 3161 5521 δι’
3193 5465 3507 5522 ἀκολούθου.

730 5534 1023 5610 diligant.
1064 5537 1108 5587 A
1139 5534 1453 5610 cnsinovrt.
1477 5607 1500 5610 μ
2261 5534 2370 5610 (75)
2409 5539 2822 5610 Προφαίνεται.
2853 5534 2920 5605 Α,
2952 5541 2993 5591 Β
3023 5539 3229 5593 addunt
3266 5541 3520 5602 πίστεως.

745 5605 1175 5670 Ἑλλείποντος.
1234 5605 1279 5656 Α
1311 5605 1560 5671 ἐλλιπῶς.

675 5468 694 5678 ξ

498 5591 674 5684 τίδὲ

587 5785 663 5858 (α)
701 5785 977 5858 Scholion.
1015 5785 1160 5840 Unde
1181 5803 1269 5842 uer
1298 5790 1430 5842 redit
1455 5788 1664 5858 quidem
1705 5805 1932 5855 unquam
1963 5790 2190 5857 privatio
2211 5787 2278 5840 ad
2299 5788 2532 5841 habitum
2561 5803 2576 5840 :
2601 5784 2757 5841 veluti
2780 5785 2989 5840 ca'citas
3012 5781 3081 5836 ad
3111 5782 3299 5837 visum:
3330 5790 3513 5836 contra
3539 5795 3763 5849 namque

506 5854 744 5934 _ltabitus,
785 5857 1078 5926 privatione
1116 5859 1380 5926 antiquior
1413 5854 1511 5922 est,
1549 5876 1608 5912 ac
1649 5854 1795 5914 solet
1819 5877 1931 5914 cum
1963 5854 2188 5926 privatio
2220 5868 2442 5912 mutare.
