  <div class='ocr_page' id='page_1' title='image "/cluster/home/n/w/nwhite01/storage/ocr_20150623/46/mdp.39015011915447/072.png"; bbox 0 0 3950 6132; ppageno 0'>
   <div class='ocr_carea' id='block_1_1' title="bbox 219 143 324 203">
    <p class='ocr_par' dir='ltr' id='par_1_1' title="bbox 219 143 324 203">
     <span class='ocr_line' id='line_1_1' title="bbox 219 143 324 203; baseline 0.019 -1"><span class='ocrx_word' id='word_1_1' title='bbox 219 143 324 203; x_wconf 68' lang='grc'><strong>129</strong></span> 
     </span>
    </p>
   </div>
   <div class='ocr_carea' id='block_1_2' title="bbox 1310 148 2422 211">
    <p class='ocr_par' dir='ltr' id='par_1_2' title="bbox 1310 148 2422 211">
     <span class='ocr_line' id='line_1_2' title="bbox 1310 148 2422 211; baseline 0.006 -8"><span class='ocrx_word' id='word_1_2' title='bbox 1310 150 1400 205; x_wconf 91' lang='lat' dir='ltr'><strong>DE</strong></span> <span class='ocrx_word' id='word_1_3' title='bbox 1436 148 1655 208; x_wconf 76' lang='lat' dir='ltr'><strong>ANIMA</strong></span> <span class='ocrx_word' id='word_1_4' title='bbox 1691 150 1780 206; x_wconf 88' lang='lat' dir='ltr'>ET</span> <span class='ocrx_word' id='word_1_5' title='bbox 1815 150 2422 211; x_wconf 81' lang='lat' dir='ltr'><strong>RESURRECTIONE.</strong></span> 
     </span>
    </p>
   </div>
   <div class='ocr_carea' id='block_1_3' title="bbox 3377 167 3482 222">
    <p class='ocr_par' dir='ltr' id='par_1_3' title="bbox 3377 167 3482 222">
     <span class='ocr_line' id='line_1_3' title="bbox 3377 167 3482 222; baseline 0.019 -1"><span class='ocrx_word' id='word_1_6' title='bbox 3377 167 3482 222; x_wconf 76' lang='grc'>150</span> 
     </span>
    </p>
   </div>
   <div class='ocr_carea' id='block_1_4' title="bbox 283 255 1790 354">
    <p class='ocr_par' dir='ltr' id='par_1_4' title="bbox 283 255 1790 338">
     <span class='ocr_line' id='line_1_4' title="bbox 283 255 1790 338; baseline 0.011 -31"><span class='ocrx_word' id='word_1_7' title='bbox 283 255 344 312; x_wconf 86' lang='grc' dir='ltr'><strong>Γ.</strong></span> <span class='ocrx_word' id='word_1_8' title='bbox 369 257 510 326; x_wconf 82' lang='grc' dir='ltr'>Ἐγὼ</span> <span class='ocrx_word' id='word_1_9' title='bbox 523 256 580 315; x_wconf 85' lang='grc' dir='ltr'>δὲ</span> <span class='ocrx_word' id='word_1_10' title='bbox 596 258 765 314; x_wconf 79' lang='grc' dir='ltr'>ταῦτα</span> <span class='ocrx_word' id='word_1_11' title='bbox 784 260 1148 336; x_wconf 82' lang='grc' dir='ltr'><strong>διεξελθούσης</strong></span> <span class='ocrx_word' id='word_1_12' title='bbox 1162 261 1472 322; x_wconf 86' lang='grc' dir='ltr'>διδασκάλον</span> <span class='ocrx_word' id='word_1_13' title='bbox 1483 265 1592 338; x_wconf 76' lang='grc'>(62)</span> <span class='ocrx_word' id='word_1_14' title='bbox 1603 310 1618 334; x_wconf 95' lang='grc'><strong>,</strong></span> <span class='ocrx_word' id='word_1_15' title='bbox 1651 271 1790 323; x_wconf 81' lang='grc' dir='ltr'>ἐπει-</span> 
     </span>
    </p>
   </div>
   <div class='ocr_carea' id='block_1_5' title="bbox 1900 255 3480 354">
    <p class='ocr_par' dir='ltr' id='par_1_5' title="bbox 1918 273 3480 354">
     <span class='ocr_line' id='line_1_5' title="bbox 1918 273 3480 354; baseline 0.008 -29"><span class='ocrx_word' id='word_1_16' title='bbox 1918 312 1929 324; x_wconf 92' lang='grc'><strong>.</strong></span> <span class='ocrx_word' id='word_1_17' title='bbox 1985 273 2050 329; x_wconf 90' lang='lat' dir='ltr'><strong>G.</strong></span> <span class='ocrx_word' id='word_1_18' title='bbox 2072 274 2186 347; x_wconf 84' lang='lat' dir='ltr'><strong>Ego</strong></span> <span class='ocrx_word' id='word_1_19' title='bbox 2211 290 2340 331; x_wconf 83' lang='lat' dir='ltr'><strong>vero</strong></span> <span class='ocrx_word' id='word_1_20' title='bbox 2361 317 2378 341; x_wconf 91' lang='lat'><strong>,</strong></span> <span class='ocrx_word' id='word_1_21' title='bbox 2401 292 2523 334; x_wconf 89' lang='lat' dir='ltr'><strong>cum</strong></span> <span class='ocrx_word' id='word_1_22' title='bbox 2551 277 2664 338; x_wconf 71' lang='lat' dir='ltr'><strong>hazc</strong></span> <span class='ocrx_word' id='word_1_23' title='bbox 2695 280 2950 351; x_wconf 84' lang='lat' dir='ltr'><strong>magistra</strong></span> <span class='ocrx_word' id='word_1_24' title='bbox 2985 285 3365 354; x_wconf 80' lang='lat' dir='ltr'><strong>exposuisset,</strong></span> <span class='ocrx_word' id='word_1_25' title='bbox 3413 299 3480 338; x_wconf 82' lang='lat' dir='ltr'><strong>ac</strong></span> 
     </span>
    </p>
   </div>
   <div class='ocr_carea' id='block_1_6' title="bbox 213 349 1798 432">
    <p class='ocr_par' dir='ltr' id='par_1_6' title="bbox 213 349 1798 432">
     <span class='ocr_line' id='line_1_6' title="bbox 213 349 1798 432; baseline 0.008 -30"><span class='ocrx_word' id='word_1_26' title='bbox 213 349 282 421; x_wconf 80' lang='grc' dir='ltr'>δὴ</span> <span class='ocrx_word' id='word_1_27' title='bbox 313 353 426 414; x_wconf 76' lang='grc' dir='ltr'>τοῖς</span> <span class='ocrx_word' id='word_1_28' title='bbox 459 352 672 417; x_wconf 81' lang='grc' dir='ltr'><strong>πολλοῖς</strong></span> <span class='ocrx_word' id='word_1_29' title='bbox 701 355 1188 426; x_wconf 80' lang='grc' dir='ltr'><strong>παρακαθημένοις</strong></span> <span class='ocrx_word' id='word_1_30' title='bbox 1206 357 1319 429; x_wconf 88' lang='grc'>(77)</span> <span class='ocrx_word' id='word_1_31' title='bbox 1342 358 1518 413; x_wconf 87' lang='grc' dir='ltr'>ἐδόκει</span> <span class='ocrx_word' id='word_1_32' title='bbox 1543 361 1606 413; x_wconf 84' lang='grc' dir='ltr'><strong>τὸ</strong></span> <span class='ocrx_word' id='word_1_33' title='bbox 1628 378 1798 432; x_wconf 88' lang='grc' dir='ltr'>προσ-</span> 
     </span>
    </p>
   </div>
   <div class='ocr_carea' id='block_1_7' title="bbox 212 438 1800 522">
    <p class='ocr_par' dir='ltr' id='par_1_7' title="bbox 212 438 1800 522">
     <span class='ocr_line' id='line_1_7' title="bbox 212 438 1800 522; baseline 0.007 -28"><span class='ocrx_word' id='word_1_34' title='bbox 212 438 353 510; x_wconf 77' lang='grc' dir='ltr'>ῆκον</span> <span class='ocrx_word' id='word_1_35' title='bbox 398 441 693 511; x_wconf 82' lang='grc' dir='ltr'><strong>ἐσχηκέναι</strong></span> <span class='ocrx_word' id='word_1_36' title='bbox 743 445 920 516; x_wconf 83' lang='grc' dir='ltr'>πέρας</span> <span class='ocrx_word' id='word_1_37' title='bbox 965 445 995 497; x_wconf 82' lang='grc' dir='ltr'><strong>ὁ</strong></span> <span class='ocrx_word' id='word_1_38' title='bbox 1048 445 1224 514; x_wconf 84' lang='grc' dir='ltr'>λόγος,</span> <span class='ocrx_word' id='word_1_39' title='bbox 1278 448 1535 520; x_wconf 78' lang='grc' dir='ltr'>φοὸηθεὶς</span> <span class='ocrx_word' id='word_1_40' title='bbox 1579 450 1654 522; x_wconf 83' lang='grc' dir='ltr'>μὴ</span> <span class='ocrx_word' id='word_1_41' title='bbox 1699 451 1800 506; x_wconf 86' lang='grc' dir='ltr'><strong>ούκ</strong></span> 
     </span>
    </p>
   </div>
   <div class='ocr_carea' id='block_1_8' title="bbox 213 529 1798 611">
    <p class='ocr_par' dir='ltr' id='par_1_8' title="bbox 213 529 1798 611">
     <span class='ocr_line' id='line_1_8' title="bbox 213 529 1798 611; baseline 0.008 -30"><span class='ocrx_word' id='word_1_42' title='bbox 213 529 294 585; x_wconf 74' lang='grc' dir='ltr'>ἔτι</span> <span class='ocrx_word' id='word_1_43' title='bbox 339 530 370 584; x_wconf 76' lang='grc' dir='ltr'><strong>ὸ</strong></span> <span class='ocrx_word' id='word_1_44' title='bbox 422 532 657 587; x_wconf 81' lang='grc' dir='ltr'><strong>διαλύων</strong></span> <span class='ocrx_word' id='word_1_45' title='bbox 705 534 818 606; x_wconf 89' lang='lat'><strong>(78)</strong></span> <span class='ocrx_word' id='word_1_46' title='bbox 839 536 986 604; x_wconf 85' lang='grc' dir='ltr'><strong>-ήμῖν</strong></span> <span class='ocrx_word' id='word_1_47' title='bbox 1023 535 1090 591; x_wconf 79' lang='grc' dir='ltr'>τὰ</span> <span class='ocrx_word' id='word_1_48' title='bbox 1133 537 1261 608; x_wconf 81' lang='grc' dir='ltr'>περὶ</span> <span class='ocrx_word' id='word_1_49' title='bbox 1300 540 1398 611; x_wconf 76' lang='grc' dir='ltr'><strong>τῆς</strong></span> <span class='ocrx_word' id='word_1_50' title='bbox 1449 541 1798 605; x_wconf 82' lang='grc' dir='ltr'><strong>ἀναστάσεως</strong></span> 
     </span>
    </p>
   </div>
   <div class='ocr_carea' id='block_1_9' title="bbox 212 624 1795 706">
    <p class='ocr_par' dir='ltr' id='par_1_9' title="bbox 212 624 1795 706">
     <span class='ocr_line' id='line_1_9' title="bbox 212 624 1795 706; baseline 0.008 -29"><span class='ocrx_word' id='word_1_51' title='bbox 212 625 366 694; x_wconf 83' lang='grc' dir='ltr'><strong>παρά</strong></span> <span class='ocrx_word' id='word_1_52' title='bbox 391 625 503 678; x_wconf 83' lang='grc' dir='ltr'><strong>τῶν</strong></span> <span class='ocrx_word' id='word_1_53' title='bbox 528 624 724 690; x_wconf 79' lang='grc' dir='ltr'>ἔξωθεν</span> <span class='ocrx_word' id='word_1_54' title='bbox 763 629 1148 699; x_wconf 79' lang='grc' dir='ltr'>προφερόμενα</span> <span class='ocrx_word' id='word_1_55' title='bbox 1169 670 1183 694; x_wconf 92' lang='grc'><strong>,</strong></span> <span class='ocrx_word' id='word_1_56' title='bbox 1209 631 1263 683; x_wconf 79' lang='grc' dir='ltr'><strong>εἴ</strong></span> <span class='ocrx_word' id='word_1_57' title='bbox 1286 649 1340 684; x_wconf 89' lang='grc' dir='ltr'><strong>τι</strong></span> <span class='ocrx_word' id='word_1_58' title='bbox 1381 633 1446 686; x_wconf 92' lang='grc' dir='ltr'><strong>ἐκ</strong></span> <span class='ocrx_word' id='word_1_59' title='bbox 1477 634 1576 704; x_wconf 80' lang='grc' dir='ltr'>τῆς</span> <span class='ocrx_word' id='word_1_60' title='bbox 1612 635 1795 706; x_wconf 78' lang='grc' dir='ltr'>ἀρρω-</span> 
     </span>
    </p>
   </div>
   <div class='ocr_carea' id='block_1_10' title="bbox 212 717 1795 797">
    <p class='ocr_par' dir='ltr' id='par_1_10' title="bbox 212 717 1795 797">
     <span class='ocr_line' id='line_1_10' title="bbox 212 717 1795 797; baseline 0.006 -28"><span class='ocrx_word' id='word_1_61' title='bbox 212 717 371 780; x_wconf 80' lang='grc' dir='ltr'>στίας</span> <span class='ocrx_word' id='word_1_62' title='bbox 409 720 445 787; x_wconf 78' lang='grc' dir='ltr'><strong>ἡ</strong></span> <span class='ocrx_word' id='word_1_63' title='bbox 481 718 798 784; x_wconf 88' lang='grc' dir='ltr'>διδάσκαλος</span> <span class='ocrx_word' id='word_1_64' title='bbox 844 720 1026 785; x_wconf 82' lang='grc' dir='ltr'><strong>πάθοι,</strong></span> <span class='ocrx_word' id='word_1_65' title='bbox 1070 721 1098 774; x_wconf 81' lang='grc' dir='ltr'><strong>ὃ</strong></span> <span class='ocrx_word' id='word_1_66' title='bbox 1143 722 1207 794; x_wconf 82' lang='grc' dir='ltr'>δὴ</span> <span class='ocrx_word' id='word_1_67' title='bbox 1243 722 1336 776; x_wconf 74' lang='grc' dir='ltr'><strong>καὶ</strong></span> <span class='ocrx_word' id='word_1_68' title='bbox 1393 723 1612 793; x_wconf 89' lang='grc' dir='ltr'>ἐγένετο</span> <span class='ocrx_word' id='word_1_69' title='bbox 1645 726 1795 797; x_wconf 79' lang='grc'>(79)⁶</span> 
     </span>
    </p>
   </div>
   <div class='ocr_carea' id='block_1_11' title="bbox 208 805 1798 886">
    <p class='ocr_par' dir='ltr' id='par_1_11' title="bbox 208 805 1798 886">
     <span class='ocr_line' id='line_1_11' title="bbox 208 805 1798 886; baseline 0.008 -28"><span class='ocrx_word' id='word_1_70' title='bbox 208 805 398 871; x_wconf 72' lang='grc' dir='ltr'>οὔπω,</span> <span class='ocrx_word' id='word_1_71' title='bbox 450 811 615 879; x_wconf 78' lang='grc' dir='ltr'>φημὶ,</span> <span class='ocrx_word' id='word_1_72' title='bbox 663 810 759 864; x_wconf 79' lang='grc' dir='ltr'>τοῦ</span> <span class='ocrx_word' id='word_1_73' title='bbox 843 812 1183 885; x_wconf 84' lang='grc' dir='ltr'><strong>κυριωτάτου</strong></span> <span class='ocrx_word' id='word_1_74' title='bbox 1241 813 1389 886; x_wconf 89' lang='grc'><strong>(80)</strong></span> <span class='ocrx_word' id='word_1_75' title='bbox 1462 815 1572 869; x_wconf 86' lang='grc' dir='ltr'>τῶν</span> <span class='ocrx_word' id='word_1_76' title='bbox 1657 816 1798 870; x_wconf 88' lang='grc' dir='ltr'><strong>κατά</strong></span> 
     </span>
    </p>
   </div>
   <div class='ocr_carea' id='block_1_12' title="bbox 207 899 1796 982">
    <p class='ocr_par' dir='ltr' id='par_1_12' title="bbox 207 899 1796 982">
     <span class='ocr_line' id='line_1_12' title="bbox 207 899 1796 982; baseline 0.008 -31"><span class='ocrx_word' id='word_1_77' title='bbox 207 899 387 969; x_wconf 85' lang='grc' dir='ltr'>δόγμα</span> <span class='ocrx_word' id='word_1_78' title='bbox 415 901 526 971; x_wconf 89' lang='grc'>(81)</span> <span class='ocrx_word' id='word_1_79' title='bbox 577 901 927 972; x_wconf 82' lang='grc' dir='ltr'>ζητουμένων</span> <span class='ocrx_word' id='word_1_80' title='bbox 979 905 1007 956; x_wconf 85' lang='grc' dir='ltr'>ὁ</span> <span class='ocrx_word' id='word_1_81' title='bbox 1057 903 1213 973; x_wconf 84' lang='grc' dir='ltr'>λόγος</span> <span class='ocrx_word' id='word_1_82' title='bbox 1260 903 1459 974; x_wconf 78' lang='grc' dir='ltr'>ἥψατο.</span> <span class='ocrx_word' id='word_1_83' title='bbox 1499 909 1637 980; x_wconf 77' lang='grc' dir='ltr'>Φησὶ</span> <span class='ocrx_word' id='word_1_84' title='bbox 1686 909 1796 982; x_wconf 85' lang='grc' dir='ltr'>γὰρ</span> 
     </span>
    </p>
   </div>
   <div class='ocr_carea' id='block_1_13' title="bbox 207 992 1795 1071">
    <p class='ocr_par' dir='ltr' id='par_1_13' title="bbox 207 992 1795 1071">
     <span class='ocr_line' id='line_1_13' title="bbox 207 992 1795 1071; baseline 0.007 -28"><span class='ocrx_word' id='word_1_85' title='bbox 207 993 242 1061; x_wconf 82' lang='grc' dir='ltr'>ὴ</span> <span class='ocrx_word' id='word_1_86' title='bbox 291 992 654 1057; x_wconf 77' lang='grc' dir='ltr'>θεόπνευστος</span> <span class='ocrx_word' id='word_1_87' title='bbox 699 994 912 1066; x_wconf 83' lang='grc' dir='ltr'>Γραφὴ,</span> <span class='ocrx_word' id='word_1_88' title='bbox 944 996 1085 1050; x_wconf 90' lang='grc' dir='ltr'>κατά</span> <span class='ocrx_word' id='word_1_89' title='bbox 1124 1015 1186 1050; x_wconf 87' lang='grc' dir='ltr'><strong>τε</strong></span> <span class='ocrx_word' id='word_1_90' title='bbox 1239 997 1340 1070; x_wconf 85' lang='grc' dir='ltr'>τὴν</span> <span class='ocrx_word' id='word_1_91' title='bbox 1380 997 1506 1053; x_wconf 91' lang='grc' dir='ltr'>νέαν</span> <span class='ocrx_word' id='word_1_92' title='bbox 1549 1001 1645 1053; x_wconf 74' lang='grc' dir='ltr'><strong>καὶ</strong></span> <span class='ocrx_word' id='word_1_93' title='bbox 1692 1001 1795 1071; x_wconf 83' lang='grc' dir='ltr'>ἀρ-</span> 
     </span>
    </p>
   </div>
   <div class='ocr_carea' id='block_1_14' title="bbox 157 1083 1796 1155">
    <p class='ocr_par' dir='ltr' id='par_1_14' title="bbox 157 1083 1796 1155">
     <span class='ocr_line' id='line_1_14' title="bbox 157 1083 1796 1155; baseline 0.007 -21"><span class='ocrx_word' id='word_1_94' title='bbox 157 1127 165 1148; x_wconf 76' lang='grc'><strong>,</strong></span> <span class='ocrx_word' id='word_1_95' title='bbox 209 1083 374 1153; x_wconf 83' lang='grc' dir='ltr'>χαίαν</span> <span class='ocrx_word' id='word_1_96' title='bbox 418 1085 532 1154; x_wconf 70' lang='grc'>(82)</span> <span class='ocrx_word' id='word_1_97' title='bbox 576 1084 957 1152; x_wconf 83' lang='grc' dir='ltr'>διδασκαλίαν,</span> <span class='ocrx_word' id='word_1_98' title='bbox 1028 1087 1246 1152; x_wconf 86' lang='grc' dir='ltr'>πάντως</span> <span class='ocrx_word' id='word_1_99' title='bbox 1307 1090 1440 1144; x_wconf 84' lang='grc' dir='ltr'>ποτὲ</span> <span class='ocrx_word' id='word_1_100' title='bbox 1487 1089 1639 1155; x_wconf 81' lang='grc' dir='ltr'><strong>τάξει</strong></span> <span class='ocrx_word' id='word_1_101' title='bbox 1690 1092 1796 1146; x_wconf 80' lang='grc' dir='ltr'>τινὶ</span> 
     </span>
    </p>
   </div>
   <div class='ocr_carea' id='block_1_15' title="bbox 153 1155 1796 1254">
    <p class='ocr_par' dir='ltr' id='par_1_15' title="bbox 153 1155 1796 1254">
     <span class='ocr_line' id='line_1_15' title="bbox 153 1155 1796 1254; baseline 0.004 -24"><span class='ocrx_word' id='word_1_102' title='bbox 153 1155 171 1230; x_wconf 31' lang='grc' dir='ltr'><strong><em>Γ</em></strong></span> <span class='ocrx_word' id='word_1_103' title='bbox 207 1176 306 1228; x_wconf 82' lang='grc' dir='ltr'><strong>καὶ</strong></span> <span class='ocrx_word' id='word_1_104' title='bbox 366 1175 546 1246; x_wconf 82' lang='grc' dir='ltr'>εἱρμῷ</span> <span class='ocrx_word' id='word_1_105' title='bbox 601 1179 701 1248; x_wconf 82' lang='grc' dir='ltr'><strong>τῆς</strong></span> <span class='ocrx_word' id='word_1_106' title='bbox 757 1177 970 1246; x_wconf 76' lang='grc' dir='ltr'>φύσεως</span> <span class='ocrx_word' id='word_1_107' title='bbox 1021 1179 1177 1250; x_wconf 80' lang='grc' dir='ltr'>ἡμῶν</span> <span class='ocrx_word' id='word_1_108' title='bbox 1237 1181 1378 1235; x_wconf 85' lang='grc' dir='ltr'>κατὰ</span> <span class='ocrx_word' id='word_1_109' title='bbox 1425 1182 1525 1253; x_wconf 84' lang='grc' dir='ltr'>τὴν</span> <span class='ocrx_word' id='word_1_110' title='bbox 1572 1183 1796 1254; x_wconf 82' lang='grc' dir='ltr'>παροδι-</span> 
     </span>
    </p>
   </div>
   <div class='ocr_carea' id='block_1_16' title="bbox 206 1265 1794 1345">
    <p class='ocr_par' dir='ltr' id='par_1_16' title="bbox 206 1265 1794 1345">
     <span class='ocr_line' id='line_1_16' title="bbox 206 1265 1794 1345; baseline 0.008 -28"><span class='ocrx_word' id='word_1_111' title='bbox 206 1266 314 1335; x_wconf 75' lang='grc' dir='ltr'><strong>κὴν</strong></span> <span class='ocrx_word' id='word_1_112' title='bbox 363 1265 476 1335; x_wconf 79' lang='grc'>(85)</span> <span class='ocrx_word' id='word_1_113' title='bbox 508 1267 602 1318; x_wconf 81' lang='grc' dir='ltr'><strong>τοῦ</strong></span> <span class='ocrx_word' id='word_1_114' title='bbox 637 1268 832 1337; x_wconf 86' lang='grc' dir='ltr'>χρόνου</span> <span class='ocrx_word' id='word_1_115' title='bbox 882 1269 1096 1340; x_wconf 86' lang='grc' dir='ltr'>κίνησιν</span> <span class='ocrx_word' id='word_1_116' title='bbox 1133 1271 1456 1343; x_wconf 84' lang='grc' dir='ltr'><strong>διεξιούσης,</strong></span> <span class='ocrx_word' id='word_1_117' title='bbox 1502 1275 1794 1345; x_wconf 82' lang='grc' dir='ltr'>στήσεσθαι</span> 
     </span>
    </p>
   </div>
   <div class='ocr_carea' id='block_1_17' title="bbox 1903 363 3477 438">
    <p class='ocr_par' dir='ltr' id='par_1_17' title="bbox 1903 363 3477 438">
     <span class='ocr_line' id='line_1_17' title="bbox 1903 363 3477 438; baseline 0.009 -23"><span class='ocrx_word' id='word_1_118' title='bbox 1903 363 2181 432; x_wconf 83' lang='lat' dir='ltr'><strong>plerisque</strong></span> <span class='ocrx_word' id='word_1_119' title='bbox 2235 380 2427 421; x_wconf 88' lang='lat' dir='ltr'><strong>eorum</strong></span> <span class='ocrx_word' id='word_1_120' title='bbox 2487 367 2583 437; x_wconf 88' lang='lat' dir='ltr'><strong>qui</strong></span> <span class='ocrx_word' id='word_1_121' title='bbox 2641 369 2998 438; x_wconf 82' lang='lat' dir='ltr'><strong>assidebam,</strong></span> <span class='ocrx_word' id='word_1_122' title='bbox 3066 380 3477 432; x_wconf 79' lang='lat' dir='ltr'><strong>convenientem</strong></span> 
     </span>
    </p>
   </div>
   <div class='ocr_carea' id='block_1_18' title="bbox 1907 455 3479 539">
    <p class='ocr_par' dir='ltr' id='par_1_18' title="bbox 1907 455 3479 539">
     <span class='ocr_line' id='line_1_18' title="bbox 1907 455 3479 539; baseline 0.011 -29"><span class='ocrx_word' id='word_1_123' title='bbox 1907 455 2064 512; x_wconf 90' lang='lat' dir='ltr'><strong>ﬁdem</strong></span> <span class='ocrx_word' id='word_1_124' title='bbox 2095 459 2273 514; x_wconf 91' lang='lat' dir='ltr'><strong>oratio</strong></span> <span class='ocrx_word' id='word_1_125' title='bbox 2327 459 2525 530; x_wconf 89' lang='lat' dir='ltr'><strong>adepta</strong></span> <span class='ocrx_word' id='word_1_126' title='bbox 2561 477 2687 519; x_wconf 89' lang='lat' dir='ltr'><strong>esse</strong></span> <span class='ocrx_word' id='word_1_127' title='bbox 2725 465 3024 534; x_wconf 77' lang='lat' dir='ltr'><strong>videretur,</strong></span> <span class='ocrx_word' id='word_1_128' title='bbox 3074 472 3283 526; x_wconf 89' lang='lat' dir='ltr'><strong>veritus</strong></span> <span class='ocrx_word' id='word_1_129' title='bbox 3317 487 3405 539; x_wconf 92' lang='lat' dir='ltr'><strong>ne,</strong></span> <span class='ocrx_word' id='word_1_130' title='bbox 3433 474 3479 527; x_wconf 85' lang='lat' dir='ltr'><strong>si</strong></span> 
     </span>
    </p>
   </div>
   <div class='ocr_carea' id='block_1_19' title="bbox 1903 549 3481 630">
    <p class='ocr_par' dir='ltr' id='par_1_19' title="bbox 1903 549 3481 630">
     <span class='ocr_line' id='line_1_19' title="bbox 1903 549 3481 630; baseline 0.01 -28"><span class='ocrx_word' id='word_1_131' title='bbox 1903 563 1972 602; x_wconf 80' lang='lat' dir='ltr'><strong>ex</strong></span> <span class='ocrx_word' id='word_1_132' title='bbox 2012 549 2206 604; x_wconf 90' lang='lat' dir='ltr'><strong>morbo</strong></span> <span class='ocrx_word' id='word_1_133' title='bbox 2247 551 2525 623; x_wconf 68' lang='lat' dir='ltr'><strong>magistras</strong></span> <span class='ocrx_word' id='word_1_134' title='bbox 2576 553 2894 614; x_wconf 88' lang='lat' dir='ltr'><strong>humanitus</strong></span> <span class='ocrx_word' id='word_1_135' title='bbox 2951 560 3156 630; x_wconf 89' lang='lat' dir='ltr'><strong>aliquid</strong></span> <span class='ocrx_word' id='word_1_136' title='bbox 3207 563 3481 619; x_wconf 88' lang='lat' dir='ltr'><strong>accideret</strong></span> 
     </span>
    </p>
   </div>
   <div class='ocr_carea' id='block_1_20' title="bbox 1906 637 3481 722">
    <p class='ocr_par' dir='ltr' id='par_1_20' title="bbox 1906 637 3481 722">
     <span class='ocr_line' id='line_1_20' title="bbox 1906 637 3481 722; baseline 0.012 -31"><span class='ocrx_word' id='word_1_137' title='bbox 1906 637 2074 708; x_wconf 90' lang='lat' dir='ltr'><strong>(quod</strong></span> <span class='ocrx_word' id='word_1_138' title='bbox 2111 639 2370 696; x_wconf 86' lang='lat' dir='ltr'><strong>nimirum</strong></span> <span class='ocrx_word' id='word_1_139' title='bbox 2404 643 2570 698; x_wconf 88' lang='lat' dir='ltr'><strong>etiam</strong></span> <span class='ocrx_word' id='word_1_140' title='bbox 2617 645 2858 714; x_wconf 89' lang='lat' dir='ltr'><strong>accidit),</strong></span> <span class='ocrx_word' id='word_1_141' title='bbox 2918 665 3027 704; x_wconf 92' lang='lat' dir='ltr'><strong>non</strong></span> <span class='ocrx_word' id='word_1_142' title='bbox 3068 653 3303 722; x_wconf 87' lang='lat' dir='ltr'><strong>amplius</strong></span> <span class='ocrx_word' id='word_1_143' title='bbox 3332 667 3481 710; x_wconf 85' lang='lat' dir='ltr'><strong>esset</strong></span> 
     </span>
    </p>
   </div>
   <div class='ocr_carea' id='block_1_21' title="bbox 1903 731 3480 806">
    <p class='ocr_par' dir='ltr' id='par_1_21' title="bbox 1903 731 3480 806">
     <span class='ocr_line' id='line_1_21' title="bbox 1903 731 3480 806; baseline 0.01 -22"><span class='ocrx_word' id='word_1_144' title='bbox 1903 733 1995 800; x_wconf 90' lang='lat' dir='ltr'><strong>qui</strong></span> <span class='ocrx_word' id='word_1_145' title='bbox 2046 731 2367 789; x_wconf 88' lang='lat' dir='ltr'><strong>dissolveret</strong></span> <span class='ocrx_word' id='word_1_146' title='bbox 2396 748 2461 789; x_wconf 89' lang='lat' dir='ltr'><strong>ea</strong></span> <span class='ocrx_word' id='word_1_147' title='bbox 2491 751 2614 806; x_wconf 74' lang='lat' dir='ltr'><strong>quae</strong></span> <span class='ocrx_word' id='word_1_148' title='bbox 2642 738 2712 793; x_wconf 89' lang='lat' dir='ltr'><strong>ab</strong></span> <span class='ocrx_word' id='word_1_149' title='bbox 2739 744 2982 798; x_wconf 81' lang='lat' dir='ltr'><strong>externis</strong></span> <span class='ocrx_word' id='word_1_150' title='bbox 3006 745 3167 801; x_wconf 91' lang='lat' dir='ltr'><strong>nobis</strong></span> <span class='ocrx_word' id='word_1_151' title='bbox 3191 747 3258 802; x_wconf 92' lang='lat' dir='ltr'><strong>de</strong></span> <span class='ocrx_word' id='word_1_152' title='bbox 3292 763 3480 804; x_wconf 86' lang='lat' dir='ltr'><strong>resur-</strong></span> 
     </span>
    </p>
   </div>
   <div class='ocr_carea' id='block_1_22' title="bbox 1902 823 3478 910">
    <p class='ocr_par' dir='ltr' id='par_1_22' title="bbox 1902 823 3478 910">
     <span class='ocr_line' id='line_1_22' title="bbox 1902 823 3478 910; baseline 0.012 -34"><span class='ocrx_word' id='word_1_153' title='bbox 1902 823 2146 878; x_wconf 90' lang='lat' dir='ltr'><strong>rectione</strong></span> <span class='ocrx_word' id='word_1_154' title='bbox 2193 823 2534 895; x_wconf 75' lang='lat' dir='ltr'><strong>objiciuntur</strong></span> <span class='ocrx_word' id='word_1_155' title='bbox 2569 843 2584 881; x_wconf 90' lang='lat'><strong>:</strong></span> <span class='ocrx_word' id='word_1_156' title='bbox 2631 828 2906 899; x_wconf 85' lang='lat' dir='ltr'><strong>Nondum,</strong></span> <span class='ocrx_word' id='word_1_157' title='bbox 2942 836 3198 906; x_wconf 88' lang='lat' dir='ltr'><strong>inquam,</strong></span> <span class='ocrx_word' id='word_1_158' title='bbox 3243 839 3296 893; x_wconf 90' lang='lat' dir='ltr'><strong>id</strong></span> <span class='ocrx_word' id='word_1_159' title='bbox 3331 841 3478 910; x_wconf 85' lang='lat' dir='ltr'><strong>quod</strong></span> 
     </span>
    </p>
   </div>
   <div class='ocr_carea' id='block_1_23' title="bbox 1901 914 3479 996">
    <p class='ocr_par' dir='ltr' id='par_1_23' title="bbox 1901 914 3479 996">
     <span class='ocr_line' id='line_1_23' title="bbox 1901 914 3479 996; baseline 0.013 -28"><span class='ocrx_word' id='word_1_160' title='bbox 1901 919 1986 968; x_wconf 86' lang='lat' dir='ltr'><strong>est</strong></span> <span class='ocrx_word' id='word_1_161' title='bbox 2016 914 2255 971; x_wconf 81' lang='lat' dir='ltr'><strong>maxime</strong></span> <span class='ocrx_word' id='word_1_162' title='bbox 2291 921 2574 990; x_wconf 89' lang='lat' dir='ltr'><strong>proprium</strong></span> <span class='ocrx_word' id='word_1_163' title='bbox 2606 932 2771 992; x_wconf 86' lang='lat' dir='ltr'><strong>atque</strong></span> <span class='ocrx_word' id='word_1_164' title='bbox 2812 928 3169 996; x_wconf 68' lang='lat' dir='ltr'><strong>praacipuum,</strong></span> <span class='ocrx_word' id='word_1_165' title='bbox 3211 933 3479 988; x_wconf 82' lang='lat' dir='ltr'><strong>maxime-</strong></span> 
     </span>
    </p>
   </div>
   <div class='ocr_carea' id='block_1_24' title="bbox 1902 1007 3476 1091">
    <p class='ocr_par' dir='ltr' id='par_1_24' title="bbox 1902 1007 3476 1091">
     <span class='ocr_line' id='line_1_24' title="bbox 1902 1007 3476 1091; baseline 0.015 -32"><span class='ocrx_word' id='word_1_166' title='bbox 1902 1021 2009 1075; x_wconf 86' lang='lat' dir='ltr'><strong>que</strong></span> <span class='ocrx_word' id='word_1_167' title='bbox 2044 1007 2113 1061; x_wconf 93' lang='lat' dir='ltr'><strong>ad</strong></span> <span class='ocrx_word' id='word_1_168' title='bbox 2140 1023 2252 1064; x_wconf 90' lang='lat' dir='ltr'><strong>rem</strong></span> <span class='ocrx_word' id='word_1_169' title='bbox 2286 1014 2520 1081; x_wconf 91' lang='lat' dir='ltr'><strong>pertinet</strong></span> <span class='ocrx_word' id='word_1_170' title='bbox 2545 1033 2612 1073; x_wconf 78' lang='lat' dir='ltr'><strong>ex</strong></span> <span class='ocrx_word' id='word_1_171' title='bbox 2642 1019 2711 1076; x_wconf 92' lang='lat' dir='ltr'><strong>iis</strong></span> <span class='ocrx_word' id='word_1_172' title='bbox 2759 1035 2879 1091; x_wconf 59' lang='lat' dir='ltr'><strong>qua:</strong></span> <span class='ocrx_word' id='word_1_173' title='bbox 2907 1021 3056 1077; x_wconf 91' lang='lat' dir='ltr'><strong>circa</strong></span> <span class='ocrx_word' id='word_1_174' title='bbox 3086 1023 3227 1078; x_wconf 83' lang='lat' dir='ltr'><strong>hanc</strong></span> <span class='ocrx_word' id='word_1_175' title='bbox 3255 1033 3476 1086; x_wconf 87' lang='lat' dir='ltr'><strong>senten-</strong></span> 
     </span>
    </p>
   </div>
   <div class='ocr_carea' id='block_1_25' title="bbox 1901 1096 3474 1185">
    <p class='ocr_par' dir='ltr' id='par_1_25' title="bbox 1901 1096 3474 1185">
     <span class='ocr_line' id='line_1_25' title="bbox 1901 1096 3474 1185; baseline 0.015 -36"><span class='ocrx_word' id='word_1_176' title='bbox 1901 1096 2032 1151; x_wconf 87' lang='lat' dir='ltr'><strong>tiam</strong></span> <span class='ocrx_word' id='word_1_177' title='bbox 2095 1107 2258 1170; x_wconf 89' lang='lat' dir='ltr'><strong>atque</strong></span> <span class='ocrx_word' id='word_1_178' title='bbox 2310 1102 2616 1162; x_wconf 85' lang='lat' dir='ltr'><strong>doctrinam</strong></span> <span class='ocrx_word' id='word_1_179' title='bbox 2672 1121 3014 1180; x_wconf 84' lang='lat' dir='ltr'><strong>quaeruntur,</strong></span> <span class='ocrx_word' id='word_1_180' title='bbox 3063 1114 3241 1185; x_wconf 90' lang='lat' dir='ltr'><strong>attigit</strong></span> <span class='ocrx_word' id='word_1_181' title='bbox 3279 1117 3474 1172; x_wconf 87' lang='lat' dir='ltr'><strong>oratio.</strong></span> 
     </span>
    </p>
   </div>
   <div class='ocr_carea' id='block_1_26' title="bbox 1904 1185 3480 1272">
    <p class='ocr_par' dir='ltr' id='par_1_26' title="bbox 1904 1185 3480 1272">
     <span class='ocr_line' id='line_1_26' title="bbox 1904 1185 3480 1272; baseline 0.015 -32"><span class='ocrx_word' id='word_1_182' title='bbox 1904 1185 2046 1243; x_wconf 89' lang='lat' dir='ltr'><strong>Dicit</strong></span> <span class='ocrx_word' id='word_1_183' title='bbox 2079 1192 2224 1246; x_wconf 90' lang='lat' dir='ltr'><strong>enim</strong></span> <span class='ocrx_word' id='word_1_184' title='bbox 2269 1195 2532 1253; x_wconf 89' lang='lat' dir='ltr'><strong>divinitus</strong></span> <span class='ocrx_word' id='word_1_185' title='bbox 2569 1202 2781 1268; x_wconf 87' lang='lat' dir='ltr'><strong>prodita</strong></span> <span class='ocrx_word' id='word_1_186' title='bbox 2829 1200 3134 1272; x_wconf 87' lang='lat' dir='ltr'><strong>Scriptura,</strong></span> <span class='ocrx_word' id='word_1_187' title='bbox 3185 1215 3238 1261; x_wconf 90' lang='lat' dir='ltr'><strong>et</strong></span> <span class='ocrx_word' id='word_1_188' title='bbox 3279 1223 3480 1264; x_wconf 90' lang='lat' dir='ltr'><strong>secun-</strong></span> 
     </span>
    </p>
   </div>
   <div class='ocr_carea' id='block_1_27' title="bbox 1902 1275 3478 1363">
    <p class='ocr_par' dir='ltr' id='par_1_27' title="bbox 1902 1275 3478 1363">
     <span class='ocr_line' id='line_1_27' title="bbox 1902 1275 3478 1363; baseline 0.015 -34"><span class='ocrx_word' id='word_1_189' title='bbox 1902 1275 2034 1330; x_wconf 91' lang='lat' dir='ltr'><strong>dum</strong></span> <span class='ocrx_word' id='word_1_190' title='bbox 2059 1294 2253 1334; x_wconf 87' lang='lat' dir='ltr'><strong>novam</strong></span> <span class='ocrx_word' id='word_1_191' title='bbox 2278 1291 2331 1337; x_wconf 88' lang='lat' dir='ltr'><strong>et</strong></span> <span class='ocrx_word' id='word_1_192' title='bbox 2351 1287 2650 1341; x_wconf 89' lang='lat' dir='ltr'><strong>secundum</strong></span> <span class='ocrx_word' id='word_1_193' title='bbox 2678 1291 2956 1360; x_wconf 89' lang='lat' dir='ltr'><strong>antiquam</strong></span> <span class='ocrx_word' id='word_1_194' title='bbox 2999 1292 3326 1363; x_wconf 80' lang='lat' dir='ltr'><strong>doctrinam,</strong></span> <span class='ocrx_word' id='word_1_195' title='bbox 3353 1313 3478 1353; x_wconf 90' lang='lat' dir='ltr'><strong>cum</strong></span> 
     </span>
    </p>
   </div>
   <div class='ocr_carea' id='block_1_28' title="bbox 209 1353 1790 1456">
    <p class='ocr_par' dir='ltr' id='par_1_28' title="bbox 209 1357 1790 1435">
     <span class='ocr_line' id='line_1_28' title="bbox 209 1357 1790 1435; baseline 0.008 -27"><span class='ocrx_word' id='word_1_196' title='bbox 209 1358 310 1422; x_wconf 75' lang='grc' dir='ltr'>μὲν</span> <span class='ocrx_word' id='word_1_197' title='bbox 348 1357 448 1427; x_wconf 85' lang='grc' dir='ltr'>τὴν</span> <span class='ocrx_word' id='word_1_198' title='bbox 486 1357 658 1429; x_wconf 75' lang='grc' dir='ltr'>ῥοώδη</span> <span class='ocrx_word' id='word_1_199' title='bbox 689 1359 896 1434; x_wconf 84' lang='grc' dir='ltr'>ταύτην</span> <span class='ocrx_word' id='word_1_200' title='bbox 927 1361 1100 1432; x_wconf 81' lang='grc' dir='ltr'>φοράν</span> <span class='ocrx_word' id='word_1_201' title='bbox 1132 1363 1232 1435; x_wconf 74' lang='grc' dir='ltr'>τὴν</span> <span class='ocrx_word' id='word_1_202' title='bbox 1278 1363 1364 1417; x_wconf 78' lang='grc' dir='ltr'>διὰ</span> <span class='ocrx_word' id='word_1_203' title='bbox 1395 1365 1497 1434; x_wconf 84' lang='grc' dir='ltr'>τῆς</span> <span class='ocrx_word' id='word_1_204' title='bbox 1541 1366 1646 1420; x_wconf 87' lang='grc' dir='ltr'>τῶν</span> <span class='ocrx_word' id='word_1_205' title='bbox 1676 1368 1790 1420; x_wconf 87' lang='grc' dir='ltr'>ἐπι-</span> 
     </span>
    </p>
   </div>
   <div class='ocr_carea' id='block_1_29' title="bbox 1900 1353 3479 1456">
    <p class='ocr_par' dir='ltr' id='par_1_29' title="bbox 1902 1376 3479 1456">
     <span class='ocr_line' id='line_1_29' title="bbox 1902 1376 3479 1456; baseline 0.015 -37"><span class='ocrx_word' id='word_1_206' title='bbox 1902 1376 2101 1423; x_wconf 91' lang='lat' dir='ltr'><strong>natura</strong></span> <span class='ocrx_word' id='word_1_207' title='bbox 2148 1381 2337 1428; x_wconf 89' lang='lat' dir='ltr'><strong>nostra</strong></span> <span class='ocrx_word' id='word_1_208' title='bbox 2369 1377 2561 1433; x_wconf 90' lang='lat' dir='ltr'><strong>ordine</strong></span> <span class='ocrx_word' id='word_1_209' title='bbox 2601 1380 2837 1449; x_wconf 89' lang='lat' dir='ltr'><strong>quodam</strong></span> <span class='ocrx_word' id='word_1_210' title='bbox 2883 1398 2946 1436; x_wconf 90' lang='lat' dir='ltr'><strong>ac</strong></span> <span class='ocrx_word' id='word_1_211' title='bbox 2979 1385 3120 1440; x_wconf 88' lang='lat' dir='ltr'><strong>serie</strong></span> <span class='ocrx_word' id='word_1_212' title='bbox 3168 1401 3265 1456; x_wconf 91' lang='lat' dir='ltr'><strong>per</strong></span> <span class='ocrx_word' id='word_1_213' title='bbox 3299 1396 3479 1444; x_wconf 88' lang='lat' dir='ltr'><strong>trans-</strong></span> 
     </span>
    </p>
   </div>
   <div class='ocr_carea' id='block_1_30' title="bbox 204 1450 1799 1524">
    <p class='ocr_par' dir='ltr' id='par_1_30' title="bbox 204 1450 1799 1524">
     <span class='ocr_line' id='line_1_30' title="bbox 204 1450 1799 1524; baseline 0.007 -25"><span class='ocrx_word' id='word_1_214' title='bbox 204 1451 516 1518; x_wconf 71' lang='grc' dir='ltr'>γινομένων</span> <span class='ocrx_word' id='word_1_215' title='bbox 550 1450 663 1520; x_wconf 73' lang='grc'>(84)</span> <span class='ocrx_word' id='word_1_216' title='bbox 697 1451 948 1522; x_wconf 83' lang='grc' dir='ltr'>διαδοχῆς</span> <span class='ocrx_word' id='word_1_217' title='bbox 979 1453 1294 1523; x_wconf 81' lang='grc' dir='ltr'>προϊοῦσαν,</span> <span class='ocrx_word' id='word_1_218' title='bbox 1327 1456 1426 1524; x_wconf 81' lang='grc' dir='ltr'>τῆς</span> <span class='ocrx_word' id='word_1_219' title='bbox 1455 1457 1511 1508; x_wconf 87' lang='grc' dir='ltr'>δὲ</span> <span class='ocrx_word' id='word_1_220' title='bbox 1537 1456 1632 1509; x_wconf 81' lang='grc' dir='ltr'>τοῦ</span> <span class='ocrx_word' id='word_1_221' title='bbox 1663 1473 1799 1511; x_wconf 88' lang='grc' dir='ltr'>παν-</span> 
     </span>
    </p>
   </div>
   <div class='ocr_carea' id='block_1_31' title="bbox 204 1539 1795 1620">
    <p class='ocr_par' dir='ltr' id='par_1_31' title="bbox 204 1539 1795 1620">
     <span class='ocr_line' id='line_1_31' title="bbox 204 1539 1795 1620; baseline 0.007 -28"><span class='ocrx_word' id='word_1_222' title='bbox 204 1539 296 1604; x_wconf 69' lang='grc' dir='ltr'><strong>τὸς</strong></span> <span class='ocrx_word' id='word_1_223' title='bbox 343 1541 795 1612; x_wconf 84' lang='grc' dir='ltr'>συμπληρώσεως</span> <span class='ocrx_word' id='word_1_224' title='bbox 846 1544 1040 1614; x_wconf 81' lang='grc' dir='ltr'>μηκέτι</span> <span class='ocrx_word' id='word_1_225' title='bbox 1089 1545 1187 1616; x_wconf 78' lang='grc' dir='ltr'>τὴν</span> <span class='ocrx_word' id='word_1_226' title='bbox 1236 1545 1330 1598; x_wconf 77' lang='grc' dir='ltr'><strong>ἐπὶ</strong></span> <span class='ocrx_word' id='word_1_227' title='bbox 1361 1546 1423 1598; x_wconf 86' lang='grc' dir='ltr'><strong>τὸ</strong></span> <span class='ocrx_word' id='word_1_228' title='bbox 1455 1546 1636 1600; x_wconf 83' lang='grc' dir='ltr'>πλεῖον</span> <span class='ocrx_word' id='word_1_229' title='bbox 1682 1549 1795 1620; x_wconf 78' lang='grc'>(85)</span> 
     </span>
    </p>
   </div>
   <div class='ocr_carea' id='block_1_32' title="bbox 203 1631 1798 1707">
    <p class='ocr_par' dir='ltr' id='par_1_32' title="bbox 203 1631 1798 1707">
     <span class='ocr_line' id='line_1_32' title="bbox 203 1631 1798 1707; baseline 0.006 -25"><span class='ocrx_word' id='word_1_230' title='bbox 203 1631 512 1702; x_wconf 78' lang='grc' dir='ltr'>ἐπαύξησιν</span> <span class='ocrx_word' id='word_1_231' title='bbox 557 1632 964 1704; x_wconf 87' lang='grc' dir='ltr'>προδεχομένης</span> <span class='ocrx_word' id='word_1_232' title='bbox 1007 1633 1155 1704; x_wconf 85' lang='grc'>(86),</span> <span class='ocrx_word' id='word_1_233' title='bbox 1187 1633 1333 1687; x_wconf 80' lang='grc' dir='ltr'>ἅπαν</span> <span class='ocrx_word' id='word_1_234' title='bbox 1367 1635 1429 1687; x_wconf 87' lang='grc' dir='ltr'><strong>τὸ</strong></span> <span class='ocrx_word' id='word_1_235' title='bbox 1471 1635 1577 1689; x_wconf 86' lang='grc' dir='ltr'>τῶν</span> <span class='ocrx_word' id='word_1_236' title='bbox 1609 1637 1798 1707; x_wconf 83' lang='grc' dir='ltr'>ψυχῶν</span> 
     </span>
    </p>
   </div>
   <div class='ocr_carea' id='block_1_33' title="bbox 204 1723 1794 1801">
    <p class='ocr_par' dir='ltr' id='par_1_33' title="bbox 204 1723 1794 1801">
     <span class='ocr_line' id='line_1_33' title="bbox 204 1723 1794 1801; baseline 0.004 -26"><span class='ocrx_word' id='word_1_237' title='bbox 204 1724 504 1793; x_wconf 74' lang='grc' dir='ltr'>πλήρωμα,</span> <span class='ocrx_word' id='word_1_238' title='bbox 528 1723 693 1776; x_wconf 85' lang='grc' dir='ltr'>πάλιν</span> <span class='ocrx_word' id='word_1_239' title='bbox 713 1725 778 1776; x_wconf 83' lang='grc' dir='ltr'><strong>ἐκ</strong></span> <span class='ocrx_word' id='word_1_240' title='bbox 799 1723 892 1777; x_wconf 78' lang='grc' dir='ltr'>τοῦ</span> <span class='ocrx_word' id='word_1_241' title='bbox 913 1724 1123 1788; x_wconf 84' lang='grc' dir='ltr'>ἀειδοῦς</span> <span class='ocrx_word' id='word_1_242' title='bbox 1144 1726 1237 1778; x_wconf 76' lang='grc' dir='ltr'><strong>καὶ</strong></span> <span class='ocrx_word' id='word_1_243' title='bbox 1264 1725 1662 1798; x_wconf 78' lang='grc' dir='ltr'>ἐσκεδασμένου</span> <span class='ocrx_word' id='word_1_244' title='bbox 1680 1730 1794 1801; x_wconf 91' lang='grc'>(87)</span> 
     </span>
    </p>
   </div>
   <div class='ocr_carea' id='block_1_34' title="bbox 203 1814 1795 1887">
    <p class='ocr_par' dir='ltr' id='par_1_34' title="bbox 203 1814 1795 1887">
     <span class='ocr_line' id='line_1_34' title="bbox 203 1814 1795 1887; baseline 0.004 -21"><span class='ocrx_word' id='word_1_245' title='bbox 203 1815 346 1886; x_wconf 85' lang='grc' dir='ltr'>πρὸς</span> <span class='ocrx_word' id='word_1_246' title='bbox 367 1816 428 1867; x_wconf 80' lang='grc' dir='ltr'><strong>τὸ</strong></span> <span class='ocrx_word' id='word_1_247' title='bbox 453 1814 710 1879; x_wconf 85' lang='grc' dir='ltr'>συνεστὸς</span> <span class='ocrx_word' id='word_1_248' title='bbox 729 1815 822 1868; x_wconf 67' lang='grc' dir='ltr'>καὶ</span> <span class='ocrx_word' id='word_1_249' title='bbox 839 1815 1161 1887; x_wconf 81' lang='grc' dir='ltr'>φαινόμενον</span> <span class='ocrx_word' id='word_1_250' title='bbox 1184 1816 1663 1885; x_wconf 88' lang='grc' dir='ltr'>ἐπανελεύσεσθαι,</span> <span class='ocrx_word' id='word_1_251' title='bbox 1687 1820 1795 1873; x_wconf 85' lang='grc' dir='ltr'><strong>τῶν</strong></span> 
     </span>
    </p>
   </div>
   <div class='ocr_carea' id='block_1_35' title="bbox 201 1906 1796 1982">
    <p class='ocr_par' dir='ltr' id='par_1_35' title="bbox 201 1906 1796 1982">
     <span class='ocr_line' id='line_1_35' title="bbox 201 1906 1796 1982; baseline 0.004 -22"><span class='ocrx_word' id='word_1_252' title='bbox 201 1907 388 1960; x_wconf 72' lang='grc' dir='ltr'>αὐτῶν</span> <span class='ocrx_word' id='word_1_253' title='bbox 412 1907 692 1976; x_wconf 82' lang='grc' dir='ltr'>στοιχείων</span> <span class='ocrx_word' id='word_1_254' title='bbox 737 1906 876 1960; x_wconf 82' lang='grc' dir='ltr'>κατὰ</span> <span class='ocrx_word' id='word_1_255' title='bbox 893 1907 984 1959; x_wconf 83' lang='grc' dir='ltr'><strong>τὸν</strong></span> <span class='ocrx_word' id='word_1_256' title='bbox 1019 1907 1183 1960; x_wconf 82' lang='grc' dir='ltr'>αὐτὸν</span> <span class='ocrx_word' id='word_1_257' title='bbox 1222 1909 1412 1980; x_wconf 78' lang='grc' dir='ltr'>εἱρμὸν</span> <span class='ocrx_word' id='word_1_258' title='bbox 1430 1914 1568 1979; x_wconf 76' lang='grc' dir='ltr'>πρὸς</span> <span class='ocrx_word' id='word_1_259' title='bbox 1590 1911 1796 1982; x_wconf 76' lang='grc' dir='ltr'>ἄλληλα</span> 
     </span>
    </p>
   </div>
   <div class='ocr_carea' id='block_1_36' title="bbox 200 1998 1794 2074">
    <p class='ocr_par' dir='ltr' id='par_1_36' title="bbox 200 1998 1794 2074">
     <span class='ocr_line' id='line_1_36' title="bbox 200 1998 1794 2074; baseline 0.003 -22"><span class='ocrx_word' id='word_1_260' title='bbox 200 1999 369 2052; x_wconf 80' lang='grc' dir='ltr'>πάλιν</span> <span class='ocrx_word' id='word_1_261' title='bbox 391 1998 833 2070; x_wconf 86' lang='grc' dir='ltr'>ἀναδραμόντων.</span> <span class='ocrx_word' id='word_1_262' title='bbox 880 1999 944 2051; x_wconf 86' lang='lat' dir='ltr'><strong>&#39;H</strong></span> <span class='ocrx_word' id='word_1_263' title='bbox 972 1998 1030 2052; x_wconf 81' lang='grc' dir='ltr'><strong>δὲ</strong></span> <span class='ocrx_word' id='word_1_264' title='bbox 1065 1999 1288 2071; x_wconf 85' lang='grc' dir='ltr'>τοιαύτη</span> <span class='ocrx_word' id='word_1_265' title='bbox 1321 2002 1421 2072; x_wconf 83' lang='grc' dir='ltr'><strong>τῆς</strong></span> <span class='ocrx_word' id='word_1_266' title='bbox 1461 1999 1606 2074; x_wconf 81' lang='grc' dir='ltr'>ζωῆς</span> <span class='ocrx_word' id='word_1_267' title='bbox 1625 2005 1794 2058; x_wconf 85' lang='grc' dir='ltr'>κατά-</span> 
     </span>
    </p>
   </div>
   <div class='ocr_carea' id='block_1_37' title="bbox 198 2085 1795 2167">
    <p class='ocr_par' dir='ltr' id='par_1_37' title="bbox 198 2085 1795 2167">
     <span class='ocr_line' id='line_1_37' title="bbox 198 2085 1795 2167; baseline 0.007 -30"><span class='ocrx_word' id='word_1_268' title='bbox 198 2103 396 2149; x_wconf 85' lang='grc' dir='ltr'>στασις</span> <span class='ocrx_word' id='word_1_269' title='bbox 413 2127 428 2149; x_wconf 90' lang='grc'><strong>,</strong></span> <span class='ocrx_word' id='word_1_270' title='bbox 470 2085 729 2157; x_wconf 71' lang='grc' dir='ltr'>περὶτῶν</span> <span class='ocrx_word' id='word_1_271' title='bbox 752 2086 852 2157; x_wconf 84' lang='grc' dir='ltr'><strong>τῆς</strong></span> <span class='ocrx_word' id='word_1_272' title='bbox 877 2087 1028 2150; x_wconf 80' lang='grc' dir='ltr'>θείας</span> <span class='ocrx_word' id='word_1_273' title='bbox 1052 2087 1399 2153; x_wconf 86' lang='grc' dir='ltr'>διδασκαλίας</span> <span class='ocrx_word' id='word_1_274' title='bbox 1419 2091 1652 2162; x_wconf 86' lang='grc' dir='ltr'>Γραφῶν</span> <span class='ocrx_word' id='word_1_275' title='bbox 1682 2093 1795 2167; x_wconf 89' lang='grc'>(88)</span> 
     </span>
    </p>
   </div>
   <div class='ocr_carea' id='block_1_38' title="bbox 196 2176 1790 2255">
    <p class='ocr_par' dir='ltr' id='par_1_38' title="bbox 196 2176 1790 2255">
     <span class='ocr_line' id='line_1_38' title="bbox 196 2176 1790 2255; baseline 0.006 -25"><span class='ocrx_word' id='word_1_276' title='bbox 196 2177 508 2240; x_wconf 84' lang='grc' dir='ltr'>ἀνάστασις</span> <span class='ocrx_word' id='word_1_277' title='bbox 574 2176 831 2245; x_wconf 89' lang='grc' dir='ltr'>λέγεται,</span> <span class='ocrx_word' id='word_1_278' title='bbox 881 2180 952 2248; x_wconf 83' lang='grc' dir='ltr'>τῇ</span> <span class='ocrx_word' id='word_1_279' title='bbox 1013 2177 1106 2231; x_wconf 81' lang='grc' dir='ltr'><strong>τοῦ</strong></span> <span class='ocrx_word' id='word_1_280' title='bbox 1166 2179 1404 2248; x_wconf 86' lang='grc' dir='ltr'>γεώδους</span> <span class='ocrx_word' id='word_1_281' title='bbox 1453 2183 1751 2255; x_wconf 84' lang='grc' dir='ltr'>ἀνορθώσει</span> <span class='ocrx_word' id='word_1_282' title='bbox 1775 2226 1790 2253; x_wconf 91' lang='grc'><strong>,</strong></span> 
     </span>
    </p>
   </div>
   <div class='ocr_carea' id='block_1_39' title="bbox 195 2269 1788 2348">
    <p class='ocr_par' dir='ltr' id='par_1_39' title="bbox 195 2269 1788 2348">
     <span class='ocr_line' id='line_1_39' title="bbox 195 2269 1788 2348; baseline 0.011 -31"><span class='ocrx_word' id='word_1_283' title='bbox 195 2269 390 2338; x_wconf 80' lang='grc' dir='ltr'>πάσης</span> <span class='ocrx_word' id='word_1_284' title='bbox 418 2269 521 2339; x_wconf 81' lang='grc' dir='ltr'>τῆς</span> <span class='ocrx_word' id='word_1_285' title='bbox 545 2269 653 2322; x_wconf 87' lang='grc' dir='ltr'><strong>τῶν</strong></span> <span class='ocrx_word' id='word_1_286' title='bbox 674 2269 954 2340; x_wconf 72' lang='grc' dir='ltr'>στοιχείων</span> <span class='ocrx_word' id='word_1_287' title='bbox 977 2274 1242 2342; x_wconf 84' lang='grc' dir='ltr'>κινήσεως</span> <span class='ocrx_word' id='word_1_288' title='bbox 1270 2276 1788 2348; x_wconf 77' lang='grc' dir='ltr'>συνονομαζομένης.</span> 
     </span>
    </p>
   </div>
   <div class='ocr_carea' id='block_1_40' title="bbox 207 2355 1786 2430">
    <p class='ocr_par' dir='ltr' id='par_1_40' title="bbox 207 2355 1786 2430">
     <span class='ocr_line' id='line_1_40' title="bbox 207 2355 1786 2430; baseline 0.005 -22"><span class='ocrx_word' id='word_1_289' title='bbox 207 2383 283 2396; x_wconf 90' lang='lat'><strong>-—-</strong></span> <span class='ocrx_word' id='word_1_290' title='bbox 307 2357 386 2409; x_wconf 86' lang='lat' dir='ltr'><strong>M.</strong></span> <span class='ocrx_word' id='word_1_291' title='bbox 432 2360 501 2413; x_wconf 92' lang='grc' dir='ltr'>Τί</span> <span class='ocrx_word' id='word_1_292' title='bbox 529 2355 643 2425; x_wconf 82' lang='grc' dir='ltr'>οὖν,</span> <span class='ocrx_word' id='word_1_293' title='bbox 689 2359 848 2430; x_wconf 77' lang='grc' dir='ltr'>φησὶ,</span> <span class='ocrx_word' id='word_1_294' title='bbox 877 2359 1080 2413; x_wconf 88' lang='grc' dir='ltr'>τούτων</span> <span class='ocrx_word' id='word_1_295' title='bbox 1120 2361 1522 2430; x_wconf 79' lang='grc' dir='ltr'>ἀμνημόνευτον</span> <span class='ocrx_word' id='word_1_296' title='bbox 1570 2365 1628 2416; x_wconf 88' lang='grc' dir='ltr'><strong>ἐν</strong></span> <span class='ocrx_word' id='word_1_297' title='bbox 1673 2367 1786 2427; x_wconf 85' lang='grc' dir='ltr'>τοῖς</span> 
     </span>
    </p>
   </div>
   <div class='ocr_carea' id='block_1_41' title="bbox 209 2449 1786 2527">
    <p class='ocr_par' dir='ltr' id='par_1_41' title="bbox 209 2449 1786 2527">
     <span class='ocr_line' id='line_1_41' title="bbox 209 2449 1786 2527; baseline 0.006 -25"><span class='ocrx_word' id='word_1_298' title='bbox 209 2449 530 2521; x_wconf 77' lang='grc' dir='ltr'>εἰρημένοις</span> <span class='ocrx_word' id='word_1_299' title='bbox 561 2451 743 2517; x_wconf 86' lang='grc' dir='ltr'>ἐστίν;</span> <span class='ocrx_word' id='word_1_300' title='bbox 774 2478 844 2490; x_wconf 91' lang='grc'><strong><em>-</em></strong></span> <span class='ocrx_word' id='word_1_301' title='bbox 879 2450 941 2504; x_wconf 87' lang='grc' dir='ltr'><strong>Γ.</strong></span> <span class='ocrx_word' id='word_1_302' title='bbox 983 2449 1142 2518; x_wconf 79' lang='grc' dir='ltr'>Αὐτὸ,</span> <span class='ocrx_word' id='word_1_303' title='bbox 1188 2451 1350 2522; x_wconf 76' lang='grc' dir='ltr'>φημὶ,</span> <span class='ocrx_word' id='word_1_304' title='bbox 1378 2453 1440 2507; x_wconf 85' lang='grc' dir='ltr'><strong>τὸ</strong></span> <span class='ocrx_word' id='word_1_305' title='bbox 1483 2454 1658 2525; x_wconf 86' lang='grc' dir='ltr'>δόγμα</span> <span class='ocrx_word' id='word_1_306' title='bbox 1688 2455 1786 2527; x_wconf 80' lang='grc' dir='ltr'>τῆς</span> 
     </span>
    </p>
   </div>
   <div class='ocr_carea' id='block_1_42' title="bbox 208 2540 590 2607">
    <p class='ocr_par' dir='ltr' id='par_1_42' title="bbox 208 2540 590 2607">
     <span class='ocr_line' id='line_1_42' title="bbox 208 2540 590 2607; baseline 0.005 -13"><span class='ocrx_word' id='word_1_307' title='bbox 208 2540 590 2607; x_wconf 81' lang='grc' dir='ltr'>ἀναστάσεως.</span> 
     </span>
    </p>
   </div>
   <div class='ocr_carea' id='block_1_43' title="bbox 1900 1459 3478 1549">
    <p class='ocr_par' dir='ltr' id='par_1_43' title="bbox 1900 1459 3478 1549">
     <span class='ocr_line' id='line_1_43' title="bbox 1900 1459 3478 1549; baseline 0.016 -38"><span class='ocrx_word' id='word_1_308' title='bbox 1900 1459 2122 1514; x_wconf 89' lang='lat' dir='ltr'><strong>itorium</strong></span> <span class='ocrx_word' id='word_1_309' title='bbox 2174 1473 2228 1517; x_wconf 88' lang='lat' dir='ltr'><strong>et</strong></span> <span class='ocrx_word' id='word_1_310' title='bbox 2266 1465 2323 1519; x_wconf 89' lang='lat' dir='ltr'><strong>in</strong></span> <span class='ocrx_word' id='word_1_311' title='bbox 2379 1467 2568 1522; x_wconf 77' lang='lat' dir='ltr'><strong>orbein</strong></span> <span class='ocrx_word' id='word_1_312' title='bbox 2601 1471 2914 1528; x_wconf 87' lang='lat' dir='ltr'><strong>redeuntem</strong></span> <span class='ocrx_word' id='word_1_313' title='bbox 2949 1478 3212 1545; x_wconf 87' lang='lat' dir='ltr'><strong>temporis</strong></span> <span class='ocrx_word' id='word_1_314' title='bbox 3247 1489 3478 1549; x_wconf 91' lang='lat' dir='ltr'><strong>motum,</strong></span> 
     </span>
    </p>
   </div>
   <div class='ocr_carea' id='block_1_44' title="bbox 1899 1551 3480 1642">
    <p class='ocr_par' dir='ltr' id='par_1_44' title="bbox 1899 1551 3480 1642">
     <span class='ocr_line' id='line_1_44' title="bbox 1899 1551 3480 1642; baseline 0.016 -39"><span class='ocrx_word' id='word_1_315' title='bbox 1899 1551 2153 1620; x_wconf 83' lang='lat' dir='ltr'><strong>expedita</strong></span> <span class='ocrx_word' id='word_1_316' title='bbox 2196 1564 2361 1626; x_wconf 87' lang='lat' dir='ltr'><strong>atque</strong></span> <span class='ocrx_word' id='word_1_317' title='bbox 2402 1561 2660 1629; x_wconf 81' lang='lat' dir='ltr'><strong>explicita</strong></span> <span class='ocrx_word' id='word_1_318' title='bbox 2694 1562 2878 1630; x_wconf 79' lang='lat' dir='ltr'><strong>fuerit,</strong></span> <span class='ocrx_word' id='word_1_319' title='bbox 2917 1582 3144 1636; x_wconf 86' lang='lat' dir='ltr'><strong>prorsus</strong></span> <span class='ocrx_word' id='word_1_320' title='bbox 3185 1571 3480 1642; x_wconf 86' lang='lat' dir='ltr'><strong>aliquando</strong></span> 
     </span>
    </p>
   </div>
   <div class='ocr_carea' id='block_1_45' title="bbox 1898 1640 3473 1728">
    <p class='ocr_par' dir='ltr' id='par_1_45' title="bbox 1898 1640 3473 1728">
     <span class='ocr_line' id='line_1_45' title="bbox 1898 1640 3473 1728; baseline 0.016 -33"><span class='ocrx_word' id='word_1_321' title='bbox 1898 1640 2037 1708; x_wconf 79' lang='lat' dir='ltr'><strong>fore,</strong></span> <span class='ocrx_word' id='word_1_322' title='bbox 2067 1653 2126 1698; x_wconf 90' lang='lat' dir='ltr'><strong>ut</strong></span> <span class='ocrx_word' id='word_1_323' title='bbox 2155 1645 2336 1705; x_wconf 83' lang='lat' dir='ltr'><strong>ﬂuxus</strong></span> <span class='ocrx_word' id='word_1_324' title='bbox 2363 1652 2581 1720; x_wconf 89' lang='lat' dir='ltr'><strong>quidem</strong></span> <span class='ocrx_word' id='word_1_325' title='bbox 2606 1653 2695 1709; x_wconf 91' lang='lat' dir='ltr'><strong>hic</strong></span> <span class='ocrx_word' id='word_1_326' title='bbox 2726 1670 2922 1713; x_wconf 88' lang='lat' dir='ltr'><strong>cursus</strong></span> <span class='ocrx_word' id='word_1_327' title='bbox 2948 1675 3044 1728; x_wconf 90' lang='lat' dir='ltr'><strong>per</strong></span> <span class='ocrx_word' id='word_1_328' title='bbox 3065 1640 3473 1720; x_wconf 67' lang='lat' dir='ltr'><strong>successionem</strong></span> 
     </span>
    </p>
   </div>
   <div class='ocr_carea' id='block_1_46' title="bbox 1897 1737 3477 1816">
    <p class='ocr_par' dir='ltr' id='par_1_46' title="bbox 1897 1737 3477 1816">
     <span class='ocr_line' id='line_1_46' title="bbox 1897 1737 3477 1816; baseline 0.016 -30"><span class='ocrx_word' id='word_1_329' title='bbox 1897 1742 1953 1786; x_wconf 92' lang='lat' dir='ltr'><strong>et</strong></span> <span class='ocrx_word' id='word_1_330' title='bbox 2003 1737 2472 1796; x_wconf 89' lang='lat' dir='ltr'><strong>continuationem</strong></span> <span class='ocrx_word' id='word_1_331' title='bbox 2547 1744 2784 1800; x_wconf 91' lang='lat' dir='ltr'><strong>aliorum</strong></span> <span class='ocrx_word' id='word_1_332' title='bbox 2854 1757 2976 1816; x_wconf 91' lang='lat' dir='ltr'><strong>post</strong></span> <span class='ocrx_word' id='word_1_333' title='bbox 3037 1752 3172 1808; x_wconf 90' lang='lat' dir='ltr'><strong>alios</strong></span> <span class='ocrx_word' id='word_1_334' title='bbox 3239 1755 3477 1812; x_wconf 86' lang='lat' dir='ltr'><strong>invicem</strong></span> 
     </span>
    </p>
   </div>
   <div class='ocr_carea' id='block_1_47' title="bbox 1895 1823 3472 1911">
    <p class='ocr_par' dir='ltr' id='par_1_47' title="bbox 1895 1823 3472 1911">
     <span class='ocr_line' id='line_1_47' title="bbox 1895 1823 3472 1911; baseline 0.014 -35"><span class='ocrx_word' id='word_1_335' title='bbox 1895 1823 2280 1880; x_wconf 83' lang='lat' dir='ltr'><strong>exsistentium</strong></span> <span class='ocrx_word' id='word_1_336' title='bbox 2311 1838 2364 1883; x_wconf 89' lang='lat' dir='ltr'><strong>et</strong></span> <span class='ocrx_word' id='word_1_337' title='bbox 2395 1831 2761 1887; x_wconf 82' lang='lat' dir='ltr'><strong>exorientium</strong></span> <span class='ocrx_word' id='word_1_338' title='bbox 2787 1835 3144 1905; x_wconf 87' lang='lat' dir='ltr'><strong>progrediens</strong></span> <span class='ocrx_word' id='word_1_339' title='bbox 3173 1845 3472 1911; x_wconf 88' lang='lat' dir='ltr'><strong>consistat;</strong></span> 
     </span>
    </p>
   </div>
   <div class='ocr_carea' id='block_1_48' title="bbox 1896 1915 3476 1988">
    <p class='ocr_par' dir='ltr' id='par_1_48' title="bbox 1896 1915 3476 1988">
     <span class='ocr_line' id='line_1_48' title="bbox 1896 1915 3476 1988; baseline 0.014 -22"><span class='ocrx_word' id='word_1_340' title='bbox 1896 1915 2298 1983; x_wconf 88' lang='lat' dir='ltr'><strong>complcmento</strong></span> <span class='ocrx_word' id='word_1_341' title='bbox 2355 1928 2537 1975; x_wconf 90' lang='lat' dir='ltr'><strong>autem</strong></span> <span class='ocrx_word' id='word_1_342' title='bbox 2597 1937 2778 1978; x_wconf 90' lang='lat' dir='ltr'><strong>rerum</strong></span> <span class='ocrx_word' id='word_1_343' title='bbox 2825 1927 3207 1984; x_wconf 88' lang='lat' dir='ltr'><strong>universarum</strong></span> <span class='ocrx_word' id='word_1_344' title='bbox 3263 1941 3476 1988; x_wconf 69' lang='lat' dir='ltr'><strong>natura:</strong></span> 
     </span>
    </p>
   </div>
   <div class='ocr_carea' id='block_1_49' title="bbox 1896 2009 3473 2091">
    <p class='ocr_par' dir='ltr' id='par_1_49' title="bbox 1896 2009 3473 2091">
     <span class='ocr_line' id='line_1_49' title="bbox 1896 2009 3473 2091; baseline 0.014 -34"><span class='ocrx_word' id='word_1_345' title='bbox 1896 2019 2005 2058; x_wconf 91' lang='lat' dir='ltr'><strong>non</strong></span> <span class='ocrx_word' id='word_1_346' title='bbox 2049 2009 2284 2078; x_wconf 89' lang='lat' dir='ltr'><strong>amplius</strong></span> <span class='ocrx_word' id='word_1_347' title='bbox 2351 2010 2749 2070; x_wconf 88' lang='lat' dir='ltr'><strong>incrementum</strong></span> <span class='ocrx_word' id='word_1_348' title='bbox 2802 2016 2856 2070; x_wconf 92' lang='lat' dir='ltr'><strong>in</strong></span> <span class='ocrx_word' id='word_1_349' title='bbox 2904 2019 3082 2088; x_wconf 89' lang='lat' dir='ltr'><strong>majus</strong></span> <span class='ocrx_word' id='word_1_350' title='bbox 3134 2022 3473 2091; x_wconf 86' lang='lat' dir='ltr'><strong>admittente,</strong></span> 
     </span>
    </p>
   </div>
   <div class='ocr_carea' id='block_1_50' title="bbox 1897 2097 3474 2171">
    <p class='ocr_par' dir='ltr' id='par_1_50' title="bbox 1897 2097 3474 2171">
     <span class='ocr_line' id='line_1_50' title="bbox 1897 2097 3474 2171; baseline 0.014 -22"><span class='ocrx_word' id='word_1_351' title='bbox 1897 2097 2214 2153; x_wconf 87' lang='lat' dir='ltr'><strong>universam</strong></span> <span class='ocrx_word' id='word_1_352' title='bbox 2263 2102 2661 2171; x_wconf 89' lang='lat' dir='ltr'><strong>plenitudinem</strong></span> <span class='ocrx_word' id='word_1_353' title='bbox 2685 2115 2738 2162; x_wconf 89' lang='lat' dir='ltr'><strong>et</strong></span> <span class='ocrx_word' id='word_1_354' title='bbox 2767 2117 2970 2163; x_wconf 88' lang='lat' dir='ltr'><strong>coetum</strong></span> <span class='ocrx_word' id='word_1_355' title='bbox 3008 2112 3315 2168; x_wconf 90' lang='lat' dir='ltr'><strong>animarum</strong></span> <span class='ocrx_word' id='word_1_356' title='bbox 3349 2131 3474 2170; x_wconf 87' lang='lat' dir='ltr'><strong>rur-</strong></span> 
     </span>
    </p>
   </div>
   <div class='ocr_carea' id='block_1_51' title="bbox 1893 2191 3470 2272">
    <p class='ocr_par' dir='ltr' id='par_1_51' title="bbox 1893 2191 3470 2272">
     <span class='ocr_line' id='line_1_51' title="bbox 1893 2191 3470 2272; baseline 0.011 -29"><span class='ocrx_word' id='word_1_357' title='bbox 1893 2204 1992 2244; x_wconf 88' lang='lat' dir='ltr'><strong>sus</strong></span> <span class='ocrx_word' id='word_1_358' title='bbox 2021 2205 2089 2246; x_wconf 82' lang='lat' dir='ltr'><strong>ex</strong></span> <span class='ocrx_word' id='word_1_359' title='bbox 2121 2191 2386 2249; x_wconf 88' lang='lat' dir='ltr'><strong>invisibili</strong></span> <span class='ocrx_word' id='word_1_360' title='bbox 2417 2209 2481 2250; x_wconf 91' lang='lat' dir='ltr'><strong>ac</strong></span> <span class='ocrx_word' id='word_1_361' title='bbox 2511 2198 2780 2269; x_wconf 87' lang='lat' dir='ltr'><strong>dissipato</strong></span> <span class='ocrx_word' id='word_1_362' title='bbox 2804 2207 2951 2256; x_wconf 88' lang='lat' dir='ltr'><strong>statu</strong></span> <span class='ocrx_word' id='word_1_363' title='bbox 2990 2201 3058 2256; x_wconf 87' lang='lat' dir='ltr'><strong>ad</strong></span> <span class='ocrx_word' id='word_1_364' title='bbox 3084 2218 3208 2259; x_wconf 90' lang='lat' dir='ltr'><strong>eum</strong></span> <span class='ocrx_word' id='word_1_365' title='bbox 3243 2214 3470 2272; x_wconf 88' lang='lat' dir='ltr'><strong>statum,</strong></span> 
     </span>
    </p>
   </div>
   <div class='ocr_carea' id='block_1_52' title="bbox 1893 2281 3476 2366">
    <p class='ocr_par' dir='ltr' id='par_1_52' title="bbox 1893 2281 3476 2366">
     <span class='ocr_line' id='line_1_52' title="bbox 1893 2281 3476 2366; baseline 0.012 -31"><span class='ocrx_word' id='word_1_366' title='bbox 1893 2281 1950 2335; x_wconf 89' lang='lat' dir='ltr'><strong>in</strong></span> <span class='ocrx_word' id='word_1_367' title='bbox 1983 2298 2094 2353; x_wconf 92' lang='lat' dir='ltr'><strong>quo</strong></span> <span class='ocrx_word' id='word_1_368' title='bbox 2131 2285 2392 2343; x_wconf 89' lang='lat' dir='ltr'><strong>collectus</strong></span> <span class='ocrx_word' id='word_1_369' title='bbox 2433 2291 2741 2346; x_wconf 84' lang='lat' dir='ltr'><strong>consistere</strong></span> <span class='ocrx_word' id='word_1_370' title='bbox 2789 2291 3116 2364; x_wconf 85' lang='lat' dir='ltr'><strong>stabilisque</strong></span> <span class='ocrx_word' id='word_1_371' title='bbox 3151 2311 3476 2366; x_wconf 88' lang='lat' dir='ltr'><strong>permanere</strong></span> 
     </span>
    </p>
   </div>
   <div class='ocr_carea' id='block_1_53' title="bbox 1893 2384 3469 2457">
    <p class='ocr_par' dir='ltr' id='par_1_53' title="bbox 1893 2384 3469 2457">
     <span class='ocr_line' id='line_1_53' title="bbox 1893 2384 3469 2457; baseline 0.011 -28"><span class='ocrx_word' id='word_1_372' title='bbox 1893 2384 2059 2446; x_wconf 88' lang='lat' dir='ltr'><strong>atque</strong></span> <span class='ocrx_word' id='word_1_373' title='bbox 2093 2393 2360 2449; x_wconf 87' lang='lat' dir='ltr'><strong>apparere</strong></span> <span class='ocrx_word' id='word_1_374' title='bbox 2382 2389 2437 2436; x_wconf 89' lang='lat' dir='ltr'><strong>et</strong></span> <span class='ocrx_word' id='word_1_375' title='bbox 2469 2384 2716 2452; x_wconf 89' lang='lat' dir='ltr'><strong>conspici</strong></span> <span class='ocrx_word' id='word_1_376' title='bbox 2755 2387 2953 2454; x_wconf 87' lang='lat' dir='ltr'><strong>possit,</strong></span> <span class='ocrx_word' id='word_1_377' title='bbox 2987 2387 3292 2444; x_wconf 89' lang='lat' dir='ltr'><strong>rediturum</strong></span> <span class='ocrx_word' id='word_1_378' title='bbox 3326 2407 3469 2457; x_wconf 88' lang='lat' dir='ltr'><strong>esse,</strong></span> 
     </span>
    </p>
   </div>
   <div class='ocr_carea' id='block_1_54' title="bbox 1895 2464 3472 2542">
    <p class='ocr_par' dir='ltr' id='par_1_54' title="bbox 1895 2464 3472 2542">
     <span class='ocr_line' id='line_1_54' title="bbox 1895 2464 3472 2542; baseline 0.013 -25"><span class='ocrx_word' id='word_1_379' title='bbox 1895 2464 2086 2520; x_wconf 88' lang='lat' dir='ltr'><strong>iisdem</strong></span> <span class='ocrx_word' id='word_1_380' title='bbox 2128 2469 2434 2536; x_wconf 88' lang='lat' dir='ltr'><strong>elementis,</strong></span> <span class='ocrx_word' id='word_1_381' title='bbox 2479 2488 2575 2542; x_wconf 89' lang='lat' dir='ltr'><strong>per</strong></span> <span class='ocrx_word' id='word_1_382' title='bbox 2623 2476 2870 2531; x_wconf 88' lang='lat' dir='ltr'><strong>eamdem</strong></span> <span class='ocrx_word' id='word_1_383' title='bbox 2901 2481 3094 2533; x_wconf 90' lang='lat' dir='ltr'><strong>seriem</strong></span> <span class='ocrx_word' id='word_1_384' title='bbox 3124 2495 3316 2537; x_wconf 85' lang='lat' dir='ltr'><strong>rursus</strong></span> <span class='ocrx_word' id='word_1_385' title='bbox 3350 2484 3472 2537; x_wconf 83' lang='lat' dir='ltr'><strong>aliis</strong></span> 
     </span>
    </p>
   </div>
   <div class='ocr_carea' id='block_1_55' title="bbox 1893 2555 3485 2633">
    <p class='ocr_par' dir='ltr' id='par_1_55' title="bbox 1893 2555 3485 2633">
     <span class='ocr_line' id='line_1_55' title="bbox 1893 2555 3485 2633; baseline 0.011 -25"><span class='ocrx_word' id='word_1_386' title='bbox 1893 2555 1961 2609; x_wconf 89' lang='lat' dir='ltr'><strong>ad</strong></span> <span class='ocrx_word' id='word_1_387' title='bbox 1997 2557 2102 2610; x_wconf 86' lang='lat' dir='ltr'><strong>alia</strong></span> <span class='ocrx_word' id='word_1_388' title='bbox 2143 2563 2431 2630; x_wconf 76' lang='lat' dir='ltr'><strong>regressis.</strong></span> <span class='ocrx_word' id='word_1_389' title='bbox 2475 2562 2625 2620; x_wconf 90' lang='lat' dir='ltr'><strong>Talis</strong></span> <span class='ocrx_word' id='word_1_390' title='bbox 2653 2574 2834 2619; x_wconf 89' lang='lat' dir='ltr'><strong>autem</strong></span> <span class='ocrx_word' id='word_1_391' title='bbox 2866 2567 2992 2621; x_wconf 66' lang='lat' dir='ltr'><strong>vita:</strong></span> <span class='ocrx_word' id='word_1_392' title='bbox 3021 2577 3196 2624; x_wconf 89' lang='lat' dir='ltr'><strong>status</strong></span> <span class='ocrx_word' id='word_1_393' title='bbox 3227 2571 3296 2625; x_wconf 89' lang='lat' dir='ltr'><strong>ab</strong></span> <span class='ocrx_word' id='word_1_394' title='bbox 3328 2571 3485 2633; x_wconf 67' lang='lat' dir='ltr'><strong>divi-,</strong></span> 
     </span>
    </p>
   </div>
   <div class='ocr_carea' id='block_1_56' title="bbox 1893 2646 3470 2725">
    <p class='ocr_par' dir='ltr' id='par_1_56' title="bbox 1893 2646 3470 2725">
     <span class='ocr_line' id='line_1_56' title="bbox 1893 2646 3470 2725; baseline 0.012 -26"><span class='ocrx_word' id='word_1_395' title='bbox 1893 2661 1978 2700; x_wconf 80' lang='lat' dir='ltr'><strong>nae</strong></span> <span class='ocrx_word' id='word_1_396' title='bbox 1997 2646 2261 2705; x_wconf 70' lang='lat' dir='ltr'><strong>doctrina:</strong></span> <span class='ocrx_word' id='word_1_397' title='bbox 2289 2649 2596 2723; x_wconf 91' lang='lat' dir='ltr'><strong>Scripturis</strong></span> <span class='ocrx_word' id='word_1_398' title='bbox 2625 2657 2961 2712; x_wconf 87' lang='lat' dir='ltr'><strong>resurrectio</strong></span> <span class='ocrx_word' id='word_1_399' title='bbox 2980 2659 3202 2725; x_wconf 88' lang='lat' dir='ltr'><strong>dicitur,</strong></span> <span class='ocrx_word' id='word_1_400' title='bbox 3240 2662 3344 2716; x_wconf 89' lang='lat' dir='ltr'><strong>sub</strong></span> <span class='ocrx_word' id='word_1_401' title='bbox 3369 2678 3470 2718; x_wconf 85' lang='lat' dir='ltr'><strong>no—</strong></span> 
     </span>
    </p>
   </div>
   <div class='ocr_carea' id='block_1_57' title="bbox 200 2717 3468 2821">
    <p class='ocr_par' dir='ltr' id='par_1_57' title="bbox 200 2717 3468 2821">
     <span class='ocr_line' id='line_1_57' title="bbox 200 2717 3468 2821; baseline 0.011 -49"><span class='ocrx_word' id='word_1_402' title='bbox 200 2718 351 2774; x_wconf 86' lang='lat' dir='ltr'><strong>mine</strong></span> <span class='ocrx_word' id='word_1_403' title='bbox 398 2717 526 2790; x_wconf 87' lang='lat' dir='ltr'><strong>ejus</strong></span> <span class='ocrx_word' id='word_1_404' title='bbox 572 2719 722 2790; x_wconf 89' lang='lat' dir='ltr'><strong>quod</strong></span> <span class='ocrx_word' id='word_1_405' title='bbox 767 2727 1008 2778; x_wconf 87' lang='lat' dir='ltr'><strong>terreum</strong></span> <span class='ocrx_word' id='word_1_406' title='bbox 1068 2729 1154 2778; x_wconf 89' lang='lat' dir='ltr'><strong>est</strong></span> <span class='ocrx_word' id='word_1_407' title='bbox 1183 2763 1199 2791; x_wconf 95' lang='lat'><strong>,</strong></span> <span class='ocrx_word' id='word_1_408' title='bbox 1270 2727 1564 2782; x_wconf 88' lang='lat' dir='ltr'><strong>erectionis</strong></span> <span class='ocrx_word' id='word_1_409' title='bbox 1609 2737 1665 2784; x_wconf 89' lang='lat' dir='ltr'><strong>et</strong></span> <span class='ocrx_word' id='word_1_410' title='bbox 1712 2732 2131 2795; x_wconf 88' lang='lat' dir='ltr'><strong>instaurationis</strong></span> <span class='ocrx_word' id='word_1_411' title='bbox 2188 2743 2337 2796; x_wconf 91' lang='lat' dir='ltr'><strong>omni</strong></span> <span class='ocrx_word' id='word_1_412' title='bbox 2407 2717 2802 2800; x_wconf 77' lang='lat' dir='ltr'><strong>elementorum</strong></span> <span class='ocrx_word' id='word_1_413' title='bbox 2845 2757 2992 2803; x_wconf 89' lang='lat' dir='ltr'><strong>motu</strong></span> <span class='ocrx_word' id='word_1_414' title='bbox 3052 2754 3468 2821; x_wconf 82' lang='lat' dir='ltr'><strong>comprehenso.</strong></span> 
     </span>
    </p>
   </div>
   <div class='ocr_carea' id='block_1_58' title="bbox 204 2815 3463 2905">
    <p class='ocr_par' dir='ltr' id='par_1_58' title="bbox 204 2815 3463 2905">
     <span class='ocr_line' id='line_1_58' title="bbox 204 2815 3463 2905; baseline 0.006 -37"><span class='ocrx_word' id='word_1_415' title='bbox 204 2848 274 2858; x_wconf 89' lang='lat'><strong>-—</strong></span> <span class='ocrx_word' id='word_1_416' title='bbox 298 2816 371 2869; x_wconf 77' lang='grc' dir='ltr'><strong>Μ.</strong></span> <span class='ocrx_word' id='word_1_417' title='bbox 410 2815 553 2881; x_wconf 80' lang='lat' dir='ltr'><strong>Quid</strong></span> <span class='ocrx_word' id='word_1_418' title='bbox 603 2815 768 2886; x_wconf 79' lang='lat' dir='ltr'><strong>igitur</strong></span> <span class='ocrx_word' id='word_1_419' title='bbox 805 2817 1023 2883; x_wconf 89' lang='lat' dir='ltr'><strong>horum,</strong></span> <span class='ocrx_word' id='word_1_420' title='bbox 1056 2816 1252 2886; x_wconf 90' lang='lat' dir='ltr'><strong>inquit,</strong></span> <span class='ocrx_word' id='word_1_421' title='bbox 1288 2821 1392 2881; x_wconf 89' lang='lat' dir='ltr'><strong>est,</strong></span> <span class='ocrx_word' id='word_1_422' title='bbox 1427 2815 1588 2885; x_wconf 84' lang='lat' dir='ltr'><strong>cujus</strong></span> <span class='ocrx_word' id='word_1_423' title='bbox 1637 2815 1696 2872; x_wconf 87' lang='lat' dir='ltr'><strong>in</strong></span> <span class='ocrx_word' id='word_1_424' title='bbox 1750 2819 2080 2889; x_wconf 87' lang='lat' dir='ltr'><strong>supradictis</strong></span> <span class='ocrx_word' id='word_1_425' title='bbox 2124 2823 2327 2878; x_wconf 88' lang='lat' dir='ltr'><strong>mentio</strong></span> <span class='ocrx_word' id='word_1_426' title='bbox 2361 2822 2505 2880; x_wconf 83' lang='lat' dir='ltr'><strong>facta</strong></span> <span class='ocrx_word' id='word_1_427' title='bbox 2562 2843 2670 2883; x_wconf 91' lang='lat' dir='ltr'><strong>non</strong></span> <span class='ocrx_word' id='word_1_428' title='bbox 2706 2829 2904 2884; x_wconf 82' lang='lat' dir='ltr'><strong>sit?—</strong></span> <span class='ocrx_word' id='word_1_429' title='bbox 2928 2829 2992 2885; x_wconf 72' lang='grc' dir='ltr'><strong>(ἶ.</strong></span> <span class='ocrx_word' id='word_1_430' title='bbox 3033 2815 3193 2901; x_wconf 52' lang='lat' dir='ltr'><strong>Ipsa;</strong></span> <span class='ocrx_word' id='word_1_431' title='bbox 3219 2834 3463 2905; x_wconf 89' lang='lat' dir='ltr'><strong>inquam,</strong></span> 
     </span>
    </p>
   </div>
   <div class='ocr_carea' id='block_1_59' title="bbox 206 2908 935 2966">
    <p class='ocr_par' dir='ltr' id='par_1_59' title="bbox 206 2908 935 2966">
     <span class='ocr_line' id='line_1_59' title="bbox 206 2908 935 2966; baseline -0.005 1"><span class='ocrx_word' id='word_1_432' title='bbox 206 2910 461 2966; x_wconf 89' lang='lat' dir='ltr'><strong>doctrina</strong></span> <span class='ocrx_word' id='word_1_433' title='bbox 491 2908 935 2963; x_wconf 90' lang='lat' dir='ltr'><strong>resurrectionis.</strong></span> 
     </span>
    </p>
   </div>
   <div class='ocr_carea' id='block_1_60' title="bbox 272 3001 1859 3074">
    <p class='ocr_par' dir='ltr' id='par_1_60' title="bbox 272 3001 1859 3074">
     <span class='ocr_line' id='line_1_60' title="bbox 272 3001 1859 3074; baseline 0 -18"><span class='ocrx_word' id='word_1_434' title='bbox 272 3005 350 3056; x_wconf 83' lang='grc' dir='ltr'><strong>Μ.</strong></span> <span class='ocrx_word' id='word_1_435' title='bbox 372 3003 486 3056; x_wconf 75' lang='grc' dir='ltr'><strong>Καὶ</strong></span> <span class='ocrx_word' id='word_1_436' title='bbox 510 3001 616 3074; x_wconf 83' lang='grc' dir='ltr'>μὴν</span> <span class='ocrx_word' id='word_1_437' title='bbox 629 3002 820 3069; x_wconf 84' lang='grc' dir='ltr'>πολλὰ,</span> <span class='ocrx_word' id='word_1_438' title='bbox 838 3003 991 3074; x_wconf 79' lang='grc' dir='ltr'>φησὶ,</span> <span class='ocrx_word' id='word_1_439' title='bbox 1005 3003 1114 3056; x_wconf 86' lang='grc' dir='ltr'><strong>τῶν</strong></span> <span class='ocrx_word' id='word_1_440' title='bbox 1134 3003 1227 3057; x_wconf 83' lang='grc' dir='ltr'>νῦν</span> <span class='ocrx_word' id='word_1_441' title='bbox 1243 3002 1546 3067; x_wconf 82' lang='grc' dir='ltr'>διεξοδικῶς</span> <span class='ocrx_word' id='word_1_442' title='bbox 1564 3003 1783 3073; x_wconf 81' lang='grc' dir='ltr'>εἰρημέ-</span> <span class='ocrx_word' id='word_1_443' title='bbox 1819 3005 1859 3062; x_wconf 88' lang='lat' dir='ltr'><strong><em>C</em></strong></span> 
     </span>
    </p>
   </div>
   <div class='ocr_carea' id='block_1_61' title="bbox 204 3087 1777 3165">
    <p class='ocr_par' dir='ltr' id='par_1_61' title="bbox 204 3087 1777 3165">
     <span class='ocr_line' id='line_1_61' title="bbox 204 3087 1777 3165; baseline -0.001 -19"><span class='ocrx_word' id='word_1_444' title='bbox 204 3111 332 3158; x_wconf 84' lang='grc' dir='ltr'>νων,</span> <span class='ocrx_word' id='word_1_445' title='bbox 363 3093 505 3163; x_wconf 83' lang='grc' dir='ltr'>πρὸς</span> <span class='ocrx_word' id='word_1_446' title='bbox 522 3093 709 3148; x_wconf 82' lang='grc' dir='ltr'>τοῦτον</span> <span class='ocrx_word' id='word_1_447' title='bbox 734 3093 825 3146; x_wconf 79' lang='grc' dir='ltr'><strong>τὸν</strong></span> <span class='ocrx_word' id='word_1_448' title='bbox 849 3092 1048 3148; x_wconf 82' lang='grc' dir='ltr'>σκοπὸν</span> <span class='ocrx_word' id='word_1_449' title='bbox 1075 3092 1250 3165; x_wconf 84' lang='grc' dir='ltr'>φέρει.</span> <span class='ocrx_word' id='word_1_450' title='bbox 1277 3123 1348 3133; x_wconf 96' lang='grc'><strong><em>-</em></strong></span> <span class='ocrx_word' id='word_1_451' title='bbox 1376 3093 1437 3146; x_wconf 94' lang='grc' dir='ltr'><strong>Γ.</strong></span> <span class='ocrx_word' id='word_1_452' title='bbox 1463 3093 1536 3145; x_wconf 84' lang='grc' dir='ltr'><strong>Οὐ</strong></span> <span class='ocrx_word' id='word_1_453' title='bbox 1563 3093 1671 3162; x_wconf 87' lang='grc' dir='ltr'>γὰρ</span> <span class='ocrx_word' id='word_1_454' title='bbox 1695 3087 1777 3145; x_wconf 77' lang='grc' dir='ltr'><strong>οϊ-</strong></span> 
     </span>
    </p>
   </div>
   <div class='ocr_carea' id='block_1_62' title="bbox 202 3178 1779 3254">
    <p class='ocr_par' dir='ltr' id='par_1_62' title="bbox 202 3178 1779 3254">
     <span class='ocr_line' id='line_1_62' title="bbox 202 3178 1779 3254; baseline -0.001 -18"><span class='ocrx_word' id='word_1_455' title='bbox 202 3185 316 3248; x_wconf 89' lang='grc' dir='ltr'>δας,</span> <span class='ocrx_word' id='word_1_456' title='bbox 355 3178 530 3246; x_wconf 76' lang='grc' dir='ltr'>εἶπον,</span> <span class='ocrx_word' id='word_1_457' title='bbox 564 3184 688 3236; x_wconf 83' lang='grc' dir='ltr'>ὅσον</span> <span class='ocrx_word' id='word_1_458' title='bbox 723 3181 832 3252; x_wconf 89' lang='lat'><strong>(89)</strong></span> <span class='ocrx_word' id='word_1_459' title='bbox 857 3183 1006 3254; x_wconf 83' lang='grc' dir='ltr'><strong>παρά</strong></span> <span class='ocrx_word' id='word_1_460' title='bbox 1037 3184 1145 3236; x_wconf 79' lang='grc' dir='ltr'>τῶν</span> <span class='ocrx_word' id='word_1_461' title='bbox 1166 3183 1628 3253; x_wconf 84' lang='grc' dir='ltr'>ἀντιτεταγμένων</span> <span class='ocrx_word' id='word_1_462' title='bbox 1647 3183 1779 3253; x_wconf 79' lang='grc' dir='ltr'>ἡμῖν</span> 
     </span>
    </p>
   </div>
   <div class='ocr_carea' id='block_1_63' title="bbox 205 3273 1782 3346">
    <p class='ocr_par' dir='ltr' id='par_1_63' title="bbox 205 3273 1782 3346">
     <span class='ocr_line' id='line_1_63' title="bbox 205 3273 1782 3346; baseline 0 -18"><span class='ocrx_word' id='word_1_463' title='bbox 205 3275 359 3346; x_wconf 81' lang='grc' dir='ltr'><strong>παρά</strong></span> <span class='ocrx_word' id='word_1_464' title='bbox 378 3277 478 3346; x_wconf 84' lang='grc' dir='ltr'>τῆς</span> <span class='ocrx_word' id='word_1_465' title='bbox 497 3275 610 3344; x_wconf 87' lang='grc'>(90)</span> <span class='ocrx_word' id='word_1_466' title='bbox 631 3275 844 3339; x_wconf 82' lang='grc' dir='ltr'>ἐλπίδος</span> <span class='ocrx_word' id='word_1_467' title='bbox 863 3276 1066 3346; x_wconf 89' lang='grc' dir='ltr'>ταύτης</span> <span class='ocrx_word' id='word_1_468' title='bbox 1083 3275 1406 3338; x_wconf 89' lang='grc' dir='ltr'>ἀντιθέσεως</span> <span class='ocrx_word' id='word_1_469' title='bbox 1427 3275 1535 3345; x_wconf 78' lang='grc'>(91)</span> <span class='ocrx_word' id='word_1_470' title='bbox 1554 3273 1782 3328; x_wconf 77' lang='grc' dir='ltr'>ἀνθυπο-</span> 
     </span>
    </p>
   </div>
   <div class='ocr_carea' id='block_1_64' title="bbox 203 3366 1779 3438">
    <p class='ocr_par' dir='ltr' id='par_1_64' title="bbox 203 3366 1779 3438">
     <span class='ocr_line' id='line_1_64' title="bbox 203 3366 1779 3438; baseline -0.001 -18"><span class='ocrx_word' id='word_1_471' title='bbox 203 3368 432 3438; x_wconf 82' lang='grc' dir='ltr'>φέρεται</span> <span class='ocrx_word' id='word_1_472' title='bbox 465 3367 706 3437; x_wconf 85' lang='grc' dir='ltr'>σμῆνος;</span> <span class='ocrx_word' id='word_1_473' title='bbox 754 3367 864 3421; x_wconf 81' lang='grc' dir='ltr'><strong>Καὶ</strong></span> <span class='ocrx_word' id='word_1_474' title='bbox 904 3367 1022 3437; x_wconf 79' lang='grc' dir='ltr'><strong>ἅμα</strong></span> <span class='ocrx_word' id='word_1_475' title='bbox 1059 3366 1236 3435; x_wconf 88' lang='grc' dir='ltr'>λέγειν</span> <span class='ocrx_word' id='word_1_476' title='bbox 1281 3367 1598 3436; x_wconf 82' lang='grc' dir='ltr'>ἐπεχείρουν</span> <span class='ocrx_word' id='word_1_477' title='bbox 1621 3403 1636 3428; x_wconf 87' lang='grc'><strong>,</strong></span> <span class='ocrx_word' id='word_1_478' title='bbox 1679 3367 1779 3419; x_wconf 83' lang='grc' dir='ltr'><strong>ὅσα</strong></span> 
     </span>
    </p>
   </div>
   <div class='ocr_carea' id='block_1_65' title="bbox 205 3453 1782 3525">
    <p class='ocr_par' dir='ltr' id='par_1_65' title="bbox 205 3453 1782 3525">
     <span class='ocr_line' id='line_1_65' title="bbox 205 3453 1782 3525; baseline 0.001 -19"><span class='ocrx_word' id='word_1_479' title='bbox 205 3455 342 3524; x_wconf 80' lang='grc' dir='ltr'>πρὸς</span> <span class='ocrx_word' id='word_1_480' title='bbox 367 3454 687 3525; x_wconf 77' lang='grc' dir='ltr'>ἀνατροπὴν</span> <span class='ocrx_word' id='word_1_481' title='bbox 702 3455 799 3525; x_wconf 83' lang='grc' dir='ltr'>τῆς</span> <span class='ocrx_word' id='word_1_482' title='bbox 820 3455 1169 3518; x_wconf 84' lang='grc' dir='ltr'>ἀναστάσεως</span> <span class='ocrx_word' id='word_1_483' title='bbox 1189 3455 1342 3524; x_wconf 84' lang='grc' dir='ltr'><strong>παρά</strong></span> <span class='ocrx_word' id='word_1_484' title='bbox 1361 3454 1467 3507; x_wconf 85' lang='grc' dir='ltr'>τῶν</span> <span class='ocrx_word' id='word_1_485' title='bbox 1493 3453 1782 3525; x_wconf 83' lang='grc' dir='ltr'>ἐριστικῶν</span> 
     </span>
    </p>
   </div>
   <div class='ocr_carea' id='block_1_66' title="bbox 205 3544 1782 3616">
    <p class='ocr_par' dir='ltr' id='par_1_66' title="bbox 205 3544 1782 3616">
     <span class='ocr_line' id='line_1_66' title="bbox 205 3544 1782 3616; baseline -0.001 -19"><span class='ocrx_word' id='word_1_486' title='bbox 205 3545 617 3615; x_wconf 69' lang='grc' dir='ltr'>ἐφευρίσκεται.</span> <span class='ocrx_word' id='word_1_487' title='bbox 648 3574 718 3585; x_wconf 93' lang='grc'><strong>--</strong></span> <span class='ocrx_word' id='word_1_488' title='bbox 741 3547 816 3598; x_wconf 91' lang='grc' dir='ltr'><strong>Μ.</strong></span> <span class='ocrx_word' id='word_1_489' title='bbox 848 3545 910 3597; x_wconf 87' lang='grc' dir='ltr'>Ἠ</span> <span class='ocrx_word' id='word_1_490' title='bbox 939 3544 1019 3610; x_wconf 87' lang='grc' dir='ltr'><strong>δέ,</strong></span> <span class='ocrx_word' id='word_1_491' title='bbox 1060 3547 1222 3598; x_wconf 80' lang='grc' dir='ltr'>Δοκεῖ</span> <span class='ocrx_word' id='word_1_492' title='bbox 1250 3561 1359 3614; x_wconf 90' lang='grc' dir='ltr'>μοι,</span> <span class='ocrx_word' id='word_1_493' title='bbox 1403 3544 1557 3614; x_wconf 75' lang='grc' dir='ltr'>φησὶ,</span> <span class='ocrx_word' id='word_1_494' title='bbox 1584 3544 1782 3616; x_wconf 86' lang='grc' dir='ltr'>χρῆναι</span> 
     </span>
    </p>
   </div>
   <div class='ocr_carea' id='block_1_67' title="bbox 204 3633 1785 3708">
    <p class='ocr_par' dir='ltr' id='par_1_67' title="bbox 204 3633 1785 3708">
     <span class='ocr_line' id='line_1_67' title="bbox 204 3633 1785 3708; baseline -0.001 -20"><span class='ocrx_word' id='word_1_495' title='bbox 204 3637 471 3708; x_wconf 84' lang='grc' dir='ltr'>πρότερον</span> <span class='ocrx_word' id='word_1_496' title='bbox 506 3637 573 3690; x_wconf 84' lang='grc' dir='ltr'><strong>τά</strong></span> <span class='ocrx_word' id='word_1_497' title='bbox 602 3635 872 3706; x_wconf 84' lang='grc' dir='ltr'>σποράδην</span> <span class='ocrx_word' id='word_1_498' title='bbox 902 3633 1057 3705; x_wconf 86' lang='grc' dir='ltr'>παρὰ</span> <span class='ocrx_word' id='word_1_499' title='bbox 1084 3636 1182 3705; x_wconf 86' lang='grc' dir='ltr'>τῆς</span> <span class='ocrx_word' id='word_1_500' title='bbox 1212 3635 1361 3698; x_wconf 86' lang='grc' dir='ltr'>θείας</span> <span class='ocrx_word' id='word_1_501' title='bbox 1391 3635 1613 3706; x_wconf 82' lang='grc' dir='ltr'>Γραφῆς</span> <span class='ocrx_word' id='word_1_502' title='bbox 1656 3634 1785 3704; x_wconf 78' lang='grc' dir='ltr'>περὶ</span> 
     </span>
    </p>
   </div>
   <div class='ocr_carea' id='block_1_68' title="bbox 202 3727 1776 3799">
    <p class='ocr_par' dir='ltr' id='par_1_68' title="bbox 202 3727 1776 3799">
     <span class='ocr_line' id='line_1_68' title="bbox 202 3727 1776 3799; baseline 0 -20"><span class='ocrx_word' id='word_1_503' title='bbox 202 3727 522 3780; x_wconf 69' lang='grc' dir='ltr'>τούτουτοῦ</span> <span class='ocrx_word' id='word_1_504' title='bbox 561 3727 829 3799; x_wconf 85' lang='grc' dir='ltr'>δόγματος</span> <span class='ocrx_word' id='word_1_505' title='bbox 856 3727 1148 3783; x_wconf 85' lang='grc' dir='ltr'>ἐκτεθέντα</span> <span class='ocrx_word' id='word_1_506' title='bbox 1182 3728 1293 3798; x_wconf 69' lang='grc'>(92)</span> <span class='ocrx_word' id='word_1_507' title='bbox 1316 3728 1386 3781; x_wconf 85' lang='grc' dir='ltr'>δι’</span> <span class='ocrx_word' id='word_1_508' title='bbox 1425 3728 1620 3795; x_wconf 82' lang='grc' dir='ltr'>ὀλίγων</span> <span class='ocrx_word' id='word_1_509' title='bbox 1664 3727 1776 3779; x_wconf 85' lang='grc' dir='ltr'>ἐπι-</span> 
     </span>
    </p>
   </div>
   <div class='ocr_carea' id='block_1_69' title="bbox 201 3815 1784 3890">
    <p class='ocr_par' dir='ltr' id='par_1_69' title="bbox 201 3815 1784 3890">
     <span class='ocr_line' id='line_1_69' title="bbox 201 3815 1784 3890; baseline -0.001 -21"><span class='ocrx_word' id='word_1_510' title='bbox 201 3819 448 3888; x_wconf 84' lang='grc' dir='ltr'>δραμεῖν,</span> <span class='ocrx_word' id='word_1_511' title='bbox 481 3818 558 3882; x_wconf 83' lang='grc' dir='ltr'>ὼς</span> <span class='ocrx_word' id='word_1_512' title='bbox 592 3819 658 3873; x_wconf 82' lang='grc' dir='ltr'>ἂν</span> <span class='ocrx_word' id='word_1_513' title='bbox 692 3819 900 3873; x_wconf 86' lang='grc' dir='ltr'>ἐκεῖθεν</span> <span class='ocrx_word' id='word_1_514' title='bbox 930 3820 1114 3890; x_wconf 84' lang='grc' dir='ltr'>ήμῖνή</span> <span class='ocrx_word' id='word_1_515' title='bbox 1148 3820 1378 3890; x_wconf 76' lang='grc' dir='ltr'>κορωνὶς</span> <span class='ocrx_word' id='word_1_516' title='bbox 1406 3815 1680 3886; x_wconf 86' lang='grc' dir='ltr'>ἐπιτεθείη</span> <span class='ocrx_word' id='word_1_517' title='bbox 1706 3815 1784 3885; x_wconf 84' lang='grc' dir='ltr'>τῷ</span> 
     </span>
    </p>
   </div>
   <div class='ocr_carea' id='block_1_70' title="bbox 198 3901 1789 3976">
    <p class='ocr_par' dir='ltr' id='par_1_70' title="bbox 198 3901 1789 3976">
     <span class='ocr_line' id='line_1_70' title="bbox 198 3901 1789 3976; baseline 0.003 -23"><span class='ocrx_word' id='word_1_518' title='bbox 198 3901 361 3972; x_wconf 83' lang='grc' dir='ltr'>λόγῳ.</span> <span class='ocrx_word' id='word_1_519' title='bbox 396 3903 650 3956; x_wconf 88' lang='grc' dir='ltr'>Ἤκουσα</span> <span class='ocrx_word' id='word_1_520' title='bbox 676 3903 854 3956; x_wconf 87' lang='grc' dir='ltr'>τοίνυν</span> <span class='ocrx_word' id='word_1_521' title='bbox 889 3903 1002 3974; x_wconf 78' lang='grc'>(95)</span> <span class='ocrx_word' id='word_1_522' title='bbox 1035 3903 1131 3958; x_wconf 83' lang='grc' dir='ltr'>τοῦ</span> <span class='ocrx_word' id='word_1_523' title='bbox 1162 3903 1327 3958; x_wconf 80' lang='grc' dir='ltr'>Δαόὶδ</span> <span class='ocrx_word' id='word_1_524' title='bbox 1366 3905 1789 3976; x_wconf 82' lang='grc' dir='ltr'>ὑμνολογοῦντος</span> 
     </span>
    </p>
   </div>
   <div class='ocr_carea' id='block_1_71' title="bbox 199 3993 1789 4068">
    <p class='ocr_par' dir='ltr' id='par_1_71' title="bbox 199 3993 1789 4068">
     <span class='ocr_line' id='line_1_71' title="bbox 199 3993 1789 4068; baseline 0.001 -22"><span class='ocrx_word' id='word_1_525' title='bbox 199 3995 256 4047; x_wconf 87' lang='grc' dir='ltr'><strong>ἐν</strong></span> <span class='ocrx_word' id='word_1_526' title='bbox 300 3993 478 4057; x_wconf 83' lang='grc' dir='ltr'>θείαις</span> <span class='ocrx_word' id='word_1_527' title='bbox 525 3993 710 4064; x_wconf 82' lang='grc' dir='ltr'>ᾠδαῖς,</span> <span class='ocrx_word' id='word_1_528' title='bbox 751 3995 840 4048; x_wconf 79' lang='grc' dir='ltr'><strong>ὅτε</strong></span> <span class='ocrx_word' id='word_1_529' title='bbox 888 3995 988 4066; x_wconf 83' lang='grc' dir='ltr'>τὴν</span> <span class='ocrx_word' id='word_1_530' title='bbox 1036 3994 1131 4048; x_wconf 80' lang='grc' dir='ltr'>τοῦ</span> <span class='ocrx_word' id='word_1_531' title='bbox 1188 3996 1386 4060; x_wconf 87' lang='grc' dir='ltr'>παντὸς</span> <span class='ocrx_word' id='word_1_532' title='bbox 1431 3997 1789 4068; x_wconf 88' lang='grc' dir='ltr'>διακόσμησιν</span> 
     </span>
    </p>
   </div>
   <div class='ocr_carea' id='block_1_72' title="bbox 200 4085 1788 4159">
    <p class='ocr_par' dir='ltr' id='par_1_72' title="bbox 200 4085 1788 4159">
     <span class='ocr_line' id='line_1_72' title="bbox 200 4085 1788 4159; baseline 0.001 -20"><span class='ocrx_word' id='word_1_533' title='bbox 200 4086 455 4139; x_wconf 81' lang='grc' dir='ltr'>ὑπόθεσιν</span> <span class='ocrx_word' id='word_1_534' title='bbox 494 4086 589 4138; x_wconf 76' lang='grc' dir='ltr'>τοῦ</span> <span class='ocrx_word' id='word_1_535' title='bbox 619 4085 788 4156; x_wconf 81' lang='grc' dir='ltr'>ὕμνου</span> <span class='ocrx_word' id='word_1_536' title='bbox 819 4088 1186 4159; x_wconf 79' lang='grc' dir='ltr'>πεποιημένος</span> <span class='ocrx_word' id='word_1_537' title='bbox 1219 4090 1276 4142; x_wconf 92' lang='grc' dir='ltr'><strong>ἐν</strong></span> <span class='ocrx_word' id='word_1_538' title='bbox 1310 4088 1585 4159; x_wconf 78' lang='grc' dir='ltr'>ἑκατοστῷ</span> <span class='ocrx_word' id='word_1_539' title='bbox 1620 4091 1788 4159; x_wconf 86' lang='grc' dir='ltr'>τρίτῳ</span> 
     </span>
    </p>
   </div>
   <div class='ocr_carea' id='block_1_73' title="bbox 199 4176 1787 4250">
    <p class='ocr_par' dir='ltr' id='par_1_73' title="bbox 199 4176 1787 4250">
     <span class='ocr_line' id='line_1_73' title="bbox 199 4176 1787 4250; baseline 0 -19"><span class='ocrx_word' id='word_1_540' title='bbox 199 4177 397 4248; x_wconf 67' lang='grc' dir='ltr'>ψαλμῷ</span> <span class='ocrx_word' id='word_1_541' title='bbox 430 4177 569 4247; x_wconf 72' lang='grc' dir='ltr'>πρὸς</span> <span class='ocrx_word' id='word_1_542' title='bbox 596 4176 674 4248; x_wconf 79' lang='grc' dir='ltr'>τῷ</span> <span class='ocrx_word' id='word_1_543' title='bbox 702 4177 841 4230; x_wconf 82' lang='grc' dir='ltr'>τέλει</span> <span class='ocrx_word' id='word_1_544' title='bbox 871 4179 970 4249; x_wconf 82' lang='grc' dir='ltr'>τῆς</span> <span class='ocrx_word' id='word_1_545' title='bbox 1001 4178 1276 4250; x_wconf 82' lang='grc' dir='ltr'>ὑμνῳδίας</span> <span class='ocrx_word' id='word_1_546' title='bbox 1311 4178 1467 4231; x_wconf 79' lang='grc' dir='ltr'>τοῦτό</span> <span class='ocrx_word' id='word_1_547' title='bbox 1496 4196 1678 4250; x_wconf 82' lang='grc' dir='ltr'>φησιν,</span> <span class='ocrx_word' id='word_1_548' title='bbox 1707 4179 1787 4232; x_wconf 78' lang='grc' dir='ltr'>ὅτι</span> 
     </span>
    </p>
   </div>
   <div class='ocr_carea' id='block_1_74' title="bbox 205 4268 1778 4340">
    <p class='ocr_par' dir='ltr' id='par_1_74' title="bbox 205 4268 1778 4340">
     <span class='ocr_line' id='line_1_74' title="bbox 205 4268 1778 4340; baseline 0.004 -22"><span class='ocrx_word' id='word_1_549' title='bbox 205 4286 223 4318; x_wconf 81' lang='grc' dir='ltr'><strong>ι</strong></span> <span class='ocrx_word' id='word_1_550' title='bbox 264 4268 606 4332; x_wconf 81' lang='grc' dir='ltr'>Ἀντανελείς</span> <span class='ocrx_word' id='word_1_551' title='bbox 627 4268 740 4340; x_wconf 65' lang='grc'>(94)</span> <span class='ocrx_word' id='word_1_552' title='bbox 766 4269 825 4322; x_wconf 86' lang='grc' dir='ltr'><strong>τὸ</strong></span> <span class='ocrx_word' id='word_1_553' title='bbox 854 4270 1070 4340; x_wconf 82' lang='grc' dir='ltr'>πνεῦμα</span> <span class='ocrx_word' id='word_1_554' title='bbox 1097 4270 1299 4336; x_wconf 80' lang='grc' dir='ltr'>αὐτῶν,</span> <span class='ocrx_word' id='word_1_555' title='bbox 1331 4271 1425 4323; x_wconf 77' lang='grc' dir='ltr'><strong>καὶ</strong></span> <span class='ocrx_word' id='word_1_556' title='bbox 1450 4271 1778 4340; x_wconf 73' lang='grc' dir='ltr'>ἐκλείψουσι,</span> 
     </span>
    </p>
   </div>
   <div class='ocr_carea' id='block_1_75' title="bbox 200 4359 1784 4432">
    <p class='ocr_par' dir='ltr' id='par_1_75' title="bbox 200 4359 1784 4432">
     <span class='ocr_line' id='line_1_75' title="bbox 200 4359 1784 4432; baseline 0 -18"><span class='ocrx_word' id='word_1_557' title='bbox 200 4360 290 4414; x_wconf 80' lang='grc' dir='ltr'><strong>καὶ</strong></span> <span class='ocrx_word' id='word_1_558' title='bbox 315 4363 396 4423; x_wconf 85' lang='grc' dir='ltr'>εἰς</span> <span class='ocrx_word' id='word_1_559' title='bbox 424 4360 519 4413; x_wconf 86' lang='grc' dir='ltr'><strong>τὸν</strong></span> <span class='ocrx_word' id='word_1_560' title='bbox 543 4360 673 4432; x_wconf 75' lang='grc' dir='ltr'>χοῦν</span> <span class='ocrx_word' id='word_1_561' title='bbox 702 4359 882 4413; x_wconf 81' lang='grc' dir='ltr'>αὐτῶν</span> <span class='ocrx_word' id='word_1_562' title='bbox 905 4361 1344 4432; x_wconf 74' lang='grc' dir='ltr'>ἐπιστρέφουσιν.</span> <span class='ocrx_word' id='word_1_563' title='bbox 1375 4361 1784 4426; x_wconf 80' lang='grc' dir='ltr'>Ἐξαποστελεῖς</span> 
     </span>
    </p>
   </div>
   <div class='ocr_carea' id='block_1_76' title="bbox 1985 3002 3460 3086">
    <p class='ocr_par' dir='ltr' id='par_1_76' title="bbox 1985 3002 3460 3086">
     <span class='ocr_line' id='line_1_76' title="bbox 1985 3002 3460 3086; baseline 0.014 -30"><span class='ocrx_word' id='word_1_564' title='bbox 1985 3002 2056 3058; x_wconf 83' lang='grc' dir='ltr'><strong>Μ.</strong></span> <span class='ocrx_word' id='word_1_565' title='bbox 2101 3003 2266 3076; x_wconf 90' lang='lat' dir='ltr'><strong>Atqui</strong></span> <span class='ocrx_word' id='word_1_566' title='bbox 2314 3010 2504 3074; x_wconf 87' lang='lat' dir='ltr'><strong>multa,</strong></span> <span class='ocrx_word' id='word_1_567' title='bbox 2555 3011 2750 3081; x_wconf 86' lang='lat' dir='ltr'><strong>inquit,</strong></span> <span class='ocrx_word' id='word_1_568' title='bbox 2789 3028 2854 3068; x_wconf 83' lang='lat' dir='ltr'><strong>ex</strong></span> <span class='ocrx_word' id='word_1_569' title='bbox 2902 3015 2969 3071; x_wconf 84' lang='lat' dir='ltr'><strong>iis</strong></span> <span class='ocrx_word' id='word_1_570' title='bbox 3001 3032 3119 3085; x_wconf 73' lang='lat' dir='ltr'><strong>qua:</strong></span> <span class='ocrx_word' id='word_1_571' title='bbox 3150 3034 3292 3073; x_wconf 89' lang='lat' dir='ltr'><strong>nunc</strong></span> <span class='ocrx_word' id='word_1_572' title='bbox 3320 3019 3460 3086; x_wconf 80' lang='lat' dir='ltr'><strong>fuse,</strong></span> 
     </span>
    </p>
   </div>
   <div class='ocr_carea' id='block_1_77' title="bbox 1901 3095 3466 3179">
    <p class='ocr_par' dir='ltr' id='par_1_77' title="bbox 1901 3095 3466 3179">
     <span class='ocr_line' id='line_1_77' title="bbox 1901 3095 3466 3179; baseline 0.014 -31"><span class='ocrx_word' id='word_1_573' title='bbox 1901 3095 2109 3163; x_wconf 84' lang='lat' dir='ltr'><strong>prolixe</strong></span> <span class='ocrx_word' id='word_1_574' title='bbox 2147 3108 2311 3168; x_wconf 89' lang='lat' dir='ltr'><strong>atque</strong></span> <span class='ocrx_word' id='word_1_575' title='bbox 2339 3101 2560 3170; x_wconf 89' lang='lat' dir='ltr'><strong>copiose</strong></span> <span class='ocrx_word' id='word_1_576' title='bbox 2588 3104 2732 3157; x_wconf 87' lang='lat' dir='ltr'><strong>dicta</strong></span> <span class='ocrx_word' id='word_1_577' title='bbox 2763 3113 2914 3172; x_wconf 90' lang='lat' dir='ltr'><strong>sunt,</strong></span> <span class='ocrx_word' id='word_1_578' title='bbox 2944 3107 3011 3162; x_wconf 89' lang='lat' dir='ltr'><strong>ad</strong></span> <span class='ocrx_word' id='word_1_579' title='bbox 3043 3125 3160 3164; x_wconf 90' lang='lat' dir='ltr'><strong>eam</strong></span> <span class='ocrx_word' id='word_1_580' title='bbox 3193 3113 3466 3179; x_wconf 86' lang='lat' dir='ltr'><strong>pertinent</strong></span> 
     </span>
    </p>
   </div>
   <div class='ocr_carea' id='block_1_78' title="bbox 1899 3188 3466 3272">
    <p class='ocr_par' dir='ltr' id='par_1_78' title="bbox 1899 3188 3466 3272">
     <span class='ocr_line' id='line_1_78' title="bbox 1899 3188 3466 3272; baseline 0.012 -32"><span class='ocrx_word' id='word_1_581' title='bbox 1899 3188 2251 3245; x_wconf 86' lang='lat' dir='ltr'><strong>sententiam.</strong></span> <span class='ocrx_word' id='word_1_582' title='bbox 2297 3221 2368 3232; x_wconf 90' lang='lat'><strong>—-</strong></span> <span class='ocrx_word' id='word_1_583' title='bbox 2409 3192 2476 3248; x_wconf 90' lang='lat' dir='ltr'><strong>G.</strong></span> <span class='ocrx_word' id='word_1_584' title='bbox 2533 3194 2728 3249; x_wconf 89' lang='lat' dir='ltr'><strong>Annon</strong></span> <span class='ocrx_word' id='word_1_585' title='bbox 2773 3200 2938 3264; x_wconf 87' lang='lat' dir='ltr'><strong>nosti,</strong></span> <span class='ocrx_word' id='word_1_586' title='bbox 2996 3201 3235 3271; x_wconf 90' lang='lat' dir='ltr'><strong>inquam,</strong></span> <span class='ocrx_word' id='word_1_587' title='bbox 3292 3221 3466 3272; x_wconf 87' lang='lat' dir='ltr'><strong>quan-</strong></span> 
     </span>
    </p>
   </div>
   <div class='ocr_carea' id='block_1_79' title="bbox 1899 3273 3459 3356">
    <p class='ocr_par' dir='ltr' id='par_1_79' title="bbox 1899 3273 3459 3356">
     <span class='ocr_line' id='line_1_79' title="bbox 1899 3273 3459 3356; baseline 0.013 -34"><span class='ocrx_word' id='word_1_588' title='bbox 1899 3276 2015 3324; x_wconf 92' lang='lat' dir='ltr'><strong>tum</strong></span> <span class='ocrx_word' id='word_1_589' title='bbox 2065 3273 2134 3327; x_wconf 90' lang='lat' dir='ltr'><strong>ab</strong></span> <span class='ocrx_word' id='word_1_590' title='bbox 2183 3273 2516 3332; x_wconf 88' lang='lat' dir='ltr'><strong>adversariis</strong></span> <span class='ocrx_word' id='word_1_591' title='bbox 2555 3277 2624 3333; x_wconf 88' lang='lat' dir='ltr'><strong>de</strong></span> <span class='ocrx_word' id='word_1_592' title='bbox 2671 3279 2772 3334; x_wconf 89' lang='lat' dir='ltr'><strong>hac</strong></span> <span class='ocrx_word' id='word_1_593' title='bbox 2817 3297 2912 3352; x_wconf 90' lang='lat' dir='ltr'><strong>spe</strong></span> <span class='ocrx_word' id='word_1_594' title='bbox 2958 3285 3114 3340; x_wconf 85' lang='lat' dir='ltr'><strong>nobis</strong></span> <span class='ocrx_word' id='word_1_595' title='bbox 3159 3289 3459 3356; x_wconf 84' lang='lat' dir='ltr'><strong>oppositio-</strong></span> 
     </span>
    </p>
   </div>
   <div class='ocr_carea' id='block_1_80' title="bbox 1901 3365 3464 3439">
    <p class='ocr_par' dir='ltr' id='par_1_80' title="bbox 1901 3365 3464 3439">
     <span class='ocr_line' id='line_1_80' title="bbox 1901 3365 3464 3439; baseline 0.011 -23"><span class='ocrx_word' id='word_1_596' title='bbox 1901 3377 2028 3416; x_wconf 90' lang='lat' dir='ltr'><strong>num</strong></span> <span class='ocrx_word' id='word_1_597' title='bbox 2061 3371 2115 3419; x_wconf 91' lang='lat' dir='ltr'><strong>et</strong></span> <span class='ocrx_word' id='word_1_598' title='bbox 2147 3365 2548 3435; x_wconf 89' lang='lat' dir='ltr'><strong>subjectionum</strong></span> <span class='ocrx_word' id='word_1_599' title='bbox 2577 3372 2732 3439; x_wconf 89' lang='lat' dir='ltr'><strong>quasi</strong></span> <span class='ocrx_word' id='word_1_600' title='bbox 2771 3386 3000 3428; x_wconf 80' lang='lat' dir='ltr'><strong>examen</strong></span> <span class='ocrx_word' id='word_1_601' title='bbox 3035 3375 3340 3431; x_wconf 79' lang='lat' dir='ltr'><strong>inferatur?</strong></span> <span class='ocrx_word' id='word_1_602' title='bbox 3399 3395 3464 3433; x_wconf 90' lang='lat' dir='ltr'><strong>ac</strong></span> 
     </span>
    </p>
   </div>
   <div class='ocr_carea' id='block_1_81' title="bbox 1901 3454 3460 3532">
    <p class='ocr_par' dir='ltr' id='par_1_81' title="bbox 1901 3454 3460 3532">
     <span class='ocr_line' id='line_1_81' title="bbox 1901 3454 3460 3532; baseline 0.008 -24"><span class='ocrx_word' id='word_1_603' title='bbox 1901 3454 2064 3508; x_wconf 91' lang='lat' dir='ltr'><strong>simul</strong></span> <span class='ocrx_word' id='word_1_604' title='bbox 2110 3455 2294 3511; x_wconf 83' lang='lat' dir='ltr'><strong>dicere</strong></span> <span class='ocrx_word' id='word_1_605' title='bbox 2329 3460 2587 3527; x_wconf 89' lang='lat' dir='ltr'><strong>conabar,</strong></span> <span class='ocrx_word' id='word_1_606' title='bbox 2633 3477 2970 3532; x_wconf 70' lang='lat' dir='ltr'><strong>quaecunque</strong></span> <span class='ocrx_word' id='word_1_607' title='bbox 3004 3465 3069 3520; x_wconf 88' lang='lat' dir='ltr'><strong>ad</strong></span> <span class='ocrx_word' id='word_1_608' title='bbox 3121 3469 3460 3524; x_wconf 85' lang='lat' dir='ltr'><strong>eversionem</strong></span> 
     </span>
    </p>
   </div>
   <div class='ocr_carea' id='block_1_82' title="bbox 1899 3546 3461 3611">
    <p class='ocr_par' dir='ltr' id='par_1_82' title="bbox 1899 3546 3461 3611">
     <span class='ocr_line' id='line_1_82' title="bbox 1899 3546 3461 3611; baseline 0.008 -14"><span class='ocrx_word' id='word_1_609' title='bbox 1899 3546 2322 3601; x_wconf 88' lang='lat' dir='ltr'><strong>resurrectionis</strong></span> <span class='ocrx_word' id='word_1_610' title='bbox 2367 3548 2615 3604; x_wconf 79' lang='lat' dir='ltr'><strong>homines</strong></span> <span class='ocrx_word' id='word_1_611' title='bbox 2659 3553 2985 3607; x_wconf 90' lang='lat' dir='ltr'><strong>contentiosi</strong></span> <span class='ocrx_word' id='word_1_612' title='bbox 3035 3555 3461 3611; x_wconf 87' lang='lat' dir='ltr'><strong>comminiscun-</strong></span> 
     </span>
    </p>
   </div>
   <div class='ocr_carea' id='block_1_83' title="bbox 1901 3633 3457 3712">
    <p class='ocr_par' dir='ltr' id='par_1_83' title="bbox 1901 3633 3457 3712">
     <span class='ocr_line' id='line_1_83' title="bbox 1901 3633 3457 3712; baseline 0.006 -26"><span class='ocrx_word' id='word_1_613' title='bbox 1901 3641 2012 3687; x_wconf 88' lang='lat' dir='ltr'><strong>tur.</strong></span> <span class='ocrx_word' id='word_1_614' title='bbox 2035 3664 2106 3675; x_wconf 91' lang='lat'><strong><em>—</em></strong></span> <span class='ocrx_word' id='word_1_615' title='bbox 2128 3633 2200 3687; x_wconf 82' lang='lat' dir='ltr'><strong>M.</strong></span> <span class='ocrx_word' id='word_1_616' title='bbox 2223 3637 2294 3688; x_wconf 86' lang='lat' dir='ltr'><strong>At</strong></span> <span class='ocrx_word' id='word_1_617' title='bbox 2311 3635 2586 3705; x_wconf 88' lang='lat' dir='ltr'><strong>illa,0pus</strong></span> <span class='ocrx_word' id='word_1_618' title='bbox 2602 3651 2729 3692; x_wconf 87' lang='lat' dir='ltr'><strong>esse</strong></span> <span class='ocrx_word' id='word_1_619' title='bbox 2754 3638 2887 3691; x_wconf 85' lang='lat' dir='ltr'><strong>mihi</strong></span> <span class='ocrx_word' id='word_1_620' title='bbox 2907 3639 3136 3706; x_wconf 85' lang='lat' dir='ltr'><strong>videtur,</strong></span> <span class='ocrx_word' id='word_1_621' title='bbox 3158 3643 3350 3712; x_wconf 88' lang='lat' dir='ltr'><strong>inquit,</strong></span> <span class='ocrx_word' id='word_1_622' title='bbox 3374 3658 3457 3707; x_wconf 89' lang='lat' dir='ltr'><strong>ea,</strong></span> 
     </span>
    </p>
   </div>
   <div class='ocr_carea' id='block_1_84' title="bbox 1892 3725 3474 3802">
    <p class='ocr_par' dir='ltr' id='par_1_84' title="bbox 1892 3725 3474 3802">
     <span class='ocr_line' id='line_1_84' title="bbox 1892 3725 3474 3802; baseline 0.008 -26"><span class='ocrx_word' id='word_1_623' title='bbox 1892 3739 2014 3793; x_wconf 76' lang='lat' dir='ltr'><strong>quae</strong></span> <span class='ocrx_word' id='word_1_624' title='bbox 2045 3725 2250 3794; x_wconf 88' lang='lat' dir='ltr'><strong>passim</strong></span> <span class='ocrx_word' id='word_1_625' title='bbox 2281 3740 2346 3782; x_wconf 89' lang='lat' dir='ltr'><strong>ac</strong></span> <span class='ocrx_word' id='word_1_626' title='bbox 2374 3729 2609 3798; x_wconf 88' lang='lat' dir='ltr'><strong>sparsim</strong></span> <span class='ocrx_word' id='word_1_627' title='bbox 2651 3729 2722 3785; x_wconf 91' lang='lat' dir='ltr'><strong>ab</strong></span> <span class='ocrx_word' id='word_1_628' title='bbox 2756 3729 2939 3785; x_wconf 87' lang='lat' dir='ltr'><strong>divina</strong></span> <span class='ocrx_word' id='word_1_629' title='bbox 2971 3729 3252 3802; x_wconf 79' lang='lat' dir='ltr'><strong>Scriptura</strong></span> <span class='ocrx_word' id='word_1_630' title='bbox 3281 3733 3349 3788; x_wconf 90' lang='lat' dir='ltr'><strong>de</strong></span> <span class='ocrx_word' id='word_1_631' title='bbox 3372 3734 3474 3789; x_wconf 84' lang='lat' dir='ltr'><strong>hac</strong></span> 
     </span>
    </p>
   </div>
   <div class='ocr_carea' id='block_1_85' title="bbox 1887 3816 3472 3895">
    <p class='ocr_par' dir='ltr' id='par_1_85' title="bbox 1887 3816 3472 3895">
     <span class='ocr_line' id='line_1_85' title="bbox 1887 3816 3472 3895; baseline 0.007 -24"><span class='ocrx_word' id='word_1_632' title='bbox 1887 3816 2159 3871; x_wconf 84' lang='lat' dir='ltr'><strong>sententia</strong></span> <span class='ocrx_word' id='word_1_633' title='bbox 2207 3825 2372 3889; x_wconf 89' lang='lat' dir='ltr'><strong>atque</strong></span> <span class='ocrx_word' id='word_1_634' title='bbox 2431 3819 2686 3876; x_wconf 85' lang='lat' dir='ltr'><strong>doctrina</strong></span> <span class='ocrx_word' id='word_1_635' title='bbox 2742 3823 2992 3891; x_wconf 83' lang='lat' dir='ltr'><strong>exposita</strong></span> <span class='ocrx_word' id='word_1_636' title='bbox 3049 3835 3214 3889; x_wconf 92' lang='lat' dir='ltr'><strong>sunt,</strong></span> <span class='ocrx_word' id='word_1_637' title='bbox 3281 3829 3472 3895; x_wconf 89' lang='lat' dir='ltr'><strong>paucis</strong></span> 
     </span>
    </p>
   </div>
   <div class='ocr_carea' id='block_1_86' title="bbox 1887 3909 3469 3988">
    <p class='ocr_par' dir='ltr' id='par_1_86' title="bbox 1887 3909 3469 3988">
     <span class='ocr_line' id='line_1_86' title="bbox 1887 3909 3469 3988; baseline 0.008 -28"><span class='ocrx_word' id='word_1_638' title='bbox 1887 3909 2041 3977; x_wconf 90' lang='lat' dir='ltr'><strong>prius</strong></span> <span class='ocrx_word' id='word_1_639' title='bbox 2074 3923 2418 3979; x_wconf 88' lang='lat' dir='ltr'><strong>percurrere,</strong></span> <span class='ocrx_word' id='word_1_640' title='bbox 2444 3919 2505 3966; x_wconf 92' lang='lat' dir='ltr'><strong>ut</strong></span> <span class='ocrx_word' id='word_1_641' title='bbox 2533 3912 2660 3968; x_wconf 88' lang='lat' dir='ltr'><strong>inde</strong></span> <span class='ocrx_word' id='word_1_642' title='bbox 2694 3915 2853 3969; x_wconf 90' lang='lat' dir='ltr'><strong>nobis</strong></span> <span class='ocrx_word' id='word_1_643' title='bbox 2875 3915 2997 3969; x_wconf 92' lang='lat' dir='ltr'><strong>ﬁnis</strong></span> <span class='ocrx_word' id='word_1_644' title='bbox 3023 3917 3259 3971; x_wconf 86' lang='lat' dir='ltr'><strong>orationi</strong></span> <span class='ocrx_word' id='word_1_645' title='bbox 3289 3918 3469 3988; x_wconf 83' lang='lat' dir='ltr'><strong>impo-</strong></span> 
     </span>
    </p>
   </div>
   <div class='ocr_carea' id='block_1_87' title="bbox 1886 4001 3468 4072">
    <p class='ocr_par' dir='ltr' id='par_1_87' title="bbox 1886 4001 3468 4072">
     <span class='ocr_line' id='line_1_87' title="bbox 1886 4001 3468 4072; baseline 0.008 -21"><span class='ocrx_word' id='word_1_646' title='bbox 1886 4005 2071 4053; x_wconf 83' lang='lat' dir='ltr'><strong>natur.</strong></span> <span class='ocrx_word' id='word_1_647' title='bbox 2102 4001 2298 4054; x_wconf 84' lang='lat' dir='ltr'><strong>Audivi</strong></span> <span class='ocrx_word' id='word_1_648' title='bbox 2347 4002 2514 4072; x_wconf 84' lang='lat' dir='ltr'><strong>igitur</strong></span> <span class='ocrx_word' id='word_1_649' title='bbox 2571 4003 2775 4058; x_wconf 89' lang='lat' dir='ltr'><strong>divinis</strong></span> <span class='ocrx_word' id='word_1_650' title='bbox 2815 4008 3164 4064; x_wconf 88' lang='lat' dir='ltr'><strong>cantionibus</strong></span> <span class='ocrx_word' id='word_1_651' title='bbox 3211 4009 3468 4066; x_wconf 82' lang='lat' dir='ltr'><strong>Davidem</strong></span> 
     </span>
    </p>
   </div>
   <div class='ocr_carea' id='block_1_88' title="bbox 1885 4090 3470 4165">
    <p class='ocr_par' dir='ltr' id='par_1_88' title="bbox 1885 4090 3470 4165">
     <span class='ocr_line' id='line_1_88' title="bbox 1885 4090 3470 4165; baseline 0.009 -21"><span class='ocrx_word' id='word_1_652' title='bbox 1885 4090 2075 4146; x_wconf 89' lang='lat' dir='ltr'><strong>laudes</strong></span> <span class='ocrx_word' id='word_1_653' title='bbox 2104 4091 2195 4145; x_wconf 89' lang='lat' dir='ltr'><strong>Dei</strong></span> <span class='ocrx_word' id='word_1_654' title='bbox 2252 4095 2662 4161; x_wconf 75' lang='lat' dir='ltr'><strong>prtedicantem,</strong></span> <span class='ocrx_word' id='word_1_655' title='bbox 2717 4110 2840 4149; x_wconf 90' lang='lat' dir='ltr'><strong>cum</strong></span> <span class='ocrx_word' id='word_1_656' title='bbox 2900 4108 3116 4165; x_wconf 89' lang='lat' dir='ltr'><strong>sumpta</strong></span> <span class='ocrx_word' id='word_1_657' title='bbox 3177 4102 3470 4158; x_wconf 88' lang='lat' dir='ltr'><strong>occasione</strong></span> 
     </span>
    </p>
   </div>
   <div class='ocr_carea' id='block_1_89' title="bbox 1894 4183 3467 4262">
    <p class='ocr_par' dir='ltr' id='par_1_89' title="bbox 1894 4183 3467 4262">
     <span class='ocr_line' id='line_1_89' title="bbox 1894 4183 3467 4262; baseline 0.009 -28"><span class='ocrx_word' id='word_1_658' title='bbox 1894 4183 2221 4250; x_wconf 70' lang='lat' dir='ltr'><strong>praedicandi</strong></span> <span class='ocrx_word' id='word_1_659' title='bbox 2271 4185 2339 4238; x_wconf 86' lang='lat' dir='ltr'><strong>ab</strong></span> <span class='ocrx_word' id='word_1_660' title='bbox 2390 4200 2571 4240; x_wconf 89' lang='lat' dir='ltr'><strong>rerum</strong></span> <span class='ocrx_word' id='word_1_661' title='bbox 2621 4186 3006 4243; x_wconf 84' lang='lat' dir='ltr'><strong>universarum</strong></span> <span class='ocrx_word' id='word_1_662' title='bbox 3056 4199 3267 4246; x_wconf 64' lang='lat' dir='ltr'><strong>natura:</strong></span> <span class='ocrx_word' id='word_1_663' title='bbox 3314 4194 3467 4262; x_wconf 80' lang='lat' dir='ltr'><strong>dige-</strong></span> 
     </span>
    </p>
   </div>
   <div class='ocr_carea' id='block_1_90' title="bbox 1890 4274 3470 4352">
    <p class='ocr_par' dir='ltr' id='par_1_90' title="bbox 1890 4274 3470 4352">
     <span class='ocr_line' id='line_1_90' title="bbox 1890 4274 3470 4352; baseline 0.009 -25"><span class='ocrx_word' id='word_1_664' title='bbox 1890 4274 2067 4328; x_wconf 88' lang='lat' dir='ltr'><strong>stione</strong></span> <span class='ocrx_word' id='word_1_665' title='bbox 2088 4282 2142 4328; x_wconf 87' lang='lat' dir='ltr'><strong>et</strong></span> <span class='ocrx_word' id='word_1_666' title='bbox 2163 4275 2640 4332; x_wconf 86' lang='lat' dir='ltr'><strong>administratione</strong></span> <span class='ocrx_word' id='word_1_667' title='bbox 2660 4293 2674 4342; x_wconf 92' lang='lat'><strong>;</strong></span> <span class='ocrx_word' id='word_1_668' title='bbox 2696 4278 2750 4332; x_wconf 90' lang='lat' dir='ltr'><strong>in</strong></span> <span class='ocrx_word' id='word_1_669' title='bbox 2767 4280 3069 4336; x_wconf 89' lang='lat' dir='ltr'><strong>centesimo</strong></span> <span class='ocrx_word' id='word_1_670' title='bbox 3087 4283 3246 4337; x_wconf 89' lang='lat' dir='ltr'><strong>tertio</strong></span> <span class='ocrx_word' id='word_1_671' title='bbox 3261 4285 3470 4352; x_wconf 87' lang='lat' dir='ltr'><strong>psalmo</strong></span> 
     </span>
    </p>
   </div>
   <div class='ocr_carea' id='block_1_91' title="bbox 1891 4364 3470 4443">
    <p class='ocr_par' dir='ltr' id='par_1_91' title="bbox 1891 4364 3470 4443">
     <span class='ocr_line' id='line_1_91' title="bbox 1891 4364 3470 4443; baseline 0.009 -25"><span class='ocrx_word' id='word_1_672' title='bbox 1891 4364 2039 4420; x_wconf 84' lang='lat' dir='ltr'><strong>circa</strong></span> <span class='ocrx_word' id='word_1_673' title='bbox 2070 4364 2230 4420; x_wconf 90' lang='lat' dir='ltr'><strong>ﬁnem</strong></span> <span class='ocrx_word' id='word_1_674' title='bbox 2255 4367 2532 4423; x_wconf 88' lang='lat' dir='ltr'><strong>cantionis</strong></span> <span class='ocrx_word' id='word_1_675' title='bbox 2557 4371 2629 4423; x_wconf 86' lang='lat' dir='ltr'><strong>ita</strong></span> <span class='ocrx_word' id='word_1_676' title='bbox 2659 4369 2767 4424; x_wconf 88' lang='lat' dir='ltr'><strong>ait:</strong></span> <span class='ocrx_word' id='word_1_677' title='bbox 2799 4388 2816 4422; x_wconf 82' lang='grc' dir='ltr'><strong>ι</strong></span> <span class='ocrx_word' id='word_1_678' title='bbox 2841 4370 3071 4428; x_wconf 79' lang='lat' dir='ltr'><strong>Auferes</strong></span> <span class='ocrx_word' id='word_1_679' title='bbox 3093 4373 3344 4443; x_wconf 89' lang='lat' dir='ltr'><strong>spiritum</strong></span> <span class='ocrx_word' id='word_1_680' title='bbox 3374 4390 3470 4431; x_wconf 86' lang='lat' dir='ltr'><strong>eo-</strong></span> 
     </span>
    </p>
   </div>
   <div class='ocr_carea' id='block_1_92' title="bbox 200 4453 1790 4531">
    <p class='ocr_par' dir='ltr' id='par_1_92' title="bbox 200 4453 1786 4524">
     <span class='ocr_line' id='line_1_92' title="bbox 200 4453 1786 4524; baseline -0.001 -16"><span class='ocrx_word' id='word_1_681' title='bbox 200 4454 257 4508; x_wconf 81' lang='grc' dir='ltr'><strong>τδ</strong></span> <span class='ocrx_word' id='word_1_682' title='bbox 298 4453 533 4524; x_wconf 82' lang='grc' dir='ltr'>Πνεῦμά</span> <span class='ocrx_word' id='word_1_683' title='bbox 566 4469 660 4506; x_wconf 90' lang='grc' dir='ltr'><strong>σου</strong></span> <span class='ocrx_word' id='word_1_684' title='bbox 681 4493 696 4519; x_wconf 93' lang='grc'><strong>,</strong></span> <span class='ocrx_word' id='word_1_685' title='bbox 732 4453 824 4508; x_wconf 79' lang='grc' dir='ltr'><strong>καὶ</strong></span> <span class='ocrx_word' id='word_1_686' title='bbox 855 4453 1270 4523; x_wconf 81' lang='grc' dir='ltr'>κτισθήσονται,</span> <span class='ocrx_word' id='word_1_687' title='bbox 1321 4453 1415 4506; x_wconf 77' lang='grc' dir='ltr'>καὶ</span> <span class='ocrx_word' id='word_1_688' title='bbox 1452 4454 1786 4517; x_wconf 86' lang='grc' dir='ltr'>ἀνακαινιεῖς</span> 
     </span>
    </p>
   </div>
   <div class='ocr_carea' id='block_1_93' title="bbox 1900 4453 3467 4531">
    <p class='ocr_par' dir='ltr' id='par_1_93' title="bbox 1900 4458 3467 4531">
     <span class='ocr_line' id='line_1_93' title="bbox 1900 4458 3467 4531; baseline 0.006 -22"><span class='ocrx_word' id='word_1_689' title='bbox 1900 4471 2036 4520; x_wconf 89' lang='lat' dir='ltr'><strong>rum,</strong></span> <span class='ocrx_word' id='word_1_690' title='bbox 2077 4465 2132 4511; x_wconf 90' lang='lat' dir='ltr'><strong>et</strong></span> <span class='ocrx_word' id='word_1_691' title='bbox 2185 4458 2460 4524; x_wconf 88' lang='lat' dir='ltr'><strong>deﬁcient,</strong></span> <span class='ocrx_word' id='word_1_692' title='bbox 2504 4467 2560 4514; x_wconf 90' lang='lat' dir='ltr'><strong>et</strong></span> <span class='ocrx_word' id='word_1_693' title='bbox 2615 4461 2670 4514; x_wconf 91' lang='lat' dir='ltr'><strong>in</strong></span> <span class='ocrx_word' id='word_1_694' title='bbox 2697 4460 2976 4531; x_wconf 86' lang='lat' dir='ltr'><strong>pulverem</strong></span> <span class='ocrx_word' id='word_1_695' title='bbox 3023 4478 3184 4518; x_wconf 92' lang='lat' dir='ltr'><strong>suum</strong></span> <span class='ocrx_word' id='word_1_696' title='bbox 3235 4479 3467 4520; x_wconf 76' lang='lat' dir='ltr'><strong>conver-</strong></span> 
     </span>
    </p>
   </div>
   <div class='ocr_carea' id='block_1_94' title="bbox 267 4656 1780 4730">
    <p class='ocr_par' dir='ltr' id='par_1_94' title="bbox 267 4656 1780 4730">
     <span class='ocr_line' id='line_1_94' title="bbox 267 4656 1780 4730; baseline -0.002 -15"><span class='ocrx_word' id='word_1_697' title='bbox 267 4661 378 4730; x_wconf 83' lang='lat'><strong>(76)</strong></span> <span class='ocrx_word' id='word_1_698' title='bbox 418 4659 821 4730; x_wconf 70' lang='grc' dir='ltr'>Διδασκάλου.</span> <span class='ocrx_word' id='word_1_699' title='bbox 841 4659 884 4710; x_wconf 80' lang='grc' dir='ltr'><strong>Α</strong></span> <span class='ocrx_word' id='word_1_700' title='bbox 910 4659 971 4730; x_wconf 87' lang='grc' dir='ltr'>Β,</span> <span class='ocrx_word' id='word_1_701' title='bbox 1002 4661 1101 4730; x_wconf 84' lang='grc' dir='ltr'>τῆς</span> <span class='ocrx_word' id='word_1_702' title='bbox 1130 4656 1428 4730; x_wconf 43' lang='grc' dir='ltr'>διδασκηιιι</span> <span class='ocrx_word' id='word_1_703' title='bbox 1446 4657 1685 4730; x_wconf 81' lang='lat' dir='ltr'><strong>scholiis</strong></span> <span class='ocrx_word' id='word_1_704' title='bbox 1713 4658 1780 4712; x_wconf 84' lang='lat' dir='ltr'><strong>ad</strong></span> 
     </span>
    </p>
   </div>
   <div class='ocr_carea' id='block_1_95' title="bbox 201 4728 1782 4799">
    <p class='ocr_par' dir='ltr' id='par_1_95' title="bbox 201 4728 1782 4799">
     <span class='ocr_line' id='line_1_95' title="bbox 201 4728 1782 4799; baseline -0.003 -13"><span class='ocrx_word' id='word_1_705' title='bbox 201 4728 400 4786; x_wconf 81' lang='lat' dir='ltr'><strong>calcem</strong></span> <span class='ocrx_word' id='word_1_706' title='bbox 431 4731 641 4785; x_wconf 89' lang='lat' dir='ltr'><strong>codicis</strong></span> <span class='ocrx_word' id='word_1_707' title='bbox 679 4731 746 4793; x_wconf 83' lang='lat' dir='ltr'><strong>A,</strong></span> <span class='ocrx_word' id='word_1_708' title='bbox 777 4729 892 4783; x_wconf 64' lang='lat' dir='ltr'><strong>haec</strong></span> <span class='ocrx_word' id='word_1_709' title='bbox 930 4728 1100 4799; x_wconf 81' lang='lat' dir='ltr'><strong>lego:</strong></span> <span class='ocrx_word' id='word_1_710' title='bbox 1142 4729 1279 4799; x_wconf 79' lang='grc' dir='ltr'>Περὶ</span> <span class='ocrx_word' id='word_1_711' title='bbox 1306 4729 1406 4798; x_wconf 79' lang='grc' dir='ltr'><strong>τῆς</strong></span> <span class='ocrx_word' id='word_1_712' title='bbox 1434 4728 1782 4792; x_wconf 78' lang='grc' dir='ltr'>ἀναστάσεως</span> 
     </span>
    </p>
   </div>
   <div class='ocr_carea' id='block_1_96' title="bbox 203 4801 1218 4880">
    <p class='ocr_par' dir='ltr' id='par_1_96' title="bbox 203 4801 1218 4880">
     <span class='ocr_line' id='line_1_96' title="bbox 203 4801 1218 4880; baseline 0.003 -27"><span class='ocrx_word' id='word_1_713' title='bbox 203 4801 722 4880; x_wconf 31' lang='grc' dir='ltr'>πάλινιδὶιλέγεται.</span> <span class='ocrx_word' id='word_1_714' title='bbox 802 4867 814 4880; x_wconf 39' lang='grc' dir='ltr'><strong><em>ι</em></strong></span> <span class='ocrx_word' id='word_1_715' title='bbox 1007 4876 1018 4880; x_wconf 28' lang='grc' dir='ltr'><strong><em>Δ</em></strong></span> <span class='ocrx_word' id='word_1_716' title='bbox 1081 4869 1122 4880; x_wconf 73' lang='lat'>_</span> <span class='ocrx_word' id='word_1_717' title='bbox 1193 4867 1218 4880; x_wconf 40' lang='grc' dir='ltr'><strong>η</strong></span> 
     </span>
    </p>
   </div>
   <div class='ocr_carea' id='block_1_97' title="bbox 267 4866 1778 4939">
    <p class='ocr_par' dir='ltr' id='par_1_97' title="bbox 267 4866 1778 4939">
     <span class='ocr_line' id='line_1_97' title="bbox 267 4866 1778 4939; baseline -0.003 -15"><span class='ocrx_word' id='word_1_718' title='bbox 267 4872 379 4939; x_wconf 85' lang='grc'>(77)</span> <span class='ocrx_word' id='word_1_719' title='bbox 420 4866 966 4939; x_wconf 58' lang='grc' dir='ltr'>Παρὰκαθημξνοις.</span> <span class='ocrx_word' id='word_1_720' title='bbox 992 4876 1056 4934; x_wconf 80' lang='grc' dir='ltr'>Α,</span> <span class='ocrx_word' id='word_1_721' title='bbox 1081 4869 1124 4920; x_wconf 87' lang='grc' dir='ltr'><strong>Β</strong></span> <span class='ocrx_word' id='word_1_722' title='bbox 1151 4867 1260 4922; x_wconf 83' lang='grc' dir='ltr'>τῶν</span> <span class='ocrx_word' id='word_1_723' title='bbox 1285 4866 1778 4939; x_wconf 88' lang='grc' dir='ltr'>παρακαθημένων.</span> 
     </span>
    </p>
   </div>
   <div class='ocr_carea' id='block_1_98' title="bbox 266 4935 1053 5012">
    <p class='ocr_par' dir='ltr' id='par_1_98' title="bbox 266 4935 1053 5012">
     <span class='ocr_line' id='line_1_98' title="bbox 266 4935 1053 5012; baseline 0.001 -20"><span class='ocrx_word' id='word_1_724' title='bbox 266 4935 376 5012; x_wconf 85' lang='grc'>(78)</span> <span class='ocrx_word' id='word_1_725' title='bbox 429 4935 687 5012; x_wconf 63' lang='grc' dir='ltr'><strong>⁹Ο’δι(ιλ.</strong></span> <span class='ocrx_word' id='word_1_726' title='bbox 915 4941 1053 4993; x_wconf 88' lang='grc' dir='ltr'>διαλ.</span> 
     </span>
    </p>
   </div>
   <div class='ocr_carea' id='block_1_99' title="bbox 263 5009 1019 5080">
    <p class='ocr_par' dir='ltr' id='par_1_99' title="bbox 263 5009 1019 5080">
     <span class='ocr_line' id='line_1_99' title="bbox 263 5009 1019 5080; baseline 0.003 -19"><span class='ocrx_word' id='word_1_727' title='bbox 263 5009 373 5080; x_wconf 84' lang='grc'>(79)</span> <span class='ocrx_word' id='word_1_728' title='bbox 426 5010 712 5080; x_wconf 76' lang='grc' dir='ltr'>Ἐγένετο.</span> <span class='ocrx_word' id='word_1_729' title='bbox 742 5009 784 5060; x_wconf 91' lang='grc' dir='ltr'>Β</span> <span class='ocrx_word' id='word_1_730' title='bbox 804 5009 1019 5076; x_wconf 80' lang='grc' dir='ltr'>γέγονε.</span> 
     </span>
    </p>
   </div>
   <div class='ocr_carea' id='block_1_100' title="bbox 263 5079 1157 5152">
    <p class='ocr_par' dir='ltr' id='par_1_100' title="bbox 263 5079 1157 5152">
     <span class='ocr_line' id='line_1_100' title="bbox 263 5079 1157 5152; baseline -0.004 -16"><span class='ocrx_word' id='word_1_731' title='bbox 263 5083 374 5152; x_wconf 88' lang='grc'>(80)</span> <span class='ocrx_word' id='word_1_732' title='bbox 413 5079 818 5152; x_wconf 52' lang='grc' dir='ltr'><strong>ΚυριωτάτουἈ</strong></span> <span class='ocrx_word' id='word_1_733' title='bbox 913 5096 1157 5152; x_wconf 80' lang='grc' dir='ltr'>καιριωτ.</span> 
     </span>
    </p>
   </div>
   <div class='ocr_carea' id='block_1_101' title="bbox 265 5148 1062 5222">
    <p class='ocr_par' dir='ltr' id='par_1_101' title="bbox 265 5148 1062 5222">
     <span class='ocr_line' id='line_1_101' title="bbox 265 5148 1062 5222; baseline -0.004 -17"><span class='ocrx_word' id='word_1_734' title='bbox 265 5148 376 5222; x_wconf 85' lang='grc'>(81)</span> <span class='ocrx_word' id='word_1_735' title='bbox 415 5148 635 5220; x_wconf 68' lang='grc' dir='ltr'>Δόγμα.</span> <span class='ocrx_word' id='word_1_736' title='bbox 678 5151 739 5202; x_wconf 92' lang='grc' dir='ltr'><strong>Β.</strong></span> <span class='ocrx_word' id='word_1_737' title='bbox 774 5149 834 5202; x_wconf 85' lang='grc' dir='ltr'>τὸ</span> <span class='ocrx_word' id='word_1_738' title='bbox 858 5148 1062 5222; x_wconf 65' lang='grc' dir='ltr'>δόγμα.</span> 
     </span>
    </p>
   </div>
   <div class='ocr_carea' id='block_1_102' title="bbox 265 5218 1192 5290">
    <p class='ocr_par' dir='ltr' id='par_1_102' title="bbox 265 5218 1192 5290">
     <span class='ocr_line' id='line_1_102' title="bbox 265 5218 1192 5290; baseline -0.003 -16"><span class='ocrx_word' id='word_1_739' title='bbox 265 5218 373 5290; x_wconf 79' lang='grc'>(82)</span> <span class='ocrx_word' id='word_1_740' title='bbox 420 5218 724 5290; x_wconf 55' lang='grc' dir='ltr'>Ἀρκαὶακ.</span> <span class='ocrx_word' id='word_1_741' title='bbox 765 5222 829 5282; x_wconf 86' lang='grc' dir='ltr'>Λ,</span> <span class='ocrx_word' id='word_1_742' title='bbox 858 5218 900 5268; x_wconf 92' lang='grc' dir='ltr'>Β</span> <span class='ocrx_word' id='word_1_743' title='bbox 938 5219 1192 5290; x_wconf 77' lang='grc' dir='ltr'>τὴνάρχ.</span> 
     </span>
    </p>
   </div>
   <div class='ocr_carea' id='block_1_103' title="bbox 286 5289 1209 5359">
    <p class='ocr_par' dir='ltr' id='par_1_103' title="bbox 286 5289 1209 5359">
     <span class='ocr_line' id='line_1_103' title="bbox 286 5289 1209 5359; baseline -0.007 -13"><span class='ocrx_word' id='word_1_744' title='bbox 286 5289 372 5359; x_wconf 78' lang='grc'>85)</span> <span class='ocrx_word' id='word_1_745' title='bbox 411 5289 775 5358; x_wconf 73' lang='grc' dir='ltr'>Παροδικήν.</span> <span class='ocrx_word' id='word_1_746' title='bbox 811 5293 855 5340; x_wconf 81' lang='grc' dir='ltr'><strong>Α</strong></span> <span class='ocrx_word' id='word_1_747' title='bbox 877 5289 1209 5359; x_wconf 69' lang='grc' dir='ltr'>περιοδικήν.</span> 
     </span>
    </p>
   </div>
   <div class='ocr_carea' id='block_1_104' title="bbox 284 5357 1292 5440">
    <p class='ocr_par' dir='ltr' id='par_1_104' title="bbox 284 5357 1292 5440">
     <span class='ocr_line' id='line_1_104' title="bbox 284 5357 1292 5440; baseline -0.005 -24"><span class='ocrx_word' id='word_1_748' title='bbox 563 5362 780 5440; x_wconf 55' lang='grc' dir='ltr'>ἐπιγιν.</span> <span class='ocrx_word' id='word_1_749' title='bbox 801 5359 856 5440; x_wconf 63' lang='grc' dir='ltr'><strong>⁷Β</strong></span> <span class='ocrx_word' id='word_1_750' title='bbox 883 5359 996 5440; x_wconf 47' lang='grc' dir='ltr'>τὴν.</span> <span class='ocrx_word' id='word_1_751' title='bbox 1013 5357 1118 5410; x_wconf 81' lang='grc' dir='ltr'><strong>τῶν</strong></span> <span class='ocrx_word' id='word_1_752' title='bbox 1145 5357 1292 5424; x_wconf 82' lang='grc' dir='ltr'>ἐπιγ.</span> 
     </span>
    </p>
   </div>
   <div class='ocr_carea' id='block_1_105' title="bbox 282 5427 1163 5511">
    <p class='ocr_par' dir='ltr' id='par_1_105' title="bbox 282 5427 1163 5511">
     <span class='ocr_line' id='line_1_105' title="bbox 282 5427 1163 5511; baseline -0.012 -24"><span class='ocrx_word' id='word_1_753' title='bbox 282 5427 368 5499; x_wconf 78' lang='grc'>85)</span> <span class='ocrx_word' id='word_1_754' title='bbox 417 5432 486 5486; x_wconf 82' lang='grc' dir='ltr'><em>Τὸ</em></span> <span class='ocrx_word' id='word_1_755' title='bbox 523 5427 758 5511; x_wconf 39' lang='grc' dir='ltr'><strong>πλεῖον..</strong></span> <span class='ocrx_word' id='word_1_756' title='bbox 801 5430 860 5480; x_wconf 89' lang='grc' dir='ltr'><strong>Β.</strong></span> <span class='ocrx_word' id='word_1_757' title='bbox 897 5427 1078 5511; x_wconf 50' lang='grc' dir='ltr'>πὲέον.</span> <span class='ocrx_word' id='word_1_758' title='bbox 1141 5497 1163 5511; x_wconf 27' lang='grc' dir='ltr'><strong>ἢ</strong></span> 
     </span>
    </p>
   </div>
   <div class='ocr_carea' id='block_1_106' title="bbox 259 5498 1319 5576">
    <p class='ocr_par' dir='ltr' id='par_1_106' title="bbox 259 5498 1319 5576">
     <span class='ocr_line' id='line_1_106' title="bbox 259 5498 1319 5576; baseline -0.008 -18"><span class='ocrx_word' id='word_1_759' title='bbox 259 5498 366 5576; x_wconf 86' lang='grc'>(86)</span> <span class='ocrx_word' id='word_1_760' title='bbox 405 5501 886 5572; x_wconf 75' lang='grc' dir='ltr'>Προδεχομένης.</span> <span class='ocrx_word' id='word_1_761' title='bbox 930 5498 972 5547; x_wconf 89' lang='grc' dir='ltr'><strong>Β</strong></span> <span class='ocrx_word' id='word_1_762' title='bbox 998 5498 1319 5570; x_wconf 77' lang='grc' dir='ltr'>προσδεχομ.</span> 
     </span>
    </p>
   </div>
   <div class='ocr_carea' id='block_1_107' title="bbox 1977 4660 3075 4734">
    <p class='ocr_par' dir='ltr' id='par_1_107' title="bbox 1977 4660 3075 4734">
     <span class='ocr_line' id='line_1_107' title="bbox 1977 4660 3075 4734; baseline 0.002 -19"><span class='ocrx_word' id='word_1_763' title='bbox 1977 4661 2066 4734; x_wconf 68' lang='grc'><strong>87)</strong></span> <span class='ocrx_word' id='word_1_764' title='bbox 2119 4660 2623 4734; x_wconf 56' lang='grc' dir='ltr'>Ἐσκεδᾳσμέτοιλ</span> <span class='ocrx_word' id='word_1_765' title='bbox 2655 4662 2696 4713; x_wconf 88' lang='grc' dir='ltr'>Β</span> <span class='ocrx_word' id='word_1_766' title='bbox 2726 4664 3075 4734; x_wconf 87' lang='grc' dir='ltr'>διεσκεδασμ.</span> 
     </span>
    </p>
   </div>
   <div class='ocr_carea' id='block_1_108' title="bbox 1979 4729 3466 4814">
    <p class='ocr_par' dir='ltr' id='par_1_108' title="bbox 1979 4729 3466 4814">
     <span class='ocr_line' id='line_1_108' title="bbox 1979 4729 3466 4814; baseline 0 0"><span class='ocrx_word' id='word_1_767' title='bbox 1979 4729 2069 4814; x_wconf 69' lang='grc' dir='ltr'>εει)</span> <span class='ocrx_word' id='word_1_768' title='bbox 2108 4732 2244 4813; x_wconf 72' lang='grc' dir='ltr'>περι</span> <span class='ocrx_word' id='word_1_769' title='bbox 2447 4730 2559 4814; x_wconf 70' lang='grc' dir='ltr'><strong>τῆς</strong></span> <span class='ocrx_word' id='word_1_770' title='bbox 2606 4736 2664 4814; x_wconf 71' lang='grc' dir='ltr'><strong>ρο</strong></span> <span class='ocrx_word' id='word_1_771' title='bbox 2710 4733 2863 4814; x_wconf 64' lang='grc' dir='ltr'><strong>ξ-,το</strong></span> <span class='ocrx_word' id='word_1_772' title='bbox 2917 4733 2974 4814; x_wconf 75' lang='lat' dir='ltr'><strong>A.</strong></span> <span class='ocrx_word' id='word_1_773' title='bbox 3001 4729 3129 4814; x_wconf 56' lang='grc' dir='ltr'>άξρι</span> <span class='ocrx_word' id='word_1_774' title='bbox 3171 4733 3270 4814; x_wconf 63' lang='grc' dir='ltr'><strong>τῆς</strong></span> <span class='ocrx_word' id='word_1_775' title='bbox 3317 4732 3466 4814; x_wconf 64' lang='lat' dir='ltr'><strong>assae</strong></span> 
     </span>
    </p>
   </div>
   <div class='ocr_carea' id='block_1_109' title="bbox 1880 4801 3463 4922">
    <p class='ocr_par' dir='ltr' id='par_1_109' title="bbox 1880 4801 3463 4922">
     <span class='ocr_line' id='line_1_109' title="bbox 1880 4801 3463 4922; baseline 0.002 -69"><span class='ocrx_word' id='word_1_776' title='bbox 1880 4801 2266 4922; x_wconf 52' lang='grc' dir='ltr'>τῶνλξραφῶν.</span> <span class='ocrx_word' id='word_1_777' title='bbox 2306 4801 2349 4852; x_wconf 89' lang='grc' dir='ltr'>Β</span> <span class='ocrx_word' id='word_1_778' title='bbox 2393 4802 2544 4872; x_wconf 79' lang='grc' dir='ltr'>παρὰ</span> <span class='ocrx_word' id='word_1_779' title='bbox 2569 4805 2670 4873; x_wconf 84' lang='grc' dir='ltr'>τῆς</span> <span class='ocrx_word' id='word_1_780' title='bbox 2709 4801 2858 4869; x_wconf 79' lang='grc' dir='ltr'>θείας</span> <span class='ocrx_word' id='word_1_781' title='bbox 2905 4803 3015 4858; x_wconf 88' lang='grc' dir='ltr'><strong>τῶν</strong></span> <span class='ocrx_word' id='word_1_782' title='bbox 3059 4801 3290 4874; x_wconf 35' lang='grc' dir='ltr'>Ιῖραφῶν</span> <span class='ocrx_word' id='word_1_783' title='bbox 3317 4802 3463 4856; x_wconf 86' lang='grc' dir='ltr'>διδα-</span> 
     </span>
     <span class='ocr_line' id='line_1_110' title="bbox 1883 4888 2130 4922; baseline 0 0"><span class='ocrx_word' id='word_1_784' title='bbox 1883 4888 1990 4922; x_wconf 85' lang='grc' dir='ltr'><strong>σκα</strong></span> <span class='ocrx_word' id='word_1_785' title='bbox 2046 4888 2130 4922; x_wconf 79' lang='grc' dir='ltr'><strong>ας.</strong></span> 
     </span>
    </p>
   </div>
   <div class='ocr_carea' id='block_1_110' title="bbox 1883 4888 2130 4934">
    <p class='ocr_par' dir='ltr' id='par_1_110' title="bbox 1883 4888 2130 4934">
     <span class='ocr_line' id='line_1_111' title="bbox 1883 4888 2130 4934; baseline 0 -10"><span class='ocrx_word' id='word_1_786' title='bbox 1883 4888 2130 4934; x_wconf 77' lang='grc' dir='ltr'>σκαλιας.</span> 
     </span>
    </p>
   </div>
   <div class='ocr_carea' id='block_1_111' title="bbox 1953 4940 2606 5012">
    <p class='ocr_par' dir='ltr' id='par_1_111' title="bbox 1953 4940 2606 5012">
     <span class='ocr_line' id='line_1_112' title="bbox 1953 4940 2606 5012; baseline 0.003 -22"><span class='ocrx_word' id='word_1_787' title='bbox 1953 4940 2065 5012; x_wconf 76' lang='lat'><strong>(89)</strong></span> <span class='ocrx_word' id='word_1_788' title='bbox 2108 4941 2317 5012; x_wconf 75' lang='grc' dir='ltr'>Ὅσον.</span> <span class='ocrx_word' id='word_1_789' title='bbox 2347 4941 2408 5012; x_wconf 23' lang='grc' dir='ltr'>ΑΒ</span> <span class='ocrx_word' id='word_1_790' title='bbox 2433 4941 2606 5012; x_wconf 84' lang='grc' dir='ltr'>νόσον.</span> 
     </span>
    </p>
   </div>
   <div class='ocr_carea' id='block_1_112' title="bbox 1951 4941 2828 5082">
    <p class='ocr_par' dir='ltr' id='par_1_112' title="bbox 1951 4941 2828 5082">
     <span class='ocr_line' id='line_1_113' title="bbox 1953 4941 2606 5079; baseline -0.003 -85"><span class='ocrx_word' id='word_1_791' title='bbox 1953 4941 2065 5079; x_wconf 65' lang='lat'><strong>(89)</strong></span> <span class='ocrx_word' id='word_1_792' title='bbox 2108 4941 2317 4994; x_wconf 75' lang='grc' dir='ltr'>Ὅσον.</span> <span class='ocrx_word' id='word_1_793' title='bbox 2366 4941 2408 4992; x_wconf 91' lang='grc' dir='ltr'><strong>Β</strong></span> <span class='ocrx_word' id='word_1_794' title='bbox 2433 4941 2606 4995; x_wconf 84' lang='grc' dir='ltr'>νόσον.</span> 
     </span>
     <span class='ocr_line' id='line_1_114' title="bbox 1951 5009 2828 5082; baseline 0.005 -20"><span class='ocrx_word' id='word_1_795' title='bbox 1951 5011 2041 5082; x_wconf 83' lang='grc'><strong>(90</strong></span> <span class='ocrx_word' id='word_1_796' title='bbox 2104 5011 2268 5079; x_wconf 80' lang='grc' dir='ltr'>Παρὰ</span> <span class='ocrx_word' id='word_1_797' title='bbox 2297 5009 2428 5082; x_wconf 77' lang='grc' dir='ltr'>τῆς.</span> <span class='ocrx_word' id='word_1_798' title='bbox 2470 5011 2510 5062; x_wconf 85' lang='grc' dir='ltr'><strong>Β</strong></span> <span class='ocrx_word' id='word_1_799' title='bbox 2550 5013 2828 5082; x_wconf 76' lang='grc' dir='ltr'>περὶτῆς.</span> 
     </span>
    </p>
   </div>
   <div class='ocr_carea' id='block_1_113' title="bbox 1953 5081 3060 5150">
    <p class='ocr_par' dir='ltr' id='par_1_113' title="bbox 1953 5081 3060 5150">
     <span class='ocr_line' id='line_1_115' title="bbox 1953 5081 3060 5150; baseline 0.002 -16"><span class='ocrx_word' id='word_1_800' title='bbox 1953 5081 2064 5150; x_wconf 89' lang='grc'>(91)</span> <span class='ocrx_word' id='word_1_801' title='bbox 2115 5081 2514 5150; x_wconf 76' lang='grc' dir='ltr'>Ἀγτιθέσεως.</span> <span class='ocrx_word' id='word_1_802' title='bbox 2561 5087 2627 5144; x_wconf 86' lang='grc' dir='ltr'>Α,</span> <span class='ocrx_word' id='word_1_803' title='bbox 2660 5083 2696 5133; x_wconf 91' lang='grc' dir='ltr'><strong>Β</strong></span> <span class='ocrx_word' id='word_1_804' title='bbox 2720 5081 3060 5136; x_wconf 86' lang='grc' dir='ltr'>ἀντιθέσεων.</span> 
     </span>
    </p>
   </div>
   <div class='ocr_carea' id='block_1_114' title="bbox 1952 5149 2914 5217">
    <p class='ocr_par' dir='ltr' id='par_1_114' title="bbox 1952 5149 2914 5217">
     <span class='ocr_line' id='line_1_116' title="bbox 1952 5149 2914 5217; baseline 0.001 -14"><span class='ocrx_word' id='word_1_805' title='bbox 1952 5149 2066 5217; x_wconf 69' lang='grc'>(92)</span> <span class='ocrx_word' id='word_1_806' title='bbox 2120 5149 2488 5204; x_wconf 72' lang='grc' dir='ltr'>Ἠν-τεθέντα.</span> <span class='ocrx_word' id='word_1_807' title='bbox 2529 5152 2570 5202; x_wconf 91' lang='grc' dir='ltr'><strong>Β</strong></span> <span class='ocrx_word' id='word_1_808' title='bbox 2610 5152 2914 5205; x_wconf 85' lang='grc' dir='ltr'>ἐκτεθέντα.</span> 
     </span>
    </p>
   </div>
   <div class='ocr_carea' id='block_1_115' title="bbox 1953 5219 3462 5290">
    <p class='ocr_par' dir='ltr' id='par_1_115' title="bbox 1953 5219 3462 5290">
     <span class='ocr_line' id='line_1_117' title="bbox 1953 5219 3462 5290; baseline 0.003 -17"><span class='ocrx_word' id='word_1_809' title='bbox 1953 5219 2065 5290; x_wconf 78' lang='grc'>(95)</span> <span class='ocrx_word' id='word_1_810' title='bbox 2109 5221 2384 5290; x_wconf 83' lang='grc' dir='ltr'>Ἤκουσα</span> <span class='ocrx_word' id='word_1_811' title='bbox 2424 5222 2651 5276; x_wconf 76' lang='grc' dir='ltr'>τοίνυν.</span> <span class='ocrx_word' id='word_1_812' title='bbox 2715 5220 3046 5277; x_wconf 87' lang='lat' dir='ltr'><strong>Scholiastes</strong></span> <span class='ocrx_word' id='word_1_813' title='bbox 3081 5221 3135 5275; x_wconf 92' lang='lat' dir='ltr'><strong>in</strong></span> <span class='ocrx_word' id='word_1_814' title='bbox 3181 5221 3331 5276; x_wconf 87' lang='lat' dir='ltr'><strong>calce</strong></span> <span class='ocrx_word' id='word_1_815' title='bbox 3369 5237 3462 5277; x_wconf 80' lang='lat' dir='ltr'><strong>co-</strong></span> 
     </span>
    </p>
   </div>
   <div class='ocr_carea' id='block_1_116' title="bbox 1881 5289 3457 5362">
    <p class='ocr_par' dir='ltr' id='par_1_116' title="bbox 1881 5289 3457 5362">
     <span class='ocr_line' id='line_1_118' title="bbox 1881 5289 3457 5362; baseline 0.001 -18"><span class='ocrx_word' id='word_1_816' title='bbox 1881 5289 2233 5362; x_wconf 9' lang='lat' dir='ltr'><strong>dicirsiiAita,</strong></span> <span class='ocrx_word' id='word_1_817' title='bbox 2285 5291 2544 5362; x_wconf 33' lang='grc' dir='ltr'>περὶ-τῆς</span> <span class='ocrx_word' id='word_1_818' title='bbox 2585 5289 2725 5344; x_wconf 81' lang='grc' dir='ltr'>κατὰ</span> <span class='ocrx_word' id='word_1_819' title='bbox 2761 5290 2852 5362; x_wconf 83' lang='grc' dir='ltr'><strong>τὸν</strong></span> <span class='ocrx_word' id='word_1_820' title='bbox 2899 5292 3062 5345; x_wconf 74' lang='grc' dir='ltr'>Δαϐὶδ</span> <span class='ocrx_word' id='word_1_821' title='bbox 3092 5293 3457 5354; x_wconf 83' lang='grc' dir='ltr'>ἀναστάσεως.</span> 
     </span>
    </p>
   </div>
   <div class='ocr_carea' id='block_1_117' title="bbox 1951 5359 3460 5434">
    <p class='ocr_par' dir='ltr' id='par_1_117' title="bbox 1951 5359 3460 5434">
     <span class='ocr_line' id='line_1_119' title="bbox 1951 5359 3460 5434; baseline 0 -19"><span class='ocrx_word' id='word_1_822' title='bbox 1951 5359 2508 5434; x_wconf 39' lang='grc' dir='ltr'><strong>(94)]Ανζαγεζλεῒςζ</strong></span> <span class='ocrx_word' id='word_1_823' title='bbox 2569 5363 2614 5413; x_wconf 85' lang='grc' dir='ltr'>Α</span> <span class='ocrx_word' id='word_1_824' title='bbox 2658 5362 2732 5415; x_wconf 88' lang='lat' dir='ltr'><strong>ita</strong></span> <span class='ocrx_word' id='word_1_825' title='bbox 2780 5361 2834 5416; x_wconf 90' lang='lat' dir='ltr'><strong>in</strong></span> <span class='ocrx_word' id='word_1_826' title='bbox 2882 5363 3168 5434; x_wconf 80' lang='lat' dir='ltr'><strong>margine;</strong></span> <span class='ocrx_word' id='word_1_827' title='bbox 3213 5363 3268 5417; x_wconf 90' lang='lat' dir='ltr'><strong>in</strong></span> <span class='ocrx_word' id='word_1_828' title='bbox 3311 5372 3460 5418; x_wconf 77' lang='lat' dir='ltr'><strong>textu</strong></span> 
     </span>
    </p>
   </div>
   <div class='ocr_carea' id='block_1_118' title="bbox 1881 5429 2362 5496">
    <p class='ocr_par' dir='ltr' id='par_1_118' title="bbox 1881 5429 2362 5496">
     <span class='ocr_line' id='line_1_120' title="bbox 1881 5429 2362 5496; baseline 0.01 -15"><span class='ocrx_word' id='word_1_829' title='bbox 1881 5429 2031 5496; x_wconf 81' lang='lat' dir='ltr'><strong>vero,</strong></span> <span class='ocrx_word' id='word_1_830' title='bbox 2066 5429 2362 5496; x_wconf 86' lang='grc' dir='ltr'>ἀνατελεῖς.</span> 
     </span>
    </p>
   </div>
   <div class='ocr_carea' id='block_1_119' title="bbox 3449 5588 3504 5642">
    <p class='ocr_par' dir='ltr' id='par_1_119' title="bbox 3449 5588 3504 5642">
     <span class='ocr_line' id='line_1_121' title="bbox 3449 5588 3504 5642; baseline 0 0"><span class='ocrx_word' id='word_1_831' title='bbox 3449 5588 3504 5642; x_wconf 47' lang='grc' dir='ltr'><em>Α</em></span> 
     </span>
    </p>
   </div>
  </div>
