3950 6132
503 119 603 177 151

1742 112 1799 169 S.
1843 110 2171 168 GREGORH
2222 108 2518 177 NYSSENI

3641 116 3750 172 152

492 226 697 277 tentur.
738 217 969 275 Emitles
1005 189 1265 287 Spiritum
1301 222 1476 272 tuum.
1511 219 1566 265 et
1622 214 1976 278 creabuntur,
2016 220 2068 267 et

2182 212 2230 265 rb
2258 214 2549 284 πρόσωπον
2578 215 2680 286 τῆς
2723 215 2844 286 γῆς.
2893 233 2912 267 ι
2950 215 3136 273 Πάντα
3169 216 3285 290 (95)
3321 216 3377 270 ἐν
3422 214 3589 268 πᾶσιν
3631 212 3749 284 (96)

493 308 784 363 reuovabis
818 305 1011 361 faciem
1049 312 1225 359 terrae.
1273 321 1292 354 ι
1323 301 1516 356 Omnia
1557 302 1614 357 in
1654 304 1911 358 omnibus
1946 317 2070 372 ope-

494 406 708 454 rantem
736 400 990 453 virtutem
1018 394 1248 465 spiritus
1279 407 1399 457 eos,
1430 392 1486 447 in
1514 393 1714 464 quibus
1743 394 1907 448 fuerit
1930 393 2067 447 vivi-

498 492 663 547 ﬁcare
690 491 904 555 dicens,
933 494 1237 557 contraque
1279 485 1391 540 vita
1422 486 1637 555 privare
1682 500 1777 540 eos
1804 501 1835 539 a
1869 484 2070 555 quibus

495 582 756 637 abfuerit.
781 579 1047 646 Quoniam
1080 579 1247 649 igitur
1279 575 1571 636 recedente
1621 575 1840 646 quidem
1875 575 2068 644 spiritu

496 675 789 729 viventium
841 670 1147 735 defectum;
1202 668 1497 724 accedente
1547 675 1727 722 autem
1783 681 1850 721 eo
1907 675 2098 735 atque'

495 773 763 835 praesente
794 777 984 818 eorum
1013 762 1105 830 qui
1139 758 1465 822 defecerint,
1499 757 1908 814 renovationem
1953 756 2072 812 lieri

494 857 628 911 dicit
659 873 673 910 :
703 865 757 908 et
788 855 845 908 in
881 852 1074 908 ordine
1101 851 1395 915 orationis,
1444 865 1633 906 eorum
1663 849 1757 919 qui
1803 864 2072 906 renovan-

494 959 601 1011 tur,
632 947 879 1001 delectus
915 944 1192 1016 praecedit,
1226 945 1335 999 hoc
1385 943 1509 1012 ipso
1575 941 1816 996 dicimus
1864 947 2069 1011 myste-

464 1038 465 1041 “
494 1024 637 1093 rium
671 1037 1094 1093 resurrectionis
1136 1033 1393 1090 Ecclesia:
1421 1031 1761 1094 annuntiari,
1793 1031 1988 1101 spiritu
2009 1044 2072 1084 ac

495 1144 721 1186 munere
773 1129 1095 1199 prophetico
1143 1128 1286 1181 hanc
1327 1125 1559 1197 gratiam
1613 1122 1816 1177 Davide
1881 1121 2074 1191 praedi-

492 1233 672 1277 cente.
707 1223 884 1289 Atque
921 1219 1086 1275 etiam
1145 1218 1275 1272 alibi
1313 1216 1447 1271 dicit
1478 1214 1618 1270 idem
1656 1213 1744 1268 hic
1778 1212 2071 1282 Pmpheta,

493 1327 676 1368 rerum
702 1312 1079 1366 universarum
1112 1315 1322 1363 natura:
1346 1305 1510 1369 Deus,
1536 1318 1720 1359 rerum
1751 1311 2070 1357 cunctarum

493 1403 763 1458 Dominus
788 1400 1040 1471 apparuit
1060 1399 1240 1462 nobis,
1274 1405 1332 1451 ut
1353 1396 1817 1453 constitueremus
1872 1391 2071 1448 festum

493 1500 743 1549 nostrum
776 1492 918 1545 inter
953 1496 1198 1560 tegentes
1255 1492 1310 1540 et
1339 1492 1621 1549 ornantes,
1657 1482 1858 1537 festum
1896 1482 2073 1536 taber-

495 1585 816 1639 naculorum
858 1582 1075 1638 (ixionis
1115 1579 1365 1634 indicans
1405 1592 1503 1647 per
1556 1574 1827 1645 ejusmodi
1881 1587 2069 1629 vocem
2105 1550 2148 1611 Β

495 1677 590 1731 τοῦ
614 1674 929 1746 πυκασμοῦ,
957 1674 1009 1728 id
1031 1680 1138 1736 est,
1173 1672 1433 1737 lectionis,
1450 1677 1504 1725 et
1525 1668 1820 1723 ornationis
1846 1674 1901 1720 et
1929 1682 2074 1720 com-

494 1769 776 1839 positionis
807 1783 826 1818 :
866 1764 1013 1836 quod
1040 1765 1170 1818 olim
1218 1763 1539 1833 quidemex
1582 1760 1877 1815 traditione
1906 1757 2075 1812 Mosis

495 1861 810 1914 institutum
840 1868 958 1912 erat
984 1874 997 1909 :
1030 1856 1447 1926 prophetarum,
1470 1852 1862 1923 opinorhmore
1890 1849 2076 1904 futura

496 1948 813 2018 legislatore
845 1946 1194 2017 praedicente,
1241 1959 1366 1999 cum
1406 1952 1586 1998 autem
1635 1956 1854 2012 semper
1901 1941 2073 2004 ﬁeret,

497 2036 742 2092 nondum
776 2035 982 2091 factum
1023 2042 1158 2090 erat.
1187 2033 1323 2089 Nam
1376 2032 1903 2104 prtesignilicabatur
1951 2031 2077 2102 qui-

496 2129 622 2182 dem
654 2127 860 2182 veritas
909 2126 1091 2197 typice
1123 2133 1290 2193 atque
1315 2124 1542 2193 ligurate
1563 2138 1660 2192 per
1681 2122 1970 2192 aenigmata
1992 2132 2077 2176 at-

496 2233 603 2287 que
636 2217 917 2272 involucra
963 2231 1152 2271 eorum
1217 2230 1339 2285 qua;
1396 2213 1628 2280 ﬁebant;
1664 2213 1841 2283 ipsum
1893 2222 2074 2266 autem

497 2322 685 2364 verum
748 2306 1226 2362 tabernaculorum
1304 2303 1521 2358 [ixionis
1582 2302 1778 2357 festum
1833 2303 2075 2356 nondum

496 2406 637 2463 erat,
690 2400 784 2454 sed
813 2398 917 2451 hac
945 2397 1014 2451 de
1066 2409 1235 2450 causa
1285 2394 1440 2462 juxta
1471 2392 1846 2464 propheticum
1870 2406 2077 2446 sermo-

497 2503 644 2554 nem,
696 2484 842 2541 Deus
899 2499 1127 2540 summze
1187 2497 1370 2537 rerum
1411 2496 1476 2536 ac
1526 2480 1790 2535 Dominus
1837 2481 2076 2549 seipsum

496 2578 735 2634 ostendit
766 2576 949 2637 nobis.
977 2585 1037 2630 ut
1094 2576 1527 2631 constitueretur
1571 2574 1821 2628 humana:
1867 2579 2078 2625 natura:

497 2668 753 2724 dissoluti
781 2667 954 2721 nostri
989 2665 1252 2721 domicilii
1280 2663 1633 2734 scenopegia,
1659 2662 1761 2716 hoc
1778 2672 1883 2726 est,
1907 2663 2081 2715 taber-

509 2756 825 2811 naculorum
853 2755 1003 2823 βατὶς),
1036 2768 1157 2822 quae
1183 2767 1377 2807 rursus
1409 2767 1503 2821 per
1530 2751 1822 2805 coitionem
1863 2758 1917 2804 et
1942 2764 2078 2804 con-

2170 307 2496 378 ἐνεργοῦσαν
2541 307 2636 361 τοῦ
2673 309 2982 382 πνεύματος
3033 310 3293 382 δύναμιν,
3349 307 3636 372 ζωοποιεῖν
3685 323 3747 360 τε

2169 397 2361 466 λέγων,
2388 394 2472 463 οἷς
2490 398 2556 453 ἂν
2571 399 2880 470 ἐγγένηται,
2912 402 3009 455 καῖ
3022 402 3256 472 άφιστᾷν
3282 401 3383 471 τῆς
3407 397 3554 465 ζωῆς
3584 397 3746 452 πάλιν

2167 483 2245 546 ὧν
2272 491 2338 544 ἂν
2363 489 2573 562 (97-98)
2605 492 2956 563 ἀπογένηται.
2999 493 3150 546 Ἐπεὶ
3182 488 3274 546 οῦν
3292 494 3359 563 τῇ
3387 490 3500 562 (99)
3529 491 3748 561 ἀναχω-

2171 580 2328 652 ρήσει
2355 579 2450 634 τοῦ
2502 581 2813 651 πνεύματος
2843 581 2942 653 τὴν
2980 581 3088 636 τῶν
3118 580 3335 646 ζώντων
3370 582 3445 652 (1)
3481 579 3747 650 ἔκλειψιν,

2169 675 2236 743 τῇ
2298 672 2357 725 δὲ
2410 672 2604 726 τούτου
2655 673 2783 744 (2)
2850 673 3120 746 παρουσίᾳ
3163 673 3254 727 τὸν
3299 672 3409 727 τῶν
3462 672 3748 726 ἐκλειπόν-

2169 780 2277 817 των
2301 761 2378 835 (3)
2419 764 2811 834 ἀνακαινισμὸν
2841 764 3087 833 γίνεσθαι
3116 763 3262 832 λέγει
3280 803 3295 829 ,
3337 766 3659 836 προηγεῖται
3690 762 3750 815 δὲ

2171 852 2312 907 κατά
2352 853 2452 925 τὴν
2489 851 2584 906 τοῦ
2631 853 2791 923 λόγου
2824 853 2977 919 τάξιν
3019 853 3127 907 τῶν
3169 852 3666 923 ἀνακαινιζομένων
3714 855 3749 923 ἡ

2171 945 2433 1014 ἔκλειψιςο
2473 946 2648 1015 τούτῳ
2678 945 2873 1015 ἐκείνῳ
2902 945 3084 1016 φαμὲν
3115 945 3176 997 τὸ
3202 944 3343 998 κατὰ
3373 944 3472 1015 τὴν
3511 945 3741 999 ἀνάσταο

2173 1054 2258 1090 σιν
2288 1037 2753 1106 καταγγέλλεσθαι
2784 1041 2849 1107 τῇ
2890 1036 3184 1107 Ἐκκλησία
3206 1036 3281 1105 (4)
3315 1036 3630 1106 μυστήριον,
3671 1036 3750 1106 τῷ

2173 1128 2496 1200 προφητικῷ
2526 1126 2793 1199 πνεύματι
2822 1129 2899 1198 (5)
2924 1127 3017 1181 τοῦ
3047 1126 3212 1180 Δαόὶδ
3232 1126 3331 1196 τὴν
3359 1127 3518 1198 χάριν
3544 1127 3751 1197 ταύτην

2173 1220 2715 1292 προεκφωνήσαντος.
2773 1218 2932 1272 Ἀλλὰ
2982 1218 3076 1271 καὶ
3121 1217 3385 1287 ὲτέρωθέν
3418 1217 3495 1289 (6)
3525 1233 3693 1287 φησιν
3722 1218 3752 1271 ὁ

2171 1311 2335 1374 αὐτὸς
2359 1305 2511 1374 οὗτος
2542 1310 2618 1381 (7)
2648 1310 2950 1383 προφήτης,
2986 1311 3067 1363 ὅτι
3098 1311 3127 1363 ὁ
3155 1309 3248 1362 τοῦ
3294 1310 3495 1373 παντὸς
3522 1307 3655 1373 Θεὸς
3675 1351 3690 1376 ,
3724 1309 3753 1364 ὅ

2171 1404 2279 1458 τῶν
2322 1402 2490 1457 ὅντων
2523 1401 2719 1473 Κύριος
2754 1402 3020 1469 ὲπέφανεν
3050 1401 3181 1470 ἡμῖν
3218 1400 3311 1451 ἐπὶ
3337 1399 3415 1470 τῷ
3444 1399 3518 1469 (8)
3548 1400 3753 1470 συστή-

2176 1493 2371 1548 σασθαι
2395 1493 2493 1562 τὴν
2514 1493 2704 1564 ἑορτὴν
2732 1495 2789 1547 ὲν
2813 1495 2927 1556 τοῖς
2947 1491 3249 1556 πυκάζουσι
3277 1491 3374 1563 τὴν
3411 1490 3521 1544 τῶν
3544 1493 3752 1563 Σκηνο·

2176 1582 2389 1652 πηγίων
2415 1582 2492 1653 (9)
2521 1583 2713 1653 ἑορτὴν
2736 1582 2825 1636 διὰ
2855 1582 2955 1651 τῆς
2981 1582 3092 1652 (10)
3118 1580 3211 1634 τοῦ
3235 1581 3525 1651 πυκασμοῦ
3552 1581 3753 1647 λέξεως

2171 1670 2513 1742 ἑρμηνεύων,
2550 1670 2585 1740 ἢ
2622 1670 2788 1724 πάλαι
2841 1668 2940 1740 μὲν
2995 1669 3061 1721 ἐκ
3117 1667 3219 1738 τῆς
3260 1666 3610 1737 παραδόσεως
3653 1664 3752 1719 τοῦ

2170 1762 2451 1825 Μωῦσέως
2469 1761 2770 1833 νενόμιστο’
2794 1759 3168 1832 προφητικῶς,
3195 1755 3370 1827 οἶμαι,
3396 1758 3465 1812 τὰ
3490 1759 3755 1829 μέλλοντα

2169 1854 2264 1908 τοῦ
2293 1852 2581 1924 νομοθέτου
2605 1852 3084 1925 προαγορεύοντος·
3113 1852 3200 1905 ἀεὶ
3218 1851 3275 1905 δὲ
3302 1851 3589 1920 γενόμενος
3614 1848 3754 1919 (11),

2170 1941 2323 1996 οὔπω
2352 1943 2615 2012 ἐγεγόνει.
2656 1940 3023 2013 Προεδηλοῦτο
3054 1940 3152 2011 μὲν
3180 1940 3288 2010 γὰρ
3312 1941 3426 2002 τοῖς
3457 1938 3567 1993 τῶν
3602 1954 3756 2006 γινο-

2179 2035 2358 2105 μένων
2387 2033 2669 2104 αἰνίγμασι
2703 2031 2997 2103 τυπικῶςή
3024 2032 3248 2102 ἀλήθεια
3265 2045 3281 2061 ⁸
3311 2028 3450 2099 αὕτη
3473 2029 3533 2082 δὲ
3552 2030 3586 2098 ή
3623 2027 3759 2098 ἁλη-

2171 2123 2270 2194 θὴς
2320 2121 2666 2193 σκηνοπηγία
2704 2122 2857 2175 οῦπω
2896 2117 2985 2192 ἦν,
3024 2120 3159 2174 ἀλλὰ
3194 2120 3381 2173 τούτου
3422 2118 3582 2188 χάριν
3614 2116 3754 2187 (12),

2173 2212 2314 2265 κατὰ
2360 2210 2451 2264 τὸν
2497 2210 2832 2281 προφητικὸν
2873 2209 3050 2278 λόγον,
3098 2210 3128 2261 ὁ
3164 2207 3297 2271 Θεὸς
3334 2206 3443 2261 τῶν
3468 2207 3608 2259 ὅλων
3658 2204 3756 2257 καὶ

2173 2303 2378 2372 Κύριος
2405 2303 2597 2357 ἑαυτὸν
2625 2302 2891 2373 ὲπέφανεν
2913 2304 3063 2372 ἡμῖν,
3091 2301 3167 2364 ὡς
3193 2301 3260 2355 ἂν
3288 2297 3515 2369 συσταίη
3544 2297 3659 2368 (15)
3686 2299 3756 2366 τῇ

2150 2392 2487 2469 ’ἀνθρωπίνῃ
2518 2393 2676 2462 φύσει
2703 2395 2736 2464 ἠ
2765 2392 2859 2447 τοῦ
2895 2391 3230 2455 διαλυθέντος
3252 2389 3411 2461 ἡμῶν
3439 2388 3759 2459 οἱκητηρίου

2178 2485 2553 2554 σκηνοπηγία,
2591 2484 2750 2539 πάλιν
2786 2484 2873 2537 διὰ
2907 2486 3007 2555 τῆς
3055 2482 3271 2537 συνόδου
3320 2481 3433 2534 τῶν
3473 2478 3761 2550 στοιχείων

2176 2574 2507 2640 σωματικῶς
2554 2573 2927 2644 πυκαζομένη.
2981 2571 3090 2644 Τὴν
3139 2571 3247 2643 γὰρ
3309 2568 3601 2641 περιϐολὴν
3664 2572 3762 2622 καὶ

2173 2661 2264 2716 τὸν
2304 2665 2369 2716 ὲκ
2402 2664 2605 2735 ταύτης
2637 2665 2840 2735 κόσμον
2881 2667 2914 2735 ἡ
2954 2663 3048 2717 τοῦ
3086 2662 3376 2734 πυκασμοῦ
3422 2660 3570 2726 λέξις
3616 2659 3763 2714 κατὰ

2173 2752 2274 2823 τὴν
2305 2754 2439 2808 ἰδίαν
2466 2754 2702 2826 ἔμφασιν
2730 2754 3098 2826 διασημαίνει.

499 2863 723 2903 cursum
772 2846 1162 2900 elementorum
1217 2842 1574 2912 corporaliter
1634 2849 2052 2911 componeretur
2088 2850 2143 2896 et
2194 2858 2505 2902 ornaretur.
2560 2849 2834 2904 Amictum
2889 2849 3034 2903 enim
3099 2853 3154 2903 et
3194 2845 3459 2901 ambitum
3529 2844 3766 2914 ejusque

503 2939 716 2993 cultum
772 2943 827 2992 et
869 2943 1120 2990 ornatum
1146 2935 1367 3004 propria
1395 2931 1795 3002 signiﬁcatione
1814 2947 1921 2986 vox
1943 2934 2255 3004 πυκασμὸς,
2287 2936 2340 2990 id
2377 2947 2480 3002 est,
2512 2939 2663 2992 tectio
2695 2939 3101 3009 compositioque
3128 2937 3400 3007 designat.

570 3050 746 3106 Dictio
775 3058 956 3103 autem
988 3045 1306 3117 psalmodia:
1355 3044 1421 3099 ad
1477 3044 1623 3099 hunc
1678 3043 1901 3098 modum
1952 3059 2075 3101 sese
2102 3032 2144 3089 Ο

501 3143 667 3197 liabet
695 3160 708 3195 :
742 3140 1009 3195 Dominus
1042 3139 1185 3194 Deus
1206 3147 1261 3194 et
1284 3137 1540 3209 apparuit
1569 3135 1728 3192 nobis
1773 3136 1839 3191 ad
1868 3137 2082 3194 consti-

501 3229 767 3285 tuendum
791 3228 991 3283 festum
1025 3228 1170 3282 inter
1208 3234 1454 3297 tegentes
1484 3232 1539 3280 et
1564 3232 1957 3296 componentes
1987 3242 2081 3282 us—

499 3337 608 3392 que
644 3322 713 3375 ad
740 3335 952 3375 cornua
975 3318 1163 3375 altaris
1190 3337 1204 3374 :
1237 3319 1440 3389 quibus
1481 3317 1664 3374 verbis
1703 3331 1799 3387 per
1825 3317 2082 3388 aenigma,

501 3414 607 3467 hoc
648 3420 755 3472 est.
802 3428 900 3481 per
935 3411 1216 3465 involucra
1239 3420 1293 3464 et
1317 3408 1475 3480 quasi
1503 3408 1875 3478 integumenta
1901 3409 2089 3463 verbo-

500 3518 646 3568 rum,
679 3500 977 3572 prazdieere
1002 3499 1131 3553 mihi
1159 3499 1372 3554 videtur
1401 3514 1572 3553 unum
1605 3498 1805 3555 festum
1829 3499 2087 3553 constitui

499 3594 649 3648 omni
682 3593 895 3647 ratione
947 3591 1186 3662 praedita:
1237 3598 1527 3656 creaturae,
1573 3589 1932 3647 inferioribus
1973 3604 2085 3645 una

500 3700 624 3739 cum
657 3683 1026 3739 eminentibus
1078 3690 1134 3736 et
1175 3681 1570 3736 excellentibus
1616 3682 1671 3734 in
1697 3690 1844 3736 cmtu
1875 3689 1931 3737 et
1962 3696 2089 3736 con-

502 3782 669 3829 ventu
696 3775 966 3829 bonorum
993 3773 1224 3827 choreas
1257 3773 1604 3828 ducentibus.
1635 3773 2085 3844 Quandoquidem

501 3860 649 3913 enim
673 3859 729 3913 in
764 3858 994 3929 ﬁgurata
1020 3872 1085 3912 ac
1108 3859 1339 3929 mystica
1371 3860 1557 3929 templi
1578 3859 1937 3917 fabricatione
1975 3877 2082 3917 non

503 3949 783 4014 omnibus,
811 3949 904 4021 qui
927 3948 1062 4005 foris
1089 3956 1266 4016 erant,
1298 3950 1626 4020 permissum
1658 3960 1775 4006 erat
1796 3953 1939 4007 intra
1962 3968 2082 4007 am-

504 4042 677 4097 bitum
705 4042 976 4111 parietum
1035 4050 1342 4110 penetrare,
1375 4041 1471 4096 sed
1499 4042 1569 4097 ab
1618 4042 1868 4113 ingressu
1902 4042 2084 4112 probi-

507 4134 781 4190 bebantur
806 4134 1123 4204 quicunque
1159 4134 1411 4204 gentiles,
1442 4141 1496 4187 et
1525 4134 1749 4191 alterius
1782 4136 1998 4206 generis
2027 4147 2083 4189 et

505 4227 751 4281 nationis
772 4235 974 4282 erant:
1016 4227 1258 4295 itemque
1302 4225 1468 4280 exiis
1502 4226 1594 4295 qui
1640 4226 1869 4296 ingressi
1912 4237 2089 4289 erant,

505 4334 617 4375 non
638 4334 831 4375 omnes
857 4333 921 4373 ex
954 4332 1112 4388 aequo
1136 4318 1228 4388 jus
1256 4318 1322 4372 ad
1361 4317 1678 4372 interiorem
1722 4319 1900 4372 locum
1926 4333 2082 4374 acce-

577 4513 693 4651 (96)
736 4513 954 4592 Πάν-τα.
988 4514 1033 4566 Β
1063 4515 1161 4585 τὴν
1187 4513 1256 4567 τὰ
1284 4514 1483 4570 πάντα.
1513 4516 1560 4567 Α
1589 4512 1687 4584 τὴν
1717 4513 1915 4569 πάντα.

604 4584 693 4651 96)
734 4587 952 4651 Παᾳιν.
992 4586 1035 4636 Β
1060 4584 1282 4638 ἅπασιν.

604 4584 693 4652 96)
734 4583 952 4652 Πᾶσιν.
992 4586 1035 4636 Β
1060 4583 1282 4638 ἅπασιν.

508 4702 513 4707 .
578 4648 665 4725 (91
678 4648 938 4725 ιυελτον
969 4655 1071 4725 ἄν.
1093 4654 1135 4705 Β
1157 4652 1239 4725 ὡςΔ
1263 4653 1349 4709 ἄν.
1376 4655 1424 4709 Δ
1474 4652 1619 4710 delet
1644 4650 1730 4707 ἄν.

579 4722 693 4792 (99)
738 4722 838 4792 Τῇ.
870 4725 937 4789 Α,
956 4724 1135 4793 Βέὶάἀ.
1176 4722 1294 4793 μέν.

582 4793 966 4931 (ηΖώντων.
1002 4794 1046 4844 Α
1074 4791 1249 4857 ζώων.

603 4862 662 4930 2)
705 4864 942 4917 Τούτου.
976 4861 1130 4917 Delet
1158 4861 1220 4915 B.

603 4862 662 4930 2)
705 4864 942 4917 Τούτου.
976 4861 1130 4917 Delet
1158 4861 1220 4915 B.

580 4930 660 5000 (5)
712 4933 1163 4987 Ἐκλειπόντων.
1204 4932 1247 4983 Α
1276 4930 1681 4984 ἐκλελοιπότων.

609 5002 664 5071 4)
708 5000 787 5071 Τῇ
812 5002 1135 5071 ἐκκλησίᾳ.)
1155 5001 1202 5054 Α
1229 5000 1329 5069 τῆς
1359 5000 1673 5071 ἐκκλησίας.

606 5069 663 5141 5)
702 5069 1018 5135 Πνεύματι.
1061 5070 1459 5141 Ain_ntaljgine
1486 5069 1807 5141 χαρίσματι.

605 5140 661 5212 6)
712 5142 1048 5212 Ἑτέρωᾷεν.
1086 5138 1221 5212 A,_B
1245 5138 1490 5208 ἑτέρωθι.

606 5207 661 5275 7)
703 5207 905 5275 Οὗτός.
946 5211 1098 5267 Delet
1139 5209 1201 5264 Β.

606 5216 637 5264 7
703 5216 905 5275 Οὗτος.
946 5216 1098 5267 Delet
1139 5216 1201 5264 Β.

708 5280 837 5360 Ἐπὶ
868 5280 966 5348 τῇ.
1086 5280 1141 5334 in
1174 5277 1421 5360 margine
1448 5279 1506 5333 ἐν
1532 5277 1632 5360 τῷ.

605 5348 1143 5432 DLEM‘i-orfnrlant.
1170 5348 1227 5432 *Β
1256 5348 1664 5432 ξικηνοπηγιῶν.

609 5418 699 5488 10)
737 5418 843 5473 Διὰ
863 5418 993 5488 τῆς.
1029 5420 1073 5471 Α
1105 5418 1195 5471 διὰ
1224 5418 1324 5488 τῆς
1353 5418 1627 5486 τοιαύτης.

583 5488 698 5563 (11)
733 5490 1087 5559 Γενόμενος.
1130 5490 1195 5553 Δ,
1234 5488 1275 5539 Β
1315 5488 1595 5558 γινομένη.

2250 3049 2402 3120 Ἔχει
2434 3049 2491 3104 δὲ
2520 3052 2554 3123 ἡ
2599 3050 2758 3123 ῥῆσις
2795 3051 2894 3121 τῆς
2929 3049 3248 3122 ψαλμῳδίας
3283 3048 3470 3102 τοῦτον
3500 3046 3594 3102 τὸν
3636 3048 3765 3118 τρό-

2180 3158 2280 3194 πον
2300 3157 2314 3172 ·
2344 3141 2475 3206 Θεὸς
2515 3140 2720 3212 Κύριος
2764 3144 2858 3196 καὶ
2896 3142 3164 3210 ὲπέφανεν
3204 3141 3338 3212 ἡμῖν
3388 3137 3767 3208 συστήσασθαι

2182 3232 2376 3303 ἑορτὴν
2408 3233 2466 3285 ὲν
2494 3234 2607 3296 τοῖς
2633 3232 2968 3296 πυκάζουσιν
2997 3231 3103 3293 ἕως
3128 3229 3238 3284 τῶν
3266 3229 3511 3300 κεράτων
3541 3227 3637 3281 τοῦ
3667 3227 3767 3281 θυ-

2185 3320 2518 3393 σιαστηρίου.
2552 3322 2730 3393 Ὅπερ
2766 3321 2913 3374 δοκεῖ
2941 3337 3030 3391 μοι
3071 3321 3485 3391 προαναφωνεῖν
3520 3318 3586 3373 δι’
3630 3318 3770 3371 αἰνίο

2183 3428 2425 3483 γματος,
2456 3413 2517 3465 τὸ
2552 3412 2680 3482 μίαν
2706 3410 2896 3484 ἑορτὴν
2929 3412 3078 3484 πάσῃ
3110 3413 3176 3484 τῇ
3203 3410 3394 3483 λογικῇ
3429 3409 3605 3464 κτίσει
3640 3427 3771 3464 συν-

2190 3502 2438 3556 ίστασθαι
2464 3502 2573 3556 τῶν
2606 3502 3007 3573 ὑποδεεστέρων
3038 3502 3150 3565 τοῖς
3190 3501 3547 3573 ὑπερέχουσιν
3588 3503 3648 3555 ὲν
3696 3504 3769 3571 τῇ

2185 3596 2295 3649 τῶν
2339 3595 2556 3664 ἀγαθῶν
2604 3594 2806 3666 συνόδῳ
2855 3594 2967 3665 (14)
3026 3593 3481 3665 συγχορευόντων.
3543 3594 3771 3663 Ἐπειδὴ

2186 3684 2295 3756 γὰρ
2324 3686 2382 3738 ὲν
2407 3686 2472 3755 τῇ
2504 3685 2704 3755 τυπικῇ
2731 3682 2825 3737 τοῦ
2850 3682 2980 3738 ναοῦ
3011 3684 3345 3753 κατασκευῇ,
3368 3683 3432 3736 οὐ
3458 3683 3570 3753 (15)
3599 3684 3773 3736 πᾶσιν

2188 3773 2368 3840 ἐφεῖτο
2394 3771 2494 3842 τῆς
2530 3770 2727 3836 ἔξωθεν
2758 3771 3052 3843 περιϐολῆς
3105 3771 3257 3835 ὲντὺς
3300 3756 3582 3839 γενέσθαι,
3630 3772 3774 3827 ἀλλὰ

2188 3863 2538 3934 περικέκριτο
2575 3863 2686 3935 (16)
2725 3863 2825 3933 τῆς
2868 3863 3074 3917 εἰσόδου
3107 3866 3215 3917 πᾶν
3258 3864 3382 3916 ὅτον
3420 3862 3634 3917 ὲθνικὺν
3672 3864 3772 3916 καὶ

2187 3954 2503 4025 ἀλλόφυλον,
2534 3954 2644 4008 τῶν
2669 3972 2729 4009 τε
2770 3951 2837 4009 αῦ
2881 3956 3034 4020 ἐντὸς
3065 3957 3363 4026 γινομένων
3389 3955 3523 4026 (17),
3559 3955 3621 4007 οὐ
3672 3973 3773 4026 με·

2185 4046 2286 4117 τῆν
2311 4046 2426 4115 (18)
2451 4046 2517 4099 ὲκ
2559 4045 2654 4100 τοῦ
2682 4047 2797 4100 ἴσου
2824 4048 2958 4101 πᾶσι
2985 4047 3084 4117 τῆς
3111 4047 3203 4100 ἐπὶ
3230 4046 3291 4099 τὸ
3317 4046 3586 4115 ἐνδότερον
3626 4064 3772 4118 παρ-

2185 4138 2330 4201 όδου,
2358 4139 2433 4209 μή
2462 4155 2568 4191 τινι
2597 4124 2959 4210 καθαρωτέρᾳί
2974 4138 3173 4209 διαίτῃ,
3204 4137 3299 4191 καί
3331 4155 3441 4190 τισι
3471 4140 3771 4209 περιρῤαν-

2197 4228 2407 4299 τηρίοις
2453 4227 2834 4298 ἀφαγνισθετσι
2874 4228 3019 4300 (19)⁶
3059 4228 3222 4282 πάλιν
3262 4227 3320 4281 δὲ
3352 4229 3446 4281 καὶ
3482 4229 3539 4279 ἐν
3583 4227 3772 4290 αὐτοῖς

2188 4316 2400 4380 τούτοις
2450 4317 2511 4370 ού
2575 4319 2708 4371 πᾶσι
2769 4316 2995 4388 βάσιμος
3042 4312 3111 4387 ἦν
3158 4318 3188 4369 ὁ
3236 4314 3381 4369 ἔνδον
3433 4316 3580 4380 ναὸς,
3632 4314 3773 4368 ἀλλὰ

2262 4514 2373 4584 (12)
2427 4515 2606 4569 Ἀλλὰ
2631 4515 2845 4569 τούτου
2877 4515 3071 4585 χάριν.
3102 4515 3241 4571 Nota
3272 4514 3376 4585 hoc
3396 4512 3646 4570 scholion
3677 4529 3774 4585 co.

2191 4584 2330 4657 dicis
2363 4585 2401 4638 A
2439 4602 2453 4638 :
2503 4586 2854 4657 Σημείωσαιζ
2910 4583 2997 4641 διὰ
3043 4586 3155 4657 τὴν)
3177 4585 3271 4639 τοῦ
3311 4583 3566 4657 σώματος
3594 4583 3775 4657 ⁸’ᾖμῶν

2190 4654 2483 4775 ἀνάστρισὸν
2508 4653 2605 4727 τὴν
2627 4653 3035 4727 ἐνανορώπησιν
3064 4653 3159 4710 τοῦ
3180 4654 3385 4725 Κυρίου
3400 4653 3567 4726 ἡμῶν
3594 4653 3773 4723 Ἰησοῦ

2190 4740 2425 4775 γεγενησ
2462 4741 2535 4775 αι.

2189 4740 2535 4792 γεγενησυαι.

2260 4794 2370 4867 (1ᾆ)
2407 4794 2693 4867 Suarum.
2722 4794 2771 4867 Α
2798 4795 2852 4867 i_n
2884 4802 3038 4867 textu
3060 4795 3302 4867 ὲνσταίη.

2258 4863 2374 4936 (ﬁ)
2413 4864 2675 4930 Συνόδῳ.
2703 4866 2768 4936 Α,
2796 4865 2837 4916 Β
2863 4865 3098 4936 συνοδίᾳ.

2261 4930 2373 5002 (15)
2414 4931 2788 5001 Κατασκευῇ,
2813 4936 2905 4987 οὐ.
2936 4930 3085 4989 Delét
3108 4934 3170 4989 Β.
3210 4938 3358 4989 lutet
3379 4932 3588 4987 scholia
3613 4930 3771 4985 codi-

2188 5002 2270 5057 cis
2292 5003 2354 5056 A.
2390 5003 2494 5057 ista
2525 5005 2893 5058 occurrebant
2923 5004 2992 5059 ad
3022 5005 3122 5059 has
3156 5022 3338 5064 voces.
3361 5004 3483 5055 Ὅτι
3509 5002 3570 5054 οὐ
3606 5003 3773 5055 πᾶσιν

2188 5071 2378 5143 ἐφετὸν
2402 5072 2556 5143 ἐντὸς
2581 5072 2675 5125 τοῦ
2701 5073 2829 5127 ναοῦ
2859 5074 3127 5141 γενέσθαι,
3155 5076 3248 5129 καὶ
3275 5073 3530 5143 διάφορος
3555 5066 3623 5141 ἦν
3654 5072 3690 5141 ἡ
3715 5071 3773 5123 ὲν
3816 5081 3825 5087 '

2187 5140 2362 5211 τούτῳ
2390 5141 2645 5211 πάροδος.

2260 5195 2373 5278 (16)
2427 5195 3025 5280 ’Ᾰλλὰίπερικέκριτα
3060 5215 3125 5275 Α,
3156 5213 3199 5265 Β
3223 5211 3339 5267 ἀλλ’
3371 5208 3735 5279 ἀπεκέκριτο.

2294 5283 2374 5353 l7_)
2414 5279 2807 5353 Γινομένωνζ
2830 5279 2883 5334 Α
2908 5283 3237 5353 γενομένων.

2294 5350 2380 5423 18)
2423 5350 2579 5423 Μετὰ
2609 5350 2743 5419 τήν.
2778 5351 2820 5423 Β
2853 5353 3041 5423 μετῆν.

2270 5422 2384 5491 (19)
2435 5420 2891 5489 Ἁφαγνισθεῖσι.
2922 5420 3348 5491 Βάφανισθεῖσι.
3400 5423 3404 5426 ⁴
