3950 6132
346 164 450 220 155

1390 158 1479 212 DE
1520 157 1733 214 ANIMA
1768 156 1856 211 ΕΤ
1894 153 2498 213 RESURRECTIONE.

3479 162 3583 219 154

340 276 455 338 τοῖς
481 270 594 342 (20)
626 252 833 341 ἱερεῦσι
864 271 1044 341 μόνοις
1086 270 1313 341 νόμιμον
1343 266 1411 342 ἦν
1451 272 1591 325 κατὰ
1615 272 1802 342 χρείαν
1835 272 1905 325 ίε-

2009 268 2170 324 dcudi
2190 268 2480 333 habebant,
2506 266 2610 323 nisi
2638 267 2857 338 puriore
2907 270 3144 339 quadam
3200 270 3377 327 victus
3414 271 3582 327 ratio—

347 361 597 434 ρουργίας
629 358 781 422 ἐντὸς
809 359 904 411 τοῦ
934 360 1423 431 καταπετάσματος
1452 361 1727 430 γίνεσθαι,
1764 361 1824 414 τὸ
1855 362 1911 414 δέ

340 449 656 520 ἀπόκρυφον
691 466 752 501 τε
790 448 883 502 καὶ
915 448 1107 503 ἄδυτον
1139 448 1234 502 τοῦ
1266 449 1425 517 ναοῦ,
1465 452 1521 504 έν
1557 443 1602 519 ᾧ
1634 452 1695 503 τὸ
1728 448 1910 503 ουσια-

335 541 555 612 στήριον
589 540 771 612 ἵδρυτο
802 539 1047 611 κεράτων
1073 541 1185 593 τισὶ
1218 540 1543 610 προσϐολαῖς
1575 540 1686 612 (21)
1717 540 1911 594 κεκαλ-

332 631 699 701 λωπισμένον,
729 630 823 684 καὶ
851 630 1034 695 αὐτοῖς
1070 632 1183 694 τοῖς
1210 631 1445 703 ἱερεῦσιν
1473 631 1798 685 ἀνεπίϐατον
1818 625 1908 703 ἦν,

332 722 476 794 πλὴν
508 722 625 785 ἐνὸς
652 722 747 775 τοῦ
777 723 1214 793 προτεταγμένοι)
1238 725 1338 795 τῆς
1364 725 1680 798 ἱερωσύνης,
1701 729 1775 791 ὡς
1799 727 1907 797 (22)

331 812 481 878 ἆπαξ
512 811 607 865 τοῦ
637 811 884 866 ένιαυτοῦ
913 814 1052 867 κατά
1083 831 1202 867 τινα
1227 816 1456 887 νόμιμον
1488 816 1718 888 ἡμέραν,
1752 818 1910 888 μόνος

368 904 780 974 πορρητοτέραν
835 903 954 957 τινὰ
1007 904 1102 958 καὶ
1154 908 1567 980 μυστικωτέραν
1619 910 1909 980 προσάγων

336 994 646 1065 ,ερουργίαν
671 994 764 1047 έπὶ
792 995 852 1047 τὸ
879 995 1025 1058 έντὺς
1052 996 1366 1066 παρεδύετο.
1394 999 1672 1070 Τοσαύτης
1697 998 1789 1053 οὖν
1821 998 1911 1053 οὖ·-

329 1102 432 1154 σης
473 1083 586 1155 (25)
623 1084 751 1154 περὶ
777 1085 870 1138 τὸν
898 1084 1023 1139 ναὸν
1053 1085 1240 1141 τοῦτον
1271 1087 1552 1159 διαφορᾶς,
1583 1091 1664 1143 ὅτι
1686 1108 1769 1154 τις
1797 1088 1907 1162 (24)

360 1174 493 1227 ἱκὼν
544 1174 657 1244 (25)
708 1175 801 1228 καὶ
849 1176 1074 1246 μίμημα
1125 1177 1224 1247 τῆς
1278 1179 1473 1250 νοητῆς
1508 1177 1575 1250 ἦν
1631 1181 1904 1235 καταστά-

344 1281 492 1329 ςειος,
518 1266 674 1319 τοῦτο
697 1266 797 1336 τῆς
819 1268 1136 1337 σωματικῆς
1168 1272 1599 1341 παρατηρήσεως
1629 1272 1904 1328 διδασκούα

359 1371 467 1424 ης,
508 1355 591 1408 ὅτι
639 1352 763 1407 οὔτε
813 1357 963 1408 πᾶσα
1015 1357 1048 1427 ἡ
1100 1358 1289 1429 λογικὴ
1342 1357 1502 1426 φύσις
1538 1359 1615 1429 τῷ
1667 1360 1778 1430 ναῷ
1810 1360 1905 1414 τοῦ

336 1443 490 1508 θεοῦ,
520 1445 763 1498 τουτέστι
795 1448 860 1517 τῇ
893 1446 1151 1518 ὁμολογίᾳ
1184 1449 1277 1501 τοῦ
1303 1448 1537 1519 μεγάλου
1573 1450 1706 1503 Θεοῦ
1737 1467 1906 1522 προσ-

328 1535 577 1603 εγγίζει·
626 1536 740 1590 ἀλλ’
772 1538 821 1589 οἱ
868 1537 1004 1608 πρὸς
1059 1539 1159 1602 τὰς
1218 1539 1430 1609 ψευδεῖς
1480 1540 1772 1611 ὑπολήψεις
1809 1557 1905 1594 πε-

324 1625 666 1697 πλανημένοι
705 1627 861 1692 ἐκτός
898 1631 1004 1681 εἰσι
1052 1628 1148 1682 τοῦ
1194 1629 1338 1682 θείου
1378 1631 1900 1702 περισχοινίσματος.
1935 1610 1980 1667 Β

323 1718 446 1770 Τῶν
478 1718 535 1772 δὲ
573 1717 662 1772 διὰ
687 1718 786 1790 τῆς
813 1719 1103 1790 ὁμολογίας
1136 1722 1285 1786 ἐντὸς
1312 1724 1689 1794 γεγενημένων
1720 1741 1906 1795 προτι-

326 1809 578 1881 μοτέρων
625 1810 737 1881 (26)
779 1811 886 1866 τῶν
945 1814 1152 1887 ἄλλων,
1194 1819 1241 1868 ot
1288 1817 1761 1888 περιῤῥαντηρίοις
1812 1819 1907 1872 καὶ

319 1901 573 1969 ἁγνείαις
610 1902 1102 1975 προκαθαιρόμενοι
1125 1904 1258 1975 (27),
1291 1906 1385 1958 καὶ
1421 1906 1623 1961 τούτων
1659 1909 1708 1959 οί
1749 1907 1904 1976 ἀφιε-

320 1990 600 2063 ρωθέντες
621 1992 721 2063 ήδη
749 1991 812 2047 τὸ
843 1993 1002 2047 πλέον
1025 1994 1254 2066 ἔχουσιν.
1282 1995 1421 2049 ὥστε
1444 1997 1544 2067 τῆς
1573 1997 1906 2070 ὲσωτερικῆς

316 2083 612 2151 ἀξιοῦσθαι
647 2088 1055 2156 μυσταγωγίας,
1085 2088 1159 2152 ὡς
1186 2089 1230 2140 δ’
1255 2090 1319 2142 ἄν
1347 2106 1431 2154 τις
1458 2089 1552 2143 έπὶ
1576 2090 1637 2144 τὸ
1660 2090 1905 2161 φανερώ-

314 2192 483 2246 τερον
538 2177 770 2246 προάγοι
811 2177 921 2248 (28)
969 2177 1067 2248 τὴν
1114 2178 1209 2231 τοῦ
1264 2180 1583 2250 αἰνίγματος
1646 2182 1902 2255 ἔμφασιν.

315 2266 514 2320 Ταῦτα
540 2266 653 2321 ἐστι
683 2267 875 2338 μαθεῖν
899 2268 991 2321 τοῦ
1014 2268 1172 2335 λόγου
1197 2269 1552 2337 διδάσκοντος,
1577 2273 1657 2327 ὅτι
1688 2274 1795 2327 τῶν
1819 2275 1905 2328 λο-

314 2355 501 2423 γικῶν
525 2356 826 2426 δυνάμεων,
857 2358 911 2410 αί
947 2356 1044 2427 μέν
1069 2357 1211 2420 τινές
1243 2358 1378 2410 είσιν
1406 2354 1516 2413 οἷον
1540 2360 1600 2414 τὸ
1627 2359 1779 2430 ἂγιον
1814 2361 1906 2428 Ou-

314 2445 641 2515 σιαστήριον
665 2445 725 2496 ἐν
759 2442 837 2514 τῷ
867 2442 1045 2515 ἀδύτῳ
1083 2443 1181 2515 τῆς
1214 2443 1465 2515 Θεότητος
1492 2443 1900 2517 καθιδρυμέναι·

313 2536 381 2589 αἱ
409 2535 469 2589 δέ
499 2552 644 2598 τινες
682 2534 842 2588 πάλιν
872 2534 965 2588 κα).
1008 2532 1213 2587 τούτων
1260 2535 1317 2587 έν
1348 2534 1504 2605 ἐξοχῇ
1556 2534 1901 2606 θεωροῦνται,

2012 374 2099 422 ne,
2125 373 2190 413 ac
2220 359 2547 429 quibusdam
2583 358 2994 429 aspersionibus
3019 369 3203 416 essent
3228 361 3430 431 expiati
3458 380 3473 430 ;
3517 377 3584 419 ac

2012 463 2206 503 rursus
2228 449 2389 503 etiam
2421 463 2487 504 ex
2542 449 2626 504 his
2653 450 2787 521 ipsis
2834 466 2942 505 non
2997 452 3253 508 omnibus
3307 453 3583 508 internum

2010 540 2272 611 templum
2302 540 2512 611 ingredi
2546 540 2760 606 licebat,
2786 543 2879 598 sed
2917 543 3293 598 saeerdotilms
3319 544 3586 599 duntaxat

2011 629 2354 686 sacrificandi
2405 643 2570 686 causa
2619 630 2761 685 intra
2808 632 2984 687 velum
3024 634 3278 688 versandi
3306 634 3398 704 jus
3424 642 3581 690 erat:

2008 719 2257 774 occultus
2284 734 2412 774 vero
2458 729 2513 774 et
2568 735 2801 778 arcanus
2833 723 3015 792 templi
3056 723 3208 779 locus
3237 725 3256 794 (
3286 740 3444 794 quem
3468 724 3586 779 ἅδος

2008 825 2099 862 τον
2124 808 2366 879 vocant),
2395 809 2451 864 in
2481 824 2588 880 quo
2617 811 2789 867 altare
2820 811 3144 867 collocatum
3171 829 3436 869 cornuum
3463 816 3584 885 qui-

2009 899 2236 956 busdam
2268 901 2655 970 prominentiis
2703 903 3024 959 adornatum
3058 912 3200 971 erat,
3240 906 3374 976 ipsis
3400 922 3585 962 sacer-

2009 990 2229 1046 dotibus
2260 991 2578 1049 inaccessus
2601 1002 2738 1062 erat,
2770 1001 3130 1064 praeterquam
3156 997 3249 1050 uni
3279 999 3373 1067 qui
3401 1012 3583 1052 sacer-

2008 1079 2156 1135 dotio
2175 1083 2500 1153 praepositus
2526 1093 2663 1150 erat,
2712 1084 2807 1154 qui
2841 1084 3009 1139 semel
3065 1084 3119 1139 in
3153 1101 3298 1141 anno
3340 1088 3583 1158 legitimo

2007 1170 2265 1241 quodam,
2290 1182 2443 1226 certo
2467 1183 2630 1244 atque
2652 1174 2880 1229 solemni
2901 1173 3011 1241 die,
3040 1175 3213 1243 solus,
3243 1186 3300 1230 ut
3323 1193 3581 1233 arcanum

2006 1269 2059 1316 et
2098 1262 2439 1317 reconditum
2465 1265 2737 1335 quoddam
2775 1267 2947 1337 magis
2971 1274 3026 1322 et
3053 1268 3325 1322 occultum
3374 1270 3582 1324 sacrifi-

2006 1351 2151 1405 cium
2185 1350 2425 1417 oﬂ'erret,
2487 1354 2769 1410 introibat.
2821 1355 2958 1411 Cum
3014 1358 3179 1427 igitur
3231 1365 3378 1413 tanta
3438 1370 3584 1414 esset

2005 1444 2152 1498 circa
2194 1444 2298 1499 hoc
2331 1446 2591 1515 templum
2620 1445 2948 1513 differentia,
2977 1448 3124 1518 quod
3174 1447 3351 1520 imago
3384 1452 3585 1519 pariter

2007 1549 2071 1589 ac
2105 1535 2455 1591 simulacrum
2499 1538 2639 1607 ejus.
2700 1539 2792 1609 qui
2844 1549 3025 1595 mente
3077 1540 3580 1609 comprehenditur,

2007 1632 2185 1682 status
2207 1634 2347 1692 erat,
2389 1627 2493 1682 hoc
2534 1628 2793 1683 nimirum
2826 1630 3056 1686 docente
3080 1632 3350 1701 corporali
3391 1632 3581 1687 obser-

2005 1716 2244 1780 vatione,
2285 1715 2561 1787 quodnon
2596 1719 2775 1775 omnis
2826 1732 3074 1776 creatura
3119 1722 3331 1775 ratione
3356 1722 3582 1791 praedita

2005 1805 2206 1875 templo
2234 1803 2351 1869 Dei,
2406 1806 2510 1861 hoc
2538 1815 2624 1862 est
2650 1808 2983 1864 confessioni
3034 1810 3215 1880 magni
3245 1810 3340 1865 Dei
3382 1827 3580 1881 appro-

2007 1896 2271 1968 pinquet;
2300 1896 2393 1953 sed
2423 1898 2515 1967 qui
2553 1897 2706 1954 falsis
2726 1899 3078 1968 opinionibus
3112 1916 3177 1955 ac
3205 1903 3583 1972 persuasioni-

2003 1989 2108 2045 bus
2155 1987 2365 2044 sed'ucti
2422 1997 2580 2056 sunt,
2627 1989 3022 2060 prohibeantur
3079 2007 3108 2046 a
3161 1994 3332 2063 septis
3380 1994 3581 2049 divinis

2006 2087 2168 2150 atque
2201 2080 2485 2137 cancellis.
2530 2079 2604 2134 Ex
2648 2081 2717 2137 iis
2751 2091 2931 2137 autem
2994 2083 3085 2153 qui
3142 2099 3238 2153 per
3268 2085 3578 2139 confessio-

2005 2185 2126 2224 nem
2165 2169 2312 2224 iutro
2344 2171 2568 2227 admissi
2612 2170 2840 2235 fuerint.
2873 2174 3085 2229 caeteris
3115 2175 3494 2229 anteferantur
3517 2191 3581 2230 ac

2004 2269 2265 2332 praestent
2304 2262 2400 2333 qui
2429 2262 2870 2333 aspersionibus,
2908 2265 3145 2335 puritate
3190 2273 3244 2321 et
3274 2280 3303 2319 a
3332 2267 3582 2322 venereis

2005 2353 2338 2409 abstinentia
2370 2363 2498 2410 ante
2536 2353 2741 2409 fuerint
2780 2356 3005 2427 expiati,
3043 2365 3207 2429 atque
3238 2356 3324 2413 his
3382 2358 3460 2412 illi
3487 2358 3579 2428 qui

2004 2445 2293 2500 sacrificiis
2340 2444 2597 2501 destinati
2623 2454 2775 2509 sunt,
2808 2447 3005 2502 exinde
3042 2447 3155 2517 jam
3190 2449 3416 2503 meliore
3444 2463 3582 2502 con-

2004 2535 2210 2593 ditione
2235 2538 2369 2600 sint,
2426 2547 2487 2590 ut
2535 2537 2856 2592 interiorum
2907 2553 3189 2592 sacrorum
3230 2540 3581 2594 administra-

312 2626 573 2697 κεράτων
613 2626 768 2697 δίκην
799 2622 1247 2697 ’προὸεόλημέναι
1267 2667 1281 2691 ,
1311 2624 1406 2679 καὶ
1428 2625 1582 2680 ἄλλαι
1612 2626 1737 2697 περὶ
1764 2626 1906 2680 ὲκεί-

313 2734 424 2780 νας
461 2715 606 2770 κατά
665 2732 787 2769 τινα
827 2714 1033 2789 τάξεως
1063 2715 1385 2769 ἀκολουθίαν
1416 2715 1797 2788 προτερεύουσί
1843 2734 1905 2770 τε

2005 2626 2152 2683 tione
2178 2642 2242 2681 ac
2271 2628 2564 2697 praesulatu
2596 2627 2744 2698 digni
2789 2628 3111 2683 habeantur.
3140 2630 3244 2685 Sed
3279 2640 3439 2700 prout
3482 2632 3581 2685 ali-

2004 2710 2129 2788 quis
2155 2718 2221 2773 ad
2250 2717 2647 2774 evidentiorem
2697 2733 2761 2772 ac
2814 2720 2987 2789 magis
3019 2722 3369 2790 perSpicuam
3404 2723 3580 2792 expli-

316 2805 437 2878 (29)
467 2805 563 2859 καὶ
592 2804 986 2877 δευτερεύουσι.
1009 2805 1081 2858 Τὸ
1094 2805 1151 2859 δὲ
1172 2805 1277 2859 τῶν
1314 2805 1614 2877 ἀνθρώπων
1639 2807 1791 2875 γένος
1818 2806 1905 2860 διὰ

2014 2812 2285 2866 cationem
2321 2810 2623 2881 aenigmatis
2653 2817 2818 2880 atque
2842 2811 3108 2865 involucri
3127 2812 3580 2883 signiﬁcationem

315 2895 424 2966 τὴν
476 2894 833 2965 έγγινομένην
879 2894 1079 2948 κακίαν
1131 2893 1236 2959 ἔξω
1283 2895 1383 2966 τῆς
1420 2894 1566 2958 θείας
1613 2896 1905 2966 περιϐολῆς

2007 2899 2254 2969 proferre
2288 2900 2484 2970 possit,
2523 2900 2639 2955 haec
2666 2898 2878 2954 discere
2913 2900 3038 2955 licet
3088 2901 3319 2957 docente
3349 2902 3581 2966 ratione,

317 2984 587 3057 ἁπεώσθη
606 3001 621 3016 ·
664 2986 801 3057 ὅπερ
844 2983 925 3055 τῷ
957 2985 1301 3058 περιράντρῳ
1348 2986 1461 3057 (50)
1491 2985 1699 3058 λουτρῷ
1727 2986 1896 3057 καθηο

2007 2988 2155 3060 quod
2205 3004 2272 3045 ex
2304 2991 2523 3045 ratione
2579 2990 2826 3061 praeditis
2861 2990 3161 3047 virtutibus
3188 2994 3307 3047 alia:
3365 2993 3581 3062 quidem

324 3077 567 3148 ράμενον
596 3076 747 3140 έντδς
775 3075 1002 3143 γίνεται.

2007 3080 2172 3137 veluti
2205 3090 2460 3138 sanctum
2488 3083 2659 3140 altare
2691 3082 2804 3138 sint
2854 3082 2911 3137 in
2942 3082 3105 3153 adyto
3148 3082 3377 3139 Deitatis
3410 3085 3569 3140 collo-

319 3176 483 3233 catae,
518 3166 802 3221 nonnullae
832 3180 963 3220 vero
994 3180 1192 3221 rursus
1224 3166 1390 3221 etiam
1426 3180 1489 3221 ex
1544 3165 1630 3220 his
1659 3168 1712 3222 in
1746 3171 2071 3228 excellentia
2116 3173 2538 3243 conspiciantur
2615 3188 2886 3228 cornuum
2961 3173 3137 3229 instar
3180 3177 3579 3244 prominentes.

322 3269 498 3332 atque
539 3261 662 3315 alia:
693 3276 892 3317 rursus
916 3262 1066 3317 circa
1092 3260 1586 3331 illas.competenti
1621 3272 2102 3337 consentaneoque
2157 3266 2398 3338 quodam
2467 3267 2661 3322 ordine
2724 3273 2841 3321 tum
2897 3268 3162 3337 primum,
3201 3278 3326 3324 tuin
3380 3283 3579 3324 secun-

320 3351 457 3406 dum
521 3350 702 3403 locum
750 3349 1054 3405 obtineant.
1110 3346 1295 3403 Genus
1362 3357 1544 3403 autem
1606 3351 1905 3408 humanum
1944 3362 2169 3426 propter
2221 3356 2575 3411 vitiositatem
2611 3355 2861 3410 innatam
2901 3365 3059 3412 extra
3111 3357 3383 3429 parietum
3438 3360 3578 3414 divi-

322 3456 527 3497 norum
555 3440 823 3495 ambitum
855 3451 1264 3497 summoveatur
1300 3440 1496 3516 :.quod
1525 3441 1616 3496 ubi
1641 3447 2024 3515 conspersorio
2052 3449 2272 3502 lavacro
2300 3447 2580 3518 expiatum
2613 3448 2797 3513 fuerit,
2845 3449 2991 3505 intro
3024 3449 3302 3506 mittatur.

406 3554 550 3609 Ἀλλ’
585 3555 776 3627 ἐπειδὴ
812 3555 995 3626 μέλλει
1025 3555 1153 3610 ποτὲ
1182 3555 1250 3608 τὰ
1284 3555 1423 3627 μετὰ
1449 3554 1563 3626 (51)
1595 3555 1768 3610 ταῦτα
1799 3575 1905 3611 πα-

2080 3554 2188 3610 Sed
2215 3556 2471 3624 quoniam
2513 3556 2627 3611 haec
2652 3557 2705 3611 in
2742 3556 2922 3611 medio
2964 3560 3211 3627 opposita
3273 3568 3449 3628 septa,
3487 3576 3578 3630 per

324 3647 701 3719 ραφράγματα
730 3646 972 3712 λύεσθαι,
1003 3645 1069 3700 δι’
1098 3640 1173 3702 ὧν
1201 3647 1312 3717 (52)
1342 3648 1488 3727 ἡμᾶς
1512 3647 1546 3717 ἡ
1574 3648 1741 3702 κακία
1768 3649 1904 3719 πρὸς

2007 3660 2129 3714 quae
2160 3647 2429 3702 vitiositas
2454 3660 2555 3703 nos
2583 3648 2652 3702 ab
2676 3662 2742 3702 eo
2779 3647 2902 3703 loco
2934 3650 3028 3719 qui
3080 3650 3225 3705 intra
3266 3652 3446 3706 velum
3497 3662 3578 3707 est

318 3742 392 3793 τὰ
416 3739 568 3802 ἐντὸς
594 3738 690 3792 τοῦ
717 3738 1203 3810 καταπετάσματος
1228 3738 1590 3808 ἀπετείχισεν,
1618 3739 1747 3792 ὅταν
1776 3755 1905 3810 σκη-

2007 3735 2236 3799 dirimit,
2269 3736 2564 3807 aliquando
2604 3738 2902 3803 solventur,
2932 3753 3058 3794 cum
3090 3754 3188 3809 per
3216 3741 3577 3796 resurrectio-

322 3828 572 3902 νοπηχθῇ
597 3830 706 3899 (55)
736 3828 898 3883 πάλιν
921 3828 1008 3907 διὰ
1042 3828 1140 3898 τῆς
1170 3828 1515 3893 ἀναστάσεως
1553 3828 1711 3900 ἡμῶν
1735 3831 1769 3900 ἡ
1797 3828 1902 3898 φύ-

2007 3840 2131 3881 nem
2161 3834 2358 3881 natura
2385 3834 2571 3883 nostra
2598 3845 2793 3886 rursus
2816 3829 2972 3900 quasi
3008 3830 3417 3885 tabernaculum
3448 3830 3577 3894 fixa,

328 3938 435 3984 σις,
464 3919 562 3973 καὶ
589 3921 792 3991 πᾶσαή
818 3918 962 3974 κατὰ
988 3919 1187 3975 κακίαν
1210 3918 1534 3990 ἐγγινομένη
1566 3918 1677 3990 (54)
1701 3918 1905 3989 διαφθο-

2007 3924 2171 3987 atque
2194 3918 2375 3974 omnis
2405 3934 2501 3988 per
2531 3920 2879 3977 vitiositatem
2935 3921 3122 3976 innata
3176 3922 3479 3993 corruptio,
3510 3940 3575 3979 ex

330 4012 400 4083 ρὰ
432 4009 766 4083 έξαφανισθῇ
792 4009 901 4063 τῶν
931 4009 1121 4074 ὄντων,
1156 4007 1276 4062 τότε
1318 4007 1469 4078 κοινὴ
1515 4009 1842 4079 συστήσεται
1871 4011 1905 4080 ἡ

2007 4020 2185 4061 rerum
2211 4016 2404 4063 natura
2436 4009 2639 4064 abolita
2674 4018 2838 4079 atque
2862 4010 3074 4066 sublata
3106 4010 3290 4077 fuerit,
3329 4021 3461 4068 tunc
3509 4014 3576 4069 iis

327 4105 458 4174 περὶ
487 4103 579 4156 τὸν
612 4101 743 4156 Θεὸν
783 4100 945 4173 ἑορτὴ
973 4103 1084 4163 τοῖς
1115 4099 1203 4153 διὰ
1227 4100 1329 4169 τῆς
1354 4099 1701 4164 ἀναστάσεως
1736 4093 1905 4154 πυκα-

2007 4096 2095 4164 ηυί
2130 4109 2226 4165 per
2265 4099 2722 4154 resurrectionem
2763 4099 2909 4165 tecti,
2939 4102 3115 4156 ornati
3151 4112 3314 4172 atque
3352 4119 3575 4174 compo-

328 4194 534 4248 σθεῖσιν
556 4233 573 4258 ,
602 4191 678 4255 ὡς
714 4192 843 4262 μίαν
869 4209 928 4245 τε
962 4192 1056 4245 καὶ
1083 4190 1182 4261 τὴν
1217 4189 1387 4261 αὐτὴν
1420 4191 1740 4262 προκεῖσθαι
1771 4194 1905 4246 πᾶσι

2007 4185 2091 4241 siti
2124 4184 2348 4252 fuerint,
2400 4203 2688 4246 commune
2739 4189 2939 4245 festum
2973 4193 3123 4246 circa
3156 4192 3325 4248 Deum
3373 4198 3576 4250 consu-

326 4284 427 4353 τὴν
481 4279 848 4353 εὐφροσύνηνο
913 4278 1114 4352 μηκέτι
1156 4278 1419 4349 διαφορᾶς
1469 4296 1611 4343 τινος
1655 4279 1754 4350 τῆς
1796 4279 1904 4334 τῶν

2007 4282 2213 4343 tuetur,
2244 4284 2304 4332 ut
2329 4277 2581 4334 omnibus
2612 4293 2720 4333 una
2746 4287 2908 4349 atque
2937 4281 3125 4336 eadem
3158 4282 3339 4336 laetitia
3375 4290 3575 4354 propo-

326 4370 461 4426 ῐσων
507 4371 831 4443 μετουσίας,
879 4371 977 4442 τὴν
1022 4369 1249 4441 λογικὴν
1281 4368 1442 4438 φύσιν
1484 4368 1907 4441 διατεμνούσης,

324 4461 464 4516 ἀλλὰ
499 4460 610 4515 τῶν
648 4458 747 4518 νῦν
775 4458 880 4524 ἔξω
906 4459 995 4513 διὰ
1032 4460 1133 4530 τὴν
1160 4458 1361 4513 κακίαν
1403 4457 1569 4514 ὅντων
1610 4457 1762 4524 έντδς
1797 4457 1907 4513 τῶν

322 4553 536 4608 ἀδύτων
576 4551 674 4624 τῆς
712 4550 861 4614 Θείας
897 4548 1296 4623 μακαριότητὸς
1330 4564 1462 4602 ποτε
1506 4546 1905 4619 γενησομένων,

327 4645 421 4698 καὶ
467 4645 584 4706 τοῖς
633 4641 826 4712 κέρασι
879 4640 974 4694 τοῦ
1019 4640 1429 4712 θυσιαστηρίου,
1468 4638 1738 4705 τουτέστι,
1784 4641 1904 4704 ταῖς

326 4733 643 4804 ὲξεχούσαις
672 4731 783 4786 τῶν
809 4729 1195 4801 ὑπερκοσμίων
1219 4729 1512 4801 δυνάμεσιν
1539 4729 1767 4794 ἑαυτοὺς
1789 4727 1902 4800 (55)

420 4928 512 4998 20)
566 4927 748 4982 Ἀλλὰ
774 4925 920 4998 τοῖς,
963 4927 1029 4998 A,
1056 4924 1161 4998 1ξῆ
1194 4927 1327 4998 τοῖς,

419 4993 504 5053 21⁷
553 4995 945 5066 Προσϐολαῐς.
980 4997 1048 5061 Δ,
1081 4995 1124 5047 Β
1150 4993 1465 5066 προϐολαῖς.

419 5003 950 5137 ﬂint-36c”
1060 5134 1080 5137 _

400 5067 513 5123 ι22)
561 5067 677 5123 Ὡς.
721 5067 765 5117 Β
798 5067 877 5123 ὅς.

400 5082 513 5137 «22)
563 5082 677 5132 ‘uc.
723 5082 765 5117 υ
798 5082 877 5128 ος.

399 5137 513 5206 (~23)
558 5131 991 5206 Τοσαύτηςώ
1013 5134 1224 5206 φύσης.
1258 5134 1332 5189 Ad
1362 5131 1741 5206 liaecsgholion
1765 5132 1900 5206 illud

331 5196 572 5275 legebam
602 5206 657 5259 in
689 5196 1068 5275 calce'codicis
1088 5202 1135 5256 Α
1153 5196 1318 5258 ἷὍτι
1342 5202 1507 5275 τύπος
1527 5196 1596 5275 ἦν
1616 5202 1899 5275 καὶῌείκὼν

330 5271 425 5345 τῆς
446 5276 573 5339 νέας
602 5274 805 5345 ταύτης
829 5273 1211 5337 καταστάσεως
1237 5274 1271 5343 ἠ
1309 5272 1409 5342 τῆς
1447 5273 1505 5326 ὲν
1529 5271 1607 5343 τῷ
1637 5271 1751 5343 ναῷ
1777 5275 1894 5327 εἰσ·

330 5344 449 5400 ὁδου
479 5344 732 5415 διαφορά.

401 5414 515 5483 (24)
555 5410 683 5468 ’Ὅτι
718 5430 828 5479 τις.
864 5413 930 5475 Δ,
1028 5410 1166 5480 ἥτις.

421 5484 512 5538 25)
552 5483 762 5538 Είκών.
790 5485 834 5535 Λ
861 5480 1024 5534 είκὼν
1048 5496 1128 5532 τε.

421 5484 492 5538 25
552 5484 762 5538 Είκών.
790 5485 834 5535 Λ
861 5484 1024 5534 είκὼν
1048 5496 1128 5532 τε.

397 5484 514 5628 (26)
554 5550 1013 5622 Προτιμοτέρω.
1042 5549 1104 5615 Λ,
1131 5548 1172 5599 Β
1198 5549 1596 5621 προτιμότεροι.

2003 4377 2186 4435 natur,
2218 4368 2368 4423 nulla
2396 4369 2630 4439 amplius
2666 4368 2970 4426 differentia
3022 4372 3237 4428 ratione
3293 4376 3572 4444 praeditam

2001 4467 2254 4515 naturam
2278 4473 2308 4513 a
2338 4460 2754 4532 participatione
2809 4466 2949 4533 aequi
2975 4463 3117 4533 juris
3169 4475 3332 4536 atque
3361 4481 3575 4521 eorum-

2000 4547 2124 4604 dem
2155 4548 2423 4605 bonorum
2453 4550 2761 4618 dirimente,
2795 4554 2891 4609 sed
2924 4554 2992 4609 iis
3027 4557 3118 4625 qui
3149 4571 3295 4611 nunc
3348 4564 3572 4627 propter

1999 4638 2355 4694 vitiositatem
2384 4647 2540 4694 extra
2578 4650 2727 4710 sunt,
2779 4643 3000 4699 tandem
3070 4645 3366 4715 aliquando
3432 4646 3574 4701 intra

2001 4730 2168 4802 adyta
2197 4727 2394 4785 divinae
2420 4729 2781 4789 beatitudinis
2820 4731 3039 4801 futuris,
3062 4745 3113 4791 et
3147 4736 3407 4793 cornibus
3436 4739 3571 4793 alta-

2072 4925 2184 4994 (27)
2222 4928 2777 4998 Προκαθαιρόμενοι.
2825 4935 2872 4985 Α
2904 4933 2959 4988 in
3003 4932 3253 5006 margine
3290 4937 3574 5010 προκαθη-

2041 4996 2254 5050 άμενοι.

2004 5014 2078 5067 ρα
2122 5014 2254 5049 ενοι.

2072 5014 2184 5138 (28)
2221 5063 2563 5138 ΠροάγοιιΒ
2588 5068 2871 5138 προσάγοι.

2093 5134 2187 5253 29)
2223 5134 2659 5221 Προτερεύουσϊ
2685 5134 2788 5192 τε.⁷
2812 5138 2851 5190 Β
2875 5140 3264 5211 προτερεύουσι
3298 5142 3356 5197 δέ
3382 5158 3466 5199 τε.

2094 5204 2163 5253 50
2222 5207 2607 5253 Πεοιοαντοω-
2626 5206 2712 5253 σΑ-
2737 5208 2778 5253 Β
2796 5210 3254 5253 πεοιὸόανττνηίιιι,

2222 5203 2607 5282 ζζεριράζτρῳ.
2626 5206 2712 5270 -Α,
2737 5208 2778 5260 Β
2796 5203 3257 5282 περιρραντηρίῳ.

2073 5272 2184 5345 (ξιξ)
2221 5272 2402 5345 Μξτᾴ-
2444 5272 2680 5345 Βκτμέσα.

2096 5336 2186 5399 52)
2223 5342 2303 5394 Δι’
2332 5336 2439 5397 ὧν.
2474 5336 2609 5397 Β’τὰ
2635 5344 2701 5397 δι’
2734 5336 2830 5399 ὧν.

2222 5411 2643 5494 ξέηνοπηχθῇ.
2684 5415 2768 5494 ᾼλ
2789 5414 2831 5468 Β
2864 5419 3274 5494 σκηνοπαγηθῇ.

2230 5483 3131 5560 ξξπγινομένῃηΑ,ἐγγενομένηξ
3174 5486 3178 5490 ’

2095 5552 2183 5623 55)
2235 5551 2531 5617 Ἐαυτούς.
2574 5551 2614 5605 Β
2646 5553 2703 5607 έν
2738 5551 2968 5623 ἑαυτοῖς.
