3950 6132
491 309 593 365 HS

1738 311 1792 368 S.
1836 309 2160 368 GREGORII
2194 310 2490 371 NYSSENI

3662 318 3751 374 HI

491 425 572 485 tlit
635 442 816 485 :eum
877 429 1209 487 resurrectio
1298 433 1501 500 corpus
1581 440 1826 486 nostrum
1882 445 2078 486 rursus

2181 431 2380 488 νόντων
2422 432 2561 504 ὑπὲρ
2615 433 2715 503 τῆς
2755 431 3032 496 εὐσεϐείας
3076 430 3176 495 τὰς
3214 430 3469 501 ἀλγεινὰς
3498 427 3611 505 (27)
3655 433 3756 487 τῶν

491 524 560 581 ad
604 523 771 578 vitam
823 522 1134 587 reduxerit,
1194 521 1428 592 pepultts
1503 523 1724 592 quidam
1787 522 2070 577 hominum

490 624 722 681 prorsus
764 624 908 666 unus
956 608 1182 673 evadet,
1246 617 1306 663 ut
1342 610 1481 664 nihil
1527 611 1671 667 absit
1735 611 1805 665 ab
1866 626 1933 667 eo
1976 612 2071 682 qui

489 701 750 771 resurgit,
790 699 974 754 infans
997 698 1281 764 videlicet,
1314 701 1499 770 pusio,
1560 717 1716 771 puer,
1752 702 2073 758 adolescen-

489 792 663 857 tulus,
698 790 821 856 vir,
859 796 1046 861 pater,
1084 805 1271 857 senex,
1307 799 1363 846 et
1404 792 1589 846 omnia
1618 806 1741 863 quas
1788 793 1929 848 inter
1956 793 2072 847 haec

490 881 857 937 intercedunt.
900 879 1072 936 Porro
1124 895 1248 935 eum
1311 882 1650 937 continentia
1685 892 1853 954 atque
1883 882 2071 938 incon-

488 971 720 1027 tinentia
803 986 902 1041 per
945 985 1166 1026 carnem
1235 979 1588 1037 exerceatur,
1660 980 1778 1028 tum
1852 981 2074 1044 propter

490 1065 747 1134 pietatem
783 1063 968 1134 gravia
1021 1072 1185 1134 atque
1233 1064 1431 1120 acerba
1476 1065 1742 1135 supplicia
1796 1066 2072 1123 sustinen-

488 1157 651 1223 tium,
710 1163 827 1212 tum
869 1157 1039 1211 animi
1112 1157 1341 1211 mollitia
1400 1157 1793 1230 refugientium
1842 1159 1959 1214 lucc
1987 1169 2071 1214 at-

487 1264 597 1320 que
633 1248 925 1305 vitantium
955 1289 971 1314 ,
1021 1257 1076 1304 et
1105 1264 1203 1319 per
1248 1264 1471 1304 sensum
1508 1265 1832 1320 corporeum
1879 1251 2072 1306 horum

491 1348 787 1411 utrumque
854 1340 1303 1412 designantium:
1344 1342 1435 1411 qui
1495 1341 1610 1397 ﬁeri
1654 1352 1869 1413 potest,
1928 1353 1987 1397 ut
2020 1344 2071 1399 id

490 1431 639 1502 quod
689 1431 901 1502 justum
952 1440 1055 1495 est,
1102 1434 1157 1485 in
1189 1430 1403 1500 judicio
1452 1431 1758 1487 servetur?
1796 1433 1905 1486 Aut
1948 1448 2072 1489 cum

491 1524 637 1581 idem
684 1538 834 1580 nunc
877 1523 1094 1595 quidem
1156 1524 1502 1592 peccaverit,
1548 1531 1736 1593 postea
1790 1533 1923 1579 vero
1978 1540 2074 1595 per

489 1613 870 1684 paenitentiam
914 1627 1036 1675 sese
1067 1612 1399 1682 expiaverit,
1426 1626 1490 1666 ac
1526 1610 1760 1668 fortasse
1790 1627 1982 1669 rursus
2018 1613 2074 1669 in

490 1710 774 1776 peccatum
826 1719 893 1760 ac
928 1704 1191 1760 delictum
1229 1703 1418 1775 lapsus
1470 1703 1564 1768 sit,
1631 1716 1758 1758 cum
1810 1702 1939 1759 item
1978 1720 2075 1776 per

2175 520 2470 592 κολάσεων,
2505 520 2616 579 τῶν
2645 542 2704 579 τε
2720 521 2788 579 αὖ
2824 522 3276 595 μαλακιζομένων
3303 523 3440 595 πρὸς
3458 522 3632 578 ταῦτα
3651 524 3753 596 (28)

2171 616 2262 670 διά
2289 615 2391 686 τῆς
2419 610 2740 687 σωματικῆς
2760 615 3091 685 αἰσθήσεως,
3121 608 3397 683 ἑκατέρων
3425 611 3537 684 (29)
3562 613 3755 668 τούτων

2174 706 2653 778 ἐπιδεικνυμένων,
2688 704 2806 769 πῶς
2844 704 2961 758 ἐστι
2990 704 3140 775 παρά
3170 704 3269 775 τὴν
3303 704 3415 775 (50)
3445 704 3629 773 κρίσιν
3650 705 3754 760 διας

2175 792 2411 864 σωθῆναι
2441 794 2502 847 τὸ
2526 793 2736 848 δίκαιον
2764 793 2880 867 (51)
2908 811 2924 860 ;
2963 795 3034 847 Ἢ
3076 792 3170 846 τοῦ
3203 791 3318 863 (52)
3347 791 3510 846 αὑτοῦ
3540 792 3635 847 νῦν
3665 796 3757 865 μὲν

2173 885 2725 958 πεπλημμεληκότος,
2758 881 2918 949 αὖθις
2957 885 3016 939 δὲ
3041 884 3131 939 διὰ
3162 885 3526 956 μεταμελείας
3574 888 3758 941 ἑαυτὸν

2173 975 2584 1047 ἐκκαθάραντος
2642 975 2793 1047 (55),
2854 975 2958 1030 κᾶν
3003 973 3147 1026 οὕτω
3182 973 3320 1043 τύχῃ
3376 972 3538 1027 πάλιν
3580 975 3673 1028 ἐπὶ
3702 976 3759 1028 τὸ

2174 1064 2280 1136 πλη
2290 1065 2493 1136 μμελὲς
2515 1065 2921 1139 ὀλισθήσαντος,
2951 1066 3390 1136 ὑπαμειφθέντος
3411 1065 3467 1119 δὲ
3499 1064 3642 1120 κατά
3663 1066 3759 1136 τὴν

2173 1156 2492 1212 ἀκολουθίαν
2529 1158 2628 1229 τῆς
2662 1158 2898 1228 φύσεως,
2936 1158 3031 1210 καὶ
3068 1155 3165 1209 τοῦ
3208 1157 3623 1228 μεμολυσμένου
3670 1158 3759 1210 καὶ

2173 1245 2264 1299 τοῦ
2289 1245 2590 1318 ἀμολύντου
2637 1247 2908 1319 σώματος,
2939 1248 3034 1302 καὶ
3065 1246 3193 1319 μήθ’
3216 1247 3531 1318 ἑτέρου(54)
3562 1248 3760 1303 τούτων

2174 1337 2253 1401 είς
2289 1337 2351 1389 τὸ
2387 1337 2633 1410 διηνεκὲς
2685 1338 3080 1412 ὲξαρκέσαντος
3107 1379 3122 1402 ,
3176 1339 3328 1390 ποῖον
3362 1337 3441 1408 τῷ
3481 1338 3759 1409 ἀκολάστῳ

2177 1426 2336 1499 σῶμα
2373 1417 2897 1501 συγκολασθήσεται,
2952 1430 3013 1483 τὸ
3046 1428 3330 1502 ’ῥικνωθὲν
3388 1430 3447 1481 ὲν
3496 1428 3575 1499 τῷ
3617 1430 3762 1502 γήρᾳ

2175 1519 2312 1591 πρὸς
2331 1518 2410 1590 τῷ
2431 1520 2680 1592 θανάτῳς
2729 1521 2869 1575 Ἀλλ’
2902 1521 3089 1593 ἕτερον
3128 1515 3196 1592 ἦν
3217 1521 3375 1575 τοῦτο
3400 1520 3553 1592 παρὰ
3578 1520 3641 1574 τὸ
3669 1521 3762 1593 τὴν

2173 1611 2452 1682 ἁμαρτίαν
2489 1614 2956 1685 κατειργασμένον
3002 1613 3138 1687 (55),
3190 1613 3307 1669 ἀλλ’
3356 1615 3494 1684 ὅπερ
3523 1630 3760 1685 κατεμο-

2175 1701 2339 1772 λύνθη
2366 1700 2444 1773 τῷ
2477 1702 2673 1770 πάθει;
2704 1704 2798 1758 καὶ
2826 1706 2931 1759 ποῦ
2962 1708 2993 1760 ὁ
3015 1706 3363 1777 πρεσϐύτης;
3394 1706 3468 1757 ’Ἡ
3511 1705 3619 1776 γὰρ
3665 1704 3762 1757 οὐκ

492 1803 700 1851 natura:
758 1795 1222 1860 vicissitudinem,
1273 1803 1388 1849 tum
1423 1794 1791 1865 inquinatum,
1854 1803 1970 1849 tum
2003 1794 2072 1850 ab

2181 1769 2550 1866 ἀναστήσεται
2596 1789 2772 1863 οὗτος,
2807 1798 2902 1850 καὶ
2931 1798 3033 1851 οὐκ
3061 1769 3661 1868 ένεργὸςήάνάσέαέις
3682 1812 3698 1831 ⁵
3726 1795 3758 1867 ἢ

491 1888 873 1958 inquinatione
910 1902 1144 1943 vacuum
1206 1901 1409 1957 corpus
1446 1887 1796 1941 immutatum
1857 1884 2021 1941 fuerit
2053 1902 2068 1951 ;

400 1984 403 1986 ’
489 1987 544 2034 et
584 1986 840 2035 neutrum
880 1979 1076 2034 horum
1130 1977 1187 2032 in
1257 1985 1579 2050 perpetuum
1654 1976 1936 2033 suffecerit
1983 1984 2070 2031 at-

2176 1878 2331 1948 οὗτος
2356 1884 2737 1956 ἐγερθήσεται,
2766 1888 2859 1942 καὶ
2900 1888 3245 1959 διαφεύξεται
3270 1889 3366 1959 τὴν
3397 1888 3552 1958 δίκην
3583 1889 3611 1941 ὁ
3629 1889 3759 1941 ὐπο-

2178 1976 2453 2046 κείμενος.

488 2085 596 2141 que
643 2071 953 2135 duraverit,
1015 2069 1302 2140 qualenam
1374 2082 1573 2138 corpus
1629 2083 1738 2123 una
1807 2082 1934 2124 cum
1988 2068 2411 2139 intemperante,
2479 2076 2644 2140 atque
2693 2068 3067 2127 incontmcnte
3121 2072 3419 2141 punietur;
3459 2079 3647 2127 utrum
3710 2069 3762 2125 id

488 2162 635 2236 quod
686 2163 770 2217 in‘
806 2168 1090 2217 senectute
1129 2159 1294 2214 morti
1340 2160 1583 2215 vicinum
1631 2166 1978 2213 contractum
2014 2166 2069 2214 et
2120 2159 2473 2213 incurvatum
2530 2159 2696 2214 fuerit
2737 2160 2761 2213 ?
2809 2162 2877 2214 At
2954 2161 3055 2215 hoc
3106 2160 3256 2215 aliud
3295 2171 3445 2216 esset
3495 2169 3661 2231 atque
3711 2159 3763 2239 id

489 2254 636 2327 quod
695 2260 978 2323 peccatum
1045 2250 1437 2321 perpetraverit
1477 2265 1547 2304 an
1614 2249 1670 2304 id
1727 2250 1872 2320 quod
1927 2251 2090 2305 vitioo
2140 2251 2557 2322 coinquinatum
2600 2248 2809 2306 fuerit?
2838 2250 2904 2305 Et
2934 2250 3027 2306 ubi
3075 2252 3290 2307 senex?
3348 2244 3484 2305 Nam
3525 2259 3619 2305 aut
3679 2251 3766 2306 hic

491 2360 601 2402 non
639 2349 914 2413 resurget,
940 2348 995 2397 et
1023 2340 1361 2397 resurrectio
1399 2355 1510 2395 non
1541 2340 2066 2409 repraesentabitur,
2126 2356 2229 2397 nec
2262 2341 2332 2396 ad
2404 2339 2660 2397 effectum
2708 2341 3048 2406 deducetur,
3120 2342 3216 2397 sed
3273 2341 3521 2398 inefficax
3590 2341 3700 2398 erit
3745 2359 3758 2408 ;

491 2451 588 2498 aut
630 2439 720 2496 hic
752 2445 1055 2508 resurget,
1118 2444 1171 2494 et
1218 2426 1483 2507 judicium
1537 2450 1600 2490 ac
1661 2451 1876 2506 ptenam
1925 2435 2145 2510 effugiet
2181 2437 2460 2492 obnoxius
2505 2443 2670 2509 atque
2722 2436 3028 2509 subjectus.

559 2580 750 2638 Dicam
804 2579 971 2637 etiam
1044 2576 1252 2649 aliquid
1306 2591 1372 2631 ex
1424 2576 1492 2649 iis
1559 2591 1681 2646 quae
1743 2575 2078 2646 objiciuntur

2251 2576 2410 2631 Είπω
2442 2592 2499 2631 τι
2539 2576 2634 2630 καὶ
2685 2577 2814 2632 ἄλλο
2853 2577 2964 2631 τῶν
2996 2576 3419 2649 προφερομένων
3452 2577 3586 2648 ἡμῖν
3612 2574 3768 2646 παρά

490 2672 651 2728 nobis
689 2672 759 2726 ab
806 2668 914 2728 illis
949 2670 1042 2741 qui
1079 2670 1228 2725 hanc
1260 2668 1567 2725 doctrinam
1606 2684 1716 2724 non
1750 2669 2077 2739 approbant.

2181 2669 2287 2724 τῶν
2341 2669 2403 2722 ού
2454 2667 2788 2738 δεδεγμένων
2834 2668 2930 2721 τὸν
2975 2668 3152 2737 λόγον.
3196 2667 3385 2734 Οὐδὲν,
3421 2668 3585 2737 φησὶν
3629 2668 3766 2737 (56),

490 2758 658 2827 Nihil,
708 2749 987 2829 inquiunt,
1042 2773 1111 2812 ex
1148 2756 1397 2826 partibus
1429 2762 1484 2811 et
1522 2755 1787 2811 membris
1828 2755 2077 2824 corporis

2181 2761 2461 2831 ἄπρακτον
2479 2759 2590 2813 τῶν
2617 2760 2673 2812 έν
2699 2757 2778 2829 τῷ
2810 2758 3020 2829 σώματι
3057 2758 3261 2832 μορίων
3284 2758 3491 2830 ἡφύσις
3515 2757 3765 2829 ἐποίησε.

492 2854 729 2917 otiosum
773 2858 829 2907 et
876 2850 995 2905 sine
1022 2848 1206 2918 aliquo
1228 2846 1406 2902 ofﬁcio
1444 2855 1607 2917 atque
1628 2863 1729 2902 usu
1777 2856 1974 2902 natura
1999 2845 2078 2901 fe-

2181 2844 2261 2899 Τά
2290 2844 2391 2915 μὲν
2421 2844 2529 2916 γὰρ
2545 2845 2646 2916 τὴν
2675 2845 2771 2899 τοῦ
2817 2845 2917 2918 ζῇν
2955 2846 3134 2901 αἰτίαν
3173 2847 3268 2901 καὶ
3293 2847 3521 2918 δύναμιν
3549 2849 3607 2900 έν
3632 2850 3770 2918 ἡμῖν

492 2943 588 2997 cit.
641 2939 778 2995 Nam
836 2940 943 2994 alia
987 2924 1205 3010 quidem
1255 2937 1472 2991 vivendi
1530 2952 1752 2992 causam
1806 2940 1860 2993 in
1917 2939 2077 2994 nobis

2184 2933 2320 3004 ἔχει,
2336 2929 2409 2989 ὧν
2425 2935 2554 3013 ἄνευ
2573 2936 2830 3007 συστῆναι
2846 2937 2933 2990 διὰ
2944 2936 3058 3008 (57)
3078 2937 3279 3008 σαρκὸς
3296 2936 3439 3008 ζωὴν
3453 2937 3610 3009 ἡμῶν
3629 2940 3769 3009 (58),

495 3051 561 3096 ac
614 3034 727 3089 vim
766 3033 1069 3099 continent,
1109 3030 1230 3087 sine
1286 3028 1488 3097 quibus
1528 3028 1643 3084 fieri
1690 3044 1800 3085 non
1853 3040 2077 3101 potest,

497 3139 557 3187 ut
597 3129 708 3186 vita
755 3138 921 3196 quam
958 3122 1013 3177 in
1063 3134 1228 3176 carne
1291 3119 1647 3191 transigimus
1689 3122 1991 3179 consistat:
2029 3133 2084 3179 ut

496 3237 612 3288 cor,
668 3220 866 3291 jecur,
921 3213 1242 3277 cerebrum,
1303 3213 1511 3282 pulmo,
1571 3222 1780 3279 venter,
1849 3223 1905 3270 et
1958 3215 2086 3271 reli-

496 3329 607 3387 qua
641 3313 900 3379 viscera;
933 3307 1035 3362 alia
1069 3319 1199 3363 vero
1261 3304 1531 3361 sentiendi
1586 3305 1758 3361 motui
1800 3307 2083 3364 destinata

498 3414 663 3477 atque
701 3400 964 3458 attributa
997 3405 1164 3463 sunt;
1227 3395 1333 3451 alia
1374 3395 1504 3450 item
1551 3395 1746 3466 agendi
1805 3411 1869 3452 ac
1908 3407 2086 3455 trans-

498 3497 661 3555 eundi
700 3493 878 3550 oﬂicio
905 3492 1227 3562 funguntur;
1255 3488 1358 3543 alia
1399 3488 1529 3544 item
1572 3489 1635 3543 ad
1679 3491 2083 3548 successionem

496 3598 842 3661 posterorum
898 3584 1093 3640 idonea
1130 3589 1294 3652 atque
1362 3581 1775 3637 accommodata
1814 3595 1959 3638 sunt.
2025 3583 2081 3639 Si

496 3684 662 3754 igitur
701 3697 797 3751 per
853 3680 1042 3733 eadem
1081 3674 1304 3745 quidem
1360 3673 1521 3731 nobis
1573 3673 1729 3739 vita,
1768 3690 1890 3747 quae
1957 3684 2081 3747 post

497 3776 603 3827 hac
643 3773 769 3838 erit,
806 3767 1188 3826 excercebitur
1222 3773 1386 3834 atque
1419 3764 1786 3837 transigetur,
1847 3768 1916 3823 ad
1945 3769 2083 3823 nihil

499 3863 774 3917 traductio
829 3867 992 3927 atque
1046 3854 1354 3911 immutatio
1396 3857 1496 3919 tit;
1559 3856 1645 3910 sin
1717 3864 1898 3912 autem
1956 3874 2084 3914 vera

499 3962 586 4010 est
634 3950 810 4007 oratio
842 3950 944 4020 (ut
975 3947 1234 4003 nimirum
1267 3954 1394 3999 vera
1427 3946 1558 4014 est)
1609 3960 1731 4016 quae
1772 3961 1946 4017 neque
1970 3964 2085 4004 ma-

502 4042 819 4100 trimonium
867 4039 922 4093 in
988 4054 1053 4093 ea
1094 4037 1204 4092 vita
1256 4051 1377 4108 quae
1416 4037 1878 4093 resurrectionem
1927 4056 2086 4095 exce-

509 4145 670 4209 ptura
716 4134 787 4191 sit
819 4131 1054 4202 amplius
1103 4130 1281 4186 locum
1332 4118 1539 4185 habere
1585 4127 1855 4198 ailirmat,
1908 4146 2085 4202 neque

502 4229 629 4283 cibo
665 4242 731 4282 ac
760 4224 984 4296 potione
1031 4236 1151 4278 eam
1189 4221 1355 4276 vitam
1404 4236 1527 4291 quas
1595 4228 1727 4276 tunc
1766 4220 1950 4276 futura
2013 4224 2084 4279 sit

509 4311 880 4374 conservari!
903 4314 1027 4384 quis
1076 4312 1183 4368 erit
1225 4327 1356 4368 usus
1384 4312 1635 4381 corporis
1673 4313 1931 4383 partium,
1954 4329 2080 4369 cum

504 4426 613 4466 non
673 4408 909 4477 amplius
960 4420 1024 4460 ea
1086 4411 1309 4475 propter
1348 4417 1470 4473 quae
1523 4405 1952 4481 nunemembra
1983 4405 2083 4459 Ita-

504 4501 696 4558 bemus
745 4511 841 4568 per
893 4495 1042 4550 illam
1098 4495 1264 4552 vitam
1295 4495 1649 4564 sperentur?
1704 4493 1840 4549 Nam
1887 4495 1932 4552 si
1987 4512 2084 4550 nu-

507 4591 746 4661 ptiarum
789 4602 957 4643 causa
1012 4593 1148 4642 sunt
1180 4601 1243 4642 ea
1298 4585 1565 4651 membra,
1612 4601 1735 4657 quae
1764 4586 1828 4642 ad
1889 4589 2081 4642 matri-

507 4682 750 4737 monium
788 4679 1082 4750 pertinent,
1114 4691 1238 4732 cum
1267 4677 1468 4747 nuptiae
1523 4690 1630 4732 uon
1681 4674 1916 4743 fuerint,
1947 4678 2083 4732 nihil

504 4788 644 4844 opus
682 4771 947 4827 habemus
999 4768 1068 4824 iis
1116 4783 1238 4839 quae
1293 4768 1362 4823 ad
1400 4768 1524 4824 illas
1572 4775 1763 4838 parata
1803 4776 1952 4823 sunt.
1989 4768 2083 4824 Sic

496 4866 570 4920 ad
604 4879 742 4934 opus
779 4878 995 4929 manus,
1038 4859 1106 4916 ad
1172 4875 1395 4917 cursum
1446 4858 1637 4929 pedes,
1680 4858 1749 4914 ad
1806 4860 2074 4930 sumptio-

566 5059 688 5140 (27.),
732 5058 1062 5140 ᾎνίτεινᾴς·
1103 5056 1146 5139 ιέ
1175 5056 1494 5140 ἀλγηξάνεις-
1553 5125 1564 5140 ,

575 5126 694 5204 (28)
728 5126 937 5204 Ταῦτα.
969 5126 1213 5204 Αίταθτα
1242 5126 1355 5204 καί.
1400 5126 1440 5180 Β
1468 5126 1693 5189 ταύτας.

596 5199 689 5270 ‘29)
724 5200 1068 5270 Ἐκατέρων.
1100 5202 1149 5270 A7
1166 5199 1452 5270 ἑκάτερον.

596 5206 667 5257 ‘29
724 5206 1068 5270 Ἐκατέρων.
1100 5206 1142 5252 A
1166 5206 1452 5268 ἑκάτερον.

574 5206 691 5343 (50)
716 5269 1043 5343 Πᾳρᾲ-τήν.
1070 5269 1198 5343 A_in
1229 5268 1475 5343 margine
1504 5267 1633 5337 περὶ
1659 5265 1780 5337 τήν.

574 5337 692 5411 (51)
729 5337 814 5393 Τὸ“
836 5340 1089 5411 δίκαιον.
1120 5338 1162 5392 Β
1197 5338 1287 5411 τὸν
1311 5337 1537 5411 δίκαιον.

578 5407 691 5482 (52)
720 5412 788 5465 ’Ἠ
818 5410 945 5465 τοῦ.
971 5409 1042 5482 ⁸Β.
1077 5410 1126 5461 εί
1148 5409 1241 5463 ἐπὶ
1263 5407 1382 5482 τού.

600 5477 691 5551 55)
737 5478 1222 5551 Ἐκκαθιῄρανταᾳ
1252 5477 1771 5551 Δαέκκαθήραντος.

600 5547 689 5616 54)
713 5551 863 5617 Μήθ’
895 5551 1118 5617 ἐτέρου.
1150 5548 1209 5601 Β.
1247 5549 1369 5618 μηδ’
1392 5547 1600 5619 ἑτέρου.

576 5617 692 5695 (5ἓξ)
715 5617 1257 5695 Καθειργᾳσμένον.
1355 5617 1853 5695 κατεργασάμενον.

600 5690 691 5765 56)
727 5691 1010 5765 diuolsa}
1052 5693 1105 5765 in
1137 5690 1380 5765 margine
1414 5691 1596 5758 φασίν.

602 5758 693 5833 ὅῖ)
719 5758 844 5817 Διά.
883 5763 927 5813 Α
951 5758 992 5813 Β
1022 5760 1119 5829 τὴν
1152 5759 1259 5812 διά.

2184 3026 2285 3081 οὐκ
2317 3023 2765 3099 ὲνδέχεται,οἶον,
2810 3029 3027 3100 καρδία,
3052 3025 3227 3103 ἧπαρ,
3261 3031 3579 3100 ἐγκέφαλος,
3612 3031 3772 3084 πνεύ-

2189 3137 2327 3191 μων,
2346 3121 2579 3192 γαστὴρ,
2611 3122 2707 3176 καὶ
2730 3121 2799 3175 τά
2844 3121 3007 3175 λοιπά
3046 3122 3331 3193 σπλάγχνα
3353 3139 3366 3153 ο
3394 3121 3463 3174 τὰ
3494 3121 3551 3175 δὲ
3585 3125 3655 3194 τῇ
3688 3124 3771 3177 αἱ·

2188 3211 2417 3284 σθητικῇ
2443 3213 2654 3283 κινήσει
2692 3213 3147 3285 ἀποκεκλήρωται
3168 3231 3183 3246 ο
3209 3214 3278 3267 τὰ
3298 3213 3357 3267 δὲ
3375 3216 3474 3285 τῆς
3505 3230 3768 3282 παρεκτε-

2187 3304 2288 3373 κῆς
2319 3304 2429 3375 (59)
2459 3305 2553 3358 καὶ
2584 3305 2955 3375 μεταϐατικῆς
2984 3305 3265 3374 ἐνεργείας
3320 3304 3488 3358 ἐστίν·
3540 3305 3678 3360 ἄλλα
3717 3306 3770 3358 δὲ

2186 3396 2324 3467 πρὸς
2343 3395 2441 3465 τὴν
2466 3395 2717 3467 διαδοχὴν
2732 3394 2841 3449 τῶν
2867 3394 3260 3464 ἐπιγινομένων
3285 3395 3604 3465 ἐπιτηδείως
3631 3396 3767 3466 ἔχει.

2185 3486 2248 3539 Ei
2280 3486 2381 3555 μὲν
2431 3481 2528 3540 οὖν
2572 3471 2655 3540 ἐν’
2682 3488 2795 3550 τοῖς
2843 3486 3025 3549 αὐτοῖς
3048 3487 3179 3557 ἡμῖν
3205 3487 3235 3539 ό
3270 3486 3411 3556 μετὰ
3444 3486 3616 3540 ταῦτα
3658 3486 3771 3557 βίος

2187 3577 2359 3641 ἔσται,
2394 3577 2532 3647 πρὸς
2557 3578 2711 3632 οὐδὲν
2731 3579 2767 3649 ή
2788 3578 3116 3649 μετάστασις
3138 3577 3347 3647 γίνεται
3364 3593 3378 3609 ⁸
3414 3577 3535 3631 είδὲ
3563 3578 3772 3650 ἀληθὴς

2184 3670 2213 3721 ὁ
2234 3669 2390 3737 λόγος
2419 3669 2629 3740 (ὥσπερ
2659 3664 2753 3723 οὖν
2778 3671 2925 3724 ἐστιν
2956 3668 3204 3742 ἀληθὴς),
3236 3671 3265 3723 ὁ
3297 3669 3435 3740 μήτε
3459 3669 3640 3738 γάμον
3671 3672 3772 3739 ὲμ-

2190 3759 2571 3813 πολιτεύεσθαι
2604 3760 2681 3832 τῷ
2714 3760 2852 3832 μετά
2879 3761 2977 3832 τὴν
3006 3762 3302 3815 ἀνάστασιν
3334 3760 3435 3830 βίῳ
3458 3760 3774 3831 διοριζόμε-

2186 3868 2295 3914 νος,
2325 3854 2460 3922 μήτε
2487 3851 2578 3905 διὰ
2611 3852 2865 3924 βρώσεως
2894 3839 3231 3917 καίπόσεως
3259 3850 3357 3922 τὴν
3385 3851 3509 3905 τότε
3532 3852 3773 3924 διακρα-

2184 3941 2391 3996 τεῖσθαι
2419 3940 2587 4015 ζωὴν,
2608 3943 2692 4007 τίς
2719 3943 2870 3997 έσται
2897 3945 3092 4015 χρῆσις
3122 3943 3229 3998 τῶν
3263 3942 3442 4014 μερῶν
3464 3942 3561 3996 τοῦ
3584 3943 3773 4015 σώμα-

2186 4050 2298 4097 τος,
2319 4033 2502 4088 οὐκέτι
2526 4034 2636 4088 τῶν
2661 4034 2726 4088 δι’
2758 4034 2795 4090 ἆ
2828 4034 2923 4088 νῦν
2951 4035 3068 4088 ἐστι
3089 4035 3159 4089 τὰ
3182 4033 3316 4104 μέλη
3343 4032 3483 4087 κατά
3506 4032 3603 4105 τὴν
3620 4034 3774 4106 ζωὴν

2185 4124 2398 4197 ἐκείνην
2414 4126 2814 4198 ὲλπιζομένωνς
2842 4127 2907 4180 Εἰ
2929 4125 3037 4197 γὰρ
3051 4124 3145 4178 τοῦ
3169 4124 3347 4196 γάμου
3360 4124 3520 4195 χάριν
3538 4124 3611 4178 τὰ
3629 4125 3772 4196 πρὸς

2183 4218 2275 4272 τὸν
2310 4218 2489 4290 γάμον
2535 4221 2652 4273 ἐστὶ
2709 4219 2846 4291 μέλη
2877 4220 3013 4289 (40),
3038 4219 3166 4273 ὅταν
3206 4218 3319 4288 (41)
3347 4218 3556 4281 ἐκεῖνος
3594 4217 3677 4290 μὴ
3710 4214 3769 4292 ᾖ.

2184 4309 2304 4362 οὐδὲ
2338 4310 2448 4364 τῶν
2472 4311 2608 4382 πρὸς
2641 4312 2846 4364 ἐκεῖνον
2870 4311 2981 4381 (42)
3011 4310 3259 4380 δεόμεθα.
3291 4308 3449 4363 Οὕτω
3493 4308 3606 4379 (45)
3633 4310 3772 4382 πρὸς

2183 4399 2244 4452 τὸ
2265 4399 2426 4472 ἔργον
2443 4402 2500 4455 αί
2532 4405 2731 4472 χεῖρες,
2770 4402 2866 4455 καὶ
2886 4403 3023 4472 πρὸς
3048 4402 3140 4455 τὸν
3166 4402 3364 4473 δρόμον
3388 4403 3436 4455 οί
3458 4402 3639 4465 πόδες,
3676 4404 3772 4456 καὶ

2190 4492 2325 4562 πρὸς
2358 4492 2458 4563 τὴν
2510 4493 2821 4565 παραδοχὴν
2854 4493 2968 4565 (44)
3005 4493 3115 4547 τῶν
3145 4492 3329 4547 σιτίων
3357 4480 3419 4547 to
3454 4493 3652 4564 στόμα,
3676 4496 3773 4550 καὶ

2190 4586 2241 4639 οἱ
2271 4587 2481 4650 ὀδόντες
2510 4588 2648 4658 πρὸς
2668 4586 2764 4658 τὴν
2783 4587 2882 4658 τῆς
2917 4587 3126 4658 τροφῆς
3154 4586 3477 4658 ὑπηρεσίαν,
3506 4586 3605 4640 καὶ
3628 4588 3772 4659 πρὸς

2187 4677 2289 4748 τὴν
2322 4678 2486 4748 πέψιν
2514 4677 2583 4732 τὰ
2607 4678 2909 4749 σπλάγχνα,
2957 4679 3051 4732 καὶ
3075 4678 3212 4749 πρὸς
3235 4678 3335 4749 τὴν
3368 4677 3640 4748 ἀποϐολὴν
3662 4679 3772 4731 τῶν

2188 4768 2599 4840 ἀχρειωθέντων
2619 4770 2669 4823 oi
2695 4768 2926 4837 ὲξοδικοὶ
2950 4769 3065 4840 (45)
3082 4767 3191 4822 τῶν
3213 4768 3395 4839 πόρων
3436 4767 3569 4839 (46).
3601 4768 3774 4822 Ὅταν

2184 4857 2279 4916 οὖν
2305 4861 2418 4932 (47)
2464 4862 2648 4918 ἐκεῖνα
2688 4863 2763 4935 μὴ
2788 4859 2845 4937 ᾗ,
2872 4863 2942 4918 τὰ
2957 4863 3024 4917 δι’
3055 4864 3239 4917 ἐκεῖνα
3261 4862 3520 4932 γινομένα
3585 4861 3706 4926 πῶς
3734 4862 3773 4933 ἢ

2286 5059 2379 5130 58)
2420 5059 2626 5131 Ἠμῶν.
2660 5060 2816 5116 Delet
2842 5060 2925 5131 Β.
3202 5106 3207 5111 .

2281 5126 2371 5203 59)
2406 5126 2803 5203 Πᾴρεκτικῆς.
2840 5132 2885 5203 Α
2908 5130 2963 5203 B_
2990 5126 3321 5203 πρακτικῆς.

2280 5200 2373 5269 40)
2398 5200 2590 5269 Mein.
2638 5202 2830 5257 Delent
2859 5202 2902 5255 A
2933 5200 2994 5255 Β.

2278 5270 2369 5326 Ml
2403 5270 2571 5325 Οὐδέ.
2602 5273 2646 5325 Δ
2679 5271 2851 5326 οὐδέν.

2282 5340 2371 5396 42)
2418 5341 2706 5396 Ἐκεῖνον.
2740 5342 2782 5395 Α
2817 5340 2859 5394 Β
2892 5342 3093 5396 έκεῖνο.

2258 5411 2372 5479 (45)
2409 5411 2596 5466 Οὕτω.
2639 5412 2684 5465 Α
2710 5411 2748 5463 Β
2777 5411 2921 5465 οὕτω
2948 5412 3060 5465 καί.

2262 5480 2373 5553 (44)
2407 5480 2788 5553 Παραδοχήντ
2832 5482 2870 5553 Β
2896 5480 3279 5553 παραδρομήνο

2263 5551 2377 5620 (45)
2422 5550 2725 5614 Ἐξοδικοι.
2764 5551 2808 5603 Δ
2838 5552 2879 5603 Β
2901 5550 3213 5618 διεξοδικόν.

2266 5621 2382 5695 (49)
2416 5622 2644 5695 ηρρωῖο
2674 5622 2717 5695 Β
2750 5622 2989 5695 τςόρνωνῖ-

2417 5686 2562 5745 Οὗόθ.
2594 5691 2742 5746 Deit‘t
2773 5686 2828 5746 Β.
