3950 6132
176 268 266 325 ηδ

1230 264 1323 323 DE
1354 262 1570 324 ΑΝῘΜᾹ
1609 265 1697 325 ET
1739 269 2341 332 RESURRECTIONE.

3327 275 3427 330 H6

174 378 300 451 ὑπὲρ
322 377 461 443 τινος
511 377 692 445 ἔσται,
737 379 813 444 ὡς
841 378 1085 450 ἀνάγκην
1113 373 1275 447 εἶναι,
1306 383 1355 434 ει
1380 381 1480 454 μὲν
1507 380 1622 454 (48)
1649 383 1734 456 εἴη

1854 400 1964 440 nem
2000 386 2251 443 ciborum
2285 403 2383 452 os.,
2424 385 2623 442 dentes
2646 383 2713 440 ad
2755 385 3119 443 ministerium
3158 386 3425 450 alimenti,

168 470 377 541 περιττά
406 469 480 524 τά
503 469 740 543 σώματα
776 471 915 544 πρὸς
938 471 1092 526 οὐδὲν
1124 472 1262 543 πρὸς
1295 472 1396 545 τὴν
1421 472 1567 546 ζωὴν
1595 475 1737 529 ὲκεί-

168 581 254 634 νην
278 564 560 634 συνεργεῖν
595 563 875 635 μέλλοντα,
917 564 1053 637 μηδὲ
1084 562 1197 637 (49)
1236 560 1383 620 εἶναί
1407 583 1460 621 τι
1492 566 1601 622 τῶν
1622 567 1736 638 (5ο)

167 654 248 710 νῦν
264 653 731 725 συμπληρούντων
756 656 887 727 ἡμῖν
915 654 1030 725 (51)
1059 656 1123 708 τὸ
1142 654 1302 728 σῶμα
1327 656 1409 724 (ἐν
1425 656 1605 721 ἀλλοις
1626 657 1737 728 γάρ

168 747 196 817 ἡ
221 744 373 817 ζωὴ),
404 746 501 799 καὶ
554 746 742 800 οὐκέτι
767 745 885 819 (52)
907 745 968 799 τὺ
1003 745 1245 801 τοιοῦτον
1285 746 1583 803 ἀνάστασιν
1614 749 1733 803 ὀνο-

168 840 362 911 μάσειε,
393 837 505 892 τιῖιν
537 837 662 894 καθ’
683 838 918 893 ἕκαστον
949 837 1128 911 μελῶν
1155 838 1244 893 διά
1273 839 1372 910 τὴν
1402 839 1588 915 ὲκςινῃ
1619 839 1734 912 (55)

164 935 223 1003 τῇ
255 929 366 1001 ζωῇ
400 930 710 1002 ἀχρηστίαν
747 930 810 984 οὔ
857 929 1331 1002 συνανισταμὲνων
1366 928 1445 1001 τῷ
1489 928 1734 1003 σώματις

166 1026 218 1079 Et
238 1024 289 1077 δὲ
302 1022 393 1078 διά
416 1023 638 1078 πάντων
656 1022 811 1078 ἔσται
831 1022 1036 1077 τούτων
1055 1021 1293 1095 ἐναργὴς
1310 1022 1425 1093 (54)
1445 1022 1479 1094 ἠ
1500 1022 1733 1078 ἀνάστα-

166 1132 258 1178 σις,
291 1113 503 1184 μάταια
542 1115 678 1184 ἡμῖν
709 1113 803 1167 καὶ
826 1112 1062 1185 ἀνόνητα
1102 1097 1223 1185 (55)
1279 1111 1417 1185 πρὸς
1458 1112 1558 1185 τὴν
1588 1112 1737 1186 ζωὴν

163 1207 368 1279 ἐκείνην
391 1206 835 1279 δημιουργήσειὸ
860 1206 1099 1279 ἐνεργῶν
1128 1207 1228 1277 τὴν
1243 1205 1560 1261 ἀνάστασιν.
1577 1207 1736 1261 ’Λλλά

165 1298 259 1369 μὴν
279 1299 378 1352 καὶ
426 1293 570 1352 εἶναι
600 1296 876 1352 πιστεύειν
912 1297 1019 1369 χρὴ
1058 1294 1155 1367 τὴν
1184 1295 1501 1361 ἀνάστασιν,
1535 1297 1631 1351 καὶ
1660 1297 1736 1369 μὴ

164 1392 390 1462 ματαίαν
411 1387 577 1447 εἶναι.
595 1389 805 1446 Οὐκοῦν
828 1388 1158 1463 προσεκτέον
1176 1388 1255 1460 τῷ
1280 1389 1604 1460 λόγῳ,ὃπως
1623 1390 1736 1460 (56)

160 1477 220 1531 ἀν
260 1480 399 1549 ἡμῖν
437 1478 527 1532 διὰ
558 1478 780 1534 πάντων
809 1479 870 1534 ἐν
898 1476 975 1549 τῷ
1008 1477 1248 1549 δόγματι.
1269 1478 1330 1533 τὸ
1364 1478 1511 1544 εἰκὸς
1535 1480 1735 1534 διασώ-

163 1567 316 1631 Cotto.

1836 476 1909 531 ad
1965 478 2381 535 concoctionem
2430 485 2598 549 atque
2650 477 3017 549 digestionem
3063 478 3279 535 viscera
3310 520 3326 545 ,
3372 485 3429 535 et

1835 568 1904 624 ad
1968 569 2321 641 rejectionem
2354 579 2411 626 et
2457 571 2830 629 excretionem
2890 576 3082 628 eorum
3134 588 3255 644 quae
3301 587 3430 628 eor-

1831 668 1993 732 rupta
2021 671 2214 740 .atque
2259 663 2474 719 inutilia
2520 663 2665 718 facta
2743 672 2917 731 sunt,
2960 673 3173 722 meatus
3219 666 3295 721 illi
3329 680 3428 736 per

1830 769 1969 826 quos
2017 764 2306 813 transeunt
2360 765 2417 813 et
2468 765 2862 814 excernuntur.
2937 757 3074 813 Cum
3124 757 3292 828 igitur
3331 758 3413 813 ills

1830 861 1941 902 non
1975 847 2181 904 fuerint
2220 864 2287 905 ea
2343 865 2467 920 qua:
2499 857 2724 922 propter
2764 848 2860 904 illa
2914 849 3058 903 facta
3118 855 3267 916 sunt,
3289 859 3426 920 quo'

1831 934 1999 992 modo
2026 934 2255 1007 cujusve
2288 938 2463 1009 gratia
2488 946 2681 1003 erunt,
2723 946 2784 993 ut
2818 951 3046 993 necesse
3090 937 3182 1003 sit,
3236 937 3285 992 si
3316 936 3430 1007 qui-

1831 1026 1955 1082 dem
1994 1027 2145 1083 circa
2168 1043 2371 1100 corpus
2418 1045 2531 1085 non
2569 1028 2774 1085 fuerint
2803 1044 2867 1085 ea
2890 1069 2906 1094 ,
2934 1044 3056 1097 qua:
3086 1027 3223 1083 nihil
3269 1027 3433 1098 adju-

1832 1118 2001 1173 menti
2049 1119 2120 1176 iis
2170 1136 2292 1192 quae
2323 1120 2392 1175 ad
2432 1120 2585 1176 illam
2632 1119 2800 1176 vitam
2861 1119 3138 1189 pertinent
3188 1119 3428 1174 allatura

1834 1209 1965 1277 sint,
2016 1212 2156 1268 nihil
2200 1212 2320 1270 fore
2350 1228 2540 1270 eorum
2582 1227 2705 1284 qua:
2748 1226 2954 1283 corpus
3007 1220 3254 1269 nostrum
3284 1227 3432 1266 nunc

1842 1301 2189 1357 constituunt
2233 1313 2289 1359 et
2342 1304 2620 1375 complent
2653 1303 2673 1374 (
2704 1292 2771 1358 in.
2810 1303 2939 1358 aliis
2986 1302 3136 1358 enim
3180 1301 3292 1357 vita
3349 1300 3433 1356 fu-

1841 1393 2029 1465 erit),
2063 1394 2229 1465 idque
2275 1412 2385 1451 non
2414 1396 2653 1467 amplius
2725 1395 2924 1467 aliquis
2974 1394 3431 1450 resurrectionem

1844 1487 2266 1556 nominaverit,
2308 1504 2433 1544 cum
2518 1489 2818 1560 singularia
2886 1503 3119 1557 qumque
3187 1487 3434 1541 membra

1845 1586 2069 1649 propter
2107 1595 2300 1635 eorum
2341 1584 2396 1636 in
2448 1582 2539 1635 illa
2588 1581 2698 1635 vita
2737 1579 3116 1641 inutilitatem,
3185 1592 3295 1632 non
3328 1592 3436 1632 una

162 1674 273 1713 eum
352 1671 596 1731 corpore
663 1659 1004 1732 resurgant?
1070 1659 1170 1714 Sin
1250 1667 1431 1716 autem
1488 1676 1587 1731 per
1653 1663 1769 1720 Itrec
1836 1670 2019 1723 omnia
2076 1672 2413 1728 resurrectio
2497 1671 3014 1743 reprzesentabitur,
3090 1680 3146 1726 et
3208 1684 3435 1726 exerce-

160 1752 321 1817 bitur,
361 1767 504 1809 vana
558 1755 722 1811 nobis
776 1761 830 1810 et
870 1753 1085 1809 inutilia
1150 1754 1220 1810 ad
1275 1754 1425 1810 illam
1480 1756 1644 1811 vitam
1700 1764 2012 1829 procreahit
2074 1764 2121 1820 is
2171 1766 2265 1836 qui
2332 1763 2793 1824 resurrectionem
2848 1768 3071 1819 exercet
3134 1768 3297 1832 atque
3348 1776 3437 1816 re-

159 1856 473 1919 praesentat.
549 1846 718 1918 Atqui
772 1853 827 1902 et
863 1861 989 1903 esse
1046 1846 1507 1903 resurrectionem
1554 1856 1610 1903 et
1643 1864 1749 1905 non
1794 1851 1992 1909 frustra
2046 1870 2166 1911 eam
2209 1873 2366 1918 ,csse
2407 1856 2634 1913 credere
2687 1863 2922 1927 oportet.
3002 1854 3144 1923 Ergo
3200 1852 3436 1907 orationi

157 1940 444 2014 diligenter
502 1939 726 1996 animus
775 1937 1143 1993 attendendus
1205 1937 1313 1993 erit
1347 1980 1362 2004 ,
1411 1953 1522 2009 quo
1585 1954 1684 2009 per
1756 1943 1947 1998 omnia
2005 1946 2161 2003 nobis
2222 1948 2277 2002 in
2329 1947 2433 2003 hac
2489 1946 2762 2003 sententia
2817 1959 2962 2015 aque
3036 1941 3287 2000 doctrina
3353 1940 3429 2010 id,

159 2032 297 2103 quod
365 2029 655 2102 probabile
701 2037 760 2085 et
826 2035 1264 2085 consentaneum
1322 2036 1447 2096 est,
1512 2041 1894 2090 conservetur.

236 2121 279 2173 ιι
292 2165 306 2176 .
334 2120 508 2190 Ἐμοῦ
522 2121 580 2174 δὲ
592 2118 765 2175 ταῦτα
777 2119 1154 2186 διεξελθόντος,
1170 2121 1284 2177 Οὐκ
1296 2122 1556 2192 ἀγεννῶς,
1586 2138 1661 2191 φη
1668 2121 1751 2175 civ

1916 2131 1968 2183 Μ
1977 2175 1988 2186 .
2008 2131 2102 2188 llis
2119 2146 2149 2187 a
2168 2146 2254 2188 me
2270 2129 2555 2203 expositis,
2575 2126 2801 2207 Egregie
2819 2132 2954 2189 satis
2976 2140 3136 2202 atque
3153 2103 3441 2197 praelate.

158 2222 187 2289 ἡ
207 2215 558 2279 διδάσκαλος,
578 2212 721 2266 κατά
752 2213 852 2283 τήν
875 2210 1177 2282 λεγομένην
1206 2209 1502 2283 ῥητορικὴν
1524 2211 1631 2265 τῶν
1657 2212 1754 2282 τῆς

159 2309 510 2371 ἀναστάσεως
534 2305 823 2376 δογμάτων
850 2303 1321 2375 κατεπεχείρησας
1344 2301 1480 2374 (57),
1507 2303 1754 2367 πιθανῶς

156 2406 257 2467 τοῖς
269 2399 770 2461 ἀνασκευαστικοῖς
786 2395 893 2450 τῶν
913 2396 1089 2463 λόγων
1107 2396 1168 2449 ὲν
1188 2394 1374 2466 κύκλῳ
1398 2394 1757 2467 περιδραμὼν

157 2497 245 2567 τὴν
275 2494 573 2565 ἀλήθειαν,
630 2491 773 2544 ὥστε
797 2489 922 2552 τοὺς
957 2488 1031 2559 μὴ
1061 2487 1184 2541 λίαν
1228 2487 1673 2558 ὲπεσκεμμὲνους
1695 2486 1757 2541 τὸ

156 2589 245 2659 τῆς
270 2585 544 2658 ἀληθείας
586 2583 883 2655 μυστήριον
907 2578 1101 2633 παθεῖν
1129 2577 1196 2633 άν
1228 2596 1346 2643 πως
1375 2577 1490 2649 (58)
1523 2578 1584 2631 τὸ
1611 2576 1754 2632 κατά

158 2678 212 2733 τὸ
237 2678 396 2741 εἰκὸς
430 2676 573 2746 πρὸς
599 2674 693 2727 τὸν
711 2672 890 2742 λόγον,
908 2670 1004 2725 κα).
1017 2669 1265 2741 οἰηθῆναι
1285 2669 1358 2741 μὴ
1377 2668 1479 2735 ἔξω
1494 2668 1587 2723 τοῦ
1606 2669 1725 2723 δέον
1742 2699 1753 2709 -

155 2788 239 2834 τος
256 2767 511 2840 ἐπῆχθαι
529 2765 644 2836 (59)
665 2765 777 2828 τοῖς
798 2762 1108 2834 εἰρημένοις
1134 2761 1232 2833 τὴν
1256 2761 1596 2832 ὲπαπόρησιν
1618 2761 1752 2833 (60).

162 2863 309 2933 Ἔχει
347 2861 408 2914 δὲ
437 2860 540 2929 οὐχ
574 2856 738 2921 οὕτω,
771 2858 956 2927 φησὶν,
980 2854 1014 2924 ἡ
1054 2853 1299 2923 ἀλήθεια,
1338 2851 1443 2906 κᾶν
1474 2842 1755 2915 ἀδυνάτως

160 2954 373 3026 ἔχωμεν
395 2954 462 3006 ἐκ
490 2950 600 3005 τῶν
637 2947 838 3019 ὁμοίων
860 2944 1301 3018 άντιρητορεύειν
1330 2942 1408 3014 τῷ
1435 2943 1602 3014 λόγῳ,
1633 2940 1753 2996 ἀλλ’

156 3048 185 3100 ὁ
210 3047 309 3116 μὲν
336 3043 554 3115 ἀληθὴς
602 3041 734 3113 περὶ
761 3038 967 3093 τούτων
996 3037 1154 3105 λόγος
1182 3037 1240 3089 ὲν
1267 3037 1380 3099 τοῖς
1417 3034 1758 3106 ἀποκρύφοις

160 3141 357 3210 σοφίας
393 3137 509 3207 (61)
538 3135 836 3207 θησαυροῖς
889 3132 1263 3203 τεταμίευται,
1297 3130 1417 3184 τότε
1449 3130 1529 3194 εἰς
1550 3130 1613 3184 τὸ
1653 3131 1756 3200 εμ-

157 3229 324 3297 (pave;
350 3226 524 3298 ῆξων,
546 3226 679 3278 ὅταν
695 3224 840 3295 ἔργῳ
853 3223 915 3276 τὸ
936 3222 1036 3291 τῆς
1058 3220 1407 3284 ἀναστάσεως
1423 3218 1761 3291 διδαχοῶμεν

162 3320 489 3394 μυστήριον,
524 3318 614 3372 ὅτε
644 3316 826 3370 οὐκέτι
850 3315 1033 3386 δεήσει
1058 3316 1125 3386 ρη
1135 3312 1478 3383 μάτων-ἡμῖν
1495 3312 1632 3385 πρὸς
1653 3313 1756 3385 τὴν

156 3410 538 3482 ἐλπιζομένων
566 3408 683 3478 (6‘2)
710 3407 1036 3479 φανέρωσιν.
1098 3404 1239 3458 Ἀλλ’
1273 3404 1463 3477 ὥσπερ
1512 3406 1570 3459 ἐν
1603 3405 1759 3458 νυκτ)¹

158 3504 378 3557 πολλῶν
433 3501 771 3572 κινουμένων
822 3500 937 3562 τοῖς
976 3496 1367 3569 διαγρυπνοῦσι
1420 3495 1601 3565 λόγοις
1641 3496 1754 3567 (63)

159 3595 285 3665 περ).
345 3592 451 3662 τῆς
506 3591 602 3644 τοῦ
649 3589 802 3661 ἡλίου
858 3587 1218 3660 λαμπηδόνος,
1256 3587 1343 3640 οἵα
1378 3587 1547 3650 ἐστὶν,
1581 3587 1757 3658 ἀργὴν

160 3689 305 3740 ποιεῖ
324 3685 431 3756 τὴν
453 3683 552 3737 τοῦ
577 3683 739 3753 λόγου
758 3682 1089 3752 ὑπογραφὴν
1113 3681 1452 3751 προφανεῖσα
1472 3678 1633 3750 μόνον
1656 3680 1758 3752 τῆς

159 3781 383 3845 ἀκτῖνος
409 3782 444 3850 ἡ
478 3778 662 3850 χάρις,
704 3777 847 3831 οὕτω
883 3776 1060 3831 πάντα
1096 3774 1353 3845 λογισμὸν
1391 3773 1760 3845 στοχαστικῶς

160 3875 260 3945 τῆς
294 3871 610 3945 μελλούσης
631 3869 1017 3932 καταστάσεως
1036 3867 1436 3941 ἐφαπτόμενον,
1465 3866 1583 3922 ἀντ’
1614 3865 1765 3919 οὐδε-

162 3965 252 4029 νὸς
272 3964 680 4028 ὑποδείκνυσιν,
715 3961 803 4015 ὅτε
844 3960 955 4031 (64)
981 3958 1205 4030 γένηται
1245 3960 1377 4030 ἡμῖν
1418 3959 1475 4011 ὲν
1502 3960 1569 4029 τῇ
1600 3956 1766 4028 πείρᾳ

162 4056 224 4110 τὺ
250 4054 735 4128 προσδοκώμενον.
770 4052 985 4124 Ἐπειδὴ
1014 4051 1124 4122 (65)
1158 4052 1215 4105 δὲ
1253 4051 1359 4123 χρὴ
1388 4049 1500 4120 (66)
1536 4049 1611 4121 μὴ
1632 4065 1768 4102 παν-

164 4148 408 4202 τάπασιν
471 4143 861 4212 ἀνεξετάστους
916 4140 1029 4212 (67)
1075 4140 1300 4225 ὲαθῆναι
1344 4138 1444 4204 τὰς
1512 4138 1769 4192 ἀντυπεν-

164 4237 424 4309 εχθείσας
456 4235 594 4305 ἡμῖν
622 4232 923 4295 ἐνστάσεις,
960 4229 1159 4284 οὑτωσὶ
1178 4228 1269 4282 τὸν
1287 4227 1417 4300 περὶ
1449 4226 1653 4280 τούτων
1679 4225 1767 4278 λό·

162 4345 259 4398 γον
278 4324 661 4397 διαληψόμεθα
693 4322 828 4396 (68).
849 4322 1059 4392 Νοῆσαι
1090 4319 1199 4392 χρὴ
1236 4318 1454 4391 πρῶτον
1481 4318 1607 4382 τῖςὸ
1637 4335 1766 4371 σκο-

163 4419 266 4486 sub;
296 4420 395 4474 τοῦ
423 4417 571 4483 κατά
599 4418 700 4489 τὴν
733 4416 1029 4472 ἀνάστασιν
1072 4413 1360 4484 δόγματος,
1382 4411 1476 4467 κα).
1498 4408 1608 4483 (69)
1641 4409 1764 4464 ὅτου

165 4512 329 4585 χάριν
359 4513 458 4566 καὶ
484 4510 703 4582 εἴρηται
739 4508 898 4562 τοῦτο
930 4505 1084 4577 παρά
1114 4508 1214 4577 τῆς
1244 4503 1405 4573 ἁγίας
1434 4502 1620 4579 φωνῆς
1647 4501 1762 4573 (70)

1855 2225 2030 2297 inquit
2077 2227 2361 2297 magistra.
2406 2242 2503 2298 per
2545 2241 2669 2282 eam
2701 2231 2900 2289 artem,
2936 2236 3059 2294 quae
3083 2221 3326 2277 oratoria
3350 2218 3437 2274 di-

1853 2317 2018 2384 citur,
2070 2318 2397 2375 sententiam
2449 2326 2612 2389 atque
2662 2317 2967 2374 doctrinam
3012 2313 3439 2372 resurrectionis

1854 2425 2148 2481 aggressus
2202 2419 2365 2483 atque
2417 2411 2646 2467 adortus
2693 2424 2775 2475 es,
2831 2406 3298 2479 probabiliterque
3347 2419 3439 2460 re-

1854 2498 2129 2556 futatoriis
2161 2501 2343 2557 verbis
2393 2510 2448 2557 et
2477 2501 2819 2574 argumentis
2852 2498 3100 2569 undique
3151 2496 3439 2551 veritatem

1854 2591 2249 2647 circumeumlo
2288 2594 2537 2656 tentasti,
2584 2601 2640 2646 ut
2690 2607 2798 2647 non
2846 2590 3046 2643 mirum
3088 2587 3271 2652 fuerit,
3314 2586 3361 2642 si
3404 2584 3440 2640 ii

1854 2682 1947 2753 qui
1982 2698 2092 2738 non
2122 2684 2417 2739 admodum
2463 2684 2709 2739 veritatis
2753 2681 3073 2753 mysterium
3123 2677 3435 2734 considera-

1856 2781 1972 2829 tum
2000 2782 2169 2846 atque
2200 2784 2551 2847 perspectum
2594 2773 2907 2837 habuerint,
2938 2772 3123 2841 aliquo
3155 2770 3318 2826 modo
3347 2784 3444 2838 per

1854 2867 1962 2923 ista
2005 2867 2170 2923 verba
2223 2875 2390 2937 atque
2446 2872 2766 2937 argumenta
2817 2879 2919 2935 pro
2968 2877 3159 2917 eorum
3190 2860 3444 2932 probabi-

1856 2955 2010 3011 litate
2040 2965 2206 3026 atque
2235 2954 2717 3011 verisimilitudine
2748 2962 3217 3018 commoveantur,
3248 2967 3312 3008 ac
3341 2967 3443 3022 pu-

1858 3054 1973 3102 tent
2014 3063 2124 3103 non
2153 3046 2391 3103 absurde
2426 3062 2604 3117 neque
2639 3046 2739 3102 ahs
2762 3060 2821 3100 re
2849 3045 2937 3112 iis,
2963 3059 3084 3115 quae
3112 3043 3257 3099 dicta
3289 3051 3441 3109 sunt,

1858 3134 2140 3191 inductam
2168 3152 2290 3194 esse
2312 3136 2730 3192 dubitationem.
2764 3133 2986 3191 Veritas
3010 3141 3217 3198 autem,
3244 3133 3438 3203 inquit,

1859 3241 1968 3281 non
2000 3228 2074 3281 ita
2104 3242 2225 3283 sese
2263 3226 2449 3294 habet,
2498 3225 2715 3282 etiamsi
2747 3232 2944 3280 contra
2996 3240 3107 3279 non
3168 3224 3445 3295 possimus

1861 3330 1891 3370 a
1950 3316 2226 3372 similibus
2285 3316 2631 3386 argumentis
2701 3313 2884 3369 oliieio
2935 3315 3175 3371 oratoris
3233 3313 3289 3368 in
3344 3313 3445 3368 hac

1859 3406 2258 3477 disceptatione
2287 3405 2464 3478 fungi,
2518 3405 2614 3462 sed
2647 3420 2775 3461 vera
2821 3405 3043 3475 quidem
3085 3406 3223 3460 ratio
3251 3404 3445 3459 harum

1862 3512 2045 3551 rerum
2093 3497 2146 3550 in
2191 3495 2393 3551 abditis
2431 3502 2487 3550 et
2516 3495 2745 3550 occultis
2798 3495 3125 3564 arcanisque
3167 3493 3447 3563 sapientia:

1862 3587 2141 3647 thesauris
2187 3586 2470 3642 recondita
2518 3593 2903 3649 conservatur,
2955 3594 3088 3638 tunc
3138 3585 3194 3638 in
3250 3599 3437 3654 propa-

1864 3682 2038 3735 tulum
2081 3687 2135 3735 et
2165 3686 2413 3752 apertum
2446 3685 2700 3745 ventura,
2731 3692 2855 3733 cum
2878 3676 3060 3746 reipsa
3089 3675 3449 3732 didicerimus

1865 3772 2188 3846 mysterium
2233 3770 2675 3833 resurrectionis,
2731 3784 2854 3824 cum
2901 3768 3085 3823 verbis
3129 3768 3288 3823 nobis
3336 3783 3451 3825 nou.

1861 3866 2098 3936 amplius
2138 3880 2278 3934 opus
2325 3863 2512 3928 fuerit,
2568 3861 2635 3939 ad
2685 3878 2877 3918 carum
2918 3877 3101 3918 rerum
3159 3876 3279 3932 qua:
3318 3877 3443 3931 spc-

1863 3966 2057 4017 rantur
2079 3955 2601 4011 manifestationem.
2632 3954 2737 4011 Sed
2761 3953 3221 4025 quemadmodum
3246 3955 3444 4010 multas

1862 4047 2200 4118 quaestiones
2245 4046 2321 4102 de
2373 4046 2664 4117 splendore
2694 4047 2851 4112 solis,
2883 4046 3065 4116 qualis
3122 4046 3170 4102 is
3197 4046 3286 4113 sit,
3323 4063 3444 4102 mo-

1864 4140 2122 4196 ventibus
2150 4139 2218 4195 iis
2242 4139 2335 4209 qui
2370 4146 2585 4197 noctem
2615 4139 2931 4210 pervigilem
2961 4139 3272 4206 traducunt,
3306 4140 3459 4198 radit

1866 4231 2033 4288 decor
2066 4231 2256 4302 procul
2278 4232 2547 4286 duntaxat
2578 4246 2847 4303 apparens
2878 4230 3200 4297 frustratur,
3228 4246 3451 4285 vanamq

1864 4338 1973 4392 quc
2008 4331 2062 4378 et
2116 4321 2351 4379 otiosam
2397 4330 2561 4394 atque
2614 4324 2860 4380 inutilem
2906 4322 3070 4379 eliicit
3111 4322 3459 4394 propositam,

1866 4413 2292 4484 disputationem
2328 4432 2341 4469 :
2371 4415 2563 4470 eodem
2599 4416 2761 4470 modo
2791 4416 2971 4472 onmis
3001 4415 3144 4470 ratio
3175 4429 3273 4485 per
3314 4429 3447 4477 con,-

1865 4505 2113 4576 jccturas
2146 4506 2393 4562 futurum
2421 4513 2625 4563 statum
2655 4508 2956 4579 attingens,
2987 4523 3088 4578 pro
3122 4508 3295 4563 nihilo
3323 4522 3461 4563 esse.

162 4607 262 4659 καὶ
314 4604 705 4658 πεπίστευται.
755 4599 986 4664 Οὐκοῦν,
1044 4598 1120 4662 ὡς
1166 4597 1232 4652 ἀν
1273 4613 1358 4661 τις
1411 4596 1523 4667 ὅρῳ
1560 4593 1672 4649 τινὶ
1701 4594 1751 4648 τὲ

1868 4599 2216 4665 ostendetur,
2253 4614 2379 4655 eum
2410 4600 2592 4670 reipsa
2621 4601 2830 4672 experti
2884 4598 3177 4666 fuerimus,
3212 4598 3266 4654 id
3288 4598 3448 4669 .quod

165 4693 414 4751 τοιοῦτον
460 4694 579 4766 (Ἡ)
624 4690 938 4765 περιλαϐὼν
972 4688 1366 4762 ὑπογράψειεν,
1391 4688 1564 4753 οὕτως
1606 4686 1763 4761 ἐροῦ-

259 4874 379 4945 (48)
414 4876 485 4930 Et
515 4874 652 4945 μέν.
702 4873 746 4927 Α
773 4873 822 4926 εἰ
872 4873 971 4942 μὲν

344 4946 501 5000 οὐδὲν
539 4943 648 5000 τῶν
682 4942 822 5015 πρὸς
851 4942 951 5015 τὴν
983 4942 1014 5007 ζ

1017 4872 1090 4943 μὴ
1120 4868 1369 4943 εῐηίίπερῖ
1398 4867 1462 4943 τὸ
1500 4866 1758 4943 witness

1017 4890 1056 4943 μ
1120 4872 1207 4941 εἴη
1239 4872 1369 4939 περ).
1398 4872 1462 4922 τὸ
1500 4872 1662 4938 σῶμα
1688 4872 1758 4922 τὰ

1016 4872 1150 5014 ωἏν.
1212 4942 1255 4993 Β
1282 4942 1333 4995 εὶ
1366 4938 1466 5008 μὲν
1503 4938 1578 5010 μὴ
1606 4937 1759 4994 οὐδὲν

246 5086 366 5155 (49)
401 5085 585 5156 Μηδέ.
624 5086 663 5139 Α
702 5084 888 5156 μηδὲν.

245 5152 368 5223 (56)
400 5158 460 5211 Τί
482 5152 627 5213 τῶν.
660 5152 728 5208 Τί
754 5152 899 5209 delet
929 5152 989 5206 B.

243 5221 368 5293 (51)
406 5226 599 5296 Ἡμῖν.
633 5224 682 5280 Α
716 5224 771 5296 ip
804 5221 1245 5296 marginedpdiv.

276 5296 366 5366 52)
399 5293 632 5352 υῦκέτι.
658 5297 707 5349 A
730 5293 777 5366 Β
808 5294 909 5348 οὐκ
942 5294 1017 5366 ἐπ’
1051 5294 1116 5348 άν
1142 5309 1248 5357 τις.

279 5363 369 5435 55)
411 5368 663 5435 Ἐκείνῃ.
710 5365 755 5418 Α
780 5366 839 5418 ἐν
857 5363 1065 5434 ἐκείνῃ.

252 5434 370 5507 (54)
412 5438 720 5507 Ἐναργός.
761 5436 806 5507 ᾼ
830 5434 1072 5507 ἐνεργός.

255 5503 372 5575 (55)
417 5503 731 5575 ’Λνόνὶιτιι
774 5504 818 5559 Α
849 5503 1083 5574 ἀνῦνητα
1110 5503 1163 5575 ὅ..

399 5574 627 5645 Ὅπως.
666 5576 794 5649 Apin
817 5576 1070 5649 margine
1095 5574 1192 5649 ὡς.

260 5643 372 5716 (57)
402 5643 785 5716 Κατεεὲεχείρ.
817 5644 857 5697 Β
889 5643 1368 5716 κατενεχεξρησας.

259 5713 373 5785 (58)
408 5721 521 5775 ’Λν
545 5713 693 5785 aut}.
726 5713 776 5770 ’Δ
804 5716 842 5769 Β
865 5716 928 5771 ἄν
957 5733 1009 5770 τι
1032 5713 1191 5770 κατά.

1867 4697 2239 4762 exspectatur.
2282 4690 2555 4757 Quoniam
2610 4699 2791 4747 autem
2833 4707 2911 4752 ex
2948 4691 3189 4748 adverso.
3231 4689 3447 4760 objecta

1962 4868 2051 4938 59)
2089 4869 2395 4939 Ἐπῆχθαι.
2432 4870 2474 4922 Α
2510 4870 2837 4939 ἐπαχθῆναι.

1963 4939 2056 5014 66)
2103 4942 2543 5014 Ἕξπτιιπτόρησίνιζ
2632 4939 2920 5014 άτεόρησιν.

1938 5009 2052 5080 (61)
2083 5011 2198 5080 Τῆς
2226 5011 2467 5080 σοφίας.
2515 5009 2666 5065 Delet
2695 5009 2756 5067 Β.

1961 5028 2052 5155 ’ἐὲί
2086 5028 2479 5155 ε”ἐῗισέῗὲἕιῗῗὺ
2495 5028 2891 5155 ὲὲςῗόθὲλέῗὶςομ.

1963 5150 2052 5219 65)
2080 5152 2310 5220 Λόγοις.
2336 5150 2391 5205 Λ
2428 5150 2468 5205 Β
2495 5151 2685 5220 λόγων.

1936 5220 2053 5288 (64)
2091 5220 2555 5287 Ὑποδείκνυσιν
2577 5221 2695 5275 ὅτε.
2720 5223 2765 5277 Α
2787 5222 2847 5277 Β.
2871 5223 3249 5278 ἀποδείκνυσιν
3293 5222 3444 5281 ὅταν.

1944 5292 2057 5359 (65)
2103 5290 2356 5358 Ἐπειδὴ.
2386 5292 2429 5344 Δ
2460 5291 2601 5345 ἐπεὶ.

1945 5360 2059 5431 (66)
2088 5362 2162 5415 Δὲ
2186 5360 2325 5431 χρή.
2372 5360 2523 5417 Delct
2554 5361 2612 5416 Β.

1943 5429 2056 5502 (67)
2090 5429 2577 5502 Ἀκεξετιὶστους.
2607 5432 2646 5502 Δ
2673 5431 3061 5502 ἀνεξετάστως.

1944 5501 2055 5574 (68)
2080 5503 2520 5574 Διαληψόμερα.
2556 5501 2599 5554 Α
2622 5501 3027 5574 διαληψὼμεθα.

1950 5571 2063 5641 (eo)
2090 5574 2221 5627 Καί.
2252 5571 2402 5628 Delet
2428 5572 2487 5628 Β.

1948 5642 2058 5718 (29)
2084 5641 2313 5718 σίωνῆς·
2361 5642 2404 5696 Α
2436 5643 2490 5718 in
2523 5643 3029 5718 memineram-
3066 5644 3113 5718 Β
3139 5644 3257 5700 delc

1950 5713 2062 5784 (7t)
2104 5713 2395 5769 Τοιοῦτον.
2428 5712 2472 5767 Α
2500 5712 2726 5770 τοιοῦτο.
2763 5713 2804 5769 B
2834 5712 3189 5785 τῷτοιούτῳ..
