3950 6132
203 286 303 341 N9

1270 276 1359 333 DE
1395 271 1614 332 ANIMA
1654 272 1745 331 ET
1774 255 2383 332 RESURRECTIONE.

3372 268 3473 327 £50

198 389 441 461 ποίησις,
488 390 522 461 ἡ
575 394 701 445 κατ’
743 393 924 463 ὀλίγον
973 395 1069 449 ἐπὶ
1110 395 1172 450 τὸ
1207 396 1410 450 τέλειον
1466 395 1715 463 αὔξησις,
1757 396 1789 466 ἡ

1894 403 2077 451 autem
2122 395 2377 459 audiens,
2420 394 2646 465 figuram
2693 407 2755 448 ac
2807 392 3052 447 habitum
3105 390 3318 446 ratione
3376 408 3471 446 ca-

197 481 376 552 ἀκμὴ,
420 480 484 534 τὸ
540 484 744 554 γῆρας,
788 487 822 555 ἡ
867 485 1042 550 νόσος,
1077 488 1108 541 ὁ
1155 486 1384 551 θάνατος
1413 486 1547 558 (97).
1596 487 1660 540 Et
1700 481 1793 540 οὖν

197 569 376 624 ἐκεῖνο
398 572 534 644 περ)⁸
559 575 709 644 ἡμᾶς
736 576 839 630 οὐκ
880 577 1053 639 ἔσται,
1085 578 1204 643 πῶς
1237 581 1369 650 ἡμῖν
1399 579 1469 633 τά
1492 579 1551 646 ἐξ
1581 578 1792 632 ἐκείνου

199 659 667 735 ὑπολειφθήσεταί
715 668 875 739 (98);
932 670 1093 723 Ὥστε
1148 670 1377 741 μάταιον
1427 670 1594 740 ἄλλης
1648 669 1792 735 τινὸς

197 753 593 818 καταστάσεως
616 756 759 813 κατά
778 757 880 829 τὴν
911 758 1208 829 μέλλουσαν
1234 762 1378 833 ζωὴν
1401 760 1787 831 ἐλπιζομένης,

199 839 286 892 διὰ
314 841 431 896 τῶν
461 844 629 914 μηδὲν
670 847 808 919 αὐτῇ
860 852 1258 905 κοινωνούντων
1305 851 1618 906 ἐνίστασθαι
1653 854 1791 924 πρὸς

116 994 127 1007 ο
201 928 263 983 τὸ
283 930 467 1001 δόγμα
490 934 593 1004 τῆς
621 937 995 1004 ἀναστάσεως.

1890 487 2065 541 rentis
2113 493 2346 548 naturae,
2399 498 2508 554 quo
2563 497 2689 538 cum
2734 481 3026 537 aﬂcetione
3074 495 3140 535 ac
3183 480 3318 535 Vitio
3348 494 3477 535 con-

1883 576 2063 648 juncti
2107 584 2272 649 alque
2306 576 2619 632 consociati
2668 573 2993 630 circumdati
3052 573 3282 640 fuimus,
3338 573 3474 628 mihi

1888 668 2078 725 videor
2134 668 2491 740 intelligere),
2540 666 2705 722 etiam
2757 666 2965 727 omnia,
3020 679 3364 735 quaecunque
3409 664 3477 719 de

1888 758 2120 815 rationis
2159 765 2385 829 experte
2430 756 2573 827 pelle
2608 757 2756 811 circa
2805 769 2908 810 nos
2950 763 3127 820 erant,
3193 768 3303 808 una
3344 768 3473 807 cum

1895 850 2154 906 exutione
2200 849 2400 905 tunicae
2443 847 2607 904 simul
2650 857 2941 903 eruentur.
2973 844 3114 899 Sunt
3140 852 3323 901 autem
3357 844 3473 898 haec

1896 954 1963 996 ea
2003 956 2127 1012 qua:
2172 938 2511 1011 sumpsimus
2535 951 2567 992 a
2605 937 2746 1009 pelle
2766 935 2998 991 rationis
3017 940 3260 1005 experte,
3290 933 3474 988 mistio

201 1031 520 1088 “morum,
586 1028 897 1093 conceptio,
965 1036 1176 1100 partus,
1232 1031 1448 1097 sordes,
1513 1043 1775 1096 mamma,
1838 1029 2029 1098 cibus,
2108 1030 2355 1103 egestio,
2421 1027 2571 1100 quod
2606 1026 2890 1098 paulatim
2944 1025 3038 1088 fit,
3108 1023 3175 1079 ad
3234 1024 3472 1079 adultam

202 1115 366 1180 atque
427 1113 731 1184 perfectam
779 1127 1019 1176 .atatem
1076 1123 1499 1189 incrementum,
1559 1135 1811 1180 summus
1873 1121 2030 1191 vigor
2081 1121 2280 1187 aetatis,
2335 1127 2617 1184 senectus,
2670 1118 2917 1183 morbus,
2974 1129 3149 1197 mors.
3197 1113 3256 1170 Si
3308 1114 3476 1185 Igitur

200 1200 361 1269 pellis
399 1203 497 1260 illa
534 1204 684 1262 circa
725 1223 828 1265 nos
873 1224 987 1265 non
1023 1211 1151 1278 erit,
1215 1212 1493 1285 quomodo
1524 1213 1583 1269 in
1630 1211 1811 1279 nobis,
1856 1226 1980 1283 quae
2001 1226 2066 1267 ex
2101 1211 2194 1266 illa
2222 1211 2577 1276 exstiterunt,
2626 1206 3051 1280 relinquentur?
3109 1204 3317 1277 Itaque,
3349 1220 3475 1261 cum
3531 1202 3539 1209 ”

204 1291 345 1350 alius
376 1294 603 1365 quidem
656 1300 942 1365 statusin
1013 1300 1201 1358 futura
1271 1303 1386 1359 vita
1433 1310 1711 1374 speretur,
1774 1301 1824 1357 si
1887 1302 2012 1371 quis
2054 1316 2152 1372 per
2195 1315 2262 1356 ea
2320 1315 2442 1371 quae
2488 1299 2624 1355 nihil
2679 1314 2808 1354 cum
2872 1298 2965 1353 illa
3018 1296 3132 1355 vita
3183 1288 3477 1352 commune

200 1379 427 1450 habent,
477 1395 671 1443 contra
712 1387 1020 1445 doctrinam
1063 1393 1487 1450 resurrectionis
1555 1393 1786 1456 nitetur,
1837 1388 2044 1446 frustra
2089 1399 2144 1446 et
2190 1391 2247 1446 in
2285 1406 2488 1445 vanum
2538 1390 2833 1446 laborabit.

269 1475 340 1529 Τί
370 1477 483 1547 τάρ
511 1479 691 1533 κοινὸν
717 1479 832 1551 εχει
857 1484 891 1554 ἡ
923 1484 1174 1557 ρικνότης
1194 1485 1307 1558 (99)
1329 1487 1423 1541 καὶ
1450 1488 1789 1561 πολυσαρκία

1962 1483 2107 1550 Quid
2167 1485 2315 1540 enim
2362 1485 2674 1540 incurvatio
2726 1492 2785 1540 et
2840 1485 3207 1557 corpulentia,
3272 1488 3478 1543 macies

204 1569 297 1623 καὶ
322 1572 592 1641 τηκεδὼν,
622 1576 718 1629 καὶ
742 1576 1024 1649 πληθώρα.
1058 1581 1154 1635 καὶ
1181 1578 1238 1633 et
1256 1598 1311 1635 τι
1335 1581 1463 1636 ἀλλο
1486 1585 1554 1655 τῇ
1588 1585 1789 1655 ῥευστῇ

202 1658 364 1731 φύσει
401 1662 515 1718 τῶν
558 1667 828 1737 σωμάτων
870 1668 1256 1741 ὲπισυμσαίνει
1306 1673 1445 1744 πρὸς
1488 1674 1591 1744 τὴν
1645 1670 1794 1745 ζωὴν

202 1754 442 1826 ἐκείνην,
472 1756 507 1827 ἢ
533 1757 635 1828 τῆς
662 1757 742 1829 (1)
773 1759 1007 1831 ροὠδους
1029 1780 1091 1817 τε
1120 1764 1216 1821 καὶ
1238 1766 1539 1838 παροδικῆς
1556 1766 1652 1820 τοῦ
1673 1768 1791 1839 βίου

202 1847 483 1919 διαγωγῆς
508 1850 903 1924 ὴλλοτρίωταις
956 1854 1056 1909 Ἐν
1099 1857 1255 1929 ζητεῖ
1280 1859 1441 1930 μόνον
1464 1862 1494 1914 ὁ
1521 1860 1622 1931 τῆς
1656 1861 1792 1915 ἀνα⁶

204 1939 451 2004 στάσεως
488 1941 709 2011 λόγος,.
727 1944 790 1999 τὸ
818 1949 1019 2018 φυῆναι
1059 1949 1149 2003 διὰ
1174 1951 1443 2020 γενέσεως
1471 1952 1563 2024 (⁸2)
1581 1953 1791 2025 ἄνθρω-

201 2049 302 2086 πον
322 2050 338 2065 ο
375 2034 582 2104 μᾶλλον
613 2035 693 2102 δὲ,
727 2039 822 2092 καὶ
855 2038 1038 2105 καθώς
1067 2041 1146 2112 (3)
1177 2060 1313 2114 φησι
1338 2043 1401 2097 τὸ
1439 2045 1788 2114 Εὐαγγέλιον,

199 2125 250 2178 el
278 2125 517 2197 ἐγενήθη
548 2127 628 2198 (ι)
675 2127 961 2201 ἄνθρωπος
1006 2132 1088 2196 είς
1115 2132 1207 2186 τὸν
1244 2133 1469 2204 κόσμον,
1508 2135 1569 2189 τὸ
1597 2135 1655 2189 δὲ
1683 2153 1792 2208 μα-

199 2216 420 2287 κρόόιον
439 2218 474 2291 ἦ
492 2218 802 2292 ὠκύμορον,
829 2221 864 2292 ἢ
893 2222 985 2276 τὸν
1007 2223 1103 2278 τοῦ
1129 2224 1361 2281 θανάτου
1388 2227 1587 2299 τρόπον
1607 2229 1797 2284 τοιῶσ-

196 2306 256 2360 δε
286 2306 368 2378 (5)
396 2307 433 2379 ἢ
468 2307 675 2380 ἑτέρως
708 2310 1131 2384 συμϐεσηκέναι,
1166 2315 1397 2385 μάταιον
1427 2316 1506 2388 τῷ
1536 2318 1636 2389 τῆς
1666 2319 1793 2374 ἀνα-

200 2398 449 2463 στάσεως
495 2399 641 2472 λόγῳ
688 2402 1080 2468 συνεξετάζειν.
1134 2405 1323 2470 Ὅπως
1367 2407 1476 2481 γὰρ
1522 2408 1590 2464 ἀν
1631 2409 1792 2464 τοῦτο

197 2487 378 2559 δῶμεν
403 2488 529 2543 καθ’
551 2490 808 2546 ὑπόθεσιν
826 2491 991 2563 ἔχειν,
1013 2495 1073 2547 ὲν
1092 2496 1169 2565 τῷ
1188 2494 1360 2568 ὁμοίῳ
1383 2499 1600 2563 πάντως
1618 2500 1789 2565 ἐστὶν,

198 2576 322 2632 οὕτε
348 2579 668 2646 δυσκολίας,
710 2581 834 2635 οὔτε
860 2581 939 2653 (6)
970 2584 1252 2657 ῥᾳστώνης
1283 2588 1350 2640 ὲκ
1389 2588 1489 2659 τῆς
1536 2590 1790 2661 τοιαύτης

192 2672 464 2743 διαφορᾶς
510 2675 645 2744 περὶ
695 2672 795 2745 τὴν
822 2674 1119 2731 ἀνάστασιν
1166 2677 1352 2751 οὔσης.
1399 2680 1505 2735 Τὸν
1539 2681 1650 2753 γάρ
1691 2682 1788 2737 τοῦ

199 2762 296 2832 ζῇν
326 2762 664 2834 ἀρξάμενον,
697 2766 861 2835 ζῆσαι
911 2769 1018 2840 χρὴ
1049 2768 1289 2837 πάντως,
1314 2770 1415 2843 τῆς
1440 2774 1502 2827 ἐν
1529 2771 1608 2845 τῷ
1637 2774 1788 2846 μέσῳ

199 2853 283 2907 διά
315 2852 414 2907 τοῦ
459 2853 696 2907 θανάτου
750 2856 1036 2929 συμϐάσης
1084 2859 1235 2931 αὑτῷ
1278 2860 1573 2927 διαλύσεως
1618 2865 1677 2918 ἐν
1718 2867 1786 2936 τῇ

200 2947 497 3001 ἀναστάσει
518 2946 927 3019 διορθωθιίσης.
964 2950 1039 3004 Τὸ
1064 2951 1123 3005 δὲ
1169 2952 1287 3016 πῶς
1315 2953 1348 3024 ἢ
1378 2954 1511 3008 πότε
1539 2956 1573 3027 ἡ
1603 2955 1788 3011 διάλυ·

202 3055 282 3101 σις
324 3038 563 3107 γίνεται,
606 3039 661 3092 τί
709 3039 870 3094 τοῦτο
917 3042 1055 3112 πρὸς
1100 3042 1201 3115 τὴν
1243 3044 1585 3112 ἀνάστασινς
1642 3047 1789 3121 Πρὸς

199 3130 383 3201 ἕτερον
405 3129 520 3200 γὰρ
546 3130 751 3184 σκοπόν
784 3130 971 3201 βλέπει
995 3135 1030 3203 ή
1058 3135 1189 3205 περὶ
1212 3133 1402 3189 τούτου
1434 3136 1647 3206 σκέψις,
1677 3132 1789 3193 οἷον

198 3221 317 3275 καθ’
348 3220 548 3290 ἡδονήν
593 3237 680 3284 τις
719 3222 873 3287 ἐσίω,
918 3222 951 3294 ἢ
998 3224 1319 3293 ἀνιώμενος,
1350 3225 1472 3280 κατ’
1521 3227 1721 3299 ἀρετὴν
1750 3230 1784 3300 ἢ

199 3312 419 3379 κακίαν,
447 3312 733 3376 ἐπαινετὸς
760 3313 839 3384 (7)
867 3313 901 3383 ἦ
928 3314 1176 3379 ὑπαίτιος
1206 3314 1305 3386 (8),
1334 3317 1583 3383 ἐλεεινῶς
1614 3319 1647 3391 ἢ
1681 3338 1788 3391 μα-

200 3402 407 3474 καρίως
441 3402 693 3474 παρῆλθε
722 3402 816 3457 τὸν
844 3403 1054 3475 χρόνον.
1100 3405 1289 3460 Ταῦτα
1328 3406 1440 3479 γὰρ
1473 3407 1651 3464 πάντα
1695 3411 1787 3467 καὶ

197 3491 264 3544 τὰ
302 3491 535 3546 τοιαῦτα
577 3493 642 3545 ὲκ
664 3491 762 3545 τοῦ
794 3494 992 3564 μέτρου
1023 3495 1122 3564 τῆς
1154 3492 1303 3565 ζωῆς
1343 3496 1439 3550 καὶ⁵
1468 3499 1534 3551 ὲκ
1575 3496 1670 3551 τοῦ
1708 3497 1788 3551 εῐ-

198 3584 317 3647 δους
351 3583 432 3653 (9)
469 3585 613 3638 κατά
653 3584 746 3637 τὸν
790 3583 903 3641 ϐίον
928 3586 1277 3657 εὑρίσκεται,
1328 3589 1423 3645 καὶ
1468 3588 1611 3643 οὕτω
1648 3589 1787 3661 πρὸς

198 3675 293 3746 τὴν
343 3675 530 3747 κρίσιν
569 3674 682 3729 τῶν
731 3675 1100 3748 βεϐιωμένων,
1151 3678 1447 3748 ἀναγκαῖον
1478 3680 1544 3735 ἂν
1589 3682 1676 3752 εἴη
1707 3683 1787 3754 τῷ

200 3769 357 3838 κριτῇ
404 3765 581 3830 πάθος
612 3768 709 3821 καὶ
742 3766 945 3838 λώϐην,
994 3769 1092 3823 καὶ
1132 3770 1306 3837 νόσον,
1339 3771 1434 3824 καὶ⁹
1462 3771 1664 3844 γῆρας,
1692 3774 1787 3828 καὶ

199 3859 402 3931 ἀκμὴν,
434 3860 531 3913 καὶ
558 3860 811 3931 νεότητα,
841 3861 936 3913 καὶ
965 3858 1213 3928 πλοῦτον,
1240 3862 1334 3917 καὶ
1360 3864 1551 3917 πενίαν
1575 3864 1785 3936 διερευ-

1892 1585 1947 1633 et
1985 1576 2161 1640 tabes,
2188 1584 2243 1633 et
2267 1577 2602 1633 abundantia
2640 1577 2953 1644 humorum,
2993 1592 3059 1632 ac
3087 1578 3134 1634 si
3164 1577 3299 1649 quid
3323 1580 3473 1634 aliud

1892 1667 2052 1725 fluxa:
2083 1666 2378 1740 corporum
2434 1669 2638 1725 accidit
2691 1677 2924 1733 natura,
2966 1683 3260 1725 commune
3315 1671 3478 1728 liabet

1891 1776 2015 1817 cum
2052 1761 2142 1816 illa
2199 1763 2309 1817 vita
2363 1777 2484 1831 quae
2538 1776 2569 1816 a
2617 1761 2776 1817 fluxae
2814 1761 3021 1832 pariter
3062 1769 3229 1833 atque
3271 1765 3477 1820 transi-

1891 1850 2050 1905 toriae
2091 1849 2215 1905 vita:
2283 1850 2497 1906 ratione
2548 1850 2728 1906 aliena
2786 1851 2917 1907 est?
2973 1849 3156 1906 Unum
3211 1852 3477 1909 duntaxat

1892 1940 2034 1996 ratio
2080 1941 2505 1997 resurrectionis
2559 1941 2782 2011 qumrit,
2830 1949 2892 1995 ut
2950 1941 3258 2013 productus
3310 1944 3475 1998 homo

1891 2029 2147 2087 videlicet
2184 2046 2281 2102 per
2327 2030 2671 2087 nativitatem
2717 2031 2790 2088 sit
2826 2051 2838 2085 :
2871 2030 2982 2088 imo
3015 2047 3166 2099 vero,
3201 2040 3263 2088 ut
3299 2034 3477 2104 inquit

1892 2123 2275 2193 Evangelium,
2316 2129 2379 2179 ut
2429 2124 2593 2179 homo
2642 2131 2807 2181 natus
2858 2125 2931 2181 sit
2970 2124 3025 2178 in
3070 2124 3299 2191 mundo,
3356 2126 3475 2182 lon—

1889 2214 2254 2286 ginquitatcm
2290 2222 2473 2271 autem
2511 2217 2659 2281 vitae,
2711 2223 2807 2271 aut
2844 2217 3040 2273 mortis
3076 2233 3140 2272 ac
3186 2218 3281 2272 fati
3331 2219 3476 2274 cele-

1891 2291 2132 2372 ritatem,
2179 2314 2273 2363 aut
2327 2308 2550 2363 modum
2596 2307 2795 2365 mortis
2841 2323 2910 2363 an
2953 2309 3139 2364 taliter
3190 2309 3276 2363 vel
3317 2310 3475 2364 aliter

1888 2398 2207 2471 contigerit,
2255 2414 2365 2454 una
2402 2413 2529 2455 cum
2577 2400 2794 2456 ratione
2827 2399 3258 2457 resurrectionis
3282 2404 3474 2472 quui-
3568 2408 3576 2416 '

1889 2505 2035 2557 rere,
2068 2506 2272 2547 vanum
2315 2500 2370 2548 et
2414 2498 2658 2562 Ineptum
2702 2499 2809 2556 est,
2846 2507 2911 2547 ac
2949 2491 3086 2546 nihil
3132 2493 3370 2561 pertinet
3405 2493 3479 2546 ad

1889 2595 2031 2636 rem.
2078 2580 2216 2636 Nam
2256 2582 2756 2653 quomodocunque
2800 2584 2854 2638 id
2886 2597 3009 2640 sese
3035 2583 3265 2653 exempli
3299 2584 3472 2654 gratia

1888 2671 2203 2728 dederimus
2261 2673 2485 2738 habere,
2531 2674 2587 2729 in
2630 2674 2773 2730 idem
2812 2675 3041 2730 omnino
3077 2690 3167 2730 res
3212 2674 3375 2739 redit,
3407 2690 3473 2730 ac

1892 2763 2030 2819 nihil
2059 2763 2250 2829 refert,
2295 2766 2423 2821 cum
2452 2768 2649 2837 "neque
2675 2765 2970 2821 didicultas
3007 2772 3062 2821 et
3108 2766 3472 2821 incommodi-

1892 2867 1998 2921 tas,
2054 2872 2236 2928 neque
2296 2857 2659 2913 commoditas
2720 2866 2885 2928 atque
2955 2857 3193 2913 facilitas
3253 2874 3318 2913 ex
3373 2858 3477 2914 tali

1890 2949 2199 3005 differentia
2227 2949 2376 3005 circa
2416 2951 2881 3007 resurrectionem
2908 2950 3000 3005 sit.
3032 2949 3169 3005 Nam
3211 2966 3336 3006 eum
3376 2948 3470 3023 qui

1888 3042 2075 3097 vivere
2136 3043 2388 3112 cmperit,
2426 3042 2637 3097 ‘vivcre
2689 3056 2920 3113 prorsus
2970 3048 3206 3112 oportet,
3254 3055 3320 3097 ea
3349 3056 3470 3112 qua:

1889 3131 2070 3186 medio
2118 3138 2365 3201 tempore
2414 3147 2512 3203 per
2564 3140 2794 3187 mortem
2829 3130 2877 3185 ci
2907 3130 3202 3202 contigerit
3231 3130 3471 3186 dissolu-

1890 3223 2038 3278 tione
2068 3238 2167 3294 per
2187 3223 2656 3280 resurrectionem
2691 3232 2938 3279 correcta
2968 3231 3134 3292 atque
3157 3221 3466 3277 enieitdata.

1888 3313 2162 3370 Caeterum
2208 3328 2316 3385 qua
2363 3314 2578 3369 ratione
2630 3321 2726 3369 aut
2759 3313 2980 3385 quando
3011 3312 3302 3369 dissolutio
3352 3312 3465 3375 fiat,

1887 3406 2019 3476 quid
2043 3406 2150 3461 hoc
2174 3406 2244 3460 ad
2272 3406 2774 3462 resurrectionem?
2802 3405 2882 3460 Ad
2913 3405 3060 3460 aliud
3093 3404 3235 3460 enim
3266 3418 3467 3474 propo-

1888 3499 2053 3554 situm
2093 3503 2306 3567 spectat
2344 3497 2515 3567 hujus
2546 3496 2624 3551 rei
2662 3497 3052 3561 consideratio,
3082 3495 3235 3550 verbi
3263 3496 3475 3565 gratia,

1887 3590 1943 3645 in
1981 3592 2284 3662 voluptate,
2329 3588 2416 3645 vel
2447 3588 2503 3644 in
2541 3587 2768 3643 tristitia
2821 3595 2986 3656 atque
3034 3587 3222 3642 dolore
3262 3587 3468 3657 aliquis

1887 3679 2048 3749 visit,
2102 3680 2409 3737 secundum
2444 3678 2707 3733 virtutem
2750 3676 2836 3732 vel
2874 3676 3088 3741 vitiose,
3118 3690 3244 3730 cum
3283 3675 3464 3743 laude,

1886 3774 1973 3829 vel
2004 3771 2224 3828 crimini
2266 3769 2565 3836 obnoxius,
2599 3768 3009 3835 miserabiliter,
3043 3769 3125 3824 vel
3150 3769 3306 3825 beate
3328 3778 3466 3825 tem-

1886 3881 1991 3938 pus
2028 3864 2339 3937 transegit.,
2372 3862 2500 3919 Haec
2541 3862 2689 3918 enim
2740 3869 2906 3932 atque
2953 3859 3226 3933 ejusmodi
3277 3861 3466 3917 omnia

199 3950 391 4003 νᾶσθαι
418 3964 434 3979 ⁸
468 3950 617 4014 ὅπως
660 3968 745 4015 τις
787 3951 855 4004 δι’
896 3952 1128 4006 ἑκάστου
1164 3953 1372 4009 τούτων
1403 3956 1714 4027 γενόμενος,
1749 3955 1782 4028 ἢ

1889 3974 1952 4013 ex
1992 3971 2251 4013 mensura
2282 3955 2556 4025 modoque
2588 3962 2754 4025 atque
2789 3970 2852 4009 ex
2888 3969 3086 4024 genere
3120 3959 3241 4008 vitae
3272 3953 3464 4024 depre-

198 4040 255 4096 εὖ
288 4043 322 4114 ἦ
353 4042 547 4107 κακῶς
574 4043 665 4096 τὸν
695 4043 1151 4115 συγκληρωθέντα
1178 4043 1292 4114 βίον
1318 4046 1657 4117 παρέδραμε,
1690 4048 1786 4100 καὶ

1889 4048 2225 4113 henduntur,
2258 4057 2315 4102 et
2345 4054 2614 4116 quantum
2664 4046 2858 4100 attinet
2889 4044 2955 4099 ad
2994 4043 3304 4100 faciendum
3332 4052 3469 4100 acta}

198 4135 363 4205 M10)
388 4134 602 4188 τωλλῶν
624 4136 840 4203 ἐγένετο
857 4135 1102 4200 δεκτικὸς
1122 4136 1361 4205 ἀγαθῶν,
1383 4137 1424 4208 ἢ*
1440 4137 1626 4192 κακῶν
1647 4137 1692 4207 (Ι
1707 4138 1782 4207 1),

1889 4142 2014 4196 vitae
2042 4140 2336 4210 judicium,
2373 4139 2746 4195 necessarium
2784 4138 2957 4208 judici
2992 4135 3180 4201 fuerit,
3209 4137 3277 4193 de
3308 4137 3460 4203 vitio,

199 4226 253 4278 ἐν
280 4225 485 4297 μακρῷ
510 4225 586 4296 τῷ
618 4225 819 4297 χρόνῳ,
847 4226 881 4296 ἢ
908 4226 1029 4280 οὐδὲ
1052 4225 1150 4296 τὴν
1175 4226 1350 4298 ἀρχὴν
1369 4227 1504 4292 ὅλως
1523 4229 1786 4300 ἑκατέρου

1889 4233 1953 4289 de
1984 4231 2200 4301 jactura
2229 4244 2292 4284 ac
2321 4230 2677 4295 detrimento,
2709 4230 2777 4284 dc
2805 4228 3018 4294 morbo,
3060 4229 3126 4283 de
3157 4235 3461 4292 senectute,

198 4315 402 4368 τούτων
436 4312 708 4383 ἐφήψατο,
743 4313 802 4367 ἐν
826 4314 1006 4368 ἀτελεῖ
1029 4317 1098 4386 τῇ
1130 4314 1341 4387 διανοίᾳ
1389 4316 1483 4370 τοῦ
1512 4316 1612 4388 ζῇν
1648 4337 1787 4374 παυ-

1889 4325 1951 4380 de
1998 4326 2177 4380 anatis
2239 4324 2449 4394 vigore,
2511 4322 2580 4379 de
2620 4321 2933 4392 juventutc,
2981 4322 3049 4377 dc
3106 4320 3336 4384 divitiis,
3395 4320 3471 4374 de

198 4410 466 4481 σάμενος;
498 4408 674 4462 Ὅταν
717 4407 775 4461 δὲ
805 4408 944 4479 πρὸς
973 4407 1071 4479 τὴν
1103 4407 1327 4478 πρώτην
1369 4410 1465 4463 τοῦ
1493 4411 1782 4482 ἀνθρώπου

1889 4424 2202 4485 paupertate
2246 4414 2527 4485 inquirere
2569 4422 2737 4484 atque
2783 4413 3057 4470 sciscitari
3096 4431 3109 4468 :
3155 4427 3266 4482 quo
3299 4418 3469 4481 pacto

197 4501 546 4572 κατασκευὴν
575 4496 644 4553 δι’
674 4500 1025 4564 ἀναστάσεως
1052 4501 1083 4553 ὁ
1103 4499 1234 4564 Θεὸς
1266 4502 1515 4573 ἐπανάγῃ
1540 4502 1652 4573 (12)
1684 4503 1783 4574 τὴν

1889 4504 2006 4575 quis
2053 4520 2150 4575 per
2191 4506 2389 4560 horum
2432 4503 2867 4576 unumquodque
2912 4509 3168 4558 versatus
3205 4502 3344 4555 bene
3392 4514 3479 4555 alr.

196 4593 377 4661 φύσιν,
420 4592 596 4663 ἀργὸν
628 4592 740 4662 (15)
776 4591 841 4645 ἂν
887 4591 972 4663 εἴη
1001 4591 1070 4644 τά
1101 4591 1324 4648 τοιαῦτα
1364 4593 1562 4663 λέγειν,
1599 4596 1778 4650 καὶτὸ

1889 4597 2027 4653 male
2063 4597 2206 4661 vitae,
2243 4612 2407 4667 quam
2466 4596 2696 4652 sortitus
2731 4596 2825 4659 sit,
2867 4609 3088 4650 cursum
3137 4591 3457 4652 confecerit.

191 4684 278 4739 δ.ἀ
307 4685 423 4737 τῶν
469 4683 730 4738 τοιούτων
774 4684 1081 4738 ὲνστάσεων
1123 4685 1237 4753 (14)
1286 4685 1495 4740 οἴεσθαι
1535 4688 1634 4759 τὴν
1679 4688 1775 4742 τοῦ

1889 4699 1937 4746 et
1988 4707 2056 4745 an
2108 4692 2406 4744 multorum
2455 4703 2626 4756 capax
2686 4687 2979 4752 bonorum,
3040 4684 3124 4738 vel
3185 4682 3459 4736 malorum

192 4778 324 4831 Θεοῦ
349 4778 589 4849 δύναμιν
610 4778 751 4849 πρὸς
775 4778 865 4831 τὸν
897 4778 1097 4832 σκοπὸν
1124 4779 1530 4849 ἐμποδίζεσθαι.

1889 4783 2068 4847 fuerit,
2097 4793 2338 4852 tempore
2367 4779 2685 4850 longinquo,
2721 4792 2922 4832 annec
2947 4776 3014 4830 ab
3046 4774 3201 4827 initio
3227 4771 3467 4841 quidem-

193 4884 426 4938 prorsus
456 4869 655 4923 horum
683 4879 980 4938 utrumque
1012 4870 1275 4940 attigerit,
1299 4872 1499 4942 quippe
1530 4874 1771 4928 nondum
1838 4881 2020 4930 mente
2054 4882 2220 4942 atque
2254 4870 2473 4941 ingenio
2506 4868 2750 4939 perfecto
2774 4869 2887 4922 vita
2943 4862 3272 4920 defunctus?
3316 4863 3468 4918 Cuia~

194 4970 375 5020 autem
416 4960 489 5017 ad
538 4962 777 5033 primam
811 4962 1224 5019 fabricationem
1249 4973 1307 5021 et
1350 4966 1807 5022 constitutionem
1847 4966 2091 5023 hominis
2142 4979 2240 5035 per
2292 4959 2757 5019 resurrectionem
2848 4957 2991 5014 Deus
3059 4962 3315 5010 naturam
3368 4970 3455 5035 re:

261 5144 377 5222 (9:1)
417 5148 492 5222 ΪΗ
515 5147 680 5216 ἀκμή
703 5178 741 5188 -
765 5144 1091 5222 όθὰνατο-ς.
1109 5221 1112 5222 ν
1131 5148 1282 5222 [Μαι
1318 5153 1375 5209 Β.

1954 5149 2034 5222 (6)
2067 5151 2217 5205 Οὔτε
2241 5180 2265 5191 -
2288 5150 2446 5222 οὔτε.
2471 5150 2513 5203 Α
2540 5150 2669 5222 οὐδὲ
2692 5179 2715 5189 -
2744 5146 2884 5222 οὐδέ.

416 5214 995 5292 ξΥποτιειςρῌήσετᾳιε
1028 5220 1066 5292 Β
1092 5220 1377 5292 ἀπολειφθ.

2071 5220 2445 5292 Ἐπαινετάς.)
2472 5220 2581 5292 ΑΒ
2606 5214 2922 5292 ἐπαινετῶς.

284 5289 376 5360 99)
415 5289 491 5343 Ἦ
528 5288 869 5360 ρικνόῖηςι
889 5289 934 5340 Α
963 5289 1109 5345 (λεια
1136 5290 1188 5360 ἡ·
1300 5287 1312 5292 '
1954 5290 2031 5360 (8)
2068 5290 2390 5356 ’Υπαίτιος.
2422 5291 2467 5343 Δ
2492 5289 2537 5360 ΑΒ
2562 5287 2847 5360 ὑπαιτίως.

287 5356 340 5493 ιζ
358 5355 458 5414 Ἠ
479 5356 610 5427 τῆς.
639 5359 681 5411 Α
713 5357 786 5410 Ἦ
807 5355 906 5427 τῆς
929 5375 1034 5423 τις.
1157 5355 1169 5360 ’
1953 5355 2028 5427 (9)
2058 5361 2294 5426 Εἶδους.
2325 5355 2367 5413 Α
2400 5358 2550 5414 addit
2572 5358 2687 5413 τοῦ.

287 5426 318 5480 Ξ
372 5428 704 5493 Γενέσεως.
727 5427 770 5479 Α
803 5430 1129 5493 γεννήσεως.
1949 5432 2062 5493 (l0)
2086 5431 2195 5486 Kal
2218 5431 2295 5493 ἢν
2316 5434 2360 5485 Α
2393 5430 2489 5485 καὶ
2526 5430 2594 5483 εί.

259 5426 340 5499 (2)
372 5428 704 5494 Γενέσεως.
727 5427 770 5479 Α
803 5430 1129 5499 γεννήσεως.

259 5497 338 5566 (3)
369 5499 479 5552 Καὶ
510 5499 730 5563 καθώς.
764 5495 871 5550 Καί
898 5495 1043 5553 delet
1073 5503 1135 5555 Λ.

253 5569 328 5638 (4)
364 5572 436 5624 El
463 5568 745 5636 ἐγενήθη.
780 5568 821 5638 Α
852 5568 907 5622 in
950 5574 1197 5635 margine
1229 5572 1328 5623 ὅτι.

257 5637 536 5713 (5)-Τοιῶς
561 5638 652 5696 δέ.
702 5640 748 5693 Δ
781 5637 837 5692 itt
862 5641 1111 5710 margine
1151 5641 1199 5693 εἰ
1238 5641 1459 5697 τοιῶσδε
1500 5643 1533 5713 ἢ
1566 5643 1783 5706 ἑτέρως·

191 5708 516 5784 ευμΰέὄηκε.

1949 5432 2062 5498 (10)
2086 5431 2195 5486 Καὶ
2218 5431 2360 5499 ἤ.›Α
2393 5430 2489 5485 καὶ
2526 5430 2594 5483 εί.

1949 5503 1995 5558 Η
2014 5503 2063 5566 l)
2094 5503 2167 5556 ’Ἡ
2190 5498 2411 5555 κακῶν.
2440 5500 2591 5553 Delet
2621 5498 2680 5550 Β.

1948 5572 2060 5634 (1‘2)
2106 5569 2507 5641 ἘπανάγῃηΑ
2546 5569 2598 5621 in
2632 5568 2872 5641 margine
2905 5568 3248 5641 émvavdyn.

1946 5643 2059 5707 (l5)
2100 5642 2326 5708 Ἀργόν.
2367 5642 2404 5693 Β
2435 5640 2615 5710 ἔργον.

1947 5712 2060 5781 (Η)
2103 5709 2498 5765 Ἐνστάσεων.
2528 5710 2569 5761 Β
2600 5709 2935 5767 συστάσεων.
