3950 6132
433 224 534 283 151

1673 231 1731 287 8.
1768 229 2095 293 GREGQRII
2133 230 2176 285 Ν
2184 229 2429 288 YSSEN!

3593 228 3706 293 1εῆ

439 348 677 420 duxerit,
707 352 973 416 otiosum.
1013 368 1216 409 vanum
1248 361 1303 410 et
1337 353 1533 410 inutile
1560 353 1727 410 fuerit
1766 352 1893 410 talia
1924 350 2107 416 dicere
2141 365 2205 406 ac
2236 359 2453 426 putare,
2478 349 2627 422 quod
2708 364 2805 420 per
2877 347 3195 419 huiusmodi
3253 347 3470 419 objecta
3529 362 3697 421 πειιε

438 448 626 503 menta
669 445 913 514 potentia
945 444 1038 500 Dei
1078 461 1108 500 a
1150 460 1253 502 suo
1279 446 1565 516 proposito
1604 454 1767 517 atque
1787 442 2024 500 consilio
2069 442 2426 510 prohibeatur
2474 450 2639 513 atque
2687 442 3038 513 impediatur.

511 533 684 589 Porro
713 534 1047 604 propositum
1080 540 1242 604 atque
1271 535 1559 591 consilium
1577 535 1697 605 ejus
1723 535 1826 589 hoc
1848 549 2016 590 unum

2190 534 2398 598 Σκοπὸς
2429 534 2485 588 δέ
2528 533 2680 605 αὐτῷ
2708 527 2811 596 εἷς,
2858 532 2920 586 τὺ
2948 529 3326 598 τελειωθέντος
3367 530 3405 602 ἢ
3442 530 3531 586 διὰ
3582 531 3705 602 (15)

438 637 544 691 est,
571 634 632 681 ut
663 627 812 681 omni
840 632 1047 681 natura:
1079 633 1279 681 nostra;
1306 625 1649 697 plenitudine
1697 626 2016 696 singulatim

440 735 538 790 per
559 731 807 788 quosque
839 716 1091 771 homines
1122 715 1235 786 jam
1266 716 1505 787 perfecta
1554 724 1721 786 atque
1745 716 2014 780 absoluta,

439 819 562 859 cum
590 803 681 866 alii
711 801 936 873 quidem
954 804 1065 873 jam
1095 804 1278 859 statim
1311 819 1405 873 per
1435 804 1576 859 hanc
1605 804 1772 859 vitam
1804 819 1834 859 a
1855 803 2019 859 vitio-

440 895 599 957 sitate
644 894 870 965 expiati,
931 895 1022 949 alii
1074 910 1204 949 vero
1269 894 1518 964 posthac,
1565 895 2017 951 convenientibus

443 986 780 1054 temporibus
818 1002 914 1056 per
945 988 1121 1057 ignem
1148 986 1325 1047 curati
1356 985 1582 1051 fuerint,
1623 987 1712 1041 alii
1741 993 1919 1043 autem
1950 1001 2017 1042 ex

440 1092 598 1146 a-quo
632 1078 763 1135 boni
820 1078 984 1134 simul
1018 1093 1081 1136 ac
1116 1076 1243 1139 mali
1298 1078 1583 1141 scientiam
1639 1087 1804 1153 atque
1853 1095 2017 1150 expe-

439 1169 691 1225 rientiam
722 1183 819 1239 per
861 1168 1004 1223 hanc
1046 1170 1209 1223 vitam
1254 1186 1359 1224 non
1416 1170 1726 1235 habuerint,
1759 1171 2018 1237 omnibus

441 1268 712 1332 proponat
766 1262 1237 1331 participationem
1270 1272 1324 1318 et
1355 1278 1513 1319 usum
1544 1264 1835 1329 bonorum,
1896 1279 2020 1332 qua:

441 1354 495 1405 in
525 1355 643 1421 ipso
667 1360 818 1415 sunt.
880 1369 1002 1423 quae
1052 1353 1192 1409 bona
1224 1353 1505 1424 Scriptura
1563 1370 1742 1425 neque
1795 1356 2017 1411 oculum

440 1445 669 1508 vidisse,
731 1460 909 1513 neque
957 1460 1116 1502 aures
1159 1446 1461 1516 accepisse,
1501 1461 1678 1518 neque
1729 1447 2009 1517 cogitatio-

440 1530 603 1597 nibus
631 1546 686 1591 et
715 1537 1232 1599 ratiocinationibus
1285 1538 1502 1607 assequi
1562 1545 1727 1608 atque
1772 1553 2020 1609 compre—

444 1626 606 1686 hendi
639 1643 803 1696 posse
829 1628 981 1693 dicit.
1017 1628 1073 1683 ω
1115 1635 1296 1684 autem
1332 1628 1468 1683 nihil
1500 1636 1583 1684 est
1615 1628 1785 1696 aliud,
1819 1636 1878 1682 ut
1902 1644 2020 1685 mea

441 1718 659 1786 quidem
690 1720 877 1789 opinio
912 1719 1036 1782 fert,
1067 1734 1227 1789 quam
1260 1719 1315 1774 in
1345 1720 1464 1790 ipso
1496 1718 1604 1775 Deo
1631 1735 1787 1781 esse;
1816 1718 2018 1774 bonum

442 1808 590 1864 enim
624 1810 770 1879 quod
802 1817 1027 1880 superat
1060 1810 1304 1866 auditum
1345 1817 1400 1866 et
1437 1810 1656 1867 oculum
1695 1817 1751 1868 et
1799 1824 1922 1875 cor,
1966 1809 2018 1869 id

446 1901 608 1955 fuerit
636 1901 780 1970 quod
813 1901 866 1955 in
900 1896 1113 1969 superis
1142 1907 1354 1955 naturae
1386 1916 1569 1957 rerum
1604 1901 1857 1972 praesidet
1898 1901 2020 1955 uni-

444 2007 635 2051 versae.
672 1991 843 2046 Porro
874 1991 1179 2046 diifcrentia
1211 1992 1357 2057 vitae,
1386 2007 1510 2063 quae
1548 1993 1633 2047 vel
1675 2007 1799 2047 cum
1846 1992 2018 2046 virtu-

445 2090 516 2143 te,
548 2082 630 2136 vcl
672 2098 796 2137 cum
837 2083 1080 2153 nequitia
1113 2084 1353 2153 vitioque
1404 2082 1747 2153 transigitur,
1789 2083 2019 2153 posthac

445 2177 683 2232 maxime
736 2193 832 2247 per
880 2177 982 2232 hoc
1008 2177 1336 2241 ostenditur,
1367 2174 1512 2248 quod
1567 2175 1731 2233 citius
1777 2185 1871 2231 aut
1911 2184 2020 2231 tar-

446 2267 568 2324 dius
601 2269 725 2339 quis
752 2269 1105 2325 bcatitudiuis
1132 2284 1255 2338 quae
1287 2278 1560 2339 speratur,
1592 2269 1866 2339 particeps
1907 2269 2017 2324 ﬁet.

447 2356 580 2411 Nam
637 2373 736 2428 pro
769 2358 930 2413 modo
950 2359 1245 2431 unicuique
1266 2359 1443 2415 insitae
1463 2359 1781 2416 vitiositatis
1794 2374 2021 2430 propor-

446 2449 593 2514 tione
620 2450 963 2522 respondens
1012 2447 1521 2508 accommodabitur
1576 2464 1805 2521 prorsus
1858 2450 2022 2507 etiam

447 2541 737 2611 productio
795 2541 1101 2598 medicinae.
1136 2540 1405 2598 Medicina
1439 2551 1618 2598 autem
1668 2542 1861 2609 animae
1908 2542 2021 2598 fue-

447 2632 521 2696 rit
569 2631 883 2687 vitiositatis
942 2631 1222 2702 expiatio;
1282 2646 1346 2688 ea
1409 2647 1539 2694 vero
1577 2631 1697 2702 sine
1740 2631 2022 2687 dolorifica

448 2720 734 2779 affectione
783 2724 970 2791 perﬁci
1032 2739 1142 2803 non
1195 2734 1397 2796 potest,
1456 2726 1918 2797 quemadmodum
1965 2727 2024 2780 in

449 2813 826 2881 superioribus
851 2815 1139 2883 quzesitum
1174 2825 1339 2886 atque
1377 2829 1661 2875 ostensum
1709 2826 1815 2889 est.
1853 2818 2023 2888 Magis

450 2914 628 2975 autem
651 2906 1103 2976 superfluitatem,
1128 2908 1543 2978 ineptiludinem
1566 2919 1621 2965 et
1642 2911 2025 2967 inconvenien-

450 2995 580 3059 tiam
612 2995 950 3065 obiectorum
987 3007 1436 3068 argumentorum
1468 3002 1773 3071 agnoverit,
1816 3002 1862 3056 si
1900 3003 2027 3072 quis

452 3083 878 3155 profunditatem
934 3088 1249 3157 apostolicze
1275 3089 1556 3160 sapientiae
1620 3091 2027 3160 contemplatus,

2118 626 2226 679 τῶν
2254 625 2374 678 καθ’
2402 624 2632 680 ἕκαστον
2654 623 2982 695 ἀνθρώπων,
3000 622 3198 685 παντὸς
3237 620 3331 675 τοῦ
3359 621 3459 692 τῆς
3482 621 3698 692 φύσεως

2119 719 2279 791 ἡμῶν
2327 719 2690 792 πληρώματος
2714 759 2730 786 ,
2780 717 2889 771 τῶν
2947 717 3045 788 μὲν
3092 714 3255 780 εὐθὺς
3299 715 3399 787 ἤδη
3432 715 3575 770 κατά
3600 716 3698 771 τὸν

2122 811 2234 880 βίον
2262 810 2450 865 τοῦτον
2479 810 2588 864 ἀπὸ
2620 809 2820 871 κακίας
2849 807 3297 880 κεκαθαρμένων,
3336 806 3445 862 τῶν
3470 807 3527 861 δέ
3555 807 3700 877 μετά

2117 899 2289 955 ταῦτα
2332 900 2421 955 διὰ
2451 900 2547 955 τοῦ
2591 900 2762 972 πυρὸς
2806 898 2918 969 (16)
2972 901 3084 963 τοῖς
3133 898 3433 969 καθήκουσι
3485 896 3701 969 χρόνοις

2120 992 2531 1064 ίατρευθέντων,
2578 992 2689 1045 τῶν
2717 991 2775 1045 δέ
2806 991 3003 1061 ἐπίσης
3028 990 3124 1044 καὶ
3152 988 3248 1043 τοῦ
3277 988 3445 1043 καλοῦ
3473 989 3568 1045 καὶ
3600 987 3700 1043 τοῦ

2118 1084 2285 1140 κακοῦ
2316 1084 2414 1154 τὴν
2447 1085 2640 1155 πεῖραν
2672 1083 2823 1157 παρά
2848 1082 2940 1138 τδν
2970 1082 3100 1155 τῇδε
3147 1081 3259 1153 βίον
3289 1079 3699 1152 ἀγνοησάντων,

2119 1177 2254 1229 πᾶσι
2286 1174 2564 1246 προθεῖναι
2608 1174 2709 1245 τὴν
2754 1172 3045 1245 μετουσίαν
3091 1170 3202 1226 τῶν
3229 1172 3290 1226 ἐν
3317 1168 3467 1241 αὐτῷ
3492 1169 3700 1236 καλῶν,

2119 1266 2263 1336 ἀπερ
2310 1266 2476 1335 φησὶν
2517 1266 2551 1334 ή
2596 1263 2809 1335 Γραφὴ,
2850 1263 2987 1333 μήτε
3027 1259 3304 1330 ὀφθαλμὸν
3356 1258 3504 1325 ίδεῖν,
3557 1260 3703 1330 μήτε

2119 1357 2285 1428 ἀκοὴν
2333 1354 2613 1421 δέξασθαι,
2652 1356 2788 1426 μήτε
2828 1354 3108 1429 λογισμοῖς
3140 1350 3358 1421 ἐφικτὸν
3396 1350 3509 1421 (17)
3541 1349 3702 1419 γενέ-

2122 1450 2265 1505 σθαι.
2312 1448 2482 1503 Τοῦτο
2521 1448 2579 1501 δέ
2611 1446 2764 1501 οὐδὲν
2805 1445 2933 1500 ἄλλο
2964 1445 3102 1507 ἐστὶ,
3138 1442 3279 1498 κατά
3319 1459 3385 1519 γε
3428 1442 3519 1496 τὸν
3564 1440 3703 1512 ἐμὸν

2119 1541 2297 1609 λόγον,
2331 1539 2365 1610 ἦ
2393 1539 2454 1593 τὸ
2485 1540 2543 1592 ἐν
2570 1536 2717 1608 αὑτῷ
2746 1535 2824 1607 τῷ
2853 1534 2972 1605 Θεῷ
3000 1532 3256 1603 γενέσθαι
3281 1550 3295 1565 ο
3334 1532 3396 1585 τὸ
3418 1532 3527 1603 γὰρ
3560 1533 3705 1600 ἀγα-

2121 1634 2212 1688 θὸν
2255 1633 2318 1687 τὸ
2357 1633 2496 1701 ὑπὲρ
2523 1629 2690 1700 ἀκοὴν
2730 1630 2823 1684 καὶ
2854 1627 3129 1698 ὀφθαλμὸν
3162 1626 3256 1681 καὶ
3286 1625 3535 1696 καρδίαν,
3564 1624 3704 1679 αὐτὸ

2121 1726 2187 1795 ἀν
2218 1727 2301 1796 εἴη
2333 1724 2394 1779 τὸ
2424 1723 2520 1777 τοῦ
2546 1723 2747 1786 παντὸς
2791 1720 3202 1792 ὑπερκείμενον.
3257 1718 3321 1772 Ἥ
3363 1718 3421 1773 δέ
3449 1715 3545 1770 τοῦ
3574 1716 3700 1774 κατ’

2122 1818 2322 1889 ἀρετὴν
2348 1817 2381 1889 ἢ
2405 1815 2602 1873 κακίαν
2627 1815 2741 1886 βίου
2763 1813 2993 1886 διαφορά
3020 1814 3078 1867 ἐν
3102 1811 3180 1882 τῷ
3208 1809 3344 1882 μετά
3364 1809 3537 1871 ταῦτα
3555 1808 3706 1864 κατά

2118 1910 2276 1965 τοῦτο
2305 1908 2641 1980 δειχθήσεται
2684 1904 2936 1979 μάλιστα,
2984 1906 3042 1958 ἐν
3069 1902 3147 1974 τῷ
3173 1903 3366 1959 θᾶττον
3390 1902 3424 1974 ἢ
3457 1900 3704 1973 σχολαιό-

2117 2020 2275 2075 τερον
2305 2003 2416 2075 (18)
2449 2001 2735 2072 μετασχεῖν
2760 1999 2861 2069 τῆς
2888 1997 3246 2068 ἐλπιζομένης
3276 1993 3702 2066 μακαριότητος.

2120 2094 2212 2166 Τῷ
2239 2093 2346 2165 γὰρ
2374 2092 2556 2164 μέτρῳ
2579 2092 2679 2161 τῆς
2705 2090 3067 2161 ἐγγενομένης
3101 2088 3212 2160 (19)
3247 2087 3463 2158 ἑκάστῳ
3498 2084 3704 2148 κακίας

2122 2186 2521 2257 ἀναλογήσεται
2552 2182 2663 2255 (20)
2695 2183 2911 2246 πάντως
2938 2182 3032 2235 καὶ
3054 2184 3088 2252 ἡ
3117 2180 3215 2251 τῆς
3253 2178 3492 2251 ἰατρείας
3521 2176 3705 2248 παρά-

2120 2294 2296 2341 τασις.
2335 2274 2567 2347 ’ἰατρεία
2600 2274 2658 2328 δέ
2699 2272 2765 2327 ἂν
2796 2274 2881 2343 εῐη
2909 2271 3090 2343 ψυχῆς
3120 2271 3184 2324 τὸ
3213 2270 3312 2341 τῆς
3339 2268 3451 2340 (21)
3498 2267 3713 2335 κακίας.

2121 2369 2415 2440 καθάρσιον
2441 2381 2455 2396 ⁸
2486 2366 2643 2421 τοῦτο
2670 2366 2727 2419 δέ
2757 2366 2884 2421 ἀνευ
2914 2364 3168 2435 ἀλγεινῆς
3192 2361 3483 2423 διαθέσεως
3503 2375 3706 2429 κατορ-

2123 2461 2360 2532 θωθῆναι
2406 2460 2505 2528 οὐχ
2550 2453 2662 2512 οἶόν
2705 2473 2797 2521 τε,
2844 2454 3027 2517 καθὼς
3073 2455 3132 2507 ἐν
3176 2454 3289 2516 τοῖς
3333 2448 3705 2523 προλαϐοῦσιν

2124 2553 2433 2623 ἐξήτασται.
2461 2550 2675 2605 Μᾶλλον
2697 2549 2753 2602 δέ
2775 2548 2840 2602 ἄν
2868 2564 2951 2609 τις
2984 2544 3233 2615 ἐπιγνοίη
3264 2543 3371 2599 τῶν
3395 2541 3703 2597 ἐνστάσεων

2122 2644 2182 2696 τὸ
2211 2643 2460 2711 περιττὸν
2491 2640 2585 2701 καὶ
2618 2638 2903 2703 ἀνοίκειον,
2954 2639 3034 2702 εἰς
3066 2637 3127 2691 τὸ
3159 2635 3319 2706 βάθος
3342 2635 3442 2705 τῆς
3469 2634 3707 2688 ἀποστο-

2123 2734 2280 2803 λικῆς
2312 2732 2578 2801 διακύψας
2606 2731 2816 2799 σοφίας.
2854 2730 2981 2794 Τοῖς
3009 2728 3118 2800 γὰρ
3146 2726 3453 2800 Κορινθίοις
3479 2726 3543 2779 τὸ
3570 2723 3710 2795 περ)Ι

2123 2826 2327 2879 τούτων
2376 2823 2686 2896 σαφηνίζων
2750 2821 3044 2893 μυστήριον
3068 2860 3084 2885 ,
3151 2820 3293 2890 τάχα
3352 2816 3528 2873 ταῦτα
3587 2815 3712 2886 (22)

2126 2916 2509 2988 προτεινόντων
2538 2915 2689 2985 αὐτῷ
2725 2914 3017 2976 κάκείνων,
3046 2913 3083 2968 ἀ
3107 2910 3261 2981 παρά
3295 2909 3403 2963 τῶν
3435 2909 3532 2963 νῦν
3569 2925 3713 2967 κατε

2126 3006 2545 3080 επιχειρούντων
2592 3006 2687 3061 τοῦ
2719 3006 2988 3076 δόγματος
3020 3005 3115 3058 ἐπὶ
3146 3004 3425 3073 ἀνατροπῇ
3455 2999 3564 3055 τῶν
3607 3018 3708 3054 πε-

2127 3099 2500 3170 πιστευμένων
2536 3098 2891 3169 προφέρεται,
2937 3096 3014 3166 τῷ
3051 3095 3165 3165 ἰδίῳ
3194 3092 3464 3161 ἀξιώματι
3511 3091 3572 3144 τὸ
3603 3092 3717 3161 τῆς

406 3214 413 3220 .
452 3177 634 3237 fuerit.
666 3177 801 3239 Nam
830 3179 1133 3243 Corinthiis
1162 3181 1485 3251 mysterium
1514 3180 1679 3249 hujus
1721 3182 1800 3235 rei
1839 3182 2021 3237 decla-

2127 3189 2369 3260 ἀμαθίας
2395 3187 2576 3241 αὐτῶν
2598 3186 2909 3241 ἐπικόπτων
2931 3184 3042 3254 (25)
3065 3183 3286 3256 θράσος,
3310 3182 3508 3236 οὑτωσὶ
3532 3180 3703 3248 λέγει.

454 3284 607 3333 rans,
642 3283 770 3324 cum
800 3276 855 3325 et
892 3270 968 3324 illi
1002 3271 1105 3339 ipsi
1149 3270 1340 3326 eadem
1401 3271 1635 3327 forsitan
1696 3271 2024 3341 objicerent,

452 3373 574 3431 qua:
602 3375 749 3416 nunc
773 3361 839 3415 ab
871 3361 981 3419 illis
1020 3362 1112 3432 qui
1146 3361 1285 3417 hanc
1341 3362 1649 3430 doctrinam
1684 3373 2027 3435 oppugnant,

453 3453 520 3507 ad
549 3454 886 3510 eversionem
914 3454 1037 3509 ﬁdei
1076 3470 1265 3509 eorum
1299 3456 1393 3525 qui
1427 3454 1685 3521 credunt,
1734 3456 2027 3527 proferun-

452 3552 563 3612 tur,
592 3560 690 3602 sua
730 3547 1059 3605 auctoritate
1104 3547 1323 3602 illorum
1385 3548 1671 3618 imperitia:
1722 3557 1887 3619 atque
1941 3550 2028 3604 in-

453 3639 625 3696 scitia:
652 3654 914 3696 coercens
958 3640 1266 3705 audaciam,
1297 3642 1369 3695 ita
1394 3640 1561 3697 dicit:
1618 3641 1812 3699 «Dices
1861 3642 2031 3714 igitur

453 3731 618 3787 mihi:
657 3731 777 3796 Quo
829 3734 994 3787 modo
1051 3733 1253 3786 mortui
1307 3735 1647 3803 resurgunt?
1703 3735 1853 3805 quali
1900 3736 2029 3791 item

454 3837 684 3895 corpore
710 3823 967 3877 venient?
993 3820 1224 3888 Stulte,»
1247 3822 1447 3892 inquit,
1475 3843 1493 3872 σ
1517 3834 1572 3878 ιιι
1600 3825 1744 3894 quod
1765 3825 2027 3890 seminas,

457 3929 566 3970 non
613 3912 940 3979 vivificatur,
980 3913 1086 3969 nisi
1128 3921 1403 3968 mortuum
1454 3914 1641 3981 fuerit,
1674 3924 1723 3970 et
1777 3916 1831 3970 id
1883 3918 2029 3986 quod

459 4003 722 4067 seminas,
755 4019 861 4058 non
891 4004 1034 4074 quod
1065 4014 1345 4070 nascetur,
1378 4020 1579 4075 corpus
1624 4007 1889 4073 seminas,
1934 4008 2030 4063 sed

460 4093 667 4155 nudum
701 4109 958 4164 granum,
994 4094 1146 4151 verbi
1182 4095 1377 4166 gratia,
1435 4096 1627 4163 tritici,
1678 4081 1773 4152 aut
1801 4097 2034 4167 alicujus

460 4201 527 4240 ex
563 4184 774 4241 caeteris
798 4186 1121 4244 seminibus.
1157 4186 1300 4246 Deus
1334 4195 1518 4248 autem
1572 4190 1667 4245 dat
1706 4191 1758 4245 ei
1808 4205 2034 4262 corpus,

463 4284 523 4347 ut
543 4276 729 4332 vult".
751 4276 851 4333 llic
862 4278 1006 4333 enim
1034 4280 1166 4335 mihi
1190 4297 1251 4336 os
1274 4282 1557 4349 obturare,
1574 4290 1738 4357 atque
1755 4284 2038 4340 silentium

463 4368 746 4437 imponere
776 4370 843 4425 iis
873 4357 1107 4436 videtur,
1145 4374 1237 4442 qui
1272 4375 1522 4443 proprias
1557 4389 1850 4435 mensuras
1871 4384 2036 4432 natu-

2127 3301 2146 3334 r
2169 3282 2344 3351 Ἐρεῖς
2366 3274 2459 3334 οὖν
2482 3296 2599 3349 μοι·
2620 3278 2744 3340 Πῶς
2767 3277 3068 3347 ἐγείρονται
3089 3276 3141 3333 οἱ
3168 3274 3352 3345 νεκροί
3371 3290 3386 3339 ;
3405 3272 3469 3342 (⁵)
3489 3271 3713 3342 Ποίῳδὲ.

2126 3371 2335 3441 σώματι
2362 3369 2644 3441 ἕρχονταις
2670 3367 2913 3436 Ἄφρων,
2943 3384 2960 3417 ι
2991 3363 3147 3435 φησὶ,
3173 3383 3192 3416 ι
3223 3364 3287 3417 σὺ
3316 3363 3346 3416 ὃ
3376 3360 3617 3433 σπείρεις
3639 3359 3711 3418 oft

2126 3462 2470 3527 ζωοποιεῖται
2503 3457 2598 3510 ἐάν
2634 3457 2710 3527 μὴ
2754 3455 3022 3528 ἀποθάνῃ,
3053 3454 3148 3509 καὶ
3178 3453 3207 3508 ὃ
3244 3452 3511 3525 σπείρεις,
3545 3452 3607 3504 οὒ
3640 3451 3709 3505 τὸ

2129 3554 2286 3623 σῶμα
2316 3550 2377 3604 τὸ
2404 3548 2767 3619 γενησόμενον
2797 3547 3059 3618 σπείρεις,
3088 3546 3228 3602 ἀλλά
3256 3544 3461 3617 γυμνὸν
3481 3544 3707 3607 κόκκον,

2126 3646 2174 3697 εἰ
2199 3643 2350 3713 τύχοι
2383 3642 2530 3694 σίτου
2550 3678 2567 3702 ,
2607 3639 2641 3709 ἢ
2671 3639 2830 3694 ἄλλου
2859 3639 3005 3701 τινος
3038 3638 3143 3692 τῶν
3178 3637 3509 3709 σπερμάτων
3532 3653 3546 3670 ·
3591 3637 3622 3689 ὁ
3647 3635 3712 3689 δέ

2125 3735 2257 3798 Θεὸς
2283 3733 2495 3787 δίδωσιν
2522 3731 2668 3801 αὐτῷ
2696 3730 2855 3800 σῶμα
2879 3729 3061 3793 καθὼς
3090 3728 3407 3800 ἠθέλησεν.»
3441 3725 3717 3782 Ἐνταῦθα

2127 3827 2234 3897 γὰρ
2254 3822 2625 3893 ἐπιστομίζειν
2654 3834 2743 3894 μοι
2764 3823 2911 3876 δοκεῖ
2935 3823 3063 3886 τοὺς
3086 3818 3414 3893 ἀγνοοῦντας
3439 3819 3509 3874 τά
3526 3820 3712 3877 οἰκεῖα

2132 3918 2304 3988 μέτρα
2336 3918 2434 3986 τῆς
2468 3914 2702 3984 φύσεως,
2735 3914 2832 3967 κα).
2862 3913 2998 3984 πρὸς
3038 3911 3137 3983 τὴν
3171 3912 3377 3966 ἑαυτῶν
3410 3912 3565 3982 ίσχὺν
3606 3909 3711 3981 τὴν

2130 4008 2279 4062 θείαν
2308 4005 2760 4070 ἀντεξετάζοντας
2788 4003 3039 4074 δύναμιν,
3089 4003 3186 4057 κα).
3212 4001 3491 4070 οἰομένους
3515 3999 3711 4054 τοσοῦ-

2129 4117 2221 4152 τον
2246 4095 2483 4169 εἶναιτῷ
2507 4097 2624 4168 Θεῷ
2649 4096 2892 4159 δυνατὸν,
2926 4096 3050 4149 ὅσον
3075 4094 3187 4165 (94)
3210 4095 3380 4165 Χωρεῖ
3407 4093 3504 4146 καὶ
3530 4092 3644 4162 (εδ)
3674 4094 3717 4167 ἡ

2132 4188 2442 4260 ἀνθρωπίνη
2469 4187 2771 4258 κατάληψις
2793 4203 2806 4217 ·
2855 4187 2916 4240 τὸ
2939 4185 2997 4239 δέ
3024 4184 3165 4255 ὑπὲρ
3198 4183 3346 4255 ἡμᾶς
3372 4181 3455 4244 ὃν.
3487 4182 3584 4236 καὶ
3615 4180 3713 4235 τοῦ

2131 4284 2266 4338 Θεοῦ
2308 4284 2568 4355 παριέναι
2591 4284 2691 4354 τὴν
2718 4280 2965 4351 δύναμιν.
3029 4280 3088 4333 Ὀ
3137 4277 3247 4348 γὰρ
3292 4276 3579 4347 ἐρωτήσας
3620 4275 3715 4328 τὸν

2146 4375 2468 4429 Ἀπόστολον
2516 4374 2577 4426 τὸ
2625 4373 2743 4436 πῶς
2790 4372 2903 4443 (26)
2957 4370 3260 4441 ἐγείρονται
3306 4369 3356 4421 οἱ
3390 4365 3596 4436 νεκροὶ,
3639 4365 3723 4431 ὥς

465 4477 542 4529 ra:
568 4462 843 4532 ignorant,
879 4471 1074 4520 etcum
1094 4468 1210 4523 suis
1230 4467 1439 4524 viribus
1452 4468 1690 4524 divinam
1716 4485 1780 4525 ex
1806 4470 2023 4528 adversc

2140 4468 2415 4538 ἀμήχανον
2437 4464 2496 4518 ὃν
2523 4465 2584 4518 τὸ
2606 4463 3014 4534 ἐσκεδασμένων
3042 4460 3146 4515 τῶν
3172 4460 3268 4514 τοῦ
3295 4458 3544 4531 σώματος
3571 4474 3719 4512 στοι-

465 4562 791 4626 comparant
840 4558 1160 4628 potentiam,
1222 4569 1385 4630 atque
1443 4561 1762 4616 existimant
1823 4570 2033 4617 tantum

465 4645 637 4705 Deum
670 4663 852 4719 posse,
888 4659 1154 4720 quantum
1181 4652 1480 4706 humanum
1511 4652 1789 4723 ingenium
1839 4669 2034 4724 capere

466 4745 629 4808 atque
678 4741 1141 4811 comprehendere
1167 4744 1374 4813 possit:
1435 4742 1581 4813 quod
1641 4752 1822 4798 autem
1867 4759 2035 4814 supra

467 4845 570 4890 nos
593 4831 683 4895 sit,
708 4832 872 4887 etiam
919 4832 1156 4889 divinam
1191 4835 1485 4905 potentiam
1524 4834 1830 4904 praecedere
1873 4844 2037 4907 atque

468 4934 747 4989 superare.
776 4921 877 4988 Qui
903 4923 1048 4981 enim
1074 4924 1902 4997 interrogaveramApostolum,
1925 4942 2031 4997 qua

537 5012 584 5044 ⁵⁹
622 5011 635 5063 Ι
668 5011 795 5067 Cor.
826 5032 913 5070 xv.
947 5016 1016 5069 35
1046 5030 1163 5085 sqq.

562 5101 651 5177 is)
685 5105 762 5158 Ἦ
782 5104 901 5177 διά.
942 5108 987 5160 Α
1011 5108 1053 5162 n
1082 5107 1183 5177 ηδη
1215 5107 1323 5162 διά.

568 5171 656 5247 16)
704 5175 807 5247 Διᾴ
834 5177 939 5231 τοῦ
967 5171 1183 5245 πυρός.’
1239 5176 1374 5247 Agin
1422 5174 1789 5247 marginech
1833 5176 2034 5247 αἰωνίῳ

473 5242 1143 5317 πυρὶ-καταδικασθέντων
1163 5246 1354 5317 τῶνδέ
1383 5242 1579 5317 ἐπίσης
1605 5246 1698 5300 τοῦ
1722 5242 1887 5301 καλοῦ
1915 5265 1996 5302 τε.

693 5314 989 5382 Ἐφικτόν.
1024 5318 1067 5372 Δ
1100 5316 1316 5386 ἐφικτά.

542 5381 653 5458 (
679 5381 1205 5458 ξχὸλςιιότερονίΑ
1231 5388 1285 5441 in
1315 5386 1559 5458 margine
1595 5386 1957 5457 σχολαίτερον.

542 5452 654 5526 (l9)
696 5452 1005 5526 Ἑγγένομξ
1025 5458 1063 5507 Β
1089 5459 1333 5526 ὲγγινομ.

545 5522 655 5597 (iii)
700 5522 1193 5597 ’Λναελογήσεταιλ
1216 5528 1255 5579 Α
1356 5527 1696 5597 ἀναλογήσει.

546 5592 655 5664 (121)
691 5595 759 5646 Τὸ
788 5592 988 5660 τῆςζΑ
1018 5595 1076 5647 τὺ
1107 5596 1211 5648 ἀπὸ
1246 5596 1362 5664 τῆς.

546 5660 657 5735 ('22)
690 5664 846 5733 Τάχα
874 5664 1075 5738 ταῦτα.
1117 5669 1153 5718 Λ
1185 5665 1225 5719 Β
1260 5660 1395 5735 τᾶχα
1422 5668 1486 5722 τὰ
1510 5668 1669 5741 αὐτὰ.

2142 4558 2303 4629 χείων
2337 4559 2417 4620 είς
2447 4555 2750 4627 συνδρομὴν
2773 4555 2933 4609 πάλιν
2964 4553 3137 4611 ἐλθεῖν
3169 4549 3529 4621 ἀποφαίνεται
3554 4565 3571 4582 ο
3623 4549 3722 4607 καὶ

2143 4651 2218 4714 ὡς
2237 4649 2426 4712 τούτου
2460 4647 2534 4719 μὴ
2555 4647 2871 4717 δυναμένου,
2893 4645 3052 4701 ἀλλου
3069 4645 3127 4699 δὲ
3154 4643 3267 4713 (27)
3293 4642 3544 4713 σώματος
3563 4640 3725 4712 παρά

2141 4741 2238 4813 τὴν
2262 4738 2370 4811 (28)
2394 4738 2695 4810 συνδρομὴν
2721 4737 2829 4791 τῶν
2852 4735 3129 4807 στοιχείων
3149 4734 3246 4805 οὐχ
3266 4731 3718 4803 ὑπολειπομένου,

2142 4831 2330 4888 τοῦτόν
2372 4847 2505 4903 φησι
2564 4828 2706 4883 κατά
2755 4828 2885 4891 τοὺς
2929 4825 3134 4889 δεινοὺς
3166 4824 3277 4878 τῶν
3320 4822 3726 4893 διαλεγομένων

2141 4923 2495 4994 συμπεράνας
2526 4922 2637 4993 (29)
2662 4920 2752 4976 διά
2772 4936 2915 4983 τινος
2939 4915 3257 4983 ἀκολουθίας
3287 4917 3431 4987 ἅπερ
3455 4915 3695 4985 ὑπέθετο
3703 4931 3721 4963 -.

2213 5085 2327 5177 (23)
2366 5105 2752 5177 'E'mgrdxtwr.
2797 5102 2839 5156 Α
2872 5100 2927 5177 in
2955 5100 3206 5177 margin}:
3229 5098 3613 5171 ἐπισκήπτων,

2268 5171 2332 5246 Γ)
2373 5174 2553 5243 Ἐρεῖς
2580 5178 2693 5246 soi
2718 5173 2938 5246 νεκροί.
2972 5172 3122 5227 Delet
3152 5171 3210 5225 Β.

2213 5242 2327 5316 (21)
2361 5242 2570 5316 "0007:.
2603 5245 2644 5316 ᾼ
2669 5244 2792 5316 ὅσον
2819 5242 2931 5295 καί.

2212 5313 2325 5385 (25)
2365 5316 2496 5370 Καί.
2526 5313 2684 5385 Delet
2708 5313 2768 5385 Β.

2212 5382 2325 5456 (26)
2365 5385 2435 5438 Τὸ
2465 5383 2681 5456 πῶς-,Α
2717 5384 2771 5456 i_n
2802 5397 3050 5456 margine
3073 5382 3242 5444 ὅπως.

2214 5452 2327 5519 (27)
2356 5455 2586 5509 Ἀλλου
2610 5452 2694 5506 δέ.
2727 5452 2765 5504 Β
2790 5452 2904 5505 ἀλλ’
2933 5452 3073 5504 οὐδὲ.

2215 5526 2327 5591 (23)
2360 5525 2523 5591 Παρὰ
2555 5522 2686 5587 τήν.
2729 5523 2770 5574 Β
2798 5522 2934 5591 πρὸς
2966 5523 3080 5588 τήν.

2215 5590 2326 5675 (2⁵9)
2359 5590 2767 5669 Συμπεράνας.
2810 5590 2871 5648 Α.
2916 5592 3065 5645 addit
3100 5590 3243 5661 λόγῳ
3277 5627 3290 5643 .
