3950 6132
328 222 433 287 155

1332 272 1338 276 α
1398 238 1488 297 ns
1507 240 1721 315 suum
1752 239 1842 300 ET
1879 241 2513 305 nssuansc'nous-

3358 295 3362 299 ι
3470 249 3570 308 εει

330 345 400 400 Ei
428 346 580 418 σῶμά
626 348 746 405 ἐστι
775 354 1046 429 συνδρομὴ
1093 360 1390 432 στοιχείων,
1436 364 1643 419 τούτων
1672 365 1730 419 δὲ
1758 366 1897 436 ἀμή-

2007 370 2218 425 ratione
2244 368 2444 423 mortui
2472 374 2843 438 resurgerent,
2888 365 3047 438 quasi
3086 365 3203 422 ﬁeri
3253 380 3361 421 non
3410 380 3573 436 posse

328 454 484 545 χανος
517 438 634 545 (ὅθ)
669 442 744 545 ’ἐκ
788 444 1040 545 δευτέρου
1083 451 1119 523 ἡ
1164 451 1399 516 σύνοδος.
1428 454 1568 526 ποίῳ
1611 457 1903 528 χρήσονται

328 534 538 600 σώματι
569 535 618 589 οί
658 534 1047 609 ἀνιστάμενοι;
1095 542 1267 598 Τοῦτο
1293 545 1474 601 τοίνυν
1507 546 1570 600 τὸ
1595 547 1785 602 δοκοῦν
1816 547 1904 605 διά

321 637 469 731 τινος
493 627 749 731 τεχνικῆς
782 630 975 731 aeui-ac
1019 632 1204 698 αὐτοῖς
1242 635 1682 708 συμπεπλέχθαι,
1728 639 1903 709 ἀφρο-

324 718 493 786 σύνην
533 718 805 789 ὠνόμασε,
858 722 967 777 τῶν
1014 724 1088 796 μὴ
1136 727 1466 783 κατιδόντων
1514 729 1572 783 ὲν
1616 731 1683 801 τῇ
1738 728 1900 802 λοιπῇ

323 805 497 863 κτίσει
522 811 585 864 τὸ
611 810 881 884 ὑπερέχον
905 817 1004 887 τῆς
1035 816 1188 882 θείας
1220 819 1523 890 δυνάμεως.
1570 821 1903 877 Καταλιπὼν

322 896 432 969 γὰρ
456 898 526 953 τὰ
549 900 857 976 ὑψηλότερα
879 907 974 962 τοῦ
1005 908 1141 964 Θεοῦ
1173 910 1427 982 θαύματα
1453 913 1589 983 (31),
1626 914 1694 967 δι’
1724 907 1801 969 ὧν
1832 910 1902 987 ἦν

322 989 405 1052 είς
443 991 680 1064 ἀπορίαν
717 995 946 1067 ἀγαγεῖν
972 1000 1062 1054 τὸν
1087 1001 1374 1066 ἀκούοντα,
1396 997 1546 1069 ὀίον,
1571 1005 1625 1056 τί
1653 1003 1716 1058 τὸ
1733 1004 1902 1077 οὐρά-

322 1096 434 1134 νιον
457 1082 638 1166 σῶμα,
658 1087 752 1139 καὶ
770 1087 953 1155 πόθεν,
971 1090 1094 1145 τίδὲ
1112 1092 1175 1146 τὸ
1195 1093 1438 1164 ἡλιακὸν,
1461 1094 1493 1166 ἢ
1517 1093 1576 1148 τὸ
1599 1095 1899 1166 σεληναῖον,

322 1171 356 1242 ἢ
381 1174 442 1227 τὸ
468 1175 527 1228 ὲν
560 1165 675 1242 rei;
699 1180 917 1251 ἄστροις
944 1184 1286 1255 φαινόμενον,
1325 1186 1355 1237 ὁ
1379 1165 1561 1257 αἰθὴρ,
1602 1186 1632 1239 ὀ
1674 1165 1802 1257 ἀὴρ,
1835 1188 1898 1242 τὺ

322 1262 485 1335 ὕδωρ,
521 1267 556 1337 ἡ
588 1268 660 1339 γῆ
689 1288 705 1337 ;
739 1270 853 1324 ἀλλ’
886 1273 951 1326 ὲκ
980 1273 1091 1343 (52)
1135 1273 1244 1327 τῶν
1271 1273 1583 1346 συντρόφων
1631 1276 1762 1346 ἡμῖν
1802 1276 1897 1330 καὶ

319 1355 644 1427 κοινοτέρων
706 1358 917 1432 ἐλέγχει
975 1362 1084 1418 τῶν
1142 1364 1508 1437 ἐνισταμένων
1570 1365 1632 1420 τὸ
1706 1365 1897 1420 ἀνεπίς-

319 1460 578 1501 σκεπτον.

2000 467 2316 523 censerent,
2350 466 2412 515 ιιι
2442 459 2692 528 corporis
2725 459 2998 515 elementa
3040 458 3305 527 dissipata
3352 472 3570 513 rursum

1999 550 2221 607 veniant
2242 549 2309 605 ad
2336 564 2704 616 concursum;
2735 557 2789 604 et
2812 562 2936 605 cum
2963 549 3068 603 hoc
3097 548 3257 619 quasi
3294 547 3411 601 ﬁeri
3461 562 3571 602 non

1999 648 2207 708 posset,
2244 653 2346 694 nec
2407 638 2556 694 aliud
2612 645 2810 709 praeter
2866 638 2921 693 id
2971 638 3120 707 quod
3171 653 3236 692 ex
3294 651 3569 691 concursu

2000 725 2270 782 conﬂetur
2354 727 2779 790 elementorum,
2849 739 3052 795 corpus
3139 724 3570 792 relinqueretur,

2003 833 2159 873 more
2207 832 2399 873 eorum
2447 819 2541 888 qui
2606 816 2886 873 subtiliter
2939 822 2995 871 et
3042 814 3241 871 callide
3286 813 3574 869 disserunt

2003 924 2069 965 ac
2101 910 2411 980 disputant,
2439 924 2537 981 per
2565 908 2860 979 quamdam
2887 906 3340 978 consequentiam
3365 919 3430 960 ea
3451 920 3573 974 qua:

2002 1005 2383 1075 proposuerat,
2432 1001 2681 1057 oratione
2733 998 3088 1061 concludens,
3143 998 3248 1052 hoc
3297 995 3463 1050 dicit:
3512 993 3571 1049 Si

2002 1109 2206 1164 corpus
2232 1101 2318 1149 est
2365 1106 2674 1148 concursus
2702 1088 3121 1154 elementorum,
3176 1102 3239 1141 ac
3286 1086 3403 1141 ﬁeri
3463 1100 3572 1141 non

2002 1194 2211 1257 potest,
2253 1196 2313 1239 ut
2340 1185 2539 1240 iterum
2569 1197 2632 1239 ea
2651 1190 2848 1238 coeant
2871 1188 2927 1235 et
2946 1177 3299 1235 conveniant:
3322 1193 3433 1247 quo
3451 1191 3575 1230 cor-

2000 1291 2133 1346 pore
2164 1282 2387 1331 utentur
2413 1274 2451 1327 ii
2477 1274 2572 1343 qui
2600 1268 2931 1340 resurgunt?
2963 1265 3076 1321 lioc
3106 1264 3294 1336 igitur,
3315 1263 3459 1333 quod
3479 1276 3575 1332 prr

2001 1364 2355 1419 artificiosam
2373 1359 2663 1433 quamdam
2682 1357 3031 1413 calliditatem
3063 1356 3134 1410 ab
3169 1355 3239 1410 iis
3262 1366 3570 1408 connexum

1999 1464 2055 1511 et
2095 1454 2484 1512 concinnatum
2535 1446 3194 1521 videbatur,_stultitiam
3247 1442 3570 1506 nominavit,

316 1538 568 1647 quinum)
585 1542 1178 1647 animadrertissentin
1199 1548 1407 1620 reliqua
1424 1550 2061 1620 creaturapraestantiam
2092 1559 2145 1606 et
2165 1547 2545 1606 excellentiam
2578 1543 2836 1616 potentiae
2891 1541 3106 1597 divinae.
3158 1537 3393 1594 Omissis
3425 1536 3569 1591 enim

317 1632 1409 1737 subl-imioribusmiraculisDei,perqua3
1463 1645 1533 1701 ad
1571 1646 1966 1703 dubitationem
1994 1660 2059 1701 ac
2090 1644 2503 1716 perplexitatem
2561 1639 2756 1697 adduci
2808 1641 3023 1707 poterat
3055 1633 3275 1688 auditor
3303 1670 3319 1695 ,
3380 1629 3571 1693 veluti,

314 1726 584 1794 quidnam
611 1731 686 1785 sit
717 1747 919 1803 corpus
945 1736 1194 1802 caeleste,
1226 1747 1321 1793 aut
1344 1739 1490 1795 unde
1518 1741 1611 1805 sit,
1632 1740 1893 1810 quidnam
1950 1740 2078 1795 item
2102 1754 2305 1809 corpus
2337 1737 2470 1793 solis
2503 1743 2597 1791 aut
2624 1735 2787 1797 lunae,
2821 1739 2915 1785 aut
2967 1727 3020 1783 id
3058 1726 3205 1797 quod
3272 1725 3328 1779 in
3365 1721 3572 1778 sideri—

316 1817 425 1873 bus
466 1831 715 1891 apparet,
747 1827 881 1897 quid
935 1830 1127 1897 aztlier,
1180 1833 1315 1902 quid
1368 1849 1486 1898 aer,
1541 1835 1674 1905 quid
1736 1849 1900 1904 aqua,
1943 1844 2109 1898 terra,
2144 1849 2241 1905 per
2298 1848 2384 1897 ea,
2437 1846 2559 1901 qua:
2610 1827 2881 1900 frequenti
2936 1820 3335 1880 consuetudine
3409 1817 3573 1873 nobis

312 1922 446 1967 nota
478 1916 762 1987 magisque
791 1923 1105 1977 communia
1134 1931 1285 1989 sunt,
1317 1926 1499 1996 arguit
1529 1927 1587 1981 in
1641 1927 2110 1983 considerantiam
2144 1924 2610 1980 adversariorum.

382 2027 525 2081 Οὐδὲ
558 2031 590 2100 ἠ
623 2034 867 2103 γεωργία
913 2054 972 2088 σε
1014 2037 1272 2103 διδάσκει,
1309 2040 1494 2111 φησὶν,
1541 2041 1624 2095 ὅτι
1673 2042 1897 2112 μάταιός

2070 2040 2152 2094 An
2187 2054 2289 2094 nec
2352 2037 2685 2108 agricultura
2746 2031 2965 2103 quidem
3030 2039 3083 2085 te
3127 2028 3307 2091 docet,
3360 2022 3566 2093 inquit,

310 2118 467 2172 ἐστιν
490 2121 518 2173 ὁ
547 2121 681 2192 πρὸς
708 2124 768 2177 τὸ
796 2125 989 2181 ἑαυτοῦ
1017 2128 1215 2200 μέτρον
1238 2130 1339 2199 τῆς
1362 2130 1513 2206 θείας
1535 2132 1817 2203 δυνάμεως
1836 2133 1899 2186 τὸ

310 2210 589 2283 ὑπερέχον
634 2216 1065 2289 στοχαζόμενοςς
1130 2222 1294 2277 πόθεν
1340 2226 1455 2287 τοῖς
1505 2225 1784 2296 σπέρμασι
1829 2222 1903 2278 τὰ

309 2305 695 2375 περιφυόμενα
727 2308 976 2379 σώματας
1011 2310 1064 2364 τί
1092 2311 1148 2365 δὲ
1178 2312 1504 2383 καθηγεῖται
1538 2316 1636 2385 τῆς
1664 2313 1902 2386 βλάστης

307 2391 540 2461 αθτῶν;
591 2395 711 2482 οὐχὶ
755 2398 1008 2464 θάνατος,
1060 2401 1217 2473 εἴπερ
1263 2402 1491 2468 θάνατός
1533 2407 1679 2459 ἐστιν
1723 2406 1757 2477 ἡ
1805 2402 1899 2459 τοῦ

310 2484 713 2556 συνεστηκότος
751 2488 1023 2557 διάλυσις;
1085 2494 1158 2546 Τὸ
1210 2496 1320 2567 γὰρ
1359 2495 1580 2565 σπέρμα
1629 2496 1703 2566 μὴ
1747 2496 1902 2551 ἀνέλ-

308 2574 393 2628 θοι
442 2574 559 2646 (53)
589 2578 668 2642 είς
699 2578 924 2649 ἐκφυσιν
975 2585 1048 2654 μὴ
1082 2584 1326 2638 διαλυθὲν
1362 2588 1420 2640 ὲν
1461 2589 1526 2657 τῇ
1562 2586 1718 2656 βώλῳ
1761 2587 1895 2657 (54),

308 2664 410 2719 καὶ
463 2668 753 2739 γενόμενον
812 2673 1003 2744 ἀραιὸν
1055 2675 1166 2745 (‘55)
1213 2675 1308 2729 καὶ
1355 2676 1660 2748 πολύπορον
1684 2716 1700 2740 ,
1755 2675 1898 2730 ὥστε

306 2758 719 2830 διαταμιχθῆναι
766 2763 903 2834 πρὸς
960 2765 1060 2836 τὴν
1118 2767 1528 2838 παρακειμένην
1586 2767 1789 2838 ἰκμάδα
1831 2770 1895 2840 τῇ

306 2850 496 2922 οἰκείᾳ
544 2853 810 2925 ποιότητι,
861 2857 954 2916 καὶ
1002 2856 1172 2921 οὕτως
1215 2859 1294 2921 είς
1341 2859 1497 2929 ῥίζαν
1532 2859 1626 2913 καὶ
1662 2859 1896 2932 βλάστην

310 2944 772 3014 μεταποιηθῆναι,
803 2947 897 3011 καὶ
925 2948 1057 3018 μηδὲ
1090 2950 1148 3003 ὲν
1178 2949 1351 3020 τούτῳ
1382 2950 1493 3022 (56)
1531 2953 1731 3021 μεῖναι,
1762 2951 1898 3007 ἀλλὰ

310 3034 647 3135 ειεταόαλεῖν
816 3038 1092 3111 καλάμην,
1137 3042 1251 3104 τοῖς
1301 3040 1391 3111 διὰ
1440 3041 1607 3112 μέσου
1651 3042 1895 3111 γόνασιν,

305 3122 425 3191 οἷόν
461 3140 572 3178 τισι
599 3125 914 3197 συνδέσμοις
939 3129 1354 3201 ὑπεξωσμένην,
1382 3133 1517 3203 πρὸς
1544 3134 1605 3186 τδ
1639 3131 1897 3189 δύνασθαι

308 3214 506 3285 φέρειν
551 3215 611 3269 ὲν
651 3216 818 3287 ὀρθίῳ
845 3218 920 3290 τῷ
950 3221 1189 3291 σχήματι
1226 3222 1317 3277 τὸν
1365 3222 1565 3293 στάχυν
1592 3223 1671 3294 τῷ
1699 3223 1897 3297 καρπῷ

311 3301 704 3387 βαρυνόμενον.
748 3307 857 3361 Ποῦ
905 3309 1085 3365 τοίνυν
1125 3311 1299 3365 ταῦτα
1330 3311 1461 3384 ’περὶ¹
1505 3313 1596 3366 τὸν
1652 3314 1795 3366 σῖτον
1827 3307 1894 3383 ἦν

308 3396 422 3466 πρὸ
470 3397 572 3467 τῆς
615 3399 675 3451 ὲν
721 3402 786 3470 τῇ
823 3399 978 3473 βώλῳ
1007 3401 1172 3455 αὐτοῦ
1213 3402 1537 3470 διαλύσεως;
1599 3403 1757 3458 Ἀλλά
1788 3403 1894 3476 μὴν

307 3487 528 3541 ἐκεῖθεν
554 3486 711 3544 τοῦτό
736 3491 906 3556 ἐστιν.
954 3493 1022 3560 Ei
1062 3492 1171 3566 γὰρ
1200 3493 1276 3565 μὴ
1303 3494 1478 3548 ἐκεῖνο
1511 3494 1773 3566 πρότερον
1803 3490 1893 3567 ἦν,

307 3577 513 3645 οὐδ’,ἂν
541 3579 654 3650 (37)
681 3581 709 3634 ὁ
740 3582 936 3653 στάχυς
964 3582 1199 3650 ἐγένετο.
1234 3584 1441 3655 ’Ὠσπερ
1464 3584 1642 3640 τοίνυν
1668 3584 1730 3639 τὸ
1750 3582 1894 3639 κατὰ

306 3670 403 3724 τὸν
456 3670 656 3741 στάχυν
709 3672 868 3742 σῶμα
916 3673 1030 3746 (58)
1082 3675 1148 3729 ὲκ
1196 3674 1291 3729 τοῦ
1346 3677 1658 3748 σπέρματος
1705 3676 1897 3747 φαίνε-

306 3772 401 3816 τα¹ι
438 3761 572 3831 (59),
604 3764 712 3848 τῆςῇ
731 3764 880 3829 θείας
908 3765 1190 3837 δυνάμεως
1218 3766 1279 3832 ἐξ
1311 3767 1474 3823 αὐτοῦ
1503 3759 1710 3823 ἐκείνου
1742 3766 1896 3821 τοῦτο

309 3853 775 3926 φιλοτεχνούσης,
824 3857 918 3910 καὶ
964 3855 1087 3910 οὔτε
1136 3858 1204 3914 δι’
1231 3859 1354 3913 ὅλου
1391 3858 1505 3930 (40)
1556 3859 1750 3913 ταύτόν
1779 3861 1897 3913 ἐστι

308 3940 389 4012 τῷ
422 3942 722 4014 σπέρματι,
752 3943 874 3998 οὔτε
900 3946 1243 4002 παντάπασιν
1276 3948 1462 4020 ἕτερον
1484 3966 1500 3983 ο
1542 3949 1705 4014 οὕτω,
1735 3950 1893 4021 φησὶ,

310 4033 412 4103 καὶ
456 4033 516 4086 τὸ
568 4036 863 4108 μυστήριον
895 4037 994 4108 τῆς
1027 4039 1373 4104 ἀναστάσεως
1404 4040 1505 4112 ἤδη
1541 4057 1624 4095 σοι
1651 4040 1741 4094 διὰ
1784 4040 1894 4094 τῶν

312 4125 373 4178 ὲν
416 4127 532 4188 τοῖς
579 4126 857 4199 σπέρμασι
900 4129 1486 4201 θαυματοποιουμένων
1519 4131 1898 4203 προερμηνεύ·⁵

311 4231 435 4277 εται
471 4216 607 4286 (41),
633 4217 706 4282 ὡς
731 4218 832 4288 τῆς
858 4219 1007 4284 θείας
1039 4220 1322 4292 δυνάμεως
1348 4223 1406 4274 ὲν
1431 4222 1510 4294 τῷ
1535 4222 1776 4293 περιόντι
1796 4222 1896 4293 τῆς

312 4306 586 4373 ἔξουσίας,
612 4309 674 4361 οὐ
709 4310 868 4383 μόνον
891 4312 1064 4381 έκεῖνο
1095 4310 1157 4368 τὸ
1180 4311 1426 4367 διαλυθέν
1459 4330 1541 4367 σοι
1571 4313 1730 4370 πάλιν
1760 4314 1897 4368 ἀπο-

310 4397 586 4469 διδούσης,
629 4400 764 4453 ἀλλά
796 4402 908 4473 (42)
937 4403 1148 4474 μεγάλα
1175 4420 1235 4457 τε
1268 4404 1364 4458 καὶ
1409 4404 1551 4458 καλὰ
1590 4404 1897 4477 προστιθεί-

314 4506 438 4558 σης,
474 4489 544 4543 δι’
573 4482 651 4545 ὧν
694 4509 777 4545 σοι
823 4494 956 4564 πρὸς
986 4495 1047 4548 τὸ
1096 4492 1207 4566 (45)
1255 4496 1892 4570 μεγαλοπρεπέστερονή

313 4579 481 4648 φύσις
528 4583 1017 4647 κατασκευάζεται.
1088 4604 1107 4638 ι
1146 4585 1457 4657 Σπείρεται,
1504 4605 1523 4639 ι
1563 4586 1748 4658 φησιν,
1789 4605 1810 4639 ι
1836 4588 1895 4641 ὲν

312 4670 513 4768 ptio-pi,
537 4674 808 4768 ἐγείρεται
829 4676 885 4731 ὲν
904 4675 1210 4749 ἀφθαρσίᾳ·
1239 4679 1521 4750 σπείρεται
1542 4681 1600 4732 ὲν
1620 4677 1893 4750 ἀσθενείᾳ,
1926 4711 1972 4768 D

314 4763 592 4834 ἐγείρεται
614 4767 674 4819 ὲν
692 4766 937 4837 δυνάμει’
961 4770 1242 4840 σπείρεται
1259 4770 1370 4843 (44)
1388 4771 1446 4825 ὲν
1457 4769 1668 4842 ἀτιμίᾳ,
1694 4770 1896 4843 ἐγείρε-

2000 2135 2144 2205 quod
2176 2133 2376 2188 stultus
2400 2142 2454 2187 et
2488 2130 2705 2200 ineptus
2727 2129 2797 2183 sit
2825 2127 2872 2182 is
2902 2125 2995 2197 qui
3026 2138 3095 2179 ex
3119 2120 3281 2176 modo
3315 2131 3380 2172 ac
3418 2129 3571 2173 meu-

2000 2240 2127 2280 sura
2152 2239 2373 2279 suarum
2406 2222 2604 2276 virium
2632 2219 2830 2276 divinae
2856 2214 3107 2288 potentize
3138 2211 3371 2267 aestimat
3394 2205 3571 2263 excel-

1999 2312 2263 2370 lentiam?
2305 2310 2451 2365 unde
2483 2308 2788 2365 seminibus
2839 2321 2902 2361 ea
2929 2317 3050 2373 qum
3076 2305 3398 2359 nascuntur,
3448 2308 3572 2348 cor-

1999 2402 2322 2476 pora?quid
2367 2401 2495 2457 item
2544 2398 2803 2470 prmcedit
2861 2411 3051 2453 eorum
3081 2386 3573 2464 germinationem?

1998 2513 2066 2552 an
2095 2512 2205 2551 non
2239 2510 2407 2560 mors,
2440 2495 2486 2548 si
2515 2493 2735 2563 quidem
2772 2504 2919 2545 mors
2958 2495 3062 2551 est,
3095 2482 3366 2554 compacti
3406 2486 3572 2549 atque

1995 2580 2360 2658 coagmentati
2385 2585 2678 2641 dissolutio
2698 2584 2722 2636 ’ί
2746 2580 2881 2634 Nam
2915 2593 3100 2634 semen
3124 2590 3231 2630 non
3257 2570 3570 2646 perveniret

1996 2680 2062 2735 ad
2087 2676 2559 2750 germinationem,
2589 2673 2696 2729 nisi
2720 2673 2774 2727 in
2803 2671 2959 2743 gleba
2989 2667 3340 2728 dissolutum,
3383 2662 3569 2717 molli-

1996 2778 2110 2825 tum
2128 2777 2183 2826 et
2215 2783 2400 2825 rarum
2433 2765 2705 2827 cﬂcctum,
2732 2770 2895 2832 atque
2919 2761 2980 2816 in
3009 2760 3192 2829 plures
3220 2761 3433 2811 meatus
3452 2750 3568 2808 dif—

1994 2862 2179 2920 fusum
2202 2860 2387 2927 fuerit,
2414 2867 2474 2913 ut
2505 2872 2605 2912 sua
2629 2854 2849 2927 propria
2885 2851 3148 2922 qualitate
3174 2846 3571 2919 permisceatur

1995 2967 2121 3007 cum
2149 2949 2434 3021 adjacente
2479 2946 2730 3011 humore,
2777 2950 2940 3013 atque
2977 2941 3051 2995 ita
3094 2938 3146 2991 in
3206 2935 3448 2990 radicem
3514 2938 3570 2987 et

1994 3058 2217 3115 germen
2294 3044 2710 3100 transmutctur,
2769 3048 2833 3088 ac
2904 3046 2975 3086 ne
3050 3030 3106 3083 in
3180 3027 3269 3083 his
3342 3024 3567 3095 quidem

1993 3114 2234 3198 maneat,
2301 3132 2396 3189 sed
2454 3132 2507 3185 in
2566 3128 2747 3184 medio
2820 3124 2998 3179 enatis
3055 3119 3339 3193 geniculis,
3400 3114 3568 3171 veluti

1992 3226 2345 3299 quibusdam.
2402 3221 2566 3277 nodis
2647 3226 2702 3274 et
2775 3215 3032 3277 vinculis,
3094 3212 3436 3268 succinctum
3509 3206 3569 3260 in

1994 3320 2237 3376 culmum
2320 3321 2585 3378 mutetur,
2662 3317 2723 3366 ut
2791 3309 2849 3363 in
2933 3306 3105 3377 ﬁgura
3177 3301 3349 3357 ardua
3404 3306 3570 3368 atque

1994 3416 2177 3466 erecta
2207 3407 2412 3476 spicam
2473 3404 2630 3474 fruge
2680 3408 2960 3472 gravatam
3022 3396 3166 3451 ferre
3202 3392 3398 3464 possit.
3460 3389 3569 3446 Ubi

1992 3501 2161 3572 igitur
2225 3500 2343 3553 haec
2392 3510 2514 3567 qua:
2556 3495 2711 3564 circa
2769 3490 3103 3546 frumentum
3155 3482 3572 3555 conspiciuntur

1992 3571 2170 3655 erant,
2193 3595 2481 3657 antequam
2510 3584 2566 3639 id
2597 3584 2651 3637 in
2678 3582 2831 3653 gleba
2853 3577 3178 3635 dissolutum
3210 3590 3276 3629 ac
3304 3571 3567 3634 diil‘usum

1994 3682 2179 3740 esset?
2207 3678 2373 3750 Atqui
2402 3676 2552 3733 illinc
2576 3674 2683 3731 hoc
2714 3679 2898 3727 ortum
2940 3674 3046 3725 est.
3093 3665 3228 3720 Nam
3281 3662 3389 3718 nisi
3433 3661 3571 3724 illud

1990 3776 2145 3849 prius
2177 3775 2395 3838 fuisset,
2434 3786 2504 3827 ne
2558 3769 2715 3841 spica
2747 3764 2968 3838 quidem
3020 3767 3146 3815 nata
3172 3763 3340 3815 esset.
3363 3754 3570 3821 Quem-

1994 3847 2285 3922 admodum
2347 3862 2513 3935 igitur
2551 3871 2751 3929 corpus
2798 3854 2966 3926 spica:
3006 3866 3075 3907 ex
3125 3847 3332 3906 semine
3375 3858 3570 3916 prove-

1993 3960 2096 4026 nit,
2131 3958 2318 4014 divina
2344 3954 2588 4027 potentia
2615 3967 2684 4008 ex
2712 3949 2807 4005 illo
2846 3948 2966 4018 ipso
2996 3945 3104 4000 hoc
3159 3940 3449 4005 efﬁciente,
3478 3952 3569 4023 \ac

1994 4064 2174 4120 neque
2206 4048 2429 4120 penitus
2475 4044 2619 4100 idem
2667 4056 2793 4097 cum
2841 4038 3070 4103 semine,
3122 4049 3299 4105 neque
3343 4030 3570 4088 omnino

1995 4140 2065 4197 ab
2098 4154 2164 4196 eo
2195 4138 2472 4194 diversum
2494 4142 2614 4190 est:
2662 4130 2870 4188 eodem-
2913 4127 3095 4192 modo,
3128 4125 3324 4197 inquit,
3363 4128 3568 4194 myste-

1994 4230 2136 4285 rium
2179 4241 2399 4298 quoque
2428 4221 2847 4282 resurrectionis
2885 4222 2999 4291 jam
3043 4219 3142 4273 tibi
3174 4232 3271 4285 per
3301 4229 3388 4282 ea,
3446 4227 3568 4284 qua:

1995 4320 2321 4377 mirabiliter
2338 4316 2475 4372 fiunt
2506 4316 2561 4371 in
2589 4312 2894 4372 seminibus
2922 4308 3400 4382 praesigniﬁcatur,
3420 4304 3567 4375 quod

1995 4406 2180 4463 divina
2210 4405 2469 4460 nimirum
2500 4401 2740 4472 potentia
2771 4413 2866 4470 per
2893 4412 3006 4454 suae
3051 4392 3339 4466 potestatis
3384 4390 3566 4446 excel-

1995 4497 2219 4555 lentiam
2247 4510 2358 4551 non
2396 4494 2575 4550 solum
2602 4489 2737 4546 illud
2764 4488 3094 4545 dissolutum
3126 4485 3227 4541 tibi
3242 4485 3421 4540 denuo
3442 4481 3568 4536 red-

1997 4587 2111 4652 dat,
2148 4584 2510 4642 verumetiam
2551 4582 2655 4636 alia
2706 4580 2802 4635 tibi
2832 4591 3029 4649 magna
3083 4582 3246 4646 atque
3301 4571 3566 4643 praeclara

1999 4678 2242 4749 adjiciat,
2272 4690 2370 4746 per
2394 4688 2516 4745 quae
2561 4672 2662 4728 tibi
2694 4678 2893 4726 natura
2946 4668 3016 4724 ad
3085 4664 3456 4737 augustiorem
3510 4672 3568 4727 et

2000 4769 2317 4839 ampliorem
2352 4766 2605 4822 decorem
2646 4763 2940 4820 instruitur
2965 4768 3020 4817 et
3050 4764 3367 4815 exornatur.
3421 4774 3439 4807 ι
3466 4755 3565 4812 Se-

312 4869 405 4907 ται
434 4856 492 4908 ὲν
506 4855 631 4927 δόξῃ
657 4873 671 4888 ⁸
697 4859 977 4931 σπείρεται
1007 4861 1168 4932 σῶμα
1184 4861 1431 4932 ψυχικὸν,
1446 4859 1893 4933 ἐγείρεταιβῶμα

1998 4862 2242 4918 minatur
2269 4860 2471 4923 enim,»
2518 4856 2720 4927 inquit,
2757 4856 2857 4910 «in
2905 4852 3277 4921 corruptione,
3328 4849 3567 4920 resurgit

316 4948 713 5018 πνευματικόν.
777 4950 863 5015 Ὠς
911 4952 1022 5024 γὰρ
1062 4952 1376 5007 καταλιπὼν
1419 4953 1558 5023 μετὰ
1604 4951 1667 5006 τὸ
1710 4952 1894 5009 διαλυ-

1999 4953 2054 5008 in
2078 4950 2635 5023 incorruptibilitate;
2676 4947 2980 5004 seminatur
3027 4943 3081 4998 in
3107 4941 3446 5010 inﬁrmitate,
3480 4956 3566 4997 re-

489 5143 508 5225 )
551 5144 899 5225 ᾉιίήχανρςτ
935 5147 977 5199 Δ
1004 5147 1153 5225 addit
1181 5146 1404 5225 ésgivj}.
1429 5216 1454 5225 _
1511 5218 1529 5225 _
1670 5217 1681 5225 _
1855 5216 1890 5225 _

2071 5146 2183 5225 (ῃ)
2209 5144 2345 5225 eget
2371 5145 2465 5223 δέν.
2506 5141 2756 5225 Αῆοὕδέν.

412 5146 508 5211 30)
551 5146 899 5225 Ἇιίήχανος.
935 5147 977 5199 Δ
1004 5147 1153 5199 addit
1181 5146 1326 5203 ἐστὶν
1348 5148 1404 5215 ἡ.
2095 5146 2183 5212 57)
2209 5146 2345 5200 Οὐδ’
2371 5146 2465 5197 ἅν.
2506 5146 2548 5195 Α
2582 5146 2756 5196 οὐδέν.

412 5212 504 5289 3i)
549 5216 661 5268 Του
692 5217 752 5269 Θ.
791 5218 964 5285 θαύμ.
1008 5216 1130 5270 Τῶν
1177 5215 1272 5270 τοῦ
1322 5216 1458 5271 Θεοῦ
1508 5217 1819 5287 θαυμάτων.
1853 5216 1926 5269 Β·
2070 5146 2182 5289 (se)
2228 5213 2520 5289 Τὸτσῶμα.
2612 5211 2689 5289 τὰ
2725 5209 2973 5289 σώματα.

321 5278 653 5375 “tester.
675 5353 715 5375 ..
1070 5354 1090 5375 .
1615 5278 1627 5287 '
2072 5278 2182 5375 ἐξΞὲ
2211 5278 2653 5375 saltaret-.91!

391 5349 503 5425 (32)
739 5354 828 5425 ἐκ.
869 5354 1019 5410 Delet
1038 5354 1123 5425 _A.
2070 5349 2181 5425 (ιο)
2211 5353 2290 5407 Δι’
2323 5353 2488 5406 ὅλου.
2522 5350 2653 5425 sar
2685 5349 2841 5425 may.

396 5417 507 5488 (55)
537 5423 634 5490 Μὴ
665 5423 929 5511 ἀπέλθοιΣ
963 5425 1005 5477 Δ
1038 5422 1078 5477 Β
1104 5424 1206 5477 οὐκ
1236 5425 1301 5481 ἂν
1335 5424 1498 5481 ἔλθοι.
1890 5444 1899 5454 ·
2069 5417 2178 5494 (4|)
2211 5421 2731 5491 Προερμηνεύεται.
2767 5417 2806 5469 Β
2836 5436 3057 5489 προηρμ
3097 5433 3301 5471 νευται.

396 5492 505 5543 134)
536 5494 728 5543 Βόλω.
763 5494 805 5543 Β
835 5494 1009 5543 Summ.
2068 5495 2180 5543 (4!)
2224 5494 2407 5543 Ἀλλὰ
2435 5499 2541 5543 etc.
2583 5490 2627 5543 Α
2660 5489 2702 5539 Β
2728 5486 2864 5542 ἀλλά
2894 5507 2974 5541 σοι
3010 5420 3104 5543 κοί).
3137 5487 3297 5543 ἕτερα

763 5494 805 5546 Β
835 5494 1009 5564 βῲλῳ.
1086 5563 1089 5564 ν
2068 5485 2180 5564 (42)
2224 5485 2408 5564 ’Ᾰλλέὶ
2435 5485 2633 5564 etc;
2728 5485 3104 5564 ἀλλάσσῖπαὶ
3137 5487 3297 5558 ἕτερα
3330 5485 3561 5557 μεγάλα.

754 5556 848 5647 dp:
881 5556 1256 5650 Βιγεινόμενον
1282 5566 1490 5636 ἀραιόν.
2217 5563 2370 5650 apag
2398 5560 2481 5613 τό.
2508 5556 2836 5650 To‘delet.

394 5634 506 5703 (56)
540 5631 645 5703 Ἑν
661 5628 875 5703 τούτῳ.
991 5635 1051 5687 ἐν
1080 5628 1302 5705 τούτοις,
1324 5628 1335 5636 ’

2073 5628 2182 5697 (Η)
2227 5632 2549 5697 Sambana.
2577 5631 2615 5683 A
2650 5628 2797 5684 addit
2827 5629 2950 5698 γάρ.
