3950 6132
337 178 440 234 155

1566 181 1624 238 S.
1664 182 1993 240 GREGORII
2028 183 2320 241 NYSSEM
3467 183 3581 236 “136
3639 231 3647 238 .

333 293 510 365 surgit
537 294 592 348 in
625 297 899 366 potentia;
935 297 1236 352 seminatur
1269 298 1324 353 in
1353 299 1674 369 ignominia,
1713 319 1902 360 resur-

2031 307 2165 378 θῆναι
2199 307 2310 376 (45)
2343 306 2402 358 ἐν
2445 307 2510 374 τῇ
2549 302 2704 372 βώλῳ
2737 303 2876 364 σῖτος
2907 300 3006 372 τὴν
3039 300 3096 352 ὲν
3142 298 3218 369 τῷ
3262 295 3412 367 ποσῷ
3455 298 3579 367 βρα.

331 385 414 456 git
483 387 539 442 in
611 389 823 458 gloria;
885 391 1187 446 seminatur
1241 406 1443 463 corpus
1510 395 1768 458 animale,
1822 413 1908 453 re-

336 477 514 546 surgit
595 494 798 547 corpus
874 479 1182 548 spirituale.
1223 500 1242 532 ›
1289 483 1333 514 ⁶⁰
1388 483 1456 538 Ut
1488 485 1635 540 enim
1689 496 1911 557 postca-

333 583 500 636 quam
543 570 598 622 in
649 572 803 638 gleba
856 571 1185 628 dissolutum
1253 589 1316 629 ac
1361 575 1620 632 diffusum
1668 580 1909 632 triticum

334 657 522 721 fuerit,
585 659 770 713 relicta
823 675 888 714 ea
939 677 1063 731 qua:
1115 663 1171 718 in
1239 666 1543 733 quantitate
1595 667 1913 722 considera-

333 758 424 804 tur
469 751 792 818 exiguitate,
851 760 908 806 ct
965 769 1030 808 ea
1105 771 1228 824 qua:
1281 758 1336 811 in
1384 759 1645 828 qualitate
1700 767 1913 829 specta-

335 844 424 890 tur
480 839 665 906 ﬁguraa
684 853 800 893 sua:
833 843 1188 910 proprietate,
1239 845 1477 914 seipsum
1517 861 1626 900 non
1665 848 1912 915 dimittit,

333 928 427 982 sed
461 929 514 981 in
549 928 736 999 scipso
775 946 1004 988 manens
1040 935 1190 1002 spica
1255 936 1463 1002 evadit,
1525 938 1685 1008 longe
1745 940 1912 1008 pluri-

335 1033 484 1072 mum
517 1021 633 1088 ipse
669 1036 790 1076 sese
825 1030 880 1076 et
922 1025 1319 1095 magnitudine,
1373 1034 1428 1082 et
1485 1028 1912 1096 pulchritudine,

335 1118 392 1164 et
430 1113 720 1176 varietate,
749 1121 805 1168 et
839 1115 1011 1186 ﬁgura
1041 1133 1311 1188 superans
1352 1129 1516 1189 atque
1547 1121 1862 1190 przecedens
1899 1141 1914 1176 :

337 1202 414 1256 ita
438 1213 630 1256 natura
653 1219 876 1274 quoque
905 1206 1143 1262 humana
1171 1211 1426 1267 omnibus
1467 1213 1584 1267 suis
1647 1212 1702 1266 in
1743 1220 1919 1269 morte

337 1293 547 1348 relictis
574 1296 1018 1366 proprietatibus,
1041 1313 1179 1368 quas
1207 1315 1304 1370 per
1333 1300 1681 1356 aﬂ'ectionem
1712 1317 1777 1356 ac
1809 1303 1919 1357 dis-

339 1386 672 1454 positionem
703 1389 1081 1458 passionibus,
1111 1393 1462 1462 motibusque
1495 1402 1551 1448 et
1583 1394 1752 1451 animi
1794 1411 1919 1463 perv

335 1477 758 1534 turbationibus
803 1479 1100 1536 obnoxiam
1163 1483 1553 1553 acquisiverat,
1630 1484 1917 1552 dedecore,

341 1567 584 1638 inquam,
639 1578 695 1624 et
750 1571 1076 1642 ignominia,
1137 1576 1515 1645 corruptione,
1576 1577 1917 1644 inﬁrmitate,

2009 396 2236 466 χύτητα,
2273 396 2367 450 καὶ
2414 395 2516 466 τὴν
2558 394 2617 446 ὲν
2658 393 2738 463 τῷ
2769 391 2906 462 ποιῷ
2951 394 3228 463 σχήματος
3259 389 3371 462 (46)
3421 387 3588 440 αὐτοῦ

2013 485 2273 556 ἰδιότητα,
2300 485 2490 540 ἑαυτὸν
2511 485 2611 537 οὐκ
2631 485 2862 554 ἀφῆκεν,
2883 482 2996 537 ἀλλ’
3023 485 3081 535 ὲν
3101 479 3251 550 αὐτῷ
3275 479 3386 549 (47)
3412 478 3589 548 μένων

2013 575 2214 646 στάχυς
2273 575 2523 644 γίνεται,
2591 573 2887 644 πάμπολλα
2933 571 3047 643 (48)
3096 569 3369 640 διαφέρων
3426 565 3589 628 αὐτὸς

2012 668 2226 734 ἑαυτοῦ,
2259 668 2498 738 μεγέθει,
2528 667 2622 721 καὶ
2666 666 2872 731 κάλλει,
2909 665 3002 718 καὶ
3034 662 3295 733 ποικιλίᾳ,
3327 661 3421 717 καὶ
3459 660 3590 729 σχή-

2016 776 2147 829 ματι
2178 759 2289 829 (49)
2316 775 2330 789 ⁸
2375 757 2519 812 κατὰ
2550 757 2642 812 τὸν
2670 758 2832 811 αὑτὸν
2862 757 3061 827 τρόπον
3094 755 3189 808 καὶ
3212 756 3247 824 ή
3275 751 3598 824 ἀνθρωπίνη

2015 846 2176 915 φύσις
2201 849 2458 915 ἐναφεῖσα
2486 847 2564 918 τῷ
2587 847 2804 918 θανάτῳ
2834 847 3014 900 πάντα
3041 845 3111 898 τὰ
3139 845 3266 915 περ).
3286 843 3454 913 αὐτὴν
3477 843 3590 912 (50)

2019 938 2301 1009 ἰδιώματα,
2331 941 2431 992 ὅσα
2455 940 2544 994 διά
2580 941 2680 1010 τῆς
2716 939 2995 1010 ὲμπαθοῦς
3026 937 3320 1000 διαθέσεως
3356 936 3590 1005 ἐπεκτήο

2017 1049 2167 1097 σατο,
2203 1031 2300 1102 τῆν
2326 1032 2548 1102 ἀτιμίαν
2578 1031 2741 1099 λέγω,
2767 1031 2866 1102 τὴν
2903 1031 3129 1101 φθοράν,
3157 1029 3255 1100 τὴν
3287 1027 3590 1090 ἀσθένειαν,

2016 1123 2118 1194 τὴν
2161 1123 2302 1176 κατά
2332 1124 2431 1191 τῆς
2471 1123 2585 1192 (Si)
2637 1123 2852 1194 ἡλικίας
2899 1122 3191 1193 διαφοράν,
3249 1120 3446 1190 ἑαυτὴν
3496 1120 3595 1172 οὐκ

2019 1214 2263 1285 ἀφίησιν,
2295 1215 2408 1267 ἀλλ’
2427 1215 2614 1286 ὥσπερ
2639 1216 2718 1278 είς
2739 1215 2936 1284 στάχυν
2962 1215 3084 1267 τινά
3108 1213 3244 1284 πρὸς
3269 1212 3367 1282 τὴν
3389 1212 3595 1280 ἀφθαρ-

2021 1304 2142 1357 σίαν
2168 1304 2509 1374 μεθίσταται,
2556 1304 2652 1358 καὶ
2686 1303 2786 1375 τὴν
2820 1304 2998 1368 δόξαν,
3031 1303 3123 1356 κα).
3151 1303 3248 1371 τὴν
3278 1301 3463 1372 τιμὴν,
3501 1302 3597 1354 καὶ

2020 1393 2117 1466 τὴν
2150 1394 2400 1466 δύναμιν,
2446 1395 2542 1450 καὶ
2587 1393 2685 1464 τὴν
2730 1395 2788 1446 ὲν
2834 1393 2998 1447 παντὶ
3034 1393 3361 1462 τελειότητα,
3398 1391 3493 1444 καὶ
3536 1391 3600 1442 τὸ

2026 1487 2222 1559 μηκέτι
2250 1487 2350 1558 τὴν
2382 1487 2527 1558 ζωὴν
2558 1486 2730 1556 αὐτῆς
2772 1485 3172 1556 οἰκονομεῖσθαι
3201 1488 3314 1547 τοῖς
3348 1485 3598 1552 φυσικοῖς

2027 1579 2330 1651 ἰδιώμασιν,
2356 1579 2470 1634 ἀλλ’
2497 1580 2578 1644 είς
2608 1579 2982 1650 πνευματικήν
3018 1595 3140 1632 τινα
3165 1577 3259 1630 καὶ
3289 1575 3470 1645 ἀπαθῆ
3503 1592 3598 1646 με-

337 1667 557 1714 aetatum
585 1661 915 1731 diﬂ‘ereutia,
939 1665 1175 1734 seipsam
1209 1682 1318 1721 non
1362 1667 1610 1732 dimittit,
1649 1669 1742 1725 sed
1799 1679 1921 1723 tan-

2031 1670 2254 1741 ταὸἦναι
2287 1671 2641 1726 κατάστασιν.
2684 1669 2832 1740 Αὕτη
2865 1670 2972 1741 γάρ
3002 1671 3152 1722 ἐστιν
3179 1671 3211 1740 ἡ
3243 1667 3338 1720 τοῦ
3363 1666 3598 1737 ψυχικοῦ

339 1767 503 1821 quam
536 1753 590 1806 in
631 1756 840 1822 spicam
881 1755 1200 1824 quamdam,
1232 1758 1288 1812 in
1345 1757 1918 1831 incorruptibilitatem

342 1841 762 1905 immutatur,in
787 1845 1042 1914 gloriam,
1077 1847 1132 1900 in
1178 1847 1464 1911 honorem,
1498 1850 1551 1903 in
1598 1853 1917 1920 potentiam,

339 1941 394 1988 et
425 1935 478 1986 in
511 1935 659 1988 omni
686 1951 744 1990 re
765 1935 1178 2006 perfectionem,
1209 1949 1264 1993 et
1296 1941 1348 1994 in
1379 1955 1498 1995 eam
1523 1944 1916 2008 conditionem,

341 2032 402 2079 ut
431 2026 543 2080 vita
571 2029 694 2096 ejus
722 2043 831 2083 non
884 2030 1121 2100 amplius
1163 2032 1510 2088 naturalibus
1553 2036 1911 2105 proprietati-

2025 1761 2276 1833 σώματος
2312 1762 2532 1833 ίδίοτης,
2577 1762 2666 1816 ἀεὶ
2698 1761 2812 1833 (5ὶ)
2841 1760 2930 1814 διά
2967 1777 3112 1823 τινος
3154 1759 3284 1830 ῥοῆς
3324 1757 3419 1810 καὶ
3449 1756 3599 1825 κινή-

2025 1869 2166 1916 σεως
2195 1853 2304 1907 ἀπὺ
2343 1853 2438 1906 τοῦ
2464 1855 2522 1906 ὲν
2549 1845 2595 1920 ᾧ
2627 1853 2775 1906 ἐστιν
2805 1850 3163 1915 ἀλλοιοῦσθαι,
3202 1849 3298 1903 κα).
3333 1845 3592 1918 μεταϐάλ-

2023 1943 2135 1998 λειν
2179 1943 2258 2006 εἰς
2291 1942 2498 2012 ἕτερον.
2555 1943 2623 1997 "A
2667 1941 2776 2013 γάρ
2811 1939 2906 1996 οὖν
2936 1941 3050 2010 (53)
3085 1939 3188 1992 οὐκ
3232 1937 3319 1990 ἐπ’
3353 1935 3466 2007 (54)
3506 1934 3601 1987 ἀν-

2023 2033 2264 2107 θρώποις
2305 2034 2465 2105 μόνον
2505 2034 2744 2106 ὁρῶμεν,
2785 2033 2920 2087 ἀλλά
2949 2032 3046 2086 καὶ
3088 2031 3146 2083 ὲν
3179 2032 3365 2100 φυτοῖς
3413 2028 3508 2081 καὶ
3542 2025 3617 2077 ὲν·

341 2116 447 2172 bus
475 2116 915 2187 administretur,
945 2119 1042 2176 sed
1071 2121 1124 2175 in
1157 2122 1499 2191 spiritualem
1527 2124 1838 2194 quemdam,
1862 2133 1918 2180 et

2031 2126 2336 2197 βοσκήμασι
2365 2126 2500 2197 (55),
2549 2126 2758 2180 τούτων
2783 2125 2936 2180 οὐδὲν
2977 2124 3036 2178 ὲν
3074 2121 3154 2194 τῷ
3191 2121 3327 2192 τῷδε
3360 2119 3470 2189 (56)
3501 2117 3604 2188 βιῳ

341 2221 372 2260 a
398 2209 752 2278 passiouibus
764 2221 818 2265 et
839 2210 1009 2266 animi
1031 2213 1273 2268 motibus
1300 2215 1920 2285 perturbationibusque

2031 2217 2511 2290 ὑπολειφθήσεται.

232 2338 238 2344 -
340 2304 637 2358 immunem
668 2313 872 2360 statum
907 2315 1169 2365 transeat.
1195 2307 1322 2364 llaec
1366 2319 1450 2365 cst
1477 2311 1623 2364 enim
1654 2312 1910 2369 animalis
1959 2315 2210 2383 corporis
2233 2313 2562 2385 prepriotas,
2603 2320 2662 2366 ut
2706 2325 2922 2380 semper:
2989 2324 3085 2378 per
3151 2306 3358 2360 [luxum
3407 2317 3603 2372 quern-

339 2400 467 2472 dayn
507 2411 560 2455 et
602 2410 812 2456 motum
857 2404 926 2457 ab
971 2419 1036 2460 eo
1075 2405 1130 2459 in
1163 2421 1275 2476 quo
1311 2416 1590 2474 versatur,
1650 2407 1930 2463 diversum
1964 2410 2076 2475 ﬁat,
2119 2411 2260 2466 etin
2323 2411 2472 2466 aliud
2525 2411 2862 2464 immutetur.
2931 2405 3063 2461 Nam
3118 2419 3238 2474 qua:
3293 2415 3440 2456 nunc
3499 2410 3605 2452 ιιοη

340 2495 518 2552 solum
553 2496 609 2552 in
641 2497 980 2566 hominibus,
1009 2501 1106 2557 sed
1129 2503 1292 2557 etiam
1325 2504 1381 2558 in
1409 2505 1613 2574 plantis
1637 2517 1693 2561 et
1723 2506 1990 2576 stirpibus
2019 2519 2184 2579 atque
2219 2509 2512 2579 pecoribus
2539 2507 2682 2561 bona
2741 2505 3013 2566 videmus,
3056 2503 3250 2556 horum
3314 2496 3452 2552 nihil
3537 2493 3599 2548 in

341 2589 437 2644 illa
472 2605 595 2660 quae
620 2598 752 2644 tunc
782 2591 890 2647 erit
915 2591 1028 2646 vita
1056 2592 1424 2664 relinquetur.

409 2719 640 2777 Videtur
688 2730 867 2777 autem
917 2713 1051 2778 mihi
1108 2741 1204 2794 per
1249 2727 1434 2782 omnia
1478 2743 1662 2784 sermo
1703 2745 1925 2800 quoque

339 2811 676 2882 apostolicus
725 2827 850 2866 cum
895 2822 1084 2869 nostra
1115 2817 1182 2869 de
1230 2820 1632 2875 resurrectione
1669 2821 1926 2890 opinione

341 2901 702 2964 concordare,
733 2911 896 2971 atque
930 2903 983 2957 id
1013 2905 1323 2969 ostendere,
1366 2909 1511 2975 quod
1542 2910 1704 2963 etiam
1733 2921 1926 2966 nostra

2100 2728 2259 2779 Δοκεῖ
2283 2725 2340 2779 δέ
2367 2744 2454 2796 μοι
2489 2726 2583 2778 καὶ
2612 2725 2700 2778 διὰ
2730 2724 2948 2778 πάντων
2977 2719 3364 2791 συναγορεύειν
3406 2720 3434 2770 6
3467 2719 3607 2772 ἀπο-

2032 2817 2275 2880 στολικδς
2320 2817 2478 2884 λόγος
2527 2820 2594 2886 τῇ
2649 2815 2772 2868 καθ’
2837 2816 2983 2884 ἡμᾶς
3023 2812 3286 2883 ὑπολήψει
3338 2813 3435 2880 τῆς
3480 2811 3609 2862 ἀναν

2035 2910 2295 2975 στάσεως,
2346 2908 2626 2964 καὶτοῦτο
2656 2907 2920 2960 δεικνύειν
2954 2907 3090 2976 ὅπερ
3124 2906 3152 2958 6
3201 2905 3466 2976 ἡμέτερος
3497 2904 3610 2971 ὁρι-

341 2995 586 3051 continet
624 2994 890 3059 dcliuitio,
940 3012 1061 3066 quae
1109 2997 1264 3062 dicit,
1307 2998 1439 3051 nihil
1473 3000 1620 3053 aliud
1665 3018 1788 3056 esse
1837 3019 1919 3057 rc-

2031 3003 2165 3071 σμὸς
2195 3002 2438 3072 περιέχει
2470 3001 2664 3069 λέγων,
2705 3000 2886 3068 Μηδὲν
2916 2999 3103 3069 ἓτερον
3133 2991 3269 3048 εἶναι
3297 2995 3608 3052 ἀνάστασιν,

343 3088 765 3148 surrectioncm,
799 3102 960 3156 quam
993 3087 1045 3140 in
1078 3087 1362 3157 antiquum
1411 3097 1612 3142 statum
1641 3100 1696 3145 et
1733 3093 1928 3146 condi-

342 3182 549 3235 tionem
617 3189 828 3235 natura:
895 3187 1097 3234 nostrae
1157 3180 1581 3235 restitutionem.
1657 3182 1927 3248 Quoniam

343 3273 490 3328 enim
528 3273 581 3326 in
611 3273 787 3342 prima
825 3272 1036 3342 origine
1069 3271 1279 3336 mundi,
1311 3273 1416 3326 hoc
1447 3288 1477 3327 a
1515 3273 1800 3344 Scriptura
1842 3277 1928 3332 di-

343 3366 604 3427 dicimus,
637 3363 784 3434 quod
817 3367 1053 3434 primum
1085 3365 1352 3436 graminis
1379 3366 1601 3421 herbam
1634 3376 1777 3422 terra
1807 3385 1930 3439 pro-

345 3457 524 3522 duxit,
559 3468 617 3511 ut
649 3459 704 3512 in
736 3459 1052 3512 narratione
1083 3458 1422 3523 continetur,
1469 3460 1666 3514 deinde
1704 3476 1769 3513 ex
1804 3477 1929 3529 ger-

345 3549 494 3605 mine
537 3565 723 3605 scmen
761 3550 1048 3620 provenit:
1083 3550 1228 3620 quod
1288 3559 1576 3621 postquam
1633 3551 1688 3604 in
1729 3559 1929 3606 terram

346 3640 684 3705 deduxisset,
736 3642 926 3696 eadem
988 3657 1182 3697 rursus
1234 3642 1448 3711 species
1497 3643 1618 3712 ejus
1669 3643 1812 3712 quod
1861 3641 1932 3697 ab

349 3731 506 3784 initio
541 3738 892 3799 provenerat,
944 3739 1104 3783 enata
1156 3740 1276 3783 est:
1311 3730 1364 3782 id
1408 3731 1668 3784 nimirum
1712 3732 1932 3787 divinus

347 3820 644 3891 Apostolus
695 3819 750 3872 in
788 3819 1188 3872 resurrectione
1220 3834 1436 3888 quoque
1473 3819 1588 3873 ﬁeri
1621 3819 1776 3874 dicit.
1812 3819 1932 3876 Non

349 3914 529 3968 solum
583 3917 763 3964 autem
799 3909 905 3961 hoc
938 3909 1007 3960 ab
1051 3923 1119 3963 eo
1161 3908 1442 3972 docemur,
1489 3909 1741 3965 videlicet
1785 3911 1931 3980 quod

348 4006 652 4061 humanum
683 4017 855 4072 genus
890 4001 958 4054 ad
992 4001 1514 4071 magniticrutiorcm
1556 4012 1609 4056 et
1653 4002 1932 4073 augustio-

349 4113 465 4153 rem
492 4104 694 4151 statum
712 4103 767 4150 et
792 4095 1159 4150 conditionem
1188 4095 1531 4161 immutetur;
1561 4111 1747 4149 verum
1767 4097 1931 4150 etiam

351 4193 496 4262 quod
534 4189 668 4244 nihil
693 4189 839 4243 aliud
871 4188 942 4241 sit
969 4187 1021 4240 id
1052 4187 1200 4256 quod
1238 4197 1509 4257 speratur,
1557 4189 1660 4243 nisi
1702 4189 1755 4243 id
1786 4188 1932 4259 quod

349 4291 469 4339 erat
517 4284 573 4338 in
626 4282 916 4352 principio.
966 4281 1236 4347 Quoniam
1293 4280 1439 4335 enim
1479 4282 1548 4334 ab
1605 4282 1762 4336 initio
1820 4297 1928 4336 non

350 4373 504 4442 spica
529 4387 595 4426 ex
629 4373 858 4435 semine,
890 4371 983 4426 sed
1013 4387 1078 4425 ex
1106 4371 1195 4424 illa
1217 4386 1399 4425 semen
1429 4372 1714 4440 provenit:
1743 4379 1930 4441 postea

348 4480 481 4519 vero
506 4464 766 4534 deinceps
794 4463 990 4517 semini
1028 4464 1179 4532 spica
1225 4463 1514 4527 accrescit,
1543 4463 1932 4534 consequentia

351 4555 730 4611 similitudinis
783 4562 969 4625 aperte
1013 4555 1274 4618 ostendit,
1317 4555 1462 4626 quod
1494 4555 1584 4609 ubi
1618 4556 1798 4610 omnis
1838 4571 1933 4626 per

349 4651 811 4705 resurrectionem
865 4648 1026 4704 nobis
1071 4650 1352 4705 beatitudo
1398 4651 1828 4720 repullulaverit,
1876 4651 1930 4704 in

352 4744 633 4813 antiquam
665 4744 896 4815 gratiam
940 4754 1104 4814 atque
1142 4742 1390 4798 decorem
1423 4742 1760 4799 restituetur.
1793 4743 1932 4798 Cum

423 4880 470 4913 ⁶⁰
510 4879 677 4937 lCor.
713 4899 800 4946 xv,
834 4883 925 4938 49..

427 5016 540 5084 H5)
567 5016 946 5085 Διαλυθῆναι.
982 5023 1024 5068 Δ
1054 5016 1370 5087 διαλυθῆναι
1399 5019 1447 5069 ό.

426 5087 542 5154 (46)
580 5087 912 5157 Σχήματος.
947 5087 1106 5157 Λντοῦ
1141 5104 1228 5155 σχ.

452 5159 542 5223 ανῖ)
587 5160 684 5210 Ἐν
709 5156 897 5222 αὐτῷ.
927 5160 967 5210 A
995 5156 1034 5208 Β
1063 5159 1117 5210 ὲν
1153 5156 1354 5227 ἑαυτῷ..

455 5228 542 5293 48)
570 5227 921 5298 "(ignaua
955 5229 995 5279 Α
1027 5226 1308 5298 πάμπολυ.

428 5299 540 5369 μευ
581 5296 940 5369 ΣχήματιηΑ
971 5302 1024 5369 in
1055 5296 1201 5350 teitu
1235 5298 1436 5369 χάριτι.

427 5366 543 5440 (50)
567 5368 718 5440 Περὶ.
744 5366 956 5440 (κύ-τήνἲ
987 5367 1041 5440 A_
1054 5370 1181 5437 περὶ
1202 5366 1427 5440 ἑαυτήν.

429 5439 541 5505 (51)
574 5438 732 5491 Κατὰ
761 5437 892 5503 τῆς.
931 5437 974 5488 Α
1009 5436 1048 5488 Β
1085 5436 1226 5490 κατά
1250 5436 1368 5504 τάςζ

431 5511 544 5568 (5⁵2)
588 5509 726 5560 ’Λεί.
761 5508 805 5560 Δ
829 5508 867 5560 Β
894 5507 955 5560 τὸ
983 5507 1090 5560 ἀεί.

433 5577 549 5642 (35)
589 5575 732 5636 (ιῦν.
766 5581 808 5630 Δ
835 5578 949 5630 νῦν.

437 5650 546 5718 (Ξή)
587 5647 728 5705 Ἐπ’.
770 5649 806 5702 Α
839 5648 877 5702 Β
902 5649 970 5702 ἐν
998 5648 1239 5717 (frater.
1276 5649 1314 5702 .\
1347 5650 1494 5704 addit
1529 5651 1685 5706 καλὲ.

2027 3092 2063 3161 ἢ
2099 3094 2196 3163 τὴν
2241 3094 2320 3154 είς
2366 3097 2428 3144 τὸ
2477 3093 2699 3162 ἀρχαῖον
2746 3091 2843 3159 τῆς
2887 3089 3100 3157 φύσεως
3137 3088 3293 3157 ήμῶν
3336 3083 3610 3139 ἀποκατά-

2032 3203 2236 3239 στασιν.
2285 3183 2504 3252 Ἐπειδὴ
2531 3183 2638 3253 γὰρ
2667 3185 2724 3234 ὲν
2754 3183 2820 3251 τῇ
2855 3181 3046 3251 πρώτῃ
3093 3177 3421 3248 κοσμογονίᾳ
3455 3176 3613 3228 τοῦτο

2031 3275 2180 3346 παρά
2212 3275 2311 3345 τῆς
2361 3274 2582 3344 Γραφῆς
2619 3272 3040 3343 μεμαθήκαμεν,
3075 3272 3157 3324 ὅτι
3199 3271 3414 3340 πρῶτον
3447 3268 3611 3322 ἐϐλά-

2033 3385 2226 3436 στησεν
2257 3367 2290 3435 ἡ
2321 3364 2394 3434 γῆ
2429 3363 2656 3434 βοτάνην
2689 3363 2904 3434 χόρτου,
2940 3361 3120 3424 καθὼς
3171 3363 3200 3414 6
3239 3361 3395 3428 λόγος
3427 3359 3610 3428 φησὶν,

2032 3453 2150 3510 εἶτα
2194 3458 2258 3509 ὲκ
2301 3456 2401 3524 τῆς
2450 3453 2685 3524 βλάστης
2748 3451 2973 3522 σπέρμα
3005 3449 3118 3520 (57)
3164 3451 3401 3518 ἐγένετο,
3445 3445 3613 3518 οὗπερ

2031 3549 2124 3602 ἐπὶ
2152 3547 2248 3618 τὴν
2293 3549 2396 3616 γῆν
2429 3543 2827 3616 καταρρυέντος
2847 3583 2863 3608 ,
2909 3541 2970 3595 τὸ
2999 3542 3132 3596 αὐτὸ
3165 3541 3329 3596 πάλιν
3356 3537 3495 3603 εἶδος
3518 3539 3614 3592 τοῦ

2032 3641 2092 3706 ἐξ
2112 3641 2287 3712 ἀρχῆς
2310 3640 2532 3712 φυέντος
2554 3637 2823 3709 ἀνέδραμε
2846 3653 2859 3666 ο
2888 3635 3022 3706 φησὶ
3041 3635 3097 3688 δὲ
3117 3634 3272 3688 τοῦτο
3290 3636 3319 3687 ό
3339 3635 3479 3698 θεῖος
3502 3635 3615 3704 (58)

2045 3731 2364 3794 Ἀπόστολος
2405 3731 2500 3783 καὶ
2542 3729 2639 3804 ἐπ).⁴
2682 3729 2780 3798 τῆς
2825 3728 3175 3788 ἀναστάσεως
3207 3725 3470 3794 γίνεσθαι.
3537 3726 3616 3777 Οὐ

2035 3825 2196 3896 μόνον
2223 3824 2280 3876 δὲ
2312 3823 2424 3889 (59)
2453 3821 2610 3874 τοῦτο
2637 3821 2765 3891 παρ’
2801 3819 2965 3874 αὑτοῦ
2991 3817 3372 3888 διδασκόμεθα,
3395 3817 3456 3869 τὸ
3481 3817 3616 3887 πρὸς

2032 3918 2093 3970 τὸ
2123 3914 2704 3988 μεγαλοπρεπέστατον
2733 3911 2844 3982 (60)
2896 3910 3252 3981 μεθίστασθαι
3298 3910 3358 3962 τὸ
3403 3907 3616 3979 ἀνθρώ-

2034 4026 2208 4072 πινον,
2253 4008 2366 4062 ἀλλ’
2399 4008 2480 4060 ὅτι
2512 4005 2574 4058 τὸ
2606 4004 2956 4074 ἐλπιζόμενον
2990 4003 3140 4056 οὐδὲν
3166 4002 3350 4074 ἕτερόν
3384 4003 3548 4066 ἐστιν,
3579 4000 3618 4069 ἢ

2031 4099 2169 4168 ὅπερ
2199 4100 2256 4150 ὲν
2285 4097 2520 4167 πρώτοις
2550 4091 2636 4166 ἦν.
2681 4094 2901 4164 Ἐπειδὴ
2931 4093 3039 4164 γάρ
3071 4093 3132 4146 τὸ
3172 4095 3291 4146 κατ’
3321 4093 3493 4163 ἀρχὰς
3517 4093 3617 4162 οὐχ

2034 4192 2110 4254 ὡς
2140 4191 2252 4258 (61)
2289 4190 2488 4260 στάχυς
2517 4189 2625 4242 ἀπὸ
2663 4188 2756 4241 τοῦ
2789 4188 3121 4259 σπέρματος,
3167 4185 3283 4238 ἀλλ’
3317 4184 3526 4238 ἐκεῖθεν
3555 4183 3617 4236 τὸ

2036 4283 2290 4352 σπέρμα·
2349 4281 2486 4351 μετά
2529 4280 2705 4333 ταῦτα
2747 4280 2805 4332 δὲ
2850 4273 3004 4342 οὗτος
3037 4278 3114 4348 τῷ
3141 4279 3414 4348 σπέρματι
3457 4296 3615 4348 περι-

2039 4375 2253 4444 φύεται,
2282 4375 2314 4444 ἡ
2343 4373 2435 4426 τοῦ
2466 4371 2860 4442 ύποδείγματος
2893 4371 3182 4425 ἀκολουθία
3209 4371 3394 4440 σαφῶς
3422 4371 3612 4424 ἐπιδεί-

2038 4483 2192 4518 κνυσι
2221 4465 2354 4530 (62),
2403 4463 2464 4516 τὸ
2506 4465 2686 4515 πᾶσαν
2718 4461 2817 4532 τὴν
2845 4461 2933 4514 διὰ
2977 4463 3075 4531 τῆς
3105 4463 3453 4524 ἀναστάσεως
3485 4461 3615 4514 ἀναν

2039 4557 2442 4626 ϐλαστήσουσαν
2468 4556 2598 4625 ἡμῖν
2628 4553 3027 4624 μακαριότητα,
3059 4554 3193 4622 πρὸς
3222 4555 3321 4618 τὴν
3352 4553 3410 4618 ἐξ
3447 4554 3617 4623 ἀρχῆς

2039 4649 2318 4703 ἐπανιέναι
2363 4647 2540 4718 χάριν.
2589 4647 2797 4717 Στάχυς
2837 4645 2945 4716 γάρ
2999 4646 3150 4709 ὄντες
3198 4646 3478 4716 καταρχὰς
3510 4646 3624 4714 (63)

2039 4742 2238 4812 τρόπον
2265 4740 2386 4794 τινὰ
2420 4740 2512 4793 καὶ
2555 4739 2735 4810 ἡμεῖς,
2768 4737 2954 4809 ἐπειδὴ
2985 4739 3096 4809 (64)
3130 4738 3206 4809 τῷ
3249 4739 3490 4794 καύσωνι
3524 4738 3621 4807 τῆς

2101 5016 2217 5082 (55)
2240 5014 2689 5077 Εὐϐοσχήμασι.
2729 5013 2773 5066 Β
2804 5013 2968 5067 delet.

2103 5086 2216 5153 (56)
2253 5083 2336 5148 Τῷ
2373 5083 2469 5153 (δέ.
2500 5086 2543 5136 Α
2577 5083 2720 5153 τότε.

2108 5152 2223 5220 (57)
2259 5152 2517 5221 Σπέρμα.
2560 5154 2599 5204 Α
2633 5152 2673 5205 Β
2700 5153 2760 5205 τὸ
2794 5154 3030 5222 σπέρμα.

2107 5226 2222 5292 (58)
2265 5225 2320 5274 '0
2363 5223 2536 5288 θεῖος.
2568 5223 2608 5274 Β
2643 5224 2736 5276 καὶ
2760 5223 2788 5274 6
2815 5223 2977 5287 θεῖος.

2109 5296 2221 5362 (59)
2256 5293 2347 5345 Δέ.
2379 5293 2520 5347 delet
2551 5293 2612 5345 Α.

2113 5368 2126 5421 ί
2136 5365 2224 5435 till)
2252 5361 2921 5435 ΒΙεπτιλοπίξεπέστίιτρν.
2946 5362 2995 5435 Β
3018 5363 3612 5435 μεγαλοπρεπέστερον.

2114 5434 2226 5503 (ti!)
2261 5436 2382 5500 υἱιχ
2413 5433 2510 5496 ὼς.
2544 5434 2586 5484 Δ
2621 5434 2716 5502 οὐχ
2742 5435 2787 5485 ό.
2828 5433 2864 5483 Β
2904 5434 3043 5501 οὐχί.

2116 5507 2227 5564 (152)
2274 5503 2695 5556 'Extdslxrmrr.
2734 5505 2768 5553 Χ
2810 5503 3167 5555 ὑπ’)δείκνυῗῖ-

2117 5576 2228 5638 (65)
2261 5572 2569 5639 Κιιῑηρχιὶς
2625 5576 2662 5624 Λ
2699 5573 2736 5625 Β
2769 5575 2828 5624 τὸ
2862 5591 3090 5642 καταρχ.

2123 5645 2232 5712 (Οἱ)
2277 5643 2527 5710 Ἑέιιιδή.
2572 5643 2714 5700 υυίυι
2752 5643 2808 5701 Β.
