3950 6132
320 253 412 321 ξ57

1336 245 1424 302 DE
1461 242 1680 300 ANIMA
1717 240 1806 298 ET
1839 238 2443 303 RESURRECTIONE.

3458 243 3560 301 158

323 368 499 432 κακίας
526 366 1030 441 κατεξηράνθημεν,
1057 364 1407 421 ὑπολαϐοῦσα
1432 362 1546 434 (65)
1596 361 1749 433 ἡμᾶς·
1771 358 1883 431 (66)

2015 358 2133 413 nim
2161 360 2312 430 spica
2341 358 2750 431 quodammodo.
2776 376 2879 418 nos
2906 374 3127 433 quoque
3147 362 3218 420 ab
3237 361 3399 418 initio
3419 377 3566 420 esse-

320 464 352 532 ή
378 461 441 532 γῆ
470 458 555 513 διὰ
582 458 676 514 τοῦ
708 459 939 515 Θανάτου
972 457 1085 531 (67)
1109 456 1392 520 λυθέντας,
1429 453 1593 507 πάλιν
1635 450 1776 506 κατά
1826 450 1888 504 τδ

318 549 408 620 ἔαρ
445 549 541 620 τῆς
585 548 933 614 ἀναστάσεως
982 546 1182 619 στάχυν
1233 542 1499 609 ἀναδείξει
1545 542 1640 606 τὸν
1682 539 1890 613 γυμνὸν

316 638 497 694 τοῦτον
520 639 715 693 κόκκον
750 638 846 693 τοῦ
874 638 1148 710 σώματος,
1184 634 1459 707 εὐμεγέθη
1487 649 1547 686 τε
1595 631 1690 686 καὶ
1723 631 1891 701 ἀμφι-

318 730 458 802 λαφῆ
490 731 583 784 καὶ
608 729 812 800 ὄρθιον,
845 730 941 784 καὶ
969 730 1049 794 εἰς
1074 728 1136 782 τὸ
1163 727 1410 799 οὐράνιον
1444 723 1577 794 ὕψος
1620 720 1893 777 ἀνατεινό-

323 836 494 891 μενον,
522 820 644 874 ἀντὶ
670 819 928 891 καλάμης
968 819 1003 892 ἢ
1039 817 1325 889 ἀνθέρικος
1355 814 1470 887 (68)
1517 816 1582 886 τῇ
1612 811 1893 884 ἀφθαρσίᾳ

320 911 540 974 καὶτοῖς
566 909 774 975 λοιποῖς
813 909 927 967 τῶν
960 907 1278 981 θεοπρεπῶν
1304 905 1699 978 γνωρισμάτων
1728 903 1894 975 ὡραῖ-

322 1000 560 1072 ξόμενον.
595 1019 615 1053 ι
643 1002 736 1066 Δεῖ
765 1001 874 1072 γάρ
903 998 1013 1066 (69)
1039 999 1099 1053 τὸ
1126 997 1364 1070 φθαρτὸν
1387 997 1546 1051 τοῦτο
1574 994 1893 1059 ἐνδύσασθαι

323 1090 643 1163 ἀφθαρσίαν.
674 1110 694 1144 ι
755 1091 823 1146 Ἦ
865 1091 922 1146 δὲ
952 1090 1247 1162 ἀφθαρσία,
1290 1088 1385 1142 καὶ
1432 1089 1467 1161 ἡ
1517 1088 1664 1155 δόξα,
1715 1089 1812 1142 κα).
1856 1088 1891 1156 ἡ

323 1184 471 1254 τιμὴ,
517 1182 612 1237 καὶ
658 1184 694 1255 ἡ
727 1182 976 1255 δύναμις,
1030 1183 1136 1237 ίδια
1177 1183 1277 1253 τῆς
1321 1180 1470 1245 θείας
1515 1179 1728 1251 φύσεως
1755 1174 1896 1237 εἶναι

325 1273 677 1345 ὁμολογεῖται,
727 1274 872 1344 άπερ
903 1273 1168 1346 πρότερόν
1194 1290 1255 1327 τε
1284 1273 1412 1345 περ).
1441 1273 1534 1327 τὸν
1563 1273 1684 1326 κατ’
1711 1271 1897 1327 εἰκόνα

323 1362 605 1434 γενόμενον
627 1360 718 1435 ἦν,
750 1365 846 1429 καὶ
874 1363 1116 1429 εἰσαῦθις
1134 1363 1433 1429 ὲλπίζεται.
1475 1364 1535 1419 '0
1552 1363 1663 1435 γὰρ
1684 1362 1899 1435 πρῶτος

325 1451 520 1523 στάχυς
573 1455 604 1507 ό
646 1453 862 1524 πρῶτος
905 1453 1191 1527 ἄνθρωπος
1234 1448 1305 1525 ἦν
1357 1453 1529 1524 ’Δδάμ
1565 1454 1580 1508 ί
1589 1452 1702 1527 70).
1756 1450 1898 1506 Ἀλλ’

326 1543 506 1615 ζπειδὴ
551 1544 618 1616 τῇ
663 1546 766 1618 τῆς
811 1544 1013 1609 κακίας
1057 1544 1247 1617 εἰσόδῳ
1292 1544 1373 1609 είς
1422 1543 1628 1615 πλῆθος
1672 1541 1902 1616 ἡφύσις

326 1634 714 1707 κατεμερίσθη,
745 1635 930 1700 καθὼς
958 1635 1170 1707 γίνεται
1192 1636 1222 1689 ό
1255 1636 1466 1710 καρπὸς
1489 1637 1546 1691 ἐν
1567 1634 1646 1707 τῷ
1674 1635 1898 1709 στάχυϊ·

325 1722 492 1790 οὕτως
542 1727 593 1781 οί
638 1727 760 1786 καθ’
804 1727 1036 1792 ἑκαστον
1066 1727 1441 1799 γυμνωθέντες
1481 1729 1576 1783 τοῦ
1625 1729 1767 1784 κατά
1808 1729 1904 1785 τὸν

328 1815 524 1886 στάχυν
575 1818 780 1881 ἐκεῖνον
833 1818 1025 1884 εῖδους,
1071 1819 1167 1881 καὶ
1210 1821 1278 1892 τῇ
1325 1821 1397 1891 γῇ
1445 1818 1901 1891 καταμιχθέντες,

326 1906 484 1961 πάλιν
518 1908 579 1961 ὲν
621 1911 689 1982 τῇ
721 1911 1015 1976 ἀναστάσει
1063 1911 1205 1969 κατὰ
1244 1910 1308 1985 τὺ
1360 1910 1657 1983 ἀρχέγονον
1709 1911 1905 1975 κάλλος

324 1997 698 2071 ἀναφυόμεθα,
730 2000 852 2055 ἀντὶ
894 2000 1014 2064 ἐνὸς
1046 2001 1138 2055 τοῦ
1170 2000 1388 2074 πρώτου
1418 2002 1647 2072 στάχυος
1675 2002 1907 2063 eum.

325 2105 407 2171 ροι
435 2089 556 2163 (71)
591 2091 853 2165 μυριάδες
876 2092 984 2147 τῶν
1012 2092 1182 2164 ληῖων
1214 2092 1497 2167 γενόμενοι
1530 2093 1680 2167 (72)-

400 2275 462 2331 '0
494 2275 557 2330 δὲ
585 2279 707 2330 κατ’
736 2276 939 2349 ἀρετὴν
969 2277 1083 2348 βίος
1114 2281 1172 2343 ὲν
1201 2278 1377 2352 τούτῳ
1408 2281 1547 2354 πρὸς
1582 2279 1681 2353 τὴν
1713 2280 1911 2349 κακίαν

326 2364 386 2425 τὸ
411 2365 677 2438 διάφορον
710 2366 823 2437 ἔχει
850 2367 983 2439 (75),
1013 2369 1095 2424 δτι
1127 2370 1175 2423 οί
1209 2371 1308 2443 μὲν
1350 2370 1585 2426 ἐνταῦθα
1621 2372 1773 2444 παρά
1818 2375 1912 2435 τὸν

329 2456 439 2540 βίον
484 2456 561 2511 δι’
609 2457 814 2530 ἀρετῆς
862 2460 1089 2523 ἑαυτοὺς
1148 2462 1585 2534 γεωργήσαντες,
1635 2464 1797 2530 εὐθὺς
1852 2466 1911 2520 ὲν

325 2547 518 2619 τελείῳ
547 2547 627 2619 τῷ
655 2550 848 2619 στάχυῖ
887 2551 1168 2620 φαίνονται
1204 2552 1315 2622 (74)
1342 2568 1358 2585 ο
1407 2548 1490 2616 οἷς
1518 2554 1577 2607 δὲ
1600 2553 1688 2608 διὰ
1714 2557 1913 2619 κακίας

328 2638 576 2710 ἐξίτηλὰς
605 2656 665 2693 τε
696 2640 809 2711 (75)
856 2642 951 2695 καὶ
982 2642 1356 2716 ἀνεμόφθορος
1402 2645 1432 2698 ό
1470 2645 1669 2710 κόκκος
1721 2645 1913 2715 γέγονε

329 2731 479 2801 παρὰ
505 2730 601 2784 τὸν
631 2729 746 2801 βίον
763 2731 952 2786 τοῦτον
973 2735 1007 2804 ἡ
1038 2735 1097 2787 ὲν
1115 2733 1195 2806 τῷ
1217 2733 1434 2807 ψυχικῷ
1457 2738 1730 2809 σπέρματι
1756 2739 1916 2793 δύνα-

331 2840 452 2903 μις,
507 2822 764 2895 καθάπερ
799 2824 915 2896 (76)
965 2825 1034 2880 τὰ
1075 2825 1343 2898 λεγόμενα
1386 2829 1689 2901 κεράσόολα
1723 2829 1831 2900 (77)
1865 2830 1915 2884 οἱ

327 2917 434 2972 τῶν
462 2916 733 2971 τοιούτων
763 2918 1128 2992 ἐπιστήμονες
1174 2918 1390 2990 λέγουσι
1434 2921 1721 2991 γίνεσθαι·
1774 2923 1916 2978 οὕτω

1988 466 2132 516 mus,
2170 459 2527 522 posteaquam
2562 461 2698 508 aestu
2727 453 3040 511 vitiositatis
3082 452 3422 520 exaruimus,
3467 469 3566 509 ett--

1989 550 2177 608 ceptos
2214 553 2315 596 nos
2355 546 2500 594 terra
2530 555 2628 610 per
2664 548 2894 595 mortem
2925 540 3229 598 dissolutos
3276 554 3470 597 rursus
3507 542 3566 594 in

1992 645 2117 685 vere
2153 631 2598 695 resurrectionis,
2646 631 2752 687 hoc
2799 632 3006 687 nudum
3041 632 3289 702 corporis
3332 646 3567 703 granum

1991 721 2201 792 spicam
2232 720 2426 778 eﬂiciet
2476 738 2781 793 proceram,
2842 723 3112 794 ingentem
3160 731 3215 779 et
3260 724 3566 794 copiosam,

1991 809 2219 869 arduam
2264 817 2318 866 et
2352 818 2614 878 erectam,
2665 820 2721 867 et
2755 811 2821 867 ad
2858 813 3198 869 altitudinem
3229 829 3406 885 usque
3445 814 3570 873 coeli

1993 901 2413 973 pertingentem,
2453 917 2552 973 pro
2581 903 2764 957 culmo
2796 904 2881 958 vel
2931 904 3136 969 aristis,
3179 904 3576 979 incorruptibi-t

1994 992 2145 1047 litate
2169 992 2509 1064 reliquisque
2529 993 2731 1051 divinis
2753 1004 2804 1050 et
2831 996 3079 1064 augustis
3108 996 3413 1067 insignibus
3440 1013 3575 1052 con-

1995 1083 2243 1153 spicuam
2310 1090 2365 1138 et
2428 1092 2701 1139 ornatam.
2748 1081 3014 1155 «Oportet
3078 1086 3298 1153 enim,»
3371 1087 3572 1158 inquit,

1997 1174 2352 1246 corruptibile
2371 1174 2477 1231 hoc
2500 1175 2729 1231 induere
2752 1175 3350 1246 incorruptibilitatem.
3384 1197 3403 1230 ι
3439 1177 3578 1233 Con-

1981 1252 2108 1321 stat
2164 1275 2348 1322 autem
2407 1268 2552 1338 quod
2603 1268 3118 1339 incorruptibilitas,
3174 1276 3229 1324 et
3279 1269 3476 1335 honor,
3523 1277 3578 1324 et

1950 1342 2192 1428 'gloria,
2247 1368 2302 1414 et
2356 1360 2622 1429 potentia,
2679 1360 2899 1431 propria
2934 1360 3132 1416 divina:
3189 1368 3398 1416 natura:
3446 1362 3576 1424 sint,

1997 1465 2121 1522 quae
2156 1465 2280 1505 cum
2313 1452 2468 1522 prius
2498 1453 2725 1507 aderant
2755 1452 2828 1517 ei,
2862 1452 2956 1524 qui
2987 1453 3053 1506 ad
3076 1452 3364 1524 imaginem
3402 1450 3580 1508 factus

1998 1548 2106 1608 est,
2170 1550 2284 1598 tum
2349 1544 2405 1599 in
2457 1552 2740 1615 posterum
2803 1545 3048 1600 reditura
3100 1551 3416 1615 sperantur.
3444 1540 3581 1597 Nam

2001 1634 2177 1705 prima
2211 1635 2384 1707 spica,
2417 1636 2627 1706 primus
2656 1636 2819 1692 homo
2847 1637 3016 1692 Adam
3044 1644 3203 1700 erat;
3235 1634 3329 1691 sed
3362 1643 3582 1707 postea-

2003 1743 2164 1799 quam
2214 1743 2311 1798 per
2362 1729 2647 1785 introitum
2699 1729 3015 1785 vitiositatis
3069 1731 3123 1793 in
3173 1728 3580 1783 multitudinem

2005 1825 2201 1873 natura
2234 1819 2412 1879 divisa
2458 1829 2567 1887 est,
2621 1820 2767 1877 sicut
2817 1820 2871 1875 in
2905 1822 3055 1891 spica
3101 1819 3315 1875 fructus
3341 1818 3581 1882 exsistit,

2005 1910 2080 1965 ita
2105 1911 2418 1982 singulatim
2443 1913 2826 1983 unusquisque
2851 1912 3016 1967 homo
3047 1906 3192 1967 illius
3223 1912 3388 1982 spicae
3407 1909 3584 1965 forma

2005 1998 2197 2057 nudati
2241 2006 2297 2055 et
2335 2015 2460 2054 cum
2493 2009 2638 2056 terra
2670 2001 2967 2064 commisti,
3005 2017 3199 2057 rursus
3228 2001 3284 2055 in
3330 2015 3584 2056 resurre-

2005 2090 2188 2149 Ctione
2216 2091 2273 2146 in
2299 2092 2580 2162 antiquam
2609 2092 3069 2163 pulchritudinem
3095 2094 3460 2157 renascimur,
3485 2105 3587 2162 pro

2009 2197 2118 2240 una
2146 2183 2262 2239 illa
2300 2183 2479 2257 prima
2526 2185 2698 2258 spica,
2738 2185 2952 2241 inﬁnita
3007 2185 3174 2241 millia
3214 2192 3461 2258 segetum
3499 2181 3586 2239 cf-

2007 2272 2160 2329 fecti.

2079 2363 2251 2420 Porro
2277 2363 2391 2425 vita
2417 2381 2539 2437 qua:
2567 2381 2666 2439 per
2688 2365 2950 2425 virtutem
2996 2368 3341 2439 transigitur,
3394 2369 3451 2424 in
3482 2367 3590 2426 hoc

2011 2456 2194 2515 diﬂ'ert
2226 2473 2257 2513 a
2286 2459 2485 2515 vitiosa
2513 2460 2645 2524 vita,
2679 2460 2823 2531 quod
2870 2460 2946 2515 illi
2977 2462 3069 2531 qui
3122 2462 3177 2516 in
3212 2462 3312 2515 hac
3342 2461 3454 2515 vita
3493 2476 3591 2531 per

2011 2550 2267 2606 virtutem
2295 2566 2417 2608 sese
2448 2552 2810 2617 excoluerint,
2847 2554 3034 2607 statim
3070 2553 3123 2606 in
3158 2551 3397 2622 perfecta
3435 2553 3590 2624 spica

2014 2649 2281 2713 apparent
2306 2658 2319 2694 :
2351 2643 2555 2712 quibus
2580 2650 2760 2697 autem
2785 2652 3006 2714 pr0pter
3032 2643 3380 2699 vitiositatem
3406 2645 3588 2707 exilis,

2013 2733 2264 2796 evanida,
2301 2733 2634 2801 adulterina,
2688 2737 2905 2806 ignava,
2944 2745 3342 2806 ventorumque
3375 2737 3593 2806 injuria)

2016 2824 2253 2880 obnoxia
2285 2824 2371 2881 vis
2409 2841 2506 2896 per
2532 2826 2670 2881 hanc
2698 2827 2863 2881 vitam
2895 2827 2948 2880 in
2983 2826 3205 2879 animali
3241 2826 3449 2882 semine
3468 2825 3591 2894 fuit,

2017 2917 2470 2989 quemadmodum
2503 2934 2588 2983 ea,
2623 2935 2746 2990 quae
2775 2918 3099 2991 κεράσόολα,
3137 2919 3192 2975 id
3235 2927 3320 2977 est
3346 2922 3482 2976 dura
3513 2929 3596 2976 at-
3634 2925 3647 2937 '

329 3011 421 3063 καὶ
442 3002 601 3063 οὗτοι
628 3008 765 3081 (78),
796 3010 899 3064 κᾶν
927 3010 1104 3080 φύωσι
1139 3010 1250 3083 (79)
1304 3011 1393 3066 διὰ
1415 3012 1513 3083 τῆς
1545 3014 1911 3081 ἀναστάσεως,

2021 3028 2125 3080 que
2176 3011 2403 3066 immitia
2441 3013 2724 3081 dicuntur,
2782 3012 2970 3069 talium
3017 3029 3201 3068 rermn
3246 3014 3405 3085 periti
3443 3015 3597 3071 nasci

332 3099 536 3172 πολλὴν
568 3101 704 3173 (79')
739 3101 1042 3174 ἀποτομίαν
1071 3103 1221 3174 παρὰ
1261 3102 1340 3174 τῷ
1369 3107 1528 3176 κριτῇ
1560 3105 1791 3170 ἕξουσιν,
1823 3106 1920 3169 ἁτε

334 3190 394 3265 δὴ
420 3193 529 3247 οὐκ
581 3191 856 3264 ἰσχύοντες
883 3194 1217 3266 ἀναδραμεῖν
1260 3193 1354 3248 ἐπὶ
1393 3194 1455 3248 τὸ
1496 3190 1633 3261 εἶδος
1656 3196 1749 3251 τοῦ
1792 3199 1921 3263 στά-

336 3301 481 3360 χυος,
527 3284 624 3338 καὶ
665 3285 917 3355 γενέσθαι
947 3286 1123 3340 ἐκεῖνο
1165 3285 1277 3358 (80)
1324 3287 1461 3359 ὅπερ
1489 3283 1633 3360 ἦμεν
1670 3289 1777 3360 πρὸ
1820 3289 1920 3358 τῆς

336 3359 427 3438 ξπ).
449 3377 560 3445 τὴν
584 3375 689 3448 γῆν
731 3375 1156 3442 καταπτώσεως.
1201 3376 1267 3432 Ἦ
1295 3377 1353 3432 δὲ
1398 3359 1662 3450 θεραπεία
1685 3359 1778 3434 τοῦ
1805 3382 1896 3434 ὲπι

339 3466 667 3530 στατοῦντος
690 3466 801 3520 τῶν
831 3466 1210 3539 γεννημάτων,
1244 3468 1278 3539 ἡ
1306 3467 1415 3523 τῶν
1448 3468 1703 3533 ζιζανίων
1735 3486 1796 3523 τε
1828 3468 1926 3525 καὶ

336 3558 444 3614 τῶν
472 3557 731 3615 ἀκανθῶν
758 3558 876 3612 ἐστι
910 3558 1177 3631 συλλογὴ,
1227 3560 1336 3615 τῶν
1366 3561 1816 3630 συναναφυέντων
1848 3559 1926 3634 τῷ

339 3655 644 3727 σπέρματι,
674 3653 855 3726 πάσης
890 3654 990 3726 τῆς
1018 3651 1430 3725 ὑποτρεφούσης
1458 3652 1557 3725 τὴν
1584 3653 1737 3723 ῥίζαν
1767 3651 1928 3706 δυνά-

342 3761 487 3829 μεως
524 3745 665 3816 πρὸς
691 3746 781 3800 τὸν
809 3746 961 3801 νόθον
988 3745 1100 3817 (81)
1133 3744 1548 3817 μεταρρυείσης,
1575 3744 1638 3799 δι’
1660 3739 1735 3800 ὧν
1764 3744 1926 3815 ἀτρο-

341 3837 439 3907 φόν
466 3854 530 3892 τε
569 3837 665 3892 καὶ
690 3837 1116 3910 ἀτελεσφόρητον
1147 3837 1210 3892 τὸ
1234 3839 1454 3910 γνήσιον
1480 3836 1663 3910 ἔμεινε
1707 3838 1929 3910 σπέρμα

342 3932 408 4002 τῇ
454 3929 617 4002 παρά
647 3930 809 4000 φύσιν
851 3930 1053 4005 βλαστῇ
1100 3932 1215 4002 (82)
1261 3930 1746 4003 συμπεπλεγμένον
1792 3929 1926 4002 (85).

354 4020 613 4076 Ἐπειδὰν
643 4018 738 4077 οὖν
763 4024 872 4076 πᾶν
894 4023 1019 4078 ὅσον
1066 4022 1219 4079 νόθον
1255 4040 1318 4077 τε
1356 4023 1449 4077 καὶ
1480 4021 1759 4094 ἀλλότριον
1785 4022 1933 4076 ἐκτι-

343 4110 409 4185 λῇ
445 4113 567 4185 (84)
612 4113 707 4169 τοῦ
754 4115 1038 4186 τροφίμου,
1086 4115 1181 4168 καὶ
1211 4115 1290 4178 εἰς
1317 4113 1619 4184 ἀφανισμὸν
1656 4112 1805 4186 ἔλθῃ,
1837 4111 1935 4173 τοῦ

345 4207 522 4280 πυρὸς
564 4207 628 4262 τὸ
672 4207 827 4280 παρά
874 4206 1037 4277 φύσιν
1087 4206 1561 4277 ἐκδαπανήσαντος
1605 4205 1684 4276 τῷ
1729 4205 1932 4277 αἰωνίῳ

347 4297 485 4369 πυρὶ
510 4296 821 4369 παραδοθὲν
858 4296 992 4368 (85),
1022 4296 1144 4349 τότε
1173 4295 1267 4349 καὶ
1297 4294 1508 4358 τούτοις
1534 4294 1859 4367 εὐτροφήσει
1895 4296 1928 4367 ἡ

348 4368 536 4457 φύσις,
586 4388 681 4442 καὶ
729 4389 811 4452 εἰς
855 4386 1067 4459 καρπὸν
1110 4385 1496 4457 ἀδρυνθήσεται
1541 4384 1653 4456 (se)
1698 4385 1785 4440 διὰ
1832 4385 1934 4455 τῆς
1966 4368 2009 4424 ο

347 4476 612 4547 τοιαύτης
666 4475 984 4548 ἐπιμελείας
1005 4516 1020 4541 ,
1077 4477 1315 4546 μακραῖς
1378 4490 1509 4528 ποτε
1562 4474 1831 4546 περιόδοις
1872 4475 1934 4530 τὸ

349 4567 535 4622 κοινὸν
563 4564 704 4632 εἶδος
734 4568 796 4621 τὸ
822 4566 882 4633 ἐξ
904 4569 1074 4639 ἀρχῆς
1106 4567 1239 4647 ἡμῖν
1271 4564 1453 4620 θεόθεν
1486 4565 1774 4636 ὲπιϐληθὲν
1797 4568 1935 4621 ἀπο-

2021 3102 2212 3159 dicunt
2238 3119 2253 3157 :
2285 3102 2338 3157 hi
2369 3104 2585 3159 etiamsi
2618 3120 2715 3175 per
2744 3104 3202 3161 resurrectionem
3236 3107 3345 3160 nati
3375 3105 3596 3170 fuerint,

2020 3209 2273 3264 magnam
2308 3194 2565 3249 duritiam
2596 3206 2651 3251 et
2697 3197 3043 3253 severitatem
3075 3196 3277 3267 judicis
3311 3196 3599 3268 experien-

2021 3291 2133 3349 tur,
2167 3284 2345 3355 utqui
2378 3284 2638 3345 nimirum
2665 3300 2775 3341 non
2808 3287 3023 3342 valeant
3046 3274 3366 3342 excresCere
3388 3294 3443 3341 et
3470 3302 3598 3342 sur-

1960 3410 1963 3419 ι
2023 3392 2151 3449 gere
2189 3379 2257 3432 ad
2285 3376 2517 3432 formam
2560 3378 2743 3447 spicae,
2778 3386 2833 3433 et
2876 3378 3110 3435 evadere
3141 3378 3274 3433 illud
3303 3378 3447 3450 quod
3478 3393 3606 3433 era-.-

2024 3484 2149 3525 mus
2181 3476 2473 3541 antequam
2522 3470 2579 3524 in
2626 3479 2826 3525 terram
2867 3471 3078 3543 delapsi
3120 3487 3387 3528 essemus.
3430 3468 3609 3524 Porro

2025 3569 2283 3616 curatura
2313 3568 2476 3630 atque
2504 3562 2824 3625 remedium,
2852 3562 2998 3630 quod
3028 3563 3250 3617 adhibet
3278 3563 3328 3620 is
3362 3562 3456 3631 qui
3480 3577 3605 3634 ger-

2029 3651 2270 3707 minibus
2297 3658 2515 3721 praeest,
2547 3651 2653 3707 hoc
2689 3658 2793 3718 est,
2825 3660 2885 3707 ut
2918 3652 3175 3708 nimirum
3204 3653 3415 3710 zizania
3441 3654 3609 3711 simul

2028 3758 2093 3799 ac
2146 3743 2336 3815 spinas
2389 3743 2631 3816 colligat,
2690 3759 2813 3817 quae
2859 3760 2968 3800 una
3012 3760 3137 3802 cum
3184 3746 3393 3802 semine
3435 3757 3611 3802 enata:

2030 3836 2255 3904 fuerint,
2293 3836 2443 3893 omni
2467 3838 2519 3893 vi
2553 3837 2793 3894 radicem
2833 3838 3028 3894 subtus
3056 3838 3233 3894 alente
3258 3839 3313 3894 in
3343 3839 3610 3895 adulteri...

2030 3944 2156 3985 nam
2188 3936 2440 3985 naturam
2477 3929 2791 3986 transfusa:
2823 3929 3027 4001 quibus
3051 3931 3216 3987 rebus
3244 3931 3445 3986 accidit
3474 3937 3615 3994 utet

2031 4020 2328 4090 genuinum
2364 4034 2429 4075 ac
2471 4034 2792 4090 germanum
2825 4035 3012 4076 semen
3062 4036 3171 4075 non
3199 4021 3523 4086 nutriretur,
3558 4029 3615 4077 et

2032 4111 2263 4176 idcirco,
2294 4109 2441 4181 quod
2472 4110 2541 4166 ab
2566 4126 2631 4167 eo
2668 4112 2912 4181 germine
2950 4112 3096 4182 quod
3126 4124 3322 4182 praeter
3360 4122 3611 4167 naturam

2030 4194 2187 4275 juxta
2210 4212 2428 4263 enatum
2454 4210 2621 4269 esset,
2654 4202 3034 4269 suﬂ‘ocaretur,
3060 4203 3196 4257 nihil
3229 4219 3468 4273 unquam
3487 4219 3613 4273 per-

2037 4296 2162 4353 fecti
2188 4295 2492 4367 producere
2525 4307 2729 4367 posset.
2760 4294 3119 4365 Posteaquam
3152 4294 3317 4364 igitur
3344 4293 3613 4364 quidquid

2040 4404 2148 4444 non
2200 4374 2475 4445 sincerum
2517 4403 2582 4443 ac
2618 4401 2959 4459 germanum,
3001 4386 3097 4442 sed
3148 4385 3517 4440 adulterinum
3556 4393 3613 4439 et

2040 4484 2276 4538 alienum
2306 4489 2411 4545 est,
2437 4497 2503 4536 ex
2542 4496 2609 4536 eo
2639 4480 2781 4551 quod
2810 4480 3087 4535 sincerum
3117 4484 3222 4540 est,
3258 4491 3324 4532 ac
3366 4476 3474 4531 vim
3508 4491 3616 4531 nu-

2040 4575 2242 4631 triendi
2274 4575 2459 4641 habet,
2504 4573 2757 4630 evulsum
2787 4584 2840 4628 et
2883 4572 2950 4627 ad
2999 4571 3279 4626 interitum
3330 4567 3612 4623 redactum

348 4658 614 4717 λαϐοῦσα.
643 4661 921 4732 Μακάριοι
946 4660 1004 4719 δέ
1029 4662 1166 4714 εἰσιν
1200 4658 1313 4731 (87)
1345 4655 1426 4722 οἷς
1454 4659 1616 4724 εὐθὺς
1642 4659 1707 4721 τδε
1729 4660 1911 4727 τέλεια

2041 4666 2226 4734 fuerit,
2258 4675 2422 4738 atque
2440 4666 2583 4737 ignis
2610 4665 2664 4720 id
2691 4664 2838 4736 quod
2866 4662 3117 4718 naturale
3140 4678 3246 4717 non
3266 4667 3372 4726 est,
3399 4676 3615 4717 assum-1

451 4770 543 4843 65)
577 4771 1007 4843 Ὑπολασοῦσα.
1045 4772 1088 4828 Β
1118 4770 1345 4828 ὑπολαό.
1379 4772 1457 4827 δέ.

452 4842 547 4910 66)
588 4842 791 4911 Ἢμᾶς.
827 4843 980 4901 Delet
1004 4843 1067 4901 Β.

451 4912 543 4969 67)
569 4911 838 4967 Θανάτου
877 4914 1192 4982 λυθέντας.
1226 4915 1267 4969 Β
1292 4912 1679 4980 ἀναλυθέντας.

453 4982 548 5059 68)
588 4982 1015 5059 ξΑτθέρικος.-Α
1047 4984 1443 5059 ἀνθερίκων.

430 5051 546 5125 (99)
571 5052 974 5125 ᾼςῖῖτῖάρ-ΑΒ
1005 5055 1214 5112 addunt
1252 5051 1289 5125 ερ

457 5120 549 5194 79)
584 5120 789 5194 ῘΑδᾴμ.
813 5122 856 5177 Β
882 5123 1047 5194 delet.
1072 5126 1117 5179 A
1146 5128 1177 5180 ὁ
1208 5120 1398 5194 Ἀδάμ.

583 5190 944 5267 ᾈνάπειρον.
973 5193 1020 5267 ᾼ
1048 5195 1099 5248 οἱ
1135 5190 1352 5267 ἀποροιξ
1394 5193 1435 5247 Β
1463 5195 1520 5247 αἱ
1557 5193 1794 5267 ἄπειροι.

435 5260 549 5336 (ἶὲ)
582 5260 928 5336 ξενόμεξοοις
970 5263 1014 5336 ἐξ
1040 5260 1332 5336 γινόμενοι.

441 5331 555 5400 (75)
597 5331 781 5400 Ἔχει.
809 5333 855 5387 Δ
892 5332 935 5385 Β
968 5331 1103 5400 ἕξει.

439 5401 553 5473 (Η)
580 5404 918 5473 Φαίνοπι-ται.
946 5402 990 5455 Β
1018 5404 1263 5473 φύονται.

591 5470 1165 5545 Ἕξίτηλός-τείᾼβ
1190 5473 1429 5545 ἐξίτηλός
1462 5490 1563 5538 τις.

465 5540 554 5615 ἒξ)
580 5540 873 5615 Καθάπερ·
910 5541 952 5595 Β
975 5541 1227 5615 καθάπερ
1246 5540 1378 5615 xiii-

469 5612 557 5683 77)
581 5611 949 5683 Κερὰσόολα.
985 5613 1029 5683 Β
1056 5611 1436 5683 κερασϐόλαια.

445 5678 558 5767 ('18,)
600 5682 767 5752 Οὕτω
807 5682 905 5747 καὶ
956 5678 1140 5749 οὗτοι.
1178 5683 1226 5757 εὶ
1265 5685 1318 5738 in
1364 5686 1606 5767 margine
1646 5679 1791 5753 οὗτοι
1842 5686 1944 5747 κᾶν

1332 5055 1406 5109 σί.

2038 4781 2217 4857 «potitet
2244 4780 2331 4857 διά
2363 4779 2464 4849 τῆς
2497 4778 2846 4857 ἀναστάσεως
2877 4773 3078 4846 πολλὴν
3111 4770 3437 4843 ἀποτομίαν.

2132 4851 2222 4917 79)
2250 4848 2470 4909 Φύωσι.
2499 4849 2541 4901 Β
2569 4848 2764 4918 φυῶσι.
2992 4914 3040 4918 _
3070 4910 3116 4918 __
3135 4911 3162 4918 _
3257 4911 3285 4918 _
3471 4910 3482 4918 _
3585 4907 3607 4917 η

2132 4853 2222 4917 79)
2250 4853 2470 4909 Φύωσι.
2499 4853 2541 4901 Β
2569 4853 2764 4918 φυῶσι.
3585 4907 3607 4917 θ

2108 4853 2535 4994 (79⁸)ῌΠολλῂν
2556 4950 2575 4958 -
2591 4920 2854 4994 χρςίνοις.
2904 4917 2962 4994 ΒΔ
2980 4910 3199 4994 ,Πολλῆς
3223 4911 3322 4994 τῇς
3346 4910 3494 4994 παρδά
3515 4925 3622 4994 τό»

2039 4982 2412 5062 γεωργοῦντος
2426 5059 2437 5062 _
2454 4982 2776 5062 Capaneia;
2794 4982 3311 5060 προσδέονταιπρὸς
3345 4983 3408 5036 τὸ
3430 4982 3435 4983 ⁷
3461 4982 3613 5052 μόλις

2040 5058 2172 5117 ⁸ἱτοτὲ
2199 5058 2311 5123 τοῖς
2345 5058 2644 5132 καθήκουσι
2678 5058 2912 5129 χρόνοις.

2113 5131 2225 5198 (80)
2267 5130 2515 5189 Ἐκεῖνο.
2546 5128 2586 5182 Β
2611 5129 2838 5185 ἐκεῖνον.

2136 5202 2195 5256 81

2137 5271 2205 5326 82

2267 5128 2515 5189 Ἐκεῖνο.
2546 5128 2586 5182 Β
2611 5128 2838 5185 ἐκεῖνον.

2265 5201 2377 5255 Τὸν
2403 5201 2604 5254 νόθον.
2626 5200 2673 5252 Α
2702 5198 2740 5250 Β
2767 5200 2828 5252 τὸ
2855 5198 3028 5254 νόθον.

2256 5269 2522 5339 Blaesi)".
2555 5268 2598 5322 Β
2632 5269 2856 5343 βλάστῃ.

2112 5338 2227 5413 es)
2255 5338 2893 5413 Συμπεαξλξγμένονέλ
2926 5339 2969 5394 ιι
2997 5354 3382 5411 συμπεπνιγμ.

2113 5406 2226 5479 (84)
2260 5406 2458 5465 Ἐκτιλ
2469 5408 2523 5477 ᾗ.
2550 5406 2595 5462 Β
2614 5406 2845 5479 ήὲκταλῇ.

2115 5477 2227 5547 (85)
2262 5479 2347 5545 Τῷ
2366 5496 2424 5533 α.
2450 5492 2514 5534 π.
2539 5494 2604 5532 π.
2639 5477 2824 5532 delent
2849 5479 2892 5533 A
2922 5477 2983 5534 Β.

2115 5552 2229 5617 (86)
2271 5550 2529 5617 Ἁδρυνθ.
2576 5548 2851 5618 Ἀνδρυνθ.

2125 5621 2235 5692 (87)
2275 5620 2346 5675 Δέ
2372 5622 2549 5676 εἰσιν.
2586 5619 2629 5675 A
2664 5619 2702 5674 Β
2730 5618 2910 5678 delcut
2942 5622 3099 5675 εἰσιν.

2112 5132 2133 5342 l

2206 5200 2228 5475 ἓ
