3950 6132
201 277 212 288 ’
319 279 422 334 159

1556 259 1614 316 S.
1655 253 1982 315 GREGORII
2002 233 2323 312 ,NYSSENI‘

3471 216 3564 272 160

320 390 509 462 pserit,
560 398 692 445 tunc
732 386 898 444 etiam
945 383 1141 440 horum
1197 386 1396 435 natura
1443 379 1670 449 c0pioso
1712 375 1889 430 nutri-

2009 387 2183 448 ιάλλος
2205 381 2314 435 τῶν
2336 377 2622 446 ἀσταχύων
2656 364 3001 424 συνανατελεί
3024 360 3137 434 (88)
3168 357 3278 420 τοῖς
3309 353 3418 424 (89)
3448 368 3580 421 φυοο

321 489 506 536 mento
549 488 772 548 accepto
819 475 1160 548 grandeseet,
1206 486 1271 526 ac
1317 470 1554 526 fructum
1589 470 1890 538 producere

2001 477 2180 550 μένοις
2207 472 2294 526 διὰ
2319 471 2415 539 τῆς
2446 464 2815 522 ἀναστάσεως.

320 568 619 624 maturabit
664 531 760 636 per
783 531 1052 634 ejusmodi
1092 575 1281 615 curam
1316 561 1480 630 longo
1514 561 1731 617 tandem
1776 531 2026 619 circuitum
2053 573 2385 633 temporum,
2438 551 2714 612 communi
2745 547 2927 619 specie
2960 556 3080 614 qua:
3107 539 3176 594 ab
3211 535 3373 592 initio
3409 531 3566 637 nobls

321 677 350 714 a
385 660 492 714 Deo
525 662 786 730 impressa
827 663 992 725 atque
1026 654 1288 709 attributa
1322 662 1428 720 est,
1478 665 1823 726 recuperata.
1877 657 2037 714 Beati.
2071 667 2279 722 autem,
2325 653 2528 726 quibus
2576 663 2673 720 per
2720 639 3180 700 resurrectionem
3215 627 3568 688 nascentibus

322 755 572 825 protinus
607 752 769 806 simul
802 749 1039 820 perfecta
1070 757 1232 818 atque
1262 750 1513 805 absoluta
1548 751 1825 820 spicarum
1859 753 2209 823 pulchritudo
2233 750 2532 806 exorietur.

394 845 518 900 llaec
551 855 728 898 autem
767 843 1022 907 dicimus,
1051 857 1160 896 non
1189 842 1336 910 quod
1379 843 1486 897 ulla
1512 845 1816 913 corporalis
1841 845 1897 899 in

324 936 730 993 resurrectione
761 934 1065 990 diilerentia
1111 935 1428 1004 apparitura
1485 938 1555 991 sit
1594 936 1649 990 in
1697 937 1766 993 iis
1802 937 1897 1007 qui

324 1044 448 1082 cum
495 1027 701 1082 virtute
745 1027 827 1082 vel
864 1027 996 1081 vitio
1027 1027 1382 1097 nequitiaque
1409 1027 1573 1085 vitam
1618 1039 1898 1100 transege-

324 1126 474 1182 ruut,
531 1127 589 1172 ut
635 1118 800 1175 alium
847 1118 1088 1190 quidem,
1129 1118 1274 1188 quod
1322 1118 1388 1172 ad
1429 1134 1632 1189 corpus
1680 1121 1896 1184 attinet,

327 1210 706 1278 imperfectum
759 1220 1034 1278 putemus,
1087 1210 1251 1264 alium
1293 1219 1473 1264 autem
1508 1210 1897 1280 perfectionem

326 1299 527 1357 habere
554 1301 970 1368 existimemus;
1017 1301 1110 1356 sed
1151 1301 1611 1371 quemadmodum
1642 1318 1736 1372 per
1759 1303 1899 1358 hanc

326 1391 490 1446 vitam
545 1400 598 1447 et
641 1393 856 1450 vinctus
895 1401 950 1448 et
999 1395 1214 1456 solutus
1258 1394 1422 1448 simili
1473 1395 1691 1466 quidem
1737 1395 1898 1450 ambo

325 1485 575 1553 corporis
608 1485 795 1544 habitu
832 1494 980 1549 sunt,
1017 1486 1246 1539 multum
1282 1495 1462 1540 autem
1506 1486 1646 1541 inter
1684 1497 1898 1540 utrum-

326 1591 434 1644 que
481 1583 748 1645 quantum
797 1576 863 1630 ad
909 1577 1241 1646 voluptatem
1278 1584 1332 1631 et
1380 1576 1621 1631 dolorem
1681 1577 1895 1643 attinet,

327 1665 573 1730 interest,
605 1669 794 1722 eodem
839 1668 998 1723 modo
1026 1679 1159 1738 puto
1201 1669 1256 1723 in
1288 1667 1472 1722 futuro
1501 1668 1729 1738 posthac
1765 1676 1900 1723 tem-

326 1772 462 1826 pore
514 1757 871 1814 differentiam
928 1760 1196 1814 bonorum
1252 1760 1460 1830 pariter
1519 1775 1584 1814 ac
1627 1760 1898 1815 malorum

327 1851 586 1905 aestimari
648 1862 915 1920 oportere.
975 1851 1109 1906 Nam
1172 1853 1433 1922 perfectio
1486 1868 1776 1922 corporum
1833 1867 1898 1907 ex

329 1950 572 2000 semente
601 1937 1001 1998 renascentium
1035 1959 1158 1998 cum
1199 1945 1722 2014 incorruptibilitate
1751 1944 1900 2012 pari-

332 2042 414 2087 ter
442 2047 505 2086 ac
538 2033 734 2103 gloria,
772 2048 896 2088 cum
948 2034 1152 2088 honore
1181 2050 1246 2088 ac
1280 2037 1520 2105 potentia
1555 2033 1738 2088 futura
1765 2035 1902 2088 dici-

329 2130 422 2178 tur
452 2124 521 2178 ab
548 2125 808 2194 Apostolo
832 2142 847 2190 ;
875 2125 1065 2178 harum
1091 2141 1220 2180 vero
1248 2141 1430 2180 rerum
1454 2127 1762 2190 diminutio,
1793 2141 1902 2180 non

332 2215 671 2285 corporalem
706 2215 996 2284 quamdam
1036 2216 1211 2270 renati
1248 2217 1646 2271 mutilationem
1694 2216 1903 2286 signifi-

331 2315 442 2370 cat,
475 2307 569 2362 sed
593 2307 1028 2376 uniuscujusque
1056 2323 1244 2362 eorum
1270 2323 1391 2377 qua:
1435 2323 1530 2378 per
1564 2309 1767 2362 bonum
1823 2309 1904 2361 in-

332 2397 674 2466 telliguntur,
730 2398 1091 2468 privationem
1152 2399 1314 2454 simul
1379 2409 1433 2454 et
1498 2400 1900 2456 alienationem.

331 2486 599 2552 Quoniam
657 2489 820 2558 igitur
877 2487 1106 2542 alterum
1167 2488 1314 2542 circa
1363 2503 1464 2543 nos
1510 2504 1736 2558 prorsus
1783 2504 1906 2544 esse

332 2586 552 2648 oportet
583 2596 771 2635 eorum
802 2595 921 2650 qua:
953 2595 1050 2649 per
1071 2581 1470 2651 oppositionem
1504 2581 1904 2651 intelliguntur,

331 2672 417 2727 vel
447 2671 674 2733 bonum,
705 2672 788 2725 vel
820 2673 1042 2738 malum,
1073 2672 1415 2741 perspicuum
1452 2679 1536 2726 est
1571 2671 1737 2740 quod,
1781 2687 1905 2726 cum

335 2763 534 2832 aliquis
562 2776 670 2815 non
696 2763 750 2815 in
782 2761 926 2815 bono
953 2763 1162 2816 versari
1189 2763 1410 2824 dicitur,
1445 2777 1672 2832 prorsus
1700 2778 1822 2816 cum
1853 2764 1907 2816 in

2063 827 2249 898 Τᾶὖτα
2271 842 2328 894 δέ
2357 854 2535 910 φαμεν
2556 835 2656 905 οὐχ
2681 832 2756 894 ὼς
2784 825 3101 898 σωματικῆς
3134 834 3278 910 τινος
3310 813 3571 910 διαφορᾶς

1993 941 2052 994 ὲν
2082 939 2196 1000 τοῖς
2225 937 2346 990 κατ’
2371 905 2582 1004 ἀρετὴν
2614 927 2649 997 ἦ
2679 923 2877 978 κακίαν
2910 913 3229 1006 βεϐιωκύσιν
3259 909 3316 1006 ὲν
3347 909 3415 1006 τῇ
3440 905 3572 1006 ἀνα-

1995 999 2187 1084 στάσει
2208 999 2615 1098 φανησομένης,
2639 1019 2714 1082 ὡς
2734 1016 2823 1069 τὸν
2851 1012 2950 1084 μὲν
2980 1005 3143 1106 ἀτελῆ
3173 999 3573 1106 κατάὶτὸνσῶμα

1994 1091 2252 1195 νομίζειν,
2278 1091 2372 1173 τὸν
2399 1091 2456 1172 δὲ
2479 1091 2764 1170 τὺῖτέλειον
2805 1107 2947 1178 ἔχειν
2971 1099 3176 1156 οἴεσθαι
3200 1113 3213 1125 °
3241 1091 3355 1148 ἀλλ’
3386 1091 3574 1160 ὥσπερ

1996 1233 2149 1305 παρὰ
2177 1233 2267 1286 τὸν
2295 1230 2408 1300 βίον
2436 1229 2465 1280 ὁ
2500 1223 2784 1296 δεσμώτης
2809 1237 2866 1273 τε
2905 1217 2999 1270 καὶ
3027 1214 3245 1308 ἄνετος,
3269 1207 3448 1308 ἕξουσι

1993 1292 2707 1395 ἀμέράτεροίπαραπλησίως
2731 1292 2808 1382 τῷ
2843 1308 3077 1380 σώματι,
3095 1301 3264 1371 πολλὴ
3288 1298 3344 1395 δὲ
3374 1292 3574 1395 μεταξὺ

1994 1387 2320 1486 ἀμιροτέρων
2458 1409 2576 1464 καθ’
2607 1406 2801 1478 ἡδονήν
2835 1421 2893 1458 τε
2954 1399 3048 1454 καὶ
3098 1396 3274 1464 λύπην
3306 1387 3573 1486 διαφορά-ο

1995 1478 2167 1568 σ’ύτως
2191 1500 2345 1574 οἶμαι
2373 1502 2568 1574 χρῆναι
2613 1498 2720 1550 τῶν
2749 1493 2969 1563 ἀγαθῶν
2997 1508 3053 1544 τε
3079 1489 3172 1543 καί
3194 1485 3380 1540 κακῶν
3413 1478 3575 1574 ὲντῷ

2003 1597 2203 1669 μεταξὺ
2225 1571 2336 1667 (90)
2361 1571 2532 1648 ταῦτα
2553 1590 2730 1662 χρόνῳ
2750 1585 3057 1655 λογίζεσθαι
3077 1581 3140 1634 τὸ
3159 1579 3412 1669 διάφορον
3437 1571 3573 1641 (91).

2010 1667 2077 1743 Ἦ
2118 1687 2228 1758 γὰρ
2257 1685 2533 1747 τελείωσις
2567 1681 2679 1752 (92)
2718 1678 2826 1731 τῶν
2865 1679 2930 1730 ὲκ
2968 1675 3066 1744 τῆς
3094 1670 3298 1740 φθορᾶς
3339 1667 3576 1758 ἀναφυο-

2002 1754 2179 1850 μένων
2195 1754 2472 1846 ’σωμάτων
2511 1775 2568 1825 ὲν
2597 1767 2871 1839 ἀφθαρσίᾳ
2903 1782 2965 1817 τε
3007 1762 3101 1816 καὶ
3124 1759 3270 1830 δόξῃ.
3295 1755 3396 1850 καὶ
3420 1754 3576 1850 τιμῇ,

2000 1842 2093 1919 καὶ
2115 1842 2342 1934 δυνάμὲι
2377 1862 2486 1930 (95)
2522 1858 2672 1930 παρὰ
2703 1855 2798 1910 τοῦ
2837 1850 3158 1907 Ἀποστόλου
3185 1846 3439 1916 γενέσθαι
3465 1842 3577 1911 (94)

2000 1957 2252 2024 λέγεται·
2283 1957 2318 2025 ἡ
2351 1953 2408 2006 δὲ
2441 1951 2548 2005 τῶν
2575 1949 2828 2004 τοιούτων
2858 1945 3150 2004 ἐλάττωσις
3168 1940 3227 1992 οὐ
3265 1934 3579 2007 σωματικήν

2001 2063 2122 2100 τινα
2146 2042 2239 2098 τοῦ
2268 2043 2492 2113 φυέντος
2512 2037 2854 2110 διασημαίνει
2877 2033 3193 2098 κολόϐωσιν,
3214 2028 3327 2082 ἀλλ’
3349 2025 3579 2080 ἑκάστου

2001 2139 2108 2192 τῶν
2137 2136 2278 2191 κατά
2318 2135 2377 2190 τὸ
2409 2133 2611 2204 ἀγαθὸν
2637 2129 2937 2200 νοουμένων
2975 2125 3086 2196 (95)
3120 2119 3376 2192 στέρησὶν
3401 2135 3460 2169 τε
3487 2116 3582 2168 καὶ

2001 2229 2375 2301 ἀλλοτρίωσιν.
2417 2226 2572 2280 Ἐπεὶ
2597 2220 2690 2278 οὖν
2716 2223 2776 2276 ἓν
2797 2239 2849 2275 τι
2877 2219 2982 2290 χρὴ
3021 2218 3237 2277 πάντως
3264 2212 3407 2301 περί
3426 2209 3579 2301 apag

2003 2312 2143 2370 εἶναι
2170 2297 2297 2369 ⁷τῶν
2349 2315 2468 2368 κατ’
2515 2312 2788 2367 ἀντίθεσιν
2828 2307 3152 2378 νοουμένων,
3190 2305 3224 2374 ἦ
3278 2300 3503 2370 ἀγαθὸν,
3543 2297 3579 2367 ἢ

2005 2406 2193 2469 κακὸν,
2216 2405 2454 2476 δηλονότι
2476 2403 2535 2456 τὸ
2559 2403 2617 2455 ὲν
2642 2400 2719 2471 τῷ
2748 2399 2938 2469 ἀγαθῷ
2963 2414 3084 2451 τινα
3110 2395 3288 2463 λέγειν
3320 2391 3394 2462 μὴ
3419 2385 3579 2452 εἶναι,

2005 2495 2276 2561 ἀπόδειξις
2298 2496 2508 2565 γίνεται
2532 2493 2621 2546 τοῦ
2643 2495 2700 2545 ὲν
2731 2492 2810 2562 τῷ
2835 2489 2990 2560 κακῷ
3011 2488 3225 2549 πάντως
3249 2483 3380 2555 (96).
3424 2479 3583 2532 Ἀλλά

2012 2590 2117 2661 μὴν
2146 2591 2275 2660 περὶ
2304 2588 2403 2659 τὴν
2440 2587 2656 2650 κακίαν,
2691 2586 2752 2638 οὐ
2782 2584 2936 2653 τιμὴ,
2974 2581 3036 2634 ού
3069 2579 3214 2646 δόξα,
3249 2578 3348 2630 ούκ
3374 2573 3585 2661 ἀφθαρ-

2010 2659 2119 2746 σία,
2151 2659 2487 2749 ούγδύναμις,
2529 2677 2767 2746 Ἀνάγκη
2808 2676 2960 2728 πᾶσα
2987 2671 3120 2743 (97),
3161 2670 3290 2739 περὶ
3320 2667 3379 2720 ὃν
3415 2665 3489 2736 μὴ
3515 2659 3584 2734 ἦν

2008 2771 2201 2834 ταῦτα,
2224 2771 2291 2824 τὰ
2319 2770 2526 2832 τούτοις
2558 2769 2669 2837 (98)
2704 2767 2763 2833 ἐξ
2790 2765 3063 2820 ἀντιθέτου
3095 2761 3361 2833 νοούμενα
3395 2757 3585 2826 παρεῖ-

334 2854 480 2906 malo
510 2852 715 2906 versari
743 2849 1167 2904 demonstratur.
1192 2852 1354 2920 Atqui
1382 2852 1525 2907 circa
1555 2853 1904 2908 vitiositatem

2009 2883 2134 2929 ναι,
2193 2863 2265 2934 μὴ
2302 2863 2682 2934 ἀμφιϐάλλειν,
2724 2859 3026 2919 ἀσθένειαν,
3065 2855 3310 2924 ἀτιμίαν,
3357 2847 3584 2919 φθορὰν,

337 2959 446 2997 non
474 2942 669 3004 honos,
716 2957 823 2994 non
865 2940 1058 3011 gloria,
1099 2957 1207 2995 non
1247 2942 1758 3012 incorruptibilitas,
1799 2959 1908 3000 non

335 3034 578 3106 potentia
625 3040 729 3088 est.
773 3033 1006 3088 Prorsus
1047 3035 1212 3104 igitur
1256 3049 1479 3089 necesse
1523 3042 1608 3090 cst
1653 3045 1710 3089 ut
1761 3037 1911 3093 circa

337 3140 499 3195 quem
553 3125 664 3178 haec
713 3140 821 3178 non
855 3125 984 3185 sint.
1031 3125 1160 3179 liuic
1190 3141 1251 3178 ea
1281 3142 1402 3196 qua:
1447 3142 1509 3180 ex
1542 3127 1795 3195 opposito
1830 3127 1913 3182 in-

337 3217 677 3286 telliguntur,
709 3217 899 3271 adesse
925 3232 1033 3270 non
1069 3216 1372 3280 dubitctur,
1403 3217 1770 3272 infirmitatem
1797 3219 1908 3273 sci-

336 3309 485 3371 licet,
549 3308 924 3377 ignominiam,
980 3309 1408 3377 corruptionem,
1463 3317 1516 3364 et
1570 3325 1914 3379 qurceunque

337 3401 458 3470 ejus
500 3400 716 3470 generis
763 3407 911 3465 sunt,
972 3400 1132 3468 cujus
1163 3399 1215 3452 in
1261 3399 1638 3470 superioribus
1692 3400 1916 3470 scriptis

337 3492 667 3548 mentionem
709 3491 960 3558 fecimus,
991 3509 1116 3546 cum
1142 3491 1450 3548 diceremus
1489 3493 1632 3562 quod
1669 3493 1703 3546 ii
1731 3492 1824 3562 qui
1849 3483 1914 3547 ex

339 3584 635 3640 vitiositate
663 3585 927 3640 contracti
971 3594 1101 3642 sunt
1144 3585 1342 3640 anima:
1373 3585 1548 3638 morbi
1585 3592 1749 3654 atque
1781 3583 1913 3640 affe-

339 3686 482 3743 ctus,
514 3693 636 3732 cum
666 3694 762 3748 per
793 3693 913 3733 eam
944 3686 1114 3732 totam
1140 3677 1321 3733 diilusi
1354 3677 1679 3740 coaluerint,
1714 3683 1768 3731 et
1791 3691 1914 3730 cum

339 3782 403 3821 ea
433 3768 572 3821 uniti
626 3767 850 3832 fuerint,
896 3769 1166 3838 ejusmodi
1211 3770 1475 3831 evadunt,
1524 3776 1584 3821 ut
1623 3768 1915 3824 difficulter

342 3858 459 3912 tolli
520 3864 682 3926 atque
747 3859 951 3912 aboleri
1014 3859 1250 3930 possint.
1302 3859 1527 3912 Talibus
1563 3858 1730 3929 igitur
1785 3873 1918 3912 cura

2011 2954 2106 3005 καὶ
2150 2953 2249 3005 ὅσα
2283 2951 2522 3006 τοιούτου
2571 2949 2684 3021 (99)
2724 2949 2916 3018 γένους
2961 2945 3132 3005 ἐστὶν,
3171 2941 3208 2996 ἃ
3245 2939 3322 3009 (1)
3372 2939 3430 2990 ὲν
3474 2936 3586 2997 τοῖς

2011 3041 2320 3114 ἔμπροσθεν
2351 3042 2564 3113 εἴρηται
2594 3041 2792 3109 λόγοις,
2823 3040 2924 3093 ὅσα
2955 3037 3032 3106 (‘2)
3062 3030 3483 3088 δυσαπάλλακτα
3511 3026 3587 3095 γί-

2011 3151 2161 3187 νεται
2190 3136 2255 3205 τῇ
2291 3131 2435 3204 ψυχῇ
2468 3133 2536 3187 τὰ
2581 3135 2646 3186 ὲκ
2698 3132 2897 3193 κακίας
2944 3128 3112 3196 πάθη,
3157 3123 3222 3177 δι’
3266 3122 3392 3192 ὅλης
3419 3119 3587 3189 αὐτῆς

2013 3226 2388 3295 ἀνακραθὲντα
2435 3227 2527 3278 καὶ
2571 3223 2907 3294 συμφυέντα,
2955 3220 3050 3278 καὶ
3088 3218 3145 3270 ἓν
3190 3214 3326 3286 πρὸς
3375 3210 3590 3276 ἐκείνην

2012 3317 2300 3388 γενόμενα.
2345 3315 2466 3368 Τῶν
2494 3315 2746 3368 τοιούτων
2787 3309 2879 3366 οὖν
2920 3311 3000 3380 (5)
3042 3311 3159 3371 ταῖς
3199 3306 3286 3358 διὰ
3313 3303 3483 3375 πυρὸς
3510 3300 3588 3370 (4)

2016 3408 2279 3478 ίατρείαις
2314 3406 2762 3478 ὲκκαθαρθέντων
2786 3422 2845 3457 τε
2873 3403 2966 3457 καὶ
2996 3399 3418 3468 ἀφανισθέντων.
3460 3394 3590 3446 ἕρκε’

2015 3515 2138 3550 στον
2167 3499 2275 3550 τῶν
2309 3498 2446 3568 πρὸς
2475 3497 2536 3550 τὸ
2579 3499 2827 3569 κρεῖττον
2873 3493 3176 3564 νοουμένων
3205 3483 3593 3544 ἀντεπελεύσε-

2012 3607 2101 3644 ται
2140 3589 2239 3661 (5),
2271 3591 2304 3660 ἡ
2331 3589 2632 3659 ἁφθαρσία,
2659 3590 2691 3659 ἡ
2718 3586 2831 3658 ζωὴ
2865 3585 2964 3654 (6).
3008 3587 3041 3654 ὴ
3075 3583 3232 3653 τιμὴ,
3268 3583 3301 3650 ἠ
3330 3577 3511 3649 χάρις,
3555 3576 3588 3644 ἦ

2010 3679 2158 3744 δόξα,
2190 3680 2224 3750 ἡ
2250 3679 2476 3750 δύναμις
2499 3680 2600 3748 (7),
2633 3679 2726 3731 κα).
2757 3678 2880 3730 εἴτι
2917 3676 3044 3731 ἄλλο
3069 3673 3307 3727 τοιοῦτον
3337 3670 3412 3740 (8)
3449 3667 3506 3719 ἐν
3532 3681 3593 3717 τε

2019 3770 2096 3840 τῷ
2129 3770 2246 3838 Θεῷ
2283 3770 2357 3839 (9)
2388 3769 2800 3840 ὲπιθεωρεῖσθαι
2833 3765 3146 3837 εἰκάζομεν,
3191 3762 3284 3816 καὶ
3323 3762 3388 3830 τῇ
3424 3756 3594 3811 εἰκόνι

2025 3859 2211 3924 αὐτοῦ,
2249 3861 2284 3930 ἦ
2313 3861 2397 3923 τίς
2427 3863 2574 3914 ἐστιν
2607 3863 2640 3931 ἡ
2671 3859 2983 3932 ἀνθρωπίνη
3016 3857 3176 3927 φύσις
3211 3853 3344 3924 (10).

343 3954 702 4008 conveniente
759 3955 1077 4025 expurgatis
1137 3964 1192 4009 et
1240 3955 1502 4024 expiatis,
1551 3934 1817 4024 quidquid
1867 3955 1920 4008 in
1966 3957 2246 4012 meliorem
2276 3965 2484 4027 partem
2542 3957 2883 4027 intelligitur,
2927 3954 3160 4008 invicem
3198 3956 3254 4004 et
3299 3949 3356 4001 in
3415 3945 3594 3998 locum

343 4062 532 4102 eorum
605 4048 881 4114 succedet,
953 4049 1468 4120 incorruptibilitas,
1524 4050 1656 4114 vita,
1720 4048 1917 4116 honor,
1977 4051 2177 4121 gratia,
2222 4052 2416 4122 gloria,
2465 4053 2744 4122 potentia:
2799 4051 2932 4106 etsi
2968 4049 3096 4120 quid
3134 4043 3279 4099 aliud
3345 4037 3597 4112 ejusdem

345 4143 490 4196 modi
523 4141 605 4196 vel
639 4142 693 4198 in
735 4144 857 4212 ipso
894 4142 1023 4208 Deo,
1054 4145 1139 4199 vel
1169 4145 1224 4199 in
1273 4145 1510 4216 imagine
1537 4145 1658 4216 ejus
1700 4155 1820 4216 qua:
1853 4151 1938 4202 est
1989 4145 2226 4201 lmmana
2268 4156 2464 4203 natura
2507 4149 2658 4204 cerni
2708 4147 3037 4218 conjicimus
3094 4150 3149 4198 et
3192 4139 3593 4198 existimamus.

345 4237 407 4294 Ei
433 4239 604 4308 gloria
640 4239 694 4298 in
725 4239 945 4304 saecula,
977 4233 1174 4296 Amen.

419 4397 529 4468 (88)
560 4398 976 4453 Συνανατελεῖ.
1015 4399 1052 4451 Β
1082 4401 1493 4455 συνανατέλλει.“

417 4469 530 4539 (89)
567 4468 711 4534 Τοῖς.
740 4471 784 4522 A
813 4472 854 4520 B
882 4469 1082 4524 delent.

418 4540 532 4606 (90)
563 4539 823 4604 Μεταξύ.
855 4541 896 4594 Α
924 4539 966 4592 Β
995 4539 1150 4608 μετὰ.

416 4607 532 4680 (91)
561 4609 873 4678 Διάφορον.
907 4609 950 4663 Α
981 4607 1291 4680 ἀδιάφορον.

415 4678 530 4750 (92)
559 4680 905 4750 Τεελείιοσίςζ
924 4680 964 4729 Β
993 4678 1288 4750 τελειότης.

563 4750 836 4820 Δυνάμει.
878 4749 920 4802 Β
944 4749 1249 4820 δυναστείᾳ.

414 4817 530 4888 (94)
563 4817 872 4874 Γενέσθαι.
910 4819 952 4872 Α
987 4819 1025 4870 Β
1053 4817 1316 4885 γίνεσθαι.

422 4888 536 4958 (95)
564 4889 932 4958 Νοουμένων.
971 4889 1011 4941 Β
1038 4891 1344 4958 νοουμένου.

419 4957 533 5028 (96)
561 4955 821 5028 mining.
853 4959 896 5012 Α
925 4959 964 5012 Β
997 4955 1202 5028 addunt
1233 4955 1391 5014 εἶναι.

423 5027 538 5098 (97)
569 5027 763 5082 Πᾶσα.
789 5030 833 5082 Δ
865 5033 1016 5083 πᾶσα
1037 5027 1148 5083 οὖν.

423 5097 539 5239 (98)
569 5097 649 5151 Τὰ
672 5099 922 5166 τούτοις.
954 5099 997 5153 A
1022 5100 1074 5153 in
1101 5099 1347 5169 margine
1375 5100 1567 5171 τούτῳ.

445 5168 514 5226 99
576 5170 872 5227 Τοιούτου.
906 5171 950 5227 Δ
987 5169 1080 5224 τοῦ
1121 5169 1383 5226 τοιούτου.

445 5168 539 5227 99)
576 5170 872 5227 Τοιούτου.
906 5171 950 5227 Δ
987 5169 1080 5224 τοῦ
1121 5168 1383 5226 τοιούτου.

2096 4400 2172 4470 (1)
2203 4399 2286 4451 Ἀ.
2319 4398 2362 4451 Α
2393 4397 2554 4470 ἅπερ.

2091 4467 2170 4538 (2)
2210 4469 2376 4521 Ὅσα.
2413 4469 2456 4520 Α
2488 4467 2528 4538 Β
2567 4467 2668 4538 ὅτε.

2090 4527 2169 4610 (5)
2214 4539 2337 4610 Τῶν
2371 4533 2587 4610 ζηοῦν.
2690 4527 2924 4610 τῷν-οὗν
2959 4551 3010 4585 τ.

2091 4598 2170 4679 (4)
2197 4608 2335 4674 Ταῖς
2365 4607 2461 4660 διὰ
2491 4606 2699 4679 ξτυρρς.
2734 4604 2775 4656 Δ
2802 4603 2858 4657 in
2887 4600 3134 4672 margine
3155 4604 3222 4672 τῇ
3251 4598 3600 4672 προσηκούσῃ

2021 4675 2309 4756 ἐπιμελείᾳ
2342 4675 2816 4756 ἐκκαθαρθέντωνὶ
2865 4741 2906 4756 ἢ
2946 4741 2960 4756 .
3150 4741 3169 4756 ‘
3226 4741 3240 4756 υ

2093 4741 2170 4822 (Β)
2217 4741 2752 4822 “retardati-getae.
2779 4745 2825 4822 _A
2865 4741 2907 4795 Β
2933 4741 3422 4822 ἀντεισελεύσεται.

2120 4811 2174 4884 6)
2213 4819 2280 4872 Ἢ
2309 4815 2440 4883 ζωή.
2476 4817 2530 4870 in
2562 4815 2601 4868 Β
2639 4815 2887 4884 sequitur
2923 4811 3226 4884 ἠδύναμις.

2120 4825 2153 4875 6
2213 4825 2280 4872 Ἡ
2309 4825 2440 4883 ζωή.
2476 4825 2530 4870 in
2562 4825 2601 4868 Β
2639 4825 2855 4884 sequitu

2095 4825 2177 4960 (7)
2209 4890 2280 4942 Ἢ
2300 4887 2583 4960 δύντῑμιςἒ
2611 4885 2770 4960 Delct_
2799 4883 2858 4936 Β.

2099 4954 2178 5027 (8)
2219 4954 2512 5027 Τοιοῦτοξξ.
2551 4954 2858 5027 Βᾷτοιοῦτ-ο.

2196 5030 2312 5102 _"E_r
2332 5025 2492 5102 teni)
2599 5025 2823 5102 Βαύτῴ
2849 5040 2909 5077 τε
2937 5041 2986 5102 τ.
3023 5023 3072 5078 θ.

2101 5091 2213 5170 (10)
2251 5097 2294 5150 Β
2330 5095 2500 5164 Δύτῷ
2524 5098 2562 5167 ἡ
2588 5096 2737 5162 δόξα
2763 5091 2846 5162 είς
2878 5093 3021 5162 τοὺς
3046 5092 3285 5158 αἰῶνας.
3323 5091 3528 5160 Ἀμήν.
