  <div class='ocr_page' id='page_1' title='image "/cluster/home/n/w/nwhite01/storage/ocr_20150623/46/mdp.39015011915447/088.png"; bbox 0 0 3950 6132; ppageno 0'>
   <div class='ocr_carea' id='block_1_1' title="bbox 340 308 437 368">
    <p class='ocr_par' dir='ltr' id='par_1_1' title="bbox 340 308 437 368">
     <span class='ocr_line' id='line_1_1' title="bbox 340 308 437 368; baseline -0.052 0"><span class='ocrx_word' id='word_1_1' title='bbox 340 308 437 368; x_wconf 68' lang='lat' dir='ltr'><strong>{Gl</strong></span> 
     </span>
    </p>
   </div>
   <div class='ocr_carea' id='block_1_2' title="bbox 1111 252 2836 366">
    <p class='ocr_par' dir='ltr' id='par_1_2' title="bbox 1111 252 2836 366">
     <span class='ocr_line' id='line_1_2' title="bbox 1111 252 2836 366; baseline -0.006 -13"><span class='ocrx_word' id='word_1_2' title='bbox 1111 298 1199 354; x_wconf 75' lang='lat' dir='ltr'><strong>or:</strong></span> <span class='ocrx_word' id='word_1_3' title='bbox 1238 295 1653 355; x_wconf 79' lang='lat' dir='ltr'><strong>INFANTIBUS</strong></span> <span class='ocrx_word' id='word_1_4' title='bbox 1697 294 1816 366; x_wconf 78' lang='lat' dir='ltr'><strong>om</strong></span> <span class='ocrx_word' id='word_1_5' title='bbox 1841 290 2317 350; x_wconf 52' lang='lat' dir='ltr'><strong>manuum;-</strong></span> <span class='ocrx_word' id='word_1_6' title='bbox 2339 252 2836 346; x_wconf 59' lang='lat' dir='ltr'><strong>mammarum</strong></span> 
     </span>
    </p>
   </div>
   <div class='ocr_carea' id='block_1_3' title="bbox 3470 288 3576 344">
    <p class='ocr_par' dir='ltr' id='par_1_3' title="bbox 3470 288 3576 344">
     <span class='ocr_line' id='line_1_3' title="bbox 3470 288 3576 344; baseline 0 -1"><span class='ocrx_word' id='word_1_7' title='bbox 3470 288 3576 344; x_wconf 68' lang='grc'><strong>162</strong></span> 
     </span>
    </p>
   </div>
   <div class='ocr_carea' id='block_1_4' title="bbox 653 438 3568 488">
    <p class='ocr_par' dir='ltr' id='par_1_4' title="bbox 653 438 3568 488">
     <span class='ocr_line' id='line_1_4' title="bbox 653 438 3568 488; baseline -0.004 0"><span class='ocrx_word' id='word_1_8' title='bbox 653 438 3568 488; x_wconf 67' lang='lat' dir='ltr'><em>W</em></span> 
     </span>
    </p>
   </div>
   <div class='ocr_carea' id='block_1_5' title="bbox 1583 607 2262 699">
    <p class='ocr_par' dir='ltr' id='par_1_5' title="bbox 1583 607 2262 699">
     <span class='ocr_line' id='line_1_5' title="bbox 1583 607 2262 699; baseline -0.01 0"><span class='ocrx_word' id='word_1_9' title='bbox 1583 612 1814 699; x_wconf 86' lang='grc' dir='ltr'><strong>ΤΟΥ</strong></span> <span class='ocrx_word' id='word_1_10' title='bbox 1886 607 2262 696; x_wconf 85' lang='grc' dir='ltr'>ΑΥΤΟΥ</span> 
     </span>
    </p>
   </div>
   <div class='ocr_carea' id='block_1_6' title="bbox 1077 802 2805 923">
    <p class='ocr_par' dir='ltr' id='par_1_6' title="bbox 1077 802 2805 923">
     <span class='ocr_line' id='line_1_6' title="bbox 1077 802 2805 923; baseline -0.006 0"><span class='ocrx_word' id='word_1_11' title='bbox 1077 809 1506 923; x_wconf 89' lang='grc' dir='ltr'><strong>ΠΕΡΙ</strong></span> <span class='ocrx_word' id='word_1_12' title='bbox 1626 806 1980 922; x_wconf 84' lang='grc' dir='ltr'><strong>ΤΩΝ</strong></span> <span class='ocrx_word' id='word_1_13' title='bbox 2116 802 2805 918; x_wconf 85' lang='grc' dir='ltr'><strong>ΝΗΠΙΩΝ</strong></span> 
     </span>
    </p>
   </div>
   <div class='ocr_carea' id='block_1_7' title="bbox 1457 1013 2478 1080">
    <p class='ocr_par' dir='ltr' id='par_1_7' title="bbox 1457 1013 2478 1080">
     <span class='ocr_line' id='line_1_7' title="bbox 1457 1013 2478 1080; baseline -0.012 -1"><span class='ocrx_word' id='word_1_14' title='bbox 1457 1023 1594 1078; x_wconf 80' lang='grc' dir='ltr'><strong>ΠΡΟ</strong></span> <span class='ocrx_word' id='word_1_15' title='bbox 1640 1020 1815 1075; x_wconf 80' lang='grc' dir='ltr'><strong>ΩΡΛΣ</strong></span> <span class='ocrx_word' id='word_1_16' title='bbox 1834 1013 2478 1080; x_wconf 73' lang='grc' dir='ltr'><strong>’ΛΦΔΡΠᾹΖΟΜΕΝΩΝ,</strong></span> 
     </span>
    </p>
   </div>
   <div class='ocr_carea' id='block_1_8' title="bbox 1720 1172 2217 1232">
    <p class='ocr_par' dir='ltr' id='par_1_8' title="bbox 1720 1172 2217 1232">
     <span class='ocr_line' id='line_1_8' title="bbox 1720 1172 2217 1232; baseline -0.012 0"><span class='ocrx_word' id='word_1_17' title='bbox 1720 1175 1922 1232; x_wconf 84' lang='grc' dir='ltr'><strong>ΠΡΟΣ</strong></span> <span class='ocrx_word' id='word_1_18' title='bbox 1965 1173 2115 1229; x_wconf 81' lang='lat' dir='ltr'><strong><em>IEPI</em></strong></span> <span class='ocrx_word' id='word_1_19' title='bbox 2117 1172 2217 1230; x_wconf 87' lang='grc' dir='ltr'><strong>ΟΝ</strong></span> 
     </span>
    </p>
   </div>
   <div class='ocr_carea' id='block_1_9' title="bbox 1666 1317 2208 1510">
    <p class='ocr_par' dir='ltr' id='par_1_9' title="bbox 1666 1414 2208 1510">
     <span class='ocr_line' id='line_1_9' title="bbox 1666 1414 2208 1510; baseline -0.006 0"><span class='ocrx_word' id='word_1_20' title='bbox 1666 1414 2208 1510; x_wconf 88' lang='lat' dir='ltr'><strong>EJUSDEM</strong></span> 
     </span>
    </p>
   </div>
   <div class='ocr_carea' id='block_1_10' title="bbox 1430 1632 2561 1753">
    <p class='ocr_par' dir='ltr' id='par_1_10' title="bbox 1430 1632 2561 1753">
     <span class='ocr_line' id='line_1_10' title="bbox 1430 1632 2561 1753; baseline -0.003 -3"><span class='ocrx_word' id='word_1_21' title='bbox 1430 1638 1612 1751; x_wconf 91' lang='lat' dir='ltr'><strong>DE</strong></span> <span class='ocrx_word' id='word_1_22' title='bbox 1691 1632 2561 1753; x_wconf 86' lang='lat' dir='ltr'><strong>INFANTIBUS</strong></span> 
     </span>
    </p>
   </div>
   <div class='ocr_carea' id='block_1_11' title="bbox 1329 1850 2584 1922">
    <p class='ocr_par' dir='ltr' id='par_1_11' title="bbox 1329 1850 2584 1922">
     <span class='ocr_line' id='line_1_11' title="bbox 1329 1850 2584 1922; baseline -0.002 -10"><span class='ocrx_word' id='word_1_23' title='bbox 1329 1851 1451 1922; x_wconf 84' lang='lat' dir='ltr'><strong>QUI</strong></span> <span class='ocrx_word' id='word_1_24' title='bbox 1533 1851 1990 1914; x_wconf 66' lang='lat' dir='ltr'><strong>PBIEMATURE</strong></span> <span class='ocrx_word' id='word_1_25' title='bbox 2083 1850 2584 1921; x_wconf 75' lang='lat' dir='ltr'><strong>ABRIPIUNTUB,</strong></span> 
     </span>
    </p>
   </div>
   <div class='ocr_carea' id='block_1_12' title="bbox 1730 2008 2234 2068">
    <p class='ocr_par' dir='ltr' id='par_1_12' title="bbox 1730 2008 2234 2068">
     <span class='ocr_line' id='line_1_12' title="bbox 1730 2008 2234 2068; baseline 0 -3"><span class='ocrx_word' id='word_1_26' title='bbox 1730 2009 1831 2066; x_wconf 81' lang='lat' dir='ltr'><strong>AD</strong></span> <span class='ocrx_word' id='word_1_27' title='bbox 1892 2008 2234 2068; x_wconf 76' lang='lat' dir='ltr'><strong>HIERIUM.</strong></span> 
     </span>
    </p>
   </div>
   <div class='ocr_carea' id='block_1_13' title="bbox 1533 2162 2369 2240">
    <p class='ocr_par' dir='ltr' id='par_1_13' title="bbox 1533 2162 2369 2240">
     <span class='ocr_line' id='line_1_13' title="bbox 1533 2162 2369 2240; baseline -0.001 -16"><span class='ocrx_word' id='word_1_28' title='bbox 1533 2162 1816 2226; x_wconf 76' lang='lat' dir='ltr'><strong>Laurentio</strong></span> <span class='ocrx_word' id='word_1_29' title='bbox 1853 2169 2043 2240; x_wconf 82' lang='lat' dir='ltr'><strong>Sifano</strong></span> <span class='ocrx_word' id='word_1_30' title='bbox 2073 2172 2369 2239; x_wconf 77' lang='lat' dir='ltr'><strong>interprete.</strong></span> 
     </span>
    </p>
   </div>
   <div class='ocr_carea' id='block_1_14' title="bbox 394 2378 1916 2476">
    <p class='ocr_par' dir='ltr' id='par_1_14' title="bbox 394 2378 1908 2476">
     <span class='ocr_line' id='line_1_14' title="bbox 394 2378 1908 2476; baseline 0.003 -19"><span class='ocrx_word' id='word_1_31' title='bbox 394 2401 485 2458; x_wconf 78' lang='grc' dir='ltr'><strong>Σοὶ</strong></span> <span class='ocrx_word' id='word_1_32' title='bbox 523 2400 649 2474; x_wconf 82' lang='grc' dir='ltr'>μὲν,</span> <span class='ocrx_word' id='word_1_33' title='bbox 697 2392 743 2456; x_wconf 77' lang='grc' dir='ltr'>ὦ</span> <span class='ocrx_word' id='word_1_34' title='bbox 773 2378 976 2475; x_wconf 76' lang='grc' dir='ltr'>ἄριστε,</span> <span class='ocrx_word' id='word_1_35' title='bbox 1024 2401 1222 2467; x_wconf 84' lang='grc' dir='ltr'>πάντες</span> <span class='ocrx_word' id='word_1_36' title='bbox 1257 2404 1505 2474; x_wconf 87' lang='grc' dir='ltr'>σοφισταί</span> <span class='ocrx_word' id='word_1_37' title='bbox 1533 2423 1591 2461; x_wconf 89' lang='grc' dir='ltr'><strong>τε</strong></span> <span class='ocrx_word' id='word_1_38' title='bbox 1629 2407 1724 2461; x_wconf 77' lang='grc' dir='ltr'>καὶ</span> <span class='ocrx_word' id='word_1_39' title='bbox 1753 2403 1908 2476; x_wconf 85' lang='grc' dir='ltr'>λογο-</span> 
     </span>
    </p>
   </div>
   <div class='ocr_carea' id='block_1_15' title="bbox 2017 2378 3583 2476">
    <p class='ocr_par' dir='ltr' id='par_1_15' title="bbox 2084 2400 3583 2475">
     <span class='ocr_line' id='line_1_15' title="bbox 2084 2400 3583 2475; baseline 0.003 -17"><span class='ocrx_word' id='word_1_40' title='bbox 2084 2402 2310 2460; x_wconf 90' lang='lat' dir='ltr'><strong>Dicendi</strong></span> <span class='ocrx_word' id='word_1_41' title='bbox 2351 2400 2574 2474; x_wconf 84' lang='lat' dir='ltr'><strong>quidem</strong></span> <span class='ocrx_word' id='word_1_42' title='bbox 2604 2402 2738 2466; x_wconf 91' lang='lat' dir='ltr'><strong>vim,</strong></span> <span class='ocrx_word' id='word_1_43' title='bbox 2774 2417 2880 2473; x_wconf 90' lang='lat' dir='ltr'><strong>qua</strong></span> <span class='ocrx_word' id='word_1_44' title='bbox 2915 2402 3147 2474; x_wconf 89' lang='lat' dir='ltr'><strong>quisque</strong></span> <span class='ocrx_word' id='word_1_45' title='bbox 3174 2405 3433 2475; x_wconf 70' lang='lat' dir='ltr'><strong>prmditus</strong></span> <span class='ocrx_word' id='word_1_46' title='bbox 3469 2406 3583 2461; x_wconf 76' lang='lat' dir='ltr'><strong>fuc-</strong></span> 
     </span>
    </p>
   </div>
   <div class='ocr_carea' id='block_1_16' title="bbox 327 2485 1907 2567">
    <p class='ocr_par' dir='ltr' id='par_1_16' title="bbox 327 2485 1907 2567">
     <span class='ocr_line' id='line_1_16' title="bbox 327 2485 1907 2567; baseline 0.001 -18"><span class='ocrx_word' id='word_1_47' title='bbox 327 2485 532 2567; x_wconf 63' lang='grc' dir='ltr'>γράφοι</span> <span class='ocrx_word' id='word_1_48' title='bbox 566 2496 669 2567; x_wconf 82' lang='grc' dir='ltr'>τὴν</span> <span class='ocrx_word' id='word_1_49' title='bbox 700 2493 794 2547; x_wconf 83' lang='grc' dir='ltr'>τοῦ</span> <span class='ocrx_word' id='word_1_50' title='bbox 826 2495 1004 2562; x_wconf 80' lang='grc' dir='ltr'>λέγειν</span> <span class='ocrx_word' id='word_1_51' title='bbox 1034 2494 1249 2559; x_wconf 85' lang='grc' dir='ltr'>πάντως</span> <span class='ocrx_word' id='word_1_52' title='bbox 1278 2495 1633 2563; x_wconf 81' lang='grc' dir='ltr'>ὲπιδείξονται</span> <span class='ocrx_word' id='word_1_53' title='bbox 1658 2498 1907 2567; x_wconf 88' lang='grc' dir='ltr'>δύναμιν,</span> 
     </span>
    </p>
   </div>
   <div class='ocr_carea' id='block_1_17' title="bbox 324 2583 1915 2658">
    <p class='ocr_par' dir='ltr' id='par_1_17' title="bbox 324 2583 1915 2658">
     <span class='ocr_line' id='line_1_17' title="bbox 324 2583 1915 2658; baseline 0 -18"><span class='ocrx_word' id='word_1_54' title='bbox 324 2583 432 2640; x_wconf 74' lang='grc' dir='ltr'>οἷόν</span> <span class='ocrx_word' id='word_1_55' title='bbox 456 2604 573 2640; x_wconf 89' lang='grc' dir='ltr'>τινι</span> <span class='ocrx_word' id='word_1_56' title='bbox 607 2585 805 2656; x_wconf 79' lang='grc' dir='ltr'><strong>σταδίῳ</strong></span> <span class='ocrx_word' id='word_1_57' title='bbox 830 2585 908 2656; x_wconf 83' lang='grc' dir='ltr'>τῷ</span> <span class='ocrx_word' id='word_1_58' title='bbox 937 2586 1127 2639; x_wconf 80' lang='grc' dir='ltr'>πλάτει</span> <span class='ocrx_word' id='word_1_59' title='bbox 1144 2586 1252 2641; x_wconf 89' lang='grc' dir='ltr'><strong>τῶν</strong></span> <span class='ocrx_word' id='word_1_60' title='bbox 1283 2586 1389 2640; x_wconf 92' lang='grc' dir='ltr'><strong>σῶν</strong></span> <span class='ocrx_word' id='word_1_61' title='bbox 1421 2588 1713 2658; x_wconf 83' lang='grc' dir='ltr'><strong>θαυμάτων</strong></span> <span class='ocrx_word' id='word_1_62' title='bbox 1743 2587 1915 2641; x_wconf 69' lang='grc' dir='ltr'>ὲνδιαρ</span> 
     </span>
    </p>
   </div>
   <div class='ocr_carea' id='block_1_18' title="bbox 326 2672 1914 2749">
    <p class='ocr_par' dir='ltr' id='par_1_18' title="bbox 326 2672 1914 2749">
     <span class='ocr_line' id='line_1_18' title="bbox 326 2672 1914 2749; baseline 0.001 -19"><span class='ocrx_word' id='word_1_63' title='bbox 326 2676 571 2740; x_wconf 82' lang='grc' dir='ltr'>θέοντες.</span> <span class='ocrx_word' id='word_1_64' title='bbox 608 2676 722 2730; x_wconf 78' lang='grc' dir='ltr'><strong>Καὶ</strong></span> <span class='ocrx_word' id='word_1_65' title='bbox 750 2674 860 2745; x_wconf 86' lang='grc' dir='ltr'><strong>γάρ</strong></span> <span class='ocrx_word' id='word_1_66' title='bbox 897 2692 1015 2739; x_wconf 87' lang='grc' dir='ltr'><strong>πως</strong></span> <span class='ocrx_word' id='word_1_67' title='bbox 1041 2672 1178 2730; x_wconf 73' lang='grc' dir='ltr'>οἶδεν</span> <span class='ocrx_word' id='word_1_68' title='bbox 1206 2677 1713 2749; x_wconf 87' lang='grc' dir='ltr'>μεγαλοφωνότερον</span> <span class='ocrx_word' id='word_1_69' title='bbox 1743 2676 1914 2731; x_wconf 80' lang='grc' dir='ltr'>ποιεῖν</span> 
     </span>
    </p>
   </div>
   <div class='ocr_carea' id='block_1_19' title="bbox 323 2765 1917 2839">
    <p class='ocr_par' dir='ltr' id='par_1_19' title="bbox 323 2765 1917 2839">
     <span class='ocr_line' id='line_1_19' title="bbox 323 2765 1917 2839; baseline 0 -18"><span class='ocrx_word' id='word_1_70' title='bbox 323 2769 413 2822; x_wconf 83' lang='grc' dir='ltr'><strong>τδν</strong></span> <span class='ocrx_word' id='word_1_71' title='bbox 445 2768 614 2835; x_wconf 91' lang='grc' dir='ltr'>λόγον</span> <span class='ocrx_word' id='word_1_72' title='bbox 641 2765 863 2836; x_wconf 86' lang='grc' dir='ltr'>γενναία</span> <span class='ocrx_word' id='word_1_73' title='bbox 892 2784 975 2829; x_wconf 89' lang='grc' dir='ltr'><strong>τις</strong></span> <span class='ocrx_word' id='word_1_74' title='bbox 1003 2766 1320 2838; x_wconf 84' lang='grc' dir='ltr'>ἀμφιλαφὴς</span> <span class='ocrx_word' id='word_1_75' title='bbox 1348 2767 1669 2839; x_wconf 83' lang='grc' dir='ltr'>προτεθεῖσα</span> <span class='ocrx_word' id='word_1_76' title='bbox 1692 2770 1805 2831; x_wconf 88' lang='grc' dir='ltr'>τοῖς</span> <span class='ocrx_word' id='word_1_77' title='bbox 1828 2767 1917 2821; x_wconf 87' lang='grc' dir='ltr'>δυ-</span> 
     </span>
    </p>
   </div>
   <div class='ocr_carea' id='block_1_20' title="bbox 325 2856 1915 2929">
    <p class='ocr_par' dir='ltr' id='par_1_20' title="bbox 325 2856 1915 2929">
     <span class='ocr_line' id='line_1_20' title="bbox 325 2856 1915 2929; baseline -0.001 -18"><span class='ocrx_word' id='word_1_78' title='bbox 325 2858 591 2928; x_wconf 81' lang='grc' dir='ltr'>ναμένοις</span> <span class='ocrx_word' id='word_1_79' title='bbox 626 2857 899 2920; x_wconf 83' lang='grc' dir='ltr'>ὑπόθεσις,</span> <span class='ocrx_word' id='word_1_80' title='bbox 932 2857 1060 2927; x_wconf 80' lang='grc' dir='ltr'>περὶ</span> <span class='ocrx_word' id='word_1_81' title='bbox 1088 2857 1156 2927; x_wconf 79' lang='grc' dir='ltr'>ἢν</span> <span class='ocrx_word' id='word_1_82' title='bbox 1190 2856 1416 2927; x_wconf 72' lang='grc' dir='ltr'>ὑψοῦται</span> <span class='ocrx_word' id='word_1_83' title='bbox 1442 2858 1469 2908; x_wconf 99' lang='lat'><strong>6</strong></span> <span class='ocrx_word' id='word_1_84' title='bbox 1505 2858 1680 2927; x_wconf 82' lang='grc' dir='ltr'><strong>λόγος,</strong></span> <span class='ocrx_word' id='word_1_85' title='bbox 1713 2857 1792 2928; x_wconf 83' lang='grc' dir='ltr'>τῷ</span> <span class='ocrx_word' id='word_1_86' title='bbox 1821 2875 1915 2929; x_wconf 84' lang='grc' dir='ltr'>με·</span> 
     </span>
    </p>
   </div>
   <div class='ocr_carea' id='block_1_21' title="bbox 328 2947 1917 3019">
    <p class='ocr_par' dir='ltr' id='par_1_21' title="bbox 328 2947 1917 3019">
     <span class='ocr_line' id='line_1_21' title="bbox 328 2947 1917 3019; baseline -0.001 -16"><span class='ocrx_word' id='word_1_87' title='bbox 328 2949 478 3017; x_wconf 85' lang='grc' dir='ltr'>γὲθει</span> <span class='ocrx_word' id='word_1_88' title='bbox 534 2948 646 3002; x_wconf 76' lang='grc' dir='ltr'><strong>τῶν</strong></span> <span class='ocrx_word' id='word_1_89' title='bbox 684 2947 1023 3019; x_wconf 76' lang='grc' dir='ltr'><strong>πραγμάτων</strong></span> <span class='ocrx_word' id='word_1_90' title='bbox 1070 2948 1546 3019; x_wconf 85' lang='grc' dir='ltr'>συνεπαιρόμενος.</span> <span class='ocrx_word' id='word_1_91' title='bbox 1624 2948 1815 3018; x_wconf 83' lang='grc' dir='ltr'><strong>Ἡμεῖς</strong></span> <span class='ocrx_word' id='word_1_92' title='bbox 1859 2948 1917 3001; x_wconf 83' lang='grc' dir='ltr'>δὲ</span> 
     </span>
    </p>
   </div>
   <div class='ocr_carea' id='block_1_22' title="bbox 328 3038 1915 3111">
    <p class='ocr_par' dir='ltr' id='par_1_22' title="bbox 328 3038 1915 3111">
     <span class='ocr_line' id='line_1_22' title="bbox 328 3038 1915 3111; baseline -0.001 -18"><span class='ocrx_word' id='word_1_93' title='bbox 328 3041 468 3094; x_wconf 75' lang='grc' dir='ltr'>κατὰ</span> <span class='ocrx_word' id='word_1_94' title='bbox 495 3041 631 3103; x_wconf 78' lang='grc' dir='ltr'>τοὺς</span> <span class='ocrx_word' id='word_1_95' title='bbox 659 3040 917 3111; x_wconf 77' lang='grc' dir='ltr'>γηραιοὺς</span> <span class='ocrx_word' id='word_1_96' title='bbox 959 3039 1067 3093; x_wconf 88' lang='grc' dir='ltr'><strong>τῶν</strong></span> <span class='ocrx_word' id='word_1_97' title='bbox 1107 3039 1290 3092; x_wconf 78' lang='grc' dir='ltr'>ἵππων</span> <span class='ocrx_word' id='word_1_98' title='bbox 1323 3039 1426 3104; x_wconf 74' lang='grc' dir='ltr'>ἔξω</span> <span class='ocrx_word' id='word_1_99' title='bbox 1453 3038 1547 3090; x_wconf 80' lang='grc' dir='ltr'>τοῦ</span> <span class='ocrx_word' id='word_1_100' title='bbox 1577 3038 1789 3092; x_wconf 82' lang='grc' dir='ltr'><strong>σταδίου</strong></span> <span class='ocrx_word' id='word_1_101' title='bbox 1818 3039 1915 3109; x_wconf 86' lang='grc' dir='ltr'>τῆς</span> 
     </span>
    </p>
   </div>
   <div class='ocr_carea' id='block_1_23' title="bbox 329 3125 1916 3200">
    <p class='ocr_par' dir='ltr' id='par_1_23' title="bbox 329 3125 1916 3200">
     <span class='ocr_line' id='line_1_23' title="bbox 329 3125 1916 3200; baseline -0.003 -15"><span class='ocrx_word' id='word_1_102' title='bbox 329 3130 650 3193; x_wconf 76' lang='grc' dir='ltr'>ὑποθέσεως</span> <span class='ocrx_word' id='word_1_103' title='bbox 684 3130 956 3200; x_wconf 83' lang='grc' dir='ltr'>μένοντες,</span> <span class='ocrx_word' id='word_1_104' title='bbox 995 3131 1056 3182; x_wconf 80' lang='grc' dir='ltr'><strong>τὸ</strong></span> <span class='ocrx_word' id='word_1_105' title='bbox 1101 3125 1196 3193; x_wconf 85' lang='grc' dir='ltr'><strong>οὖς</strong></span> <span class='ocrx_word' id='word_1_106' title='bbox 1230 3130 1385 3200; x_wconf 87' lang='grc' dir='ltr'>μόνον</span> <span class='ocrx_word' id='word_1_107' title='bbox 1426 3130 1545 3191; x_wconf 86' lang='grc' dir='ltr'>ταῖς</span> <span class='ocrx_word' id='word_1_108' title='bbox 1576 3129 1667 3180; x_wconf 76' lang='grc' dir='ltr'>ἐπὶ</span> <span class='ocrx_word' id='word_1_109' title='bbox 1706 3129 1787 3181; x_wconf 70' lang='grc' dir='ltr'><strong>σοὶ</strong></span> <span class='ocrx_word' id='word_1_110' title='bbox 1809 3128 1916 3180; x_wconf 92' lang='grc' dir='ltr'><strong>τῶν</strong></span> 
     </span>
    </p>
   </div>
   <div class='ocr_carea' id='block_1_24' title="bbox 327 3219 1917 3293">
    <p class='ocr_par' dir='ltr' id='par_1_24' title="bbox 327 3219 1917 3293">
     <span class='ocr_line' id='line_1_24' title="bbox 327 3219 1917 3293; baseline -0.001 -18"><span class='ocrx_word' id='word_1_111' title='bbox 327 3223 503 3292; x_wconf 75' lang='grc' dir='ltr'>λόγων</span> <span class='ocrx_word' id='word_1_112' title='bbox 543 3221 796 3292; x_wconf 80' lang='grc' dir='ltr'>ἁμίλλαις</span> <span class='ocrx_word' id='word_1_113' title='bbox 818 3221 1264 3293; x_wconf 79' lang='grc' dir='ltr'>διαναστὴσομεν,</span> <span class='ocrx_word' id='word_1_114' title='bbox 1293 3220 1346 3272; x_wconf 77' lang='grc' dir='ltr'>ετ</span> <span class='ocrx_word' id='word_1_115' title='bbox 1364 3219 1467 3273; x_wconf 87' lang='grc' dir='ltr'><strong>πού</strong></span> <span class='ocrx_word' id='word_1_116' title='bbox 1491 3237 1573 3283; x_wconf 83' lang='grc' dir='ltr'><strong>τις</strong></span> <span class='ocrx_word' id='word_1_117' title='bbox 1602 3221 1696 3274; x_wconf 75' lang='grc' dir='ltr'>καὶ</span> <span class='ocrx_word' id='word_1_118' title='bbox 1727 3219 1917 3290; x_wconf 84' lang='grc' dir='ltr'><strong>μέχρις</strong></span> 
     </span>
    </p>
   </div>
   <div class='ocr_carea' id='block_1_25' title="bbox 332 3309 1919 3386">
    <p class='ocr_par' dir='ltr' id='par_1_25' title="bbox 332 3309 1919 3386">
     <span class='ocr_line' id='line_1_25' title="bbox 332 3309 1919 3386; baseline -0.003 -19"><span class='ocrx_word' id='word_1_119' title='bbox 332 3315 488 3386; x_wconf 80' lang='grc' dir='ltr'>ἡμῶν</span> <span class='ocrx_word' id='word_1_120' title='bbox 544 3313 801 3383; x_wconf 80' lang='grc' dir='ltr'><strong>φθάσειεν</strong></span> <span class='ocrx_word' id='word_1_121' title='bbox 852 3309 1018 3384; x_wconf 82' lang='grc' dir='ltr'>ἦχος,</span> <span class='ocrx_word' id='word_1_122' title='bbox 1068 3311 1143 3382; x_wconf 77' lang='grc' dir='ltr'>τῷ</span> <span class='ocrx_word' id='word_1_123' title='bbox 1183 3311 1397 3383; x_wconf 84' lang='grc' dir='ltr'>σφοδρῷ</span> <span class='ocrx_word' id='word_1_124' title='bbox 1442 3329 1501 3364; x_wconf 89' lang='grc' dir='ltr'><strong>τε</strong></span> <span class='ocrx_word' id='word_1_125' title='bbox 1536 3311 1628 3364; x_wconf 77' lang='grc' dir='ltr'><strong>καὶ</strong></span> <span class='ocrx_word' id='word_1_126' title='bbox 1671 3328 1919 3364; x_wconf 88' lang='grc' dir='ltr'>συντετα-</span> 
     </span>
    </p>
   </div>
   <div class='ocr_carea' id='block_1_26' title="bbox 238 3402 1916 3479">
    <p class='ocr_par' dir='ltr' id='par_1_26' title="bbox 238 3402 1916 3479">
     <span class='ocr_line' id='line_1_26' title="bbox 238 3402 1916 3479; baseline -0.004 -18"><span class='ocrx_word' id='word_1_127' title='bbox 238 3437 242 3440; x_wconf 85' lang='lat'><strong>~</strong></span> <span class='ocrx_word' id='word_1_128' title='bbox 335 3408 481 3479; x_wconf 83' lang='grc' dir='ltr'>μένῳ</span> <span class='ocrx_word' id='word_1_129' title='bbox 536 3405 614 3477; x_wconf 80' lang='grc' dir='ltr'><strong>τῷ</strong></span> <span class='ocrx_word' id='word_1_130' title='bbox 648 3404 852 3476; x_wconf 73' lang='grc' dir='ltr'>ἅρματι</span> <span class='ocrx_word' id='word_1_131' title='bbox 893 3406 981 3458; x_wconf 83' lang='grc' dir='ltr'>διὰ</span> <span class='ocrx_word' id='word_1_132' title='bbox 1016 3404 1125 3457; x_wconf 90' lang='grc' dir='ltr'><strong>τῶν</strong></span> <span class='ocrx_word' id='word_1_133' title='bbox 1159 3404 1267 3457; x_wconf 85' lang='grc' dir='ltr'>σῶν</span> <span class='ocrx_word' id='word_1_134' title='bbox 1300 3403 1592 3474; x_wconf 81' lang='grc' dir='ltr'>θαυμάτων</span> <span class='ocrx_word' id='word_1_135' title='bbox 1642 3402 1731 3456; x_wconf 81' lang='grc' dir='ltr'><strong>τὸν</strong></span> <span class='ocrx_word' id='word_1_136' title='bbox 1763 3403 1916 3470; x_wconf 80' lang='grc' dir='ltr'>λόγον</span> 
     </span>
    </p>
   </div>
   <div class='ocr_carea' id='block_1_27' title="bbox 334 3492 1917 3565">
    <p class='ocr_par' dir='ltr' id='par_1_27' title="bbox 334 3492 1917 3565">
     <span class='ocr_line' id='line_1_27' title="bbox 334 3492 1917 3565; baseline -0.004 -14"><span class='ocrx_word' id='word_1_137' title='bbox 334 3497 605 3552; x_wconf 78' lang='grc' dir='ltr'>ἐλαύνων.</span> <span class='ocrx_word' id='word_1_138' title='bbox 671 3496 888 3565; x_wconf 75' lang='grc' dir='ltr'>Ἐπειδὴ</span> <span class='ocrx_word' id='word_1_139' title='bbox 926 3495 983 3548; x_wconf 85' lang='grc' dir='ltr'>δὲ</span> <span class='ocrx_word' id='word_1_140' title='bbox 1020 3495 1304 3565; x_wconf 77' lang='grc' dir='ltr'>συμϐαίνει</span> <span class='ocrx_word' id='word_1_141' title='bbox 1337 3494 1435 3548; x_wconf 79' lang='grc' dir='ltr'><strong>κᾶν</strong></span> <span class='ocrx_word' id='word_1_142' title='bbox 1463 3495 1566 3547; x_wconf 82' lang='grc' dir='ltr'><strong>ὑπὸ</strong></span> <span class='ocrx_word' id='word_1_143' title='bbox 1595 3495 1780 3565; x_wconf 86' lang='grc' dir='ltr'>γήρως</span> <span class='ocrx_word' id='word_1_144' title='bbox 1814 3492 1917 3559; x_wconf 74' lang='grc' dir='ltr'>ἔξω</span> 
     </span>
    </p>
   </div>
   <div class='ocr_carea' id='block_1_28' title="bbox 334 3585 1917 3671">
    <p class='ocr_par' dir='ltr' id='par_1_28' title="bbox 334 3585 1917 3671">
     <span class='ocr_line' id='line_1_28' title="bbox 334 3585 1917 3671; baseline -0.004 -29"><span class='ocrx_word' id='word_1_145' title='bbox 334 3591 467 3662; x_wconf 68' lang='grc' dir='ltr'>μένῃ</span> <span class='ocrx_word' id='word_1_146' title='bbox 492 3587 610 3643; x_wconf 83' lang='grc' dir='ltr'><strong>τῶν</strong></span> <span class='ocrx_word' id='word_1_147' title='bbox 631 3587 856 3658; x_wconf 81' lang='grc' dir='ltr'><strong>ἀγώνων</strong></span> <span class='ocrx_word' id='word_1_148' title='bbox 883 3588 912 3640; x_wconf 91' lang='grc' dir='ltr'><strong>ό</strong></span> <span class='ocrx_word' id='word_1_149' title='bbox 936 3589 1117 3671; x_wconf 67' lang='grc' dir='ltr'>ἵππος,</span> <span class='ocrx_word' id='word_1_150' title='bbox 1146 3587 1402 3649; x_wconf 73' lang='grc' dir='ltr'>πολλάκις</span> <span class='ocrx_word' id='word_1_151' title='bbox 1424 3587 1583 3641; x_wconf 77' lang='grc' dir='ltr'>αὐτὸν</span> <span class='ocrx_word' id='word_1_152' title='bbox 1616 3586 1691 3656; x_wconf 83' lang='grc' dir='ltr'>τῷ</span> <span class='ocrx_word' id='word_1_153' title='bbox 1727 3585 1917 3655; x_wconf 82' lang='grc' dir='ltr'><strong>κτύπῳ</strong></span> 
     </span>
    </p>
   </div>
   <div class='ocr_carea' id='block_1_29' title="bbox 330 3677 1913 3750">
    <p class='ocr_par' dir='ltr' id='par_1_29' title="bbox 330 3677 1913 3750">
     <span class='ocr_line' id='line_1_29' title="bbox 330 3677 1913 3750; baseline -0.003 -17"><span class='ocrx_word' id='word_1_154' title='bbox 330 3680 437 3735; x_wconf 87' lang='grc' dir='ltr'><strong>τῶν</strong></span> <span class='ocrx_word' id='word_1_155' title='bbox 477 3680 987 3750; x_wconf 82' lang='grc' dir='ltr'>κατακροαινόντων</span> <span class='ocrx_word' id='word_1_156' title='bbox 1024 3680 1101 3743; x_wconf 87' lang='grc' dir='ltr'><strong>είς</strong></span> <span class='ocrx_word' id='word_1_157' title='bbox 1156 3678 1461 3749; x_wconf 83' lang='grc' dir='ltr'>προθυμίαν</span> <span class='ocrx_word' id='word_1_158' title='bbox 1494 3677 1913 3748; x_wconf 85' lang='grc' dir='ltr'>διεγειρόμενον,</span> 
     </span>
    </p>
   </div>
   <div class='ocr_carea' id='block_1_30' title="bbox 2012 2497 3581 2565">
    <p class='ocr_par' dir='ltr' id='par_1_30' title="bbox 2012 2497 3581 2565">
     <span class='ocr_line' id='line_1_30' title="bbox 2012 2497 3581 2565; baseline 0.002 -15"><span class='ocrx_word' id='word_1_159' title='bbox 2012 2497 2106 2561; x_wconf 90' lang='lat' dir='ltr'><strong>rit,</strong></span> <span class='ocrx_word' id='word_1_160' title='bbox 2150 2509 2341 2549; x_wconf 91' lang='lat' dir='ltr'><strong>omnes</strong></span> <span class='ocrx_word' id='word_1_161' title='bbox 2380 2502 2434 2548; x_wconf 92' lang='lat' dir='ltr'><strong>et</strong></span> <span class='ocrx_word' id='word_1_162' title='bbox 2480 2501 2731 2548; x_wconf 90' lang='lat' dir='ltr'><strong>oratores</strong></span> <span class='ocrx_word' id='word_1_163' title='bbox 2764 2503 2817 2548; x_wconf 92' lang='lat' dir='ltr'><strong>et</strong></span> <span class='ocrx_word' id='word_1_164' title='bbox 2870 2509 3052 2549; x_wconf 91' lang='lat' dir='ltr'><strong>rerum</strong></span> <span class='ocrx_word' id='word_1_165' title='bbox 3103 2497 3396 2565; x_wconf 88' lang='lat' dir='ltr'><strong>scriptores</strong></span> <span class='ocrx_word' id='word_1_166' title='bbox 3437 2498 3581 2553; x_wconf 88' lang='lat' dir='ltr'><strong>haud</strong></span> 
     </span>
    </p>
   </div>
   <div class='ocr_carea' id='block_1_31' title="bbox 2013 2583 3582 2657">
    <p class='ocr_par' dir='ltr' id='par_1_31' title="bbox 2013 2583 3582 2657">
     <span class='ocr_line' id='line_1_31' title="bbox 2013 2583 3582 2657; baseline 0.003 -19"><span class='ocrx_word' id='word_1_167' title='bbox 2013 2584 2302 2638; x_wconf 81' lang='lat' dir='ltr'><strong>diﬂiculter</strong></span> <span class='ocrx_word' id='word_1_168' title='bbox 2332 2583 2450 2647; x_wconf 85' lang='lat' dir='ltr'><strong>tibi,</strong></span> <span class='ocrx_word' id='word_1_169' title='bbox 2486 2598 2520 2636; x_wconf 89' lang='grc' dir='ltr'><strong>ο</strong></span> <span class='ocrx_word' id='word_1_170' title='bbox 2549 2584 2630 2635; x_wconf 89' lang='lat' dir='ltr'><strong>vir</strong></span> <span class='ocrx_word' id='word_1_171' title='bbox 2673 2584 2897 2652; x_wconf 87' lang='lat' dir='ltr'><strong>optime,</strong></span> <span class='ocrx_word' id='word_1_172' title='bbox 2928 2584 3094 2638; x_wconf 86' lang='lat' dir='ltr'><strong>veluti</strong></span> <span class='ocrx_word' id='word_1_173' title='bbox 3132 2585 3184 2638; x_wconf 93' lang='lat' dir='ltr'><strong>in</strong></span> <span class='ocrx_word' id='word_1_174' title='bbox 3227 2585 3401 2641; x_wconf 86' lang='lat' dir='ltr'><strong>stadio</strong></span> <span class='ocrx_word' id='word_1_175' title='bbox 3444 2603 3582 2657; x_wconf 83' lang='lat' dir='ltr'><strong>quo-</strong></span> 
     </span>
    </p>
   </div>
   <div class='ocr_carea' id='block_1_32' title="bbox 2014 2674 3583 2745">
    <p class='ocr_par' dir='ltr' id='par_1_32' title="bbox 2014 2674 3583 2745">
     <span class='ocr_line' id='line_1_32' title="bbox 2014 2674 3583 2745; baseline 0.003 -16"><span class='ocrx_word' id='word_1_176' title='bbox 2014 2674 2137 2730; x_wconf 88' lang='lat' dir='ltr'><strong>dam</strong></span> <span class='ocrx_word' id='word_1_177' title='bbox 2192 2690 2288 2745; x_wconf 88' lang='lat' dir='ltr'><strong>per</strong></span> <span class='ocrx_word' id='word_1_178' title='bbox 2324 2674 2739 2743; x_wconf 88' lang='lat' dir='ltr'><strong>amplitudinem</strong></span> <span class='ocrx_word' id='word_1_179' title='bbox 2788 2675 3176 2729; x_wconf 77' lang='lat' dir='ltr'><strong>miraculorum</strong></span> <span class='ocrx_word' id='word_1_180' title='bbox 3216 2686 3432 2732; x_wconf 90' lang='lat' dir='ltr'><strong>tuorum</strong></span> <span class='ocrx_word' id='word_1_181' title='bbox 3469 2679 3583 2734; x_wconf 83' lang='lat' dir='ltr'><strong>dis-</strong></span> 
     </span>
    </p>
   </div>
   <div class='ocr_carea' id='block_1_33' title="bbox 2015 2762 3586 2837">
    <p class='ocr_par' dir='ltr' id='par_1_33' title="bbox 2015 2762 3586 2837">
     <span class='ocr_line' id='line_1_33' title="bbox 2015 2762 3586 2837; baseline 0.003 -17"><span class='ocrx_word' id='word_1_182' title='bbox 2015 2773 2303 2820; x_wconf 75' lang='lat' dir='ltr'><strong>currentes</strong></span> <span class='ocrx_word' id='word_1_183' title='bbox 2359 2764 2547 2831; x_wconf 89' lang='lat' dir='ltr'><strong>utiqne</strong></span> <span class='ocrx_word' id='word_1_184' title='bbox 2588 2762 3044 2819; x_wconf 76' lang='lat' dir='ltr'><strong>demonstrabant</strong></span> <span class='ocrx_word' id='word_1_185' title='bbox 3079 2783 3092 2819; x_wconf 94' lang='lat'><strong>:</strong></span> <span class='ocrx_word' id='word_1_186' title='bbox 3123 2767 3325 2820; x_wconf 88' lang='lat' dir='ltr'><strong>etenim</strong></span> <span class='ocrx_word' id='word_1_187' title='bbox 3367 2769 3586 2837; x_wconf 68' lang='lat' dir='ltr'><strong>pra-cla-</strong></span> 
     </span>
    </p>
   </div>
   <div class='ocr_carea' id='block_1_34' title="bbox 2016 2856 3584 2931">
    <p class='ocr_par' dir='ltr' id='par_1_34' title="bbox 2016 2856 3584 2931">
     <span class='ocr_line' id='line_1_34' title="bbox 2016 2856 3584 2931; baseline 0.001 -18"><span class='ocrx_word' id='word_1_188' title='bbox 2016 2874 2138 2913; x_wconf 86' lang='lat' dir='ltr'><strong>rum</strong></span> <span class='ocrx_word' id='word_1_189' title='bbox 2169 2864 2223 2910; x_wconf 82' lang='lat' dir='ltr'><strong>ct</strong></span> <span class='ocrx_word' id='word_1_190' title='bbox 2251 2856 2532 2928; x_wconf 82' lang='lat' dir='ltr'><strong>egregium</strong></span> <span class='ocrx_word' id='word_1_191' title='bbox 2561 2857 2955 2926; x_wconf 86' lang='lat' dir='ltr'><strong>c0piosumque</strong></span> <span class='ocrx_word' id='word_1_192' title='bbox 2986 2856 3201 2911; x_wconf 85' lang='lat' dir='ltr'><strong>dicendi</strong></span> <span class='ocrx_word' id='word_1_193' title='bbox 3235 2860 3426 2928; x_wconf 86' lang='lat' dir='ltr'><strong>peritis</strong></span> <span class='ocrx_word' id='word_1_194' title='bbox 3458 2877 3584 2931; x_wconf 65' lang='lat' dir='ltr'><strong>pro~</strong></span> 
     </span>
    </p>
   </div>
   <div class='ocr_carea' id='block_1_35' title="bbox 2021 2933 3583 3023">
    <p class='ocr_par' dir='ltr' id='par_1_35' title="bbox 2021 2933 3583 3023">
     <span class='ocr_line' id='line_1_35' title="bbox 2021 2933 3583 3023; baseline 0.002 -20"><span class='ocrx_word' id='word_1_195' title='bbox 2021 2949 2262 3019; x_wconf 89' lang='lat' dir='ltr'><strong>positum</strong></span> <span class='ocrx_word' id='word_1_196' title='bbox 2300 2955 2676 3018; x_wconf 76' lang='lat' dir='ltr'><strong>argumentum</strong></span> <span class='ocrx_word' id='word_1_197' title='bbox 2710 2933 3028 3019; x_wconf 85' lang='lat' dir='ltr'><strong>erigere,et</strong></span> <span class='ocrx_word' id='word_1_198' title='bbox 3061 2964 3167 3002; x_wconf 90' lang='lat' dir='ltr'><strong>una</strong></span> <span class='ocrx_word' id='word_1_199' title='bbox 3211 2964 3332 3005; x_wconf 90' lang='lat' dir='ltr'><strong>cum</strong></span> <span class='ocrx_word' id='word_1_200' title='bbox 3369 2953 3583 3023; x_wconf 82' lang='lat' dir='ltr'><strong>magni-</strong></span> 
     </span>
    </p>
   </div>
   <div class='ocr_carea' id='block_1_36' title="bbox 2018 3038 3583 3115">
    <p class='ocr_par' dir='ltr' id='par_1_36' title="bbox 2018 3038 3583 3115">
     <span class='ocr_line' id='line_1_36' title="bbox 2018 3038 3583 3115; baseline 0.002 -20"><span class='ocrx_word' id='word_1_201' title='bbox 2018 3042 2209 3097; x_wconf 86' lang='lat' dir='ltr'><strong>tudine</strong></span> <span class='ocrx_word' id='word_1_202' title='bbox 2256 3055 2440 3095; x_wconf 89' lang='lat' dir='ltr'><strong>rerum</strong></span> <span class='ocrx_word' id='word_1_203' title='bbox 2487 3038 2645 3111; x_wconf 86' lang='lat' dir='ltr'><strong>quasi</strong></span> <span class='ocrx_word' id='word_1_204' title='bbox 2702 3040 2756 3093; x_wconf 92' lang='lat' dir='ltr'><strong>in</strong></span> <span class='ocrx_word' id='word_1_205' title='bbox 2821 3040 2990 3095; x_wconf 90' lang='lat' dir='ltr'><strong>altum</strong></span> <span class='ocrx_word' id='word_1_206' title='bbox 3038 3042 3265 3105; x_wconf 89' lang='lat' dir='ltr'><strong>tollere.</strong></span> <span class='ocrx_word' id='word_1_207' title='bbox 3307 3050 3361 3098; x_wconf 90' lang='lat' dir='ltr'><strong>et</strong></span> <span class='ocrx_word' id='word_1_208' title='bbox 3407 3044 3583 3115; x_wconf 84' lang='lat' dir='ltr'><strong>magis</strong></span> 
     </span>
    </p>
   </div>
   <div class='ocr_carea' id='block_1_37' title="bbox 2016 3131 3583 3203">
    <p class='ocr_par' dir='ltr' id='par_1_37' title="bbox 2016 3131 3583 3203">
     <span class='ocr_line' id='line_1_37' title="bbox 2016 3131 3583 3203; baseline 0.002 -17"><span class='ocrx_word' id='word_1_209' title='bbox 2016 3131 2421 3203; x_wconf 83' lang='lat' dir='ltr'><strong>quodammodo</strong></span> <span class='ocrx_word' id='word_1_210' title='bbox 2452 3131 2868 3202; x_wconf 87' lang='lat' dir='ltr'><strong>grandiloquam</strong></span> <span class='ocrx_word' id='word_1_211' title='bbox 2897 3141 3060 3202; x_wconf 90' lang='lat' dir='ltr'><strong>atque</strong></span> <span class='ocrx_word' id='word_1_212' title='bbox 3090 3148 3345 3188; x_wconf 88' lang='lat' dir='ltr'><strong>sonoram</strong></span> <span class='ocrx_word' id='word_1_213' title='bbox 3371 3133 3583 3189; x_wconf 83' lang='lat' dir='ltr'><strong>etlicerc</strong></span> 
     </span>
    </p>
   </div>
   <div class='ocr_carea' id='block_1_38' title="bbox 2018 3220 3583 3295">
    <p class='ocr_par' dir='ltr' id='par_1_38' title="bbox 2018 3220 3583 3295">
     <span class='ocr_line' id='line_1_38' title="bbox 2018 3220 3583 3295; baseline 0 -16"><span class='ocrx_word' id='word_1_214' title='bbox 2018 3224 2157 3280; x_wconf 91' lang='lat' dir='ltr'><strong>solet</strong></span> <span class='ocrx_word' id='word_1_215' title='bbox 2207 3223 2532 3277; x_wconf 85' lang='lat' dir='ltr'><strong>orationem.</strong></span> <span class='ocrx_word' id='word_1_216' title='bbox 2583 3220 2695 3278; x_wconf 85' lang='lat' dir='ltr'><strong>Nos</strong></span> <span class='ocrx_word' id='word_1_217' title='bbox 2735 3237 2867 3278; x_wconf 89' lang='lat' dir='ltr'><strong>vero</strong></span> <span class='ocrx_word' id='word_1_218' title='bbox 2918 3231 3175 3292; x_wconf 88' lang='lat' dir='ltr'><strong>tanquam</strong></span> <span class='ocrx_word' id='word_1_219' title='bbox 3237 3225 3363 3295; x_wconf 81' lang='lat' dir='ltr'><strong>cqui</strong></span> <span class='ocrx_word' id='word_1_220' title='bbox 3418 3224 3583 3279; x_wconf 88' lang='lat' dir='ltr'><strong>veluti</strong></span> 
     </span>
    </p>
   </div>
   <div class='ocr_carea' id='block_1_39' title="bbox 2016 3313 3584 3384">
    <p class='ocr_par' dir='ltr' id='par_1_39' title="bbox 2016 3313 3584 3384">
     <span class='ocr_line' id='line_1_39' title="bbox 2016 3313 3584 3384; baseline 0.001 -16"><span class='ocrx_word' id='word_1_221' title='bbox 2016 3322 2172 3368; x_wconf 79' lang='lat' dir='ltr'><strong>extra</strong></span> <span class='ocrx_word' id='word_1_222' title='bbox 2220 3314 2454 3368; x_wconf 87' lang='lat' dir='ltr'><strong>stadium</strong></span> <span class='ocrx_word' id='word_1_223' title='bbox 2495 3313 2798 3384; x_wconf 77' lang='lat' dir='ltr'><strong>argumenti</strong></span> <span class='ocrx_word' id='word_1_224' title='bbox 2848 3324 3150 3379; x_wconf 83' lang='lat' dir='ltr'><strong>manentes,</strong></span> <span class='ocrx_word' id='word_1_225' title='bbox 3202 3330 3388 3369; x_wconf 89' lang='lat' dir='ltr'><strong>aurem</strong></span> <span class='ocrx_word' id='word_1_226' title='bbox 3441 3316 3584 3370; x_wconf 88' lang='lat' dir='ltr'><strong>dun-</strong></span> 
     </span>
    </p>
   </div>
   <div class='ocr_carea' id='block_1_40' title="bbox 2018 3400 3579 3472">
    <p class='ocr_par' dir='ltr' id='par_1_40' title="bbox 2018 3400 3579 3472">
     <span class='ocr_line' id='line_1_40' title="bbox 2018 3400 3579 3472; baseline 0.003 -17"><span class='ocrx_word' id='word_1_227' title='bbox 2018 3408 2169 3457; x_wconf 87' lang='lat' dir='ltr'><strong>taxat</strong></span> <span class='ocrx_word' id='word_1_228' title='bbox 2200 3402 2268 3457; x_wconf 92' lang='lat' dir='ltr'><strong>iis</strong></span> <span class='ocrx_word' id='word_1_229' title='bbox 2296 3416 2418 3472; x_wconf 59' lang='lat' dir='ltr'><strong>quae</strong></span> <span class='ocrx_word' id='word_1_230' title='bbox 2455 3408 2676 3472; x_wconf 84' lang='lat' dir='ltr'><strong>propter</strong></span> <span class='ocrx_word' id='word_1_231' title='bbox 2704 3411 2757 3457; x_wconf 91' lang='lat' dir='ltr'><strong>te</strong></span> <span class='ocrx_word' id='word_1_232' title='bbox 2795 3400 2947 3465; x_wconf 84' lang='lat' dir='ltr'><strong>ﬁant,</strong></span> <span class='ocrx_word' id='word_1_233' title='bbox 2977 3403 3285 3457; x_wconf 87' lang='lat' dir='ltr'><strong>orationum</strong></span> <span class='ocrx_word' id='word_1_234' title='bbox 3320 3405 3579 3459; x_wconf 85' lang='lat' dir='ltr'><strong>certami-</strong></span> 
     </span>
    </p>
   </div>
   <div class='ocr_carea' id='block_1_41' title="bbox 2016 3492 3585 3565">
    <p class='ocr_par' dir='ltr' id='par_1_41' title="bbox 2016 3492 3585 3565">
     <span class='ocr_line' id='line_1_41' title="bbox 2016 3492 3585 3565; baseline 0.003 -19"><span class='ocrx_word' id='word_1_235' title='bbox 2016 3494 2180 3547; x_wconf 86' lang='lat' dir='ltr'><strong>nibus</strong></span> <span class='ocrx_word' id='word_1_236' title='bbox 2228 3493 2615 3563; x_wconf 70' lang='lat' dir='ltr'><strong>prmbebimus,</strong></span> <span class='ocrx_word' id='word_1_237' title='bbox 2666 3493 2711 3549; x_wconf 90' lang='lat' dir='ltr'><strong>si</strong></span> <span class='ocrx_word' id='word_1_238' title='bbox 2748 3492 2889 3548; x_wconf 80' lang='lat' dir='ltr'><strong>forte</strong></span> <span class='ocrx_word' id='word_1_239' title='bbox 2940 3494 3105 3547; x_wconf 87' lang='lat' dir='ltr'><strong>etiam</strong></span> <span class='ocrx_word' id='word_1_240' title='bbox 3152 3493 3220 3546; x_wconf 90' lang='lat' dir='ltr'><strong>ad</strong></span> <span class='ocrx_word' id='word_1_241' title='bbox 3270 3509 3370 3549; x_wconf 89' lang='lat' dir='ltr'><strong>nos</strong></span> <span class='ocrx_word' id='word_1_242' title='bbox 3409 3510 3585 3565; x_wconf 85' lang='lat' dir='ltr'><strong>usque</strong></span> 
     </span>
    </p>
   </div>
   <div class='ocr_carea' id='block_1_42' title="bbox 2017 3582 3585 3651">
    <p class='ocr_par' dir='ltr' id='par_1_42' title="bbox 2017 3582 3585 3651">
     <span class='ocr_line' id='line_1_42' title="bbox 2017 3582 3585 3651; baseline -0.001 -13"><span class='ocrx_word' id='word_1_243' title='bbox 2017 3583 2324 3638; x_wconf 82' lang='lat' dir='ltr'><strong>vehementi</strong></span> <span class='ocrx_word' id='word_1_244' title='bbox 2356 3582 2558 3651; x_wconf 91' lang='lat' dir='ltr'><strong>impetu</strong></span> <span class='ocrx_word' id='word_1_245' title='bbox 2599 3590 2652 3635; x_wconf 90' lang='lat' dir='ltr'><strong>et</strong></span> <span class='ocrx_word' id='word_1_246' title='bbox 2689 3582 2920 3635; x_wconf 89' lang='lat' dir='ltr'><strong>incitato</strong></span> <span class='ocrx_word' id='word_1_247' title='bbox 2947 3596 3113 3635; x_wconf 89' lang='lat' dir='ltr'><strong>curru</strong></span> <span class='ocrx_word' id='word_1_248' title='bbox 3146 3596 3242 3650; x_wconf 91' lang='lat' dir='ltr'><strong>per</strong></span> <span class='ocrx_word' id='word_1_249' title='bbox 3291 3591 3383 3636; x_wconf 90' lang='lat' dir='ltr'><strong>tua</strong></span> <span class='ocrx_word' id='word_1_250' title='bbox 3417 3586 3585 3637; x_wconf 87' lang='lat' dir='ltr'><strong>mira-</strong></span> 
     </span>
    </p>
   </div>
   <div class='ocr_carea' id='block_1_43' title="bbox 2020 3656 3586 3743">
    <p class='ocr_par' dir='ltr' id='par_1_43' title="bbox 2020 3656 3586 3743">
     <span class='ocr_line' id='line_1_43' title="bbox 2020 3656 3586 3743; baseline 0.002 -15"><span class='ocrx_word' id='word_1_251' title='bbox 2020 3676 2144 3729; x_wconf 90' lang='lat' dir='ltr'><strong>cula</strong></span> <span class='ocrx_word' id='word_1_252' title='bbox 2198 3675 2414 3743; x_wconf 80' lang='lat' dir='ltr'><strong>agitans</strong></span> <span class='ocrx_word' id='word_1_253' title='bbox 2475 3672 2778 3727; x_wconf 91' lang='lat' dir='ltr'><strong>orationem</strong></span> <span class='ocrx_word' id='word_1_254' title='bbox 2826 3672 3026 3742; x_wconf 86' lang='lat' dir='ltr'><strong>aliquis</strong></span> <span class='ocrx_word' id='word_1_255' title='bbox 3075 3656 3243 3727; x_wconf 83' lang='lat' dir='ltr'><strong>sonus</strong></span> <span class='ocrx_word' id='word_1_256' title='bbox 3300 3667 3586 3743; x_wconf 72' lang='lat' dir='ltr'><strong>pervenire</strong></span> 
     </span>
    </p>
   </div>
   <div class='ocr_carea' id='block_1_44' title="bbox 330 3763 1916 3844">
    <p class='ocr_par' dir='ltr' id='par_1_44' title="bbox 330 3768 1916 3844">
     <span class='ocr_line' id='line_1_44' title="bbox 330 3768 1916 3844; baseline -0.004 -17"><span class='ocrx_word' id='word_1_257' title='bbox 330 3773 433 3844; x_wconf 85' lang='grc' dir='ltr'>τήν</span> <span class='ocrx_word' id='word_1_258' title='bbox 459 3790 530 3825; x_wconf 86' lang='grc' dir='ltr'><strong>τε</strong></span> <span class='ocrx_word' id='word_1_259' title='bbox 571 3770 811 3843; x_wconf 78' lang='grc' dir='ltr'>κεφαλὴν</span> <span class='ocrx_word' id='word_1_260' title='bbox 837 3772 1068 3841; x_wconf 82' lang='grc' dir='ltr'>ἀνέχειν,</span> <span class='ocrx_word' id='word_1_261' title='bbox 1114 3771 1205 3824; x_wconf 81' lang='grc' dir='ltr'><strong>καὶ</strong></span> <span class='ocrx_word' id='word_1_262' title='bbox 1231 3771 1362 3841; x_wconf 83' lang='grc' dir='ltr'>όρᾷν</span> <span class='ocrx_word' id='word_1_263' title='bbox 1395 3769 1703 3837; x_wconf 79' lang='grc' dir='ltr'>ἐναγώνιον,</span> <span class='ocrx_word' id='word_1_264' title='bbox 1736 3768 1916 3823; x_wconf 82' lang='grc' dir='ltr'>πνέειν</span> 
     </span>
    </p>
   </div>
   <div class='ocr_carea' id='block_1_45' title="bbox 2017 3763 3585 3844">
    <p class='ocr_par' dir='ltr' id='par_1_45' title="bbox 2017 3763 3585 3838">
     <span class='ocr_line' id='line_1_45' title="bbox 2017 3763 3585 3838; baseline 0 -16"><span class='ocrx_word' id='word_1_265' title='bbox 2017 3768 2217 3838; x_wconf 64' lang='lat' dir='ltr'><strong>possit;</strong></span> <span class='ocrx_word' id='word_1_266' title='bbox 2249 3765 2356 3822; x_wconf 87' lang='lat' dir='ltr'><strong>Sed</strong></span> <span class='ocrx_word' id='word_1_267' title='bbox 2395 3763 2654 3836; x_wconf 89' lang='lat' dir='ltr'><strong>quoniam</strong></span> <span class='ocrx_word' id='word_1_268' title='bbox 2700 3764 2899 3819; x_wconf 86' lang='lat' dir='ltr'><strong>accidit</strong></span> <span class='ocrx_word' id='word_1_269' title='bbox 2948 3773 3028 3831; x_wconf 88' lang='lat' dir='ltr'><strong>ut,</strong></span> <span class='ocrx_word' id='word_1_270' title='bbox 3062 3765 3225 3820; x_wconf 89' lang='lat' dir='ltr'><strong>etiam</strong></span> <span class='ocrx_word' id='word_1_271' title='bbox 3277 3767 3323 3822; x_wconf 82' lang='lat' dir='ltr'><strong>si</strong></span> <span class='ocrx_word' id='word_1_272' title='bbox 3362 3775 3585 3837; x_wconf 80' lang='lat' dir='ltr'><strong>propter</strong></span> 
     </span>
    </p>
   </div>
   <div class='ocr_carea' id='block_1_46' title="bbox 332 3859 1919 3935">
    <p class='ocr_par' dir='ltr' id='par_1_46' title="bbox 332 3859 1919 3935">
     <span class='ocr_line' id='line_1_46' title="bbox 332 3859 1919 3935; baseline -0.006 -16"><span class='ocrx_word' id='word_1_273' title='bbox 332 3882 392 3919; x_wconf 87' lang='grc' dir='ltr'><strong>τε</strong></span> <span class='ocrx_word' id='word_1_274' title='bbox 434 3863 696 3935; x_wconf 88' lang='grc' dir='ltr'>θυμῶδες</span> <span class='ocrx_word' id='word_1_275' title='bbox 733 3862 827 3918; x_wconf 74' lang='grc' dir='ltr'><strong>καὶ</strong></span> <span class='ocrx_word' id='word_1_276' title='bbox 874 3862 1149 3916; x_wconf 75' lang='grc' dir='ltr'>ὑποκινεῖν</span> <span class='ocrx_word' id='word_1_277' title='bbox 1194 3862 1319 3925; x_wconf 82' lang='grc' dir='ltr'>τοὺς</span> <span class='ocrx_word' id='word_1_278' title='bbox 1371 3862 1537 3925; x_wconf 79' lang='grc' dir='ltr'>πόδας</span> <span class='ocrx_word' id='word_1_279' title='bbox 1580 3860 1797 3923; x_wconf 88' lang='grc' dir='ltr'>πυκνῶς</span> <span class='ocrx_word' id='word_1_280' title='bbox 1841 3859 1919 3930; x_wconf 86' lang='grc' dir='ltr'>τῷ</span> 
     </span>
    </p>
   </div>
   <div class='ocr_carea' id='block_1_47' title="bbox 334 3946 1915 4024">
    <p class='ocr_par' dir='ltr' id='par_1_47' title="bbox 334 3946 1915 4024">
     <span class='ocr_line' id='line_1_47' title="bbox 334 3946 1915 4024; baseline -0.003 -15"><span class='ocrx_word' id='word_1_281' title='bbox 334 3956 529 4024; x_wconf 71' lang='grc' dir='ltr'>ἐδάφει</span> <span class='ocrx_word' id='word_1_282' title='bbox 551 3955 650 4019; x_wconf 80' lang='grc' dir='ltr'>τὰς</span> <span class='ocrx_word' id='word_1_283' title='bbox 675 3954 843 4017; x_wconf 87' lang='grc' dir='ltr'>όπλάς</span> <span class='ocrx_word' id='word_1_284' title='bbox 873 3953 1232 4020; x_wconf 77' lang='grc' dir='ltr'>ὲπαύσσοντα,</span> <span class='ocrx_word' id='word_1_285' title='bbox 1259 3946 1302 4020; x_wconf 80' lang='grc' dir='ltr'>ᾧ</span> <span class='ocrx_word' id='word_1_286' title='bbox 1324 3952 1600 4023; x_wconf 79' lang='grc' dir='ltr'>προθυμία</span> <span class='ocrx_word' id='word_1_287' title='bbox 1626 3953 1758 4022; x_wconf 90' lang='grc' dir='ltr'>μόνη</span> <span class='ocrx_word' id='word_1_288' title='bbox 1780 3950 1915 4022; x_wconf 83' lang='grc' dir='ltr'>πρὸς</span> 
     </span>
    </p>
   </div>
   <div class='ocr_carea' id='block_1_48' title="bbox 334 4040 1918 4112">
    <p class='ocr_par' dir='ltr' id='par_1_48' title="bbox 334 4040 1918 4112">
     <span class='ocr_line' id='line_1_48' title="bbox 334 4040 1918 4112; baseline -0.002 -14"><span class='ocrx_word' id='word_1_289' title='bbox 334 4046 460 4108; x_wconf 75' lang='grc' dir='ltr'>τοὺς</span> <span class='ocrx_word' id='word_1_290' title='bbox 496 4043 720 4112; x_wconf 85' lang='grc' dir='ltr'>ἀγῶνας</span> <span class='ocrx_word' id='word_1_291' title='bbox 750 4043 922 4107; x_wconf 74' lang='grc' dir='ltr'>ἐστὶν,</span> <span class='ocrx_word' id='word_1_292' title='bbox 953 4045 986 4112; x_wconf 85' lang='grc' dir='ltr'>ἡ</span> <span class='ocrx_word' id='word_1_293' title='bbox 1014 4042 1070 4094; x_wconf 86' lang='grc' dir='ltr'>δὲ</span> <span class='ocrx_word' id='word_1_294' title='bbox 1097 4040 1191 4094; x_wconf 82' lang='grc' dir='ltr'>τοῦ</span> <span class='ocrx_word' id='word_1_295' title='bbox 1226 4040 1437 4111; x_wconf 82' lang='grc' dir='ltr'>τρέχειν</span> <span class='ocrx_word' id='word_1_296' title='bbox 1470 4040 1696 4112; x_wconf 73' lang='grc' dir='ltr'>δύναμις</span> <span class='ocrx_word' id='word_1_297' title='bbox 1724 4059 1918 4111; x_wconf 91' lang='grc' dir='ltr'>προαν-</span> 
     </span>
    </p>
   </div>
   <div class='ocr_carea' id='block_1_49' title="bbox 335 4132 1920 4207">
    <p class='ocr_par' dir='ltr' id='par_1_49' title="bbox 335 4132 1920 4207">
     <span class='ocr_line' id='line_1_49' title="bbox 335 4132 1920 4207; baseline 0.001 -22"><span class='ocrx_word' id='word_1_298' title='bbox 335 4134 525 4206; x_wconf 84' lang='grc' dir='ltr'>ηλώθη</span> <span class='ocrx_word' id='word_1_299' title='bbox 560 4132 639 4204; x_wconf 87' lang='grc' dir='ltr'>τῷ</span> <span class='ocrx_word' id='word_1_300' title='bbox 679 4134 853 4204; x_wconf 82' lang='grc' dir='ltr'>χρόνῳ</span> <span class='ocrx_word' id='word_1_301' title='bbox 874 4149 887 4164; x_wconf 66' lang='grc' dir='ltr'>θ</span> <span class='ocrx_word' id='word_1_302' title='bbox 940 4132 1032 4185; x_wconf 79' lang='grc' dir='ltr'><strong>τὸν</strong></span> <span class='ocrx_word' id='word_1_303' title='bbox 1060 4133 1221 4187; x_wconf 84' lang='grc' dir='ltr'>αὑτὸν</span> <span class='ocrx_word' id='word_1_304' title='bbox 1247 4134 1446 4204; x_wconf 87' lang='grc' dir='ltr'>τρόπον</span> <span class='ocrx_word' id='word_1_305' title='bbox 1481 4132 1575 4186; x_wconf 76' lang='grc' dir='ltr'>καὶ</span> <span class='ocrx_word' id='word_1_306' title='bbox 1600 4133 1628 4184; x_wconf 92' lang='lat'><strong>6</strong></span> <span class='ocrx_word' id='word_1_307' title='bbox 1653 4133 1920 4207; x_wconf 79' lang='grc' dir='ltr'>ἡμέτερος</span> 
     </span>
    </p>
   </div>
   <div class='ocr_carea' id='block_1_50' title="bbox 335 4222 1919 4294">
    <p class='ocr_par' dir='ltr' id='par_1_50' title="bbox 335 4222 1919 4294">
     <span class='ocr_line' id='line_1_50' title="bbox 335 4222 1919 4294; baseline -0.002 -16"><span class='ocrx_word' id='word_1_308' title='bbox 335 4225 496 4294; x_wconf 81' lang='grc' dir='ltr'>λόγος</span> <span class='ocrx_word' id='word_1_309' title='bbox 528 4223 819 4293; x_wconf 75' lang='grc' dir='ltr'>ὲξαγώνιος</span> <span class='ocrx_word' id='word_1_310' title='bbox 846 4223 1018 4294; x_wconf 81' lang='grc' dir='ltr'>μένων</span> <span class='ocrx_word' id='word_1_311' title='bbox 1047 4223 1134 4275; x_wconf 90' lang='grc' dir='ltr'><strong>διά</strong></span> <span class='ocrx_word' id='word_1_312' title='bbox 1158 4222 1218 4275; x_wconf 80' lang='grc' dir='ltr'><strong>τὸ</strong></span> <span class='ocrx_word' id='word_1_313' title='bbox 1244 4222 1440 4293; x_wconf 80' lang='grc' dir='ltr'>γῆρας,</span> <span class='ocrx_word' id='word_1_314' title='bbox 1464 4222 1556 4276; x_wconf 76' lang='grc' dir='ltr'><strong>καὶ</strong></span> <span class='ocrx_word' id='word_1_315' title='bbox 1578 4222 1919 4294; x_wconf 81' lang='grc' dir='ltr'>παραχωρῶν</span> 
     </span>
    </p>
   </div>
   <div class='ocr_carea' id='block_1_51' title="bbox 335 4308 1920 4385">
    <p class='ocr_par' dir='ltr' id='par_1_51' title="bbox 335 4308 1920 4385">
     <span class='ocr_line' id='line_1_51' title="bbox 335 4308 1920 4385; baseline -0.002 -16"><span class='ocrx_word' id='word_1_316' title='bbox 335 4315 427 4369; x_wconf 75' lang='grc' dir='ltr'>τοῦ</span> <span class='ocrx_word' id='word_1_317' title='bbox 460 4312 681 4368; x_wconf 80' lang='grc' dir='ltr'>σταδίου</span> <span class='ocrx_word' id='word_1_318' title='bbox 714 4315 828 4376; x_wconf 81' lang='grc' dir='ltr'>τοῖς</span> <span class='ocrx_word' id='word_1_319' title='bbox 851 4312 1105 4385; x_wconf 82' lang='grc' dir='ltr'>ἀκμαίοις</span> <span class='ocrx_word' id='word_1_320' title='bbox 1128 4312 1269 4367; x_wconf 90' lang='grc' dir='ltr'><strong>κατά</strong></span> <span class='ocrx_word' id='word_1_321' title='bbox 1291 4313 1388 4385; x_wconf 79' lang='grc' dir='ltr'><strong>τὴν</strong></span> <span class='ocrx_word' id='word_1_322' title='bbox 1423 4308 1720 4383; x_wconf 67' lang='grc' dir='ltr'>παίδευσιν,</span> <span class='ocrx_word' id='word_1_323' title='bbox 1755 4315 1920 4384; x_wconf 87' lang='grc' dir='ltr'>μόνην</span> 
     </span>
    </p>
   </div>
   <div class='ocr_carea' id='block_1_52' title="bbox 337 4399 1920 4476">
    <p class='ocr_par' dir='ltr' id='par_1_52' title="bbox 337 4399 1920 4476">
     <span class='ocr_line' id='line_1_52' title="bbox 337 4399 1920 4476; baseline -0.001 -18"><span class='ocrx_word' id='word_1_324' title='bbox 337 4422 420 4460; x_wconf 89' lang='grc' dir='ltr'><strong>σοι</strong></span> <span class='ocrx_word' id='word_1_325' title='bbox 460 4405 711 4458; x_wconf 86' lang='grc' dir='ltr'>δείκνυσι</span> <span class='ocrx_word' id='word_1_326' title='bbox 748 4404 847 4475; x_wconf 83' lang='grc' dir='ltr'>τὴν</span> <span class='ocrx_word' id='word_1_327' title='bbox 897 4403 1200 4476; x_wconf 87' lang='grc' dir='ltr'>προθυμίαν</span> <span class='ocrx_word' id='word_1_328' title='bbox 1250 4399 1344 4457; x_wconf 80' lang='grc' dir='ltr'>τοῦ</span> <span class='ocrx_word' id='word_1_329' title='bbox 1377 4404 1578 4459; x_wconf 78' lang='grc' dir='ltr'>ἐθέλειν</span> <span class='ocrx_word' id='word_1_330' title='bbox 1610 4405 1677 4459; x_wconf 79' lang='grc' dir='ltr'><strong>ἂν</strong></span> <span class='ocrx_word' id='word_1_331' title='bbox 1705 4404 1797 4458; x_wconf 76' lang='grc' dir='ltr'><strong>καὶ</strong></span> <span class='ocrx_word' id='word_1_332' title='bbox 1828 4405 1920 4458; x_wconf 78' lang='grc' dir='ltr'><strong>ἐπὶ</strong></span> 
     </span>
    </p>
   </div>
   <div class='ocr_carea' id='block_1_53' title="bbox 338 4494 1919 4566">
    <p class='ocr_par' dir='ltr' id='par_1_53' title="bbox 338 4494 1919 4566">
     <span class='ocr_line' id='line_1_53' title="bbox 338 4494 1919 4566; baseline -0.003 -15"><span class='ocrx_word' id='word_1_333' title='bbox 338 4497 434 4551; x_wconf 82' lang='grc' dir='ltr'>σοῦ</span> <span class='ocrx_word' id='word_1_334' title='bbox 467 4495 867 4564; x_wconf 85' lang='grc' dir='ltr'>ἀγωνίσασθαι,</span> <span class='ocrx_word' id='word_1_335' title='bbox 892 4494 1051 4566; x_wconf 73' lang='grc' dir='ltr'>εἴπερ</span> <span class='ocrx_word' id='word_1_336' title='bbox 1074 4494 1279 4566; x_wconf 79' lang='grc' dir='ltr'>ήόῶσιν</span> <span class='ocrx_word' id='word_1_337' title='bbox 1300 4497 1347 4549; x_wconf 76' lang='grc' dir='ltr'><strong>οἱ</strong></span> <span class='ocrx_word' id='word_1_338' title='bbox 1376 4495 1517 4550; x_wconf 79' lang='grc' dir='ltr'>κατὰ</span> <span class='ocrx_word' id='word_1_339' title='bbox 1538 4495 1663 4558; x_wconf 84' lang='grc' dir='ltr'>τοὺς</span> <span class='ocrx_word' id='word_1_340' title='bbox 1691 4494 1785 4549; x_wconf 81' lang='grc' dir='ltr'>νῦν</span> <span class='ocrx_word' id='word_1_341' title='bbox 1807 4497 1919 4558; x_wconf 73' lang='grc' dir='ltr'>τοῖς</span> 
     </span>
    </p>
   </div>
   <div class='ocr_carea' id='block_1_54' title="bbox 336 4584 1920 4657">
    <p class='ocr_par' dir='ltr' id='par_1_54' title="bbox 336 4584 1920 4657">
     <span class='ocr_line' id='line_1_54' title="bbox 336 4584 1920 4657; baseline -0.001 -16"><span class='ocrx_word' id='word_1_342' title='bbox 336 4586 525 4656; x_wconf 81' lang='grc' dir='ltr'>λόγοις</span> <span class='ocrx_word' id='word_1_343' title='bbox 551 4585 911 4657; x_wconf 74' lang='grc' dir='ltr'>ἀκμάζοντες.</span> <span class='ocrx_word' id='word_1_344' title='bbox 951 4587 1090 4657; x_wconf 81' lang='grc' dir='ltr'>ὐση</span> <span class='ocrx_word' id='word_1_345' title='bbox 1114 4584 1171 4640; x_wconf 82' lang='grc' dir='ltr'>δέ</span> <span class='ocrx_word' id='word_1_346' title='bbox 1208 4603 1297 4656; x_wconf 89' lang='grc' dir='ltr'><strong>μοι</strong></span> <span class='ocrx_word' id='word_1_347' title='bbox 1314 4586 1410 4657; x_wconf 84' lang='grc' dir='ltr'>τῆς</span> <span class='ocrx_word' id='word_1_348' title='bbox 1439 4585 1746 4657; x_wconf 83' lang='grc' dir='ltr'>προθυμίας</span> <span class='ocrx_word' id='word_1_349' title='bbox 1773 4586 1920 4639; x_wconf 73' lang='grc' dir='ltr'>ἐστὶν</span> 
     </span>
    </p>
   </div>
   <div class='ocr_carea' id='block_1_55' title="bbox 337 4674 1918 4750">
    <p class='ocr_par' dir='ltr' id='par_1_55' title="bbox 337 4674 1918 4750">
     <span class='ocr_line' id='line_1_55' title="bbox 337 4674 1918 4750; baseline -0.001 -20"><span class='ocrx_word' id='word_1_350' title='bbox 337 4676 679 4750; x_wconf 76' lang='grc' dir='ltr'>ήὲπίδειξις,</span> <span class='ocrx_word' id='word_1_351' title='bbox 700 4677 799 4731; x_wconf 84' lang='grc' dir='ltr'><strong>οὐκ</strong></span> <span class='ocrx_word' id='word_1_352' title='bbox 822 4677 880 4729; x_wconf 72' lang='grc' dir='ltr'>ὲν</span> <span class='ocrx_word' id='word_1_353' title='bbox 904 4674 983 4747; x_wconf 82' lang='grc' dir='ltr'>τῷ</span> <span class='ocrx_word' id='word_1_354' title='bbox 1005 4675 1310 4746; x_wconf 83' lang='grc' dir='ltr'>διηγεῖσθαί</span> <span class='ocrx_word' id='word_1_355' title='bbox 1339 4691 1390 4730; x_wconf 91' lang='grc' dir='ltr'><strong>τι</strong></span> <span class='ocrx_word' id='word_1_356' title='bbox 1421 4674 1530 4730; x_wconf 88' lang='grc' dir='ltr'><strong>τῶν</strong></span> <span class='ocrx_word' id='word_1_357' title='bbox 1559 4677 1687 4731; x_wconf 85' lang='grc' dir='ltr'>σῶν.</span> <span class='ocrx_word' id='word_1_358' title='bbox 1715 4674 1918 4731; x_wconf 85' lang='grc' dir='ltr'>Τούτου</span> 
     </span>
    </p>
   </div>
   <div class='ocr_carea' id='block_1_56' title="bbox 335 4762 1920 4841">
    <p class='ocr_par' dir='ltr' id='par_1_56' title="bbox 335 4762 1920 4841">
     <span class='ocr_line' id='line_1_56' title="bbox 335 4762 1920 4841; baseline 0.001 -19"><span class='ocrx_word' id='word_1_359' title='bbox 335 4768 450 4841; x_wconf 71' lang='grc' dir='ltr'>γὰρ</span> <span class='ocrx_word' id='word_1_360' title='bbox 472 4768 633 4839; x_wconf 83' lang='grc' dir='ltr'>μόγις</span> <span class='ocrx_word' id='word_1_361' title='bbox 656 4767 725 4822; x_wconf 77' lang='grc' dir='ltr'>ἂν</span> <span class='ocrx_word' id='word_1_362' title='bbox 748 4769 885 4822; x_wconf 80' lang='grc' dir='ltr'><strong>καὶὸ</strong></span> <span class='ocrx_word' id='word_1_363' title='bbox 907 4768 1154 4841; x_wconf 88' lang='grc' dir='ltr'>σφριγῶν</span> <span class='ocrx_word' id='word_1_364' title='bbox 1172 4786 1231 4821; x_wconf 91' lang='grc' dir='ltr'><strong>τε</strong></span> <span class='ocrx_word' id='word_1_365' title='bbox 1249 4768 1342 4822; x_wconf 75' lang='grc' dir='ltr'>καὶ</span> <span class='ocrx_word' id='word_1_366' title='bbox 1363 4762 1753 4839; x_wconf 79' lang='grc' dir='ltr'>συντεταμένος</span> <span class='ocrx_word' id='word_1_367' title='bbox 1767 4768 1920 4840; x_wconf 86' lang='grc' dir='ltr'>τύχοι</span> 
     </span>
    </p>
   </div>
   <div class='ocr_carea' id='block_1_57' title="bbox 339 4854 1916 4930">
    <p class='ocr_par' dir='ltr' id='par_1_57' title="bbox 339 4854 1916 4930">
     <span class='ocr_line' id='line_1_57' title="bbox 339 4854 1916 4930; baseline 0 -18"><span class='ocrx_word' id='word_1_368' title='bbox 339 4858 521 4928; x_wconf 83' lang='grc' dir='ltr'>λόγος,</span> <span class='ocrx_word' id='word_1_369' title='bbox 552 4854 629 4922; x_wconf 83' lang='grc' dir='ltr'><strong>ὡς</strong></span> <span class='ocrx_word' id='word_1_370' title='bbox 664 4859 739 4930; x_wconf 77' lang='grc' dir='ltr'>μὴ</span> <span class='ocrx_word' id='word_1_371' title='bbox 768 4859 904 4913; x_wconf 77' lang='grc' dir='ltr'>πολὺ</span> <span class='ocrx_word' id='word_1_372' title='bbox 938 4858 1166 4912; x_wconf 76' lang='grc' dir='ltr'>κατόπιν</span> <span class='ocrx_word' id='word_1_373' title='bbox 1194 4859 1291 4930; x_wconf 85' lang='grc' dir='ltr'>τῆς</span> <span class='ocrx_word' id='word_1_374' title='bbox 1324 4857 1480 4923; x_wconf 81' lang='grc' dir='ltr'>ἀξίας</span> <span class='ocrx_word' id='word_1_375' title='bbox 1506 4859 1916 4930; x_wconf 85' lang='grc' dir='ltr'>ἀπολειφθῆναι,</span> 
     </span>
    </p>
   </div>
   <div class='ocr_carea' id='block_1_58' title="bbox 339 4948 1915 5022">
    <p class='ocr_par' dir='ltr' id='par_1_58' title="bbox 339 4948 1915 5022">
     <span class='ocr_line' id='line_1_58' title="bbox 339 4948 1915 5022; baseline -0.001 -18"><span class='ocrx_word' id='word_1_376' title='bbox 339 4952 371 5004; x_wconf 87' lang='lat'><strong>6</strong></span> <span class='ocrx_word' id='word_1_377' title='bbox 396 4949 500 5021; x_wconf 72' lang='grc' dir='ltr'>τὴν</span> <span class='ocrx_word' id='word_1_378' title='bbox 547 4950 830 5020; x_wconf 77' lang='grc' dir='ltr'>ἀμήχανον</span> <span class='ocrx_word' id='word_1_379' title='bbox 880 4949 1083 5019; x_wconf 85' lang='grc' dir='ltr'>ταύτην</span> <span class='ocrx_word' id='word_1_380' title='bbox 1132 4948 1395 5020; x_wconf 84' lang='grc' dir='ltr'>ἁρμονίαν</span> <span class='ocrx_word' id='word_1_381' title='bbox 1432 4948 1527 5003; x_wconf 79' lang='grc' dir='ltr'>τοῦ</span> <span class='ocrx_word' id='word_1_382' title='bbox 1564 4950 1727 5021; x_wconf 68' lang='grc' dir='ltr'>ἤθους</span> <span class='ocrx_word' id='word_1_383' title='bbox 1772 4951 1915 5022; x_wconf 85' lang='grc' dir='ltr'>διερ-</span> 
     </span>
    </p>
   </div>
   <div class='ocr_carea' id='block_1_59' title="bbox 343 5039 1916 5113">
    <p class='ocr_par' dir='ltr' id='par_1_59' title="bbox 343 5039 1916 5113">
     <span class='ocr_line' id='line_1_59' title="bbox 343 5039 1916 5113; baseline 0.002 -21"><span class='ocrx_word' id='word_1_384' title='bbox 343 5040 600 5113; x_wconf 70' lang='grc' dir='ltr'>ιιηνεύων</span> <span class='ocrx_word' id='word_1_385' title='bbox 634 5041 701 5095; x_wconf 68' lang='grc' dir='ltr'>ἐκ</span> <span class='ocrx_word' id='word_1_386' title='bbox 726 5039 836 5095; x_wconf 83' lang='grc' dir='ltr'><strong>τῶν</strong></span> <span class='ocrx_word' id='word_1_387' title='bbox 868 5041 1124 5095; x_wconf 79' lang='grc' dir='ltr'>ἐναντίων</span> <span class='ocrx_word' id='word_1_388' title='bbox 1143 5040 1612 5112; x_wconf 82' lang='grc' dir='ltr'>συγκεκραμένην.</span> <span class='ocrx_word' id='word_1_389' title='bbox 1658 5040 1783 5105; x_wconf 85' lang='grc' dir='ltr'>Πῶς</span> <span class='ocrx_word' id='word_1_390' title='bbox 1814 5051 1916 5095; x_wconf 83' lang='grc' dir='ltr'>κα-</span> 
     </span>
    </p>
   </div>
   <div class='ocr_carea' id='block_1_60' title="bbox 343 5101 1987 5203">
    <p class='ocr_par' dir='ltr' id='par_1_60' title="bbox 343 5101 1987 5203">
     <span class='ocr_line' id='line_1_60' title="bbox 343 5101 1987 5203; baseline 0.001 -19"><span class='ocrx_word' id='word_1_391' title='bbox 343 5101 525 5202; x_wconf 61' lang='grc' dir='ltr'>θάπερ</span> <span class='ocrx_word' id='word_1_392' title='bbox 546 5132 681 5195; x_wconf 79' lang='grc' dir='ltr'>’ταῖς</span> <span class='ocrx_word' id='word_1_393' title='bbox 719 5132 833 5185; x_wconf 84' lang='grc' dir='ltr'><strong>τῶν</strong></span> <span class='ocrx_word' id='word_1_394' title='bbox 872 5130 1155 5203; x_wconf 82' lang='grc' dir='ltr'>βλεφάρων</span> <span class='ocrx_word' id='word_1_395' title='bbox 1189 5101 1478 5203; x_wconf 60' lang='grc' dir='ltr'>προϐόλαίς</span> <span class='ocrx_word' id='word_1_396' title='bbox 1514 5101 1575 5185; x_wconf 75' lang='grc' dir='ltr'><strong>τδ</strong></span> <span class='ocrx_word' id='word_1_397' title='bbox 1618 5131 1730 5186; x_wconf 87' lang='grc' dir='ltr'><strong>τῶν</strong></span> <span class='ocrx_word' id='word_1_398' title='bbox 1763 5101 1920 5187; x_wconf 79' lang='grc' dir='ltr'>ἀκτι-</span> <span class='ocrx_word' id='word_1_399' title='bbox 1945 5101 1987 5159; x_wconf 79' lang='lat' dir='ltr'>c</span> 
     </span>
    </p>
   </div>
   <div class='ocr_carea' id='block_1_61' title="bbox 343 5220 1919 5295">
    <p class='ocr_par' dir='ltr' id='par_1_61' title="bbox 343 5220 1919 5295">
     <span class='ocr_line' id='line_1_61' title="bbox 343 5220 1919 5295; baseline 0 -19"><span class='ocrx_word' id='word_1_400' title='bbox 343 5238 452 5276; x_wconf 80' lang='grc' dir='ltr'><strong>νων</strong></span> <span class='ocrx_word' id='word_1_401' title='bbox 499 5222 740 5295; x_wconf 76' lang='grc' dir='ltr'>ἄκρατον</span> <span class='ocrx_word' id='word_1_402' title='bbox 788 5223 823 5294; x_wconf 75' lang='grc' dir='ltr'>ἡ</span> <span class='ocrx_word' id='word_1_403' title='bbox 870 5222 1030 5292; x_wconf 82' lang='grc' dir='ltr'>φύσις</span> <span class='ocrx_word' id='word_1_404' title='bbox 1079 5220 1469 5285; x_wconf 76' lang='grc' dir='ltr'>ἐπισκιάζουσα</span> <span class='ocrx_word' id='word_1_405' title='bbox 1491 5260 1508 5287; x_wconf 95' lang='grc'><strong>,</strong></span> <span class='ocrx_word' id='word_1_406' title='bbox 1578 5221 1919 5293; x_wconf 82' lang='grc' dir='ltr'>κεκραμένον</span> 
     </span>
    </p>
   </div>
   <div class='ocr_carea' id='block_1_62' title="bbox 345 5310 1919 5383">
    <p class='ocr_par' dir='ltr' id='par_1_62' title="bbox 345 5310 1919 5383">
     <span class='ocr_line' id='line_1_62' title="bbox 345 5310 1919 5383; baseline 0.001 -22"><span class='ocrx_word' id='word_1_407' title='bbox 345 5312 611 5382; x_wconf 80' lang='grc' dir='ltr'>προσάγει</span> <span class='ocrx_word' id='word_1_408' title='bbox 656 5310 721 5366; x_wconf 85' lang='grc' dir='ltr'>τὸ</span> <span class='ocrx_word' id='word_1_409' title='bbox 762 5311 964 5381; x_wconf 80' lang='grc' dir='ltr'>φέγγος</span> <span class='ocrx_word' id='word_1_410' title='bbox 1013 5312 1132 5379; x_wconf 70' lang='grc' dir='ltr'><strong>⁵τοῖς</strong></span> <span class='ocrx_word' id='word_1_411' title='bbox 1166 5310 1447 5382; x_wconf 68' lang='grc' dir='ltr'>ὄμμασιν,</span> <span class='ocrx_word' id='word_1_412' title='bbox 1514 5310 1591 5374; x_wconf 87' lang='grc' dir='ltr'><strong>ὡς</strong></span> <span class='ocrx_word' id='word_1_413' title='bbox 1626 5310 1695 5364; x_wconf 80' lang='grc' dir='ltr'>ἂν</span> <span class='ocrx_word' id='word_1_414' title='bbox 1750 5327 1919 5383; x_wconf 88' lang='grc' dir='ltr'>προσ-</span> 
     </span>
    </p>
   </div>
   <div class='ocr_carea' id='block_1_63' title="bbox 346 5400 1918 5474">
    <p class='ocr_par' dir='ltr' id='par_1_63' title="bbox 346 5400 1918 5474">
     <span class='ocr_line' id='line_1_63' title="bbox 346 5400 1918 5474; baseline -0.007 -8"><span class='ocrx_word' id='word_1_415' title='bbox 346 5402 481 5473; x_wconf 80' lang='grc' dir='ltr'><strong>ηνὴς</strong></span> <span class='ocrx_word' id='word_1_416' title='bbox 522 5403 552 5456; x_wconf 80' lang='grc' dir='ltr'><strong>ὁ</strong></span> <span class='ocrx_word' id='word_1_417' title='bbox 604 5402 758 5474; x_wconf 71' lang='grc' dir='ltr'>ἥλιος</span> <span class='ocrx_word' id='word_1_418' title='bbox 797 5402 1048 5471; x_wconf 80' lang='grc' dir='ltr'>γένοιτο,</span> <span class='ocrx_word' id='word_1_419' title='bbox 1076 5401 1212 5471; x_wconf 80' lang='grc' dir='ltr'>πρὸς</span> <span class='ocrx_word' id='word_1_420' title='bbox 1248 5400 1350 5472; x_wconf 83' lang='grc' dir='ltr'><strong>τὴν</strong></span> <span class='ocrx_word' id='word_1_421' title='bbox 1387 5402 1453 5454; x_wconf 81' lang='grc' dir='ltr'>ἐκ</span> <span class='ocrx_word' id='word_1_422' title='bbox 1491 5400 1601 5455; x_wconf 90' lang='grc' dir='ltr'><strong>τῶν</strong></span> <span class='ocrx_word' id='word_1_423' title='bbox 1634 5401 1918 5473; x_wconf 77' lang='grc' dir='ltr'>βλεφάρων</span> 
     </span>
    </p>
   </div>
   <div class='ocr_carea' id='block_1_64' title="bbox 348 5478 1917 5565">
    <p class='ocr_par' dir='ltr' id='par_1_64' title="bbox 348 5478 1917 5565">
     <span class='ocr_line' id='line_1_64' title="bbox 348 5478 1917 5565; baseline 0 -19"><span class='ocrx_word' id='word_1_424' title='bbox 348 5495 508 5548; x_wconf 71' lang='grc' dir='ltr'>σκιὰν</span> <span class='ocrx_word' id='word_1_425' title='bbox 541 5493 871 5565; x_wconf 83' lang='grc' dir='ltr'>συμμέτρως</span> <span class='ocrx_word' id='word_1_426' title='bbox 901 5495 969 5564; x_wconf 77' lang='grc' dir='ltr'>τῇ</span> <span class='ocrx_word' id='word_1_427' title='bbox 1013 5492 1172 5563; x_wconf 73' lang='grc' dir='ltr'>χρείᾳ.</span> <span class='ocrx_word' id='word_1_428' title='bbox 1208 5478 1701 5565; x_wconf 80' lang='grc' dir='ltr'>κατακιρνάμενος,</span> <span class='ocrx_word' id='word_1_429' title='bbox 1746 5493 1917 5558; x_wconf 80' lang='grc' dir='ltr'>οὕτως</span> 
     </span>
    </p>
   </div>
   <div class='ocr_carea' id='block_1_65' title="bbox 348 5584 1917 5657">
    <p class='ocr_par' dir='ltr' id='par_1_65' title="bbox 348 5584 1917 5657">
     <span class='ocr_line' id='line_1_65' title="bbox 348 5584 1917 5657; baseline 0.001 -20"><span class='ocrx_word' id='word_1_430' title='bbox 348 5585 412 5638; x_wconf 79' lang='grc' dir='ltr'>τὸ</span> <span class='ocrx_word' id='word_1_431' title='bbox 438 5586 632 5657; x_wconf 81' lang='grc' dir='ltr'>σεμνόν</span> <span class='ocrx_word' id='word_1_432' title='bbox 663 5602 724 5639; x_wconf 82' lang='grc' dir='ltr'><strong>τε</strong></span> <span class='ocrx_word' id='word_1_433' title='bbox 753 5586 848 5640; x_wconf 83' lang='grc' dir='ltr'>καὶ</span> <span class='ocrx_word' id='word_1_434' title='bbox 877 5584 1215 5656; x_wconf 77' lang='grc' dir='ltr'>μεγαλοφυὲς</span> <span class='ocrx_word' id='word_1_435' title='bbox 1244 5584 1337 5639; x_wconf 81' lang='grc' dir='ltr'>τοῦ</span> <span class='ocrx_word' id='word_1_436' title='bbox 1370 5584 1534 5654; x_wconf 71' lang='grc' dir='ltr'>ἤθους</span> <span class='ocrx_word' id='word_1_437' title='bbox 1566 5587 1633 5657; x_wconf 72' lang='grc' dir='ltr'>τῇ</span> <span class='ocrx_word' id='word_1_438' title='bbox 1659 5584 1917 5656; x_wconf 75' lang='grc' dir='ltr'>ἐμμέτρῳ</span> 
     </span>
    </p>
   </div>
   <div class='ocr_carea' id='block_1_66' title="bbox 350 5674 1916 5750">
    <p class='ocr_par' dir='ltr' id='par_1_66' title="bbox 350 5674 1916 5750">
     <span class='ocr_line' id='line_1_66' title="bbox 350 5674 1916 5750; baseline -0.001 -21"><span class='ocrx_word' id='word_1_439' title='bbox 350 5676 817 5750; x_wconf 68' lang='grc' dir='ltr'>ταπεινοφροσύνῃ</span> <span class='ocrx_word' id='word_1_440' title='bbox 841 5675 1326 5747; x_wconf 84' lang='grc' dir='ltr'>καταμιγνύμενον,</span> <span class='ocrx_word' id='word_1_441' title='bbox 1349 5677 1447 5729; x_wconf 88' lang='grc' dir='ltr'><strong>οὐκ</strong></span> <span class='ocrx_word' id='word_1_442' title='bbox 1473 5674 1797 5746; x_wconf 78' lang='grc' dir='ltr'>ἀποστρέφει</span> <span class='ocrx_word' id='word_1_443' title='bbox 1819 5676 1916 5739; x_wconf 78' lang='grc' dir='ltr'>τὰς</span> 
     </span>
    </p>
   </div>
   <div class='ocr_carea' id='block_1_67' title="bbox 2020 3857 3585 3928">
    <p class='ocr_par' dir='ltr' id='par_1_67' title="bbox 2020 3857 3585 3928">
     <span class='ocr_line' id='line_1_67' title="bbox 2020 3857 3585 3928; baseline 0 -14"><span class='ocrx_word' id='word_1_444' title='bbox 2020 3863 2357 3914; x_wconf 87' lang='lat' dir='ltr'><strong>senectutem</strong></span> <span class='ocrx_word' id='word_1_445' title='bbox 2396 3866 2551 3912; x_wconf 89' lang='lat' dir='ltr'><strong>extra</strong></span> <span class='ocrx_word' id='word_1_446' title='bbox 2587 3857 2887 3910; x_wconf 87' lang='lat' dir='ltr'><strong>certamina</strong></span> <span class='ocrx_word' id='word_1_447' title='bbox 2932 3863 3149 3910; x_wconf 87' lang='lat' dir='ltr'><strong>maneat</strong></span> <span class='ocrx_word' id='word_1_448' title='bbox 3192 3871 3392 3927; x_wconf 92' lang='lat' dir='ltr'><strong>equus,</strong></span> <span class='ocrx_word' id='word_1_449' title='bbox 3440 3872 3585 3928; x_wconf 81' lang='lat' dir='ltr'><strong>saepe</strong></span> 
     </span>
    </p>
   </div>
   <div class='ocr_carea' id='block_1_68' title="bbox 2022 3945 3582 4016">
    <p class='ocr_par' dir='ltr' id='par_1_68' title="bbox 2022 3945 3582 4016">
     <span class='ocr_line' id='line_1_68' title="bbox 2022 3945 3582 4016; baseline -0.001 -13"><span class='ocrx_word' id='word_1_450' title='bbox 2022 3957 2199 4003; x_wconf 89' lang='lat' dir='ltr'><strong>tamen</strong></span> <span class='ocrx_word' id='word_1_451' title='bbox 2240 3945 2460 4000; x_wconf 78' lang='lat' dir='ltr'><strong>fremitu</strong></span> <span class='ocrx_word' id='word_1_452' title='bbox 2500 3945 2773 4016; x_wconf 86' lang='lat' dir='ltr'><strong>pulsuque</strong></span> <span class='ocrx_word' id='word_1_453' title='bbox 2822 3960 2886 4001; x_wconf 87' lang='lat' dir='ltr'><strong>ac</strong></span> <span class='ocrx_word' id='word_1_454' title='bbox 2935 3946 3120 4002; x_wconf 83' lang='lat' dir='ltr'><strong>sonitu</strong></span> <span class='ocrx_word' id='word_1_455' title='bbox 3176 3947 3582 4003; x_wconf 86' lang='lat' dir='ltr'><strong>lascivientium</strong></span> 
     </span>
    </p>
   </div>
   <div class='ocr_carea' id='block_1_69' title="bbox 2018 4036 3585 4108">
    <p class='ocr_par' dir='ltr' id='par_1_69' title="bbox 2018 4036 3585 4108">
     <span class='ocr_line' id='line_1_69' title="bbox 2018 4036 3585 4108; baseline 0.001 -17"><span class='ocrx_word' id='word_1_456' title='bbox 2018 4037 2512 4106; x_wconf 80' lang='lat' dir='ltr'><strong>insultantiumque</strong></span> <span class='ocrx_word' id='word_1_457' title='bbox 2569 4036 2635 4089; x_wconf 91' lang='lat' dir='ltr'><strong>ad</strong></span> <span class='ocrx_word' id='word_1_458' title='bbox 2691 4036 3029 4091; x_wconf 88' lang='lat' dir='ltr'><strong>alacritatem</strong></span> <span class='ocrx_word' id='word_1_459' title='bbox 3080 4044 3301 4093; x_wconf 88' lang='lat' dir='ltr'><strong>erectus</strong></span> <span class='ocrx_word' id='word_1_460' title='bbox 3337 4043 3392 4092; x_wconf 93' lang='lat' dir='ltr'><strong>et</strong></span> <span class='ocrx_word' id='word_1_461' title='bbox 3421 4048 3585 4108; x_wconf 87' lang='lat' dir='ltr'><strong>caput</strong></span> 
     </span>
    </p>
   </div>
   <div class='ocr_carea' id='block_1_70' title="bbox 2020 4126 3585 4198">
    <p class='ocr_par' dir='ltr' id='par_1_70' title="bbox 2020 4126 3585 4198">
     <span class='ocr_line' id='line_1_70' title="bbox 2020 4126 3585 4198; baseline 0.001 -17"><span class='ocrx_word' id='word_1_462' title='bbox 2020 4128 2193 4196; x_wconf 87' lang='lat' dir='ltr'><strong>tollat,</strong></span> <span class='ocrx_word' id='word_1_463' title='bbox 2229 4135 2298 4198; x_wconf 86' lang='lat' dir='ltr'><strong>_ct</strong></span> <span class='ocrx_word' id='word_1_464' title='bbox 2341 4126 2509 4181; x_wconf 86' lang='lat' dir='ltr'><strong>veluti</strong></span> <span class='ocrx_word' id='word_1_465' title='bbox 2544 4126 2602 4181; x_wconf 93' lang='lat' dir='ltr'><strong>in</strong></span> <span class='ocrx_word' id='word_1_466' title='bbox 2640 4127 2941 4181; x_wconf 87' lang='lat' dir='ltr'><strong>certamine</strong></span> <span class='ocrx_word' id='word_1_467' title='bbox 2977 4142 3224 4188; x_wconf 86' lang='lat' dir='ltr'><strong>versans.</strong></span> <span class='ocrx_word' id='word_1_468' title='bbox 3264 4136 3379 4182; x_wconf 93' lang='lat' dir='ltr'><strong>tum</strong></span> <span class='ocrx_word' id='word_1_469' title='bbox 3423 4129 3585 4183; x_wconf 90' lang='lat' dir='ltr'><strong>ardo-</strong></span> 
     </span>
    </p>
   </div>
   <div class='ocr_carea' id='block_1_71' title="bbox 2020 4216 3584 4287">
    <p class='ocr_par' dir='ltr' id='par_1_71' title="bbox 2020 4216 3584 4287">
     <span class='ocr_line' id='line_1_71' title="bbox 2020 4216 3584 4287; baseline 0.003 -15"><span class='ocrx_word' id='word_1_470' title='bbox 2020 4233 2134 4274; x_wconf 87' lang='lat' dir='ltr'><strong>rem</strong></span> <span class='ocrx_word' id='word_1_471' title='bbox 2192 4218 2249 4273; x_wconf 92' lang='lat' dir='ltr'><strong>in</strong></span> <span class='ocrx_word' id='word_1_472' title='bbox 2307 4216 2506 4283; x_wconf 90' lang='lat' dir='ltr'><strong>oculis,</strong></span> <span class='ocrx_word' id='word_1_473' title='bbox 2557 4222 2672 4271; x_wconf 92' lang='lat' dir='ltr'><strong>tum</strong></span> <span class='ocrx_word' id='word_1_474' title='bbox 2721 4216 2778 4271; x_wconf 93' lang='lat' dir='ltr'><strong>in</strong></span> <span class='ocrx_word' id='word_1_475' title='bbox 2826 4217 3021 4287; x_wconf 89' lang='lat' dir='ltr'><strong>spiritu</strong></span> <span class='ocrx_word' id='word_1_476' title='bbox 3080 4219 3322 4286; x_wconf 79' lang='lat' dir='ltr'><strong>ﬂatuque</strong></span> <span class='ocrx_word' id='word_1_477' title='bbox 3371 4220 3584 4276; x_wconf 71' lang='lat' dir='ltr'><strong>annuos</strong></span> 
     </span>
    </p>
   </div>
   <div class='ocr_carea' id='block_1_72' title="bbox 2020 4306 3583 4378">
    <p class='ocr_par' dir='ltr' id='par_1_72' title="bbox 2020 4306 3583 4378">
     <span class='ocr_line' id='line_1_72' title="bbox 2020 4306 3583 4378; baseline 0.002 -16"><span class='ocrx_word' id='word_1_478' title='bbox 2020 4313 2281 4372; x_wconf 86' lang='lat' dir='ltr'><strong>ostentet,</strong></span> <span class='ocrx_word' id='word_1_479' title='bbox 2313 4314 2368 4362; x_wconf 89' lang='lat' dir='ltr'><strong>et</strong></span> <span class='ocrx_word' id='word_1_480' title='bbox 2398 4306 2595 4362; x_wconf 84' lang='lat' dir='ltr'><strong>crebro</strong></span> <span class='ocrx_word' id='word_1_481' title='bbox 2624 4315 2774 4362; x_wconf 90' lang='lat' dir='ltr'><strong>motu</strong></span> <span class='ocrx_word' id='word_1_482' title='bbox 2798 4308 2994 4378; x_wconf 88' lang='lat' dir='ltr'><strong>pedum</strong></span> <span class='ocrx_word' id='word_1_483' title='bbox 3026 4310 3258 4378; x_wconf 90' lang='lat' dir='ltr'><strong>ungulas</strong></span> <span class='ocrx_word' id='word_1_484' title='bbox 3287 4309 3583 4365; x_wconf 87' lang='lat' dir='ltr'><strong>identidem</strong></span> 
     </span>
    </p>
   </div>
   <div class='ocr_carea' id='block_1_73' title="bbox 2020 4398 3580 4467">
    <p class='ocr_par' dir='ltr' id='par_1_73' title="bbox 2020 4398 3580 4467">
     <span class='ocr_line' id='line_1_73' title="bbox 2020 4398 3580 4467; baseline -0.001 -12"><span class='ocrx_word' id='word_1_485' title='bbox 2020 4399 2141 4455; x_wconf 88' lang='lat' dir='ltr'><strong>solo</strong></span> <span class='ocrx_word' id='word_1_486' title='bbox 2172 4399 2370 4464; x_wconf 87' lang='lat' dir='ltr'><strong>illidat,</strong></span> <span class='ocrx_word' id='word_1_487' title='bbox 2403 4398 2493 4453; x_wconf 92' lang='lat' dir='ltr'><strong>cui</strong></span> <span class='ocrx_word' id='word_1_488' title='bbox 2528 4398 2646 4454; x_wconf 87' lang='lat' dir='ltr'><strong>sola</strong></span> <span class='ocrx_word' id='word_1_489' title='bbox 2686 4400 2946 4454; x_wconf 85' lang='lat' dir='ltr'><strong>alacritas</strong></span> <span class='ocrx_word' id='word_1_490' title='bbox 2981 4400 3046 4453; x_wconf 92' lang='lat' dir='ltr'><strong>ad</strong></span> <span class='ocrx_word' id='word_1_491' title='bbox 3077 4399 3374 4455; x_wconf 82' lang='lat' dir='ltr'><strong>certamina</strong></span> <span class='ocrx_word' id='word_1_492' title='bbox 3405 4400 3580 4467; x_wconf 86' lang='lat' dir='ltr'><strong>adest,</strong></span> 
     </span>
    </p>
   </div>
   <div class='ocr_carea' id='block_1_74' title="bbox 2021 4491 3585 4562">
    <p class='ocr_par' dir='ltr' id='par_1_74' title="bbox 2021 4491 3585 4562">
     <span class='ocr_line' id='line_1_74' title="bbox 2021 4491 3585 4562; baseline -0.001 -15"><span class='ocrx_word' id='word_1_493' title='bbox 2021 4492 2252 4549; x_wconf 79' lang='lat' dir='ltr'><strong>facultas</strong></span> <span class='ocrx_word' id='word_1_494' title='bbox 2302 4500 2486 4549; x_wconf 87' lang='lat' dir='ltr'><strong>autem</strong></span> <span class='ocrx_word' id='word_1_495' title='bbox 2521 4491 2777 4548; x_wconf 90' lang='lat' dir='ltr'><strong>currendi</strong></span> <span class='ocrx_word' id='word_1_496' title='bbox 2829 4500 2955 4547; x_wconf 86' lang='lat' dir='ltr'><strong>ante</strong></span> <span class='ocrx_word' id='word_1_497' title='bbox 2992 4492 3145 4562; x_wconf 87' lang='lat' dir='ltr'><strong>lapso</strong></span> <span class='ocrx_word' id='word_1_498' title='bbox 3193 4500 3438 4562; x_wconf 83' lang='lat' dir='ltr'><strong>tempore</strong></span> <span class='ocrx_word' id='word_1_499' title='bbox 3487 4492 3585 4546; x_wconf 50' lang='lat' dir='ltr'><strong>aba-</strong></span> 
     </span>
    </p>
   </div>
   <div class='ocr_carea' id='block_1_75' title="bbox 2019 4583 3583 4656">
    <p class='ocr_par' dir='ltr' id='par_1_75' title="bbox 2019 4583 3583 4656">
     <span class='ocr_line' id='line_1_75' title="bbox 2019 4583 3583 4656; baseline -0.003 -15"><span class='ocrx_word' id='word_1_500' title='bbox 2019 4594 2236 4656; x_wconf 85' lang='lat' dir='ltr'><strong>sumpta</strong></span> <span class='ocrx_word' id='word_1_501' title='bbox 2292 4595 2375 4641; x_wconf 90' lang='lat' dir='ltr'><strong>est</strong></span> <span class='ocrx_word' id='word_1_502' title='bbox 2406 4604 2420 4641; x_wconf 92' lang='lat'><strong>:</strong></span> <span class='ocrx_word' id='word_1_503' title='bbox 2455 4585 2645 4641; x_wconf 88' lang='lat' dir='ltr'><strong>eodem</strong></span> <span class='ocrx_word' id='word_1_504' title='bbox 2692 4584 2855 4640; x_wconf 91' lang='lat' dir='ltr'><strong>modo</strong></span> <span class='ocrx_word' id='word_1_505' title='bbox 2902 4594 3091 4640; x_wconf 86' lang='lat' dir='ltr'><strong>nostra</strong></span> <span class='ocrx_word' id='word_1_506' title='bbox 3139 4599 3362 4655; x_wconf 89' lang='lat' dir='ltr'><strong>quoquc</strong></span> <span class='ocrx_word' id='word_1_507' title='bbox 3405 4583 3583 4639; x_wconf 86' lang='lat' dir='ltr'><strong>oratio</strong></span> 
     </span>
    </p>
   </div>
   <div class='ocr_carea' id='block_1_76' title="bbox 2019 4668 3584 4749">
    <p class='ocr_par' dir='ltr' id='par_1_76' title="bbox 2019 4668 3584 4749">
     <span class='ocr_line' id='line_1_76' title="bbox 2019 4668 3584 4749; baseline 0 -19"><span class='ocrx_word' id='word_1_508' title='bbox 2019 4684 2243 4749; x_wconf 84' lang='lat' dir='ltr'><strong>propter</strong></span> <span class='ocrx_word' id='word_1_509' title='bbox 2266 4685 2600 4733; x_wconf 91' lang='lat' dir='ltr'><strong>senectutem</strong></span> <span class='ocrx_word' id='word_1_510' title='bbox 2625 4683 2780 4732; x_wconf 87' lang='lat' dir='ltr'><strong>extra</strong></span> <span class='ocrx_word' id='word_1_511' title='bbox 2806 4677 3108 4732; x_wconf 85' lang='lat' dir='ltr'><strong>certamina</strong></span> <span class='ocrx_word' id='word_1_512' title='bbox 3131 4668 3378 4740; x_wconf 79' lang='lat' dir='ltr'><strong>manens,</strong></span> <span class='ocrx_word' id='word_1_513' title='bbox 3405 4676 3584 4730; x_wconf 87' lang='lat' dir='ltr'><strong>stadio</strong></span> 
     </span>
    </p>
   </div>
   <div class='ocr_carea' id='block_1_77' title="bbox 2019 4766 3585 4837">
    <p class='ocr_par' dir='ltr' id='par_1_77' title="bbox 2019 4766 3585 4837">
     <span class='ocr_line' id='line_1_77' title="bbox 2019 4766 3585 4837; baseline -0.001 -13"><span class='ocrx_word' id='word_1_514' title='bbox 2019 4769 2223 4826; x_wconf 88' lang='lat' dir='ltr'><strong>cedens</strong></span> <span class='ocrx_word' id='word_1_515' title='bbox 2261 4767 2571 4823; x_wconf 88' lang='lat' dir='ltr'><strong>eruditione</strong></span> <span class='ocrx_word' id='word_1_516' title='bbox 2607 4766 2950 4837; x_wconf 83' lang='lat' dir='ltr'><strong>ﬂorentibus,</strong></span> <span class='ocrx_word' id='word_1_517' title='bbox 2984 4769 3155 4824; x_wconf 83' lang='lat' dir='ltr'><strong>solam</strong></span> <span class='ocrx_word' id='word_1_518' title='bbox 3184 4766 3282 4822; x_wconf 82' lang='lat' dir='ltr'><strong>tibi</strong></span> <span class='ocrx_word' id='word_1_519' title='bbox 3326 4767 3585 4822; x_wconf 83' lang='lat' dir='ltr'><strong>alacrita-</strong></span> 
     </span>
    </p>
   </div>
   <div class='ocr_carea' id='block_1_78' title="bbox 2019 4857 3584 4929">
    <p class='ocr_par' dir='ltr' id='par_1_78' title="bbox 2019 4857 3584 4929">
     <span class='ocr_line' id='line_1_78' title="bbox 2019 4857 3584 4929; baseline -0.001 -15"><span class='ocrx_word' id='word_1_520' title='bbox 2019 4868 2127 4914; x_wconf 91' lang='lat' dir='ltr'><strong>tem</strong></span> <span class='ocrx_word' id='word_1_521' title='bbox 2156 4867 2208 4915; x_wconf 91' lang='lat' dir='ltr'><strong>et</strong></span> <span class='ocrx_word' id='word_1_522' title='bbox 2233 4858 2569 4913; x_wconf 81' lang='lat' dir='ltr'><strong>voluntatem</strong></span> <span class='ocrx_word' id='word_1_523' title='bbox 2599 4857 2656 4912; x_wconf 90' lang='lat' dir='ltr'><strong>in</strong></span> <span class='ocrx_word' id='word_1_524' title='bbox 2687 4859 2916 4929; x_wconf 75' lang='lat' dir='ltr'><strong>gratiam</strong></span> <span class='ocrx_word' id='word_1_525' title='bbox 2952 4866 3100 4914; x_wconf 90' lang='lat' dir='ltr'><strong>tuam</strong></span> <span class='ocrx_word' id='word_1_526' title='bbox 3129 4857 3373 4913; x_wconf 86' lang='lat' dir='ltr'><strong>certandi</strong></span> <span class='ocrx_word' id='word_1_527' title='bbox 3397 4866 3584 4915; x_wconf 89' lang='lat' dir='ltr'><strong>osten-</strong></span> 
     </span>
    </p>
   </div>
   <div class='ocr_carea' id='block_1_79' title="bbox 2019 4947 3583 5021">
    <p class='ocr_par' dir='ltr' id='par_1_79' title="bbox 2019 4947 3583 5021">
     <span class='ocr_line' id='line_1_79' title="bbox 2019 4947 3583 5021; baseline 0 -16"><span class='ocrx_word' id='word_1_528' title='bbox 2019 4949 2122 5015; x_wconf 90' lang='lat' dir='ltr'><strong>dit,</strong></span> <span class='ocrx_word' id='word_1_529' title='bbox 2172 4948 2444 5020; x_wconf 87' lang='lat' dir='ltr'><strong>siquidem</strong></span> <span class='ocrx_word' id='word_1_530' title='bbox 2483 4948 2557 5005; x_wconf 91' lang='lat' dir='ltr'><strong>ita</strong></span> <span class='ocrx_word' id='word_1_531' title='bbox 2585 4947 2823 5015; x_wconf 85' lang='lat' dir='ltr'><strong>ﬂoreret,</strong></span> <span class='ocrx_word' id='word_1_532' title='bbox 2855 4958 2916 5003; x_wconf 83' lang='lat' dir='ltr'><strong>ut</strong></span> <span class='ocrx_word' id='word_1_533' title='bbox 2964 4948 3058 5019; x_wconf 87' lang='lat' dir='ltr'><strong>qui</strong></span> <span class='ocrx_word' id='word_1_534' title='bbox 3094 4964 3240 5004; x_wconf 89' lang='lat' dir='ltr'><strong>nunc</strong></span> <span class='ocrx_word' id='word_1_535' title='bbox 3270 4949 3583 5021; x_wconf 87' lang='lat' dir='ltr'><strong>eloquentia</strong></span> 
     </span>
    </p>
   </div>
   <div class='ocr_carea' id='block_1_80' title="bbox 2019 5024 3585 5111">
    <p class='ocr_par' dir='ltr' id='par_1_80' title="bbox 2019 5024 3585 5111">
     <span class='ocr_line' id='line_1_80' title="bbox 2019 5024 3585 5111; baseline 0 -16"><span class='ocrx_word' id='word_1_536' title='bbox 2019 5041 2227 5111; x_wconf 80' lang='lat' dir='ltr'><strong>vigent.</strong></span> <span class='ocrx_word' id='word_1_537' title='bbox 2286 5038 2395 5094; x_wconf 90' lang='lat' dir='ltr'><strong>Sed</strong></span> <span class='ocrx_word' id='word_1_538' title='bbox 2442 5055 2606 5110; x_wconf 88' lang='lat' dir='ltr'><strong>quam</strong></span> <span class='ocrx_word' id='word_1_539' title='bbox 2648 5041 2877 5097; x_wconf 76' lang='lat' dir='ltr'><strong>ostendo</strong></span> <span class='ocrx_word' id='word_1_540' title='bbox 2926 5046 3175 5110; x_wconf 85' lang='lat' dir='ltr'><strong>prompta</strong></span> <span class='ocrx_word' id='word_1_541' title='bbox 3223 5040 3479 5095; x_wconf 78' lang='lat' dir='ltr'><strong>voluntas</strong></span> <span class='ocrx_word' id='word_1_542' title='bbox 3527 5024 3585 5095; x_wconf 65' lang='lat' dir='ltr'><strong>et</strong></span> 
     </span>
    </p>
   </div>
   <div class='ocr_carea' id='block_1_81' title="bbox 2021 5129 3583 5200">
    <p class='ocr_par' dir='ltr' id='par_1_81' title="bbox 2021 5129 3583 5200">
     <span class='ocr_line' id='line_1_81' title="bbox 2021 5129 3583 5200; baseline 0.003 -17"><span class='ocrx_word' id='word_1_543' title='bbox 2021 5129 2189 5183; x_wconf 89' lang='lat' dir='ltr'><strong>animi</strong></span> <span class='ocrx_word' id='word_1_544' title='bbox 2219 5131 2539 5200; x_wconf 83' lang='lat' dir='ltr'><strong>propensio,</strong></span> <span class='ocrx_word' id='word_1_545' title='bbox 2570 5145 2681 5185; x_wconf 92' lang='lat' dir='ltr'><strong>non</strong></span> <span class='ocrx_word' id='word_1_546' title='bbox 2714 5146 2780 5185; x_wconf 88' lang='lat' dir='ltr'><strong>eo</strong></span> <span class='ocrx_word' id='word_1_547' title='bbox 2812 5129 3066 5199; x_wconf 82' lang='lat' dir='ltr'><strong>pertinet,</strong></span> <span class='ocrx_word' id='word_1_548' title='bbox 3097 5136 3157 5183; x_wconf 90' lang='lat' dir='ltr'><strong>ut</strong></span> <span class='ocrx_word' id='word_1_549' title='bbox 3184 5143 3249 5184; x_wconf 88' lang='lat' dir='ltr'><strong>ex</strong></span> <span class='ocrx_word' id='word_1_550' title='bbox 3278 5129 3389 5185; x_wconf 90' lang='lat' dir='ltr'><strong>tuis</strong></span> <span class='ocrx_word' id='word_1_551' title='bbox 3418 5130 3583 5187; x_wconf 88' lang='lat' dir='ltr'><strong>rebus</strong></span> 
     </span>
    </p>
   </div>
   <div class='ocr_carea' id='block_1_82' title="bbox 2021 5219 3584 5293">
    <p class='ocr_par' dir='ltr' id='par_1_82' title="bbox 2021 5219 3584 5293">
     <span class='ocr_line' id='line_1_82' title="bbox 2021 5219 3584 5293; baseline 0.003 -20"><span class='ocrx_word' id='word_1_552' title='bbox 2021 5219 2228 5290; x_wconf 87' lang='lat' dir='ltr'><strong>aliquid</strong></span> <span class='ocrx_word' id='word_1_553' title='bbox 2260 5236 2534 5292; x_wconf 83' lang='lat' dir='ltr'><strong>exponere</strong></span> <span class='ocrx_word' id='word_1_554' title='bbox 2559 5223 2741 5278; x_wconf 90' lang='lat' dir='ltr'><strong>velim.</strong></span> <span class='ocrx_word' id='word_1_555' title='bbox 2772 5221 2828 5275; x_wconf 88' lang='lat' dir='ltr'><strong>Id</strong></span> <span class='ocrx_word' id='word_1_556' title='bbox 2870 5222 3017 5276; x_wconf 90' lang='lat' dir='ltr'><strong>enim</strong></span> <span class='ocrx_word' id='word_1_557' title='bbox 3046 5222 3366 5289; x_wconf 83' lang='lat' dir='ltr'><strong>vehemens,</strong></span> <span class='ocrx_word' id='word_1_558' title='bbox 3394 5224 3584 5293; x_wconf 59' lang='lat' dir='ltr'><strong>copio-</strong></span> 
     </span>
    </p>
   </div>
   <div class='ocr_carea' id='block_1_83' title="bbox 2021 5312 3583 5385">
    <p class='ocr_par' dir='ltr' id='par_1_83' title="bbox 2021 5312 3583 5385">
     <span class='ocr_line' id='line_1_83' title="bbox 2021 5312 3583 5385; baseline 0 -17"><span class='ocrx_word' id='word_1_559' title='bbox 2021 5327 2192 5385; x_wconf 87' lang='lat' dir='ltr'><strong>saque</strong></span> <span class='ocrx_word' id='word_1_560' title='bbox 2247 5319 2302 5366; x_wconf 84' lang='lat' dir='ltr'><strong>et</strong></span> <span class='ocrx_word' id='word_1_561' title='bbox 2355 5312 2630 5367; x_wconf 86' lang='lat' dir='ltr'><strong>elaborata</strong></span> <span class='ocrx_word' id='word_1_562' title='bbox 2682 5314 2772 5366; x_wconf 88' lang='lat' dir='ltr'><strong>vix</strong></span> <span class='ocrx_word' id='word_1_563' title='bbox 2818 5323 3142 5384; x_wconf 80' lang='lat' dir='ltr'><strong>assequatur</strong></span> <span class='ocrx_word' id='word_1_564' title='bbox 3191 5314 3388 5380; x_wconf 92' lang='lat' dir='ltr'><strong>oratio,</strong></span> <span class='ocrx_word' id='word_1_565' title='bbox 3448 5314 3583 5385; x_wconf 87' lang='lat' dir='ltr'><strong>quin</strong></span> 
     </span>
    </p>
   </div>
   <div class='ocr_carea' id='block_1_84' title="bbox 2019 5403 3581 5479">
    <p class='ocr_par' dir='ltr' id='par_1_84' title="bbox 2019 5403 3581 5479">
     <span class='ocr_line' id='line_1_84' title="bbox 2019 5403 3581 5479; baseline 0.001 -22"><span class='ocrx_word' id='word_1_566' title='bbox 2019 5403 2193 5457; x_wconf 89' lang='lat' dir='ltr'><strong>multa</strong></span> <span class='ocrx_word' id='word_1_567' title='bbox 2231 5417 2342 5457; x_wconf 90' lang='lat' dir='ltr'><strong>non</strong></span> <span class='ocrx_word' id='word_1_568' title='bbox 2383 5409 2712 5473; x_wconf 87' lang='lat' dir='ltr'><strong>assequatur</strong></span> <span class='ocrx_word' id='word_1_569' title='bbox 2749 5419 2871 5475; x_wconf 76' lang='lat' dir='ltr'><strong>qua:</strong></span> <span class='ocrx_word' id='word_1_570' title='bbox 2905 5420 3005 5475; x_wconf 89' lang='lat' dir='ltr'><strong>pro</strong></span> <span class='ocrx_word' id='word_1_571' title='bbox 3054 5406 3319 5479; x_wconf 83' lang='lat' dir='ltr'><strong>dignitate</strong></span> <span class='ocrx_word' id='word_1_572' title='bbox 3351 5405 3427 5461; x_wconf 89' lang='lat' dir='ltr'><strong>rei</strong></span> <span class='ocrx_word' id='word_1_573' title='bbox 3472 5415 3581 5459; x_wconf 86' lang='lat' dir='ltr'><strong>non</strong></span> 
     </span>
    </p>
   </div>
   <div class='ocr_carea' id='block_1_85' title="bbox 2020 5495 3582 5568">
    <p class='ocr_par' dir='ltr' id='par_1_85' title="bbox 2020 5495 3582 5568">
     <span class='ocr_line' id='line_1_85' title="bbox 2020 5495 3582 5568; baseline 0.003 -20"><span class='ocrx_word' id='word_1_574' title='bbox 2020 5501 2238 5558; x_wconf 82' lang='lat' dir='ltr'><strong>tractet,</strong></span> <span class='ocrx_word' id='word_1_575' title='bbox 2289 5510 2409 5564; x_wconf 73' lang='lat' dir='ltr'><strong>qua:</strong></span> <span class='ocrx_word' id='word_1_576' title='bbox 2443 5495 2765 5550; x_wconf 87' lang='lat' dir='ltr'><strong>immensam</strong></span> <span class='ocrx_word' id='word_1_577' title='bbox 2798 5505 2853 5553; x_wconf 93' lang='lat' dir='ltr'><strong>et</strong></span> <span class='ocrx_word' id='word_1_578' title='bbox 2890 5498 3036 5552; x_wconf 89' lang='lat' dir='ltr'><strong>omni</strong></span> <span class='ocrx_word' id='word_1_579' title='bbox 3087 5498 3390 5553; x_wconf 87' lang='lat' dir='ltr'><strong>imitatione</strong></span> <span class='ocrx_word' id='word_1_580' title='bbox 3420 5512 3582 5568; x_wconf 81' lang='lat' dir='ltr'><strong>supe-</strong></span> 
     </span>
    </p>
   </div>
   <div class='ocr_carea' id='block_1_86' title="bbox 2025 5586 3584 5659">
    <p class='ocr_par' dir='ltr' id='par_1_86' title="bbox 2025 5586 3584 5659">
     <span class='ocr_line' id='line_1_86' title="bbox 2025 5586 3584 5659; baseline 0.001 -21"><span class='ocrx_word' id='word_1_581' title='bbox 2025 5586 2226 5641; x_wconf 86' lang='lat' dir='ltr'><strong>riorem</strong></span> <span class='ocrx_word' id='word_1_582' title='bbox 2268 5586 2408 5640; x_wconf 89' lang='lat' dir='ltr'><strong>hanc</strong></span> <span class='ocrx_word' id='word_1_583' title='bbox 2440 5600 2656 5640; x_wconf 87' lang='lat' dir='ltr'><strong>morum</strong></span> <span class='ocrx_word' id='word_1_584' title='bbox 2703 5595 2758 5643; x_wconf 88' lang='lat' dir='ltr'><strong>ct</strong></span> <span class='ocrx_word' id='word_1_585' title='bbox 2789 5587 2996 5659; x_wconf 86' lang='lat' dir='ltr'><strong>ingenii</strong></span> <span class='ocrx_word' id='word_1_586' title='bbox 3043 5587 3486 5644; x_wconf 86' lang='lat' dir='ltr'><strong>concordantiam</strong></span> <span class='ocrx_word' id='word_1_587' title='bbox 3529 5588 3584 5639; x_wconf 74' lang='lat' dir='ltr'><strong>et</strong></span> 
     </span>
    </p>
   </div>
   <div class='ocr_carea' id='block_1_87' title="bbox 1996 5677 3583 5743">
    <p class='ocr_par' dir='ltr' id='par_1_87' title="bbox 1996 5677 3583 5743">
     <span class='ocr_line' id='line_1_87' title="bbox 1996 5677 3583 5743; baseline 0.001 -12"><span class='ocrx_word' id='word_1_588' title='bbox 1996 5678 2442 5733; x_wconf 80' lang='lat' dir='ltr'><strong>consonantiam</strong></span> <span class='ocrx_word' id='word_1_589' title='bbox 2490 5694 2554 5734; x_wconf 79' lang='lat' dir='ltr'><strong>ex</strong></span> <span class='ocrx_word' id='word_1_590' title='bbox 2600 5681 2893 5737; x_wconf 86' lang='lat' dir='ltr'><strong>contrariis</strong></span> <span class='ocrx_word' id='word_1_591' title='bbox 2930 5682 3095 5737; x_wconf 78' lang='lat' dir='ltr'><strong>rebus</strong></span> <span class='ocrx_word' id='word_1_592' title='bbox 3135 5677 3492 5743; x_wconf 80' lang='lat' dir='ltr'><strong>compositam</strong></span> <span class='ocrx_word' id='word_1_593' title='bbox 3528 5682 3583 5730; x_wconf 83' lang='lat' dir='ltr'><strong>et</strong></span> 
     </span>
    </p>
   </div>
   <div class='ocr_carea' id='block_1_88' title="bbox 3574 5848 3683 5919">
    <p class='ocr_par' dir='ltr' id='par_1_88' title="bbox 3574 5848 3683 5919">
     <span class='ocr_line' id='line_1_88' title="bbox 3574 5848 3683 5919; baseline 0 0"><span class='ocrx_word' id='word_1_594' title='bbox 3574 5848 3683 5919; x_wconf 21' lang='lat' dir='ltr'><strong>ir&quot;</strong></span> 
     </span>
    </p>
   </div>
  </div>
