3950 6132
337 317 437 373 165

1577 301 1636 365 S.
1661 309 1990 366 GREGORII
2031 297 2326 366 NYSSEN‘

3497 297 3592 365 161

329 436 799 499 contemperatam
847 425 1155 496 susceperit
1199 417 1601 494 explicandam.
1647 425 1768 491 Quo
1808 440 1902 495 pa-

2011 426 2163 496 6ψεις
2201 427 2310 479 τῶν
2356 423 2770 496 προσορῶντων,
2825 413 2960 479 ἀλλά
3011 423 3078 479 δι’
3125 424 3317 496 ἡδονῆς
3373 423 3595 494 βλέπειν

330 528 442 583 cto,
491 524 636 574 sicut
672 517 1052 588 palpebrarum
1094 515 1533 584 prominentibus
1567 515 1712 584 pilis,
1746 516 1907 585 quasi

329 610 475 663 vallo
505 609 741 678 olljecto,
779 607 1073 676 puritatem
1105 613 1161 658 et
1185 607 1582 660 vehementiam
1623 605 1905 660 radiorum

330 709 530 755 natura
557 700 894 754 obumbrans
935 707 987 753 et
1017 697 1298 767 frangens,
1331 705 1693 767 temperatum
1723 713 1786 751 ac
1825 697 1906 752 di-

333 793 513 847 lutum
562 791 912 861 splendorem
950 789 1131 844 oeulis
1163 788 1353 854 infert,
1389 803 1498 858 quo
1539 788 1790 858 placidus
1825 789 1906 844 sol

331 899 431 952 pro
465 901 530 939 eo
563 884 724 936 modo
765 897 926 952 quem
962 896 1095 937 usus
1126 879 1323 950 poscit,
1352 894 1476 934 eum
1511 881 1702 935 umbra
1743 893 1906 950 quam

333 973 602 1042 palpebra:
639 971 866 1037 faciunt,
907 977 1354 1039 contemperatus
1385 971 1637 1033 exsistat,
1680 970 1756 1024 ita
1785 984 1907 1025 mo-

331 1072 452 1118 rum
490 1065 729 1134 gravitas
777 1071 940 1132 atque
969 1062 1230 1132 majestas
1261 1077 1386 1116 cum
1423 1061 1700 1116 moderata
1739 1060 1908 1115 animi

327 1157 664 1212 ‘demissione
706 1155 1017 1219 commista,
1069 1170 1178 1209 non
1216 1161 1426 1210 avertat
1454 1155 1649 1209 oculos
1697 1153 1910 1208 intuen-

327 1254 488 1316 tium,
555 1250 648 1305 sed
693 1249 998 1319 jucundum
1052 1247 1251 1303 efficiat
1301 1249 1572 1311 obtutum,
1622 1253 1682 1300 ut
1732 1260 1909 1316 neque

329 1344 618 1415 gravitatis
653 1356 717 1396 ac
758 1339 1069 1395 severitatis
1115 1339 1379 1409 splendor
1415 1341 1770 1401 obscuretur,
1809 1352 1909 1393 ne-

329 1451 439 1503 que
468 1435 647 1488 latens
688 1433 742 1486 in
793 1432 978 1485 animo
1010 1431 1091 1486 vis
1143 1439 1367 1500 propter
1393 1430 1761 1485 humilitatem
1809 1428 1908 1486 de-

331 1524 618 1592 spiciatur,
668 1521 763 1576 sed
809 1522 1041 1575 alterum
1075 1521 1360 1590 aequaliter
1397 1521 1453 1575 in
1484 1528 1741 1591 utroque,
1790 1527 1905 1574 tum

331 1616 386 1668 in
417 1614 744 1669 celsitudine
789 1628 852 1668 ac
896 1613 1233 1668 sublimitate
1265 1613 1498 1672 comitas
1549 1623 1604 1670 et
1653 1615 1908 1670 humani-

331 1713 438 1766 tas,
476 1710 589 1756 tum
641 1704 697 1757 in
749 1702 1055 1757 humilitate
1087 1704 1204 1757 vice
1251 1718 1410 1758 versa
1443 1705 1684 1774 gravitas
1716 1715 1773 1760 et
1821 1721 1908 1762 se-

2009 516 2438 587 παρασκευάζει,
2471 517 2547 580 ὡς
2571 518 2707 588 μήτε
2737 515 2839 587 τῆς
2874 517 3200 586 σεμνότητος
3221 517 3321 586 τὴν
3367 533 3590 588 μαρμαο

2009 607 2181 678 ρυγὴν
2223 606 2626 678 ἀμαυροῦσθαι,
2687 609 2824 680 μήτε
2869 607 2958 660 διὰ
2999 607 3388 676 ταπεινότητος
3422 625 3590 662 καται-

2008 699 2326 769 φρονεῖσθαι
2353 700 2415 752 τὸ
2451 699 2776 764 ἐνδιάθετον,
2808 698 2944 753 ἀλλά
2967 699 3109 753 κατά
3135 699 3197 753 τδ
3225 700 3340 752 ἴσον
3373 701 3432 752 ὲν
3461 700 3590 754 ἑκα-

2007 790 2152 862 τέρῳ
2178 790 2501 862 θεωρεῖσθαι
2527 790 2588 844 τὺ
2612 791 2818 861 ἕτερον,
2847 790 2904 843 ἐν
2930 807 2989 843 τε
3016 789 3096 860 τῷ
3125 789 3314 862 ὑψηλῷ
3342 790 3442 861 τὴν
3475 809 3592 845 κοι-

2007 882 2227 953 νότητα,
2251 883 2346 936 καὶ
2366 886 2424 937 ὲν
2441 883 2520 954 τῷ
2547 883 2789 955 ταπεινῷ
2808 882 2869 936 τὸ
2893 882 3125 954 ἔμπαλιν
3149 883 3246 954 τὴν
3267 900 3324 935 σε
3333 884 3590 956 μηνότητα.

2015 972 2206 1036 Ἀλλος
2240 971 2415 1026 ταῦτα
2449 972 2826 1045 διεξερχέσθω,
2865 972 2960 1025 καὶ
2987 971 3048 1025 τὸ
3080 971 3460 1043 πολυόμματον
3490 971 3590 1042 τῆς

2007 1064 2187 1135 ψυχῆς
2237 1065 2563 1135 ἀνυμνείτω.
2614 1063 2912 1134 ’ἰσάριθμοι
2952 1065 3072 1126 ταῖς
3127 1062 3270 1134 θριξὶ
3315 1063 3456 1133 τάχα
3492 1067 3589 1135 τῆς

2009 1156 2250 1227 κεφαλῆς
2282 1158 2331 1209 oi
2361 1156 2462 1226 τῆς
2489 1157 2664 1226 ψυχῆς
2695 1153 2985 1225 ὀφθαλμοὶ,
3019 1153 3355 1225 πανταχόθεν
3394 1155 3589 1226 ἐπίσης

2009 1247 2102 1312 ὀξύ
2147 1266 2208 1301 τε
2237 1249 2333 1302 καὶ
2382 1248 2618 1311 ἀπλανὲς
2667 1246 2994 1318 δεδορκότες,
3025 1245 3165 1298 ὥστε
3217 1246 3499 1317 πόρρωθέν
3530 1266 3588 1302 τε

2009 1339 2244 1410 προϊδεῖν
2276 1356 2288 1370 ·
2350 1339 2445 1392 καὶ
2502 1339 2576 1409 μὴ
2619 1338 2834 1406 ἀγνοεῖν
2883 1337 2947 1388 ἐκ
2984 1335 3076 1388 τοῦ
3126 1334 3410 1404 σύνεγγυς,
3456 1339 3589 1410 μηδὲ

2009 1429 2106 1502 τὴν
2135 1431 2327 1498 πεῖραν
2355 1429 2646 1499 ἀναμένειν
2673 1427 2766 1481 τοῦ
2799 1425 3198 1490 λυσιτελοῦντος
3228 1428 3547 1482 διδάσκαλον
3571 1447 3583 1458 ·

2009 1522 2146 1576 ἀλλά
2169 1523 2230 1576 τὸ
2266 1523 2365 1592 μὲν
2396 1525 2508 1585 τοῖς
2533 1521 2642 1575 τῶν
2665 1521 2895 1574 ἐλπίδων
2921 1521 3218 1592 ὀφθαλμοῖς
3243 1523 3500 1593 προορᾷν,
3527 1519 3588 1575 τὸ

2008 1615 2065 1670 δὲ
2093 1614 2318 1686 θεωρεῖν
2345 1613 2434 1667 διὰ
2464 1616 2564 1684 τῆς
2597 1614 2838 1686 μνήμης,
2873 1614 3000 1668 ἄλλο
3026 1631 3086 1668 τε
3122 1615 3179 1668 δὲ
3215 1614 3354 1668 κατά
3386 1615 3446 1666 τὸ
3475 1607 3588 1668 ἐνέ-

2012 1704 2152 1768 στὼς
2181 1707 2240 1759 ὲν
2267 1705 2451 1777 κύκλῳ
2473 1705 2666 1780 περιαθ
2677 1705 2808 1777 ρεῖν,
2833 1705 3009 1760 πάντα
3031 1707 3088 1760 δὲ
3117 1705 3257 1759 κατά
3286 1705 3478 1758 ταύτὸν
3505 1707 3587 1758 ὲν-

326 1796 533 1848 veritas
577 1794 1069 1851 animadvertatur.
1135 1795 1290 1851 Alius
1342 1797 1458 1852 haec
1515 1807 1790 1866 exponat,
1849 1805 1903 1853 et

2010 1800 2192 1871 εργεῖν
2225 1797 2547 1869 ἀσυγχύτους
2598 1799 2801 1862 πάσαις
2833 1800 2952 1863 ταῖς
2979 1797 3260 1862 τοιαύταις
3289 1797 3587 1869 ἐνεργείαις

325 1886 570 1940 animum
630 1887 795 1942 istum
848 1887 1226 1956 compluribus
1291 1889 1470 1944 oculis
1532 1891 1900 1960 insignitum,

2009 1890 2100 1945 τὸν
2129 1889 2252 1944 νοῦν
2282 1889 2633 1961 καταλλήλως
2662 1887 3073 1963 ὲπιμερίζοντα.

325 1978 581 2034 laudibus
610 1987 994 2049 prosequatur.
1042 1979 1294 2035 Forsitan
1333 1982 1480 2035 enim
1519 1982 1661 2050 pilos
1695 1984 1895 2054 capitis
1934 1997 2168 2038 numero
2193 1991 2412 2054 aequant
2445 1983 2616 2037 animi
2651 1983 2818 2047 oculi,
2852 1982 3106 2053 undique
3176 1983 3384 2054 pariter
3409 1990 3459 2040 et
3519 1994 3585 2037 ex

325 2088 484 2142 aequo
528 2081 740 2129 certum
780 2082 834 2129 et
870 2083 1090 2129 acutum
1132 2084 1464 2139 cernentes,
1521 2085 1583 2130 ut
1619 2085 1672 2132 et
1706 2093 1770 2132 ex
1811 2079 2112 2149 longinquo
2194 2076 2560 2148 prospicient,
2615 2077 2870 2148 nihilque
2909 2076 3086 2148 fugiat
3146 2090 3212 2132 ac
3276 2076 3442 2132 lateat
3491 2089 3586 2131 eos

331 2184 400 2222 ex
437 2168 768 2238 propinquo,
825 2183 925 2223 nec
960 2169 1352 2238 experientiam
1408 2169 1663 2224 utilitatis
1706 2177 1757 2224 οε
1835 2171 2104 2226 commodi
2156 2170 2474 2240 magistram
2539 2176 2891 2240 exspectent;
2953 2167 3050 2224 sed
3141 2167 3288 2222 aliud
3366 2167 3587 2237 quidem

323 2260 500 2314 oculis
538 2259 654 2328 spei
707 2259 1050 2328 provideant,
1100 2260 1248 2314 aliud
1279 2276 1408 2315 vero
1435 2275 1531 2330 per
1571 2262 1891 2316 memoriam
1934 2272 2187 2327 cernant,
2233 2261 2383 2316 aliud
2413 2263 2546 2318 item
2595 2262 2650 2316 in
2691 2261 2982 2332 praesentia
3045 2259 3288 2332 undique
3347 2261 3587 2327 circum-

337 2369 448 2425 que
484 2355 631 2408 circa
663 2355 1128 2419 animadvertant,
1163 2357 1349 2409 omnia
1381 2371 1511 2411 vero
1552 2357 1716 2412 simul
1747 2365 1801 2412 et
1833 2358 2026 2414 eodem
2088 2368 2337 2429 tempore
2370 2357 2625 2428 omnibus
2699 2357 3012 2428 hujusmodi
3076 2357 3388 2412 actionibus
3464 2357 3581 2411 abs-

332 2461 438 2516 que
487 2445 815 2498 confusione
868 2445 1259 2499 convenienter
1310 2451 1365 2498 et
1410 2453 1536 2514 apte
1590 2461 1744 2500 mens
1785 2459 1909 2501 sese
1954 2445 2294 2501 distribuens
2337 2445 2870 2515 accommodansque
2940 2443 3137 2499 efficiat
3178 2454 3233 2500 et
3309 2453 3586 2515 eperetur.

395 2540 753 2596 Venerandas
818 2540 946 2595 item
1013 2540 1353 2610 paupertatis
1407 2540 1627 2596 divitias
1677 2541 1903 2596 admire«

2083 2539 2186 2595 Τόν
2219 2558 2279 2596 τε
2314 2541 2508 2612 σεμνὸν
2529 2539 2630 2611 τῆς
2652 2540 2840 2604 πενίας
2875 2538 3103 2593 πλοῦτον
3131 2537 3457 2611 θαυμαζέτω
3486 2541 3581 2591 πάι

327 2643 437 2696 tur,
470 2633 515 2686 si
541 2632 664 2700 quis
697 2639 886 2684 nostra
917 2639 1077 2685 astate
1103 2637 1188 2686 cst
1215 2631 1309 2700 qui
1337 2630 1608 2700 ejusmodi
1641 2646 1754 2686 rem
1783 2647 1903 2686 cum

2011 2637 2093 2690 λιν
2122 2639 2344 2702 ἐκεῖνος,
2392 2635 2447 2688 εἷ
2471 2635 2554 2698 τίς
2587 2635 2734 2687 ἐστιν
2760 2635 2818 2688 ἐν
2858 2632 2936 2703 τῷ
2971 2631 3091 2686 καθ’
3122 2633 3269 2704 ἡμᾶς
3305 2631 3404 2703 βίῳ
3434 2631 3586 2693 εἰδὼς

326 2723 487 2778 laitde
516 2730 571 2775 et
605 2721 969 2775 admiratione
1017 2721 1297 2776 celebrare
1343 2721 1503 2774 sciat.
1551 2719 1632 2772 Ac
1675 2718 1903 2775 forsitan

2010 2724 2070 2778 τὸ
2099 2723 2340 2778 τοιοῦτον
2368 2725 2425 2779 ὲν
2455 2723 2663 2794 ἐπαίνῳ
2699 2721 2969 2776 ποιεῖσθαι
3001 2723 3095 2775 καὶ
3139 2722 3398 2790 θαύματι.
3436 2721 3586 2791 Τάχα

329 2814 551 2871 etiamsi
584 2814 739 2884 prius
770 2827 880 2866 non
897 2822 1036 2874 erat,
1075 2820 1130 2864 at
1158 2827 1305 2865 nunc
1337 2821 1558 2882 propter
1590 2818 1644 2865 te
1673 2825 1910 2880 pauper-

327 2911 457 2965 tatis
501 2922 720 2978 quoque
776 2904 1116 2960 desiderium
1163 2903 1415 2968 florebit,
1475 2913 1678 2974 tuaque
1729 2901 1906 2959 tenui-

327 3013 414 3058 tas
441 2991 608 3070 atque
643 2997 934 3070 frugalitas
970 2995 1288 3068 ingentibus
1319 2994 1499 3050 Crtesi
1537 2995 1658 3049 auri
1691 2995 1905 3066 ponde-

326 3093 480 3149 ribus
521 3091 730 3146 beatior
770 3089 1080 3143 habebitur.
1121 3087 1425 3154 Quemnam
1456 3088 1601 3141 enim
1632 3088 1715 3142 vel
1759 3096 1905 3143 terra

325 3185 412 3240 vel
449 3197 600 3238 mare
631 3181 793 3236 ambo
823 3195 954 3236 suos
990 3186 1286 3249 proventus
1324 3179 1555 3250 benigne
1586 3177 1910 3248 impartien-

327 3285 411 3330 tes
439 3274 512 3328 ita
542 3273 760 3327 beatum
791 3271 1171 3333 reddiderunt,
1219 3277 1278 3323 ut
1307 3276 1454 3322 tuam
1487 3268 1653 3320 vitam
1693 3267 1906 3321 animus

327 3366 432 3419 iste
461 3361 824 3416 materialium
858 3359 1178 3414 facultatum
1213 3367 1266 3413 et
1297 3356 1705 3412 mundanarum
1740 3370 1906 3426 opum

325 3458 710 3527 contemptor?
757 3455 828 3513 Ut
878 3455 1023 3512 enim
1075 3455 1152 3511 illi
1186 3454 1280 3526 qui
1321 3469 1351 3508 a
1408 3452 1556 3509 ferro
1600 3452 1906 3524 rubiginem

327 3551 657 3621 abstergunt
688 3557 743 3605 et
793 3549 1089 3615 abradunt,
1139 3547 1484 3619 splendidum
1527 3545 1581 3600 id
1611 3554 1664 3601 et
1706 3543 1774 3598 ad
1816 3559 1905 3598 ar-

326 3643 474 3715 genti
529 3643 700 3699 decus
746 3641 1017 3698 accedens
1057 3639 1319 3704 afﬁciunt,
1378 3639 1454 3692 ita
1501 3637 1600 3692 tibi
1650 3636 1774 3690 vita:
1817 3649 1906 3690 ra-

324 3737 470 3802 dius,
503 3737 633 3791 dum
669 3749 886 3804 semper
924 3747 956 3788 a
989 3733 1244 3802 rubigine
1283 3731 1641 3802 pecuniarum
1675 3728 1907 3799 diligen-

326 3836 410 3884 ter
446 3835 806 3897 expurgatur,
854 3824 1062 3878 elarior
1113 3822 1309 3876 evasit.
1372 3819 1497 3876 Ilaec
1524 3835 1742 3892 quoque
1791 3820 1906 3874 elo--

326 3918 628 3989 quentibus
659 3931 724 3970 ac
759 3913 980 3969 dicendi
1019 3911 1280 3967 facultate
1311 3910 1551 3981 praeditis
1587 3911 1904 3980 relinquan-

339 4017 465 4074 tur;
516 4016 572 4062 et
611 4005 758 4076 quod
791 4005 1018 4076 pulchre
1068 4003 1260 4069 calles,
1304 4003 1359 4057 in
1393 4002 1595 4090 quibus
1647 4003 1809 4058 rebus
1837 4018 1902 4058 ex

328 4098 646 4169 sumptione
701 4105 755 4152 et
809 4097 1165 4167 acceptione,
1228 4109 1391 4166 quam
1442 4111 1508 4150 ex
1568 4093 1904 4150 abstinentia

326 4191 469 4246 lucri
516 4190 643 4261 plus
675 4188 857 4243 laudis
906 4201 971 4243 ac
1001 4187 1187 4259 gloriae
1213 4188 1338 4258 quis
1383 4186 1527 4243 ferre
1574 4187 1774 4258 possit.
1813 4185 1906 4241 Lid-

2007 2815 2066 2869 δὲ
2094 2817 2143 2869 εί
2177 2815 2364 2886 καὶμὴ
2393 2815 2657 2887 πρότερον
2681 2809 2771 2886 ἦν,
2806 2813 2944 2869 ἀλλά
2973 2813 3067 2868 νῦν
3087 2813 3172 2867 διὰ
3200 2815 3258 2867 σὲ
3283 2814 3376 2868 καὶ
3404 2815 3585 2877 πενίας

2008 2907 2232 2979 ἀνθήσει
2256 2907 2439 2975 πόθος,
2471 2909 2560 2962 πυια¹ί
2590 2907 2698 2978 πρὸ
2721 2907 2830 2961 τῶν
2860 2907 3277 2962 πολυταλάντων
3311 2905 3404 2960 τοῦ
3423 2909 3466 2960 Κ
3477 2908 3577 2979 ροί-

2009 3015 2104 3052 σου
2133 2997 2390 3066 πλίνθων,
2424 2997 2458 3069 ἡ
2505 2997 2572 3068 σὴ
2602 2997 2892 3068 πλινθότης
2922 2995 3415 3068 μακαρισθήσεται.
3453 2996 3585 3049 Τίνα

2007 3087 2116 3160 γάρ
2143 3087 2480 3160 μακαριστὸν
2516 3086 2690 3151 οὕτως
2717 3085 2965 3153 ἀπέδειξε
2995 3087 3064 3158 γῆ
3097 3103 3156 3140 τε
3194 3085 3290 3139 καὶ
3323 3085 3586 3149 θάλασσα,

2006 3182 2126 3244 ταῖς
2161 3180 2319 3246 ίδίαις
2351 3171 2587 3252 ἑκατέρα
2623 3179 2905 3252 προσόδοις
2948 3178 3288 3249 δεξιουμένη,
3328 3177 3362 3247 ἢ
3391 3177 3466 3240 ὡς
3496 3177 3587 3230 τὸν

2009 3271 2100 3324 σὺν
2131 3272 2244 3340 βίον
2277 3274 2310 3342 ἡ
2343 3272 2481 3342 πρὸς
2507 3271 2604 3342 τὴν
2645 3271 2834 3343 ὗλικὴν
2859 3271 3179 3342 περιουσίαν
3209 3267 3584 3332 emacem;

2019 3363 2105 3428 Ὦς
2155 3363 2263 3435 γάρ
2307 3365 2355 3416 οἱ
2403 3362 2498 3417 τοῦ
2546 3363 2764 3435 σιδήρου
2802 3363 2895 3416 τὸν
2946 3361 3024 3415 ίδν
3061 3359 3402 3426 ἀποξέοντες,
3440 3357 3586 3412 στιλ-

2007 3452 2139 3508 πνὸν
2163 3453 2323 3507 αὑτὸν
2351 3454 2445 3508 καὶ
2467 3453 2794 3526 ἀργυροειδῆ
2823 3452 3279 3524 κατεργάζονται,
3309 3450 3480 3514 οὕτως
3506 3451 3586 3503 ooi.

2007 3546 2357 3619 φανερωτέρα
2389 3546 2610 3616 γέγονεν
2641 3549 2676 3618 ὴ
2707 3545 2801 3600 τοῦ
2833 3545 2950 3616 βίου
2977 3545 3155 3610 ἀκτὶς,
3189 3545 3277 3598 ἀεὶ
3298 3543 3365 3598 δι’
3394 3544 3581 3614 ὲπιμευ

2004 3631 2152 3700 λείας
2174 3635 2268 3690 τοῦ
2299 3637 2377 3690 ίοῦ
2401 3637 2508 3691 τῶν
2537 3639 2834 3710 χρημάτων
2863 3637 3251 3708 καθαιρομένη.
3283 3635 3391 3689 Καὶ
3413 3635 3585 3689 ταῦτα

2007 3729 2286 3801 παρείσθω
2309 3731 2421 3794 τοῖς
2446 3731 2618 3784 εἰπεῖν
2649 3723 2988 3802 δυναμένοις,
3014 3730 3107 3783 καὶ
3140 3730 3220 3782 ὃτι
3255 3727 3435 3792 καλῶς
3457 3727 3579 3780 ὲπί-

2009 3836 2202 3872 στασαι
2232 3817 2290 3872 ὲν
2325 3819 2467 3871 τίσιν
2490 3819 2605 3872 ἐστὶ
2643 3813 2702 3873 τὸ
2727 3819 2910 3873 λαϐεῖν
2947 3819 3042 3872 τοῦ
3077 3817 3412 3892 καθαρεῦσαι
3445 3818 3584 3889 λήμά

2010 3927 2179 3980 ματος
2199 3909 2554 3980 ἐνδοξότερον.
2603 3909 2702 3974 Δὸς
2733 3909 2840 3982 γάρ
2872 3922 2960 3981 μοι
2992 3910 3129 3982 μετὰ
3168 3910 3481 3981 παρρησίας
3508 3912 3583 3962 εἰ·

2006 4004 2149 4064 πεῖν,
2177 4001 2258 4054 ὅτι
2284 4002 2350 4055 ὀύ
2393 4002 2608 4055 πάντων
2639 4002 2912 4074 ὑπερορᾷς
2957 4003 3062 4055 τῶν
3097 4001 3418 4073 λημμάτων,
3467 3990 3582 4054 ἀλλδ

2004 4085 2080 4145 ὧν
2105 4091 2258 4145 οῦπω
2284 4103 2368 4155 τις
2413 4091 2652 4162 ἀψασθαι
2699 4093 2807 4147 τῶν
2857 4092 3234 4164 προλαϐόντων
3279 4091 3580 4163 δεδύνηται,

2008 4184 2168 4255 μόνος
2193 4183 2531 4256 περιεδράξω
2567 4183 2727 4256 διπλῇ
2755 4187 2819 4255 τῇ
2850 4186 3012 4256 χειρί.
3053 4185 3197 4237 Ἀντὶ
3225 4184 3334 4255 γὰρ
3355 4183 3582 4254 ἐσθῆτός

327 4291 453 4340 ceat
495 4283 643 4339 enim
678 4281 812 4336 mihi
847 4295 974 4336 cum
1014 4281 1157 4336 bona
1195 4282 1353 4336 venia
1384 4288 1480 4335 tua
1520 4279 1728 4347 dicere,
1753 4277 1901 4350 quod

2005 4293 2150 4339 τινος
2247 4276 2594 4348 ἀνδραπόδων
2622 4277 2654 4347 ἢ
2684 4278 2997 4349 χρημάτων,
3029 4277 3200 4340 αύτάς
3226 4276 3332 4330 τῶν
3370 4275 3581 4349 ὸ.νορὼ-

327 4385 438 4430 non
468 4374 654 4430 omnia
681 4375 835 4428 lucra
862 4372 1101 4443 despicis
1125 4381 1286 4442 atque
1309 4372 1638 4438 contemnis,
1657 4371 1752 4426 sed
1781 4387 1902 4441 quae

326 4476 489 4521 nemo
540 4465 890 4537 superiorum
924 4463 1104 4519 adhuc
1150 4465 1418 4536 attingere
1458 4472 1515 4519 et
1554 4464 1776 4535 assequi
1807 4479 1901 4534 po-

325 4557 450 4624 tuit,
481 4572 545 4612 ea
581 4557 850 4612 ambabus
872 4559 1128 4613 manibus
1159 4558 1310 4614 solus
1339 4558 1656 4626 complexus
1683 4573 1764 4612 es.
1794 4557 1900 4611 Pro

326 4657 477 4706 veste
527 4651 674 4706 enim
725 4650 910 4721 aliqua
963 4650 1230 4721 pretiosa,
1287 4664 1385 4719 pro
1435 4649 1744 4719 mancipiis,
1799 4663 1900 4720 pro

325 4740 576 4808 pecuniis
624 4741 775 4811 ipsas
815 4740 1098 4796 hominum
1139 4741 1350 4796 animas
1394 4751 1603 4810 captas,
1654 4750 1707 4796 et
1741 4741 1794 4795 in
1823 4741 1901 4797 dl-

326 4829 576 4884 lectionis
608 4831 867 4886 thesauro
907 4829 1185 4900 depositas
1217 4837 1386 4884 tenes.
1441 4828 1566 4882 llaec
1600 4829 1897 4898 scriptores

321 4930 377 4976 et
437 4930 708 4988 oratores,
763 4923 964 4993 quibus
1019 4921 1333 4991 hujusmodi
1389 4936 1476 4975 res
1524 4921 1748 4989 pulchre
1800 4921 1896 4974 tle-

322 5013 566 5068 scribere
609 5021 934 5068 ornamento
977 5019 1084 5074 est,
1129 5022 1436 5080 exponant;
1479 5022 1667 5064 nostra
1713 5016 1894 5064 autem

322 5105 511 5160 senilis
553 5105 730 5160 oratio
771 5111 981 5158 tantum
1037 5119 1161 5160 sese
1214 5111 1430 5158 moveat
1477 5111 1530 5156 et
1570 5103 1794 5164 excitet,
1837 5109 1896 5156 ut

323 5197 651 5266 pedetentim
693 5204 1057 5268 persequatur
1085 5211 1114 5248 a
1151 5203 1244 5249 tua
1279 5193 1547 5264 sapientia
1580 5193 1739 5248 nobis
1768 5208 1896 5263 pro-

322 5285 556 5356 positam
593 5289 972 5356 quaestionem,
1010 5302 1204 5355 nempe
1232 5285 1362 5354 quid
1393 5293 1632 5340 statuere
1665 5293 1719 5339 et
1743 5284 1895 5353 judi-

318 5393 448 5432 care
477 5385 727 5447 oporteat
758 5377 823 5432 de
856 5379 922 5433 iis
955 5380 1046 5448 qui
1079 5386 1401 5448 praemature
1432 5379 1800 5448 abripiuntur,
1835 5378 1889 5430 iu

319 5468 520 5538 quibus
569 5468 826 5522 nativitas
873 5470 1034 5522 morti
1087 5469 1477 5540 pt'tipCll‘lodUlll
1514 5468 1888 5537 conjungitur.

319 5561 468 5624 Quas
504 5574 590 5614 res
639 5557 803 5612 etiam
853 5560 1075 5628 sapiens
1108 5559 1197 5613 ille
1248 5559 1389 5614 inter
1417 5569 1674 5614 externos
1712 5558 1887 5624 Plato,

319 5667 444 5704 eum
493 5651 663 5703 multa
693 5665 760 5703 ex
797 5665 1028 5720 persona
1060 5650 1198 5718 ejus,
1232 5653 1323 5721 qui
1376 5652 1685 5716 revixisset,
1717 5651 1886 5721 dejtt-

317 5743 475 5798 diciis
505 5759 625 5812 qua:
654 5743 764 5797 illic
797 5742 936 5811 apud
982 5742 1189 5796 inferas.
1231 5754 1607 5808 exert-eattlur,
1648 5743 1882 5813 philoso-

2005 4385 2123 4422 πων
2144 4367 2245 4432 τάς
2262 4367 2442 4438 ψυχὰς
2470 4364 2648 4422 λαϐὼν
2671 4367 2834 4438 ἔχεις,
2861 4368 2938 4438 τῷ
2964 4367 3221 4439 θησαυρῷ
3237 4371 3335 4438 τῆς
3358 4369 3581 4438 ἀγάπης

2003 4458 2418 4530 ὲναποθὲμενος.
2456 4457 2642 4513 Ταῦτα
2663 4458 2990 4530 λογογράφοι
3022 4461 3115 4514 καὶ
3136 4461 3388 4528 σοφισταὶ
3420 4459 3581 4525 διεξί-

2001 4567 2203 4615 τωσαν,
2235 4546 2318 4614 οἷς
2353 4550 2555 4619 κόσμος
2585 4549 2766 4613 καλῶς
2805 4549 2874 4604 τὰ
2905 4549 3127 4603 τοιαῦτα
3159 4549 3420 4622 γράφειν’
3465 4551 3494 4603 ό
3522 4549 3580 4603 δὲ

2001 4643 2222 4712 γήρειος
2267 4642 2424 4712 ήμῶν
2469 4641 2657 4710 λόγος,
2707 4641 2961 4695 τοσοῦτον
3001 4640 3190 4694 ἑαυτὸν
3234 4641 3576 4705 ὑποκινείτω,

1999 4734 2121 4787 ὅσον
2156 4733 2321 4804 βάδην
2349 4733 2654 4798 ἐπεξελθεῖν
2686 4733 2763 4804 τῷ
2787 4733 3099 4804 προτεθέντι
3133 4735 3266 4804 ἡμῖν
3302 4731 3452 4804 παρὰ
3480 4734 3580 4804 τῆς

2002 4825 2099 4895 σῆς
2148 4815 2340 4893 σοφίας
2372 4823 2740 4895 προϐλήματι,
2775 4825 2828 4877 τί
2865 4825 2972 4895 χρὴ
2996 4824 3285 4893 γινώσκειν
3315 4824 3580 4896 περὶτῶν

1999 4917 2106 4987 πρὸ
2131 4916 2278 4986 ὥρας
2311 4914 2796 4986 ἀναρπαζομένων,
2835 4917 2919 4984 ἐφ’
2951 4911 3026 4970 ὧν
3062 4916 3258 4989 μικροῦ
3285 4917 3394 4970 δεῖν
3424 4918 3457 4987 ἡ
3485 4916 3579 4984 γέ-

1996 5024 2142 5073 νεσις
2185 5009 2263 5079 τῷ
2293 5009 2506 5078 θανάτῳ
2553 5011 2917 5064 συνάπτεται*
2967 5011 3060 5064 καὶ
3102 5011 3130 5063 ὁ
3178 5010 3337 5077 σοφὸς
3373 5009 3430 5061 ὲν
3465 5011 3578 5070 τοῖς

1995 5101 2100 5166 ἔξω
2151 5102 2374 5155 Πλάτων
2426 5102 2625 5165 πολλὰς
2669 5104 2734 5156 ἐκ
2795 5102 3089 5174 προσώπου
3148 5102 3578 5165 ἀναϐεϐιωκότος

1996 5196 2124 5265 περὶ
2150 5196 2254 5247 τῶν
2282 5196 2489 5248 ἐκεῖθεν
2531 5195 2894 5267 δικαστηρίων
2925 5196 3312 5268 φιλοσοφήσας,
3360 5195 3576 5265 ἀφῆκεν

1993 5285 2300 5358 ἀπόρρητα,
2332 5287 2406 5350 ὡς
2451 5287 2737 5357 κρείττονα
2782 5285 2910 5340 ὄντα
2955 5286 3176 5357 δηλαδὴ,
3221 5284 3430 5357 ήῶστε
3468 5282 3576 5338 ὑπὸ

1994 5375 2251 5446 λογισμὸν
2278 5375 2618 5448 ἀνθρώπινον
2658 5376 2853 5431 ἐλθεῖν.
2905 5377 2969 5430 Εἰ
3005 5373 3106 5447 μὲν
3133 5371 3226 5429 οὖν
3251 5391 3302 5427 τι
3333 5373 3576 5428 τοιοῦτον

1993 5467 2052 5520 ἐν
2076 5469 2187 5530 τοῖς
2207 5467 2594 5539 ἐξητασμένοις
2619 5469 2789 5532 ἐστὶν,
2805 5471 2880 5532 ὡς
2909 5467 3058 5522 λύειν
3089 5467 3185 5530 τὰς
3210 5465 3302 5520 τοῦ
3333 5465 3574 5536 προϐλήά

1996 5576 2164 5628 ματος
2193 5559 2540 5630 ἀμφιϐολίας,
2567 5561 2694 5633 δέξῃ
2725 5562 2927 5632 δηλαδὴ
2955 5562 3044 5615 τὸν
3071 5561 3361 5634 εὑρεθέντα
3382 5559 3568 5628 λόγον·

1996 5652 2117 5705 εἰδὲ
2140 5652 2235 5723 μή,
2251 5652 2540 5725 συγγνώσῃ
2561 5656 2777 5718 πάντως
2797 5653 2872 5724 τῷ
2887 5655 3056 5724 γήρᾳ,
3073 5653 3237 5724 μόνην
3257 5651 3354 5720 τὴν
3371 5648 3572 5720 προθυ-

1995 5746 2122 5815 μίαν
2147 5745 2301 5816 ήμῶν
2331 5748 2406 5809 εἰς
2437 5747 2494 5799 τὸ
2524 5750 2824 5816 παρασχεῖν
2847 5747 2898 5799 τί
2924 5764 3001 5798 σοι
3025 5747 3131 5796 τῶν
3161 5739 3572 5811 κεχαρισμένων
