3950 6132
319 292 417 352 165

991 291 1083 347 ns
1139 283 1562 347 INFANTIBUS
1616 287 1737 357 om
1782 281 2241 348 PRAEMATURE
2286 282 2783 357 aenipum‘tuit.

3454 294 3560 361 ltili

316 409 722 479 ἀποδεξάμενος.
752 409 863 464 Καὶ
892 409 1001 480 γὰρ
1023 409 1115 464 τὸν
1133 408 1338 481 Ξέρξην
1358 408 1564 463 ἐκεῖνον
1589 406 1681 461 τὸν
1704 408 1876 461 πᾶσαν

1986 406 2149 477 phico
2199 423 2348 462 more
2393 409 2770 479 disseruisset,
2813 413 3034 484 reliquit
3074 404 3461 485 lnexplicatas,
3497 426 3562 475 ut

314 501 405 573 τὴν
418 504 507 571 ὑφ’
528 501 667 572 ἡλίῳ
691 501 891 574 μικροῦ
908 503 1021 557 δεῖν
1043 503 1103 555 ἓν
1125 499 1480 571 στρατόπεδον
1499 498 1881 569 ποιησάμενον,

312 595 400 647 καὶ
451 595 631 647 πᾶσαν
659 592 837 663 ἑαυτῷ
877 593 1231 663 συγκινοῦντα
1268 593 1369 662 τὴν
1412 590 1753 660 οίκουμένην,
1795 590 1883 643 ὅτε

309 684 448 736 κατὰ
468 682 577 735 τῶν
604 682 871 753 Ἐλλήνων
899 685 1247 754 ἐστράτευσε,
1273 681 1390 753 μεθ’
1416 681 1607 752 ἡδονῆς
1636 679 1884 744 δέξασθαί

309 783 473 843 φησιν
494 776 524 827 6
538 773 694 840 λόγος
717 772 948 843 πένητός
969 791 1112 838 τινος
1130 773 1321 844 δῶρον.
1347 759 1532 842 ’Υδωρ
1556 770 1613 823 δὲ
1633 771 1694 822 τὸ
1716 768 1883 834 ξένιον

305 861 392 935 ἧν,
424 866 521 918 καὶ
549 864 705 919 τοῦτο
737 865 841 918 οὐκ
871 867 929 918 ἐν
957 864 1186 935 κεράμῳ
1223 865 1542 934 φερόμενον,
1579 860 1694 915 ἀλλ’
1723 862 1781 915 ὲν
1805 858 1884 928 τῷ

305 955 468 1027 κοίλῳ
497 958 599 1026 τῆς
628 956 736 1008 τῶν
757 955 956 1027 χειρῶν
979 954 1234 1023 παλάμης
1257 952 1664 1024 περιεχόμενον.
1696 949 1882 1013 Οὓτως

303 1042 395 1100 οὖν
443 1047 542 1101 καὶ
590 1047 657 1100 σὺ
700 1048 843 1100 κατὰ
897 1047 997 1118 τὴν
1047 1045 1353 1118 προσοῦσάν
1392 1062 1475 1099 σοι
1515 1043 1881 1115 μεγαλοφυῖαν

300 1138 520 1209 μιμήσῃ
552 1136 770 1199 πάντως
798 1136 1024 1200 ἐκεῖνον,
1051 1129 1096 1203 ᾧ
1116 1133 1289 1205 δῶρον
1318 1134 1535 1203 ἐγένετο
1562 1134 1596 1204 ὴ
1626 1131 1883 1204 προαίρε-

304 1245 408 1291 σις,
440 1226 599 1297 εἴπερ
627 1225 786 1297 ἡμῶν
814 1225 988 1298 βραχύ
1016 1243 1076 1302 τε
1115 1226 1209 1279 καὶ
1233 1224 1500 1288 ὑδατῶδες
1530 1222 1783 1296 εὑρεθείη
1820 1222 1881 1276 τὸ

296 1318 493 1391 δῶρον.
531 1319 743 1389 Ὠσπερ
774 1317 868 1370 ἐπὶ
906 1316 1011 1370 τῶν
1035 1317 1306 1389 οὐρανίων
1340 1315 1630 1385 θαυμάτων
1650 1316 1753 1386 ὁρᾷ
1781 1315 1881 1385 μὲν

297 1409 497 1479 ἐπίσης
518 1406 587 1460 τὰ
616 1407 913 1483 φαινόμενα
944 1406 1135 1476 κάλλη,
1166 1406 1270 1459 κᾶν
1299 1406 1749 1477 πεπαιδευμένος,
1775 1406 1879 1460 κᾶν

307 1497 527 1569 ἰδιώτης
557 1497 696 1569 τύχῃ
723 1514 809 1559 τις
832 1494 908 1550 ὢν
940 1497 971 1548 6
1001 1496 1138 1568 πρὸς
1169 1497 1259 1552 τὸν
1285 1496 1511 1569 οὐρανὸν
1535 1495 1873 1550 ἀναϐλέπων

295 1593 586 1645 διανοεῖται
627 1589 684 1642 δὲ
726 1590 796 1642 τὰ
836 1589 965 1660 περὶ
1011 1588 1189 1643 αὐτῶν
1231 1587 1329 1658 οὐχ
1377 1587 1611 1659 ὁμοίως,
1645 1588 1726 1641 ὅτι
1770 1587 1879 1642 ἀπὸ

296 1682 617 1750 φιλοσοφίας
656 1678 974 1751 ὁρμώμενος
995 1719 1010 1745 ,
1042 1680 1136 1734 καὶ⁵
1176 1682 1205 1734 ὀ
1233 1681 1422 1750 μόναις
1442 1681 1564 1745 ταῖς
1592 1679 1876 1750 αἰσθήσεσι

1983 513 2107 566 qua:
2153 499 2394 567 majores
2439 499 2692 555 videlicet
2731 509 2939 567 essent,
2970 517 3135 573 quam
3169 520 3292 574 quae
3321 508 3428 562 sub
3471 521 3561 562 ra-

1984 587 2393 643 tiocinationem
2459 597 2514 643 et
2566 591 2938 659 conjecturam
3002 594 3296 650 humanam
3362 599 3560 652 cadere

1981 687 2231 750 possent.
2277 680 2336 734 Si
2389 681 2560 751 igitur
2598 681 2805 751 aliquid
2840 683 3058 753 quidem
3094 686 3202 741 tale
3252 699 3336 743 est
3393 689 3448 743 in
3490 691 3559 746 iis

1983 786 2105 841 quae
2137 771 2526 841 perpendimus
2560 778 2725 842 atque
2755 775 2984 828 scrutati
3012 791 3224 843 sumus,
3258 780 3408 849 quod
3442 782 3560 835 sol-

1982 870 2071 916 vat
2103 864 2396 933 proposita:
2440 864 2767 933 quaestionis
2812 866 3220 936 ambiguitates,
3263 871 3559 939 amplecte-

1982 954 2060 1008 ris
2110 965 2161 1009 et
2213 955 2581 1024 approbabis,
2615 956 2876 1011 nimirum
2934 957 3209 1011 inventam
3248 960 3558 1018 rationem:

1981 1046 2067 1101 sin
2113 1045 2318 1110 minus,
2379 1048 2644 1102 senectuti
2686 1062 2915 1117 prorsus
2951 1047 3225 1117 ignosces,
3276 1050 3558 1121 solamque

1979 1138 2148 1192 animi
2179 1138 2354 1194 nostri
2381 1139 2831 1208 propensionem,
2862 1154 2971 1209 qua
2998 1140 3097 1192 tibi
3128 1148 3343 1210 gratum
3376 1141 3557 1197 facere

1979 1228 2253 1297 cupimus,
2306 1229 2659 1299 approbabis.
2710 1229 2925 1284 Etenim
2966 1229 3201 1285 Xerxem
3245 1231 3423 1299 illum,
3458 1236 3557 1304 qui

1980 1318 2294 1374 universam
2344 1319 2734 1388 propemodum
2767 1336 2888 1389 qua!
2920 1320 3027 1377 sub
3064 1321 3182 1376 sole
3215 1329 3302 1377 est
3348 1330 3552 1377 terram

1983 1422 2091 1464 una
2138 1416 2323 1465 castra
2360 1410 2510 1475 fecit,
2557 1417 2612 1465 et
2661 1426 2878 1466 omnem
2929 1420 3202 1466 terrarum
3238 1414 3428 1466 orbem
3466 1429 3554 1470 se-

1977 1516 2104 1555 cum
2156 1501 2346 1566 movit,
2404 1516 2527 1556 cum
2572 1500 2839 1557 adversus
2881 1500 3103 1559 Graecos
3146 1504 3552 1573 expeditionem

1979 1587 2128 1654 fecit,
2162 1597 2311 1645 tenet
2357 1588 2500 1643 fama
2549 1592 2807 1660 pauperis
2842 1591 3131 1661 cujusdam
3182 1607 3384 1648 munus
3427 1608 3553 1648 cum

1978 1680 2253 1749 voluptate
2299 1681 2601 1748 accepisse.
2656 1681 2712 1734 Id
2751 1691 2930 1737 autem
2962 1683 3163 1738 donum
3221 1699 3363 1754 aqua
3411 1694 3553 1747 erat.

294 1774 355 1825 τὸ
403 1772 729 1842 φαινόμενον
778 1771 1108 1842 ἐπιτρέπων.
1164 1764 1332 1835 Οὗτος
1384 1770 1481 1842 μὲν
1517 1770 1626 1841 γὰρ
1676 1771 1710 1842 ἢ
1759 1772 1876 1833 ταῖς

1981 1784 2150 1838 eaque
2182 1784 2293 1823 non
2342 1770 2396 1823 in
2456 1769 2603 1823 tictili
2637 1785 2765 1826 vase
2814 1772 3111 1837 ferebatur,
3161 1774 3255 1829 scd
3311 1774 3367 1829 in
3420 1790 3556 1829 cava

294 1865 515 1916 ἀκτῖσιν
547 1863 736 1933 ἥδεται
776 1863 871 1916 τοῦ
916 1862 1091 1932 ἡλίου,
1131 1863 1165 1936 ἢ
1201 1863 1263 1917 τὸ
1293 1862 1509 1926 κάλλος¹
1531 1862 1637 1915 τῶν
1664 1862 1876 1932 ἄστρων

1984 1874 2243 1914 manuum
2282 1861 2459 1929 palma
2492 1861 2877 1916 continebatur
2906 1880 2921 1917 :
2954 1863 3035 1918 sic
3070 1878 3202 1933 ergo
3232 1873 3290 1919 tu
3335 1880 3556 1935 quoque

292 1954 579 2024 θαύματος
604 1952 755 2018 ἄξιον
778 1954 971 2025 κρίνει,
1006 1954 1152 2025 ἢτδν
1182 1953 1413 2026 ἀριθμὸν
1445 1952 1539 2007 τοῦ
1569 1950 1872 2022 σεληνιαίου

1981 1966 2082 2021 pro
2109 1965 2196 2017 ea,
2232 1965 2339 2020 qua
2367 1952 2630 2021 praeditus
2659 1967 2720 2007 es
2759 1953 2930 2007 animi
2974 1954 3375 2024 magnitudine,
3399 1972 3556 2026 prorr-
3616 1949 3627 1959 ’

289 2043 498 2115 δρόμου
524 2044 617 2096 ἐπὶ
642 2041 735 2096 τοῦ
771 2043 943 2115 μηνὸς
971 2045 1373 2117 παρετήρησεν.

1980 2057 2073 2097 sus
2095 2041 2246 2096 illum
2279 2041 2604 2105 imitaberis,
2637 2042 2726 2096 cui
2760 2058 2858 2112 pro
2889 2059 3117 2100 munere
3142 2046 3395 2101 voluntas
3422 2046 3550 2112 fuit,

291 2140 337 2194 si
390 2147 652 2195 nostrum
685 2141 889 2195 donum
937 2148 992 2194 et
1038 2141 1294 2212 exiguum
1332 2146 1389 2194 et
1426 2152 1663 2209 aqueum
1711 2136 1879 2192 fuerit
1938 2137 2243 2191 inventum.
2277 2120 2747 2202 Quemadmddum
2793 2137 2848 2191 in
2888 2138 3208 2194 emlestibus
3272 2140 3553 2197 miraculis

290 2240 632 2301 apparentes
668 2231 1109 2303 pulchritudines
1145 2246 1212 2286 ex
1242 2244 1398 2301 aequo
1434 2230 1655 2301 quidem
1707 2229 1875 2296 videt,
1951 2229 2067 2287 sive
2095 2228 2370 2292 eruditus,
2405 2229 2520 2285 sive
2549 2230 2705 2285 rudis
2742 2236 2797 2284 et
2826 2230 2997 2285 idiota
3026 2230 3228 2296 fuerit,
3275 2231 3323 2287 is
3351 2234 3444 2303 qui
3497 2234 3553 2289 in
3611 2231 3633 2241 ’

291 2326 505 2380 cretum
556 2326 792 2395 suspicit
823 2344 837 2380 :
871 2324 966 2381 sed
1009 2325 1164 2380 aliter
1189 2325 1257 2379 de
1286 2323 1396 2380 illis
1440 2324 1716 2395 cogitatis,
1745 2324 1839 2394 qui
1882 2337 1912 2378 a
1942 2321 2286 2393 philosophia
2318 2321 2386 2375 ad
2435 2323 2946 2393 contemplationem
2976 2337 3165 2379 earum
3219 2325 3388 2391 venit,
3448 2325 3555 2380 alio‘

292 2426 383 2471 ter
411 2418 547 2472 item
594 2417 645 2471 is
668 2417 758 2486 qui
802 2417 938 2472 solis
973 2417 1230 2472 sensibus
1256 2417 1309 2471 id
1335 2415 1480 2487 quod
1512 2423 1740 2487 apparet
1766 2416 2050 2485 permittit.
2104 2415 2206 2469 llic
2292 2414 2442 2470 enim
2494 2415 2581 2471 vel
2669 2430 2728 2470 ra
2753 2415 2861 2472 diis
2904 2416 3039 2471 solis
3085 2416 3408 2482 delectatur,
3470 2418 3554 2473 vel

292 2507 785 2578 pulchritudinem
818 2507 1059 2563 siderqu
1109 2507 1374 2578 miraculo
1403 2507 1621 2577 dignam
1656 2505 1887 2574 judicat,
1912 2505 1998 2560 vel
2030 2519 2318 2560 numerum
2354 2504 2568 2560 lunaris
2594 2519 2794 2559 cursus
2829 2505 2884 2558 in
2917 2519 3104 2560 mense
3131 2505 3409 2559 observat.

379 2604 440 2656 ὐ
471 2603 530 2657 δὲ
561 2603 867 2674 διορατικὸς
906 2603 1006 2674 τὴν
1050 2602 1248 2673 ψυχὴν,
1295 2603 1390 2655 καὶ
1431 2601 1517 2655 διὰ
1546 2600 1878 2665 παιδεύσεως

281 2693 434 2764 πρὸς
459 2692 563 2761 τὴν
604 2692 931 2763 κατανόησιν
979 2691 1087 2745 τῶν
1131 2691 1397 2762 οὐρανίων
1449 2690 1874 2762 κεκαθαρμένος,

282 2780 615 2836 καταλιπὼν
640 2781 813 2834 ταῦτα
833 2781 900 2835 δι’
919 2777 992 2836 ὧν
1014 2783 1365 2852 εὐφραίνεται
1394 2780 1503 2834 τῶν
1524 2780 1877 2851 ἀλογωτέρων
1924 2786 1934 2795 ”

281 2876 313 2943 ἡ
357 2872 633 2943 αἴσθησις,
682 2871 819 2943 πρὸς
862 2873 962 2943 τὴν
1003 2873 1096 2927 τοῦ
1139 2872 1337 2937 παντὸς
1365 2871 1629 2944 ἁρμονίαν
1671 2871 1874 2942 βλέπει,

281 2964 390 3020 καὶ
420 2965 487 3017 ὲκ
508 2963 610 3034 τῆς
642 2962 930 3033 ἐγκυκλίου
964 2965 1230 3035 κινήσεως
1255 2964 1354 3035 τὴν
1382 2963 1446 3017 ὲκ
1470 2962 1580 3017 τῶν
1618 2962 1876 3015 ἐναντίων

282 3055 670 3126 εὐαρμοστίαν
690 3055 997 3118 ἐπισκοπεῖ,
1024 3054 1140 3119 πῶς
1173 3057 1241 3126 τῇ
1267 3053 1497 3109 ἁπλανεῖ
1525 3054 1793 3123 περιφορᾷ
1822 3053 1873 3107 οἱ

282 3144 445 3208 ivro;
474 3145 667 3200 κύκλοι
699 3145 838 3217 πρὸς
862 3146 924 3200 τὸ
959 3146 1195 3218 ἔμπαλιν
1235 3146 1639 3200 ἀνελίσσονται·
1671 3144 1786 3206 πῶς
1806 3143 1875 3197 τὰ

282 3239 354 3292 ἒν
383 3237 571 3301 αὐτοῖς
602 3235 945 3308 θεωρούμενα
963 3237 1072 3292 τῶν
1099 3237 1315 3308 ἄστρων
1347 3236 1644 3304 πολυειδῶς
1670 3255 1876 3310 σχημα-

281 3327 505 3393 τίζεται
530 3329 589 3381 ἐν
609 3331 1035 3400 προσεγγισμοῖς
1064 3345 1125 3383 τε
1156 3330 1251 3383 καὶ
1268 3330 1621 3397 ἀποστάσεσι,
1640 3331 1733 3385 καὶ
1752 3331 1877 3385 ὑπο·

282 3419 527 3491 δρομαῖς
550 3435 611 3471 τε
639 3418 732 3472 καὶ
753 3418 1045 3489 ἐκλείψεσι,
1071 3419 1164 3473 καὶ
1184 3421 1304 3484 ταῖς
1327 3421 1419 3474 ἐπὶ
1441 3420 1510 3476 τὰ
1538 3421 1744 3490 πλάγια
1770 3438 1875 3474 πα-

284 3509 640 3585 ραδρομαῖς,
689 3508 789 3580 τὴν
834 3508 1173 3563 ἀδιάλειπτον
1223 3511 1439 3582 ἐκείνην
1484 3511 1748 3584 ἁρμονίαν
1788 3511 1875 3565 ἀεὶ

283 3602 437 3656 κατὰ
466 3601 536 3655 τὰ
577 3600 716 3655 αὐτὰ
753 3601 849 3655 καὶ
883 3599 1143 3666 ὡσαύτως
1187 3602 1609 3674 ὲξεργαζόμενα,
1643 3598 1723 3668 οἷς
1755 3597 1874 3657 οὐδὲ

283 3693 391 3748 τοῦ
419 3693 761 3765 βραχυτάτου
788 3693 896 3747 τῶν
917 3693 1131 3763 ἄστρων
1160 3689 1193 3765 ἡ
1216 3693 1364 3758 θέσις
1391 3692 1701 3767 ἀθεώρητος
1720 3710 1877 3765 περι-

284 3787 515 3859 ορᾶται,
548 3784 685 3838 ἀλλὰ
715 3783 895 3838 πάντα
923 3785 1023 3855 τὴν
1064 3784 1187 3856 ῐσην
1216 3785 1441 3857 παρέχει
1485 3784 1737 3857 φροντίδα
1763 3786 1874 3848 τοῖς

285 3879 389 3934 διὰ
417 3878 522 3948 τῆς
546 3876 738 3946 σοφίας
770 3875 863 3931 ἐπὶ
889 3878 958 3932 τά
978 3876 1090 3931 ἂνω
1116 3877 1210 3931 τὸν
1241 3877 1364 3932 νοῦν
1389 3876 1746 3950 μετοικίσασι.
1769 3876 1874 3930 Τὸν

283 3966 465 4025 αὐτὸν
498 3968 702 4039 τρόπον
733 3969 827 4022 καὶ
862 3969 949 4034 σὺ,
987 3962 1034 4022 ὧ
1078 3967 1238 4041 τιμία
1286 3984 1376 4039 μοι
1409 3969 1638 4041 κεφαλὴ,
1680 3967 1779 4040 τὴν
1815 3966 1874 4020 ὲν

281 4060 410 4123 τοῖς
438 4052 561 4111 οὖσι
588 4057 684 4111 τοῦ
717 4056 853 4112 Θεοῦ
890 4057 1203 4129 οίκονομίαν
1242 4055 1473 4128 βλέπων,
1507 4059 1664 4129 ἀφεὶς
1693 4058 1875 4112 ἐκεῖνα

285 4149 429 4221 περὶ
454 4148 495 4203 ἃ.
519 4146 629 4202 τῶν
661 4147 869 4202 πολλῶν
898 4148 1123 4219 ἄσχολός
1149 4150 1296 4204 ἐστιν
1317 4151 1351 4220 ἡ
1374 4149 1580 4204 διάνοια
1613 4148 1876 4221 (πλοῦτον

287 4241 448 4310 λέγω
472 4239 565 4293 καὶ
585 4239 773 4309 τύφον,
800 4240 892 4294 καὶ
916 4238 1073 4311 δόξης
1100 4239 1395 4311 ἐπιθυμίαν
1419 4239 1599 4312 κενῆς,
1627 4239 1770 4312 ἅπερ
1789 4241 1877 4296 άν-

286 4348 495 4404 τικρυς
522 4330 760 4385 ἀκτίνων
789 4331 944 4403 δίκην
982 4330 1491 4404 περιαστράπτοντα
1516 4332 1644 4396 τοὺς
1668 4331 1875 4402 άλογωσ

284 4424 492 4495 τέρους
505 4423 827 4494 ἐκπλήττειν
842 4421 1051 4484 εἴωθεν)
1061 4465 1076 4488 ,
1088 4422 1207 4476 οὐδὲ
1219 4423 1287 4477 τὰ
1303 4422 1558 4477 δοκοῦντα
1581 4422 1875 4496 μικρότερα

284 4513 406 4567 τῶν
432 4514 497 4568 ἂν
530 4515 647 4575 τοῖς
676 4507 797 4566 ὦσι
828 4509 1216 4583 θεωρουμένων
1265 4512 1594 4577 ἀνεξέταστα
1621 4512 1874 4567 καταλεί-

284 4618 438 4671 πεις,
456 4604 765 4677 ἁνερευνῶν
778 4621 835 4659 τε
858 4605 949 4659 καὶ
968 4603 1425 4676 διασκοπούμενος
1444 4605 1543 4676 τὴν
1559 4604 1873 4674 ἀνωμαλίαν

288 4697 393 4768 τῆς
422 4696 778 4767 ἀνθρωπίνης
825 4696 971 4767 ζωῆς
991 4710 1006 4725 ⁸
1040 4696 1101 4750 οὐ
1136 4695 1294 4768 μόνον
1321 4695 1418 4766 τὴν
1461 4694 1602 4748 κατὰ
1645 4694 1874 4750 πλοῦτον

287 4790 391 4842 καὶ
417 4789 616 4841 πενίαν
641 4785 1087 4858 θεωρουμένην,ἢ
1109 4787 1206 4851 τὰς
1226 4785 1367 4840 κατὰ
1384 4785 1456 4839 τὰ
1472 4784 1755 4857 ἀξιώματα
1781 4786 1872 4840 καὶ

287 4879 361 4932 τὰ
381 4880 522 4949 γένη
550 4876 815 4950 διαφορὰς
837 4869 1018 4946 (οἶδας
1039 4877 1150 4951 γὰρ
1171 4875 1283 4931 ἀντ’
1299 4874 1511 4939 οὐδενὸς
1538 4870 1675 4929 εἶναι
1696 4875 1873 4930 ταῦτα

283 4967 379 5034 οἷς
408 4968 476 5024 τὸ
505 4965 649 5024 εἶναι
678 4971 737 5022 οὐ
759 4967 1209 5023 καθ”ὐπόστασιν
1237 4966 1443 5022 οἰκείαν
1474 4967 1641 5035 ἐστὶν,
1667 4965 1783 5020 ἀλλ’
1814 4967 1873 5020 ἐν

286 5062 363 5131 τῇ
401 5059 609 5131 ματαίᾳ
635 5058 898 5131 ὑπολήψει
926 5058 1034 5113 τῶν
1066 5061 1179 5122 τοῖς
1218 5059 1292 5131 μὴ
1315 5053 1464 5113 οὖσιν
1490 5059 1567 5122 ὡς
1600 5057 1872 5128 ὑφεστῶσι

291 5152 754 5223 προσκεχηνότων
780 5167 793 5179 ·
826 5151 876 5204 εί
920 5145 1014 5204 οὖν
1047 5168 1133 5214 τις
1162 5150 1411 5221 ἀφέλοιτο
1436 5149 1531 5203 τοῦ
1559 5149 1872 5220 λαμπρυνο-

297 5242 466 5313 μένου
513 5244 583 5313 τῇ
611 5241 740 5315 δόξῃ
768 5241 878 5295 τῶν
906 5242 983 5304 εἰς
1026 5240 1166 5294 αὐτὰ
1195 5236 1496 5312 βλεπόντων
1527 5239 1625 5312 τὴν
1653 5240 1871 5311 μύησιν,

292 5332 451 5387 οὐδὲν
476 5332 933 5403 ὐπολειφθήσεται
952 5331 1030 5403 τῷ
1055 5331 1540 5402 μεγαλοφρονοῦντι
1564 5332 1655 5386 ἐπὶ
1673 5330 1751 5403 τῷ
1769 5331 1876 5385 δια-

295 5423 446 5494 κένῳ
491 5424 800 5495 φυσήματι,
846 5422 951 5478 κᾶν
997 5424 1148 5477 πᾶσα
1196 5422 1490 5494 χρημάτων
1541 5423 1577 5493 ἡ
1615 5420 1712 5494 ὕλη
1742 5422 1874 5492 παρ’

296 5513 452 5585 αὐτῷ
478 5515 944 5587 κατορωρυγμένη
972 5513 1112 5586 τύχῃ
1129 5512 1172 5582 ),
1204 5512 1342 5567 ἀλλά
1370 5530 1450 5567 σοι
1477 5512 1566 5566 διὰ
1595 5512 1874 5585 φροντίδος

296 5606 420 5658 ἐστὶ
438 5606 639 5676 γνῶναι
665 5606 738 5661 τά
762 5620 827 5659 τε
863 5606 997 5660 ἄλλα
1034 5606 1135 5676 τῆς
1163 5605 1313 5669 θείας
1343 5604 1650 5676 οἰκονομίας
1683 5607 1819 5677 πρὸς
1847 5605 1876 5657 ὃ

296 5707 362 5748 τι
391 5695 494 5751 τῶν
513 5696 818 5767 γινομένων
844 5694 1076 5750 ἕκαστον
1101 5694 1306 5766 βλέπει,
1334 5695 1427 5750 καὶ
1449 5695 1591 5758 τίνος
1619 5693 1775 5765 χάριν
1797 5692 1877 5763 τῷ

2055 2601 2125 2655 At
2154 2602 2203 2656 is
2229 2601 2323 2670 qui
2352 2601 2538 2655 animo
2568 2600 2861 2671 perspicax
2892 2611 2946 2656 et
2969 2616 3065 2671 per
3092 2602 3454 2656 eruditionem
3482 2598 3552 2656 ad

1982 2692 2496 2762 contemplationem
2546 2691 2850 2746 emlestium
2897 2699 3163 2762 purgatus
3211 2702 3265 2747 et
3297 2694 3552 2750 excultus

1980 2792 2087 2848 est,
2140 2784 2364 2839 omissis
2407 2782 2495 2838 bis
2552 2783 2755 2853 quibus
2803 2783 3013 2839 ratione
3060 2784 3244 2839 minus
3282 2785 3552 2839 utentium

1982 2887 2179 2928 sensus
2208 2871 2531 2937 delectatur,
2563 2886 2745 2925 rerum
2772 2872 3153 2928 universarum
3184 2874 3549 2941 harmoniam,

1982 2966 2085 3020 hoc
2113 2973 2197 3020 cst
2239 2965 2670 3020 consentientem
2700 2973 2756 3020 et
2790 2967 2948 3035 qnasi
3000 2967 3379 3023 concinentem
3416 2982 3550 3024 con-

1979 3056 2356 3128 spirationem,
2390 3057 2792 3127 cepulationem
2827 3058 2991 3129 atque
3023 3060 3552 3129 coagmentationem

1980 3149 2241 3213 intuetur,
2280 3155 2336 3203 et
2365 3163 2431 3203 ex
2467 3148 2724 3204 circulari
2755 3158 2922 3220 atque
2960 3150 3014 3205 in
3048 3152 3236 3208 orbem
3283 3151 3551 3209 redeunte

1981 3249 2128 3294 motu
2173 3254 2294 3295 eam
2345 3255 2467 3310 qua
2506 3255 2573 3295 ex
2607 3242 2906 3299 contrariis
2955 3240 3037 3309 lit,
3093 3244 3454 3314 aptitudinem
3499 3252 3554 3299 et

1978 3330 2392 3403 congruentiam
2421 3334 2828 3403 contemplatur
2860 3350 2874 3391 :
2902 3350 3013 3405 quo
3033 3343 3193 3405 pacto
3215 3336 3379 3392 orbes
3411 3335 3551 3390 inte—

1977 3422 2152 3478 riores
2191 3421 2536 3477 revolutione
2562 3431 2823 3493 motuque
2865 3425 3165 3489 contrario,
3199 3432 3364 3494 atque
3409 3426 3553 3479 iner-

1980 3511 2223 3567 rantium
2269 3512 2521 3582 caeloque
2567 3513 2950 3569 inhaerentium
2991 3521 3047 3570 et
3092 3515 3382 3570 intixarum
3419 3516 3554 3571 stel-

1980 3600 2154 3654 larum
2213 3598 2465 3654 ambitus-
2501 3600 2792 3668 rotundus,
2847 3609 2998 3656 retro
3053 3609 3344 3657 versentur
3386 3610 3555 3672 atque

1980 3688 2271 3757 ferantur;
2315 3689 2596 3759 quomodo
2629 3690 2810 3746 sidera
2839 3706 2962 3764 qua:
3007 3692 3063 3747 in
3096 3693 3165 3747 iis
3194 3693 3554 3763 conspiciune

1978 3791 2092 3844 tur,
2126 3781 2541 3838 multiformiter
2570 3781 2891 3853 ﬁgurentur,
2922 3791 3037 3839 tum
3059 3784 3113 3840 in
3144 3785 3550 3855 appropinqua-

1978 3874 2244 3937 tionibus,
2285 3875 2624 3938 accessibus.
2657 3876 3133 3946 eongressibusve,
3162 3884 3278 3931 tum
3319 3877 3553 3934 recessi—

1978 3965 2106 4029 bus,
2129 3964 2486 4036 digressibus,
2516 3965 2817 4035 distantiis,
2865 3967 3390 4038 elongationibusve,
3433 3975 3548 4022 tmn

1979 4055 2418 4127 subiectionibus
2455 4064 2619 4127 atque
2651 4057 2976 4123 defectibus,
3007 4066 3062 4115 et
3100 4059 3341 4130 obliquis
3372 4070 3550 4115 trans-

1981 4147 2239 4203 cursibus
2303 4145 2729 4213 indelicientem,
2792 4148 3216 4215 iudesinentem,
3271 4150 3547 4212 stabilem,

1980 4244 2408 4308 perpetuamque
2445 4236 2598 4291 illam
2627 4239 3078 4294 coneordautiam
3122 4249 3178 4295 et
3206 4240 3549 4293 harmoniam

1979 4342 2193 4402 semper
2217 4328 2502 4401 aequaliter
2532 4337 2587 4386 et
2613 4329 2802 4386 eodem
2837 4330 3001 4387 modo
3030 4330 3337 4394 cilicientia,
3363 4343 3393 4384 a
3430 4332 3552 4399 qm-

1976 4424 2079 4479 bus
2107 4439 2177 4479 ne
2206 4421 2420 4477 minimi
2445 4422 2664 4493 quidem
2702 4421 2902 4479 sideris
2932 4423 3073 4479 situs
3094 4437 3255 4493 quem
3278 4437 3388 4476 non
3417 4432 3550 4475 con—

1977 4513 2269 4584 templetur
2314 4513 2772 4583 praetermittitur,
2829 4512 2925 4569 sed
2977 4514 3161 4568 omnia
3212 4527 3397 4582 parem
3451 4526 3552 4564 cus

1976 4618 2091 4658 ram
2145 4604 2390 4675 praebent
2455 4604 2524 4660 iis
2568 4605 2661 4676 qui
2719 4619 2818 4675 per
2855 4604 3181 4675 sapientiam
3233 4604 3299 4658 ad
3351 4618 3549 4673 supera

1975 4703 2214 4749 mentem
2263 4695 2628 4751 traduxerunt
2671 4713 2685 4751 :
2722 4695 2912 4751 eodem
2966 4694 3130 4749 modo
3177 4704 3233 4749 tu
3293 4707 3551 4763 quoque,

1977 4797 2012 4839 0
2037 4782 2264 4839 charum
2298 4783 2432 4838 mihi
2474 4793 2784 4854 eaput,cum
2816 4782 3342 4839 administrationem
3373 4781 3463 4837 Dei
3492 4783 3552 4838 in

1938 4935 1942 4940 ,
1976 4873 2141 4933 rebus
2178 4874 2451 4931 universis
2488 4875 2807 4931 consideras
2867 4875 3091 4930 omissis
3128 4874 3236 4930 illis
3258 4874 3401 4930 circa
3428 4882 3554 4944 qua?

1976 4965 2123 5036 vulgi
2151 4980 2307 5021 mens
2340 4975 2605 5036 occupata
2627 4975 2710 5022 est
2731 4964 2819 5037 (de
2852 4965 3056 5021 divitiis
3078 4964 3291 5035 loquor,
3326 4975 3379 5020 et
3410 4964 3548 5019 delid

1978 5057 2103 5121 (iis,
2142 5065 2199 5113 et
2233 5072 2386 5112 vanae
2415 5057 2601 5129 gloriae
2637 5059 2959 5129 cupiditate,
2994 5075 3116 5129 qua:
3153 5074 3243 5115 res
3274 5057 3432 5127 plane
3458 5072 3547 5112 ra~

1981 5146 2194 5202 diorum
2218 5145 2274 5199 in
2298 5147 2517 5201 modum
2545 5144 2702 5218 quasi
2726 5147 2941 5218 fulgure
2971 5147 3411 5220 prmstriugentcs
3449 5152 3552 5202 eos

1980 5234 2073 5308 qui
2094 5237 2303 5291 ratione
2327 5236 2506 5293 minus
2531 5246 2780 5304 utuntur,
2796 5240 3227 5311 obstupefacere,
3248 5250 3408 5309 atque
3428 5254 3550 5309 per-

1980 5326 2189 5387 culsos,
2241 5324 2501 5381 attonitos
2529 5333 2584 5381 et
2636 5333 3017 5383 consternatos
3071 5326 3298 5383 reddere
3329 5324 3553 5395 solent),

1980 5432 2085 5474 nec
2110 5431 2173 5473 ca
2218 5399 2460 5488 quidem,
2510 5431 2631 5486 quae
2658 5416 2883 5470 minima
2930 5418 3210 5486 videntur,
3240 5435 3304 5474 ex
3336 5417 3403 5474 iis
3429 5424 3553 5486 quae

1980 5510 2038 5565 in
2066 5509 2232 5565 rebus
2279 5508 2553 5564 universis
2581 5507 3018 5573 considerantur,
3052 5511 3340 5565 inexcussa
3383 5509 3553 5564 reliu-s

1981 5599 2129 5670 quis,
2163 5584 2543 5663 considerans,
2580 5597 2877 5667 dispiciens
2899 5606 2954 5675 et
2984 5608 3240 5656 scrutans
3270 5597 3553 5667 inmquali-

1982 5699 2150 5747 tatem
2177 5690 2429 5746 humanae
2462 5692 2585 5746 vita:
2610 5706 2623 5742 :
2646 5706 2757 5746 non
2794 5705 2914 5746 eam
2946 5689 3234 5756 duntaxat,
3258 5704 3377 5760 quae
3401 5688 3550 5742 circa
