3950 6132
400 293 501 351 167

1642 279 1698 338 s.
1744 262 2071 337 cnec‘onn
2112 264 2406 336 mssast

3552 258 3657 328 4'63

395 409 620 466 divitias
647 416 704 465 et
735 412 1115 479 paupertatem
1147 401 1558 469 consideratur,
1589 402 1676 457 vel
1734 373 1978 471 dignita-

2100 400 2185 455 ιὲν
2212 401 2293 465 εἰς
2320 399 2500 471 γῆρας
2528 397 2739 472 μακρὸν
2771 397 3157 470 παρατείνεται
3188 395 3223 467 ἠ
3257 390 3390 462 ζωὴ,
3420 391 3450 444 ὁ
3485 389 3545 444 δὲ
3568 406 3662 445 το-

399 509 518 554 tum
548 506 604 553 et
635 512 900 567 generum
946 493 1285 551 diﬂ'erentias
1315 491 1485 563 (nosti
1527 491 1675 547 enim
1731 491 1847 546 haec
1879 504 1982 561 pro

397 592 572 646 nihilo
596 605 739 656 esse,
764 588 965 658 quibus
995 587 1239 643 essentia
1266 600 1379 639 non
1407 592 1494 640 est
1522 582 1825 641 secundum
1858 596 1983 653 pro-

394 682 572 752 priam
595 678 1035 745 subsistentiam,
1072 677 1172 733 sed
1231 677 1288 732 in
1326 691 1466 731 vana
1499 676 1759 746 Opinione
1790 687 1982 729 eorum

393 774 491 845 qui
522 775 684 829 rebus
710 787 819 827 non
833 770 1075 836 entibus,
1096 771 1257 841 quasi
1275 768 1713 826 subsistentibus
1730 764 1977 820 inhiant:

397 881 523 921 nam
556 866 603 923 si
629 866 759 936 quis
789 864 999 920 adimat
1025 865 1076 919 ei
1108 864 1205 934 qui
1230 863 1419 934 gloria:
1439 859 1735 933 splendore
1760 857 1983 913 inﬂatus

393 967 500 1025 est,
548 958 863 1029 opinionem
917 965 971 1013 et
1004 955 1467 1011 existimationem
1508 966 1702 1007 eorum
1753 952 1846 1021 qui
1882 949 1982 1005 bas

396 1065 486 1107 res
519 1049 719 1105 intueri
757 1048 960 1114 solent,
987 1046 1126 1100 nihil
1169 1045 1520 1115 relinquetur
1549 1043 1599 1098 ei
1631 1042 1728 1113 qui
1755 1054 1983 1112 magnos

393 1141 502 1198 sibi
522 1142 594 1197 ob
625 1156 714 1196 res
743 1155 913 1195 vanas
944 1138 1176 1208 spiritus
1216 1137 1406 1201 sumit,
1433 1146 1490 1191 et
1517 1136 1700 1205 inepte
1762 1134 1984 1189 intlatus

392 1242 516 1302 est,
582 1234 798 1290 etiamsi
866 1233 951 1288 vel
1017 1231 1273 1287 universa
1333 1229 1690 1299 pecuniarum
1756 1228 1984 1282 materia

394 1342 563 1396 penes
633 1340 760 1381 eum
850 1323 1069 1379 defossa
1141 1320 1268 1393 sit).
1336 1319 1443 1375 Sed
1528 1319 1629 1375 tibi
1686 1332 1835 1373 cura:
1898 1323 1985 1373 est

392 1419 561 1485 scire,
595 1433 721 1475 cum
792 1418 1007 1488 reliqua
1038 1415 1239 1471 divinae
1284 1412 1811 1475 administrationis,
1872 1426 1985 1480 quo

394 1510 642 1583 quidque
666 1519 875 1582 spectet
898 1524 1089 1567 eorum
1115 1523 1237 1579 quae
1266 1507 1424 1570 ﬁunt,
1445 1515 1561 1560 tum
1587 1519 1694 1574 qua
1722 1504 1790 1559 de
1816 1517 1985 1557 causa

394 1608 491 1665 alii
512 1606 734 1678 quidem
759 1604 814 1659 in
842 1604 1057 1673 longam
1110 1608 1447 1657 senectutem
1477 1599 1587 1652 vita
1640 1602 1984 1667 prorogetur,

394 1699 688 1754 aliusvero
724 1696 1001 1764 bactenus
1039 1694 1166 1748 vitae
1227 1692 1503 1764 particeps
1557 1693 1649 1749 sit,
1716 1696 1986 1758 quatenus

2085 493 2273 547 σοῦτον
2307 492 2524 564 μετέχει
2553 489 2647 545 τοῦ
2678 489 2799 563 ζῇν,
2840 490 2966 545 ὅσον
2997 489 3069 543 δι’
3101 484 3376 554 ἀναπνοῆς
3406 483 3498 536 τὸν
3525 484 3667 555 ἀέρα

2086 586 2313 651 σπᾶσαι,
2341 583 2441 638 καὶ
2470 581 2634 647 εὐθὺς
2667 580 2967 652 καταλῆξαι
2990 580 3081 635 τὸν
3118 579 3252 651 βίον.
3281 577 3347 630 Et
3378 575 3486 647 γὰρ
3513 576 3669 629 οὐδὲν

2083 678 2235 733 ἀθεεὶ
2256 678 2367 733 τῶν
2393 678 2455 731 ὲν
2481 676 2673 747 κόσμῳ
2692 674 2830 740 ἐστὶ,
2856 673 3033 728 πάντα
3058 672 3114 726 δὲ
3134 671 3232 738 τῆς
3261 668 3414 732 θείας
3436 653 3667 735 ὲξῆλπται

2086 771 2413 841 βουλήσεως,
2439 768 2603 838 σοφὸν
2638 767 2697 821 δὲ
2730 767 2826 820 καὶ
2855 762 3210 836 προνοητικὸν
3236 760 3300 816 τὸ
3330 761 3495 826 θεῖον,
3526 760 3671 814 πάν-

2083 881 2192 927 τως
2218 880 2305 927 τις
2350 862 2538 916 ἔπεστι
2569 860 2665 914 καὶ
2713 857 2925 922 τούτοις
2951 856 3129 926 λόγος,
3167 855 3268 926 τῆς
3314 853 3503 923 σοφίας
3549 852 3671 923 ἅμα

2082 953 2178 1009 τοῦ
2209 953 2345 1007 Θεοῦ
2388 952 2610 1023 καὶτῆς
2661 950 3025 1022 προνοητικῆς
3073 946 3387 1018 ἐπιμελείας
3424 946 3494 1000 τά
3525 961 3666 1014 γνωο

2089 1048 2333 1120 ρίσματα
2357 1045 2560 1117 φέρων.
2574 1042 2649 1097 Τὸ
2668 1042 2778 1114 γὰρ
2798 1042 2921 1113 εἰκῆ
2936 1058 2997 1094 τε
3014 1042 3109 1096 καὶ
3123 1038 3335 1109 ἀλόγως
3362 1037 3671 1108 γινόμενον,

2084 1139 2184 1193 οὐκ
2214 1137 2279 1192 ἂν
2301 1136 2462 1209 ἔργον
2494 1132 2581 1205 εἴη
2612 1132 2770 1187 Θεοῦ.
2796 1129 2932 1186 Θεοῦ
2962 1130 3072 1202 γάρ
3116 1130 3267 1192 ῐδιον,
3294 1126 3478 1191 καθώς
3501 1142 3671 1197 φησιν

2085 1232 2119 1303 ἡ
2153 1229 2367 1302 Γραφὴ,
2397 1227 2459 1283 τὸ
2484 1227 2664 1283 πάντα
2690 1225 2747 1278 ὲν
2780 1223 2943 1294 σοφίᾳ
2969 1224 3164 1278 ποιεῖν.
3198 1220 3266 1274 Τί
3297 1216 3392 1275 οὖν
3417 1218 3479 1273 τὸ
3505 1217 3672 1288 σοφδν

2085 1323 2143 1376 ὲν
2189 1318 2425 1391 ὲκείνῳς
2474 1319 2727 1392 Παρῆλθε
2759 1317 2847 1372 διὰ
2888 1315 3194 1386 γεννήσεως
3238 1313 3321 1377 είς
3361 1311 3454 1365 τὸν
3498 1309 3613 1381 βίον
3641 1310 3673 1362 ὁ

2085 1413 2395 1484 ἄνθρωπος,
2445 1410 2650 1467 ἔσπασε
2690 1409 2781 1465 τὸν
2818 1410 2994 1482 ἀέρα,
3048 1405 3158 1462 ἀπὸ
3191 1403 3439 1477 οἰμωγῆς
3471 1402 3533 1456 τὸ
3569 1401 3672 1472 ζῇν

2086 1505 2311 1579 ἤρξατο,
2338 1508 2723 1580 ὲλειτούργησε
2749 1508 2815 1579 τῇ
2839 1505 3000 1577 φύσει
3025 1504 3088 1558 rb
3110 1502 3364 1573 δάκρυον,
3387 1498 3674 1570 ἀπήρξατο

2085 1596 2166 1668 τῷ
2192 1596 2293 1669 βίῳ
2319 1597 2427 1652 τῶν
2459 1597 2695 1670 θρήνων,
2735 1582 2865 1668 πρίν
2889 1610 3035 1657 τινος
3062 1592 3352 1664 μετασχεῖν
3393 1589 3499 1643 τῶν
3526 1588 3671 1642 κατά

2086 1689 2178 1743 τὸν
2221 1689 2333 1760 βίον
2365 1685 2558 1762 ἡδέων,
2604 1690 2734 1762 πρὶν
2780 1686 3083 1757 τονωθῆναι
3127 1684 3227 1755 τὴν
3269 1680 3541 1751 αἴσθησιν,
3590 1679 3674 1733 ἔτι

396 1802 496 1859 per
540 1785 959 1856 respirationem
996 1797 1179 1838 aerem
1217 1782 1436 1837 hauriat
1466 1820 1482 1845 ,
1513 1790 1568 1835 et
1616 1778 1868 1849 protinus
1901 1776 1985 1831 vi-

2100 1745 2664 1852 lelujtéwg'raig'rtbv
2700 1779 2877 1852 μελῶν
2911 1745 3219 1849 ἁρμονίαις,
3247 1745 3452 1837 ἀπαλδς
3483 1789 3541 1825 τε
3575 1773 3674 1825 καὶ

393 1891 506 1936 tam
536 1880 709 1935 ﬁniat.
740 1876 874 1932 Nam
897 1876 945 1932 si
970 1875 1110 1930 nihil
1139 1887 1329 1929 eorum
1356 1886 1477 1942 quae
1507 1870 1560 1924 in
1594 1868 1800 1925 mundo
1832 1875 1984 1935 sunt,

310 1960 315 1965 ’
385 1989 507 2030 non
538 1989 571 2027 a
601 1972 712 2028 Deo
735 1980 838 2034 est,
868 1968 965 2025 sed
998 1964 1186 2022 omnia
1219 1979 1251 2019 a
1281 1961 1466 2020 divina
1512 1961 1793 2018 voluntate
1850 1973 1986 2029 pen-

394 2066 549 2134 dent,
590 2079 655 2119 ac
700 2062 966 2133 sapientia
1005 2057 1439 2131 providendique
1465 2055 1667 2110 virtute
1698 2052 1985 2125 praeditum

397 2173 602 2214 numen
635 2156 884 2212 divinum
910 2161 1017 2214 est,
1043 2165 1273 2224 prorsus
1304 2149 1470 2206 etiam
1503 2147 1592 2203 his
1632 2146 1817 2217 aliqua
1846 2145 1990 2198 ratio

395 2244 611 2307 subest,
645 2255 765 2313 quae
799 2242 1085 2312 sapientize
1109 2238 1206 2295 Dei
1238 2237 1400 2294 simul
1432 2244 1489 2293 et
1515 2237 1637 2307 ejus
1679 2249 1848 2299 curm,
1882 2249 1990 2305 qua

397 2335 733 2407 prospicitur
771 2348 837 2389 ac
869 2332 1189 2403 providetur
1221 2332 1391 2386 rebus
1411 2328 1688 2385 universis
1711 2368 1724 2391 ,
1751 2327 1990 2397 insignia

397 2430 558 2484 ferat.
593 2426 752 2493 Quod
779 2426 925 2481 enim
984 2433 1188 2479 temere
1210 2437 1276 2477 ac
1315 2424 1437 2478 sine
1491 2420 1706 2475 ratione
1732 2418 1813 2482 ﬁt,
1849 2434 1991 2489 opus

398 2519 494 2575 Dei
527 2533 639 2574 non
670 2517 855 2573 fuerit.
883 2515 976 2570 Dei
1007 2528 1248 2585 namque
1273 2513 1553 2585 proprium
1583 2520 1691 2577 est,
1726 2520 1991 2583 quemad—

397 2611 620 2667 modum
670 2607 851 2679 inquit
908 2606 1218 2677 Scriptura,
1282 2604 1469 2660 omnia
1529 2617 1655 2658 cum
1719 2601 1989 2673 sapientia

399 2704 603 2758 facere.
645 2699 803 2766 Quod
852 2698 1021 2769 igitur
1050 2698 1328 2768 sapienter
1372 2695 1581 2750 factum
1615 2696 1672 2750 in
1700 2694 1992 2751 illo?Pro-

400 2794 505 2850 diit
539 2794 703 2848 homo
734 2805 830 2861 per
863 2789 1206 2845 nativitatem
1246 2787 1304 2841 in
1333 2788 1537 2855 vitam;
1578 2786 1763 2844 hausit
1788 2802 1989 2854 aerem,

2089 1874 2500 1946 διακεχυμένος,
2541 1874 2636 1929 καὶ
2679 1872 3065 1946 ἁδιάρθρωτος,
3108 1870 3201 1923 καὶ
3237 1868 3297 1921 τὸ
3321 1867 3439 1921 ὅλον
3476 1865 3671 1924 εἰπεῖν,

2091 1968 2222 2040 ῖπρὶν
2266 1966 2518 2038 γενέσθαι
2550 1966 2835 2039 ἄνθρωπος
2891 1963 3088 2033 (εἴπερ
3131 1958 3418 2032 ἀνθρώπου
3460 1957 3590 2011 ἴδιον
3635 1957 3675 2027 ἠ

2090 2057 2283 2130 λογικὴ
2321 2058 2481 2130 χάρις
2527 2057 2674 2112 ἐστίν
2693 2074 2707 2089 ·
2757 2046 2884 2111 δ’δὲ
2915 2054 3068 2109 οὔπω
3105 2055 3163 2108 ὲν
3193 2050 3372 2123 ἐαυτῷ
3399 2050 3491 2105 τὸν
3514 2040 3675 2118 λόγον

2094 2149 2419 2222 ἐχώρησεν),
2445 2142 2599 2213 οὗτος
2630 2149 2659 2202 ὁ
2694 2148 2859 2221 μηδὲν
2890 2147 3048 2202 πλέον
3078 2144 3237 2216 ἔχων,
3265 2142 3358 2197 τοῦ
3385 2143 3442 2196 ὲν
3467 2143 3533 2212 τῇ
3568 2141 3677 2213 μὴ·

2095 2241 2246 2314 τρὼᾳ
2269 2241 2423 2312 νηδΰι
2449 2239 2828 2312 συνεχομένου,
2861 2238 3000 2310 πλὴν
3026 2238 3086 2291 τὸ
3133 2238 3190 2291 ὲν
3239 2235 3361 2299 ἀέρι
3398 2232 3676 2303 γενέσθαι,

2096 2334 2154 2387 ὲν
2182 2333 2356 2403 τούτῳ
2388 2332 2488 2403 τῆς
2518 2331 2734 2403 ἡλικίας
2766 2329 2863 2396 ὣν,
2905 2329 2994 2383 διὰ
3027 2328 3256 2383 θανάτου
3284 2326 3488 2391 λύεται,
3519 2325 3552 2396 ἢ
3578 2326 3677 2378 εἰς·

2094 2420 2292 2487 τεθεὶς,
2325 2421 2358 2493 ἢ
2392 2421 2769 2491 καταπνιγεὶς,
2802 2420 2836 2491 ἦ
2877 2419 3022 2474 κατά
3054 2419 3115 2473 τὸ
3147 2418 3450 2489 αὐτόματον
3484 2416 3551 2469 δι’
3576 2416 3682 2487 ἀρ-

2098 2512 2330 2583 ρωστίας
2378 2511 2470 2566 τοῦ
2504 2511 2605 2583 ζῇν
2654 2511 3035 2581 παυσάμενος,
3090 2508 3143 2563 τί
3192 2508 3300 2580 χρὴ
3352 2506 3480 2579 περὶ
3510 2505 3680 2560 αὑτοῦ

2096 2606 2297 2659 ἐννοεῖν
2323 2620 2337 2669 ;
2372 2602 2498 2668 Πῶς
2526 2603 2657 2675 περὶ
2690 2605 2796 2657 τῶν
2823 2602 2965 2657 οὕτω
3009 2599 3470 2670 τετελευτηκότων
3494 2598 3638 2669 ἔχειν
3660 2615 3681 2668 ;

2099 2698 2327 2768 Ὀψεται
2355 2693 2465 2768 ἆρα
2486 2696 2716 2766 κάκείνη
2738 2694 2937 2767 ἡψυχὴ
2967 2694 3059 2748 τὸν
3085 2692 3299 2765 κριτὴν,
3330 2691 3685 2763 παραστήσε-

2098 2807 2189 2843 ται
2226 2787 2366 2860 μετά
2390 2786 2499 2841 τῶν
2528 2787 2702 2842 ἀλλων
2728 2787 2808 2858 τῷ
2846 2787 3074 2858 βήματι,
3123 2784 3309 2853 ὑφέξει
3334 2782 3441 2839 τῶν
3484 2783 3684 2853 βεϐιω-

400 2904 433 2944 a
453 2887 657 2958 gemitu
686 2885 852 2939 vitam
882 2880 1183 2947 inchoavit,
1220 2880 1493 2951 lacrymas
1514 2889 1727 2937 natura:
1750 2881 1993 2939 muneris

2103 2879 2279 2952 μένων
2304 2879 2403 2951 τὴν
2433 2879 2635 2951 κρίσιν,
2665 2878 2898 2950 λήψεται
2934 2879 3033 2950 τὴν
3055 2879 3177 2931 κατ’
3203 2876 3361 2941 ἀξίαν
3391 2875 3683 2941 ἀντίδοσιν,

400 2981 523 3037 vice
579 2975 873 3049 impendit,
934 2973 1209 3046 primitias
1237 2972 1363 3027 vitae
1411 2970 1576 3030 solvit
1628 2979 1683 3028 et
1731 2973 1993 3030 libamina

2100 2970 2134 3043 ἢ
2163 2970 2296 3042 πυρὶ
2325 2969 2731 3042 καθαιρουμένη
2762 2968 2905 3023 κατά
2936 2969 3034 3032 τὰς
3071 2966 3166 3021 τοῦ
3203 2967 3536 3036 Εὑαγγελίου
3567 2973 3686 3037 φώ‹

402 3073 532 3130 fecit
544 3072 611 3127 de
635 3067 1122 3140 ﬁetu,priusquam
1155 3064 1390 3134 alicujus
1406 3064 1487 3120 rei
1518 3065 1573 3119 in
1600 3066 1711 3121 vita
1735 3067 1993 3135 jucunda:

2100 3064 2215 3129 νάς,
2251 3064 2285 3136 ἢ
2310 3066 2376 3136 τῇ
2399 3063 2575 3135 δρόσῳ
2609 3064 2706 3135 τῆς
2731 3062 2982 3131 εὐλογίας
3008 3060 3452 3133 ἐναποψύχουσας

402 3166 683 3238 particeps
715 3164 933 3228 fuisset,
971 3161 1293 3233 priusquam
1334 3158 1590 3216 sensibus
1620 3169 1903 3232 vegetatus
1934 3171 1988 3218 et
2024 3164 2275 3218 ﬁrmatus
2304 3168 2453 3217 esset
2491 3179 2503 3214 z
2541 3159 2706 3215 etiam
2771 3165 2918 3214 nunc
2991 3156 3361 3213 membrorum
3424 3156 3691 3226 compage

403 3268 570 3331 atque
640 3254 1113 3329 coagmentatione
1172 3251 1410 3317 solutus,
1461 3258 1619 3307 tener
1650 3265 1716 3307 ac
1770 3253 2026 3322 diffusus,
2104 3252 2515 3315 inarticulatus,
2565 3252 2796 3307 artubus
2848 3250 3093 3306 nondum
3153 3249 3471 3321 cumpositis
3523 3252 3686 3320 atque

404 3354 676 3419 formatis,
704 3359 833 3423 etut
859 3347 1174 3406 summatim
1195 3345 1730 3423 dicam,priusquam
1761 3347 1924 3404 homo
1946 3347 2123 3405 iactus
2140 3356 2308 3413 esset,
2342 3347 2611 3418 siquidem
2637 3346 2878 3402 hominis
2910 3347 3191 3416 proprium
3211 3345 3414 3401 donuin'
3456 3344 3687 3403 rationis

403 3452 524 3512 est;
553 3450 611 3497 at
671 3422 769 3497 hic
812 3438 1046 3497 rationis
1083 3438 1326 3493 nondum
1371 3452 1546 3508 capax
1577 3422 1716 3505 erat,
1746 3438 1836 3495 hic
1888 3442 1980 3509 qui
2023 3440 2193 3495 nihilo
2217 3440 2341 3509 plus
2370 3440 2603 3494 habebat
2627 3444 2789 3510 quam
2819 3438 2865 3494 is
2892 3438 2985 3507 qui
3007 3448 3263 3493 materno
3332 3438 3488 3493 utero
3552 3453 3688 3494 con-

403 3541 632 3602 tinetur,
670 3541 1035 3607 praeterquam
1062 3530 1210 3602 quod
1242 3530 1296 3585 in
1338 3544 1463 3587 aere
1504 3530 1626 3596 fuit,
1654 3530 1710 3585 in
1736 3544 1801 3587 ea
1829 3540 1989 3588 aetate
2016 3547 2142 3587 cum
2183 3533 2257 3587 sit
2304 3547 2403 3603 per
2457 3541 2691 3586 mortem
2744 3532 3001 3591 solvitur,
3079 3531 3167 3585 vel
3229 3530 3536 3601 expositus,
3604 3536 3692 3591 vel

405 3635 727 3699 siiﬂ‘oeatus,
762 3630 848 3687 vel
879 3635 1076 3702 sponte
1097 3642 1195 3699 per
1233 3626 1609 3684 inﬁrmitatem
1632 3628 1818 3685 vivere
1849 3628 2134 3696 desinens,
2180 3628 2311 3700 quid
2348 3622 2418 3683 de
2462 3643 2530 3684 eo
2582 3630 2824 3700 cogitare
2880 3626 3135 3698 oportet?
3203 3625 3491 3692 Quomodo
3556 3628 3688 3684 item

404 3731 473 3785 de
505 3729 576 3783 iis
594 3727 690 3797 qui
717 3726 868 3779 hunc
895 3723 1103 3777 exitum
1135 3720 1262 3775 vitm
1291 3719 1603 3775 habuerunt
1629 3721 1878 3777 sentire?
1902 3722 1987 3775 An
2051 3720 2143 3774 illa
2192 3736 2410 3791 quoque
2446 3721 2626 3774 anima
2682 3720 2920 3789 judicem
2956 3719 3181 3786 videbit,
3238 3720 3495 3775 tribunali
3560 3736 3690 3776 cum

407 3820 530 3876 aliis
559 3819 807 3881 sistetur,
836 3811 1043 3869 subibit
1089 3818 1225 3865 acta:
1262 3812 1387 3865 vita;
1434 3810 1732 3880 judicium,
1778 3813 2012 3882 accipiet
2037 3826 2137 3882 pro
2166 3815 2363 3866 merito
2386 3813 2804 3868 retributionem
2829 3822 2882 3866 et
2906 3813 3433 3881 compensationem,
3460 3812 3544 3869 vel
3576 3814 3687 3886 igni

407 3916 663 3985 purgata,
700 3907 858 3977 juxta
888 3903 1170 3974 Evangelii
1200 3903 1390 3966 verba,
1412 3903 1500 3959 vel
1538 3889 1740 3961 in'rore
1762 3905 2167 3962 benedictionis
2185 3905 2507 3977 refrigerata
2537 3917 2700 3977 atque
2726 3905 3033 3962 reloc‘illata
3057 3906 3079 3960 ?

972 3990 1410 4052 EXPLICATIO.

486 4091 626 4149 Hinc
657 4091 812 4160 plane
827 4088 1167 4158 manifestum
1187 4088 1417 4159 estquod
1431 4089 1798 4162 purgatorium
1830 4092 2001 4161 ignem

318 4238 323 4242 .
411 4182 577 4239 Pater
598 4183 681 4237 hic
727 4190 986 4236 tormenta
1030 4183 1401 4251 cruciatusque
1438 4179 1589 4247 dicit,
1645 4182 1834 4252 quibus
1885 4193 2005 4248 post

412 4284 633 4334 mortem
661 4259 1097 4347 quisque'eorum
1128 4275 1217 4345 qui
1254 4283 1595 4343 peccaverunt
1633 4285 1681 4329 et
1711 4285 1832 4331 ante
1858 4293 2003 4331 mor-

413 4380 538 4433 tem,
575 4385 679 4424 non
712 4377 768 4421 ut
824 4365 1046 4438 dignum
1098 4375 1147 4421 et
1184 4382 1286 4435 par
1324 4375 1463 4429 erat,
1498 4366 1864 4434 pwnitentiam
1884 4350 2002 4439 ege-

414 4472 537 4519 runt
570 4465 623 4517 in
654 4461 877 4533 ﬂamma
906 4460 1240 4531 afﬁciuntur,
1258 4459 1421 4528 juxta
1442 4457 1754 4526 parabolam
1773 4458 2007 4530 Evange-

2191 3997 2504 4055 Ἐντεῦθεν
2547 3992 2741 4070 δῆλον
2785 4000 3034 4070 τρανῶς,
3074 3988 3165 4056 ὅτι
3213 4000 3540 4070 καθάρσιον
3568 4003 3690 4071 πῦρ

2108 4080 2395 4174 ρΠατήρ,
2439 4084 2547 4160 τὰς
2575 4092 2725 4177 μετὰ
2760 4092 2876 4177 τὴν
2921 4082 3217 4161 τελευτὴν
3260 4093 3520 4149 ἑκάστου
3566 4094 3691 4148 τῶν

2102 4171 2551 4254 ⁸ἦμαρτηκότων,
2584 4171 2684 4239 καί
2704 4171 2791 4256 μὴ
2827 4185 3334 4255 μετανοησάντων
3363 4186 3547 4253 ἀξίως
3571 4187 3687 4255 πρὸ

2102 4274 2409 4343 τελευτῆς,
2434 4275 2506 4329 ἐν
2535 4270 2716 4345 φλογὶ
2735 4275 3052 4342 βασάνους
3075 4262 3233 4346 φησί
3254 4293 3269 4309 ο
3296 4277 3448 4331 κατὰ
3485 4277 3601 4345 τὴν
3617 4278 3692 4331 ὲν

2102 4365 2183 4431 τῷ
2209 4367 2554 4437 Edam-alim
2578 4368 2955 4436 παραϐολὴν,
2976 4370 3113 4436 περί
3139 4385 3203 4422 τε
3229 4350 3336 4423 τοῦ
3361 4368 3690 4435 πλουσίου,

2105 4457 2331 4514 καὶτοῦ
2352 4458 2638 4529 Λαζάρου.
2664 4457 2862 4527 Δῆλον
2878 4459 2991 4530 γὰρ
3011 4461 3101 4514 ὅτι
3120 4457 3312 4517 ταῦτα
3331 4456 3447 4515 ὦδε
3470 4460 3694 4531 μέμνη-

416 4550 575 4610 Iicam
602 4552 667 4608 de
687 4552 850 4607 divite
904 4559 956 4605 et
1011 4548 1223 4603 Lazaro
1283 4549 1324 4602 ί.
1383 4546 1734 4616 Perspicuum
1755 4557 1833 4602 est
1861 4550 1993 4602 enim

2104 4566 2198 4603 ται
2218 4548 2328 4618 τῆς
2351 4547 2697 4617 παραϐολῆς
2718 4549 2798 4615 τῷ
2824 4550 3037 4614 εἰπεῖν,
3053 4551 3090 4620 ἣ
3121 4552 3263 4620 πυρί
3294 4553 3693 4623 καθαιρομένη

414 4652 551 4720 quod
574 4646 731 4715 hujus
751 4638 835 4698 hic
862 4641 1133 4713 parabolaz
1164 4640 1400 4696 meminit
1440 4642 1566 4694 dum
1598 4640 1751 4704 dicit,
1781 4642 1857 4696 vel
1885 4642 2002 4713 igne
2030 4679 2037 4686 -

414 4747 637 4811 purgata
665 4737 780 4810 (hoc
792 4740 1005 4806 propter
1021 4732 1279 4805 divitem),
1306 4732 1381 4787 vel
1411 4732 1465 4786 in
1483 4749 1599 4788 rore
1627 4732 2003 4789 benedictionis

418 4833 755 4903 refrigerata,
777 4822 1128 4901 (hoc'propter
1143 4824 1453 4893 Lazarum).
1468 4825 1536 4878 At
1554 4822 1650 4879 illa
1662 4826 1798 4893 justi
1809 4825 2006 4896 judicii

418 4921 697 4986 sententia,
735 4937 753 4971 ι
788 4917 1019 4973 Abibunt
1077 4913 1132 4968 hi
1156 4912 1370 4985 quidem
1426 4914 1494 4966 ad
1526 4926 1778 4969 internum
1804 4917 2008 4986 suppli-

417 5014 579 5076 cium,
600 5010 736 5079 justi
758 5025 874 5063 vero
897 5007 965 5061 ad
994 5006 1155 5060 vitam
1180 5013 1435 5059 (sternam
1463 5018 1483 5057 :
1522 5004 1575 5057 ³»
1623 4996 1856 5060 nondum
1884 5017 2008 5065 ante

407 5098 676 5174 judicium
708 5101 878 5155 locum
903 5098 1057 5152 habet
1089 5097 1143 5150 in
1179 5094 1286 5149 his.

492 5191 596 5247 Sed
645 5193 789 5248 haud
820 5192 937 5248 scio
979 5187 1257 5260 quomodo
1286 5188 1400 5242 haec
1424 5186 1491 5242 de
1544 5186 1857 5258 bujusmodi
1889 5191 2006 5247 ani‘

421 5296 508 5338 ma
539 5283 783 5353 cogitare
813 5290 1088 5353 oporteat.
1122 5280 1331 5337 Nomen
1356 5281 1501 5335 enim
1538 5281 1919 5340 retributionis
1952 5290 2009 5339 et

423 5373 888 5430 remunerationis
937 5372 1143 5443 aliquid
1181 5378 1437 5442 oportere
1464 5386 1691 5443 prorsus
1724 5382 1852 5428 ante
1877 5389 2009 5445 prte-

422 5462 596 5524 bittim
614 5464 1125 5536 essesignillcat;at
1155 5464 1205 5519 ei
1232 5465 1326 5535 qui
1352 5465 1574 5519 ouiuino
1594 5481 1702 5520 non
1735 5465 1869 5520 vixit
1898 5481 2007 5520 ma-

425 5559 560 5617 teria
572 5558 777 5631 aliquid
799 5558 1071 5630 prmbendi
1107 5568 1372 5629 praerepta
1396 5569 1501 5616 est.
1523 5558 1580 5614 In
1598 5547 1799 5630 quibus
1823 5568 2001 5616 autem

498 5734 517 5769 ¹
550 5734 679 5790 Luc.
718 5752 828 5799 xvi,
872 5734 936 5790 19
973 5748 1091 5804 sqq.
1172 5738 1190 5765 '
1232 5733 1419 5785 Matth.
1460 5747 1584 5793 xxv,
1622 5725 1707 5785 46.

2109 4641 2308 4712 (τοῦτο
2340 4641 2438 4695 διὰ
2469 4642 2578 4696 τὸν
2610 4642 2953 4711 πλούσιον),
2981 4642 3020 4711 ἢ
3050 4642 3126 4711 τῇ
3161 4642 3361 4713 δρόσῳ
3384 4643 3496 4714 τῆς
3516 4647 3695 4699 εὐλο-

2110 4734 2244 4805 γίας
2291 4734 2772 4804 ἐναποψύχουσα
2817 4734 3029 4806 (τοῦτο
3076 4735 3175 4790 διὰ
3222 4736 3331 4791 τὸν
3374 4737 3691 4808 Λάζαρον).

2121 4826 2184 4879 Ἠ
2208 4824 2276 4878 δὲ
2298 4825 2605 4895 ἀπόφασις
2624 4825 2731 4880 τοῦ
2750 4824 2985 4882 δικαίου
3001 4827 3226 4895 κριτοῦ,
3260 4845 3279 4879 ι
3303 4829 3698 4883 Ἁπιεςλούσομ⁵

2109 4933 2206 4971 ται
2229 4913 2399 4973 οὗτοι
2419 4917 2539 4986 μὲν
2557 4919 2646 4984 είς
2673 4917 2914 4972 αἰώνιον
2930 4920 3213 4985 κόλασιν,
3265 4922 3322 4973 οἱ
3367 4918 3438 4973 δὲ
3475 4918 3696 4974 δίκαιοι

2105 5011 2194 5076 είς
2224 5006 2379 5093 ζωὴν
2402 5008 2643 5064 αἰώνιον
2658 5026 2672 5040 ’
2703 5027 2723 5063 ι
2744 5010 2910 5065 οὔπω
2930 5012 3044 5081 πρὸ
3071 5011 3184 5082 τῆς
3219 5012 3476 5081 κρίσεως
3496 5012 3701 5082 χώραν

2105 5099 2235 5169 ἔχει
2263 5099 2334 5154 ὲν
2369 5101 2627 5169 τούτοις.

2192 5190 2333 5245 Ἀλλ’
2366 5192 2467 5246 οὐκ
2500 5188 2617 5247 οἶδα
2641 5193 2761 5259 πῶς
2806 5194 2914 5267 χρὴ
2938 5194 3109 5249 ταῦτα
3142 5194 3273 5268 περὶ
3313 5193 3416 5263 τῆς
3441 5194 3701 5262 τοιαύτης

2106 5280 2361 5354 ἐννοῆσαι
2402 5281 2604 5355 ψυχῆς.
2639 5285 2713 5339 Τὸ
2752 5284 2863 5358 γὰρ
2903 5287 3005 5356 τῆς
3027 5285 3347 5349 ἀντιδόσεως
3395 5285 3590 5356 ὄνομα,
3640 5286 3700 5336 τὸ

2105 5375 2305 5446 χρῆναί
2331 5393 2383 5430 τι
2411 5375 2629 5441 πάντως
2649 5378 3170 5451 προπαρασχεθῆναι
3197 5374 3475 5449 σημαίνει,
3504 5374 3602 5429 τοῦ
3639 5374 3701 5430 δὲ
3752 5403 3769 5415 -

2106 5465 2183 5537 μὴ
2201 5463 2526 5535 βεδιωκότος
2540 5466 2700 5531 ὅλως,
2720 5468 2754 5539 ἡ
2773 5467 2874 5539 ὕλη
2896 5467 2991 5522 τοῦ
3020 5485 3073 5520 τι
3103 5468 3407 5538 παρασχεῖν
3434 5466 3698 5537 παραφῄ-

2108 5574 2284 5629 ρηται.
2304 5557 2420 5627 Ἐφ’
2438 5550 2513 5615 ὧν
2528 5559 2585 5613 δὲ
2599 5559 2744 5624 δόσις
2763 5560 2863 5613 οὐκ
2877 5559 3043 5626 ἐστιν,
3062 5559 3184 5613 οὐδὲ
3206 5557 3475 5622 ἀντίδοσις
3494 5558 3700 5630 κυρίως
