3950 6132
247 290 345 353 169

992 298 1078 352 ΒΕ
1115 300 1527 357 INFANTIBUS
1572 302 1692 369 QUI
1729 302 2187 359 PRJEMATURE
2236 302 2724 359 ABRlPlUNTUR.

3385 303 3485 360 170

245 411 684 482 σνομαοθήσεται.
710 414 803 484 Μὴ
816 412 980 483 ούσης
997 415 1053 467 δὲ
1069 416 1167 486 τῆς
1181 417 1519 481 ἀντιδόσεως,
1538 416 1660 472 οὔτε
1677 419 1814 484 ἀγα-

1935 417 2066 472 latio
2105 432 2212 471 non
2250 423 2355 482 est,
2388 431 2488 472 nec
2508 427 2883 486 compensatio
2910 415 3131 485 quidem
3167 424 3221 472 et
3252 416 3491 471 retribu-

245 504 331 558 θόν
360 504 507 556 ἐστιν
528 503 653 557 οὔτε
679 504 847 558 κακὸν
871 506 932 559 τὸ
957 509 1074 562 κατ’
1105 508 1296 564 ἐλπίδα
1324 510 1702 579 προκείμενον.
1743 509 1815 560 Τὸ

247 597 343 668 γὰρ
373 596 549 666 ὄνομα
581 595 761 660 τοῦτο,
796 597 904 652 τῶν
942 598 1064 653 καθ’
1091 599 1349 671 ἑκάτερον
1372 602 1673 672 νοουμένων
1719 601 1816 671 τὴν

244 686 472 759 ἀμοιϐὴν
509 687 900 756 ἐπαγγέλλεται
920 706 932 719 ·
963 689 1027 742 τὸ
1058 689 1113 743 δὲ
1143 692 1281 762 μήτε
1307 692 1365 744 ἐν
1393 690 1581 760 ἀγαθῷ
1603 692 1737 761 μήτε
1757 693 1817 743 ἐν

245 779 396 851 κακῷ
428 782 836 852 εὑρισκόμενον,
868 784 927 836 ἐν
960 783 1134 837 οὐδενὶ
1154 783 1372 848 πάντως
1405 783 1552 837 ἐστίν
1574 800 1587 814 ’
1615 784 1816 852 ἄμεσος

246 869 348 940 γὰρ
369 870 516 941 ήτῆς
534 868 792 941 τοιαύτης
809 870 1135 935 ἀντιθέσεως
1156 874 1485 943 ἐναντιότης,
1509 873 1543 943 ἡ
1567 871 1660 925 τοῦ
1680 870 1820 940 ἀγα-

248 960 333 1013 θοῦ
367 961 460 1013 καὶ
483 960 578 1013 τοῦ
604 960 796 1024 κακοῦ,
824 961 986 1030 λέγω,
1018 955 1093 1016 ὧν
1118 963 1400 1036 οὐθέτερον
1428 964 1577 1018 ἔσται
1598 1006 1612 1031 ,
1639 963 1716 1033 τῷ
1744 964 1818 1034 μὴ

247 1053 468 1122 θατέρου
493 1054 922 1124 κατάρξαντι.Τὸ
936 1050 1102 1123 οῦνζὲν
1124 1056 1312 1127 μηδενὶ
1331 1056 1389 1111 δν
1416 1058 1564 1110 οὐδὲν
1581 1052 1714 1111 εἷναί
1737 1073 1819 1119 τις

246 1145 381 1196 εἴποι
414 1143 577 1207 ὅλως.
607 1145 671 1198 Εί
699 1145 756 1199 δέ
782 1163 867 1209 τις
898 1146 960 1198 τὸ
986 1147 1223 1201 τοιοῦτον
1254 1149 1347 1202 καὶ
1369 1144 1506 1201 εἶναι
1538 1147 1703 1215 λέγοι,
1727 1146 1820 1199 καὶ⁵

244 1236 297 1283 εν
329 1232 556 1299 ἀγαθοῖς
587 1230 749 1299 εἶναι,
783 1235 1035 1301 διδόντος,
1069 1237 1166 1290 οὐκ
1207 1237 1543 1300 ἀποδιδόντος
1564 1235 1659 1290 τοῦ
1684 1234 1820 1289 Θεοῦ

218 1323 313 1377 ’τά
334 1324 523 1394 ἀγαθά
544 1327 658 1389 τοῖς
682 1326 965 1391 τοιούτοις,
1008 1329 1165 1383 ποίαν
1191 1328 1337 1397 λέγει
1367 1329 1467 1399 τῆς
1497 1325 1822 1399 ἀποκληρώ-

250 1434 387 1480 σεως
435 1416 643 1488 ταύτης
696 1418 919 1485 αἰτίαν;
978 1418 1089 1474 Ποῦ
1136 1420 1423 1473 τὸδίκαιον
1458 1417 1824 1483 συναποδείξει

245 1511 318 1581 τῷ
341 1511 489 1580 λόγῳ
513 1527 528 1574 ;
562 1511 686 1574 Πῶς
708 1511 766 1565 δὲ
796 1515 915 1575 ταῖς
939 1511 1333 1581 Εὐαγγελικαῖς
1361 1514 1563 1581 φωναῖς
1602 1512 1826 1581 σύμφω-

247 1619 330 1654 νον
361 1601 531 1665 δείξει
554 1601 617 1655 τὸ
644 1602 852 1673 νόημα;
885 1604 1031 1657 Ἐκεῖ
1054 1602 1562 1674 συναλλαγματικήν
1585 1619 1707 1657 τινα
1725 1601 1825 1671 τῆς

246 1691 530 1759 βασιλείας
541 1691 642 1761 τὴν
661 1692 930 1763 ἐμπορίαν
948 1695 1062 1757 τοῖς
1084 1691 1423 1763 ἀξιουμένοις
1436 1689 1826 1762 προσγίνεσθαι

1917 512 1994 565 tio
2023 511 2243 579 proprie
2289 510 2680 564 nominabitur.
2717 508 2819 563 Ubi
2843 518 3021 564 autem
3053 509 3339 564 retributio
3378 525 3485 562 non

1916 608 2022 664 est,
2057 615 2235 671 neque
2261 600 2465 654 bonum
2519 614 2695 666 neque
2736 599 2957 662 malum,
3009 601 3155 669 quod
3190 602 3273 654 vel
3305 616 3490 670 spere-

1918 699 2027 757 tur,
2067 692 2153 748 vel
2179 698 2476 753 metuatur,
2511 691 2849 759 prepositum
2884 698 2988 746 est.
3025 691 3084 745 1d
3105 692 3248 746 enim
3291 708 3487 747 nomen

1917 798 2129 847 eorum,
2152 797 2271 851 quae
2293 783 2347 836 in
2369 782 2683 836 alterutram
2702 787 2906 850 partem
2930 781 3327 852 intelliguntur,
3348 797 3492 836 eom-

1919 867 2295 936 pensationem
2323 875 2378 923 et
2411 866 2822 923 retributionem
2871 869 3177 938 promittit;
3210 870 3354 938 quod
3394 884 3492 923 au-

1922 951 2028 1015 tem
2048 975 2223 1029 neque
2248 960 2300 1014 in
2329 960 2473 1015 bono
2497 975 2673 1030 neque
2695 961 2749 1014 in
2781 961 2921 1015 malo
2938 961 3230 1026 invenitur,
3263 962 3318 1016 in
3347 963 3494 1016 nulla

1921 1067 1981 1106 re
2006 1067 2236 1121 prorsus
2257 1062 2340 1107 est
2368 1070 2380 1105 :
2413 1052 2538 1107 sine
2574 1053 2751 1108 medio
2776 1061 2859 1107 est
2879 1052 3021 1107 enim
3039 1052 3304 1122 ejusmodi
3321 1068 3491 1124 oppo-

1922 1142 2139 1198 sitionis
2165 1145 2545 1209 contrarietas,
2584 1144 2712 1199 boni
2741 1156 2795 1199 et
2828 1144 2953 1198 mali
2993 1141 3233 1213 inquam,
3265 1160 3494 1214 quorum

1922 1237 2180 1285 neutrum
2248 1231 2530 1300 continget
2559 1232 2605 1287 ei
2661 1231 2754 1301 qui
2786 1246 2895 1285 non
2933 1231 3161 1287 alterius
3187 1233 3494 1302 exemplum

1922 1328 1977 1375 et
2021 1323 2296 1391 specimen
2316 1321 2626 1392 praebuerit.
2655 1321 2812 1388 Quod
2844 1321 3008 1392 igitur
3036 1322 3089 1375 in
3121 1322 3271 1375 nulla
3300 1336 3357 1376 re
3390 1332 3495 1380 est.

1925 1429 1994 1467 ne
2013 1428 2135 1469 esse
2164 1414 2383 1484 quidem
2414 1429 2642 1483 prorsus
2662 1412 2864 1483 aliquis
2888 1413 3109 1468 dixerit.
3130 1412 3283 1479 Quod
3306 1414 3351 1466 si
3375 1415 3498 1482 quis

1927 1505 2037 1559 tale
2062 1513 2117 1561 et
2151 1521 2276 1562 esse
2299 1515 2354 1561 et
2381 1505 2437 1560 in
2486 1506 2647 1562 bonis
2676 1521 2800 1562 esse
2845 1504 3014 1568 dicat,
3048 1506 3160 1561 Deo
3208 1507 3350 1560 bona
3377 1506 3499 1559 tali-

1925 1597 2029 1654 bus
2060 1598 2244 1667 dante,
2280 1614 2391 1653 non
2423 1600 2702 1665 reddente,
2733 1615 2898 1670 quam
2936 1599 3100 1669 hujus
3124 1599 3501 1655 attributionis

1928 1703 2152 1743 causam
2206 1688 2442 1746 atteret?
2473 1692 2562 1747 ubi
2612 1691 2880 1762 justitiam
2902 1690 2971 1747 ‘in
2999 1692 3102 1746 hac
3148 1691 3502 1747 attributione

245 1780 413 1849 λέγει.
460 1781 680 1853 Ἐπειδὴ
701 1782 810 1853 γὰρ
836 1782 897 1835 τὸ
924 1783 1018 1836 καὶ
1043 1782 1123 1847 τὸ,
1155 1783 1307 1853 φησὶ,
1335 1782 1693 1851 πεποιήκατε,
1723 1778 1823 1850 τὴν

1934 1778 2092 1833 simul
2123 1778 2305 1836 inesse
2334 1781 2584 1837 oratione
2628 1781 3064 1839 demonstrabit?
3094 1782 3378 1848 Quomodo
3406 1796 3504 1836 au-

247 1872 530 1944 βασιλείαν
555 1873 862 1929 ἀντιλαϐεῖν
888 1876 1011 1927 ἐστε
1035 1874 1250 1928 δίκαιοι.
1296 1872 1555 1927 Ἐνταῦθα
1583 1872 1639 1926 δὲ
1665 1872 1826 1944 μηδε-

248 1966 400 2035 μιᾶς,
423 1967 564 2035 μήτε
584 1965 857 2036 πράξεως,
884 1965 1022 2036 μήτε
1038 1964 1404 2036 προαιρέσεως
1427 1963 1688 2034 ὑπούσης,
1708 1964 1827 2016 τίνα

244 2057 444 2127 καιρὸν
470 2056 585 2127 ἔχει
616 2058 711 2110 καὶ
747 2054 957 2119 τούτοις
986 2056 1139 2127 παρά
1166 2054 1258 2109 τοῦ
1289 2055 1423 2109 Θεοῦ
1462 2055 1708 2125 γίνεσθαι
1737 2054 1828 2107 λέ-

245 2158 362 2210 γειν
399 2140 466 2194 τὸ
504 2141 567 2206 ἐξ
593 2141 829 2212 ἀμοιϐῆς
859 2141 1249 2231 ἐλπιζόμενον
1292 2141 1341 2193 εἰ
1378 2140 1437 2193 δέ
1464 2158 1546 2204 τις
1569 2139 1829 2193 ἀϐασανί-

240 2249 389 2299 στως
415 2231 512 2286 τὸν
541 2232 782 2285 τοιοῦτον
810 2231 1020 2297 δέξεται
1048 2230 1229 2299 λόγον,
1250 2231 1326 2295 ῶς
1363 2232 1579 2294 πάντως
1605 2232 1664 2284 ὲν
1692 2230 1830 2298 ἀγα-

245 2323 357 2386 θοϊς
412 2321 679 2391 ἐσομένου
711 2321 805 2374 τοῦ
848 2320 1208 2392 παρελθόντος
1251 2321 1422 2386 οὕτως
1450 2320 1542 2374 ἐπὶ
1574 2321 1664 2374 τὸν
1693 2319 1827 2390 βίον,

242 2415 306 2467 ἐκ
354 2413 556 2466 τούτου
591 2411 1056 2483 μακαριστότερον
1104 2413 1506 2484 ἀναφανήσεται
1549 2413 1651 2484 τ’ἧς
1688 2411 1831 2484 ζωῆς

244 2506 304 2559 τὸ
329 2507 414 2576 μὴ
449 2504 701 2576 μετέχειν
731 2504 896 2576 ζωῆς,
933 2506 1088 2575 εἰπερ
1117 2505 1310 2575 ὲκείνῳ
1345 2505 1442 2576 μὲν
1467 2504 1831 2575 ἀναμφίδολος

242 2596 276 2667 ἡ
302 2596 424 2649 τῶν
454 2594 678 2664 ἀγαθῶν
700 2595 979 2666 μετουσία,
1006 2594 1107 2649 κᾶν
1131 2594 1419 2667 βαρϐάρων
1437 2593 1571 2667 τύχῃ
1607 2593 1832 2663 γονέων,

243 2691 337 2743 καὶ¹
386 2688 471 2761 μὴ
499 2687 875 2760 νενομισμένῳ
907 2687 1097 2760 κυηθῇ-
1128 2687 1324 2760 γάμῳ·
1355 2687 1431 2760 τῷ
1457 2688 1514 2742 δὲ
1548 2687 1836 2760 βεϐιωκότι

242 2781 335 2837 τὸν
364 2780 625 2854 χωρητόν
671 2797 733 2834 τε
776 2782 870 2833 καὶ
897 2764 1126 2852 νόμιμον
1165 2784 1231 2853 τῇ
1265 2781 1423 2852 φύσει
1456 2783 1666 2856 χρόνον,
1702 2782 1837 2838 πάν-

242 2890 353 2937 τως
467 2872 632 2926 πλέον
668 2872 703 2943 ἢ
750 2871 973 2926 ἔλασσον
1005 2872 1034 2925 ὁ
1062 2873 1163 2943 τῆς
1206 2874 1404 2938 κακίας
1460 2873 1737 2946 μολυσμὸς
1766 2877 1835 2946 τῇ

247 2965 361 3037 ζωῇ
395 2964 808 3035 καταμίγνυται
832 2982 843 2995 ³
873 2965 931 3036 ἢ,
962 2965 1010 3017 εί
1038 2965 1223 3035 μέλλοι
1259 2966 1536 3030 παντελῶς
1573 2967 1673 3037 τῆς
1702 2967 1838 3038 πρὸς

245 3056 306 3109 τὸ
352 3056 540 3111 κακὸν
574 3056 856 3120 κοινωνίας
889 3056 1045 3121 ἐκτὸς
1082 3052 1241 3120 εἶναι,
1266 3057 1475 3111 πολλῶν
1508 3057 1657 3129 αὐτῷ
1681 3056 1837 3130 δεῖ[ν]

249 3146 503 3220 ἱδρώτων
531 3148 671 3220 πρὸς
699 3147 831 3201 αὐτὸ
858 3148 1016 3202 τοῦτο
1047 3148 1142 3203 καὶ
1167 3149 1362 3204 πόνων.
1392 3148 1469 3204 Οὐ
1495 3148 1604 3217 γὰρ
1634 3148 1841 3219 ἀκμητὶ

247 3239 623 3312 κατορθοῦται
645 3241 758 3303 τοῖς
781 3238 1054 3310 μετιοῦσιν
1074 3237 1351 3312 ἀρετὴ[ν],
1369 3240 1489 3294 οὐδὲ
1509 3240 1704 3303 ἀπονός
1726 3240 1842 3292 ἐστι

246 3335 361 3397 τοῖς
375 3331 696 3400 ἀνθρώποις
708 3333 743 3402 ἡ
760 3330 867 3385 τῶν
883 3330 1202 3402 καθ’ήδονὴν
1217 3332 1589 3402 ἀλλοτρίωσις,
1605 3332 1746 3385 ὥστε
1762 3331 1842 3387 ἑνὶ

246 3424 359 3476 τῶν
385 3421 633 3492 ἀνιαρῶν
654 3422 716 3486 ὲξ
738 3422 1064 3494 ἀμφοτέρων
1086 3422 1468 3494 συνενεχθῆναι
1492 3423 1601 3477 δεῖν
1628 3422 1843 3485 πάντως

247 3517 340 3571 τὸν
359 3514 710 3587 μετασχόντα
720 3514 811 3569 τοῦ
828 3515 1183 3587 χρονιωτέρου
1204 3514 1341 3585 βίου,
1354 3514 1388 3585 ἢ
1403 3513 1496 3569 νῦν
1511 3514 1589 3586 τῷ
1602 3513 1845 3585 ὲπιπόνῳ

249 3608 347 3679 τῆς
381 3605 595 3677 ἀρετῆς
618 3603 964 3671 ὲναθλοῦντα,
988 3604 1021 3675 ῆ
1048 3604 1169 3658 τότε
1197 3604 1282 3659 διὰ
1302 3605 1399 3675 τὴν
1418 3605 1476 3658 ὲν
1502 3603 1675 3675 κακίᾳ
1700 3602 1843 3673 ζωὴν

249 3700 316 3768 τῇ
348 3697 631 3752 ἀντιδόσει
675 3695 783 3750 τῶν
811 3694 1075 3764 ἀλγεινῶν
1104 3694 1435 3766 ὀδυνώμενον
1457 3711 1472 3725 ·
1528 3697 1623 3748 ἐπὶ
1649 3694 1707 3748 δὲ
1737 3695 1845 3748 τῶν

250 3788 460 3860 ἀώρων
500 3787 743 3841 τοιοῦτόν
778 3789 925 3841 ἐστιν
966 3785 1152 3841 οὐδέν’
1207 3786 1320 3840 ἀλλ’
1352 3786 1553 3850 εὐθέως
1596 3788 1629 3857 ἡ
1666 3787 1845 3857 ἀγαθὴ

248 3883 409 3953 λῆξις
458 3881 588 3943 τοὺς
615 3881 675 3932 ὲν
715 3880 893 3950 ἀωρίᾳ
936 3880 1307 3949 μεταστάντας
1333 3878 1637 3949 ἐκδέχεται,
1692 3880 1848 3950 εῐπερ

249 3972 517 4045 ἀληθεύει
543 3971 654 4024 τῶν
681 3970 853 4035 οὕτως
876 3970 1249 4040 ὑπειληφότων
1275 3972 1303 4024 ό
1344 3969 1519 4040 λόγος.
1551 3970 1758 4025 Οὐκοῦν
1784 3972 1850 4025 ὲκ

252 4069 353 4121 τοῦ
383 4065 689 4121 ἀκολούθου
735 4065 830 4117 καὶ
861 4063 956 4117 τοῦ
987 4061 1146 4132 λόγου
1172 4061 1541 4133 προτιμοτέρα
1574 4060 1851 4132 δειχθήσε-

249 4178 345 4215 ται
386 4164 422 4231 ἠ
464 4157 680 4226 ἀλογία,
730 4158 826 4210 καὶ
854 4158 888 4228 ἡ
926 4155 1093 4227 ἀρετὴ
1131 4154 1341 4218 οὐδενὸς
1372 4152 1499 4220 ἀξία
1530 4153 1617 4207 διὰ
1646 4152 1849 4207 τούτων

1927 1880 2032 1924 tem
2062 1871 2203 1926 hanc
2242 1872 2555 1943 opinionem
2584 1889 2710 1929 cum
2748 1874 3091 1945 Evangelicis
3124 1876 3349 1931 vocibus
3373 1890 3503 1931 con-

1928 1961 2243 2041 cordantem
2274 1965 2558 2021 ostendet?
2586 1964 2701 2019 Illic
2727 1966 2946 2036 quidem
2972 1976 3227 2036 tanquam
3253 1982 3317 2023 ex
3338 1983 3503 2037 neges

1930 2053 2009 2109 tio
2042 2062 2328 2111 contracto
2358 2072 2583 2127 regnum
2621 2073 2718 2115 eos
2742 2060 2835 2129 qui
2890 2058 3039 2128 digni
3066 2059 3337 2114 habentur
3369 2076 3502 2114 rou-

1930 2148 2221 2203 secuturos
2242 2162 2365 2204 esse
2388 2148 2541 2204 dicit.
2573 2148 2844 2216 Quoniam
2866 2151 3014 2206 enim
3040 2152 3144 2206 hoc
3181 2163 3234 2207 et
3259 2152 3382 2218 hoc,
3416 2154 3503 2207 in;

1929 2236 2069 2306 quit,
2096 2237 2325 2304 fecistis,
2350 2255 2566 2310 aequum
2594 2250 2702 2307 est,
2755 2250 2814 2296 ut
2839 2258 3067 2313 regnum
3101 2244 3222 2298 loco
3259 2259 3507 2300 remune-

1931 2328 2162 2387 rationis
2188 2332 2494 2403 aceipiatis.
2526 2331 2626 2388 Hie
2649 2349 2779 2389 vero
2822 2349 2947 2390 cunt
2982 2326 3190 2390 nullum
3219 2352 3394 2406 neque
3424 2336 3507 2391 l‘a-

1932 2428 2083 2476 ctum
2112 2437 2288 2493 neque
2341 2424 2596 2482 voluntas
2631 2426 2826 2490 subsit,
2857 2442 2964 2498 qua
3012 2429 3226 2484 ratione
3270 2437 3324 2483 et
3348 2445 3509 2484 occa-

1934 2514 2090 2570 sione
2117 2515 2242 2585 quis
2267 2516 2412 2572 dicet
2436 2518 2602 2573 etiam
2629 2518 2715 2574 his
2737 2534 2768 2572 a
2798 2518 2908 2574 Deo
2933 2521 3250 2590 contingere
3281 2521 3331 2575 id
3363 2521 3508 2590 quod

1935 2619 2002 2660 ex
2063 2606 2425 2662 retributione
2449 2616 2502 2662 et
2532 2610 2976 2678 compensatione
3035 2612 3321 2680 speratur?
3351 2611 3508 2677 Quod

1937 2696 1987 2750 si
2009 2697 2133 2766 quis
2160 2698 2278 2752 sine
2307 2697 2415 2752 ulla
2440 2699 2765 2755 excussione
2796 2709 2849 2754 et
2875 2700 3275 2756 examinatione
3324 2702 3514 2771 hujus-

1936 2784 2086 2841 modi
2136 2786 2446 2857 opinionem
2477 2788 2856 2856 amplectetur,
2894 2790 3052 2859 quasi
3081 2805 3308 2860 prorsus
3336 2792 3392 2845 in
3423 2792 3514 2846 bo-

1940 2878 2026 2933 nis
2055 2875 2272 2932 l‘uturus
2308 2877 2380 2931 sit
2409 2878 2455 2932 is
2486 2878 2580 2947 qui
2606 2878 2707 2933 hoc
2732 2880 2894 2934 modo
2922 2881 3183 2950 prodierit
3236 2881 3293 2935 in
3325 2882 3511 2949 vitam,

1939 2980 2005 3021 ex
2022 2965 2127 3019 hac
2160 2964 2420 3034 opinione
2449 2966 2674 3021 meliore
2703 2968 3017 3023 conditione
3047 2969 3366 3039 lreatiorque
3394 2986 3517 3026 esse

1942 3055 2221 3113 videbitur
2253 3060 2345 3128 qui
2370 3042 2492 3113 vitae
2516 3060 2790 3130 particeps
2822 3062 3049 3115 omnino
3080 3069 3323 3127 nonest,
3352 3077 3516 3133 quam

1947 3147 2040 3217 qui
2062 3148 2227 3227 ηνὶνὶι,
2261 3150 2305 3204 si
2338 3149 2554 3219 quidem
2584 3150 2674 3205 ille
2691 3151 3064 3222 proculdubio
3092 3153 3358 3208 bonorum
3388 3170 3517 3225 pars

1949 3240 2121 3311 ticeps
2148 3241 2275 3304 erit,
2337 3242 2500 3296 etiam
2536 3243 2582 3297 si
2614 3242 2883 3300 Barbaros
2937 3252 3190 3315 parentes
3217 3245 3417 3301 habeat
3465 3256 3521 3302 et

1944 3329 2113 3400 justis
2137 3331 2505 3402 legitimisque
2525 3334 2734 3403 nuptiis
2759 3344 3059 3405 conceptus
3091 3351 3203 3391 non
3238 3337 3345 3403 sit;
3374 3338 3521 3391 illius

1950 3433 2133 3481 autem
2162 3424 2308 3489 vitae,
2341 3427 2436 3496 qui
2469 3425 2525 3480 id
2575 3426 2720 3495 quod
2772 3434 2968 3481 natura
3013 3430 3158 3499 capit
3200 3438 3363 3500 atque
3392 3445 3525 3483 οοιιο

1949 3518 2147 3585 Suevit,
2172 3519 2403 3574 vivendo
2437 3530 2652 3588 tempus
2694 3520 2956 3589 exegerit,
2982 3536 3209 3589 prorsus
3241 3523 3324 3577 vel
3349 3523 3525 3591 major

1949 3606 2036 3661 vel
2092 3607 2274 3660 minor
2318 3607 2697 3676 coinquinatio
2748 3607 3062 3663 vitiositatis
3101 3610 3523 3676 admiscebitur;

1950 3704 2047 3763 aut
2067 3697 2112 3751 si
2129 3698 2345 3766 penitus
2368 3712 2398 3751 ο
2424 3699 2946 3753 eommunionemali
2981 3714 3187 3754 vacuus
3215 3700 3339 3763 erit,
3384 3701 3526 3754 mul-

1954 3792 2026 3846 tis
2066 3791 2115 3846 ei
2176 3790 2378 3846 adhoc.
2433 3791 2611 3860 ipsum
2656 3791 2951 3847 sudoribus
2973 3799 3027 3847 et
3057 3792 3338 3847 laboribus
3389 3803 3527 3862 opus

1951 3884 2072 3938 erit.
2102 3880 2220 3937 Non
2251 3883 2397 3937 enim
2425 3882 2634 3952 absque
2680 3884 2898 3954 negotio
2948 3884 3040 3953 qui
3089 3885 3273 3939 virtuti
3306 3884 3530 3940 student

1953 3990 2072 4029 eam
2105 3982 2510 4043 assequuntur;
2554 3990 2731 4045 neque
2761 3976 2969 4045 absque
2994 3976 3179 4031 labore
3211 3976 3529 4031 hominibus

1953 4064 2247 4132 contingit,
2285 4074 2344 4119 ut
2371 4081 2402 4118 a
2430 4065 2586 4120 malis
2639 4064 3013 4134 voluptatibus
3046 4065 3206 4120 alieni
3229 4066 3361 4130 sint,
3394 4067 3530 4121 adeo

1955 4166 2015 4209 ut
2044 4170 2272 4225 prorsus
2301 4162 2550 4225 oporteat
2582 4170 2705 4210 eum
2736 4156 2829 4225 qui
2854 4156 3060 4212 diutius
3091 4158 3143 4211 in
3173 4157 3284 4211 vita
3312 4157 3530 4211 futurus

252 4255 699 4322 ἀναφανήσεται.
756 4249 818 4301 El
857 4248 965 4319 γὰρ
1007 4246 1245 4317 μηδεμία
1284 4245 1475 4314 γέγονε
1505 4245 1677 4316 ζημία
1713 4245 1831 4316 πρὸς

1953 4247 2046 4311 sit,
2077 4246 2247 4302 altero
2273 4262 2343 4302 ex
2409 4247 2621 4302 duobus
2671 4247 2917 4302 molestis
2955 4247 3297 4317 implicatum
3333 4247 3530 4301 conﬂi-

251 4348 356 4415 τὴν
395 4342 513 4397 τῶν
556 4339 779 4410 ἀγαθῶν
814 4339 1102 4410 μετουσίαν
1144 4336 1221 4408 τῷ
1271 4336 1346 4409 μὴ
1397 4337 1718 4407 μετασχόντι
1752 4338 1831 4407 τῆς

1954 4340 2111 4404 ctari,
2144 4340 2225 4394 vel
2261 4354 2407 4393 nunc
2440 4339 2496 4392 in
2521 4338 2793 4394 laborioso
2811 4341 3072 4394 exercitio
3098 4340 3318 4396 virtutis
3344 4340 3533 4395 decor.

250 4438 468 4509 ἀρετῆς
488 4477 503 4498 ,
565 4435 795 4506 μάταιον
840 4431 906 4486 ἂν
937 4430 1021 4503 εἴη
1052 4430 1112 4483 τὸ
1148 4429 1276 4498 περὶ
1314 4428 1517 4498 ταύτην
1549 4432 1730 4482 πονεῖν
1758 4428 1831 4481 κα¹

1957 4430 2291 4496 tantem,vel
2315 4438 2443 4485 tunc
2469 4441 2691 4500 propter
2720 4429 2883 4484 vitam
2915 4446 3009 4499 per
3041 4432 3305 4485 malitiam
3345 4440 3398 4486 et
3434 4448 3533 4486 ne-

251 4530 547 4599 ἀνόνητον,
584 4528 682 4596 τῆς
724 4523 920 4593 ἀλόγου
956 4520 1342 4584 καταστάσεως
1373 4521 1432 4573 ὲν
1474 4522 1541 4592 τῇ
1586 4520 1681 4573 τοῦ
1714 4519 1831 4574 Θεοί

1958 4521 2189 4592 quitiam
2251 4529 2608 4587 transactam,
2671 4521 2727 4574 in
2777 4521 3140 4578 retributione
3195 4524 3432 4577 tristium
3480 4530 3534 4577 ct

250 4623 447 4693 κρίσει
481 4615 939 4692 προτερευούσης.

1952 4614 2272 4671 acerbarum
2310 4628 2493 4668 rerum
2524 4612 2808 4667 cruciatus
2831 4620 2886 4668 et
2903 4612 3120 4669 dolores
3161 4615 3480 4669 tolerantem
3519 4632 3531 4667 :

253 4714 313 4768 in
357 4711 723 4785 praematuris
747 4716 929 4765 autem
959 4707 1099 4763 nihil
1122 4713 1210 4764 est
1238 4705 1532 4778 ejusmodi.
1560 4703 1668 4761 Sed
1699 4705 1952 4777 protinus
1970 4720 2087 4773 eos,
2121 4707 2214 4775 qui
2247 4705 2535 4759 immatura
2562 4711 2722 4760 aetate
2749 4719 2815 4759 ex
2845 4704 2950 4759 hac
2971 4706 3081 4759 vita
3106 4705 3357 4760 translati
3383 4719 3531 4767 sunt,

252 4812 303 4868 si
366 4810 539 4868 modo
581 4824 716 4865 vera
750 4822 942 4864 eorum
995 4805 1089 4878 qui
1148 4805 1225 4859 ita
1278 4804 1633 4875 suspicantur
1682 4810 1737 4858 et
1765 4803 2018 4870 credunt,
2049 4803 2235 4872 opinio
2266 4811 2381 4865 est,
2418 4800 2562 4855 bona
2610 4814 2733 4855 sors
2781 4806 2944 4870 atque
2992 4799 3234 4853 conditio
3303 4801 3527 4871 excipit.

251 4900 411 4974 Ergo
466 4915 533 4954 ex
587 4896 951 4966 consequenti
1013 4894 1248 4951 rationis
1314 4893 1561 4949 carentia
1603 4891 1768 4948 etiam
1812 4892 1934 4965 ipsa
1967 4892 2180 4947 ratione
2213 4906 2338 4947 esse
2381 4891 2729 4960 praestantior
2758 4897 2812 4944 et
2851 4890 3146 4959 optabilior
3181 4893 3532 4957 ostendetur,

249 5010 309 5052 et
346 4998 537 5052 virtus
568 4992 780 5049 nullius
806 4991 968 5063 pretii
1028 5006 1129 5062 per
1166 4990 1285 5046 haec
1342 4988 1645 5059 apparebit.
1702 4987 1836 5043 Nam
1873 4990 1920 5043 si
1968 4989 2181 5044 nullum
2218 4988 2479 5042 damnum
2546 5000 2612 5041 ae
2665 4986 3079 5051 detrimentum,
3129 4992 3394 5054 quantum
3470 4990 3537 5042 ad

253 5102 432 5143 nsum
454 5094 512 5141 et
546 5083 1023 5156 participationem
1065 5080 1335 5135 bonorum
1380 5080 1598 5144 attinet,
1646 5078 1849 5134 accidit
1874 5079 1926 5135 ei
1961 5081 2054 5151 qui
2089 5078 2365 5149 particeps
2394 5077 2614 5133 virtutis
2672 5092 2780 5131 non
2833 5076 2956 5141 fuit,
2998 5089 3199 5129 vanum
3252 5084 3307 5131 et
3349 5078 3541 5131 inutile

250 5180 388 5248 ejus
418 5176 669 5233 studium
695 5172 879 5233 fuerit,
923 5186 1047 5226 cum
1081 5178 1259 5227 status
1316 5179 1371 5224 et
1430 5169 1566 5224 ordo
1592 5170 1828 5226 rationis
1862 5185 2059 5241 expers
2088 5170 2301 5240 priores
2323 5176 2510 5239 partes
2541 5169 2597 5223 in
2619 5165 2828 5238 judicio
2857 5165 2951 5220 Dei
2992 5165 3259 5220 obtineat.

330 5275 528 5329 Ταῦτα
586 5275 652 5326 σὺ
706 5271 885 5326 πάντα
936 5270 1033 5323 καὶ
1080 5267 1152 5322 τὰ
1194 5267 1419 5322 τοιαῦτα
1453 5268 1831 5337 διανοούμενος

2033 5268 2161 5323 Haec
2193 5278 2248 5323 et
2286 5265 2557 5337 ejusmodi
2591 5265 2796 5328 omnia,
2849 5278 2973 5317 cum
3035 5263 3220 5317 animo
3284 5270 3539 5333 agitares,

249 5370 518 5435 ἐξετάσαι
558 5366 653 5420 τὸν
686 5365 816 5436 περὶ
864 5363 1054 5418 τούτου
1087 5362 1244 5430 λόγον
1291 5360 1634 5427 διεκελεύσω,
1664 5360 1739 5424 ὡς
1793 5360 1828 5414 ἂ

1962 5359 2218 5414 hortatus
2246 5372 2306 5411 es
2324 5370 2429 5420 me,
2465 5363 2525 5409 ut
2554 5355 2716 5423 hujus
2737 5352 2817 5406 rei
2850 5351 3119 5408 rationem
3153 5360 3450 5419 serutarer,
3484 5360 3545 5408 ut

249 5465 402 5533 ἡμῖν
443 5460 535 5514 διά
566 5460 667 5528 τῆς
698 5456 992 5511 ἀκολούθου
1026 5454 1304 5524 ζητήσεως
1330 5452 1421 5504 ὲπί
1459 5468 1604 5515 τινος
1644 5450 1831 5520 βεϐαία

1963 5465 2064 5521 per
2098 5456 2527 5517 consequentern
2557 5451 2612 5498 et
2632 5450 3058 5497 consentaneam
3090 5443 3449 5513 quaestionem
3479 5456 3545 5495 ac

247 5531 541 5625 νοήματος
584 5553 618 5620 ἡ
653 5550 785 5620 περὶ
815 5547 982 5601 αὐτοῦ
1035 5543 1303 5616 ίδρυνθείη
1345 5543 1571 5598 διάνοια.
1618 5540 1760 5610 Ἐγὼ
1804 5543 1831 5595 δ

1966 5540 2394 5610 disputationem
2423 5535 2583 5590 nobis
2606 5534 2661 5588 in
2685 5533 2863 5603 aliqua
2886 5533 3042 5588 ﬁrma
3061 5533 3319 5603 Opinione
3348 5532 3414 5587 de
3446 5531 3547 5585 hac

247 5645 409 5717 πρὸς
437 5644 498 5698 τὸ
520 5641 895 5712 δυσθεώρητον
923 5639 1018 5694 τοῦ
1052 5636 1405 5709 προτεθέντος
1433 5636 1563 5705 ήμῖν
1609 5633 1831 5703 σκέμμα

1969 5649 2028 5689 re
2049 5648 2201 5687 mens
2223 5637 2575 5686 statueretur.
2603 5626 2715 5698 Ego
2728 5641 2856 5682 vero
2884 5626 3326 5681 animadvertens
3346 5633 3550 5694 quanta

245 5713 352 5801 τος
396 5736 635 5808 βλέπων,
681 5731 941 5805 ἁρμόζειν
990 5733 1090 5801 μὲν
1142 5725 1293 5800 οἶμαι
1331 5728 1423 5784 καὶ
1445 5727 1545 5799 τὴν
1576 5726 1671 5781 τοῦ
1704 5728 1831 5780 Ἀπο

1971 5722 2260 5781 dillicultas
2287 5739 2350 5780 ac
2383 5721 2718 5793 perplexitas
2758 5719 2891 5779 insit
2948 5720 3003 5776 in
3040 5734 3103 5777 ea
3136 5733 3258 5788 quae
3295 5716 3451 5773 nobis
3481 5713 3549 5769 ad

504 5832 783 5892 PATBOL.
822 5828 938 5889 Gn.
981 5824 1199 5889 XLVI.

3155 5815 3195 5878 ϐ
