3950 6132
411 344 507 402 Hi

1638 325 1697 381 s.
1737 317 2064 399 casconu
2102 314 2395 372 NYSSENI

3558 295 3665 354 H‘l

407 453 864 514 considerandum
915 456 970 506 et
1017 441 1495 516 contemplandum
1528 439 1807 512 preposita
1828 450 1973 508 quae-

2108 431 2266 486 ’τόλου
2301 427 2482 499 φωνὴν
2529 424 2606 496 τῷ
2642 424 2864 495 παρόντι
2895 420 3057 491 λόγῳ,
3096 420 3162 490 ἦν
3190 416 3283 470 ἐπὶ
3334 412 3443 469 τῶν
3490 411 3664 484 ἀνεφ-

409 549 517 604 stio
544 554 649 609 est,
685 542 974 599 convenire
1023 537 1243 609 quidem
1274 535 1471 607 opinor
1528 533 1696 589 etiam
1723 528 1979 601 praesenti
2013 594 2027 603 _

409 635 856 696 commentationi
900 631 1256 703 apostolicam
1289 641 1504 692 vocem,
1544 640 1653 696 qua
1701 623 1792 678 ille
1845 635 1982 676 usus

411 733 571 787 estin
600 728 788 783 arduis
819 732 876 781 et
907 723 1107 779 mentis
1144 718 1462 790 cogitationi
1493 713 1791 772 inaccessis
1815 722 1870 768 et
1896 712 1983 767 in-

410 818 996 894 comprehensibilibus
1050 813 1465 886 quaestionibus.
1497 828 1517 862 ι
1573 806 1896 869 Oaltitudo,
1960 824 1978 857 ι

411 916 684 985 inquiens,
721 930 740 963 ι
779 910 1093 965 divitiarum
1148 916 1202 962 et
1243 903 1525 976 sapientiae
1558 909 1613 958 et
1656 897 1988 971 cognitionis

412 1006 503 1062 Dei
533 1008 546 1061 ι
581 1003 753 1071 Quam
788 999 1168 1058 inscrutabilia
1225 996 1430 1068 judicia
1461 995 1600 1065 ejus,
1633 1003 1686 1049 et
1707 991 1988 1063 investiga-

410 1097 550 1153 biles
575 1096 675 1150 viae
709 1093 830 1163 ejus
875 1094 889 1145 !
936 1083 1073 1157 Quis
1125 1089 1270 1145 enim
1311 1085 1566 1158 cognovit
1595 1090 1831 1140 mentem
1882 1080 1989 1137 Do-

413 1191 544 1244 mini
577 1189 641 1242 '?
675 1207 694 1241 ›
722 1184 827 1241 Sed
853 1187 1110 1255 quoniam
1138 1198 1332 1239 rursus
1358 1180 1653 1252 Apostolus
1682 1178 1757 1232 ait
1787 1176 1831 1239 ⁸,
1860 1189 1990 1247 pro-

414 1283 594 1353 prium
646 1279 947 1350 Spiritualis
978 1293 1102 1333 esse
1149 1276 1331 1331 omnia
1393 1274 1652 1334 scrutari,
1701 1269 1985 1339 indagare,

414 1373 703 1443 exquirere
725 1378 781 1425 et
806 1370 1118 1425 examinare
1135 1408 1148 1432 ,
1176 1374 1336 1437 atque
1361 1362 1705 1421 commendat
1720 1376 1815 1416 eos
1844 1360 1990 1430 quia

416 1463 602 1517 divina
641 1460 813 1532 gratia
845 1459 900 1514 in
959 1460 1107 1514 omni
1158 1458 1368 1511 ratione
1398 1454 1660 1524 omnique
1681 1451 1992 1522 cognitione

420 1552 580 1607 ditati
643 1559 795 1614 sunt,
824 1559 970 1605 recte
1033 1565 1117 1603 me
1163 1547 1436 1602 iacturum
1482 1560 1605 1601 esse
1671 1556 1890 1605 censeo,
1922 1541 1990 1602 si,
2031 1573 2040 1580 -

416 1643 597 1715 quoad
627 1643 747 1712 ejus
792 1641 908 1697 ﬁeri
948 1640 1170 1711 poterit,
1218 1637 1627 1708 inquisitionem
1683 1642 1737 1690 et
1771 1632 1993 1687 investi-

419 1736 688 1806 gationem
742 1748 851 1788 non
884 1732 1174 1802 negligam,
1235 1745 1410 1800 neque
1446 1728 1589 1799 quod
1622 1726 1676 1780 in
1714 1727 1798 1780 his
1846 1738 1992 1794 quaa-

2086 525 2246 578 ίκτων
2283 522 2489 583 ἐκεῖνος
2527 515 2818 585 πεποίηται
2850 513 3024 580 λέγων
3041 527 3052 539 ·
3088 529 3106 560 ι
3129 510 3194 564 Ὢ
3239 505 3399 577 βάθος
3431 504 3664 559 πλούτου

2084 616 2179 671 καὶ
2204 613 2395 685 σοφίας
2418 611 2512 665 καὶ
2541 607 2796 678 γνώσεως
2825 604 2960 658 Θεοῦ
2987 607 3001 657 l
3050 602 3138 664 Ὠς
3168 597 3564 670 άνεξερεύνητα
3592 595 3665 649 τὰ

2083 708 2327 781 κρίματα
2355 701 2539 765 αὐτοῦ,
2572 700 2666 755 καὶ
2692 696 3083 767 ἀνεξιχνίαστοι
3107 693 3163 747 αἱ
3191 691 3300 747 ὁδοὶ
3330 687 3529 744 αύτοῦί
3567 685 3669 749 Τίς

2084 778 2192 873 γάρ
2220 800 2361 869 ἔγνω
2403 796 2527 851 νοῦν
2552 792 2794 865 Κυρίου;
2841 809 2859 841 ι
2908 785 3126 857 Ἐπειδὴ
3153 784 3213 839 δὲ
3244 782 3408 837 πάλιν
3435 784 3465 835 ὁ
3506 778 3667 833 Ἀπό-

2087 869 2271 956 στολος
2301 890 2430 944 ἴδιον
2462 886 2557 941 τοῦ
2592 879 2961 953 πνευματικοῦ
2992 894 3123 947 φησι
3166 874 3229 928 τὸ
3259 870 3569 943 ἀνακρίνειν
3596 869 3669 923 τά

2086 979 2285 1042 πάντα,
2321 977 2415 1030 καὶ
2441 973 2761 1043 ἀποδέχεται
2786 969 2913 1029 τοὺς
2943 966 3094 1037 παρὰ
3120 963 3218 1034 τῆς
3260 961 3413 1024 θείας
3442 961 3673 1031 χάριτος

2088 1070 2506 1130 πλουτισθέντας
2538 1067 2596 1120 ὲν
2625 1061 2787 1117 παντὶ¹
2823 1059 2966 1147 λόγῳ
2991 1057 3087 1110 καὶ
3114 1054 3262 1125 πάσῃ
3287 1051 3486 1122 γνώσει
3504 1066 3518 1081 ⁸
3560 1066 3669 1104 κα-

2087 1164 2195 1228 λῶς
2240 1163 2382 1233 ἔχειν
2428 1161 2569 1230 φημὶ
2605 1154 2679 1227 μὴ
2711 1143 3149 1221 κατολιγωρῆσαι
3182 1146 3282 1214 τῆς
3313 1145 3542 1215 δυνατῆς
3581 1143 3671 1208 ἐξ-

2090 1257 2345 1319 ετάσεως,
2402 1251 2536 1323 μηδὲ
2582 1245 2842 1319 περιιδεῖν
2868 1243 2928 1296 τὸ
2973 1239 3302 1311 ζητούμενον
3350 1238 3406 1291 ὲν
3461 1234 3673 1297 τούτοις

2089 1344 2443 1419 ἀνερεύνητόν
2500 1359 2557 1395 τε
2610 1339 2703 1394 καὶ
2768 1333 3110 1406 ἀθεώρητον,
3168 1330 3244 1393 ὼς
3291 1330 3357 1382 ἂν
3412 1327 3486 1398 μὴ

2090 1418 2382 1508 ὁμοιότητα
2425 1433 2523 1502 τῆς
2568 1428 2662 1483 τοῦ
2709 1424 3093 1498 προϐλήματος
3136 1420 3466 1483 ὑποθέσεως,
3500 1418 3595 1472 καὶ
3641 1418 3674 1469 ό

2094 1527 2221 1600 περὶ
2267 1522 2429 1578 αὑτοῦ
2477 1521 2631 1589 λόγος
2662 1517 2858 1588 ἀτελὴς
2888 1513 3234 1584 ἀφανισθείη,
3275 1512 3307 1581 ἢ
3345 1513 3440 1565 καὶ
3469 1511 3670 1582 ἄωρος,

2092 1616 2345 1687 καθάπερ
2386 1632 2438 1668 τι
2478 1615 2668 1683 νήπιον
2721 1609 2832 1663 τῶν
2888 1607 3189 1678 ἀρτιτόκων
3236 1606 3366 1676 πρὶν
3419 1605 3500 1666 είς
3552 1601 3677 1671 φῶς

2097 1710 2377 1783 προελθεῖν
2420 1707 2515 1761 καὶ
2547 1702 2895 1775 ἀδρυνθῆναι,
2924 1693 3035 1753 οἷόν
3061 1713 3166 1752 τινι
3214 1696 3428 1767 θανάτῳ
3461 1697 3527 1766 τῇ
3571 1697 3677 1764 ῥᾳ-

422 1787 579 1889 :itur,
614 1824 689 1878 ita
721 1823 1014 1892 despiciam
1034 1787 1206 1892 atque
1231 1787 1596 1883 contemnam,
1624 1825 1681 1870 ut
1710 1816 1763 1871 id
1786 1816 1995 1885 absque

2108 1803 2265 1873 ὶυμίᾳ
2297 1799 2405 1854 τῶν
2436 1797 2572 1868 πρὸς
2600 1795 2697 1866 τὴν
2731 1793 2956 1865 ζήτησιν
2984 1791 3082 1860 τῆς
3124 1788 3381 1860 ἀληθείας
3424 1787 3677 1839 ἀτονοῦν-

421 1918 755 1973 scrutatione
815 1925 978 1985 atque
1047 1912 1503 1982 contemplatione
1555 1908 1990 1981 praetermittam;

421 2024 491 2064 ne
521 2008 587 2063 ad
631 2006 1040 2063 similitudinem
1076 2004 1377 2075 argumenti
1422 2001 1713 2073 propositae
1743 2000 1996 2070 quaestio-

423 2099 532 2161 nis,
568 2099 744 2152 oratio
769 2112 987 2167 quoque
1025 2095 1092 2150 de
1118 2109 1180 2151 ea
1210 2110 1270 2150 re
1313 2092 1628 2161 imperfecta
1683 2101 1994 2163 evanescat,

423 2191 507 2245 vel
537 2190 701 2245 etiam
730 2197 854 2244 ante
907 2197 1120 2258 tempus
1154 2187 1321 2242 veluti
1366 2185 1548 2241 infans
1580 2185 1780 2255 aliquis
1835 2183 2000 2237 modo

427 2290 608 2344 natus,
672 2281 989 2350 priusquam
1042 2280 1097 2333 in
1133 2280 1305 2333 lucem
1361 2277 1587 2348 prodeat
1628 2288 1681 2333 et
1718 2287 1996 2349 augescat,

423 2380 682 2441 tanquam
742 2380 915 2425 morte
971 2370 1227 2440 quadam,
1291 2371 1346 2425 in
1391 2371 1694 2440 qua-.stionc
1754 2371 2000 2426 veritatis

425 2462 795 2516 deﬁcientium
838 2463 1051 2532 ignavia
1103 2460 1268 2532 atque
1323 2462 1575 2517 socordia
1630 2463 1862 2516 intereat
1915 2469 1998 2513 at-

425 2568 532 2622 que
560 2560 962 2621 corrumpatur.
995 2550 1144 2604 Haud
1179 2551 1344 2621 igitur
1372 2539 1778 2605 incommodum
1808 2550 2000 2605 existi—

427 2659 536 2703 mo,
570 2658 676 2696 non
727 2643 913 2697 statim
948 2658 979 2695 a
1038 2641 1186 2697 fonte
1247 2648 1302 2696 et
1355 2641 1513 2695 initio
1542 2656 1693 2696 more
1720 2648 2001 2696 oratorum

429 2734 483 2786 in
511 2733 739 2801 judiciis
773 2733 1168 2787 decertantium
1199 2748 1322 2786 cum
1355 2732 1791 2802 oppositionibus
1821 2731 2002 2801 imp‘li-

429 2824 543 2877 cari
576 2833 739 2893 atque
769 2821 1081 2892 conﬂigere,
1097 2823 1191 2877 sed
1227 2824 1461 2892 quodam
1484 2823 1715 2877 orationi
1751 2822 2006 2892 imposito

429 2915 643 2980 ordine,
681 2930 776 2984 per
829 2914 1274 2984 consequentiam
1339 2916 1631 2984 propositae
1687 2915 2007 2985 quaestionis

430 3005 734 3077 producere
759 3002 1292 3059 commentationem.
1318 3002 1579 3069 Quisnam
1612 3005 1777 3076 igitur
1801 3012 1886 3059 est
1920 3005 2007 3060 ille

2096 1911 2204 1947 των
2255 1889 2716 1965 διαφθειρόμενος.
2762 1883 2908 1955 Φημὶ
2957 1880 3137 1935 τοίνυν
3184 1878 3366 1941 καλῶς
3405 1877 3549 1947 ἔχειν
3600 1876 3679 1948 μὴ

2099 1980 2403 2056 ῥητορικῶς
2449 1996 2507 2032 τε
2556 1972 2652 2033 καὶ
2686 1971 3060 2045 ἀγωνιστικῶς
3109 1969 3272 2033 εὐθὺς
3318 1968 3459 2022 κατὰ
3500 1967 3680 2037 στόμα

2100 2078 2236 2150 πρὸς
2293 2073 2590 2137 ἀντιθέσεις
2651 2067 3091 2139 συμπλέκεσθαι,
3146 2063 3285 2118 ἀλλά
3343 2079 3461 2116 τινα
3521 2059 3681 2123 τάξιν

2099 2166 2386 2229 ἐπιθέντας
2413 2163 2490 2235 τῷ
2525 2163 2689 2232 λόγῳ,
2716 2161 2782 2214 δι’
2813 2155 3106 2212 ἀκολούθου
3135 2152 3397 2224 προάγειν
3423 2151 3522 2224 τὴν
3546 2168 3615 2204 πε
3625 2150 3682 2220 ρ⁸ι

2101 2256 2192 2310 τοῦ
2240 2254 2623 2325 προϐλήματος
2676 2248 2930 2320 θεωρίαν.
2984 2236 3081 2309 Τίς
3131 2240 3224 2298 οὖν
3276 2246 3309 2315 ἠ
3363 2242 3549 2308 τάξις;
3603 2242 3687 2295 Τὸ

2102 2347 2303 2417 γνῶναι
2349 2343 2563 2416 πρῶτον
2604 2341 2726 2395 ὅθεν
2772 2342 2806 2411 ή
2852 2337 3165 2410 ἀνθρωπίνη
3206 2335 3384 2404 φύσις,
3422 2338 3516 2388 καὶ
3553 2335 3684 2387 ὅτου

2104 2441 2261 2511 χάριν
2292 2434 2454 2509 ἦλθεν
2481 2437 2562 2498 είς
2591 2433 2821 2502 γένεσιν.
2855 2432 2917 2483 Ei
2950 2426 3058 2501 γὰρ
3095 2426 3298 2481 τούτων
3333 2427 3405 2499 μὴ
3443 2426 3683 2498 διαμάρο

2103 2547 2309 2601 τοιμεν,
2352 2527 2472 2581 οὐδὲ
2507 2525 2604 2595 τῆς
2645 2522 3012 2594 προκειμένης
3058 2521 3190 2590 ἡμῖν
3236 2519 3469 2589 θεωρίας
3495 2521 3684 2589 ἡμαρ-

2104 2622 2328 2693 τηκότες
2375 2617 2630 2686 ἐσόμεθα.
2661 2616 2734 2668 Τὸ
2774 2615 2869 2684 μὲν
2901 2608 2994 2665 οὖν
3026 2612 3089 2664 ὲκ
3114 2610 3248 2664 Θεοῦ
3278 2611 3385 2663 πᾶν
3415 2610 3443 2663 ὅ
3482 2608 3534 2662 τί
3573 2610 3687 2680 πέρ

2107 2715 2219 2766 ἐστι
2256 2709 2372 2782 μετ’
2405 2709 2564 2760 αὑτὸν
2594 2709 2651 2759 ἐν
2682 2709 2790 2768 τοῖς
2825 2700 2976 2758 οὖσιν
3009 2705 3067 2757 ὲν
3094 2705 3161 2775 τῇ
3196 2701 3351 2771 φύσει
3392 2701 3690 2772 νοούμενόν

2105 2821 2165 2857 τε
2211 2802 2307 2855 καὶ
2357 2799 2630 2871 δρώμενον
2684 2797 2745 2850 τὸ
2777 2794 2916 2848 εἶναι
2967 2795 3130 2865 ἔχειν,
3181 2793 3434 2865 περιττὸν
3476 2791 3543 2845 ἂν
3593 2790 3686 2864 εἴη

2106 2896 2249 2965 λόγῳ
2277 2889 2802 2954 κατασκευάζεσθαι,
2833 2882 3067 2966 οῦδενὸς,
3098 2882 3270 2956 οἶμαι,
3301 2884 3410 2939 τῶν
3435 2884 3689 2938 ὁπωσοῦν

2109 2983 2535 3055 ὲπεσκεμμένων
2583 2979 2683 3052 τὴν
2732 2978 2840 3045 τῶν
2876 2979 3044 3032 όντων
3095 2978 3354 3048 ἀλήθειαν
3403 2975 3541 3047 πρὸς
3584 2974 3691 3045 τὴν

431 3097 569 3152 ordo
587 3097 611 3150 ?
630 3095 805 3151 Nosse
829 3096 1064 3165 primum
1089 3094 1235 3149 unde
1263 3103 1456 3149 natura
1485 3096 1742 3157 humana,
1775 3105 1829 3150 et
1848 3094 2007 3165 cujus

2110 3076 2364 3147 τοιαύτην
2412 3072 2676 3143 ὑπόληψιν
2719 3068 3086 3141 ἐνισταμένου.
3152 3067 3519 3138 Ὀμολογετται
3576 3066 3692 3136 γὰρ

432 3189 510 3246 rei
547 3190 724 3259 gratia
758 3194 1047 3258 procreata
1098 3187 1189 3243 sit.
1222 3185 1279 3241 Si
1310 3187 1456 3241 enim
1488 3187 1602 3241 haec
1649 3202 1750 3242 nos
1789 3203 1895 3241 non
1927 3184 2009 3240 fu-

432 3280 634 3351 gerint,
658 3294 759 3334 nec
785 3294 814 3332 a
832 3277 1109 3348 proposita
1127 3279 1348 3348 quidem
1371 3279 1531 3334 nobis
1552 3279 2012 3333 commentatione

434 3368 892 3425 aberraverimus.
925 3366 1044 3425 Jam
1080 3382 1208 3422 vero
1269 3383 1664 3438 supervacuum
1699 3367 1861 3423 fuerit
1891 3382 2012 3422 ora-

434 3463 581 3516 tione
611 3460 862 3531 probare,
911 3459 1057 3529 quod
1093 3459 1357 3530 quidquid
1405 3459 1706 3513 secundum
1738 3459 1906 3514 Deum
1957 3459 2013 3514 in

434 3567 617 3607 rerum
648 3559 867 3615 natura,
901 3559 1014 3605 tum
1073 3558 1255 3606 mente
1286 3551 1606 3621 percipitur,
1638 3559 1749 3605 tum
1777 3550 2012 3618 videtur,

432 3657 498 3697 ex
525 3641 645 3712 ipso
680 3640 791 3696 Deo
817 3641 1114 3696 essentiam
1151 3639 1347 3695 habeat
1382 3658 1395 3693 :
1425 3654 1549 3695 cum
1581 3654 1764 3708 nemo,
1795 3639 2015 3710 opinor.

432 3746 623 3787 eorum
655 3731 749 3802 qui
784 3730 1064 3799 utcunque
1111 3744 1297 3785 rerum
1326 3729 1612 3785 veritatem
1660 3726 2015 3796 contemplati

437 3823 664 3887 fuerint,
723 3821 1036 3890 hujusmodi
1097 3820 1409 3889 opinionem
1457 3829 1873 3890 Oppugnaturus
1923 3821 2015 3875 sit.

435 3912 664 3967 Constat
701 3911 844 3965 enim
880 3909 1021 3963 inter
1064 3923 1258 3963 omnes
1318 3925 1382 3963 ex
1435 3924 1539 3963 una
1588 3924 1753 3965 causa
1784 3910 2020 3980 pendere

436 4018 528 4059 res
560 4003 873 4064 universas,
906 4001 1220 4070 nullamque
1251 4014 1363 4054 rem
1387 4001 1559 4069 ipsam
1596 4016 1660 4055 ex
1693 4015 1813 4056 sese
1828 4015 2019 4056 essen-

439 4096 571 4149 tiam
627 4092 846 4157 habere,
880 4108 1056 4161 neque
1108 4089 1192 4146 sui
1224 4089 1400 4160 ipsius
1435 4092 1761 4162 principium
1796 4100 1851 4146 et
1896 4106 2021 4146 cau-

439 4200 556 4241 sam
582 4199 737 4248 esse,
786 4183 881 4239 scd
912 4199 1074 4237 unam
1121 4183 1340 4252 quidem
1409 4198 1533 4238 esse
1595 4192 1842 4237 naturam
1911 4199 2018 4238 non

441 4283 680 4333 creatam
754 4283 809 4330 et
881 4262 1296 4345 sempiternam,
1347 4289 1470 4343 quae
1503 4289 1719 4344 semper
1771 4275 2020 4328 similiter

442 4376 498 4423 et
530 4366 721 4431 eodem
757 4364 919 4420 modo
974 4380 1096 4419 sese
1121 4364 1342 4427 habeat,
1384 4365 1531 4418 omni
1568 4364 1903 4418 intervallari
1936 4365 2023 4419 in-

2112 3168 2263 3239 παρὰ
2306 3166 2544 3228 πάντων,
2599 3163 2727 3234 μιᾶς
2760 3159 2937 3224 αἰτίας
2966 3157 3192 3229 ὲξῆφθαι
3223 3158 3284 3210 τὸ
3314 3159 3443 3222 πᾶν,
3473 3157 3565 3209 καὶ
3598 3156 3694 3208 οὺ-

2111 3259 2200 3312 δὲν
2230 3256 2335 3311 τῶν
2360 3256 2526 3309 ὄντων
2559 3252 2724 3307 αὐτοῦ
2753 3251 2814 3317 ἐξ
2844 3250 3036 3305 ἑαυτοῦ
3080 3250 3143 3303 τὸ
3191 3244 3331 3303 εἶναι
3359 3248 3523 3320 ἔχειν,
3565 3247 3695 3302 οὐδὲ

2114 3348 2305 3402 ἑαυτοῦ
2335 3344 2473 3400 εἶναι
2514 3346 2689 3417 ἀρχὴν
2714 3346 2808 3399 καὶ⁵
2850 3342 3046 3406 αἰτίαν,
3080 3341 3216 3396 ἀλλὰ
3243 3341 3371 3412 μίαν
3400 3341 3499 3411 μὲν
3527 3340 3693 3409 φύσιν

2115 3436 2253 3493 εἶναι
2295 3439 2544 3493 ἄκτιστον
2599 3438 2690 3491 καὶ
2738 3433 2924 3497 ἀΐδιον,
2956 3433 3043 3487 ἀεὶ
3097 3431 3238 3488 κατὰ
3289 3432 3357 3485 τά
3411 3430 3549 3485 αὐτὰ
3596 3431 3696 3483 καὶ

2114 3530 2373 3593 ὡσαύτως
2404 3529 2652 3599 ἔχουσαν,
2703 3526 2902 3590 παντὸς
2943 3521 3373 3596 διαστηματικοῦ
3422 3523 3694 3593 νοήματος

2120 3621 2538 3694 ὑπερκειμένην,
2584 3618 2789 3689 ἀναυξῆ
2818 3636 2938 3671 τινα
2980 3617 3074 3671 καὶ
3104 3615 3389 3686 ἀμείωτον,
3420 3615 3516 3668 καὶ
3551 3632 3697 3666 παν-

2118 3716 2209 3780 τὸς
2239 3716 2365 3786 ὅρου
2395 3713 2647 3766 ἐπέκεινα
2681 3709 3089 3782 θεωρουμένην·
3129 3703 3198 3780 ἦς
3229 3708 3410 3779 ἔργον,
3447 3706 3541 3760 καὶ⁵
3569 3707 3702 3777 χρό-

2119 3823 2228 3870 νος,
2263 3805 2358 3858 καὶ
2389 3805 2569 3867 τόπος,
2602 3804 2695 3857 καὶ
2722 3801 2791 3854 τὰ
2834 3801 2925 3854 ἐπὶ
2957 3800 3167 3863 τούτοις
3196 3799 3389 3863 πάντα,
3440 3799 3535 3851 καί⁸
3560 3799 3615 3851 εί
3640 3814 3700 3851 τι

2123 3899 2226 3970 πρὸ
2273 3897 2474 3952 τούτων
2508 3893 2911 3963 καταλαμϐάνει
2956 3894 2989 3963 ἡ
3032 3891 3206 3946 ἔννοια
3251 3891 3439 3963 νοητόν
3491 3908 3549 3942 τε
3600 3890 3700 3943 καὶ

2123 3990 2508 4063 ὑπερκόσμιον.
2552 3988 2646 4041 Ἓν
2672 3988 2729 4041 δὲ
2770 3987 2877 4039 τῶν
2905 3984 3205 4052 γεγονότων
3239 3984 3332 4037 καὶ
3362 3981 3458 4054 τὴν
3486 3981 3702 4052 ἀνθρωο

2123 4087 2284 4154 πίνην
2314 4082 2472 4150 φύσιν
2497 4074 2635 4133 εἷναί
2664 4096 2867 4149 φαμεν,
2895 4077 3037 4147 λόγῳ
3067 4078 3173 4131 τινὶ
3198 4077 3297 4147 τῆς
3336 4075 3698 4129 θεοπνεύστου

2121 4175 2465 4238 διδασκαλίας
2486 4171 2663 4243 ὁδηγῷ
2692 4172 2825 4245 πρὸς
2854 4169 3010 4223 τοῦτο
3042 4169 3450 4241 συγχρώμενοι·
3480 4169 3540 4231 ὃς
3561 4185 3699 4237 φησι

2124 4269 2341 4322 πάντων
2365 4266 2514 4333 παρὰ
2538 4264 2632 4317 τοῦ
2656 4262 2789 4317 Θεοῦ
2818 4261 3208 4335 παραχθέντων
3236 4262 3317 4323 είς
3341 4259 3575 4328 γένεσιν,
3604 4258 3703 4311 καὶ

2123 4360 2212 4412 τὸν
2244 4357 2525 4429 ἄνθρωπον
2556 4356 2649 4408 ἐπὶ
2681 4355 2777 4425 τῆς
2821 4355 2925 4424 γῆς
2978 4350 3377 4423 ἀναδειχθῆναι,
3412 4350 3468 4417 ἐξ
3512 4352 3702 4420 ἑτερο-

444 4457 665 4513 tellectu
719 4454 990 4523 superior,
1042 4451 1363 4506 incrementi
1409 4450 1896 4520 diminutionisque
1924 4466 2007 4505 er-

2124 4451 2297 4520 γενῶν
2348 4447 2790 4519 συγκεκραμένον
2837 4447 2936 4516 τὴν
2971 4444 3151 4513 φύσιν,
3185 4442 3466 4514 τῆςθείας
3513 4460 3571 4496 τε
3604 4444 3704 4497 καὶ

445 4562 595 4619 pers,
623 4559 744 4614 quae
771 4544 911 4598 ultra
938 4557 1152 4597 onmem
1188 4541 1478 4595 terminum
1499 4555 1623 4596 esse
1651 4541 2023 4612 conspiciatur

445 4647 502 4693 et
547 4636 882 4706 intelligatur
916 4653 929 4688 :
963 4634 1122 4703 cujus
1166 4649 1305 4704 opus
1339 4633 1411 4689 sit
1442 4644 1494 4688 et
1522 4640 1733 4702 tempus
1777 4642 1833 4687 et
1871 4634 2022 4690 locus

446 4738 503 4787 et
542 4729 629 4786 his
660 4726 1050 4797 consequentia
1079 4726 1285 4791 omnia,
1332 4740 1396 4780 ac
1422 4726 1466 4781 si
1498 4725 1629 4795 quid
1650 4733 1776 4780 ante
1793 4725 1907 4781 hare
1928 4741 2023 4781 co-

447 4822 638 4892 gitatio
676 4800 1109 4890 comprehendit,
1143 4824 1257 4871 tum
1305 4817 1419 4873 sola
1456 4824 1637 4872 mente
1662 4818 2022 4888 comprehen-

446 4912 625 4975 sibile,
659 4920 774 4966 tum
819 4907 1343 4980 supramundanum.
1402 4906 1577 4963 Unum
1627 4920 1808 4964 autem
1855 4923 1919 4964 ex
1955 4910 2022 4966 iis

444 5019 566 5075 qua:
617 5002 761 5058 facta
794 5010 943 5067 sunt,
981 5009 1233 5070 naturam
1290 5015 1510 5071 quoque
1553 5001 1847 5056 humanam
1896 5017 2019 5057 esse

443 5096 702 5163 dicimus,
759 5095 1009 5149 oratione
1056 5093 1294 5163 quadam
1353 5093 1551 5149 divinae
1579 5093 1842 5150 doctrinae
1881 5092 2022 5148 duce

445 5189 639 5244 adhoc
660 5195 875 5244 utentes
900 5207 911 5242 :
940 5201 1061 5257 qua:
1089 5187 1185 5253 ait,
1209 5186 1465 5242 omnibus
1494 5201 1525 5241 a
1563 5186 1670 5243 Deo
1693 5186 1759 5241 ad
1788 5201 2020 5257 genera-

447 5283 650 5336 tionem
694 5279 1002 5350 productis,
1054 5279 1330 5335 hominem
1359 5295 1577 5349 quoque
1619 5293 1786 5350 super
1816 5286 2020 5333 terram

445 5379 691 5427 creatum
731 5384 874 5430 esse.
899 5368 1059 5439 cujus
1082 5379 1280 5424 natura
1302 5384 1366 5424 ex
1383 5369 1582 5427 diversi
1603 5370 1820 5441 generis
1853 5369 2020 5424 rebus

446 5468 852 5528 contemperata
882 5459 974 5525 sit,
1016 5458 1196 5515 divina
1228 5460 1693 5531 intellectualique
1721 5466 1916 5514 natura
1949 5458 2020 5515 ad

446 5565 564 5608 eam
608 5565 729 5622 qum
757 5551 1024 5623 cujusque
1051 5552 1302 5621 elementi
1341 5553 1392 5608 ei
1420 5552 1731 5628 contributa
1760 5560 1863 5618 est,
1895 5565 2022 5632 por-

522 5724 978 5795 ‘Rom.n,55.
1052 5737 1076 5760 ⁵
1113 5729 1529 5796 iCor.n,‘lO.

2123 4547 2315 4616 νοερᾶς
2342 4543 2548 4606 οὐσίας,
2568 4540 2703 4612 πρὸς
2728 4539 2825 4611 τὴν
2859 4540 3086 4592 ἑκάστου
3110 4537 3217 4591 τῶν
3253 4536 3529 4606 στοιχείων
3550 4536 3704 4605 αὐτῷ

2125 4637 2596 4708 συνερανισθεῖσαν
2628 4635 2821 4703 μοῖραν
2860 4628 3289 4699 καταμιχθείσης
3309 4644 3321 4657 ο
3360 4626 3612 4695 γενέσθαι
3643 4627 3705 4680 δὲ

2122 4729 2310 4783 τοῦτον
2359 4726 2509 4798 παρὰ
2551 4724 2644 4778 τοῦ
2692 4721 3088 4792 πεποιηκότος,
3135 4720 3220 4788 ἐφ’
3272 4712 3376 4785 ᾧτε
3428 4715 3564 4771 εἶναι
3603 4719 3705 4787 τῆς

2123 4820 2270 4884 θείας
2314 4835 2377 4872 τε
2428 4817 2523 4872 καὶ⁵
2567 4812 2968 4887 ὑπερκειμένης
3024 4810 3305 4880 δυνάμεως
3347 4808 3597 4880 ἔμψυχόν
3647 4823 3705 4860 τι

2122 4912 2388 4983 ὁμοίωμα.
2435 4909 2651 4962 Βέλτιον
2697 4907 2741 4960 δ’
2790 4905 2857 4959 ἂν
2905 4905 2989 4976 εἴη
3026 4903 3124 4973 ,καὶ
3162 4902 3332 4973 αὐτὴν
3361 4896 3704 4965 παραθέσθαι

2121 5001 2220 5072 τὴν
2263 4998 2407 5066 λέξιν
2435 4999 2662 5070 ἔχουσαν
2702 4993 2911 5057 οὕτως·
2948 5012 2967 5045 ι
3016 4994 3125 5046 Καὶ
3172 4989 3417 5059 ἐποίησε,
3459 5007 3478 5040 ι
3514 4988 3702 5057 φησιν,

2129 5111 2148 5143 ι
2184 5093 2213 5144 ό
2248 5090 2379 5156 Θεδς
2421 5090 2513 5144 τὸν
2559 5087 2844 5160 ἄνθρωπον
2868 5102 2883 5117 ο
2927 5086 3046 5139 κατ’
3073 5082 3254 5138 είκόνα
3279 5080 3413 5135 Θεοῦ
3446 5080 3708 5149 ἐποίησεν

2125 5186 2306 5240 αὐτόν.
2346 5203 2365 5236 ι
2400 5185 2511 5255 Τὴν
2551 5183 2609 5236 δὲ
2645 5181 2823 5235 αἰτίαν
2865 5180 2965 5250 τῆς
2996 5177 3090 5232 τοῦ
3133 5175 3273 5241 ζὼου
3306 5174 3495 5255 τούτου
3540 5189 3708 5227 κατα-

2128 5279 2346 5348 σκευῆς,
2379 5276 2488 5330 τῶν
2518 5275 2624 5347 πρὸ
2670 5273 2826 5344 ἡμῶν
2853 5289 2997 5336 τινες
3030 5270 3235 5341 ταύτην
3276 5254 3703 5323 ἀποδεδῶκασιν.

2125 5370 2208 5424 ὅτι
2251 5368 2374 5438 διχῆ
2425 5367 2757 5438 διῃρημένης
2806 5363 2907 5434 τῆς
2959 5363 3191 5426 κτίσεως
3251 5358 3464 5427 πάσης,
3522 5356 3708 5420 καθὼς

2128 5447 2290 5535 φησιν
2311 5463 2341 5514 ό
2372 5458 2713 5523 ’Δπόστολος,
2748 5461 2828 5521 είς
2854 5457 2917 5512 τὸ
2956 5455 3149 5528 ὁρατόν
3190 5471 3251 5506 τε
3294 5450 3389 5505 καὶ
3437 5449 3705 5520 ἀόρατονο

2129 5551 2449 5624 σημαίνεται
2463 5549 2551 5604 διὰ
2577 5553 2674 5622 μὲν
2698 5548 2789 5604 τοῦ
2804 5547 3035 5621 ἀοράτου
3047 5588 3059 5612 ,
3073 5554 3138 5600 το
3153 5543 3341 5616 νοητὸν
3364 5541 3459 5596 καὶ
3474 5538 3706 5611 ἀσώμα-
