3950 6132
305 310 404 367 175
1071 302 1156 356 DE
1193 298 1602 357 INFANTIBUS
1638 298 1758 364 QUI
1793 295 2243 365 PR/EMATURE
2275 294 2766 352 ABRIPIUNTUR.
3446 296 3541 352 174

303 424 510 481 τονοδιὰ
537 423 595 476 δὲ
622 423 714 474 τοῦ
743 419 1021 492 ὁρατοῦ,τὸ
1042 419 1298 489 αἰσθητόν
1323 435 1380 469 τε
1415 417 1506 470 καὶ
1538 414 1883 486 σωματῶδες.

1996 417 2190 468 tionem
2248 409 2480 464 admista
2516 429 2528 463 :
2565 411 2709 464 hunc
2744 419 2921 463 autem
2973 409 3175 464 idcirco
3204 409 3401 463 factum
3429 426 3552 467 esse

303 538 330 575 a
357 521 644 581 Creatore,
695 525 752 570 ut
795 526 946 571 esset
994 515 1194 570 divina:
1227 523 1389 584 atque
1431 529 1646 584 superae
1680 514 1901 568 \‘trtutis
1934 512 2235 566 animatum
2265 505 2537 575 quoddam
2585 505 2959 559 simulacrum.
2987 502 3342 559 Commodius
3369 513 3548 558 autem

301 614 464 668 fuerit
491 613 654 668 etiam
682 612 858 680 ipsam
883 612 936 664 in
967 611 1203 665 medium
1231 610 1426 665 allerre
1445 610 1760 675 dictionem,
1797 624 1919 680 quae
1948 607 2075 661 talis
2104 611 2190 658 est
2223 622 2236 657 :
2268 620 2286 652 ι
2323 601 2386 655 Et
2415 599 2562 665 fecit.
2606 619 2625 652 ³
2664 600 2863 669 inquit.
2906 619 2923 651 ί
2960 599 3100 654 Deus
3137 602 3432 666 hominem.
3467 615 3553 655 59‘

299 706 540 762 cundum
573 704 866 774 imaginem
897 702 989 757 Dei
1023 703 1150 757 fecit
1172 717 1295 756 eum
1330 703 1371 756 ⁵.
1409 722 1426 754 ι
1467 701 1640 756 Porro
1662 715 1883 756 causam
1925 696 2219 754 creationis
2257 694 2418 762 hujus
2454 691 2727 758 animalis,
2767 692 2984 760 quidam
3030 707 3216 746 eorum
3267 693 3360 761 qui
3424 700 3552 745 ante

301 813 402 852 nos
436 796 677 858 fuerunt,
713 795 855 848 hanc
882 794 1259 857 reddiderunt,
1294 795 1440 864 quod
1474 809 1597 849 cum
1639 793 1892 849 bifariam
1956 790 2131 845 divisa
2183 787 2254 843 sit
2301 785 2480 839 omnis
2534 791 2806 844 creatura,
2858 784 3312 853 quemadmodum
3377 785 3552 856 inquit

299 888 624 958 Apostolus.
657 888 711 940 in
746 886 961 942 visibile
987 887 1200 942 scilicet
1224 897 1277 942 et
1322 889 1597 943 invisibile
1631 904 1643 938 :
1683 902 1780 957 per
1803 883 2080 940 invisibile
2127 881 2368 952 quidem,
2403 878 2456 932 id
2532 877 2675 947 quod
2746 884 2924 931 mente
2949 878 3151 947 percipi
3228 886 3423 949 potest,
3495 885 3552 931 et

304 983 692 1049 incorporeum
715 995 730 1044 ;
764 993 860 1047 per
883 979 1097 1034 visibile
1126 987 1306 1035 autem
1333 980 1594 1035 sensibile
1619 987 1673 1034 et
1701 993 2025 1048 corporeum
2067 974 2426 1044 significatur.
3066 995 3068 997 ’

364 1076 462 1138 Είς
489 1074 582 1128 δύο
609 1075 787 1127 τοίνυν
814 1073 982 1128 ταῦτα
1009 1075 1353 1147 διῃρημένων
1396 1077 1616 1131 πάντων
1649 1078 1755 1130 τῶν
1784 1077 1873 1131 ὅν-

297 1182 422 1224 των,
452 1165 533 1226 εἷς
555 1181 616 1216 τε
642 1163 702 1216 τὸ
731 1163 1003 1233 αἰσθητὸν,
1025 1165 1186 1233 λέγω,
1217 1166 1310 1218 καὶ
1334 1168 1412 1229 είς
1436 1171 1497 1220 τὸ
1523 1169 1638 1221 κατ’
1669 1167 1876 1221 ἔννοιαν

296 1255 701 1324 θεωρούμενον·
732 1255 826 1307 καὶ
854 1255 952 1324 τῆς
982 1255 1079 1324 μὲν
1109 1256 1403 1328 άγγελικῆς
1434 1275 1493 1310 τε
1524 1259 1617 1312 καὶ
1651 1260 1877 1329 ἀσωμά-

297 1365 388 1398 του
425 1346 660 1415 φύσεως,
692 1347 812 1418 ἥτις
837 1347 943 1400 τῶν
968 1348 1232 1418 ἀοράτων,
1265 1350 1322 1401 ἐν
1349 1353 1459 1413 τοῖς
1486 1351 1876 1424 ὑπερκοσμίοις

297 1456 356 1492 τε
383 1441 480 1492 καὶ
508 1439 916 1511 ύπερουρανίοις
945 1441 1324 1512 διαιτωμένης,
1348 1442 1434 1497 διὰ
1460 1443 1519 1495 τὸ
1547 1443 1878 1514 κατάλληλον

300 1524 440 1581 εἶναι
478 1532 546 1600 τῇ
577 1529 734 1598 φύσει
764 1530 825 1582 τὸ
855 1530 1168 1599 ἐνδιαίτημα
1200 1531 1254 1600 (ἥ
1295 1548 1353 1584 τε
1383 1531 1492 1602 γὰρ
1524 1532 1682 1602 νοερὰ
1721 1531 1880 1599 φύσις

298 1621 471 1691 λεπτή
524 1639 606 1684 τις
639 1623 730 1675 καὶ
769 1622 983 1692 καθαρά
1037 1623 1131 1676 καὶ
1180 1623 1390 1695 ἀϐαρὴς
1437 1625 1530 1677 καὶ
1576 1626 1877 1697 εὐκίνητος,
1914 1660 1956 1714 Β

293 1714 356 1766 τό
405 1730 465 1765 τε
500 1713 746 1784 οὐράνιον
793 1713 952 1782 σῶμα
995 1713 1189 1766 λεπτόν
1215 1731 1273 1767 τε
1305 1715 1398 1767 καὶ
1424 1715 1622 1784 κοῦφον
1655 1716 1748 1769 καὶ
1772 1717 1884 1770 ἀει-

297 1805 545 1873 κίνητον)
571 1822 584 1835 ·
620 1805 714 1874 τῆς
750 1805 806 1857 δὲ
833 1805 954 1874 γῆς,
982 1804 1009 1857 ὃ
1034 1805 1096 1874 δὴ
1113 1805 1221 1858 τῶν
1249 1805 1518 1876 αἰσθητῶν
1545 1809 1690 1860 ἐστιν
1720 1806 1880 1877 ἔσχα-

295 1911 412 1960 τον,
443 1894 660 1955 οἰκείως
690 1911 747 1946 τε
770 1894 863 1946 καὶ
900 1894 1244 1964 καταλλήλως
1270 1895 1406 1964 πρὸς
1429 1897 1526 1967 τὴν
1551 1897 1659 1950 τῶν
1679 1897 1882 1966 νοητῶν

293 1988 352 2038 ἐν
391 1987 536 2056 αὐτῇ
561 1986 834 2056 διαγωγὴν
864 1985 1251 2060 ούκγέχούσης·
1286 1986 1390 2056 (τίς
1427 1988 1534 2060 γὰρ
1566 1988 1630 2042 ἂν
1676 1989 1883 2058 γένοιτο

294 2077 392 2130 τοῦ
433 2077 747 2146 ἀνωφεροῦς
779 2095 838 2130 τε
879 2079 972 2132 καὶ
1021 2076 1224 2146 κούφου
1273 2079 1408 2149 πρὸς
1439 2079 1500 2132 τὸ
1529 2079 1668 2151 βαρύ
1703 2098 1760 2134 τε
1791 2082 1884 2136 καὶ

294 2165 562 2237 ἐμϐριθὲς
600 2167 916 2236 κοινωνία;)
958 2168 1033 2232 ὡς
1073 2167 1138 2222 ἂν
1181 2168 1254 2240 μὴ
1295 2170 1514 2233 τελείως
1556 2173 1780 2243 ἄμοιρός
1823 2191 1884 2228 τε

295 2259 394 2312 καὶ
429 2258 737 2329 άπῦκληρος
767 2261 799 2329 ἡ
833 2259 905 2328 γῆ
934 2259 1034 2329 τῆς
1061 2263 1253 2330 νοερᾶς
1278 2278 1336 2313 τε
1367 2261 1462 2315 καὶ
1489 2264 1778 2333 ἀσωμάτου
1809 2266 1886 2320 δι-

300 2349 536 2418 αγωγῆς
570 2349 676 2419 εἴη,
707 2350 896 2402 τούτου
942 2351 1097 2420 χάριν
1138 2351 1448 2424 προμηθείᾳ
1491 2355 1756 2424 κρείττονι
1789 2355 1885 2427 τὴν

295 2440 653 2510 ἀνθρωπίνην
687 2441 942 2511 συστῆναι
977 2444 1218 2508 γένεσιν,
1251 2445 1317 2512 τῇ
1355 2444 1514 2513 νοερᾷ
1550 2461 1608 2496 τε
1645 2445 1737 2497 καὶ
1769 2443 1889 2516 θείᾳ

293 2534 397 2601 τῆς
436 2533 612 2603 ψυχῆς
639 2532 794 2603 οὐσίᾳ
819 2533 917 2599 τῆς
942 2535 1136 2604 γηῖνης
1165 2534 1358 2606 μοίρας
1404 2534 1882 2604 περιπλασθείσης,

291 2624 372 2688 ὡς
398 2624 469 2676 ἂν
492 2626 560 2693 τῇ
596 2624 730 2694 πρὸς
751 2623 808 2676 τὸ
842 2623 1096 2694 ἐμϐριθές
1108 2641 1166 2676 τε
1183 2626 1270 2678 καὶ
1302 2623 1624 2694 σωματῶδες
1644 2627 1889 2697 συμφυῖᾳ

294 2715 659 2785 καταλλήλως
689 2714 885 2786 ἡψυχὴ
916 2714 992 2785 τῷ
1016 2716 1260 2786 στοιχείῳ
1296 2717 1395 2786 τῆς
1429 2716 1530 2787 γῆς
1563 2716 1884 2786 ἐμϐιοτεύοι,

297 2806 540 2877 ἐχούσης
572 2819 636 2858 ’τι
696 2806 832 2876 πρὸς
873 2805 970 2878 τὴν
1021 2807 1120 2876 τῆς
1157 2807 1355 2876 σαρκὸς
1401 2807 1588 2861 οὐσίαν
1629 2808 1886 2876 συγγενὲς

295 2900 396 2952 καὶ
433 2897 726 2968 ὁμόφυλον.
752 2899 969 2961 Σκοπὸς
1012 2899 1067 2951 δὲ
1095 2898 1203 2952 τῶν
1235 2899 1530 2970 γινομένων
1572 2901 1708 2963 ἐστὶ,
1746 2901 1807 2953 τὸ
1831 2903 1888 2954 ἐν

296 2992 456 3062 πάσῃ
506 2995 574 3061 τῇ
624 2991 795 3044 κτίσει
847 2991 936 3045 διὰ
987 2993 1084 3063 τῆς
1131 2979 1322 3064 νοερᾶς
1369 2994 1583 3063 φύσεως
1647 2995 1747 3065 τὴν
1793 2994 1888 3049 τοῦ
1919 3019 1962 3076 C

296 3083 508 3146 παντὸς
559 3084 960 3155 ὑπερκειμένην
1012 3083 1325 3152 δοξάζεσθαι
1382 3085 1628 3156 δύναμιν,
1672 3087 1780 3141 τῶν
1824 3103 1884 3140 τε

295 3177 646 3247 ἐπουρανίων
677 3178 767 3231 καὶ
817 3176 925 3231 τῶν
951 3177 1271 3248 ἐπιχθονίων
1298 3178 1385 3232 διὰ
1416 3178 1514 3248 τῆς
1540 3176 1707 3249 αὐτῆς
1736 3180 1887 3248 ἐνερ-

295 3269 462 3336 γείας
490 3268 656 3339 (λέγω
683 3269 739 3321 δὲ
765 3268 854 3322 διὰ
883 3267 978 3322 τοῦ
1014 3269 1150 3340 πρὸς
1180 3269 1270 3324 τὸν
1295 3269 1423 3323 Θεὸν
1455 3269 1693 3343 βλέπειν)
1723 3270 1884 3341 ἀλλὴο

296 3360 417 3423 λοις
472 3359 608 3430 πρὸς
650 3359 742 3413 τὸν
775 3360 936 3414 αὐτὸν
987 3359 1187 3414 σκοπὸν
1225 3361 1659 3431 συναπτομένων.
1715 3361 1781 3415 Ἡ
1830 3362 1887 3414 δὲ

293 3450 394 3504 τοῦ
462 3449 677 3517 βλέπειν
727 3450 863 3520 πρὸς
912 3451 1003 3504 τὸν
1061 3451 1191 3504 Θεὸν
1265 3453 1512 3522 ἐνέργεια
1566 3453 1716 3506 οὐδὲν
1760 3453 1887 3508 ἄλλο

296 3542 480 3601 ἐστὶν,
512 3540 545 3610 ἦ
578 3540 690 3610 ζωὴ
723 3543 788 3611 τῇ
833 3543 993 3612 νοερᾷ
1025 3543 1183 3608 φύσει
1226 3544 1433 3597 ἐοικυῖά
1475 3561 1534 3597 τε
1563 3546 1657 3598 καὶ
1689 3545 1884 3598 κατάλ-

298 3633 488 3703 ληλος.
549 3632 760 3702 Ὥσπερ
809 3632 914 3702 γὰρ
961 3633 1029 3686 τὰ
1078 3633 1304 3703 σώματα
1353 3635 1516 3706 γήϊνα
1562 3636 1709 3700 ὄντα,
1767 3638 1886 3704 ταῖς

296 3724 527 3792 γηῖναις
590 3723 958 3794 διακρατεῖται
1004 3728 1264 3793 τροφαῖς,
1318 3727 1409 3779 καί
1465 3744 1514 3779 τι
1565 3728 1888 3799 σωματῶδες

296 3814 456 3884 ζωῆς
502 3809 638 3876 εἶδος
681 3815 737 3865 ὲν
786 3815 996 3876 τούτοις
1039 3815 1549 3887 καταλαμϐάνομεν,
1583 3819 1784 3888 ὁμοίως
1830 3820 1887 3872 ἐν

298 3907 528 3972 ἀλόγοις
574 3922 633 3958 τε
682 3907 774 3959 καὶ
816 3905 1049 3974 λογικοῖς
1098 3907 1514 3978 ἐνεργούμενον·
1552 3909 1722 3974 οὕτως
1751 3905 1887 3964 εἶναί

295 4014 428 4051 τινα
461 3995 568 4067 χρὴ
594 3998 686 4050 καὶ
717 3997 910 4068 νοητὴν
953 3999 1094 4068 ζωὴν
1127 3999 1492 4063 ὑποτίθεσθαι,
1517 4000 1584 4053 δι’
1631 3997 1698 4073 ἦς
1727 4003 1784 4053 ἐν
1813 4000 1889 4070 τῷ

298 4087 416 4140 ὖντι
453 4087 799 4156 συντηρείται
830 4088 862 4155 ἡ
893 4087 1069 4155 φύσις.
1104 4087 1167 4139 Εἰ
1199 4088 1252 4140 δὲ
1276 4091 1308 4158 ἡ
1334 4089 1433 4157 τῆς
1479 4089 1676 4159 σαρκὸς
1696 4089 1888 4158 τροφὴ,

297 4178 604 4252 ἐπίρῤυτὸς
637 4195 721 4240 τις
748 4173 882 4232 οὖσα
919 4180 1010 4231 καὶ
1042 4181 1404 4250 ἀπορρέουσα,
1445 4181 1511 4231 δι’
1549 4181 1716 4249 αὐτῆς
1747 4197 1889 4249 παρ-

298 4271 425 4324 όδου
453 4269 686 4339 δύναμίν
712 4287 832 4322 τινα
855 4269 1088 4340 ζωτικὴν
1128 4271 1499 4324 ἐναποτίθεται
1532 4267 1611 4334 οἷς
1640 4271 1705 4324 ἂν
1734 4272 1891 4341 γένη-

2054 1073 2187 1126 Cum
2232 1071 2395 1140 igitur
2441 1069 2493 1122 in
2541 1069 2651 1120 haec
2699 1067 2806 1120 duo
2839 1065 3012 1119 divisa
3057 1071 3168 1120 sint
3215 1069 3394 1120 omnia
3435 1085 3556 1138 quae

1986 1173 2134 1229 sunt,
2193 1164 2244 1216 in
2306 1162 2585 1226 sensibile,
2642 1161 2885 1230 inquam,
2948 1167 3001 1212 et
3051 1159 3106 1212 in
3154 1160 3206 1214 id
3259 1161 3402 1230 quod
3459 1178 3556 1231 per

1986 1253 2188 1308 mentis
2250 1253 2602 1322 agitationem
2640 1259 2695 1305 et
2750 1250 3140 1319 cogitationem
3172 1252 3559 1308 consideratur

1986 1351 2039 1398 et
2065 1342 2414 1412 intelligitur,
2451 1349 2616 1411 atque
2657 1341 2898 1410 angelica
2941 1341 3160 1411 quidem
3210 1349 3264 1397 et.
3298 1343 3557 1413 incorpo-

1988 1448 2078 1488 rea
2123 1441 2352 1496 natura,
2394 1446 2516 1500 qua:
2563 1447 2628 1485 ex
2683 1430 3053 1486 invisibilibus
3103 1441 3206 1496 est,
3261 1433 3317 1486 in
3369 1448 3561 1502 supra-

1989 1523 2283 1579 mundanis
2313 1532 2369 1578 et
2399 1521 2887 1592 supercoelestibus
2919 1523 3168 1591 partibus
3223 1522 3558 1578 domicilium

1989 1618 2206 1681 habeat,
2252 1625 2538 1685 propterea
2584 1614 2730 1685 quod
2761 1629 2825 1668 ea
2863 1615 3023 1670 sedes
3053 1615 3128 1668 illi
3189 1623 3399 1670 naturae
3428 1631 3561 1671 con-

1989 1711 2215 1764 veniens
2264 1714 2318 1763 et
2369 1706 2783 1760 accommodata
2829 1705 2901 1760 sit
2960 1705 3124 1771 (nam
3176 1707 3315 1761 sicut
3369 1714 3560 1763 natura

1991 1799 2374 1855 intellectualis
2405 1798 2585 1853 tenuis
2611 1797 2880 1867 quaedam,
2912 1811 3066 1866 pura,
3091 1798 3348 1866 ponderis
3371 1815 3565 1869 expers

1989 1902 2043 1946 et
2096 1892 2253 1963 agilis
2302 1899 2406 1958 est,
2462 1892 2538 1944 ita
2590 1903 2794 1960 corpus
2839 1903 3058 1958 quoque
3093 1891 3335 1956 caeleste,
3381 1900 3560 1949 tenue.

1992 1985 2105 2040 leve
2139 1993 2191 2039 et
2225 1998 2438 2052 semper
2470 1981 2668 2036 mobile
2707 1981 2812 2048 est)
2848 1997 2862 2033 :
2897 1989 3043 2034 terra
3079 1988 3281 2046 autem,
3325 1997 3446 2052 quas
3471 1999 3565 2037 cx-

1993 2088 2224 2131 tremum
2261 2076 2519 2129 nimirum
2560 2088 2623 2127 ex
2663 2072 3019 2126 sensibilibus
3052 2082 3156 2136 est,
3207 2088 3329 2126 cum
3363 2073 3428 2126 ad
3463 2075 3566 2127 hoc

1993 2179 2118 2239 apta
2173 2177 2334 2236 atque
2366 2163 2780 2220 accommodata
2813 2179 2920 2217 non
2967 2164 3057 2224 sit,
3092 2150 3160 2218 ut.
3189 2165 3242 2218 in
3276 2181 3334 2220 ea
3366 2166 3566 2236 degant
3603 2154 3609 2162 ’

1992 2276 2054 2314 ea
2084 2275 2203 2330 quas
2231 2259 2345 2314 sola
2387 2265 2568 2312 mente
2598 2255 3140 2325 comprehenduntur
3165 2271 3178 2307 :
3213 2257 3393 2326 (quam
3420 2259 3566 2313 enim

1992 2348 2432 2404 communionem
2468 2347 2665 2402 habeat
2696 2345 2749 2399 id
2781 2345 2926 2416 quod
2978 2346 3095 2401 leve
3133 2355 3216 2401 est
3259 2362 3324 2400 ac
3343 2363 3564 2404 sursum

1994 2441 2184 2504 fertur,
2233 2455 2356 2494 cum
2407 2453 2472 2495 eo
2509 2439 2652 2509 quod
2705 2453 2868 2511 grave
2907 2452 2970 2493 ac
3009 2437 3376 2508 ponderosum
3408 2440 3566 2509 est?)

1995 2547 2063 2586 ne
2105 2539 2250 2584 terra
2311 2530 2531 2600 penitus
2585 2546 2782 2600 expers
2830 2547 3109 2588 ac-vacua
3161 2545 3308 2590 esset
3360 2535 3428 2590 ab
3480 2537 3566 2590 in-

1999 2621 2286 2676 tellectuali
2349 2628 2403 2675 et
2473 2621 2795 2690 incorporea
2851 2625 3302 2691 conversatione,
3361 2627 3568 2682 idcirco

1997 2712 2332 2782 providentia
2390 2711 2621 2774 meliori,
2673 2727 2796 2766 cum
2852 2714 3210 2771 intellectuali
3263 2718 3570 2789 divinaeque

1996 2805 2190 2858 anima:
2237 2811 2445 2857 natura:
2493 2810 2705 2857 terrena
2756 2805 2934 2873 portio
2987 2807 3322 2863 circumdata
3368 2819 3421 2864 et
3471 2811 3570 2866 ob-

1997 2895 2158 2949 ducta
2205 2902 2380 2960 esset,‘
2423 2895 2577 2948 aiunt
2620 2897 2911 2950 humanam
2957 2897 3250 2953 conﬂatam
3305 2916 3430 2958 esse
3470 2919 3571 2957 na-

1997 2995 2199 3050 turam,
2267 2992 2324 3038 ut
2385 3000 2481 3054 per
2531 3001 2650 3040 eam
2709 3001 2816 3056 qua
2854 3003 2978 3042 cum
3035 2991 3273 3059 pondere
3322 2995 3571 3063 corporis

1998 3077 2205 3131 coaluit
2256 3077 2722 3146 eonjuuctionem,
2767 3087 2894 3150 apte
2944 3088 3108 3152 atque
3160 3087 3572 3140 accommodate

1993 3171 2427 3224 viveretanima
2491 3169 2545 3224 in
2606 3172 2880 3227 elemento
2924 3186 3102 3241 terrae,
3156 3194 3278 3247 quae
3322 3179 3570 3233 nonnihil

1993 3263 2339 3332 cognationis
2371 3273 2424 3317 et
2457 3260 2738 3320 albnitatis
2767 3264 2933 3321 habet
2961 3284 3084 3322 cum
3133 3278 3332 3325 natura
3363 3272 3570 3325 carnis.

1994 3352 2118 3408 Haec
2158 3365 2338 3409 autem
2390 3355 2577 3410 omnia
2625 3354 2731 3409 huc
2778 3365 3062 3426 spectant,
3116 3371 3171 3414 ut
3217 3362 3474 3416 nimirum
3517 3364 3570 3417 in

1993 3447 2140 3501 omni
2182 3455 2435 3502 creatura
2483 3461 2580 3516 per
2622 3447 3046 3504 intellectualem
3088 3459 3340 3505 naturam
3401 3454 3571 3525 glori--

1994 3540 2250 3594 ﬁcaretur
2295 3547 2348 3592 et
2395 3539 2767 3594 celebraretur
2801 3555 2864 3594 ea
2894 3543 3070 3596 virtus
3102 3551 3155 3596 et
3183 3552 3424 3612 potestas
3454 3561 3574 3614 qua:

1994 3644 2158 3697 supra
2214 3625 2470 3710 praesidet
2507 3628 2671 3684 rebus
2711 3627 3005 3694 universis,
3061 3637 3174 3683 tum
3234 3632 3569 3700 cmlestibus,

1993 3731 2107 3775 tum
2156 3721 2529 3785 terrestribus,
2573 3737 2686 3791 per
2733 3723 2980 3776 eamdem
3037 3721 3378 3778 eﬂicientiam
3427 3727 3572 3795 (dico

1995 3823 2170 3867 autem
2214 3829 2309 3882 per
2347 3813 2470 3880 hoc,
2526 3821 2585 3867 ut
2625 3814 2692 3868 ad
2734 3811 2912 3868 .Deum
2952 3815 3270 3885 respiciant)
3335 3817 3400 3870 ad
3432 3833 3576 3872 eam-

1994 3906 2114 3960 dem
2153 3907 2510 3960 intentionem
2556 3905 2696 3960 inter
2732 3920 2854 3961 sese
2893 3906 3220 3974 conjunctis.
3256 3906 3428 3962 Porro
3461 3909 3575 3964 elli-

1995 4000 2197 4054 eientia
2246 3999 2573 4067 respiciendi
2605 4000 2670 4053 ad
2709 3998 2898 4063 Deum,
2931 4000 3069 4052 nihil
3113 4008 3197 4055 est
3228 4001 3372 4055 aliud
3410 4017 3570 4071 quam

1994 4090 2107 4142 vita
2158 4089 2512 4143 intellectuali
2564 4098 2773 4143 natura!
2807 4090 3136 4144 conveniens
3180 4100 3230 4145 et
3263 4107 3574 4146 accommo.

1997 4181 2142 4236 data.
2167 4181 2634 4246 Quemadmodum
2661 4182 2805 4236 enim
2839 4189 3052 4235 terrena
3083 4197 3312 4251 corpora
3342 4185 3574 4241 ter-renis

1999 4279 2403 4326 conservantur
2433 4271 2593 4335 cibis,
2619 4286 2684 4326 ac
2711 4286 3031 4341 corpoream
3080 4271 3370 4341 quamdam
3400 4275 3455 4327 in
3487 4275 3572 4329 his

297 4379 392 4414 ται
415 4378 429 4392 ⁸
470 4360 625 4430 πόσῳ
658 4360 856 4430 μᾶλλον
887 4364 920 4431 ἡ
971 4363 1227 4438 μετουσία
1271 4359 1364 4415 τοῦ
1398 4362 1564 4425 ὅντως
1599 4363 1769 4426 ὄντος,
1800 4362 1886 4415 τοῦ

1998 4364 2120 4418 vitae
2149 4364 2385 4432 speciem
2409 4362 2888 4431 deprehendimus,
2920 4377 3042 4432 quae
3072 4363 3126 4416 in
3160 4363 3336 4419 brutis
3369 4365 3574 4433 pariter

299 4454 394 4506 ἀεὶ
435 4453 689 4522 μένοντος
734 4453 826 4505 καὶ
872 4454 1100 4507 πάντοτε
1143 4455 1404 4518 ὡσαύτως
1448 4456 1680 4526 ἔχοντος,
1717 4457 1772 4508 ἐν
1816 4455 1893 4524 τῷ

297 4539 448 4596 εἶναι
485 4542 750 4611 φυλάσσει
782 4543 871 4595 τὸν
915 4547 1281 4616 μετασχόνταί
1335 4548 1398 4598 Εἰ
1435 4543 1526 4599 οὖν
1566 4545 1702 4618 αὓτη
1747 4547 1893 4598 ἐστὶν

302 4635 337 4703 ἡ
371 4632 554 4685 οἰκεία
586 4650 646 4685 τε
679 4634 773 4686 καὶ
802 4633 1131 4703 κατάλληλος
1174 4640 1240 4708 τῇ
1276 4639 1436 4706 νοερᾷ
1467 4637 1625 4706 φύσει
1656 4637 1790 4708 ζωὴ,
1835 4639 1895 4690 τὸ

299 4724 402 4777 τοῦ
433 4724 574 4776 Θεοῦ
617 4726 885 4794 μετέχειν,
927 4729 1025 4781 οὐκ
1051 4728 1115 4782 ἂν
1141 4728 1228 4782 διὰ
1255 4729 1362 4781 τῶν
1389 4730 1642 4782 ἐναντίων
1684 4729 1894 4798 γένοιτο

297 4817 334 4884 ἡ
373 4815 661 4885 μετουσία,
696 4819 743 4868 εί
791 4817 864 4888 μὴ
889 4819 1084 4889 τρόπον
1115 4820 1233 4873 τινὰ
1270 4821 1525 4888 συγγενὲς
1558 4824 1640 4892 εἴη
1673 4821 1750 4891 τῷ
1773 4822 1896 4891 ὀρε-

300 4907 530 4976 γομένῳ
563 4906 623 4958 τὸ
668 4908 1044 4979 μετεχόμενον.
1105 4912 1190 4974 Ὠς
1231 4912 1336 4982 γὰρ
1385 4911 1646 4981 ὀφθαλμῷ
1686 4911 1894 4980 γίνεται

297 5001 409 5067 τῆς
450 4998 627 5067 αὐγῆς
657 4999 690 5068 ἡ
723 4999 1016 5064 ἀπόλαυσις
1042 5002 1119 5071 τῷ
1147 5004 1380 5073 φυσικὴν
1417 5003 1588 5074 αὐγὴν
1616 5007 1674 5057 ὲν
1719 5003 1896 5073 ἐαυτῷ

300 5090 447 5155 πρὸς
493 5089 595 5158 τὴν
639 5091 732 5142 τοῦ
781 5092 1072 5160 ὁμογενοῦς
1105 5094 1383 5166 ἀντίληψιν
1428 5094 1591 5165 ἔχειν,
1636 5096 1731 5150 καὶ
1772 5093 1895 5148 οὔτε

297 5177 594 5242 δάκτυλος,
648 5178 772 5232 οὔτε
836 5180 964 5234 ἄλλο
1013 5199 1064 5234 τι
1113 5183 1220 5235 τῶν
1273 5182 1450 5253 μελῶν
1496 5183 1589 5236 τοῦ
1646 5182 1896 5254 σώματος

299 5269 522 5338 ἐνεργεῖ
557 5273 657 5342 τὴν
696 5272 906 5342 ὅρασιν,
948 5273 1036 5326 διὰ
1067 5274 1127 5326 τὸ
1157 5276 1426 5346 μηδεμίαν
1452 5277 1518 5330 ἐκ
1551 5275 1764 5345 φύσεως
1793 5278 1894 5330 αύ-

299 5359 416 5429 γὴν
446 5363 502 5413 ἐν
530 5361 679 5432 ἄλλῳ
720 5365 828 5416 τινὶ
855 5363 963 5418 τῶν
998 5365 1172 5436 μελῶν
1215 5368 1678 5422 κατεσκευάσθαι·
1723 5368 1895 5432 οὓτως

303 5452 526 5523 ἀνάγκη
563 5456 713 5508 πᾶσα
745 5457 838 5509 καὶ
880 5456 973 5511 ἐπὶ
1015 5457 1116 5527 τῆς
1153 5457 1246 5512 τοῦ
1272 5459 1406 5513 Θεοῦ
1439 5461 1726 5531 μετουσίας
1753 5455 1892 5515 εἷναί

297 5559 360 5596 τι
409 5547 666 5616 συγγενὲς
706 5548 841 5620 πρὸς
879 5549 944 5603 τὸ
986 5550 1344 5623 μετεχόμενον
1380 5554 1438 5608 ἐν
1474 5555 1541 5626 τῇ
1593 5553 1752 5623 φύσει
1797 5552 1890 5607 τοῦ

392 5726 418 5758 ⁸
452 5727 592 5786 Gen.
628 5745 688 5799 1,
718 5729 809 5787 27.

1997 4465 2052 4512 et
2095 4457 2305 4510 ratione
2349 4455 2591 4524 przeditis
2629 4465 2915 4509 exercetur
2952 4475 2964 4509 :
3017 4456 3089 4508 ita
3129 4470 3332 4524 ponere
3361 4464 3573 4525 oportet

1998 4562 2121 4603 esse
2148 4547 2441 4616 quamdam
2477 4545 2638 4600 etiam
2687 4546 2886 4601 mentis
2913 4546 3191 4600 intellectu
3219 4545 3573 4614 comprehen-

2000 4638 2214 4692 sibilem
2274 4644 2329 4691 et
2364 4636 2693 4690 invisibilem
2739 4637 2926 4700 vitam,
2981 4653 3080 4706 per
3130 4653 3291 4706 quam
3355 4638 3410 4690 in
3473 4653 3571 4692 sua

1998 4732 2239 4784 essentia
2282 4735 2477 4781 natura
2524 4736 2904 4802 conservatur.
2937 4728 3094 4794 Quod
3132 4729 3176 4782 si
3227 4729 3410 4785 carnis
3469 4731 3571 4788 ali-

2001 4827 2245 4873 mentum
2291 4817 2512 4874 aﬂluere
2542 4821 2613 4873 'ac
2647 4818 2888 4874 deﬂuere
2941 4821 3183 4884 solitum,
3233 4836 3329 4890 per
3372 4823 3574 4877 transi-

2002 4918 2118 4965 tum
2171 4911 2352 4979 ipsum
2401 4911 2504 4964 vim
2571 4913 2864 4981 quamdam
2925 4911 3140 4966 vitalem
3189 4905 3573 4968 subministrat

2003 5002 2208 5072 quibus
2257 5003 2528 5072 ingestum
2573 5003 2758 5067 fuerit,
2806 5009 3014 5076 quanto
3059 5006 3234 5073 magis
3280 5005 3574 5074 participa-

2005 5095 2082 5149 tio
2132 5095 2254 5164 ejus
2303 5095 2398 5165 qui
2443 5109 2632 5149 revera
2675 5104 2778 5160 est,
2814 5094 2906 5163 qui
2957 5107 3172 5162 semper
3200 5103 3383 5148 manet
3409 5101 3572 5163 atque

2004 5183 2197 5239 eodem
2246 5184 2410 5238 modo
2465 5199 2684 5254 semper
2734 5199 2794 5238 se
2853 5183 3033 5248 habet,
3082 5183 3136 5236 in
3187 5199 3286 5238 sua
3332 5185 3569 5238 essentia

2004 5283 2294 5331 conservat
2334 5290 2457 5329 eum
2488 5275 2579 5344 qui
2611 5275 2883 5345 particeps
2918 5274 3036 5342 ejus
3066 5275 3266 5329 fuerit!
3315 5275 3370 5329 Si
3407 5275 3571 5346 igitur

2003 5369 2119 5423 haec
2147 5367 2368 5438 propria
2390 5367 2833 5436 conveniensque
2856 5366 3205 5421 intellectuali
3223 5375 3440 5422 naturae
3462 5367 3570 5420 vita

1999 5469 2104 5526 est,
2136 5460 2183 5515 si
2213 5458 2306 5515 Dei
2351 5459 2622 5530 particeps
2650 5459 2742 5520 sit,
2799 5472 3140 5536 nequaquam
3172 5473 3270 5528 per
3294 5459 3571 5513 contraria

1997 5553 2346 5626 participatio
2395 5548 2710 5623 contigerit,
2754 5549 2863 5609 nisi
2909 5551 3094 5613 aliquo
3136 5551 3299 5608 modo
3327 5549 3381 5605 id
3414 5549 3573 5619 cujus
