4034 6132
432 331 540 387 175

1706 327 1762 383 S.
1798 326 2128 386 GREGORII
2157 329 2447 387 NYSSENI

3586 324 3691 385 ΗΘ

431 444 781 521 participatio
827 455 911 503 est
961 458 1256 518 coguatmu
1302 452 1467 502 luerit
1503 454 1554 502 et
1593 447 1739 517 quod
1793 449 2000 520 appetit

2104 451 2485 515 ἀπολαύοντος.
2519 454 2615 505 Διά
2645 448 2801 504 τοῦτό
2839 465 3002 521 φησιν
3034 449 3067 520 ἡ
3100 419 3311 519 Γραέρὴ,
3350 446 3472 499 κατ’
3506 445 3692 499 εἰκόνα

429 549 486 596 ει
530 541 807 611 particeps
836 553 960 595 esse
990 537 1161 607 cupit.
1198 535 1271 592 Ut
1303 539 1450 594 enim
1479 539 1641 595 oculo
1670 554 1807 596 usus
1850 548 2014 610 atque

430 629 621 685 fruitio
678 628 989 701 splendoris
1036 628 1308 701 contingit
1356 645 1425 685 ex
1486 645 1553 685 eo
1598 630 1745 700 quod
1788 638 2014 685 natura-

428 725 535 779 lem
568 724 623 778 in
677 738 799 777 sese
837 722 1181 792 splendorem
1228 723 1391 778 liabet
1420 721 1487 776 ad
1518 724 2009 795 apprehensionem

428 832 494 874 ac
543 816 949 887 perceptionem
991 815 1114 886 ejus
1168 813 1317 886 quod
1354 814 1602 884 ejusdem
1648 816 1866 885 generis
1894 822 2010 881 est;

428 923 494 964 ac
552 922 730 979 neque
789 907 1023 979 digitus,
1082 921 1261 979 neque
1326 906 1471 961 aliud
1534 906 1703 961 ullum
1755 907 2007 977 corporis

429 999 737 1054 membrum
789 998 973 1055 visum
1015 1006 1255 1063 exercet,
1306 1005 1592 1069 propterea
1627 998 1775 1069 quod
1818 999 2006 1055 nullus

429 1092 485 1145 in
531 1091 639 1146 alio
667 1090 927 1161 quopiam
957 1089 1327 1145 membrorum
1374 1103 1405 1142 a
1451 1096 1652 1143 natura
1693 1088 1902 1145 inditus
1935 1090 2008 1146 sit

428 1183 689 1252 splendor
724 1201 738 1237 :
773 1183 849 1236 ita
890 1182 1049 1252 plane
1092 1196 1319 1238 necesse
1360 1188 1445 1237 est
1482 1183 1646 1237 etiam
1694 1183 1748 1236 in
1780 1184 2008 1252 partici-

429 1274 646 1343 patione
689 1273 781 1329 Dei
831 1272 1091 1343 quiddam
1133 1288 1256 1328 cum
1308 1286 1375 1327 eo
1419 1272 1583 1342 cujus
1625 1271 1813 1328 fruitio
1842 1281 2005 1344 atque

427 1365 775 1435 participatio
810 1371 897 1419 est
920 1370 1211 1434 cognatum
1255 1378 1378 1419 esse
1408 1363 1462 1417 in
1504 1371 1703 1418 natura
1742 1363 1999 1422 fruentis.

430 1456 638 1511 Idcirco
688 1454 972 1524 Scriptura
1009 1453 1167 1518 dicit,
1209 1453 1512 1509 secundum
1568 1453 1862 1525 imaginem
1902 1454 2001 1511 Dei

428 1548 703 1603 hominem
746 1562 871 1603 esse
895 1544 1129 1610 factum,
1165 1555 1226 1599 ut
1267 1561 1365 1616 per
1404 1545 1459 1600 id
1497 1545 1646 1616 quod
1680 1548 1860 1621 simile
1892 1555 1997 1615 est,

427 1640 628 1705 simile,
672 1639 888 1712 Opinor,
914 1637 1161 1713 videret.
1211 1636 1383 1693 Deum
1416 1649 1597 1694 autem
1635 1640 1842 1704 videre,
1886 1641 2001 1697 vita

2113 543 2249 597 Θεοῦ
2282 543 2610 613 γεγενῆσθαι
2655 542 2746 596 τὸν
2798 541 3121 612 ἄνθρωπον·
3150 539 3227 602 ὡς
3271 538 3359 601 ἂν,
3395 532 3569 604 οἶμαι,
3614 534 3692 606 τῷ

2112 637 2283 708 ὁμοίῳ
2329 636 2548 708 βλέπειν
2584 636 2647 689 τὸ
2692 637 2895 705 ὅμοιον.
2930 633 3005 686 T6
3046 633 3105 686 δὲ
3144 631 3360 702 βλέπειν
3400 629 3491 683 τὸν
3536 628 3699 715 Θεδνἱ

2112 729 2259 781 ἐστὶν
2299 730 2333 797 ἡ
2384 727 2497 798 ζωὴ
2544 727 2645 798 τῆς
2678 725 2878 797 ψυχῆς,
2912 722 3094 789 καθὼς
3149 725 3208 777 ἐν
3252 725 3367 787 τοῖς
3422 720 3695 792 φθάσασιν

2112 820 2343 890 εἴρηται.
2386 819 2539 874 Ἐπεὶ
2566 818 2623 871 δέ
2649 835 2764 882 πως
2810 818 2845 889 ὴ
2888 814 2981 870 τοῦ
3009 816 3224 886 ἀληθῶς
3267 813 3472 883 ἀγαθοῦ
3502 813 3695 881 ἄγνοια

2111 909 2362 983 καθάπερ
2407 928 2493 975 τις
2532 909 2728 981 ὁμίχλη
2774 909 2852 979 τῷ
2897 906 3190 980 διορατικῷ
3234 908 3333 973 τῆς
3374 905 3554 976 ψυχῆς
3596 907 3695 960 ἐπ-

2108 1001 2424 1073 εσκότησεν,
2464 1002 2799 1073 παχυνθεῖσα
2838 1000 2895 1054 δὲ
2935 1002 2969 1072 ἡ
3016 998 3211 1070 ὁμίχλη
3257 998 3416 1066 νέφος
3452 997 3692 1065 ἐγένετο,

2106 1093 2250 1148 ὥστε
2288 1092 2378 1148 διά
2422 1092 2515 1147 τοῦ
2564 1091 2761 1163 βάθους
2800 1092 2899 1163 τῆς
2945 1090 3191 1159 ἀγνοίας,
3232 1089 3331 1161 τὴν
3356 1090 3551 1143 ἀκτῖνα
3590 1088 3694 1157 τῆς

2106 1184 2364 1255 ἀληθείας
2395 1183 2470 1256 μὴ
2499 1182 2810 1238 διαδύεσθαι
2828 1199 2843 1214 ο
2876 1181 3185 1251 ἀναγκαίως
3209 1181 3287 1251 τῷ
3313 1179 3579 1251 χωρισμῷ
3598 1178 3693 1232 τοῦ

2107 1274 2288 1343 φωτὸς
2329 1276 2424 1329 καὶ
2470 1277 2503 1347 ὴ
2552 1275 2666 1345 ζωὴ
2700 1273 2872 1344 αὐτῆς
2905 1272 3265 1338 συνεξέλιπεν.
3317 1272 3550 1342 Εἴρηται
3581 1270 3695 1341 γάρ

2104 1366 2206 1438 τὴν
2232 1365 2408 1437 ἀληθῆ
2438 1365 2583 1436 ζωὴν
2608 1365 2708 1435 τῆς
2738 1364 2917 1435 ψυχῆς
2955 1365 3013 1418 ἐν
3042 1366 3107 1435 τῇ
3142 1362 3401 1434 μετουσίᾳ
3427 1360 3520 1414 τοῦ
3556 1362 3695 1430 ἀγα-

2108 1455 2202 1509 θοῦ
2258 1456 2631 1528 ἐνεργεῖσθαι,
2678 1456 2780 1526 τῆς
2826 1456 2881 1509 δὲ
2928 1456 3149 1524 ἀγνοίας
3195 1454 3335 1525 πρὸς
3384 1453 3483 1524 τὴν
3542 1452 3694 1507 θείαν

2107 1549 2436 1620 κατανόησιν
2482 1547 2880 1619 ἐμποδιζούσης
2941 1547 3194 1600 ἐκπεσεῖν
3243 1545 3341 1615 τῆς
3397 1544 3542 1614 ζωῆς
3591 1542 3693 1614 τὴν

2106 1642 2284 1713 ψυχὴν
2338 1641 2437 1714 τὴν
2464 1641 2558 1695 τοῦ
2589 1640 2722 1695 Θεοῦ
2756 1639 2830 1711 μὴ
2861 1639 3211 1710 μετέχουσαν.

425 1734 624 1787 animae
655 1739 762 1797 εει,
788 1728 1264 1801 quemadmodum
1314 1729 1369 1783 in
1418 1729 1856 1799 praecedentibus
1915 1730 2124 1787 dictum
2173 1741 2259 1787 est
2309 1731 2582 1797 Quoniam
2659 1737 2842 1785 autem
2909 1728 3050 1798 ejus.
3104 1724 3254 1797 quod
3308 1739 3439 1780 vere
3485 1723 3692 1777 bonum

425 1833 530 1887 cst,
583 1822 914 1895 ignorantia,
942 1820 1106 1877 veluti
1133 1820 1334 1876 nebula
1354 1821 1601 1891 quaedam
1642 1823 1999 1893 perspectiva:
2037 1825 2237 1879 animae
2280 1823 2529 1878 facultati
2562 1822 2821 1877 tenebras
2844 1818 3073 1885 offudit;
3138 1818 3339 1873 nebula
3386 1829 3520 1870 vero
3557 1814 3692 1870 dcn-

426 1928 545 1972 sata
599 1917 775 1969 nubes
814 1914 957 1968 facta
997 1923 1102 1977 εει,
1145 1913 1282 1968 adeo
1323 1920 1383 1967 ut
1439 1929 1536 1985 per
1573 1914 2001 1984 profunditatem
2043 1916 2367 1987 ignorantiae
2416 1914 2609 1970 radius
2676 1913 2924 1968 veritatis
2969 1918 3259 1981 penetrare
3311 1924 3421 1964 non
3493 1909 3689 1979 possit,

426 2007 740 2064 necessario
794 2019 904 2060 una
985 2019 1109 2059 cum
1159 2005 1467 2074 privatione
1543 2005 1684 2061 lucis
1728 2006 1893 2061 etiam
1952 2008 2066 2061 vita
2116 2007 2294 2078 ipsius
2348 2004 2574 2061 defecit.
2639 2002 2854 2059 Dictum
2915 2011 3001 2057 est
3055 2001 3201 2056 enim
3260 2014 3443 2056 veram
3495 1999 3691 2053 anima:

424 2098 595 2153 vitam
629 2112 729 2169 per
752 2095 883 2153 boni
917 2096 1399 2167 participationem
1437 2098 1709 2163 exerceri,
1748 2101 2059 2170 ignorantia
2136 2115 2269 2155 vero
2330 2098 2429 2156 Dei
2488 2096 2941 2169 contemplationi
2987 2101 3156 2166 atque
3228 2092 3532 2166 cognitioni
3600 2093 3688 2147 of-

428 2192 645 2246 ticiente
675 2191 784 2244 vita
832 2190 1109 2246 excidisse
1153 2192 1394 2245 animam
1439 2206 1560 2261 quae
1590 2189 1687 2246 Dei
1735 2193 2012 2263 particeps
2047 2208 2157 2248 non
2209 2193 2301 2249 sit.

494 2279 669 2336 Porro
692 2294 853 2334 nemo
872 2280 1034 2335 nobis
1059 2281 1445 2335 necessitatem
1475 2282 1719 2350 imponat
1742 2282 2000 2353 originem

2198 2283 2406 2356 Μηδεὶς
2462 2284 2521 2338 δὲ
2573 2281 2914 2352 γενεαλογεῖν
2977 2279 3128 2350 ἡμᾶς
3177 2275 3533 2347 ἀναγκαζέτω
3587 2277 3689 2348 τὴν

426 2372 750 2443 ignorantiae
765 2370 1102 2441 exponendi,
1126 2370 1273 2426 unde
1296 2370 1410 2426 haec
1436 2371 1714 2441 inquiens,
1736 2380 1790 2428 et
1806 2387 1835 2427 a
1858 2390 1999 2444 quo;

426 2466 523 2520 sed
555 2480 623 2520 ex
670 2465 786 2535 ipsa
834 2462 1240 2533 signiﬁcatione
1279 2464 1518 2519 nominis
1561 2465 1828 2534 intelligat
1858 2464 2004 2535 quod

427 2556 659 2613 scientia
696 2565 860 2627 atque
904 2556 1217 2625 ignorantia
1265 2555 1508 2612 indicent
1546 2558 1784 2612 animam
1819 2558 2004 2629 aliquo

429 2649 591 2705 modo
644 2664 768 2705 sese
806 2649 874 2703 ad
914 2648 1122 2718 aliquid
1169 2648 1393 2705 habere.
1424 2648 1569 2705 Nihil
1599 2660 1781 2705 autem
1812 2665 2002 2706 eorum

427 2755 550 2810 quae
595 2738 662 2793 ad
713 2739 923 2808 aliquid
955 2746 1010 2793 et
1044 2739 1424 2810 intelliguntur
1459 2748 1515 2796 et
1557 2741 1841 2807 dicuntur,
1871 2742 2004 2797 sub—

427 2830 691 2887 stantiam
708 2830 964 2900 exprimit
1005 2838 1169 2899 atque
1198 2830 1563 2888 demonstrat.
1594 2833 1713 2888 Alia
1744 2834 1889 2888 enim
1918 2839 2003 2889 est

426 2926 548 2993 ejus
588 2920 734 2992 quod
778 2922 846 2976 ad
895 2921 1101 2991 aliquid
1153 2922 1376 2986 dicitur,
1431 2931 1487 2977 ct
1543 2926 1649 2979 alia
1682 2925 2003 2981 substantiae

428 3014 591 3069 ratio.
629 3012 687 3068 Si
734 3013 903 3083 igitur
951 3013 1181 3068 scientia
1232 3015 1541 3071 substantia
1596 3031 1703 3071 non
1755 3024 1860 3082 est,
1905 3018 2003 3073 sed

427 3106 631 3162 mentis
648 3106 797 3161 circa
829 3086 1069 3176 aliquam
1088 3120 1203 3160 rem
1223 3105 1387 3173 actio,
1404 3107 1576 3161 multo
1601 3108 1775 3178 magis
1791 3117 2001 3164 certum

425 3207 587 3268 atque
601 3204 755 3253 extra
781 3198 1217 3252 controversiam
1230 3206 1314 3251 est
1344 3198 1714 3268 ignorantiam
1730 3199 1889 3270 longe
1907 3199 2005 3255 ab.

424 3303 550 3344 esse
582 3287 652 3342 ab
672 3301 738 3342 eo
768 3287 1153 3342 utsubstantia
1172 3287 1262 3342 sit.
1299 3285 1455 3352 Quod
1486 3294 1671 3342 autem
1698 3288 2001 3344 secundum

426 3380 789 3467 substantiam
808 3393 916 3434 non
931 3386 1037 3442 est.
1054 3394 1155 3433 nec
1176 3378 1403 3433 omnino
1430 3378 1649 3449 quidem
1673 3386 1780 3436 est.
1794 3379 2005 3436 Absur-

424 3472 556 3531 dum
597 3473 764 3545 igitur
815 3480 870 3528 et
921 3487 1121 3526 vanum
1160 3472 1325 3526 fuerit
1363 3470 1431 3527 de
1459 3486 1524 3526 eo
1556 3470 1708 3541 quod
1753 3487 1864 3527 non
1891 3480 2000 3539 est,

2104 2377 2348 2446 ἄγνοιαν,
2384 2375 2546 2429 πόθεν
2584 2374 2723 2447 αῦτη
2767 2374 2940 2442 λέγων
2967 2372 3063 2427 καὶ
3105 2371 3213 2425 ἀπὸ
3242 2371 3388 2434 τίνος
3416 2386 3428 2398 ·
3480 2368 3595 2424 ἀλλ’
3629 2368 3689 2435 ἐξ

2104 2470 2275 2541 αὐτῆς
2299 2468 2486 2523 νοείτω
2510 2467 2610 2540 τῆς
2633 2467 2726 2521 τοῦ
2756 2466 3016 2537 ὀνόματος
3049 2463 3342 2535 σημασίας,
3371 2462 3454 2515 ότι
3480 2463 3514 2533 ἡ
3543 2460 3689 2531 γνῶ-

2106 2579 2188 2627 σις
2213 2563 2307 2616 καὶ
2348 2563 2383 2634 ὴ
2425 2562 2617 2631 ἄγνοια
2647 2560 2755 2614 τῶν
2797 2559 2934 2630 πρός
2965 2557 3019 2611 τί
3063 2574 3179 2621 πως
3210 2555 3352 2627 ἔχειν
3382 2555 3482 2627 τὴν
3508 2554 3690 2625 ψυχὴν

2103 2652 2451 2707 ἐνδείκνυται.
2499 2652 2665 2705 Οὐδὲν
2704 2650 2762 2704 δὲ
2790 2650 2897 2703 τῶν
2929 2648 3065 2721 πρός
3096 2666 3148 2703 τι
3172 2648 3477 2719 νοουμένων
3502 2663 3562 2700 τε
3592 2646 3689 2701 καὶ

2103 2738 2429 2811 λεγομένων,
2451 2740 2639 2794 οὐσίαν
2667 2740 3014 2811 παρίστησιν.
3038 2738 3230 2802 ’Δλλος
3247 2738 3356 2811 γάρ
3378 2740 3408 2791 6
3430 2737 3523 2791 τοῦ
3551 2740 3691 2810 πρός

2101 2846 2177 2894 τι,
2218 2831 2311 2885 καὶ
2340 2830 2527 2902 ἔτερος
2553 2833 2582 2885 6
2614 2831 2714 2902 τῆς
2742 2832 2931 2896 οὐσίας
2972 2832 3152 2901 λόγος.
3203 2832 3268 2884 El
3295 2827 3390 2884 οὖν
3422 2832 3455 2901 ἡ
3485 2830 3689 2899 γνῶσις

2102 2922 2260 2977 ούσία
2282 2922 2382 2975 οὐκ
2404 2921 2569 2986 ἔστιν,
2596 2921 2731 2976 ἀλλά
2764 2923 2990 2995 περιττὴ
3016 2923 3116 2993 τῆς
3136 2922 3375 2987 διανοίας
3401 2923 3684 2996 ἐνέργεια·

2104 3013 2239 3069 πολὺ
2281 3014 2480 3086 μᾶλλον
2519 3017 2552 3086 ἡ
2599 3016 2789 3083 ἄγνοια
2818 3016 3007 3089 πόρρω
3045 3014 3138 3069 τοῦ
3183 3016 3304 3069 κατ’
3328 3016 3516 3069 ούσίαν
3547 3011 3687 3069 εἶναι

2103 3105 2467 3177 ὡμολόγηται.
2522 3104 2595 3158 Τὸ
2626 3106 2682 3159 δὲ
2733 3106 2807 3178 μὴ
2847 3107 2967 3159 κατ’
2994 3106 3182 3159 οὐσίαν
3232 3105 3324 3170 ὃν,
3372 3105 3493 3158 οὐδὲ
3538 3105 3686 3158 ἐστιν

2102 3197 2259 3261 ὅλως.
2310 3196 2551 3251 Μάταιον
2590 3195 2769 3251 τοίνυν
2796 3196 2863 3250 ἂν
2892 3195 2978 3267 είη
3012 3195 3139 3267 περὶ
3170 3195 3262 3248 τοῦ
3300 3196 3374 3267 μὴ
3417 3195 3589 3259 ὄντος,
3626 3194 3687 3248 τὸ

2068 3360 2079 3368 ο
2106 3287 2231 3341 ὅθεν
2262 3288 2379 3340 ἐστὶ
2409 3287 2885 3359 περιεργάζεσθαι.
2932 3285 3151 3358 Ἐπειδὴ
3193 3285 3373 3340 τοίνυν
3407 3285 3553 3357 ζωὴν
3586 3286 3687 3357 μὲν

2104 3378 2280 3450 ψυχῆς
2312 3378 2410 3450 τὴν
2437 3379 2531 3432 τοῦ
2572 3379 2708 3433 Θεοῦ
2762 3378 3050 3449 μετουσίαν
3088 3379 3118 3430 6
3152 3379 3308 3446 λόγος
3337 3373 3479 3431 εἶναί
3528 3395 3683 3448 φησι,

2106 3470 2305 3539 γνῶσις
2330 3470 2387 3524 δὲ
2421 3469 2561 3523 κατά
2585 3469 2646 3523 τὸ
2670 3468 2948 3539 ἐγχωροῦν
2980 3468 3129 3521 ἐστιν
3159 3470 3193 3537 ἠ
3228 3467 3487 3538 μετουσία
3514 3484 3527 3496 ·
3572 3468 3686 3539 ἡδὲ

424 3564 574 3620 unde
623 3564 716 3632 sit,
745 3564 964 3619 curiose
994 3562 1295 3634 inquirere.
1335 3561 1603 3628 Quoniam
1634 3562 1802 3633 igitur
1835 3563 1999 3618 vitam

2105 3564 2299 3632 ἄγνοια
2325 3561 2444 3632 ούχί
2482 3562 2626 3624 τινός
2667 3563 2814 3613 ἐστιν
2842 3559 3095 3631 ῦπαρξις,
3129 3560 3264 3614 ἀλλά
3284 3560 3386 3631 τῆς
3414 3561 3553 3615 κατά
3583 3562 3684 3633 τὴν

424 3658 648 3727 quidem
700 3657 897 3711 animae
944 3654 1036 3712 Dei
1070 3632 1570 3725 participationem
1630 3632 1754 3710 esse
1811 3669 1999 3711 sermo

2102 3656 2304 3726 γνῶσιν
2357 3656 2635 3726 ἐνεργείας
2670 3655 2947 3725 ἀναίρεσις
2974 3672 2989 3689 ο
3027 3655 3106 3727 τῷ
3141 3654 3198 3708 δὲ
3234 3654 3309 3727 μὴ
3342 3632 3685 3727 ἐνεργεῖσθαι

423 3748 582 3812 dicit,
633 3762 807 3817 eaque
844 3745 1192 3817 participatio
1222 3746 1277 3800 in
1304 3752 1689 3815 coversatur,
1730 3753 1789 3800 ut
1823 3761 2000 3817 quan-

427 3851 541 3895 tum
589 3838 639 3893 ei
678 3838 810 3891 licet
849 3846 903 3891 et
937 3835 1106 3905 capit,
1155 3834 1386 3888 scientia
1431 3832 1659 3905 praedita
1704 3835 1805 3903 sit;
1842 3838 2000 3907 igno-

425 3929 606 3993 rantia
638 3934 821 3981 autem
856 3940 967 3981 non
991 3924 1228 3994 alicujus
1252 3922 1585 3987 substantia,
1615 3925 1711 3979 sed
1736 3925 1858 3995 ejus
1879 3942 2000 3997 quae

425 4033 523 4089 per
571 4015 860 4072 scientiam
892 4014 972 4080 ﬁt,
1022 4013 1257 4069 actionis
1296 4013 1554 4070 interitus
1594 4022 1756 4084 atque
1788 4030 2001 4085 perem-

428 4108 542 4177 ptio
588 4113 701 4173 est;
755 4119 821 4161 ac
859 4105 1173 4161 necessario
1219 4105 1603 4175 consequitur,
1650 4115 1708 4161 ut
1745 4108 1832 4162 ubi
1876 4122 2002 4177 par-

428 4200 674 4271 ticipatio
722 4196 820 4253 Dei
856 4211 967 4251 non
1019 4204 1326 4263 exercetur,
1377 4197 1611 4267 privatio
1656 4209 1707 4253 et
1739 4198 2001 4254 alienatio

426 4293 549 4348 vitae
594 4291 665 4348 sit
689 4290 767 4363 (id
820 4298 1001 4345 autem
1061 4289 1329 4343 malorum
1376 4289 1541 4345 fuerit
1596 4291 1927 4361 extremum)
1980 4306 1996 4344 :

426 4392 834 4455 consequenter
879 4380 1061 4437 omnis
1103 4382 1229 4435 boni
1276 4381 1454 4437 factor
1488 4383 1834 4439 curationem
1870 4384 2001 4438 mali

424 4478 481 4531 in
525 4475 685 4530 nobis
726 4484 1002 4543 operatur.
1052 4471 1201 4527 Bona
1248 4474 1393 4527 enim
1425 4487 1512 4529 res
1547 4474 1763 4528 curatio
1796 4484 1910 4540 est;
1946 4484 2001 4529 at

424 4566 649 4623 modum
682 4566 987 4622 curationis
1018 4580 1246 4636 prorsus
1279 4566 1516 4635 ignorat,
1553 4566 1646 4637 qui
1680 4581 1790 4621 non
1823 4568 2001 4638 respi-

423 4659 499 4715 cit
534 4658 602 4715 ad
627 4658 949 4730 mysterium
988 4656 1395 4727 Evangelicum.
1426 4655 1564 4712 Cum
1604 4657 1769 4728 igitur
1796 4658 1997 4712 malum

421 4766 544 4807 esse
590 4752 1031 4806 demonstratum
1081 4748 1172 4815 sit,
1216 4748 1263 4804 si
1305 4763 1335 4803 a
1393 4747 1525 4815 Deo,
1586 4750 1679 4820 qui
1729 4757 1813 4805 est
1860 4750 1996 4816 vita,

421 4843 642 4898 alienati
670 4843 864 4907 simus,
892 4842 1107 4899 curatio
1129 4840 1466 4910 ejuscemodi
1492 4840 1831 4897 inﬁrmitatis
1855 4848 1995 4906 erat,

2098 3745 2193 3801 τοῦ
2241 3747 2376 3801 Θεοῦ
2413 3747 2511 3818 τὴν
2560 3747 2851 3818 μετουσίαν
2904 3749 2936 3818 ή
2984 3747 3083 3817 τῆς
3138 3744 3286 3816 ζωῆς
3330 3745 3684 3815 ἀλλοτρίωσις

2099 3839 2410 3908 ἀναγκαίως
2438 3839 2869 3910 ἐπηκολούθησεν
2895 3839 3071 3912 (τοῦτο
3097 3840 3141 3894 δ’
3167 3840 3231 3894 ἂν
3256 3840 3340 3911 είη
3366 3839 3474 3893 τῶν
3495 3840 3685 3895 κακῶν

2098 3928 2160 3981 τὸ
2193 3927 2464 3999 ἕσχατον)·
2489 3929 2797 3994 ἀκολούθως
2817 3932 2846 3984 6
2867 3931 2962 3985 τοῦ
2992 3932 3191 3995 παντὸς
3216 3933 3420 4002 ἀγαθοῦ
3451 3938 3685 4009 ποιητὴς

2100 4019 2199 4090 τὴν
2247 4019 2340 4072 τοῦ
2388 4020 2556 4073 κακοῦ
2607 4019 2899 4091 θεραπείαν
2955 4026 3013 4077 ἐν
3076 4026 3207 4095 ἡμῖν
3261 4027 3678 4099 κατεργάζεται.

2115 4111 2338 4178 Ἀγαθὸν
2384 4111 2490 4183 γάρ
2519 4113 2551 4183 ἡ
2583 4112 2867 4183 θεραπεία,
2912 4114 3004 4167 τὸν
3051 4115 3108 4169 δὲ
3150 4117 3352 4189 τρόπον
3391 4120 3491 4190 τῆς
3524 4120 3684 4192 θερα-

2103 4201 2261 4265 πείας
2294 4203 2477 4270 ἀγνοεῖ
2522 4206 2737 4268 πάντως
2761 4208 2789 4259 ό
2815 4206 2889 4277 μὴ
2919 4205 3055 4277 πρὸς
3083 4207 3143 4260 τὸ
3167 4209 3536 4279 Εύαγγελικὺν
3566 4214 3685 4284 βλέ-

2102 4310 2218 4346 πων
2256 4296 2569 4366 μυστήριον.
2595 4297 2780 4350 Κακοῦ
2810 4299 2989 4352 τοίνυν
3023 4300 3430 4373 ἀποδειχθέντος
3457 4306 3553 4358 τοῦ
3584 4307 3682 4360 ἀλ-

2101 4381 2458 4456 λοτριωθῆναι
2496 4385 2817 4451 Θεοῦ,ὃστις
2840 4390 2995 4447 ,ἐστὶν
3021 4392 3054 4461 ἡ
3083 4391 3217 4463 ζωὴ,
3249 4395 3282 4464 ή
3307 4393 3570 4466 θεραπεία
3590 4397 3683 4451 τοῦ

2099 4474 2339 4529 τοιούτου
2414 4479 2846 4550 ἁῤῥωστὴματος
2893 4476 2961 4552 ἦν
3027 4484 3088 4535 τὸ
3127 4485 3286 4540 πάλιν
3332 4489 3685 4559 οίκειωθῆναι

2100 4565 2241 4636 Θεῷ,
2272 4567 2368 4620 καὶ
2396 4570 2453 4620 ἐν
2495 4572 2559 4640 τῇ
2591 4569 2702 4642 ζωῇ
2728 4571 3003 4640 γενέσθαι.
3044 4574 3261 4647 Ταύτης
3287 4574 3379 4631 οὖν
3405 4580 3504 4650 τῆς
3536 4580 3685 4653 ζωῆς

2101 4659 2224 4710 κατ’
2271 4658 2459 4711 ἐλπίδα
2502 4662 2869 4733 προκειμένης
2914 4666 2980 4736 τῇ
3015 4665 3327 4739 ἀνθρωπίνῃ
3369 4670 3548 4737 φύσει,
3581 4674 3682 4727 οὐκ

2101 4748 2248 4803 ἐστιν
2281 4751 2454 4805 εἰπεῖν
2501 4753 2705 4823 κυρίως
2757 4755 3019 4810 ἀντίδοσιν
3074 4758 3180 4813 τῶν
3233 4757 3291 4813 εὖ
3340 4761 3683 4830 βεϐιωκότων

2101 4840 2351 4909 γενέσθαι
2390 4844 2489 4912 τὴν
2515 4844 2613 4914 τῆς
2653 4844 2800 4914 ζωῆς
2833 4848 3142 4917 μετουσίαν,
3191 4853 3284 4904 καὶ
3314 4854 3588 4923 τιμωρίαν
3621 4856 3682 4909 τὸ

420 4936 536 4990 Deo
579 4951 771 4992 rursus
816 4933 1074 5004 conjungi
1123 4944 1288 5004 atque
1331 4933 1638 4994 conciliari,
1689 4941 1743 4988 et
1795 4933 1850 4987 in
1882 4934 1994 4987 vita

2102 4933 2354 5005 ἔμπαλιν.
2398 4937 2540 4990 Ἀλλ’
2566 4939 2751 5008 ὅμοιόν
2784 4942 2898 4993 ἐστι
2930 4940 3170 5011 κατὰ
3210 4945 3336 5007 τοὺς
3364 4944 3681 5017 ὀφθαλμοὺς

419 5024 651 5081 versari.
711 5024 842 5079 Cum
888 5040 1019 5094 ergo
1063 5023 1183 5078 haec
1226 5022 1339 5076 vita
1385 5037 1483 5093 per
1535 5038 1686 5091 spem
1744 5022 1996 5078 humanae

2102 5027 2457 5098 ὑποδείγματι
2480 5029 2541 5083 τὸ
2558 5028 2862 5101 λεγόμενον.
2891 5033 3024 5087 Οὐδὲ
3048 5036 3158 5106 γάρ
3182 5034 3258 5105 τῷ
3283 5036 3681 5111 κεκαθαρμένῳ

419 5128 633 5173 natura:
675 5116 954 5188 proposita
998 5117 1088 5180 sit,
1141 5130 1252 5169 non
1298 5114 1520 5185 pr0prie
1563 5111 1674 5167 dici
1698 5119 1877 5182 potest
1910 5129 1996 5168 re-

419 5208 851 5264 munerationem
899 5223 1088 5263 eorum
1126 5207 1220 5277 qui
1268 5206 1407 5261 bene
1444 5205 1716 5269 vixerunt,
1763 5204 1991 5275 partici-

419 5301 696 5364 pationem
741 5308 797 5353 et
843 5313 1003 5352 usum
1055 5298 1182 5352 vita:
1225 5296 1364 5361 fore,
1397 5303 1453 5350 et
1496 5296 1825 5366 supplicium
1871 5296 1993 5350 vice

416 5406 596 5445 versa.
647 5386 755 5443 Sed
805 5390 950 5457 quod
999 5389 1202 5443 dicitur
1244 5387 1430 5443 simile
1473 5396 1559 5442 est
1610 5389 1663 5442 ei
1715 5403 1877 5458 quam
1922 5386 1992 5443 de

415 5483 593 5538 oculis
637 5481 692 5535 in
732 5480 973 5534 medium
1034 5478 1311 5534 atl‘erimus
1372 5478 1743 5535 similitudini.
1806 5478 1988 5549 Neque

414 5575 557 5630 enim
595 5573 642 5629 ei
673 5571 765 5643 qui
789 5570 979 5626 oculos
1006 5579 1262 5642 purgatos
1285 5572 1470 5635 habet,
1496 5570 1777 5639 praemium
1810 5571 1985 5640 quod-

411 5669 536 5723 dam
573 5674 628 5722 et
667 5663 1019 5721 honorarium
1050 5678 1173 5718 esse
1201 5662 1437 5717 dicimus
1459 5677 1649 5717 eorum
1680 5678 1802 5732 qua:
1835 5664 1985 5719 cerni

413 5772 643 5833 possunt
659 5758 1185 5816 animadversionem
1212 5777 1225 5811 :
1253 5764 1348 5813 aut
1371 5757 1547 5814 oculis
1564 5758 1831 5814 laboranti
1852 5776 1983 5816 con-

2101 5118 2199 5182 τάς
2222 5120 2372 5188 ὄψεις
2404 5120 2637 5175 ἐπαθλόν
2684 5123 2737 5175 τί
2767 5140 2947 5195 φαμεν
2976 5122 3111 5180 εἶναι
3139 5127 3231 5181 καὶ
3263 5128 3549 5200 πρεσϐεῖον
3579 5131 3680 5203 τὴν

2099 5212 2208 5265 τῶν
2233 5212 2442 5283 όρατῶν
2468 5215 2877 5289 κατανόησινμῆ
2907 5217 2984 5289 τῷ
3026 5219 3286 5286 νοσοῦντι,
3326 5221 3386 5274 τὸ
3417 5220 3676 5292 ἔμπαλιν,

2101 5304 2397 5374 καταδίκην
2442 5305 2565 5358 τινὰ
2621 5308 2716 5360 καὶ
2763 5311 3141 5381 τιμωρητικὴν
3192 5312 3461 5366 ἀπόϐασιν
3500 5315 3561 5367 τὸ
3601 5317 3676 5388 μὴ

2104 5393 2350 5465 μετέχειν
2369 5396 2468 5465 τῆς
2488 5398 2743 5470 όρατικῆς
2774 5402 3069 5471 ἐνεργείας.
3106 5401 3243 5454 Ἀλλ’
3267 5403 3344 5467 ὡς
3364 5404 3678 5472 ἀναγκαίως

2094 5483 2286 5539 ἕπεται
2316 5486 2396 5557 τῷ
2423 5488 2565 5542 κατά
2595 5489 2754 5559 φύσιν
2784 5491 3109 5563 διακειμένῳ
3137 5493 3197 5546 τὸ
3226 5493 3466 5563 βλέπειν,
3499 5495 3578 5567 τῷ
3614 5515 3675 5549 τε

2094 5575 2204 5628 ἀπὺ
2239 5574 2445 5640 πάθους
2472 5579 2860 5649 παρενεχθέντι
2888 5580 2989 5649 τῆς
3027 5580 3261 5649 φύσεως,
3297 5583 3357 5636 τὸ
3399 5582 3474 5655 μὴ
3521 5587 3677 5655 ἐνερο

2095 5667 2212 5733 γεῖν
2239 5664 2337 5737 τὴν
2382 5669 2604 5738 ὅρασιν·
2652 5670 2742 5723 τὸν
2787 5672 2949 5725 αὐτὸν
2989 5673 3188 5743 τρόπον
3229 5674 3383 5746 καὶὴ
3428 5677 3675 5747 μακαρία

2095 5758 2208 5833 ζωὴ
2244 5764 2493 5833 συμφυής
2519 5764 2633 5818 ἐστι
2666 5765 2761 5818 καὶ
2786 5764 2960 5819 οίκεία
2988 5768 3101 5830 τοῖς
3133 5767 3569 5839 κεκαθαρμένοις
3605 5768 3674 5825 τά
