4034 6132
340 266 447 322 ΓΠ

1148 265 1234 321 DE
1264 266 1680 327 INFANTIBUS
1709 269 1828 338 QUI
1851 269 2305 330 PBtEMATURE
2325 274 2814 334 ABRIPIUNTUB.

3377 341 3388 351 _
3485 268 3584 324 173

342 383 440 449 τῆς
467 379 639 451 ψυχῆς
671 380 1000 452 αἰσθητήρια
1027 397 1041 414 θ
1077 383 1161 451 ἐφ’
1195 376 1270 437 ὧν
1296 384 1352 437 δὲ
1375 386 1623 458 καθάπερ
1652 405 1732 452 τις
1763 387 1910 458 λήμη
1944 412 1954 448 Α

2041 405 2119 450 ra,
2168 383 2674 448 e'ondemnationem
2710 390 3002 462 quamdam
3052 397 3104 444 et
3149 387 3417 458 pmnalem
3465 401 3590 442 sen-

340 472 400 521 τὸ
425 471 567 523 κατά
592 471 686 540 τὴν
713 471 934 538 ἄγνοιαν
961 472 1130 536 πάθος
1157 474 1409 544 ἐμπόδιον
1432 476 1566 547 πρὸς
1599 477 1698 547 τὴν
1730 494 1912 547 μετου-

339 561 458 615 σίαν
480 562 579 614 τοῦ
613 562 865 630 ἀληθινοῦ
903 563 1079 632 φωτὸς
1105 565 1334 632 γίνεται,
1371 567 1684 636 ἀναγκαίως
1720 569 1912 622 ἕπεται

333 653 395 704 τὸ
420 653 501 724 μὴ
533 654 772 723 μετέχειν
798 655 1028 719 ἐκείνου,
1061 649 1121 708 οὗ
1149 655 1249 726 τὴν
1285 659 1572 727 μετουσίαν
1601 659 1744 731 ζωὴν
1775 655 1911 715 εἶναί

336 761 523 815 φαμεν
549 745 636 798 τοῦ
659 747 996 816 μετέχοντος.

2019 483 2265 548 tentiam,
2307 484 2453 554 quod
2486 501 2592 538 non
2625 499 2849 555 compos
2896 491 2979 538 est
3012 481 3313 536 efficientia:
3345 477 3588 533 videndi.

2019 569 2128 626 Sed
2156 581 2215 626 ut
2237 577 2550 630 necessario
2579 575 2953 645 consequitur,
2979 580 3036 628 ut
3073 573 3119 628 is
3149 573 3242 639 qui
3287 570 3588 626 secundum

2022 671 2273 718 naturam
2307 666 2606 736 dispositus
2649 675 2734 722 est
2777 666 2976 728 videat,
3032 665 3080 720 is
3133 679 3262 718 vero
3305 662 3465 731 cujus
3520 676 3586 713 ex

2023 755 2218 808 morbo
2265 765 2458 810 natura
2509 759 2700 813 vitiata
2734 771 2798 813 ac
2846 757 3140 826 depravata
3175 751 3281 822 est,
3321 754 3588 808 visionem

339 854 448 892 non
499 849 750 895 exerceat
792 861 805 895 :
859 842 1047 896 eodem
1117 841 1281 897 modo
1335 845 1492 898 beata
1532 859 1753 916 quoque
1805 846 1916 900 vita
1956 856 2188 916 cognata
2221 865 2283 904 ac
2316 852 2540 922 propria
2596 867 2784 907 eorum
2854 858 2938 906 est
2968 850 3167 922 quibus
3229 848 3426 902 anima:
3465 860 3594 900 sen-

337 931 488 984 soria
547 941 776 1003 purgata
819 940 949 987 sunt
993 934 1095 988 :in
1130 934 1333 1005 quibus
1376 945 1555 992 autem
1600 938 1924 1008 ignorantiae
1957 938 2354 1010 vitium,quasi
2390 943 2640 1013 quaedam
2673 942 2939 1014 lippitudo
3003 939 3408 1012 participationi
3479 936 3595 991 veri

338 1024 567 1078 luminis
621 1023 821 1092 oﬁieit,
868 1029 1186 1082 necessario
1233 1027 1515 1097 sequitur,
1562 1037 1623 1083 ut
1670 1045 1779 1083 non
1835 1028 2133 1100 participes
2197 1033 2309 1088 sint
2371 1035 2495 1103 eius
2544 1035 2706 1104 cujus
2759 1034 3238 1106 participationem
3311 1039 3364 1086 et
3433 1043 3594 1084 usum

337 1116 504 1170 vitam
539 1132 664 1172 esse
685 1118 922 1174 dicimus
955 1121 1356 1191 participautis.

407 1207 630 1260 Τούτων
657 1209 835 1263 τοίνυν
859 1211 1032 1273 οὕτως
1057 1215 1189 1284 ἡμῖν
1216 1214 1558 1286 διῃρημένων
1577 1255 1593 1282 ,
1637 1219 1829 1289 καιρὸς
1856 1200 1938 1272 ἄν’

339 1301 421 1370 εἰη
456 1300 766 1366 διεξετάσαι
794 1303 872 1374 τῷ
903 1304 1124 1374 λόγῳ-τὸ
1148 1307 1406 1376 προτεθὲν
1427 1311 1561 1379 ἡμῖν
1591 1309 1798 1381 πρόελη
1810 1329 1885 1380 μα
1907 1328 1920 1342 ·

337 1390 584 1444 τοιοῦτον
610 1393 666 1445 δέ
695 1409 748 1444 τι
778 1393 1068 1464 λεγόμενον
1100 1392 1185 1467 ἦν·
1222 1397 1285 1450 Εἰ
1328 1399 1470 1453 κατά
1499 1399 1560 1453 τὺ
1601 1399 1806 1454 δίκαιον
1836 1401 1922 1468 γίη

340 1498 492 1534 νεται
522 1482 633 1536 τῶν
660 1484 882 1552 ἀγαθῶν
910 1487 941 1556 ἡ
968 1487 1341 1554 ἀνταπόδοσις,
1374 1491 1431 1542 ὲν
1466 1489 1604 1544 τίσιν
1633 1491 1785 1545 ἔσται
1814 1494 1841 1544 ὁ
1868 1495 1927 1546 ἐν

341 1572 521 1675 νηπίῳ
567 1575 899 1675 τελευτησας
943 1578 1032 1630 τὸν
1075 1579 1208 1648 βίον,
1256 1581 1390 1651 μήτε
1425 1581 1594 1635 κακὸν
1619 1584 1676 1635 ἐν
1704 1585 1769 1654 τῇ
1810 1583 1922 1653 ζωῇ
1962 1620 2002 1675 Β

340 1664 512 1736 ταύτῃ
544 1666 1006 1736 καταϐαλόμενος,
1040 1672 1174 1740 μήτε
1197 1672 1420 1739 ἀγαθὸν,
1453 1673 1594 1727 ὥστε
1619 1674 1707 1728 διά
1725 1675 1926 1729 τούτων

341 1756 601 1824 γενέσθαι
637 1758 786 1828 αύτῷ
828 1759 928 1829 τὴν
975 1763 1094 1814 κατ’
1129 1762 1287 1830 ἀξίαν
1331 1765 1627 1833 ἀντίδοσιν;
1679 1761 1751 1838 Τῼ
1795 1768 1928 1838 πρὸς

341 1848 438 1918 τὴν
457 1848 787 1902 ἀκολουθίαν
805 1849 914 1904 τῶν
943 1850 1324 1924 ἐξητασμένων
1349 1855 1582 1925 ὁρῶντες
1608 1858 1931 1928 ἀποκρινού-

344 1939 484 2008 μεθα
514 1940 691 1992 ὅτιτὸ
723 1941 1164 2011 προσδοκώμενον
1189 1944 1412 2012 ἀγαθὸν,
1441 1947 1640 2001 οἰκεῖον
1676 1948 1775 2019 μέν
1813 1951 1928 2003 ὲστι

342 2030 481 2083 κατά
519 2030 692 2098 φύσιν
721 2031 798 2102 τῷ
825 2031 1152 2105 ἀνθρωπίνῳ
1193 2035 1378 2102 γένει,
1433 2037 1648 2105 λέγεται
1697 2039 1752 2092 δὲ
1789 2042 1930 2093 κατά

339 2140 462 2176 τινα
509 2123 753 2177 διάνοιαν
800 2125 860 2177 τὸ
910 2125 1040 2178 αὐτὸ
1088 2127 1183 2179 καὶ
1227 2128 1526 2192 ἀντίδοσις·
1577 2129 1656 2200 τῷ
1686 2130 1740 2184 δὲ
1784 2131 1930 2202 αὐτῷ

339 2212 710 2283 ὑποδείγματι
745 2214 908 2268 πάλιν
949 2215 1010 2267 τὸ
1042 2216 1218 2286 νόημα
1249 2217 1406 2270 τοῦτο
1449 2219 1926 2290 σαφηνισθήσεται.

341 2306 445 2359 Δύο
485 2309 605 2377 γάρ
649 2325 792 2372 τινες
823 2307 1230 2362 ὑποκείσθωσαν
1259 2310 1336 2380 τῷ
1364 2309 1507 2381 λόγῳ
1540 2312 1932 2383 ἀρῤωστήματί

339 2415 444 2452 τινι
479 2399 630 2452 κατά
661 2399 759 2461 τάς
786 2398 936 2468 ὄψεις
985 2401 1409 2471 συνενεχθέντες,
1455 2402 1659 2457 τούτων
1689 2403 1745 2458 δὲ
1777 2407 1804 2457 ὁ
1835 2405 1932 2474 μὲν

343 2491 769 2560 σπουδαιότερον
797 2490 986 2543 ἑαυτὸν
1017 2491 1298 2545 ὲπιδιδότω
1325 2495 1390 2563 τῇ
1439 2494 1728 2565 θεραπείᾳ,
1759 2496 1932 2550 πάντα

340 2582 641 2652 ὑπομένων
669 2581 736 2634 τὰ
770 2582 918 2652 παρά
966 2584 1064 2652 τῆς
1107 2584 1356 2655 ἰατρικῆς
1391 2586 1794 2656 προσαγόμενοι,
1833 2588 1933 2641 κᾶν

341 2673 587 2727 ἐπίπονα
683 2688 696 2703 ⁸
743 2677 772 2728 ό
819 2675 875 2727 δὲ
909 2675 1046 2745 πρὸς
1093 2675 1294 2747 λουτρά
1340 2693 1400 2730 τε
1447 2678 1542 2731 καὶ
1587 2680 1934 2749 οἰνοφλυγίας

341 2766 754 2838 ἀκρατέστερον
796 2767 1103 2830 διακείσθω,
1156 2769 1426 2840 μηδεμίαν
1463 2769 1558 2822 τοῦ
1597 2770 1935 2842 ἰατρεύοντος

344 2859 665 2930 συμϐουλὴν
716 2860 851 2930 πρὸς
894 2860 994 2932 τὴν
1024 2861 1132 2913 τῶν
1173 2862 1468 2934 ὀφθαλμῶν
1501 2866 1710 2934 ὑγίειαν
1758 2885 1934 2939 παρα-

2097 1216 2192 1274 llis
2220 1219 2386 1290 igitur
2428 1233 2457 1273 a
2489 1219 2650 1275 nobis
2693 1219 2798 1274 hoc
2831 1218 2992 1274 modo
3021 1217 3298 1273 distinctis
3331 1223 3385 1271 et
3419 1216 3596 1284 expli-

2025 1311 2183 1373 catis,
2209 1313 2587 1381 tempestivum
2612 1311 2774 1368 fuerit
2796 1312 3128 1383 propositam
3164 1309 3322 1365 nobis
3351 1309 3597 1362 oratione

2025 1409 2263 1456 tractare
2308 1411 2470 1471 atque
2522 1402 2799 1458 discutere
2849 1401 3203 1473 quaestionem
3245 1397 3598 1470 :hujusmodi

2028 1496 2207 1543 autem
2254 1489 2512 1560 quiddam
2564 1499 2683 1546 erat
2718 1493 2862 1562 quod
2902 1491 3352 1562 proponebatur:
3395 1489 3451 1544 Si
3500 1505 3599 1558 pro

2027 1593 2094 1634 eo
2126 1581 2273 1650 quod
2315 1582 2526 1652 justum
2570 1591 2676 1647 est,
2712 1585 2980 1638 bonorum
3026 1583 3396 1638 renumeratio
3437 1591 3600 1650 atque

2029 1673 2318 1728 retributio
2355 1674 2435 1738 ﬁt,
2487 1675 2541 1729 in
2601 1676 2800 1746 quibus
2848 1675 3158 1731 versabitur
3192 1675 3238 1730 is
3273 1675 3367 1745 qui
3419 1673 3600 1728 infans

2029 1761 2085 1816 in
2129 1770 2315 1819 tenera
2361 1772 2519 1819 aetate
2562 1765 2733 1819 vitam
2781 1765 2974 1827 ﬁnivit,
3020 1778 3197 1834 neque
3243 1762 3370 1818 boni
3416 1762 3470 1816 in
3501 1762 3603 1816 hac

2028 1852 2140 1907 vita
2186 1867 2364 1924 neque
2392 1854 2519 1908 mali
2559 1855 2853 1925 quidquam
2895 1862 3126 1908 conatus
3154 1861 3208 1909 et
3241 1868 3493 1919 exorsus,
3543 1860 3602 1906 ut

2030 1959 2128 2014 per
2161 1947 2276 1999 haec
2309 1945 2357 2000 ei
2393 1961 2492 2015 pro
2531 1945 2727 2001 merito
2762 1946 3047 2001 retributio
3079 1944 3204 1998 ﬁat?
3245 1943 3344 1999 Cui
3382 1944 3448 1998 ad
3479 1959 3604 1998 con-

2033 2037 2376 2106 sequentiam
2407 2052 2597 2093 eorum
2623 2053 2744 2108 quae
2765 2038 3074 2092 examinata
3098 2044 3226 2092 sunt
3245 2035 3602 2106 respicientes

2032 2127 2486 2197 respondebimus
2540 2129 2684 2199 quod
2746 2129 2972 2192 bonum,
3033 2127 3178 2197 quod
3237 2135 3600 2196 exspectatur,

2033 2220 2332 2276 secundum
2389 2228 2639 2276 naturam
2689 2219 2908 2291 quidem
2953 2219 3179 2274 humani
3217 2218 3431 2290 generis
3478 2233 3604 2287 pro.-

2031 2311 2211 2380 prium
2258 2320 2394 2368 est:
2453 2312 2655 2368 dicitur
2716 2320 2895 2368 autem
2949 2310 3252 2367 secundum
3315 2310 3602 2380 quemdam

2033 2403 2393 2467 intellectum,
2441 2404 2582 2460 idem
2629 2404 2793 2460 etiam
2851 2403 3136 2459 retributio
3172 2421 3183 2455 :
3218 2411 3381 2471 atque
3418 2403 3605 2457 eadem

2034 2511 2230 2552 rursus
2280 2495 2643 2550 similitudine
2692 2511 2888 2551 sensus
2931 2495 3020 2548 hic
3054 2493 3440 2563 explicabitur.
3504 2491 3604 2546 Po-

2035 2597 2240 2641 nantur
2281 2587 2425 2642 enim
2459 2589 2514 2641 in
2560 2587 2807 2642 oratione
2862 2594 3053 2640 nostra
3097 2585 3207 2640 duo
3238 2585 3480 2654 quidam,
3513 2584 3605 2654 qui

2035 2678 2090 2732 in
2111 2677 2359 2732 morbum
2389 2679 2677 2747 quemdam
2707 2676 3000 2732 inciderint
3033 2675 3340 2738 oculorum,
3372 2690 3606 2744 quorum

2035 2782 2180 2822 unus
2229 2767 2427 2837 majori
2488 2783 2612 2821 cum
2668 2765 2852 2822 studio
2903 2763 3188 2835 magisque
3234 2764 3428 2820 sedulo
3485 2780 3608 2819 sese

2038 2857 2310 2912 curationi
2365 2857 2666 2927 permittat,
2715 2856 2900 2910 omnia
2940 2870 3063 2925 qua:
3124 2855 3192 2911 ab
3241 2863 3358 2910 arte
3398 2856 3608 2910 medica

341 2950 666 3022 δεξάμενος.
715 2952 899 3021 Φαμὲν
947 2951 1144 3018 τοίνυν,
1189 2955 1327 3025 πρὸς
1370 2955 1429 3008 τὸ
1467 2957 1635 3026 πέρας
1681 2961 1937 3030 ἐκατέρου

2044 2950 2430 3015 adhibeantur,
2462 2950 2814 3019 quantumvis
2851 2949 3016 3004 etiam
3055 2948 3297 3004 dolorem
3332 2947 3607 3004 facientia.

347 3043 666 3112 βλέποντες,
698 3044 862 3108 ἀξίως
904 3045 1210 3100 ἀντιλαϐεῖν
1256 3047 1515 3117 ἑκάτερον
1545 3049 1644 3119 τῆς
1679 3051 1938 3122 προαιρέ-

347 3151 482 3198 σεως
536 3133 708 3188 αὐτοῦ
751 3135 876 3197 τοὺς
923 3135 1206 3207 καρπούς*
1258 3136 1350 3190 τὸν
1407 3138 1506 3207 μὲν
1537 3140 1637 3210 τὴν
1685 3140 1940 3212 στέρησιν

346 3221 439 3274 τοῦ
475 3222 692 3292 φωτὸς,
719 3221 810 3276 τὸν
839 3223 896 3276 δὲ
919 3225 1018 3296 τὴν
1040 3224 1358 3280 ἀπόλαυσιν.
1389 3228 1463 3280 Τὸ
1489 3229 1598 3299 γὰρ
1626 3229 1940 3298 ἀναγκαίως

347 3311 623 3384 ἑπόμενον
650 3353 664 3376 ,
721 3314 988 3369 ἀντίδοσιν
1035 3317 1098 3369 ἐκ
1148 3319 1537 3389 καταχρήσεως
1580 3321 1936 3394 ὀνομάζομεν.

347 3404 540 3458 Ταῦτα
571 3405 665 3458 καλ⁸
691 3406 784 3460 ἐπὶ
810 3406 918 3460 τῶν
941 3408 1149 3478 νηπίων
1182 3407 1528 3479 ζητουμένων
1555 3411 1703 3465 ἔστιν
1743 3415 1936 3480 εἰπεῖν,

347 3496 427 3548 ὅτι
452 3497 487 3566 ἡ
525 3497 630 3566 τῆς
651 3496 795 3567 ζωῆς
819 3499 1032 3568 ἐκείνης
1061 3501 1377 3566 ἀπόλαυσις,
1404 3503 1578 3556 οἰκεία
1604 3504 1702 3574 μέν
1733 3505 1847 3559 ἐστι
1873 3511 1938 3579 τῇ

348 3589 677 3660 ἀνθρωπίνῃ
725 3589 884 3657 φύσει
911 3607 924 3621 ³
960 3591 1057 3661 τῆς
1091 3592 1147 3644 δὲ
1191 3594 1332 3647 κατά
1377 3595 1474 3664 τὴν
1507 3595 1729 3664 ἄγνοιαν
1761 3598 1938 3661 νόσου,

348 3680 577 3733 πάντων
607 3680 789 3750 σχεδὸν
817 3681 922 3734 τῶν
951 3684 1008 3735 ὲν
1050 3685 1115 3753 τῇ
1149 3686 1313 3754 σαρκὶ
1357 3685 1574 3748 ζώντων
1607 3689 1939 3761 ἐπικρατού-

351 3790 450 3842 σης
475 3813 490 3834 ,
548 3773 580 3824 ὁ
617 3773 714 3842 μὲν
746 3775 864 3836 ταῖς
892 3773 1261 3844 καθηκούσαις
1293 3777 1610 3850 θεραπείαις
1639 3781 1828 3834 ἑαυτὸν
1853 3783 1942 3834 ὲκ-

350 3864 637 3934 καθάρας,
685 3866 779 3916 καὶ
828 3858 938 3917 οἶόν
984 3882 1104 3918 τινα
1146 3867 1330 3938 λήμην
1369 3869 1463 3922 τοῦ
1493 3869 1799 3941 διορατικοῦ
1844 3873 1944 3942 τῆς

349 3955 534 4025 ψυχῆς
587 3953 902 4018 ἀποκλύσας
943 3957 1040 4026 τὴν
1087 3957 1325 4026 ἄγνοιαν,
1376 3961 1526 4026 ἀξιον
1570 3963 1667 4031 τῆς
1707 3963 1944 4035 σπουδῆς

351 4047 463 4115 ἔχει
487 4046 556 4098 τὸ
586 4044 792 4116 κέρδος,
819 4048 875 4099 ὲν
897 4049 958 4116 τῇ
996 4048 1107 4118 ζωῇ
1131 4052 1198 4119 τῇ
1225 4051 1364 4104 κατά
1388 4051 1548 4120 φύσιν
1577 4053 1883 4122 γενόμενος’
1916 4057 1943 4108 6

352 4139 407 4191 δὲ
430 4138 503 4191 τά
529 4137 623 4191 διά
654 4141 752 4208 τῆς
781 4138 980 4209 ἀρετῆς
1003 4138 1219 4208 φεύγων
1248 4141 1540 4212 καθάρσια,
1570 4143 1666 4196 καὶ
1694 4144 1942 4199 δυσίατον

355 4230 538 4300 ἑαυτῷ
571 4229 660 4283 διὰ
704 4229 812 4282 τῶν
842 4229 1132 4299 ἀπατηλῶν
1160 4231 1358 4302 ἡδονῶν
1392 4233 1815 4297 κατασκευάζων
1845 4235 1942 4305 τῆς

354 4321 585 4388 ἀγνοίας
614 4319 714 4390 τὴν
745 4321 920 4385 νόσον,
966 4321 1118 4393 παρὰ
1146 4321 1307 4389 φύσιν
1333 4323 1616 4388 διατεθεὶς,
1645 4324 1940 4396 ἠλλοτρίω-

355 4428 444 4463 ται
465 4409 568 4463 τοῦ
595 4410 738 4462 κατά
758 4409 937 4478 φύσιν,
971 4412 1065 4463 καὶ
1090 4411 1353 4481 ἀμέτοχος
1379 4412 1586 4480 γίνεται
1612 4414 1712 4483 τῆς
1740 4415 1942 4478 οἰκείας

356 4502 490 4572 ἡμῖν
516 4503 615 4556 καὶ
644 4503 979 4573 καταλλήλου
1009 4505 1172 4576 ζωῆς.
1201 4505 1272 4557 Τὸ
1293 4505 1347 4557 δὲ
1370 4506 1732 4576 ἀπειρόκακον
1753 4508 1943 4578 νήπιον

361 4595 642 4663 μηδεμιᾶς
673 4593 829 4646 νόσου
859 4594 966 4646 τῶν
1009 4594 1108 4663 τῆς
1157 4593 1334 4664 ψυχῆς
1377 4595 1640 4665 ὀμμάτων
1683 4596 1819 4666 πρὸς
1845 4598 1943 4669 τὴν

356 4685 456 4738 τοῦ
507 4685 690 4755 φωτὸς
738 4685 1024 4755 μετουσίαν
1067 4685 1500 4755 ἐπιπροσθούσης
1526 4727 1539 4749 ,
1595 4689 1651 4739 ὲν
1690 4687 1767 4757 τῷ
1805 4689 1943 4741 κατά

359 4775 526 4843 φύσιν
561 4775 792 4844 γίνεται,
833 4774 907 4844 μὴ
953 4775 1204 4846 δεόμενον
1246 4773 1346 4843 τῆς
1378 4775 1442 4827 ὲκ
1477 4774 1570 4827 τοῦ
1605 4775 1943 4846 καθαρθῆναι

360 4868 597 4933 ὑγιείας.
623 4867 706 4920 ὅτι
736 4865 870 4938 μηδὲ
898 4865 995 4936 τὴν
1022 4865 1193 4936 ἀρχὴν
1221 4865 1318 4936 τὴν
1344 4865 1496 4918 νόσον
1534 4868 1601 4936 τῇ
1626 4865 1770 4937 ψυχῇ
1805 4883 1944 4936 παρ-

361 4958 604 5025 εδέξατο.

2042 3041 2326 3100 sustinens
2369 3061 2382 3098 :
2428 3043 2566 3098 alter
2597 3057 2728 3097 vero
2767 3057 2797 3096 a
2834 3041 3046 3096 balneis
3078 3046 3132 3096 et
3163 3039 3336 3094 nimio
3365 3039 3475 3094 vini
3508 3055 3609 3095 usu

2042 3149 2164 3189 sese
2201 3134 2384 3189 ininus
2411 3135 2687 3190 abstinere
2721 3134 2916 3204 possit,
2967 3132 3181 3187 nullum
3237 3130 3432 3186 medici
3483 3147 3612 3185 eon-

2043 3226 2230 3281 silium
2288 3226 2432 3296 quod
2503 3226 2570 3280 ad
2628 3225 2916 3281 sanitatem
2985 3225 3271 3280 oculorum
3342 3223 3612 3292 pertineat

2042 3317 2362 3372 admittens.
2407 3316 2654 3372 Dicimus
2701 3317 2866 3386 igitur
2917 3318 2984 3370 ad
3038 3316 3201 3370 ﬁnem
3255 3323 3308 3370 et
3356 3323 3610 3369 eventum

2043 3408 2332 3480 utriusque
2398 3416 2732 3478 spectantes,
2785 3417 3080 3479 utrumque
3133 3423 3247 3463 suae
3309 3406 3612 3462 voluntatis

2042 3498 2238 3569 dignos
2269 3499 2514 3570 recipere
2543 3498 2789 3566 fructus;
2819 3500 2964 3554 hunc
2986 3501 3206 3569 quidem
3229 3499 3611 3569 privationem,

2041 3589 2194 3644 illum
2237 3604 2368 3644 vero
2409 3604 2571 3646 usum
2614 3597 2668 3643 et
2714 3589 3028 3644 fruitionem
3076 3590 3235 3643 lucis.
3269 3588 3425 3653 Quod
3467 3588 3612 3642 enim

2043 3679 2360 3734 necessario
2415 3678 2688 3748 sequitur,
2738 3677 2794 3732 id
2835 3693 2932 3748 per
2984 3677 3331 3742 abusionem,
3382 3677 3615 3732 retribu-

2042 3771 2245 3826 tionem
2274 3780 2328 3826 et
2355 3771 2856 3841 compensationem
2885 3770 3255 3824 nominamus.
3292 3767 3418 3823 llaec
3446 3768 3614 3822 etiam

2044 3862 2113 3918 ad
2162 3879 2223 3920 ea
2270 3879 2391 3933 qua:
2421 3865 2488 3919 de
2520 3863 2822 3920 infantibus
2857 3871 3174 3933 quaeruntur
3208 3863 3317 3918 dici
3362 3870 3615 3933 possunt,

2043 3957 2188 4026 quod
2236 3957 2384 4012 illius
2416 3957 2541 4012 vitae
2601 3971 2736 4011 usus
2786 3962 2950 4025 atque
2996 3952 3207 4019 fruitio,
3244 3953 3462 4025 propria
3491 3953 3617 4022 qui-

2044 4047 2165 4103 dem
2223 4049 2476 4102 humana;
2535 4054 2746 4102 natura:
2800 4047 2902 4108 sit.
2967 4045 3064 4102 sed
3109 4060 3234 4100 cum
3296 4042 3617 4116 ignorantiae

2045 4139 2236 4193 morbo
2271 4154 2466 4194 omnes
2506 4138 2898 4209 propemodum
2950 4138 3043 4208 qui
3101 4139 3156 4192 in
3207 4152 3376 4192 carne
3421 4136 3616 4190 vivunt

2046 4231 2284 4301 correpti
2313 4234 2455 4286 sint:
2481 4230 2574 4300 qui
2602 4228 2820 4301 quidem
2853 4229 3066 4284 idoneis
3097 4237 3151 4284 et
3181 4230 3617 4298 competentibus

2047 4322 2424 4378 curationibus
2460 4337 2581 4378 sese
2608 4322 3013 4391 expurgaverit,
3046 4329 3100 4374 et
3132 4319 3300 4374 veluti
3339 4319 3616 4388 lippitudi-

2045 4428 2167 4467 nem
2215 4412 2504 4483 quamdam
2549 4427 2578 4465 a
2626 4413 2964 4482 perspectiva
3009 4410 3061 4463 vi
3115 4411 3310 4464 animae
3359 4409 3616 4479 ignoran-

2043 4503 2173 4557 tiam
2213 4503 2368 4571 quasi
2416 4501 2763 4564 derivaverit,
2815 4499 3050 4555 abluerit
3097 4506 3263 4569 atque
3313 4497 3616 4557 sustulerit.

2043 4593 2265 4663 dignum
2307 4592 2490 4659 studio
2525 4592 2738 4646 lucrum
2790 4599 3120 4647 consecutus
3159 4591 3215 4644 in
3268 4603 3330 4644 ea
3374 4603 3494 4658 qua:
3531 4604 3617 4643 se-

2043 4685 2282 4738 cundum
2328 4690 2582 4737 naturam
2637 4690 2741 4746 est,
2797 4683 2906 4736 vita
2954 4689 3240 4742 versatur;
3308 4677 3401 4746 qui
3437 4685 3620 4732 autem

2048 4791 2110 4830 ea
2162 4790 2284 4844 quae
2318 4789 2413 4844 per
2443 4775 2702 4828 virtutem
2740 4773 3088 4833 adhibentur,
3130 4770 3442 4840 purgatoria
3482 4767 3619 4838 fugit

2050 4866 2311 4925 remedia,
2349 4870 2652 4932 euratuque
2678 4861 2949 4917 difficilem
2997 4860 3100 4916 sibi
3130 4874 3224 4928 per
3268 4856 3491 4911 fallaces
3520 4871 3618 4910 vo-

2039 4959 2290 5026 luptates
2336 4955 2658 5026 ignorantiae
2699 4955 2951 5008 morbum
2996 4949 3178 5010 eﬁicit,
3226 4956 3423 5020 praeter
3455 4955 3618 5001 natu-

364 5065 482 5102 ram
531 5049 837 5119 dispositus
870 5057 924 5103 et
957 5047 1186 5104 aﬂectus
1226 5048 1440 5103 alienus
1469 5055 1554 5102 est
1588 5048 1657 5101 ab
1703 5062 1769 5102 eo
1798 5048 1945 5117 quod
1997 5047 2301 5103 secundum
2359 5052 2612 5098 naturam
2673 5052 2780 5107 est,
2839 5050 2894 5098 et
2953 5055 3148 5109 expers
3211 5038 3273 5092 ﬁt
3327 5037 3448 5106 ejus
3495 5037 3620 5088 vitae

365 5157 487 5210 quae
522 5144 686 5199 nobis
720 5141 938 5212 proprie
970 5141 1225 5196 convenit
1264 5149 1319 5195 et
1345 5140 1758 5195 accommodata
1806 5150 1907 5194 est.
1959 5140 2032 5195 At
2081 5139 2296 5208 puellus
2340 5139 2522 5194 infans
2575 5137 2807 5206 simplex
2872 5134 3161 5202 omnisque
3228 5129 3452 5183 malitiae
3522 5142 3618 5184 ex-

365 5252 514 5307 pers,
565 5235 718 5290 nullo
767 5235 931 5289 etiam
965 5248 1111 5288 nunc
1158 5233 1444 5288 oculorum
1511 5230 1680 5284 animi
1744 5230 1936 5286 morbo
1991 5231 2398 5302 partieipationi
2446 5230 2586 5284 lucis
2620 5227 2912 5289 officiente,
2943 5225 2998 5279 in
3043 5241 3108 5281 eo
3164 5225 3312 5297 quod
3369 5221 3620 5277 naturale

366 5340 453 5386 est
507 5341 786 5394 versatur,
857 5331 1095 5384 sanitate
1155 5343 1276 5397 quae
1347 5341 1443 5396 per
1494 5325 1874 5395 purgationem
1937 5325 2230 5397 contingit,
2285 5340 2394 5379 non
2449 5323 2721 5395 indigens,
2775 5322 2979 5392 quippe
3027 5320 3121 5392 qui
3175 5335 3280 5376 nec
3340 5321 3409 5375 ab
3462 5317 3620 5372 initio

367 5426 584 5497 quidem
635 5440 864 5496 prorsus
905 5426 958 5478 in
1005 5423 1248 5477 animum
1293 5421 1547 5475 morbum
1596 5419 1838 5475 admisit.

439 5517 545 5571 Καί
577 5534 668 5590 μοι
698 5518 843 5571 δοκεῖ
871 5515 960 5569 διά
996 5531 1139 5576 τινος
1171 5513 1460 5581 ἀναλογίας
1489 5512 1702 5576 οἰκείως
1743 5511 1888 5582 ἔχειν
1916 5513 1944 5564 ὁ

370 5609 555 5680 παρὼν
577 5610 672 5663 τοῦ
709 5609 824 5679 βίου
849 5608 1046 5679 τρόπος
1079 5608 1143 5677 τῇ
1186 5605 1604 5677 προσδοκωμένη
1637 5605 1769 5677 ζωῇ.
1793 5603 1940 5659 Καθ-

372 5701 512 5772 άπερ
538 5701 648 5773 γὰρ
690 5700 826 5771 θηλῇ
886 5701 979 5752 καὶ
1005 5699 1236 5768 γάλακτι
1279 5699 1310 5768 ἠ
1345 5697 1532 5769 πρώτη
1579 5699 1685 5752 τῶν
1733 5696 1940 5767 νηπίων

2120 5508 2199 5562 Ac
2228 5506 2358 5560 mihi
2400 5517 2643 5573 praesens
2676 5501 2802 5556 vitae
2841 5500 2983 5555 ratio
3030 5515 3126 5570 per
3164 5513 3454 5569 quamnam
3485 5513 3619 5554 con.

2049 5597 2377 5653 venientiam
2403 5603 2565 5663 atque
2587 5592 2994 5662 proportionem
3022 5590 3204 5646 afﬁnis
3228 5597 3281 5644 et
3314 5587 3618 5659 propinqua

2051 5705 2174 5747 esse
2211 5688 2425 5744 videtur
2467 5685 2514 5741 ei
2549 5685 2672 5740 vitae
2703 5699 2866 5755 quam
2910 5693 3311 5754 exspectamus.
3343 5677 3620 5744 Quemad-
