4034 6132
406 240 515 301 179

1676 245 1732 299 S.
1758 244 2088 304 GREGORII
2127 245 2422 303 NYSSENI

3549 251 3649 308 180

409 361 627 418 modum
651 361 794 414 enim
826 361 1000 430 prima
1025 359 1310 413 infantium
1335 365 1465 414 aetas
1491 373 1724 414 mamma
1753 375 1816 414 ac
1836 360 1976 417 laete

2081 362 2259 433 ἡλικία
2281 362 2638 433 τιθηνουμένη
2661 361 2982 434 ἐπιτρέφεται
3010 377 3022 392 ⁸
3055 359 3172 416 εἶτα
3199 362 3496 434 διαδέχεται
3522 367 3650 419 ταύ-

412 453 614 507 nutrita
662 451 962 519 educatur;
999 449 1193 504 deinde
1232 449 1374 505 alius
1423 452 1755 506 conveniens
1803 451 1852 507 ei
1889 454 1976 506 cui

412 545 701 598 adhibetur
735 544 932 612 exeipit
982 543 1158 606 cibus,
1212 545 1306 613 qui
1353 543 1582 598 idoneus
1625 559 1688 598 ac
1725 543 1978 613 proprius

413 638 484 691 sit
521 637 640 705 ejus
669 637 763 706 qui
797 635 1088 702 enutritur,
1130 635 1306 690 donec
1345 635 1410 689 ad
1447 635 1741 705 perfectam
1785 651 1980 706 perveo

413 729 554 783 nerit
582 735 828 782 atatem:
861 726 931 779 ita
959 725 1154 796 opinor
1179 726 1344 781 etiam
1371 727 1608 780 animam
1649 741 1744 796 per
1767 741 1828 780 ea
1859 739 1980 796 qua}

413 830 628 884 semper
651 813 1014 883 competentia
1051 814 1156 869 sibi
1195 822 1359 885 atque
1400 815 1812 870 accommodata
1847 816 1977 879 sint,

414 908 604 962 ordine
636 914 797 977 atque
830 910 1220 979 consequentia
1251 908 1486 980 quadam
1517 909 1833 980 participem
1865 909 1980 964 ﬁeri

412 1001 531 1071 ejus
565 1001 711 1065 vitae,
751 1015 872 1070 quae
916 1002 1218 1056 secundum
1269 1015 1519 1056 naturam
1555 1010 1660 1065 est,
1717 1007 1979 1071 quantam

413 1094 559 1163 capit
591 1108 655 1147 ac
679 1100 880 1163 potest,
911 1093 980 1147 de
1014 1093 1084 1148 iis
1113 1109 1232 1163 quae
1255 1094 1308 1148 in
1343 1094 1677 1149 beatitudine
1698 1092 1980 1163 proposita

413 1191 563 1246 sunt,
616 1190 824 1252 partem
860 1183 1187 1253 capientem,
1219 1184 1679 1254 quemadmodum
1727 1186 1888 1239 etiam
1927 1183 1978 1237 id

413 1289 443 1327 a
473 1273 641 1328 Paulo
680 1273 991 1338 didicimus,
1046 1274 1208 1328 aliter
1238 1275 1514 1330 nutriente
1558 1290 1682 1329 eum
1729 1274 1822 1344 qui
1865 1275 1978 1342 jam

413 1379 509 1434 per
543 1365 800 1419 virtutem
829 1364 1086 1428 creverit,
1133 1365 1293 1419 aliter
1324 1364 1586 1419 infantem
1631 1373 1685 1420 et
1727 1361 1977 1432 imperfe-

411 1455 637 1510 ctiorcm
665 1474 678 1510 :
711 1470 836 1509 nam
863 1457 929 1511 ad
952 1455 1505 1526 hujusmodiquidem
1538 1455 1711 1511 dicit:
1749 1473 1767 1506 ι
1797 1454 1996 1521 Laetis,

413 1554 539 1615 potu
574 1563 669 1601 vos
705 1547 838 1613 alui,
870 1555 924 1603 et
955 1563 1065 1603 non
1099 1549 1262 1615 cibo;
1302 1548 1545 1602 nondum
1581 1547 1727 1602 enim
1763 1555 1979 1616 potera-

413 1638 484 1692 tis
506 1639 544 1691 °.
574 1658 592 1690 ι
627 1637 708 1693 Ad
733 1654 824 1695 eos
841 1649 1021 1695 autem
1043 1640 1135 1710 qui
1165 1640 1278 1710 jam
1298 1640 1650 1710 impleverant
1668 1653 1978 1694 mensuram

411 1729 606 1793 aetatis,
647 1745 768 1800 quae
804 1731 1013 1785 ratione
1042 1745 1105 1784 ac
1150 1738 1330 1785 mente
1373 1731 1706 1800 percipitur:
1751 1747 1770 1780 ι
1799 1728 1981 1784 Perfe-

413 1829 626 1873 ctorum
669 1828 850 1876 autem
880 1830 984 1884 est,
1012 1841 1030 1873 ι
1069 1822 1265 1891 inquit,
1305 1841 1322 1873 ι
1343 1822 1551 1877 solidus
1589 1821 1748 1876 cibus
1769 1821 1812 1887 ⁷,
1833 1841 1852 1872 ι
1889 1821 1981 1890 qui

411 1927 510 1980 per
551 1913 794 1967 habitum
831 1915 1076 1969 sensoria
1115 1915 1316 1970 habent
1360 1916 1678 1970 exercitata.
1712 1912 1983 1980 Quemad-

412 2003 632 2056 modum
683 2003 848 2074 igitur
885 2005 993 2059 dici
1047 2021 1154 2060 non
1197 2013 1395 2076 potest,
1447 2007 1500 2060 in
1541 2006 1816 2062 similibus
1861 2021 1982 2061 esse

410 2095 584 2148 virum
615 2102 669 2149 et
717 2094 999 2160 infantem,
1049 2097 1264 2153 etiamsi
1314 2105 1506 2153 neuter
1549 2113 1738 2153 eorum
1790 2098 1982 2152 morbo

411 2185 594 2255 aliquo
623 2187 931 2255 implicetur
957 2205 968 2241 :
1000 2187 1131 2258 (quo
1162 2196 1324 2257 pacto
1349 2189 1495 2242 enim
1528 2189 1580 2242 in
1609 2188 1833 2258 paribus
1854 2204 1978 2243 ver-

412 2279 521 2332 sari
560 2278 774 2333 deliciis
805 2281 1037 2348 possint,
1073 2282 1167 2350 qui
1194 2281 1505 2337 earumdem
1537 2297 1719 2337 rerum
1753 2282 1981 2352 partici-

411 2384 506 2437 pes
549 2385 656 2423 non
687 2371 880 2439 sunt?)
913 2372 1007 2426 sed
1046 2373 1241 2427 morbo
1267 2373 1487 2443 quidem
1525 2374 1678 2428 nullo
1718 2374 1900 2444 affligi,
1930 2383 1984 2429 et

409 2458 465 2510 in
503 2457 606 2513 hoc
633 2469 687 2513 et
720 2458 774 2512 in
805 2459 900 2513 illo
928 2460 1182 2516 similiter
1214 2460 1437 2524 dicitur,
1473 2461 1716 2531 quandiu
1770 2463 1982 2532 passio-

408 2548 494 2602 nis
528 2557 582 2603 et
629 2548 940 2605 afﬂictionis
991 2557 1220 2621 uterque
1257 2567 1452 2622 expers
1493 2561 1596 2618 est,
1643 2553 1738 2608 sed
1769 2551 1980 2608 fructus

408 2639 728 2694 deliciarum
771 2657 880 2696 non
926 2642 1161 2710 amplius
1190 2643 1258 2697 ab
1297 2643 1488 2699 iisdem
1522 2643 1772 2699 similiter
1801 2643 1980 2713 perci-

408 2729 555 2798 pitur
584 2729 742 2788 (nam
776 2732 904 2787 huic
931 2732 1148 2802 quidem
1193 2734 1315 2789 licet
1348 2735 1434 2789 vel
1466 2735 1807 2790 orationibus
1834 2735 1981 2789 dele-

409 2827 568 2889 ctari,
604 2825 687 2879 vel
737 2826 902 2880 rebus
933 2841 1188 2894 prteesse,
1223 2829 1304 2881 vel
1344 2843 1468 2892 eum
1509 2828 1670 2884 laude
1713 2842 1777 2882 ac
1806 2828 1981 2898 gloria

411 2916 762 2986 magistratus
817 2932 1024 2985 gerere,
1078 2918 1161 2973 vel
1212 2918 1605 2973 benefaciendo
1662 2919 1980 2974 hominibus

2077 473 2176 525 την
2204 455 2531 527 κατάλληλος
2561 454 2720 525 ἑτέρα
2745 455 2822 526 τῷ
2851 456 3191 526 ὑποκειμένῳ
3214 456 3406 526 τροφὴ,
3436 458 3650 523 οἰκείως

2077 560 2136 598 τε
2165 545 2256 598 καὶ
2303 544 2618 616 ἐπιτηδείως
2648 545 2783 616 πρὸς
2813 543 2875 598 τὸ
2905 545 3238 616 τρεφόμενον
3284 545 3500 616 ἔχουσα,
3545 547 3650 610 ἕως

2077 635 2143 691 ἂν
2171 637 2263 690 ἐπὶ
2285 637 2349 690 τὸ
2372 637 2571 690 τέλειον
2601 637 2784 710 φθάσῃ
2806 654 2820 668 ·
2855 635 3024 702 οὕτως
3054 633 3208 708 οἶμαι
3235 639 3328 691 καὶ
3354 637 3451 709 τὴν
3475 639 3649 711 ψυχὴν

2078 728 2164 782 διὰ
2197 729 2303 782 τῶν
2347 729 2433 784 ἀεὶ
2481 729 2829 800 καταλλήλων
2865 728 3016 793 τάξει
3063 731 3171 783 τινὶ
3218 731 3310 783 καὶ
3362 731 3650 800 ἀκολουθίᾳ

2082 820 2329 890 μετέχειν
2355 822 2453 892 τῆς
2479 820 2620 875 κατὰ
2650 821 2810 890 φύσιν
2840 821 3004 891 ζωῆς.
3027 822 3102 884 ὡς
3128 824 3295 891 χωρεῖ
3315 823 3406 875 καὶ
3430 822 3648 875 δύναται

2079 910 2187 964 τῶν
2213 914 2270 965 ἐν
2308 914 2374 982 τῇ
2413 911 2773 983 μακαριότητι
2803 913 3174 982 προκειμένων
3207 912 3653 982 μεταλαμϐάνου-

2083 1021 2171 1070 σα,
2205 1003 2386 1067 καθὼς
2415 1005 2509 1057 καὶ
2536 1003 2685 1074 παρὰ
2710 1003 2805 1056 τοῦ
2852 1004 3060 1058 Παύλου
3107 1003 3166 1056 τὸ
3191 1003 3426 1058 τοιοῦτον
3453 1005 3651 1073 ἐμάθοο

2085 1112 2202 1164 μεν,
2235 1094 2407 1162 ἄλλως
2431 1093 2722 1164 τρέφοντος
2746 1095 2835 1147 τὸν
2868 1095 2969 1165 ἤδη
3010 1095 3100 1148 διὰ
3127 1094 3227 1165 τῆς
3258 1095 3456 1166 ἀρετῆς
3487 1095 3654 1166 αὐξη-

2082 1187 2261 1249 θέντα,
2294 1188 2388 1241 καὶ
2439 1185 2640 1258 ἑτέρως
2664 1187 2723 1239 τὸ
2758 1189 2947 1256 νήπιον
2977 1187 3069 1240 καὶ⁵
3101 1186 3472 1258 ἀτελέστερον.
3507 1187 3652 1257 Πρὸς

2085 1277 2182 1347 μὲν
2238 1277 2346 1348 γὰρ
2391 1279 2514 1341 τοὺς
2573 1277 2845 1341 τοιούτους
2895 1278 3078 1348 φησὶν,
3134 1279 3217 1330 ὅτι
3269 1296 3287 1327 ι
3316 1279 3462 1332 Γάλα
3508 1279 3653 1348 ὑμᾶς

2083 1368 2327 1433 ἐπότισα,
2359 1369 2419 1421 οὑ
2452 1369 2644 1441 βρῶμα
2669 1387 2683 1401 ο
2719 1369 2868 1424 οὔπω
2901 1369 3008 1440 γὰρ
3033 1368 3327 1439 ἠδύνασθε·
3364 1389 3382 1419 ι
3437 1370 3572 1440 πρὸς
3595 1371 3654 1424 δὲ

2082 1461 2206 1523 τοὺς
2247 1460 2676 1532 πεπληρωκότας
2705 1463 2765 1516 τὸ
2814 1463 3007 1533 μέτρον
3047 1464 3146 1532 τῆς
3189 1462 3383 1532 νοητῆς
3410 1461 3650 1532 ἡλικίας,

2087 1569 2107 1604 ι
2134 1551 2363 1605 Τελείων
2385 1553 2443 1605 δέ
2469 1555 2606 1615 ἐστι,
2638 1572 2656 1603 ι
2698 1555 2882 1624 φησιν,
2942 1573 2960 1606 ι
2990 1555 3023 1623 ή
3052 1554 3246 1625 στερεὰ
3274 1555 3467 1625 τροφὴ,
3497 1572 3516 1604 ι
3542 1554 3653 1608 τῶν

2082 1642 2168 1698 διὰ
2192 1642 2288 1713 τὴν
2318 1643 2429 1711 ἕξιν
2472 1645 2542 1698 τὰ
2587 1645 2911 1716 αἰσθητήρια
2944 1646 3368 1716 γεγυμνασμένα
3398 1646 3650 1716 ἐχόντων.

2012 1713 2052 1768 Β
2081 1735 2345 1805 Καθάπερ
2373 1737 2551 1790 τοίνυν
2570 1736 2669 1789 οὑκ
2698 1713 2840 1789 ἔστιν
2867 1738 2922 1789 ἐν
2950 1713 3061 1798 τοῖς
3090 1713 3294 1806 όμοίοις
3317 1713 3488 1790 εἰπείν
3514 1733 3652 1790 εἶναι

2079 1826 2172 1879 τὸν
2223 1826 2388 1896 ἄνδρα
2444 1843 2503 1878 τε
2557 1827 2648 1879 καὶ
2696 1826 2758 1877 τὸ
2802 1827 3011 1896 νήπιον,
3063 1826 3164 1879 κᾶν
3210 1827 3443 1897 μηδεμία
3499 1827 3652 1890 νόσος

2083 1920 2324 1990 ἐκατέρῳ
2367 1919 2570 1973 τούτων
2624 1918 3002 1988 προσάπτηται
3023 1934 3035 1948 ·
3075 1918 3228 1988 (πῶς
3256 1919 3362 1988 γὰρ
3393 1918 3458 1971 ἂν
3492 1921 3547 1972 ἐν
3574 1920 3652 1988 τῷ

2084 2013 2183 2082 ίσῳ
2222 2012 2322 2082 τῆς
2367 2011 2577 2080 τρυφῆς
2623 2009 2897 2078 γένοιντο,
2935 2010 2983 2062 οί
3013 2008 3122 2061 τῶν
3171 2009 3347 2061 αὑτῶν
3398 2010 3470 2079 μὴ
3521 2027 3650 2079 μετ-

2082 2102 2354 2173 έχοντες;)
2380 2102 2513 2155 ἀλλὰ
2551 2101 2612 2155 τὸ
2658 2102 2755 2170 μὲν
2794 2099 2868 2170 μὴ
2909 2099 3204 2154 κακοῦσθαι
3232 2100 3371 2170 νόσῳ
3399 2100 3525 2163 τινὶ,
3561 2102 3652 2153 καὶ

2082 2195 2175 2250 ἐπὶ
2220 2196 2410 2248 τούτου
2458 2194 2552 2248 καὶ
2595 2195 2680 2247 ἐπ’
2711 2195 2916 2248 ἐκείνου
2967 2193 3181 2260 λέγεται
3236 2191 3648 2262 παραπλησίως,

2082 2287 2187 2351 ἕως
2219 2287 2285 2341 ἂν
2309 2287 2412 2350 ἔξω
2439 2286 2644 2348 πάθους
2667 2281 2974 2357 ἑκάτεροςῇ
3005 2299 3017 2312 ⁸
3049 2283 3157 2337 τῶν
3177 2283 3233 2336 δὲ
3267 2283 3406 2336 κατὰ
3445 2281 3652 2353 τρυφὴν

2084 2379 2118 2448 ἡ
2150 2376 2446 2437 ἀπόλαυσις
2495 2375 2675 2429 οὑκέτι
2731 2374 2930 2444 ὁμοίως
2969 2373 3112 2444 παρὰ
3138 2372 3244 2425 τῶν
3291 2371 3468 2425 αὐτῶν
3497 2373 3649 2441 ἐνερ-

2085 2469 2264 2535 γεῖται
2319 2464 2418 2536 (τῷ
2469 2465 2564 2535 μὲν
2622 2463 2730 2534 γὰρ
2781 2464 3016 2534 ὑπάρχει
3065 2463 3159 2515 καὶ
3211 2459 3298 2514 διὰ
3347 2461 3520 2528 λόγων
3564 2459 3652 2511 εὑ-

2051 2543 2057 2554 *
2084 2558 2424 2630 φραίνεσθαι,
2468 2557 2562 2610 καὶ
2592 2555 2930 2626 πραγμάτων
2963 2555 3290 2615 ἐπιστατεῖν,
3333 2553 3424 2605 καὶ
3448 2551 3654 2604 εὐδοκί-

2086 2667 2200 2722 μως
2225 2649 2399 2722 ἀρχὰς
2431 2648 2692 2718 μετιέναι,
2727 2647 2820 2701 καὶ
2852 2648 2970 2708 ταῖς
2993 2643 3102 2698 τῶν
3133 2643 3401 2714 δεομένων
3432 2643 3654 2712 εὐεργε-

2085 2742 2225 2804 σίαις
2259 2739 2689 2812 λαμπρύνεσθαι,
2737 2739 2952 2808 γαμετῇ
2988 2753 3048 2789 τε
3092 2735 3379 2796 συνοικεῖν,
3413 2733 3478 2786 ἂν
3511 2731 3654 2785 οὕτω

2083 2833 2218 2904 τύχῃ
2266 2831 2598 2901 καταθυμία,
2649 2830 2742 2883 καὶ
2784 2828 2933 2881 οἴκου
2979 2828 3200 2898 ἄρχειν,
3255 2825 3348 2878 καὶ
3380 2825 3480 2878 ὅσα
3514 2824 3654 2876 κατὰ

2083 2926 2268 2980 τοῦτον
2296 2925 2440 2978 ἐστιν
2469 2923 2599 2994 ἡδέα
2623 2922 2714 2976 τὸν
2739 2919 3050 2992 παραϐατὸν
3085 2919 3196 2988 βίον
3227 2919 3424 2988 εὑρεῖν,
3453 2916 3655 2986 ἀκροά-

410 3009 696 3079 egentibus
747 3010 1073 3075 clarescere,
1109 3011 1194 3064 vel
1245 3011 1293 3064 si
1346 3025 1436 3066 res
1482 3011 1554 3064 ita
1605 3013 1808 3080 tulerit,
1855 3028 1978 3068 eum

2089 3018 2233 3088 ματά
2261 3033 2319 3069 τε
2346 3016 2438 3068 καὶ
2463 3015 2730 3085 θεάματα,
2757 3012 2920 3083 θῆραι
2955 3011 3048 3065 καὶ
3077 3009 3298 3081 λουτρὰ,
3329 3010 3421 3061 καὶ
3444 3009 3654 3078 γυμνὰ-

410 3115 600 3166 uxore,
633 3116 753 3170 quae
791 3100 945 3155 cordi
1003 3101 1094 3166 sit,
1151 3101 1499 3157 matrimonio
1539 3102 1788 3171 junctum
1835 3119 1977 3170 esse,

411 3206 474 3246 ac
509 3192 693 3246 domui
742 3206 1011 3261 prmesse;
1043 3206 1106 3246 ac
1141 3191 1187 3246 si
1229 3207 1336 3262 qua
1375 3193 1480 3246 alia
1509 3209 1606 3263 per
1647 3195 1786 3248 hanc
1811 3196 1979 3248 vitam

412 3298 517 3336 una
540 3283 770 3338 cumbis
790 3283 1034 3352 jucunda
1061 3285 1187 3338 licet
1207 3285 1472 3346 invenire,
1505 3292 1617 3339 tum
1647 3295 1978 3354 acroamata,

414 3383 525 3428 tum
589 3375 919 3444 spectacula,
972 3376 1310 3440 venationes,
1380 3377 1618 3440 lavacra,
1674 3382 1978 3448 gymnasia,

411 3468 722 3523 convivales
763 3468 930 3522 animi
970 3469 1382 3535 delectationes,
1443 3485 1508 3525 ac
1554 3471 1599 3525 si
1653 3471 1784 3540 quid
1833 3472 1981 3526 aliud

410 3561 675 3629 ejusmodi
719 3568 837 3616 est:
868 3573 923 3616 at
968 3563 1160 3620 infanti
1195 3563 1406 3618 delicia:
1449 3571 1576 3618 sunt
1610 3563 1712 3629 lac,
1750 3563 1982 3619 nutricis

411 3652 571 3716 ulnae,
601 3651 783 3722 quieta
816 3669 879 3709 ac
900 3654 1112 3723 placida
1141 3655 1330 3719 motio,
1366 3670 1487 3725 quae
1509 3670 1758 3711 somnum
1789 3654 1982 3711 invitet

411 3751 464 3797 et
489 3743 834 3810 demulceat;
865 3761 989 3798 nam
1010 3744 1341 3815 imperfectae
1360 3747 1536 3801 aetatis
1560 3761 1622 3801 ea
1655 3753 1852 3806 natura
1873 3754 1980 3811 est,

413 3844 470 3887 ut
507 3849 628 3903 qua:
672 3844 892 3904 superet
933 3835 1075 3888 hanc
1115 3834 1539 3890 oblectationem
1591 3851 1700 3890 non
1742 3837 1980 3907 capiat):

412 3923 602 3979 eodem
635 3925 814 3988 modo,
849 3925 940 3992 qui
975 3940 1071 3993 per
1103 3926 1356 3979 virtutem
1391 3926 1445 3978 in
1485 3925 1586 3980 hac
1615 3927 1727 3982 vita
1769 3929 1983 3983 animas

413 4017 778 4082 uutriverunt,
820 4025 893 4080 et,
943 4027 999 4072 ut
1041 4017 1220 4086 inquit
1267 4017 1581 4087 Apostolus,
1639 4019 1836 4074 mentis
1871 4034 1985 4076 suae

414 4124 678 4164 sensuum
721 4109 1083 4164 instrumenta
1123 4120 1508 4175 exercuerunt,
1545 4111 1589 4166 si
1629 4111 1696 4165 ad
1725 4111 1982 4182 incorpo-

415 4215 563 4258 ream
595 4200 740 4254 illam
768 4201 933 4255 vitam
966 4201 1348 4270 traducantur,
1394 4218 1492 4273 pro
1522 4205 1732 4260 ratione
1763 4204 1983 4261 habitus

415 4306 480 4348 ac
514 4294 784 4362 potentiae,
819 4307 942 4364 qua;
971 4293 1024 4347 in
1065 4293 1198 4364 ipsis
1228 4295 1379 4360 insit,
1422 4295 1730 4350 divinarum
1762 4295 1984 4351 delicia-

2085 3127 2196 3173 σια,
2225 3109 2317 3161 καὶ
2355 3106 2648 3176 συμπόσια,
2697 3103 2792 3157 καὶ
2817 3102 3096 3173 θυμηδίαι,
3140 3103 3231 3155 καὶ
3260 3101 3312 3154 εἴ
3336 3118 3389 3153 τι
3417 3099 3658 3152 τοιοῦτον

2082 3202 2297 3271 ἕτερον’
2330 3198 2406 3267 τῷ
2433 3198 2488 3252 δὲ
2513 3197 2691 3267 νηπίῳ
2729 3198 2763 3266 ἡ
2803 3195 3002 3266 τρυφὴ,
3035 3194 3095 3247 τὸ
3129 3193 3267 3262 γάλα
3317 3193 3453 3255 ἐστὶ,
3497 3191 3590 3243 καὶ
3620 3190 3654 3260 ἡ

2081 3293 2178 3363 τῆς
2206 3291 2426 3362 τιθήνης
2457 3289 2667 3357 ἀγκάλη
2685 3326 2700 3350 ,
2743 3288 2836 3339 καὶ
2866 3287 3107 3357 ἠρεμαία
3133 3286 3344 3356 κίνησις
3372 3285 3462 3337 τὸν
3489 3283 3654 3335 ὑπνον

2081 3380 2415 3451 ἐφελκομένη
2461 3396 2521 3431 τε
2568 3378 2663 3432 καὶ
2708 3376 2972 3448 ἡδύνουσα
2999 3392 3012 3406 ο
3055 3375 3152 3446 τὴν
3176 3375 3282 3446 γάρ
3312 3375 3450 3444 ὑπὲρ
3499 3372 3655 3424 τοῦτο

2082 3470 2416 3542 εὐφροσύνην
2442 3509 2456 3533 ,
2508 3469 2567 3522 τὸ
2596 3468 2783 3531 ἀτελὲς
2814 3467 2914 3536 τῆς
2959 3466 3174 3536 ἡλικίας
3200 3464 3446 3535 χωρῆσαι
3494 3461 3654 3531 φύσιν

2081 3565 2179 3618 οὑκ
2209 3563 2340 3633 ἔχει)
2366 3578 2378 3590 '
2411 3559 2500 3614 τὸν
2530 3560 2692 3614 αὑτὸν
2725 3559 2922 3630 τρόπον
2951 3559 3000 3611 οί
3025 3557 3113 3611 διὰ
3141 3557 3238 3628 τῆς
3273 3555 3471 3627 ἀρετῆς
3497 3555 3553 3605 ἐν
3578 3551 3655 3621 τῷ

2081 3655 2206 3725 τῇδε
2239 3652 2337 3723 βίῳ
2372 3651 2470 3714 τὰς
2508 3649 2684 3720 ψυχὰς
2728 3648 3044 3719 θρέψαντες,
3084 3647 3197 3710 καὶ,
3226 3644 3406 3706 καθώς
3438 3661 3597 3713 φησιν
3625 3642 3654 3694 ό

2096 3745 2433 3807 Ἀπόστολος,
2481 3741 2998 3811 καταγυμνάσαντες
3031 3737 3237 3793 έαυτῶν
3274 3736 3341 3790 τὰ
3373 3734 3539 3805 νοητὰ
3569 3736 3656 3787 αι-

2085 3837 2386 3908 σθητήρια,
2431 3837 2478 3887 εί
2525 3834 2662 3904 πρὸς
2711 3834 2805 3903 τὴν
2853 3831 3139 3903 ἀσώματον
3171 3829 3383 3897 ἐκείνην
3420 3843 3656 3898 μετοικι-

2087 3929 2259 3992 σθεῖεν
2296 3927 2437 3996 ζωὴν
2461 3966 2474 3989 ,
2525 3927 2656 3995 πρὸς
2697 3927 2853 3993 λόγον
2886 3928 2986 3996 τῆς
3019 3921 3438 3993 ἐνυπαρχούσης.
3474 3922 3656 3984 αὑτοῖς

2083 4016 2249 4083 esse;
2280 4034 2339 4069 τε
2386 4017 2478 4070 καὶ
2509 4015 2788 4084 δυνάμεως
2807 4055 2821 4078 ,
2856 4017 2954 4084 τῆς
3001 4013 3151 4075 θείας
3181 4013 3391 4085 τρυφῆς
3424 4012 3656 4082 μεταλήο

2083 4110 2291 4177 ῲονται,
2325 4108 2359 4177 ἢ
2388 4107 2650 4171 πλείονος,
2679 4107 2712 4175 ἢ
2744 4105 3044 4170 ἐλάττονος,
3074 4104 3216 4158 κατὰ
3245 4104 3343 4175 τὴν
3373 4103 3654 4174 παροῦσαν

2084 4197 2311 4250 ἑκάστου
2337 4197 2565 4267 δύναμιν
2599 4195 2706 4249 τῶν
2734 4194 3108 4264 προκειμένων
3137 4194 3468 4264 μετέχοντες.
3511 4195 3572 4245 Ἦ
3597 4192 3654 4246 δὲ

2084 4290 2344 4356 ἄγευστος
2393 4289 2490 4356 τῆς
2534 4287 2735 4358 ἀρετῆς
2766 4285 2930 4356 ψυχὴ,
2979 4284 3087 4338 τῶν
3139 4284 3236 4354 μὲν
3285 4285 3348 4337 ἐκ
3393 4284 3654 4353 πονηρίας

415 4397 535 4438 rum
584 4384 876 4453 participes
923 4392 1101 4447 erunt,
1151 4384 1238 4439 vel
1271 4385 1532 4454 majorem
1582 4386 1667 4440 vel
1714 4385 1979 4440 minorem

2085 4377 2290 4444 κακῶν,
2315 4379 2409 4431 ἆτε
2445 4379 2582 4448 μήτε
2607 4378 2705 4447 τὴν
2737 4377 2908 4446 ἀρχὴν
2939 4374 3311 4446 συνενεχθεῖσα
3339 4377 3403 4444 τῇ
3430 4375 3526 4443 τῆς
3559 4391 3655 4425 κα-

415 4473 718 4529 secundum
759 4482 1080 4543 praesentem
1105 4474 1373 4544 cujusque
1403 4476 1699 4544 potentiam
1731 4476 1982 4546 proposi-

415 4570 594 4617 torum
633 4570 841 4633 partem
890 4564 1189 4633 capientes.
1224 4565 1294 4619 At
1347 4565 1530 4619 anima
1572 4581 1692 4636 quae
1721 4566 1980 4621 virtutem

419 4654 656 4710 nondum
688 4657 942 4726 gustavit,
982 4671 1172 4712 eorum
1200 4657 1420 4727 quidem
1458 4658 1728 4712 malorum
1763 4673 1885 4728 qua:
1913 4674 1980 4713 ex

416 4747 759 4815 improbitate
785 4762 848 4802 ac
876 4746 1117 4817 nequitia
1155 4750 1431 4816 oriuntur,
1464 4759 1522 4803 ut
1559 4765 1681 4820 quae
1717 4750 1788 4805 ab
1825 4749 1982 4804 initio

415 4853 640 4906 prorsus
671 4840 724 4892 in
762 4840 979 4894 malitiae
1011 4840 1261 4895 morbum
1310 4856 1420 4896 non
1465 4841 1741 4906 inciderit,
1784 4856 1980 4912 expers

416 4937 636 4994 manet;
669 4929 815 4986 illius
845 4941 1022 4987 autem
1059 4932 1199 4997 vitae,
1248 4947 1412 5002 quam
1439 4931 1535 4988 Dei
1571 4941 1684 4987 tum
1716 4934 1980 5003 cognitio-

414 5036 537 5075 nem
578 5029 692 5074 tum
729 5024 1202 5093 participationem
1243 5011 1368 5079 eSse
1394 5024 1570 5079 oratio
1600 5025 1854 5095 superior
1885 5026 1980 5081 de—

2085 4471 2207 4534 κίας
2235 4469 2393 4541 νόσῳ,
2420 4469 2663 4540 διαμένει
2705 4469 2970 4540 ἀμέτοχος
3013 4469 3113 4539 τῆς
3139 4467 3286 4538 ζωῆς
3313 4468 3547 4536 ἐκείνης,
3588 4467 3654 4536 ἣν

2083 4561 2218 4615 Θεοῦ
2252 4561 2448 4629 γνῶσίν
2482 4577 2542 4613 τε
2591 4561 2687 4619 καὶ
2736 4559 3022 4630 μετουσίαν
3053 4561 3082 4612 ὁ
3116 4559 3222 4628 πρὸ
3249 4557 3452 4610 τούτων
3499 4557 3655 4623 λόγος

2083 4653 2336 4724 ὡρίσατο,
2370 4649 2622 4704 τοσοῦτον
2658 4653 2872 4722 μετέχει
2914 4651 3064 4724 παρὰ
3107 4651 3206 4720 τὴν
3239 4652 3492 4721 πρώτην,
3533 4652 3656 4704 ὅσον

2086 4748 2254 4816 χωρεί
2299 4744 2359 4796 τὸ
2404 4743 2755 4814 τρεφόμενον,
2797 4743 2900 4806 ἓως
2943 4743 3030 4805 ἂν,
3062 4741 3312 4813 καθάπερ
3347 4744 3452 4794 τινὶ
3480 4744 3654 4812 τροφῇ

2087 4835 2408 4906 καταλλήλῳ
2431 4837 2496 4906 τῇ
2527 4834 2726 4904 θεωρίᾳ
2750 4834 2841 4886 τοῦ
2864 4833 3014 4897 ὄντος
3040 4833 3440 4904 ἐναδρυνθεῖσα,
3470 4851 3654 4904 χωρη-

2086 4927 2210 4998 τικὴ
2244 4927 2338 4980 τοῦ
2388 4926 2631 4987 πλείονος
2673 4924 2916 4994 γένηται,
2965 4926 3024 4978 ἐν
3064 4924 3312 4996 δαψιλείᾳ
3349 4923 3441 4977 τοῦ
3484 4924 3656 4987 ὅντως

2086 5025 2236 5086 δντος
2269 5019 2388 5074 κατ’
2418 5017 2667 5083 ἐξουσίαν
2700 5018 3021 5087 μετέχουσα.

418 5114 610 5177 finivit,
641 5124 845 5170 tantam
874 5117 926 5170 in
956 5117 1111 5171 initio
1136 5125 1345 5186 partem
1375 5119 1541 5188 capit,
1573 5128 1793 5188 quantm
1809 5137 1978 5192 capax
2011 5130 2096 5178 est
2127 5120 2182 5174 id
2213 5117 2360 5189 quod
2401 5115 2698 5176 enutritur,
2739 5114 2918 5182 quoad
2967 5121 3227 5189 tanquam
3259 5113 3386 5168 cibo
3417 5111 3652 5182 quodam

418 5205 764 5260 convenienti
811 5215 864 5261 et
899 5206 1310 5264 acconuuodato
1352 5207 1419 5262 ad
1469 5210 1982 5281 contemplationem
2022 5209 2163 5280 ejus,
2193 5208 2287 5278 qui
2329 5219 2518 5262 revera
2547 5211 2652 5285 est,
2682 5203 2907 5274 grandis
2948 5201 3139 5258 effecta
3193 5203 3418 5273 majoris
3479 5203 3651 5272 partis

417 5313 589 5368 capax
634 5299 922 5364 efficiatur,
978 5301 1200 5371 largiter
1250 5310 1304 5356 et
1350 5302 1565 5359 abunde
1605 5320 1704 5374 pro
1747 5306 1978 5362 arbitrio
2028 5313 2237 5377 partem
2267 5302 2492 5372 capiens
2514 5300 2633 5369 ejus
2663 5299 2758 5369 qui
2790 5314 2979 5354 revera
3012 5307 3117 5354 est.

487 5389 568 5442 Ad
612 5389 726 5444 haec
777 5391 1132 5460 respicientes
1167 5396 1430 5450 malorum
1474 5397 1716 5466 quidem,
1753 5415 1874 5468 qua:
1911 5415 1973 5452 ex

416 5478 769 5552 lmprobitate
793 5499 855 5536 ac
883 5483 1126 5552 nequitia
1147 5486 1442 5546 exsistunt,
1474 5487 1678 5545 pariter
1700 5497 1974 5552 expertem

497 5679 520 5712 ⁶
559 5677 579 5734 Ι
615 5676 744 5736 Cor.
775 5692 871 5742 ιιι,
902 5678 957 5732 2.
1033 5681 1051 5710 ⁷
1077 5678 1238 5736 Hebr.
1275 5699 1327 5747 v,
1356 5685 1444 5742 ﬂ.

2156 5396 2298 5466 Πρὸς
2341 5395 2511 5448 ταῦτα
2543 5393 2845 5462 βλέποντες,
2879 5391 2984 5458 ἔξω
3016 5392 3114 5462 μὲν
3142 5391 3248 5444 τῶν
3287 5394 3351 5444 ἐκ
3392 5389 3656 5460 πονηρίας

2093 5488 2279 5547 κακῶν
2312 5487 2511 5558 ὁμοίως
2563 5481 2700 5540 εἷναί
2736 5502 2913 5557 φαμεν
2942 5483 3039 5555 τὴν
3084 5483 3259 5555 ψυχὴν
3283 5524 3296 5551 ,
3343 5482 3435 5538 τοῦ
3469 5498 3527 5535 τε
3570 5477 3662 5536 διὰ.
