4034 6132
338 227 434 286 181

1109 225 1196 281 DE
1237 226 1649 285 INFANTIBUS
1678 230 1797 297 QUI
1840 228 2291 287 ΡΒίΕΜΑΤυΒΕ
2321 225 2817 285 ABRIPIUNTUB.

3488 231 3591 287 18‘!

337 346 509 413 πάσης
534 340 735 411 ἀρετῆς
762 341 1007 411 ἥκοντος.
1055 345 1148 398 καὶ
1178 343 1272 398 τοῦ
1307 347 1441 417 μηδὲ
1470 347 1604 411 ὅλως
1632 365 1899 419 μετεσχη..

2015 348 2244 403 animam
2302 363 2427 404 esse
2475 346 2714 402 dicimus
2766 357 2878 400 tum
2931 343 3052 416 ejus
3096 345 3188 416 qui
3244 361 3339 416 per
3368 361 3589 414 omnem

339 436 487 495 κότος
508 432 604 485 τοῦ
638 431 774 502 βίου.
830 432 904 485 UO
958 433 1067 504 pip;
1110 436 1169 489 ὲν
1195 436 1274 505 τῷ
1320 438 1490 509 ὁμοίῳ
1516 438 1613 510 τὴν
1648 440 1906 512 ἑκατέρου

334 524 529 579 τούτων
574 522 853 595 διαγωγὴν
900 525 1209 597 ἐννοοῦμεν.
1274 527 1332 581 '0
1388 529 1485 598 μὲν
1531 531 1638 601 γάρ
1686 531 1905 601 ἤκουσε,

331 614 511 679 καθὼς
544 616 890 686 onmem;
916 617 1070 687 φησι,
1097 616 1205 672 τῶν
1238 618 1503 689 οὐρανίων
1532 620 1905 692 διηγημάτων,

328 706 397 760 δι’
429 700 505 761 ὧν
537 707 571 777 ή
602 706 728 771 δόξα
766 707 858 760 τοῦ
883 706 1019 760 Θεοῦ
1050 709 1496 777 καταγγέλλεται,
1539 715 1632 766 καὶ
1679 713 1768 767 διὰ
1808 713 1908 784 τῆς

332 798 562 862 κτίσεως
589 798 727 869 πρὸς
752 798 853 869 τὴν
879 799 1206 871 κατανόησιν
1232 801 1488 874 ὼδηγήθη
1519 804 1612 855 τοῦ
1638 805 1908 858 Δεσπότου

328 890 425 960 τῆς
452 889 684 954 κτίσεως
704 929 720 953 ,
767 892 861 944 καὶ
903 890 1208 963 διδασκάλῳ
1251 896 1316 964 τῇ
1347 893 1516 958 ὅντως
1546 896 1708 968 σοφίᾳ
1744 898 1910 967 ἐχρή-

331 997 480 1043 σατο,
514 984 583 1052 τῇ
632 983 692 1035 ὲν
721 984 835 1045 τοῖς
866 977 983 1035 οὖσι
1026 983 1376 1056 θεωρουμένῃ
1422 986 1601 1057 σοφίᾳ,
1636 988 1697 1039 τό
1726 1004 1786 1040 τε
1813 987 1908 1040 τοῦ

330 1074 506 1141 φωτὸς
535 1072 726 1126 τούτου
754 1072 950 1139 κάλλος
976 1076 1335 1145 κατανοήσας,
1367 1075 1701 1145 ἀναλογικῶς
1729 1078 1789 1131 τὸ
1812 1077 1908 1131 τοῦ

331 1164 589 1235 ἀληθινοῦ
613 1165 791 1232 φωτὸς
823 1166 1016 1230 κάλλος
1049 1168 1260 1237 ἐνόησε,
1294 1169 1387 1221 καὶ
1414 1171 1470 1221 ὲν
1497 1168 1573 1239 τῷ
1601 1170 1783 1241 παγίῳ
1809 1174 1907 1243 τῆς

325 1257 432 1325 γῆς
450 1257 513 1310 τὸ
529 1256 626 1309 τοῦ
648 1257 1007 1329 πεποιηκότος
1029 1260 1197 1330 αὐτὴν
1219 1260 1550 1330 ἀμετάθετον
1572 1262 1864 1333 ἐπαιδεύθη
1891 1281 1903 1294 θ

327 1349 423 1401 καὶ
453 1347 517 1402 τὸ
548 1349 857 1418 ἀμέτρητον
897 1348 988 1403 τοῦ
1021 1350 1248 1420 ούρανοῦ
1286 1349 1516 1420 μέγεθος
1549 1353 1908 1424 κατανοήσας,

327 1441 466 1512 πρὸς
493 1441 557 1493 τὸ
587 1439 813 1512 ἀπειρόν
841 1458 900 1494 τε
933 1442 1025 1493 καὶ
1065 1442 1315 1513 ἀόριστον
1343 1445 1442 1514 τῆς
1475 1442 1911 1516 ὲμπεριεχούσης

324 1531 385 1585 τὸ
410 1534 525 1586 πᾶν
557 1532 840 1602 δυνάμεως
882 1532 1160 1603 ὠδηγήθη,
1188 1533 1286 1598 τάς
1317 1550 1375 1585 τε
1408 1534 1629 1598 ἀκτῖνας
1661 1534 1784 1588 ίδὼν
1815 1535 1909 1588 τοῦ

323 1623 479 1692 ήλίου
535 1624 605 1676 ὲκ
651 1623 760 1677 τῶν
805 1622 1073 1677 τοσούτων
1124 1624 1433 1695 ύψωμάτων
1501 1624 1694 1703 μέχρις
1755 1625 1909 1697 ἡμῶν

2010 442 2268 497 virtutem
2300 453 2625 511 progressus
2678 438 2832 505 facit,
2887 445 3002 492 tum
3035 437 3155 509 ejus
3202 438 3296 507 qui
3345 453 3414 493 ne
3465 437 3589 494 vitae

2010 530 2230 602 quidem
2255 530 2476 602 penitus
2503 530 2782 601 particeps
2813 529 2936 596 fuit,
2962 544 3069 584 non
3097 540 3281 585 tamen
3316 529 3373 584 in
3394 531 3587 586 eodem

2010 632 2155 680 Statu
2185 631 2350 694 atque
2390 622 2707 678 conditione
2741 620 2857 691 pari
2892 622 3178 694 utriusque
3206 623 3402 678 horum
3455 637 3589 678 con-

2011 716 2375 772 versationem
2427 715 2661 784 vitaeque
2701 712 3101 770 traductionem
3153 730 3277 771 esse
3328 715 3589 786 intelligi-

2012 822 2153 862 mus.
2183 805 2285 860 llic
2310 806 2456 861 enim
2487 806 2762 868 etelestes,
2798 813 2855 859 ut
2887 804 2963 858 ait
2987 803 3278 875 Pr0pheta,
3311 805 3589 860 narratio-

2012 913 2130 961 nes,
2170 912 2265 967 pcr
2310 911 2448 966 quas
2495 896 2669 967 gloria
2706 895 2802 951 Dei
2842 896 3222 958 annuntiatur,
3260 896 3491 960 audivit,
3536 907 3591 951 et

2011 1004 2108 1058 per
2137 998 2445 1042 creaturam
2475 987 2540 1042 ad
2568 987 3061 1043 considerationem
3088 985 3301 1042 Domini
3326 994 3591 1042 creaturae

2010 1078 2276 1132 deductus
2319 1084 2424 1140 est,
2476 1085 2531 1132 et
2571 1076 2638 1131 ad
2669 1075 3111 1147 cognoscendam
3146 1090 3263 1130 eam
3303 1091 3425 1147 quae
3462 1091 3592 1132 vere

2012 1154 2277 1241 sapientia
2308 1178 2413 1233 est,
2466 1168 2729 1239 magistra
2763 1158 2900 1224 usus
2933 1175 3019 1223 est
3053 1183 3117 1222 ea
3153 1168 3424 1238 sapientia
3468 1184 3592 1240 qua:

2011 1263 2065 1316 in
2104 1264 2268 1317 rebus
2296 1262 2567 1317 universis
2611 1262 3025 1335 consideratur,
3076 1267 3130 1315 et
3165 1260 3346 1315 inesse
3385 1261 3590 1315 intelli-

2010 1352 2176 1422 gitur,
2214 1359 2378 1420 atque
2398 1350 2565 1420 hujus
2589 1351 2728 1407 lucis
2750 1349 3163 1421 pulchritudine
3185 1349 3589 1418 animadversa,

2012 1459 2108 1514 per
2139 1444 2551 1499 convenientem
2596 1442 3012 1500 similitudinem
3060 1456 3123 1496 ac
3153 1440 3584 1512 praportionem,

2013 1549 2155 1590 verm
2201 1535 2341 1589 lucis
2372 1534 2837 1605 pulchritudinem
2872 1534 3248 1590 consideravit
3289 1543 3343 1591 et
3378 1534 3592 1590 intelle—

2015 1627 2093 1681 xit
2122 1643 2136 1691 ;
2166 1634 2219 1682 et
2250 1641 2345 1696 per
2378 1625 2712 1681 soliditatem
2748 1640 2812 1680 ac
2841 1625 3231 1682 ﬁrmitudinem
3264 1633 3446 1691 terrae,
3468 1626 3591 1696 ejus

319 1713 640 1784 διηκούσας,
674 1715 737 1769 τὸ
777 1714 852 1787 μὴ
882 1718 1088 1770 άτονεῖν
1119 1716 1217 1781 τὰς
1250 1715 1503 1787 νοητικάς
1532 1716 1625 1770 τοῦ
1651 1717 1785 1771 Θεοῦ
1826 1721 1910 1772 ὲν-

2015 1719 2106 1788 qui
2134 1718 2263 1774 fecit
2278 1732 2423 1783 cam,
2443 1716 2635 1772 didicit
2662 1717 3095 1773 immobihtatem
3121 1733 3186 1773 ac
3211 1718 3588 1774 stabilitatem.

320 1806 553 1875 εργείας
580 1807 722 1879 πρὸς
762 1807 991 1862 ἕκαστον
1034 1808 1193 1879 ἡμῶν
1236 1807 1345 1861 ἀπὸ
1389 1807 1481 1861 τοῦ
1523 1809 1623 1879 τῆς
1655 1807 1910 1881 θεότητος

320 1896 502 1968 ὕψους
533 1901 777 1953 κατιέναι
800 1898 892 1953 διὰ
918 1898 1028 1952 τῶν
1075 1897 1413 1969 φαινομένων
1459 1898 1800 1954 ἐπίστευσεν.
1850 1902 1910 1953 El

321 1991 436 2062 γάρ
462 1985 546 2054 εἷς
572 1989 648 2044 ὣν
674 1990 898 2063 φωστὴρ
925 1972 1081 2061 κοινῇ
1104 2008 1163 2043 τε
1193 1990 1252 2045 τὸ
1284 1990 1639 2061 ὑποκείμενον
1672 1990 1816 2045 ἆπαν
1843 1993 1907 2061 τῇ

322 2084 635 2153 φωτιστικῇ
669 2081 893 2151 δυνάμει
943 2080 1318 2152 διαλαμϐάνει,
1352 2081 1444 2135 καὶ
1475 2082 1609 2135 πᾶσι
1641 2084 1753 2145 τοῖς
1785 2099 1912 2152 μετρ-

321 2175 548 2245 έχουσιν
575 2173 767 2228 ἑαυτὸν
791 2173 1085 2243 ἐπινέμων,
1115 2173 1235 2237 ὅλος
1255 2172 1470 2243 ἑκάστῳ
1495 2173 1588 2226 καὶ
1610 2172 1911 2245 ἀδιαίρετος

322 2263 566 2333 πάρεστι
587 2277 601 2294 ο
642 2262 795 2332 πόσῳ
828 2261 1026 2331 μᾶλλον
1055 2262 1084 2314 ὁ
1115 2260 1206 2315 τοῦ
1238 2263 1521 2332 φωστῆρος
1562 2262 1911 2335 δημιουργὸς,

321 2354 422 2409 καὶ
480 2356 661 2408 πάντα
713 2356 772 2407 ὲν
821 2355 954 2408 πᾶσι
1004 2353 1232 2423 γίνεται,
1268 2352 1449 2418 καθώς
1480 2370 1643 2423 φησιν
1677 2355 1705 2407 ό
1749 2354 1910 2407 Ἀπό-

323 2446 542 2509 στολος,
572 2445 666 2500 καὶ
689 2444 906 2516 ἑκάστῳ
937 2445 1188 2516 πάρεστι,
1216 2444 1467 2499 τοσοῦτον
1496 2444 1685 2499 ἑαυτὸν
1715 2444 1910 2511 διδοὺς,

319 2539 453 2592 ὅσον
486 2539 549 2592 τὸ
577 2538 934 2610 ὑποκείμενον
961 2538 1212 2610 δέχεταιῐ
1256 2538 1416 2591 Ἀλλά
1443 2539 1538 2591 καὶ
1585 2539 1784 2608 στάχυν
1828 2556 1912 2603 τις

323 2628 459 2683 ἰδὼν
488 2629 584 2682 ἐπὶ
610 2628 736 2699 γῆς,
767 2630 861 2682 καὶ⁵
890 2629 990 2700 τὴν
1017 2630 1082 2682 ἐκ
1109 2627 1275 2699 φυτοῦ
1307 2628 1565 2699 βλάστην,
1592 2628 1687 2681 καὶ
1718 2626 1912 2698 βότρυν

318 2720 577 2791 ἰιῖιριμον,Δ
611 2721 707 2774 καὶ
732 2720 793 2774 τὸ
816 2720 917 2791 τῆς
940 2720 1162 2793 ὀπώρας
1191 2721 1406 2785 κάλλος,
1438 2719 1469 2791 ἢ
1501 2722 1559 2773 ὲν
1587 2722 1840 2792 καρποῖς,
1876 2721 1909 2792 ἢ

322 2813 379 2863 ἐν
410 2810 630 2871 ἄνθεσι,
662 2811 756 2864 καὶ
780 2811 876 2881 τὴν
904 2811 1209 2881 αὐτόματον
1240 2812 1399 2874 πόαν,
1439 2812 1532 2865 καὶ
1576 2810 1701 2883 ὅρος
1732 2811 1825 2864 ἐπὶ
1854 2812 1915 2864 τὸ

320 2903 573 2975 αἰθέριον
605 2902 739 2974 ὕψος
770 2903 877 2957 ἀπὸ
904 2904 1002 2975 τῆς
1033 2904 1207 2975 ἄκρας
1235 2904 1668 2978 ἀνατεινόμενον,
1699 2904 1914 2969 καὶτὰς

323 2996 379 3046 ὲν
420 2992 729 3064 ὑπωρείαις
772 2993 971 3064 πηγὰς,
1012 2993 1199 3064 μαζῶν
1231 2994 1385 3064 δίκην
1426 2995 1491 3046 ἐκ
1525 2994 1634 3048 τῶν
1673 2994 1914 3063 λαγόνων

321 3083 419 3135 τοῦ
463 3082 627 3152 ὅρους
662 3083 1042 3154 ἐπιρρεούσας,
1074 3083 1350 3154 ποταμούς
1376 3101 1436 3137 τε
1461 3082 1549 3136 διά
1581 3084 1689 3139 τῶν
1721 3085 1915 3137 κοίλων

325 3174 581 3243 ῥέοντας,
618 3173 711 3226 καὶ
740 3174 1013 3229 θάλασσαν
1045 3174 1446 3245 ὑποδεχομένην
1477 3175 1547 3227 τά
1584 3176 1915 3246 πανταχόθεν

328 3265 607 3336 ῥεύματα,
635 3268 728 3319 κα.)⁸
756 3268 813 3319 ὲν
841 3265 919 3337 τῷ
945 3267 1127 3337 μέτρῳ
1159 3266 1443 3336 μένουσαν,
1473 3266 1694 3338 κύματά
1721 3284 1781 3321 τε
1802 3270 1915 3330 τοῖς

326 3358 605 3427 αἰγιαλοῖς
637 3356 949 3430 όριζόμενα,
977 3360 1073 3412 καὶ
1111 3359 1212 3412 οὐκ
1241 3358 1563 3427 ὲπεξιοῦσαν
1612 3360 1754 3431 ὑπὲρ
1789 3361 1915 3423 τοὺς

324 3452 707 3523 τεταγμένους
737 3452 898 3523 ὄρους
929 3452 1071 3506 κατὰ
1097 3453 1196 3522 τῆς
1222 3453 1449 3525 ἠπείρου
1477 3453 1575 3523 τὴν
1601 3452 1872 3506 θάλασσαν
1895 3467 1911 3483 ο

322 3543 509 3598 ταῦτα
548 3543 644 3596 καὶ⁵
669 3544 739 3597 τὰ
766 3543 991 3598 τοιαῦτα
1019 3544 1250 3615 βλέπων,
1288 3544 1404 3606 πῶς
1432 3545 1530 3614 οὐχ
1559 3543 1776 3598 ἅπαντα
1803 3542 1917 3595 δια-

329 3635 492 3689 λάὸοι
515 3634 596 3705 τῷ
616 3634 782 3706 λόγῳ,
803 3634 869 3689 δι’
890 3628 965 3689 ὧν
994 3635 1202 3703 γίνεται
1224 3637 1256 3707 ἡ
1286 3635 1602 3689 διδασκαλία
1626 3632 1719 3687 τοῦ
1742 3632 1912 3698 ὄντος,

326 3729 377 3781 εἰ
422 3728 633 3798 μικράν
676 3725 853 3797 ἑαυτῷ
900 3726 1128 3797 δύναμιν
1173 3726 1309 3797 πρὸς
1356 3724 1454 3795 τὴν
1501 3722 1787 3795 μετουσίαν
1814 3722 1916 3792 τῆς

324 3819 548 3891 τρυφῆς
599 3819 812 3890 ἐκείνης
861 3820 1336 3891 παρεσκευάσατο;
1373 3819 1493 3872 Ἵνα
1535 3819 1592 3882 δὲ
1643 3817 1803 3891 παρῶ
1848 3817 1917 3870 τά

329 3909 662 3981 μαθήματα,
683 3911 804 3965 ὅθεν
833 3910 1058 3983 θήγεται
1087 3910 1220 3982 πρὸς
1239 3911 1440 3982 ἀρετὴν
1464 3912 1497 3981 ἠ
1530 3910 1757 3976 διάνοια,
1784 3925 1917 3978 γεω-

329 4004 568 4074 μετρίαν
584 4019 646 4056 τε
675 4005 769 4057 καὶ
795 4002 1174 4075 ἀστρονομίαν,
1202 4002 1295 4056 καὶ
1319 4001 1419 4074 τὴν
1440 4003 1530 4057 διὰ
1559 4000 1653 4059 τοῦ
1680 3999 1913 4074 ἀριθμοῦ

327 4094 667 4165 κατανόησιν
699 4094 800 4165 τῆς
823 4093 1101 4166 ἀληθείας,
1136 4092 1318 4147 πᾶσάν
1351 4109 1413 4146 τε
1450 4092 1672 4164 μέθοδον
1700 4091 1916 4146 ἀποδει-

327 4185 528 4256 κτικὴν
553 4184 665 4239 τῶν
689 4185 1066 4257 ἀγνοουμένων
1092 4186 1187 4240 καὶ
1217 4183 1576 4256 βεϐαιωτικὴν
1599 4184 1706 4239 τῶν
1728 4199 1914 4236 κατει-

326 4279 654 4348 λημμένων,
697 4278 792 4339 καὶ
817 4278 923 4348 πρό
947 4294 1012 4347 γε
1042 4277 1265 4345 τούτων,
1296 4277 1395 4347 τὴν
1421 4276 1521 4347 τῆς
1554 4273 1915 4329 θεοπνεύστου

2013 1814 2284 1867 lmmensa
2330 1826 2553 1881 quoque
2597 1810 2720 1866 coeli
2768 1810 3145 1882 magnitudine
3184 1812 3591 1874 animadversa,

2012 1901 2081 1957 ad
2116 1899 2386 1955 inﬁnitam
2422 1909 2477 1956 et
2510 1900 2986 1955 indeterminatam
3021 1902 3319 1970 potentiam
3352 1917 3441 1958 res
3471 1903 3594 1957 uni—

2012 2007 2203 2048 versas
2235 1992 2288 2045 in
2320 2005 2379 2046 se
2400 1990 2771 2045 continentem
2800 1990 3072 2047 deductus
3102 1998 3226 2057 est;
3261 1993 3593 2061 conspectis-

2013 2096 2120 2151 que
2149 2080 2322 2136 radiis
2346 2079 2481 2135 solis
2505 2096 2535 2134 e
2570 2079 2739 2133 tantis
2769 2078 3151 2135 altitudinibus
3178 2080 3243 2134 ad
3282 2095 3383 2135 nos
3419 2095 3593 2150 usque

2014 2173 2440 2244 pertinentibus,
2490 2188 2587 2243 per
2633 2188 2697 2227 ea
2728 2186 2852 2243 qua:
2898 2179 3184 2242 apparent,
3235 2172 3592 2242 providentiae

2014 2265 2213 2320 divinae
2249 2264 2551 2321 eﬂicicntiis
2581 2264 2898 2319 facultatem
2934 2278 3046 2318 non
3095 2265 3287 2320 deesse
3338 2263 3590 2325 credidit,

2014 2366 2073 2413 ut
2108 2358 2177 2413 ab
2208 2357 2496 2413 altitudine
2525 2357 2745 2413 deitatis
2767 2356 2835 2412 ad
2871 2370 3317 2426 unumquemque
3338 2362 3591 2411 nostrum

2014 2449 2331 2505 descendat.
2360 2449 2495 2504 Nam
2535 2451 2582 2505 si
2616 2464 2786 2504 unum
2817 2448 3090 2504 luminare
3121 2455 3180 2503 et
3225 2447 3592 2504 communiter

2015 2539 2280 2610 quidquid
2309 2538 2619 2608 subjectum
2649 2546 2734 2593 est
2760 2537 3149 2593 illuminatrice
3179 2536 3233 2592 vi
3271 2543 3506 2607 occupat
3536 2544 3593 2592 et

2015 2623 2450 2693 comprehendit,
2492 2631 2547 2679 et
2590 2624 2848 2677 omnibus
2891 2625 3175 2679 utentibus
3207 2631 3370 2695 atque
3402 2623 3590 2679 fruen-

2018 2716 2163 2772 tibus
2206 2715 2451 2785 seipsum
2494 2714 2836 2784 impertiens,
2883 2722 3035 2769 totus
3076 2714 3375 2785 unicuique
3415 2722 3471 2770 et
3507 2715 3594 2769 in-

2015 2809 2225 2866 dvisus
2268 2810 2445 2873 adest,
2494 2816 2702 2879 quanto
2733 2806 2908 2878 magis
2942 2807 3228 2862 luminaris
3275 2806 3592 2872 fabricator,

2015 2908 2072 2956 et
2101 2901 2284 2956 omia
2332 2900 2387 2954 in
2418 2898 2695 2962 omnibus,
2733 2906 2793 2952 ut
2825 2898 3122 2967 Apostolus
3165 2898 3343 2969 inquit
3364 2898 3407 2962 ⁸,
3448 2901 3595 2955 exsi.

2018 2993 2114 3048 stit
2172 3000 2228 3048 et
2281 2990 2574 3061 unicuique
2626 2990 2800 3054 adest,
2863 2998 3075 3045 tantum
3133 3004 3256 3045 sese
3304 2989 3592 3054 exhibens,

2018 3093 2284 3156 quantum
2331 3083 2636 3153 subjectum
2670 3083 2853 3154 capit!
2896 3082 3207 3149 Quinetiam
3259 3085 3304 3138 si
3336 3084 3463 3155 quis
3511 3085 3595 3140 vel

2018 3176 2225 3247 spicam
2277 3190 2446 3245 super
2474 3182 2675 3230 terram
2728 3173 3096 3244 conspexerit,
3154 3174 3240 3230 vel
3295 3189 3361 3229 ex
3408 3174 3595 3246 planta

2016 3282 2242 3338 germen
2288 3274 2532 3332 enatum,
2580 3266 2664 3321 vel
2711 3280 2989 3321 racemum
3035 3273 3335 3332 maturum,
3367 3266 3452 3321 vel
3492 3280 3593 3322 au-

2018 3359 2191 3413 tumni
2220 3357 2729 3429 pulchritudinem,
2780 3365 2895 3411 tum
2947 3357 3006 3412 in
3061 3356 3332 3414 fructibus
3371 3367 3484 3412 tum
3538 3361 3595 3414 in

2017 3450 2268 3513 ﬁoribus,
2334 3449 2421 3505 vel
2482 3458 2680 3520 sponte
2741 3449 3151 3520 provenientem
3207 3450 3456 3515 herbam,
3510 3452 3595 3506 vel

2018 3549 2256 3598 montem
2286 3541 2355 3596 ad
2383 3539 2672 3596 aetheream
2703 3540 3048 3596 altitudinem
3085 3554 3117 3594 a
3155 3540 3443 3595 cacumine
3472 3555 3595 3610 per-

2017 3635 2301 3698 tinentem,
2349 3640 2404 3688 et
2445 3632 2626 3687 fontes
2676 3631 2733 3686 in
2777 3632 2914 3688 locis
2958 3631 3235 3701 depressis
3270 3632 3499 3686 uberum
3537 3634 3593 3687 in

2019 3721 2240 3779 modum
2284 3736 2350 3778 ex
2380 3721 2649 3778 lateribus
2681 3727 2736 3777 et
2766 3720 3008 3776 hiatibus
3041 3721 3243 3776 montis
3287 3719 3592 3784 atlluentcs,

2017 3822 2133 3868 tum
2190 3827 2378 3869 amnes
2429 3827 2526 3884 per
2559 3827 2803 3869 concava
2844 3813 2964 3867 loca
3005 3811 3261 3882 ﬂuentes,
3293 3820 3409 3869 tum
3443 3828 3594 3869 mare

2018 3905 2164 3978 quod
2196 3912 2250 3961 et
2294 3906 2478 3961 omnia
2508 3902 2751 3976 undique
2778 3904 3002 3959 ﬂumina
3036 3905 3258 3975 excipit,
3299 3915 3353 3962 et
3402 3906 3458 3961 in
3493 3922 3593 3963 sua

2019 4014 2275 4057 mensura
2322 4007 2526 4067 manet,
2574 3998 2883 4068 ﬂuctusque
2919 3997 3195 4055 littoribus
3229 3999 3508 4063 terminat,
3538 4010 3594 4055 et

2017 4106 2129 4147 non
2172 4093 2316 4147 ultra
2366 4091 2700 4151 constitutos
2744 4091 2879 4146 ﬁnes
2924 4090 2983 4146 in
3020 4078 3393 4147 continentem
3445 4105 3597 4145 mare

2017 4198 2353 4255 erumpens:
2406 4183 2521 4239 haec
2554 4190 2609 4239 et
2643 4183 2958 4253 hujusmodi
3012 4182 3062 4240 si
3088 4184 3213 4254 quis
3258 4184 3593 4245 consideret.

2017 4291 2129 4348 quo
2163 4283 2325 4347 pacto
2363 4290 2477 4331 non
2522 4275 2709 4330 omnia
2749 4275 2963 4330 ratione
2992 4274 3440 4346 comprehendat,
3499 4290 3597 4344 per

328 4370 562 4441 Γραφῆς
582 4371 922 4441 φιλοσοφίαν,
950 4370 1163 4425 τελείαν
1188 4370 1497 4439 ἐπάγουσαν
1518 4368 1786 4436 κάθαρσιν
1806 4368 1912 4431 τοῖς

2023 4382 2146 4438 quae
2180 4366 2452 4439 theologis
2491 4366 2734 4441 cognitio
2764 4365 2982 4422 exsistit
3011 4365 3131 4434 ejus
3159 4365 3254 4436 qui
3293 4364 3415 4421 est?
3445 4363 3598 4418 Nun-

326 4460 394 4515 δι’
425 4463 604 4533 αὐτῆς
631 4462 702 4515 τὰ
731 4463 851 4517 θεῖα
885 4462 1333 4534 πεπαιδευμένοις
1361 4461 1654 4532 μυστήρια.

2023 4460 2153 4530 quid
2189 4474 2409 4531 parvam
2462 4458 2568 4515 sibi
2598 4458 2706 4513 vim
2739 4458 2806 4513 ad
2859 4457 3335 4529 participationem
3376 4455 3596 4509 illarum

327 4556 659 4613 deliciarum
690 4559 1075 4629 comparavit?
1105 4557 1173 4613 Ut
1209 4558 1464 4613 omittam
1500 4555 1718 4611 interim
1752 4554 2105 4626 disciplinas,
2141 4555 2344 4627 quibus
2413 4569 2570 4611 mens
2627 4554 2696 4610 ad
2742 4554 3001 4608 virtutem
3072 4551 3311 4616 acuitur,
3380 4561 3599 4618 geome-

329 4653 522 4712 triam,
550 4653 1078 4721 astronomiamque,
1113 4655 1168 4705 et
1196 4663 1317 4704 eam
1347 4664 1467 4718 quae
1501 4662 1596 4717 per
1628 4661 1919 4701 numerum
1955 4647 2224 4718 contingit
2249 4646 2617 4717 cognitionem
2645 4643 2912 4706 veritatis,
2943 4650 3108 4711 atque
3166 4652 3382 4694 omnem
3428 4636 3598 4692 ratio-

333 4764 463 4803 nem
494 4762 561 4800 ac
591 4747 736 4800 viam
764 4746 1247 4802 demonstrativam
1278 4759 1469 4801 eorum
1519 4758 1642 4814 quae
1681 4743 2031 4814 ignorantur,
2085 4753 2141 4799 et
2188 4743 2626 4799 conﬁrmativam
2680 4757 2870 4798 eorum
2920 4755 3042 4812 qua
3104 4732 3497 4805 comprehensa
3542 4738 3603 4784 et

333 4839 621 4893 intellecta
678 4848 850 4892 sunt:
904 4838 967 4893 ad
1034 4837 1152 4892 haec
1198 4836 1328 4891 item
1375 4835 1576 4891 divinae
1622 4834 1921 4905 Scriptum
1960 4834 2387 4906 philosophiam,
2439 4849 2560 4904 quae
2594 4833 2893 4904 perfectam
2936 4832 3005 4887 iis
3032 4829 3122 4901 qui
3196 4838 3294 4896 per
3340 4836 3463 4878 eam
3515 4819 3598 4875 di-

334 4934 463 4985 vina
492 4930 700 4985 fuerint
726 4930 904 4986 edocti
940 4931 1224 5004 mysteria,
1253 4927 1409 4985 affert
1439 4928 1843 5000 purgationem.

416 5027 478 5080 '0
507 5027 567 5080 δὲ
597 5024 825 5096 μηδενὸς
850 5022 1056 5077 τούτων
1095 5022 1154 5074 ἐν
1186 5020 1384 5091 γνώσει
1431 5020 1741 5090 γενόμενος,
1782 5016 1916 5089 μηδὲ

334 5116 773 5188 χειραγωγηθεὶς
817 5102 906 5169 διὰ
932 5114 1026 5168 τοῦ
1056 5114 1264 5184 κόσμου
1307 5112 1446 5178 πρὸς
1473 5113 1574 5184 τὴν
1609 5110 1719 5165 τῶν
1745 5110 1919 5182 ὑπερ-

284 5252 289 5256 .
338 5209 582 5279 κοσμίων
603 5207 826 5277 ἀγαθῶν
846 5207 1193 5278 κατανόησιν,
1221 5206 1428 5271 ἁπαλός
1451 5222 1535 5269 τις
1561 5205 1653 5258 καὶ
1680 5202 1922 5275 ἀγύμνα-

341 5314 465 5362 στος
512 5299 606 5353 καὶ
653 5296 882 5370 ἀτρισὴς
923 5297 1023 5369 τὴν
1066 5298 1304 5353 διάνοιαν
1348 5295 1635 5369 παρελθὼν
1663 5295 1756 5349 τὸν
1785 5293 1917 5364 βίον,

341 5391 544 5454 ἐκεῖνος
570 5391 673 5444 ούκ
717 5392 783 5444 ἂν
812 5392 870 5444 ὲν
907 5393 1020 5455 τοῖς
1045 5391 1228 5456 αὐτοῖς
1264 5392 1370 5463 εῐη,
1396 5393 1456 5445 ὲν
1481 5387 1561 5453 οἷς
1593 5392 1621 5443 ὁ
1648 5388 1804 5457 λόγος
1830 5387 1922 5443 τὸν

342 5482 682 5553 προλαϐόντα
708 5482 1014 5552 ἀπέδειξεν,
1047 5483 1123 5545 ὡς
1156 5484 1350 5555 μηκέτι
1376 5484 1465 5539 διὰ
1495 5483 1651 5538 τοῦτο
1688 5494 1915 5553 μακαρι-

328 5720 334 5727 ,
418 5657 442 5689 ⁸
477 5659 494 5714 Ι
526 5658 656 5715 Cor.
696 5676 784 5723 xv,
818 5659 909 5714 9.8.

2093 5019 2165 5067 At
2197 5027 2243 5067 IS
2274 5011 2369 5081 qui
2397 5010 2592 5065 harum
2626 5022 2810 5064 rerum
2842 5004 3047 5060 nullius
3072 4999 3437 5070 cognitionem
3468 4998 3599 5054 ade-

2024 5114 2152 5178 ptus
2174 5113 2279 5171 est,
2312 5118 2489 5174 neque
2511 5115 2607 5173 per
2627 5099 2889 5155 mundum
2913 5094 2981 5151 ad
3009 5091 3380 5163 cognitionem
3405 5102 3600 5158 supra-

2026 5197 2432 5255 mundanarum
2476 5210 2657 5250 rerum
2697 5190 2853 5263 quasi
2899 5202 3063 5242 manu
3100 5187 3297 5241 ductus
3324 5189 3429 5249 est,
3469 5181 3601 5237 sim-

2026 5293 2148 5363 plex
2178 5291 2336 5354 adeo,
2373 5297 2527 5344 tener
2545 5295 2601 5343 et
2626 5282 3017 5340 inexercitatus
3045 5285 3335 5348 menteque
3358 5274 3607 5329 incultus

2026 5383 2194 5438 vitam
2226 5380 2524 5443 transiens,
2548 5393 2658 5434 non
2693 5377 2744 5429 in
2779 5371 2973 5429 iisdem
3010 5378 3279 5436 versetur,
3311 5368 3367 5423 in
3399 5366 3609 5439 quibus
3689 5400 3713 5422 ι

2028 5472 2367 5543 Superiorem
2412 5469 2564 5523 illum
2599 5474 2942 5521 versaturum
2973 5461 3151 5518 oratio
3184 5455 3607 5517 demonstravit,
