4034 6132
412 228 517 289 183

1635 242 1689 296 8.
1728 238 2056 300 GREGORII
2094 248 2386 307 NYSSENI

3549 238 3675 316 «δι’

408 361 467 405 ιιι
521 352 727 408 idcirco
775 370 884 410 non
933 356 1163 425 amplius
1209 356 1362 425 juxta
1417 360 1682 424 prolatam
1734 378 1762 413 a
1817 364 1977 420 nobis

2098 370 2332 441 ττότερον
2348 371 2783 435 ἀποδείκνυσθαι,
2807 372 2946 426 κατὰ
2966 372 3063 444 τὴν
3090 375 3500 446 προενεχθεῖσαν
3523 379 3658 446 ἡμῖν

407 446 806 514 ιεβροςίῐίοηθηι
859 447 1066 502 beatior
1102 463 1224 502 esse
1261 449 1583 504 ostendatur
1624 452 1673 506 is
1720 453 1814 522 qui
1849 455 1976 510 vitae

408 541 683 610 particeps
714 557 822 595 non
852 543 970 606 fuit,
1011 557 1076 596 eo
1104 542 1197 611 qui
1238 543 1494 611 przeclare
1544 546 1817 616 particeps
1856 548 1978 617 ejus

410 629 533 683 fuit.
568 630 702 685 Nam
752 647 820 686 eo
861 632 1079 700 quidem
1131 634 1222 704 qui
1284 648 1407 688 cum
1451 634 1586 689 vitio
1626 639 1978 709 nequitiaque

408 721 565 788 vixit,
601 736 708 775 non
741 722 899 776 modo
921 722 1176 792 simplex,
1198 725 1420 795 vitiique
1444 741 1505 780 ac
1528 728 1748 783 malitia:
1760 746 1976 799 expers,

410 811 764 864 verumetiam
793 811 841 867 is
871 810 1099 868 forsitan
1126 879 1129 883 η
1176 815 1263 885 qui
1293 832 1394 871 nec
1420 832 1647 886 prorsus
1674 820 1893 889 quidem
1912 821 1980 875 ab

409 900 566 954 initio
588 902 792 971 prodiit
818 903 872 957 in
902 905 1091 970 vitam,
1122 905 1338 961 beatior
1365 907 1549 963 fuerit.
1586 907 1716 965 Tale
1741 911 1884 964 enim
1914 910 1984 965 de

407 986 547 1043 Juda
579 1005 798 1060 quoque
842 1007 938 1062 per
968 994 1350 1065 Evangelicam
1389 1012 1579 1052 vocem
1618 998 1915 1054 didicimus
1938 1000 1982 1065 ',

409 1082 555 1150 quod
590 1084 646 1136 in
676 1084 879 1140 talibus
902 1084 948 1141 is
974 1087 1068 1156 qui
1099 1088 1319 1157 penitus
1353 1088 1408 1144 in
1433 1105 1614 1144 rerum
1648 1098 1845 1145 natura
1876 1107 1982 1147 non

410 1182 515 1235 est,
548 1190 615 1229 eo
644 1178 737 1245 qui
761 1191 885 1230 eum
916 1179 1214 1235 vitiositate
1242 1182 1489 1249 pervenit
1524 1182 1580 1235 in
1613 1197 1792 1236 rerum
1823 1190 1988 1237 natu-

412 1282 550 1332 ram,
593 1268 818 1324 meliore
860 1271 1175 1326 conditione
1225 1274 1323 1330 sit.
1355 1271 1490 1326 Nam
1528 1273 1606 1327 illi
1651 1273 1870 1343 quidem
1909 1274 1981 1328 ob

2082 462 2372 526 ἀντίθεσιν,
2395 463 2486 515 τὸν
2518 462 2591 532 μὴ
2628 465 2960 535 μετασχόντα
2987 465 3080 519 τοῦ
3103 465 3218 535 βίου
3249 465 3341 518 τοῦ
3365 468 3653 537 μετασχόν-

2081 568 2172 615 τος
2194 551 2390 614 καλῶς.
2427 550 2530 604 Τοῦ
2564 551 2664 622 μὲν
2690 552 2798 623 γὰρ
2830 552 2998 623 κακία
3027 551 3379 624 συνεζηκότος
3405 554 3465 607 οὐ
3494 554 3653 624 μόνον

2083 644 2112 695 ὁ
2154 643 2518 714 ἀπειρόκακος
2563 643 2629 697 ἂν
2678 644 2763 713 εῐη
2809 644 3289 715 μακαριστότερος,
3336 643 3470 698 ἀλλά
3500 645 3593 697 καὶ
3626 645 3655 696 ὁ

2088 730 2222 800 μηδὲ
2250 731 2349 802 τὴν
2368 733 2544 803 ἀρχὴν
2573 731 2858 802 παρελθὼν
2890 734 2970 796 είς
2997 734 3087 786 τὸν
3118 733 3247 804 βίον.
3276 732 3526 787 Τοιοῦτον
3544 734 3653 805 γὰρ

2083 819 2178 871 καὶ
2201 820 2443 891 περὶτοῦ
2478 822 2646 875 Ἰούδα
2664 820 2752 874 διὰ
2776 823 2875 892 τῆς
2896 822 3267 893 Εὐαγγελικῆς
3288 822 3470 892 φωνῆς
3490 822 3657 874 ἐδιδά-

2082 911 2312 981 χθημεν,
2359 913 2440 965 ὅτι
2488 912 2581 966 ἐπὶ
2625 913 2735 967 τῶν
2780 913 3035 968 τοιούτων
3064 916 3310 984 κρεῖττον
3354 911 3449 965 τοῦ
3513 912 3661 966 κατά-

2082 1002 2279 1056 κακίαν
2334 1003 2641 1072 ὑφεστῶτός
2686 1007 2799 1058 ἐστι
2839 1006 2901 1058 τὸ
2944 1003 3222 1067 παντελῶς
3266 1002 3654 1057 ἀνυπόστατον.

2083 1090 2173 1162 Τῷ
2205 1092 2304 1163 μὲν
2337 1094 2445 1164 γὰρ
2471 1094 2560 1148 διὰ
2588 1095 2649 1148 τὸ
2683 1094 2847 1165 βάθος
2889 1096 2992 1165 the
3018 1095 3322 1165 ἐμφυείσης
3354 1094 3550 1157 κακίας
3575 1094 3664 1154 είς

2083 1181 2306 1253 ἄπειρον
2337 1183 2722 1254 παρατείνεται
2748 1188 2781 1256 ἡ
2808 1185 2895 1239 διὰ
2923 1187 3023 1255 τῆς
3059 1186 3379 1257 καθάρσεως
3413 1182 3657 1247 κόλασις,

2084 1274 2179 1327 τοῦ
2206 1275 2262 1327 δὲ
2299 1275 2372 1346 μὴ
2402 1276 2553 1339 ὄντος
2593 1276 2709 1340 πῶς
2740 1276 2807 1331 ἂν
2836 1277 2995 1349 ὀδύνη
3029 1277 3361 1346 καθάιίωιτος

410 1358 842 1426 profunditatem
879 1362 1079 1419 innatae
1101 1365 1420 1422 vitiositatis
1460 1367 1514 1420 in
1556 1365 1828 1420 infinitum
1863 1374 2193 1435 prorogatur
2235 1382 2299 1421 ea
2327 1382 2449 1438 qua;
2486 1384 2582 1439 per
2621 1370 2995 1440 purgationem
3042 1368 3102 1422 fit.
3142 1383 3326 1438 poena,
3357 1381 3482 1421 eum
3533 1378 3667 1419 vero

412 1450 505 1518 qui
544 1466 650 1507 non
694 1461 799 1516 est,
840 1456 1118 1524 quomodo
1167 1458 1325 1513 dolor
1370 1458 1641 1528 attingere
1685 1458 1905 1527 passu?

483 1541 639 1607 Quod
691 1545 738 1599 si
788 1547 911 1614 quis
957 1557 1242 1618 comparat
1293 1551 1642 1604 immaturam
1693 1549 1985 1605 infantium

2160 1552 2224 1605 Et
2251 1552 2309 1606 δέ
2333 1570 2417 1616 τις
2450 1553 2585 1624 πρὸς
2609 1554 2700 1608 τὸν
2727 1552 2849 1608 κατ’
2874 1552 3076 1624 ἀρετὴν
3105 1551 3219 1622 βίον
3244 1550 3419 1622 κρίνοι
3451 1548 3544 1602 τὸν
3567 1565 3664 1618 νη⁴

414 1635 583 1688 vitam
624 1651 748 1689 cum
800 1650 864 1690 ea
896 1652 1018 1707 quae
1057 1640 1360 1695 secundum
1395 1642 1651 1695 virtutem
1698 1642 1902 1711 agitur,
1940 1642 1989 1697 is

414 1739 603 1779 revera
653 1725 835 1782 infans
877 1740 930 1781 et
973 1728 1320 1799 importunus
1369 1740 1476 1795 est,
1533 1732 1627 1802 qui
1674 1732 1989 1802 hujusmodi

409 1814 623 1881 judicio
649 1816 717 1871 de
751 1819 917 1873 rebus
962 1831 1169 1875 utatur.
1208 1822 1519 1894 Interrogas
1557 1838 1689 1893 ergo
1719 1824 1878 1893 cujus
1909 1823 1987 1877 rei

415 1900 588 1977 gratia
620 1911 673 1964 in
703 1926 769 1967 ea
802 1920 962 1968 aetate
986 1915 1110 1984 quis
1139 1930 1170 1969 e
1199 1917 1308 1971 vita
1342 1918 1688 1981 subducitur,
1738 1918 1868 1988 quid
1897 1933 1992 1987 per

415 1999 521 2054 hoc
551 2000 736 2055 divina
761 2004 1029 2073 sapientia
1065 2006 1403 2076 providendo
1431 2007 1628 2062 cavet?
1654 2007 1807 2074 Quod
1840 2008 1887 2063 si
1924 2007 1992 2064 de

416 2089 505 2146 his
528 2091 747 2162 quidem
775 2093 927 2150 dicas
959 2112 1080 2166 quae
1113 2096 1456 2168 iHegitimum
1487 2106 1705 2170 partum
1728 2109 1988 2169 arguunt,

417 2192 473 2238 et
505 2186 712 2242 idcirco
755 2202 786 2242 a
834 2190 1154 2258 parentibus
1194 2190 1262 2246 de
1317 2191 1496 2246 medio
1534 2192 1827 2256 tolluntur,
1891 2191 1995 2244 im-

417 2277 613 2332 merito
650 2279 871 2333 malitiae
919 2295 1145 2350 operum
1190 2296 1220 2335 a
1278 2280 1388 2337 Deo
1415 2282 1682 2338 rationem
1708 2296 1990 2352 reposeas,

417 2366 513 2436 qui
543 2382 607 2422 ea
637 2382 758 2438 qute
808 2368 863 2423 in
901 2369 1004 2424 hac
1047 2380 1200 2441 parte
1236 2387 1347 2426 non
1379 2379 1527 2428 recte
1564 2374 1708 2428 facta
1755 2380 1904 2437 sunt,
1938 2373 1993 2428 in

413 2457 682 2528 judicium
712 2460 951 2519 adducit.
986 2461 1080 2516 Sin
1129 2471 1309 2519 autem
1346 2465 1566 2535 aliquis,
1605 2464 1823 2521 etiamsi
1868 2464 1989 2519 dili-

416 2559 608 2620 genter
630 2552 896 2608 educetur
924 2563 978 2608 et
1006 2564 1230 2610 curetur
1255 2569 1283 2608 a
1311 2556 1655 2625 parentibus,
1677 2566 1911 2626 votaque
1926 2555 1996 2610 ab

419 2642 615 2697 iisdem
670 2660 770 2713 pro
816 2660 882 2701 eo
936 2647 1180 2702 studiose
1220 2647 1614 2717 suscipiantur,
1658 2649 1785 2703 vita:
1812 2655 1997 2703 tamen

420 2735 695 2805 particeps
735 2752 845 2791 non
891 2746 998 2797 est.
1047 2739 1236 2794 morbo
1269 2739 1336 2794 ad
1375 2748 1606 2794 mortem
1636 2754 1812 2809 usque
1844 2740 1997 2793 inva-

420 2825 660 2880 lescente
691 2827 859 2897 (quod
896 2829 1068 2883 solius
1103 2829 1249 2884 haud
1280 2831 1444 2886 dubie
1482 2845 1664 2887 causae
1693 2830 1822 2901 est),
1855 2830 1997 2885 hanc

420 2911 488 2966 de
532 2889 746 2969 talibus-
795 2916 1169 2985 conjecturam
1222 2918 1493 2987 facimus,
1546 2921 1691 2990 quod
1742 2889 2067 2991 perfectae

422 3004 781 3071 providentiae
809 3006 903 3069 sit,
948 3022 1059 3061 non
1091 3007 1253 3062 modo
1283 3009 1513 3063 morbos
1538 3017 1850 3066 contractos
1895 3025 1996 3065 cu-

422 3109 568 3158 rare,
597 3112 785 3151 verum
815 3098 979 3153 etiam
1011 3114 1081 3154 ne
1107 3100 1177 3154 ab
1203 3100 1359 3154 initio
1384 3101 1604 3171 quidem
1638 3117 1870 3173 prorsus
1899 3103 1999 3157 ali-

422 3184 548 3253 quis
582 3186 638 3240 in
669 3188 835 3244 rebus
855 3189 1043 3246 vetitis
1066 3197 1334 3253 versetur,
1363 3192 1675 3261 providere.
1693 3193 2002 3250 Verisimile

422 3276 567 3331 enim
597 3286 681 3334 est
707 3296 830 3335 eum
860 3281 952 3350 qui
991 3280 1044 3336 id
1078 3284 1223 3353 quod
1254 3283 1498 3338 futurum
1543 3291 1627 3339 est
1654 3299 1809 3355 aeque
1838 3293 2003 3356 atque

423 3371 758 3435 praeteritum
801 3373 1077 3443 cognovit,
1113 3389 1468 3443 progressum
1510 3375 1636 3429 vitae
1674 3375 1902 3432 infantis
1934 3379 2003 3432 ad

422 3459 814 3529 perfectionem
845 3466 1158 3535 prohibere,
1188 3481 1256 3521 ne
1282 3466 1427 3536 quod
1454 3467 1505 3519 vi
1542 3467 1770 3538 praescia
1798 3468 2001 3522 malum

424 3553 866 3610 animadversum
910 3564 995 3612 est
1046 3556 1102 3611 in
1133 3572 1200 3614 eo
1245 3559 1338 3628 qui
1379 3558 1454 3612 ita
1493 3559 1739 3615 victurus
1788 3559 2002 3628 fuisset,

421 3646 761 3713 perﬁciatur,
802 3658 967 3719 atque
998 3650 1047 3704 ei
1077 3650 1169 3720 qui
1205 3665 1267 3706 ea
1305 3650 1592 3706 voluntate
1645 3651 1993 3723 arbitrioque

422 3737 674 3794 victurus
702 3737 917 3805 fuisset,
930 3741 1051 3795 vitii
1081 3742 1453 3812 nequitiaeque
1482 3745 1711 3798 materia
1744 3744 1855 3798 vita
1885 3744 2000 3800 ﬁat.

423 3829 604 3897 Atque
633 3829 781 3884 hunc
814 3832 1153 3885 intellectum
1190 3832 1553 3887 similitudine
1573 3833 1809 3903 quadam
1844 3834 2004 3890 facile

426 3921 594 3976 fuerit
631 3923 941 3990 exprimere
995 3930 1160 3993 atque
1214 3933 1635 3994 repraesentare.
1700 3925 1783 3981 Sit
1830 3927 2000 3990 enim,

426 4009 665 4077 exempli
702 4011 899 4078 gratia,
931 4027 994 4066 ex
1026 4011 1176 4067 omni
1212 4028 1412 4082 genere
1432 4014 1684 4068 ciborum
1715 4015 2000 4084 opiparum

427 4098 705 4169 quoddam
744 4115 809 4155 ac
836 4101 1062 4157 dubium
1094 4105 1344 4160 convivis
1374 4105 1593 4176 epulum
1626 4109 2000 4178 pr0positum;

427 4188 559 4242 huic
595 4188 782 4257 praesit
819 4203 889 4242 ex
936 4191 1183 4247 convivis
1227 4193 1275 4247 is
1333 4193 1429 4264 qui
1487 4203 1681 4250 exacte
1733 4197 2002 4267 cujusque

427 4287 640 4335 naturae
701 4282 1090 4350 proprietatem
1151 4285 1386 4351 noverit,
1435 4286 1567 4357 quid
1628 4288 1722 4342 tali
1780 4289 2000 4359 quidem

426 4382 858 4441 temperamento
890 4381 1054 4443 atque
1078 4377 1441 4445 complexioni
1474 4379 1846 4446 commodum,
1874 4380 2005 4450 quid

426 4464 557 4518 item
586 4463 810 4518 noxium
840 4470 894 4519 et
941 4464 1349 4520 incommodum
1381 4468 1473 4533 sit,
1527 4468 1713 4545 addita
1754 4469 1828 4525 sit
1878 4470 2004 4527 item

426 4555 558 4609 huic
584 4570 709 4611 cum
737 4557 1065 4612 auctoritate
1103 4565 1351 4627 potestas
1374 4568 1429 4613 et
1445 4559 1680 4614 ofﬁcium
1709 4562 2005 4631 quoddam,

429 4657 489 4701 ut
538 4648 606 4702 ad
637 4663 797 4704 suum
827 4649 1113 4703 arbitrium
1180 4652 1348 4705 alium
1388 4652 1609 4721 quidem
1660 4653 1740 4707 uti
1780 4661 1837 4709 et
1895 4653 2004 4709 frui

427 4740 696 4809 appositis
725 4741 891 4806 sinat,
936 4742 1102 4796 alium
1164 4758 1295 4818 vero
1360 4745 1669 4815 prohibeat,
1708 4754 1763 4801 et
1816 4750 2001 4803 omnia

428 4830 592 4884 faciat
644 4832 710 4886 ad
771 4832 896 4895 hoe,
957 4848 1069 4903 quo
1124 4835 1360 4904 quisque
1409 4852 1515 4891 suo
1569 4846 2003 4909 temperamento

427 4930 591 4991 atque
632 4925 997 4992 complexioni
1027 4927 1313 4981 commoda
1364 4931 1862 5003 eonvenientiaque
1918 4943 2003 4988 at-

427 5016 624 5085 tingat,
656 5031 725 5069 ne
752 5016 833 5071 vel
867 5018 1057 5072 morbo
1089 5019 1358 5073 obnoxius
1390 5035 1487 5089 per
1518 5022 1798 5078 esculenta
1833 5034 2003 5079 mate-

428 5107 564 5159 riam
628 5108 819 5161 morbo
875 5109 1140 5179 adjiciens
1194 5111 1541 5177 conficiatur,
1581 5117 1665 5169 vel
1721 5116 2003 5171 robustior

428 5199 777 5255 incommodo
809 5202 931 5257 cibo
965 5204 1268 5259 molestiam
1293 5220 1359 5259 ex
1391 5204 1677 5259 humorunt
1715 5208 2002 5263 abundan-

431 5291 504 5343 tia
535 5292 823 5345 contrahat
850 5302 1011 5362 atque
1047 5296 1290 5364 laboret;
1329 5296 1383 5351 in
1417 5297 1502 5352 Itis
1531 5298 1730 5367 aliquis
1758 5299 2005 5353 vinolen-

434 5384 521 5436 tiae
553 5380 827 5446 addictus,
860 5379 941 5437 vel
979 5400 1044 5440 ex
1078 5386 1258 5442 medio
1300 5389 1555 5444 convivio
1594 5389 1882 5454 educatur,
1919 5391 2003 5443 vel

432 5490 557 5531 cum
592 5474 821 5544 incipiat
858 5476 1139 5540 inebriari,
1168 5480 1250 5535 vel
1290 5481 1343 5536 in
1382 5481 1540 5537 linem
1577 5496 1751 5551 usque
1785 5496 2003 5552 perma-

504 5653 521 5683 ⁸
566 5650 753 5715 Matth.
799 5666 958 5714 xxvi,
994 5650 1082 5711 Ἡ.

2034 4242 2081 4299 1)

2093 1641 2263 1713 πιώδη
2292 1643 2385 1697 καὶ
2415 1643 2610 1715 ἄωρον,
2638 1644 2815 1715 ἄωρος
2843 1645 2871 1697 ὁ
2890 1642 3129 1704 τοιοῦτός
3152 1644 3269 1695 ἐστι
3293 1639 3515 1711 τοιαύτη
3538 1639 3665 1709 κρί-

2093 1750 2176 1786 σει
2224 1735 2351 1807 περὶ
2395 1734 2503 1787 τῶν
2550 1735 2719 1789 ὄντων
2765 1733 3065 1807 χρώμενος.
3094 1733 3338 1803 Ἐρωτᾷς
3395 1727 3489 1785 οὖν
3537 1731 3669 1789 ὅτου

2091 1821 2249 1893 χάριν
2281 1825 2341 1876 ἐν
2374 1822 2549 1891 τούτῳ
2579 1824 2679 1893 τῆς
2722 1822 2938 1893 ἡλικίας
2966 1821 3044 1876 ὢν
3078 1822 3179 1892 τῆς
3211 1819 3359 1890 ζωῆς
3393 1818 3665 1887 ὑπεξάγε-

2091 1930 2210 1982 ται,
2240 1913 2294 1966 τί
2322 1913 2410 1967 διὰ
2435 1914 2625 1967 τούτου
2651 1914 2748 1984 τῆς
2772 1914 2923 1976 θείας
2954 1914 3147 1984 σοφίας
3187 1911 3663 1983 προμηθουμένης.

2105 2003 2243 2056 Ἀλλ’
2268 2006 2316 2057 εἰ
2349 2005 2446 2075 μὲν
2479 2004 2608 2076 περὶ
2632 2004 2835 2057 τούτων
2855 2003 3054 2072 λέγοις,
3088 2004 3189 2056 ὃσα
3219 2003 3316 2073 τῆς
3345 2002 3666 2073 παρανόμου

2094 2099 2340 2167 κυήσεως
2370 2096 2588 2167 ἐλεγχος
2630 2097 2877 2164 γίνεται,
2923 2096 3017 2150 καὶ
3058 2095 3146 2149 διὰ
3183 2094 3342 2149 τοῦτο
3382 2095 3534 2164 παρὰ
3560 2095 3670 2152 τῶν.

2094 2186 2510 2257 γεννησαμένων
2538 2183 2942 2256 ἐξαφανίζεται,
2969 2185 3069 2237 οὐκ
3094 2184 3320 2247 είκότως
3344 2183 3409 2237 ἂν
3436 2185 3546 2237 τῶν
3568 2185 3671 2253 τῆς-

2094 2277 2295 2340 κακίας
2321 2276 2497 2348 ἔργων
2529 2276 2620 2330 τὸν
2650 2275 2784 2331 Θεὸν
2817 2276 3105 2346 άπαιτοίης
3140 2275 3233 2328 τὸν
3264 2275 3442 2344 λόγον,
3473 2274 3564 2329 τὸν
3596 2275 3670 2328 τὰ

2099 2369 2174 2441 μὴ
2203 2366 2382 2432 καλῶς
2419 2368 2513 2422 ἐπὶ
2551 2367 2726 2439 τούτῳ
2760 2366 3103 2438 γεγενημένα
3131 2368 3212 2430 είς
3239 2366 3419 2435 κρίσιν
3446 2366 3668 2435 ἄγοντα.

2097 2463 2160 2515 Et
2184 2459 2242 2514 δέ
2258 2477 2344 2525 τις
2370 2460 2465 2514 καὶ
2483 2459 2933 2531 ἀνατρεφομένων
2959 2458 3069 2511 τῶν
3095 2458 3451 2529 γεννητόρων,
3481 2458 3576 2512 καὶ
3601 2459 3669 2511 δι’

2098 2550 2414 2622 ἐπιμελείας
2455 2549 2887 2619 θεραπευόντων,
2931 2548 3027 2603 καὶ
3057 2548 3124 2602 δι’
3151 2549 3317 2618 εὐχῆς
3343 2548 3674 2612 σπουδαζόνς

2095 2660 2224 2708 των,
2257 2643 2407 2713 ὅμως
2437 2642 2499 2695 οὐ
2537 2640 2753 2712 μετέχει
2772 2641 2867 2694 τοῦ
2900 2639 3037 2710 βίου,
3067 2639 3540 2711 κατακρατοῦντος
3571 2641 3670 2709 μέο

2098 2752 2188 2806 χρι
2217 2733 2450 2788 θανάτου
2478 2734 2570 2786 τοῦ
2603 2733 3034 2804 ἀρῤωστήματος
3066 2732 3087 2803 (
3103 2732 3133 2785 ὃ
3173 2731 3339 2803 μόνης
3371 2734 3470 2802 τῆς
3493 2732 3679 2795 αἰτίας

2098 2825 2478 2897 ἀναμφιϐόλως
2509 2825 2681 2894 ἐστὶ),
2711 2824 2882 2878 ταῦτα
2928 2812 3055 2895 περὶ
3090 2823 3201 2878 τῶν
3230 2823 3485 2878 τοιούτων
3524 2824 3675 2877 είκάη

2100 2919 2286 2989 ξομεν,
2317 2918 2400 2971 ὅτι
2434 2916 2644 2979 τελείας
2674 2916 2790 2969 ἐστὶ
2818 2915 3092 2987 προνοίας,
3127 2916 3187 2967 οὐ
3228 2914 3386 2984 μόνον
3411 2915 3677 2983 γεγονότα

2099 3008 2426 3082 θεραπεύειν
2454 3009 2525 3062 τὰ
2561 3007 2728 3079 πάθη,
2755 3008 2870 3061 ἀλλ’
2901 3009 3049 3070 ὅπως
3087 3007 3154 3060 ἂν
3191 3006 3325 3077 μηδέ
3371 3006 3472 3077 τὴν
3497 3007 3675 3077 ἀρχήν

2097 3121 2181 3167 τις
2209 3104 2322 3166 τοῖς
2343 3099 2806 3172 ἀπηγορευμένοις
2832 3098 3106 3168 ἐγγένοιτο
3135 3092 3400 3169 προνοεῖν.
3436 3098 3540 3151 Τὸν
3564 3099 3676 3168 γὰρ

2099 3194 2377 3264 ἐγνωκότα
2426 3194 2622 3263 ἐπίσης
2652 3191 2730 3261 τῷ
2772 3191 3171 3262 παρεληλυθότι
3194 3190 3257 3243 τὺ
3293 3190 3511 3259 μέλλον,
3556 3189 3677 3242 ἐπιο

2101 3287 2329 3343 κωλύειν
2345 3286 2487 3350 είκὸς
2516 3285 2616 3356 τὴν
2640 3284 2733 3337 ἐπὶ
2752 3284 2812 3336 τὸ
2832 3283 3039 3336 τέλειον
3066 3281 3165 3351 τῆς
3186 3280 3331 3351 ζωῆς
3357 3278 3454 3332 τοῦ
3481 3279 3675 3349 νηπίου

2102 3378 2345 3450 πρόοδον,
2378 3378 2454 3440 ὡς
2472 3375 2538 3430 ἂν
2571 3375 2646 3446 μὴ
2669 3377 2734 3445 τῇ
2758 3375 3138 3443 προγνωστικῇ
3164 3370 3389 3441 δυνάμει
3415 3369 3478 3421 τὸ
3508 3383 3678 3421 καταρ-

2102 3469 2293 3541 νοηθέν
2339 3467 2509 3522 κακὸν
2548 3467 2640 3520 ἐπὶ
2688 3464 2783 3519 τοῦ
2838 3464 3121 3535 μέλλοντος
3161 3462 3335 3525 οὕτως
3384 3458 3677 3531 βιώσεσθαι

2101 3558 2412 3628 τελειωθείη
2431 3598 2445 3621 ,
2490 3550 2586 3611 καὶ¹
2636 3556 2862 3627 γένηται
2892 3555 2971 3627 τῷ
3012 3557 3079 3627 τῇ
3107 3554 3333 3626 τοιαύτῃ
3361 3550 3678 3623 προαιρέσει

2105 3648 2433 3717 συζήσεσθαι
2465 3647 2707 3720 μέλλοντι
2728 3647 2825 3718 ὕλη
2860 3647 3056 3717 κακίας
3078 3646 3108 3698 6
3129 3644 3260 3715 βίος.
3292 3643 3680 3712 Ὑποδείγματι

2103 3743 2161 3796 δέ
2178 3759 2285 3796 τινι
2306 3741 2485 3815 ῥᾴδιον
2508 3740 2573 3795 ἂν
2590 3739 2677 3810 εἴη
2695 3740 3042 3811 παραστῆσαι
3061 3739 3123 3793 τὸ
3150 3738 3348 3810 νόημα.
3370 3737 3549 3789 Ἔστω
3567 3734 3678 3804 γὰρ

2105 3835 2226 3890 καθ’
2258 3833 2510 3888 ὑπόθεσιν
2543 3832 2857 3902 παντοδαπή
2888 3848 2972 3895 τις
3009 3830 3215 3901 εὐωχία
3239 3828 3571 3901 προκειμένη
3600 3826 3678 3895 τῷ

2107 3924 2413 3996 συμποσίῳ,
2443 3921 2800 3977 ἐπιστατείτω
2829 3920 2886 3974 δέ
2911 3938 2994 3984 τις
3023 3919 3263 3983 τοιοῦτος
3289 3918 3398 3972 τῶν
3420 3916 3677 3987 δαιτυμό-

2105 4033 2233 4081 νων,
2283 4008 2395 4078 οἷος
2431 4013 2673 4084 ἀκριϐῶς
2715 4010 2911 4065 εἰδέναι
2943 4010 3010 4064 τὰ
3047 4011 3144 4081 τῆς
3187 4010 3416 4063 ἑκάστου
3464 4006 3678 4076 φύσεως

2109 4103 2392 4174 ἰδιώματα,
2421 4102 2516 4156 καὶ
2547 4100 2601 4154 τί
2632 4101 2731 4171 μὲν
2754 4098 3085 4169 κατάλληλον
3110 4100 3175 4169 τῇ
3202 4096 3426 4170 τοιαύτῃ
3463 4096 3677 4167 κράσει.

2105 4191 2159 4245 τί
2188 4192 2245 4244 δὲ
2274 4189 2563 4253 ἐπιὸλαϐὲς
2594 4192 2690 4242 καὶ
2711 4188 2975 4243 ἀνοίκειον
2998 4205 3013 4219 ·
3054 4187 3400 4258 προσκείσθω
3426 4186 3485 4240 δὲ
3506 4185 3679 4255 τούτῳ

2109 4284 2201 4337 καὶ
2225 4282 2514 4353 αὐθεντική
2535 4299 2619 4344 τις
2643 4278 2879 4345 ἐξουσία,
2902 4278 2994 4333 τοῦ
3018 4279 3159 4333 κατά
3190 4280 3251 4332 τὸ
3272 4280 3405 4331 ἴδιον
3434 4277 3677 4349 βούλημα

2107 4377 2197 4430 τὸν
2243 4375 2339 4446 μέν
2366 4392 2489 4428 τινα
2541 4372 2788 4444 μετέχειν
2822 4371 2929 4426 τῶν
2962 4371 3333 4443 προκειμένων
3360 4371 3476 4440 ἐᾷν,
3502 4369 3594 4423 τὸν
3622 4370 3678 4422 δὲ

2107 4469 2457 4541 ἀποτρέπειν,
2488 4466 2583 4520 καὶ⁹
2616 4466 2793 4519 πάντα
2826 4466 3020 4526 ποιεῖν,
3045 4464 3120 4528 ώς
3152 4464 3219 4516 ἂν
3249 4465 3390 4516 κατά
3422 4463 3520 4533 τὴν
3548 4463 3677 4515 ἐαυ-

2108 4560 2200 4615 τοῦ
2239 4559 2435 4629 κρᾶσιν
2480 4557 2710 4617 ἕκαστος
2756 4552 2865 4607 τῶν
2897 4552 3247 4624 καταλλήλων
3294 4551 3678 4622 προσάπτοιτο,

2109 4654 2197 4706 ἶνα
2228 4652 2362 4721 μήτε
2393 4651 2422 4703 ὁ
2449 4645 2687 4716 νοσώδης
2731 4642 3063 4714 ἐπιτριϐείη,
3110 4642 3367 4715 προσθεὶς
3414 4642 3546 4711 ὓλην
3592 4640 3681 4693 διὰ

2108 4741 2216 4796 τῶν
2243 4738 2517 4809 ἐδωδίμων
2550 4738 2617 4806 τῇ
2642 4734 2802 4802 νόσῳ,
2840 4732 2977 4802 μήτε
3000 4733 3029 4783 ὁ
3060 4730 3457 4802 εὐρωστότερος
3490 4731 3679 4800 κάμοι,

2108 4836 2188 4897 είς
2211 4829 2562 4901 πληθωρικὴν
2589 4826 2778 4895 ἀηδίαν
2808 4821 3086 4876 ἐκπίπτων
3120 4823 3185 4891 τῇ
3213 4819 3532 4890 καταλλήλῳ
3561 4836 3681 4889 τρο.

2111 4931 2205 4998 φῇ’
2249 4926 2308 4979 ἐν
2356 4923 2566 4984 τούτοις
2598 4922 2632 4992 ἢ
2669 4919 2963 4990 μεσοῦντος
3000 4915 3094 4968 τοῦ
3129 4913 3432 4982 συμποσίου
3463 4928 3547 4975 τις
3576 4912 3683 4965 τῶν

2107 5022 2173 5089 τῇ
2202 5015 2516 5086 οἰνοφλυγία
2540 5012 2950 5084 προσκειμένων
2976 5008 3258 5078 ἐξάγηται,
3287 5005 3320 5076 ἦ
3346 5006 3404 5057 ἐν
3435 5004 3577 5074 ἀρχῇ
3606 5002 3682 5054 ὢν

2106 5112 2208 5182 τῆς
2252 5109 2442 5180 μέθης,
2497 5107 2530 5176 ἢ
2584 5106 2744 5177 μέχρι
2783 5103 2969 5166 τέλους
3014 5098 3306 5171 παραμένῃ
3340 5095 3417 5166 τῷ
3460 5095 3679 5164 δείπνῳ,

2103 5206 2276 5261 ταῦτα
2297 5202 2391 5257 τοῦ
2422 5200 2715 5254 ἐπιστάτου
2743 5193 3171 5266 οἱκονομοῦντος,
3202 5191 3279 5254 ώς
3309 5188 3376 5243 ἂν
3409 5190 3677 5258 εὐσχημο-

2104 5298 2219 5369 νοίη
2244 5294 2478 5367 διαρκῶς
2512 5294 2545 5364 ἡ
2577 5290 2827 5361 τράπεζα
2854 5287 2961 5341 τῶν
2980 5289 3046 5339 ἐκ
3070 5283 3363 5353 πληθώρας
3385 5281 3480 5334 καὶ
3497 5279 3679 5369 -μέθης

2106 5366 2553 5457 καὶπαραφορᾶς
2578 5380 2764 5434 κακῶν
2794 5375 3189 5449 καθαρεύουσα.
3217 5374 3427 5442 Ὥσπερ
3463 5366 3557 5423 οὖν
3582 5371 3679 5438 τῆς

2108 5480 2214 5546 τῶν
2242 5474 2569 5548 ἡδυσμάτων
2614 5473 2804 5540 κνίσης
2835 5467 3229 5537 ἀποσπώμενος
3278 5462 3379 5517 οὐκ
3420 5463 3477 5514 ἐν
3520 5460 3679 5531 ἡδονῇ
