4034 6132
305 288 413 348 183

1121 290 1208 347 DE
1256 290 1673 350 INFANTIBUS
1708 293 1827 362 QUI
1872 292 2325 352 PBEMATURE
2359 292 2850 354 ABBIPIUNTUB.

3452 294 3558 354 186

297 407 530 460 ποιεῖται
552 404 663 461 τῶν
693 406 1047 479 καταθυμίων
1067 409 1164 481 τὴν
1186 409 1461 483 στέρησιν,
1490 411 1603 465 ἀλλ’
1621 411 1870 482 ἀκρισίαν

1979 419 2107 465 neat
2139 412 2195 466 in
2235 426 2418 476 cana,
2448 412 2563 467 hac
2602 413 2677 466 ita
2711 409 2968 481 prafeclo
3000 407 3440 473 administrante,
3493 417 3556 466 ut

293 499 417 553 τινὰ
451 497 544 551 τοῦ
574 498 996 564 ἐπιστατοῦντος
1021 500 1442 569 καταγινώσκει,
1466 501 1541 565 ὡς
1563 500 1742 571 φθόνῳ
1772 500 1879 553 τινὶ

294 590 392 641 καὶ
414 587 473 641 ού
506 587 735 659 προνοίᾳ
763 587 874 641 τῶν
905 589 1282 659 προκειμένων
1310 589 1682 660 ἀπείργοντος.
1732 588 1794 640 El
1820 586 1877 640 δὲ

295 680 431 750 πρὸς
452 681 582 744 τοὺς
596 680 675 733 ἐτι
692 680 1136 752 ἀσχημονοῦντας
1162 684 1229 752 τῇ
1268 682 1572 754 παρατάσει
1587 682 1686 752 τῆς
1707 680 1879 752 μέθης

295 770 484 840 βλέποι
504 774 562 825 ἐν
589 773 805 843 ἐμέτοις
829 774 922 827 καὶ
950 774 1316 846 καρηϐαρίαις
1340 774 1529 845 καὶτῷ
1559 773 1878 845 παραφθέγ-

290 861 486 929 γεσθαί
510 881 562 916 τι
588 862 700 917 τῶν
726 864 788 917 οὐ
820 864 1066 928 δεόντων,
1098 866 1256 937 χάριν
1281 854 1533 937 ὁμολογεῖ
1557 864 1635 936 τῷ
1655 865 1761 937 πρὸ
1780 864 1875 919 τοῦ

291 953 534 1008 τοιούτου
583 955 790 1020 πάθους
835 955 937 1026 τῆς
988 957 1227 1029 ἀμέτρου
1274 957 1593 1029 πλησμονῆς
1636 958 1877 1027 ἀποστή-

293 1058 470 1102 σαντι.
516 1047 581 1101 Εἰ
616 1048 681 1120 δὴ
712 1048 959 1118 νενόηται
992 1050 1125 1119 ἡμῖν
1157 1047 1217 1102 τὸ
1247 1049 1571 1119 ὑπόδειγμα,
1604 1048 1785 1121 ῥᾴδιον
1809 1046 1875 1101 ἂν

291 1138 379 1209 εἴη
415 1140 790 1210 προσαγαγεῖν
816 1139 874 1193 τὸ
904 1142 961 1194 ἐν
987 1140 1161 1212 τούτῳ
1191 1140 1535 1211 καταληφθὲν
1576 1143 1708 1211 ἡμῖν
1738 1140 1875 1193 θεοῖ)⁴

293 1247 446 1303 ρημα
463 1232 545 1304 τῷ
567 1234 912 1304 προκειμένῳ
937 1233 1188 1303 νοήματι.
1222 1232 1286 1285 Τί
1305 1233 1413 1304 γὰρ
1434 1232 1495 1286 τὺ
1516 1232 1874 1304 προκείμενον

283 1318 392 1394 ῆν;
430 1325 600 1378 Ὅτου
638 1325 797 1397 χάριν
821 1326 850 1379 6
878 1325 1032 1390 Θεὸς,
1062 1325 1263 1395 πολλῆς
1289 1324 1455 1397 οῦσης
1485 1328 1596 1387 τοῖς
1635 1324 1873 1395 πατράσι

288 1416 535 1486 σπουδῆς
579 1416 913 1487 φυλαχθῆναι
950 1417 1164 1480 ἑαυτοῖς
1195 1416 1285 1470 τὸν
1326 1415 1419 1470 τοῦ
1464 1416 1578 1487 βίου
1608 1415 1870 1487 διάδοχον,

282 1507 474 1579 ἄωρον
504 1509 762 1573 πολλάκις
791 1512 849 1562 ἐν
875 1509 952 1581 τῷ
982 1510 1126 1563 τέλει
1148 1510 1247 1581 τῆς
1275 1510 1491 1581 ἡλικίας
1517 1511 1581 1581 ἐᾷ
1602 1510 1663 1563 τὸ
1684 1509 1873 1581 τεχθὲν

282 1599 745 1671 ἁναρπάζεσθαις
802 1603 947 1673 Πρὸς
989 1601 1084 1666 οὓς
1129 1602 1363 1674 ἐροῦμεν
1417 1601 1478 1656 τὸ
1537 1602 1875 1674 συμποτικὸν

276 1696 466 1748 ἐκεῖνο
485 1695 808 1766 ὑπόδειγμα.
829 1697 911 1750 ὅτι
926 1697 1022 1769 τῆς
1045 1695 1139 1750 τοῦ
1162 1695 1278 1766 βίου
1295 1696 1575 1768 τραπέζης
1596 1695 1796 1768 πολλήν
1811 1714 1870 1750 τε

1982 502 2192 556 nullum
2222 518 2286 558 ex
2324 503 2662 557 abundantia
2708 509 2870 572 atque
2929 501 3194 556 ebrietate
3247 500 3559 571 mentisque

1979 595 2373 667 depravatione
2402 596 2605 651 malum
2637 594 2912 650 exsistens
2942 594 2999 649 in
3048 593 3227 648 medio
3279 593 3559 663 relinqua-

1980 698 2089 753 tur,
2123 687 2217 743 sed
2271 696 2570 758 perpetuus
2630 685 2796 741 decor
2825 695 2881 740 et
2942 685 3202 739 honestas
3257 684 3316 738 in
3369 698 3554 739 mensa

1979 788 2244 835 servetur.
2284 777 2754 845 Quemadmodum
2811 776 2979 846 igitur
3022 774 3074 828 ei
3126 774 3221 844 qui
3276 788 3308 826 a
3362 772 3556 827 nidore

1977 870 2450 925 eondimentorum
2472 869 2749 931 avellitur,
2776 866 3013 938 privatio
3032 880 3220 920 eorum
3249 878 3371 934 qua
3398 862 3553 919 cordi

1977 966 2131 1026 sunt,
2166 960 2380 1031 ingrata
2415 969 2579 1030 atque
2609 957 2907 1027 injucunda
2939 964 3045 1021 est,
3086 962 3248 1024 atque
3283 955 3554 1025 importuv

1976 1051 2165 1108 nitatis
2198 1066 2261 1106 ac
2292 1050 2616 1107 temeritatis
2648 1049 2935 1120 cujusdam
2961 1046 3274 1117 prafectum
3294 1046 3555 1101 condem-

1974 1152 2093 1210 nat,
2128 1143 2286 1214 quasi
2338 1142 2541 1197 invidia
2569 1141 2805 1213 quadam
2840 1150 2895 1196 et
2942 1154 3051 1194 non
3095 1135 3434 1207 providentia
3484 1134 3561 1192 ab

1975 1234 2242 1306 appositis
2280 1243 2577 1289 arcentem.
2616 1232 2722 1289 Sed
2752 1232 2798 1289 si
2836 1232 2904 1287 ad
2939 1247 3035 1287 eos
3069 1232 3158 1303 qui
3208 1229 3553 1302 prorogatio-

1974 1343 2046 1383 ne
2074 1325 2357 1383 ebrietatis
2389 1324 2678 1389 vomenda,
2713 1333 2988 1395 caputque
3032 1332 3311 1394 gravatum
3343 1322 3556 1393 jactan-

1973 1419 2066 1483 do,
2105 1434 2170 1473 ac
2196 1425 2400 1472 temere
2426 1432 2549 1486 qua
2595 1432 2705 1471 non
2759 1415 2918 1471 decet
2975 1413 3328 1487 proferendo,
3386 1413 3553 1468 etiam

1974 1523 2123 1563 nunc
2153 1523 2212 1563 se
2242 1508 2476 1576 turpiter
2505 1513 2757 1576 gerentes
2807 1506 3089 1576 respiciat,
3124 1505 3354 1577 gratiam
3392 1504 3557 1560 habet

1972 1599 2020 1654 ei
2047 1598 2160 1668 qui,
2188 1604 2481 1667 antequam
2515 1596 2645 1651 talia
2675 1597 2779 1651 sibi
2815 1596 3148 1661 acciderent,
3177 1598 3249 1652 ab
3290 1596 3556 1652 immode-

1974 1700 2095 1745 rata
2128 1690 2426 1760 repletione
2463 1705 2586 1745 eum
2620 1689 2985 1761 prohibuerit.
3022 1688 3080 1744 Si
3141 1690 3309 1760 igitur
3366 1689 3556 1745 simili-

278 1787 386 1859 καὶ
407 1760 758 1851 παντοδαπῆν
783 1787 893 1840 τῶν
928 1760 1200 1857 ἐδωδίμων
1221 1760 1702 1859 τὴν-παρασκευὴν
1723 1760 1870 1858 ἐχού-

1979 1781 2113 1836 tudo
2143 1795 2171 1834 a
2196 1781 2357 1836 nobis
2390 1760 2669 1837 intellecta
2696 1791 2800 1849 est,
2833 1779 2994 1837 facile
3018 1781 3185 1838 fuerit
3218 1783 3270 1836 in
3300 1796 3364 1838 ea
3399 1797 3555 1838 com-

276 1892 390 1945 σης
414 1876 546 1945 (νόει
580 1876 637 1930 δέ
677 1893 767 1948 μοι
787 1877 928 1931 κατὰ
956 1877 1053 1948 τὴν
1080 1877 1448 1949 όψαρτυτικὴν
1480 1878 1770 1950 ἐμπειρίαν
1799 1877 1873 1949 μὴ

273 1964 467 2019 πάντα
499 1965 577 2037 τῷ
600 1968 699 2037 τῆς
729 1967 921 2038 ἡδονῆς
945 1967 1120 2037 μέλιτι
1142 1969 1210 2023 τά
1234 1966 1327 2022 τοῦ
1355 1967 1470 2038 βίου
1499 1968 1873 2037 καταγλυκαί-

271 2058 478 2111 νεσθαι
496 2098 511 2123 ,
560 2058 678 2112 ἀλλ’
706 2059 852 2112 ἔστιν
887 2060 1021 2113 ὅπου
1047 2059 1143 2114 καὶ
1171 2062 1282 2123 τοῖς
1308 2059 1727 2131 αύστηροτέροις
1763 2058 1876 2112 τῶν

269 2167 341 2204 συ
352 2151 667 2221 μπομάτων
681 2150 780 2221 τὴν
798 2149 941 2221 ζωὴν
956 2150 1321 2222 ἐπαρτύεσθαι
1333 2190 1348 2218 ,
1360 2145 1449 2204 οἵα
1461 2150 1525 2221 δὴ
1542 2146 1876 2220 φιλοτεχνοῦο

270 2256 370 2295 σιν
395 2242 446 2295 οἱ
472 2239 583 2294 τῶν
606 2241 735 2312 περὶ
766 2240 1012 2309 γαστέρα
1040 2240 1136 2295 καὶ
1169 2239 1353 2311 θοίνην
1381 2239 1586 2311 ἡδονῶν
1612 2242 1871 2311 τεχνῖται,

264 2335 397 2397 τοῖς
430 2332 817 2404 δριμυτέροις,
851 2331 885 2402 ἦ
926 2331 1190 2401 ἀλμῶσιν,
1227 2330 1261 2401 ἦ
1288 2331 1732 2403 παραστύφουσιν
1774 2330 1873 2396 τὰς

265 2421 495 2491 ὀρέξεις
515 2421 624 2475 τῶν
650 2421 987 2492 δαιτυμόνων
1018 2420 1517 2493 ἀναρριπίζοντες)·
1541 2421 1663 2475 ἐπεὶ
1690 2416 1783 2475 οὖν
1809 2422 1871 2475 ού

266 2513 372 2567 διὰ
393 2513 617 2567 πάντων
636 2513 755 2565 ἐστὶ
771 2512 879 2566 τῶν
898 2511 1237 2583 πραγμάτων
1261 2510 1529 2582 μελιειδὴς
1549 2512 1579 2564 6
1604 2511 1736 2582 βίος,
1757 2510 1873 2565 ἀλλ’

266 2608 430 2659 ἔστιν
456 2606 517 2659 ἐν
548 2599 631 2668 οἷς
656 2604 805 2675 ἅλμη
833 2606 895 2658 τὸ
919 2604 1049 2675 ὄψον
1092 2603 1263 2665 ἐστὶν,
1286 2604 1320 2677 ἢ
1348 2602 1560 2673 στύψις,
1583 2603 1616 2675 ἢ
1646 2603 1870 2675 όξώδης,

267 2699 301 2767 ἦ
336 2697 586 2768 δηκτική
633 2712 719 2759 τις
764 2695 858 2748 καὶ
900 2695 1119 2767 δριμεῖα
1172 2695 1394 2765 ποιότης
1428 2693 1734 2765 ἐπριόεἵσα
1761 2697 1874 2759 τοῖς

272 2788 620 2860 πράγμασι,
654 2785 959 2857 δύσληπτον
991 2788 1139 2841 ποιεῖ
1159 2787 1257 2857 τὴν
1287 2787 1583 2858 καρυκείαν
1610 2786 1705 2841 τοῦ
1731 2785 1870 2857 βίου,

271 2881 515 2952 πλήρεις
538 2878 598 2933 δὲ
628 2880 678 2932 οῖ
705 2877 806 2949 τῆς
834 2878 1050 2950 ἀπάτης
1080 2879 1352 2950 κρατῆρες
1379 2877 1716 2932 παντοδαποῦ
1739 2878 1875 2950 κρά-

273 2989 477 3042 μπτος·
501 2965 579 3026 ὧν
594 2973 643 3025 οἱ
669 2971 768 3043 μὲν
782 2970 844 3025 τὸ
865 2970 1109 3040 φυσῶδες
1130 2970 1301 3035 πάθος
1321 2970 1409 3025 διά
1437 2970 1531 3024 τοῦ
1555 2970 1757 3040 στύφου
1777 2973 1875 3043 τῆς

1976 1874 2305 1944 prehensam
2337 1889 2365 1925 a
2406 1872 2569 1928 nobis
2619 1874 3047 1943 speculationem
3107 1876 3173 1928 ad
3210 1875 3552 1945 propositum

1975 1978 2199 2019 sensum
2233 1964 2668 2019 accommodare.
2691 1963 2830 2031 Quid
2864 1966 3009 2021 enim
3044 1966 3556 2035 eratpropositum?

1973 2057 2145 2127 Cujus
2181 2057 2258 2112 rei
2280 2058 2478 2128 gratia,
2510 2073 2635 2112 cum
2667 2059 2963 2129 plurimum
3002 2059 3171 2114 studii
3206 2066 3462 2128 parentes
3495 2059 3551 2113 in

1974 2148 2079 2203 boc
2103 2156 2326 2219 ponant,
2363 2157 2422 2204 ut
2451 2164 2676 2206 suarum
2725 2150 2829 2205 sibi
2880 2150 3204 2213 facultatum
3261 2165 3554 2206 successor

1973 2250 2304 2306 reservetur,
2337 2241 2480 2298 Deus
2516 2257 2661 2312 sape
2694 2252 2819 2297 ante
2852 2250 3067 2312 tempus
3107 2257 3171 2297 ac
3226 2252 3555 2312 pramature

1973 2332 2030 2388 in
2056 2332 2374 2403 imperfecta
2391 2340 2550 2388 atate
2579 2332 2754 2403 abripi
2786 2333 2922 2388 sinit
2952 2334 3004 2388 id
3039 2332 3185 2403 quod
3215 2343 3401 2387 natum
3423 2333 3555 2389 est?

1972 2421 2072 2480 His
2100 2424 2193 2496 qui
2230 2424 2306 2478 ita
2360 2428 2721 2495 interrogant,
2770 2423 3075 2480 referemus
3107 2424 3444 2479 convivalem
3484 2423 3553 2476 il-

1973 2517 2080 2571 lam
2118 2516 2550 2580 similitudinem,
2578 2517 2724 2587 quod
2754 2533 2879 2572 cum
2933 2518 3164 2571 multum
3217 2532 3281 2570 ac
3338 2516 3551 2571 varium

1972 2607 2377 2664 esculentorum
2411 2617 2729 2679 apparatum
2771 2609 2897 2664 vita
2954 2625 3143 2664 mensa
3194 2608 3391 2663 habeat
3429 2609 3554 2678 (in-

1972 2699 2344 2770 telligeautem
2379 2700 2511 2754 mibi
2545 2699 2849 2755 secundum
2876 2702 3126 2772 peritiam
3158 2701 3236 2755 rei
3264 2701 3557 2756 culinaria

1974 2792 2217 2861 artisque
2258 2789 2687 2845 condiendorum
2721 2791 2994 2856 ciborum,
3048 2807 3157 2845 non
3206 2806 3399 2847 omnes
3430 2792 3553 2845 vita

1972 2888 2160 2953 partes
2222 2881 2522 2951 voluptatis
2582 2883 2742 2937 melle
2787 2883 3131 2947 dulcescere,
3192 2883 3287 2938 sed
3350 2882 3552 2938 alicubi

1973 2972 2138 3028 etiam
2172 2974 2556 3030 acerbioribus
2587 2974 2813 3030 casibus
2862 2975 3032 3028 vitam
3077 2974 3316 3038 condiri,
3367 2974 3552 3045 qualia

272 3064 508 3133 ἀπάτης
528 3061 872 3134 ἐμποιοῦσιν,
898 3063 947 3116 οἱ
968 3062 1027 3116 δέ
1047 3064 1128 3126 είς
1146 3063 1468 3134 παραφορὰν
1490 3062 1615 3125 τοὺς
1649 3061 1870 3133 ἐμπιόν-

1976 3067 2235 3122 nimirum
2260 3066 2502 3122 artiﬁces
2534 3067 2876 3137 voluptatum
2907 3064 2974 3119 ad
3002 3066 3194 3137 epulas
3217 3074 3272 3121 et
3302 3074 3551 3122 ventrem

267 3174 382 3221 τις
414 3154 824 3221 ἐξεκαλέσαντο,
848 3153 1027 3218 ἄλλοις
1053 3154 1112 3207 δὲ
1143 3154 1252 3207 τῶν
1290 3153 1541 3224 πονηρῶς
1565 3153 1870 3225 κτηθέντων

1975 3158 2367 3231 pertinentium
2394 3158 2713 3230 excogitant
2739 3165 2795 3213 et
2824 3164 3088 3224 tractant,
3112 3158 3195 3211 vel
3219 3157 3554 3229 acrioribus.

269 3250 377 3304 τὸν
417 3249 616 3321 ἔμετον
638 3247 729 3301 διὰ
758 3248 858 3318 τῆς
899 3248 1132 3320 αἰσχρᾶς
1175 3246 1478 3311 ἀποτίσεως
1524 3246 1868 3318 ἀνεκίνησαν.

286 3343 385 3404 Ὡς
422 3338 492 3394 ἂν
537 3334 633 3394 οὖν
675 3338 750 3410 μὴ
793 3337 1127 3411 ἐπιχρονίζοι
1164 3339 1230 3410 τῇ
1267 3336 1490 3409 τοιαύτῃ
1525 3337 1628 3408 τῆς
1664 3340 1870 3412 τραπέ-

272 3434 385 3506 ζης
416 3434 744 3503 παρασκευῇ
777 3432 807 3485 6
846 3431 922 3502 μὴ
966 3430 1196 3493 δεόντως
1244 3427 1325 3500 τῷ
1348 3430 1632 3500 συμποσίῳ
1663 3430 1867 3502 χρησά.

268 3541 466 3594 μενος,
504 3523 699 3577 θᾶττον
742 3521 995 3589 ἐξάγεται
1014 3520 1110 3574 τοῦ
1137 3520 1247 3574 τῶν
1275 3519 1612 3591 δαιτυμόνων
1646 3520 1868 3593 πληρώ-

268 3630 479 3684 ματος,
510 3612 806 3683 κερδαίνων
837 3612 900 3666 τὸ
945 3613 1021 3684 μὴ
1059 3614 1118 3666 ἐν
1146 3612 1373 3677 ἐκείνοις
1411 3612 1686 3681 γενέσθαι,
1729 3606 1805 3667 ὧν
1833 3614 1867 3684 ή

266 3704 521 3775 ἀμετρία
549 3703 652 3773 τῆς
694 3702 1045 3767 ἀπολαύσεως
1073 3705 1186 3767 τοῖς
1215 3702 1579 3774 λαιμαργοῦσι
1612 3702 1870 3775 πρόξενος

267 3798 512 3864 γίνεται.
569 3796 741 3851 Τοῦτό
795 3798 943 3853 ἐστιν
967 3797 997 3850 ὅ
1027 3814 1171 3868 φημι
1192 3797 1405 3861 τελείας
1435 3792 1575 3853 εἶναι
1613 3798 1868 3868 προνοίας

267 3888 639 3961 κατόρθωμα,
690 3888 751 3943 τὸ
786 3888 860 3960 μὴ
893 3889 1053 3958 μόνον
1111 3889 1384 3944 συστάντα
1428 3888 1755 3962 θεραπεύειν
1798 3888 1868 3944 τὰ

228 4050 237 4057 ν
266 3982 452 4053 πάθη,
486 3980 625 4035 ἀλλά
670 3982 765 4033 καὶ
790 3979 1019 4034 κωλύειν
1060 3982 1168 4052 πρὸ
1211 3983 1309 4054 τῆς
1339 3984 1671 4045 συστάσεως.
1707 3982 1772 4036 Ὀ
1801 3980 1865 4052 δὴ

268 4074 370 4128 καὶ
394 4073 534 4144 περὶ
576 4071 671 4125 τοῦ
710 4071 939 4126 θανάτου
972 4071 1081 4127 τῶν
1111 4075 1412 4142 ἀρτιτόκων
1457 4074 1864 4145 ὑπενοήσαμεν,

266 4168 355 4220 ὅτι
401 4167 435 4218 ὁ
481 4164 625 4234 λόγῳ
652 4164 721 4218 τά
761 4164 939 4219 πάντα
984 4163 1154 4218 ποιῶν
1187 4165 1293 4218 ὑπὸ
1323 4165 1732 4236 φιλανθρωπίας
1761 4166 1867 4236 ἀφ-

266 4257 517 4325 αιρεῖται
566 4255 666 4325 τῆς
699 4252 899 4317 κακίας
934 4253 1032 4326 τὴν
1064 4253 1216 4319 ὓλην,
1270 4253 1344 4326 μὴ
1377 4254 1549 4318 διδοὺς
1581 4256 1768 4327 καιρὸν
1794 4257 1861 4328 τῇ

266 4344 602 4418 προαιρέσει
629 4348 697 4416 τῇ
720 4345 811 4398 διά
836 4344 937 4414 τῆς
966 4345 1385 4416 προγνωσταῆς
1421 4346 1699 4416 δυνάμεως
1723 4363 1864 4415 γνω-

1974 3257 2059 3312 vel
2089 3256 2476 3328 salsuginosis,
2505 3255 2593 3312 vel
2625 3257 3061 3325 astringentibus
3092 3258 3371 3327 appetitus
3413 3272 3553 3313 eon-

1972 3348 2220 3403 vivarum
2249 3346 2575 3420 excitantes)
2608 3367 2623 3402 :
2660 3347 2922 3418 quoniam
2947 3363 3080 3419 ergo
3113 3364 3220 3403 non
3254 3364 3351 3418 per
3369 3350 3551 3404 omnia

1970 3439 2184 3509 negotia
2218 3438 2503 3509 ofﬁciaque
2542 3438 2653 3493 vita
2688 3438 2873 3494 suavis
2918 3447 2973 3492 et
3013 3437 3260 3508 jucunda
3291 3446 3398 3504 est,
3455 3437 3553 3494 sed

1970 3528 2027 3584 in
2060 3530 2331 3599 aliquibus
2356 3530 2517 3584 etiam
2572 3530 2962 3585 salsamentum
3008 3531 3299 3586 obsonium
3331 3538 3434 3595 est,
3467 3533 3553 3586 vel

1969 3622 2272 3687 astrictiva,
2293 3622 2378 3676 vel
2404 3628 2647 3685 acetosa,
2682 3620 2764 3675 vel
2798 3619 3024 3673 mordax
3054 3621 3301 3689 quadam
3323 3629 3379 3675 et
3407 3622 3554 3678 acris

1969 3711 2206 3782 qualitas
2244 3711 2491 3780 ingesta,
2533 3717 2588 3765 et
2628 3709 2796 3766 rebus
2858 3710 3041 3763 intrita
3094 3718 3314 3779 sumptu
3363 3710 3554 3766 dillici-

1969 3804 2073 3858 lem
2107 3801 2276 3857 efﬁcit
2307 3802 2432 3856 vitae
2467 3802 2650 3857 cibum
2692 3801 2998 3867 conditum,
3032 3801 3176 3871 pleni
3209 3802 3337 3856 item
3387 3802 3554 3857 varia

1968 3894 2213 3950 mistura
2277 3894 2489 3949 fraudis
2557 3900 2800 3950 crateres
2870 3901 3001 3948 sunt
3062 3912 3076 3948 :
3151 3910 3385 3963 quorum
3457 3896 3550 3949 alii

1966 3986 2181 4056 quidem
2219 3984 2517 4041 inﬂationis
2544 3985 2733 4039 vitium
2766 4000 2861 4054 per
2893 3983 3066 4040 fastus
3108 3983 3352 4040 fraudem
3402 3984 3555 4056 inge-

1965 4084 2194 4144 nerant,
2254 4077 2346 4131 alii
2409 4091 2539 4131 vero
2593 4078 2650 4130 in
2695 4076 3059 4131 temeritatem
3118 4090 3183 4130 ac
3237 4077 3552 4133 vecordiam

1966 4169 2234 4225 devocant
2265 4183 2361 4224 eos
2392 4167 2484 4237 qui
2528 4167 2875 4231 imbiberint,
2907 4167 3032 4223 aliis
3061 4168 3191 4223 item
3233 4169 3375 4223 male
3400 4184 3552 4239 qua-

1967 4262 2196 4318 sitorum
2237 4259 2501 4315 vomitum
2547 4274 2646 4324 per
2686 4267 2900 4329 turpem
2943 4260 3271 4315 solutionem
3308 4270 3549 4315 movent.

1964 4349 2045 4406 Ne
2085 4363 2216 4421 ergo
2255 4350 2312 4404 in
2356 4349 2452 4402 tali
2492 4362 2697 4403 mensa
2735 4356 2998 4419 apparatu
3040 4348 3248 4404 diutius
3290 4348 3551 4404 immore-

271 4437 528 4509 ρισθείσῃ
566 4436 656 4490 διὰ
684 4437 792 4490 τῶν
825 4438 1004 4508 ἔργων
1043 4438 1101 4490 ἐν
1139 4438 1341 4500 κακίας
1382 4436 1538 4508 ἐξοχῇ
1586 4436 1863 4507 δειχθῆναι

1971 4446 2076 4504 tur,
2107 4438 2200 4510 qui
2235 4453 2343 4493 non
2376 4443 2525 4493 recte
2552 4452 2617 4492 ac
2646 4436 2903 4493 decenter
2944 4438 3195 4495 convivio
3236 4445 3439 4503 utatur,
3472 4438 3554 4492 ci-

267 4532 359 4584 οἰα
385 4530 564 4595 ἐστὶν,
590 4532 719 4587 ὅταν
758 4529 894 4601 πρὸς
928 4531 988 4583 τὸ
1011 4531 1183 4584 κακὸν
1207 4529 1305 4601 τὴν
1333 4528 1509 4601 ὁρμὴν
1539 4529 1673 4600 ἔχοι.
1727 4528 1866 4582 Πολο

266 4622 433 4685 λάκις
460 4619 518 4674 δὲ
547 4617 646 4691 τὴν
678 4620 1074 4691 σεσοφισμένην
1101 4620 1197 4691 τῆς
1231 4621 1589 4692 φιλαργυρίας
1617 4620 1867 4691 ἀνάγκην

267 4711 360 4767 διὰ
388 4711 503 4764 τῶν
523 4710 784 4765 τοιούτων
806 4711 1015 4782 ἐλέγχει
1044 4713 1073 4765 6
1095 4710 1356 4764 συνιστῶν
1374 4711 1435 4764 τὸ
1458 4710 1551 4764 τοῦ
1581 4710 1698 4781 βίου
1728 4728 1867 4781 συμ-

270 4803 490 4867 πόσων,
517 4802 596 4866 ὼς
622 4801 711 4865 ἂν,
749 4800 924 4873 οἶμαι,
952 4802 1158 4874 γυμνὸν
1184 4802 1294 4857 τῶν
1328 4802 1705 4873 εὐπροσὼπων
1733 4818 1864 4872 προ-

271 4892 656 4963 καλυμμάτων
710 4892 771 4946 τὸ
814 4894 913 4963 τῆς
957 4893 1315 4965 φιλαργυρίας
1344 4892 1689 4965 ἀρρώστημα
1741 4893 1868 4964 φαί-

270 5000 443 5049 νοιτο,
475 4983 668 5056 μηδενὶ
698 4984 1163 5054 παραπετάσματι
1215 4984 1615 5056 πεπλανημένῳ
1642 5000 1866 5039 συσκια-

271 5078 523 5148 ζόμενον.
549 5077 690 5131 Φασὶ
708 5077 818 5148 γάρ
838 5077 888 5129 οἱ
911 5076 1094 5130 πολλοὶ
1109 5075 1195 5131 διὰ
1206 5074 1364 5131 τοῦτο
1375 5078 1495 5137 ταῖς
1505 5076 1599 5129 τοῦ
1622 5075 1867 5142 πλείονος

271 5168 593 5239 ἐπιθυμίαις
611 5167 1095 5232 ἐπιπλατύνεσθαι,
1110 5168 1184 5232 ὡς
1204 5168 1270 5223 ἂν
1288 5168 1721 5240 πλουσιωτέρους
1739 5169 1867 5233 τοὺς

271 5259 342 5326 ἐξ
362 5260 543 5316 αὐτῶν
572 5260 870 5330 γεγονότας
904 5261 1210 5330 ποιήσαιεν,
1240 5253 1316 5315 ὧν
1343 5260 1554 5331 ἐλέγχει
1585 5259 1684 5332 τὴν
1711 5261 1866 5316 νόσον

276 5353 417 5408 ἰδίαν
440 5348 629 5419 οὖσαν,
658 5354 761 5408 οὐκ
775 5352 834 5418 ἐξ
848 5353 1095 5424 ἀνάγκης
1109 5354 1487 5424 ἐγγινομένην,
1503 5354 1537 5425 ἡ
1552 5352 1863 5425 ἀπροφάσι-

275 5462 402 5510 στος
424 5446 535 5501 τῶν
556 5446 800 5501 ἀτέκνων
824 5445 1126 5511 πλεονεξία.
1161 5445 1352 5499 Πολλοὶ
1376 5446 1487 5518 γὰρ
1509 5445 1632 5500 οὔτε
1653 5446 1866 5519 ἔχοντες

274 5538 526 5610 διαδοχὴν
546 5540 642 5593 ἐπὶ
657 5538 871 5602 πολλοῖς
897 5533 979 5603 οἷς
999 5536 1328 5609 ἐμόχθησαν,
1347 5537 1471 5592 οὔτε
1489 5539 1547 5592 ἐν
1565 5538 1741 5593 ἐλπίσι
1771 5537 1864 5593 τοῦ

281 5633 426 5699 σχεῖν
441 5631 623 5696 ὄντες,
665 5630 790 5686 ἀντὶ
813 5632 1022 5703 μυρίων
1042 5630 1250 5685 τέκνων
1271 5629 1471 5694 πολλὰς
1491 5631 1786 5703 ἐπιθυμίας
1808 5631 1866 5683 ἐν

282 5723 488 5794 (aurei;
523 5721 1001 5797 παιδοτροφοῦσιν,
1047 5721 1148 5777 οὐκ
1173 5721 1387 5795 ἔχοντες
1426 5723 1528 5788 ποῦ
1571 5724 1670 5795 τὴν
1702 5723 1867 5795 ἀνάγ-

1970 4528 2081 4584 tius
2114 4528 2368 4583 educitur
2394 4543 2459 4584 ex
2490 4535 2637 4583 coetu
2666 4535 2830 4598 atque
2870 4542 3137 4585 consessu
3173 4529 3549 4597 convivarum,

1970 4619 2025 4675 id
2059 4619 2198 4674 lucri
2234 4618 2477 4686 faciens,
2514 4619 2661 4690 quod
2714 4623 2769 4673 in
2806 4619 2898 4674 illa
2932 4621 3185 4676 molestia
3235 4628 3398 4690 atque
3436 4628 3552 4675 tur-

1968 4713 2221 4784 pitudine
2253 4729 2364 4767 non
2394 4718 2665 4778 versetur,
2705 4726 2937 4782 quarum
2972 4727 3154 4766 rerum
3194 4711 3551 4767 immoderata

1971 4807 2218 4877 sumptio
2251 4804 2603 4860 helluonibus
2633 4804 2986 4859 conciliatrix
3019 4804 3259 4860 exsistit.
3304 4801 3418 4859 Hoc
3442 4813 3548 4869 est,

1968 4897 2113 4967 quod
2144 4896 2270 4952 dico
2315 4894 2576 4967 perfecta
2634 4902 2800 4966 atque
2857 4895 3127 4951 absoluta
3183 4895 3550 4963 providentia

1967 5001 2108 5058 Opus
2132 5001 2278 5053 esse,
2308 5001 2427 5041 non
2459 4986 2641 5043 solum
2692 4994 3010 5041 contractos
3044 4999 3241 5040 curare
3290 4985 3542 5053 morbos,

1966 5093 2159 5134 verum
2207 5079 2374 5134 etiam
2434 5077 2729 5150 prohibere
2773 5085 3067 5147 antequam
3115 5077 3546 5132 contrahantur.

1968 5168 2146 5237 Quam
2174 5169 2311 5225 adeo
2340 5170 2657 5241 Opinionem
2698 5169 2867 5224 etiam
2898 5167 2967 5222 de
3013 5176 3187 5223 morte
3251 5165 3545 5222 infantium

1966 5263 2129 5318 modo
2177 5269 2432 5317 natorum
2481 5262 2786 5327 habemus,
2862 5259 3011 5329 quod
3074 5260 3123 5315 is
3176 5259 3268 5329 qui
3335 5261 3551 5315 ratione

1965 5358 2151 5412 omnia
2182 5354 2336 5421 facit,
2366 5354 2708 5409 humanitate
2735 5351 3009 5408 adductus
3054 5352 3206 5407 vitiis
3259 5350 3549 5406 materiam

1967 5450 2169 5515 aufert,
2213 5448 2456 5518 spatium
2486 5444 2752 5515 temporis
2797 5444 3070 5499 voluntati
3132 5459 3230 5513 per
3258 5443 3367 5498 vim
3400 5458 3544 5513 pra-

1967 5539 2135 5595 sciam
2176 5545 2377 5593 notatae
2404 5545 2461 5592 et
2507 5534 2906 5593 animadversa
2967 5550 3078 5591 non
3135 5534 3297 5602 dans,
3358 5544 3417 5590 ut
3447 5550 3549 5605 per

1968 5645 2132 5699 opera
2163 5630 2218 5685 in
2276 5629 2536 5700 nequitia
2565 5627 2796 5699 vitiique
2843 5627 3169 5685 excellentia
3221 5626 3543 5683 ostendatur

1968 5723 2148 5791 qualis
2182 5722 2274 5788 sit,
2311 5735 2440 5778 cum
2466 5719 2534 5780 ad
2563 5720 2768 5779 malum
2803 5720 3067 5792 impetum
3097 5719 3297 5781 habeat
3330 5726 3386 5773 et
3412 5716 3547 5779 efl’e-
3606 5736 3615 5745 ·
