4034 6132
465 291 562 347 18’:

1693 283 1749 338 S.
1793 280 2116 336 GliEGORil
2160 281 2452 336 NYSSENl
2713 286 2738 296 '

3617 279 3721 338 188

459 424 633 470 ctum.
685 414 1072 483 Saepenumero
1123 415 1306 462 autem
1366 421 1460 476 per
1515 405 1827 474 hujusmodi
1868 405 2032 459 etiam

2151 424 2240 475 την
2264 408 2358 476 τῆς
2381 404 2688 476 ἀρρωστίας
2708 401 2913 473 ταύτης
2937 401 3389 470 ἑπανενέγκωσιν.
3419 402 3480 454 Εἰ
3501 401 3558 454 δέ
3575 419 3721 464 τινες

459 521 626 561 casus
661 504 970 560 simulatam
1013 509 1176 569 atque
1207 506 1531 568 praetensam
1567 499 1811 552 avaritia:
1845 513 2035 553 neces-

464 597 679 650 sitatem
707 594 885 664 arguit
909 593 956 646 is
983 591 1076 659 qui
1116 592 1243 645 vita:
1273 589 1585 644 convivium
1613 589 1922 650 constituit,
1951 599 2033 653 ut,

463 688 678 757 opinor,
713 685 948 739 nudatus
978 683 1247 752 speciosis
1281 683 1632 749 praetextibus
1667 697 1731 735 ac
1757 670 2034 736 velamen-

462 782 534 834 tis
586 778 832 832 avaritiae
895 777 1123 830 morbus
1195 783 1457 844 appareat
1498 775 1647 828 nullo
1684 774 1822 828 falso
1881 784 2037 844 tegu-

461 879 644 924 mento
692 867 1075 922 obumbratus.
1140 865 1276 919 Nam
1337 866 1497 935 vulgo
1567 866 1810 935 plerique
1860 867 2034 929 aiunt,

462 961 668 1015 ideirco
701 975 761 1014 se
806 959 1092 1028 cupiditati
1146 974 1258 1012 rem
1324 958 1559 1028 augendi
1619 957 1920 1028 indulgere,
1975 966 2036 1012 ut

460 1054 687 1107 ditiores
719 1068 784 1107 ex
823 1066 944 1106 sese
988 1059 1148 1106 natos
1200 1051 1451 1114 reddant,
1513 1066 1748 1122 quorum
1784 1052 2036 1106 morbum

462 1147 743 1216 proprium
768 1161 912 1210 esse,
944 1155 998 1200 et
1019 1161 1087 1199 ex
1121 1145 1454 1200 necessitate
1479 1160 1587 1199 non
1615 1145 1828 1200 innasci
1860 1144 2039 1214 arguit

461 1239 862 1294 inexcusabilis
922 1239 1153 1292 avaritia
1209 1252 1400 1292 eorum
1450 1238 1543 1308 qui
1590 1236 1778 1291 liberis
1825 1245 2035 1291 carent.

463 1333 613 1385 Multi
660 1333 804 1386 enim
860 1347 983 1386 cum
1042 1347 1143 1386 nec
1211 1331 1448 1384 habeant
1504 1330 1800 1384 multorum
1854 1329 2041 1384 labore

463 1434 741 1492 partorum
793 1424 1059 1477 bonorum
1097 1417 1099 1420 ⁴
1131 1418 1523 1484 successores,
1591 1437 1692 1476 nec
1743 1421 2040 1491 aliquando

463 1515 745 1568 habituros
771 1531 896 1570 esse
929 1531 987 1568 se
1015 1522 1263 1584 sperent,
1292 1531 1392 1585 pro
1423 1513 1654 1568 infinitis
1681 1513 1872 1569 liberis
1901 1513 2037 1566 mul-
2073 1544 2077 1548 -

461 1617 547 1662 tas
589 1609 729 1661 intra
777 1624 898 1663 sese
929 1608 1258 1678 cupiditates
1299 1609 1474 1669 alunt,
1517 1621 1627 1659 non
1675 1607 1940 1660 habentes
1984 1605 2040 1659 in

463 1714 603 1769 quos
627 1698 918 1752 conferant
954 1700 1117 1766 hujus
1146 1699 1321 1752 morbi
1354 1699 1760 1754 necessitatem.
1798 1695 1958 1762 Quod
1995 1695 2041 1750 si

463 1791 554 1859 qui
589 1791 726 1845 male
749 1793 802 1844 in
835 1792 941 1845 vita
964 1803 1276 1854 versantur,
1310 1806 1373 1844 ac
1401 1791 1584 1844 dedita
1635 1805 1801 1860 opera
1831 1787 2044 1842 consul-

461 1889 628 1952 teque
658 1883 931 1948 crudeles,
965 1894 1151 1936 truces
1183 1891 1347 1952 atque
1381 1881 1653 1953 tyrannici
1690 1890 1839 1942 sunt,
1875 1879 2046 1934 omni-

2138 497 2324 560 κακῶς
2368 495 2756 566 ἐπιδημοῦντες
2786 494 2864 565 τῷ
2890 494 3008 566 βίῳ,
3071 493 3378 564 τυραννικοί
3423 511 3481 545 τε
3511 493 3606 545 καὶ¹
3631 510 3723 545 πι-

2139 589 2261 660 κροὶ
2297 588 2395 657 τὴν
2431 588 2770 659 προαίρεσιν,
2805 587 3007 650 πάσαις
3037 584 3356 646 ἀκολασίαις
3384 583 3725 654 δεδουλωμέ-

2138 698 2240 742 νοι,
2289 678 2444 750 Θυμῷ
2473 679 2854 750 παραπλῆγες,
2909 678 3215 748 φειδόμενοι
3258 677 3367 729 τῶν
3407 676 3726 747 ἀνηκέστων

2139 772 2325 826 κακῶν
2355 771 2585 834 οὐδενὸς,
2603 770 2798 841 λῃσταὶ⁸
2825 770 2920 823 καὶ
2951 768 3286 838 ἀνδροφόνοι,
3319 767 3413 820 καὶ
3448 765 3727 837 πατρίδων

2140 863 2424 934 προδόται,
2477 862 2509 933 ἢ
2551 863 2603 914 εί
2632 879 2684 914 τι
2714 861 2919 914 τούτων
2976 861 3122 912 ἐστὶν
3174 859 3528 929 ὲναγέστερον
3573 855 3728 929 (οἷον

2141 957 2468 1028 πατροφόνοι
2493 942 2673 1009 τεκαὶ
2724 951 3052 1026 μητρολῷαι,
3103 953 3197 1005 καὶ
3234 951 3605 1013 παιδοκτόνοι,
3633 952 3734 1003 καὶ

2139 1051 2257 1111 ταῖς
2304 1047 2639 1118 παρανόμοις
2675 1046 2884 1116 μίξεσιν
2917 1043 3331 1106 ὲπιλυσσῶντες)
3355 1083 3369 1105 ,
3419 1042 3468 1094 oi
3496 1039 3733 1095 τοιοῦτοί

2141 1156 2284 1203 τινες
2327 1139 2498 1203 ὄντες,
2541 1140 2598 1191 ὲν
2648 1142 2713 1209 τῇ
2760 1136 2929 1207 κακίᾳ
2956 1137 3127 1208 ταύτῃ
3162 1137 3563 1206 γηράσκουσιν·
3612 1135 3734 1197 πῶς

2141 1233 2257 1303 ἐρεῖ
2284 1249 2368 1294 τις
2405 1231 2721 1301 συμϐαίνειν
2755 1229 2926 1282 ταῦτα
2954 1232 3064 1292 τοῖς
3089 1227 3584 1300 προεξητασμὲνοις
3610 1243 3624 1290 ;
3666 1227 3734 1278 Εἰ

2142 1325 2250 1394 γάρ
2285 1325 2346 1377 τὸ
2399 1323 2504 1395 πρὸ
2545 1323 2694 1394 ῶρας
2727 1321 3095 1393 ἀνάρπαστον,
3142 1321 3217 1382 ὡς
3254 1319 3320 1374 ἂν
3363 1321 3435 1392 μὴ
3465 1321 3544 1382 εἰς
3575 1320 3734 1381 τέλος

2144 1416 2284 1469 κατὰ
2323 1415 2384 1468 τὸ
2409 1415 2711 1485 ὑπόδειγμα
2743 1413 2835 1467 τοῦ
2877 1413 3179 1484 συμποσίου
3223 1415 3336 1476 τοῖς
3380 1412 3577 1464 πάθεσι
3631 1412 3734 1479 τῆς

2144 1509 2288 1577 ζωῆς
2339 1509 2542 1578 ταύτης
2577 1507 3097 1578 ὲλλαιμαργήσειεν,
3150 1502 3523 1574 προνοητικῶς
3566 1502 3741 1566 ὑπεξί

2144 1605 2334 1670 άγεται
2363 1601 2456 1654 τοῦ
2495 1599 2754 1670 βιωτικοῦ
2789 1598 3091 1669 συμποσίου
3121 1613 3133 1626 °
3183 1597 3327 1660 τίνος
3361 1596 3520 1666 χάριν
3564 1598 3592 1648 ό
3620 1612 3734 1646 τοι-

2148 1694 2303 1757 οῦτος
2341 1693 2504 1764 μέχρι
2546 1693 2735 1762 γήρως
2763 1692 3087 1761 ὲμπαροινεῖ
3116 1689 3194 1759 τῷ
3227 1689 3535 1759 συμποσίῳ,
3572 1705 3735 1758 πονη-

2154 1788 2251 1859 ράν
2295 1785 2471 1856 ἑαυτῷ
2515 1803 2576 1837 τε
2625 1784 2720 1838 καὶ¹
2761 1787 2876 1847 τοῖς
2912 1783 3215 1855 συμπόταις
3265 1783 3364 1836 τὴν
3402 1781 3508 1835 τῶν
3544 1780 3733 1834 κακῶν

2153 1876 2522 1948 ἑωλοκρασίαν
2546 1874 2950 1940 ὲπισκεδάζων;

462 1974 565 2031 bus
614 1975 934 2036 libidinibus
974 1975 1218 2039 obnoxii,
1280 1974 1566 2028 iracundia
1614 1973 1942 2044 praecipites,
1977 1987 2008 2025 a
2038 1971 2187 2024 nullo
2218 1969 2505 2025 incurabili
2535 1969 2678 2023 malo
2708 1969 3065 2032 abstinentes,
3107 1969 3366 2030 latrones,
3421 1965 3734 2030 homicidze,

462 2073 650 2141 patria:
673 2071 1001 2141 proditores,
1040 2087 1102 2125 ac
1138 2071 1185 2126 si
1215 2070 1346 2140 quid
1376 2071 1462 2125 bis
1494 2076 1580 2126 est
1615 2067 2012 2134 detestabilius,
2044 2067 2285 2137 magisve
2331 2064 2602 2120 nefarium
2645 2073 2700 2119 et
2735 2063 3128 2119 exsecrandum
3173 2062 3382 2132 (veluti
3421 2059 3736 2132 parricidae,

461 2178 694 2222 matrum
732 2169 1054 2238 pulsatores,
1093 2168 1388 2223 liberorum
1435 2166 1858 2228 interfectores,
1890 2171 1946 2220 et
1984 2163 2218 2234 quadam
2261 2161 2419 2232 quasi
2463 2160 2616 2216 rabie
2672 2161 2873 2216 mentis
2921 2159 3131 2230 legibus
3163 2160 3361 2215 vetitos
3406 2156 3738 2214 concubitus

462 2269 733 2315 sectantes
775 2279 788 2314 :
824 2261 915 2329 qui
959 2275 1081 2315 cum
1113 2261 1250 2316 tales
1295 2260 1432 2315 adeo
1482 2260 1620 2322 sint,
1671 2259 1727 2312 in
1776 2259 1880 2312 hac
1934 2256 2178 2326 nequitia
2229 2262 2393 2324 atque
2445 2253 2742 2308 vitiositate
2795 2259 3194 2308 consenescunt
3232 2252 3548 2322 :quomodo
3589 2251 3740 2305 dicet

462 2353 660 2422 aliquis
685 2353 797 2407 haec
824 2368 1127 2423 congruere
1157 2363 1208 2408 et
1243 2354 1539 2408 convenire
1571 2368 1694 2408 cum
1737 2353 1805 2407 iis
1842 2367 1962 2421 quae
2009 2365 2174 2420 supra
2222 2349 2450 2420 quaesita
2478 2355 2642 2418 atque
2673 2354 2904 2402 tractata
2939 2347 3110 2402 sunt?
3145 2346 3278 2400 Nam
3310 2347 3355 2402 si
3390 2346 3436 2402 is
3471 2347 3562 2417 qui
3595 2361 3737 2417 prae-

464 2451 675 2498 mature
709 2444 998 2514 abripitur,
1038 2461 1107 2499 ne
1135 2445 1292 2514 juxta
1325 2445 1732 2500 similitudinem
1773 2443 2006 2499 convivii
2061 2441 2129 2497 ad
2189 2441 2348 2496 finem
2383 2455 2556 2510 usque
2588 2441 2642 2494 in
2672 2439 2819 2494 vitiis
2848 2438 3012 2508 hujus
3085 2438 3209 2493 vitae
3255 2439 3412 2509 quasi
3464 2439 3740 2494 helluetur

463 2543 627 2604 atque
683 2534 1072 2600 debacchetur,
1123 2537 1348 2606 provida
1395 2537 1631 2607 quadam
1685 2536 1942 2592 cautione
1990 2548 2054 2588 ac
2112 2532 2491 2588 benevolentia
2534 2547 2600 2586 ex
2640 2530 2788 2585 vitali
2841 2529 3165 2585 subducitur
3198 2528 3628 2598 conviviozqua
3664 2527 3741 2583 de

463 2644 653 2695 causa,
693 2631 784 2700 qui
820 2632 944 2687 talis
981 2640 1085 2696 est,
1115 2648 1291 2702 usque
1317 2632 1384 2688 ad
1415 2643 1752 2688 senectutem
1793 2632 1849 2686 in
1888 2629 2140 2686 convivio
2169 2627 2558 2694 debaccltatur,
2595 2627 2811 2681 noxiam
2853 2633 2966 2679 tum
3000 2625 3138 2690 sibi,
3177 2631 3290 2678 tum
3327 2623 3740 2694 compotoribus

465 2731 518 2774 et
565 2722 810 2776 convivis
856 2723 1121 2776 malorum
1173 2724 1456 2794 crapulam
1489 2722 1822 2778 oﬂ‘undens?

539 2815 644 2868 Sed
679 2829 800 2876 cur,
840 2830 1067 2883 prorsus
1114 2815 1320 2886 inquis,
1365 2817 1516 2872 hunc
1566 2817 1787 2886 quidem
1822 2816 2048 2887 provida

467 2907 848 2961 benevolentia
912 2906 1169 2961 subducit
1243 2923 1312 2962 ex
1385 2909 1496 2961 vita
1563 2911 1882 2980 priusquam
1951 2922 2050 2977 per

469 3001 670 3053 malum
706 2999 960 3053 volunt’as
1007 2999 1343 3068 perficiatur,
1404 3001 1556 3053 illunt
1602 3017 1731 3056 vero
1787 3001 2049 3071 relinquit

469 3093 630 3146 talem
662 3091 796 3152 fieri,
835 3098 894 3144 ut
926 3092 1120 3145 melius
1155 3091 1258 3160 ipsi
1289 3099 1437 3146 esset
1463 3092 1681 3160 penitus
1703 3103 1890 3146 natum
1936 3108 2045 3146 non

376 3249 384 3257 ι
469 3183 638 3238 esse?
671 3182 750 3236 Ad
783 3183 887 3236 hoc
936 3182 1064 3243 item
1107 3181 1382 3251 ejusmodi
1430 3183 1720 3252 quamdam
1759 3182 2046 3251 benignio-

470 3277 624 3331 ribus
653 3285 702 3330 et
730 3273 1068 3344 aequioribus
1105 3274 1375 3328 rationem
1404 3274 1719 3338 reddemus,
1769 3274 1912 3343 quod
1945 3289 2049 3330 sae-

473 3381 772 3438 penumero
811 3365 922 3419 vita
953 3380 1144 3420 eorum
1177 3365 1271 3436 qui
1305 3365 1444 3420 bene
1488 3364 1748 3430 vixerint,
1784 3365 1944 3418 etiam
1982 3365 2050 3418 iis

471 3459 566 3531 qui
593 3476 658 3515 ex
692 3459 828 3529 ipsis
871 3457 983 3512 nati
1021 3465 1171 3522 sunt,
1213 3472 1381 3512 causa
1423 3457 1671 3512 melioris
1719 3457 2052 3512 conditionis

470 3564 579 3609 (εει.
630 3551 808 3622 Atque
861 3560 1121 3606 sexcenta
1175 3552 1370 3605 horum
1429 3565 1495 3606 ex
1535 3550 1722 3605 divina
1765 3549 2050 3621 Scriptura

471 3645 786 3701 testimonia
815 3652 962 3708 sunt,
996 3645 1198 3713 quibus
1233 3652 1418 3714 aperte
1467 3644 1729 3700 docemur
1757 3644 1878 3714 ejus
1906 3659 2052 3699 cura!

471 3732 833 3803 betteftciique
859 3734 1004 3803 quod
1035 3733 1184 3803 digni
1216 3749 1245 3787 a
1275 3733 1386 3788 Deo
1420 3741 1856 3804 consequuntur,
1889 3735 2049 3790 etiam

472 3839 543 3880 cx
575 3823 708 3893 ipsis
742 3825 1057 3893 progenitos
1085 3839 1194 3877 una
1225 3825 1524 3893 participes
1552 3841 1695 3880 esse.
1729 3824 1885 3880 Haud
1928 3842 2054 3881 con-

475 3913 766 3969 temnenda
816 3921 1002 3968 autem
1052 3928 1175 3968 sors
1229 3912 1584 3968 fueritetiam
1628 3915 1791 3970 alicui
1827 3917 2054 3986 impedi-

477 4011 661 4059 mento
696 4002 866 4058 fuisse
903 4004 970 4058 ad
1004 4004 1268 4057 malitiam
1334 4011 1388 4059 et
1421 4005 1725 4075 nequitiam
1771 4007 1864 4076 qui
1897 4007 2053 4078 juxta

478 4093 626 4146 illani
667 4094 891 4147 omnino
935 4095 1184 4149 victurus
1239 4092 1454 4150 fuisset.
1518 4095 1625 4151 Sed
1655 4098 1916 4167 quoniam
1967 4099 2056 4154 hic

479 4187 534 4239 in
573 4186 738 4240 rebus
765 4185 993 4241 incertis
1034 4187 1211 4242 oratio
1253 4188 1594 4258 eonjecturis
1632 4191 1836 4258 utitur,
1871 4191 2054 4247 nullus

473 4276 702 4332 omnino
747 4277 1130 4348 reprehendet,
1172 4278 1219 4334 si
1276 4280 1332 4332 in
1380 4281 1583 4334 multas
1627 4289 1812 4349 partes
1872 4283 2052 4352 conje-

471 4375 635 4422 ctura
677 4377 913 4423 mentem
944 4367 1176 4424 diducit.
1199 4368 1317 4424 Non
1353 4373 1531 4426 solum
1562 4373 1705 4426 enim
1737 4374 2055 4429 auctoribus

2239 2812 2395 2865 Ἀλλὰ
2425 2811 2514 2864 διὰ
2545 2811 2618 2876 τί,
2649 2811 2864 2872 πάντως
2896 2810 3061 2880 ἐρεῖς,
3092 2809 3184 2862 τὸν
3232 2809 3329 2880 μὲν
3364 2811 3739 2882 προνοητικῶς

2156 2905 2414 2973 ὑπεξάγει
2437 2905 2529 2956 τοῦ
2555 2903 2668 2972 βίου
2699 2904 2828 2974 πρὶν
2849 2901 3194 2973 τελειωθῆναι
3215 2901 3302 2956 διὰ
3324 2901 3418 2956 τοῦ
3444 2903 3615 2958 κακοῦ
3638 2904 3740 2976 τὴν

2155 2998 2492 3068 προαίρεσιν,
2540 2996 2631 3048 τὸν
2659 2995 2715 3048 δὲ
2749 2993 3335 3062 καταλείπειγενέσθαι
3361 2995 3619 3058 τοιοῦτον,
3659 2995 3742 3059 ὡς

2154 3091 2374 3160 ἄμεινον
2388 3088 2534 3159 αὑτῷ
2547 3083 2685 3142 εἶναι
2706 3087 2765 3140 τὸ
2783 3087 2857 3158 μὴ
2881 3085 3131 3156 γενέσθαι
3160 3086 3324 3152 ὃλως;
3349 3086 3490 3159 Πρὸς
3502 3087 3559 3140 δὲ
3581 3087 3743 3140 τοῦτο

2149 3181 2388 3234 τοιοῦτόν
2457 3197 2577 3233 τινα
2638 3181 2750 3243 τοῖς
2801 3179 3326 3249 εὐγνωμονεστέροις
3386 3178 3742 3249 ἀποδώσομεν

2151 3270 2325 3339 λόγον,
2375 3272 2458 3324 ὅτι
2499 3269 2756 3331 πολλάκις
2794 3269 2827 3338 ἡ
2858 3267 2971 3340 ζωὴ
3007 3268 3116 3322 τῶν
3153 3267 3212 3324 εὖ
3263 3269 3599 3340 βεϐιωκότων
3645 3273 3742 3324 καὶ

2151 3365 2261 3426 τοῖς
2285 3361 2345 3426 ἐξ
2365 3361 2542 3416 αὑτῶν
2567 3361 2713 3415 αἰτία
2725 3360 2819 3414 τοῦ
2854 3360 3124 3430 βελτίονος
3151 3361 3381 3429 γίνεται.
3407 3362 3514 3414 Καὶ
3547 3362 3741 3433 μυρίαι

2151 3453 2354 3507 τούτων
2401 3454 2465 3506 ὲκ
2504 3454 2602 3524 τῆς
2643 3453 2999 3508 θεοπνεύστου
3050 3455 3274 3526 Γραφῆς
3326 3437 3742 3527 αίλμαρτυρίαι,

2153 3544 2220 3598 δι’
2262 3537 2339 3598 ὧν
2379 3543 2569 3614 σαφῶς
2602 3545 2964 3617 διδασκόμεθα
3003 3547 3102 3616 τῆς
3129 3546 3280 3617 παρά
3301 3544 3394 3599 τοῦ
3416 3546 3550 3600 Θεοῦ
3580 3563 3745 3615 γενο-

2157 3633 2324 3704 μένης
2353 3637 2465 3698 τοῖς
2490 3632 2662 3698 ἀξίοις
2685 3635 3012 3706 κηδεμονίας
3033 3636 3129 3688 καὶ
3157 3637 3284 3700 τοὺς
3301 3636 3359 3702 ἐξ
3396 3636 3573 3689 αὑτῶν
3597 3654 3746 3707 cup.-

2158 3727 2426 3797 μετέχειν.
2456 3727 2682 3795 Ἀγαθὸν
2714 3728 2758 3780 δ’
2798 3727 2864 3782 ἂν
2893 3728 2975 3799 εἴη
3012 3729 3303 3797 κεφάλαιον
3334 3730 3429 3783 καὶ
3462 3729 3522 3782 τὸ
3559 3731 3743 3800 ὲμπο-

2153 3817 2257 3870 δών
2288 3835 2392 3871 τινι
2433 3819 2570 3890 πρὸς
2607 3820 2802 3873 κακίαν
2837 3820 3089 3888 γενέσθαι
3123 3820 3200 3890 τῷ
3238 3820 3485 3891 μέλλοντι
3520 3822 3746 3886 πάντως

2155 3910 2276 3962 κατ’
2304 3909 2518 3980 ἐκείνην
2556 3909 2864 3980 βιώσεσθαι.
2912 3911 3064 3964 Ἐπεὶ
3119 3911 3176 3964 δὲ
3207 3911 3316 3964 τῶν
3359 3911 3569 3982 ἀδήλων
3596 3914 3624 3965 ό
3653 3912 3746 3965 λό-

2155 4018 2251 4070 γος
2275 4002 2505 4060 ἐνταῦοα
2526 4004 3015 4074 καταστοχάζεται,
3052 4005 3268 4066 πάντως
3295 4004 3469 4067 οὐδεὶς
3497 4005 3743 4058 αίτιάσε-
3777 4071 3784 4074 _

2156 4110 2264 4160 ται,
2295 4093 2537 4164 πολλαχῆ
2593 4094 2687 4148 τοῦ
2733 4095 3038 4167 στοχασμοῦ
3071 4095 3168 4167 τὴν
3209 4095 3447 4151 διάνοιαν
3491 4097 3739 4164 ἄγοντος.

2158 4182 2232 4235 Οὑ
2276 4183 2435 4253 μόνον
2478 4185 2587 4256 γὰρ
2638 4187 2751 4248 τοῖς
2783 4185 3215 4256 καθηγουμένοις
3255 4184 3350 4238 τοῦ
3383 4186 3572 4253 γένους
3597 4189 3743 4242 εἴποι

2156 4291 2239 4336 τις
2269 4274 2335 4327 ἂν
2393 4277 2483 4328 τὸν
2528 4275 2660 4329 Θεὸν
2699 4277 3055 4347 χαριζόμενον
3100 4279 3392 4346 ὑπεξάγειν
3419 4282 3518 4350 τῆς
3562 4283 3744 4351 κακῆς

2159 4366 2303 4436 ζωῆς
2337 4366 2427 4420 τὸν
2480 4369 2596 4421 κατ’
2629 4370 2797 4439 αὑτὴν
2833 4370 3180 4440 βιωσόμενον,
3225 4371 3338 4424 ἀλλ’
3367 4373 3415 4424 εί
3445 4373 3540 4426 καὶ
3572 4373 3744 4443 μηδὲν

473 4457 694 4529 generis
719 4459 1118 4530 gratificantem
1153 4459 1321 4515 Deum
1377 4461 1578 4517 dixerit
1613 4464 1812 4533 aliquis
1853 4480 1919 4519 ex
1952 4465 2049 4518 im-

2161 4458 2246 4527 εῐη
2280 4458 2518 4512 τοιοῦτον
2548 4460 2638 4512 ἐπὶ
2660 4460 2768 4512 τῶν
2796 4462 2902 4530 πρὸ
2939 4461 3088 4534 ὧρας
3124 4463 3609 4535 ἀναρπαζομένων,
3644 4467 3744 4518 οὑ-

477 4549 652 4620 proba
684 4551 798 4605 vita
834 4550 1141 4607 subducere
1163 4568 1286 4607 eum
1315 4553 1408 4623 qui
1441 4554 1495 4607 in
1535 4569 1597 4608 ea
1632 4555 1881 4610 victurus
1921 4556 2054 4610 fuis-

475 4650 586 4709 set,
625 4657 813 4698 verum
843 4642 1006 4698 etiam
1036 4642 1083 4698 si
1123 4643 1258 4697 nihil
1302 4643 1574 4713 ejusmodi
1613 4647 1686 4700 sit
1717 4646 1772 4700 in
1834 4647 1920 4712 iis,
1961 4650 2052 4718 qui

478 4742 810 4806 praemature
860 4733 1251 4803 abripiuntur,
1311 4733 1455 4789 haud
1523 4736 1824 4792 absurdum
1893 4737 2057 4792 fuerit

474 4827 693 4898 epinari
733 4825 976 4881 atrocius
998 4839 1062 4879 ae
1084 4825 1454 4895 periculosius
1478 4827 1600 4883 illos
1629 4842 1753 4883 sese
1777 4827 1832 4882 in
1863 4829 2055 4884 vitiosa

479 4919 592 4972 vita
618 4925 870 4988 gesturos
901 4915 1094 4983 fuisse,
1124 4931 1286 4986 quam
1313 4917 1529 4972 illorum
1565 4935 1917 4990 quemquam,
1962 4923 2056 4992 qui

477 5010 551 5065 ob
596 5011 763 5063 vitam
796 5023 1031 5079 nequam
1083 5016 1247 5075 atque
1277 5008 1580 5079 improbam
1612 5011 1887 5066 nobilitati
1936 5011 2053 5069 fue-

479 5103 613 5158 rint.
645 5101 778 5156 Nam
805 5101 944 5156 nihil
969 5100 1084 5156 ﬁeri
1126 5101 1247 5154 sine
1275 5097 1387 5153 Deo
1419 5115 1488 5155 ex
1517 5102 1707 5158 multis
1748 5103 1915 5159 rebus
1968 5104 2055 5158 di-

481 5195 767 5250 dicimus:
833 5209 1056 5248 rursum
1114 5207 1247 5248 vero
1289 5207 1400 5248 non
1468 5191 1694 5249 fortuita
1753 5210 1898 5262 esse,
1956 5212 2056 5252 nec

480 5286 697 5342 ratione
746 5301 938 5342 carere
996 5302 1059 5342 ea
1094 5302 1215 5358 qua:
1253 5285 1520 5342 divinitus
1573 5287 2054 5355 administrantur,

482 5392 646 5435 nemo
670 5393 779 5433 non
808 5379 1166 5446 concesserit,
1206 5379 1390 5435 sciens
1445 5379 1593 5451 quod
1648 5381 1792 5436 Deus
1821 5383 1963 5436 ratio
1995 5397 2058 5437 ac

483 5469 754 5541 sapientia
807 5479 913 5535 est,
957 5476 1013 5524 et
1065 5470 1242 5526 omnis
1274 5471 1448 5526 virtus
1503 5484 1569 5524 ac
1623 5470 1854 5526 veritas.
1911 5471 2058 5526 Nihil

482 5571 664 5617 autem
708 5561 957 5627 rationis,
991 5562 1202 5616 ratione
1232 5571 1405 5627 caret,
1453 5578 1630 5632 neque
1665 5563 1932 5632 sapientis
1961 5565 2060 5618 ali-

479 5654 615 5726 quid
655 5655 922 5726 insipiens
965 5662 1069 5718 est,
1102 5668 1276 5724 neque
1306 5662 1422 5709 tum
1452 5656 1660 5721 virtus,
1694 5664 1810 5711 tum
1857 5657 2058 5712 veritas

479 5745 770 5802 admiserit
799 5753 962 5820 atque
1004 5743 1326 5799 sustinuerit
1379 5743 1432 5799 id
1475 5747 1618 5802 quod
1682 5760 1804 5801 cum
1856 5747 2059 5803 virtute

2161 4548 2248 4602 δὲν
2276 4549 2502 4613 ἀπεικὸς
2524 4551 2752 4617 οἴεσθαι,
2779 4553 2840 4605 τὸ
2870 4553 3249 4625 χαλεπώτερον
3284 4556 3349 4609 ἂν
3383 4556 3622 4620 ἐκείνους
3649 4559 3746 4610 ἀν-

2157 4640 2585 4709 τιλαμϐάνεσθαι
2613 4643 2705 4694 τοῦ
2733 4643 2874 4697 κατά
2901 4644 3098 4698 κακίαν
3144 4645 3282 4716 βίου,
3313 4647 3345 4718 ἦ
3381 4647 3586 4701 τούτων
3613 4648 3745 4701 ἕκα-

2159 4753 2282 4788 στον
2313 4735 2420 4788 τῶν
2453 4737 2544 4789 ἐπὶ
2587 4739 2824 4809 πονηρίᾳ
2864 4738 3272 4810 γνωρισθέντων
3303 4740 3454 4812 παρά
3477 4741 3567 4795 τὸν
3603 4741 3745 4811 βίον.

2157 4828 2231 4881 Τὸ
2257 4828 2366 4900 γὰρ
2395 4829 2558 4898 μηδὲν
2580 4829 2729 4883 ἀθεεὶ
2751 4831 3014 4899 γίνεσθαι,
3036 4831 3123 4886 διὰ
3153 4833 3360 4886 πολλῶν
3377 4832 3704 4903 ἐγνώκαμεν
3725 4850 3740 4863 ·

2156 4920 2217 4972 τὸ
2239 4919 2296 4973 δὲ
2329 4917 2395 4974 αὑ
2424 4921 2584 4974 πάλιν
2610 4922 2685 4992 μὴ
2713 4923 2909 4992 τυχαίά
2944 4941 3000 4976 τε
3027 4925 3121 4978 καὶ
3154 4925 3323 4993 ἄλογα
3353 4919 3586 4978 εἶναιτὰ
3622 4925 3746 4979 θεό-

2158 5014 2249 5068 Θεν
2279 5013 2724 5086 οἱκονομοὺμενα,
2763 5017 2870 5077 πᾶς
2911 5006 3426 5087 ἀν’όμολογήσειεν,
3455 5017 3610 5082 είδὼς
3658 5019 3748 5072 ὅτι

2156 5105 2335 5168 όΘεὺς
2366 5105 2520 5175 λόγος
2557 5106 2692 5171 ἐστὶ,
2724 5107 2817 5159 καὶ
2873 5107 3056 5172 σοφία,
3109 5109 3202 5162 καὶ
3249 5112 3398 5163 πᾶσα
3443 5109 3611 5181 ἀρετὴ
3649 5113 3748 5164 καὶ

2159 5197 2476 5267 ἀλήθεια,...
2525 5196 2587 5249 τὸ
2640 5196 2714 5268 μὴ
2765 5198 3017 5269 ἐνάρετόν
3043 5217 3101 5253 τε
3125 5202 3218 5254 καὶ
3257 5201 3362 5266 ἔξω
3385 5201 3478 5256 τοῦ
3508 5203 3746 5274 ἀληθοῦς

2158 5287 2528 5354 καταδέξαιτο.
2579 5288 2704 5343 Εἴτε
2764 5284 2857 5343 οῦν
2901 5290 3042 5345 κατά
3084 5291 3183 5355 τὰς
3222 5293 3520 5363 εἰρημένας
3564 5296 3746 5359 αἰτίας

2159 5379 2326 5449 ἄωροί
2353 5397 2493 5444 τινες
2553 5382 2976 5453 ἀναρπάζονται,
3011 5383 3122 5437 εἴτε
3158 5403 3208 5437 τι
3252 5387 3346 5439 καὶ
3373 5386 3558 5459 ἕτερον
3593 5389 3745 5458 παρὰ

2158 5473 2225 5524 τὰ
2253 5473 2516 5544 εἰρημένα
2544 5474 2681 5536 ἐστὶ,
2715 5474 2778 5528 τὸ
2809 5476 3025 5540 πάντως
3061 5477 3153 5531 ἐπὶ
3182 5478 3370 5548 σκοπῷ
3406 5479 3484 5551 τῷ
3515 5479 3744 5550 βελτίονι

2160 5563 2329 5619 ταῦτα
2381 5565 2630 5633 γίνεσθαι
2682 5569 3160 5640 συνομολογεῖσθαι
3206 5575 3492 5644 προσήκει.
3523 5569 3653 5626 Οἶδα
3683 5574 3743 5628 δέ

2160 5674 2280 5711 τινα
2309 5659 2404 5710 καὶ
2436 5657 2592 5728 λόγον
2622 5659 2808 5730 ἕτερον
2841 5662 2991 5735 παρά
3021 5661 3121 5734 τῆς
3152 5663 3246 5718 τοῦ
3293 5665 3618 5720 Ἀποστόλου
3651 5683 3740 5719 σο-

2163 5749 2290 5818 φίας
2321 5749 2526 5822 μαθὼν,
2559 5752 2625 5806 δι’
2650 5752 2708 5807 ὃν
2731 5771 2872 5818 τινες
2914 5755 3023 5810 τῶν
3063 5757 3203 5812 κατᾶ
3243 5757 3441 5813 κακίαν
3472 5758 3742 5834 ὑπερϐαλ-
