4034 6132
241 274 332 336 ιω
1001 274 1088 335 DE
1130 277 1542 341 INFANTIBUS
1585 281 1707 352 QUI
1744 278 2206 342 PREMATURE
2237 283 2733 348 ABBIPIUNTUR.
3354 292 3461 351 190

236 389 422 445 λόνὶων
446 389 578 445 κατά
604 385 698 460 τὴν
743 387 951 442 ἑαυτῶν
1000 390 1322 462 προαίρεσιν
1354 392 1517 464 ζῆσαι
1558 395 1782 464 άφείθη-
1812 403 1829 455 Α

1884 394 2264 465 coniunctum,
2289 411 2355 452 ae
2385 400 2632 457 veritatis
2668 401 2940 472 particeps
2970 416 3077 456 non
3111 402 3294 458 fuerit.
3329 402 3458 463 Sive

237 497 346 536 σαν.
374 478 646 551 Γυμνάσας
660 478 773 550 γάρ
799 478 893 532 ἐπὶ
929 478 1090 535 πλέον
1126 480 1226 551 τὴν
1257 482 1513 554 τοιαύτην
1541 482 1780 539 διάνοιαν

1883 482 2069 554 igitur,
2101 485 2402 540 secundum
2433 486 2546 556 jam
2585 489 2760 545 dictas
2788 504 3006 557 causas,
3046 497 3371 561 praemature
3401 500 3458 548 et

236 573 287 626 ιν
310 571 379 642 τῷ
402 571 534 642 πρὸς
558 570 854 641 Ῥωμαίους
873 568 1039 641 λόγῳ,
1056 571 1152 624 καὶ
1172 571 1589 641 ἀνθυπενεγκὼν
1604 572 1781 643 ἑαυτῷ

1880 583 2008 631 ante
2055 582 2272 646 tempus
2312 577 2485 648 aliqui
2519 578 2881 650 abripiuntur,
2941 583 3057 638 sive
3106 582 3240 653 quid
3287 583 3453 640 etiam

232 664 286 716 τὸ
302 663 360 715 ὲκ
377 660 469 715 τοῦ
498 659 782 715 ἀκολούθου
808 661 1234 733 ἀντιτιθέμενον,
1265 664 1326 716 τὸ
1349 663 1424 735 μὴ
1454 663 1519 718 ἂν
1543 663 1779 732 εὐλόγως

1881 667 2031 721 aliud
2058 677 2253 738 praeter
2281 683 2346 724 ea
2371 684 2495 740 quae
2526 669 2673 725 dicta
2702 680 2850 735 sunt,
2880 681 2963 729 est
2987 712 3003 739 ,
3038 675 3292 735 assentiri
3322 690 3457 730 eon-

233 755 282 806 ἑν
308 752 452 824 αίτίᾳ
514 752 602 806 τὸν
637 753 806 807 κακὸν
830 751 911 806 ἔτι
940 754 1215 822 γενέσθαι,
1256 755 1413 826 είπερ
1438 753 1622 809 θεόθεν
1663 755 1778 825 ἔχει

1880 758 2046 821 venit,
2071 758 2188 814 haec
2226 758 2531 816 intentione
2560 768 2723 832 atque
2750 778 2977 832 prorsus
3038 766 3277 820 consilio
3331 765 3455 821 fieri

231 847 282 899 τὸ
302 847 463 908 κακὸς
479 841 636 910 εἶναι,
662 846 764 899 οὑκ
784 844 851 900 ἂν
872 846 1160 916 γενόμενος
1182 847 1418 911 πάντως,
1447 847 1780 919 είπεράὸού-

1879 851 2119 907 meliore.
2153 851 2291 907 Novi
2322 861 2502 909 autem
2531 855 2823 925 quamdam
2865 856 3028 911 etiam
3069 858 3233 911 aliam
3272 857 3449 912 ratio-

232 938 369 1007 λητον
384 933 449 1008 ἧν
475 936 552 1007 τῷ
574 938 957 1009 ὲπικρατοῦντι
982 937 1091 992 τῶν
1120 938 1288 993 ὄντων
1305 958 1317 970 ’
1348 938 1521 1004 οὕτως
1562 940 1779 1013 ἀπαντᾷ

1879 961 2025 1009 nem,
2058 959 2222 1015 quam
2251 960 2281 999 a
2309 946 2580 1016 sapientia
2613 946 2861 1017 Apostoli
2889 946 3076 1013 didici,
3138 964 3234 1018 per
3288 963 3454 1019 quam

231 1035 295 1106 τῷ
314 1035 464 1105 λόγῳ,
489 1035 577 1089 διὰ
625 1033 931 1105 βαθυτέρας
973 1034 1119 1099 τινὸς
1155 1035 1385 1107 θεωρίας
1416 1038 1516 1106 τὴν
1543 1038 1779 1092 ἀνθυπο-

1878 1036 2181 1100 nonnullis,
2209 1035 2304 1105 qui
2345 1036 2589 1106 nequitia
2634 1037 2987 1101 excellerent,
3042 1038 3108 1092 ad
3165 1037 3456 1093 arbitrium

231 1126 379 1198 ςοράν
406 1125 705 1182 ύπεκλύων.
737 1126 877 1197 Φησὶ
905 1126 1012 1199 γὰρ
1034 1126 1127 1181 τὸν
1154 1127 1287 1181 Θεὸν
1310 1129 1524 1200 ἑκάστῳ
1560 1130 1621 1183 τὸ
1656 1131 1776 1183 κατ’

1877 1142 2036 1182 suum
2063 1126 2250 1181 vivere
2284 1127 2614 1197 permissum
2652 1126 2778 1181 fuit.
2812 1126 2949 1181 Cum
2989 1134 3279 1182 tractasset
3306 1129 3453 1183 enim

229 1218 363 1284 ἀξίαν
385 1216 797 1288 νέμοντα,έστιν
816 1218 949 1271 ὅπου
981 1218 1075 1271 καὶ
1098 1222 1165 1290 τῇ
1188 1220 1356 1290 κακίᾳ.
1380 1220 1577 1274 διδόναι
1594 1220 1777 1291 χώραν

1875 1215 2084 1272 diutius
2102 1216 2376 1287 ejusmodi
2406 1218 2730 1273 sententiam
2776 1219 2831 1271 in
2862 1216 3105 1287 Epistola
3153 1218 3221 1272 ad
3255 1218 3458 1273 Roma-

228 1309 305 1361 ὲπὶ
328 1307 505 1377 σκοπῷ
526 1307 607 1377 τῷ
625 1306 873 1376 βελτίονι.
888 1307 1091 1363 Τούτου
1113 1310 1224 1380 γὰρ
1244 1310 1429 1364 ἕνεκεν
1449 1312 1597 1364 εῐασε
1627 1312 1778 1379 γενέ-

1877 1322 1999 1372 nos,
2059 1314 2115 1364 et
2175 1323 2244 1365 ex
2301 1308 2532 1364 adverso
2588 1310 2915 1380 subjeeisset
2971 1312 3074 1365 sibi
3109 1311 3165 1365 id
3210 1310 3356 1380 quod
3387 1324 3456 1365 ex

230 1399 351 1461 σθαι,
381 1398 473 1451 καὶ
497 1399 737 1451 τοιοῦτον
767 1399 1017 1466 γενέσθαι
1049 1400 1142 1454 τὸν
1161 1400 1456 1468 Αίγύπτιον
1491 1402 1773 1474 τύραννον,

1875 1399 2701 1470 consequentiaopponebatur,
2735 1415 2843 1455 non
2866 1400 2980 1470 jam
3028 1401 3263 1471 amplius
3306 1408 3456 1456 recte

225 1491 288 1553 ὡς
310 1490 371 1543 ἂν
398 1491 460 1561 τῇ
484 1490 694 1543 ἐκείνου
721 1489 902 1560 πληγῇ
932 1491 963 1543 ὁ
1003 1492 1219 1563 Ἰσραὴλ
1253 1492 1586 1562 παιδευθείη,
1613 1495 1642 1546 ὁ
1672 1511 1773 1548 πο-

1877 1491 2125 1547 accusari
2177 1492 2407 1556 malum,
2465 1491 2737 1562 siquidem
2796 1493 3062 1547 divinitus
3125 1493 3344 1557 habeat,
3389 1499 3451 1548 ut

224 1586 304 1647 ὶὺς
324 1584 520 1646 ἐκεῖνος
549 1582 698 1647 λαὸς.
726 1583 823 1637 καὶ
850 1583 1032 1636 πᾶσαν
1058 1584 1157 1654 τὴν
1190 1583 1250 1648 ἐξ
1285 1583 1520 1655 ἀριθμοῦ
1550 1586 1774 1657 περίλη-

1874 1583 2052 1637 malus
2081 1581 2174 1647 sit,
2200 1583 2294 1652 qui
2325 1582 2805 1653 prorsusrl‘uturus
2833 1598 2940 1638 non
2974 1584 3187 1645 fuisset,
3241 1586 3288 1639 si
3348 1600 3447 1641 no-

224 1675 301 1742 ψιν
322 1672 620 1727 διαϐαίνων.
661 1676 821 1737 Ἴσως
875 1674 984 1745 γὰρ
1033 1675 1134 1744 τῆς
1163 1674 1314 1738 θείας
1360 1675 1640 1747 δυνάμεως
1686 1676 1775 1730 διὰ

1877 1676 2073 1731 luisset
2103 1675 2152 1729 is
2183 1676 2275 1744 qui
2305 1675 2515 1743 potitur
2540 1689 2722 1729 rerum
2764 1675 3145 1730 universarum
3183 1694 3196 1730 :
3253 1677 3332 1733 sic
3362 1690 3456 1731 oc-

225 1764 415 1817 πάντων
449 1762 887 1834 γνωριζομένης,
928 1763 1178 1835 καὶπρὸς
1214 1766 1276 1817 τὸ
1309 1766 1613 1838 εὐεργετεῖν
1649 1769 1776 1832 τοὺς
1807 1751 1818 1804 1

1875 1767 2051 1824 currit
2087 1766 2319 1820 orationi
2348 1780 2446 1836 per
2477 1763 2884 1836 profundiorem
2920 1767 3214 1837 quamdam
3246 1783 3447 1837 specu-

223 1853 379 1918 ἀξίους
412 1853 610 1916 ἱκανῶς
643 1852 872 1924 ἐχούσης
896 1870 910 1883 ⁸
945 1852 1069 1906 ἐπεὶ
1094 1851 1151 1906 δὲ
1183 1854 1399 1917 πάντως
1421 1853 1591 1925 ἐχρῆν
1618 1855 1774 1908 ἀποι-

1876 1858 2160 1921 lationem,
2214 1856 2619 1927 oppositionem
2678 1856 2914 1912 solvens.
2951 1859 3041 1910 Ait
3104 1858 3248 1913 enim
3283 1856 3451 1914 Deum

218 1942 445 2014 πισθῆναι
465 1943 566 2015 τῆς
596 1942 875 2013 Αἰγύπτου
920 1942 1012 1998 τὸν
1049 1943 1176 1997 λαὸν
1207 1946 1435 2008 ἐκεῖνον,
1474 1945 1550 2008 ὡς
1596 1944 1663 1999 ἂν
1697 1945 1772 2016 μή

1876 1950 2078 2019 cuique
2137 1947 2191 2001 id
2247 1962 2358 2018 quo
2410 1948 2609 2017 dignus
2676 1948 2769 2013 sit,
2829 1948 3202 2013 tribuentem,
3254 1950 3454 2004 alicubi

220 2052 291 2097 τις
320 2037 493 2101 αὐτοῖς
537 2036 755 2103 γένοιτο
804 2036 914 2088 τῶν
943 2034 1257 2105 Αἰγυπτίων
1292 2037 1475 2092 κακῶν
1504 2037 1646 2092 κατά
1675 2038 1777 2111 τὴν

1876 2040 2133 2109 nequitia;
2163 2054 2382 2109 quoque
2405 2038 2708 2093 intentione
2750 2047 2913 2110 atque
2945 2041 3180 2095 consilio
3208 2041 3451 2112 quodam

219 2124 299 2180 τοῦ
328 2126 436 2198 βίου
475 2127 689 2198 πλάνην
739 2129 1010 2191 κοινωνία,
1039 2128 1231 2182 τούτου
1257 2129 1418 2200 χάριν
1457 2129 1485 2181 ὁ
1511 2129 1777 2201 θεομάχος

1876 2131 2105 2185 meliore
2157 2128 2340 2184 locum
2394 2129 2542 2184 dare.
2604 2128 2815 2184 Idcirco
2869 2129 3014 2185 enim
3068 2145 3290 2200 passum
3331 2144 3454 2185 esse

218 2221 401 2284 ἐκεῖνος
425 2222 453 2273 ὁ
480 2220 575 2274 ἐπὶ
617 2221 782 2275 παντὶ
826 2219 979 2291 κακῷ
1016 2219 1310 2291 ὀνομαστὸς
1337 2220 1536 2293 Φαραὼ
1564 2225 1631 2292 τῇ
1659 2222 1774 2293 ζωῇ

1875 2223 2052 2287 nasci,
2090 2228 2256 2293 atque
2307 2219 2444 2276 adeo
2501 2220 2665 2275 talem
2721 2221 2875 2276 nasci
2930 2220 3246 2293 Egyptium
3301 2221 3451 2275 illum

219 2311 310 2363 τῶν
348 2310 821 2382 εὐεργετουμένων
848 2312 1171 2382 συνανέσχεν
1196 2329 1255 2366 τε
1287 2312 1379 2366 καὶ
1407 2315 1773 2384 συνήκμασεν,

1874 2321 2192 2385 tyrannum,
2226 2318 2288 2368 ut
2321 2311 2473 2369 illius
2502 2312 2659 2384 plaga
2694 2311 2863 2370 Israel
2902 2313 3111 2366 multus
3149 2312 3241 2368 ille
3273 2325 3453 2382 popu-

218 2403 282 2466 ὠς
314 2403 376 2457 ἂν
397 2404 492 2474 τῆς
518 2403 721 2474 διπλῆς
756 2401 854 2457 τοῦ
895 2403 1031 2458 Θεοῦ
1075 2404 1353 2475 ἐνεργείας
1378 2407 1461 2473 ἐφ’
1497 2407 1775 2479 ἑκατέρων

1876 2404 1964 2460 lus
1991 2419 2320 2474 omnemque
2355 2418 2421 2460 ex
2453 2403 2700 2459 numeris
2748 2403 3033 2458 collectam
3087 2402 3448 2472 comprehen-

222 2495 556 2567 μεριζομένης
568 2495 742 2560 ἀξίως
752 2494 850 2566 τὴν
866 2495 1068 2565 γνῶσιν
1089 2494 1199 2549 τῶν
1217 2495 1310 2571 δύο
1334 2496 1474 2569 λάϐῃ
1495 2500 1523 2551 ὁ
1539 2499 1772 2571 Ἰσραὴλ,

1876 2494 2087 2550 sionem
2115 2494 2408 2558 excedens,
2441 2493 2757 2549 erudiretur
2789 2502 2843 2548 et
2884 2493 3283 2548 institueretur.
3316 2492 3450 2545 Nam

218 2564 666 2657 τὸμὲν-κρείττω
689 2586 776 2655 ἐφ’
803 2564 1000 2640 ἑαυτοῦ
1041 2564 1530 2658 διδασκόμενος-τὸ
1562 2564 1626 2642 δὲ’
1645 2564 1776 2643 σκΙυξ

1876 2600 2000 2640 cum
2032 2587 2316 2657 aequaliter
2349 2585 2536 2640 divina
2589 2586 2832 2655 potentia
2865 2600 2962 2654 per
3020 2585 3207 2639 omnia
3245 2597 3452 2654 cogno-

219 2675 532 2748 θρωπότερον
553 2676 656 2729 ἐπὶ
679 2674 789 2730 τῶν
817 2676 905 2731 διὰ
921 2677 1120 2733 κακίαν
1148 2678 1595 2750 μαστιγουμένων
1611 2679 1772 2747 ὁρῶν.

1876 2682 2084 2740 scatur,
2120 2682 2175 2732 et
2222 2676 2290 2730 ad
2334 2674 2784 2731 benefaciendum
2842 2674 2911 2730 iis
2956 2676 3046 2745 qui
3091 2674 3241 2744 digni
3298 2684 3447 2740 sunt,

216 2767 280 2829 ὡς
299 2766 369 2839 τῷ
389 2768 785 2839 ὑπερϐάλλοντι
818 2768 919 2838 τῆς
949 2769 1140 2837 σοφίας
1162 2769 1362 2833 εἰδότος
1383 2770 1479 2824 τοῦ
1506 2770 1642 2824 Θεοῦ
1677 2773 1772 2825 καὶ

1875 2765 2153 2824 suﬂieieus
2186 2768 2280 2831 sit,
2318 2773 2374 2822 et
2413 2767 2481 2822 ad
2528 2766 2867 2837 punitionem
2925 2765 3180 2834 nequitiae
3214 2763 3449 2821 facultas

218 2856 267 2910 τὺ
311 2857 471 2912 κακὸν
502 2861 571 2931 τῇ
620 2857 717 2912 τοῦ
752 2858 959 2927 ἀγαθοῦ
999 2860 1256 2932 συνεργίᾳ
1286 2862 1770 2933 μεταχειρίζεσθαι.

1876 2863 1924 2918 ei
1954 2878 2064 2917 non
2093 2862 2257 2925 desit,
2289 2861 2549 2933 quoniam
2587 2862 2813 2916 omnino
2859 2860 3144 2932 oportebat
3188 2860 3449 2930 populum

217 2948 362 3018 Χρεία
390 2949 498 3021 γὰρ
522 2949 606 3021 τῷ
634 2949 855 3023 τεχνίτῃ
891 2951 961 3021 (εί
986 2950 1090 3021 χρὴ
1118 2952 1209 3004 τὸν
1235 2952 1589 3007 ἀποστολικὸν
1612 2954 1771 3021 λόγον

1881 2954 2032 3008 illum
2066 2953 2262 3008 deduci
2296 2968 2362 3007 ex
2395 2951 2651 3024 Egypto,
2684 2967 2752 3007 ne
2787 2966 2893 3022 qua
2920 2951 3000 3006 eis
3061 2949 3446 3022 Egyptiorum

218 3038 292 3092 καὶ
318 3039 397 3094 διὰ
423 3041 530 3094 τῶν
546 3040 840 3112 ἡμετέρων
874 3040 1045 3109 λόγων
1067 3040 1631 3113 βεὸαιωθῆναι),χρεία
1656 3045 1770 3097 τοί-

1876 3043 2164 3107 malorum,
2195 3041 2342 3111 quod
2373 3041 2440 3096 ad
2470 3043 2592 3097 vitae
2619 3055 2861 3096 errorem
2886 3040 3097 3097 attinet.
3127 3040 3444 3095 communio

216 3145 293 3181 νυν
318 3128 391 3199 τῷ
418 3129 505 3183 διὰ
529 3130 638 3200 τῆς
675 3130 868 3199 τέχνης
894 3130 1029 3200 πρός
1056 3147 1109 3183 τι
1144 3131 1254 3183 τῶν
1289 3130 1569 3200 βιωφελῶν
1602 3135 1768 3202 ὲργα-
1799 3130 1809 3177 4

1878 3134 2241 3205 contagioque
2269 3133 2563 3199 accideret,
2595 3133 2802 3189 ideirco
2845 3132 3194 3187 adversarius
3225 3131 3317 3186 ille
3348 3129 3444 3185 Dei

215 3217 349 3272 λείων
365 3220 624 3274 τυποῦντι
652 3220 745 3273 τὸν
790 3221 1026 3292 σίδηρον,
1057 3221 1117 3273 ού
1146 3220 1302 3289 μόνον
1322 3219 1414 3273 τοῦ
1435 3222 1671 3283 εὐκόλως
1704 3225 1768 3293 τῇ

1878 3232 2101 3295 propter
2127 3218 2342 3281 omnem
2363 3224 2662 3295 nequitiam
2693 3223 3006 3279 nominatus
3039 3232 3091 3278 et
3118 3221 3441 3277 nobilitatus

212 3312 353 3385 τέχνῃ
390 3312 633 3376 εἴκοντος
674 3311 738 3365 ἔκ
767 3329 911 3373 τινος
957 3313 1189 3383 φυσικῆς
1244 3312 1599 3383 ἀπαλότητος,
1632 3314 1770 3367 ἀλλά

1878 3314 2114 3383 Pharao,
2147 3317 2200 3370 in
2234 3318 2345 3371 vita
2372 3331 2559 3371 eorum
2596 3315 2797 3385 quibus
2820 3315 2961 3370 bene
2992 3314 3178 3377 ﬁebat,
3210 3320 3265 3368 et
3287 3327 3447 3368 exor-

214 3402 298 3457 κᾶν
316 3404 426 3459 λίαν
457 3405 755 3468 ἀντίτυπος
794 3405 824 3457 ὁ
874 3404 1088 3475 σίδηρος
1118 3400 1176 3479 ᾖ,
1207 3405 1311 3458 κᾶν
1343 3405 1417 3477 μὴ
1455 3405 1652 3476 ῥᾳδίως
1683 3405 1772 3458 διὰ

1877 3415 1966 3461 tus
2001 3413 2108 3470 est,
2166 3413 2222 3461 et
2273 3405 2479 3472 ﬂoruit,
2513 3411 2575 3460 ut
2629 3404 2833 3474 duplici
2895 3403 3183 3459 elﬁcientia
3235 3401 3331 3457 Dei
3392 3402 3447 3456 in

216 3495 359 3567 πυρὸς
384 3495 829 3567 έκμαλάσσηται,
858 3496 952 3550 καὶ
980 3495 1115 3566 πρὸς
1146 3495 1208 3549 τὸ
1227 3495 1416 3559 σκεῦος
1442 3496 1551 3550 τῶν
1579 3497 1771 3567 χρησί-

1878 3499 2127 3569 utrisque
2167 3498 2461 3554 distributa
2488 3497 2693 3567 justam
2729 3497 3015 3567 utriusque
3079 3495 3446 3566 cognitionem

217 3601 312 3652 μων
336 3585 425 3639 τοῦ
442 3585 560 3656 βίου
574 3584 900 3655 τυπωθῆναι
926 3584 1003 3655 τῷ
1028 3584 1337 3656 άνυπείκτῳ
1361 3603 1419 3638 τε
1450 3588 1540 3639 καὶ
1560 3588 1770 3658 στερρῷ

1967 3591 2055 3645 ael
2084 3590 2376 3659 acciperet,
2402 3588 2531 3642 dum
2565 3587 2622 3642 id
2660 3586 2901 3657 quidem,
2925 3586 3071 3656 quod
3094 3586 3293 3640 melius
3330 3592 3449 3640 erat
3547 3654 3560 3667 _

217 3676 278 3746 μὴ
296 3671 398 3741 οἷός
425 3695 486 3731 τε
526 3673 588 3750 ᾗ,
636 3676 736 3731 καὶ
774 3676 962 3730 τούτου
994 3678 1028 3746 ἡ
1054 3677 1216 3749 τέχνη
1251 3678 1497 3749 ἐπιζητεῖ
1523 3679 1621 3748 τὴν
1652 3696 1774 3731 συν-

1874 3682 1931 3737 in
1966 3681 2149 3750 seipse
2195 3680 2454 3743 disceret,
2516 3679 2731 3734 tristius
2798 3686 2975 3732 autem
3011 3677 3066 3731 in
3130 3677 3198 3731 iis
3228 3676 3323 3746 qui
3378 3676 3448 3731 ob

214 3767 396 3836 εργίαν.
428 3770 668 3840 ’Δκμονι
717 3767 827 3838 γὰρ
849 3769 1109 3839 χρήσεται
1140 3767 1218 3838 τῷ
1243 3768 1487 3839 τοιούτῳ,
1540 3768 1616 3833 ὡς
1653 3773 1773 3833 ταῖς

1872 3771 2171 3842 nequitiam
2199 3778 2254 3826 et
2287 3769 2548 3824 malitiam
2577 3769 3012 3841 ﬂagellabantur,
3041 3768 3271 3832 videret,
3311 3781 3437 3822 cum

214 3860 289 3914 ἐπὶ
310 3861 490 3915 τούτου
523 3861 767 3932 πληγαῖς
787 3861 878 3914 τὸν
902 3862 1098 3932 ὲνεργῆ
1128 3876 1188 3914 τε
1211 3863 1304 3915 καὶ
1328 3862 1533 3914 ἁπαλὸν
1559 3863 1694 3934 πρός
1718 3877 1770 3915 τι

1870 3861 2196 3919 excellentia
2250 3861 2530 3931 sapientiae
2586 3876 2700 3917 suae
2753 3861 2898 3915 Deus
2952 3860 3209 3915 nimirum
3278 3858 3445 3914 etiam

210 3950 301 4005 τῶν
325 3954 610 4025 χρησίμων
648 3952 1077 4008 ἀποτυποῦσθαι.
1784 3964 1787 3966 ’

1870 3955 2072 4008 malum
2114 3954 2180 4008 ad
2220 3953 2583 4023 adjuvandum
2606 3954 2820 4009 bonum
2860 3961 3097 4009 tractare
3146 3962 3200 4009 et
3233 3966 3452 4007 accom-

213 4047 409 4101 modare
455 4049 621 4103 sciat.
656 4045 806 4116 Opus
875 4046 1018 4101 enim
1072 4053 1191 4100 erat
1242 4047 1437 4101 artilici
1495 4044 1584 4117 (si
1642 4045 1806 4099 etiam
1850 4049 2053 4100 nostris
2110 4044 2289 4099 verbis
2343 4045 2702 4116 apostolicum
2776 4059 3081 4100 sermonem
3132 4043 3446 4098 conﬁrmari

210 4137 458 4208 oportet),
509 4152 661 4209 opus
722 4137 888 4209 igitur
921 4143 1040 4190 erat
1099 4120 1197 4207 per
1257 4143 1430 4192 artem
1477 4135 1767 4192 exeudenti
1808 4134 2008 4191 ferrum
2054 4136 2120 4190 ad
2160 4136 2291 4190 utile
2351 4136 2624 4206 quoddam
2669 4138 2792 4191 vitae
2841 4136 3284 4201 instrumentum,
3339 4151 3449 4191 non

212 4229 364 4283 solum
429 4246 496 4287 eo
536 4230 690 4301 quod
737 4245 802 4284 ex
847 4228 1085 4284 naturali
1156 4228 1389 4298 quadam
1445 4228 1734 4283 teneritate
1775 4243 1840 4282 ae
1879 4226 2220 4283 mollitudine
2246 4226 2405 4284 facile
2441 4231 2544 4281 arti
2575 4228 2813 4290 cederet,
2848 4229 3200 4283 verumetiam
3253 4229 3300 4283 si
3347 4227 3449 4281 ad-

210 4321 406 4377 modum
455 4322 686 4386 durum,
744 4322 981 4393 rigidum
1043 4332 1209 4393 atque
1266 4319 1535 4375 resistens
1570 4318 1774 4374 ferrum
1815 4321 1905 4385 sit,
1931 4319 2145 4375 etiamsi
2176 4335 2287 4374 non
2336 4318 2495 4374 facile
2548 4334 2644 4389 per
2677 4319 2853 4389 ignem
2888 4320 3188 4383 mollescat,
3255 4327 3310 4374 et
3380 4322 3448 4375 ad

211 4410 403 4483 aliquod
446 4415 575 4470 vita:
618 4413 992 4469 necessarium
1042 4414 1466 4469 instrumentum
1515 4411 1588 4465 ob
1641 4411 1989 4466 renitentiam
2041 4424 2106 4464 ae
2179 4408 2567 4465 ﬁrmitudinem
2621 4422 2774 4464 suam
2838 4409 3029 4464 excudi
3099 4423 3162 4463 ac
3223 4407 3450 4465 formari

210 4516 299 4557 non
325 4504 515 4573 possit,
548 4502 720 4559 etiam
755 4502 917 4572 hujus
946 4517 1039 4557 ars
1073 4503 1448 4571 adjumentum
1490 4498 1741 4570 requirit.
1781 4499 1915 4554 Nam
1947 4515 2046 4570 pro
2080 4499 2280 4555 incude
2315 4500 2409 4554 tali
2445 4506 2648 4564 utetur,
2680 4504 2739 4553 ut
2765 4499 2967 4555 ictibus
2995 4500 3052 4554 in
3111 4512 3180 4553 ea
3242 4499 3310 4555 fet
3326 4516 3449 4555 rum

208 4597 428 4647 tenerum
458 4601 514 4649 et
543 4592 614 4647 ad
635 4607 774 4663 opus
799 4601 984 4663 aptum
1017 4594 1085 4648 ad
1116 4594 1338 4664 aliquod
1372 4595 1512 4650 utile
1555 4593 1980 4649 instrumentum
2018 4593 2326 4649 exeudatur
2348 4601 2404 4649 et
2435 4592 2773 4648 eﬂ'ormetur.

275 4684 402 4739 Ἀλλ’
423 4688 541 4759 ὲρεῖ
568 4701 687 4749 τις,
715 4685 795 4739 ὅτι
831 4686 892 4739 ού
922 4686 1123 4749 πάντες
1150 4686 1298 4759 παρὰ
1322 4687 1413 4740 τὸν
1452 4687 1564 4756 βίον
1586 4686 1772 4740 τοῦτον
1802 4689 1851 4749 D

1948 4684 2055 4742 Sed
2090 4685 2236 4741 dicet
2275 4685 2499 4756 aliquis,
2534 4684 2680 4755 quod
2720 4699 2833 4740 non
2868 4699 3061 4740 omnes
3094 4701 3150 4739 in
3199 4686 3302 4739 hac
3336 4685 3450 4738 vita

205 4773 289 4844 τῆς
319 4777 525 4832 ἑαυτῶν
560 4777 865 4850 μοχθηρίας
910 4779 1224 4833 ἀπέλαυσαν
1243 4796 1256 4812 ο
1293 4779 1414 4833 οὐδὲ
1438 4778 1544 4851 γὰρ
1573 4777 1623 4833 οί
1649 4781 1770 4833 κατ’

1871 4791 1987 4833 suae
2018 4776 2281 4847 nequitiae
2312 4791 2506 4846 poenas
2538 4775 2669 4831 dent
2698 4793 2712 4831 :
2737 4790 2863 4830 nam
2892 4790 2995 4830 nec
3019 4776 3110 4845 qui
3142 4775 3444 4831 secundum

209 4864 384 4939 ἀρετὴν
410 4869 753 4939 βιοτεύοντες
781 4870 840 4922 ὲν
862 4872 928 4942 τῇ
960 4870 1072 4943 ζωῇ
1103 4870 1275 4943 ταύτῃ
1303 4869 1411 4924 τῶν
1437 4870 1538 4941 τῆς
1566 4869 1772 4942 ἀρετῆς

1868 4869 2127 4925 virtutem
2157 4869 2379 4940 quidem
2411 4868 2627 4931 vivunt,
2661 4868 2716 4923 in
2745 4868 2850 4922 hac
2880 4868 2990 4922 vita
3028 4864 3248 4920 virtutis
3272 4864 3445 4922 sudo-

208 4952 424 5024 ἱδρώτων
472 4957 781 5013 ἀπώναντο.
826 4960 891 5012 Τί
923 4956 1038 5022 οὖν,
1095 4961 1249 5032 φησὶ,
1285 4959 1489 5016 τούτων
1532 4955 1671 5016 εἶναι
1707 4961 1769 5015 τὸ

1866 4977 1989 5017 rum
2018 4959 2232 5016 fructus
2272 4959 2522 5031 capiunt.
2555 4959 2731 5026 Quam
2791 4974 2943 5031 ergo,
3007 4958 3205 5029 inquit,
3250 4959 3308 5013 in
3358 4958 3444 5016 his

207 5047 454 5119 χρήσιμον
480 5051 576 5104 ἐπὶ
600 5051 711 5105 τῶν
736 5052 797 5104 ὲν
817 5051 984 5123 κακίᾳ
1009 5053 1369 5124 ἀτιμωρήτως
1392 5052 1764 5124 βεϐιωκότωνς

1867 5054 2162 5114 utilitatem
2212 5053 2305 5123 qui
2340 5052 2397 5107 in
2447 5052 2692 5123 nequitia
2747 5051 2969 5120 impune
3012 5050 3268 5104 vixerunt
3318 5065 3447 5106 esse

208 5135 580 5211 Παραθήσομαί
611 5157 692 5194 σοι
722 5142 816 5195 καὶ
854 5141 990 5212 πρὸς
1020 5141 1178 5196 τοῦτο
1208 5141 1384 5211 λόγον,
1423 5143 1532 5196 τῶν
1556 5141 1764 5214 ἀνθρω-

1868 5144 2159 5202 dicemus?
2189 5142 2471 5198 Adducam
2501 5143 2598 5197 tibi
2633 5143 2687 5197 in
2718 5142 2954 5196 medium
2990 5141 3256 5195 rationem
3276 5141 3440 5197 etiam

206 5223 359 5281 πίνων
372 5227 647 5301 λογισμῶν
662 5229 1012 5301 ὑψηλότερον.
1031 5233 1167 5303 Φησὶ
1192 5233 1300 5304 γάρ
1328 5249 1431 5286 που
1449 5234 1548 5303 τῆς
1568 5231 1762 5288 ἑαυτοῦ

1867 5236 1936 5292 ad
1972 5238 2074 5291 hoc
2116 5236 2372 5290 humanis
2411 5233 2839 5305 cogitationibus
2885 5247 2950 5287 ae
2987 5231 3431 5288 ratiocinationi-

205 5320 521 5389 προφητείας
555 5324 586 5376 ό
623 5322 797 5392 μέγας
833 5322 1017 5387 Δαϐὶδ,
1058 5323 1222 5393 μέρος
1256 5342 1308 5378 τι
1345 5327 1456 5389 τοῖς
1484 5324 1762 5396 ὲναρέτοις

1869 5330 1972 5384 bus
2006 5325 2406 5383 sublimiorem.
2441 5323 2531 5380 Ait
2570 5326 2715 5381 enim
2758 5338 2990 5395 magnus
3018 5323 3188 5380 David
3214 5325 3269 5381 in
3297 5318 3441 5397 quo-.

205 5406 523 5482 εὐφροσύνης
551 5411 643 5464 καὶ
667 5411 728 5465 τὸ
758 5411 998 5466 τοιοῦτον
1025 5406 1329 5476 εἷναι,ὄταν
1350 5411 1761 5483 ἀντιπαραθεω-

1865 5419 1990 5474 dam
2017 5418 2141 5474 loco
2163 5432 2277 5474 sua;
2302 5417 2626 5489 prophetiae,
2670 5423 2881 5486 partem
2914 5416 3210 5488 quamdam
3241 5417 3445 5473 laetitiae

208 5496 325 5566 ρῶσι
352 5504 462 5565 τοῖς
512 5504 729 5570 οίκείοις
759 5505 981 5575 ἀγαθοῖς
1011 5505 1109 5576 τὴν
1143 5507 1250 5560 τῶν
1282 5507 1623 5574 κατακρίτων
1660 5508 1766 5560 ἀπ-

1870 5512 1973 5566 hoe
1997 5524 2219 5581 quoque
2249 5511 2452 5566 virtute
2476 5509 2721 5580 praeditis
2757 5523 2899 5576 esse,
2935 5510 2982 5565 si
3005 5526 3036 5565 e
3065 5510 3288 5582 regione
3313 5526 3442 5567 suo-

206 5584 402 5646 ὡλειαν.
427 5613 447 5647 ι
474 5595 916 5669 Εὐφρανθήσεται
941 5617 961 5651 ι
1000 5596 1131 5670 γὰρ,
1156 5599 1307 5668 φησὶ,
1340 5618 1358 5650 ι
1386 5599 1608 5664 δίκαιος,
1637 5599 1765 5652 ὅταν

1868 5617 1990 5656 rum
2022 5600 2290 5656 bonorum
2318 5601 2569 5671 opposita
2609 5600 2989 5657 damnatorum
3021 5602 3262 5673 pernicie
3290 5610 3440 5657 utra-

208 5675 283 5757 (⁸⁸η
310 5683 583 5761 ἐκδίκησιν
617 5687 869 5757 ἀσεϐοῦς,
892 5689 990 5756 τὰς
1034 5678 1220 5762 χεῖρας
1268 5691 1430 5746 αὐτοῦ
1465 5691 1677 5764 νίψεται
1707 5692 1767 5748 ὲν

1868 5708 1973 5764 que
2002 5693 2352 5751 considerent
2377 5702 2433 5751 et
2467 5693 2612 5752 inter
2640 5709 2702 5753 se
2743 5701 3063 5767 comparent
3102 5702 3265 5767 atque
3310 5707 3440 5750 eon-
