  <div class='ocr_page' id='page_1' title='image "/cluster/home/n/w/nwhite01/storage/ocr_20150623/46/mdp.39015011915447/103.png"; bbox 0 0 4034 6132; ppageno 0'>
   <div class='ocr_carea' id='block_1_1' title="bbox 508 243 604 301">
    <p class='ocr_par' dir='ltr' id='par_1_1' title="bbox 508 243 604 301">
     <span class='ocr_line' id='line_1_1' title="bbox 508 243 604 301; baseline -0.01 0"><span class='ocrx_word' id='word_1_1' title='bbox 508 243 604 301; x_wconf 72' lang='grc'><strong>191</strong></span> 
     </span>
    </p>
   </div>
   <div class='ocr_carea' id='block_1_2' title="bbox 1729 250 2464 314">
    <p class='ocr_par' dir='ltr' id='par_1_2' title="bbox 1729 250 2464 314">
     <span class='ocr_line' id='line_1_2' title="bbox 1729 250 2464 314; baseline 0.01 -7"><span class='ocrx_word' id='word_1_2' title='bbox 1729 251 1787 307; x_wconf 88' lang='lat' dir='ltr'><strong>S.</strong></span> <span class='ocrx_word' id='word_1_3' title='bbox 1827 250 2152 311; x_wconf 77' lang='lat' dir='ltr'><strong>GREGORII</strong></span> <span class='ocrx_word' id='word_1_4' title='bbox 2174 254 2464 314; x_wconf 81' lang='lat' dir='ltr'><strong>NYSSENI</strong></span> 
     </span>
    </p>
   </div>
   <div class='ocr_carea' id='block_1_3' title="bbox 3645 252 3753 308">
    <p class='ocr_par' dir='ltr' id='par_1_3' title="bbox 3645 252 3753 308">
     <span class='ocr_line' id='line_1_3' title="bbox 3645 252 3753 308; baseline 0.009 -1"><span class='ocrx_word' id='word_1_5' title='bbox 3645 252 3753 308; x_wconf 63' lang='lat'><strong>{95</strong></span> 
     </span>
    </p>
   </div>
   <div class='ocr_carea' id='block_1_4' title="bbox 502 365 2074 448">
    <p class='ocr_par' dir='ltr' id='par_1_4' title="bbox 502 365 2063 439">
     <span class='ocr_line' id='line_1_4' title="bbox 502 365 2063 439; baseline 0.004 -18"><span class='ocrx_word' id='word_1_6' title='bbox 502 366 753 421; x_wconf 88' lang='lat' dir='ltr'><strong>tendant.</strong></span> <span class='ocrx_word' id='word_1_7' title='bbox 782 385 801 418; x_wconf 75' lang='grc' dir='ltr'><strong>ι</strong></span> <span class='ocrx_word' id='word_1_8' title='bbox 838 365 1134 421; x_wconf 70' lang='lat' dir='ltr'><strong>Lmtaliitur</strong></span> <span class='ocrx_word' id='word_1_9' title='bbox 1167 386 1185 420; x_wconf 80' lang='grc' dir='ltr'><strong>ι</strong></span> <span class='ocrx_word' id='word_1_10' title='bbox 1219 366 1393 432; x_wconf 89' lang='lat' dir='ltr'><strong>enim,</strong></span> <span class='ocrx_word' id='word_1_11' title='bbox 1421 367 1620 439; x_wconf 79' lang='lat' dir='ltr'><strong>inquit,</strong></span> <span class='ocrx_word' id='word_1_12' title='bbox 1653 388 1672 421; x_wconf 76' lang='grc' dir='ltr'><strong>ι</strong></span> <span class='ocrx_word' id='word_1_13' title='bbox 1701 369 1907 439; x_wconf 88' lang='lat' dir='ltr'><strong>justus,</strong></span> <span class='ocrx_word' id='word_1_14' title='bbox 1938 387 2063 428; x_wconf 89' lang='lat' dir='ltr'><strong>cum</strong></span> 
     </span>
    </p>
   </div>
   <div class='ocr_carea' id='block_1_5' title="bbox 2175 365 3753 448">
    <p class='ocr_par' dir='ltr' id='par_1_5' title="bbox 2175 369 3753 448">
     <span class='ocr_line' id='line_1_5' title="bbox 2175 369 3753 448; baseline -0.002 -22"><span class='ocrx_word' id='word_1_15' title='bbox 2175 373 2247 444; x_wconf 84' lang='grc' dir='ltr'>τῷ</span> <span class='ocrx_word' id='word_1_16' title='bbox 2275 373 2467 444; x_wconf 79' lang='grc' dir='ltr'>αἵματι</span> <span class='ocrx_word' id='word_1_17' title='bbox 2488 372 2585 429; x_wconf 80' lang='grc' dir='ltr'><strong>τοῦ</strong></span> <span class='ocrx_word' id='word_1_18' title='bbox 2612 373 2937 448; x_wconf 82' lang='grc' dir='ltr'>ἀμαρτωλοῦ</span> <span class='ocrx_word' id='word_1_19' title='bbox 2959 389 2976 407; x_wconf 77' lang='grc' dir='ltr'><strong><em>ο</em></strong></span> <span class='ocrx_word' id='word_1_20' title='bbox 3015 392 3035 427; x_wconf 72' lang='grc' dir='ltr'><strong>ι</strong></span> <span class='ocrx_word' id='word_1_21' title='bbox 3073 372 3174 444; x_wconf 87' lang='grc' dir='ltr'><strong>οὐχ</strong></span> <span class='ocrx_word' id='word_1_22' title='bbox 3199 371 3277 436; x_wconf 82' lang='grc' dir='ltr'><strong>ὡς</strong></span> <span class='ocrx_word' id='word_1_23' title='bbox 3300 369 3602 442; x_wconf 72' lang='grc' dir='ltr'>ἐπικαίρων</span> <span class='ocrx_word' id='word_1_24' title='bbox 3629 373 3753 435; x_wconf 86' lang='grc' dir='ltr'>ταῖς</span> 
     </span>
    </p>
   </div>
   <div class='ocr_carea' id='block_1_6' title="bbox 501 458 2075 527">
    <p class='ocr_par' dir='ltr' id='par_1_6' title="bbox 501 458 2075 527">
     <span class='ocr_line' id='line_1_6' title="bbox 501 458 2075 527; baseline 0.004 -17"><span class='ocrx_word' id='word_1_25' title='bbox 501 459 701 512; x_wconf 78' lang='lat' dir='ltr'><strong>viderit</strong></span> <span class='ocrx_word' id='word_1_26' title='bbox 728 459 987 513; x_wconf 90' lang='lat' dir='ltr'><strong>ultionem</strong></span> <span class='ocrx_word' id='word_1_27' title='bbox 1022 458 1208 527; x_wconf 86' lang='lat' dir='ltr'><strong>impii;</strong></span> <span class='ocrx_word' id='word_1_28' title='bbox 1239 474 1435 515; x_wconf 90' lang='lat' dir='ltr'><strong>manus</strong></span> <span class='ocrx_word' id='word_1_29' title='bbox 1475 475 1605 516; x_wconf 87' lang='lat' dir='ltr'><strong>suas</strong></span> <span class='ocrx_word' id='word_1_30' title='bbox 1628 461 1829 517; x_wconf 88' lang='lat' dir='ltr'><strong>lavabit</strong></span> <span class='ocrx_word' id='word_1_31' title='bbox 1860 463 1914 517; x_wconf 93' lang='lat' dir='ltr'><strong>in</strong></span> <span class='ocrx_word' id='word_1_32' title='bbox 1948 479 2075 519; x_wconf 91' lang='lat' dir='ltr'><strong>san-</strong></span> 
     </span>
    </p>
   </div>
   <div class='ocr_carea' id='block_1_7' title="bbox 505 550 2077 622">
    <p class='ocr_par' dir='ltr' id='par_1_7' title="bbox 505 550 2077 622">
     <span class='ocr_line' id='line_1_7' title="bbox 505 550 2077 622; baseline 0.004 -18"><span class='ocrx_word' id='word_1_33' title='bbox 505 550 670 619; x_wconf 86' lang='lat' dir='ltr'><strong>guine</strong></span> <span class='ocrx_word' id='word_1_34' title='bbox 701 552 1007 621; x_wconf 81' lang='lat' dir='ltr'><strong>peccatoris</strong></span> <span class='ocrx_word' id='word_1_35' title='bbox 1035 550 1078 582; x_wconf 71' lang='grc' dir='ltr'>’θ</span> <span class='ocrx_word' id='word_1_36' title='bbox 1110 569 1123 606; x_wconf 90' lang='lat'><strong>:</strong></span> <span class='ocrx_word' id='word_1_37' title='bbox 1169 570 1188 603; x_wconf 72' lang='grc' dir='ltr'><strong>ι</strong></span> <span class='ocrx_word' id='word_1_38' title='bbox 1234 566 1344 606; x_wconf 82' lang='grc' dir='ltr'><strong>ηοη</strong></span> <span class='ocrx_word' id='word_1_39' title='bbox 1372 554 1515 622; x_wconf 84' lang='lat' dir='ltr'><strong>quod</strong></span> <span class='ocrx_word' id='word_1_40' title='bbox 1548 554 1770 611; x_wconf 82' lang='lat' dir='ltr'><strong>insultet</strong></span> <span class='ocrx_word' id='word_1_41' title='bbox 1793 555 2077 611; x_wconf 80' lang='lat' dir='ltr'><strong>doloribus</strong></span> 
     </span>
    </p>
   </div>
   <div class='ocr_carea' id='block_1_8' title="bbox 506 641 2075 716">
    <p class='ocr_par' dir='ltr' id='par_1_8' title="bbox 506 641 2075 716">
     <span class='ocr_line' id='line_1_8' title="bbox 506 641 2075 716; baseline 0.005 -23"><span class='ocrx_word' id='word_1_42' title='bbox 506 643 875 704; x_wconf 80' lang='lat' dir='ltr'><strong>marentium,</strong></span> <span class='ocrx_word' id='word_1_43' title='bbox 910 641 1006 696; x_wconf 89' lang='lat' dir='ltr'><strong>sed</strong></span> <span class='ocrx_word' id='word_1_44' title='bbox 1050 642 1194 711; x_wconf 88' lang='lat' dir='ltr'><strong>quod</strong></span> <span class='ocrx_word' id='word_1_45' title='bbox 1259 650 1391 698; x_wconf 88' lang='lat' dir='ltr'><strong>tunc</strong></span> <span class='ocrx_word' id='word_1_46' title='bbox 1423 645 1660 700; x_wconf 81' lang='lat' dir='ltr'><strong>maxime</strong></span> <span class='ocrx_word' id='word_1_47' title='bbox 1691 654 1990 716; x_wconf 86' lang='lat' dir='ltr'><strong>cognoscat</strong></span> <span class='ocrx_word' id='word_1_48' title='bbox 2019 655 2075 701; x_wconf 88' lang='lat' dir='ltr'><strong>et</strong></span> 
     </span>
    </p>
   </div>
   <div class='ocr_carea' id='block_1_9' title="bbox 505 729 2070 805">
    <p class='ocr_par' dir='ltr' id='par_1_9' title="bbox 505 729 2070 805">
     <span class='ocr_line' id='line_1_9' title="bbox 505 729 2070 805; baseline 0.006 -24"><span class='ocrx_word' id='word_1_49' title='bbox 505 730 903 783; x_wconf 80' lang='lat' dir='ltr'><strong>animadvertat</strong></span> <span class='ocrx_word' id='word_1_50' title='bbox 953 729 1008 783; x_wconf 90' lang='lat' dir='ltr'><strong>id</strong></span> <span class='ocrx_word' id='word_1_51' title='bbox 1062 730 1209 802; x_wconf 85' lang='lat' dir='ltr'><strong>quod</strong></span> <span class='ocrx_word' id='word_1_52' title='bbox 1249 747 1316 786; x_wconf 79' lang='lat' dir='ltr'><strong>ex</strong></span> <span class='ocrx_word' id='word_1_53' title='bbox 1365 735 1569 789; x_wconf 90' lang='lat' dir='ltr'><strong>virtute</strong></span> <span class='ocrx_word' id='word_1_54' title='bbox 1616 733 1798 805; x_wconf 92' lang='lat' dir='ltr'><strong>dignis</strong></span> <span class='ocrx_word' id='word_1_55' title='bbox 1836 733 2070 790; x_wconf 85' lang='lat' dir='ltr'><strong>accedit.</strong></span> 
     </span>
    </p>
   </div>
   <div class='ocr_carea' id='block_1_10' title="bbox 504 818 2072 897">
    <p class='ocr_par' dir='ltr' id='par_1_10' title="bbox 504 818 2072 897">
     <span class='ocr_line' id='line_1_10' title="bbox 504 818 2072 897; baseline 0.006 -25"><span class='ocrx_word' id='word_1_56' title='bbox 504 818 793 891; x_wconf 82' lang='lat' dir='ltr'><strong>Significat</strong></span> <span class='ocrx_word' id='word_1_57' title='bbox 820 821 968 876; x_wconf 90' lang='lat' dir='ltr'><strong>enim</strong></span> <span class='ocrx_word' id='word_1_58' title='bbox 991 838 1086 892; x_wconf 84' lang='lat' dir='ltr'><strong>per</strong></span> <span class='ocrx_word' id='word_1_59' title='bbox 1115 824 1260 880; x_wconf 88' lang='lat' dir='ltr'><strong>dicta</strong></span> <span class='ocrx_word' id='word_1_60' title='bbox 1282 825 1467 891; x_wconf 86' lang='lat' dir='ltr'><strong>verba,</strong></span> <span class='ocrx_word' id='word_1_61' title='bbox 1500 827 1646 897; x_wconf 91' lang='lat' dir='ltr'><strong>quod</strong></span> <span class='ocrx_word' id='word_1_62' title='bbox 1669 828 2072 882; x_wconf 84' lang='lat' dir='ltr'><strong>contrariorum</strong></span> 
     </span>
    </p>
   </div>
   <div class='ocr_carea' id='block_1_11' title="bbox 502 909 2073 988">
    <p class='ocr_par' dir='ltr' id='par_1_11' title="bbox 502 909 2073 988">
     <span class='ocr_line' id='line_1_11' title="bbox 502 909 2073 988; baseline 0.006 -24"><span class='ocrx_word' id='word_1_63' title='bbox 502 925 568 964; x_wconf 91' lang='lat' dir='ltr'><strong>ex</strong></span> <span class='ocrx_word' id='word_1_64' title='bbox 597 909 828 966; x_wconf 89' lang='lat' dir='ltr'><strong>adverso</strong></span> <span class='ocrx_word' id='word_1_65' title='bbox 854 914 1191 982; x_wconf 83' lang='lat' dir='ltr'><strong>comparatio</strong></span> <span class='ocrx_word' id='word_1_66' title='bbox 1215 918 1460 972; x_wconf 85' lang='lat' dir='ltr'><strong>accessio</strong></span> <span class='ocrx_word' id='word_1_67' title='bbox 1481 917 1677 973; x_wconf 84' lang='lat' dir='ltr'><strong>latitia</strong></span> <span class='ocrx_word' id='word_1_68' title='bbox 1700 926 1865 988; x_wconf 87' lang='lat' dir='ltr'><strong>atque</strong></span> <span class='ocrx_word' id='word_1_69' title='bbox 1893 919 2073 973; x_wconf 85' lang='lat' dir='ltr'><strong>incre-</strong></span> 
     </span>
    </p>
   </div>
   <div class='ocr_carea' id='block_1_12' title="bbox 504 1003 2072 1080">
    <p class='ocr_par' dir='ltr' id='par_1_12' title="bbox 504 1003 2072 1080">
     <span class='ocr_line' id='line_1_12' title="bbox 504 1003 2072 1080; baseline 0.008 -27"><span class='ocrx_word' id='word_1_70' title='bbox 504 1009 744 1055; x_wconf 89' lang='lat' dir='ltr'><strong>mentum</strong></span> <span class='ocrx_word' id='word_1_71' title='bbox 766 1003 969 1059; x_wconf 88' lang='lat' dir='ltr'><strong>virtute</strong></span> <span class='ocrx_word' id='word_1_72' title='bbox 995 1006 1236 1074; x_wconf 89' lang='lat' dir='ltr'><strong>praditis</strong></span> <span class='ocrx_word' id='word_1_73' title='bbox 1260 1008 1496 1063; x_wconf 80' lang='lat' dir='ltr'><strong>exsistit.</strong></span> <span class='ocrx_word' id='word_1_74' title='bbox 1529 1008 1662 1063; x_wconf 88' lang='lat' dir='ltr'><strong>Nam</strong></span> <span class='ocrx_word' id='word_1_75' title='bbox 1690 1025 1786 1080; x_wconf 89' lang='lat' dir='ltr'><strong>per</strong></span> <span class='ocrx_word' id='word_1_76' title='bbox 1813 1009 1888 1075; x_wconf 87' lang='lat' dir='ltr'><strong>id,</strong></span> <span class='ocrx_word' id='word_1_77' title='bbox 1920 1009 2072 1080; x_wconf 90' lang='lat' dir='ltr'><strong>quod</strong></span> 
     </span>
    </p>
   </div>
   <div class='ocr_carea' id='block_1_13' title="bbox 502 1091 2073 1170">
    <p class='ocr_par' dir='ltr' id='par_1_13' title="bbox 502 1091 2073 1170">
     <span class='ocr_line' id='line_1_13' title="bbox 502 1091 2073 1170; baseline 0.007 -25"><span class='ocrx_word' id='word_1_78' title='bbox 502 1091 661 1156; x_wconf 85' lang='lat' dir='ltr'><strong>dixit,</strong></span> <span class='ocrx_word' id='word_1_79' title='bbox 704 1111 722 1145; x_wconf 75' lang='grc' dir='ltr'><strong>ι</strong></span> <span class='ocrx_word' id='word_1_80' title='bbox 762 1094 956 1153; x_wconf 76' lang='lat' dir='ltr'><strong>Manus</strong></span> <span class='ocrx_word' id='word_1_81' title='bbox 989 1097 1046 1152; x_wconf 93' lang='lat' dir='ltr'><strong>in</strong></span> <span class='ocrx_word' id='word_1_82' title='bbox 1076 1100 1343 1168; x_wconf 83' lang='lat' dir='ltr'><strong>sanguine</strong></span> <span class='ocrx_word' id='word_1_83' title='bbox 1376 1101 1679 1170; x_wconf 84' lang='lat' dir='ltr'><strong>peccatoris</strong></span> <span class='ocrx_word' id='word_1_84' title='bbox 1706 1102 1873 1170; x_wconf 81' lang='lat' dir='ltr'><strong>lavat,</strong></span> <span class='ocrx_word' id='word_1_85' title='bbox 1913 1121 1932 1153; x_wconf 76' lang='grc' dir='ltr'><strong>ι</strong></span> <span class='ocrx_word' id='word_1_86' title='bbox 1970 1103 2073 1156; x_wconf 86' lang='lat' dir='ltr'><strong>bu-</strong></span> 
     </span>
    </p>
   </div>
   <div class='ocr_carea' id='block_1_14' title="bbox 495 1186 2071 1264">
    <p class='ocr_par' dir='ltr' id='par_1_14' title="bbox 495 1186 2071 1264">
     <span class='ocr_line' id='line_1_14' title="bbox 495 1186 2071 1264; baseline 0.007 -25"><span class='ocrx_word' id='word_1_87' title='bbox 495 1186 741 1255; x_wconf 89' lang='lat' dir='ltr'><strong>jusmodi</strong></span> <span class='ocrx_word' id='word_1_88' title='bbox 790 1188 949 1245; x_wconf 89' lang='lat' dir='ltr'><strong>nobis</strong></span> <span class='ocrx_word' id='word_1_89' title='bbox 1000 1190 1207 1260; x_wconf 86' lang='lat' dir='ltr'><strong>prabet</strong></span> <span class='ocrx_word' id='word_1_90' title='bbox 1253 1194 1601 1258; x_wconf 90' lang='lat' dir='ltr'><strong>sententiam,</strong></span> <span class='ocrx_word' id='word_1_91' title='bbox 1660 1194 1809 1264; x_wconf 90' lang='lat' dir='ltr'><strong>quod</strong></span> <span class='ocrx_word' id='word_1_92' title='bbox 1858 1194 2071 1264; x_wconf 87' lang='lat' dir='ltr'><strong>puritas</strong></span> 
     </span>
    </p>
   </div>
   <div class='ocr_carea' id='block_1_15' title="bbox 500 1276 2069 1352">
    <p class='ocr_par' dir='ltr' id='par_1_15' title="bbox 500 1276 2069 1352">
     <span class='ocr_line' id='line_1_15' title="bbox 500 1276 2069 1352; baseline 0.006 -23"><span class='ocrx_word' id='word_1_93' title='bbox 500 1276 621 1344; x_wconf 83' lang='lat' dir='ltr'><strong>ejus</strong></span> <span class='ocrx_word' id='word_1_94' title='bbox 676 1276 732 1331; x_wconf 92' lang='lat' dir='ltr'><strong>in</strong></span> <span class='ocrx_word' id='word_1_95' title='bbox 787 1277 898 1331; x_wconf 91' lang='lat' dir='ltr'><strong>vita</strong></span> <span class='ocrx_word' id='word_1_96' title='bbox 963 1279 1196 1336; x_wconf 88' lang='lat' dir='ltr'><strong>actionis</strong></span> <span class='ocrx_word' id='word_1_97' title='bbox 1250 1281 1303 1334; x_wconf 93' lang='lat' dir='ltr'><strong>in</strong></span> <span class='ocrx_word' id='word_1_98' title='bbox 1360 1282 1667 1351; x_wconf 83' lang='lat' dir='ltr'><strong>perditione</strong></span> <span class='ocrx_word' id='word_1_99' title='bbox 1720 1291 2069 1352; x_wconf 85' lang='lat' dir='ltr'><strong>peccatorum</strong></span> 
     </span>
    </p>
   </div>
   <div class='ocr_carea' id='block_1_16' title="bbox 501 1360 2069 1443">
    <p class='ocr_par' dir='ltr' id='par_1_16' title="bbox 501 1360 2069 1443">
     <span class='ocr_line' id='line_1_16' title="bbox 501 1360 2069 1443; baseline 0.005 -24"><span class='ocrx_word' id='word_1_100' title='bbox 501 1360 934 1421; x_wconf 78' lang='lat' dir='ltr'><strong>demunstratur.</strong></span> <span class='ocrx_word' id='word_1_101' title='bbox 968 1366 1104 1422; x_wconf 87' lang='lat' dir='ltr'><strong>Nam</strong></span> <span class='ocrx_word' id='word_1_102' title='bbox 1137 1370 1354 1424; x_wconf 82' lang='lat' dir='ltr'><strong>lavandi</strong></span> <span class='ocrx_word' id='word_1_103' title='bbox 1416 1371 1587 1425; x_wconf 91' lang='lat' dir='ltr'><strong>dictio</strong></span> <span class='ocrx_word' id='word_1_104' title='bbox 1635 1372 1890 1441; x_wconf 85' lang='lat' dir='ltr'><strong>puritatis</strong></span> <span class='ocrx_word' id='word_1_105' title='bbox 1947 1386 2069 1443; x_wconf 89' lang='lat' dir='ltr'><strong>spe-</strong></span> 
     </span>
    </p>
   </div>
   <div class='ocr_carea' id='block_1_17' title="bbox 501 1457 2069 1534">
    <p class='ocr_par' dir='ltr' id='par_1_17' title="bbox 501 1457 2069 1534">
     <span class='ocr_line' id='line_1_17' title="bbox 501 1457 2069 1534; baseline 0.005 -25"><span class='ocrx_word' id='word_1_106' title='bbox 501 1457 641 1510; x_wconf 87' lang='lat' dir='ltr'><strong>ciem</strong></span> <span class='ocrx_word' id='word_1_107' title='bbox 665 1464 720 1510; x_wconf 89' lang='lat' dir='ltr'><strong>et</strong></span> <span class='ocrx_word' id='word_1_108' title='bbox 775 1457 1064 1529; x_wconf 79' lang='lat' dir='ltr'><strong>imaginem</strong></span> <span class='ocrx_word' id='word_1_109' title='bbox 1104 1460 1397 1530; x_wconf 81' lang='lat' dir='ltr'><strong>significat.</strong></span> <span class='ocrx_word' id='word_1_110' title='bbox 1449 1461 1505 1516; x_wconf 92' lang='lat' dir='ltr'><strong>In</strong></span> <span class='ocrx_word' id='word_1_111' title='bbox 1573 1464 1841 1534; x_wconf 87' lang='lat' dir='ltr'><strong>sanguine</strong></span> <span class='ocrx_word' id='word_1_112' title='bbox 1886 1472 2069 1518; x_wconf 91' lang='lat' dir='ltr'><strong>autem</strong></span> 
     </span>
    </p>
   </div>
   <div class='ocr_carea' id='block_1_18' title="bbox 501 1547 2073 1624">
    <p class='ocr_par' dir='ltr' id='par_1_18' title="bbox 501 1547 2073 1624">
     <span class='ocr_line' id='line_1_18' title="bbox 501 1547 2073 1624; baseline 0.005 -23"><span class='ocrx_word' id='word_1_113' title='bbox 501 1562 665 1602; x_wconf 85' lang='lat' dir='ltr'><strong>nemo</strong></span> <span class='ocrx_word' id='word_1_114' title='bbox 696 1547 928 1611; x_wconf 81' lang='lat' dir='ltr'><strong>lavatur,</strong></span> <span class='ocrx_word' id='word_1_115' title='bbox 962 1550 1057 1604; x_wconf 92' lang='lat' dir='ltr'><strong>sed</strong></span> <span class='ocrx_word' id='word_1_116' title='bbox 1096 1552 1354 1619; x_wconf 79' lang='lat' dir='ltr'><strong>polluitur</strong></span> <span class='ocrx_word' id='word_1_117' title='bbox 1380 1562 1433 1607; x_wconf 88' lang='lat' dir='ltr'><strong>et</strong></span> <span class='ocrx_word' id='word_1_118' title='bbox 1479 1552 1798 1622; x_wconf 83' lang='lat' dir='ltr'><strong>inquinatur</strong></span> <span class='ocrx_word' id='word_1_119' title='bbox 1841 1570 1855 1607; x_wconf 88' lang='lat'><strong>:</strong></span> <span class='ocrx_word' id='word_1_120' title='bbox 1888 1555 2073 1624; x_wconf 87' lang='lat' dir='ltr'><strong>itaque</strong></span> 
     </span>
    </p>
   </div>
   <div class='ocr_carea' id='block_1_19' title="bbox 502 1639 2073 1712">
    <p class='ocr_par' dir='ltr' id='par_1_19' title="bbox 502 1639 2073 1712">
     <span class='ocr_line' id='line_1_19' title="bbox 502 1639 2073 1712; baseline 0.004 -21"><span class='ocrx_word' id='word_1_121' title='bbox 502 1654 599 1708; x_wconf 86' lang='lat' dir='ltr'><strong>per</strong></span> <span class='ocrx_word' id='word_1_122' title='bbox 624 1639 727 1695; x_wconf 88' lang='lat' dir='ltr'><strong>hcc</strong></span> <span class='ocrx_word' id='word_1_123' title='bbox 754 1641 975 1710; x_wconf 91' lang='lat' dir='ltr'><strong>planum</strong></span> <span class='ocrx_word' id='word_1_124' title='bbox 1010 1641 1087 1709; x_wconf 81' lang='lat' dir='ltr'><strong>fit,</strong></span> <span class='ocrx_word' id='word_1_125' title='bbox 1117 1642 1264 1712; x_wconf 89' lang='lat' dir='ltr'><strong>quod</strong></span> <span class='ocrx_word' id='word_1_126' title='bbox 1307 1658 1489 1697; x_wconf 87' lang='lat' dir='ltr'><strong>rerum</strong></span> <span class='ocrx_word' id='word_1_127' title='bbox 1535 1645 1855 1699; x_wconf 88' lang='lat' dir='ltr'><strong>acerbarum</strong></span> <span class='ocrx_word' id='word_1_128' title='bbox 1882 1659 1949 1699; x_wconf 79' lang='lat' dir='ltr'><strong>ex</strong></span> <span class='ocrx_word' id='word_1_129' title='bbox 1975 1644 2073 1698; x_wconf 90' lang='lat' dir='ltr'><strong>ad-</strong></span> 
     </span>
    </p>
   </div>
   <div class='ocr_carea' id='block_1_20' title="bbox 502 1721 2145 1803">
    <p class='ocr_par' dir='ltr' id='par_1_20' title="bbox 502 1721 2145 1803">
     <span class='ocr_line' id='line_1_20' title="bbox 502 1721 2145 1803; baseline 0.005 -20"><span class='ocrx_word' id='word_1_130' title='bbox 502 1746 664 1787; x_wconf 88' lang='lat' dir='ltr'><strong>verso</strong></span> <span class='ocrx_word' id='word_1_131' title='bbox 716 1734 1058 1803; x_wconf 85' lang='lat' dir='ltr'><strong>comparatio</strong></span> <span class='ocrx_word' id='word_1_132' title='bbox 1118 1734 1341 1789; x_wconf 81' lang='lat' dir='ltr'><strong>virtutis</strong></span> <span class='ocrx_word' id='word_1_133' title='bbox 1388 1734 1781 1790; x_wconf 84' lang='lat' dir='ltr'><strong>beatitudinem</strong></span> <span class='ocrx_word' id='word_1_134' title='bbox 1840 1735 2068 1791; x_wconf 89' lang='lat' dir='ltr'><strong>demon-</strong></span> <span class='ocrx_word' id='word_1_135' title='bbox 2102 1721 2145 1776; x_wconf 73' lang='grc' dir='ltr'><strong>Β</strong></span> 
     </span>
    </p>
   </div>
   <div class='ocr_carea' id='block_1_21' title="bbox 503 1823 2071 1898">
    <p class='ocr_par' dir='ltr' id='par_1_21' title="bbox 503 1823 2071 1898">
     <span class='ocr_line' id='line_1_21' title="bbox 503 1823 2071 1898; baseline 0.003 -22"><span class='ocrx_word' id='word_1_136' title='bbox 503 1830 662 1877; x_wconf 86' lang='lat' dir='ltr'><strong>strat.</strong></span> <span class='ocrx_word' id='word_1_137' title='bbox 689 1823 1078 1898; x_wconf 83' lang='lat' dir='ltr'><strong>Contrahenda</strong></span> <span class='ocrx_word' id='word_1_138' title='bbox 1099 1831 1182 1879; x_wconf 87' lang='lat' dir='ltr'><strong>est</strong></span> <span class='ocrx_word' id='word_1_139' title='bbox 1219 1824 1388 1895; x_wconf 82' lang='lat' dir='ltr'><strong>igitur</strong></span> <span class='ocrx_word' id='word_1_140' title='bbox 1438 1826 1616 1879; x_wconf 90' lang='lat' dir='ltr'><strong>oratio</strong></span> <span class='ocrx_word' id='word_1_141' title='bbox 1677 1824 1733 1880; x_wconf 90' lang='lat' dir='ltr'><strong>in</strong></span> <span class='ocrx_word' id='word_1_142' title='bbox 1784 1825 1983 1895; x_wconf 90' lang='lat' dir='ltr'><strong>capita,</strong></span> <span class='ocrx_word' id='word_1_143' title='bbox 2011 1835 2071 1881; x_wconf 93' lang='lat' dir='ltr'><strong>ut</strong></span> 
     </span>
    </p>
   </div>
   <div class='ocr_carea' id='block_1_22' title="bbox 502 1913 2072 1988">
    <p class='ocr_par' dir='ltr' id='par_1_22' title="bbox 502 1913 2072 1988">
     <span class='ocr_line' id='line_1_22' title="bbox 502 1913 2072 1988; baseline 0.004 -22"><span class='ocrx_word' id='word_1_144' title='bbox 502 1913 813 1969; x_wconf 89' lang='lat' dir='ltr'><strong>intellectus</strong></span> <span class='ocrx_word' id='word_1_145' title='bbox 831 1922 994 1984; x_wconf 90' lang='lat' dir='ltr'><strong>atque</strong></span> <span class='ocrx_word' id='word_1_146' title='bbox 1026 1915 1332 1978; x_wconf 88' lang='lat' dir='ltr'><strong>sententia,</strong></span> <span class='ocrx_word' id='word_1_147' title='bbox 1371 1929 1508 1984; x_wconf 88' lang='lat' dir='ltr'><strong>quas</strong></span> <span class='ocrx_word' id='word_1_148' title='bbox 1531 1916 1886 1971; x_wconf 83' lang='lat' dir='ltr'><strong>tractavimus</strong></span> <span class='ocrx_word' id='word_1_149' title='bbox 1908 1925 2072 1988; x_wconf 89' lang='lat' dir='ltr'><strong>atque</strong></span> 
     </span>
    </p>
   </div>
   <div class='ocr_carea' id='block_1_23' title="bbox 501 2007 2069 2071">
    <p class='ocr_par' dir='ltr' id='par_1_23' title="bbox 501 2007 2069 2071">
     <span class='ocr_line' id='line_1_23' title="bbox 501 2007 2069 2071; baseline 0.003 -10"><span class='ocrx_word' id='word_1_150' title='bbox 501 2007 734 2061; x_wconf 90' lang='lat' dir='ltr'><strong>scrutati</strong></span> <span class='ocrx_word' id='word_1_151' title='bbox 768 2022 980 2071; x_wconf 89' lang='lat' dir='ltr'><strong>sumus,</strong></span> <span class='ocrx_word' id='word_1_152' title='bbox 1013 2007 1288 2064; x_wconf 87' lang='lat' dir='ltr'><strong>memoria</strong></span> <span class='ocrx_word' id='word_1_153' title='bbox 1326 2008 1470 2063; x_wconf 84' lang='lat' dir='ltr'><strong>haud</strong></span> <span class='ocrx_word' id='word_1_154' title='bbox 1506 2007 1796 2064; x_wconf 76' lang='lat' dir='ltr'><strong>difﬁculter</strong></span> <span class='ocrx_word' id='word_1_155' title='bbox 1820 2009 2069 2066; x_wconf 88' lang='lat' dir='ltr'><strong>mandari</strong></span> 
     </span>
    </p>
   </div>
   <div class='ocr_carea' id='block_1_24' title="bbox 502 2097 2072 2170">
    <p class='ocr_par' dir='ltr' id='par_1_24' title="bbox 502 2097 2072 2170">
     <span class='ocr_line' id='line_1_24' title="bbox 502 2097 2072 2170; baseline 0.001 -16"><span class='ocrx_word' id='word_1_156' title='bbox 502 2099 736 2170; x_wconf 90' lang='lat' dir='ltr'><strong>possint.</strong></span> <span class='ocrx_word' id='word_1_157' title='bbox 767 2097 904 2153; x_wconf 90' lang='lat' dir='ltr'><strong>Nam</strong></span> <span class='ocrx_word' id='word_1_158' title='bbox 951 2099 1243 2154; x_wconf 87' lang='lat' dir='ltr'><strong>immatura</strong></span> <span class='ocrx_word' id='word_1_159' title='bbox 1269 2114 1419 2155; x_wconf 88' lang='lat' dir='ltr'><strong>mors</strong></span> <span class='ocrx_word' id='word_1_160' title='bbox 1467 2097 1760 2154; x_wconf 88' lang='lat' dir='ltr'><strong>infantium</strong></span> <span class='ocrx_word' id='word_1_161' title='bbox 1809 2115 1986 2170; x_wconf 88' lang='lat' dir='ltr'><strong>neque</strong></span> <span class='ocrx_word' id='word_1_162' title='bbox 2014 2102 2072 2156; x_wconf 91' lang='lat' dir='ltr'><strong>in</strong></span> 
     </span>
    </p>
   </div>
   <div class='ocr_carea' id='block_1_25' title="bbox 502 2192 2071 2262">
    <p class='ocr_par' dir='ltr' id='par_1_25' title="bbox 502 2192 2071 2262">
     <span class='ocr_line' id='line_1_25' title="bbox 502 2192 2071 2262; baseline 0.001 -15"><span class='ocrx_word' id='word_1_163' title='bbox 502 2193 787 2249; x_wconf 88' lang='lat' dir='ltr'><strong>doloribus</strong></span> <span class='ocrx_word' id='word_1_164' title='bbox 808 2208 873 2248; x_wconf 92' lang='lat' dir='ltr'><strong>ac</strong></span> <span class='ocrx_word' id='word_1_165' title='bbox 897 2193 1305 2255; x_wconf 54' lang='lat' dir='ltr'><strong>mmstitimesse</strong></span> <span class='ocrx_word' id='word_1_166' title='bbox 1327 2207 1450 2248; x_wconf 90' lang='lat' dir='ltr'><strong>eum</strong></span> <span class='ocrx_word' id='word_1_167' title='bbox 1479 2192 1572 2262; x_wconf 88' lang='lat' dir='ltr'><strong>qui</strong></span> <span class='ocrx_word' id='word_1_168' title='bbox 1593 2192 1674 2249; x_wconf 91' lang='lat' dir='ltr'><strong>sic</strong></span> <span class='ocrx_word' id='word_1_169' title='bbox 1690 2193 1873 2249; x_wconf 87' lang='lat' dir='ltr'><strong>vivere</strong></span> <span class='ocrx_word' id='word_1_170' title='bbox 1887 2193 2071 2259; x_wconf 86' lang='lat' dir='ltr'><strong>desiit,</strong></span> 
     </span>
    </p>
   </div>
   <div class='ocr_carea' id='block_1_26' title="bbox 501 2284 2071 2357">
    <p class='ocr_par' dir='ltr' id='par_1_26' title="bbox 501 2284 2071 2357">
     <span class='ocr_line' id='line_1_26' title="bbox 501 2284 2071 2357; baseline 0.002 -19"><span class='ocrx_word' id='word_1_171' title='bbox 501 2284 913 2355; x_wconf 87' lang='lat' dir='ltr'><strong>intelligendum</strong></span> <span class='ocrx_word' id='word_1_172' title='bbox 946 2299 1070 2340; x_wconf 90' lang='lat' dir='ltr'><strong>esse</strong></span> <span class='ocrx_word' id='word_1_173' title='bbox 1116 2284 1276 2340; x_wconf 88' lang='lat' dir='ltr'><strong>nobis</strong></span> <span class='ocrx_word' id='word_1_174' title='bbox 1313 2286 1577 2356; x_wconf 87' lang='lat' dir='ltr'><strong>suggerit,</strong></span> <span class='ocrx_word' id='word_1_175' title='bbox 1614 2300 1790 2355; x_wconf 88' lang='lat' dir='ltr'><strong>neque</strong></span> <span class='ocrx_word' id='word_1_176' title='bbox 1839 2284 1897 2340; x_wconf 93' lang='lat' dir='ltr'><strong>in</strong></span> <span class='ocrx_word' id='word_1_177' title='bbox 1953 2287 2071 2357; x_wconf 90' lang='lat' dir='ltr'><strong>pari</strong></span> 
     </span>
    </p>
   </div>
   <div class='ocr_carea' id='block_1_27' title="bbox 501 2374 2071 2444">
    <p class='ocr_par' dir='ltr' id='par_1_27' title="bbox 501 2374 2071 2444">
     <span class='ocr_line' id='line_1_27' title="bbox 501 2374 2071 2444; baseline 0.001 -16"><span class='ocrx_word' id='word_1_178' title='bbox 501 2374 681 2444; x_wconf 88' lang='lat' dir='ltr'><strong>ipsum</strong></span> <span class='ocrx_word' id='word_1_179' title='bbox 711 2384 765 2430; x_wconf 91' lang='lat' dir='ltr'><strong>et</strong></span> <span class='ocrx_word' id='word_1_180' title='bbox 799 2375 989 2430; x_wconf 88' lang='lat' dir='ltr'><strong>eadem</strong></span> <span class='ocrx_word' id='word_1_181' title='bbox 1024 2375 1336 2429; x_wconf 90' lang='lat' dir='ltr'><strong>conditione</strong></span> <span class='ocrx_word' id='word_1_182' title='bbox 1379 2390 1443 2429; x_wconf 89' lang='lat' dir='ltr'><strong>ac</strong></span> <span class='ocrx_word' id='word_1_183' title='bbox 1497 2382 1646 2431; x_wconf 89' lang='lat' dir='ltr'><strong>sorte</strong></span> <span class='ocrx_word' id='word_1_184' title='bbox 1695 2375 1902 2431; x_wconf 85' lang='lat' dir='ltr'><strong>versari</strong></span> <span class='ocrx_word' id='word_1_185' title='bbox 1946 2390 2071 2430; x_wconf 89' lang='lat' dir='ltr'><strong>cum</strong></span> 
     </span>
    </p>
   </div>
   <div class='ocr_carea' id='block_1_28' title="bbox 499 2464 2072 2535">
    <p class='ocr_par' dir='ltr' id='par_1_28' title="bbox 499 2464 2072 2535">
     <span class='ocr_line' id='line_1_28' title="bbox 499 2464 2072 2535; baseline 0.001 -16"><span class='ocrx_word' id='word_1_186' title='bbox 499 2464 572 2521; x_wconf 82' lang='lat' dir='ltr'><strong>iis</strong></span> <span class='ocrx_word' id='word_1_187' title='bbox 601 2464 693 2535; x_wconf 91' lang='lat' dir='ltr'><strong>qui</strong></span> <span class='ocrx_word' id='word_1_188' title='bbox 748 2479 845 2534; x_wconf 88' lang='lat' dir='ltr'><strong>per</strong></span> <span class='ocrx_word' id='word_1_189' title='bbox 879 2479 1097 2520; x_wconf 89' lang='lat' dir='ltr'><strong>omnem</strong></span> <span class='ocrx_word' id='word_1_190' title='bbox 1138 2465 1393 2519; x_wconf 85' lang='lat' dir='ltr'><strong>virtutem</strong></span> <span class='ocrx_word' id='word_1_191' title='bbox 1440 2465 1495 2519; x_wconf 90' lang='lat' dir='ltr'><strong>in</strong></span> <span class='ocrx_word' id='word_1_192' title='bbox 1544 2465 1650 2520; x_wconf 87' lang='lat' dir='ltr'><strong>hac</strong></span> <span class='ocrx_word' id='word_1_193' title='bbox 1700 2467 1809 2520; x_wconf 87' lang='lat' dir='ltr'><strong>vita</strong></span> <span class='ocrx_word' id='word_1_194' title='bbox 1858 2466 2072 2535; x_wconf 84' lang='lat' dir='ltr'><strong>purgati</strong></span> 
     </span>
    </p>
   </div>
   <div class='ocr_carea' id='block_1_29' title="bbox 500 2553 2073 2625">
    <p class='ocr_par' dir='ltr' id='par_1_29' title="bbox 500 2553 2073 2625">
     <span class='ocr_line' id='line_1_29' title="bbox 500 2553 2073 2625; baseline -0.001 -16"><span class='ocrx_word' id='word_1_195' title='bbox 500 2563 667 2620; x_wconf 84' lang='lat' dir='ltr'><strong>sunt,</strong></span> <span class='ocrx_word' id='word_1_196' title='bbox 705 2554 1043 2625; x_wconf 89' lang='lat' dir='ltr'><strong>providentia</strong></span> <span class='ocrx_word' id='word_1_197' title='bbox 1096 2553 1306 2609; x_wconf 90' lang='lat' dir='ltr'><strong>meliori</strong></span> <span class='ocrx_word' id='word_1_198' title='bbox 1339 2554 1776 2624; x_wconf 80' lang='lat' dir='ltr'><strong>exsuperantiam</strong></span> <span class='ocrx_word' id='word_1_199' title='bbox 1819 2554 2073 2609; x_wconf 90' lang='lat' dir='ltr'><strong>vitiorum</strong></span> 
     </span>
    </p>
   </div>
   <div class='ocr_carea' id='block_1_30' title="bbox 498 2644 2073 2716">
    <p class='ocr_par' dir='ltr' id='par_1_30' title="bbox 498 2644 2073 2716">
     <span class='ocr_line' id='line_1_30' title="bbox 498 2644 2073 2716; baseline 0.001 -17"><span class='ocrx_word' id='word_1_200' title='bbox 498 2645 823 2716; x_wconf 85' lang='lat' dir='ltr'><strong>prohibente</strong></span> <span class='ocrx_word' id='word_1_201' title='bbox 853 2645 960 2702; x_wconf 85' lang='lat' dir='ltr'><strong>Deo</strong></span> <span class='ocrx_word' id='word_1_202' title='bbox 988 2646 1046 2702; x_wconf 91' lang='lat' dir='ltr'><strong>in</strong></span> <span class='ocrx_word' id='word_1_203' title='bbox 1079 2644 1145 2700; x_wconf 92' lang='lat' dir='ltr'><strong>iis</strong></span> <span class='ocrx_word' id='word_1_204' title='bbox 1165 2645 1260 2716; x_wconf 91' lang='lat' dir='ltr'><strong>qui</strong></span> <span class='ocrx_word' id='word_1_205' title='bbox 1293 2645 1367 2700; x_wconf 86' lang='lat' dir='ltr'><strong>ita</strong></span> <span class='ocrx_word' id='word_1_206' title='bbox 1404 2646 1603 2700; x_wconf 80' lang='lat' dir='ltr'><strong>victuri</strong></span> <span class='ocrx_word' id='word_1_207' title='bbox 1628 2644 1883 2702; x_wconf 82' lang='lat' dir='ltr'><strong>fuissent.</strong></span> <span class='ocrx_word' id='word_1_208' title='bbox 1917 2645 2073 2711; x_wconf 85' lang='lat' dir='ltr'><strong>Quod</strong></span> 
     </span>
    </p>
   </div>
   <div class='ocr_carea' id='block_1_31' title="bbox 500 2733 2076 2796">
    <p class='ocr_par' dir='ltr' id='par_1_31' title="bbox 500 2733 2076 2796">
     <span class='ocr_line' id='line_1_31' title="bbox 500 2733 2076 2796; baseline -0.001 -8"><span class='ocrx_word' id='word_1_209' title='bbox 500 2742 682 2789; x_wconf 85' lang='lat' dir='ltr'><strong>autem</strong></span> <span class='ocrx_word' id='word_1_210' title='bbox 717 2735 966 2788; x_wconf 86' lang='lat' dir='ltr'><strong>nonnulii</strong></span> <span class='ocrx_word' id='word_1_211' title='bbox 1028 2734 1296 2790; x_wconf 88' lang='lat' dir='ltr'><strong>malorum</strong></span> <span class='ocrx_word' id='word_1_212' title='bbox 1321 2733 1529 2789; x_wconf 91' lang='lat' dir='ltr'><strong>diutius</strong></span> <span class='ocrx_word' id='word_1_213' title='bbox 1561 2733 1772 2796; x_wconf 89' lang='lat' dir='ltr'><strong>vivunt,</strong></span> <span class='ocrx_word' id='word_1_214' title='bbox 1806 2733 1858 2787; x_wconf 92' lang='lat' dir='ltr'><strong>id</strong></span> <span class='ocrx_word' id='word_1_215' title='bbox 1895 2734 2076 2789; x_wconf 84' lang='lat' dir='ltr'><strong>reddi-</strong></span> 
     </span>
    </p>
   </div>
   <div class='ocr_carea' id='block_1_32' title="bbox 501 2824 2078 2897">
    <p class='ocr_par' dir='ltr' id='par_1_32' title="bbox 501 2824 2078 2897">
     <span class='ocr_line' id='line_1_32' title="bbox 501 2824 2078 2897; baseline 0.001 -19"><span class='ocrx_word' id='word_1_216' title='bbox 501 2835 614 2879; x_wconf 89' lang='lat' dir='ltr'><strong>tam</strong></span> <span class='ocrx_word' id='word_1_217' title='bbox 642 2827 969 2881; x_wconf 88' lang='lat' dir='ltr'><strong>seutentiam</strong></span> <span class='ocrx_word' id='word_1_218' title='bbox 1001 2839 1111 2880; x_wconf 92' lang='lat' dir='ltr'><strong>non</strong></span> <span class='ocrx_word' id='word_1_219' title='bbox 1143 2826 1433 2881; x_wconf 87' lang='lat' dir='ltr'><strong>subvertit.</strong></span> <span class='ocrx_word' id='word_1_220' title='bbox 1475 2824 1610 2881; x_wconf 85' lang='lat' dir='ltr'><strong>Nam</strong></span> <span class='ocrx_word' id='word_1_221' title='bbox 1646 2826 1700 2880; x_wconf 95' lang='lat' dir='ltr'><strong>in</strong></span> <span class='ocrx_word' id='word_1_222' title='bbox 1727 2826 1954 2897; x_wconf 85' lang='lat' dir='ltr'><strong>gratiam</strong></span> <span class='ocrx_word' id='word_1_223' title='bbox 1980 2839 2078 2897; x_wconf 85' lang='lat' dir='ltr'><strong>pa-</strong></span> 
     </span>
    </p>
   </div>
   <div class='ocr_carea' id='block_1_33' title="bbox 503 2917 2069 2988">
    <p class='ocr_par' dir='ltr' id='par_1_33' title="bbox 503 2917 2069 2988">
     <span class='ocr_line' id='line_1_33' title="bbox 503 2917 2069 2988; baseline 0.003 -18"><span class='ocrx_word' id='word_1_224' title='bbox 503 2924 721 2971; x_wconf 88' lang='lat' dir='ltr'><strong>rentum</strong></span> <span class='ocrx_word' id='word_1_225' title='bbox 756 2917 955 2972; x_wconf 83' lang='lat' dir='ltr'><strong>malum</strong></span> <span class='ocrx_word' id='word_1_226' title='bbox 1002 2918 1059 2972; x_wconf 93' lang='lat' dir='ltr'><strong>in</strong></span> <span class='ocrx_word' id='word_1_227' title='bbox 1091 2917 1199 2974; x_wconf 89' lang='lat' dir='ltr'><strong>illis</strong></span> <span class='ocrx_word' id='word_1_228' title='bbox 1245 2917 1538 2988; x_wconf 84' lang='lat' dir='ltr'><strong>impeditur</strong></span> <span class='ocrx_word' id='word_1_229' title='bbox 1584 2933 1651 2973; x_wconf 90' lang='lat' dir='ltr'><strong>ac</strong></span> <span class='ocrx_word' id='word_1_230' title='bbox 1688 2918 2012 2987; x_wconf 87' lang='lat' dir='ltr'><strong>prohibetur</strong></span> <span class='ocrx_word' id='word_1_231' title='bbox 2054 2936 2069 2974; x_wconf 90' lang='lat'><strong>:</strong></span> 
     </span>
    </p>
   </div>
   <div class='ocr_carea' id='block_1_34' title="bbox 2175 462 3755 537">
    <p class='ocr_par' dir='ltr' id='par_1_34' title="bbox 2175 462 3755 537">
     <span class='ocr_line' id='line_1_34' title="bbox 2175 462 3755 537; baseline -0.001 -21"><span class='ocrx_word' id='word_1_232' title='bbox 2175 463 2284 517; x_wconf 84' lang='grc' dir='ltr'><strong>τῶν</strong></span> <span class='ocrx_word' id='word_1_233' title='bbox 2315 467 2630 537; x_wconf 83' lang='grc' dir='ltr'>ἀνιωμένων</span> <span class='ocrx_word' id='word_1_234' title='bbox 2654 467 2886 533; x_wconf 82' lang='grc' dir='ltr'><strong>ὀδύναις,</strong></span> <span class='ocrx_word' id='word_1_235' title='bbox 2910 466 3024 522; x_wconf 87' lang='grc' dir='ltr'>ἀλλ’</span> <span class='ocrx_word' id='word_1_236' title='bbox 3051 465 3127 530; x_wconf 82' lang='grc' dir='ltr'>ὡς</span> <span class='ocrx_word' id='word_1_237' title='bbox 3143 464 3266 518; x_wconf 87' lang='grc' dir='ltr'>τότε</span> <span class='ocrx_word' id='word_1_238' title='bbox 3301 462 3536 534; x_wconf 71' lang='grc' dir='ltr'>μάλιστα</span> <span class='ocrx_word' id='word_1_239' title='bbox 3552 463 3755 533; x_wconf 83' lang='grc' dir='ltr'>γνωρί-</span> 
     </span>
    </p>
   </div>
   <div class='ocr_carea' id='block_1_35' title="bbox 2176 553 3757 630">
    <p class='ocr_par' dir='ltr' id='par_1_35' title="bbox 2176 553 3757 630">
     <span class='ocr_line' id='line_1_35' title="bbox 2176 553 3757 630; baseline -0.009 -10"><span class='ocrx_word' id='word_1_240' title='bbox 2176 554 2284 620; x_wconf 79' lang='grc' dir='ltr'>ξων</span> <span class='ocrx_word' id='word_1_241' title='bbox 2326 556 2388 610; x_wconf 77' lang='grc' dir='ltr'>τὸ</span> <span class='ocrx_word' id='word_1_242' title='bbox 2443 558 2503 624; x_wconf 76' lang='grc' dir='ltr'>ἐξ</span> <span class='ocrx_word' id='word_1_243' title='bbox 2543 559 2744 630; x_wconf 81' lang='grc' dir='ltr'>ἀρετῆς</span> <span class='ocrx_word' id='word_1_244' title='bbox 2775 560 2889 621; x_wconf 84' lang='grc' dir='ltr'>τοῖς</span> <span class='ocrx_word' id='word_1_245' title='bbox 2937 556 3108 622; x_wconf 79' lang='grc' dir='ltr'>ἀξίοις</span> <span class='ocrx_word' id='word_1_246' title='bbox 3149 553 3607 627; x_wconf 85' lang='grc' dir='ltr'>παραγινόμενον.</span> <span class='ocrx_word' id='word_1_247' title='bbox 3651 554 3757 625; x_wconf 84' lang='grc' dir='ltr'><strong>Ση-</strong></span> 
     </span>
    </p>
   </div>
   <div class='ocr_carea' id='block_1_36' title="bbox 2178 645 3755 721">
    <p class='ocr_par' dir='ltr' id='par_1_36' title="bbox 2178 645 3755 721">
     <span class='ocr_line' id='line_1_36' title="bbox 2178 645 3755 721; baseline -0.001 -22"><span class='ocrx_word' id='word_1_248' title='bbox 2178 648 2355 718; x_wconf 83' lang='grc' dir='ltr'>μαίνει</span> <span class='ocrx_word' id='word_1_249' title='bbox 2379 649 2490 719; x_wconf 87' lang='grc' dir='ltr'><strong>γάρ</strong></span> <span class='ocrx_word' id='word_1_250' title='bbox 2503 650 2591 703; x_wconf 85' lang='grc' dir='ltr'>διὰ</span> <span class='ocrx_word' id='word_1_251' title='bbox 2605 650 2714 703; x_wconf 87' lang='grc' dir='ltr'><strong>τῶν</strong></span> <span class='ocrx_word' id='word_1_252' title='bbox 2747 650 3070 721; x_wconf 78' lang='grc' dir='ltr'><strong>εἰρημένων,</strong></span> <span class='ocrx_word' id='word_1_253' title='bbox 3103 648 3186 702; x_wconf 82' lang='grc' dir='ltr'>ὅτι</span> <span class='ocrx_word' id='word_1_254' title='bbox 3213 645 3496 719; x_wconf 83' lang='grc' dir='ltr'><strong>προσθήκη</strong></span> <span class='ocrx_word' id='word_1_255' title='bbox 3529 645 3629 716; x_wconf 74' lang='grc' dir='ltr'>τῆς</span> <span class='ocrx_word' id='word_1_256' title='bbox 3658 646 3755 699; x_wconf 87' lang='grc' dir='ltr'><strong>εὐ-</strong></span> 
     </span>
    </p>
   </div>
   <div class='ocr_carea' id='block_1_37' title="bbox 2175 735 3753 809">
    <p class='ocr_par' dir='ltr' id='par_1_37' title="bbox 2175 735 3753 809">
     <span class='ocr_line' id='line_1_37' title="bbox 2175 735 3753 809; baseline -0.002 -19"><span class='ocrx_word' id='word_1_257' title='bbox 2175 737 2446 808; x_wconf 86' lang='grc' dir='ltr'>φροσύνης</span> <span class='ocrx_word' id='word_1_258' title='bbox 2472 738 2566 793; x_wconf 76' lang='grc' dir='ltr'>καὶ</span> <span class='ocrx_word' id='word_1_259' title='bbox 2598 739 2849 803; x_wconf 76' lang='grc' dir='ltr'><strong>ἐπίτασις</strong></span> <span class='ocrx_word' id='word_1_260' title='bbox 2892 741 3007 803; x_wconf 84' lang='grc' dir='ltr'>τοῖς</span> <span class='ocrx_word' id='word_1_261' title='bbox 3034 737 3310 809; x_wconf 82' lang='grc' dir='ltr'>ὲναρὲτοις</span> <span class='ocrx_word' id='word_1_262' title='bbox 3342 737 3547 806; x_wconf 86' lang='grc' dir='ltr'>γίνεται</span> <span class='ocrx_word' id='word_1_263' title='bbox 3574 739 3610 806; x_wconf 83' lang='grc' dir='ltr'><strong>ἡ</strong></span> <span class='ocrx_word' id='word_1_264' title='bbox 3638 735 3753 789; x_wconf 90' lang='grc' dir='ltr'><strong>τῶν</strong></span> 
     </span>
    </p>
   </div>
   <div class='ocr_carea' id='block_1_38' title="bbox 2174 827 3754 903">
    <p class='ocr_par' dir='ltr' id='par_1_38' title="bbox 2174 827 3754 903">
     <span class='ocr_line' id='line_1_38' title="bbox 2174 827 3754 903; baseline -0.001 -21"><span class='ocrx_word' id='word_1_265' title='bbox 2174 831 2427 884; x_wconf 72' lang='grc' dir='ltr'>ἐναντίων</span> <span class='ocrx_word' id='word_1_266' title='bbox 2476 831 2914 903; x_wconf 83' lang='grc' dir='ltr'>ἀντιπαράθεσις.</span> <span class='ocrx_word' id='word_1_267' title='bbox 2944 831 3016 884; x_wconf 85' lang='grc' dir='ltr'><strong>Τὸ</strong></span> <span class='ocrx_word' id='word_1_268' title='bbox 3057 831 3165 902; x_wconf 84' lang='grc' dir='ltr'><strong>γὰρ</strong></span> <span class='ocrx_word' id='word_1_269' title='bbox 3209 830 3408 896; x_wconf 70' lang='grc' dir='ltr'>εἰπεῖν,</span> <span class='ocrx_word' id='word_1_270' title='bbox 3460 829 3545 883; x_wconf 82' lang='grc' dir='ltr'>ὅτι</span> <span class='ocrx_word' id='word_1_271' title='bbox 3585 845 3606 880; x_wconf 77' lang='grc' dir='ltr'><strong>σ</strong></span> <span class='ocrx_word' id='word_1_272' title='bbox 3638 827 3754 892; x_wconf 82' lang='grc' dir='ltr'><strong>Τάς</strong></span> 
     </span>
    </p>
   </div>
   <div class='ocr_carea' id='block_1_39' title="bbox 2173 919 3749 994">
    <p class='ocr_par' dir='ltr' id='par_1_39' title="bbox 2173 919 3749 994">
     <span class='ocr_line' id='line_1_39' title="bbox 2173 919 3749 994; baseline 0.001 -23"><span class='ocrx_word' id='word_1_273' title='bbox 2173 922 2360 991; x_wconf 83' lang='grc' dir='ltr'>χεῖρας</span> <span class='ocrx_word' id='word_1_274' title='bbox 2409 922 2468 976; x_wconf 80' lang='grc' dir='ltr'>ὲν</span> <span class='ocrx_word' id='word_1_275' title='bbox 2515 922 2594 994; x_wconf 82' lang='grc' dir='ltr'><strong>τῷ</strong></span> <span class='ocrx_word' id='word_1_276' title='bbox 2643 923 2833 993; x_wconf 81' lang='grc' dir='ltr'>αἵματι</span> <span class='ocrx_word' id='word_1_277' title='bbox 2881 921 2977 975; x_wconf 83' lang='grc' dir='ltr'><strong>τοῦ</strong></span> <span class='ocrx_word' id='word_1_278' title='bbox 3037 919 3362 994; x_wconf 79' lang='grc' dir='ltr'>ἀμαρτωλοῢ</span> <span class='ocrx_word' id='word_1_279' title='bbox 3415 920 3683 984; x_wconf 84' lang='grc' dir='ltr'>νίπτεται,</span> <span class='ocrx_word' id='word_1_280' title='bbox 3726 938 3749 972; x_wconf 66' lang='grc' dir='ltr'><strong>ν</strong></span> 
     </span>
    </p>
   </div>
   <div class='ocr_carea' id='block_1_40' title="bbox 2172 1009 3756 1085">
    <p class='ocr_par' dir='ltr' id='par_1_40' title="bbox 2172 1009 3756 1085">
     <span class='ocr_line' id='line_1_40' title="bbox 2172 1009 3756 1085; baseline -0.002 -21"><span class='ocrx_word' id='word_1_281' title='bbox 2172 1011 2427 1083; x_wconf 79' lang='grc' dir='ltr'><strong>τοιαύτην</strong></span> <span class='ocrx_word' id='word_1_282' title='bbox 2457 1014 2753 1085; x_wconf 85' lang='grc' dir='ltr'>παρίστησι</span> <span class='ocrx_word' id='word_1_283' title='bbox 2767 1012 3134 1085; x_wconf 80' lang='grc' dir='ltr'>τὴνδιάνοιαν,</span> <span class='ocrx_word' id='word_1_284' title='bbox 3161 1012 3244 1066; x_wconf 85' lang='grc' dir='ltr'>ὅτι</span> <span class='ocrx_word' id='word_1_285' title='bbox 3267 1011 3330 1064; x_wconf 80' lang='grc' dir='ltr'>τὸ</span> <span class='ocrx_word' id='word_1_286' title='bbox 3352 1009 3756 1082; x_wconf 80' lang='grc' dir='ltr'>καθαιρόμενον</span> 
     </span>
    </p>
   </div>
   <div class='ocr_carea' id='block_1_41' title="bbox 2173 1099 3756 1176">
    <p class='ocr_par' dir='ltr' id='par_1_41' title="bbox 2173 1099 3756 1176">
     <span class='ocr_line' id='line_1_41' title="bbox 2173 1099 3756 1176; baseline -0.004 -19"><span class='ocrx_word' id='word_1_287' title='bbox 2173 1103 2337 1157; x_wconf 82' lang='grc' dir='ltr'>αὐτοῦ</span> <span class='ocrx_word' id='word_1_288' title='bbox 2366 1105 2466 1176; x_wconf 84' lang='grc' dir='ltr'>τῆς</span> <span class='ocrx_word' id='word_1_289' title='bbox 2499 1106 2641 1159; x_wconf 85' lang='grc' dir='ltr'>κατὰ</span> <span class='ocrx_word' id='word_1_290' title='bbox 2662 1105 2760 1176; x_wconf 82' lang='grc' dir='ltr'>τὴν</span> <span class='ocrx_word' id='word_1_291' title='bbox 2789 1102 2933 1175; x_wconf 80' lang='grc' dir='ltr'>ζωὴν</span> <span class='ocrx_word' id='word_1_292' title='bbox 2972 1102 3271 1175; x_wconf 75' lang='grc' dir='ltr'>ἐνεργείας,</span> <span class='ocrx_word' id='word_1_293' title='bbox 3315 1103 3372 1155; x_wconf 81' lang='grc' dir='ltr'>ὲν</span> <span class='ocrx_word' id='word_1_294' title='bbox 3399 1103 3468 1173; x_wconf 76' lang='grc' dir='ltr'>τῇ</span> <span class='ocrx_word' id='word_1_295' title='bbox 3503 1099 3756 1170; x_wconf 76' lang='grc' dir='ltr'>ἀπωλείᾳ</span> 
     </span>
    </p>
   </div>
   <div class='ocr_carea' id='block_1_42' title="bbox 2172 1188 3755 1265">
    <p class='ocr_par' dir='ltr' id='par_1_42' title="bbox 2172 1188 3755 1265">
     <span class='ocr_line' id='line_1_42' title="bbox 2172 1188 3755 1265; baseline -0.003 -19"><span class='ocrx_word' id='word_1_296' title='bbox 2172 1193 2281 1247; x_wconf 88' lang='grc' dir='ltr'><strong>τῶν</strong></span> <span class='ocrx_word' id='word_1_297' title='bbox 2334 1195 2672 1265; x_wconf 79' lang='grc' dir='ltr'>ἁμαρτωλῶν</span> <span class='ocrx_word' id='word_1_298' title='bbox 2710 1193 3089 1248; x_wconf 82' lang='grc' dir='ltr'>διαδείκνυται.</span> <span class='ocrx_word' id='word_1_299' title='bbox 3132 1193 3196 1245; x_wconf 83' lang='grc' dir='ltr'><strong>Ἥ</strong></span> <span class='ocrx_word' id='word_1_300' title='bbox 3224 1192 3335 1261; x_wconf 85' lang='grc' dir='ltr'>γὰρ</span> <span class='ocrx_word' id='word_1_301' title='bbox 3360 1190 3457 1245; x_wconf 78' lang='grc' dir='ltr'>τοῦ</span> <span class='ocrx_word' id='word_1_302' title='bbox 3492 1188 3755 1260; x_wconf 74' lang='grc' dir='ltr'>νίψασθαι</span> 
     </span>
    </p>
   </div>
   <div class='ocr_carea' id='block_1_43' title="bbox 2172 1281 3755 1357">
    <p class='ocr_par' dir='ltr' id='par_1_43' title="bbox 2172 1281 3755 1357">
     <span class='ocr_line' id='line_1_43' title="bbox 2172 1281 3755 1357; baseline -0.003 -20"><span class='ocrx_word' id='word_1_303' title='bbox 2172 1283 2335 1351; x_wconf 77' lang='grc' dir='ltr'>λέξις,</span> <span class='ocrx_word' id='word_1_304' title='bbox 2371 1286 2741 1357; x_wconf 88' lang='grc' dir='ltr'>καθαρότητος</span> <span class='ocrx_word' id='word_1_305' title='bbox 2766 1284 3001 1356; x_wconf 76' lang='grc' dir='ltr'>ἔμφασιν</span> <span class='ocrx_word' id='word_1_306' title='bbox 3022 1283 3388 1355; x_wconf 87' lang='grc' dir='ltr'>διερμηνεύει.</span> <span class='ocrx_word' id='word_1_307' title='bbox 3434 1282 3520 1335; x_wconf 86' lang='grc' dir='ltr'>Ἑν</span> <span class='ocrx_word' id='word_1_308' title='bbox 3556 1281 3755 1350; x_wconf 76' lang='grc' dir='ltr'>αἵματι</span> 
     </span>
    </p>
   </div>
   <div class='ocr_carea' id='block_1_44' title="bbox 2171 1370 3754 1447">
    <p class='ocr_par' dir='ltr' id='par_1_44' title="bbox 2171 1370 3754 1447">
     <span class='ocr_line' id='line_1_44' title="bbox 2171 1370 3754 1447; baseline -0.004 -17"><span class='ocrx_word' id='word_1_309' title='bbox 2171 1377 2227 1431; x_wconf 81' lang='grc' dir='ltr'>δὲ</span> <span class='ocrx_word' id='word_1_310' title='bbox 2264 1378 2385 1447; x_wconf 81' lang='grc' dir='ltr'>οὐχὶ</span> <span class='ocrx_word' id='word_1_311' title='bbox 2413 1376 2657 1430; x_wconf 83' lang='grc' dir='ltr'>νίπτεταί</span> <span class='ocrx_word' id='word_1_312' title='bbox 2687 1393 2791 1442; x_wconf 85' lang='grc' dir='ltr'>τις,</span> <span class='ocrx_word' id='word_1_313' title='bbox 2820 1375 2956 1429; x_wconf 86' lang='grc' dir='ltr'><strong>ἀλλά</strong></span> <span class='ocrx_word' id='word_1_314' title='bbox 2981 1374 3265 1446; x_wconf 81' lang='grc' dir='ltr'>μολύνεται</span> <span class='ocrx_word' id='word_1_315' title='bbox 3292 1390 3307 1404; x_wconf 74' lang='grc' dir='ltr'><strong>ο</strong></span> <span class='ocrx_word' id='word_1_316' title='bbox 3331 1372 3473 1426; x_wconf 85' lang='grc' dir='ltr'>ὥστε</span> <span class='ocrx_word' id='word_1_317' title='bbox 3502 1371 3591 1426; x_wconf 87' lang='grc' dir='ltr'><strong>διά</strong></span> <span class='ocrx_word' id='word_1_318' title='bbox 3622 1370 3754 1424; x_wconf 80' lang='grc' dir='ltr'>τού-</span> 
     </span>
    </p>
   </div>
   <div class='ocr_carea' id='block_1_45' title="bbox 2171 1461 3757 1538">
    <p class='ocr_par' dir='ltr' id='par_1_45' title="bbox 2171 1461 3757 1538">
     <span class='ocr_line' id='line_1_45' title="bbox 2171 1461 3757 1538; baseline -0.005 -17"><span class='ocrx_word' id='word_1_319' title='bbox 2171 1485 2265 1521; x_wconf 87' lang='grc' dir='ltr'><strong>του</strong></span> <span class='ocrx_word' id='word_1_320' title='bbox 2295 1468 2453 1538; x_wconf 85' lang='grc' dir='ltr'>δῆλον</span> <span class='ocrx_word' id='word_1_321' title='bbox 2479 1466 2752 1535; x_wconf 81' lang='grc' dir='ltr'>γενέσθαι,</span> <span class='ocrx_word' id='word_1_322' title='bbox 2785 1467 2867 1520; x_wconf 83' lang='grc' dir='ltr'>ὅτι</span> <span class='ocrx_word' id='word_1_323' title='bbox 2897 1468 2930 1536; x_wconf 85' lang='grc' dir='ltr'>ή</span> <span class='ocrx_word' id='word_1_324' title='bbox 2954 1465 3062 1518; x_wconf 87' lang='grc' dir='ltr'><strong>τῶν</strong></span> <span class='ocrx_word' id='word_1_325' title='bbox 3102 1462 3570 1535; x_wconf 80' lang='grc' dir='ltr'>σκυθρωποτέρων</span> <span class='ocrx_word' id='word_1_326' title='bbox 3600 1461 3757 1514; x_wconf 84' lang='grc' dir='ltr'>ἀντι-</span> 
     </span>
    </p>
   </div>
   <div class='ocr_carea' id='block_1_46' title="bbox 2174 1552 3753 1630">
    <p class='ocr_par' dir='ltr' id='par_1_46' title="bbox 2174 1552 3753 1630">
     <span class='ocr_line' id='line_1_46' title="bbox 2174 1552 3753 1630; baseline -0.005 -18"><span class='ocrx_word' id='word_1_327' title='bbox 2174 1558 2472 1629; x_wconf 83' lang='grc' dir='ltr'>παράθεσις</span> <span class='ocrx_word' id='word_1_328' title='bbox 2506 1558 2606 1630; x_wconf 84' lang='grc' dir='ltr'><strong>τὴν</strong></span> <span class='ocrx_word' id='word_1_329' title='bbox 2652 1558 2751 1628; x_wconf 78' lang='grc' dir='ltr'>τῆς</span> <span class='ocrx_word' id='word_1_330' title='bbox 2792 1558 2996 1629; x_wconf 79' lang='grc' dir='ltr'>ἀρετῆς</span> <span class='ocrx_word' id='word_1_331' title='bbox 3041 1555 3419 1628; x_wconf 78' lang='grc' dir='ltr'>μακαριότητα</span> <span class='ocrx_word' id='word_1_332' title='bbox 3458 1552 3753 1607; x_wconf 78' lang='grc' dir='ltr'>δείκνυσιν.</span> 
     </span>
    </p>
   </div>
   <div class='ocr_carea' id='block_1_47' title="bbox 2175 1642 3755 1718">
    <p class='ocr_par' dir='ltr' id='par_1_47' title="bbox 2175 1642 3755 1718">
     <span class='ocr_line' id='line_1_47' title="bbox 2175 1642 3755 1718; baseline -0.005 -16"><span class='ocrx_word' id='word_1_333' title='bbox 2175 1650 2480 1704; x_wconf 82' lang='grc' dir='ltr'>Συναπτέον</span> <span class='ocrx_word' id='word_1_334' title='bbox 2537 1649 2715 1703; x_wconf 80' lang='grc' dir='ltr'>τοίνυν</span> <span class='ocrx_word' id='word_1_335' title='bbox 2764 1649 2856 1703; x_wconf 73' lang='grc' dir='ltr'><strong>ἐπὶ</strong></span> <span class='ocrx_word' id='word_1_336' title='bbox 2905 1647 3185 1718; x_wconf 79' lang='grc' dir='ltr'>κεφαλαίῳ</span> <span class='ocrx_word' id='word_1_337' title='bbox 3217 1646 3312 1699; x_wconf 86' lang='grc' dir='ltr'>τὸν</span> <span class='ocrx_word' id='word_1_338' title='bbox 3357 1645 3534 1713; x_wconf 88' lang='grc' dir='ltr'>λόγον,</span> <span class='ocrx_word' id='word_1_339' title='bbox 3568 1643 3644 1705; x_wconf 84' lang='grc' dir='ltr'><strong>ὡς</strong></span> <span class='ocrx_word' id='word_1_340' title='bbox 3681 1642 3755 1695; x_wconf 79' lang='grc' dir='ltr'>ἂν</span> 
     </span>
    </p>
   </div>
   <div class='ocr_carea' id='block_1_48' title="bbox 2174 1735 3754 1811">
    <p class='ocr_par' dir='ltr' id='par_1_48' title="bbox 2174 1735 3754 1811">
     <span class='ocr_line' id='line_1_48' title="bbox 2174 1735 3754 1811; baseline -0.003 -20"><span class='ocrx_word' id='word_1_341' title='bbox 2174 1739 2581 1811; x_wconf 84' lang='grc' dir='ltr'>εὐμνημόνευτα</span> <span class='ocrx_word' id='word_1_342' title='bbox 2630 1739 2837 1809; x_wconf 81' lang='grc' dir='ltr'>γένοιτο</span> <span class='ocrx_word' id='word_1_343' title='bbox 2881 1738 2950 1792; x_wconf 78' lang='grc' dir='ltr'>τὰ</span> <span class='ocrx_word' id='word_1_344' title='bbox 2990 1737 3332 1808; x_wconf 68' lang='grc' dir='ltr'>ἐξητασμένα</span> <span class='ocrx_word' id='word_1_345' title='bbox 3364 1739 3630 1808; x_wconf 84' lang='grc' dir='ltr'>νοήματα.</span> <span class='ocrx_word' id='word_1_346' title='bbox 3684 1735 3754 1786; x_wconf 82' lang='grc' dir='ltr'><strong>Ἠ</strong></span> 
     </span>
    </p>
   </div>
   <div class='ocr_carea' id='block_1_49' title="bbox 2174 1826 3755 1903">
    <p class='ocr_par' dir='ltr' id='par_1_49' title="bbox 2174 1826 3755 1903">
     <span class='ocr_line' id='line_1_49' title="bbox 2174 1826 3755 1903; baseline -0.004 -18"><span class='ocrx_word' id='word_1_347' title='bbox 2174 1831 2284 1902; x_wconf 77' lang='grc' dir='ltr'>γὰρ</span> <span class='ocrx_word' id='word_1_348' title='bbox 2342 1832 2518 1903; x_wconf 86' lang='grc' dir='ltr'>ἀωρος</span> <span class='ocrx_word' id='word_1_349' title='bbox 2564 1832 2788 1903; x_wconf 83' lang='grc' dir='ltr'>τελευτὴ</span> <span class='ocrx_word' id='word_1_350' title='bbox 2825 1829 2933 1884; x_wconf 88' lang='grc' dir='ltr'><strong>τῶν</strong></span> <span class='ocrx_word' id='word_1_351' title='bbox 2971 1829 3182 1900; x_wconf 85' lang='grc' dir='ltr'>νηπίων</span> <span class='ocrx_word' id='word_1_352' title='bbox 3218 1827 3342 1882; x_wconf 78' lang='grc' dir='ltr'>οὔτε</span> <span class='ocrx_word' id='word_1_353' title='bbox 3387 1830 3444 1882; x_wconf 86' lang='grc' dir='ltr'>ὲν</span> <span class='ocrx_word' id='word_1_354' title='bbox 3483 1826 3755 1896; x_wconf 75' lang='grc' dir='ltr'>ἀλγεινοῖς</span> 
     </span>
    </p>
   </div>
   <div class='ocr_carea' id='block_1_50' title="bbox 2176 1917 3756 1993">
    <p class='ocr_par' dir='ltr' id='par_1_50' title="bbox 2176 1917 3756 1993">
     <span class='ocr_line' id='line_1_50' title="bbox 2176 1917 3756 1993; baseline -0.005 -16"><span class='ocrx_word' id='word_1_355' title='bbox 2176 1920 2313 1977; x_wconf 75' lang='grc' dir='ltr'>εἶναι</span> <span class='ocrx_word' id='word_1_356' title='bbox 2350 1923 2443 1980; x_wconf 78' lang='grc' dir='ltr'>τὸν</span> <span class='ocrx_word' id='word_1_357' title='bbox 2475 1922 2616 1977; x_wconf 76' lang='grc' dir='ltr'>οὕτω</span> <span class='ocrx_word' id='word_1_358' title='bbox 2647 1922 2743 1993; x_wconf 80' lang='grc' dir='ltr'>τὴν</span> <span class='ocrx_word' id='word_1_359' title='bbox 2776 1921 2921 1993; x_wconf 78' lang='grc' dir='ltr'>ζωὴν</span> <span class='ocrx_word' id='word_1_360' title='bbox 2952 1920 3300 1991; x_wconf 80' lang='grc' dir='ltr'>παυσάμενον</span> <span class='ocrx_word' id='word_1_361' title='bbox 3330 1921 3470 1973; x_wconf 78' lang='grc' dir='ltr'>νοεῖν</span> <span class='ocrx_word' id='word_1_362' title='bbox 3498 1917 3756 1971; x_wconf 82' lang='grc' dir='ltr'>ὑποτίθε-</span> 
     </span>
    </p>
   </div>
   <div class='ocr_carea' id='block_1_51' title="bbox 2173 2008 3757 2083">
    <p class='ocr_par' dir='ltr' id='par_1_51' title="bbox 2173 2008 3757 2083">
     <span class='ocr_line' id='line_1_51' title="bbox 2173 2008 3757 2083; baseline -0.004 -15"><span class='ocrx_word' id='word_1_363' title='bbox 2173 2033 2284 2079; x_wconf 89' lang='grc' dir='ltr'>ται,</span> <span class='ocrx_word' id='word_1_364' title='bbox 2312 2013 2439 2068; x_wconf 75' lang='grc' dir='ltr'>οὔτε</span> <span class='ocrx_word' id='word_1_365' title='bbox 2470 2014 2611 2069; x_wconf 88' lang='grc' dir='ltr'><strong>κατά</strong></span> <span class='ocrx_word' id='word_1_366' title='bbox 2638 2014 2699 2068; x_wconf 83' lang='grc' dir='ltr'>τὸ</span> <span class='ocrx_word' id='word_1_367' title='bbox 2732 2016 2845 2069; x_wconf 75' lang='grc' dir='ltr'>ἴσον</span> <span class='ocrx_word' id='word_1_368' title='bbox 2896 2016 3008 2076; x_wconf 87' lang='grc' dir='ltr'>τοῖς</span> <span class='ocrx_word' id='word_1_369' title='bbox 3029 2013 3118 2066; x_wconf 83' lang='grc' dir='ltr'>διὰ</span> <span class='ocrx_word' id='word_1_370' title='bbox 3150 2012 3331 2082; x_wconf 82' lang='grc' dir='ltr'>πάσης</span> <span class='ocrx_word' id='word_1_371' title='bbox 3369 2010 3571 2083; x_wconf 82' lang='grc' dir='ltr'>ἀρετῆς</span> <span class='ocrx_word' id='word_1_372' title='bbox 3608 2008 3757 2063; x_wconf 85' lang='grc' dir='ltr'>κατὰ</span> 
     </span>
    </p>
   </div>
   <div class='ocr_carea' id='block_1_52' title="bbox 2173 2098 3751 2172">
    <p class='ocr_par' dir='ltr' id='par_1_52' title="bbox 2173 2098 3751 2172">
     <span class='ocr_line' id='line_1_52' title="bbox 2173 2098 3751 2172; baseline -0.003 -17"><span class='ocrx_word' id='word_1_373' title='bbox 2173 2103 2267 2156; x_wconf 84' lang='grc' dir='ltr'>τὸν</span> <span class='ocrx_word' id='word_1_374' title='bbox 2320 2102 2448 2172; x_wconf 79' lang='grc' dir='ltr'>τῇδε</span> <span class='ocrx_word' id='word_1_375' title='bbox 2502 2102 2615 2171; x_wconf 88' lang='grc' dir='ltr'>βίον</span> <span class='ocrx_word' id='word_1_376' title='bbox 2663 2102 3092 2172; x_wconf 86' lang='grc' dir='ltr'>κεκαθαρμένοις</span> <span class='ocrx_word' id='word_1_377' title='bbox 3153 2100 3381 2169; x_wconf 84' lang='grc' dir='ltr'>γίνεται,</span> <span class='ocrx_word' id='word_1_378' title='bbox 3435 2098 3751 2171; x_wconf 81' lang='grc' dir='ltr'>προμηθείᾳ</span> 
     </span>
    </p>
   </div>
   <div class='ocr_carea' id='block_1_53' title="bbox 2175 2189 3757 2265">
    <p class='ocr_par' dir='ltr' id='par_1_53' title="bbox 2175 2189 3757 2265">
     <span class='ocr_line' id='line_1_53' title="bbox 2175 2189 3757 2265; baseline -0.005 -17"><span class='ocrx_word' id='word_1_379' title='bbox 2175 2194 2443 2265; x_wconf 81' lang='grc' dir='ltr'>κρείττονι</span> <span class='ocrx_word' id='word_1_380' title='bbox 2469 2192 2563 2246; x_wconf 80' lang='grc' dir='ltr'>τοῦ</span> <span class='ocrx_word' id='word_1_381' title='bbox 2585 2191 2719 2246; x_wconf 88' lang='grc' dir='ltr'><strong>Θεοῦ</strong></span> <span class='ocrx_word' id='word_1_382' title='bbox 2749 2194 2850 2261; x_wconf 83' lang='grc' dir='ltr'>τὴν</span> <span class='ocrx_word' id='word_1_383' title='bbox 2877 2191 2985 2245; x_wconf 83' lang='grc' dir='ltr'><strong>τῶν</strong></span> <span class='ocrx_word' id='word_1_384' title='bbox 3017 2191 3201 2246; x_wconf 85' lang='grc' dir='ltr'>κακῶν</span> <span class='ocrx_word' id='word_1_385' title='bbox 3228 2190 3496 2262; x_wconf 77' lang='grc' dir='ltr'>ἀμετρίαν</span> <span class='ocrx_word' id='word_1_386' title='bbox 3525 2189 3757 2243; x_wconf 87' lang='grc' dir='ltr'>κωλύον-</span> 
     </span>
    </p>
   </div>
   <div class='ocr_carea' id='block_1_54' title="bbox 2174 2281 3748 2355">
    <p class='ocr_par' dir='ltr' id='par_1_54' title="bbox 2174 2281 3748 2355">
     <span class='ocr_line' id='line_1_54' title="bbox 2174 2281 3748 2355; baseline -0.004 -15"><span class='ocrx_word' id='word_1_387' title='bbox 2174 2303 2266 2349; x_wconf 88' lang='grc' dir='ltr'><strong>τος</strong></span> <span class='ocrx_word' id='word_1_388' title='bbox 2294 2286 2388 2339; x_wconf 78' lang='grc' dir='ltr'><strong>ἐπὶ</strong></span> <span class='ocrx_word' id='word_1_389' title='bbox 2434 2285 2543 2338; x_wconf 87' lang='grc' dir='ltr'><strong>τῶν</strong></span> <span class='ocrx_word' id='word_1_390' title='bbox 2579 2284 2877 2355; x_wconf 88' lang='grc' dir='ltr'>μελλόντων</span> <span class='ocrx_word' id='word_1_391' title='bbox 2921 2282 3064 2337; x_wconf 77' lang='grc' dir='ltr'>οὕτω</span> <span class='ocrx_word' id='word_1_392' title='bbox 3098 2282 3411 2354; x_wconf 83' lang='grc' dir='ltr'>βιώσεσθαι.</span> <span class='ocrx_word' id='word_1_393' title='bbox 3438 2282 3512 2335; x_wconf 76' lang='lat' dir='ltr'><strong>Th</strong></span> <span class='ocrx_word' id='word_1_394' title='bbox 3541 2281 3599 2334; x_wconf 87' lang='grc' dir='ltr'>δὲ</span> <span class='ocrx_word' id='word_1_395' title='bbox 3631 2282 3748 2334; x_wconf 80' lang='grc' dir='ltr'>ὲπι-</span> 
     </span>
    </p>
   </div>
   <div class='ocr_carea' id='block_1_55' title="bbox 2177 2371 3757 2445">
    <p class='ocr_par' dir='ltr' id='par_1_55' title="bbox 2177 2371 3757 2445">
     <span class='ocr_line' id='line_1_55' title="bbox 2177 2371 3757 2445; baseline -0.003 -16"><span class='ocrx_word' id='word_1_396' title='bbox 2177 2376 2365 2430; x_wconf 80' lang='grc' dir='ltr'>ϐιῶναί</span> <span class='ocrx_word' id='word_1_397' title='bbox 2393 2392 2544 2440; x_wconf 87' lang='grc' dir='ltr'>τινας</span> <span class='ocrx_word' id='word_1_398' title='bbox 2577 2376 2686 2429; x_wconf 89' lang='grc' dir='ltr'><strong>τῶν</strong></span> <span class='ocrx_word' id='word_1_399' title='bbox 2725 2373 2932 2437; x_wconf 85' lang='grc' dir='ltr'>κακῶν,</span> <span class='ocrx_word' id='word_1_400' title='bbox 2965 2374 3066 2426; x_wconf 82' lang='grc' dir='ltr'>οὐκ</span> <span class='ocrx_word' id='word_1_401' title='bbox 3096 2373 3389 2445; x_wconf 83' lang='grc' dir='ltr'>ἀνατρέπει</span> <span class='ocrx_word' id='word_1_402' title='bbox 3425 2372 3525 2443; x_wconf 82' lang='grc' dir='ltr'>τὴν</span> <span class='ocrx_word' id='word_1_403' title='bbox 3561 2371 3757 2425; x_wconf 83' lang='grc' dir='ltr'>ἀποδο-</span> 
     </span>
    </p>
   </div>
   <div class='ocr_carea' id='block_1_56' title="bbox 2177 2461 3757 2537">
    <p class='ocr_par' dir='ltr' id='par_1_56' title="bbox 2177 2461 3757 2537">
     <span class='ocr_line' id='line_1_56' title="bbox 2177 2461 3757 2537; baseline -0.004 -16"><span class='ocrx_word' id='word_1_404' title='bbox 2177 2465 2364 2522; x_wconf 87' lang='grc' dir='ltr'>θεῖσαν</span> <span class='ocrx_word' id='word_1_405' title='bbox 2417 2467 2677 2521; x_wconf 86' lang='grc' dir='ltr'>διάνοιαν.</span> <span class='ocrx_word' id='word_1_406' title='bbox 2713 2466 2793 2537; x_wconf 60' lang='grc' dir='ltr'><strong>Ἰξῇ</strong></span> <span class='ocrx_word' id='word_1_407' title='bbox 2829 2464 2939 2537; x_wconf 85' lang='grc' dir='ltr'>γὰρ</span> <span class='ocrx_word' id='word_1_408' title='bbox 2972 2463 3112 2535; x_wconf 81' lang='grc' dir='ltr'>πρὸς</span> <span class='ocrx_word' id='word_1_409' title='bbox 3157 2465 3283 2527; x_wconf 79' lang='grc' dir='ltr'>τοὺς</span> <span class='ocrx_word' id='word_1_410' title='bbox 3322 2461 3757 2533; x_wconf 83' lang='grc' dir='ltr'>γεννησαμένους</span> 
     </span>
    </p>
   </div>
   <div class='ocr_carea' id='block_1_57' title="bbox 2175 2534 3758 2632">
    <p class='ocr_par' dir='ltr' id='par_1_57' title="bbox 2175 2534 3758 2632">
     <span class='ocr_line' id='line_1_57' title="bbox 2175 2534 3758 2632; baseline -0.006 -18"><span class='ocrx_word' id='word_1_411' title='bbox 2175 2559 2358 2632; x_wconf 83' lang='grc' dir='ltr'>χάριτι</span> <span class='ocrx_word' id='word_1_412' title='bbox 2377 2558 2438 2613; x_wconf 89' lang='grc' dir='ltr'><strong>τδ</strong></span> <span class='ocrx_word' id='word_1_413' title='bbox 2468 2558 2636 2613; x_wconf 77' lang='grc' dir='ltr'>κακὸν</span> <span class='ocrx_word' id='word_1_414' title='bbox 2652 2534 2985 2611; x_wconf 45' lang='lat' dir='ltr'><strong>asinum</strong></span> <span class='ocrx_word' id='word_1_415' title='bbox 3012 2534 3350 2625; x_wconf 78' lang='grc' dir='ltr'>ἒνεποδίσθη·</span> <span class='ocrx_word' id='word_1_416' title='bbox 3369 2549 3451 2617; x_wconf 75' lang='grc' dir='ltr'><strong>οἷς</strong></span> <span class='ocrx_word' id='word_1_417' title='bbox 3474 2553 3532 2608; x_wconf 84' lang='grc' dir='ltr'>δὲ</span> <span class='ocrx_word' id='word_1_418' title='bbox 3556 2552 3658 2606; x_wconf 79' lang='grc' dir='ltr'>οὐκ</span> <span class='ocrx_word' id='word_1_419' title='bbox 3685 2547 3758 2622; x_wconf 78' lang='grc' dir='ltr'><strong>ἢν</strong></span> 
     </span>
    </p>
   </div>
   <div class='ocr_carea' id='block_1_58' title="bbox 2176 2642 3759 2721">
    <p class='ocr_par' dir='ltr' id='par_1_58' title="bbox 2176 2642 3759 2721">
     <span class='ocr_line' id='line_1_58' title="bbox 2176 2642 3759 2721; baseline -0.005 -18"><span class='ocrx_word' id='word_1_420' title='bbox 2176 2668 2259 2715; x_wconf 89' lang='grc' dir='ltr'><strong>τις</strong></span> <span class='ocrx_word' id='word_1_421' title='bbox 2284 2653 2348 2704; x_wconf 80' lang='grc' dir='ltr'>ἐκ</span> <span class='ocrx_word' id='word_1_422' title='bbox 2372 2650 2574 2720; x_wconf 81' lang='grc' dir='ltr'>γονέων</span> <span class='ocrx_word' id='word_1_423' title='bbox 2598 2648 2736 2721; x_wconf 78' lang='grc' dir='ltr'>πρὸς</span> <span class='ocrx_word' id='word_1_424' title='bbox 2765 2648 2857 2703; x_wconf 88' lang='grc' dir='ltr'>τὸν</span> <span class='ocrx_word' id='word_1_425' title='bbox 2903 2648 3035 2704; x_wconf 82' lang='grc' dir='ltr'>Θεὸν</span> <span class='ocrx_word' id='word_1_426' title='bbox 3080 2645 3383 2719; x_wconf 78' lang='grc' dir='ltr'>παρρησία,</span> <span class='ocrx_word' id='word_1_427' title='bbox 3410 2645 3530 2698; x_wconf 79' lang='grc' dir='ltr'>οὐδὲ</span> <span class='ocrx_word' id='word_1_428' title='bbox 3561 2645 3673 2706; x_wconf 82' lang='grc' dir='ltr'>τοῖς</span> <span class='ocrx_word' id='word_1_429' title='bbox 3692 2642 3759 2709; x_wconf 75' lang='grc' dir='ltr'>ἐξ</span> 
     </span>
    </p>
   </div>
   <div class='ocr_carea' id='block_1_59' title="bbox 2177 2732 3759 2812">
    <p class='ocr_par' dir='ltr' id='par_1_59' title="bbox 2177 2732 3759 2812">
     <span class='ocr_line' id='line_1_59' title="bbox 2177 2732 3759 2812; baseline -0.006 -15"><span class='ocrx_word' id='word_1_430' title='bbox 2177 2742 2401 2797; x_wconf 76' lang='grc' dir='ltr'>ἐκείνων</span> <span class='ocrx_word' id='word_1_431' title='bbox 2452 2741 2512 2795; x_wconf 85' lang='grc' dir='ltr'>τὸ</span> <span class='ocrx_word' id='word_1_432' title='bbox 2554 2741 2796 2795; x_wconf 83' lang='grc' dir='ltr'>τοιοῦτον</span> <span class='ocrx_word' id='word_1_433' title='bbox 2824 2741 2918 2795; x_wconf 71' lang='grc' dir='ltr'><strong>ἐπὶ</strong></span> <span class='ocrx_word' id='word_1_434' title='bbox 2962 2740 3061 2812; x_wconf 80' lang='grc' dir='ltr'>τῆς</span> <span class='ocrx_word' id='word_1_435' title='bbox 3092 2737 3411 2812; x_wconf 83' lang='grc' dir='ltr'>εὐεργεσίας</span> <span class='ocrx_word' id='word_1_436' title='bbox 3450 2732 3589 2799; x_wconf 78' lang='grc' dir='ltr'>εἶδος</span> <span class='ocrx_word' id='word_1_437' title='bbox 3616 2753 3759 2805; x_wconf 87' lang='grc' dir='ltr'>συμ-</span> 
     </span>
    </p>
   </div>
   <div class='ocr_carea' id='block_1_60' title="bbox 2177 2828 3759 2906">
    <p class='ocr_par' dir='ltr' id='par_1_60' title="bbox 2177 2828 3759 2906">
     <span class='ocr_line' id='line_1_60' title="bbox 2177 2828 3759 2906; baseline -0.006 -17"><span class='ocrx_word' id='word_1_438' title='bbox 2177 2833 2551 2906; x_wconf 79' lang='grc' dir='ltr'>παρεπὲμφθη</span> <span class='ocrx_word' id='word_1_439' title='bbox 2572 2850 2586 2865; x_wconf 80' lang='grc'><em>’</em></span> <span class='ocrx_word' id='word_1_440' title='bbox 2622 2833 2656 2904; x_wconf 85' lang='grc' dir='ltr'>ἢ</span> <span class='ocrx_word' id='word_1_441' title='bbox 2716 2831 2894 2903; x_wconf 85' lang='grc' dir='ltr'>πολλῷ</span> <span class='ocrx_word' id='word_1_442' title='bbox 2925 2831 3303 2903; x_wconf 83' lang='grc' dir='ltr'>χαλεπώτερος</span> <span class='ocrx_word' id='word_1_443' title='bbox 3322 2829 3431 2884; x_wconf 86' lang='grc' dir='ltr'><strong>τῶν</strong></span> <span class='ocrx_word' id='word_1_444' title='bbox 3463 2830 3557 2882; x_wconf 70' lang='grc' dir='ltr'><strong>ἐπὶ</strong></span> <span class='ocrx_word' id='word_1_445' title='bbox 3585 2828 3759 2898; x_wconf 85' lang='grc' dir='ltr'>κακίᾳ</span> 
     </span>
    </p>
   </div>
   <div class='ocr_carea' id='block_1_61' title="bbox 2176 2918 3759 2995">
    <p class='ocr_par' dir='ltr' id='par_1_61' title="bbox 2176 2918 3759 2995">
     <span class='ocr_line' id='line_1_61' title="bbox 2176 2918 3759 2995; baseline -0.004 -17"><span class='ocrx_word' id='word_1_446' title='bbox 2176 2924 2469 2995; x_wconf 87' lang='grc' dir='ltr'>γνωρίμων</span> <span class='ocrx_word' id='word_1_447' title='bbox 2496 2924 2525 2976; x_wconf 85' lang='grc' dir='ltr'>ὁ</span> <span class='ocrx_word' id='word_1_448' title='bbox 2558 2922 2819 2986; x_wconf 73' lang='grc' dir='ltr'>κωλυθεὶς</span> <span class='ocrx_word' id='word_1_449' title='bbox 2843 2922 2930 2976; x_wconf 87' lang='grc' dir='ltr'><strong>διά</strong></span> <span class='ocrx_word' id='word_1_450' title='bbox 2948 2922 3041 2975; x_wconf 78' lang='grc' dir='ltr'><strong>τοῦ</strong></span> <span class='ocrx_word' id='word_1_451' title='bbox 3060 2922 3287 2976; x_wconf 80' lang='grc' dir='ltr'>θανάτου</span> <span class='ocrx_word' id='word_1_452' title='bbox 3311 2919 3561 2991; x_wconf 82' lang='grc' dir='ltr'>γενέσθαι</span> <span class='ocrx_word' id='word_1_453' title='bbox 3585 2918 3759 2981; x_wconf 76' lang='grc' dir='ltr'>κακὸς</span> 
     </span>
    </p>
   </div>
   <div class='ocr_carea' id='block_1_62' title="bbox 504 3006 2074 3109">
    <p class='ocr_par' dir='ltr' id='par_1_62' title="bbox 504 3007 2074 3077">
     <span class='ocr_line' id='line_1_62' title="bbox 504 3007 2074 3077; baseline 0.001 -15"><span class='ocrx_word' id='word_1_454' title='bbox 504 3007 707 3076; x_wconf 87' lang='lat' dir='ltr'><strong>quibus</strong></span> <span class='ocrx_word' id='word_1_455' title='bbox 741 3014 919 3063; x_wconf 87' lang='lat' dir='ltr'><strong>autem</strong></span> <span class='ocrx_word' id='word_1_456' title='bbox 961 3007 1144 3062; x_wconf 89' lang='lat' dir='ltr'><strong>nullus</strong></span> <span class='ocrx_word' id='word_1_457' title='bbox 1175 3022 1205 3061; x_wconf 93' lang='lat' dir='ltr'><strong>a</strong></span> <span class='ocrx_word' id='word_1_458' title='bbox 1236 3007 1554 3077; x_wconf 87' lang='lat' dir='ltr'><strong>parentibus</strong></span> <span class='ocrx_word' id='word_1_459' title='bbox 1576 3007 1644 3061; x_wconf 91' lang='lat' dir='ltr'><strong>ad</strong></span> <span class='ocrx_word' id='word_1_460' title='bbox 1693 3007 1863 3063; x_wconf 89' lang='lat' dir='ltr'><strong>Deum</strong></span> <span class='ocrx_word' id='word_1_461' title='bbox 1894 3008 2074 3063; x_wconf 88' lang='lat' dir='ltr'><strong>aditus</strong></span> 
     </span>
    </p>
   </div>
   <div class='ocr_carea' id='block_1_63' title="bbox 2175 3006 3763 3109">
    <p class='ocr_par' dir='ltr' id='par_1_63' title="bbox 2179 3006 3763 3086">
     <span class='ocr_line' id='line_1_63' title="bbox 2179 3006 3763 3086; baseline -0.006 -16"><span class='ocrx_word' id='word_1_462' title='bbox 2179 3016 2353 3086; x_wconf 78' lang='grc' dir='ltr'>ἐφάνη</span> <span class='ocrx_word' id='word_1_463' title='bbox 2374 3015 2461 3077; x_wconf 83' lang='grc' dir='ltr'>ἂν,</span> <span class='ocrx_word' id='word_1_464' title='bbox 2492 3014 2650 3086; x_wconf 71' lang='grc' dir='ltr'>εἴπερ</span> <span class='ocrx_word' id='word_1_465' title='bbox 2686 3011 2964 3068; x_wconf 86' lang='grc' dir='ltr'>ἀκώλυτον</span> <span class='ocrx_word' id='word_1_466' title='bbox 3001 3011 3128 3083; x_wconf 75' lang='grc' dir='ltr'>ἔσχε</span> <span class='ocrx_word' id='word_1_467' title='bbox 3160 3012 3258 3084; x_wconf 83' lang='grc' dir='ltr'>τὴν</span> <span class='ocrx_word' id='word_1_468' title='bbox 3290 3009 3584 3081; x_wconf 86' lang='grc' dir='ltr'>πονηρίαν·</span> <span class='ocrx_word' id='word_1_469' title='bbox 3627 3009 3661 3080; x_wconf 79' lang='grc' dir='ltr'>ἢ</span> <span class='ocrx_word' id='word_1_470' title='bbox 3704 3006 3763 3060; x_wconf 76' lang='grc' dir='ltr'>εἴ</span> 
     </span>
    </p>
   </div>
   <div class='ocr_carea' id='block_1_64' title="bbox 502 3098 2072 3169">
    <p class='ocr_par' dir='ltr' id='par_1_64' title="bbox 502 3098 2072 3169">
     <span class='ocr_line' id='line_1_64' title="bbox 502 3098 2072 3169; baseline 0.002 -17"><span class='ocrx_word' id='word_1_471' title='bbox 502 3107 645 3161; x_wconf 86' lang='lat' dir='ltr'><strong>erat,</strong></span> <span class='ocrx_word' id='word_1_472' title='bbox 678 3114 748 3154; x_wconf 90' lang='lat' dir='ltr'><strong>nc</strong></span> <span class='ocrx_word' id='word_1_473' title='bbox 781 3100 846 3154; x_wconf 90' lang='lat' dir='ltr'><strong>ad</strong></span> <span class='ocrx_word' id='word_1_474' title='bbox 875 3114 970 3156; x_wconf 89' lang='lat' dir='ltr'><strong>eos</strong></span> <span class='ocrx_word' id='word_1_475' title='bbox 999 3098 1216 3166; x_wconf 88' lang='lat' dir='ltr'><strong>quidem</strong></span> <span class='ocrx_word' id='word_1_476' title='bbox 1245 3099 1340 3168; x_wconf 90' lang='lat' dir='ltr'><strong>qui</strong></span> <span class='ocrx_word' id='word_1_477' title='bbox 1370 3113 1434 3153; x_wconf 85' lang='lat' dir='ltr'><strong>ex</strong></span> <span class='ocrx_word' id='word_1_478' title='bbox 1469 3098 1605 3168; x_wconf 89' lang='lat' dir='ltr'><strong>ipsis</strong></span> <span class='ocrx_word' id='word_1_479' title='bbox 1634 3100 1888 3169; x_wconf 64' lang='lat' dir='ltr'><strong>prognati</strong></span> <span class='ocrx_word' id='word_1_480' title='bbox 1917 3108 2072 3167; x_wconf 91' lang='lat' dir='ltr'><strong>sunt,</strong></span> 
     </span>
    </p>
   </div>
   <div class='ocr_carea' id='block_1_65' title="bbox 504 3187 2076 3258">
    <p class='ocr_par' dir='ltr' id='par_1_65' title="bbox 504 3187 2076 3258">
     <span class='ocr_line' id='line_1_65' title="bbox 504 3187 2076 3258; baseline 0.002 -18"><span class='ocrx_word' id='word_1_481' title='bbox 504 3187 741 3257; x_wconf 87' lang='lat' dir='ltr'><strong>amplius</strong></span> <span class='ocrx_word' id='word_1_482' title='bbox 764 3188 1030 3258; x_wconf 89' lang='lat' dir='ltr'><strong>ejusmodi</strong></span> <span class='ocrx_word' id='word_1_483' title='bbox 1077 3187 1327 3243; x_wconf 87' lang='lat' dir='ltr'><strong>beneficii</strong></span> <span class='ocrx_word' id='word_1_484' title='bbox 1374 3202 1546 3258; x_wconf 88' lang='lat' dir='ltr'><strong>genus</strong></span> <span class='ocrx_word' id='word_1_485' title='bbox 1592 3202 1701 3242; x_wconf 87' lang='lat' dir='ltr'><strong>una</strong></span> <span class='ocrx_word' id='word_1_486' title='bbox 1745 3189 2076 3243; x_wconf 86' lang='lat' dir='ltr'><strong>transmitti-</strong></span> 
     </span>
    </p>
   </div>
   <div class='ocr_carea' id='block_1_66' title="bbox 503 3278 2073 3348">
    <p class='ocr_par' dir='ltr' id='par_1_66' title="bbox 503 3278 2073 3348">
     <span class='ocr_line' id='line_1_66' title="bbox 503 3278 2073 3348; baseline 0.002 -14"><span class='ocrx_word' id='word_1_487' title='bbox 503 3287 624 3346; x_wconf 86' lang='lat' dir='ltr'><strong>tur;</strong></span> <span class='ocrx_word' id='word_1_488' title='bbox 663 3289 758 3333; x_wconf 92' lang='lat' dir='ltr'><strong>aut</strong></span> <span class='ocrx_word' id='word_1_489' title='bbox 792 3280 964 3334; x_wconf 91' lang='lat' dir='ltr'><strong>multo</strong></span> <span class='ocrx_word' id='word_1_490' title='bbox 1001 3279 1196 3336; x_wconf 72' lang='lat' dir='ltr'><strong>savior</strong></span> <span class='ocrx_word' id='word_1_491' title='bbox 1216 3286 1271 3334; x_wconf 90' lang='lat' dir='ltr'><strong>et</strong></span> <span class='ocrx_word' id='word_1_492' title='bbox 1319 3279 1558 3334; x_wconf 88' lang='lat' dir='ltr'><strong>atrocior</strong></span> <span class='ocrx_word' id='word_1_493' title='bbox 1590 3278 1701 3334; x_wconf 90' lang='lat' dir='ltr'><strong>illis</strong></span> <span class='ocrx_word' id='word_1_494' title='bbox 1739 3279 1833 3348; x_wconf 91' lang='lat' dir='ltr'><strong>qui</strong></span> <span class='ocrx_word' id='word_1_495' title='bbox 1872 3280 1943 3335; x_wconf 89' lang='lat' dir='ltr'><strong>ob</strong></span> <span class='ocrx_word' id='word_1_496' title='bbox 1975 3295 2073 3337; x_wconf 87' lang='lat' dir='ltr'><strong>ne-</strong></span> 
     </span>
    </p>
   </div>
   <div class='ocr_carea' id='block_1_67' title="bbox 502 3368 2077 3443">
    <p class='ocr_par' dir='ltr' id='par_1_67' title="bbox 502 3368 2077 3443">
     <span class='ocr_line' id='line_1_67' title="bbox 502 3368 2077 3443; baseline -0.001 -17"><span class='ocrx_word' id='word_1_497' title='bbox 502 3373 731 3443; x_wconf 89' lang='lat' dir='ltr'><strong>quitiam</strong></span> <span class='ocrx_word' id='word_1_498' title='bbox 769 3371 980 3427; x_wconf 88' lang='lat' dir='ltr'><strong>nobiles</strong></span> <span class='ocrx_word' id='word_1_499' title='bbox 1027 3378 1178 3435; x_wconf 87' lang='lat' dir='ltr'><strong>sunt,</strong></span> <span class='ocrx_word' id='word_1_500' title='bbox 1216 3370 1365 3426; x_wconf 88' lang='lat' dir='ltr'><strong>visus</strong></span> <span class='ocrx_word' id='word_1_501' title='bbox 1395 3368 1591 3426; x_wconf 81' lang='lat' dir='ltr'><strong>fuisset</strong></span> <span class='ocrx_word' id='word_1_502' title='bbox 1618 3369 1665 3424; x_wconf 93' lang='lat' dir='ltr'><strong>is</strong></span> <span class='ocrx_word' id='word_1_503' title='bbox 1695 3369 1789 3438; x_wconf 90' lang='lat' dir='ltr'><strong>qui</strong></span> <span class='ocrx_word' id='word_1_504' title='bbox 1812 3384 1910 3439; x_wconf 90' lang='lat' dir='ltr'><strong>per</strong></span> <span class='ocrx_word' id='word_1_505' title='bbox 1928 3385 2077 3425; x_wconf 89' lang='lat' dir='ltr'><strong>mor-</strong></span> 
     </span>
    </p>
   </div>
   <div class='ocr_carea' id='block_1_68' title="bbox 501 3458 2075 3533">
    <p class='ocr_par' dir='ltr' id='par_1_68' title="bbox 501 3458 2075 3533">
     <span class='ocr_line' id='line_1_68' title="bbox 501 3458 2075 3533; baseline -0.003 -13"><span class='ocrx_word' id='word_1_506' title='bbox 501 3473 610 3520; x_wconf 80' lang='lat' dir='ltr'><strong>tem</strong></span> <span class='ocrx_word' id='word_1_507' title='bbox 640 3467 818 3521; x_wconf 88' lang='lat' dir='ltr'><strong>malus</strong></span> <span class='ocrx_word' id='word_1_508' title='bbox 865 3462 978 3519; x_wconf 85' lang='lat' dir='ltr'><strong>ﬁeri</strong></span> <span class='ocrx_word' id='word_1_509' title='bbox 1018 3461 1327 3533; x_wconf 87' lang='lat' dir='ltr'><strong>prohibitus</strong></span> <span class='ocrx_word' id='word_1_510' title='bbox 1369 3468 1476 3525; x_wconf 90' lang='lat' dir='ltr'><strong>est,</strong></span> <span class='ocrx_word' id='word_1_511' title='bbox 1526 3458 1792 3530; x_wconf 79' lang='lat' dir='ltr'><strong>siquidem</strong></span> <span class='ocrx_word' id='word_1_512' title='bbox 1824 3459 2075 3524; x_wconf 85' lang='lat' dir='ltr'><strong>liberam,</strong></span> 
     </span>
    </p>
   </div>
   <div class='ocr_carea' id='block_1_69' title="bbox 498 3548 2069 3627">
    <p class='ocr_par' dir='ltr' id='par_1_69' title="bbox 498 3548 2069 3627">
     <span class='ocr_line' id='line_1_69' title="bbox 498 3548 2069 3627; baseline -0.005 -14"><span class='ocrx_word' id='word_1_513' title='bbox 498 3556 828 3627; x_wconf 81' lang='lat' dir='ltr'><strong>expeditam,</strong></span> <span class='ocrx_word' id='word_1_514' title='bbox 859 3561 912 3611; x_wconf 92' lang='lat' dir='ltr'><strong>et</strong></span> <span class='ocrx_word' id='word_1_515' title='bbox 929 3569 1038 3611; x_wconf 90' lang='lat' dir='ltr'><strong>non</strong></span> <span class='ocrx_word' id='word_1_516' title='bbox 1069 3553 1391 3624; x_wconf 81' lang='lat' dir='ltr'><strong>praelusam</strong></span> <span class='ocrx_word' id='word_1_517' title='bbox 1424 3551 1723 3622; x_wconf 90' lang='lat' dir='ltr'><strong>nequitiam</strong></span> <span class='ocrx_word' id='word_1_518' title='bbox 1754 3548 2069 3607; x_wconf 88' lang='lat' dir='ltr'><strong>habuisset:</strong></span> 
     </span>
    </p>
   </div>
   <div class='ocr_carea' id='block_1_70' title="bbox 500 3641 2071 3719">
    <p class='ocr_par' dir='ltr' id='par_1_70' title="bbox 500 3641 2071 3719">
     <span class='ocr_line' id='line_1_70' title="bbox 500 3641 2071 3719; baseline -0.005 -17"><span class='ocrx_word' id='word_1_519' title='bbox 500 3655 595 3703; x_wconf 90' lang='lat' dir='ltr'><strong>aut</strong></span> <span class='ocrx_word' id='word_1_520' title='bbox 643 3647 688 3704; x_wconf 86' lang='lat' dir='ltr'><strong>si</strong></span> <span class='ocrx_word' id='word_1_521' title='bbox 735 3647 828 3719; x_wconf 87' lang='lat' dir='ltr'><strong>qui</strong></span> <span class='ocrx_word' id='word_1_522' title='bbox 873 3647 1034 3702; x_wconf 87' lang='lat' dir='ltr'><strong>etiam</strong></span> <span class='ocrx_word' id='word_1_523' title='bbox 1085 3644 1153 3699; x_wconf 92' lang='lat' dir='ltr'><strong>ad</strong></span> <span class='ocrx_word' id='word_1_524' title='bbox 1212 3658 1486 3701; x_wconf 86' lang='lat' dir='ltr'><strong>summum</strong></span> <span class='ocrx_word' id='word_1_525' title='bbox 1538 3641 1796 3713; x_wconf 83' lang='lat' dir='ltr'><strong>nequitia</strong></span> <span class='ocrx_word' id='word_1_526' title='bbox 1850 3641 2071 3697; x_wconf 88' lang='lat' dir='ltr'><strong>modum</strong></span> 
     </span>
    </p>
   </div>
   <div class='ocr_carea' id='block_1_71' title="bbox 500 3733 2072 3809">
    <p class='ocr_par' dir='ltr' id='par_1_71' title="bbox 500 3733 2072 3809">
     <span class='ocr_line' id='line_1_71' title="bbox 500 3733 2072 3809; baseline -0.004 -16"><span class='ocrx_word' id='word_1_527' title='bbox 500 3738 778 3809; x_wconf 82' lang='lat' dir='ltr'><strong>progressi</strong></span> <span class='ocrx_word' id='word_1_528' title='bbox 802 3747 952 3802; x_wconf 90' lang='lat' dir='ltr'><strong>sunt,</strong></span> <span class='ocrx_word' id='word_1_529' title='bbox 975 3737 1270 3807; x_wconf 87' lang='lat' dir='ltr'><strong>apostolica</strong></span> <span class='ocrx_word' id='word_1_530' title='bbox 1298 3735 1686 3804; x_wconf 90' lang='lat' dir='ltr'><strong>contemplatio</strong></span> <span class='ocrx_word' id='word_1_531' title='bbox 1707 3748 1843 3798; x_wconf 89' lang='lat' dir='ltr'><strong>rem,</strong></span> <span class='ocrx_word' id='word_1_532' title='bbox 1874 3733 1943 3790; x_wconf 90' lang='lat' dir='ltr'><strong>de</strong></span> <span class='ocrx_word' id='word_1_533' title='bbox 1962 3748 2072 3804; x_wconf 88' lang='lat' dir='ltr'><strong>qua</strong></span> 
     </span>
    </p>
   </div>
   <div class='ocr_carea' id='block_1_72' title="bbox 501 3825 2069 3898">
    <p class='ocr_par' dir='ltr' id='par_1_72' title="bbox 501 3825 2069 3898">
     <span class='ocr_line' id='line_1_72' title="bbox 501 3825 2069 3898; baseline -0.002 -16"><span class='ocrx_word' id='word_1_534' title='bbox 501 3830 823 3898; x_wconf 80' lang='lat' dir='ltr'><strong>quarimus,</strong></span> <span class='ocrx_word' id='word_1_535' title='bbox 846 3828 1184 3892; x_wconf 88' lang='lat' dir='ltr'><strong>consolatur,</strong></span> <span class='ocrx_word' id='word_1_536' title='bbox 1214 3827 1358 3896; x_wconf 86' lang='lat' dir='ltr'><strong>quod</strong></span> <span class='ocrx_word' id='word_1_537' title='bbox 1393 3826 1650 3880; x_wconf 88' lang='lat' dir='ltr'><strong>nimirum</strong></span> <span class='ocrx_word' id='word_1_538' title='bbox 1686 3825 1734 3880; x_wconf 88' lang='lat' dir='ltr'><strong>is</strong></span> <span class='ocrx_word' id='word_1_539' title='bbox 1760 3825 1853 3893; x_wconf 91' lang='lat' dir='ltr'><strong>qui</strong></span> <span class='ocrx_word' id='word_1_540' title='bbox 1885 3828 2069 3880; x_wconf 88' lang='lat' dir='ltr'><strong>omnia</strong></span> 
     </span>
    </p>
   </div>
   <div class='ocr_carea' id='block_1_73' title="bbox 502 3914 2071 3986">
    <p class='ocr_par' dir='ltr' id='par_1_73' title="bbox 502 3914 2071 3986">
     <span class='ocr_line' id='line_1_73' title="bbox 502 3914 2071 3986; baseline -0.001 -15"><span class='ocrx_word' id='word_1_541' title='bbox 502 3932 629 3971; x_wconf 91' lang='lat' dir='ltr'><strong>cum</strong></span> <span class='ocrx_word' id='word_1_542' title='bbox 668 3917 933 3986; x_wconf 87' lang='lat' dir='ltr'><strong>sapientia</strong></span> <span class='ocrx_word' id='word_1_543' title='bbox 962 3916 1111 3979; x_wconf 81' lang='lat' dir='ltr'><strong>facit,</strong></span> <span class='ocrx_word' id='word_1_544' title='bbox 1144 3917 1309 3971; x_wconf 87' lang='lat' dir='ltr'><strong>etiam</strong></span> <span class='ocrx_word' id='word_1_545' title='bbox 1349 3931 1449 3986; x_wconf 89' lang='lat' dir='ltr'><strong>per</strong></span> <span class='ocrx_word' id='word_1_546' title='bbox 1477 3914 1678 3969; x_wconf 89' lang='lat' dir='ltr'><strong>malum</strong></span> <span class='ocrx_word' id='word_1_547' title='bbox 1710 3914 1915 3985; x_wconf 89' lang='lat' dir='ltr'><strong>aliquid</strong></span> <span class='ocrx_word' id='word_1_548' title='bbox 1942 3915 2071 3970; x_wconf 88' lang='lat' dir='ltr'><strong>boni</strong></span> 
     </span>
    </p>
   </div>
   <div class='ocr_carea' id='block_1_74' title="bbox 502 4005 2070 4077">
    <p class='ocr_par' dir='ltr' id='par_1_74' title="bbox 502 4005 2070 4077">
     <span class='ocr_line' id='line_1_74' title="bbox 502 4005 2070 4077; baseline -0.001 -16"><span class='ocrx_word' id='word_1_549' title='bbox 502 4006 713 4062; x_wconf 80' lang='lat' dir='ltr'><strong>cﬂicere</strong></span> <span class='ocrx_word' id='word_1_550' title='bbox 739 4007 897 4061; x_wconf 83' lang='lat' dir='ltr'><strong>sciat.</strong></span> <span class='ocrx_word' id='word_1_551' title='bbox 936 4005 1092 4073; x_wconf 86' lang='lat' dir='ltr'><strong>Quod</strong></span> <span class='ocrx_word' id='word_1_552' title='bbox 1119 4007 1165 4061; x_wconf 90' lang='lat' dir='ltr'><strong>si</strong></span> <span class='ocrx_word' id='word_1_553' title='bbox 1196 4006 1322 4077; x_wconf 90' lang='lat' dir='ltr'><strong>quis</strong></span> <span class='ocrx_word' id='word_1_554' title='bbox 1345 4008 1509 4062; x_wconf 91' lang='lat' dir='ltr'><strong>etiam</strong></span> <span class='ocrx_word' id='word_1_555' title='bbox 1543 4006 1598 4061; x_wconf 93' lang='lat' dir='ltr'><strong>in</strong></span> <span class='ocrx_word' id='word_1_556' title='bbox 1630 4006 1877 4076; x_wconf 90' lang='lat' dir='ltr'><strong>nequitia</strong></span> <span class='ocrx_word' id='word_1_557' title='bbox 1904 4013 2070 4076; x_wconf 81' lang='lat' dir='ltr'><strong>atque</strong></span> 
     </span>
    </p>
   </div>
   <div class='ocr_carea' id='block_1_75' title="bbox 2175 3100 3758 3175">
    <p class='ocr_par' dir='ltr' id='par_1_75' title="bbox 2175 3100 3758 3175">
     <span class='ocr_line' id='line_1_75' title="bbox 2175 3100 3758 3175; baseline -0.006 -13"><span class='ocrx_word' id='word_1_558' title='bbox 2175 3124 2322 3173; x_wconf 86' lang='grc' dir='ltr'>τινες</span> <span class='ocrx_word' id='word_1_559' title='bbox 2373 3105 2468 3160; x_wconf 75' lang='grc' dir='ltr'>καὶ</span> <span class='ocrx_word' id='word_1_560' title='bbox 2522 3106 2601 3171; x_wconf 79' lang='grc' dir='ltr'>εἰς</span> <span class='ocrx_word' id='word_1_561' title='bbox 2649 3104 2711 3157; x_wconf 85' lang='grc' dir='ltr'>τὸ</span> <span class='ocrx_word' id='word_1_562' title='bbox 2747 3104 3047 3175; x_wconf 84' lang='grc' dir='ltr'>ἀκρότατον</span> <span class='ocrx_word' id='word_1_563' title='bbox 3092 3104 3191 3173; x_wconf 84' lang='grc' dir='ltr'>τῆς</span> <span class='ocrx_word' id='word_1_564' title='bbox 3250 3101 3515 3174; x_wconf 88' lang='grc' dir='ltr'>πονηρίας</span> <span class='ocrx_word' id='word_1_565' title='bbox 3558 3100 3758 3172; x_wconf 77' lang='grc' dir='ltr'>μέτρον</span> 
     </span>
    </p>
   </div>
   <div class='ocr_carea' id='block_1_76' title="bbox 2178 3193 3758 3268">
    <p class='ocr_par' dir='ltr' id='par_1_76' title="bbox 2178 3193 3758 3268">
     <span class='ocr_line' id='line_1_76' title="bbox 2178 3193 3758 3268; baseline -0.003 -18"><span class='ocrx_word' id='word_1_566' title='bbox 2178 3195 2664 3268; x_wconf 87' lang='grc' dir='ltr'>προσεληλύθασιν,</span> <span class='ocrx_word' id='word_1_567' title='bbox 2694 3195 3080 3267; x_wconf 83' lang='grc' dir='ltr'>ήάποστολικὴ</span> <span class='ocrx_word' id='word_1_568' title='bbox 3109 3195 3313 3266; x_wconf 88' lang='grc' dir='ltr'>θεωρία</span> <span class='ocrx_word' id='word_1_569' title='bbox 3352 3193 3758 3268; x_wconf 72' lang='grc' dir='ltr'>παραμυθεῖται</span> 
     </span>
    </p>
   </div>
   <div class='ocr_carea' id='block_1_77' title="bbox 2175 3281 3756 3359">
    <p class='ocr_par' dir='ltr' id='par_1_77' title="bbox 2175 3281 3756 3359">
     <span class='ocr_line' id='line_1_77' title="bbox 2175 3281 3756 3359; baseline -0.002 -18"><span class='ocrx_word' id='word_1_570' title='bbox 2175 3288 2237 3341; x_wconf 83' lang='grc' dir='ltr'>τὸ</span> <span class='ocrx_word' id='word_1_571' title='bbox 2268 3289 2507 3359; x_wconf 76' lang='grc' dir='ltr'>ζήτημα,</span> <span class='ocrx_word' id='word_1_572' title='bbox 2539 3286 2612 3349; x_wconf 84' lang='grc' dir='ltr'>ὡς</span> <span class='ocrx_word' id='word_1_573' title='bbox 2641 3286 2838 3350; x_wconf 77' lang='grc' dir='ltr'>εἰδότος</span> <span class='ocrx_word' id='word_1_574' title='bbox 2862 3286 2954 3340; x_wconf 82' lang='grc' dir='ltr'>τοῦ</span> <span class='ocrx_word' id='word_1_575' title='bbox 2988 3287 3168 3342; x_wconf 83' lang='grc' dir='ltr'>πάντα</span> <span class='ocrx_word' id='word_1_576' title='bbox 3198 3289 3255 3340; x_wconf 84' lang='grc' dir='ltr'>ὲν</span> <span class='ocrx_word' id='word_1_577' title='bbox 3281 3285 3443 3357; x_wconf 82' lang='grc' dir='ltr'>σοφίᾳ</span> <span class='ocrx_word' id='word_1_578' title='bbox 3476 3281 3756 3346; x_wconf 79' lang='grc' dir='ltr'>ποιοῦντος</span> 
     </span>
    </p>
   </div>
   <div class='ocr_carea' id='block_1_78' title="bbox 2177 3375 3802 3448">
    <p class='ocr_par' dir='ltr' id='par_1_78' title="bbox 2177 3375 3802 3448">
     <span class='ocr_line' id='line_1_78' title="bbox 2177 3375 3802 3448; baseline -0.004 -14"><span class='ocrx_word' id='word_1_579' title='bbox 2177 3382 2273 3435; x_wconf 67' lang='grc' dir='ltr'>καὶ</span> <span class='ocrx_word' id='word_1_580' title='bbox 2303 3380 2391 3434; x_wconf 77' lang='grc' dir='ltr'><strong>διὰ</strong></span> <span class='ocrx_word' id='word_1_581' title='bbox 2421 3379 2514 3432; x_wconf 81' lang='grc' dir='ltr'>τοῦ</span> <span class='ocrx_word' id='word_1_582' title='bbox 2579 3379 2752 3433; x_wconf 85' lang='grc' dir='ltr'>κακοῦ</span> <span class='ocrx_word' id='word_1_583' title='bbox 2805 3397 2859 3433; x_wconf 84' lang='grc' dir='ltr'><strong>τι</strong></span> <span class='ocrx_word' id='word_1_584' title='bbox 2902 3379 3010 3432; x_wconf 87' lang='grc' dir='ltr'><strong>τῶν</strong></span> <span class='ocrx_word' id='word_1_585' title='bbox 3037 3378 3259 3447; x_wconf 89' lang='grc' dir='ltr'>ἀγαθῶν</span> <span class='ocrx_word' id='word_1_586' title='bbox 3291 3375 3756 3448; x_wconf 81' lang='grc' dir='ltr'>κατεργάσασθαι.</span> <span class='ocrx_word' id='word_1_587' title='bbox 3795 3442 3802 3447; x_wconf 88' lang='lat'>_</span> 
     </span>
    </p>
   </div>
   <div class='ocr_carea' id='block_1_79' title="bbox 2178 3467 3760 3543">
    <p class='ocr_par' dir='ltr' id='par_1_79' title="bbox 2178 3467 3760 3543">
     <span class='ocr_line' id='line_1_79' title="bbox 2178 3467 3760 3543; baseline -0.006 -15"><span class='ocrx_word' id='word_1_588' title='bbox 2178 3475 2243 3528; x_wconf 79' lang='grc' dir='ltr'><strong>Εἰ</strong></span> <span class='ocrx_word' id='word_1_589' title='bbox 2268 3473 2325 3527; x_wconf 80' lang='grc' dir='ltr'><em>δέ</em></span> <span class='ocrx_word' id='word_1_590' title='bbox 2350 3491 2432 3536; x_wconf 87' lang='grc' dir='ltr'><strong>τις</strong></span> <span class='ocrx_word' id='word_1_591' title='bbox 2476 3474 2570 3526; x_wconf 63' lang='grc' dir='ltr'><strong>κα)⁴</strong></span> <span class='ocrx_word' id='word_1_592' title='bbox 2615 3473 2673 3526; x_wconf 82' lang='grc' dir='ltr'>ἐν</span> <span class='ocrx_word' id='word_1_593' title='bbox 2706 3472 2941 3542; x_wconf 80' lang='grc' dir='ltr'>πονηρίᾳ</span> <span class='ocrx_word' id='word_1_594' title='bbox 2969 3471 3028 3525; x_wconf 83' lang='grc' dir='ltr'>τὸ</span> <span class='ocrx_word' id='word_1_595' title='bbox 3057 3470 3225 3543; x_wconf 86' lang='grc' dir='ltr'>ἀκρον</span> <span class='ocrx_word' id='word_1_596' title='bbox 3260 3469 3393 3541; x_wconf 74' lang='grc' dir='ltr'>ἔχει,</span> <span class='ocrx_word' id='word_1_597' title='bbox 3431 3468 3524 3523; x_wconf 76' lang='grc' dir='ltr'>καὶ</span> <span class='ocrx_word' id='word_1_598' title='bbox 3551 3468 3637 3520; x_wconf 81' lang='grc' dir='ltr'><strong>ἐπ’</strong></span> <span class='ocrx_word' id='word_1_599' title='bbox 3663 3467 3760 3520; x_wconf 65' lang='grc' dir='ltr'><strong>οὕς</strong></span> 
     </span>
    </p>
   </div>
   <div class='ocr_carea' id='block_1_80' title="bbox 2177 3552 3762 3634">
    <p class='ocr_par' dir='ltr' id='par_1_80' title="bbox 2177 3552 3762 3634">
     <span class='ocr_line' id='line_1_80' title="bbox 2177 3552 3762 3634; baseline -0.007 -17"><span class='ocrx_word' id='word_1_600' title='bbox 2177 3562 2290 3617; x_wconf 69' lang='lat' dir='ltr'><strong>Sevi.</strong></span> <span class='ocrx_word' id='word_1_601' title='bbox 2314 3562 2587 3634; x_wconf 85' lang='grc' dir='ltr'>χρησίμῳ,</span> <span class='ocrx_word' id='word_1_602' title='bbox 2615 3563 2754 3615; x_wconf 78' lang='grc' dir='ltr'>κατὰ</span> <span class='ocrx_word' id='word_1_603' title='bbox 2774 3560 2835 3614; x_wconf 81' lang='grc' dir='ltr'>τὸ</span> <span class='ocrx_word' id='word_1_604' title='bbox 2871 3560 3033 3632; x_wconf 76' lang='grc' dir='ltr'>ῥηθὲν</span> <span class='ocrx_word' id='word_1_605' title='bbox 3070 3561 3201 3631; x_wconf 81' lang='grc' dir='ltr'>ἡμῖν</span> <span class='ocrx_word' id='word_1_606' title='bbox 3234 3557 3558 3627; x_wconf 84' lang='grc' dir='ltr'>ὑπόδειγμα,</span> <span class='ocrx_word' id='word_1_607' title='bbox 3600 3552 3762 3624; x_wconf 87' lang='grc' dir='ltr'><strong>παρά</strong></span> 
     </span>
    </p>
   </div>
   <div class='ocr_carea' id='block_1_81' title="bbox 2179 3645 3759 3727">
    <p class='ocr_par' dir='ltr' id='par_1_81' title="bbox 2179 3645 3759 3727">
     <span class='ocr_line' id='line_1_81' title="bbox 2179 3645 3759 3727; baseline -0.007 -19"><span class='ocrx_word' id='word_1_608' title='bbox 2179 3656 2278 3727; x_wconf 78' lang='grc' dir='ltr'>τῆς</span> <span class='ocrx_word' id='word_1_609' title='bbox 2308 3655 2403 3708; x_wconf 81' lang='grc' dir='ltr'>τοῦ</span> <span class='ocrx_word' id='word_1_610' title='bbox 2435 3655 2570 3707; x_wconf 85' lang='grc' dir='ltr'><strong>Θευῦ</strong></span> <span class='ocrx_word' id='word_1_611' title='bbox 2596 3655 2790 3724; x_wconf 80' lang='grc' dir='ltr'>τέχνης</span> <span class='ocrx_word' id='word_1_612' title='bbox 2818 3651 3251 3725; x_wconf 84' lang='grc' dir='ltr'>κατεχαλκεύθη,</span> <span class='ocrx_word' id='word_1_613' title='bbox 3273 3649 3431 3704; x_wconf 75' lang='grc' dir='ltr'>τοῦτο</span> <span class='ocrx_word' id='word_1_614' title='bbox 3468 3645 3759 3719; x_wconf 84' lang='grc' dir='ltr'>προσθήκη</span> 
     </span>
    </p>
   </div>
   <div class='ocr_carea' id='block_1_82' title="bbox 2179 3733 3760 3812">
    <p class='ocr_par' dir='ltr' id='par_1_82' title="bbox 2179 3733 3760 3812">
     <span class='ocr_line' id='line_1_82' title="bbox 2179 3733 3760 3812; baseline -0.004 -18"><span class='ocrx_word' id='word_1_615' title='bbox 2179 3743 2280 3812; x_wconf 82' lang='grc' dir='ltr'>τῆς</span> <span class='ocrx_word' id='word_1_616' title='bbox 2319 3741 2657 3811; x_wconf 73' lang='grc' dir='ltr'>εὐφροσύνης</span> <span class='ocrx_word' id='word_1_617' title='bbox 2696 3742 2805 3795; x_wconf 85' lang='grc' dir='ltr'><strong>τῶν</strong></span> <span class='ocrx_word' id='word_1_618' title='bbox 2842 3738 2900 3795; x_wconf 77' lang='grc' dir='ltr'>εὖ</span> <span class='ocrx_word' id='word_1_619' title='bbox 2945 3741 3282 3812; x_wconf 76' lang='grc' dir='ltr'>βεϐιωκότων</span> <span class='ocrx_word' id='word_1_620' title='bbox 3312 3739 3543 3808; x_wconf 86' lang='grc' dir='ltr'>γίνεται,</span> <span class='ocrx_word' id='word_1_621' title='bbox 3574 3733 3760 3798; x_wconf 86' lang='grc' dir='ltr'>καθὼς</span> 
     </span>
    </p>
   </div>
   <div class='ocr_carea' id='block_1_83' title="bbox 2176 3827 3759 3907">
    <p class='ocr_par' dir='ltr' id='par_1_83' title="bbox 2176 3827 3759 3907">
     <span class='ocr_line' id='line_1_83' title="bbox 2176 3827 3759 3907; baseline -0.008 -18"><span class='ocrx_word' id='word_1_622' title='bbox 2176 3837 2211 3907; x_wconf 78' lang='grc' dir='ltr'><strong>ἡ</strong></span> <span class='ocrx_word' id='word_1_623' title='bbox 2270 3835 2572 3906; x_wconf 86' lang='grc' dir='ltr'>προφητεία</span> <span class='ocrx_word' id='word_1_624' title='bbox 2628 3836 2768 3888; x_wconf 85' lang='grc' dir='ltr'>νοεῖν</span> <span class='ocrx_word' id='word_1_625' title='bbox 2827 3833 3159 3894; x_wconf 84' lang='grc' dir='ltr'>ὑποτίθεται,</span> <span class='ocrx_word' id='word_1_626' title='bbox 3189 3834 3326 3901; x_wconf 82' lang='grc' dir='ltr'>ὅπερ</span> <span class='ocrx_word' id='word_1_627' title='bbox 3373 3831 3434 3883; x_wconf 83' lang='grc' dir='ltr'>οὐ</span> <span class='ocrx_word' id='word_1_628' title='bbox 3469 3827 3662 3900; x_wconf 79' lang='grc' dir='ltr'>μικρὸν</span> <span class='ocrx_word' id='word_1_629' title='bbox 3696 3827 3759 3878; x_wconf 79' lang='grc' dir='ltr'>ἐν</span> 
     </span>
    </p>
   </div>
   <div class='ocr_carea' id='block_1_84' title="bbox 2177 3918 3760 3993">
    <p class='ocr_par' dir='ltr' id='par_1_84' title="bbox 2177 3918 3760 3993">
     <span class='ocr_line' id='line_1_84' title="bbox 2177 3918 3760 3993; baseline -0.005 -16"><span class='ocrx_word' id='word_1_630' title='bbox 2177 3924 2399 3991; x_wconf 80' lang='grc' dir='ltr'>ἀγαθοῖς</span> <span class='ocrx_word' id='word_1_631' title='bbox 2426 3922 2491 3976; x_wconf 84' lang='grc' dir='ltr'>ἄν</span> <span class='ocrx_word' id='word_1_632' title='bbox 2514 3940 2599 3987; x_wconf 84' lang='grc' dir='ltr'><strong>τις</strong></span> <span class='ocrx_word' id='word_1_633' title='bbox 2625 3923 2918 3985; x_wconf 68' lang='grc' dir='ltr'>λογίσαιτο,</span> <span class='ocrx_word' id='word_1_634' title='bbox 2966 3922 3083 3976; x_wconf 73' lang='grc' dir='ltr'>οὐδὲ</span> <span class='ocrx_word' id='word_1_635' title='bbox 3124 3923 3224 3993; x_wconf 72' lang='grc' dir='ltr'>τῆς</span> <span class='ocrx_word' id='word_1_636' title='bbox 3253 3921 3346 3975; x_wconf 77' lang='grc' dir='ltr'><strong>τοῦ</strong></span> <span class='ocrx_word' id='word_1_637' title='bbox 3378 3918 3515 3973; x_wconf 83' lang='grc' dir='ltr'>Θεοῦ</span> <span class='ocrx_word' id='word_1_638' title='bbox 3537 3932 3760 3988; x_wconf 61' lang='grc' dir='ltr'>προμηει</span> 
     </span>
    </p>
   </div>
   <div class='ocr_carea' id='block_1_85' title="bbox 2183 4007 2594 4073">
    <p class='ocr_par' dir='ltr' id='par_1_85' title="bbox 2183 4007 2594 4073">
     <span class='ocr_line' id='line_1_85' title="bbox 2183 4007 2594 4073; baseline 0.002 -12"><span class='ocrx_word' id='word_1_639' title='bbox 2183 4009 2334 4072; x_wconf 88' lang='grc' dir='ltr'>θείας</span> <span class='ocrx_word' id='word_1_640' title='bbox 2355 4007 2594 4073; x_wconf 72' lang='grc' dir='ltr'>ἀνάξιον.</span> 
     </span>
    </p>
   </div>
   <div class='ocr_carea' id='block_1_86' title="bbox 503 4098 3753 4171">
    <p class='ocr_par' dir='ltr' id='par_1_86' title="bbox 503 4098 3753 4171">
     <span class='ocr_line' id='line_1_86' title="bbox 503 4098 3753 4171; baseline -0.001 -17"><span class='ocrx_word' id='word_1_641' title='bbox 503 4098 853 4168; x_wconf 88' lang='lat' dir='ltr'><strong>improbitate</strong></span> <span class='ocrx_word' id='word_1_642' title='bbox 881 4098 1159 4169; x_wconf 86' lang='lat' dir='ltr'><strong>fastigium</strong></span> <span class='ocrx_word' id='word_1_643' title='bbox 1205 4116 1270 4155; x_wconf 88' lang='lat' dir='ltr'><strong>ac</strong></span> <span class='ocrx_word' id='word_1_644' title='bbox 1313 4100 1575 4156; x_wconf 88' lang='lat' dir='ltr'><strong>verticem</strong></span> <span class='ocrx_word' id='word_1_645' title='bbox 1627 4106 1796 4164; x_wconf 85' lang='lat' dir='ltr'><strong>tenet,</strong></span> <span class='ocrx_word' id='word_1_646' title='bbox 1839 4107 1893 4154; x_wconf 91' lang='lat' dir='ltr'><strong>et</strong></span> <span class='ocrx_word' id='word_1_647' title='bbox 1917 4098 2075 4168; x_wconf 83' lang='lat' dir='ltr'><strong>juxta</strong></span> <span class='ocrx_word' id='word_1_648' title='bbox 2113 4101 2445 4171; x_wconf 83' lang='lat' dir='ltr'><strong>pr0positam</strong></span> <span class='ocrx_word' id='word_1_649' title='bbox 2481 4116 2513 4154; x_wconf 91' lang='lat' dir='ltr'><strong>a</strong></span> <span class='ocrx_word' id='word_1_650' title='bbox 2547 4099 2704 4157; x_wconf 88' lang='lat' dir='ltr'><strong>nobis</strong></span> <span class='ocrx_word' id='word_1_651' title='bbox 2731 4101 3168 4167; x_wconf 90' lang='lat' dir='ltr'><strong>similitudinem,</strong></span> <span class='ocrx_word' id='word_1_652' title='bbox 3192 4102 3258 4157; x_wconf 92' lang='lat' dir='ltr'><strong>ad</strong></span> <span class='ocrx_word' id='word_1_653' title='bbox 3318 4100 3527 4155; x_wconf 90' lang='lat' dir='ltr'><strong>nullum</strong></span> <span class='ocrx_word' id='word_1_654' title='bbox 3591 4113 3753 4154; x_wconf 85' lang='lat' dir='ltr'><strong>usum</strong></span> 
     </span>
    </p>
   </div>
   <div class='ocr_carea' id='block_1_87' title="bbox 422 4190 3755 4265">
    <p class='ocr_par' dir='ltr' id='par_1_87' title="bbox 422 4190 3755 4265">
     <span class='ocr_line' id='line_1_87' title="bbox 422 4190 3755 4265; baseline 0 -20"><span class='ocrx_word' id='word_1_655' title='bbox 422 4261 426 4265; x_wconf 22' lang='grc' dir='ltr'>ι</span> <span class='ocrx_word' id='word_1_656' title='bbox 504 4192 574 4247; x_wconf 89' lang='lat' dir='ltr'><strong>ab</strong></span> <span class='ocrx_word' id='word_1_657' title='bbox 599 4198 715 4246; x_wconf 85' lang='lat' dir='ltr'><strong>arte</strong></span> <span class='ocrx_word' id='word_1_658' title='bbox 748 4190 838 4245; x_wconf 89' lang='lat' dir='ltr'><strong>Dei</strong></span> <span class='ocrx_word' id='word_1_659' title='bbox 884 4191 1183 4249; x_wconf 88' lang='lat' dir='ltr'><strong>fabricatus</strong></span> <span class='ocrx_word' id='word_1_660' title='bbox 1209 4201 1315 4259; x_wconf 89' lang='lat' dir='ltr'><strong>est,</strong></span> <span class='ocrx_word' id='word_1_661' title='bbox 1360 4194 1462 4249; x_wconf 89' lang='lat' dir='ltr'><strong>hoc</strong></span> <span class='ocrx_word' id='word_1_662' title='bbox 1508 4192 1710 4248; x_wconf 87' lang='lat' dir='ltr'><strong>latitia</strong></span> <span class='ocrx_word' id='word_1_663' title='bbox 1774 4207 1961 4248; x_wconf 86' lang='lat' dir='ltr'><strong>eorum</strong></span> <span class='ocrx_word' id='word_1_664' title='bbox 2009 4192 2106 4261; x_wconf 90' lang='lat' dir='ltr'><strong>qui</strong></span> <span class='ocrx_word' id='word_1_665' title='bbox 2144 4192 2283 4249; x_wconf 90' lang='lat' dir='ltr'><strong>bene</strong></span> <span class='ocrx_word' id='word_1_666' title='bbox 2335 4194 2590 4249; x_wconf 84' lang='lat' dir='ltr'><strong>vixerunt</strong></span> <span class='ocrx_word' id='word_1_667' title='bbox 2623 4195 2893 4264; x_wconf 80' lang='lat' dir='ltr'><strong>appendix</strong></span> <span class='ocrx_word' id='word_1_668' title='bbox 2927 4203 2981 4251; x_wconf 92' lang='lat' dir='ltr'><strong>et</strong></span> <span class='ocrx_word' id='word_1_669' title='bbox 3017 4195 3442 4251; x_wconf 88' lang='lat' dir='ltr'><strong>additamentum</strong></span> <span class='ocrx_word' id='word_1_670' title='bbox 3512 4190 3755 4255; x_wconf 80' lang='lat' dir='ltr'><strong>exsistit,</strong></span> 
     </span>
    </p>
   </div>
   <div class='ocr_carea' id='block_1_88' title="bbox 500 4287 3757 4362">
    <p class='ocr_par' dir='ltr' id='par_1_88' title="bbox 500 4287 3757 4362">
     <span class='ocr_line' id='line_1_88' title="bbox 500 4287 3757 4362; baseline 0 -21"><span class='ocrx_word' id='word_1_671' title='bbox 500 4288 958 4359; x_wconf 89' lang='lat' dir='ltr'><strong>quemadmodum</strong></span> <span class='ocrx_word' id='word_1_672' title='bbox 1025 4290 1310 4360; x_wconf 86' lang='lat' dir='ltr'><strong>prophetia</strong></span> <span class='ocrx_word' id='word_1_673' title='bbox 1360 4289 1772 4362; x_wconf 84' lang='lat' dir='ltr'><strong>intelligendum</strong></span> <span class='ocrx_word' id='word_1_674' title='bbox 1818 4290 2096 4361; x_wconf 91' lang='lat' dir='ltr'><strong>proponit,</strong></span> <span class='ocrx_word' id='word_1_675' title='bbox 2154 4291 2298 4360; x_wconf 90' lang='lat' dir='ltr'><strong>quod</strong></span> <span class='ocrx_word' id='word_1_676' title='bbox 2331 4290 2387 4345; x_wconf 88' lang='lat' dir='ltr'><strong>in</strong></span> <span class='ocrx_word' id='word_1_677' title='bbox 2419 4290 2577 4347; x_wconf 89' lang='lat' dir='ltr'><strong>bonis</strong></span> <span class='ocrx_word' id='word_1_678' title='bbox 2617 4289 2760 4346; x_wconf 92' lang='lat' dir='ltr'><strong>haud</strong></span> <span class='ocrx_word' id='word_1_679' title='bbox 2790 4305 3018 4361; x_wconf 89' lang='lat' dir='ltr'><strong>parvum</strong></span> <span class='ocrx_word' id='word_1_680' title='bbox 3048 4290 3173 4361; x_wconf 88' lang='lat' dir='ltr'><strong>quis</strong></span> <span class='ocrx_word' id='word_1_681' title='bbox 3203 4287 3620 4352; x_wconf 81' lang='lat' dir='ltr'><strong>existimaverit,</strong></span> <span class='ocrx_word' id='word_1_682' title='bbox 3653 4299 3757 4341; x_wconf 80' lang='lat' dir='ltr'><strong>nec</strong></span> 
     </span>
    </p>
   </div>
   <div class='ocr_carea' id='block_1_89' title="bbox 502 4382 1295 4456">
    <p class='ocr_par' dir='ltr' id='par_1_89' title="bbox 502 4382 1295 4456">
     <span class='ocr_line' id='line_1_89' title="bbox 502 4382 1295 4456; baseline 0.004 -21"><span class='ocrx_word' id='word_1_683' title='bbox 502 4382 849 4454; x_wconf 81' lang='lat' dir='ltr'><strong>providentia</strong></span> <span class='ocrx_word' id='word_1_684' title='bbox 873 4383 965 4439; x_wconf 84' lang='lat' dir='ltr'><strong>Dei</strong></span> <span class='ocrx_word' id='word_1_685' title='bbox 990 4383 1295 4456; x_wconf 88' lang='lat' dir='ltr'><strong>indignum.</strong></span> 
     </span>
    </p>
   </div>
   <div class='ocr_carea' id='block_1_90' title="bbox 580 4539 1073 4600">
    <p class='ocr_par' dir='ltr' id='par_1_90' title="bbox 580 4539 1073 4600">
     <span class='ocr_line' id='line_1_90' title="bbox 580 4539 1073 4600; baseline 0.012 -6"><span class='ocrx_word' id='word_1_686' title='bbox 580 4541 622 4574; x_wconf 73' lang='lat'><em>&quot;</em></span> <span class='ocrx_word' id='word_1_687' title='bbox 648 4539 791 4597; x_wconf 79' lang='lat' dir='ltr'><strong>Psal.</strong></span> <span class='ocrx_word' id='word_1_688' title='bbox 821 4558 952 4598; x_wconf 81' lang='lat' dir='ltr'><strong>LVII.</strong></span> <span class='ocrx_word' id='word_1_689' title='bbox 989 4546 1073 4600; x_wconf 85' lang='lat' dir='ltr'><strong>ll.</strong></span> 
     </span>
    </p>
   </div>
  </div>
