4034 6132
272 254 386 308 193
1297 257 1721 317 TESTIMONIA
1759 261 2130 323 ADVERSUS
2165 265 2471 322 JUDAZOS.

3424 272 3525 328 νει

852 412 3190 454 W

967 578 1847 697 DOGMATIt

1949 584 2061 694 Δ.
2181 586 2810 700 DORIA-

1140 979 1368 1065 ΤΟΥ
1413 982 1559 1066 ΕΝ
1623 982 1985 1069 ΑΓΙΟΙΣ
2022 981 2651 1070 ΓΡΗΓΟΡΙΟΥ

1471 1160 1956 1216 ΕΠΙΣΚΟΠΟΥ
2007 1161 2338 1233 Nurus

366 1316 1071 1438 ΕΚΔΟΓΑΙ
1179 1325 2032 1442 ΜΑΡΤΥΡΙΩΝ
2099 1326 2511 1442 ΠΡΟΣ
2606 1326 3417 1445 ΙΟΥΔΑΙΟΥΣ

1554 1547 1704 1600 ΔΠΟ
1737 1547 1873 1600 ΤΗΣ
1895 1548 2233 1603 ΠΑΛΔΙΑΣ

251 1700 427 1754 Μετά
489 1716 653 1767 τινος
708 1699 1139 1771 ἐπεξεργασίας
1165 1700 1297 1770 περὶ
1329 1700 1441 1773 τῆς
1488 1702 1661 1772 ἁγίας
1704 1700 1943 1771 Τριάδος
1979 1719 1994 1735 ·
2042 1702 2131 1758 ὅτι
2166 1704 2379 1775 Λόγον,
2410 1703 2508 1758 καὶ
2544 1704 2788 1776 Πνεῦμα
2821 1704 2946 1775 ἔχει
2978 1708 3013 1760 ὁ
3052 1703 3214 1770 Θεὸς,
3238 1703 3385 1758 κατὰ
3416 1703 3522 1769 τὰς

739 1793 1013 1864 Γραφάςο
1044 1797 1227 1866 Λόγον
1274 1796 1689 1851 ἑνυπόστατον
1738 1797 1837 1851 καὶ
1873 1794 2076 1863 ζῶντα,
2119 1797 2218 1852 καὶ
2257 1798 2498 1869 Πνεῦμα
2535 1798 2837 1865 ὡσαύτως.

1291 2124 1381 2210 S.
1494 2127 1587 2211 P.
1716 2128 1833 2214 Ν.
1916 2125 2490 2215 GREGUBII

1569 2311 1881 2369 EPISCOPI
1910 2312 2209 2369 NYSSENI

170 2425 175 2428 ’
250 2488 920 2601 DELECTA
1006 2487 1889 2604 TESTIMONIA
1971 2490 2721 2608 ADVERSUS
2802 2469 3519 2606 moeros“)

1428 2711 1522 2765 EX
1569 2710 1856 2767 VETERE
1883 2709 2377 2767 TESTAMENTO

250 2866 391 2924 Cum
419 2867 633 2938 adjecta
652 2868 883 2939 quadam
912 2867 1143 2921 uberiori
1178 2867 1484 2937 probatione
1514 2867 1578 2921 de
1612 2874 1798 2921 sancta
1826 2866 2116 2930 Trinitate;
2152 2867 2292 2936 quod
2316 2882 2496 2936 nempe
2530 2864 2756 2920 Verbum
2790 2874 2840 2921 et
2877 2866 3134 2935 Spiritum
3165 2866 3352 2921 habent
3381 2864 3520 2920 Deus

721 2962 1007 3017 seetmdum
1056 2962 1387 3032 Scripturas,
1434 2963 1652 3017 Verbum
1693 2961 1981 3016 subsistens
2026 2974 2179 3032 atque
2212 2965 2401 3029 virens,
2428 2972 2477 3018 et
2502 2962 2757 3033 Spiritum
2797 2963 3063 3017 similiter.

613 3121 923 3185 (lnterprete
949 3125 1003 3171 et
1023 3118 1290 3171 scholiaste
1309 3118 1574 3169 Laurentio
1597 3116 1835 3180 Zacagnlo
1852 3129 1899 3166 ν.
1927 3118 2053 3168 cl.——
2077 3114 2320 3179 Galland.,
2344 3118 2455 3170 νει.
2486 3118 2610 3170 Bibi.
2636 3123 2777 3171 Patr.
2807 3125 2841 3171 t.
2868 3119 2952 3182 VI,
2975 3136 3025 3186 p.
3051 3122 3183 3184 578.)
3236 3164 3241 3169 .

324 3440 499 3509 Λέγει
538 3439 704 3493 Δαδὶό
754 3440 811 3493 ὲν
854 3436 1087 3510 δευτέρῳ
1143 3438 1236 3492 καὶ
1271 3435 1574 3511 τριακοστῷ
1620 3436 1844 3509 ψαλμῷο

2019 3440 2158 3496 Dicit
2183 3439 2349 3495 David
2375 3441 2429 3496 in
2454 3442 2667 3511 psalmo
2686 3440 2971 3497 tricesimo
2995 3444 3240 3498 secundo
3266 3463 3279 3498 :
3311 3442 3523 3501 «Verbo

258 3550 278 3582 ι
315 3530 412 3601 Τῷ
440 3529 604 3599 Λόγῳ
636 3528 842 3600 Κυρίου
871 3529 920 3580 οἱ
953 3527 1170 3598 οὐρανοὶ⁹
1196 3527 1623 3599 ἐστερεώθησαν,
1654 3529 1748 3582 καὶ
1772 3527 1847 3599 τῷ

1949 3531 2167 3588 Domini
2202 3535 2330 3588 εαξῑί
2364 3533 2564 3587 ﬁrmati
2595 3541 2760 3598 sunt,
2784 3543 2841 3588 et
2872 3532 3080 3603 Spiritu
3107 3538 3222 3591 oris
3252 3537 3372 3605 ejus
3404 3553 3523 3591 om-

252 3621 541 3692 Πνεῦματι
580 3619 673 3672 τοῦ
722 3618 985 3689 πόματος
1032 3617 1193 3672 αὐτοῦ
1241 3620 1389 3672 πᾶσα
1432 3621 1466 3689 ἡ
1499 3619 1724 3689 δύναμις
1755 3620 1847 3672 αὐ-

1949 3624 2037 3678 nis
2066 3626 2240 3677 virtus
2272 3638 2463 3677 eorum
2502 3623 2539 3677 ί,
2569 3642 2588 3674 ι
2613 3621 2784 3692 Igitur
2818 3622 3060 3679 Verbum
3100 3641 3210 3680 non
3247 3636 3332 3682 est
3372 3629 3520 3683 acris

251 3712 385 3765 τῶν.
424 3730 443 3761 ι
480 3711 557 3763 Οὐ
590 3709 760 3776 Λόγος
788 3704 881 3763 οὖν
911 3708 1143 3779 ὑπάρχει
1181 3709 1340 3779 ἀέρος
1368 3704 1609 3772 τύπωσις
1646 3725 1847 3780 σημαν-

1949 3716 2273 3787 percussio,
2332 3716 2409 3769 rei
2456 3715 2753 3787 cujuslibet
2801 3706 3195 3786 sig'niﬁcativa,
3249 3733 3370 3787 qute
3424 3734 3523 3789 per

251 3802 384 3874 τικὴ
459 3801 551 3854 διὰ
612 3800 934 3872 φωνητικῶν
1003 3799 1248 3870 ὀργάνων
1294 3799 1658 3873 ἐκφερομένη,
1722 3799 1848 3853 οὔτε

256 3897 492 3966 Πνεῦμα
526 3895 791 3964 στόματος
822 3893 1011 3962 ἀτμὸς,
1044 3893 1108 3945 ὲκ
1152 3891 1259 3945 τῶν
1287 3891 1726 3946 ἀναπνευστικῶν
1757 3909 1851 3962 με·

258 3989 370 4059 ρῶν
405 3985 798 4055 ἐξωθούμενος,
832 3983 967 4037 ἀλλὰ
1012 3983 1183 4051 Λόγος
1221 3982 1319 4053 μὲν
1361 3984 1388 4035 ὁ
1437 3982 1571 4054 πρὸς
1620 3982 1751 4036 Θεὸν
1793 3985 1850 4037 ὲν

255 4082 427 4151 ἀρχῇ,
461 4079 560 4130 καὶ
588 4077 718 4139 Θεὸς
766 4075 874 4128 ὢν·
924 4074 1146 4144 Πνεῦμα
1192 4075 1249 4128 δὲ
1295 4073 1561 4144 στόματος
1603 4074 1759 4137 θεοῦ,
1791 4074 1851 4128 τὸ

257 4172 489 4241 Πνεῦμα
518 4171 619 4239 τῆς
645 4168 922 4239 ἀληθείας,
956 4167 983 4220 ὃ
1012 4166 1161 4238 παρὰ
1197 4165 1291 4220 τοῦ
1328 4166 1537 4237 Πατρὺς
1564 4165 1852 4236 ἐκπορεύε-

256 4281 372 4316 ται.
404 4261 550 4332 Τρία
576 4262 752 4314 τοίνυν
782 4260 911 4322 νόει,
937 4258 1029 4312 τὸν
1062 4258 1466 4328 προστάττοντα
1506 4257 1727 4327 Κύριον,
1760 4258 1850 4311 τὸν

256 4348 701 4421 ὃημιουργοῦντα
746 4347 938 4416 Λόγον,
991 4348 1081 4401 τὸν
1128 4345 1467 4419 στερεοῦντα,
1515 4346 1757 4400 τουτέστι
1792 4346 1851 4399 τὺ

259 4440 490 4509 Πνεῦμα
511 4456 525 4470 ’
560 4438 660 4509 τὴν
689 4436 796 4509 γὰρ
834 4437 1145 4507 στερέωσιν,
1189 4436 1279 4489 τὸν
1305 4436 1570 4507 ἁγιασμὸν
1607 4430 1727 4489 εἷπε
1757 4435 1850 4488 καὶ

257 4531 361 4603 τὴν
387 4530 804 4601 συμπλήρωσιν.
832 4531 947 4581 Ἵνα
986 4528 1042 4581 δὲ
1093 4527 1272 4599 μάθῃς
1310 4529 1390 4581 ὅτι
1420 4528 1479 4581 οὐ
1507 4527 1678 4599 τούτῳ
1705 4528 1851 4596 λέγει

255 4621 340 4691 τῷ
373 4618 719 4693 προφορικῷ,
753 4618 886 4672 ἀλλὰ
914 4617 991 4689 τῷ
1016 4618 1379 4689 ὲνυποστάτῳ,
1412 4621 1440 4672 ὁ
1480 4618 1641 4682 αὐτὸς
1684 4619 1849 4674 ἀλλα·-

262 4708 359 4780 χοῦ
390 4710 577 4779 λέγει’
621 4727 641 4760 ι
680 4708 992 4761 Ἀποστελεῖ
1022 4708 1109 4761 τὸν
1147 4707 1318 4777 Λόγον
1350 4706 1535 4774 αὐτοῦ,
1569 4709 1663 4763 καὶ
1698 4709 1849 4780 ’πήξει

1950 3807 2319 3863 instrumenta
2355 3807 2504 3862 vocis
2539 3808 2754 3870 edatur,
2793 3823 2971 3877 neque
3003 3805 3245 3877 Spiritus
3285 3817 3371 3865 est
3406 3810 3521 3867 oris

1949 3899 2130 3953 anima
2154 3939 2167 3960 ,
2199 3914 2319 3969 qua:
2347 3914 2414 3952 ex
2450 3899 2699 3968 partibus
2740 3900 3123 3967 respirationis
3151 3901 3520 3958 servientibus

1949 3989 2250 4053 emittatur,
2285 3990 2378 4045 sed
2404 3988 2640 4044 Verbum
2667 3990 2885 4059 quidem
2916 3998 3001 4046 est
3032 3991 3082 4045 id
3111 3994 3253 4063 quod
3284 3996 3340 4048 in
3373 3996 3523 4065 prin-

1949 4084 2096 4152 cipio
2124 4090 2242 4135 erat
2272 4082 2415 4151 apud
2450 4081 2654 4148 Deum,
2688 4092 2742 4137 et
2775 4082 2919 4138 Deus
2954 4091 3078 4151 est;
3118 4084 3358 4154 Spiritus
3390 4103 3522 4143 vero

1950 4174 2064 4229 oris
2096 4172 2223 4237 Dei,
2265 4172 2506 4242 Spiritus
2538 4175 2822 4240 veritatis,
2858 4176 2949 4246 qui
2986 4191 3015 4230 a
3053 4176 3216 4232 Patre
3249 4180 3518 4248 procedit.

1952 4266 2081 4321 Tria
2115 4266 2280 4335 igitur
2313 4266 2576 4335 intellige,
2618 4264 2902 4336 jubentem
2933 4275 2987 4321 et
3019 4268 3377 4337 imperantem
3413 4267 3520 4322 Do-

1951 4358 2183 4418 minum,
2216 4372 2415 4412 creans
2444 4354 2684 4411 Verbum
2706 4399 2721 4425 ,
2749 4357 3056 4413 ﬁrmantem
3081 4368 3135 4412 et
3165 4357 3519 4424 solidanlem,

1951 4463 2147 4518 nempe
2181 4445 2443 4519 Spiritum
2474 4466 2488 4518 ;
2521 4449 2740 4504 ﬁrmare
2773 4450 2919 4503 enim
2949 4450 3087 4504 dixit
3128 4464 3228 4520 pro
3280 4450 3522 4505 sanctiﬁ-

1951 4553 2114 4602 care,
2147 4548 2202 4595 et
2241 4540 2537 4611 complere.
2582 4540 2654 4595 Ut
2692 4548 2873 4596 autem
2928 4540 3076 4596 scias
3124 4538 3387 4596 Davidem
3439 4542 3520 4595 di-

1951 4644 2110 4693 cere,
2153 4631 2325 4686 coalos
2367 4646 2475 4685 non
2516 4630 2621 4686 hoc
2654 4631 2859 4697 verbo,
2901 4633 3045 4702 quod
3094 4632 3149 4687 in
3198 4634 3522 4698 pronuntia-

1951 4720 2102 4776 tione
2132 4722 2420 4787 consistit,
2451 4721 2700 4778 ﬁrmatos
2733 4738 2858 4778 esse
2879 4763 2894 4788 ,
2932 4722 3028 4778 sed
3062 4739 3127 4779 eo
3159 4724 3303 4793 quod
3339 4725 3520 4794 reipsa

262 4804 422 4856 αὐτὰ·
443 4800 667 4856 πνεύσει
688 4799 749 4852 τὸ
768 4798 990 4869 Πνεῦμα
1024 4800 1207 4865 αὐτοῦ,
1232 4800 1324 4853 καὶ
1349 4801 1605 4872 ῥυήσεται
1629 4799 1847 4855 ὕδατα.»

1954 4808 2242 4873 subsistit,
2273 4810 2416 4865 idem
2446 4811 2577 4865 alibi
2611 4812 2719 4876 ait,
2746 4832 2766 4865 ‹
2793 4811 3019 4868 Emittet
3050 4814 3283 4869 Verbum
3322 4830 3519 4882 suum,

263 4893 435 4961 Λόγος
480 4892 540 4946 δὲ
589 4891 958 4953 ἀνυπόστατος
1001 4891 1100 4944 οὐκ
1145 4889 1547 4946 ἀποστέλλεται.
1593 4891 1702 4945 Καὶ
1745 4891 1853 4946 πά-

261 4985 346 5038 λιν
367 5002 381 5015 ο
423 5002 444 5036 ι
486 4982 801 5038 Ἀπέστειλε
833 4982 925 5035 τὸν
962 4981 1131 5050 Λόγον
1161 4982 1347 5049 αὐτοῦ,
1401 4982 1496 5036 καὶ
1536 4981 1719 5037 ἰάσατο
1755 4983 1855 5037 αὐ-

264 5077 409 5141 τοὺς,
431 5077 529 5130 καὶ
550 5075 821 5148 ἐρρύσατο
841 5074 1036 5139 αὐτοὺς
1065 5075 1130 5128 ἐκ
1149 5074 1258 5128 τῶν
1279 5073 1580 5145 διαφθορῶν
1601 5075 1798 5130 αὐτῶν.
1826 5095 1847 5130 ›

372 5251 391 5281 ¹
418 5249 570 5306 Psal.
608 5265 788 5312 χχιιι,
825 5249 879 5305 6.
984 5250 1004 5281 ¹
1035 5248 1184 5304 Psal.
1210 5262 1418 5314 cnvu,
1446 5248 1536 5304 18.

336 5403 417 5474 (l)
454 5403 653 5459 Exstat
678 5402 785 5459 hoc
817 5401 1051 5474 Nysseni
1087 5417 1226 5472 opus
1245 5404 1298 5458 in
1326 5405 1538 5460 duobus
1562 5403 1838 5463 Vaticana;

267 5471 614 5529 bibliotheca:
653 5471 935 5529 codicibus
968 5472 1199 5542 signatis
1244 5490 1394 5527 num.
1443 5474 1543 5529 451
1577 5484 1632 5528 et
1684 5494 1833 5532 num.

270 5545 428 5609 1907,
492 5558 733 5614 quorum:
801 5542 1008 5611 primus
1057 5542 1309 5614 ducentis
1367 5545 1582 5599 circiter
1637 5547 1838 5601 abhinc

270 5616 426 5685 annis
461 5610 709 5685 scriptus
751 5610 862 5685 est,
885 5619 939 5667 et
969 5628 1092 5685 cum
1135 5610 1308 5666 Sifani
1341 5615 1589 5670 versione
1630 5615 1684 5669 in
1722 5632 1841 5670 om-

270 5683 432 5743 nibus
463 5682 598 5741 fere'
627 5684 960 5753 concordat;
1001 5682 1138 5740 alter
1178 5697 1306 5739 vero
1335 5695 1620 5742 sexcentos
1639 5693 1693 5741 et
1721 5701 1838 5742 am-

1953 4910 2007 4957 et
2038 4901 2353 4973 liquel'aciet
2391 4920 2455 4958 ea
2481 4922 2497 4973 ;
2539 4905 2775 4974 spirabit
2801 4906 3045 4979 Spiritus
3077 4907 3197 4979 ejus
3218 4952 3234 4976 ,
3270 4917 3327 4965 et
3354 4909 3522 4966 ﬁuent

1951 5003 2108 5059 aquae
2136 4991 2178 5044 '.
2206 5010 2225 5044 ι
2248 4990 2488 5048 Verbum
2517 5003 2702 5051 autem
2725 5036 2741 5062 ,
2771 5001 2919 5067 quod
2948 4998 3302 5054 subsistentia
3333 5010 3483 5055 caret
3502 5041 3518 5064 ,

1948 5094 2060 5135 non
2091 5082 2383 5139 emittitur.
2410 5083 2474 5140 Et
2499 5101 2717 5155 rursus,
2758 5106 2779 5140 ι
2804 5087 2950 5144 Misit
2981 5088 3214 5146 Verbum
3242 5106 3401 5147 suum
3423 5130 3439 5155 ,
3467 5099 3522 5146 et

1943 5411 2090 5490 plius
2124 5425 2299 5490 annos
2336 5412 2666 5490 antiquitate
2685 5421 2931 5490 superat.
2959 5422 3149 5487 Itaque
3176 5419 3368 5473 horum
3395 5421 3516 5490 qui-

1944 5481 2067 5534 dem
2102 5483 2335 5555 primum
2365 5483 2421 5537 in
2445 5481 2602 5538 Notis
2622 5481 2826 5555 nostris
2852 5481 3209 5541 recentiorem
3237 5481 3521 5555 vocamus;

1946 5551 2248 5628 secundum
2307 5554 2873 5628 vero__vetustiorent;
2926 5572 3052 5610 nam
3114 5558 3179 5610 ad
3234 5551 3522 5628 utriusque

1945 5619 2352 5702 codicisﬁdem,
2378 5623 2673 5680 editionem
2692 5625 3108 5707 versionemque
3130 5636 3371 5682 nostram
3391 5619 3523 5681 ea...

1948 5702 2314 5748 cmuavrmus.
