4034 6132
526 281 636 339 I95

1773 278 1833 335 S.
1873 277 2204 336 GREGORII
2244 277 2534 333 DYSSENI

3676 282 3783 336 196

521 410 735 456 sanavu
764 413 884 462 eos,
906 407 962 453 et
988 400 1188 468 eripuit
1218 413 1314 453 cos
1341 398 1411 455 de
1434 401 1765 471 corruptelis
1793 416 1983 457 eorum
2006 401 2082 453 ⁸.»

2190 400 2299 453 Καὶ
2344 400 2538 454 πάλιν·
2576 417 2595 451 ι
2637 398 3043 465 Ἐξαποστελεῖς
3099 398 3158 452 τὸ
3207 398 3433 468 Πνεῦμά
3488 413 3584 453 σου
3609 437 3623 461 ,
3685 400 3785 452 καὶ

521 492 589 546 Et
611 505 827 549 rursus.
854 509 872 541 ι
905 489 1131 545 Emittes
1151 489 1418 560 Spiritum
1452 500 1703 554 tuum,et
1735 493 2090 551 creabuntur,

517 590 577 637 et
611 580 900 636 renovabis
934 578 1128 633 faciem
1181 590 1341 635 terra:
1366 582 1408 635 δ.
1453 600 1472 633 ι
1518 600 1537 634 ι
1571 580 1708 649 Quis
1739 580 1888 637 stetit
1917 581 1972 635 in
2004 580 2096 634 ﬁr-

518 680 793 726 mamento
822 669 1071 736 Domini,
1100 671 1316 738 etvidii
1339 670 1576 727 Verbum
1603 674 1724 742 ejus
1749 673 1811 726 '?
1833 691 1852 724 ι
1874 675 1947 726 At
1971 687 2095 727 ver-

520 765 648 818 bum
675 762 914 817 hominis
941 779 1050 817 non
1082 765 1348 818 cernitur.
1377 763 1543 820 Vides
1570 780 1599 819 a
1628 764 1831 819 Davide
1854 762 2093 819 Verbum

518 853 625 908 diei
652 894 667 918 ,
703 869 813 907 non
842 853 989 924 quod
1023 853 1211 909 auditu
1235 894 1251 919 ,
1289 855 1388 910 sed
1423 855 1573 925 quod
1605 856 1727 912 visu
1764 855 2090 926 percipitur,

517 944 812 1011 nimirum,
876 945 1024 1013 quod
1066 946 1246 1015 reipsa
1286 947 1576 1013 subsistit,
1640 945 2091 1017 quandoquidem

515 1040 743 1095 verbum
782 1040 1098 1095 substantia
1132 1056 1362 1106 carens,
1402 1043 1581 1098 locum
1603 1081 1619 1104 ,
1652 1049 1712 1096 ut
1747 1056 1848 1112 par
1880 1048 2000 1107 est,
2035 1039 2091 1093 in

517 1130 626 1186 Deo
652 1133 845 1200 nequit
878 1133 1102 1187 habere.
1136 1131 1249 1187 Nos
1278 1134 1426 1188 enim
1462 1147 1717 1189 sermone
1744 1133 1812 1187 ad
1847 1140 2091 1186 mutuam

516 1220 976 1277 consuetudinem
1004 1220 1232 1279 Creator
1257 1224 1552 1287 instruxit,
1586 1231 1640 1278 et
1672 1232 1728 1277 ut
1760 1238 1857 1293 per
1884 1235 2095 1278 sermo-

515 1326 640 1366 nem
668 1311 808 1366 alter
835 1312 1063 1368 alterius
1099 1323 1334 1369 mentem
1371 1314 1827 1383 intelligeremus.
1868 1310 2096 1366 Confert

516 1412 701 1459 autem
738 1405 898 1459 nobis
932 1407 1159 1475 spiritus
1192 1405 1259 1459 ad
1291 1405 1545 1476 corporis
1573 1419 1793 1476 quoque
1823 1402 2094 1458 constitu-

516 1493 723 1547 tionem
747 1493 1181 1549 conservandam
1199 1535 1215 1561 ,
1238 1495 1371 1549 dum
1397 1510 1591 1563 nempe
1613 1494 1909 1548 attrahitur
1932 1500 2095 1562 atque

517 1583 792 1648 hauritur,
834 1586 1089 1656 idemque
1130 1588 1435 1657 respiratur
1468 1602 1533 1641 ac
1572 1586 1858 1652 redditur;
1900 1599 2089 1639 verum

514 1676 583 1731 de
620 1677 762 1740 Deo,
797 1678 890 1747 qui
923 1679 1073 1733 solus
1103 1679 1468 1749 incorporeus
1498 1689 1616 1743 est,
1653 1695 1760 1733 non
1794 1693 2091 1748 possumus

452 1834 464 1844 .
516 1770 829 1837 hujusmodi
848 1769 1123 1839 quidpiam
1149 1770 1384 1840 opinari.
1407 1789 1425 1822 ι
1450 1771 1636 1827 Annos
1661 1769 1897 1841 perﬁcis,
1919 1768 2082 1837 Deus,
2116 1751 2160 1806 Β

522 1859 728 1913 virtute
775 1869 890 1912 tua.
934 1859 1192 1913 Christus
1247 1868 1428 1915 autem
1483 1859 1577 1915 Dei
1638 1862 1841 1923 virtus,
1885 1865 2089 1936 Deique

514 1953 783 2018 sapientia
809 1961 893 2006 est
919 1953 960 2005 ⁸.
988 1971 1006 2003 ι
1028 1950 1103 2005 Ex
1128 1968 1363 2023 persona
1391 1952 1715 2023 Sapientiae,
1746 1957 1798 2011 id
1822 1965 1907 2012 est
1928 1956 2085 2013 Filii:

518 2057 537 2090 ι
565 2039 700 2094 Cum
740 2049 957 2110 pararet
998 2042 1199 2096 cmlum
1222 2080 1237 2105 ,
1274 2042 1495 2096 aderam
1532 2044 1611 2097 illi
1641 2063 1655 2101 :
1687 2055 1743 2100 et
1770 2061 1870 2116 ego
1901 2062 2086 2113 eram,

511 2146 620 2208 qua
642 2133 1023 2187 delectabatur
1046 2151 1058 2187 :
1088 2134 1334 2204 quotidie
1358 2135 1675 2190 oblectabar
1702 2137 1841 2193 facie
1861 2139 1985 2208 ejus
2007 2141 2082 2193 ’.ι

584 2205 873 2287 Quomodo
904 2224 1017 2278 haec
1052 2235 1199 2280 stare
1228 2235 1524 2294 poterunt,
1554 2228 1600 2282 si
1636 2243 1744 2283 non
1774 2230 2088 2287 subsistens

511 2324 703 2363 revera
738 2310 908 2366 facies
941 2313 1105 2366 erat?
1139 2328 1320 2383 neque
1352 2315 1676 2372 enimalius
1708 2332 1832 2374 esse
1862 2327 2084 2389 potest,

513 2417 638 2454 cum
693 2418 802 2471 quo
842 2403 1116 2458 collocuta
1168 2403 1581 2473 fuerituQuis
1632 2410 1778 2464 enim
1829 2414 2089 2481 cognovit

512 2500 747 2546 mentem
778 2492 1125 2560 Domini,aut
1150 2495 1277 2564 quis
1306 2498 1659 2554 consiliarius
1690 2500 1811 2569 ejus
1846 2500 1951 2556 fuit
1978 2501 2039 2556 ’ἲ
2063 2521 2082 2554 ι

513 2582 617 2638 Sed
648 2584 784 2638 satis
821 2584 922 2639 fuit
962 2586 1011 2641 ei
1054 2587 1172 2642 sola
1208 2589 1463 2644 voluntas
1497 2589 1564 2643 ad
1621 2592 1870 2646 omnium
1902 2607 2086 2648 rerum

512 2677 868 2731 creationem.
910 2675 1000 2730 Ait
1037 2679 1182 2733 cnim
1216 2677 1505 2750 Scriptura
1529 2720 1544 2744 ,
1571 2699 1591 2731 ι
1623 2681 1685 2735 Et
1713 2680 1957 2753 Spiritus
1981 2684 2087 2739 Do-

512 2766 646 2818 mini
677 2767 955 2821 ferebatur
984 2785 1150 2838 super
1175 2786 1349 2841 aquas
1373 2773 1416 2827 ’.
1444 2792 1462 2823 ι
1489 2771 1700 2839 Quibus
1730 2776 1916 2832 verbis
1951 2778 2085 2833 sub-

511 2858 815 2914 sistentiam
858 2860 1098 2930 Spiritus
1143 2865 1321 2918 sancti
1368 2865 1550 2920 omnia
1597 2866 1865 2934 foventis,
1913 2878 1967 2925 et
2016 2871 2087 2926 ad

511 2948 753 3005 futuram
798 2954 1209 3023 generationem
1260 2956 1623 3024 vivificantis,
1672 2958 1960 3031 Scriptura
2009 2964 2086 3019 si-

511 3042 761 3144 gnificat.
799 3043 930 3144 Quae
982 3047 1653 3144 cum—itasehabfant,
1705 3054 1994 3144 perspicua
2032 3063 2087 3111 et
2113 3088 2155 3144 ο

510 3136 659 3191 clara
715 3143 800 3191 est
846 3135 1063 3192 Sane-ue
1108 3134 1433 3199 Trinitatis.
1478 3138 1690 3204 Patris,
1732 3141 1990 3211 inquam,
2030 3153 2085 3200 et

510 3219 670 3286 Filii,
706 3230 761 3277 et
795 3222 1037 3294 Spiritus
1068 3227 1244 3279 sancti
1277 3226 1700 3283 demonstratio.
1734 3227 1948 3302 Quippe
1979 3232 2085 3287 bu-

506 3315 599 3384 jus
634 3323 838 3370 sanctae
878 3325 932 3372 et
970 3318 1459 3375 consubstantialis
1490 3318 1813 3387 Trinitatis,
1848 3324 2083 3395 seipsam

508 3408 861 3477 alloquentis,
892 3417 975 3465 est
1002 3410 1167 3465 illud:
1196 3430 1214 3462 ι
1238 3409 1530 3468 Faciamus
1557 3414 1832 3471 hominem
1863 3417 1930 3472 ad
1958 3418 2087 3472 ima-

505 3499 689 3569 ginem
724 3510 968 3555 nostram
1003 3509 1058 3556 et
1090 3502 1155 3556 ad
1195 3503 1635 3561 similitudinem.
1672 3507 1736 3561 Et
1774 3506 1905 3563 fecit
1939 3508 2083 3566 Deus

507 3591 819 3658 hominem,
848 3591 915 3646 ad
948 3592 1241 3664 imaginem
1275 3593 1369 3649 Dei
1402 3593 1531 3651 fecit
1555 3613 1677 3652 eum
1713 3599 1778 3652 ¹⁰.
1802 3597 2081 3655 iFormati

504 3684 652 3739 enim
683 3700 908 3751 sumus,
939 3693 1101 3755 prout
1129 3686 1491 3758 intelligentia
1528 3691 1733 3761 percipi
1767 3698 1979 3761 potest,
2014 3693 2081 3749 ad

505 3774 801 3844 imaginem
835 3774 1137 3844 Unigcniti.
1193 3776 1260 3829 Et
1297 3792 1530 3832 rursus:
1557 3799 1574 3828 ι
1604 3778 1742 3833 Ecce
1782 3781 1951 3835 Adam
2000 3783 2082 3836 fa-

505 3874 630 3919 ctus
668 3876 753 3920 est
796 3874 1057 3935 tanquam
1089 3882 1234 3921 unus
1287 3882 1352 3921 ex
1389 3868 1548 3923 nobis
1588 3871 1643 3917 “.
1683 3890 1699 3921 ι
1726 3869 1867 3927 Deus
1899 3884 2079 3929 autem

479 3956 693 4009 omnia
724 3971 823 4025 per
853 3955 1089 4009 Verbum
1118 3972 1357 4018 creasse.
1388 3974 1451 4013 ex
1479 3974 1544 4013 eo
1574 3960 1929 4016 manifestum
1960 3973 2079 4028 est,

506 4046 650 4115 quod
685 4046 1022 4117 singularum
1052 4063 1233 4102 rerum
1264 4050 1635 4107 creationibus
1666 4054 1966 4123 ascriptum
1997 4064 2082 4110 est

506 4138 640 4191 illud
669 4157 680 4191 :
716 4156 732 4187 ι
759 4137 824 4190 Et
852 4137 990 4191 dixit
1020 4136 1194 4205 Deus,
1230 4138 1382 4207 Fiat;
1410 4157 1545 4211 iquo
1576 4142 1830 4212 loquendi
1859 4161 2077 4215 genere,

2192 492 2592 563 κτισθήσονται,
2614 490 2708 543 καὶ
2732 491 3060 553 ἀνακαινιεῑς
3090 490 3150 543 τὸ
3165 490 3453 562 πρόσωπον
3473 488 3575 559 τῆς
3602 489 3728 558 γῆς.
3755 507 3776 540 ο

2204 583 2332 647 «Τίς
2367 582 2496 653 ἔστη
2523 584 2584 635 ὲν
2610 581 3049 654 ὑποστηρίγματι
3076 580 3153 651 (2)
3184 580 3405 651 Κυρίου,
3427 581 3521 635 καὶ
3556 575 3664 634 εἶδε
3690 581 3785 634 τὸν

2193 675 2366 742 Λόγον
2416 672 2614 738 αὐτοῦς
2649 691 2669 724 ι
2702 669 2873 741 Λόγος
2923 672 2982 725 δὲ
3036 671 3321 743 ἀνθρώπου
3377 673 3440 726 οῦ
3468 671 3782 742 θεωρεῖται.

2206 767 2387 837 Ὁρᾷς,
2427 767 2507 819 ὅτι
2549 767 2651 819 οὐκ
2677 764 2940 819 ἀκουστὸν
2960 806 2976 828 ,
3019 763 3132 817 ἀλλ’
3160 764 3352 836 ὁρατὸν
3397 764 3568 834 Λόγον
3603 764 3779 832 λέγει,

2190 858 2347 925 δῆλον
2390 857 2481 910 τὸν
2518 857 2898 920 ὲνυπόστατον,
2928 857 3087 910 ὁπότε
3121 857 3263 911 κατὰ
3298 856 3389 910 τὸν
3416 856 3601 910 εἰκότα
3628 856 3783 925 λογι-

2196 949 2353 1018 σμὸν,
2383 947 2502 1000 οὐδὲ
2530 940 2711 1019 χώραν
2749 946 2859 1019 ἔχει
2896 947 2988 1000 ἐπὶ
3027 947 3162 1001 Θεοῦ
3187 947 3250 1001 τὸ
3278 947 3373 1002 τοῦ
3404 948 3781 1002 ἀνυποστάτου

2193 1038 2372 1106 λόγου.
2417 1038 2593 1108 Ἣμᾶς
2631 1038 2739 1108 γὰρ
2789 1038 3096 1108 ἐκόσμησεν
3145 1038 3176 1090 6
3228 1039 3567 1111 Δημιουργὸς
3609 1038 3777 1110 λόγῳ,

2192 1130 2280 1184 διὰ
2307 1130 2405 1194 τὰς
2436 1128 2573 1201 πρὸς
2605 1128 2864 1200 ἀλλήλους
2897 1129 3203 1194 συνουσίας,
3242 1131 3337 1184 καὶ
3383 1129 3442 1183 τὸ
3485 1127 3780 1198 γινώσκειν

2164 1200 2340 1291 ’ἡμᾶς
2381 1220 2450 1273 τὰ
2486 1200 2732 1290 αλλήλων
2779 1219 2868 1274 διὰ
2913 1218 3007 1272 τοῦ
3052 1219 3233 1289 λόγου.
3276 1219 3527 1273 Συντελεῖ
3555 1220 3613 1274 δὲ
3644 1221 3778 1291 ημῖν

2194 1313 2287 1365 καὶ
2321 1310 2379 1364 τὸ
2408 1309 2627 1381 πνεῦμα
2655 1308 2792 1381 πρὸς
2827 1309 2927 1380 τὴν
2966 1308 3059 1363 τοῦ
3103 1307 3352 1380 σώματος
3381 1309 3658 1374 σύστασιν,
3685 1309 3777 1363 διὰ

2192 1402 2253 1454 τὸ
2296 1400 2633 1472 προσίεσθαι,
2672 1401 2768 1454 καὶ
2809 1400 2970 1454 πάλιν
3012 1399 3344 1454 ἀπωθεῖσθαι
3386 1401 3548 1454 αὐτό·
3580 1401 3674 1454 ἐπὶ
3717 1400 3776 1454 δὲ

2193 1492 2349 1559 Θεοῦ,
2375 1490 2467 1545 τοῦ
2494 1492 2589 1545 καὶ
2615 1491 2776 1563 μόνου
2805 1491 3117 1561 ἀσωμάτου,
3146 1492 3206 1545 οὐ
3231 1491 3451 1546 δυνατὸν
3479 1492 3775 1546 ὑπολαϐεῖν

2192 1584 2386 1638 ταῦτα.
2414 1602 2432 1635 ι
2460 1585 2596 1653 Ἐτη
2617 1584 2808 1647 τελεῖς,
2830 1584 2858 1635 6
2881 1582 3031 1646 Θεὸς,
3058 1587 3124 1654 τῇ
3153 1584 3376 1654 δυνάμει
3401 1600 3516 1637 σου.
3537 1582 3775 1654 Χριστὸς

2191 1675 2247 1728 δὲ
2280 1675 2415 1729 Θεοῦ
2468 1674 2714 1746 δύναμις,
2766 1677 2859 1730 καὶ
2899 1675 3033 1729 Θεοῦ
3078 1676 3255 1745 σοφία.
3296 1694 3314 1725 ι
3351 1676 3446 1729 Ἐκ
3477 1675 3772 1748 προσώπου

2187 1767 2286 1837 τῆς
2313 1767 2528 1836 Σοφίας,
2568 1767 2810 1820 τουτέστι
2835 1766 2927 1819 τοῦ
2959 1766 3109 1833 Υίοῦ,
3131 1785 3150 1817 ι
3171 1767 3362 1821 Ἦνίκα
3389 1767 3647 1839 ἡτοίμαζε
3678 1766 3773 1820 τὸν

2186 1858 2444 1927 οὐρανὸν,
2504 1861 2877 1930 συμπαρήμην
2934 1859 3083 1931 αύτῷ
3113 1875 3126 1889 ⁸
3185 1864 3279 1913 καὶ
3332 1860 3442 1929 ἐγὼ
3495 1862 3676 1932 ήμην,
3735 1853 3773 1933 ᾗ

2187 1949 2373 2019 ἔχαιρε
2403 1948 2479 2021 (5)
2502 1969 2516 1981 ·
2545 1950 2666 2004 καθ’
2713 1952 2924 2023 ἡμέραν
2973 1952 3351 2024 ηὐφραινόμην
3383 1952 3461 2023 τῷ
3492 1952 3773 2023 προσώπῳ

2187 2036 2375 2106 σδῦτοῦ,
2402 2057 2421 2090 ι

2258 2221 2421 2276 Ποίαν
2442 2216 2536 2276 οὖν
2563 2222 2668 2292 ἔχει
2694 2222 2876 2292 χώραν
2902 2225 3095 2285 ταῦτα,
3125 2225 3171 2277 εί
3211 2221 3287 2295 μὴ
3314 2217 3382 2294 ἦν
3406 2224 3771 2278 ὲνυπόστατον

2186 2314 2515 2383 πρόσωπυνς
2550 2314 2626 2366 Οὐ
2659 2312 2768 2383 γάρ
2814 2315 2960 2366 ἐστιν
2991 2312 3178 2376 ἄλλος,
3212 2313 3348 2384 πρὸς
3378 2313 3438 2367 ὃν
3473 2314 3729 2385 διαλεχθῇ
3753 2330 3767 2343 ·

2191 2420 2211 2453 ι
2246 2402 2341 2465 Τίς
2380 2402 2489 2473 γὰρ
2520 2402 2662 2470 ἔγνω
2687 2401 2812 2456 νοῦν
2840 2403 3066 2474 Κυρίου,
3098 2403 3131 2475 ἢ
3162 2401 3246 2466 τίς
3275 2402 3573 2473 σύμϐουλος
3601 2403 3770 2456 αὑτοῦ

2186 2493 2434 2561 ἑγὲνετο;
2465 2512 2482 2545 ι
2523 2494 2660 2547 Ἀλλ’
2685 2495 2918 2565 ἡρκεσεν
2947 2492 3096 2563 αὐτῷ
3126 2493 3259 2564 μόνη
3285 2493 3534 2565 βούλησις
3559 2496 3639 2556 εἰς
3666 2497 3770 2561 τὴν

2183 2585 2293 2637 τῶν
2317 2586 2533 2639 πάντων
2548 2584 2924 2656 δημιουργίαν.
2949 2582 3173 2655 Εἴρηται
3194 2585 3301 2656 γάρ
3317 2600 3332 2616 ⁸
3359 2604 3379 2637 ι
3406 2585 3516 2639 Ka‘t
3542 2582 3774 2654 Πνεῦμα

2185 2675 2321 2729 Θεοῦ
2350 2676 2645 2747 ἐπεφέρετο
2673 2676 2854 2730 ἐπάνω
2873 2674 2980 2728 τῶν
3002 2676 3230 2730 ὑδάτων.
3262 2695 3281 2727 ι
3309 2676 3381 2729 Τὸ
3402 2676 3772 2731 ὲνυπόστατον

2183 2768 2277 2821 τοῦ
2306 2769 2460 2836 ἁγίου
2504 2768 2817 2839 Πνεύματος
2841 2768 3131 2830 θάλποντος
3157 2768 3248 2821 καὶ
3278 2766 3664 2837 ζωογονοῦντος
3687 2768 3772 2823 εἰς

2184 2860 2281 2933 τὴν
2312 2861 2611 2932 μέλλουσαν
2631 2860 2794 2933 γονὴν
2817 2859 2887 2913 τὰ
2906 2859 3104 2926 πάντα,
3125 2860 3225 2931 τῆς
3240 2859 3461 2932 Γραφῆς
3475 2857 3766 2931 δηλούσης.

2186 2946 2284 3006 Ὧν
2311 2952 2481 3016 οὕτως
2509 2952 2762 3025 ἐχόντων,
2793 2952 2967 3024 σαφὴς
2997 2954 3031 3023 ἡ
3056 2953 3154 3023 τῆς
3181 2953 3342 3022 ἁγίας
3370 2953 3616 3024 Τριάδος,
3648 2952 3769 3005 Πα-

2185 3044 2334 3116 τρὸς,
2354 3045 2517 3115 φημὶ,
2543 3046 2638 3099 καὶ
2663 3045 2814 3110 Υίοῦ,
2838 3044 2932 3099 καὶ
2951 3044 3105 3113 ἁγίου
3133 3045 3271 3099 Πνεύ
3280 3062 3447 3116 ματος
3471 3041 3764 3107 ἀπόδειξις.

2186 3135 2333 3206 Αὕτη
2361 3136 2491 3205 γοῦν
2528 3137 2666 3208 πρὸς
2696 3136 2895 3209 ἑαυτὴν
2922 3138 2956 3208 ἢ
2995 3137 3129 3205 ἁγία
3156 3137 3251 3190 καὶ
3280 3136 3563 3208 όμοούσιος
3594 3136 3769 3207 Τριὰς

2185 3227 2270 3290 τὸ,
2301 3246 2320 3277 ι
2354 3228 2675 3297 Ποιήσωμεν
2702 3228 2987 3299 ἄνθρωπον
3023 3230 3337 3282 κατέίκόνα
3365 3228 3636 3299 ἡμετέραν
3668 3227 3768 3281 καὶ

2186 3316 2308 3371 καθ’
2335 3318 2609 3388 ὁμοίωσιν.
2645 3320 2753 3373 Καὶ
2784 3320 3038 3391 ἐποίησεν
3071 3322 3099 3373 6
3141 3320 3272 3385 Θεὸς
3308 3321 3401 3375 τὸν
3437 3320 3727 3392 ἄνθρωπον
3748 3337 3761 3348 ·

2185 3410 2304 3461 κατ’
2347 3409 2529 3464 εἰκόνα
2574 3409 2710 3463 Θεοῦ
2755 3411 3005 3482 ἐποίησεν
3051 3411 3233 3466 αὐτόν.
3272 3430 3291 3463 ι
3336 3411 3765 3483 Μεμορφὼμεθα

2183 3496 2293 3569 γὰρ
2326 3498 2531 3568 νοητῶς
2572 3500 2707 3571 πρὸς
2748 3500 2846 3572 τὴν
2888 3502 3068 3557 είκόνα
3107 3502 3202 3556 τοῦ
3245 3502 3594 3571 Μονογενοῦς.
3644 3506 3757 3557 Καὶ

2185 3588 2347 3643 πάλιν
2360 3582 2382 3622 ”·
2411 3607 2430 3639 ι
2475 3589 2604 3644 Ἰδοὺ
2650 3591 2821 3664 Ἀδὰμ
2847 3593 3065 3661 γέγονεν
3086 3593 3161 3657 ὡς
3188 3588 3267 3658 εἷς
3294 3595 3352 3658 ἐξ
3381 3595 3555 3665 ἡμῶν.
3583 3614 3602 3645 ι
3637 3596 3765 3649 Ὀτι

2181 3681 2238 3736 δὲ
2264 3681 2351 3735 διὰ
2396 3681 2486 3734 τοῦ
2513 3683 2685 3751 Λόγου
2735 3683 2803 3737 τὰ
2835 3684 3011 3739 πάντα
3057 3684 3484 3758 ἐδημιούργησεν
3528 3689 3557 3740 6
3593 3686 3761 3752 Θεὸς,

2185 3775 2352 3844 σαφὲς
2403 3773 2497 3844 ἀφ’
2551 3770 2627 3829 ὧν
2679 3778 2770 3829 ἐπὶ
2825 3778 3054 3830 ἑκάστου
3100 3777 3208 3832 τῶν
3261 3778 3762 3851 δημιουργημάτων

2183 3865 2489 3937 γέγραπται
2523 3866 2602 3927 τὸ,
2640 3886 2659 3918 ι
2702 3868 2809 3921 Kal.
2839 3867 2989 3922 εἶπεν
3012 3872 3041 3922 6
3065 3870 3196 3933 Θεός
3216 3890 3227 3901 ·
3264 3872 3570 3943 Γενηθήτω,
3609 3893 3627 3924 ι
3655 3872 3761 3944 τῆς

2184 3957 2405 4028 Γραφῆς
2427 3959 2793 4030 σημαινούσης
2818 3960 2916 4031 τὴν
2942 3961 3030 4013 διὰ
3052 3962 3145 4016 τοῦ
3166 3962 3337 4031 Λόγου
3371 3964 3755 4035 δημιουργίαν

2180 4051 2229 4102 εί
2257 4050 2365 4119 γὰρ
2400 4050 2474 4122 μὴ
2501 4051 2658 4105 τοῦτο
2698 4047 2786 4123 ἦν,
2829 4052 2988 4123 ἤρκει
3025 4053 3202 4105 εἰπεῖν
3229 4069 3242 4083 ·
3286 4053 3395 4107 Καὶ
3428 4054 3682 4125 ἐποίησεν
3726 4056 3758 4108 6

2180 4140 2312 4206 Θεὸς
2350 4142 2593 4216 οὐρανὸν.
2637 4144 2731 4197 xai
2774 4144 2897 4213 γῆν,
2944 4146 3037 4197 καὶ
3083 4145 3151 4197 τὰ
3189 4144 3379 4200 λοιπά*
3417 4148 3509 4199 καὶ
3556 4147 3752 4200 πάλινο

501 4245 625 4284 eam
653 4246 774 4300 quae
804 4244 900 4298 per
937 4228 1171 4285 Verbum
1205 4230 1346 4285 facta
1372 4242 1490 4298 est,
1520 4236 1853 4290 creationem
1888 4235 2078 4308 Scrip-

2186 4234 2587 4304 ﬂpoctagavm;
2626 4236 2720 4289 τοῦ
2761 4235 2893 4290 Θεοῦ
2934 4237 3165 4310 ἐγενήθη
3198 4240 3259 4291 τὸ
3300 4240 3617 4311 στερέωμαο
3658 4245 3755 4296 καὶ

504 4332 626 4375 tura
656 4320 975 4390 significat;
1010 4320 1116 4375 nisi
1151 4323 1297 4378 enim
1332 4323 1439 4377 hoc
1478 4332 1657 4388 esset,
1710 4328 1842 4382 satis
1883 4328 2084 4404 fuisset

2186 4324 2362 4388 πάλιν,
2415 4326 2740 4397 Διεχώρισεν
2786 4330 2813 4379 6
2863 4326 3014 4391 Θεὸς.
3051 4330 3159 4381 Kal
3189 4330 3318 4383 ὅταν
3370 4330 3609 4404 ἀκούσῃς
3657 4332 3753 4397 τὸ,

503 4414 689 4466 dicere
709 4455 723 4476 ,
755 4411 817 4464 Et
848 4412 978 4467 fecit
1014 4412 1156 4469 Deus
1184 4415 1383 4470 caelum
1412 4425 1465 4471 et
1491 4425 1716 4485 terram,
1743 4430 1797 4473 et
1827 4420 2073 4491 reliqua;

2186 4435 2204 4466 ι
2238 4415 2402 4472 Εἶπεν
2428 4419 2456 4470 6
2486 4417 2637 4481 Θεὸς,
2676 4438 2694 4469 ι
2728 4419 2888 4481 εὐθὺς
2919 4422 2983 4490 τῇ
3020 4420 3196 4492 ἐννοίᾳ
3226 4420 3425 4489 σύναγε
3464 4422 3554 4475 τὸν
3586 4423 3755 4476 ἀκού-

499 4511 555 4558 et
594 4518 823 4566 rursus,
860 4501 1027 4560 Jussu
1064 4504 1154 4559 Dei
1194 4505 1397 4561 factum
1426 4516 1511 4563 est
1541 4508 1986 4581 ﬁrmamentum;
2020 4524 2075 4569 et

2186 4524 2350 4561 σαντα
2374 4508 2467 4561 τοῦ
2490 4508 2751 4572 εἰπόντος’
2780 4528 2797 4559 ι
2825 4510 2931 4562 Καὶ
2957 4506 3107 4563 εἶπεν
3129 4513 3157 4564 6
3181 4511 3330 4577 Θεός·
3366 4512 3756 4584 Γενηθήτωσαν

501 4611 732 4657 rursus,
762 4594 960 4651 Divisit
996 4596 1159 4655 Deus.
1189 4597 1457 4654 Prmterea
1492 4617 1616 4656 cum
1648 4603 1920 4670 audieris,
1946 4626 1964 4659 ι
1990 4606 2075 4661 Di-

500 4689 579 4742 xit
622 4687 1045 4755 Deus,rstatim
1087 4691 1273 4746 animo
1308 4693 1471 4748 simul
1511 4696 1740 4766 concipe
1778 4716 1935 4765 cum,
1977 4703 2071 4771 qui

496 4778 847 4833 obaudiverit
884 4779 1090 4836 dicenti
1117 4800 1129 4832 :
1156 4799 1173 4831 ι
1201 4780 1266 4835 Et
1306 4782 1445 4837 dixit
1488 4783 1665 4848 Deus.
1708 4784 1866 4842 Fiant
1908 4788 2072 4844 lumi-

497 4869 673 4920 naria.
712 4867 776 4923 Et
814 4867 942 4924 fecit
993 4870 1136 4925 Deus
1173 4871 1463 4928 luminaria
1490 4876 1553 4928 “.
1587 4895 1605 4928 ι
1637 4877 1771 4944 Quis
1805 4879 1979 4944 dixit,
2017 4893 2073 4937 et

493 4959 621 5030 quis
655 4959 803 5015 dicto
831 4961 1095 5027 obediens
1130 4963 1276 5018 fuit?
1317 4966 1458 5032 Quin
1497 4976 1551 5021 et
1588 4968 1639 5021 in
1679 4970 1931 5038 pluribus
1964 4970 2069 5027 Ve-

492 5053 628 5109 teris
663 5049 998 5110 Testamenti
1036 5057 1173 5112 locis
1203 5058 1546 5116 subobscure
1581 5061 1875 5118 indicatam
1911 5079 2068 5134 repe-

2181 4604 2482 4674 φωστῆρες.
2520 4604 2630 4656 Καὶ
2677 4604 2930 4676 ἐποίησεν
2962 4608 2991 4659 6
3038 4606 3169 4671 Θεὸς
3209 4609 3333 4672 τοὺς
3372 4609 3688 4681 φωστῆρας.
3730 4632 3749 4663 ι

2178 4696 2275 4760 Τίς
2314 4692 2467 4761 εἷπε,
2496 4696 2589 4750 καὶ
2632 4696 2712 4760 τίς
2754 4698 2986 4767 ηκουσες
3035 4695 3138 4751 Kal.
3170 4699 3271 4751 ’ἐπὶ
3318 4699 3524 4754 πλείοσι
3566 4702 3754 4767 τόποις

2176 4788 2277 4858 τῆς
2307 4788 2549 4852 Παλαιᾶς
2572 4789 2717 4842 ἔστιν
2738 4789 2936 4859 εὑρεῖν,
2964 4791 3144 4860 ἡρέμα
3175 4791 3629 4864 ὑποδεικνυμένης
3652 4797 3755 4866 τῆς

2176 4880 2336 4949 ἁγίας
2354 4882 2578 4952 Τριάδος
2602 4882 2699 4947 τὴν
2717 4881 3014 4936 ὑπόστασιν
3039 4883 3131 4936 καὶ
3153 4885 3210 4937 τὸ
3231 4884 3512 4955 όμοούσιον
3539 4875 3713 4956 αύτῆς
3733 4905 3748 4917 ·

2173 4967 2283 5026 οἷον
2320 4973 2395 5037 ὡς
2434 4974 2527 5026 ἐπὶ
2557 4973 2651 5027 τοῦ
2704 4973 2984 5046 Ἀϐραάμ·
3025 4994 3044 5026 ι
3088 4976 3264 5047 "(lqu
3303 4997 3320 5028 ι
3365 4976 3505 5049 γὰρ,
3558 4980 3748 5051 φησὶν,

2178 5081 2197 5114 ι
2231 5063 2377 5134 αὐτῷ
2404 5066 2431 5116 6
2466 5064 2598 5128 Θεὸς
2627 5063 2762 5135 πρὸς
2788 5068 2854 5136 τῇ
2881 5064 3002 5136 δρυῒ
3028 5068 3094 5137 τῇ
3124 5068 3369 5140 Μαμὸρῇ
3390 5107 3405 5132 ,
3437 5069 3749 5141 καθημένου

566 5204 588 5235 ³
628 5202 775 5257 Psal.
804 5219 914 5284 c_\'_t,
945 5205 1034 5284 29.
1112 5206 1136 5239 ⁸
1174 5202 1320 5284 Psal;
1340 5206 1575 5284 panso.
1652 5208 1673 5239 ⁸
1700 5206 1898 5284 Ierem.
1937 5229 2085 5284 XXIII.

2186 5216 2217 5279 l,
2257 5215 2411 5283 juxta
2446 5214 2608 5269 LXX.
2709 5216 2731 5247 ⁸
2760 5216 2778 5270 l
2807 5217 2935 5272 Cor.
2980 5236 3018 5282 ι,
3045 5220 3131 5276 ει.
3213 5223 3233 5252 "
3280 5222 3441 5278 Prov.
3477 5239 3595 5284 vtu.
3653 5224 3743 5282 50.

489 5273 515 5305 ⁸
551 5274 634 5328 lsa
689 5274 934 5341 n.13;
971 5274 1128 5328 Roth.
1167 5292 1254 5334 χι.
1292 5277 1381 5330 54.
1458 5278 1478 5309 ⁸
1517 5276 1654 5332 Gen.
1690 5294 1740 5342 ι,
1771 5279 1828 5335 2.
1908 5283 1951 5314 ⁸⁸
1990 5284 2085 5339 ibit

2186 5273 2226 5340 ιθ
2249 5273 2275 5351 ,’
2300 5285 2390 5340 27.
2470 5287 2511 5318 ¹¹
2547 5285 2684 5342 Gen.
2721 5302 2813 5355 III,
2844 5288 2935 5343 22.-
2984 5273 3059 5325 7,"
3092 5273 3229 5347 Cen.
3265 5273 3434 5355 ιψξίόξ

560 5427 637 5497 (2)
672 5428 1190 5513 'watpptryart.
1217 5430 1513 5513 bX_X_._Jer.
1536 5435 1804 5513 λειω-18,
1830 5438 2068 5513 ὑποστή-

489 5515 642 5573 μαξι.
678 5497 853 5573 Quem
896 5497 1172 5573 indoctum
1218 5504 1486 5559 Nobilium
1517 5497 1917 5573 adire’juv'erit.

557 5567 634 5638 (5)
678 5568 922 5644 Romana
962 5570 1109 5644 ιλχξ
1156 5572 1519 5644 Interpretum
1567 5567 1734 5631 editio
1792 5592 1916 5632 cum
1956 5578 2058 5635 Ju-

485 5637 631 5693 stino
653 5637 934 5716 Alartyre
961 5641 1049 5716 in_
1075 5637 1321 5716 Dialogo'
1345 5662 1464 5699 cum
1521 5645 1796 5716 Tryphone
1840 5648 2054 5716 Judco,

485 5656 631 5693 suno
684 5656 922 5766 ιιοτιγνο
961 5656 1015 5695 In
1075 5656 1232 5696 mata
1268 5662 1298 5697 ο
1345 5662 1464 5699 cum
1521 5656 1796 5716 'I‘ryphone
1840 5656 2054 5716 Judco,

484 5721 605 5780 pag.
650 5708 778 5778 284,
853 5710 983 5782 egit,
1016 5660 1457 5785 ᾖπροσέζίαιρεν,
1508 5724 1561 5770 ct
1603 5732 1747 5778 mox,
1789 5720 1845 5772 ὲν
1889 5737 2055 5793 προσ-

2170 5444 2304 5517 ώπῳ
2335 5448 2522 5525 αὐτοῦ.
2561 5448 2733 5525 Quam
2758 5451 3047 5525 lectionem
3098 5467 3407 5525 sequuntur
3437 5466 3603 5513 etiam
3632 5461 3744 5516 lre-

2171 5533 2321 5572 nmus
2341 5519 2606 5574 Adversus
2644 5521 2865 5578 haereses
2900 5524 2993 5578 lib.
3038 5540 3113 5591 Iv,
3137 5519 3199 5580 ca
3246 5568 3259 5581 .
3290 5526 3396 5587 57:
3433 5529 3745 5599 Cyprianus

2171 5588 2261 5641 lib.
2300 5603 2336 5643 ιι
2385 5589 2599 5645 Testim.
2637 5590 2886 5649 adversus
2912 5593 3067 5651 Jud..
3101 5610 3153 5651 c.
3190 5542 3256 5651 ip:
3286 5606 3340 5651 et
3370 5596 3743 5651 Tertullianm

2169 5588 2261 5665 lib.
2300 5589 2599 5665 n__Testim.
2637 5590 2886 5649 adversus
2912 5593 3067 5659 Jud.,
3100 5588 3153 5652 ιε.
3190 5588 3256 5665 1’;
3286 5606 3340 5654 et
3370 5588 3743 5661 Tertullinus

2162 5658 2284 5715 adv.
2338 5659 2733 5734 Hermogenem,
2782 5678 2904 5736 cap.
2945 5665 3032 5719 18.
