4034 6132
229 302 336 358 197

1259 288 1682 345 TESTIMO‘SIA
1730 286 2106 344 ADVERSUS
2143 287 2455 344 JUDEOS.

3379 298 3482 354 198

229 417 394 474 αὑτοῦ
424 415 514 470 ἐπὶ
543 414 645 484 τῆς
681 413 853 484 θύρας
881 411 977 482 τῆς
1007 409 1210 480 σκηνῆς
1236 407 1399 462 αὑτοῦ
1436 409 1800 479 μεσημϐρίας.
1833 433 1849 470 Α

1949 407 2023 461 ies
2063 415 2271 462 sanctte
2311 407 2602 463 Trinitatis
2639 408 3058 466 sultststentiatn
3087 411 3318 486 ejusque
3348 431 3475 473 con-

242 505 571 575 ’Λναϐλέψας
614 504 673 556 δὲ
707 506 820 565 τοῖς
845 501 1138 569 ὀφθαλμοῖς
1159 540 1172 564 ,
1212 495 1338 552 εῐδε·
1377 499 1470 551 καὶ
1517 499 1623 551 ίδοὺ
1661 499 1808 567 τρεῖς

225 595 415 666 ἄνδρες
440 591 908 662 παρειστήκεισαν
937 587 1121 640 ὲπάνω
1150 585 1314 639 αὑτοῦ
1337 604 1349 615 ·
1377 586 1470 638 καὶ
1508 585 1615 637 ἰδοὺ
1644 599 1811 655 προσ-

226 689 464 757 ἔδραμεν
485 684 563 754 (4)
593 684 671 744 είς
702 680 1026 750 συνάντησιν
1061 678 1262 745 αὐτῶν,
1289 678 1381 731 καὶ
1407 676 1811 748 προσεκύνησεν

225 778 315 831 ἐπὶ
345 777 450 846 τὴν
481 775 610 842 γῆν.
639 773 749 826 Καὶ
789 766 930 824 εἶπε·
972 769 1168 841 Κύριε,
1195 772 1244 822 εἰ
1278 763 1436 840 εὖρον
1463 769 1624 840 χάριν
1654 769 1810 821 ἐναν-

224 866 335 918 τίον
380 881 477 916 σου
501 903 514 924 ,
561 861 636 932 μὴ
673 861 946 931 παρέλθῃς
993 859 1084 913 τὸν
1131 859 1297 912 παῖδά
1335 876 1448 914 σου.
1487 878 1506 912 ι
1548 859 1658 913 Καὶ
1693 859 1812 929 μεθ’

225 956 388 1024 ἕτερα
410 967 425 981 ⁸
457 973 474 1002 ι
501 948 636 1004 Εἷπε
662 950 719 1003 δὲ
749 949 885 1020 πρὸς
909 948 1096 1001 αὐτόν·
1121 947 1230 1002 Ποῦ
1256 947 1438 1019 Σάρρα
1465 949 1498 1017 ἡ
1519 948 1653 1017 γυνή
1683 963 1811 1012 σου;

239 1049 296 1101 Ὀ
322 1047 380 1100 δὲ
406 1044 561 1098 εἶπεν
580 1061 594 1074 ·
639 1043 767 1095 Ἰδοὺ
789 1043 847 1094 ὲν
869 1044 932 1111 τῇ
958 1042 1150 1111 σκηνῇ.
1185 1035 1317 1093 Εῐπε
1341 1038 1396 1092 δέ
1417 1057 1429 1070 ⁸
1465 1038 1819 1110 Ἐπαναστρέ-

227 1152 346 1204 φων
374 1133 492 1203 ἥξω
525 1131 661 1200 πρὸς
696 1129 756 1182 σὲ
776 1170 790 1193 ,
827 1129 967 1182 κατὰ
991 1129 1080 1182 τὸν
1110 1129 1299 1198 καιρὸν
1323 1128 1510 1182 τοῦτον
1537 1131 1616 1192 είς
1649 1128 1815 1199 ὥρας,

228 1228 325 1280 καὶ
355 1225 462 1290 ἕξει
513 1224 629 1276 υἱὸν
674 1223 860 1293 Eappa
901 1223 932 1291 ἡ
968 1222 1102 1292 γυνή
1145 1237 1256 1274 σου.
1306 1239 1325 1270 ι
1374 1221 1501 1275 Ἰδοὺ
1545 1220 1609 1292 δὴ
1658 1221 1819 1290 φησιν

227 1308 465 1388 ὀφθῆναι
501 1315 599 1386 μὲν
630 1315 780 1384 αὐτῷ
809 1314 899 1366 τὸν
940 1313 1092 1377 Θεὸν,
1125 1309 1263 1366 εἷναί
1302 1329 1365 1380 γε
1407 1313 1512 1384 μὴν
1553 1315 1701 1384 τρεῖς
1726 1313 1820 1366 ἄν·

229 1413 367 1482 δρας,
400 1411 526 1472 τοὺς
557 1407 924 1480 ὲωραμένουςο
960 1405 1195 1459 αὑτὸνδὲ
1215 1405 1386 1460 πάλιν
1415 1407 1512 1476 οὐχ
1544 1405 1618 1468 ώς
1646 1405 1822 1476 τρισὶν

229 1505 412 1556 εἰπεῖν
434 1519 448 1532 ·
480 1499 702 1571 Κύριοι,
735 1500 783 1550 εί
813 1496 1020 1567 εὕρηκα
1062 1496 1220 1566 χάριν
1253 1496 1492 1550 ἐναντίον
1523 1495 1696 1565 ὑμῶν,
1749 1495 1825 1566 μὴ

231 1591 546 1664 παρέλθητε
593 1590 685 1642 τὸν
734 1589 896 1643 παῖδα
939 1587 1112 1658 ὑμῶν.
1173 1586 1376 1658 Κύριον
1418 1587 1476 1640 δὲ
1525 1585 1824 1657 μοναδικῶς

229 1687 366 1748 τοὺς
388 1687 535 1754 τρεῖς
557 1679 909 1750 ὀνομάζοντα,
928 1681 1019 1732 καὶ
1039 1680 1114 1742 ώς
1135 1679 1230 1732 ἕνα
1254 1678 1531 1749 καταίρειν
1547 1677 1820 1742 ἀξιοῦντα,

1911 496 2470 560 substantialitatem,
2525 497 2987 568 quemadmodum
3038 502 3094 555 in
3132 503 3483 572 Abrahamo;

1913 601 2038 642 nam
2073 587 2281 658 inquit,
2311 605 2329 640 ι
2353 589 2622 658 Apparuit
2657 589 2704 643 ei
2742 588 2884 645 Deus
2917 591 2985 644 ad
3019 608 3279 662 quercum
3317 595 3485 650 Mam-

1913 679 2042 742 bre,
2079 693 2203 732 cum
2240 679 2331 733 ille
2362 679 2577 734 sederet
2613 679 2667 733 in
2703 683 2848 734 ostio
2900 683 3239 738 tabernaculi
3290 688 3374 742 sui
3433 689 3485 742 itt

1915 767 2163 823 meridie.
2193 767 2257 822 Et
2282 769 2584 839 respiciens
2608 770 2786 826 oculis
2814 774 2928 826 suis
2951 773 3083 827 vidit
3111 793 3126 841 ;
3150 783 3204 828 et
3226 792 3354 832 ecce
3378 786 3487 834 tres

1915 857 2019 911 viri
2051 857 2309 914 astabant
2340 874 2506 928 super
2528 875 2651 913 eum
2681 876 2696 924 ;
2729 867 2782 912 et
2809 875 2938 916 ecce
2966 864 3243 931 procurrit
3271 865 3487 920 obviam

1930 950 2040 1004 illis
2061 990 2075 1015 ,
2108 958 2162 1005 et
2193 949 2442 1004 adoravit
2477 966 2683 1020 pronus
2714 952 2767 1005 in
2805 962 3027 1006 terram.
3075 953 3138 1009 Et
3171 957 3306 1011 dixit
3334 977 3347 1012 :
3385 957 3491 1013 Do-

1921 1041 2100 1105 mine,
2129 1042 2175 1097 si
2206 1042 2386 1096 inveni
2413 1044 2646 1112 gratiam
2680 1053 2802 1097 :tnte
2833 1052 2885 1098 te
2907 1083 2920 1106 ,
2951 1060 3020 1098 ne
3050 1057 3343 1114 praetereas
3375 1046 3492 1105 s‘cr—

1921 1147 2046 1185 vum
2079 1141 2231 1186 tuum
2263 1132 2324 1186 η.
2352 1153 2370 1184 υ
2393 1133 2454 1186 Et
2488 1141 2608 1202 post
2635 1133 2736 1186 alia
2757 1173 2770 1196 ,
2798 1153 2815 1184 ι
2845 1133 2989 1188 Dixit
3021 1143 3202 1191 autem
3232 1139 3298 1193 ad
3329 1157 3488 1196 eum:

1921 1221 2025 1278 Ubi
2054 1231 2139 1279 est
2174 1223 2307 1279 Sara
2326 1240 2476 1279 'ttxor
2507 1226 2643 1279 tua?
2690 1224 2782 1280 llle
2815 1234 2994 1281 autem
3031 1227 3167 1282 dixit
3205 1249 3217 1283 :
3258 1229 3394 1287 Ecce
3439 1233 3491 1287 in

1929 1319 2305 1372 tabernaculo.
2339 1317 2481 1371 Dixit
2512 1326 2692 1372 autem
2722 1337 2734 1372 :
2769 1317 3066 1376 Revertens
3094 1299 3309 1377 veniam
3341 1327 3406 1378 ad
3447 1337 3496 1381 te

1925 1404 1979 1460 in
2029 1415 2272 1476 tempore
2327 1408 2428 1462 hoc
2463 1408 2517 1462 in
2563 1409 2748 1479 horas,
2775 1417 2832 1461 et
2884 1410 3102 1464 habebit
3149 1412 3315 1466 [ilium
3363 1415 3496 1470 Sara

1926 1513 2064 1552 uxor
2093 1508 2181 1552 tua
2215 1499 2278 1552 “.
2305 1519 2323 1549 ι
2351 1500 2426 1552 En
2456 1500 2642 1568 utique
2672 1498 2838 1554 refert
2871 1499 3151 1571 Scriptura
3183 1507 3501 1574 apparuisse

1932 1589 2152 1658 quidem
2192 1590 2504 1644 Abrahamo
2542 1590 2754 1658 Deum;
2802 1600 2855 1648 et
2895 1607 3027 1648 sane
3068 1603 3180 1649 trcs
3224 1597 3501 1651 exstitisse

1931 1681 2082 1735 viros
2119 1681 2242 1735 illos
2264 1721 2278 1744 ,
2316 1697 2454 1750 quos
2482 1683 2805 1752 conspexit,
2837 1685 3015 1754 ipsum
3045 1701 3173 1740 vero
3201 1703 3309 1741 non
3343 1688 3500 1757 quasi

232 1777 337 1830 καὶ
459 1767 538 1835 εἷς
557 1747 726 1841 φωνεῖ
745 1789 758 1800 ·
781 1770 954 1834 Ἥξω.
983 1771 1124 1841 Ὅρα
1141 1767 1232 1824 οὖν
1251 1772 1375 1832 τοὺς
1391 1747 1653 1839 ὀιρθέντας
1677 1773 1824 1841 τρεῖς

1955 1772 2105 1827 ribus
2137 1771 2346 1828 dixisse
2378 1791 2390 1827 :
2427 1773 2678 1838 Domini,
2726 1775 2772 1829 si
2809 1777 2992 1830 iuveni
3043 1778 3271 1846 gratiam
3315 1795 3502 1837 coram

235 1865 348 1936 μὲν
389 1863 584 1926 ὄντας,
627 1867 723 1914 καὶ
773 1861 1086 1930 ὑφεστῶτας
1133 1861 1510 1924 ίδιοσυστάτως
1556 1861 1820 1914 ἕκαστονο

230 1956 318 2028 τῷ
351 1973 415 2025 γε
465 1954 571 2024 μὴν
607 1953 703 2023 τῆς
742 1952 1026 2022 ὁμοουσίας
1067 1950 1209 2022 λόγῳ
1255 1951 1710 2022 συνειλημμένους
1748 1953 1827 2015 είς

231 2050 369 2110 ἕνα,
397 2047 492 2100 καὶ
509 2045 606 2106 τὰς
625 2043 882 2109 διαλέξεις
904 2043 1320 2113 ποιησαμένους.
1347 2043 1440 2107 Τίς
1460 2044 1515 2096 δὲ
1548 2045 1682 2115 πρὸς
1707 2042 1829 2097 τίνα

232 2139 453 2206 ἔλεγεν·
485 2154 502 2186 ι
530 2134 716 2196 Δεῦτε,
747 2134 1082 2197 καταϐάντες
1114 2134 1428 2204 συγχέωμεν
1453 2135 1551 2204 τὴν
1579 2134 1830 2203 γλῶσσαν

233 2225 459 2291 αὑτῶν;
492 2244 510 2276 ι
545 2225 618 2277 ’Ἢ
644 2224 799 2294 δῆλον
836 2222 970 2292 πρὸς
1001 2222 1057 2275 ὃν
1087 2219 1260 2276 εἶπενο
1289 2241 1307 2274 ι
1349 2224 1443 2276 Ἐκ
1470 2224 1704 2294 γαστρὸς
1727 2223 1833 2294 πρὸ

237 2319 528 2387 έωσφόρου
576 2315 843 2386 ὲγέννησά
877 2332 934 2367 σε
961 2332 976 2347 ο
1009 2334 1027 2366 ι
1077 2315 1200 2380 καὶ,
1247 2333 1265 2367 ι
1304 2301 1414 2386 Πρὸ
1469 2315 1561 2368 τοῦ
1593 2315 1742 2383 ἡλίου
1773 2314 1836 2367 τὸ

238 2408 422 2476 δνομα
449 2405 611 2459 αὑτοῦ
645 2404 746 2474 (5),
776 2405 871 2457 καὶ
909 2405 1012 2474 πρὸ
1038 2405 1136 2474 τῆς
1172 2404 1422 2475 σελήνης·
1460 2425 1478 2456 ι
1515 2405 1608 2457 καὶ
1637 2405 1797 2458 πάλιν
1819 2421 1832 2435 ·

245 2519 267 2551 ε
303 2499 512 2567 Κύριος
537 2493 658 2550 εἷπε
694 2497 832 2567 πρός
866 2513 932 2566 με
953 2511 965 2524 ·
992 2497 1120 2559 Υἱός
1147 2514 1246 2565 μου
1273 2495 1323 2548 εῐ
1345 2498 1430 2557 σὺ,
1464 2497 1573 2564 ἐγὼ
1602 2499 1838 2568 σήμερον

243 2589 562 2658 γεγέννηκά
589 2605 669 2642 σε.
687 2587 916 2658 Δίτησαι
943 2589 1072 2657 παρ’
1094 2588 1226 2658 ἐμοῦ
1249 2627 1262 2652 ,
1299 2589 1392 2640 καὶ
1415 2588 1569 2641 δώσω
1601 2605 1680 2641 σοι
1714 2588 1841 2658 ἔθνη

245 2681 352 2752 τὴν
390 2678 762 2750 κληρονομίαν
801 2695 924 2743 σου,
969 2677 1064 2732 καὶ
1113 2678 1210 2748 τὴν
1253 2678 1584 2748 κατάσχεσίν
1640 2695 1735 2730 σου
1774 2677 1842 2731 τὰ

251 2773 471 2842 πέρατα
522 2769 623 2840 τῆς
665 2771 786 2841 γῆς’
832 2789 851 2822 ι
889 2770 980 2823 καὶ
1019 2769 1201 2832 πάλιν,
1241 2787 1260 2820 ί
1296 2769 1435 2836 Ἐγὼ
1471 2769 1663 2839 ἔσομαι
1699 2768 1845 2839 αὐτῷ

256 2867 338 2926 εἰς
361 2862 602 2933 Πατέρα,
636 2863 730 2914 καὶ
766 2863 925 2925 αὐτὸς
947 2862 1098 2915 ἔσται
1132 2877 1220 2931 μοι
1249 2862 1330 2924 εἰς
1353 2861 1477 2914 Υίόν
1504 2878 1518 2927 ;
1550 2881 1568 2911 ι
1601 2862 1664 2913 Τί
1687 2860 1844 2924 δὲτὸ,

261 2977 279 3008 ι
318 2955 555 3026 Ἐὗρεξε
592 2954 798 3026 Κύριος
828 2955 938 3026 πῦρ
964 2955 1058 3008 καὶ
1091 2954 1232 3007 θεῖον
1264 2952 1416 3025 παρὰ
1449 2953 1691 3024 Κυρίου;
1728 2971 1746 3003 ι
1784 2951 1849 3004 Τί

257 3048 314 3101 δὲ
345 3047 408 3099 τὺ
439 3048 505 3100 ὲκ
542 3045 836 3117 προσώπου
863 3044 958 3098 τοῦ
983 3044 1117 3098 Θεοῦ
1154 3044 1252 3115 (6),
1285 3062 1302 3096 t
1328 3044 1437 3098 Kal.
1463 3045 1569 3106 πᾶς
1597 3046 1627 3097 6
1649 3043 1852 3114 ὲκχέων

259 3134 440 3210 αἷμα,
479 3139 603 3192 ἀντὶ
643 3137 735 3192 τοῦ
781 3139 1008 3209 αἵματος
1040 3135 1206 3191 αὐτοῦ
1252 3136 1641 3208 ἐκχυθήσεται,
1672 3137 1752 3190 ὄτι
1795 3138 1852 3190 ὲν

263 3234 434 3287 εἰκόνι
479 3231 616 3285 Θεοῦ
659 3231 888 3302 ἐποίησα
931 3230 1022 3283 τὸν
1064 3229 1381 3300 ἄνθρωπον;
1418 3247 1436 3280 ι
1499 3227 1660 3299 Ὁρᾷς
1698 3229 1780 3282 ὅτι
1826 3230 1855 3282 6

263 3325 400 3387 Θεὸς
431 3323 504 3376 ἐν
532 3325 718 3377 εικόνι
737 3322 844 3376 τοῦ
877 3321 1024 3375 Θεοῦ
1059 3319 1276 3386 εποίησε
1307 3337 1323 3387 ;

1930 1864 2088 1918 vobis
2108 1903 2122 1925 ,
2166 1879 2235 1917 ne
2267 1867 2605 1934 praetereatis
2638 1882 2868 1936 puerum
2900 1877 3141 1922 vestrum
3169 1887 3182 1934 ;
3230 1870 3323 1925 sed
3356 1879 3501 1935 tres,

1930 1960 2192 2023 tanquam
2251 1969 2394 2009 unus
2453 1963 2673 2019 essent,
2729 1958 3080 2022 nominasse,
3136 1968 3191 2013 et
3247 1969 3502 2030 tanquam

1930 2058 2138 2107 unum,
2194 2051 2252 2098 ut
2303 2043 2447 2114 apud
2490 2046 2664 2115 ipsum
2703 2047 3038 2103 diverterent
3076 2066 3328 2121 rogaSse,
3361 2052 3505 2122 iique

1935 2142 2196 2204 tanquam
2235 2152 2378 2190 unus
2415 2138 2636 2202 dixere,
2671 2137 2921 2195 Veniam.
2954 2140 3120 2196 Vides
3152 2143 3319 2212 igitur
3348 2144 3469 2200 illos
3490 2186 3505 2212 ,

1934 2226 2026 2294 qui
2065 2237 2443 2296 apparuerunt
2476 2238 2586 2284 tres
2616 2231 2834 2300 quidem
2868 2233 3179 2301 exstitisse,
3221 2246 3273 2289 et
3318 2250 3507 2290 eorum

1938 2318 2188 2388 singulos
2219 2319 2270 2372 in
2301 2321 2518 2390 pr0pria
2556 2321 2836 2392 hypostasi
2870 2324 3222 2394 substitisse;
3257 2329 3353 2382 sed
3386 2343 3514 2383 con-

1938 2409 2418 2465 substantialitatis
2438 2413 2647 2466 ratione
2677 2414 2730 2467 in
2764 2430 2933 2468 unum
2966 2415 3136 2472 fuisse
3165 2427 3476 2474 contractos
3497 2460 3510 2483 ,

1942 2508 1996 2554 ct
2045 2509 2304 2570 tanquam
2350 2519 2517 2557 unum
2565 2506 2866 2562 collocutos
2897 2507 3086 2564 fuisse.
3121 2508 3380 2575 Quisnam
3413 2527 3512 2565 au-

1941 2603 2082 2656 tem,
2135 2602 2189 2648 et
2235 2594 2300 2646 ad
2354 2611 2644 2662 quemnam
2687 2597 2936 2659 dicebat,
2975 2617 2993 2649 ‹
3022 2598 3242 2662 Venite,
3290 2601 3517 2656 descen-

1944 2680 2134 2737 dentes
2161 2682 2565 2738 confuudamus
2597 2687 2810 2756 linguas
2840 2703 3030 2742 eorum
3060 2689 3103 2720 ¹⁵
3129 2690 3150 2742 ?
3175 2709 3192 2740 ι
3215 2689 3351 2743 Num
3393 2708 3515 2745 eum

1953 2774 2253 2828 allocutum
2307 2775 2479 2831 fuisse
2529 2788 2774 2842 constat,
2833 2779 2901 2833 ad
2958 2795 3120 2849 quem
3185 2781 3519 2836 dixitzilix

1948 2871 2104 2917 utero
2140 2872 2266 2918 ante
2297 2864 2586 2919 luciferum
2635 2867 2799 2936 genui
2836 2876 2886 2922 te
2931 2868 2974 2899 ⁸⁸
3001 2885 3014 2934 ;
3041 2887 3058 2919 ι
3087 2877 3171 2934 et,
3214 2887 3234 2920 ι
3259 2870 3398 2926 Ante
3435 2889 3524 2926 so-

1951 2955 2054 3009 lem
2093 2970 2289 3009 nomen
2324 2955 2479 3024 ejus,
2537 2967 2590 3011 et
2641 2966 2767 3012 ante
2814 2959 2999 3012 lunam
3039 2960 3112 3029 ";
3148 2982 3165 3014 ι
3196 2972 3247 3017 et
3298 2979 3522 3028 rursus,

1961 3065 1980 3098 ι
2008 3045 2274 3103 Dominus
2310 3050 2449 3103 dixit
2478 3049 2544 3103 ad
2580 3065 2707 3106 me:
2754 3049 2928 3107 Filius
2976 3069 3130 3109 meus
3178 3070 3238 3109 es
3289 3063 3381 3119 tu,
3425 3071 3525 3127 ego

1955 3137 2117 3193 hodie
2148 3140 2307 3208 genui
2345 3149 2416 3196 te.
2453 3140 2676 3196 Postula
2712 3157 2742 3196 a
2777 3157 2898 3210 me,
2935 3153 2987 3199 et
3023 3145 3165 3200 dabo
3199 3147 3297 3200 tibi
3336 3158 3528 3218 gentes

1957 3230 2326 3288 haéreditatem
2358 3243 2504 3288 tuam
2527 3277 2540 3302 ,
2567 3244 2619 3290 et
2644 3237 3050 3306 possessionem
3088 3248 3232 3292 tuam
3265 3241 3533 3295 terminos

1953 3329 2116 3377 terrae
2147 3323 2224 3389 "‘;
2251 3334 2349 3380 ret
2379 3341 2607 3390 rursus,
2647 3345 2665 3378 ι
2707 3328 2819 3398 Ego
2864 3344 2958 3383 ero
2997 3329 3042 3383 ei
3096 3330 3148 3383 in
3177 3329 3426 3393 Patrem,
3477 3341 3531 3386 et

266 3415 388 3484 ipse
411 3415 520 3468 erit
551 3412 686 3467 mihi
715 3413 771 3466 in
798 3410 998 3465 Filium
1028 3411 1112 3464 "1'
1135 3429 1153 3462 ι
1175 3409 1316 3476 Quid
1346 3410 1475 3463 item
1501 3408 1636 3464 illud
1656 3452 1671 3476 ,
1696 3427 1716 3460 ι
1741 3409 2002 3466 Dominus
2034 3413 2172 3482 pluit
2204 3413 2381 3484 ignem
2449 3424 2502 3470 et
2538 3415 2770 3485 sulphur
2835 3432 2864 3470 a
2911 3415 3140 3472 Domino
3208 3418 3330 3471 '°?t
3367 3418 3530 3502 .Quitl

271 3524 402 3563 vero
431 3526 499 3563 ex
532 3522 771 3578 persona
803 3507 899 3561 Dei
928 3507 1091 3561 etiam
1145 3505 1318 3571 illud,
1381 3525 1400 3556 ι
1460 3505 1524 3576 Et
1572 3507 1754 3560 omnis
1813 3509 1904 3576 qui
1968 3507 2226 3564 effuderit
2264 3511 2583 3580 sanguinem
2628 3511 2901 3574 hominis,
2953 3527 3053 3582 pro
3100 3515 3365 3582 sanguine
3415 3515 3540 3583 ejus

275 3598 614 3662 cil‘tmdetur,
644 3596 775 3666 quia
806 3596 862 3649 in
896 3595 1131 3665 imagine
1157 3593 1250 3648 Dei
1286 3594 1385 3648 feci
1418 3595 1692 3650 hominem
1725 3597 1850 3649 “?t
1896 3596 2064 3654 Vides
2098 3597 2267 3654 Deum
2299 3600 2353 3653 in
2379 3599 2609 3669 imagine
2636 3599 2733 3653 Dei
2761 3600 2955 3655 fecisse
2981 3602 3003 3653 ?

344 3714 420 3766 T6
453 3712 510 3765 δὲ
539 3711 599 3763 ὲν
634 3711 698 3780 τῇ
741 3708 934 3778 Ἒξόδῳ
965 3706 1080 3770 πῶς
1118 3707 1362 3777 νοητέον·
1400 3729 1417 3760 ι
1452 3709 1561 3762 Kal.
1599 3709 1858 3779 ὀρθρίσας

275 3804 520 3872 Πωῦσῆς
551 3801 718 3871 ἀνέϐη
744 3802 821 3863 εἰς
857 3800 914 3852 τὸ
950 3799 1074 3869 ὄρος
1099 3799 1158 3850 τὸ
1184 3800 1333 3862 Σινᾶ,
1361 3799 1545 3853 καθότι
1579 3800 1861 3867 συνέταξεν

275 3898 424 3968 αὐτῷ
469 3895 695 3966 Κύριος.
747 3894 859 3946 Kal.
904 3891 1060 3944 ἔλαϐε
1104 3892 1342 3964 Μωῦσῆς
1375 3894 1472 3955 τὰς
1519 3893 1731 3956 πλάκας
1765 3893 1863 3957 τὰς

275 3989 505 4049 λιθίνας.
536 3986 648 4040 Καὶ
675 3984 876 4054 κατέὸη
921 3984 1122 4052 Κύριος
1149 3987 1205 4038 ὲν
1229 3984 1426 4056 νεφέλῃ
1449 4026 1462 4046 ,
1490 3985 1584 4038 καὶ
1617 3985 1862 4056 παρέστη

278 4083 426 4143 ἐκεῖ,
469 4079 564 4132 καὶ
600 4076 825 4146 ἐλάλησε
856 4076 930 4146 (7)
951 4075 1029 4144 τῷ
1066 4077 1290 4145 ὀνόματι
1321 4075 1546 4146 Κυρίου.
1576 4077 1686 4129 Καὶ
1719 4093 1864 4147 παρ-

281 4171 413 4241 ῆλθε
442 4169 650 4238 Κύριος
677 4168 785 4220 ἀπὸ
827 4166 1115 4238 προσώπου
1156 4165 1362 4237 Κυρίου
1386 4167 1482 4237 (8).
1521 4188 1538 4219 ι
1573 4169 1728 4230 Ποῖος
1761 4167 1869 4238 ἄρα

282 4264 515 4332 ὲλάλησε
559 4259 760 4330 Κύριος
806 4261 861 4311 έν
905 4259 1126 4326 ὀνόματι
1152 4259 1390 4328 Κυρίου;
1439 4261 1530 4311 καὶ
1557 4262 1705 4322 ποῖος
1729 4277 1870 4330 παρ-

284 4356 410 4426 ῆλθε
451 4354 657 4426 Κύριος
700 4352 808 4404 ἀπὸ
859 4349 1147 4422 προσώπου
1191 4351 1426 4420 Κυρίου;
1461 4353 1526 4404 Τί
1565 4352 1619 4404 δὲ
1651 4353 1710 4404 τὸ
1735 4353 1871 4426 πρὸς

297 4444 494 4500 Ἰακὼϐ
531 4444 608 4514 (9)
648 4440 958 4512 εἰρημένον,
1009 4459 1026 4491 ι
1088 4441 1231 4509 Ἐγώ
1273 4443 1387 4511 είμι
1418 4443 1446 4494 6
1485 4441 1668 4510 ὀφθείς
1709 4459 1789 4494 σοι
1818 4443 1876 4494 ἐν

357 4601 402 4631 ’³
443 4599 585 4654 Gen.
618 4613 749 4651 xvm
775 4636 788 4656 ,
823 4595 942 4650 1-5.
1023 4595 1065 4626 ¹⁴
1101 4594 1230 4651 ibid.
1269 4595 1331 4655 9.
1373 4595 1456 4650 10.
1537 4596 1579 4628 ’⁵
1619 4594 1752 4651 Gen.
1791 4612 1845 4650 xt

1958 4635 1973 4650 .
2053 4595 2096 4628 ¹⁶
2135 4594 2278 4648 Psal.
2311 4610 2397 4650 σιτ(
2422 4638 2436 4659 ,
2473 4595 2530 4649 5.

2036 3711 2321 3778 Quomodo
2349 3719 2528 3767 autem
2560 3711 2972 3782 intelligendum
3005 3719 3089 3767 est
3115 3711 3279 3775 illud,
3309 3711 3451 3782 quod
3483 3713 3536 3766 in

1967 3799 2158 3856 Exodo
2188 3803 2455 3873 scriptum
2500 3809 2583 3856 est
2621 3819 2633 3855 :
2679 3820 2697 3852 ι
2743 3800 2808 3855 Ει
2848 3817 3006 3857 mane
3047 3817 3282 3872 surgens
3328 3803 3543 3873 Moyses

1971 3894 2220 3947 ascendit
2251 3895 2306 3948 in
2337 3901 2578 3948 montem
2612 3891 2741 3948 Sina
2762 3933 2776 3958 ,
2813 3894 2958 3948 sicut
2991 3895 3249 3962 praecepit
3277 3894 3325 3948 ei
3361 3893 3543 3947 Domi-

1971 3999 2097 4037 nus.
2135 3983 2200 4035 Et
2233 3985 2469 4052 sumpsit
2518 3983 2730 4054 Moyses
2763 3984 2982 4038 tabulas
3025 3985 3292 4054 lapideas.
3339 3986 3402 4038 Et
3449 3987 3544 4053 de-

1973 4073 2183 4128 scendit
2214 4074 2477 4129 Dominus
2507 4076 2561 4128 in
2597 4076 2774 4138 nube,
2809 4084 2864 4129 et
2896 4077 3069 4130 astitit
3101 4077 3212 4131 illic
3233 4118 3246 4141 ,
3283 4087 3337 4132 et
3387 4080 3545 4133 locu-

1975 4172 2064 4218 tus
2101 4172 2186 4218 est
2211 4164 2432 4218 nomine
2458 4164 2696 4218 Domini.
2728 4165 2794 4218 Et
2830 4168 3051 4222 transiit
3091 4167 3354 4222 Dominus
3391 4185 3419 4222 a
3459 4170 3542 4223 l'a-

1975 4257 2059 4311 cie
2096 4256 2312 4309 Domini
2348 4258 2391 4286 "
2412 4258 2435 4308 ’ἰ
2459 4275 2476 4306 ι
2498 4256 2632 4322 Quis
2663 4272 2794 4321 ergo
2830 4256 3092 4314 Dominus
3127 4260 3346 4313 locutus
3376 4267 3461 4312 est
3492 4261 3548 4314 in

1976 4347 2196 4401 nomine
2229 4345 2480 4400 Domini.
2512 4353 2566 4400 et
2598 4347 2721 4415 quis
2755 4345 3018 4403 Dominus
3049 4348 3306 4402 transivit
3342 4363 3370 4400 a
3408 4347 3548 4402 facie

1985 4437 2410 4504 Domini‘LQuid
2441 4443 2602 4493 etiam
2633 4454 2738 4494 sun
2774 4451 2886 4494 \‘llll
2919 4441 3050 4494 illud
3093 4441 3238 4511 quod
3278 4441 3342 4494 ad
3380 4439 3549 4496 Iacob

2605 4597 2646 4628 ¹⁷
2687 4595 2832 4650 Psal.
2873 4612 3022 4661 Lxxr,
3062 4597 3148 4652 l7.
3228 4597 3270 4629 ¹⁸
3308 4595 3452 4652 Psal.
3487 4611 3550 4662 ιι,

291 4669 352 4734 Ἰ,
386 4670 442 4725 8.
520 4671 566 4700 "
604 4669 648 4721 ll
680 4668 814 4736 Reg.
851 4681 958 4731 vn,
992 4665 1075 4718 M.
1154 4667 1198 4696 ²⁰
1240 4665 1378 4720 Gen.
1438 4682 1568 4732 χιιι,
1599 4666 1688 4720 24.
1768 4669 1810 4698 ²¹

1949 4683 1989 4720 ι.
2027 4682 2118 4734 tx,
2151 4666 2206 4721 6.
2283 4667 2326 4696 "
2370 4666 2540 4720 Exod.
2580 4681 2772 4730 χχχιιι,
2806 4667 2924 4720 4σ6.

359 4826 438 4897 (ι)
483 4823 733 4897 Romana
943 4821 1308 4897 Interpretum
1345 4821 1600 4897 editio_et
1625 4820 1878 4897 Justinus

296 4891 499 4966 Μαι-ἵξι-
550 4894 1105 4966 ιθείῑηεὶστὴκεισαν.
1133 4893 1324 4966 *ἐπάνω
1365 4891 1561 4966 αὑτοῦ,
1623 4893 1714 4946 καὶ
1756 4891 1877 4966 ἰδὼν

296 4961 695 5084 ἰτροσέδραιὸεν.
723 4963 801 5084 Ital
846 4965 1008 5015 etiam
1044 4963 1172 5032 legit
1216 4961 1416 5017 Euseb.
1458 4963 1612 5016 Dem.
1643 4961 1877 5032 evangel.

319 5038 389 5084 ih.
413 5053 469 5084 ν.
499 5053 549 5084 (ι.
623 5077 636 5084 -
669 5041 722 5084 el.
754 5033 866 5084 aii.

296 5033 389 5090 lib.
413 5053 469 5096 γ,
499 5033 549 5087 c.
582 5033 636 5090 9.
669 5041 722 5087 et
754 5033 866 5085 alii.

365 5107 444 5174 (5)
473 5103 532 5157 ιη
561 5103 808 5174 Romana
831 5101 972 5155 LXX
1001 5103 1363 5174 interpretum
1393 5101 1634 5174 editione
1656 5112 1739 5155 est
1769 5110 1886 5174 tan:

299 5171 439 5237 tum,
474 5176 612 5228 Ante
651 5172 816 5226 salem
837 5173 1157 5241 permanebit
1185 5188 1372 5225 nomen
1406 5171 1542 5238 ejus.
1581 5171 1671 5225 Vel
1711 5180 1766 5224 ttt
1791 5171 1884 5224 alii

300 5246 485 5307 codd.,
501 5243 717 5298 Nobilio
736 5251 893 5306 teste,
916 5244 1117 5310 legunt,
1131 5252 1434 5311 permanet;
1454 5241 1547 5295 sed
1575 5244 1629 5295 in
1649 5242 1888 5296 editione

303 5317 392 5369 illa
437 5313 783 5368 Psaltet'iiex
817 5313 1132 5367 eorumdem
1169 5311 1302 5364 LXX
1322 5313 1677 5381 interpretum
1709 5321 1890 5364 trans-

304 5386 526 5446 latione,
559 5398 728 5454 quam
763 5381 1065 5437 Romanam
1094 5392 1309 5446 vocant,
1330 5391 1395 5454 et
1446 5383 1892 5454 ltalzeantiquis-

303 5457 457 5510 sione
491 5453 770 5509 versionis
801 5461 1009 5522 partem
1049 5467 1173 5522 esse
1211 5453 1464 5516 credunt,
1509 5453 1724 5521 legitur,
1758 5455 1893 5522 Ante

303 5525 467 5579 solem
499 5521 831 5594 permanebit
862 5538 1048 5594 nomen
1081 5521 1232 5594 ejns:
1263 5531 1313 5594 et
1357 5532 1478 5594 ante
1528 5525 1710 5594 lunam
1743 5521 1890 5576 sedes

305 5596 440 5664 ejus,
484 5591 548 5648 ut
591 5593 896 5664 videreest
928 5594 981 5646 in
1013 5591 1538 5664 d_u_plicis_Psalterii
1584 5592 1888 5664 editionea

307 5661 620 5721 clarissimo
646 5663 768 5732 viro
789 5661 1026 5732 lose-pho
1047 5661 1216 5716 Maria
1231 5661 1399 5732 Caro,
1426 5663 1561 5732 alias
1592 5661 1888 5716 Thomasio

311 5744 627 5805 procurata.
686 5731 835 5787 lianc
885 5731 1066 5803 itaque
1116 5731 1404 5788 lectionem
1460 5731 1741 5804 Nysseuus
1800 5746 1887 5788 se-

2025 4822 2192 4878 uitur.

1984 4837 2217 4960 (ιυίθῗῗιι
2242 4889 2505 4944 Vaticano
2530 4891 2718 4944 codice
2745 4898 2848 4952 est,
2886 4891 2949 4944 ὲκ
2968 4891 3256 4959 προσώπου
3282 4889 3374 4960 τοῦ
3397 4891 3558 4957 Θεοῦ,

1984 4965 2078 5015 καὶ⁹
2105 4959 2183 5022 τὸ,
2219 4962 2315 5014 καὶ
2339 4963 2465 5024 πᾶς,
2499 4969 2604 5015 etc.
2631 4979 2644 5014 :
2669 4975 2769 5015 nos
2801 4972 3136 5029 postremum
3166 4959 3319 5018 illud.
3352 4963 3444 5014 καὶ
3473 4963 3554 5024 τό,

1985 5032 2276 5087 delendum
2305 5031 2646 5097 censuimus,
2679 5045 2805 5086 cum
2831 5046 2932 5085 nec
2959 5030 3014 5084 in
3048 5029 3278 5097 Siphaui
3308 5034 3560 5087 versione

1987 5102 2321 5157 reperiatur.

2053 5117 2441 5242 ﬁrmiter...
2459 5169 2602 5224 LXX
2646 5170 3010 5242 Intekrpretum
3037 5175 3399 5242 eattto__tegtt,
3431 5172 3559 5225 ὲκάο

1988 5239 2146 5295 λεσε·
2190 5239 2287 5296 sed
2321 5239 3159 5313 et;Eusebiumgaesariensem,
3206 5239 3454 5313 ὲλάλησε,
3488 5244 3563 5295 le-

1987 5314 2138 5384 gisse
2171 5318 2326 5384 notat
2353 5311 2552 5384 ibidem
2586 5309 2857 5384 Nobilius.

2057 5382 2138 5452 (8)
2180 5379 2384 5452 Eadem
2400 5380 2605 5452 _editio.
2636 5381 2729 5452 καὶ
2762 5377 3006 5452 παρῆλθε
3030 5378 3234 5452 Κύριος
3265 5381 3372 5446 πρὸ
3395 5397 3564 5452 προσ.

1986 5448 2136 5506 om
2171 5450 2358 5505 αὑτοῦ.
2390 5449 2458 5504 Et
2491 5450 2707 5521 transiit
2749 5448 3008 5503 Dominus
3044 5448 3165 5502 ante
3196 5450 3383 5518 faciem
3428 5448 3562 5521 ejus.

2058 5521 2136 5593 (9)
2176 5521 2233 5575 ln
2265 5522 2526 5593 Vaticano
2561 5517 2759 5593 codice
2797 5517 3568 5593 recentiori,etin_a|i0,'qtt0

1987 5589 2127 5648 usus
2154 5599 2239 5647 est
2263 5591 2558 5661 Siphauus,
2593 5589 2877 5661 scribitur,
2898 5589 3044 5661 πρὸς
3089 5590 3359 5661 Ἀϐραάμ,
3389 5591 3566 5661 mani-

1994 5661 2138 5718 festo
2173 5649 2382 5717 librarii
2431 5649 2652 5722 errore;
2705 5674 2826 5713 nam
2857 5649 3141 5715 hie'locus
3172 5649 3226 5714 in
3273 5649 3355 5715 iis
3389 5657 3566 5714 Gene-

1995 5748 2122 5789 seos
2151 5732 2446 5802 capitibus,
2485 5731 2540 5786 in
2577 5729 2783 5787 auibus
2817 5729 2884 5786 de
2915 5730 3228 5786 Abraltamo
3248 5743 3432 5785 sermo
3461 5736 3562 5785 est.
