4034 6132
497 288 602 341 I99

1726 289 1786 332 δ.
1863 278 2190 336 GREGORII
2229 277 2520 334 NYSSENI

3635 278 3740 336 200

496 401 634 454 dixit
655 419 700 465 ,ι
727 398 838 469 Ego
865 412 1019 460 sum,
1044 397 1136 466 qui
1168 395 1401 464 apparui
1447 393 1546 448 tibi
1576 394 1630 448 in
1663 394 1783 448 loco
1809 393 1902 450 Dei
1932 394 2049 448 "?i

2163 393 2313 464 τόπῳ
2345 393 2515 457 Θεοῦ;
2555 412 2573 442 ι
2608 391 2732 455 Πῶς
2755 391 2811 443 δε
2841 389 2922 454 τὸ,
2971 409 2988 441 ι
3023 390 3562 461 Προσκυνησάτωσαν
3594 391 3744 462 αὐτῷ

495 485 781 552 Quomodo
813 485 938 537 item
973 483 1177 547 iIlud,«
1201 482 1446 537 Adorent
1487 497 1614 536 eum
1655 498 1845 538 omnes
1885 483 2060 552 angeli

496 573 594 631 Dei
625 577 670 608 ’⁵
697 577 719 630 ?
747 595 766 626 ι
799 575 1006 640 Quem,
1038 580 1092 628 et
1129 573 1288 643 cujus
1324 572 1466 628 Dei?
1498 571 1638 626 Dicit
1672 571 1888 644 Moyses
1916 591 1930 627 :
1955 591 1973 624 ι
2001 571 2064 627 Et

493 665 644 720 dedit
676 664 940 718 Dominus
971 663 1298 727 terminum,
1327 662 1550 716 dicens:
1589 661 1724 718 Cras
1760 661 1922 717 faciet
1960 661 2063 715 Do-

495 756 681 810 minus
733 755 956 809 verbum
1006 755 1110 808 IIOC
1145 767 1310 822 super
1345 762 1546 806 terram
1580 752 1659 819 ’5;
1697 771 1712 803 ι
1746 761 1800 808 οι
1832 766 2059 815 rursus,

501 844 899 908 «Confortare,
941 843 1281 906 Zorobahel,
1331 843 1590 912 quoniam
1632 855 1735 911 ego
1777 841 2062 896 vobiscum

491 953 614 993 sum
638 981 651 1001 ,
687 944 742 992 et
769 935 1007 990 Verbum
1052 951 1233 989 meum
1285 935 1484 988 bonum
1505 972 1521 997 ,
1551 940 1606 987 et
1637 931 1877 1002 Spiritus
1907 946 2062 986 meus

492 1032 544 1083 in
584 1029 764 1083 medio
797 1036 1039 1082 vestrum
1074 1027 1141 1078 “.
1169 1045 1185 1077 ι
1207 1025 1347 1091 Quid
1379 1040 1518 1094 opus
1553 1031 1672 1079 erat
1700 1024 1867 1076 trium
1906 1038 2050 1078 men-

490 1121 695 1173 tionem
728 1119 936 1183 facere,
974 1117 1078 1172 nisi
1113 1117 1541 1185 unumquodque
1581 1114 1638 1168 in
1669 1113 1891 1185 propria
1935 1128 2059 1182 per-

491 1226 626 1264 sona
669 1207 1046 1265 subsisteret?
1091 1206 1156 1259 Et
1201 1221 1430 1260 rursus:
1458 1204 1646 1258 «Dixit
1692 1202 1960 1258 Dominus
1990 1203 2058 1256 ad

495 1302 776 1372 Moysem:
815 1297 1164 1352 Descendens
1205 1305 1408 1351 testare
1444 1294 1644 1364 popqu
1667 1335 1681 1360 ,
1732 1301 1788 1349 et
1833 1290 2060 1362 puriﬁca

488 1393 612 1448 illos
647 1391 808 1444 hodie
841 1397 894 1442 et
919 1403 1084 1453 cras,
1130 1398 1184 1443 et
1225 1387 1408 1441 lavent
1447 1386 1810 1448 vestimenta,
1848 1391 1902 1438 et
1947 1384 2061 1436 sint

489 1482 667 1552 parati
699 1481 754 1535 in
783 1482 924 1535 diem
956 1480 1190 1535 tertiam.
1220 1477 1403 1534 Tertia
1431 1485 1615 1532 autem
1648 1476 1737 1531 die
1765 1474 2060 1532 descendet

490 1575 755 1628 Dominus
786 1573 842 1626 in
874 1580 1112 1627 montem
1146 1571 1278 1625 Sina
1309 1585 1495 1624 coram
1525 1569 1674 1623 omni
1709 1568 1910 1638 popqu
1941 1568 2007 1619 ³⁷.
2033 1584 2051 1618 ι

487 1665 608 1719 Νοιι
647 1665 803 1727 dixit,
840 1663 1196 1719 Descendam.
1226 1681 1244 1714 ι
1274 1660 1342 1714 Ει
1374 1661 1479 1715 erit
1517 1660 1574 1714 in
1603 1657 1919 1714 novissimis
1945 1656 2060 1711 die-

2169 485 2366 547 πάντες
2395 483 2614 552 ἄγγελοι
2639 482 2775 536 Θεοῦ
2796 499 2811 544 ;
2845 502 2862 535 ι
2891 483 3040 547 Τίνι,
3070 483 3164 536 καὶ
3197 482 3354 534 ποίου
3381 482 3546 547 Θεοῦ,
3579 483 3744 548 Λέγει

2169 573 2389 645 Μωσῆς·
2426 593 2444 625 ι
2474 575 2582 626 Kal.
2609 573 2777 626 ἔδωκε
2804 574 3008 644 Κύριος
3031 573 3175 643 ὅρον,
3205 572 3405 641 λέγων’
3448 574 3534 626 Ἐν
3555 576 3621 643 τῇ
3651 572 3748 626 αὖ·

2171 682 2284 736 ριον
2332 665 2519 737 ἡμέρᾳ
2552 665 2766 735 ποιήσει
2798 664 3002 731 Κύριος
3043 664 3103 717 τὸ
3147 665 3297 735 ῥῆμα
3330 664 3487 718 τοῦτο
3525 667 3616 718 ἐπὶ
3643 668 3747 736 τῆς

2167 756 2291 825 γῆς’
2323 776 2341 808 ι
2369 757 2460 809 καὶ
2487 755 2666 810 πάλιν·
2691 775 2707 806 ι
2741 756 2944 825 Ἴσχυε,
2974 754 3295 825 Ζοροϐάϐελ,
3321 755 3452 808 διότι
3479 755 3590 823 ἐγὼ
3624 758 3745 827 μεθ’

2169 846 2323 916 ὑμῶν
2355 848 2490 916 είμι,
2515 846 2609 899 καὶ
2629 851 2656 899 6
2676 845 2846 914 Λόγος
2881 862 2982 915 μου
3020 846 3048 898 6
3077 845 3298 912 ἀγαθὸς,
3325 845 3499 898 καὶτὸ
3519 845 3749 917 Πνεῦμα

2171 953 2272 1007 μου
2302 939 2358 990 ἐν
2388 937 2534 1006 μέσῳ
2557 937 2728 1006 ὑμῶν.
2748 955 2766 988 ι
2803 935 2898 999 Τίς
2918 930 3010 989 οὖν
3035 935 3195 1006 χρεία
3220 935 3387 1005 τριῶν
3417 936 3744 1007 μνησθῆναι,

2169 1028 2217 1079 εἰ
2246 1026 2321 1098 μὴ
2355 1027 2579 1080 ἕκαστον
2610 1029 2667 1079 ἐν
2703 1027 2808 1096 ἰδίᾳ
2843 1027 3168 1093 ὑποστάσει;
3209 1027 3320 1078 Kal.
3360 1028 3542 1081 πάλιν·
3578 1047 3600 1080 ι
3630 1027 3747 1081 Kal.

2167 1113 2287 1170 εἷπε
2327 1118 2528 1188 Κύριος
2566 1118 2704 1187 πρὸς
2743 1118 3014 1187 Μωῦσῆν·
3069 1115 3330 1179 Καταϐὰς
3375 1116 3746 1189 διαμάρτυραι

2165 1207 2243 1278 τῷ
2284 1207 2430 1279 λαῷ,
2483 1209 2576 1261 καὶ
2620 1208 2839 1276 ἅγνισον
2884 1208 3080 1271 αὐτοὺς
3123 1212 3359 1278 σήμερον
3391 1209 3486 1262 καὶ
3525 1207 3743 1279 αὔριον,

2165 1299 2257 1351 καὶ
2280 1299 2631 1353 πλυνάτωσαν
2654 1299 2722 1351 τὰ
2753 1300 2944 1369 ίμάτια
2971 1298 3170 1362 αὐτῶν,
3203 1299 3299 1350 καὶ
3337 1298 3576 1352 ἔστωσαν
3598 1300 3746 1352 ’ἑτοι-

2169 1407 2257 1461 μοι
2284 1392 2362 1454 εἰς
2389 1391 2487 1461 τὴν
2524 1391 2738 1462 ἡμέραν
2765 1391 2864 1463 τὴν
2891 1391 3101 1462 τρίτην.
3133 1391 3211 1461 Τῇ
3239 1389 3346 1460 γὰρ
3374 1391 3554 1461 ἡμέρᾳ
3579 1392 3747 1461 τρίτῃ

2164 1481 2527 1552 καταϐήσεται
2559 1482 2762 1552 Κύριος
2795 1484 2887 1536 ἐπὶ
2929 1484 2990 1536 τὸ
3025 1481 3150 1552 ὅρος
3197 1481 3258 1534 τὸ
3305 1482 3465 1546 Σινᾶ,
3496 1481 3745 1534 ἐναντίον

2163 1573 2363 1636 παντὸς
2413 1571 2509 1625 τοῦ
2551 1571 2704 1628 λαοῦ.
2751 1592 2770 1625 ι
2823 1572 2933 1625 Kal.
2978 1574 3080 1625 οὐκ
3118 1567 3276 1625 εἶπε·
3318 1571 3740 1642 Καταϐήσομαι.

2169 1681 2186 1714 ι
2209 1663 2318 1716 Kal.
2343 1662 2496 1716 ἔσται
2518 1664 2576 1716 ὲν
2611 1665 2731 1725 ταῖς
2759 1663 3014 1733 ἐσχάταις
3051 1664 3304 1734 ἡμέραις,
3337 1661 3481 1730 λέγει
3511 1660 3740 1732 Κύριος,

487 1757 622 1820 bus,
655 1756 789 1810 dicit
818 1755 1078 1809 Dominus
1120 1772 1132 1807 :
1166 1751 1438 1808 effundam
1467 1750 1534 1805 de
1569 1749 1775 1819 Spiritu
1808 1741 1930 1802 meo
1963 1762 2049 1802 su-

2163 1753 2337 1823 ἐκχεῶ
2394 1753 2504 1807 ἀπὸ
2536 1753 2628 1806 τοῦ
2667 1753 2984 1824 Πνεύματός
3024 1771 3124 1824 μου
3169 1754 3263 1807 ἐπὶ
3300 1756 3477 1807 πᾶσαν
3520 1753 3736 1824 σάρκα,

487 1861 586 1916 per
616 1859 835 1899 omnem
865 1857 1118 1905 carnem,
1159 1848 1213 1895 et
1250 1839 1661 1910 prOphctabunt
1709 1837 1805 1892 [iiii
1847 1835 2049 1901 vestri,

2159 1846 2253 1897 καὶ
2291 1843 2757 1915 προφητεύσουσιν
2792 1847 2842 1898 oi.
2875 1845 2982 1898 υἱοὶ
3018 1843 3189 1915 ὑμῶν,
3227 1845 3321 1898 καὶ
3352 1845 3408 1897 ai
3437 1844 3739 1915 Θυγατέρες

485 1945 541 1992 et
585 1937 710 1990 tiliae
763 1943 958 1990 vestrae
1016 1932 1229 1987 somnia
1277 1929 1633 1984 somniabunt
1666 1928 1732 1981 ³³.
1759 1946 1777 1978 ι
1813 1925 1880 1978 Et
1933 1931 2056 1994 post

487 2029 750 2084 nonnulla
773 2045 784 2080 :
807 2045 824 2078 ι
851 2026 945 2080 Sol
973 2031 1326 2080 convertetur
1355 2023 1411 2076 in
1439 2021 1727 2083 tenebras,
1758 2026 1812 2074 et
1841 2017 1970 2070 luna
1999 2017 2054 2070 in

485 2119 811 2190 sanguinem
834 2157 850 2182 ,
886 2124 1178 2186 antequam
1209 2115 1393 2171 veniat
1428 2113 1546 2168 dies
1578 2111 1791 2166 Domini
1824 2123 2054 2180 magnus

483 2220 538 2266 et
559 2210 791 2266 illustris
816 2210 880 2262 ".
897 2228 914 2260 ι
934 2207 1054 2263 Non
1077 2207 1234 2270 dixit,
1257 2205 1409 2260 Diem
1431 2219 1632 2259 meum.
1657 2222 1676 2254 ι
1695 2201 1760 2256 Ει
1782 2202 1906 2266 erit,
1933 2199 2056 2266 qui-

483 2318 700 2372 cunque
728 2299 1064 2358 iuvocaverit
1092 2314 1290 2354 nomen
1318 2295 1569 2361 Domini,
1597 2295 1780 2348 salvus
1808 2293 1912 2348 erit
1934 2292 2002 2344 ³ο.
2029 2308 2047 2340 ι

484 2394 602 2448 Νοιι
632 2395 790 2456 dixit,
825 2391 1033 2446 Nomen
1061 2405 1260 2444 meum.
1297 2387 1360 2440 Et
1396 2401 1589 2440 rursus
1610 2426 1625 2450 ,
1645 2403 1664 2435 ι
1693 2383 1956 2438 Dominus
1986 2382 2054 2436 de

482 2489 623 2542 coelo
650 2486 705 2540 in
730 2493 932 2539 terram
957 2481 1202 2551 aspexit,
1232 2486 1290 2533 ut
1315 2478 1526 2532 videret
1550 2478 1809 2547 gemitum
1834 2489 2054 2543 compc-

481 2579 718 2632 ditorum
745 2595 760 2641 ;
786 2584 843 2629 ut
872 2575 1045 2630 solvat
1077 2571 1216 2625 ﬁlios
1242 2569 1725 2631 mortiﬁcatorum;
1755 2573 1813 2620 ut
1838 2581 2054 2620 annun-

482 2671 581 2724 tiet
620 2669 675 2722 in
721 2665 853 2719 Sion
882 2679 1080 2718 nomen
1114 2660 1329 2716 Domini
1361 2660 1427 2713 ".
1455 2679 1472 2710 ι
1496 2657 1615 2712 Non
1654 2657 1812 2719 dixit,
1844 2655 2051 2708 Nomen

481 2762 621 2828 ejus.
654 2758 715 2811 Et
739 2772 932 2811 rursus
953 2795 968 2819 ,
989 2773 1006 2806 ι
1030 2755 1133 2821 Qui
1159 2754 1359 2808 habitat
1389 2751 1444 2806 in
1471 2751 1626 2805 caelis
1655 2749 1906 2803 irridebit
1931 2763 2050 2809 eos,

478 2863 536 2906 et
580 2850 842 2903 Dominus
891 2845 1252 2902 subsannabit
1294 2859 1389 2898 eos
1433 2843 1542 2896 ³⁸.»
1567 2841 1633 2895 Et
1677 2840 1906 2904 iterum,
1932 2837 2051 2891 «Ad

481 2953 556 3006 te,
600 2941 851 3002 Domine,
879 2938 1128 2994 clamabo
1149 2977 1163 3001 ,
1199 2944 1254 2991 et
1283 2935 1349 2989 ad
1379 2934 1546 2988 Deum
1581 2948 1763 2988 meum
1793 2931 2052 3001 depreca-

481 3037 581 3090 bor
613 3033 678 3086 ³⁸.
733 3030 867 3097 Quis
887 3030 1067 3117 'igitur
1106 3027 1374 3080 Dominus
1403 3023 1546 3093 apud
1577 3022 1789 3076 Deum?
1821 3019 1895 3073 Ex
1925 3034 2051 3117 per-

2159 1933 2310 2004 ὑμῶν
2345 1934 2571 1988 ἐνύπνια
2610 1933 3146 2004 ἐνυπνιασθήσονται.
3200 1952 3218 1985 ι
3260 1933 3370 1986 Kal
3412 1932 3554 2003 μετά
3585 1948 3730 1984 τινα’

2162 2043 2180 2076 ι
2229 2025 2286 2078 '0
2321 2026 2473 2095 ἥλιος
2514 2025 3024 2095 μεταστραφήσεται
3069 2025 3150 2086 είς
3191 2023 3400 2084 σκότος,
3438 2024 3532 2075 καὶ
3573 2024 3607 2092 ἡ
3644 2039 3741 2074 σε·

2154 2119 2289 2192 λήνη
2324 2120 2408 2184 είς
2449 2114 2610 2190 αἷμα,
2647 2120 2778 2189 πρὶν
2811 2117 2983 2170 ἐλθεῖν
3020 2116 3118 2187 τὴν
3151 2116 3364 2187 ἡμέραν
3397 2114 3602 2185 Κυρίου
3637 2113 3740 2185 τὴν

2157 2211 2401 2282 μεγάλην
2421 2211 2517 2264 καὶ
2545 2209 2806 2278 ἐπιφανῆ.
2838 2227 2856 2260 ι
2889 2209 3000 2262 Οὐκ
3023 2203 3176 2260 εἷπε⁵
3210 2208 3320 2260 Τὴν
3363 2206 3572 2276 ἡμέραν
3608 2222 3736 2274 μου.

2162 2322 2181 2356 ι
2212 2305 2323 2356 Kal.
2364 2302 2540 2366 ἔσται,
2581 2301 2640 2363 ὃς
2670 2296 2737 2354 ἂν
2770 2298 3160 2368 ἐπικαλέσηται
3199 2299 3260 2350 τὸ
3288 2297 3457 2366 ὄνομα
3488 2296 3694 2366 Κυρίου
3720 2335 3736 2359 ,

2156 2391 2478 2461 σωθήσεται.
2507 2409 2526 2442 ι
2549 2391 2659 2443 Kal
2678 2391 2778 2444 οὐκ
2804 2385 2952 2443 εἷπε·
2981 2389 3054 2442 T6
3071 2389 3240 2459 ὄνομά
3265 2405 3386 2457 μου.
3413 2388 3522 2441 Ka‘.
3547 2387 3733 2442 πάλιν·

2157 2502 2176 2535 ι
2213 2483 2415 2553 Κύριος
2449 2484 2514 2536 ὲκ
2541 2482 2638 2536 ’τοῦ
2664 2475 2893 2553 οὐρανοῦ
2923 2484 3016 2535 ἐπὶ
3045 2481 3144 2552 τὴν
3173 2481 3276 2551 γῆν
3306 2479 3570 2549 ὲπέϐλεψε
3590 2520 3603 2541 .
3634 2479 3735 2533 τοῦ

2155 2573 2281 2626 [δεῖν
2302 2573 2414 2642 (10)
2443 2573 2534 2627 τὸν
2560 2573 2860 2644 στεναγμὸν
2880 2573 2988 2627 τῶν
3014 2572 3423 2644 πεπεδημένων,
3451 2571 3543 2624 τοῦ
3572 2571 3736 2626 λῦσαι

2149 2661 2276 2723 τοὺς
2316 2661 2467 2725 υἱοὺς
2507 2662 2616 2716 τῶν
2654 2661 3137 2732 τεθανατωμένων,
3180 2660 3274 2713 τοῦ
3315 2659 3633 2728 ἀναγγεῖλαι
3674 2662 3736 2712 ἐν

2149 2749 2288 2806 Σιὼν
2316 2752 2380 2805 τὸ
2404 2752 2573 2824 ὅνομα
2604 2753 2831 2825 Κυρίου.
2859 2773 2877 2806 ι
2917 2755 3031 2807 υῦκ
3052 2749 3203 2806 εἷπε·
3234 2754 3307 2806 Τὸ
3331 2753 3501 2824 ὖνομα
3543 2754 3731 2808 αὑτοῦ.

2154 2843 2264 2896 Kal.
2293 2843 2456 2898 πάλιν
2480 2861 2492 2874 ·
2536 2863 2556 2897 ι
2599 2843 2659 2900 '0
2695 2845 2964 2899 κατοικῶν
2998 2847 3057 2899 ὲν
3090 2846 3338 2914 οὐρανοῖς
3379 2846 3736 2914 ὲκγελὰσεται

2149 2935 2364 3001 αὐτοὺς,
2395 2937 2489 2989 καὶ
2511 2937 2539 2990 6
2567 2935 2770 3008 Κύριος
2795 2935 3157 3008 ὲκμυκτηριεῖ
3181 2935 3397 2999 αὐτούς.
3438 2955 3456 2989 ι
3487 2937 3598 2989 Kal.
3627 2937 3736 2991 πάι

2149 3027 2233 3080 λιν
2259 3044 2272 3058 ’
2309 3045 2328 3080 ι
2366 3028 2511 3099 Πρὸς
2559 3029 2653 3096 σὲ,
2694 3028 2897 3100 Κύριε,
2929 3029 3286 3101 κεκράξομαι.
3328 3029 3423 3082 καὶ
3466 3029 3599 3100 πρὸς
3635 3029 3733 3081 τὸν

481 3139 618 3182 sona
649 3121 820 3190 Βθὶ,ι
848 3108 1104 3174 subverti
1138 3134 1265 3181 vos,
1297 3116 1440 3171 sicut
1469 3113 1740 3170 subvertit
1771 3112 1913 3166 Deus
1943 3108 2046 3164 So-

2155 3117 2282 3170 Θεόν
2306 3134 2407 3186 μου
2443 3117 2796 3188 δεηθήσομαι.
2836 3136 2854 3169 ι
2890 3117 2985 3182 Τίς
3027 3112 3122 3170 οὖν
3153 3119 3182 3170 6
3221 3115 3424 3187 Κύριος
3458 3116 3606 3186 παρὰ
3649 3116 3735 3186 τῷ

477 3215 720 3277 demam,
764 3219 818 3268 et
863 3209 1224 3264 Gomorrham
1264 3206 1330 3262 “.
1374 3203 1463 3277 [Et
1493 3200 1683 3274 Isaias]
1713 3201 1932 3271 quando
1967 3201 2048 3254 vi—

478 3307 560 3362 dit
590 3303 816 3375 gloriam
859 3302 979 3372 ejus
1009 3302 1052 3332 "
1077 3300 1209 3371 (II).
1239 3297 1497 3358 Domine,
1533 3295 1658 3363 quis
1690 3291 1922 3346 credidit
1953 3305 2052 3346 au-

479 3399 619 3454 dittti
664 3395 898 3452 nostro?
941 3402 996 3447 et
1039 3391 1322 3448 brachium
1367 3385 1581 3442 Domini
1627 3385 1714 3439 cui
1751 3383 2048 3438 revelatum

478 3499 565 3546 est
591 3490 637 3520 ³⁶
658 3490 716 3542 ξ’»
737 3485 854 3541 Non
885 3486 1042 3548 dixit,
1069 3483 1134 3536 Et
1158 3481 1440 3537 brachium
1474 3485 1650 3531 tuum.
1681 3474 1758 3529 En
1780 3514 1794 3539 ,
1827 3473 1938 3528 Deo
1961 3474 2051 3543 ju-

478 3590 674 3645 vante,
712 3579 1034 3649 hypostases
1066 3583 1268 3630 sancta:
1300 3579 1354 3626 et
1391 3567 1773 3626 substantialis
1806 3564 2052 3621 Trinita-

479 3675 552 3729 tis
576 3712 591 3733 ,
630 3669 879 3742 pluribus
910 3678 1036 3725 sunt
1068 3667 1480 3721 demonstratae.

530 3900 592 3954 ιι.
631 3897 882 3966 Ejusdem
937 3895 1047 3947 alia
1093 3893 1155 3946 de
1189 3891 1414 3945 adventu
1463 3888 1682 3943 Domini
1730 3887 1786 3940 in
1822 3901 2007 3939 carne.

555 4091 574 4124 ι
603 4072 698 4126 IIic
725 4080 808 4126 est
851 4069 993 4125 Deus
1032 4079 1237 4131 noster,
1266 4076 1320 4122 et
1371 4080 1481 4120 non
1510 4061 1877 4119 mstimabitur
1905 4059 2047 4115 alius

477 4165 546 4220 ad
605 4178 751 4217 eum.
805 4161 1090 4216 Atlinvenit
1174 4173 1388 4213 omnem
1443 4157 1584 4210 viam
1647 4153 1892 4209 scientiae
1924 4193 1940 4215 ,
1991 4157 2047 4206 et

2151 3209 2302 3280 0εῷ;
2359 3210 2452 3263 Ἐκ
2484 3209 2775 3281 προσώπου
2810 3208 2903 3264 τοῦ
2932 3208 3090 3263 Θεοῖν
3122 3229 3141 3262 ι
3177 3208 3537 3280 Κατέστρεψα
3564 3209 3731 3278 ὑμᾶς,

2151 3298 2332 3362 καθὼς
2354 3299 2719 3372 κατέστρεψεν
2748 3303 2778 3354 6
2808 3300 2942 3363 Θεὸς
2969 3300 3177 3372 Σόδομα
3206 3300 3300 3354 καὶ
3327 3301 3608 3372 Γόμορρα,
3639 3301 3732 3366 ὅτε

2151 3386 2259 3443 εἶδε
2281 3390 2378 3462 τὴν
2399 3391 2556 3456 δόξαν
2578 3391 2765 3447 αὑτοῦ.
2808 3392 3003 3464 Κύριε,
3033 3392 3116 3456 τίς
3141 3393 3461 3446 ἐπίστευσεν
3493 3395 3557 3464 τῇ
3590 3395 3731 3465 ἀκοῇ

2153 3481 2345 3552 ἡμῶν;
2380 3483 2475 3536 καὶ
2508 3484 2537 3535 6
2581 3482 2820 3554 βραχίων
2853 3483 3057 3554 Κυρίου
3077 3524 3092 3550 ,
3122 3483 3227 3537 τίνι
3265 3483 3663 3553 ἀπεκαλύφθης
3707 3503 3728 3536 ι

2151 3574 2264 3628 Οὐκ
2292 3569 2443 3626 εἷπε·
2485 3575 2595 3629 Kal.
2633 3576 2662 3627 6
2717 3575 2955 3645 βραχίων
3002 3591 3118 3628 σου.
3174 3575 3302 3628 ’ἰδοὺ
3357 3575 3734 3630 ἀποδέδεικται

2157 3663 2252 3715 σὺν
2277 3662 2396 3732 Θεῷ
2420 3662 2507 3715 διὰ
2537 3663 2798 3718 πλειόνων
2824 3663 2924 3734 τῆς
2951 3665 3111 3732 ἁγίας
3135 3663 3229 3717 καὶ
3250 3664 3534 3733 ὁμοουσίου
3558 3665 3734 3734 Τριά-

2154 3750 2240 3817 δος
2269 3756 2324 3808 αἱ
2359 3753 2703 3818 ὑποστάσεις.

2156 3888 2228 3941 B'.
2262 3887 2371 3942 Τοῦ
2392 3889 2576 3942 αὐτοῦ
2591 3888 2760 3955 ἔτερα
2786 3887 2915 3954 περὶ
2937 3885 3044 3957 τῆς
3065 3887 3362 3957 ἐγσὰρκου
3383 3887 3486 3940 τοῦ
3505 3887 3732 3955 Κυρίου

2764 3959 3115 4025 παρουσίας.

2230 4086 2248 4118 ι
2281 4060 2448 4131 Οὗτος
2465 4068 2493 4120 ὁ
2513 4066 2644 4130 Θεὸς
2670 4065 2828 4137 ἡμῶν
2847 4082 2861 4096 ·
2891 4067 2951 4119 οὐ
2982 4067 3357 4138 λογισθήσεται
3379 4067 3562 4139 ἕτερος
3585 4067 3728 4138 πρὸς

2152 4159 2334 4212 αὐτόν.
2376 4157 2594 4229 Ἐξεῦρε
2638 4159 2816 4212 πᾶσαν
2852 4158 2969 4213 ὁδὸν
3008 4160 3352 4229 ἐπιστήμης,
3387 4159 3480 4212 xal.
3520 4157 3726 4212 ἔδωκεν

476 4255 627 4312 dedit
669 4269 785 4308 cam
817 4252 982 4307 Jacob
1023 4266 1190 4322 puero
1237 4265 1359 4313 suo,
1395 4256 1450 4304 et
1484 4247 1649 4304 Israel
1681 4245 1881 4300 dilecto
1919 4258 2043 4299 suo.

2155 4250 2317 4320 αὐτὴν
2358 4249 2551 4304 Ἰακὼϐ
2573 4249 2651 4320 τῷ
2685 4250 2834 4302 παιδὶ
2857 4249 3021 4303 αὑτοῦ
3041 4290 3055 4314 ,
3096 4251 3192 4303 xal.
3251 4249 3463 4321 Ἰσραὴλ
3497 4249 3608 4319 (12)
3640 4247 3724 4319 τῷ

479 4347 602 4400 I’ost
652 4346 766 4399 haec
825 4352 1005 4397 autem
1037 4345 1092 4396 in
1130 4343 1292 4397 terris
1327 4341 1480 4396 visus
1528 4339 1630 4393 fuit
1655 4379 1669 4405 ,
1701 4346 1756 4392 et
1787 4349 1914 4391 cum
1939 4335 2044 4388 ho-

2155 4341 2488 4413 ἠγαπημένῳ
2509 4343 2696 4396 αὑτοῦ.
2715 4341 2870 4397 Μετὰ
2887 4343 2943 4395 δὲ
2960 4341 3133 4396 ταῦτα
3160 4340 3252 4395 ἐπὶ
3279 4343 3378 4412 τῆς
3408 4342 3510 4410 γῆς
3535 4339 3718 4411 ὤφθη,

475 4438 716 4492 minibus
746 4444 1104 4490 conversatus
1157 4433 1374 4489 est”.o
1429 4431 1586 4495 Item,
1649 4449 1668 4482 ‹
1722 4428 1866 4483 Deus
1927 4440 2044 4480 ma-

475 4529 675 4583 nifeste
739 4525 952 4590 veniet,
994 4525 1136 4581 Deus
1190 4531 1397 4588 noster,
1451 4531 1648 4578 etnon
1711 4521 1893 4577 silebit
1914 4521 1978 4573 ³⁸.
2017 4538 2036 4572 ι

475 4619 542 4674 Et
581 4634 770 4674 rursus
794 4658 808 4681 ,
842 4639 860 4669 ι
899 4615 1182 4672 Videbitur
1214 4616 1354 4672 Deus
1399 4615 1622 4670 deorum
1666 4615 1720 4668 in
1759 4611 1891 4668 Sion
1922 4612 1986 4666 ”.
2017 4631 2035 4664 ι

545 4755 593 4787 *³
630 4753 762 4808 Gen.
801 4766 964 4813 xxxt,
1033 4752 1118 4808 l3.
1192 4753 1237 4783 “
1273 4750 1416 4805 PsaI.
1475 4765 1594 4804 xcw
1621 4789 1636 4811 ,
1680 4750 1744 4814 7;

1802 4748 1965 4804 IIebr.
2024 4763 2078 4812 ι,
2110 4747 2162 4802 6.
2238 4749 2285 4780 ’⁸
2326 4748 2476 4814 Exod
2514 4768 2603 4814 lx,
2653 4751 2706 4806 5.

2149 4431 2243 4484 καὶ
2265 4435 2374 4496 τοῖς
2401 4433 2708 4504 ἀνθρώποις
2741 4434 3168 4505 συνανεστρὰφη.
3203 4452 3220 4484 ι
3247 4463 3318 4472 —
3349 4452 3366 4484 ι
3392 4434 3449 4485 Ὁ
3468 4431 3598 4494 Θεὸς
3618 4432 3721 4502 ὲμδ

2149 4523 2328 4591 φανῶς
2367 4518 2505 4596 ἡξει,
2538 4527 2566 4578 6
2599 4525 2730 4588 Θεὸς
2749 4526 2926 4597 ἡμῶν,
2949 4527 3042 4578 καὶ
3069 4526 3129 4578 οὐ
3159 4525 3664 4596 παρασιωπὴσεται.
3695 4542 3715 4575 ι

2147 4615 2258 4669 Καὶ
2281 4615 2459 4670 πάλιν·
2493 4634 2512 4668 ι
2555 4616 2878 4688 Ὀφθὴσεται
2899 4618 2928 4670 6
2951 4617 3082 4681 Θεὸς
3106 4617 3212 4671 τῶν
3245 4616 3380 4670 θεῶν
3405 4619 3462 4670 ἐν
3492 4616 3650 4669 Σιών.
3696 4636 3714 4667 ι

2785 4753 2830 4782 ’⁸
2869 4751 3046 4821 Aggzei
3101 4768 3167 4814 II,
3201 4751 3269 4816 5,
3326 4750 3379 4805 6.
3457 4752 3500 4781 ’⁷
3543 4750 3717 4807 Exod.

475 4842 595 4885 χιχ,
629 4823 726 4887 10,
776 4823 831 4876 Η
933 4825 979 4854 ³⁸
1017 4820 1133 4876 Joel
1170 4841 1236 4885 Il,
1270 4821 1363 4874 28.
1444 4821 1487 4851 ²⁹
1532 4821 1663 4874 ibid.
1698 4821 1790 4873 5i.
1867 4820 1913 4851 ⁸⁰
1953 4819 2088 4874 ibid.
2121 4819 2211 4873 3‘2.
2287 4818 2332 4850 ³¹
2372 4818 2518 4876 Psal.
2549 4837 2623 4882 CI,
2653 4821 2745 4883 20,
2774 4821 2864 4873 22.
2923 4818 2986 4852 ’⁸⁷³
3031 4821 3172 4874 Psul.
3212 4838 3248 4874 tt
3278 4861 3291 4878 .
3329 4821 3383 4874 4.
3469 4821 3516 4856 ³³
3557 4821 3715 4880 Psal.

477 4910 603 4969 xxix
630 4894 738 4969 ,_9.
815 4893 862 4923 ³⁸
900 4895 1066 4969 Amos
1101 4909 1172 4960 tv,
1206 4894 1290 4948 II.
1367 4891 1412 4922 ³⁵
1451 4889 1606 4944 Joan.
1645 4905 1756 4969 xu,
1788 4889 1876 4942 AI.
1954 4889 1999 4922 "
2039 4887 2049 4940 I

2176 4904 2306 4955 LIII,
2341 4891 2393 4944 1.
2472 4890 2514 4922 ³⁷
2556 4890 2769 4946 Baruch
2802 4906 2901 4956 ιιι,
2929 4891 3119 4947 56-58.
3197 4891 3242 4922 ⁸⁸
3279 4889 3425 4945 Psal.
3461 4906 3621 4956 xux,
3657 4894 3715 4948 5.

475 4964 520 4998 ³ο
558 4963 703 5018 Psal.
736 4979 966 5029 Lxxxttt,
997 4961 1050 5016 8.

471 5103 580 5142 non
622 5087 922 5155 reperitur;
980 5100 1079 5140 nos
1123 5092 1302 5139 autem
1357 5082 1610 5155 mendum
1655 5082 1799 5139 istud
1844 5090 2038 5140 sustu-

473 5159 656 5225 limus,
683 5154 763 5212 fex
806 5157 940 5211 Gen.
995 5171 1113 5225 cap.
1158 5169 1306 5225 χχχι.
1356 5154 1444 5225 I5,
1476 5154 1530 5207 in
1563 5170 1673 5224 quo
1723 5156 1836 5209 haec
1864 5155 2030 5209 verba

472 5224 758 5280 Dominum
800 5227 1002 5279 Jacobo
1043 5223 1245 5279 dixisse
1275 5223 1522 5292 legimus.

541 5295 650 5364 (10)
692 5294 890 5364 Eadem
924 5296 1109 5359 editio,
1156 5293 1247 5364 τοῦ
1296 5293 1546 5364 ἀκοῦσαι,
1575 5304 1630 5346 ut
1661 5294 1885 5348 audiret.

543 5361 654 5433 (II)
696 5363 820 5417 Ilaec
859 5365 1019 5418 verba
1047 5365 1125 5417 nil
1174 5363 1239 5416 ad
1271 5380 1381 5418 rem
1413 5363 1593 5420 facere
1630 5365 1901 5419 videntur.
1943 5361 2031 5417 Si-

468 5433 681 5505 phanus
729 5434 922 5505 inrsua
968 5434 1340 5505 versionersic
1387 5434 1566 5505 habet,
1628 5433 1869 5505 Subveni
1914 5449 2025 5498 vos,

466 5502 903 5574 quemadmodum
937 5503 1180 5558 subvertit
1219 5504 1355 5558 Deus
1387 5503 1692 5566 Sodomam,
1733 5513 1783 5555 et
1813 5502 2030 5574 Gomor-

467 5573 739 5646 ram._(Et
788 5573 986 5644 Isaias)
1034 5574 1243 5644 quando
1290 5574 1690 5646 viditfglort'ram
1737 5575 1884 5640 ejus;
1926 5573 2030 5646 sed

468 5647 591 5714 quia
631 5643 781 5700 Isaia:
810 5661 1007 5699 nomen
1039 5643 1401 5699 Semicirculis
1434 5645 1684 5706 includit,
1714 5646 1859 5699 clare
1887 5644 2022 5698 satis

468 5717 711 5773 indicare
743 5715 1147 5782 videtur,verba
1171 5715 1261 5770 illa
1282 5728 1403 5779 non.
1423 5714 1699 5772 exstitisse
1725 5717 1778 5772 in
1811 5715 2019 5785 scripto

2143 5083 2351 5155 codice,
2374 5099 2486 5155 quo
2507 5084 2800 5155 utebatur;
2840 5084 2934 5140 sed
2958 5099 3025 5140 ex
3052 5083 3371 5151 conjectura
3398 5099 3428 5137 a
3454 5097 3515 5155 se
3541 5083 3717 5140 fuisse

2135 5153 2340 5209 addita.
2377 5153 2444 5194 ἑ-
2485 5154 2758 5224 Zacagm’o
2798 5156 3025 5211 minime
3071 5157 3363 5217 assentior,
3411 5154 3496 5207 cui
3535 5155 3712 5224 verba

2133 5224 2269 5296 haec,
2307 5224 2533 5296 Quan_c_lo
2579 5221 2707 5296 vidit
2734 5226 2962 5296 gloriam
2994 5226 3130 5296 ejus,
3161 5225 3234 5278 nil
3265 5225 3333 5296 ad
3379 5237 3493 5296 rem
3527 5221 3713 5278 facere
3761 5257 3768 5264 ο

2131 5295 2247 5348 visa
2281 5302 2426 5348 sunt.
2450 5293 2522 5347 Ea
2554 5295 2698 5348 enim
2733 5291 2791 5361 S.
2817 5295 2978 5349 Pater
3006 5291 3308 5361 desumpsit
3329 5309 3396 5348 ex
3421 5291 3579 5345 Joan.
3609 5310 3706 5356 xu,

2130 5363 2186 5424 4,
2218 5363 2310 5418 ubi
2343 5365 2423 5418 sic
2453 5382 2466 5418 :
2502 5364 2685 5416 Ταῦτα
2706 5360 2858 5418 εἶπεν
2902 5366 3149 5428 Ἡσαΐας,
3173 5360 3261 5417 ὅτε
3290 5361 3395 5416 εἶδε
3422 5361 3520 5431 τὴν
3551 5362 3710 5428 δόξαν

2133 5433 2296 5505 αὐτοῦ
2322 5449 2336 5463 ·
2390 5441 2448 5486 ιιι
2489 5432 2724 5505 proinde,
2764 5447 2912 5490 recte
2952 5435 3224 5505 Sipbanus
3267 5435 3334 5488 iis
3379 5433 3710 5505 praerniserit

2131 5503 2185 5556 in
2230 5519 2328 5626 S513
2356 5501 2635 5584 versione,
2686 5504 2756 5558 Et
2793 5501 3166 5574 Isaiam—quae
3206 5505 3262 5558 in
3295 5501 3447 5559 textu
3479 5501 3706 5557 librario

2131 5587 2245 5626 CXCI
2289 5584 2452 5626 CI‘IIIL

2129 5584 2452 5628 θιιυιιιογιιιι.

2202 5643 2316 5712 (t2)
2351 5642 2593 5698 Romana
2645 5645 2849 5705 editio,
2899 5645 3090 5702 eodem
3143 5660 3309 5702 sensu
3347 5651 3728 5714 remancttteh

2130 5715 2381 5770 nonnihil
2425 5717 2598 5772 variat
2628 5716 2682 5772 in
2720 5715 2921 5772 verbis.
