  <div class='ocr_page' id='page_1' title='image "/cluster/home/n/w/nwhite01/storage/ocr_20150623/46/mdp.39015011915447/108.png"; bbox 0 0 4034 6132; ppageno 0'>
   <div class='ocr_carea' id='block_1_1' title="bbox 281 312 390 373">
    <p class='ocr_par' dir='ltr' id='par_1_1' title="bbox 281 312 390 373">
     <span class='ocr_line' id='line_1_1' title="bbox 281 312 390 373; baseline 0 -1"><span class='ocrx_word' id='word_1_1' title='bbox 281 312 390 373; x_wconf 69' lang='grc'><strong>201</strong></span> 
     </span>
    </p>
   </div>
   <div class='ocr_carea' id='block_1_2' title="bbox 1319 310 2528 375">
    <p class='ocr_par' dir='ltr' id='par_1_2' title="bbox 1319 310 2528 375">
     <span class='ocr_line' id='line_1_2' title="bbox 1319 310 2528 375; baseline 0.005 -9"><span class='ocrx_word' id='word_1_2' title='bbox 1319 310 1741 368; x_wconf 76' lang='lat' dir='ltr'><strong>TESTIMONIA</strong></span> <span class='ocrx_word' id='word_1_3' title='bbox 1790 312 2163 372; x_wconf 76' lang='lat' dir='ltr'><strong>ADVERSUS</strong></span> <span class='ocrx_word' id='word_1_4' title='bbox 2218 316 2528 375; x_wconf 73' lang='lat' dir='ltr'><strong>JUDAEZOS.</strong></span> 
     </span>
    </p>
   </div>
   <div class='ocr_carea' id='block_1_3' title="bbox 3448 327 3557 384">
    <p class='ocr_par' dir='ltr' id='par_1_3' title="bbox 3448 327 3557 384">
     <span class='ocr_line' id='line_1_3' title="bbox 3448 327 3557 384; baseline 0.018 -2"><span class='ocrx_word' id='word_1_5' title='bbox 3448 327 3557 384; x_wconf 66' lang='lat'><strong>203</strong></span> 
     </span>
    </p>
   </div>
   <div class='ocr_carea' id='block_1_4' title="bbox 283 430 1848 505">
    <p class='ocr_par' dir='ltr' id='par_1_4' title="bbox 283 430 1848 505">
     <span class='ocr_line' id='line_1_4' title="bbox 283 430 1848 505; baseline -0.002 -17"><span class='ocrx_word' id='word_1_6' title='bbox 283 434 402 488; x_wconf 84' lang='lat' dir='ltr'><strong>Kal</strong></span> <span class='ocrx_word' id='word_1_7' title='bbox 439 432 612 497; x_wconf 81' lang='grc' dir='ltr'>πάλιν,</span> <span class='ocrx_word' id='word_1_8' title='bbox 664 451 683 483; x_wconf 86' lang='grc' dir='ltr'><strong>ι</strong></span> <span class='ocrx_word' id='word_1_9' title='bbox 733 431 868 495; x_wconf 87' lang='grc' dir='ltr'>Θεὸς</span> <span class='ocrx_word' id='word_1_10' title='bbox 915 430 1119 502; x_wconf 84' lang='grc' dir='ltr'>Κύριος</span> <span class='ocrx_word' id='word_1_11' title='bbox 1167 431 1260 485; x_wconf 70' lang='grc' dir='ltr'><strong>καὶ</strong></span> <span class='ocrx_word' id='word_1_12' title='bbox 1310 431 1578 502; x_wconf 79' lang='grc' dir='ltr'>ἐπέφανεν</span> <span class='ocrx_word' id='word_1_13' title='bbox 1636 437 1789 505; x_wconf 74' lang='grc' dir='ltr'>ἡμῖν.</span> <span class='ocrx_word' id='word_1_14' title='bbox 1841 453 1848 485; x_wconf 82' lang='grc' dir='ltr'><strong>ι</strong></span> 
     </span>
    </p>
   </div>
   <div class='ocr_carea' id='block_1_5' title="bbox 1953 430 3549 505">
    <p class='ocr_par' dir='ltr' id='par_1_5' title="bbox 1973 434 3549 502">
     <span class='ocr_line' id='line_1_5' title="bbox 1973 434 3549 502; baseline 0.003 -14"><span class='ocrx_word' id='word_1_15' title='bbox 1973 434 2037 489; x_wconf 84' lang='grc' dir='ltr'><strong>Ει</strong></span> <span class='ocrx_word' id='word_1_16' title='bbox 2091 452 2283 492; x_wconf 80' lang='lat' dir='ltr'><strong>rursus</strong></span> <span class='ocrx_word' id='word_1_17' title='bbox 2305 479 2320 502; x_wconf 88' lang='lat'><strong>,</strong></span> <span class='ocrx_word' id='word_1_18' title='bbox 2353 455 2372 489; x_wconf 84' lang='grc' dir='ltr'><strong>ι</strong></span> <span class='ocrx_word' id='word_1_19' title='bbox 2416 436 2560 493; x_wconf 91' lang='lat' dir='ltr'><strong>Deus</strong></span> <span class='ocrx_word' id='word_1_20' title='bbox 2593 434 2855 492; x_wconf 83' lang='lat' dir='ltr'><strong>Dominus</strong></span> <span class='ocrx_word' id='word_1_21' title='bbox 2893 443 2948 493; x_wconf 91' lang='lat' dir='ltr'><strong>ct</strong></span> <span class='ocrx_word' id='word_1_22' title='bbox 2994 437 3173 494; x_wconf 80' lang='lat' dir='ltr'><strong>illuxit</strong></span> <span class='ocrx_word' id='word_1_23' title='bbox 3232 439 3393 496; x_wconf 89' lang='lat' dir='ltr'><strong>nobis</strong></span> <span class='ocrx_word' id='word_1_24' title='bbox 3421 440 3494 495; x_wconf 73' lang='lat'><strong>‘°.</strong></span> <span class='ocrx_word' id='word_1_25' title='bbox 3529 458 3549 492; x_wconf 79' lang='grc' dir='ltr'>ι</span> 
     </span>
    </p>
   </div>
   <div class='ocr_carea' id='block_1_6' title="bbox 290 520 1865 596">
    <p class='ocr_par' dir='ltr' id='par_1_6' title="bbox 290 520 1865 596">
     <span class='ocr_line' id='line_1_6' title="bbox 290 520 1865 596; baseline 0.001 -19"><span class='ocrx_word' id='word_1_26' title='bbox 290 544 309 577; x_wconf 84' lang='grc' dir='ltr'><strong>ι</strong></span> <span class='ocrx_word' id='word_1_27' title='bbox 364 522 647 594; x_wconf 74' lang='grc' dir='ltr'>Ἐξαίφνης</span> <span class='ocrx_word' id='word_1_28' title='bbox 689 523 811 593; x_wconf 73' lang='grc' dir='ltr'><strong>ἥξει</strong></span> <span class='ocrx_word' id='word_1_29' title='bbox 852 525 932 585; x_wconf 83' lang='grc' dir='ltr'><strong>είς</strong></span> <span class='ocrx_word' id='word_1_30' title='bbox 973 522 1063 575; x_wconf 90' lang='grc' dir='ltr'><strong>τὸν</strong></span> <span class='ocrx_word' id='word_1_31' title='bbox 1105 520 1232 576; x_wconf 88' lang='grc' dir='ltr'>ναὸν</span> <span class='ocrx_word' id='word_1_32' title='bbox 1287 523 1481 577; x_wconf 79' lang='grc' dir='ltr'>ἑαυτοῦ</span> <span class='ocrx_word' id='word_1_33' title='bbox 1523 523 1756 596; x_wconf 81' lang='grc' dir='ltr'>Κύριος,</span> <span class='ocrx_word' id='word_1_34' title='bbox 1805 524 1865 579; x_wconf 81' lang='grc' dir='ltr'>ὃν</span> 
     </span>
    </p>
   </div>
   <div class='ocr_carea' id='block_1_7' title="bbox 283 613 1865 689">
    <p class='ocr_par' dir='ltr' id='par_1_7' title="bbox 283 613 1865 689">
     <span class='ocr_line' id='line_1_7' title="bbox 283 613 1865 689; baseline 0.001 -20"><span class='ocrx_word' id='word_1_35' title='bbox 283 616 437 686; x_wconf 76' lang='grc' dir='ltr'>ὑμεῖς</span> <span class='ocrx_word' id='word_1_36' title='bbox 458 614 702 685; x_wconf 76' lang='grc' dir='ltr'>ζητεῖτε,</span> <span class='ocrx_word' id='word_1_37' title='bbox 731 617 826 668; x_wconf 77' lang='grc' dir='ltr'><strong>καὶ</strong></span> <span class='ocrx_word' id='word_1_38' title='bbox 850 613 878 666; x_wconf 99' lang='lat'><strong>6</strong></span> <span class='ocrx_word' id='word_1_39' title='bbox 904 613 1170 682; x_wconf 79' lang='grc' dir='ltr'>Ἀγγελος</span> <span class='ocrx_word' id='word_1_40' title='bbox 1189 614 1290 685; x_wconf 80' lang='grc' dir='ltr'>τῆς</span> <span class='ocrx_word' id='word_1_41' title='bbox 1309 615 1591 687; x_wconf 79' lang='grc' dir='ltr'><strong>διαθήκης,</strong></span> <span class='ocrx_word' id='word_1_42' title='bbox 1616 616 1675 670; x_wconf 81' lang='grc' dir='ltr'>ὃν</span> <span class='ocrx_word' id='word_1_43' title='bbox 1707 618 1865 689; x_wconf 82' lang='grc' dir='ltr'>ὑμεῖς</span> 
     </span>
    </p>
   </div>
   <div class='ocr_carea' id='block_1_8' title="bbox 280 704 1863 779">
    <p class='ocr_par' dir='ltr' id='par_1_8' title="bbox 280 704 1863 779">
     <span class='ocr_line' id='line_1_8' title="bbox 280 704 1863 779; baseline 0.002 -20"><span class='ocrx_word' id='word_1_44' title='bbox 280 707 483 761; x_wconf 80' lang='grc' dir='ltr'>θέλετε.</span> <span class='ocrx_word' id='word_1_45' title='bbox 513 726 532 760; x_wconf 78' lang='grc' dir='ltr'><strong>ι</strong></span> <span class='ocrx_word' id='word_1_46' title='bbox 563 708 734 778; x_wconf 83' lang='grc' dir='ltr'>Χαῖρε</span> <span class='ocrx_word' id='word_1_47' title='bbox 766 706 990 778; x_wconf 86' lang='grc' dir='ltr'>σφόδρα,</span> <span class='ocrx_word' id='word_1_48' title='bbox 1020 704 1256 777; x_wconf 81' lang='grc' dir='ltr'><strong>θύγατερ</strong></span> <span class='ocrx_word' id='word_1_49' title='bbox 1286 705 1443 760; x_wconf 84' lang='grc' dir='ltr'>Σιών·</span> <span class='ocrx_word' id='word_1_50' title='bbox 1475 709 1737 779; x_wconf 84' lang='grc' dir='ltr'>κήρυσσε,</span> <span class='ocrx_word' id='word_1_51' title='bbox 1768 708 1863 762; x_wconf 89' lang='grc' dir='ltr'>θύ-</span> 
     </span>
    </p>
   </div>
   <div class='ocr_carea' id='block_1_9' title="bbox 278 797 1861 871">
    <p class='ocr_par' dir='ltr' id='par_1_9' title="bbox 278 797 1861 871">
     <span class='ocr_line' id='line_1_9' title="bbox 278 797 1861 871; baseline 0.002 -19"><span class='ocrx_word' id='word_1_52' title='bbox 278 816 452 871; x_wconf 87' lang='grc' dir='ltr'>γατερ</span> <span class='ocrx_word' id='word_1_53' title='bbox 487 799 859 871; x_wconf 82' lang='grc' dir='ltr'>Ἰερουσαλήμ,</span> <span class='ocrx_word' id='word_1_54' title='bbox 901 799 1031 852; x_wconf 76' lang='grc' dir='ltr'>Ἰδοὺ</span> <span class='ocrx_word' id='word_1_55' title='bbox 1057 800 1085 851; x_wconf 90' lang='lat'><strong>6</strong></span> <span class='ocrx_word' id='word_1_56' title='bbox 1115 797 1376 863; x_wconf 74' lang='grc' dir='ltr'>Βασιλεύς</span> <span class='ocrx_word' id='word_1_57' title='bbox 1412 816 1503 853; x_wconf 92' lang='grc' dir='ltr'><strong>σου</strong></span> <span class='ocrx_word' id='word_1_58' title='bbox 1534 799 1753 870; x_wconf 81' lang='grc' dir='ltr'>ἔρχεταί</span> <span class='ocrx_word' id='word_1_59' title='bbox 1781 818 1861 855; x_wconf 88' lang='grc' dir='ltr'><strong>σοι</strong></span> 
     </span>
    </p>
   </div>
   <div class='ocr_carea' id='block_1_10' title="bbox 278 889 1862 961">
    <p class='ocr_par' dir='ltr' id='par_1_10' title="bbox 278 889 1862 961">
     <span class='ocr_line' id='line_1_10' title="bbox 278 889 1862 961; baseline 0.002 -18"><span class='ocrx_word' id='word_1_60' title='bbox 278 890 489 961; x_wconf 79' lang='grc' dir='ltr'>πραῢς,</span> <span class='ocrx_word' id='word_1_61' title='bbox 528 892 625 944; x_wconf 73' lang='grc' dir='ltr'>καὶ</span> <span class='ocrx_word' id='word_1_62' title='bbox 666 889 1011 961; x_wconf 78' lang='grc' dir='ltr'>ἐπιϐεϐηκὼς</span> <span class='ocrx_word' id='word_1_63' title='bbox 1061 891 1154 944; x_wconf 67' lang='grc' dir='ltr'>ἐπὶ</span> <span class='ocrx_word' id='word_1_64' title='bbox 1195 890 1486 959; x_wconf 80' lang='grc' dir='ltr'><strong>ὑποζύγιον</strong></span> <span class='ocrx_word' id='word_1_65' title='bbox 1532 892 1627 946; x_wconf 78' lang='grc' dir='ltr'><strong>καὶ</strong></span> <span class='ocrx_word' id='word_1_66' title='bbox 1683 892 1862 947; x_wconf 81' lang='grc' dir='ltr'>πῶλον</span> 
     </span>
    </p>
   </div>
   <div class='ocr_carea' id='block_1_11' title="bbox 273 981 1862 1057">
    <p class='ocr_par' dir='ltr' id='par_1_11' title="bbox 273 981 1862 1057">
     <span class='ocr_line' id='line_1_11' title="bbox 273 981 1862 1057; baseline 0.004 -25"><span class='ocrx_word' id='word_1_67' title='bbox 273 981 390 1035; x_wconf 65' lang='lat' dir='ltr'><strong>hau</strong></span> <span class='ocrx_word' id='word_1_68' title='bbox 420 982 557 1053; x_wconf 71' lang='grc'>(15).</span> <span class='ocrx_word' id='word_1_69' title='bbox 596 1002 614 1034; x_wconf 74' lang='grc' dir='ltr'><strong>ι</strong></span> <span class='ocrx_word' id='word_1_70' title='bbox 659 983 757 1045; x_wconf 84' lang='grc' dir='ltr'>Τίς</span> <span class='ocrx_word' id='word_1_71' title='bbox 784 982 843 1036; x_wconf 80' lang='grc' dir='ltr'><strong>δέ</strong></span> <span class='ocrx_word' id='word_1_72' title='bbox 880 999 1010 1035; x_wconf 82' lang='grc' dir='ltr'>ποτε</span> <span class='ocrx_word' id='word_1_73' title='bbox 1034 982 1143 1035; x_wconf 80' lang='grc' dir='ltr'>τῶν</span> <span class='ocrx_word' id='word_1_74' title='bbox 1173 981 1461 1052; x_wconf 81' lang='grc' dir='ltr'>βασιλέων,</span> <span class='ocrx_word' id='word_1_75' title='bbox 1489 984 1594 1055; x_wconf 76' lang='grc' dir='ltr'><strong>ὄνῳ</strong></span> <span class='ocrx_word' id='word_1_76' title='bbox 1618 984 1862 1057; x_wconf 78' lang='grc' dir='ltr'>καθήμεο</span> 
     </span>
    </p>
   </div>
   <div class='ocr_carea' id='block_1_12' title="bbox 272 1072 1858 1147">
    <p class='ocr_par' dir='ltr' id='par_1_12' title="bbox 272 1072 1858 1147">
     <span class='ocr_line' id='line_1_12' title="bbox 272 1072 1858 1147; baseline 0.002 -21"><span class='ocrx_word' id='word_1_77' title='bbox 272 1090 382 1138; x_wconf 86' lang='grc' dir='ltr'>νος,</span> <span class='ocrx_word' id='word_1_78' title='bbox 410 1076 493 1137; x_wconf 76' lang='grc' dir='ltr'>εἰς</span> <span class='ocrx_word' id='word_1_79' title='bbox 523 1072 891 1145; x_wconf 77' lang='grc' dir='ltr'>Ἰερουσαλὴμ</span> <span class='ocrx_word' id='word_1_80' title='bbox 927 1073 1176 1144; x_wconf 72' lang='grc' dir='ltr'>εἰσῆλθες</span> <span class='ocrx_word' id='word_1_81' title='bbox 1207 1074 1317 1127; x_wconf 89' lang='lat' dir='ltr'><strong>Kal</strong></span> <span class='ocrx_word' id='word_1_82' title='bbox 1360 1074 1544 1136; x_wconf 84' lang='grc' dir='ltr'>πάλιν,</span> <span class='ocrx_word' id='word_1_83' title='bbox 1593 1095 1611 1127; x_wconf 87' lang='grc' dir='ltr'><strong>ι</strong></span> <span class='ocrx_word' id='word_1_84' title='bbox 1644 1076 1858 1147; x_wconf 84' lang='grc' dir='ltr'>Τέρπου</span> 
     </span>
    </p>
   </div>
   <div class='ocr_carea' id='block_1_13' title="bbox 270 1162 1860 1237">
    <p class='ocr_par' dir='ltr' id='par_1_13' title="bbox 270 1162 1860 1237">
     <span class='ocr_line' id='line_1_13' title="bbox 270 1162 1860 1237; baseline 0 -16"><span class='ocrx_word' id='word_1_85' title='bbox 270 1166 365 1221; x_wconf 71' lang='grc' dir='ltr'>καὶ</span> <span class='ocrx_word' id='word_1_86' title='bbox 388 1164 707 1236; x_wconf 72' lang='grc' dir='ltr'>εὐφραίνου,</span> <span class='ocrx_word' id='word_1_87' title='bbox 736 1165 976 1237; x_wconf 80' lang='grc' dir='ltr'>θύγατερ</span> <span class='ocrx_word' id='word_1_88' title='bbox 1002 1162 1161 1226; x_wconf 87' lang='grc' dir='ltr'>Σιὼν,</span> <span class='ocrx_word' id='word_1_89' title='bbox 1182 1164 1317 1218; x_wconf 85' lang='grc' dir='ltr'>διότι</span> <span class='ocrx_word' id='word_1_90' title='bbox 1345 1164 1457 1234; x_wconf 83' lang='grc' dir='ltr'><strong>ἐγὼ</strong></span> <span class='ocrx_word' id='word_1_91' title='bbox 1480 1165 1734 1237; x_wconf 75' lang='grc' dir='ltr'>ἔρχομαι,</span> <span class='ocrx_word' id='word_1_92' title='bbox 1766 1167 1860 1221; x_wconf 78' lang='grc' dir='ltr'><strong>καὶ</strong></span> 
     </span>
    </p>
   </div>
   <div class='ocr_carea' id='block_1_14' title="bbox 269 1255 1859 1329">
    <p class='ocr_par' dir='ltr' id='par_1_14' title="bbox 269 1255 1859 1329">
     <span class='ocr_line' id='line_1_14' title="bbox 269 1255 1859 1329; baseline 0.001 -18"><span class='ocrx_word' id='word_1_93' title='bbox 269 1255 684 1328; x_wconf 84' lang='grc' dir='ltr'>κατασκηνὼσω</span> <span class='ocrx_word' id='word_1_94' title='bbox 713 1258 772 1310; x_wconf 79' lang='grc' dir='ltr'>ὲν</span> <span class='ocrx_word' id='word_1_95' title='bbox 802 1256 953 1327; x_wconf 86' lang='grc' dir='ltr'>μέσῳ</span> <span class='ocrx_word' id='word_1_96' title='bbox 975 1273 1091 1322; x_wconf 91' lang='grc' dir='ltr'>σου,</span> <span class='ocrx_word' id='word_1_97' title='bbox 1115 1256 1264 1325; x_wconf 81' lang='grc' dir='ltr'>λέγει</span> <span class='ocrx_word' id='word_1_98' title='bbox 1299 1255 1518 1329; x_wconf 84' lang='grc' dir='ltr'>Κύριος.</span> <span class='ocrx_word' id='word_1_99' title='bbox 1555 1259 1665 1311; x_wconf 80' lang='grc' dir='ltr'>Καὶ</span> <span class='ocrx_word' id='word_1_100' title='bbox 1690 1275 1859 1312; x_wconf 85' lang='grc' dir='ltr'>κατα-</span> 
     </span>
    </p>
   </div>
   <div class='ocr_carea' id='block_1_15' title="bbox 267 1349 1857 1423">
    <p class='ocr_par' dir='ltr' id='par_1_15' title="bbox 267 1349 1857 1423">
     <span class='ocr_line' id='line_1_15' title="bbox 267 1349 1857 1423; baseline 0.001 -20"><span class='ocrx_word' id='word_1_101' title='bbox 267 1350 561 1420; x_wconf 80' lang='grc' dir='ltr'>φεύξονται</span> <span class='ocrx_word' id='word_1_102' title='bbox 592 1350 722 1420; x_wconf 77' lang='grc' dir='ltr'>ἔθνη</span> <span class='ocrx_word' id='word_1_103' title='bbox 770 1349 942 1404; x_wconf 82' lang='grc' dir='ltr'>πολλὰ</span> <span class='ocrx_word' id='word_1_104' title='bbox 970 1350 1063 1402; x_wconf 71' lang='grc' dir='ltr'><strong>ἐπὶ</strong></span> <span class='ocrx_word' id='word_1_105' title='bbox 1090 1350 1182 1404; x_wconf 89' lang='grc' dir='ltr'><strong>τὸν</strong></span> <span class='ocrx_word' id='word_1_106' title='bbox 1228 1350 1433 1422; x_wconf 82' lang='grc' dir='ltr'>Κύριον</span> <span class='ocrx_word' id='word_1_107' title='bbox 1470 1353 1529 1405; x_wconf 77' lang='grc' dir='ltr'>ὲν</span> <span class='ocrx_word' id='word_1_108' title='bbox 1574 1354 1639 1422; x_wconf 83' lang='grc' dir='ltr'>τῇ</span> <span class='ocrx_word' id='word_1_109' title='bbox 1676 1352 1857 1423; x_wconf 67' lang='grc' dir='ltr'>ἡμέρᾳ</span> 
     </span>
    </p>
   </div>
   <div class='ocr_carea' id='block_1_16' title="bbox 264 1443 1854 1518">
    <p class='ocr_par' dir='ltr' id='par_1_16' title="bbox 264 1443 1854 1518">
     <span class='ocr_line' id='line_1_16' title="bbox 264 1443 1854 1518; baseline -0.001 -20"><span class='ocrx_word' id='word_1_110' title='bbox 264 1444 485 1518; x_wconf 74' lang='grc' dir='ltr'>ἐκείνῃ,</span> <span class='ocrx_word' id='word_1_111' title='bbox 536 1444 630 1497; x_wconf 80' lang='grc' dir='ltr'>καὶ</span> <span class='ocrx_word' id='word_1_112' title='bbox 657 1443 874 1499; x_wconf 77' lang='grc' dir='ltr'>ἔσονται</span> <span class='ocrx_word' id='word_1_113' title='bbox 904 1443 1052 1515; x_wconf 82' lang='grc' dir='ltr'>αὐτῷ</span> <span class='ocrx_word' id='word_1_114' title='bbox 1100 1445 1180 1508; x_wconf 85' lang='grc' dir='ltr'><strong>είς</strong></span> <span class='ocrx_word' id='word_1_115' title='bbox 1212 1445 1359 1498; x_wconf 81' lang='grc' dir='ltr'>λαόν.</span> <span class='ocrx_word' id='word_1_116' title='bbox 1421 1452 1457 1495; x_wconf 76' lang='grc' dir='ltr'>ι’</span> <span class='ocrx_word' id='word_1_117' title='bbox 1499 1446 1609 1497; x_wconf 81' lang='grc' dir='ltr'><strong>Καὶ</strong></span> <span class='ocrx_word' id='word_1_118' title='bbox 1659 1443 1854 1508; x_wconf 83' lang='grc' dir='ltr'>πάλιν,</span> 
     </span>
    </p>
   </div>
   <div class='ocr_carea' id='block_1_17' title="bbox 268 1534 1854 1609">
    <p class='ocr_par' dir='ltr' id='par_1_17' title="bbox 268 1534 1854 1609">
     <span class='ocr_line' id='line_1_17' title="bbox 268 1534 1854 1609; baseline 0.001 -20"><span class='ocrx_word' id='word_1_119' title='bbox 268 1553 289 1589; x_wconf 86' lang='grc' dir='ltr'><strong>ι</strong></span> <span class='ocrx_word' id='word_1_120' title='bbox 334 1536 475 1590; x_wconf 83' lang='grc' dir='ltr'>Ἰδοὺ</span> <span class='ocrx_word' id='word_1_121' title='bbox 512 1534 623 1605; x_wconf 77' lang='grc' dir='ltr'><strong>ἐγὼ</strong></span> <span class='ocrx_word' id='word_1_122' title='bbox 659 1535 975 1589; x_wconf 80' lang='grc' dir='ltr'>ἀποστέλλω</span> <span class='ocrx_word' id='word_1_123' title='bbox 1004 1535 1094 1589; x_wconf 84' lang='grc' dir='ltr'><strong>τὸν</strong></span> <span class='ocrx_word' id='word_1_124' title='bbox 1128 1535 1359 1605; x_wconf 81' lang='grc' dir='ltr'>ἄγγελόν</span> <span class='ocrx_word' id='word_1_125' title='bbox 1409 1554 1511 1608; x_wconf 84' lang='grc' dir='ltr'><strong>μου</strong></span> <span class='ocrx_word' id='word_1_126' title='bbox 1545 1536 1651 1608; x_wconf 89' lang='grc' dir='ltr'><strong>πρὸ</strong></span> <span class='ocrx_word' id='word_1_127' title='bbox 1683 1554 1854 1609; x_wconf 82' lang='grc' dir='ltr'>προσ-</span> 
     </span>
    </p>
   </div>
   <div class='ocr_carea' id='block_1_18' title="bbox 259 1625 1855 1699">
    <p class='ocr_par' dir='ltr' id='par_1_18' title="bbox 259 1625 1855 1699">
     <span class='ocr_line' id='line_1_18' title="bbox 259 1625 1855 1699; baseline 0.001 -20"><span class='ocrx_word' id='word_1_128' title='bbox 259 1625 417 1680; x_wconf 82' lang='grc' dir='ltr'>ώπου</span> <span class='ocrx_word' id='word_1_129' title='bbox 449 1642 575 1690; x_wconf 91' lang='grc' dir='ltr'>σου,</span> <span class='ocrx_word' id='word_1_130' title='bbox 612 1625 671 1689; x_wconf 83' lang='grc' dir='ltr'>ὃς</span> <span class='ocrx_word' id='word_1_131' title='bbox 701 1627 1105 1679; x_wconf 75' lang='grc' dir='ltr'><strong>κατασκευάσει</strong></span> <span class='ocrx_word' id='word_1_132' title='bbox 1131 1625 1230 1698; x_wconf 82' lang='grc' dir='ltr'>τὴν</span> <span class='ocrx_word' id='word_1_133' title='bbox 1272 1627 1391 1681; x_wconf 77' lang='grc' dir='ltr'>ὁδόν</span> <span class='ocrx_word' id='word_1_134' title='bbox 1426 1645 1521 1679; x_wconf 85' lang='grc' dir='ltr'><strong>σου</strong></span> <span class='ocrx_word' id='word_1_135' title='bbox 1545 1627 1855 1699; x_wconf 68' lang='grc' dir='ltr'>ἔμπροσθέν</span> 
     </span>
    </p>
   </div>
   <div class='ocr_carea' id='block_1_19' title="bbox 262 1715 1853 1787">
    <p class='ocr_par' dir='ltr' id='par_1_19' title="bbox 262 1715 1853 1787">
     <span class='ocr_line' id='line_1_19' title="bbox 262 1715 1853 1787; baseline 0.003 -20"><span class='ocrx_word' id='word_1_136' title='bbox 262 1732 359 1768; x_wconf 87' lang='grc' dir='ltr'><strong>σου</strong></span> <span class='ocrx_word' id='word_1_137' title='bbox 391 1715 530 1787; x_wconf 57' lang='lat' dir='ltr'><strong>(id).</strong></span> <span class='ocrx_word' id='word_1_138' title='bbox 566 1733 586 1766; x_wconf 76' lang='grc' dir='ltr'><strong>ι</strong></span> <span class='ocrx_word' id='word_1_139' title='bbox 618 1715 730 1768; x_wconf 86' lang='lat' dir='ltr'><strong>Kal</strong></span> <span class='ocrx_word' id='word_1_140' title='bbox 755 1715 937 1781; x_wconf 85' lang='grc' dir='ltr'>πάλιν,</span> <span class='ocrx_word' id='word_1_141' title='bbox 979 1734 996 1766; x_wconf 86' lang='grc' dir='ltr'><strong>ι</strong></span> <span class='ocrx_word' id='word_1_142' title='bbox 1028 1715 1323 1786; x_wconf 84' lang='grc' dir='ltr'>Στήσονται</span> <span class='ocrx_word' id='word_1_143' title='bbox 1345 1716 1394 1769; x_wconf 84' lang='grc' dir='ltr'>οἱ</span> <span class='ocrx_word' id='word_1_144' title='bbox 1421 1716 1579 1780; x_wconf 84' lang='grc' dir='ltr'>πόδες</span> <span class='ocrx_word' id='word_1_145' title='bbox 1599 1716 1763 1771; x_wconf 86' lang='grc' dir='ltr'>αὐτοῦ</span> <span class='ocrx_word' id='word_1_146' title='bbox 1794 1718 1853 1772; x_wconf 80' lang='grc' dir='ltr'>ὲν</span> 
     </span>
    </p>
   </div>
   <div class='ocr_carea' id='block_1_20' title="bbox 1971 528 3556 602">
    <p class='ocr_par' dir='ltr' id='par_1_20' title="bbox 1971 528 3556 602">
     <span class='ocr_line' id='line_1_20' title="bbox 1971 528 3556 602; baseline 0.003 -19"><span class='ocrx_word' id='word_1_147' title='bbox 1971 528 2103 584; x_wconf 92' lang='lat' dir='ltr'><strong>ltem</strong></span> <span class='ocrx_word' id='word_1_148' title='bbox 2141 569 2156 594; x_wconf 92' lang='lat'><strong>,</strong></span> <span class='ocrx_word' id='word_1_149' title='bbox 2193 550 2211 582; x_wconf 84' lang='grc' dir='ltr'><strong>ι</strong></span> <span class='ocrx_word' id='word_1_150' title='bbox 2243 531 2440 587; x_wconf 84' lang='lat' dir='ltr'><strong>Subito</strong></span> <span class='ocrx_word' id='word_1_151' title='bbox 2485 532 2661 587; x_wconf 84' lang='lat' dir='ltr'><strong>veniet</strong></span> <span class='ocrx_word' id='word_1_152' title='bbox 2713 532 2767 586; x_wconf 92' lang='lat' dir='ltr'><strong>in</strong></span> <span class='ocrx_word' id='word_1_153' title='bbox 2827 532 3087 602; x_wconf 76' lang='lat' dir='ltr'><strong>templum</strong></span> <span class='ocrx_word' id='word_1_154' title='bbox 3150 548 3311 588; x_wconf 90' lang='lat' dir='ltr'><strong>suum</strong></span> <span class='ocrx_word' id='word_1_155' title='bbox 3367 534 3556 589; x_wconf 85' lang='lat' dir='ltr'><strong>Domi-</strong></span> 
     </span>
    </p>
   </div>
   <div class='ocr_carea' id='block_1_21' title="bbox 1973 623 3552 693">
    <p class='ocr_par' dir='ltr' id='par_1_21' title="bbox 1973 623 3552 693">
     <span class='ocr_line' id='line_1_21' title="bbox 1973 623 3552 693; baseline 0.001 -18"><span class='ocrx_word' id='word_1_156' title='bbox 1973 637 2077 677; x_wconf 87' lang='lat' dir='ltr'><strong>nus</strong></span> <span class='ocrx_word' id='word_1_157' title='bbox 2124 637 2289 693; x_wconf 89' lang='lat' dir='ltr'><strong>quem</strong></span> <span class='ocrx_word' id='word_1_158' title='bbox 2348 639 2447 678; x_wconf 83' lang='lat' dir='ltr'><strong>vos</strong></span> <span class='ocrx_word' id='word_1_159' title='bbox 2498 623 2763 693; x_wconf 63' lang='lat' dir='ltr'><strong>quaeritis,</strong></span> <span class='ocrx_word' id='word_1_160' title='bbox 2818 632 2872 679; x_wconf 91' lang='lat' dir='ltr'><strong>et</strong></span> <span class='ocrx_word' id='word_1_161' title='bbox 2932 624 3174 691; x_wconf 78' lang='lat' dir='ltr'><strong>Angelus</strong></span> <span class='ocrx_word' id='word_1_162' title='bbox 3236 625 3552 681; x_wconf 73' lang='lat' dir='ltr'><strong>testamenti</strong></span> 
     </span>
    </p>
   </div>
   <div class='ocr_carea' id='block_1_22' title="bbox 1969 713 3550 782">
    <p class='ocr_par' dir='ltr' id='par_1_22' title="bbox 1969 713 3550 782">
     <span class='ocr_line' id='line_1_22' title="bbox 1969 713 3550 782; baseline 0.003 -17"><span class='ocrx_word' id='word_1_163' title='bbox 1969 727 2130 780; x_wconf 82' lang='lat' dir='ltr'><strong>quem</strong></span> <span class='ocrx_word' id='word_1_164' title='bbox 2172 728 2269 769; x_wconf 77' lang='lat' dir='ltr'><strong>vos</strong></span> <span class='ocrx_word' id='word_1_165' title='bbox 2314 714 2484 769; x_wconf 92' lang='lat' dir='ltr'><strong>vultis</strong></span> <span class='ocrx_word' id='word_1_166' title='bbox 2507 714 2584 767; x_wconf 70' lang='grc' dir='ltr'>δι.</span> <span class='ocrx_word' id='word_1_167' title='bbox 2611 734 2631 767; x_wconf 78' lang='grc' dir='ltr'><strong>ι</strong></span> <span class='ocrx_word' id='word_1_168' title='bbox 2670 713 2835 778; x_wconf 80' lang='lat' dir='ltr'><strong>Item,</strong></span> <span class='ocrx_word' id='word_1_169' title='bbox 2891 733 2909 766; x_wconf 86' lang='grc' dir='ltr'><strong>ι</strong></span> <span class='ocrx_word' id='word_1_170' title='bbox 2947 714 3137 770; x_wconf 81' lang='lat' dir='ltr'><strong>Gaude</strong></span> <span class='ocrx_word' id='word_1_171' title='bbox 3163 717 3550 782; x_wconf 81' lang='lat' dir='ltr'><strong>vehementer,</strong></span> 
     </span>
    </p>
   </div>
   <div class='ocr_carea' id='block_1_23' title="bbox 1971 796 3551 869">
    <p class='ocr_par' dir='ltr' id='par_1_23' title="bbox 1971 796 3551 869">
     <span class='ocr_line' id='line_1_23' title="bbox 1971 796 3551 869; baseline 0.005 -18"><span class='ocrx_word' id='word_1_172' title='bbox 1971 796 2079 851; x_wconf 79' lang='lat' dir='ltr'><strong>filia</strong></span> <span class='ocrx_word' id='word_1_173' title='bbox 2114 796 2244 853; x_wconf 90' lang='lat' dir='ltr'><strong>Sion</strong></span> <span class='ocrx_word' id='word_1_174' title='bbox 2272 838 2288 865; x_wconf 93' lang='lat'><strong>,</strong></span> <span class='ocrx_word' id='word_1_175' title='bbox 2322 800 2575 869; x_wconf 63' lang='lat' dir='ltr'><strong>praedica,</strong></span> <span class='ocrx_word' id='word_1_176' title='bbox 2613 800 2719 855; x_wconf 84' lang='lat' dir='ltr'><strong>lilia</strong></span> <span class='ocrx_word' id='word_1_177' title='bbox 2751 800 3073 857; x_wconf 80' lang='lat' dir='ltr'><strong>Jerusalem.</strong></span> <span class='ocrx_word' id='word_1_178' title='bbox 3109 802 3252 858; x_wconf 88' lang='lat' dir='ltr'><strong>Ecce</strong></span> <span class='ocrx_word' id='word_1_179' title='bbox 3278 802 3393 859; x_wconf 76' lang='lat' dir='ltr'><strong>Rex</strong></span> <span class='ocrx_word' id='word_1_180' title='bbox 3424 814 3551 859; x_wconf 91' lang='lat' dir='ltr'><strong>tuus</strong></span> 
     </span>
    </p>
   </div>
   <div class='ocr_carea' id='block_1_24' title="bbox 1970 889 3554 965">
    <p class='ocr_par' dir='ltr' id='par_1_24' title="bbox 1970 889 3554 965">
     <span class='ocr_line' id='line_1_24' title="bbox 1970 889 3554 965; baseline 0.008 -26"><span class='ocrx_word' id='word_1_181' title='bbox 1970 889 2119 942; x_wconf 85' lang='lat' dir='ltr'><strong>venit</strong></span> <span class='ocrx_word' id='word_1_182' title='bbox 2143 889 2250 944; x_wconf 81' lang='lat' dir='ltr'><strong>tibi</strong></span> <span class='ocrx_word' id='word_1_183' title='bbox 2314 898 2656 954; x_wconf 87' lang='lat' dir='ltr'><strong>mansuetus.</strong></span> <span class='ocrx_word' id='word_1_184' title='bbox 2706 900 2759 947; x_wconf 91' lang='lat' dir='ltr'><strong>et</strong></span> <span class='ocrx_word' id='word_1_185' title='bbox 2792 892 3095 948; x_wconf 88' lang='lat' dir='ltr'><strong>ascendens</strong></span> <span class='ocrx_word' id='word_1_186' title='bbox 3145 910 3310 964; x_wconf 85' lang='lat' dir='ltr'><strong>super</strong></span> <span class='ocrx_word' id='word_1_187' title='bbox 3361 896 3554 965; x_wconf 84' lang='lat' dir='ltr'><strong>subju-</strong></span> 
     </span>
    </p>
   </div>
   <div class='ocr_carea' id='block_1_25' title="bbox 1968 980 3550 1057">
    <p class='ocr_par' dir='ltr' id='par_1_25' title="bbox 1968 980 3550 1057">
     <span class='ocr_line' id='line_1_25' title="bbox 1968 980 3550 1057; baseline 0.008 -26"><span class='ocrx_word' id='word_1_188' title='bbox 1968 980 2141 1049; x_wconf 85' lang='lat' dir='ltr'><strong>galem</strong></span> <span class='ocrx_word' id='word_1_189' title='bbox 2189 991 2239 1035; x_wconf 91' lang='lat' dir='ltr'><strong>et</strong></span> <span class='ocrx_word' id='word_1_190' title='bbox 2278 982 2485 1052; x_wconf 88' lang='lat' dir='ltr'><strong>pullum</strong></span> <span class='ocrx_word' id='word_1_191' title='bbox 2529 983 2699 1039; x_wconf 73' lang='lat' dir='ltr'><strong>asina:</strong></span> <span class='ocrx_word' id='word_1_192' title='bbox 2721 984 2786 1037; x_wconf 74' lang='lat'><strong>”.</strong></span> <span class='ocrx_word' id='word_1_193' title='bbox 2821 1003 2840 1036; x_wconf 78' lang='grc' dir='ltr'><strong>ι</strong></span> <span class='ocrx_word' id='word_1_194' title='bbox 2892 984 3025 1051; x_wconf 86' lang='lat' dir='ltr'><strong>Quis</strong></span> <span class='ocrx_word' id='word_1_195' title='bbox 3062 1001 3190 1041; x_wconf 79' lang='lat' dir='ltr'><strong>vero</strong></span> <span class='ocrx_word' id='word_1_196' title='bbox 3231 1002 3417 1057; x_wconf 87' lang='lat' dir='ltr'><strong>regum</strong></span> <span class='ocrx_word' id='word_1_197' title='bbox 3449 1005 3550 1044; x_wconf 87' lang='lat' dir='ltr'><strong>un-</strong></span> 
     </span>
    </p>
   </div>
   <div class='ocr_carea' id='block_1_26' title="bbox 1968 1073 3548 1152">
    <p class='ocr_par' dir='ltr' id='par_1_26' title="bbox 1968 1073 3548 1152">
     <span class='ocr_line' id='line_1_26' title="bbox 1968 1073 3548 1152; baseline 0.009 -29"><span class='ocrx_word' id='word_1_198' title='bbox 1968 1086 2130 1140; x_wconf 87' lang='lat' dir='ltr'><strong>quam</strong></span> <span class='ocrx_word' id='word_1_199' title='bbox 2188 1073 2346 1129; x_wconf 88' lang='lat' dir='ltr'><strong>asino</strong></span> <span class='ocrx_word' id='word_1_200' title='bbox 2402 1074 2669 1139; x_wconf 85' lang='lat' dir='ltr'><strong>insidens,</strong></span> <span class='ocrx_word' id='word_1_201' title='bbox 2746 1076 3183 1149; x_wconf 84' lang='lat' dir='ltr'><strong>Hierosolymam</strong></span> <span class='ocrx_word' id='word_1_202' title='bbox 3266 1080 3548 1152; x_wconf 86' lang='lat' dir='ltr'><strong>ingressus</strong></span> 
     </span>
    </p>
   </div>
   <div class='ocr_carea' id='block_1_27' title="bbox 1966 1165 3545 1243">
    <p class='ocr_par' dir='ltr' id='par_1_27' title="bbox 1966 1165 3545 1243">
     <span class='ocr_line' id='line_1_27' title="bbox 1966 1165 3545 1243; baseline 0.008 -24"><span class='ocrx_word' id='word_1_203' title='bbox 1966 1165 2100 1219; x_wconf 85' lang='lat' dir='ltr'><strong>est?</strong></span> <span class='ocrx_word' id='word_1_204' title='bbox 2142 1167 2207 1221; x_wconf 78' lang='lat' dir='ltr'><strong>Et</strong></span> <span class='ocrx_word' id='word_1_205' title='bbox 2262 1183 2454 1223; x_wconf 87' lang='lat' dir='ltr'><strong>rursus</strong></span> <span class='ocrx_word' id='word_1_206' title='bbox 2480 1208 2496 1233; x_wconf 96' lang='lat'><strong>,</strong></span> <span class='ocrx_word' id='word_1_207' title='bbox 2564 1169 2802 1226; x_wconf 61' lang='lat' dir='ltr'><strong>«Laetare</strong></span> <span class='ocrx_word' id='word_1_208' title='bbox 2856 1179 2909 1227; x_wconf 90' lang='lat' dir='ltr'><strong>et</strong></span> <span class='ocrx_word' id='word_1_209' title='bbox 2949 1173 3145 1243; x_wconf 82' lang='lat' dir='ltr'><strong>gaude,</strong></span> <span class='ocrx_word' id='word_1_210' title='bbox 3183 1172 3291 1228; x_wconf 83' lang='lat' dir='ltr'><strong>ﬁlia</strong></span> <span class='ocrx_word' id='word_1_211' title='bbox 3367 1175 3499 1231; x_wconf 87' lang='lat' dir='ltr'><strong>Sion</strong></span> <span class='ocrx_word' id='word_1_212' title='bbox 3528 1216 3545 1242; x_wconf 90' lang='lat'><strong>,</strong></span> 
     </span>
    </p>
   </div>
   <div class='ocr_carea' id='block_1_28' title="bbox 1967 1256 3548 1326">
    <p class='ocr_par' dir='ltr' id='par_1_28' title="bbox 1967 1256 3548 1326">
     <span class='ocr_line' id='line_1_28' title="bbox 1967 1256 3548 1326; baseline 0.006 -18"><span class='ocrx_word' id='word_1_213' title='bbox 1967 1256 2093 1323; x_wconf 84' lang='lat' dir='ltr'><strong>quia</strong></span> <span class='ocrx_word' id='word_1_214' title='bbox 2148 1270 2252 1326; x_wconf 86' lang='lat' dir='ltr'><strong>ego</strong></span> <span class='ocrx_word' id='word_1_215' title='bbox 2283 1258 2466 1323; x_wconf 91' lang='lat' dir='ltr'><strong>venio,</strong></span> <span class='ocrx_word' id='word_1_216' title='bbox 2499 1266 2553 1313; x_wconf 92' lang='lat' dir='ltr'><strong>et</strong></span> <span class='ocrx_word' id='word_1_217' title='bbox 2597 1259 2854 1315; x_wconf 82' lang='lat' dir='ltr'><strong>habitabo</strong></span> <span class='ocrx_word' id='word_1_218' title='bbox 2911 1260 2965 1314; x_wconf 93' lang='lat' dir='ltr'><strong>in</strong></span> <span class='ocrx_word' id='word_1_219' title='bbox 3025 1260 3208 1315; x_wconf 87' lang='lat' dir='ltr'><strong>medio</strong></span> <span class='ocrx_word' id='word_1_220' title='bbox 3275 1261 3375 1325; x_wconf 87' lang='lat' dir='ltr'><strong>tui,</strong></span> <span class='ocrx_word' id='word_1_221' title='bbox 3412 1262 3548 1318; x_wconf 85' lang='lat' dir='ltr'><strong>dicit</strong></span> 
     </span>
    </p>
   </div>
   <div class='ocr_carea' id='block_1_29' title="bbox 1966 1346 3546 1422">
    <p class='ocr_par' dir='ltr' id='par_1_29' title="bbox 1966 1346 3546 1422">
     <span class='ocr_line' id='line_1_29' title="bbox 1966 1346 3546 1422; baseline 0.005 -22"><span class='ocrx_word' id='word_1_222' title='bbox 1966 1346 2252 1405; x_wconf 86' lang='lat' dir='ltr'><strong>Dominus.</strong></span> <span class='ocrx_word' id='word_1_223' title='bbox 2305 1348 2370 1403; x_wconf 90' lang='lat' dir='ltr'><strong>Et</strong></span> <span class='ocrx_word' id='word_1_224' title='bbox 2409 1350 2731 1421; x_wconf 90' lang='lat' dir='ltr'><strong>confugient</strong></span> <span class='ocrx_word' id='word_1_225' title='bbox 2782 1360 2976 1422; x_wconf 83' lang='lat' dir='ltr'><strong>gentes</strong></span> <span class='ocrx_word' id='word_1_226' title='bbox 3022 1352 3209 1407; x_wconf 70' lang='lat' dir='ltr'><strong>multae</strong></span> <span class='ocrx_word' id='word_1_227' title='bbox 3237 1352 3303 1408; x_wconf 92' lang='lat' dir='ltr'><strong>ad</strong></span> <span class='ocrx_word' id='word_1_228' title='bbox 3357 1352 3546 1408; x_wconf 85' lang='lat' dir='ltr'><strong>Domi-</strong></span> 
     </span>
    </p>
   </div>
   <div class='ocr_carea' id='block_1_30' title="bbox 1964 1438 3547 1514">
    <p class='ocr_par' dir='ltr' id='par_1_30' title="bbox 1964 1438 3547 1514">
     <span class='ocr_line' id='line_1_30' title="bbox 1964 1438 3547 1514; baseline 0.004 -22"><span class='ocrx_word' id='word_1_229' title='bbox 1964 1453 2094 1493; x_wconf 92' lang='lat' dir='ltr'><strong>num</strong></span> <span class='ocrx_word' id='word_1_230' title='bbox 2124 1438 2179 1493; x_wconf 93' lang='lat' dir='ltr'><strong>in</strong></span> <span class='ocrx_word' id='word_1_231' title='bbox 2238 1439 2325 1494; x_wconf 90' lang='lat' dir='ltr'><strong>die</strong></span> <span class='ocrx_word' id='word_1_232' title='bbox 2370 1440 2487 1506; x_wconf 91' lang='lat' dir='ltr'><strong>illa,</strong></span> <span class='ocrx_word' id='word_1_233' title='bbox 2537 1449 2592 1496; x_wconf 92' lang='lat' dir='ltr'><strong>et</strong></span> <span class='ocrx_word' id='word_1_234' title='bbox 2620 1450 2783 1497; x_wconf 91' lang='lat' dir='ltr'><strong>erunt</strong></span> <span class='ocrx_word' id='word_1_235' title='bbox 2829 1443 2878 1499; x_wconf 93' lang='lat' dir='ltr'><strong>ei</strong></span> <span class='ocrx_word' id='word_1_236' title='bbox 2939 1444 2992 1497; x_wconf 90' lang='lat' dir='ltr'><strong>in</strong></span> <span class='ocrx_word' id='word_1_237' title='bbox 3028 1445 3290 1514; x_wconf 87' lang='lat' dir='ltr'><strong>populum</strong></span> <span class='ocrx_word' id='word_1_238' title='bbox 3314 1443 3381 1499; x_wconf 76' lang='grc'><strong>⁸⁸.</strong></span> <span class='ocrx_word' id='word_1_239' title='bbox 3419 1464 3438 1497; x_wconf 73' lang='grc' dir='ltr'><strong>ι</strong></span> <span class='ocrx_word' id='word_1_240' title='bbox 3478 1443 3547 1499; x_wconf 90' lang='lat' dir='ltr'><strong>Et</strong></span> 
     </span>
    </p>
   </div>
   <div class='ocr_carea' id='block_1_31' title="bbox 1942 1531 3548 1607">
    <p class='ocr_par' dir='ltr' id='par_1_31' title="bbox 1942 1531 3548 1607">
     <span class='ocr_line' id='line_1_31' title="bbox 1942 1531 3548 1607; baseline 0.004 -22"><span class='ocrx_word' id='word_1_241' title='bbox 1942 1546 2193 1596; x_wconf 85' lang='lat' dir='ltr'><strong>~rursus.</strong></span> <span class='ocrx_word' id='word_1_242' title='bbox 2223 1551 2243 1583; x_wconf 80' lang='grc' dir='ltr'><strong>ι</strong></span> <span class='ocrx_word' id='word_1_243' title='bbox 2277 1531 2420 1588; x_wconf 87' lang='lat' dir='ltr'><strong>Ecce</strong></span> <span class='ocrx_word' id='word_1_244' title='bbox 2446 1548 2548 1604; x_wconf 91' lang='lat' dir='ltr'><strong>ego</strong></span> <span class='ocrx_word' id='word_1_245' title='bbox 2581 1534 2740 1589; x_wconf 85' lang='lat' dir='ltr'><strong>mitto</strong></span> <span class='ocrx_word' id='word_1_246' title='bbox 2769 1536 3021 1607; x_wconf 89' lang='lat' dir='ltr'><strong>angelum</strong></span> <span class='ocrx_word' id='word_1_247' title='bbox 3075 1550 3254 1592; x_wconf 88' lang='lat' dir='ltr'><strong>meum</strong></span> <span class='ocrx_word' id='word_1_248' title='bbox 3306 1543 3433 1592; x_wconf 90' lang='lat' dir='ltr'><strong>ante</strong></span> <span class='ocrx_word' id='word_1_249' title='bbox 3463 1537 3548 1592; x_wconf 87' lang='lat' dir='ltr'><strong>fa-</strong></span> 
     </span>
    </p>
   </div>
   <div class='ocr_carea' id='block_1_32' title="bbox 1963 1622 3540 1694">
    <p class='ocr_par' dir='ltr' id='par_1_32' title="bbox 1963 1622 3540 1694">
     <span class='ocr_line' id='line_1_32' title="bbox 1963 1622 3540 1694; baseline 0.004 -20"><span class='ocrx_word' id='word_1_250' title='bbox 1963 1622 2099 1675; x_wconf 90' lang='lat' dir='ltr'><strong>ciem</strong></span> <span class='ocrx_word' id='word_1_251' title='bbox 2135 1632 2302 1684; x_wconf 88' lang='lat' dir='ltr'><strong>tuam.</strong></span> <span class='ocrx_word' id='word_1_252' title='bbox 2337 1623 2429 1693; x_wconf 89' lang='lat' dir='ltr'><strong>qui</strong></span> <span class='ocrx_word' id='word_1_253' title='bbox 2462 1625 2791 1694; x_wconf 58' lang='lat' dir='ltr'><strong>praeparabit</strong></span> <span class='ocrx_word' id='word_1_254' title='bbox 2817 1625 2962 1680; x_wconf 84' lang='lat' dir='ltr'><strong>viam</strong></span> <span class='ocrx_word' id='word_1_255' title='bbox 2996 1635 3142 1681; x_wconf 89' lang='lat' dir='ltr'><strong>tuam</strong></span> <span class='ocrx_word' id='word_1_256' title='bbox 3189 1637 3315 1683; x_wconf 87' lang='lat' dir='ltr'><strong>ante</strong></span> <span class='ocrx_word' id='word_1_257' title='bbox 3345 1638 3400 1684; x_wconf 87' lang='lat' dir='ltr'><strong>te</strong></span> <span class='ocrx_word' id='word_1_258' title='bbox 3426 1627 3495 1683; x_wconf 82' lang='grc'><strong>“.</strong></span> <span class='ocrx_word' id='word_1_259' title='bbox 3521 1647 3540 1680; x_wconf 74' lang='grc' dir='ltr'><strong>ι</strong></span> 
     </span>
    </p>
   </div>
   <div class='ocr_carea' id='block_1_33' title="bbox 1964 1710 3548 1788">
    <p class='ocr_par' dir='ltr' id='par_1_33' title="bbox 1964 1710 3548 1788">
     <span class='ocr_line' id='line_1_33' title="bbox 1964 1710 3548 1788; baseline 0.004 -23"><span class='ocrx_word' id='word_1_260' title='bbox 1964 1710 2028 1766; x_wconf 84' lang='grc' dir='ltr'><strong>Ει</strong></span> <span class='ocrx_word' id='word_1_261' title='bbox 2059 1727 2253 1768; x_wconf 87' lang='lat' dir='ltr'><strong>rursus</strong></span> <span class='ocrx_word' id='word_1_262' title='bbox 2279 1754 2291 1777; x_wconf 93' lang='lat'><strong>,</strong></span> <span class='ocrx_word' id='word_1_263' title='bbox 2329 1731 2346 1764; x_wconf 84' lang='grc' dir='ltr'><strong>ι</strong></span> <span class='ocrx_word' id='word_1_264' title='bbox 2384 1712 2616 1770; x_wconf 88' lang='lat' dir='ltr'><strong>Stabunt</strong></span> <span class='ocrx_word' id='word_1_265' title='bbox 2650 1716 2819 1781; x_wconf 83' lang='lat' dir='ltr'><strong>pedes</strong></span> <span class='ocrx_word' id='word_1_266' title='bbox 2858 1716 2980 1786; x_wconf 82' lang='lat' dir='ltr'><strong>ejus</strong></span> <span class='ocrx_word' id='word_1_267' title='bbox 3019 1717 3074 1772; x_wconf 90' lang='lat' dir='ltr'><strong>in</strong></span> <span class='ocrx_word' id='word_1_268' title='bbox 3116 1717 3207 1774; x_wconf 89' lang='lat' dir='ltr'><strong>die</strong></span> <span class='ocrx_word' id='word_1_269' title='bbox 3249 1718 3341 1772; x_wconf 89' lang='lat' dir='ltr'><strong>illa</strong></span> <span class='ocrx_word' id='word_1_270' title='bbox 3381 1733 3548 1788; x_wconf 85' lang='lat' dir='ltr'><strong>super</strong></span> 
     </span>
    </p>
   </div>
   <div class='ocr_carea' id='block_1_34' title="bbox 257 1801 1848 1878">
    <p class='ocr_par' dir='ltr' id='par_1_34' title="bbox 257 1805 1848 1878">
     <span class='ocr_line' id='line_1_34' title="bbox 257 1805 1848 1878; baseline 0.001 -18"><span class='ocrx_word' id='word_1_271' title='bbox 257 1810 324 1877; x_wconf 80' lang='grc' dir='ltr'>τῇ</span> <span class='ocrx_word' id='word_1_272' title='bbox 351 1808 540 1878; x_wconf 68' lang='grc' dir='ltr'>ἡμέρᾳ</span> <span class='ocrx_word' id='word_1_273' title='bbox 564 1805 748 1876; x_wconf 74' lang='grc' dir='ltr'>ἐκείνῃ</span> <span class='ocrx_word' id='word_1_274' title='bbox 767 1806 861 1858; x_wconf 79' lang='grc' dir='ltr'>ἐπὶ</span> <span class='ocrx_word' id='word_1_275' title='bbox 877 1806 936 1859; x_wconf 87' lang='grc' dir='ltr'><strong>τὸ</strong></span> <span class='ocrx_word' id='word_1_276' title='bbox 949 1805 1076 1877; x_wconf 75' lang='grc' dir='ltr'>ὅρος</span> <span class='ocrx_word' id='word_1_277' title='bbox 1097 1806 1206 1859; x_wconf 85' lang='grc' dir='ltr'>τῶν</span> <span class='ocrx_word' id='word_1_278' title='bbox 1239 1805 1549 1872; x_wconf 80' lang='grc' dir='ltr'>Ἑλαιῶν,τὸ</span> <span class='ocrx_word' id='word_1_279' title='bbox 1569 1808 1848 1862; x_wconf 79' lang='grc' dir='ltr'><strong>κατέναντι</strong></span> 
     </span>
    </p>
   </div>
   <div class='ocr_carea' id='block_1_35' title="bbox 1953 1801 3546 1878">
    <p class='ocr_par' dir='ltr' id='par_1_35' title="bbox 1960 1804 3546 1876">
     <span class='ocr_line' id='line_1_35' title="bbox 1960 1804 3546 1876; baseline 0.005 -22"><span class='ocrx_word' id='word_1_280' title='bbox 1960 1812 2196 1857; x_wconf 85' lang='lat' dir='ltr'><strong>montem</strong></span> <span class='ocrx_word' id='word_1_281' title='bbox 2242 1804 2533 1871; x_wconf 85' lang='lat' dir='ltr'><strong>olivarum,</strong></span> <span class='ocrx_word' id='word_1_282' title='bbox 2582 1805 2676 1876; x_wconf 92' lang='lat' dir='ltr'><strong>qui</strong></span> <span class='ocrx_word' id='word_1_283' title='bbox 2717 1815 2802 1860; x_wconf 90' lang='lat' dir='ltr'><strong>est</strong></span> <span class='ocrx_word' id='word_1_284' title='bbox 2853 1815 3045 1861; x_wconf 87' lang='lat' dir='ltr'><strong>contra</strong></span> <span class='ocrx_word' id='word_1_285' title='bbox 3099 1805 3440 1864; x_wconf 80' lang='lat' dir='ltr'><strong>Hierusalem</strong></span> <span class='ocrx_word' id='word_1_286' title='bbox 3475 1807 3546 1862; x_wconf 87' lang='lat' dir='ltr'><strong>ab</strong></span> 
     </span>
    </p>
   </div>
   <div class='ocr_carea' id='block_1_36' title="bbox 266 1894 1850 1968">
    <p class='ocr_par' dir='ltr' id='par_1_36' title="bbox 266 1894 1850 1968">
     <span class='ocr_line' id='line_1_36' title="bbox 266 1894 1850 1968; baseline -0.001 -17"><span class='ocrx_word' id='word_1_287' title='bbox 266 1895 634 1968; x_wconf 80' lang='grc' dir='ltr'>Ἰερουσαλὴμ</span> <span class='ocrx_word' id='word_1_288' title='bbox 680 1896 739 1961; x_wconf 80' lang='grc' dir='ltr'>ἐξ</span> <span class='ocrx_word' id='word_1_289' title='bbox 798 1894 1090 1949; x_wconf 82' lang='grc' dir='ltr'>ἀνατολῶν.</span> <span class='ocrx_word' id='word_1_290' title='bbox 1156 1914 1176 1947; x_wconf 77' lang='grc' dir='ltr'><strong>ι</strong></span> <span class='ocrx_word' id='word_1_291' title='bbox 1236 1895 1348 1949; x_wconf 88' lang='lat' dir='ltr'><strong>Kal</strong></span> <span class='ocrx_word' id='word_1_292' title='bbox 1409 1894 1545 1966; x_wconf 82' lang='grc' dir='ltr'>μετὰ</span> <span class='ocrx_word' id='word_1_293' title='bbox 1611 1895 1850 1967; x_wconf 81' lang='grc' dir='ltr'>βραχέα,</span> 
     </span>
    </p>
   </div>
   <div class='ocr_carea' id='block_1_37' title="bbox 260 1985 1853 2058">
    <p class='ocr_par' dir='ltr' id='par_1_37' title="bbox 260 1985 1853 2058">
     <span class='ocr_line' id='line_1_37' title="bbox 260 1985 1853 2058; baseline 0 -17"><span class='ocrx_word' id='word_1_294' title='bbox 260 2007 281 2041; x_wconf 86' lang='grc' dir='ltr'><strong>ι</strong></span> <span class='ocrx_word' id='word_1_295' title='bbox 330 1988 547 2052; x_wconf 79' lang='grc' dir='ltr'>Ἐδειξέ</span> <span class='ocrx_word' id='word_1_296' title='bbox 578 2005 667 2057; x_wconf 88' lang='grc' dir='ltr'><strong>μοι</strong></span> <span class='ocrx_word' id='word_1_297' title='bbox 692 1986 896 2058; x_wconf 81' lang='grc' dir='ltr'>Κύριος</span> <span class='ocrx_word' id='word_1_298' title='bbox 928 1986 1021 2040; x_wconf 87' lang='grc' dir='ltr'><strong>τὸν</strong></span> <span class='ocrx_word' id='word_1_299' title='bbox 1063 1985 1271 2056; x_wconf 78' lang='grc' dir='ltr'>Ἰησοῦν</span> <span class='ocrx_word' id='word_1_300' title='bbox 1302 1986 1438 2056; x_wconf 79' lang='grc'>(15),</span> <span class='ocrx_word' id='word_1_301' title='bbox 1467 1986 1558 2039; x_wconf 91' lang='grc' dir='ltr'><strong>τὸν</strong></span> <span class='ocrx_word' id='word_1_302' title='bbox 1586 1988 1735 2058; x_wconf 83' lang='grc' dir='ltr'>ἱερέα</span> <span class='ocrx_word' id='word_1_303' title='bbox 1761 1988 1853 2041; x_wconf 86' lang='grc' dir='ltr'><strong>τὸν</strong></span> 
     </span>
    </p>
   </div>
   <div class='ocr_carea' id='block_1_38' title="bbox 255 2076 1854 2153">
    <p class='ocr_par' dir='ltr' id='par_1_38' title="bbox 255 2076 1854 2153">
     <span class='ocr_line' id='line_1_38' title="bbox 255 2076 1854 2153; baseline -0.001 -20"><span class='ocrx_word' id='word_1_304' title='bbox 255 2080 463 2153; x_wconf 79' lang='grc' dir='ltr'>μέγαν,</span> <span class='ocrx_word' id='word_1_305' title='bbox 492 2080 706 2133; x_wconf 75' lang='grc' dir='ltr'>ἑστῶτα</span> <span class='ocrx_word' id='word_1_306' title='bbox 742 2079 849 2151; x_wconf 81' lang='grc' dir='ltr'><strong>πρὸ</strong></span> <span class='ocrx_word' id='word_1_307' title='bbox 892 2077 1183 2149; x_wconf 80' lang='grc' dir='ltr'>προσώπου</span> <span class='ocrx_word' id='word_1_308' title='bbox 1214 2076 1447 2147; x_wconf 80' lang='grc' dir='ltr'>ἀγγέλου</span> <span class='ocrx_word' id='word_1_309' title='bbox 1475 2078 1683 2149; x_wconf 80' lang='grc' dir='ltr'>Κυρίου</span> <span class='ocrx_word' id='word_1_310' title='bbox 1704 2093 1718 2108; x_wconf 84' lang='grc'><strong>·</strong></span> <span class='ocrx_word' id='word_1_311' title='bbox 1760 2080 1854 2133; x_wconf 70' lang='grc' dir='ltr'>καὶ</span> 
     </span>
    </p>
   </div>
   <div class='ocr_carea' id='block_1_39' title="bbox 249 2170 1853 2243">
    <p class='ocr_par' dir='ltr' id='par_1_39' title="bbox 249 2170 1853 2243">
     <span class='ocr_line' id='line_1_39' title="bbox 249 2170 1853 2243; baseline -0.001 -16"><span class='ocrx_word' id='word_1_312' title='bbox 249 2177 279 2227; x_wconf 88' lang='lat'><strong>6</strong></span> <span class='ocrx_word' id='word_1_313' title='bbox 298 2171 558 2235; x_wconf 74' lang='grc' dir='ltr'>διάϐολος</span> <span class='ocrx_word' id='word_1_314' title='bbox 595 2172 842 2243; x_wconf 76' lang='grc' dir='ltr'><strong>εἱστήκει</strong></span> <span class='ocrx_word' id='word_1_315' title='bbox 878 2171 944 2224; x_wconf 81' lang='grc' dir='ltr'>ὲκ</span> <span class='ocrx_word' id='word_1_316' title='bbox 971 2170 1160 2235; x_wconf 80' lang='grc' dir='ltr'>δεξιῶν</span> <span class='ocrx_word' id='word_1_317' title='bbox 1188 2170 1353 2224; x_wconf 80' lang='grc' dir='ltr'>αὐτοῦ</span> <span class='ocrx_word' id='word_1_318' title='bbox 1392 2171 1487 2224; x_wconf 85' lang='grc' dir='ltr'><strong>τοῦ</strong></span> <span class='ocrx_word' id='word_1_319' title='bbox 1517 2172 1853 2226; x_wconf 83' lang='grc' dir='ltr'>ἀντικεῖσθαι</span> 
     </span>
    </p>
   </div>
   <div class='ocr_carea' id='block_1_40' title="bbox 249 2259 1855 2335">
    <p class='ocr_par' dir='ltr' id='par_1_40' title="bbox 249 2259 1855 2335">
     <span class='ocr_line' id='line_1_40' title="bbox 249 2259 1855 2335; baseline -0.002 -15"><span class='ocrx_word' id='word_1_320' title='bbox 249 2263 431 2335; x_wconf 81' lang='grc' dir='ltr'>αὐτῷ.</span> <span class='ocrx_word' id='word_1_321' title='bbox 469 2266 583 2319; x_wconf 89' lang='lat' dir='ltr'><strong>Kal</strong></span> <span class='ocrx_word' id='word_1_322' title='bbox 613 2259 736 2317; x_wconf 81' lang='grc' dir='ltr'>εἶπε</span> <span class='ocrx_word' id='word_1_323' title='bbox 767 2262 970 2334; x_wconf 81' lang='grc' dir='ltr'>Κύριος</span> <span class='ocrx_word' id='word_1_324' title='bbox 1012 2262 1148 2333; x_wconf 86' lang='grc' dir='ltr'>πρὸς</span> <span class='ocrx_word' id='word_1_325' title='bbox 1180 2263 1268 2317; x_wconf 88' lang='grc' dir='ltr'><strong>τὸν</strong></span> <span class='ocrx_word' id='word_1_326' title='bbox 1310 2262 1555 2318; x_wconf 75' lang='grc' dir='ltr'>διάϐολον</span> <span class='ocrx_word' id='word_1_327' title='bbox 1577 2280 1590 2295; x_wconf 76' lang='grc' dir='ltr'><strong><em>ο</em></strong></span> <span class='ocrx_word' id='word_1_328' title='bbox 1635 2264 1855 2318; x_wconf 84' lang='grc' dir='ltr'>Ἐπιτι-</span> 
     </span>
    </p>
   </div>
   <div class='ocr_carea' id='block_1_41' title="bbox 252 2339 1853 2428">
    <p class='ocr_par' dir='ltr' id='par_1_41' title="bbox 252 2339 1853 2428">
     <span class='ocr_line' id='line_1_41' title="bbox 252 2339 1853 2428; baseline -0.001 -19"><span class='ocrx_word' id='word_1_329' title='bbox 252 2356 436 2428; x_wconf 80' lang='grc' dir='ltr'>μήσαι</span> <span class='ocrx_word' id='word_1_330' title='bbox 486 2355 693 2426; x_wconf 83' lang='grc' dir='ltr'>Κύριος</span> <span class='ocrx_word' id='word_1_331' title='bbox 726 2355 784 2407; x_wconf 78' lang='grc' dir='ltr'><strong>ἐν</strong></span> <span class='ocrx_word' id='word_1_332' title='bbox 830 2339 932 2418; x_wconf 79' lang='grc' dir='ltr'>σοὶ,</span> <span class='ocrx_word' id='word_1_333' title='bbox 973 2354 1213 2408; x_wconf 78' lang='grc' dir='ltr'>διάϐολε.·</span> <span class='ocrx_word' id='word_1_334' title='bbox 1247 2356 1359 2408; x_wconf 84' lang='lat' dir='ltr'><strong>Kal</strong></span> <span class='ocrx_word' id='word_1_335' title='bbox 1384 2352 1783 2425; x_wconf 82' lang='grc' dir='ltr'>διεμαρτύρατο</span> <span class='ocrx_word' id='word_1_336' title='bbox 1824 2355 1853 2407; x_wconf 84' lang='grc' dir='ltr'>ὁ</span> 
     </span>
    </p>
   </div>
   <div class='ocr_carea' id='block_1_42' title="bbox 250 2446 1850 2520">
    <p class='ocr_par' dir='ltr' id='par_1_42' title="bbox 250 2446 1850 2520">
     <span class='ocr_line' id='line_1_42' title="bbox 250 2446 1850 2520; baseline -0.003 -16"><span class='ocrx_word' id='word_1_337' title='bbox 250 2448 493 2516; x_wconf 77' lang='grc' dir='ltr'>ἄγγελος</span> <span class='ocrx_word' id='word_1_338' title='bbox 516 2448 726 2520; x_wconf 81' lang='grc' dir='ltr'>Κυρίου</span> <span class='ocrx_word' id='word_1_339' title='bbox 753 2449 890 2520; x_wconf 83' lang='grc' dir='ltr'>πρὸς</span> <span class='ocrx_word' id='word_1_340' title='bbox 911 2449 1002 2501; x_wconf 85' lang='grc' dir='ltr'><strong>τὸν</strong></span> <span class='ocrx_word' id='word_1_341' title='bbox 1043 2446 1270 2518; x_wconf 79' lang='grc' dir='ltr'>Ἰησοῦν,</span> <span class='ocrx_word' id='word_1_342' title='bbox 1298 2448 1505 2516; x_wconf 82' lang='grc' dir='ltr'>λέγων’</span> <span class='ocrx_word' id='word_1_343' title='bbox 1531 2446 1669 2502; x_wconf 84' lang='grc' dir='ltr'>Τάδε</span> <span class='ocrx_word' id='word_1_344' title='bbox 1702 2447 1850 2516; x_wconf 82' lang='grc' dir='ltr'>λέγει</span> 
     </span>
    </p>
   </div>
   <div class='ocr_carea' id='block_1_43' title="bbox 248 2539 1865 2613">
    <p class='ocr_par' dir='ltr' id='par_1_43' title="bbox 248 2539 1865 2613">
     <span class='ocr_line' id='line_1_43' title="bbox 248 2539 1865 2613; baseline -0.002 -18"><span class='ocrx_word' id='word_1_345' title='bbox 248 2542 466 2613; x_wconf 80' lang='grc' dir='ltr'>Κύριος</span> <span class='ocrx_word' id='word_1_346' title='bbox 499 2541 894 2612; x_wconf 81' lang='grc' dir='ltr'>παντοκράτωρ</span> <span class='ocrx_word' id='word_1_347' title='bbox 917 2555 931 2569; x_wconf 81' lang='lat'><strong>&#39;</strong></span> <span class='ocrx_word' id='word_1_348' title='bbox 981 2540 1106 2593; x_wconf 75' lang='grc' dir='ltr'>Ἐὰν</span> <span class='ocrx_word' id='word_1_349' title='bbox 1138 2543 1258 2603; x_wconf 90' lang='grc' dir='ltr'>ταῖς</span> <span class='ocrx_word' id='word_1_350' title='bbox 1300 2539 1439 2603; x_wconf 81' lang='grc' dir='ltr'>ὁδοῖς</span> <span class='ocrx_word' id='word_1_351' title='bbox 1468 2540 1577 2610; x_wconf 79' lang='grc'>(16)</span> <span class='ocrx_word' id='word_1_352' title='bbox 1610 2557 1710 2609; x_wconf 87' lang='grc' dir='ltr'><strong>μου</strong></span> <span class='ocrx_word' id='word_1_353' title='bbox 1749 2557 1865 2593; x_wconf 69' lang='grc' dir='ltr'>ποι.</span> 
     </span>
    </p>
   </div>
   <div class='ocr_carea' id='block_1_44' title="bbox 251 2629 1854 2706">
    <p class='ocr_par' dir='ltr' id='par_1_44' title="bbox 251 2629 1854 2706">
     <span class='ocr_line' id='line_1_44' title="bbox 251 2629 1854 2706; baseline 0 -20"><span class='ocrx_word' id='word_1_354' title='bbox 251 2633 467 2706; x_wconf 81' lang='grc' dir='ltr'>ρεύσῃ,</span> <span class='ocrx_word' id='word_1_355' title='bbox 513 2632 612 2686; x_wconf 78' lang='grc' dir='ltr'>καὶ</span> <span class='ocrx_word' id='word_1_356' title='bbox 640 2632 735 2686; x_wconf 74' lang='grc' dir='ltr'>ἐὰν</span> <span class='ocrx_word' id='word_1_357' title='bbox 763 2631 831 2685; x_wconf 77' lang='grc' dir='ltr'>τὰ</span> <span class='ocrx_word' id='word_1_358' title='bbox 870 2631 1270 2703; x_wconf 77' lang='grc' dir='ltr'>προστάγματα</span> <span class='ocrx_word' id='word_1_359' title='bbox 1320 2648 1423 2702; x_wconf 91' lang='grc' dir='ltr'><strong>μου</strong></span> <span class='ocrx_word' id='word_1_360' title='bbox 1467 2629 1709 2704; x_wconf 80' lang='grc' dir='ltr'><strong>φυλάξῃ,</strong></span> <span class='ocrx_word' id='word_1_361' title='bbox 1758 2633 1854 2687; x_wconf 69' lang='grc' dir='ltr'><strong>καὶ</strong></span> 
     </span>
    </p>
   </div>
   <div class='ocr_carea' id='block_1_45' title="bbox 251 2718 1850 2795">
    <p class='ocr_par' dir='ltr' id='par_1_45' title="bbox 251 2718 1850 2795">
     <span class='ocr_line' id='line_1_45' title="bbox 251 2718 1850 2795; baseline 0 -17"><span class='ocrx_word' id='word_1_362' title='bbox 251 2727 320 2778; x_wconf 76' lang='grc' dir='ltr'><strong>σὺ</strong></span> <span class='ocrx_word' id='word_1_363' title='bbox 372 2725 674 2794; x_wconf 79' lang='grc' dir='ltr'>διακρινεῖς</span> <span class='ocrx_word' id='word_1_364' title='bbox 722 2723 834 2792; x_wconf 79' lang='grc'>(17)</span> <span class='ocrx_word' id='word_1_365' title='bbox 898 2722 989 2776; x_wconf 88' lang='grc' dir='ltr'><strong>τὸν</strong></span> <span class='ocrx_word' id='word_1_366' title='bbox 1045 2718 1193 2777; x_wconf 73' lang='grc' dir='ltr'>οἶκόν</span> <span class='ocrx_word' id='word_1_367' title='bbox 1271 2739 1392 2795; x_wconf 81' lang='grc' dir='ltr'>μου.</span> <span class='ocrx_word' id='word_1_368' title='bbox 1479 2724 1590 2777; x_wconf 83' lang='lat' dir='ltr'><strong>Kal</strong></span> <span class='ocrx_word' id='word_1_369' title='bbox 1669 2722 1850 2789; x_wconf 87' lang='grc' dir='ltr'>πάλιν,</span> 
     </span>
    </p>
   </div>
   <div class='ocr_carea' id='block_1_46' title="bbox 254 2817 1849 2890">
    <p class='ocr_par' dir='ltr' id='par_1_46' title="bbox 254 2817 1849 2890">
     <span class='ocr_line' id='line_1_46' title="bbox 254 2817 1849 2890; baseline 0.002 -21"><span class='ocrx_word' id='word_1_370' title='bbox 254 2836 274 2869; x_wconf 83' lang='grc' dir='ltr'><strong>ι</strong></span> <span class='ocrx_word' id='word_1_371' title='bbox 314 2818 523 2872; x_wconf 80' lang='grc' dir='ltr'>Ἀκουε</span> <span class='ocrx_word' id='word_1_372' title='bbox 552 2818 618 2890; x_wconf 81' lang='grc' dir='ltr'><strong>δὴ</strong></span> <span class='ocrx_word' id='word_1_373' title='bbox 643 2859 658 2881; x_wconf 94' lang='grc'><strong>,</strong></span> <span class='ocrx_word' id='word_1_374' title='bbox 690 2817 928 2888; x_wconf 83' lang='grc' dir='ltr'>Ἰησοῦς,</span> <span class='ocrx_word' id='word_1_375' title='bbox 964 2818 992 2871; x_wconf 87' lang='grc' dir='ltr'>ὁ</span> <span class='ocrx_word' id='word_1_376' title='bbox 1034 2820 1213 2890; x_wconf 71' lang='grc' dir='ltr'>ἱερεὺς</span> <span class='ocrx_word' id='word_1_377' title='bbox 1243 2819 1271 2872; x_wconf 85' lang='grc' dir='ltr'>ὁ</span> <span class='ocrx_word' id='word_1_378' title='bbox 1302 2818 1494 2889; x_wconf 83' lang='grc' dir='ltr'>μέγας.</span> <span class='ocrx_word' id='word_1_379' title='bbox 1534 2836 1552 2869; x_wconf 76' lang='grc' dir='ltr'><strong>ι</strong></span> <span class='ocrx_word' id='word_1_380' title='bbox 1595 2818 1849 2884; x_wconf 83' lang='grc' dir='ltr'>Ἡσαΐας,</span> 
     </span>
    </p>
   </div>
   <div class='ocr_carea' id='block_1_47' title="bbox 255 2909 1849 2983">
    <p class='ocr_par' dir='ltr' id='par_1_47' title="bbox 255 2909 1849 2983">
     <span class='ocr_line' id='line_1_47' title="bbox 255 2909 1849 2983; baseline 0.001 -19"><span class='ocrx_word' id='word_1_381' title='bbox 255 2929 278 2964; x_wconf 75' lang='grc' dir='ltr'>ι</span> <span class='ocrx_word' id='word_1_382' title='bbox 350 2911 640 2983; x_wconf 78' lang='grc' dir='ltr'>Ἐμφανὴς</span> <span class='ocrx_word' id='word_1_383' title='bbox 682 2912 947 2983; x_wconf 74' lang='grc' dir='ltr'>ἐγενόμην</span> <span class='ocrx_word' id='word_1_384' title='bbox 997 2913 1111 2975; x_wconf 87' lang='grc' dir='ltr'>τοῖς</span> <span class='ocrx_word' id='word_1_385' title='bbox 1149 2912 1249 2981; x_wconf 81' lang='grc' dir='ltr'>ἐμὲ</span> <span class='ocrx_word' id='word_1_386' title='bbox 1309 2911 1384 2983; x_wconf 82' lang='grc' dir='ltr'>μὴ</span> <span class='ocrx_word' id='word_1_387' title='bbox 1430 2909 1650 2981; x_wconf 78' lang='grc' dir='ltr'>ζητοῦσι</span> <span class='ocrx_word' id='word_1_388' title='bbox 1700 2911 1849 2982; x_wconf 79' lang='grc'>(18),</span> 
     </span>
    </p>
   </div>
   <div class='ocr_carea' id='block_1_48' title="bbox 251 3000 1854 3073">
    <p class='ocr_par' dir='ltr' id='par_1_48' title="bbox 251 3000 1854 3073">
     <span class='ocr_line' id='line_1_48' title="bbox 251 3000 1854 3073; baseline -0.001 -18"><span class='ocrx_word' id='word_1_389' title='bbox 251 3002 350 3055; x_wconf 71' lang='grc' dir='ltr'><strong>καὶ</strong></span> <span class='ocrx_word' id='word_1_390' title='bbox 394 3002 632 3073; x_wconf 80' lang='grc' dir='ltr'>εύρέθην</span> <span class='ocrx_word' id='word_1_391' title='bbox 673 3005 786 3065; x_wconf 79' lang='grc' dir='ltr'>τοῖς</span> <span class='ocrx_word' id='word_1_392' title='bbox 829 3002 929 3072; x_wconf 80' lang='grc' dir='ltr'>ἐμὲ</span> <span class='ocrx_word' id='word_1_393' title='bbox 980 3000 1054 3072; x_wconf 84' lang='grc' dir='ltr'><strong>μὴ</strong></span> <span class='ocrx_word' id='word_1_394' title='bbox 1103 3002 1425 3072; x_wconf 75' lang='grc' dir='ltr'>ἐπερωτῶσι</span> <span class='ocrx_word' id='word_1_395' title='bbox 1467 3000 1599 3072; x_wconf 79' lang='grc'>(19).</span> <span class='ocrx_word' id='word_1_396' title='bbox 1647 3019 1665 3052; x_wconf 80' lang='grc' dir='ltr'><strong>ι</strong></span> <span class='ocrx_word' id='word_1_397' title='bbox 1706 3001 1854 3070; x_wconf 89' lang='lat' dir='ltr'><strong>(Kal</strong></span> 
     </span>
    </p>
   </div>
   <div class='ocr_carea' id='block_1_49' title="bbox 253 3078 1847 3165">
    <p class='ocr_par' dir='ltr' id='par_1_49' title="bbox 253 3078 1847 3165">
     <span class='ocr_line' id='line_1_49' title="bbox 253 3078 1847 3165; baseline 0.001 -20"><span class='ocrx_word' id='word_1_398' title='bbox 253 3078 457 3160; x_wconf 70' lang='grc' dir='ltr'>πάλιν,</span> <span class='ocrx_word' id='word_1_399' title='bbox 508 3114 529 3146; x_wconf 83' lang='grc' dir='ltr'><strong>ι</strong></span> <span class='ocrx_word' id='word_1_400' title='bbox 584 3095 694 3148; x_wconf 86' lang='lat' dir='ltr'><strong>Kal</strong></span> <span class='ocrx_word' id='word_1_401' title='bbox 751 3092 975 3165; x_wconf 87' lang='grc' dir='ltr'>βασιλέα</span> <span class='ocrx_word' id='word_1_402' title='bbox 1050 3093 1224 3164; x_wconf 79' lang='grc' dir='ltr'>μέγαν</span> <span class='ocrx_word' id='word_1_403' title='bbox 1272 3093 1489 3162; x_wconf 73' lang='grc' dir='ltr'>ὕψεσθε.</span> <span class='ocrx_word' id='word_1_404' title='bbox 1543 3113 1562 3146; x_wconf 75' lang='grc' dir='ltr'><strong>ι</strong></span> <span class='ocrx_word' id='word_1_405' title='bbox 1609 3093 1744 3147; x_wconf 88' lang='grc' dir='ltr'>Θεὸν</span> <span class='ocrx_word' id='word_1_406' title='bbox 1789 3092 1847 3146; x_wconf 85' lang='grc' dir='ltr'>δὲ</span> 
     </span>
    </p>
   </div>
   <div class='ocr_carea' id='block_1_50' title="bbox 250 3184 1845 3258">
    <p class='ocr_par' dir='ltr' id='par_1_50' title="bbox 250 3184 1845 3258">
     <span class='ocr_line' id='line_1_50' title="bbox 250 3184 1845 3258; baseline -0.003 -18"><span class='ocrx_word' id='word_1_407' title='bbox 250 3187 430 3249; x_wconf 72' lang='grc' dir='ltr'>οὐδεὶς</span> <span class='ocrx_word' id='word_1_408' title='bbox 459 3187 613 3258; x_wconf 80' lang='grc' dir='ltr'>ὁρᾷ.)</span> <span class='ocrx_word' id='word_1_409' title='bbox 644 3186 757 3239; x_wconf 82' lang='lat' dir='ltr'><strong>Kal</strong></span> <span class='ocrx_word' id='word_1_410' title='bbox 786 3185 967 3240; x_wconf 57' lang='grc' dir='ltr'>πάλιν</span> <span class='ocrx_word' id='word_1_411' title='bbox 999 3204 1019 3237; x_wconf 74' lang='grc' dir='ltr'><strong>ι</strong></span> <span class='ocrx_word' id='word_1_412' title='bbox 1068 3186 1496 3256; x_wconf 81' lang='grc' dir='ltr'>Ἐπιφανήσεται</span> <span class='ocrx_word' id='word_1_413' title='bbox 1522 3184 1727 3256; x_wconf 84' lang='grc' dir='ltr'>Κύριος</span> <span class='ocrx_word' id='word_1_414' title='bbox 1758 3184 1845 3236; x_wconf 78' lang='grc' dir='ltr'><strong>ἐπ’</strong></span> 
     </span>
    </p>
   </div>
   <div class='ocr_carea' id='block_1_51' title="bbox 251 3272 1848 3346">
    <p class='ocr_par' dir='ltr' id='par_1_51' title="bbox 251 3272 1848 3346">
     <span class='ocr_line' id='line_1_51' title="bbox 251 3272 1848 3346; baseline -0.003 -15"><span class='ocrx_word' id='word_1_415' title='bbox 251 3277 491 3342; x_wconf 74' lang='grc' dir='ltr'>αὐτοὺς,</span> <span class='ocrx_word' id='word_1_416' title='bbox 553 3276 648 3329; x_wconf 72' lang='grc' dir='ltr'><strong>καὶ</strong></span> <span class='ocrx_word' id='word_1_417' title='bbox 699 3274 1071 3346; x_wconf 78' lang='grc' dir='ltr'>ὲξολοθρεύσει</span> <span class='ocrx_word' id='word_1_418' title='bbox 1118 3274 1325 3338; x_wconf 85' lang='grc' dir='ltr'>πάντας</span> <span class='ocrx_word' id='word_1_419' title='bbox 1368 3276 1496 3338; x_wconf 84' lang='grc' dir='ltr'>τοὺς</span> <span class='ocrx_word' id='word_1_420' title='bbox 1538 3272 1693 3338; x_wconf 82' lang='grc' dir='ltr'>θεοὺς</span> <span class='ocrx_word' id='word_1_421' title='bbox 1738 3272 1848 3326; x_wconf 86' lang='grc' dir='ltr'>τῶν</span> 
     </span>
    </p>
   </div>
   <div class='ocr_carea' id='block_1_52' title="bbox 250 3365 1848 3443">
    <p class='ocr_par' dir='ltr' id='par_1_52' title="bbox 250 3365 1848 3443">
     <span class='ocr_line' id='line_1_52' title="bbox 250 3365 1848 3443; baseline -0.003 -21"><span class='ocrx_word' id='word_1_422' title='bbox 250 3367 447 3422; x_wconf 79' lang='grc' dir='ltr'>ἐθνῶν.</span> <span class='ocrx_word' id='word_1_423' title='bbox 478 3387 496 3420; x_wconf 81' lang='grc' dir='ltr'><strong>ι</strong></span> <span class='ocrx_word' id='word_1_424' title='bbox 534 3367 647 3420; x_wconf 86' lang='lat' dir='ltr'><strong>Kal</strong></span> <span class='ocrx_word' id='word_1_425' title='bbox 680 3367 862 3420; x_wconf 62' lang='grc' dir='ltr'>πάλιν</span> <span class='ocrx_word' id='word_1_426' title='bbox 901 3386 919 3417; x_wconf 83' lang='grc' dir='ltr'><strong>ι</strong></span> <span class='ocrx_word' id='word_1_427' title='bbox 953 3366 1082 3422; x_wconf 83' lang='grc' dir='ltr'>Ἰδοὺ</span> <span class='ocrx_word' id='word_1_428' title='bbox 1121 3366 1453 3443; x_wconf 82' lang='grc' dir='ltr'>πάρειμιτῷ</span> <span class='ocrx_word' id='word_1_429' title='bbox 1484 3365 1646 3430; x_wconf 76' lang='grc' dir='ltr'>ἔθνει,</span> <span class='ocrx_word' id='word_1_430' title='bbox 1676 3365 1724 3419; x_wconf 87' lang='grc' dir='ltr'>οἳ</span> <span class='ocrx_word' id='word_1_431' title='bbox 1748 3367 1848 3420; x_wconf 84' lang='grc' dir='ltr'><strong>οὐκ</strong></span> 
     </span>
    </p>
   </div>
   <div class='ocr_carea' id='block_1_53' title="bbox 244 3456 1847 3528">
    <p class='ocr_par' dir='ltr' id='par_1_53' title="bbox 244 3456 1847 3528">
     <span class='ocr_line' id='line_1_53' title="bbox 244 3456 1847 3528; baseline -0.001 -18"><span class='ocrx_word' id='word_1_432' title='bbox 244 3456 664 3511; x_wconf 75' lang='grc' dir='ltr'>ἐπεκαλέσαντο</span> <span class='ocrx_word' id='word_1_433' title='bbox 692 3457 753 3511; x_wconf 84' lang='grc' dir='ltr'><strong>τὸ</strong></span> <span class='ocrx_word' id='word_1_434' title='bbox 784 3457 956 3528; x_wconf 78' lang='grc' dir='ltr'>δνομά</span> <span class='ocrx_word' id='word_1_435' title='bbox 1006 3474 1127 3528; x_wconf 86' lang='grc' dir='ltr'>μου.</span> <span class='ocrx_word' id='word_1_436' title='bbox 1153 3477 1170 3509; x_wconf 75' lang='grc' dir='ltr'><strong>ι</strong></span> <span class='ocrx_word' id='word_1_437' title='bbox 1215 3457 1400 3521; x_wconf 76' lang='grc' dir='ltr'>Δαόὶδ,</span> <span class='ocrx_word' id='word_1_438' title='bbox 1439 3475 1457 3509; x_wconf 89' lang='grc' dir='ltr'><strong>ι</strong></span> <span class='ocrx_word' id='word_1_439' title='bbox 1509 3458 1569 3511; x_wconf 89' lang='lat'><strong>&#39;0</strong></span> <span class='ocrx_word' id='word_1_440' title='bbox 1602 3457 1847 3528; x_wconf 80' lang='grc' dir='ltr'>καθήμε-</span> 
     </span>
    </p>
   </div>
   <div class='ocr_carea' id='block_1_54' title="bbox 253 3548 1843 3623">
    <p class='ocr_par' dir='ltr' id='par_1_54' title="bbox 253 3548 1843 3623">
     <span class='ocr_line' id='line_1_54' title="bbox 253 3548 1843 3623; baseline 0 -20"><span class='ocrx_word' id='word_1_441' title='bbox 253 3566 343 3614; x_wconf 88' lang='grc' dir='ltr'><strong>νος</strong></span> <span class='ocrx_word' id='word_1_442' title='bbox 386 3550 485 3603; x_wconf 71' lang='grc' dir='ltr'>ἐπὶ</span> <span class='ocrx_word' id='word_1_443' title='bbox 512 3549 623 3603; x_wconf 81' lang='grc' dir='ltr'><strong>τῶν</strong></span> <span class='ocrx_word' id='word_1_444' title='bbox 652 3548 919 3622; x_wconf 78' lang='grc' dir='ltr'>χερουϐὶμ</span> <span class='ocrx_word' id='word_1_445' title='bbox 949 3550 1243 3620; x_wconf 80' lang='grc' dir='ltr'>ὲμφάνηθι.</span> <span class='ocrx_word' id='word_1_446' title='bbox 1286 3550 1589 3621; x_wconf 78' lang='grc' dir='ltr'>Ἐξέγειρον</span> <span class='ocrx_word' id='word_1_447' title='bbox 1624 3550 1723 3621; x_wconf 80' lang='grc' dir='ltr'>τὴν</span> <span class='ocrx_word' id='word_1_448' title='bbox 1747 3549 1843 3623; x_wconf 83' lang='grc' dir='ltr'>δυ-</span> 
     </span>
    </p>
   </div>
   <div class='ocr_carea' id='block_1_55' title="bbox 253 3641 1843 3713">
    <p class='ocr_par' dir='ltr' id='par_1_55' title="bbox 253 3641 1843 3713">
     <span class='ocr_line' id='line_1_55' title="bbox 253 3641 1843 3713; baseline -0.001 -16"><span class='ocrx_word' id='word_1_449' title='bbox 253 3642 511 3697; x_wconf 85' lang='grc' dir='ltr'>ναστείαν</span> <span class='ocrx_word' id='word_1_450' title='bbox 545 3658 675 3707; x_wconf 87' lang='grc' dir='ltr'>σου,</span> <span class='ocrx_word' id='word_1_451' title='bbox 723 3643 820 3696; x_wconf 78' lang='grc' dir='ltr'><strong>καὶ</strong></span> <span class='ocrx_word' id='word_1_452' title='bbox 854 3642 974 3697; x_wconf 82' lang='grc' dir='ltr'>ὲλθὲ</span> <span class='ocrx_word' id='word_1_453' title='bbox 1014 3645 1094 3707; x_wconf 80' lang='grc' dir='ltr'><strong>είς</strong></span> <span class='ocrx_word' id='word_1_454' title='bbox 1125 3643 1186 3695; x_wconf 85' lang='grc' dir='ltr'><strong>τὸ</strong></span> <span class='ocrx_word' id='word_1_455' title='bbox 1231 3641 1403 3696; x_wconf 85' lang='grc' dir='ltr'>σῶσαι</span> <span class='ocrx_word' id='word_1_456' title='bbox 1453 3643 1623 3713; x_wconf 80' lang='grc' dir='ltr'>ἡμᾶς.</span> <span class='ocrx_word' id='word_1_457' title='bbox 1662 3661 1681 3694; x_wconf 84' lang='grc'>›</span> <span class='ocrx_word' id='word_1_458' title='bbox 1733 3642 1843 3695; x_wconf 87' lang='lat' dir='ltr'><strong>Kal</strong></span> 
     </span>
    </p>
   </div>
   <div class='ocr_carea' id='block_1_56' title="bbox 254 3732 1839 3807">
    <p class='ocr_par' dir='ltr' id='par_1_56' title="bbox 254 3732 1839 3807">
     <span class='ocr_line' id='line_1_56' title="bbox 254 3732 1839 3807; baseline 0 -20"><span class='ocrx_word' id='word_1_459' title='bbox 254 3734 441 3803; x_wconf 74' lang='grc' dir='ltr'>πάλιν,</span> <span class='ocrx_word' id='word_1_460' title='bbox 478 3753 499 3786; x_wconf 86' lang='grc' dir='ltr'><strong>ι</strong></span> <span class='ocrx_word' id='word_1_461' title='bbox 522 3734 913 3807; x_wconf 77' lang='grc' dir='ltr'>Καταϐήσεται</span> <span class='ocrx_word' id='word_1_462' title='bbox 935 3735 1008 3799; x_wconf 81' lang='grc' dir='ltr'>ὡς</span> <span class='ocrx_word' id='word_1_463' title='bbox 1032 3734 1187 3798; x_wconf 80' lang='grc' dir='ltr'>ὑετὸς</span> <span class='ocrx_word' id='word_1_464' title='bbox 1216 3734 1307 3788; x_wconf 79' lang='grc' dir='ltr'><strong>ἐπὶ</strong></span> <span class='ocrx_word' id='word_1_465' title='bbox 1339 3733 1524 3788; x_wconf 84' lang='grc' dir='ltr'>πόκον.</span> <span class='ocrx_word' id='word_1_466' title='bbox 1554 3753 1573 3786; x_wconf 74' lang='grc' dir='ltr'><strong>ι</strong></span> <span class='ocrx_word' id='word_1_467' title='bbox 1600 3732 1674 3787; x_wconf 87' lang='grc' dir='ltr'>Τὸ</span> <span class='ocrx_word' id='word_1_468' title='bbox 1702 3734 1839 3787; x_wconf 87' lang='grc' dir='ltr'>άτά-</span> 
     </span>
    </p>
   </div>
   <div class='ocr_carea' id='block_1_57' title="bbox 253 3825 1838 3901">
    <p class='ocr_par' dir='ltr' id='par_1_57' title="bbox 253 3825 1838 3901">
     <span class='ocr_line' id='line_1_57' title="bbox 253 3825 1838 3901; baseline -0.002 -20"><span class='ocrx_word' id='word_1_469' title='bbox 253 3844 419 3901; x_wconf 79' lang='grc' dir='ltr'>ραχον</span> <span class='ocrx_word' id='word_1_470' title='bbox 466 3828 565 3881; x_wconf 75' lang='grc' dir='ltr'><strong>καὶ</strong></span> <span class='ocrx_word' id='word_1_471' title='bbox 608 3827 737 3881; x_wconf 77' lang='grc' dir='ltr'>ἄνευ</span> <span class='ocrx_word' id='word_1_472' title='bbox 784 3827 960 3896; x_wconf 75' lang='grc' dir='ltr'>ψόφου</span> <span class='ocrx_word' id='word_1_473' title='bbox 995 3829 1096 3897; x_wconf 78' lang='grc' dir='ltr'><strong>τῇς</strong></span> <span class='ocrx_word' id='word_1_474' title='bbox 1139 3825 1496 3889; x_wconf 74' lang='grc' dir='ltr'>καταϐάσεως</span> <span class='ocrx_word' id='word_1_475' title='bbox 1535 3825 1838 3895; x_wconf 61' lang='grc' dir='ltr'>σημαίνων</span> 
     </span>
    </p>
   </div>
   <div class='ocr_carea' id='block_1_58' title="bbox 250 3917 1841 3991">
    <p class='ocr_par' dir='ltr' id='par_1_58' title="bbox 250 3917 1841 3991">
     <span class='ocr_line' id='line_1_58' title="bbox 250 3917 1841 3991; baseline -0.003 -18"><span class='ocrx_word' id='word_1_476' title='bbox 250 3922 341 3973; x_wconf 71' lang='grc' dir='ltr'>ἐπὶ</span> <span class='ocrx_word' id='word_1_477' title='bbox 366 3921 483 3991; x_wconf 72' lang='grc' dir='ltr'>γὰρ</span> <span class='ocrx_word' id='word_1_478' title='bbox 511 3920 614 3991; x_wconf 78' lang='grc' dir='ltr'>τὴν</span> <span class='ocrx_word' id='word_1_479' title='bbox 646 3920 749 3991; x_wconf 82' lang='grc' dir='ltr'>γῆν</span> <span class='ocrx_word' id='word_1_480' title='bbox 775 3919 928 3983; x_wconf 78' lang='grc' dir='ltr'>ὑετὸς</span> <span class='ocrx_word' id='word_1_481' title='bbox 960 3917 1324 3982; x_wconf 78' lang='grc' dir='ltr'>καταϐαίνων,</span> <span class='ocrx_word' id='word_1_482' title='bbox 1353 3917 1523 3988; x_wconf 70' lang='grc' dir='ltr'>ψόφον</span> <span class='ocrx_word' id='word_1_483' title='bbox 1557 3920 1720 3971; x_wconf 80' lang='grc' dir='ltr'>ποιεῖ’</span> <span class='ocrx_word' id='word_1_484' title='bbox 1748 3917 1841 3970; x_wconf 68' lang='grc' dir='ltr'>ἐπὶ</span> 
     </span>
    </p>
   </div>
   <div class='ocr_carea' id='block_1_59' title="bbox 249 4009 1840 4082">
    <p class='ocr_par' dir='ltr' id='par_1_59' title="bbox 249 4009 1840 4082">
     <span class='ocr_line' id='line_1_59' title="bbox 249 4009 1840 4082; baseline -0.001 -18"><span class='ocrx_word' id='word_1_485' title='bbox 249 4011 307 4064; x_wconf 73' lang='grc' dir='ltr'>δὲ</span> <span class='ocrx_word' id='word_1_486' title='bbox 339 4012 513 4065; x_wconf 81' lang='grc' dir='ltr'>πόκον</span> <span class='ocrx_word' id='word_1_487' title='bbox 538 4010 687 4082; x_wconf 77' lang='grc' dir='ltr'>ἐρίου</span> <span class='ocrx_word' id='word_1_488' title='bbox 718 4009 1082 4075; x_wconf 76' lang='grc' dir='ltr'>καταϐαίνων,</span> <span class='ocrx_word' id='word_1_489' title='bbox 1112 4010 1174 4063; x_wconf 85' lang='grc' dir='ltr'><strong>οὐ</strong></span> <span class='ocrx_word' id='word_1_490' title='bbox 1200 4012 1364 4065; x_wconf 81' lang='grc' dir='ltr'>ποιεῖ.</span> <span class='ocrx_word' id='word_1_491' title='bbox 1391 4009 1645 4080; x_wconf 83' lang='grc' dir='ltr'>Μιχαίας,</span> <span class='ocrx_word' id='word_1_492' title='bbox 1680 4028 1697 4060; x_wconf 88' lang='grc' dir='ltr'><strong>ι</strong></span> <span class='ocrx_word' id='word_1_493' title='bbox 1729 4010 1840 4063; x_wconf 88' lang='lat' dir='ltr'><strong>Kal</strong></span> 
     </span>
    </p>
   </div>
   <div class='ocr_carea' id='block_1_60' title="bbox 253 4099 1840 4175">
    <p class='ocr_par' dir='ltr' id='par_1_60' title="bbox 253 4099 1840 4175">
     <span class='ocr_line' id='line_1_60' title="bbox 253 4099 1840 4175; baseline -0.001 -17"><span class='ocrx_word' id='word_1_494' title='bbox 253 4104 339 4169; x_wconf 72' lang='lat' dir='ltr'><strong>ab,</strong></span> <span class='ocrx_word' id='word_1_495' title='bbox 369 4102 624 4173; x_wconf 83' lang='grc' dir='ltr'>Βηθλεὲμ</span> <span class='ocrx_word' id='word_1_496' title='bbox 655 4103 725 4173; x_wconf 83' lang='grc' dir='ltr'><strong>γῆ</strong></span> <span class='ocrx_word' id='word_1_497' title='bbox 772 4103 958 4167; x_wconf 82' lang='grc' dir='ltr'>Ἰούδα,</span> <span class='ocrx_word' id='word_1_498' title='bbox 989 4103 1241 4174; x_wconf 81' lang='grc' dir='ltr'>οὐδαμῶς</span> <span class='ocrx_word' id='word_1_499' title='bbox 1277 4102 1532 4175; x_wconf 73' lang='grc' dir='ltr'>ἐλαχίστη</span> <span class='ocrx_word' id='word_1_500' title='bbox 1560 4099 1613 4156; x_wconf 83' lang='grc' dir='ltr'><strong>εἷ</strong></span> <span class='ocrx_word' id='word_1_501' title='bbox 1639 4106 1696 4160; x_wconf 80' lang='grc' dir='ltr'>ἐν</span> <span class='ocrx_word' id='word_1_502' title='bbox 1729 4105 1840 4169; x_wconf 82' lang='grc' dir='ltr'>τοῖς</span> 
     </span>
    </p>
   </div>
   <div class='ocr_carea' id='block_1_61' title="bbox 252 4194 1838 4267">
    <p class='ocr_par' dir='ltr' id='par_1_61' title="bbox 252 4194 1838 4267">
     <span class='ocr_line' id='line_1_61' title="bbox 252 4194 1838 4267; baseline 0.003 -21"><span class='ocrx_word' id='word_1_503' title='bbox 252 4195 521 4265; x_wconf 49' lang='grc' dir='ltr'><strong>⁵ἔγγεμιιιςςιν</strong></span> <span class='ocrx_word' id='word_1_504' title='bbox 559 4194 747 4247; x_wconf 82' lang='grc' dir='ltr'>Ἰούδα·</span> <span class='ocrx_word' id='word_1_505' title='bbox 776 4195 841 4248; x_wconf 76' lang='grc' dir='ltr'>ὲκ</span> <span class='ocrx_word' id='word_1_506' title='bbox 863 4195 972 4266; x_wconf 80' lang='grc' dir='ltr'><strong>γὰρ</strong></span> <span class='ocrx_word' id='word_1_507' title='bbox 998 4194 1093 4248; x_wconf 84' lang='grc' dir='ltr'><strong>σοῦ</strong></span> <span class='ocrx_word' id='word_1_508' title='bbox 1113 4195 1454 4260; x_wconf 72' lang='grc' dir='ltr'>ἐξελεύσεταί</span> <span class='ocrx_word' id='word_1_509' title='bbox 1480 4213 1570 4266; x_wconf 88' lang='grc' dir='ltr'><strong>μοι</strong></span> <span class='ocrx_word' id='word_1_510' title='bbox 1599 4196 1838 4267; x_wconf 81' lang='grc' dir='ltr'>ἡγούμε-</span> 
     </span>
    </p>
   </div>
   <div class='ocr_carea' id='block_1_62' title="bbox 252 4284 1836 4359">
    <p class='ocr_par' dir='ltr' id='par_1_62' title="bbox 252 4284 1836 4359">
     <span class='ocr_line' id='line_1_62' title="bbox 252 4284 1836 4359; baseline 0.002 -20"><span class='ocrx_word' id='word_1_511' title='bbox 252 4302 359 4352; x_wconf 80' lang='grc' dir='ltr'>νος,</span> <span class='ocrx_word' id='word_1_512' title='bbox 397 4284 514 4356; x_wconf 74' lang='grc'>(20)</span> <span class='ocrx_word' id='word_1_513' title='bbox 545 4284 603 4348; x_wconf 85' lang='grc' dir='ltr'>ὃς</span> <span class='ocrx_word' id='word_1_514' title='bbox 635 4287 891 4356; x_wconf 84' lang='grc' dir='ltr'>ποιμανεί</span> <span class='ocrx_word' id='word_1_515' title='bbox 921 4285 1013 4338; x_wconf 86' lang='grc' dir='ltr'><strong>τὸν</strong></span> <span class='ocrx_word' id='word_1_516' title='bbox 1039 4285 1169 4339; x_wconf 86' lang='grc' dir='ltr'>λαόν</span> <span class='ocrx_word' id='word_1_517' title='bbox 1205 4302 1307 4355; x_wconf 87' lang='grc' dir='ltr'><strong>μου</strong></span> <span class='ocrx_word' id='word_1_518' title='bbox 1340 4284 1434 4340; x_wconf 86' lang='grc' dir='ltr'><strong>τὸν</strong></span> <span class='ocrx_word' id='word_1_519' title='bbox 1473 4287 1709 4359; x_wconf 77' lang='grc' dir='ltr'>Ἰσραήλ’</span> <span class='ocrx_word' id='word_1_520' title='bbox 1743 4290 1836 4342; x_wconf 80' lang='grc' dir='ltr'>καὶ</span> 
     </span>
    </p>
   </div>
   <div class='ocr_carea' id='block_1_63' title="bbox 1955 1888 3546 1964">
    <p class='ocr_par' dir='ltr' id='par_1_63' title="bbox 1955 1888 3546 1964">
     <span class='ocr_line' id='line_1_63' title="bbox 1955 1888 3546 1964; baseline 0.004 -19"><span class='ocrx_word' id='word_1_521' title='bbox 1955 1888 2177 1945; x_wconf 84' lang='lat' dir='ltr'><strong>Oriente</strong></span> <span class='ocrx_word' id='word_1_522' title='bbox 2198 1891 2265 1945; x_wconf 73' lang='lat'><strong>“.</strong></span> <span class='ocrx_word' id='word_1_523' title='bbox 2294 1911 2311 1944; x_wconf 77' lang='grc' dir='ltr'><strong>ι</strong></span> <span class='ocrx_word' id='word_1_524' title='bbox 2372 1891 2438 1947; x_wconf 86' lang='grc' dir='ltr'>Ει</span> <span class='ocrx_word' id='word_1_525' title='bbox 2489 1902 2613 1963; x_wconf 90' lang='lat' dir='ltr'><strong>post</strong></span> <span class='ocrx_word' id='word_1_526' title='bbox 2649 1908 2821 1964; x_wconf 88' lang='lat' dir='ltr'><strong>pauca</strong></span> <span class='ocrx_word' id='word_1_527' title='bbox 2843 1935 2859 1961; x_wconf 91' lang='lat'><strong>,</strong></span> <span class='ocrx_word' id='word_1_528' title='bbox 2899 1913 2919 1947; x_wconf 87' lang='grc' dir='ltr'><strong>ι</strong></span> <span class='ocrx_word' id='word_1_529' title='bbox 2976 1893 3234 1951; x_wconf 85' lang='lat' dir='ltr'><strong>Ostendit</strong></span> <span class='ocrx_word' id='word_1_530' title='bbox 3262 1897 3395 1952; x_wconf 87' lang='lat' dir='ltr'><strong>mihi</strong></span> <span class='ocrx_word' id='word_1_531' title='bbox 3433 1895 3546 1952; x_wconf 82' lang='lat' dir='ltr'><strong>Do-</strong></span> 
     </span>
    </p>
   </div>
   <div class='ocr_carea' id='block_1_64' title="bbox 1956 1984 3545 2060">
    <p class='ocr_par' dir='ltr' id='par_1_64' title="bbox 1956 1984 3545 2060">
     <span class='ocr_line' id='line_1_64' title="bbox 1956 1984 3545 2060; baseline 0.006 -23"><span class='ocrx_word' id='word_1_532' title='bbox 1956 1988 2139 2039; x_wconf 87' lang='lat' dir='ltr'><strong>minus</strong></span> <span class='ocrx_word' id='word_1_533' title='bbox 2191 1984 2379 2040; x_wconf 84' lang='lat' dir='ltr'><strong>Jesum</strong></span> <span class='ocrx_word' id='word_1_534' title='bbox 2453 1988 2795 2043; x_wconf 88' lang='lat' dir='ltr'><strong>sacerdotem</strong></span> <span class='ocrx_word' id='word_1_535' title='bbox 2846 2003 3105 2060; x_wconf 88' lang='lat' dir='ltr'><strong>magnum</strong></span> <span class='ocrx_word' id='word_1_536' title='bbox 3140 1999 3375 2045; x_wconf 85' lang='lat' dir='ltr'><strong>stantem</strong></span> <span class='ocrx_word' id='word_1_537' title='bbox 3414 1997 3545 2046; x_wconf 91' lang='lat' dir='ltr'><strong>ante</strong></span> 
     </span>
    </p>
   </div>
   <div class='ocr_carea' id='block_1_65' title="bbox 1956 2075 3542 2151">
    <p class='ocr_par' dir='ltr' id='par_1_65' title="bbox 1956 2075 3542 2151">
     <span class='ocr_line' id='line_1_65' title="bbox 1956 2075 3542 2151; baseline 0.006 -22"><span class='ocrx_word' id='word_1_538' title='bbox 1956 2075 2150 2132; x_wconf 83' lang='lat' dir='ltr'><strong>faciem</strong></span> <span class='ocrx_word' id='word_1_539' title='bbox 2207 2078 2382 2151; x_wconf 81' lang='lat' dir='ltr'><strong>angeli</strong></span> <span class='ocrx_word' id='word_1_540' title='bbox 2436 2078 2647 2134; x_wconf 89' lang='lat' dir='ltr'><strong>Domini</strong></span> <span class='ocrx_word' id='word_1_541' title='bbox 2683 2097 2697 2147; x_wconf 91' lang='lat'><strong>;</strong></span> <span class='ocrx_word' id='word_1_542' title='bbox 2759 2089 2812 2136; x_wconf 92' lang='lat' dir='ltr'><strong>et</strong></span> <span class='ocrx_word' id='word_1_543' title='bbox 2847 2080 3098 2138; x_wconf 88' lang='lat' dir='ltr'><strong>diabolus</strong></span> <span class='ocrx_word' id='word_1_544' title='bbox 3131 2083 3311 2138; x_wconf 84' lang='lat' dir='ltr'><strong>stabat</strong></span> <span class='ocrx_word' id='word_1_545' title='bbox 3349 2098 3380 2137; x_wconf 94' lang='lat' dir='ltr'><strong>a</strong></span> <span class='ocrx_word' id='word_1_546' title='bbox 3405 2081 3542 2139; x_wconf 79' lang='lat' dir='ltr'><strong>dex-</strong></span> 
     </span>
    </p>
   </div>
   <div class='ocr_carea' id='block_1_66' title="bbox 1953 2168 3542 2238">
    <p class='ocr_par' dir='ltr' id='par_1_66' title="bbox 1953 2168 3542 2238">
     <span class='ocr_line' id='line_1_66' title="bbox 1953 2168 3542 2238; baseline 0.007 -17"><span class='ocrx_word' id='word_1_547' title='bbox 1953 2168 2089 2224; x_wconf 87' lang='lat' dir='ltr'><strong>teris</strong></span> <span class='ocrx_word' id='word_1_548' title='bbox 2134 2168 2277 2238; x_wconf 86' lang='lat' dir='ltr'><strong>ejus,</strong></span> <span class='ocrx_word' id='word_1_549' title='bbox 2319 2180 2380 2224; x_wconf 90' lang='lat' dir='ltr'><strong>ut</strong></span> <span class='ocrx_word' id='word_1_550' title='bbox 2431 2170 2817 2228; x_wconf 72' lang='lat' dir='ltr'><strong>adversaretur</strong></span> <span class='ocrx_word' id='word_1_551' title='bbox 2858 2174 2934 2230; x_wconf 91' lang='lat' dir='ltr'><strong>ei.</strong></span> <span class='ocrx_word' id='word_1_552' title='bbox 2994 2174 3060 2228; x_wconf 86' lang='lat' dir='ltr'><strong>Et</strong></span> <span class='ocrx_word' id='word_1_553' title='bbox 3091 2174 3231 2230; x_wconf 77' lang='lat' dir='ltr'><strong>dixit</strong></span> <span class='ocrx_word' id='word_1_554' title='bbox 3278 2175 3542 2232; x_wconf 85' lang='lat' dir='ltr'><strong>Dominus</strong></span> 
     </span>
    </p>
   </div>
   <div class='ocr_carea' id='block_1_67' title="bbox 1955 2259 3538 2334">
    <p class='ocr_par' dir='ltr' id='par_1_67' title="bbox 1955 2259 3538 2334">
     <span class='ocr_line' id='line_1_67' title="bbox 1955 2259 3538 2334; baseline 0.007 -21"><span class='ocrx_word' id='word_1_555' title='bbox 1955 2259 2022 2313; x_wconf 88' lang='lat' dir='ltr'><strong>ad</strong></span> <span class='ocrx_word' id='word_1_556' title='bbox 2071 2259 2348 2316; x_wconf 85' lang='lat' dir='ltr'><strong>diabolum</strong></span> <span class='ocrx_word' id='word_1_557' title='bbox 2386 2280 2400 2316; x_wconf 89' lang='lat'><strong>:</strong></span> <span class='ocrx_word' id='word_1_558' title='bbox 2440 2260 2688 2333; x_wconf 87' lang='lat' dir='ltr'><strong>lncrepet</strong></span> <span class='ocrx_word' id='word_1_559' title='bbox 2742 2264 3008 2322; x_wconf 90' lang='lat' dir='ltr'><strong>Dominus</strong></span> <span class='ocrx_word' id='word_1_560' title='bbox 3042 2268 3096 2322; x_wconf 92' lang='lat' dir='ltr'><strong>in</strong></span> <span class='ocrx_word' id='word_1_561' title='bbox 3124 2275 3199 2334; x_wconf 90' lang='lat' dir='ltr'><strong>te,</strong></span> <span class='ocrx_word' id='word_1_562' title='bbox 3234 2267 3451 2324; x_wconf 89' lang='lat' dir='ltr'><strong>diabole</strong></span> <span class='ocrx_word' id='word_1_563' title='bbox 3468 2268 3538 2324; x_wconf 77' lang='lat'><strong>“.</strong></span> 
     </span>
    </p>
   </div>
   <div class='ocr_carea' id='block_1_68' title="bbox 1955 2347 3538 2424">
    <p class='ocr_par' dir='ltr' id='par_1_68' title="bbox 1955 2347 3538 2424">
     <span class='ocr_line' id='line_1_68' title="bbox 1955 2347 3538 2424; baseline 0.008 -22"><span class='ocrx_word' id='word_1_564' title='bbox 1955 2347 2022 2402; x_wconf 88' lang='lat' dir='ltr'><strong>Et</strong></span> <span class='ocrx_word' id='word_1_565' title='bbox 2086 2355 2508 2407; x_wconf 78' lang='lat' dir='ltr'><strong>contestabatur</strong></span> <span class='ocrx_word' id='word_1_566' title='bbox 2576 2356 2808 2424; x_wconf 85' lang='lat' dir='ltr'><strong>angelus</strong></span> <span class='ocrx_word' id='word_1_567' title='bbox 2886 2357 3096 2413; x_wconf 88' lang='lat' dir='ltr'><strong>Domini</strong></span> <span class='ocrx_word' id='word_1_568' title='bbox 3177 2357 3246 2413; x_wconf 88' lang='lat' dir='ltr'><strong>ad</strong></span> <span class='ocrx_word' id='word_1_569' title='bbox 3307 2359 3538 2423; x_wconf 88' lang='lat' dir='ltr'><strong>Jesum,</strong></span> 
     </span>
    </p>
   </div>
   <div class='ocr_carea' id='block_1_69' title="bbox 1954 2439 3540 2521">
    <p class='ocr_par' dir='ltr' id='par_1_69' title="bbox 1954 2439 3540 2521">
     <span class='ocr_line' id='line_1_69' title="bbox 1954 2439 3540 2521; baseline 0.01 -28"><span class='ocrx_word' id='word_1_570' title='bbox 1954 2439 2177 2498; x_wconf 87' lang='lat' dir='ltr'><strong>dicens:</strong></span> <span class='ocrx_word' id='word_1_571' title='bbox 2231 2441 2358 2499; x_wconf 84' lang='lat' dir='ltr'><strong>llaec</strong></span> <span class='ocrx_word' id='word_1_572' title='bbox 2411 2442 2545 2500; x_wconf 87' lang='lat' dir='ltr'><strong>dicit</strong></span> <span class='ocrx_word' id='word_1_573' title='bbox 2592 2444 2856 2504; x_wconf 86' lang='lat' dir='ltr'><strong>Dominus</strong></span> <span class='ocrx_word' id='word_1_574' title='bbox 2917 2449 3306 2521; x_wconf 87' lang='lat' dir='ltr'><strong>omnipotens:</strong></span> <span class='ocrx_word' id='word_1_575' title='bbox 3339 2449 3397 2506; x_wconf 89' lang='lat' dir='ltr'><strong>Si</strong></span> <span class='ocrx_word' id='word_1_576' title='bbox 3435 2453 3540 2509; x_wconf 76' lang='lat' dir='ltr'><strong>viis</strong></span> 
     </span>
    </p>
   </div>
   <div class='ocr_carea' id='block_1_70' title="bbox 1954 2535 3536 2611">
    <p class='ocr_par' dir='ltr' id='par_1_70' title="bbox 1954 2535 3536 2611">
     <span class='ocr_line' id='line_1_70' title="bbox 1954 2535 3536 2611; baseline 0.009 -25"><span class='ocrx_word' id='word_1_577' title='bbox 1954 2535 2093 2589; x_wconf 90' lang='lat' dir='ltr'><strong>meis</strong></span> <span class='ocrx_word' id='word_1_578' title='bbox 2145 2536 2545 2606; x_wconf 84' lang='lat' dir='ltr'><strong>ambulaveris,</strong></span> <span class='ocrx_word' id='word_1_579' title='bbox 2580 2547 2636 2595; x_wconf 89' lang='lat' dir='ltr'><strong>et</strong></span> <span class='ocrx_word' id='word_1_580' title='bbox 2674 2550 2946 2611; x_wconf 70' lang='lat' dir='ltr'><strong>praecepta</strong></span> <span class='ocrx_word' id='word_1_581' title='bbox 2995 2556 3114 2597; x_wconf 89' lang='lat' dir='ltr'><strong>mea</strong></span> <span class='ocrx_word' id='word_1_582' title='bbox 3165 2543 3536 2610; x_wconf 80' lang='lat' dir='ltr'><strong>custodieris,</strong></span> 
     </span>
    </p>
   </div>
   <div class='ocr_carea' id='block_1_71' title="bbox 1951 2622 3539 2700">
    <p class='ocr_par' dir='ltr' id='par_1_71' title="bbox 1951 2622 3539 2700">
     <span class='ocr_line' id='line_1_71' title="bbox 1951 2622 3539 2700; baseline 0.008 -22"><span class='ocrx_word' id='word_1_583' title='bbox 1951 2631 2007 2678; x_wconf 90' lang='lat' dir='ltr'><strong>et</strong></span> <span class='ocrx_word' id='word_1_584' title='bbox 2039 2630 2097 2678; x_wconf 93' lang='lat' dir='ltr'><strong>tu</strong></span> <span class='ocrx_word' id='word_1_585' title='bbox 2123 2622 2397 2694; x_wconf 74' lang='lat' dir='ltr'><strong>iudicabis</strong></span> <span class='ocrx_word' id='word_1_586' title='bbox 2424 2627 2648 2684; x_wconf 90' lang='lat' dir='ltr'><strong>domum</strong></span> <span class='ocrx_word' id='word_1_587' title='bbox 2681 2646 2857 2687; x_wconf 86' lang='lat' dir='ltr'><strong>meam</strong></span> <span class='ocrx_word' id='word_1_588' title='bbox 2882 2632 2948 2686; x_wconf 74' lang='grc'><strong>⁸⁷.</strong></span> <span class='ocrx_word' id='word_1_589' title='bbox 2977 2652 2996 2685; x_wconf 77' lang='grc' dir='ltr'><strong>ι</strong></span> <span class='ocrx_word' id='word_1_590' title='bbox 3021 2632 3084 2687; x_wconf 84' lang='grc' dir='ltr'>Ει</span> <span class='ocrx_word' id='word_1_591' title='bbox 3118 2649 3334 2700; x_wconf 86' lang='lat' dir='ltr'><strong>rursus,</strong></span> <span class='ocrx_word' id='word_1_592' title='bbox 3373 2653 3394 2687; x_wconf 78' lang='grc' dir='ltr'><strong>ι</strong></span> <span class='ocrx_word' id='word_1_593' title='bbox 3426 2635 3539 2691; x_wconf 86' lang='lat' dir='ltr'><strong>Au-</strong></span> 
     </span>
    </p>
   </div>
   <div class='ocr_carea' id='block_1_72' title="bbox 1951 2716 3535 2795">
    <p class='ocr_par' dir='ltr' id='par_1_72' title="bbox 1951 2716 3535 2795">
     <span class='ocr_line' id='line_1_72' title="bbox 1951 2716 3535 2795; baseline 0.005 -20"><span class='ocrx_word' id='word_1_594' title='bbox 1951 2716 2008 2775; x_wconf 91' lang='lat' dir='ltr'><strong>di</strong></span> <span class='ocrx_word' id='word_1_595' title='bbox 2057 2732 2210 2789; x_wconf 89' lang='lat' dir='ltr'><strong>ergo,</strong></span> <span class='ocrx_word' id='word_1_596' title='bbox 2253 2717 2385 2777; x_wconf 83' lang='lat' dir='ltr'><strong>Jesu</strong></span> <span class='ocrx_word' id='word_1_597' title='bbox 2423 2721 2684 2779; x_wconf 87' lang='lat' dir='ltr'><strong>sacerdos</strong></span> <span class='ocrx_word' id='word_1_598' title='bbox 2726 2738 2923 2795; x_wconf 88' lang='lat' dir='ltr'><strong>magne</strong></span> <span class='ocrx_word' id='word_1_599' title='bbox 2952 2724 3018 2778; x_wconf 76' lang='lat'><strong>“.</strong></span> <span class='ocrx_word' id='word_1_600' title='bbox 3062 2744 3083 2777; x_wconf 83' lang='grc'>›</span> <span class='ocrx_word' id='word_1_601' title='bbox 3122 2724 3315 2792; x_wconf 87' lang='lat' dir='ltr'><strong>Isaias,</strong></span> <span class='ocrx_word' id='word_1_602' title='bbox 3362 2746 3382 2779; x_wconf 83' lang='grc' dir='ltr'><strong>ι</strong></span> <span class='ocrx_word' id='word_1_603' title='bbox 3420 2726 3535 2783; x_wconf 80' lang='lat' dir='ltr'><strong>Ma-</strong></span> 
     </span>
    </p>
   </div>
   <div class='ocr_carea' id='block_1_73' title="bbox 1953 2810 3538 2888">
    <p class='ocr_par' dir='ltr' id='par_1_73' title="bbox 1953 2810 3538 2888">
     <span class='ocr_line' id='line_1_73' title="bbox 1953 2810 3538 2888; baseline 0.009 -23"><span class='ocrx_word' id='word_1_604' title='bbox 1953 2810 2190 2867; x_wconf 88' lang='lat' dir='ltr'><strong>nifestus</strong></span> <span class='ocrx_word' id='word_1_605' title='bbox 2241 2810 2422 2868; x_wconf 85' lang='lat' dir='ltr'><strong>factus</strong></span> <span class='ocrx_word' id='word_1_606' title='bbox 2450 2828 2572 2868; x_wconf 87' lang='lat' dir='ltr'><strong>sum</strong></span> <span class='ocrx_word' id='word_1_607' title='bbox 2614 2830 2724 2869; x_wconf 92' lang='lat' dir='ltr'><strong>non</strong></span> <span class='ocrx_word' id='word_1_608' title='bbox 2779 2818 3156 2887; x_wconf 82' lang='lat' dir='ltr'><strong>quaerentibus</strong></span> <span class='ocrx_word' id='word_1_609' title='bbox 3189 2834 3308 2888; x_wconf 89' lang='lat' dir='ltr'><strong>me;</strong></span> <span class='ocrx_word' id='word_1_610' title='bbox 3342 2821 3538 2878; x_wconf 85' lang='lat' dir='ltr'><strong>inven-</strong></span> 
     </span>
    </p>
   </div>
   <div class='ocr_carea' id='block_1_74' title="bbox 1957 2908 3531 2985">
    <p class='ocr_par' dir='ltr' id='par_1_74' title="bbox 1957 2908 3531 2985">
     <span class='ocr_line' id='line_1_74' title="bbox 1957 2908 3531 2985; baseline 0.007 -26"><span class='ocrx_word' id='word_1_611' title='bbox 1957 2912 2044 2961; x_wconf 87' lang='lat' dir='ltr'><strong>tus</strong></span> <span class='ocrx_word' id='word_1_612' title='bbox 2102 2921 2224 2961; x_wconf 88' lang='lat' dir='ltr'><strong>sum</strong></span> <span class='ocrx_word' id='word_1_613' title='bbox 2283 2908 2352 2963; x_wconf 89' lang='lat' dir='ltr'><strong>ab</strong></span> <span class='ocrx_word' id='word_1_614' title='bbox 2400 2908 2487 2963; x_wconf 88' lang='lat' dir='ltr'><strong>his</strong></span> <span class='ocrx_word' id='word_1_615' title='bbox 2547 2909 2642 2980; x_wconf 92' lang='lat' dir='ltr'><strong>qui</strong></span> <span class='ocrx_word' id='word_1_616' title='bbox 2687 2925 2774 2966; x_wconf 89' lang='lat' dir='ltr'><strong>me</strong></span> <span class='ocrx_word' id='word_1_617' title='bbox 2822 2925 2932 2967; x_wconf 89' lang='lat' dir='ltr'><strong>non</strong></span> <span class='ocrx_word' id='word_1_618' title='bbox 2986 2912 3399 2985; x_wconf 85' lang='lat' dir='ltr'><strong>interrogabant</strong></span> <span class='ocrx_word' id='word_1_619' title='bbox 3421 2914 3531 2969; x_wconf 72' lang='lat' dir='ltr'><strong>“.r</strong></span> 
     </span>
    </p>
   </div>
   <div class='ocr_carea' id='block_1_75' title="bbox 1957 2995 3531 3074">
    <p class='ocr_par' dir='ltr' id='par_1_75' title="bbox 1957 2995 3531 3074">
     <span class='ocr_line' id='line_1_75' title="bbox 1957 2995 3531 3074; baseline 0.009 -26"><span class='ocrx_word' id='word_1_620' title='bbox 1957 2995 2047 3065; x_wconf 84' lang='lat' dir='ltr'><strong>(Et</strong></span> <span class='ocrx_word' id='word_1_621' title='bbox 2094 3013 2287 3053; x_wconf 87' lang='lat' dir='ltr'><strong>rursus</strong></span> <span class='ocrx_word' id='word_1_622' title='bbox 2328 3015 2342 3052; x_wconf 88' lang='lat'><strong>:</strong></span> <span class='ocrx_word' id='word_1_623' title='bbox 2387 3017 2405 3051; x_wconf 83' lang='grc' dir='ltr'><strong>ι</strong></span> <span class='ocrx_word' id='word_1_624' title='bbox 2449 2999 2517 3054; x_wconf 86' lang='lat' dir='ltr'><strong>Et</strong></span> <span class='ocrx_word' id='word_1_625' title='bbox 2566 3000 2768 3074; x_wconf 85' lang='lat' dir='ltr'><strong>Regem</strong></span> <span class='ocrx_word' id='word_1_626' title='bbox 2815 3017 3074 3072; x_wconf 85' lang='lat' dir='ltr'><strong>magnum</strong></span> <span class='ocrx_word' id='word_1_627' title='bbox 3123 3005 3384 3064; x_wconf 75' lang='lat' dir='ltr'><strong>videbitis</strong></span> <span class='ocrx_word' id='word_1_628' title='bbox 3407 3007 3476 3062; x_wconf 81' lang='lat'><strong>&quot;.</strong></span> <span class='ocrx_word' id='word_1_629' title='bbox 3509 3026 3531 3062; x_wconf 72' lang='grc' dir='ltr'>ι</span> 
     </span>
    </p>
   </div>
   <div class='ocr_carea' id='block_1_76' title="bbox 1958 3089 3534 3174">
    <p class='ocr_par' dir='ltr' id='par_1_76' title="bbox 1958 3089 3534 3174">
     <span class='ocr_line' id='line_1_76' title="bbox 1958 3089 3534 3174; baseline 0.011 -32"><span class='ocrx_word' id='word_1_630' title='bbox 1958 3089 2124 3146; x_wconf 90' lang='lat' dir='ltr'><strong>Deum</strong></span> <span class='ocrx_word' id='word_1_631' title='bbox 2180 3102 2359 3148; x_wconf 90' lang='lat' dir='ltr'><strong>autem</strong></span> <span class='ocrx_word' id='word_1_632' title='bbox 2413 3110 2577 3150; x_wconf 91' lang='lat' dir='ltr'><strong>nemo</strong></span> <span class='ocrx_word' id='word_1_633' title='bbox 2609 3095 2804 3169; x_wconf 81' lang='lat' dir='ltr'><strong>videt.)</strong></span> <span class='ocrx_word' id='word_1_634' title='bbox 2855 3097 2920 3151; x_wconf 85' lang='lat' dir='ltr'><strong>Et</strong></span> <span class='ocrx_word' id='word_1_635' title='bbox 2970 3114 3188 3168; x_wconf 88' lang='lat' dir='ltr'><strong>rursus,</strong></span> <span class='ocrx_word' id='word_1_636' title='bbox 3226 3120 3246 3153; x_wconf 82' lang='grc' dir='ltr'><strong>ι</strong></span> <span class='ocrx_word' id='word_1_637' title='bbox 3283 3101 3534 3174; x_wconf 83' lang='lat' dir='ltr'><strong>Appare-</strong></span> 
     </span>
    </p>
   </div>
   <div class='ocr_carea' id='block_1_77' title="bbox 1956 3190 3536 3267">
    <p class='ocr_par' dir='ltr' id='par_1_77' title="bbox 1956 3190 3536 3267">
     <span class='ocr_line' id='line_1_77' title="bbox 1956 3190 3536 3267; baseline 0.008 -22"><span class='ocrx_word' id='word_1_638' title='bbox 1956 3190 2032 3246; x_wconf 88' lang='lat' dir='ltr'><strong>bit</strong></span> <span class='ocrx_word' id='word_1_639' title='bbox 2090 3190 2355 3247; x_wconf 81' lang='lat' dir='ltr'><strong>Dominus</strong></span> <span class='ocrx_word' id='word_1_640' title='bbox 2399 3208 2565 3263; x_wconf 88' lang='lat' dir='ltr'><strong>super</strong></span> <span class='ocrx_word' id='word_1_641' title='bbox 2588 3208 2705 3259; x_wconf 87' lang='lat' dir='ltr'><strong>eos,</strong></span> <span class='ocrx_word' id='word_1_642' title='bbox 2751 3202 2806 3251; x_wconf 90' lang='lat' dir='ltr'><strong>et</strong></span> <span class='ocrx_word' id='word_1_643' title='bbox 2847 3195 3127 3267; x_wconf 88' lang='lat' dir='ltr'><strong>disperdet</strong></span> <span class='ocrx_word' id='word_1_644' title='bbox 3161 3199 3353 3256; x_wconf 76' lang='lat' dir='ltr'><strong>Omnes</strong></span> <span class='ocrx_word' id='word_1_645' title='bbox 3403 3199 3536 3256; x_wconf 83' lang='lat' dir='ltr'><strong>deos</strong></span> 
     </span>
    </p>
   </div>
   <div class='ocr_carea' id='block_1_78' title="bbox 1949 3283 3535 3364">
    <p class='ocr_par' dir='ltr' id='par_1_78' title="bbox 1949 3283 3535 3364">
     <span class='ocr_line' id='line_1_78' title="bbox 1949 3283 3535 3364; baseline 0.008 -28"><span class='ocrx_word' id='word_1_646' title='bbox 1949 3284 2188 3354; x_wconf 88' lang='lat' dir='ltr'><strong>gentium</strong></span> <span class='ocrx_word' id='word_1_647' title='bbox 2218 3284 2286 3338; x_wconf 67' lang='grc' dir='ltr'><strong>δ’.</strong></span> <span class='ocrx_word' id='word_1_648' title='bbox 2308 3304 2327 3335; x_wconf 78' lang='grc' dir='ltr'><strong>ι</strong></span> <span class='ocrx_word' id='word_1_649' title='bbox 2360 3283 2427 3339; x_wconf 83' lang='grc' dir='ltr'>Ει</span> <span class='ocrx_word' id='word_1_650' title='bbox 2484 3301 2678 3343; x_wconf 87' lang='lat' dir='ltr'><strong>rursus</strong></span> <span class='ocrx_word' id='word_1_651' title='bbox 2703 3330 2717 3354; x_wconf 93' lang='lat'><strong>,</strong></span> <span class='ocrx_word' id='word_1_652' title='bbox 2751 3304 2772 3339; x_wconf 78' lang='grc' dir='ltr'>ι</span> <span class='ocrx_word' id='word_1_653' title='bbox 2820 3286 2961 3344; x_wconf 89' lang='lat' dir='ltr'><strong>Ecce</strong></span> <span class='ocrx_word' id='word_1_654' title='bbox 3013 3289 3208 3347; x_wconf 88' lang='lat' dir='ltr'><strong>adsum</strong></span> <span class='ocrx_word' id='word_1_655' title='bbox 3238 3292 3409 3363; x_wconf 88' lang='lat' dir='ltr'><strong>genti,</strong></span> <span class='ocrx_word' id='word_1_656' title='bbox 3438 3294 3535 3364; x_wconf 91' lang='lat' dir='ltr'><strong>qui</strong></span> 
     </span>
    </p>
   </div>
   <div class='ocr_carea' id='block_1_79' title="bbox 1950 3375 3557 3450">
    <p class='ocr_par' dir='ltr' id='par_1_79' title="bbox 1950 3375 3557 3450">
     <span class='ocr_line' id='line_1_79' title="bbox 1950 3375 3557 3450; baseline 0.006 -22"><span class='ocrx_word' id='word_1_657' title='bbox 1950 3390 2058 3429; x_wconf 84' lang='lat' dir='ltr'><strong>non</strong></span> <span class='ocrx_word' id='word_1_658' title='bbox 2096 3375 2489 3431; x_wconf 81' lang='lat' dir='ltr'><strong>invocaverunt</strong></span> <span class='ocrx_word' id='word_1_659' title='bbox 2513 3392 2711 3432; x_wconf 90' lang='lat' dir='ltr'><strong>nomen</strong></span> <span class='ocrx_word' id='word_1_660' title='bbox 2768 3390 2947 3434; x_wconf 89' lang='lat' dir='ltr'><strong>meum</strong></span> <span class='ocrx_word' id='word_1_661' title='bbox 2970 3380 3035 3434; x_wconf 83' lang='grc'><strong>⁸⁹.</strong></span> <span class='ocrx_word' id='word_1_662' title='bbox 3060 3399 3080 3434; x_wconf 70' lang='grc' dir='ltr'><strong>ι</strong></span> <span class='ocrx_word' id='word_1_663' title='bbox 3135 3380 3304 3438; x_wconf 88' lang='lat' dir='ltr'><strong>David</strong></span> <span class='ocrx_word' id='word_1_664' title='bbox 3327 3422 3342 3450; x_wconf 95' lang='lat'><strong>,</strong></span> <span class='ocrx_word' id='word_1_665' title='bbox 3375 3401 3393 3436; x_wconf 88' lang='grc' dir='ltr'>ι</span> <span class='ocrx_word' id='word_1_666' title='bbox 3425 3383 3557 3450; x_wconf 83' lang='lat' dir='ltr'><strong>Qui&#39;</strong></span> 
     </span>
    </p>
   </div>
   <div class='ocr_carea' id='block_1_80' title="bbox 1949 3466 3530 3544">
    <p class='ocr_par' dir='ltr' id='par_1_80' title="bbox 1949 3466 3530 3544">
     <span class='ocr_line' id='line_1_80' title="bbox 1949 3466 3530 3544; baseline 0.006 -25"><span class='ocrx_word' id='word_1_667' title='bbox 1949 3466 2106 3521; x_wconf 88' lang='lat' dir='ltr'><strong>sedes</strong></span> <span class='ocrx_word' id='word_1_668' title='bbox 2138 3481 2302 3536; x_wconf 90' lang='lat' dir='ltr'><strong>super</strong></span> <span class='ocrx_word' id='word_1_669' title='bbox 2338 3466 2657 3536; x_wconf 86' lang='lat' dir='ltr'><strong>Cherubim,</strong></span> <span class='ocrx_word' id='word_1_670' title='bbox 2687 3478 2891 3539; x_wconf 83' lang='lat' dir='ltr'><strong>appare</strong></span> <span class='ocrx_word' id='word_1_671' title='bbox 2922 3509 2936 3523; x_wconf 96' lang='lat'><strong>.</strong></span> <span class='ocrx_word' id='word_1_672' title='bbox 2988 3469 3179 3527; x_wconf 80' lang='lat' dir='ltr'><strong>Excita</strong></span> <span class='ocrx_word' id='word_1_673' title='bbox 3229 3475 3530 3544; x_wconf 87' lang='lat' dir='ltr'><strong>potentiam</strong></span> 
     </span>
    </p>
   </div>
   <div class='ocr_carea' id='block_1_81' title="bbox 1949 3558 3639 3633">
    <p class='ocr_par' dir='ltr' id='par_1_81' title="bbox 1949 3558 3639 3633">
     <span class='ocr_line' id='line_1_81' title="bbox 1949 3558 3639 3633; baseline 0.008 -22"><span class='ocrx_word' id='word_1_674' title='bbox 1949 3564 2130 3623; x_wconf 89' lang='lat' dir='ltr'><strong>tuam,</strong></span> <span class='ocrx_word' id='word_1_675' title='bbox 2165 3565 2219 3613; x_wconf 92' lang='lat' dir='ltr'><strong>et</strong></span> <span class='ocrx_word' id='word_1_676' title='bbox 2248 3558 2394 3624; x_wconf 84' lang='lat' dir='ltr'><strong>veni,</strong></span> <span class='ocrx_word' id='word_1_677' title='bbox 2428 3568 2490 3614; x_wconf 91' lang='lat' dir='ltr'><strong>ut</strong></span> <span class='ocrx_word' id='word_1_678' title='bbox 2515 3560 2697 3615; x_wconf 87' lang='lat' dir='ltr'><strong>salvos</strong></span> <span class='ocrx_word' id='word_1_679' title='bbox 2729 3559 2900 3617; x_wconf 76' lang='lat' dir='ltr'><strong>facias</strong></span> <span class='ocrx_word' id='word_1_680' title='bbox 2934 3577 3038 3618; x_wconf 90' lang='lat' dir='ltr'><strong>nos</strong></span> <span class='ocrx_word' id='word_1_681' title='bbox 3057 3563 3124 3618; x_wconf 82' lang='grc'><strong>⁵⁸.</strong></span> <span class='ocrx_word' id='word_1_682' title='bbox 3155 3582 3173 3615; x_wconf 79' lang='grc' dir='ltr'><strong>ι</strong></span> <span class='ocrx_word' id='word_1_683' title='bbox 3216 3565 3280 3620; x_wconf 83' lang='grc' dir='ltr'>Ει</span> <span class='ocrx_word' id='word_1_684' title='bbox 3310 3580 3527 3633; x_wconf 86' lang='lat' dir='ltr'><strong>rursus,</strong></span> <span class='ocrx_word' id='word_1_685' title='bbox 3636 3624 3639 3625; x_wconf 30' lang='grc' dir='ltr'><em>ν</em></span> 
     </span>
    </p>
   </div>
   <div class='ocr_carea' id='block_1_82' title="bbox 1954 3648 3531 3722">
    <p class='ocr_par' dir='ltr' id='par_1_82' title="bbox 1954 3648 3531 3722">
     <span class='ocr_line' id='line_1_82' title="bbox 1954 3648 3531 3722; baseline 0.008 -22"><span class='ocrx_word' id='word_1_686' title='bbox 1954 3667 1973 3700; x_wconf 86' lang='grc' dir='ltr'>ι</span> <span class='ocrx_word' id='word_1_687' title='bbox 2013 3648 2315 3705; x_wconf 90' lang='lat' dir='ltr'><strong>Descendct</strong></span> <span class='ocrx_word' id='word_1_688' title='bbox 2383 3651 2527 3705; x_wconf 87' lang='lat' dir='ltr'><strong>sicut</strong></span> <span class='ocrx_word' id='word_1_689' title='bbox 2566 3651 2753 3721; x_wconf 81' lang='lat' dir='ltr'><strong>.pluvia</strong></span> <span class='ocrx_word' id='word_1_690' title='bbox 2840 3653 2896 3708; x_wconf 93' lang='lat' dir='ltr'><strong>in</strong></span> <span class='ocrx_word' id='word_1_691' title='bbox 2942 3653 3120 3709; x_wconf 85' lang='lat' dir='ltr'><strong>vellus</strong></span> <span class='ocrx_word' id='word_1_692' title='bbox 3146 3654 3215 3710; x_wconf 76' lang='lat'><strong>“.</strong></span> <span class='ocrx_word' id='word_1_693' title='bbox 3242 3674 3263 3709; x_wconf 71' lang='grc' dir='ltr'><strong>ι</strong></span> <span class='ocrx_word' id='word_1_694' title='bbox 3316 3655 3531 3722; x_wconf 83' lang='lat' dir='ltr'><strong>Quibus</strong></span> 
     </span>
    </p>
   </div>
   <div class='ocr_carea' id='block_1_83' title="bbox 1946 3739 3527 3818">
    <p class='ocr_par' dir='ltr' id='par_1_83' title="bbox 1946 3739 3527 3818">
     <span class='ocr_line' id='line_1_83' title="bbox 1946 3739 3527 3818; baseline 0.004 -23"><span class='ocrx_word' id='word_1_695' title='bbox 1946 3740 2128 3795; x_wconf 88' lang='lat' dir='ltr'><strong>verbis</strong></span> <span class='ocrx_word' id='word_1_696' title='bbox 2174 3739 2447 3812; x_wconf 83' lang='lat' dir='ltr'><strong>signiﬁcat</strong></span> <span class='ocrx_word' id='word_1_697' title='bbox 2475 3741 2889 3798; x_wconf 87' lang='lat' dir='ltr'><strong>descensionem</strong></span> <span class='ocrx_word' id='word_1_698' title='bbox 2929 3743 3052 3813; x_wconf 88' lang='lat' dir='ltr'><strong>ejus</strong></span> <span class='ocrx_word' id='word_1_699' title='bbox 3087 3743 3204 3801; x_wconf 86' lang='lat' dir='ltr'><strong>fore</strong></span> <span class='ocrx_word' id='word_1_700' title='bbox 3250 3746 3527 3818; x_wconf 89' lang='lat' dir='ltr'><strong>quietam,</strong></span> 
     </span>
    </p>
   </div>
   <div class='ocr_carea' id='block_1_84' title="bbox 1951 3833 3529 3909">
    <p class='ocr_par' dir='ltr' id='par_1_84' title="bbox 1951 3833 3529 3909">
     <span class='ocr_line' id='line_1_84' title="bbox 1951 3833 3529 3909; baseline 0.007 -23"><span class='ocrx_word' id='word_1_701' title='bbox 1951 3847 2015 3887; x_wconf 91' lang='lat' dir='ltr'><strong>ac</strong></span> <span class='ocrx_word' id='word_1_702' title='bbox 2062 3833 2183 3889; x_wconf 88' lang='lat' dir='ltr'><strong>sine</strong></span> <span class='ocrx_word' id='word_1_703' title='bbox 2231 3834 2719 3906; x_wconf 84' lang='lat' dir='ltr'><strong>strepitu;pluvia</strong></span> <span class='ocrx_word' id='word_1_704' title='bbox 2765 3838 2912 3892; x_wconf 92' lang='lat' dir='ltr'><strong>enim</strong></span> <span class='ocrx_word' id='word_1_705' title='bbox 2977 3852 3145 3909; x_wconf 88' lang='lat' dir='ltr'><strong>super</strong></span> <span class='ocrx_word' id='word_1_706' title='bbox 3180 3845 3382 3894; x_wconf 87' lang='lat' dir='ltr'><strong>terram</strong></span> <span class='ocrx_word' id='word_1_707' title='bbox 3427 3839 3529 3896; x_wconf 92' lang='lat' dir='ltr'><strong>de-</strong></span> 
     </span>
    </p>
   </div>
   <div class='ocr_carea' id='block_1_85' title="bbox 1944 3925 3528 4002">
    <p class='ocr_par' dir='ltr' id='par_1_85' title="bbox 1944 3925 3528 4002">
     <span class='ocr_line' id='line_1_85' title="bbox 1944 3925 3528 4002; baseline 0.006 -23"><span class='ocrx_word' id='word_1_708' title='bbox 1944 3925 2243 3993; x_wconf 81' lang='lat' dir='ltr'><strong>scendens,</strong></span> <span class='ocrx_word' id='word_1_709' title='bbox 2281 3926 2566 3997; x_wconf 83' lang='lat' dir='ltr'><strong>strepitum</strong></span> <span class='ocrx_word' id='word_1_710' title='bbox 2608 3928 2759 3993; x_wconf 87' lang='lat' dir='ltr'><strong>facit,</strong></span> <span class='ocrx_word' id='word_1_711' title='bbox 2793 3944 2954 3987; x_wconf 86' lang='lat' dir='ltr'><strong>secus</strong></span> <span class='ocrx_word' id='word_1_712' title='bbox 2978 3946 3131 3997; x_wconf 90' lang='lat' dir='ltr'><strong>vero,</strong></span> <span class='ocrx_word' id='word_1_713' title='bbox 3165 3931 3209 3986; x_wconf 89' lang='lat' dir='ltr'><strong>si</strong></span> <span class='ocrx_word' id='word_1_714' title='bbox 3249 3947 3414 4002; x_wconf 86' lang='lat' dir='ltr'><strong>super</strong></span> <span class='ocrx_word' id='word_1_715' title='bbox 3446 3932 3528 3988; x_wconf 85' lang='lat' dir='ltr'><strong>la-</strong></span> 
     </span>
    </p>
   </div>
   <div class='ocr_carea' id='block_1_86' title="bbox 1942 4018 3526 4088">
    <p class='ocr_par' dir='ltr' id='par_1_86' title="bbox 1942 4018 3526 4088">
     <span class='ocr_line' id='line_1_86' title="bbox 1942 4018 3526 4088; baseline 0.006 -17"><span class='ocrx_word' id='word_1_716' title='bbox 1942 4031 2027 4072; x_wconf 73' lang='lat' dir='ltr'><strong>na:</strong></span> <span class='ocrx_word' id='word_1_717' title='bbox 2074 4018 2251 4074; x_wconf 84' lang='lat' dir='ltr'><strong>vellus</strong></span> <span class='ocrx_word' id='word_1_718' title='bbox 2311 4018 2633 4074; x_wconf 87' lang='lat' dir='ltr'><strong>descendat.</strong></span> <span class='ocrx_word' id='word_1_719' title='bbox 2692 4019 2973 4087; x_wconf 67' lang='lat' dir='ltr'><strong>biit-haras,</strong></span> <span class='ocrx_word' id='word_1_720' title='bbox 3011 4043 3030 4074; x_wconf 81' lang='grc' dir='ltr'><strong>ι</strong></span> <span class='ocrx_word' id='word_1_721' title='bbox 3075 4022 3142 4078; x_wconf 90' lang='lat' dir='ltr'><strong>Et</strong></span> <span class='ocrx_word' id='word_1_722' title='bbox 3187 4034 3268 4088; x_wconf 87' lang='lat' dir='ltr'><strong>tu.</strong></span> <span class='ocrx_word' id='word_1_723' title='bbox 3308 4022 3526 4081; x_wconf 62' lang='lat' dir='ltr'><strong>Bethle-</strong></span> 
     </span>
    </p>
   </div>
   <div class='ocr_carea' id='block_1_87' title="bbox 1942 4107 3523 4185">
    <p class='ocr_par' dir='ltr' id='par_1_87' title="bbox 1942 4107 3523 4185">
     <span class='ocr_line' id='line_1_87' title="bbox 1942 4107 3523 4185; baseline 0.007 -24"><span class='ocrx_word' id='word_1_724' title='bbox 1942 4107 2068 4163; x_wconf 91' lang='lat' dir='ltr'><strong>hem</strong></span> <span class='ocrx_word' id='word_1_725' title='bbox 2128 4116 2271 4163; x_wconf 87' lang='lat' dir='ltr'><strong>terra</strong></span> <span class='ocrx_word' id='word_1_726' title='bbox 2312 4107 2474 4172; x_wconf 82' lang='lat' dir='ltr'><strong>Juda,</strong></span> <span class='ocrx_word' id='word_1_727' title='bbox 2521 4124 2867 4181; x_wconf 89' lang='lat' dir='ltr'><strong>nequaquam</strong></span> <span class='ocrx_word' id='word_1_728' title='bbox 2925 4113 3151 4168; x_wconf 85' lang='lat' dir='ltr'><strong>minima</strong></span> <span class='ocrx_word' id='word_1_729' title='bbox 3181 4129 3242 4171; x_wconf 92' lang='lat' dir='ltr'><strong>es</strong></span> <span class='ocrx_word' id='word_1_730' title='bbox 3281 4115 3336 4170; x_wconf 93' lang='lat' dir='ltr'><strong>in</strong></span> <span class='ocrx_word' id='word_1_731' title='bbox 3367 4118 3523 4185; x_wconf 89' lang='lat' dir='ltr'><strong>prin-</strong></span> 
     </span>
    </p>
   </div>
   <div class='ocr_carea' id='block_1_88' title="bbox 1943 4195 3522 4276">
    <p class='ocr_par' dir='ltr' id='par_1_88' title="bbox 1943 4195 3522 4276">
     <span class='ocr_line' id='line_1_88' title="bbox 1943 4195 3522 4276; baseline 0.006 -25"><span class='ocrx_word' id='word_1_732' title='bbox 1943 4197 2156 4266; x_wconf 87' lang='lat' dir='ltr'><strong>cipibus</strong></span> <span class='ocrx_word' id='word_1_733' title='bbox 2196 4195 2379 4264; x_wconf 85' lang='lat' dir='ltr'><strong>Juda;</strong></span> <span class='ocrx_word' id='word_1_734' title='bbox 2433 4212 2499 4254; x_wconf 78' lang='lat' dir='ltr'><strong>ex</strong></span> <span class='ocrx_word' id='word_1_735' title='bbox 2537 4207 2589 4253; x_wconf 90' lang='lat' dir='ltr'><strong>te</strong></span> <span class='ocrx_word' id='word_1_736' title='bbox 2644 4200 2790 4254; x_wconf 86' lang='lat' dir='ltr'><strong>enim</strong></span> <span class='ocrx_word' id='word_1_737' title='bbox 2839 4200 3013 4256; x_wconf 82' lang='lat' dir='ltr'><strong>exibit</strong></span> <span class='ocrx_word' id='word_1_738' title='bbox 3061 4202 3194 4258; x_wconf 88' lang='lat' dir='ltr'><strong>mihi</strong></span> <span class='ocrx_word' id='word_1_739' title='bbox 3227 4202 3339 4258; x_wconf 82' lang='lat' dir='ltr'><strong>dux</strong></span> <span class='ocrx_word' id='word_1_740' title='bbox 3366 4244 3382 4269; x_wconf 94' lang='lat'><strong>,</strong></span> <span class='ocrx_word' id='word_1_741' title='bbox 3424 4207 3522 4276; x_wconf 91' lang='lat' dir='ltr'><strong>qui</strong></span> 
     </span>
    </p>
   </div>
   <div class='ocr_carea' id='block_1_89' title="bbox 1946 4289 3523 4367">
    <p class='ocr_par' dir='ltr' id='par_1_89' title="bbox 1946 4289 3523 4367">
     <span class='ocr_line' id='line_1_89' title="bbox 1946 4289 3523 4367; baseline 0.008 -26"><span class='ocrx_word' id='word_1_742' title='bbox 1946 4297 2135 4360; x_wconf 83' lang='lat' dir='ltr'><strong>pascat</strong></span> <span class='ocrx_word' id='word_1_743' title='bbox 2173 4289 2436 4360; x_wconf 87' lang='lat' dir='ltr'><strong>populum</strong></span> <span class='ocrx_word' id='word_1_744' title='bbox 2499 4304 2682 4346; x_wconf 90' lang='lat' dir='ltr'><strong>meum</strong></span> <span class='ocrx_word' id='word_1_745' title='bbox 2719 4291 2883 4348; x_wconf 89' lang='lat' dir='ltr'><strong>Israel</strong></span> <span class='ocrx_word' id='word_1_746' title='bbox 2919 4311 2934 4361; x_wconf 91' lang='lat'><strong>;</strong></span> <span class='ocrx_word' id='word_1_747' title='bbox 2971 4302 3025 4349; x_wconf 85' lang='lat' dir='ltr'><strong>et</strong></span> <span class='ocrx_word' id='word_1_748' title='bbox 3079 4309 3336 4366; x_wconf 84' lang='lat' dir='ltr'><strong>egressus</strong></span> <span class='ocrx_word' id='word_1_749' title='bbox 3397 4297 3523 4367; x_wconf 79' lang='lat' dir='ltr'><strong>ejus</strong></span> 
     </span>
    </p>
   </div>
   <div class='ocr_carea' id='block_1_90' title="bbox 319 4426 1848 4543">
    <p class='ocr_par' dir='ltr' id='par_1_90' title="bbox 319 4426 1848 4543">
     <span class='ocr_line' id='line_1_90' title="bbox 319 4426 1848 4543; baseline 0.003 -26"><span class='ocrx_word' id='word_1_750' title='bbox 319 4460 757 4543; x_wconf 28' lang='lat' dir='ltr'><strong>&quot;.fsalncivn,</strong></span> <span class='ocrx_word' id='word_1_751' title='bbox 782 4463 875 4517; x_wconf 75' lang='lat'><strong>27.</strong></span> <span class='ocrx_word' id='word_1_752' title='bbox 950 4462 997 4543; x_wconf 58' lang='grc' dir='ltr'><strong>εξ</strong></span> <span class='ocrx_word' id='word_1_753' title='bbox 1024 4463 1260 4543; x_wconf 67' lang='lat' dir='ltr'><strong>Malacb.</strong></span> <span class='ocrx_word' id='word_1_754' title='bbox 1294 4482 1379 4543; x_wconf 72' lang='grc' dir='ltr'>ιιι,</span> <span class='ocrx_word' id='word_1_755' title='bbox 1412 4467 1465 4521; x_wconf 76' lang='grc'><strong>1.</strong></span> <span class='ocrx_word' id='word_1_756' title='bbox 1515 4466 1786 4543; x_wconf 40' lang='grc' dir='ltr'><strong>-ΜΔΖτιιξΙιζ</strong></span> <span class='ocrx_word' id='word_1_757' title='bbox 1808 4485 1848 4543; x_wconf 71' lang='grc' dir='ltr'><strong>ιι</strong></span> 
     </span>
    </p>
   </div>
   <div class='ocr_carea' id='block_1_91' title="bbox 1953 4426 3515 4543">
    <p class='ocr_par' dir='ltr' id='par_1_91' title="bbox 1960 4466 3515 4543">
     <span class='ocr_line' id='line_1_91' title="bbox 1960 4466 3515 4543; baseline 0.006 -20"><span class='ocrx_word' id='word_1_758' title='bbox 1960 4512 2010 4543; x_wconf 34' lang='grc' dir='ltr'>,Α</span> <span class='ocrx_word' id='word_1_759' title='bbox 2068 4470 2116 4502; x_wconf 73' lang='grc'>⁴³</span> <span class='ocrx_word' id='word_1_760' title='bbox 2140 4467 2310 4543; x_wconf 80' lang='lat' dir='ltr'><strong>Zach.</strong></span> <span class='ocrx_word' id='word_1_761' title='bbox 2346 4489 2403 4535; x_wconf 86' lang='grc' dir='ltr'>ιι.</span> <span class='ocrx_word' id='word_1_762' title='bbox 2444 4474 2531 4531; x_wconf 83' lang='lat' dir='ltr'><strong>lo.</strong></span> <span class='ocrx_word' id='word_1_763' title='bbox 2570 4466 2655 4529; x_wconf 67' lang='lat' dir='ltr'><strong>ll.</strong></span> <span class='ocrx_word' id='word_1_764' title='bbox 2732 4474 2781 4507; x_wconf 73' lang='lat'><strong>“</strong></span> <span class='ocrx_word' id='word_1_765' title='bbox 2836 4473 3069 4530; x_wconf 79' lang='lat' dir='ltr'><strong>Malach.</strong></span> <span class='ocrx_word' id='word_1_766' title='bbox 3103 4490 3189 4539; x_wconf 84' lang='grc' dir='ltr'>ιιι,</span> <span class='ocrx_word' id='word_1_767' title='bbox 3225 4478 3287 4543; x_wconf 84' lang='lat' dir='ltr'><strong>l;</strong></span> <span class='ocrx_word' id='word_1_768' title='bbox 3322 4476 3515 4534; x_wconf 84' lang='lat' dir='ltr'><strong>Matth.</strong></span> 
     </span>
    </p>
   </div>
   <div class='ocr_carea' id='block_1_92' title="bbox 252 4534 459 4595">
    <p class='ocr_par' dir='ltr' id='par_1_92' title="bbox 252 4534 459 4595">
     <span class='ocr_line' id='line_1_92' title="bbox 252 4534 459 4595; baseline 0.005 -10"><span class='ocrx_word' id='word_1_769' title='bbox 252 4546 327 4595; x_wconf 71' lang='grc' dir='ltr'>ιι,</span> <span class='ocrx_word' id='word_1_770' title='bbox 368 4534 459 4586; x_wconf 80' lang='grc'><strong>10.</strong></span> 
     </span>
    </p>
   </div>
   <div class='ocr_carea' id='block_1_93' title="bbox 561 4532 2032 4601">
    <p class='ocr_par' dir='ltr' id='par_1_93' title="bbox 561 4532 2032 4601">
     <span class='ocr_line' id='line_1_93' title="bbox 561 4532 2032 4601; baseline 0.007 -17"><span class='ocrx_word' id='word_1_771' title='bbox 561 4533 607 4566; x_wconf 75' lang='grc'><strong>⁸⁸</strong></span> <span class='ocrx_word' id='word_1_772' title='bbox 630 4532 798 4589; x_wconf 87' lang='lat' dir='ltr'><strong>Zach.</strong></span> <span class='ocrx_word' id='word_1_773' title='bbox 829 4550 940 4598; x_wconf 72' lang='lat' dir='ltr'><strong>xxv,</strong></span> <span class='ocrx_word' id='word_1_774' title='bbox 968 4533 1023 4589; x_wconf 70' lang='lat'><strong>4.</strong></span> <span class='ocrx_word' id='word_1_775' title='bbox 1117 4535 1348 4590; x_wconf 74' lang='lat' dir='ltr'><strong>“Zacli.</strong></span> <span class='ocrx_word' id='word_1_776' title='bbox 1383 4552 1468 4601; x_wconf 87' lang='grc' dir='ltr'>ιιι,</span> <span class='ocrx_word' id='word_1_777' title='bbox 1508 4538 1560 4600; x_wconf 77' lang='grc'>1,</span> <span class='ocrx_word' id='word_1_778' title='bbox 1591 4538 1644 4591; x_wconf 75' lang='lat'><strong>‘2.</strong></span> <span class='ocrx_word' id='word_1_779' title='bbox 1742 4538 1786 4570; x_wconf 77' lang='lat'><strong>&quot;</strong></span> <span class='ocrx_word' id='word_1_780' title='bbox 1821 4532 1953 4594; x_wconf 83' lang='lat' dir='ltr'><strong>ibid.</strong></span> <span class='ocrx_word' id='word_1_781' title='bbox 1980 4539 2032 4594; x_wconf 90' lang='lat'><em>6.</em></span> 
     </span>
    </p>
   </div>
   <div class='ocr_carea' id='block_1_94' title="bbox 2132 4542 3515 4610">
    <p class='ocr_par' dir='ltr' id='par_1_94' title="bbox 2132 4542 3515 4610">
     <span class='ocr_line' id='line_1_94' title="bbox 2132 4542 3515 4610; baseline 0.004 -16"><span class='ocrx_word' id='word_1_782' title='bbox 2132 4542 2178 4573; x_wconf 78' lang='grc'><strong>⁸⁸</strong></span> <span class='ocrx_word' id='word_1_783' title='bbox 2204 4542 2333 4596; x_wconf 91' lang='lat' dir='ltr'><strong>ibid.</strong></span> <span class='ocrx_word' id='word_1_784' title='bbox 2363 4544 2416 4596; x_wconf 90' lang='lat'><strong>8.</strong></span> <span class='ocrx_word' id='word_1_785' title='bbox 2495 4543 2539 4576; x_wconf 77' lang='lat'>&quot;</span> <span class='ocrx_word' id='word_1_786' title='bbox 2565 4543 2666 4599; x_wconf 90' lang='lat' dir='ltr'><strong>lsa.</strong></span> <span class='ocrx_word' id='word_1_787' title='bbox 2704 4560 2829 4610; x_wconf 76' lang='lat' dir='ltr'><strong>va,</strong></span> <span class='ocrx_word' id='word_1_788' title='bbox 2864 4546 2914 4600; x_wconf 82' lang='lat' dir='ltr'><strong>l.</strong></span> <span class='ocrx_word' id='word_1_789' title='bbox 2994 4546 3040 4577; x_wconf 82' lang='grc'><strong>⁵⁰</strong></span> <span class='ocrx_word' id='word_1_790' title='bbox 3063 4545 3168 4603; x_wconf 86' lang='lat' dir='ltr'><strong>Isa.</strong></span> <span class='ocrx_word' id='word_1_791' title='bbox 3197 4562 3392 4610; x_wconf 65' lang='lat' dir='ltr'><strong>xxxiii,</strong></span> <span class='ocrx_word' id='word_1_792' title='bbox 3427 4546 3515 4600; x_wconf 80' lang='lat' dir='ltr'><strong>l7.</strong></span> 
     </span>
    </p>
   </div>
   <div class='ocr_carea' id='block_1_95' title="bbox 249 4599 1848 4677">
    <p class='ocr_par' dir='ltr' id='par_1_95' title="bbox 249 4599 1848 4674">
     <span class='ocr_line' id='line_1_95' title="bbox 249 4599 1848 4674; baseline 0.003 -16"><span class='ocrx_word' id='word_1_793' title='bbox 249 4599 291 4633; x_wconf 82' lang='grc'><strong>⁸³</strong></span> <span class='ocrx_word' id='word_1_794' title='bbox 317 4603 491 4673; x_wconf 85' lang='lat' dir='ltr'><strong>Soph.</strong></span> <span class='ocrx_word' id='word_1_795' title='bbox 527 4618 590 4670; x_wconf 89' lang='grc' dir='ltr'><strong>ιι,</strong></span> <span class='ocrx_word' id='word_1_796' title='bbox 613 4603 701 4658; x_wconf 83' lang='grc' dir='ltr'><strong>Η.</strong></span> <span class='ocrx_word' id='word_1_797' title='bbox 779 4605 823 4635; x_wconf 79' lang='grc'><strong><em>⁵²</em></strong></span> <span class='ocrx_word' id='word_1_798' title='bbox 857 4604 961 4659; x_wconf 89' lang='lat' dir='ltr'><strong>lsa.</strong></span> <span class='ocrx_word' id='word_1_799' title='bbox 985 4605 1184 4669; x_wconf 75' lang='lat' dir='ltr'><strong>va,i.</strong></span> <span class='ocrx_word' id='word_1_800' title='bbox 1261 4605 1307 4638; x_wconf 82' lang='grc'>⁸³</span> <span class='ocrx_word' id='word_1_801' title='bbox 1328 4599 1472 4662; x_wconf 75' lang='grc' dir='ltr'>Ρδιιι.</span> <span class='ocrx_word' id='word_1_802' title='bbox 1501 4599 1687 4674; x_wconf 60' lang='lat' dir='ltr'><strong>enix,</strong></span> <span class='ocrx_word' id='word_1_803' title='bbox 1714 4609 1771 4673; x_wconf 77' lang='grc'>2,</span> <span class='ocrx_word' id='word_1_804' title='bbox 1802 4610 1848 4663; x_wconf 82' lang='lat'><strong>&#39;5.</strong></span> 
     </span>
    </p>
   </div>
   <div class='ocr_carea' id='block_1_96' title="bbox 1953 4599 2420 4677">
    <p class='ocr_par' dir='ltr' id='par_1_96' title="bbox 1957 4609 2420 4677">
     <span class='ocr_line' id='line_1_96' title="bbox 1957 4609 2420 4677; baseline 0.009 -15"><span class='ocrx_word' id='word_1_805' title='bbox 1957 4609 2147 4667; x_wconf 65' lang='lat' dir='ltr'><strong>‘Psal.</strong></span> <span class='ocrx_word' id='word_1_806' title='bbox 2184 4627 2333 4677; x_wconf 72' lang='lat' dir='ltr'><strong>uxr,</strong></span> <span class='ocrx_word' id='word_1_807' title='bbox 2367 4613 2420 4666; x_wconf 85' lang='lat'><em>6.</em></span> 
     </span>
    </p>
   </div>
   <div class='ocr_carea' id='block_1_97' title="bbox 318 4805 1908 4888">
    <p class='ocr_par' dir='ltr' id='par_1_97' title="bbox 318 4805 1908 4888">
     <span class='ocr_line' id='line_1_97' title="bbox 318 4805 1908 4888; baseline 0.006 -27"><span class='ocrx_word' id='word_1_808' title='bbox 318 4808 438 4888; x_wconf 68' lang='grc' dir='ltr'>(ιξ)</span> <span class='ocrx_word' id='word_1_809' title='bbox 463 4806 552 4888; x_wconf 85' lang='lat' dir='ltr'><strong>_lla</strong></span> <span class='ocrx_word' id='word_1_810' title='bbox 586 4814 642 4888; x_wconf 71' lang='lat' dir='ltr'><strong>et</strong></span> <span class='ocrx_word' id='word_1_811' title='bbox 663 4805 815 4888; x_wconf 58' lang='lat' dir='ltr'><strong>apud</strong></span> <span class='ocrx_word' id='word_1_812' title='bbox 844 4805 1123 4863; x_wconf 84' lang='lat' dir='ltr'><strong>Justinum</strong></span> <span class='ocrx_word' id='word_1_813' title='bbox 1158 4807 1448 4888; x_wconf 82' lang='lat' dir='ltr'><strong>Martyre_m</strong></span> <span class='ocrx_word' id='word_1_814' title='bbox 1477 4811 1705 4888; x_wconf 78' lang='lat' dir='ltr'><strong>legitur;</strong></span> <span class='ocrx_word' id='word_1_815' title='bbox 1736 4812 1832 4888; x_wconf 79' lang='lat' dir='ltr'><strong>sed</strong></span> <span class='ocrx_word' id='word_1_816' title='bbox 1864 4815 1908 4870; x_wconf 80' lang='grc' dir='ltr'>Ι)</span> 
     </span>
    </p>
   </div>
   <div class='ocr_carea' id='block_1_98' title="bbox 249 4876 1834 4951">
    <p class='ocr_par' dir='ltr' id='par_1_98' title="bbox 249 4876 1834 4951">
     <span class='ocr_line' id='line_1_98' title="bbox 249 4876 1834 4951; baseline 0.003 -20"><span class='ocrx_word' id='word_1_817' title='bbox 249 4877 303 4951; x_wconf 82' lang='lat' dir='ltr'><strong>in</strong></span> <span class='ocrx_word' id='word_1_818' title='bbox 341 4876 589 4933; x_wconf 85' lang='lat' dir='ltr'><strong>editione</strong></span> <span class='ocrx_word' id='word_1_819' title='bbox 618 4876 758 4931; x_wconf 81' lang='lat' dir='ltr'><strong>LXX</strong></span> <span class='ocrx_word' id='word_1_820' title='bbox 800 4877 1161 4951; x_wconf 79' lang='lat' dir='ltr'><strong>interpretum</strong></span> <span class='ocrx_word' id='word_1_821' title='bbox 1193 4876 1509 4951; x_wconf 69' lang='grc' dir='ltr'>εει,’πῶλρν</span> <span class='ocrx_word' id='word_1_822' title='bbox 1529 4876 1834 4951; x_wconf 70' lang='grc' dir='ltr'>’νέον,’ριιι-</span> 
     </span>
    </p>
   </div>
   <div class='ocr_carea' id='block_1_99' title="bbox 249 4948 1829 5020">
    <p class='ocr_par' dir='ltr' id='par_1_99' title="bbox 249 4948 1829 5020">
     <span class='ocr_line' id='line_1_99' title="bbox 249 4948 1829 5020; baseline 0.004 -19"><span class='ocrx_word' id='word_1_823' title='bbox 249 4948 360 5020; x_wconf 60' lang='lat' dir='ltr'><strong>tam</strong></span> <span class='ocrx_word' id='word_1_824' title='bbox 407 4964 621 5011; x_wconf 80' lang='lat' dir='ltr'><strong>novum,</strong></span> <span class='ocrx_word' id='word_1_825' title='bbox 672 4948 944 5020; x_wconf 72' lang='lat' dir='ltr'><strong>atquejta</strong></span> <span class='ocrx_word' id='word_1_826' title='bbox 981 4949 1143 5020; x_wconf 82' lang='lat' dir='ltr'><strong>etiam</strong></span> <span class='ocrx_word' id='word_1_827' title='bbox 1198 4950 1396 5020; x_wconf 81' lang='lat' dir='ltr'><strong>legitur</strong></span> <span class='ocrx_word' id='word_1_828' title='bbox 1424 4952 1582 5020; x_wconf 69' lang='lat' dir='ltr'><strong>apud</strong></span> <span class='ocrx_word' id='word_1_829' title='bbox 1628 4948 1829 5011; x_wconf 82' lang='lat' dir='ltr'><strong>Euseb.</strong></span> 
     </span>
    </p>
   </div>
   <div class='ocr_carea' id='block_1_100' title="bbox 246 5016 1831 5087">
    <p class='ocr_par' dir='ltr' id='par_1_100' title="bbox 246 5016 1831 5087">
     <span class='ocr_line' id='line_1_100' title="bbox 246 5016 1831 5087; baseline 0.004 -16"><span class='ocrx_word' id='word_1_830' title='bbox 246 5018 556 5074; x_wconf 82' lang='lat' dir='ltr'><strong>Demamtr.</strong></span> <span class='ocrx_word' id='word_1_831' title='bbox 580 5033 767 5087; x_wconf 79' lang='lat' dir='ltr'><strong>evang.</strong></span> <span class='ocrx_word' id='word_1_832' title='bbox 811 5016 905 5072; x_wconf 90' lang='lat' dir='ltr'><strong>lib.</strong></span> <span class='ocrx_word' id='word_1_833' title='bbox 934 5033 995 5082; x_wconf 88' lang='grc' dir='ltr'><strong>ιι,</strong></span> <span class='ocrx_word' id='word_1_834' title='bbox 1021 5033 1074 5074; x_wconf 91' lang='lat' dir='ltr'><strong>c.</strong></span> <span class='ocrx_word' id='word_1_835' title='bbox 1109 5018 1164 5085; x_wconf 79' lang='lat'><strong>2,</strong></span> <span class='ocrx_word' id='word_1_836' title='bbox 1193 5016 1380 5075; x_wconf 52' lang='lat' dir='ltr'><strong>n.—28.</strong></span> <span class='ocrx_word' id='word_1_837' title='bbox 1416 5016 1621 5078; x_wconf 77' lang='lat' dir='ltr'><strong>Justini</strong></span> <span class='ocrx_word' id='word_1_838' title='bbox 1650 5030 1831 5077; x_wconf 88' lang='lat' dir='ltr'><strong>tamen</strong></span> 
     </span>
    </p>
   </div>
   <div class='ocr_carea' id='block_1_101' title="bbox 247 5087 1832 5157">
    <p class='ocr_par' dir='ltr' id='par_1_101' title="bbox 247 5087 1832 5157">
     <span class='ocr_line' id='line_1_101' title="bbox 247 5087 1832 5157; baseline 0.003 -14"><span class='ocrx_word' id='word_1_839' title='bbox 247 5090 547 5144; x_wconf 88' lang='lat' dir='ltr'><strong>lectionem</strong></span> <span class='ocrx_word' id='word_1_840' title='bbox 598 5089 756 5157; x_wconf 82' lang='lat' dir='ltr'><strong>sequi</strong></span> <span class='ocrx_word' id='word_1_841' title='bbox 799 5087 1015 5157; x_wconf 84' lang='lat' dir='ltr'><strong>videtur</strong></span> <span class='ocrx_word' id='word_1_842' title='bbox 1055 5088 1290 5146; x_wconf 68' lang='lat' dir='ltr'><strong>lrenaeus</strong></span> <span class='ocrx_word' id='word_1_843' title='bbox 1330 5090 1424 5145; x_wconf 86' lang='lat' dir='ltr'><strong>lib.</strong></span> <span class='ocrx_word' id='word_1_844' title='bbox 1471 5107 1523 5146; x_wconf 82' lang='lat' dir='ltr'><strong>IV</strong></span> <span class='ocrx_word' id='word_1_845' title='bbox 1566 5090 1832 5147; x_wconf 77' lang='lat' dir='ltr'><strong>Adversus</strong></span> 
     </span>
    </p>
   </div>
   <div class='ocr_carea' id='block_1_102' title="bbox 245 5156 1829 5228">
    <p class='ocr_par' dir='ltr' id='par_1_102' title="bbox 245 5156 1829 5228">
     <span class='ocr_line' id='line_1_102' title="bbox 245 5156 1829 5228; baseline 0.002 -15"><span class='ocrx_word' id='word_1_846' title='bbox 245 5163 440 5214; x_wconf 67' lang='lat' dir='ltr'><strong>lieres.</strong></span> <span class='ocrx_word' id='word_1_847' title='bbox 478 5171 603 5228; x_wconf 66' lang='lat' dir='ltr'><strong>cap.</strong></span> <span class='ocrx_word' id='word_1_848' title='bbox 628 5156 719 5222; x_wconf 79' lang='lat'><strong>66,</strong></span> <span class='ocrx_word' id='word_1_849' title='bbox 747 5165 804 5213; x_wconf 89' lang='lat' dir='ltr'><strong>et</strong></span> <span class='ocrx_word' id='word_1_850' title='bbox 835 5156 1140 5228; x_wconf 87' lang='lat' dir='ltr'><strong>Cyprianus</strong></span> <span class='ocrx_word' id='word_1_851' title='bbox 1169 5160 1263 5214; x_wconf 89' lang='lat' dir='ltr'><strong>lib.</strong></span> <span class='ocrx_word' id='word_1_852' title='bbox 1309 5176 1367 5225; x_wconf 86' lang='grc' dir='ltr'><strong>ιι,</strong></span> <span class='ocrx_word' id='word_1_853' title='bbox 1403 5160 1644 5224; x_wconf 78' lang='lat' dir='ltr'><strong>Testim.,</strong></span> <span class='ocrx_word' id='word_1_854' title='bbox 1666 5178 1717 5218; x_wconf 92' lang='lat' dir='ltr'><strong>c.</strong></span> <span class='ocrx_word' id='word_1_855' title='bbox 1736 5163 1829 5217; x_wconf 72' lang='lat'><strong>29.</strong></span> 
     </span>
    </p>
   </div>
   <div class='ocr_carea' id='block_1_103' title="bbox 281 5226 1829 5354">
    <p class='ocr_par' dir='ltr' id='par_1_103' title="bbox 281 5226 1829 5354">
     <span class='ocr_line' id='line_1_103' title="bbox 281 5226 1829 5354; baseline 0.005 -74"><span class='ocrx_word' id='word_1_856' title='bbox 281 5229 436 5354; x_wconf 53' lang='grc'><strong>99⁷4)</strong></span> <span class='ocrx_word' id='word_1_857' title='bbox 458 5226 583 5283; x_wconf 79' lang='lat' dir='ltr'><strong>.Hic</strong></span> <span class='ocrx_word' id='word_1_858' title='bbox 623 5229 819 5298; x_wconf 86' lang='lat' dir='ltr'><strong>incipit</strong></span> <span class='ocrx_word' id='word_1_859' title='bbox 845 5226 1123 5298; x_wconf 79' lang='lat' dir='ltr'><strong>antiquior</strong></span> <span class='ocrx_word' id='word_1_860' title='bbox 1148 5229 1445 5286; x_wconf 84' lang='lat' dir='ltr'><strong>Vaticanus</strong></span> <span class='ocrx_word' id='word_1_861' title='bbox 1479 5232 1651 5287; x_wconf 81' lang='lat' dir='ltr'><strong>codex</strong></span> <span class='ocrx_word' id='word_1_862' title='bbox 1676 5249 1829 5288; x_wconf 89' lang='lat' dir='ltr'><strong>num.</strong></span> 
     </span>
    </p>
   </div>
   <div class='ocr_carea' id='block_1_104' title="bbox 273 5366 1821 5493">
    <p class='ocr_par' dir='ltr' id='par_1_104' title="bbox 273 5366 1821 5493">
     <span class='ocr_line' id='line_1_104' title="bbox 314 5366 1821 5444; baseline 0.002 -21"><span class='ocrx_word' id='word_1_863' title='bbox 314 5367 432 5439; x_wconf 71' lang='lat'><strong>(15)</strong></span> <span class='ocrx_word' id='word_1_864' title='bbox 474 5366 615 5425; x_wconf 77' lang='lat' dir='ltr'><strong>Male</strong></span> <span class='ocrx_word' id='word_1_865' title='bbox 665 5367 939 5425; x_wconf 88' lang='lat' dir='ltr'><strong>recentior</strong></span> <span class='ocrx_word' id='word_1_866' title='bbox 972 5369 1145 5425; x_wconf 76' lang='lat' dir='ltr'><strong>codex</strong></span> <span class='ocrx_word' id='word_1_867' title='bbox 1180 5369 1500 5437; x_wconf 83' lang='lat' dir='ltr'><strong>Vaticanus,</strong></span> <span class='ocrx_word' id='word_1_868' title='bbox 1551 5371 1718 5437; x_wconf 74' lang='grc' dir='ltr'>ἐδειξέ</span> <span class='ocrx_word' id='word_1_869' title='bbox 1754 5391 1821 5444; x_wconf 89' lang='grc' dir='ltr'>με</span> 
     </span>
     <span class='ocr_line' id='line_1_105' title="bbox 273 5438 608 5493; baseline 0 0"><span class='ocrx_word' id='word_1_870' title='bbox 273 5439 336 5493; x_wconf 78' lang='grc' dir='ltr'><strong>ὸν</strong></span> <span class='ocrx_word' id='word_1_871' title='bbox 381 5438 608 5493; x_wconf 81' lang='grc' dir='ltr'>Ἰησοῦν.</span> 
     </span>
    </p>
   </div>
   <div class='ocr_carea' id='block_1_105' title="bbox 241 5438 608 5494">
    <p class='ocr_par' dir='ltr' id='par_1_105' title="bbox 241 5438 608 5494">
     <span class='ocr_line' id='line_1_106' title="bbox 241 5438 608 5494; baseline 0 0"><span class='ocrx_word' id='word_1_872' title='bbox 241 5439 336 5494; x_wconf 78' lang='grc' dir='ltr'><strong>τὸν</strong></span> <span class='ocrx_word' id='word_1_873' title='bbox 381 5438 608 5494; x_wconf 82' lang='grc' dir='ltr'>Ἰησοῦν.</span> 
     </span>
    </p>
   </div>
   <div class='ocr_carea' id='block_1_106' title="bbox 312 5456 1818 5583">
    <p class='ocr_par' dir='ltr' id='par_1_106' title="bbox 312 5456 1818 5583">
     <span class='ocr_line' id='line_1_107' title="bbox 312 5456 1818 5583; baseline 0.003 -20"><span class='ocrx_word' id='word_1_874' title='bbox 312 5456 656 5583; x_wconf 41' lang='lat' dir='ltr'><strong>hémgséx</strong></span> <span class='ocrx_word' id='word_1_875' title='bbox 694 5506 991 5583; x_wconf 64' lang='lat' dir='ltr'><strong>antiquior,</strong></span> <span class='ocrx_word' id='word_1_876' title='bbox 1050 5510 1236 5583; x_wconf 57' lang='lat' dir='ltr'><strong>tavév</strong></span> <span class='ocrx_word' id='word_1_877' title='bbox 1273 5515 1391 5577; x_wconf 81' lang='grc' dir='ltr'>ταῖς</span> <span class='ocrx_word' id='word_1_878' title='bbox 1443 5512 1603 5575; x_wconf 78' lang='grc' dir='ltr'>ὁδοῖς,</span> <span class='ocrx_word' id='word_1_879' title='bbox 1655 5528 1818 5583; x_wconf 88' lang='lat' dir='ltr'><strong>quam</strong></span> 
     </span>
    </p>
   </div>
   <div class='ocr_carea' id='block_1_107' title="bbox 240 5580 1819 5655">
    <p class='ocr_par' dir='ltr' id='par_1_107' title="bbox 240 5580 1819 5655">
     <span class='ocr_line' id='line_1_108' title="bbox 240 5580 1819 5655; baseline 0.003 -23"><span class='ocrx_word' id='word_1_880' title='bbox 240 5580 532 5636; x_wconf 86' lang='lat' dir='ltr'><strong>lectionem</strong></span> <span class='ocrx_word' id='word_1_881' title='bbox 566 5580 625 5634; x_wconf 89' lang='lat' dir='ltr'><strong>in</strong></span> <span class='ocrx_word' id='word_1_882' title='bbox 658 5580 935 5655; x_wconf 71' lang='lat' dir='ltr'><strong>aliquibus</strong></span> <span class='ocrx_word' id='word_1_883' title='bbox 966 5580 1347 5655; x_wconf 79' lang='lat' dir='ltr'><strong>codicibus._et</strong></span> <span class='ocrx_word' id='word_1_884' title='bbox 1381 5584 1523 5653; x_wconf 89' lang='lat' dir='ltr'><strong>apud</strong></span> <span class='ocrx_word' id='word_1_885' title='bbox 1549 5580 1819 5655; x_wconf 77' lang='lat' dir='ltr'><strong>Hierony-</strong></span> 
     </span>
    </p>
   </div>
   <div class='ocr_carea' id='block_1_108' title="bbox 240 5642 1429 5719">
    <p class='ocr_par' dir='ltr' id='par_1_108' title="bbox 240 5642 1429 5719">
     <span class='ocr_line' id='line_1_109' title="bbox 240 5642 1429 5719; baseline 0.004 -16"><span class='ocrx_word' id='word_1_886' title='bbox 240 5664 389 5719; x_wconf 85' lang='lat' dir='ltr'><strong>mum</strong></span> <span class='ocrx_word' id='word_1_887' title='bbox 434 5664 659 5719; x_wconf 90' lang='lat' dir='ltr'><strong>quoque</strong></span> <span class='ocrx_word' id='word_1_888' title='bbox 703 5642 934 5718; x_wconf 73' lang='lat' dir='ltr'><strong>repériri</strong></span> <span class='ocrx_word' id='word_1_889' title='bbox 973 5659 1127 5705; x_wconf 90' lang='lat' dir='ltr'><strong>notat</strong></span> <span class='ocrx_word' id='word_1_890' title='bbox 1159 5642 1429 5708; x_wconf 63' lang='lat' dir='ltr'><strong>Nobilius:</strong></span> 
     </span>
    </p>
   </div>
   <div class='ocr_carea' id='block_1_109' title="bbox 310 5718 1815 5795">
    <p class='ocr_par' dir='ltr' id='par_1_109' title="bbox 310 5718 1815 5795">
     <span class='ocr_line' id='line_1_110' title="bbox 310 5718 1815 5795; baseline 0.002 -20"><span class='ocrx_word' id='word_1_891' title='bbox 310 5718 432 5791; x_wconf 78' lang='lat' dir='ltr'><strong>(l7)</strong></span> <span class='ocrx_word' id='word_1_892' title='bbox 454 5718 611 5775; x_wconf 76' lang='lat' dir='ltr'><strong>Male</strong></span> <span class='ocrx_word' id='word_1_893' title='bbox 650 5722 927 5775; x_wconf 88' lang='lat' dir='ltr'><strong>recentior</strong></span> <span class='ocrx_word' id='word_1_894' title='bbox 951 5722 1144 5787; x_wconf 83' lang='lat' dir='ltr'><strong>codex,</strong></span> <span class='ocrx_word' id='word_1_895' title='bbox 1176 5723 1270 5774; x_wconf 75' lang='grc' dir='ltr'><strong>καὶ</strong></span> <span class='ocrx_word' id='word_1_896' title='bbox 1300 5722 1365 5775; x_wconf 78' lang='grc' dir='ltr'><strong>σὺ</strong></span> <span class='ocrx_word' id='word_1_897' title='bbox 1416 5722 1470 5776; x_wconf 83' lang='grc' dir='ltr'>δὲ</span> <span class='ocrx_word' id='word_1_898' title='bbox 1500 5722 1815 5795; x_wconf 83' lang='grc' dir='ltr'>διακρινείς.</span> 
     </span>
    </p>
   </div>
   <div class='ocr_carea' id='block_1_110' title="bbox 567 5811 1255 5880">
    <p class='ocr_par' dir='ltr' id='par_1_110' title="bbox 567 5811 1255 5880">
     <span class='ocr_line' id='line_1_111' title="bbox 567 5811 1255 5880; baseline 0.01 -10"><span class='ocrx_word' id='word_1_899' title='bbox 567 5811 857 5874; x_wconf 57' lang='lat' dir='ltr'><strong>Parnm.</strong></span> <span class='ocrx_word' id='word_1_900' title='bbox 894 5814 1008 5880; x_wconf 81' lang='lat' dir='ltr'><strong>Gn.</strong></span> <span class='ocrx_word' id='word_1_901' title='bbox 1042 5813 1255 5879; x_wconf 68' lang='lat' dir='ltr'><strong>XLVI.</strong></span> 
     </span>
    </p>
   </div>
   <div class='ocr_carea' id='block_1_111' title="bbox 2009 4811 3513 4888">
    <p class='ocr_par' dir='ltr' id='par_1_111' title="bbox 2009 4811 3513 4888">
     <span class='ocr_line' id='line_1_112' title="bbox 2009 4811 3513 4888; baseline 0.006 -22"><span class='ocrx_word' id='word_1_902' title='bbox 2009 4814 2122 4884; x_wconf 79' lang='grc'>(18)</span> <span class='ocrx_word' id='word_1_903' title='bbox 2147 4811 2204 4867; x_wconf 88' lang='lat' dir='ltr'><strong>In</strong></span> <span class='ocrx_word' id='word_1_904' title='bbox 2239 4812 2487 4888; x_wconf 66' lang='lat' dir='ltr'><strong>Romana</strong></span> <span class='ocrx_word' id='word_1_905' title='bbox 2513 4813 2651 4869; x_wconf 79' lang='lat' dir='ltr'><strong>LXX</strong></span> <span class='ocrx_word' id='word_1_906' title='bbox 2677 4815 3300 4888; x_wconf 73' lang='lat' dir='ltr'><strong>lnterprctumcditjone</strong></span> <span class='ocrx_word' id='word_1_907' title='bbox 3329 4818 3513 4888; x_wconf 89' lang='lat' dir='ltr'><strong>priore</strong></span> 
     </span>
    </p>
   </div>
   <div class='ocr_carea' id='block_1_112' title="bbox 1939 4880 3512 4957">
    <p class='ocr_par' dir='ltr' id='par_1_112' title="bbox 1939 4880 3512 4957">
     <span class='ocr_line' id='line_1_113' title="bbox 1939 4880 3512 4957; baseline 0.001 -21"><span class='ocrx_word' id='word_1_908' title='bbox 1939 4880 2061 4938; x_wconf 89' lang='lat' dir='ltr'><strong>loco</strong></span> <span class='ocrx_word' id='word_1_909' title='bbox 2090 4880 2608 4957; x_wconf 42' lang='grc' dir='ltr'>όβιηὲπερωτῶσιν,</span> <span class='ocrx_word' id='word_1_910' title='bbox 2659 4880 2980 4957; x_wconf 75' lang='lat' dir='ltr'><strong>posteriore,</strong></span> <span class='ocrx_word' id='word_1_911' title='bbox 3021 4884 3296 4957; x_wconf 58' lang='grc' dir='ltr'>ζητοῦσιν,</span> <span class='ocrx_word' id='word_1_912' title='bbox 3329 4880 3512 4945; x_wconf 76' lang='lat' dir='ltr'><strong>&#39;secus</strong></span> 
     </span>
    </p>
   </div>
   <div class='ocr_carea' id='block_1_113' title="bbox 1940 4952 3515 5028">
    <p class='ocr_par' dir='ltr' id='par_1_113' title="bbox 1940 4952 3515 5028">
     <span class='ocr_line' id='line_1_114' title="bbox 1940 4952 3515 5028; baseline 0.005 -22"><span class='ocrx_word' id='word_1_913' title='bbox 1940 4963 2101 5023; x_wconf 91' lang='lat' dir='ltr'><strong>alque</strong></span> <span class='ocrx_word' id='word_1_914' title='bbox 2119 4954 2250 5028; x_wconf 69' lang='lat' dir='ltr'><strong>legit</strong></span> <span class='ocrx_word' id='word_1_915' title='bbox 2270 4952 2296 5006; x_wconf 76' lang='grc' dir='ltr'><strong>ι</strong></span> <span class='ocrx_word' id='word_1_916' title='bbox 2293 4952 2518 5028; x_wconf 77' lang='lat' dir='ltr'><strong>_usti_i_1_us</strong></span> <span class='ocrx_word' id='word_1_917' title='bbox 2537 4952 2739 5027; x_wconf 79' lang='lat' dir='ltr'><strong>Martyr</strong></span> <span class='ocrx_word' id='word_1_918' title='bbox 2764 4957 2819 5011; x_wconf 93' lang='lat' dir='ltr'><strong>in</strong></span> <span class='ocrx_word' id='word_1_919' title='bbox 2843 4952 3208 5028; x_wconf 9' lang='lat' dir='ltr'><strong>Diarlogo&#39;cunt</strong></span> <span class='ocrx_word' id='word_1_920' title='bbox 3237 4953 3280 5009; x_wconf 86' lang='grc' dir='ltr'><strong><em>Τ</em></strong></span> <span class='ocrx_word' id='word_1_921' title='bbox 3283 4961 3515 5028; x_wconf 78' lang='lat' dir='ltr'><strong>ryphone</strong></span> 
     </span>
    </p>
   </div>
   <div class='ocr_carea' id='block_1_114' title="bbox 1940 5021 3510 5145">
    <p class='ocr_par' dir='ltr' id='par_1_114' title="bbox 1940 5021 3510 5145">
     <span class='ocr_line' id='line_1_115' title="bbox 1940 5021 3510 5145; baseline 0.004 -69"><span class='ocrx_word' id='word_1_922' title='bbox 1940 5021 2084 5145; x_wconf 45' lang='lat' dir='ltr'><strong>pag.</strong></span> <span class='ocrx_word' id='word_1_923' title='bbox 2115 5021 2260 5091; x_wconf 56' lang='lat'><strong>2&amp;2;</strong></span> <span class='ocrx_word' id='word_1_924' title='bbox 2290 5021 2352 5075; x_wconf 86' lang='grc' dir='ltr'><strong>Ι).</strong></span> <span class='ocrx_word' id='word_1_925' title='bbox 2395 5021 2783 5145; x_wconf 69' lang='lat' dir='ltr'><strong>llieron’ynius,</strong></span> <span class='ocrx_word' id='word_1_926' title='bbox 2815 5034 2870 5082; x_wconf 89' lang='lat' dir='ltr'><strong>et</strong></span> <span class='ocrx_word' id='word_1_927' title='bbox 2916 5027 2973 5081; x_wconf 71' lang='grc' dir='ltr'><strong>δ.</strong></span> <span class='ocrx_word' id='word_1_928' title='bbox 3000 5021 3455 5108; x_wconf 57' lang='lat' dir='ltr'><strong>&#39;Cyprianus&#39;lib.</strong></span> <span class='ocrx_word' id='word_1_929' title='bbox 3494 5046 3510 5083; x_wconf 90' lang='grc' dir='ltr'><strong>ι</strong></span> 
     </span>
     <span class='ocr_line' id='line_1_116' title="bbox 1986 5091 3510 5145; baseline 0 0"><span class='ocrx_word' id='word_1_930' title='bbox 1986 5106 2229 5145; x_wconf 79' lang='lat' dir='ltr'><strong>esumon.</strong></span> <span class='ocrx_word' id='word_1_931' title='bbox 2270 5091 2523 5145; x_wconf 77' lang='lat' dir='ltr'><strong>adversus</strong></span> <span class='ocrx_word' id='word_1_932' title='bbox 2610 5095 2787 5145; x_wconf 73' lang='lat' dir='ltr'><strong>udmos</strong></span> <span class='ocrx_word' id='word_1_933' title='bbox 2832 5109 2955 5145; x_wconf 84' lang='lat' dir='ltr'><strong>can.</strong></span> <span class='ocrx_word' id='word_1_934' title='bbox 2983 5095 3087 5145; x_wconf 71' lang='lat'><strong>21:</strong></span> <span class='ocrx_word' id='word_1_935' title='bbox 3128 5103 3368 5145; x_wconf 72' lang='lat' dir='ltr'><strong>itemque</strong></span> <span class='ocrx_word' id='word_1_936' title='bbox 3402 5099 3510 5145; x_wconf 65' lang='lat' dir='ltr'><strong>Iros.-</strong></span> 
     </span>
    </p>
   </div>
   <div class='ocr_carea' id='block_1_115' title="bbox 1986 5091 3512 5166">
    <p class='ocr_par' dir='ltr' id='par_1_115' title="bbox 1986 5091 3512 5166">
     <span class='ocr_line' id='line_1_117' title="bbox 1986 5091 3512 5166; baseline 0.005 -18"><span class='ocrx_word' id='word_1_937' title='bbox 1986 5091 2229 5166; x_wconf 68' lang='lat' dir='ltr'><strong>eitimon.</strong></span> <span class='ocrx_word' id='word_1_938' title='bbox 2270 5091 2523 5166; x_wconf 68' lang='lat' dir='ltr'><strong>adversus</strong></span> <span class='ocrx_word' id='word_1_939' title='bbox 2568 5091 2787 5151; x_wconf 67' lang='lat' dir='ltr'><strong>Iudaeos</strong></span> <span class='ocrx_word' id='word_1_940' title='bbox 2832 5109 2955 5165; x_wconf 89' lang='lat' dir='ltr'><strong>cap.</strong></span> <span class='ocrx_word' id='word_1_941' title='bbox 2983 5091 3368 5166; x_wconf 28' lang='lat' dir='ltr'><strong>21’;&#39;itemque</strong></span> <span class='ocrx_word' id='word_1_942' title='bbox 3400 5099 3512 5156; x_wconf 88' lang='lat' dir='ltr'><strong>Ire-</strong></span> 
     </span>
    </p>
   </div>
   <div class='ocr_carea' id='block_1_116' title="bbox 1939 5163 3509 5237">
    <p class='ocr_par' dir='ltr' id='par_1_116' title="bbox 1939 5163 3509 5237">
     <span class='ocr_line' id='line_1_118' title="bbox 1939 5163 3509 5237; baseline 0.004 -20"><span class='ocrx_word' id='word_1_943' title='bbox 1939 5179 2092 5237; x_wconf 65' lang='lat' dir='ltr'><strong>naeus</strong></span> <span class='ocrx_word' id='word_1_944' title='bbox 2137 5164 2232 5218; x_wconf 90' lang='lat' dir='ltr'><strong>lib.</strong></span> <span class='ocrx_word' id='word_1_945' title='bbox 2281 5179 2340 5218; x_wconf 88' lang='grc' dir='ltr'><strong>ιιι</strong></span> <span class='ocrx_word' id='word_1_946' title='bbox 2385 5163 2649 5237; x_wconf 71' lang='lat' dir='ltr'><strong>Adversus</strong></span> <span class='ocrx_word' id='word_1_947' title='bbox 2697 5163 2945 5229; x_wconf 70' lang='lat' dir='ltr'><strong>hwresei,</strong></span> <span class='ocrx_word' id='word_1_948' title='bbox 2979 5178 3100 5234; x_wconf 90' lang='lat' dir='ltr'><strong>cap.</strong></span> <span class='ocrx_word' id='word_1_949' title='bbox 3145 5166 3201 5231; x_wconf 71' lang='grc' dir='ltr'>ὅ,</span> <span class='ocrx_word' id='word_1_950' title='bbox 3252 5163 3345 5237; x_wconf 79' lang='lat' dir='ltr'><strong>qui</strong></span> <span class='ocrx_word' id='word_1_951' title='bbox 3381 5181 3509 5224; x_wconf 89' lang='lat' dir='ltr'><strong>eum</strong></span> 
     </span>
    </p>
   </div>
   <div class='ocr_carea' id='block_1_117' title="bbox 1937 5231 2892 5306">
    <p class='ocr_par' dir='ltr' id='par_1_117' title="bbox 1937 5231 2892 5306">
     <span class='ocr_line' id='line_1_119' title="bbox 1937 5231 2892 5306; baseline 0.004 -19"><span class='ocrx_word' id='word_1_952' title='bbox 1937 5231 2190 5306; x_wconf 27' lang='lat' dir='ltr'><strong>Nyss‘eno</strong></span> <span class='ocrx_word' id='word_1_953' title='bbox 2246 5235 2607 5306; x_wconf 73' lang='lat' dir='ltr'><strong>concordant.</strong></span> <span class='ocrx_word' id='word_1_954' title='bbox 2697 5305 2700 5306; x_wconf 17' lang='grc' dir='ltr'><em>ν</em></span> <span class='ocrx_word' id='word_1_955' title='bbox 2889 5266 2892 5269; x_wconf 56' lang='grc' dir='ltr'><strong>λ</strong></span> 
     </span>
    </p>
   </div>
   <div class='ocr_carea' id='block_1_118' title="bbox 2007 5303 3508 5373">
    <p class='ocr_par' dir='ltr' id='par_1_118' title="bbox 2007 5303 3508 5373">
     <span class='ocr_line' id='line_1_120' title="bbox 2007 5303 3508 5373; baseline 0.005 -16"><span class='ocrx_word' id='word_1_956' title='bbox 2007 5303 2121 5373; x_wconf 81' lang='grc'>(19)</span> <span class='ocrx_word' id='word_1_957' title='bbox 2144 5303 2275 5373; x_wconf 67' lang='lat' dir='ltr'><strong>Quae</strong></span> <span class='ocrx_word' id='word_1_958' title='bbox 2299 5303 2660 5361; x_wconf 88' lang='lat' dir='ltr'><strong>semicirculis</strong></span> <span class='ocrx_word' id='word_1_959' title='bbox 2690 5305 3065 5371; x_wconf 78' lang='lat' dir='ltr'><strong>includuntur,</strong></span> <span class='ocrx_word' id='word_1_960' title='bbox 3100 5312 3300 5361; x_wconf 88' lang='lat' dir='ltr'><strong>uesunt</strong></span> <span class='ocrx_word' id='word_1_961' title='bbox 3331 5306 3385 5362; x_wconf 91' lang='lat' dir='ltr'><strong>in</strong></span> <span class='ocrx_word' id='word_1_962' title='bbox 3418 5323 3508 5364; x_wconf 90' lang='lat' dir='ltr'><strong>re—</strong></span> 
     </span>
    </p>
   </div>
   <div class='ocr_carea' id='block_1_119' title="bbox 1932 5371 3509 5446">
    <p class='ocr_par' dir='ltr' id='par_1_119' title="bbox 1932 5371 3509 5446">
     <span class='ocr_line' id='line_1_121' title="bbox 1932 5371 3509 5446; baseline 0.004 -19"><span class='ocrx_word' id='word_1_963' title='bbox 1932 5371 2163 5446; x_wconf 73' lang='lat' dir='ltr'><strong>centiOri</strong></span> <span class='ocrx_word' id='word_1_964' title='bbox 2194 5371 2461 5446; x_wconf 59' lang='lat' dir='ltr'><strong>Vaticano</strong></span> <span class='ocrx_word' id='word_1_965' title='bbox 2487 5375 2696 5437; x_wconf 90' lang='lat' dir='ltr'><strong>codice,</strong></span> <span class='ocrx_word' id='word_1_966' title='bbox 2735 5385 2789 5429; x_wconf 90' lang='lat' dir='ltr'><strong>et</strong></span> <span class='ocrx_word' id='word_1_967' title='bbox 2818 5375 2874 5429; x_wconf 90' lang='lat' dir='ltr'><strong>in</strong></span> <span class='ocrx_word' id='word_1_968' title='bbox 2908 5375 3057 5446; x_wconf 57' lang='lat' dir='ltr'><strong>alio,</strong></span> <span class='ocrx_word' id='word_1_969' title='bbox 3085 5391 3196 5446; x_wconf 90' lang='lat' dir='ltr'><strong>quo</strong></span> <span class='ocrx_word' id='word_1_970' title='bbox 3242 5392 3379 5436; x_wconf 83' lang='lat' dir='ltr'><strong>usus</strong></span> <span class='ocrx_word' id='word_1_971' title='bbox 3422 5388 3509 5436; x_wconf 92' lang='lat' dir='ltr'><strong>est</strong></span> 
     </span>
    </p>
   </div>
   <div class='ocr_carea' id='block_1_120' title="bbox 1935 5441 3509 5516">
    <p class='ocr_par' dir='ltr' id='par_1_120' title="bbox 1935 5441 3509 5516">
     <span class='ocr_line' id='line_1_122' title="bbox 1935 5441 3509 5516; baseline 0.004 -18"><span class='ocrx_word' id='word_1_972' title='bbox 1935 5441 2490 5516; x_wconf 24' lang='lat' dir='ltr'><strong>Siphanus.‘_Videtur</strong></span> <span class='ocrx_word' id='word_1_973' title='bbox 2516 5454 2692 5497; x_wconf 89' lang='lat' dir='ltr'><strong>autem</strong></span> <span class='ocrx_word' id='word_1_974' title='bbox 2723 5446 2994 5516; x_wconf 83' lang='lat' dir='ltr'><strong>respicere</strong></span> <span class='ocrx_word' id='word_1_975' title='bbox 3014 5441 3294 5516; x_wconf 73' lang='lat' dir='ltr'><strong>Nyssenus</strong></span> <span class='ocrx_word' id='word_1_976' title='bbox 3321 5448 3387 5502; x_wconf 88' lang='lat' dir='ltr'><strong>ad</strong></span> <span class='ocrx_word' id='word_1_977' title='bbox 3428 5451 3509 5504; x_wconf 88' lang='lat' dir='ltr'><strong>lo-</strong></span> 
     </span>
    </p>
   </div>
   <div class='ocr_carea' id='block_1_121' title="bbox 1931 5511 3507 5587">
    <p class='ocr_par' dir='ltr' id='par_1_121' title="bbox 1931 5511 3507 5587">
     <span class='ocr_line' id='line_1_123' title="bbox 1931 5511 3507 5587; baseline 0.004 -19"><span class='ocrx_word' id='word_1_978' title='bbox 1931 5511 2079 5587; x_wconf 74' lang='lat' dir='ltr'><strong>cum,</strong></span> <span class='ocrx_word' id='word_1_979' title='bbox 2107 5512 2367 5587; x_wconf 77' lang='lat' dir='ltr'><strong>nifallor,</strong></span> <span class='ocrx_word' id='word_1_980' title='bbox 2405 5511 2552 5569; x_wconf 67' lang='lat' dir='ltr'><strong>Isaiae</strong></span> <span class='ocrx_word' id='word_1_981' title='bbox 2582 5530 2784 5582; x_wconf 82' lang='grc' dir='ltr'>ιιιιιιιιι,</span> <span class='ocrx_word' id='word_1_982' title='bbox 2811 5511 2899 5584; x_wconf 75' lang='grc' dir='ltr'>Π,</span> <span class='ocrx_word' id='word_1_983' title='bbox 2923 5517 3013 5572; x_wconf 86' lang='lat' dir='ltr'><strong>ubi</strong></span> <span class='ocrx_word' id='word_1_984' title='bbox 3044 5511 3140 5584; x_wconf 70' lang='lat' dir='ltr'><strong>ait,</strong></span> <span class='ocrx_word' id='word_1_985' title='bbox 3176 5516 3365 5587; x_wconf 80' lang='lat' dir='ltr'><strong>Regem</strong></span> <span class='ocrx_word' id='word_1_986' title='bbox 3388 5536 3507 5574; x_wconf 82' lang='lat' dir='ltr'><strong>cum</strong></span> 
     </span>
    </p>
   </div>
   <div class='ocr_carea' id='block_1_122' title="bbox 1929 5582 2396 5655">
    <p class='ocr_par' dir='ltr' id='par_1_122' title="bbox 1929 5582 2396 5655">
     <span class='ocr_line' id='line_1_124' title="bbox 1929 5582 2396 5655; baseline 0 -18"><span class='ocrx_word' id='word_1_987' title='bbox 1929 5583 2107 5655; x_wconf 3' lang='lat' dir='ltr'><strong>gloria,</strong></span> <span class='ocrx_word' id='word_1_988' title='bbox 2138 5582 2396 5655; x_wconf 69' lang='lat' dir='ltr'><strong>videbitis.</strong></span> 
     </span>
    </p>
   </div>
   <div class='ocr_carea' id='block_1_123' title="bbox 2001 5653 3500 5725">
    <p class='ocr_par' dir='ltr' id='par_1_123' title="bbox 2001 5653 3500 5725">
     <span class='ocr_line' id='line_1_125' title="bbox 2001 5653 3500 5725; baseline 0.001 -18"><span class='ocrx_word' id='word_1_989' title='bbox 2001 5654 2117 5725; x_wconf 78' lang='lat'><strong>(20)</strong></span> <span class='ocrx_word' id='word_1_990' title='bbox 2153 5653 2379 5725; x_wconf 73' lang='lat' dir='ltr'><strong>Comma</strong></span> <span class='ocrx_word' id='word_1_991' title='bbox 2403 5653 2546 5725; x_wconf 68' lang='lat' dir='ltr'><strong>istud</strong></span> <span class='ocrx_word' id='word_1_992' title='bbox 2577 5668 2751 5725; x_wconf 85' lang='lat' dir='ltr'><strong>usque</strong></span> <span class='ocrx_word' id='word_1_993' title='bbox 2774 5654 2841 5709; x_wconf 89' lang='lat' dir='ltr'><strong>ad</strong></span> <span class='ocrx_word' id='word_1_994' title='bbox 2874 5657 2963 5711; x_wconf 90' lang='lat' dir='ltr'><strong>illa</strong></span> <span class='ocrx_word' id='word_1_995' title='bbox 2990 5656 3173 5719; x_wconf 84' lang='lat' dir='ltr'><strong>verba,</strong></span> <span class='ocrx_word' id='word_1_996' title='bbox 3194 5657 3288 5710; x_wconf 73' lang='grc' dir='ltr'>καὶ</span> <span class='ocrx_word' id='word_1_997' title='bbox 3309 5656 3500 5722; x_wconf 77' lang='grc' dir='ltr'>ἔξοδοι,</span> 
     </span>
    </p>
   </div>
   <div class='ocr_carea' id='block_1_124' title="bbox 1931 5722 3497 5798">
    <p class='ocr_par' dir='ltr' id='par_1_124' title="bbox 1931 5722 3497 5798">
     <span class='ocr_line' id='line_1_126' title="bbox 1931 5722 3497 5798; baseline 0.001 -19"><span class='ocrx_word' id='word_1_998' title='bbox 1931 5737 2041 5779; x_wconf 87' lang='lat' dir='ltr'><strong>non</strong></span> <span class='ocrx_word' id='word_1_999' title='bbox 2078 5723 2311 5778; x_wconf 87' lang='lat' dir='ltr'><strong>habctur</strong></span> <span class='ocrx_word' id='word_1_1000' title='bbox 2338 5725 2392 5779; x_wconf 92' lang='lat' dir='ltr'><strong>in</strong></span> <span class='ocrx_word' id='word_1_1001' title='bbox 2424 5722 2676 5781; x_wconf 74' lang='lat' dir='ltr'><strong>Romana</strong></span> <span class='ocrx_word' id='word_1_1002' title='bbox 2691 5724 2830 5781; x_wconf 80' lang='lat' dir='ltr'><strong>LXX</strong></span> <span class='ocrx_word' id='word_1_1003' title='bbox 2856 5727 3214 5798; x_wconf 89' lang='lat' dir='ltr'><strong>lnterprctum</strong></span> <span class='ocrx_word' id='word_1_1004' title='bbox 3239 5726 3497 5793; x_wconf 87' lang='lat' dir='ltr'><strong>editione,</strong></span> 
     </span>
    </p>
   </div>
   <div class='ocr_carea' id='block_1_125' title="bbox 3192 5818 3233 5876">
    <p class='ocr_par' dir='ltr' id='par_1_125' title="bbox 3192 5818 3233 5876">
     <span class='ocr_line' id='line_1_127' title="bbox 3192 5818 3233 5876; baseline 0 0"><span class='ocrx_word' id='word_1_1005' title='bbox 3192 5818 3233 5876; x_wconf 80' lang='grc' dir='ltr'><strong>’Ζ</strong></span> 
     </span>
    </p>
   </div>
  </div>
