4034 6132
301 354 405 406 205

1323 339 1744 397 TESTIMONIA
1782 337 2153 396 ADVERSUS
2183 337 2493 395 JUDA‘ZOS.

3430 341 3538 400 ΞΜ
3574 309 3582 317 .

300 464 582 538 ἀνορθώσω
613 466 716 537 τὴν
756 463 1028 535 βασιλείαν
1073 462 1237 518 αὐτοῦ
1279 464 1359 526 εἰς
1401 462 1492 516 τὸν
1526 462 1698 517 αἰῶνα
1726 460 1860 534 (51).

1977 461 2090 525 nis,
2137 479 2155 511 ι
2208 459 2274 513 Et
2311 459 2436 527 erit,
2475 459 2696 530 quando
2728 458 2934 532 impleti
2982 459 3187 518 fuerint
3247 459 3365 518 dies
3416 463 3539 530 tui,

309 556 442 626 Ἐγὼ
474 556 673 628 ἔσομαι
696 554 845 625 αὐτῷ
881 557 961 619 εἰς
999 554 1250 626 Πατέρα.
1277 554 1371 607 καὶ
1394 554 1556 619 αὐτὸς
1589 552 1740 608 ἔσται
1778 569 1868 623 μοι

295 651 371 712 εἰς
398 649 546 711 Υἰδν,
589 648 682 699 καί
707 646 768 699 τὸ
794 645 936 710 ἔλεός
970 664 1069 717 μου
1102 647 1203 699 οὐκ
1233 646 1526 716 ἀποστήσω
1556 644 1651 699 ἀπ’
1681 640 1865 709 αὐτοῦ,

294 737 474 801 καθὼς
514 736 797 807 ἀπέστησα
840 735 948 789 ἀπὸ
988 734 1095 795 τῶν
1134 733 1445 805 ἔμπροσθέν
1482 748 1595 787 σου.
1633 731 1744 786 Kal
1779 748 1868 784 πι-

296 827 482 881 στώσω
509 827 673 880 αὐτὸν
702 829 759 881 ὲν
783 827 917 897 οἴκῳ
945 844 1045 896 μου
1067 842 1081 855 ·
1104 826 1199 878 καὶ
1225 826 1258 896 ἡ
1295 823 1544 895 βασιλεία
1570 821 1732 876 αὐτοῦ
1756 820 1865 903 (52)

293 919 389 981 ἕως
416 917 632 981 αἰῶνος·
671 919 765 971 καὶ
796 917 825 968 6
856 917 1044 988 θρόνος
1075 915 1241 969 αὐτοῦ
1287 916 1439 969 ἔσται
1478 913 1869 986 ἀνωρθωμένος

293 1010 392 1072 ἕως
423 1008 641 1071 αἰῶνος.
680 1025 699 1058 ι
750 1005 1032 1077 Σολομὼν,
1087 1024 1107 1057 ι
1140 1005 1250 1058 Καὶ
1294 1003 1414 1069 νῦν,
1448 1003 1620 1074 Κύριε
1665 1005 1693 1057 6
1736 1001 1869 1065 Θεὸς

305 1098 553 1171 Ἰσραὴλ,
585 1097 914 1168 πιστωθήτω
961 1096 1024 1167 δὴ
1066 1095 1126 1148 τὸ
1155 1095 1307 1166 ῥῆμά
1352 1111 1447 1149 σου
1472 1092 1550 1165 τῷ
1598 1091 1761 1147 Δαϐὶδ
1790 1090 1867 1163 τῷ

294 1190 463 1261 Πατρί
494 1205 632 1259 μου·
667 1190 716 1241 εἰ
754 1188 968 1259 ἀληθῶς
1004 1188 1115 1258 (55)
1150 1188 1464 1258 κατοικήσει
1504 1188 1532 1239 6
1568 1185 1699 1249 Θεὸς
1732 1182 1870 1256 μετὰ

293 1279 596 1350 ἀνθρώπων
629 1280 722 1333 ἐπὶ
744 1280 842 1349 τῆς
862 1280 985 1349 γῆς.
1025 1298 1044 1330 ›
1084 1278 1368 1349 Ἱερεμίας,
1404 1296 1423 1328 ι
1454 1278 1564 1331 Καὶ
1588 1274 1870 1346 ἄνθρωπός

290 1372 404 1423 ἐστι
422 1413 439 1437 ,
468 1371 568 1423 καὶ
592 1370 678 1433 τίς
704 1370 973 1439 γνώσεται
995 1368 1157 1422 αὐτόν
1183 1385 1197 1433 ;
1240 1387 1258 1420 ι
1291 1367 1492 1439 Ἀμώς·
1518 1386 1536 1418 ι
1576 1365 1872 1421 Ἐπικαλεῖ-

292 1478 384 1515 στο
413 1462 530 1531 (54)
554 1462 647 1514 τὸν
685 1461 817 1514 Θεόν
850 1475 962 1513 σου·
1004 1459 1297 1531 ἑτοιμάζου
1319 1497 1334 1524 ,
1369 1458 1723 1531 Ἰερουσαλὴμ
1744 1497 1759 1524 ,
1790 1458 1872 1512 ὅτι

291 1551 399 1620 ἐγὼ
428 1551 666 1623 στερεῶν
707 1550 954 1623 βροντὴν,
986 1551 1081 1604 καὶ
1107 1550 1307 1614 κτίζων
1335 1548 1554 1622 πνεῦμα
1573 1588 1587 1614 ,
1612 1549 1707 1602 καὶ
1734 1548 1871 1602 ἁπο-

292 1643 528 1697 στέλλων
560 1645 642 1705 εἰς
675 1640 995 1713 ἀνθρώπους
1021 1641 1112 1694 τὸν
1142 1641 1378 1713 Χριστόν
1411 1658 1512 1711 μου
1543 1638 1676 1712 (55),
1703 1636 1873 1693 ποιῶν

290 1734 507 1805 θρθρον,
539 1735 638 1789 καὶ
654 1733 904 1806 ὁμίχλην,
930 1732 1023 1787 καὶ
1052 1734 1136 1786 ἐπε
1146 1732 1346 1787 ϐαίνων
1372 1732 1467 1785 ἐπὶ
1485 1732 1554 1786 τὰ
1577 1730 1757 1802 ὑψηλὰ
1776 1730 1874 1802 τῆς

1969 558 2023 607 et
2063 549 2355 606 dormieris
2389 564 2513 604 cum
2572 550 2819 621 patribus
2868 550 3001 617 tuis,
3050 558 3106 607 et
3151 551 3432 609 suscitabo
3461 568 3545 609 se-

1967 656 2090 697 men
2135 648 2291 695 tuum
2340 647 2465 711 post
2517 647 2602 707 te,
2635 639 2783 711 quod
2829 642 2933 697 erit
2984 641 3053 698 de
3096 651 3288 699 ventre
3343 650 3460 710 ιιιο,
3485 652 3544 699 et

1967 732 2171 804 parabo
2198 747 2424 803 regnum
2456 732 2596 803 ejus.
2636 731 2758 803 ipse
2785 732 3074 789 aediﬁcabit
3121 734 3254 789 mihi
3289 734 3539 800 domum,

1967 831 2022 879 et
2073 824 2276 895 erigam
2336 838 2565 893 regnum
2619 822 2742 892 ejus
2781 823 2835 878 in
2888 823 3134 879 saecula:
3168 823 3281 896 Ego
3344 839 3440 881 ero
3489 824 3542 879 ei

1968 911 2023 966 in
2055 908 2294 974 Patrem,
2348 920 2402 965 et
2452 911 2569 981 ipse
2606 911 2711 965 erit
2740 910 2872 965 mihi
2912 911 2969 966 in
3012 910 3232 976 Filium,
3272 919 3324 968 et
3378 912 3544 968 mise-

1968 1000 2261 1057 ricordiam
2308 1016 2484 1057 meam
2542 1017 2651 1055 non
2696 1003 2987 1058 removebo
3020 1003 3091 1057 ab
3147 1018 3233 1065 eo,
3294 1004 3435 1058 sicut
3462 1018 3544 1060 re-

1969 1092 2112 1148 movi
2161 1092 2232 1147 ab
2292 1091 2361 1147 iis
2403 1091 2497 1163 qui
2543 1099 2702 1147 erant
2768 1100 2894 1148 ante
2929 1102 3004 1149 te.
3052 1092 3119 1147 Et
3153 1092 3384 1148 ﬁdeliter
3429 1102 3543 1150 sta-

1969 1189 2117 1261 tuam
2154 1198 2278 1238 eum
2332 1183 2387 1237 in
2430 1184 2593 1238 domo
2625 1198 2786 1252 mea;
2825 1194 2880 1239 et
2940 1197 3166 1255 regnum
3200 1185 3322 1254 ejus
3366 1200 3543 1256 usque

1970 1275 2027 1329 in
2075 1275 2378 1330 saeculum:
2429 1282 2484 1329 et
2527 1274 2759 1330 thronus
2787 1274 2908 1344 ejus
2962 1274 3079 1328 erit
3105 1282 3322 1330 erectus
3370 1290 3544 1345 usque

1972 1365 2030 1419 in
2111 1365 2372 1421 saeculum
2397 1365 2464 1422 ⁸⁷.
2501 1383 2519 1417 ι
2586 1364 2848 1422 Salomon
2880 1407 2896 1432 ,
2958 1383 2978 1418 ι
3011 1365 3078 1421 Et
3114 1382 3264 1423 nunc
3316 1367 3547 1426 Domine

1971 1455 2117 1511 Deus
2154 1454 2342 1522 Israel,
2392 1454 2549 1511 ﬁdele
2593 1456 2665 1513 sit
2703 1472 2892 1528 quaeso
2938 1458 3168 1514 verbum
3224 1467 3383 1515 tuum
3438 1458 3544 1514 Da-

1972 1546 2060 1601 vid
2109 1545 2250 1616 patri
2300 1560 2467 1601 meo:
2504 1547 2550 1602 si
2588 1561 2714 1603 vere
2742 1548 3004 1605 habitavit
3048 1548 3227 1616 Deus,
3274 1565 3401 1606 cum
3445 1550 3546 1606 ho-

1971 1637 2211 1693 minibus
2266 1652 2432 1708 super
2461 1645 2661 1693 terram
2682 1637 2749 1694 “.
2786 1657 2806 1693 ›
2838 1638 3136 1711 Jereinias,
3189 1659 3211 1696 ι
3271 1640 3337 1697 Ει
3380 1641 3546 1697 homo

1972 1737 2077 1796 est,
2098 1737 2153 1785 et
2168 1730 2293 1800 quis
2314 1739 2605 1801 cognoscet
2624 1731 2798 1787 eum“
2812 1732 2863 1786 ξ’»
2889 1732 3078 1799 Amos,
3110 1752 3129 1786 ι
3150 1733 3346 1791 lnvoca
3374 1734 3546 1790 Deum

290 1826 414 1896 γῆς.
457 1843 476 1878 ι
509 1825 790 1896 Μιχαίας,
837 1842 857 1875 ‹
906 1822 1231 1887 Ἀκούσατε,
1273 1822 1393 1876 λαοὶ
1431 1822 1649 1887 πάντες,
1697 1821 1874 1890 λόγον,

1978 1828 2173 1875 tuum:
2216 1835 2544 1891 praeparare,
2604 1820 2931 1893 Jerusalem,
2993 1827 3255 1896 quoniam
3312 1840 3415 1898 ego
3453 1824 3548 1880 tir—

291 1917 384 1970 καὶ
409 1917 780 1987 προσεχέτωή
809 1916 882 1985 γῆ
912 1914 1043 1987 (56),
1072 1915 1166 1968 καὶ
1192 1914 1393 1977 πάντες
1420 1914 1470 1966 οἱ
1498 1910 1895 1973 κατοικοῦντες

290 2008 345 2058 ὲν
374 2007 547 2077 αὐτῇ·
576 2007 672 2058 καὶ
698 2006 850 2059 ἔσται
892 2006 1096 2075 Κύριος
1144 2006 1201 2058 ἐν
1232 2006 1363 2075 ἡμῖν
1415 2004 1496 2066 είς
1540 2001 1837 2073 μαρτύριον
1856 2039 1872 2063 ,

291 2096 499 2167 Κύριος
527 2099 593 2148 ἐκ
618 2094 751 2150 ναοῦ
779 2094 934 2163 ἁγίου
962 2092 1149 2157 αὑτοῦ,
1181 2093 1315 2146 διότι
1353 2092 1462 2146 ἰδοὺ
1488 2091 1691 2163 Κύριος
1713 2093 1894 2144 ἐκποη

291 2188 514 2259 ρεύεται
558 2189 624 2241 ὲκ
664 2187 760 2240 τοῦ
798 2186 967 2240 τόπου
1008 2185 1210 2253 αὐτοῦ,
1255 2184 1625 2256 καταϐήσεται
1668 2183 1762 2238 ἐπὶ
1805 2181 1912 2264 τὰ.

291 2279 477 2350 ὑψηλά
506 2270 606 2348 τῆς
637 2278 760 2349 γῆς·
802 2297 821 2330 ι

1980 1927 2136 1969 mans
2179 1910 2518 1977 tonitruum,
2554 1921 2608 1970 et
2653 1929 2848 1971 creans
2902 1917 3187 1987 spiritum,
3220 1927 3275 1973 et
3322 1918 3547 1973 mittens

1975 2001 2044 2056 ad
2096 2002 2347 2060 homines
2407 2003 2688 2060 Christum
2738 2021 2941 2072 meum,
2993 2007 3204 2064 faciens
3272 2022 3433 2063 mane
3494 2016 3551 2064 ct

1975 2094 2251 2163 nebulam,
2293 2103 2348 2151 et
2406 2096 2709 2153 ascendens
2777 2113 2943 2168 super
2980 2099 3195 2156 excelsa
3238 2099 3487 2155 terrae".
3522 2119 3543 2148 ι

1976 2184 2249 2253 Micbaaas,
2288 2205 2307 2239 ι
2347 2187 2582 2253 Audite,
2631 2189 2819 2260 populi
2875 2204 3088 2258 omnes,
3124 2190 3312 2258 verba,
3363 2199 3419 2247 et
3449 2206 3550 2246 auo-

1977 2277 2177 2332 scultet
2204 2285 2371 2346 terra,
2405 2286 2461 2334 et
2482 2292 2672 2335 omnes
2696 2280 2793 2352 qui
2832 2280 3081 2337 habitant
3117 2282 3175 2338 in
3212 2297 3299 2340 ea.
3345 2283 3409 2339 Et
3444 2285 3551 2339 erit

295 2376 567 2430 Dominus
608 2375 669 2428 in
713 2374 871 2430 vobis
931 2375 986 2429 in
1020 2371 1430 2435 testimonium,
1488 2369 1748 2427 Dominus
1791 2386 1858 2427 ex
1896 2373 2097 2443 templo
2142 2383 2334 2429 sancto
2361 2389 2507 2443 suo;
2566 2376 2829 2448 quoniam
2892 2392 3023 2435 ecce
3084 2378 3353 2438 Dominus
3393 2396 3549 2453 egre-

295 2470 448 2524 ditur
497 2466 715 2521 deloco
767 2479 909 2529 suo,
969 2473 1023 2520 et
1075 2463 1371 2519 descendet
1423 2476 1589 2532 super
1649 2461 1867 2517 excelsa
1905 2462 2148 2517 terrae“.
2183 2482 2202 2515 ι

374 2562 434 2615 '0
478 2557 674 2613 Ἰακὼϐ
707 2559 764 2611 ὲν
797 2559 914 2621 ταῖς
942 2556 1201 2620 ἐντολαῖς,
1237 2575 1254 2608 ι
1291 2557 1405 2610 Οὐκ
1431 2554 1667 2624 ἐκλείψει
1692 2554 1876 2626 ἅρχων

2043 2553 2213 2610 Iacob
2270 2554 2326 2609 in
2377 2555 2669 2622 mandatis,
2708 2574 2729 2611 ι
2765 2555 2883 2614 Non
2922 2556 3138 2614 deficiet
3175 2559 3430 2631 princeps
3480 2574 3550 2617 ex

294 2651 352 2716 ἐξ
392 2649 568 2704 ⁹Ιούδα
598 2650 692 2702 καὶ
724 2646 1022 2718 ἡγούμενος
1053 2647 1119 2700 ὲκ
1152 2645 1260 2698 τῶν
1309 2643 1496 2716 μηρῶν
1527 2641 1690 2697 αὑτοῦ
1711 2682 1726 2706 ,
1769 2642 1874 2705 ἓως

1977 2643 2135 2708 .Iuda,
2167 2662 2268 2703 nec
2298 2646 2409 2702 dux
2445 2648 2513 2701 de
2549 2646 2846 2704 feruoribus
2875 2648 3017 2719 ejus,
3047 2649 3221 2706 donec
3247 2651 3432 2706 veniat
3459 2652 3552 2707 cui

293 2737 351 2795 οὗ
375 2741 508 2813 ἔλθῃ
526 2739 636 2811 (57)
654 2734 697 2807 ᾧ
715 2737 1019 2793 ἀπόκειται.
1035 2736 1145 2790 Καὶ
1161 2735 1321 2798 αὐτὸς
1339 2734 1633 2806 προσδοκία
1651 2731 1834 2787 ἐθνῶν.
1851 2750 1870 2786 ι

1977 2736 2274 2805 repositum
2312 2744 2414 2791 est.
2453 2733 2516 2790 Et
2545 2735 2661 2822 ipse
2695 2745 2780 2792 est
2806 2738 3139 2809 exspectatio
3168 2741 3408 2811 gentium
3427 2742 3496 2797 ".
3524 2759 3545 2795 ι

295 2835 562 2903 Βαλαὰμ,
604 2849 622 2882 ι
671 2829 942 2883 Ἀνατελεῖ
961 2828 1157 2898 ἄστρον
1181 2826 1239 2894 ἐξ
1275 2825 1487 2891 Ἰακὼϐ,
1528 2823 1872 2896 καὶᾶνθρω-

1983 2824 2224 2889 Balaam,
2272 2845 2291 2877 ‹
2331 2826 2554 2882 Orietur
2600 2829 2758 2885 stella
2786 2844 2856 2884 ex
2886 2827 3076 2895 Iacob,
3107 2841 3161 2887 et
3189 2832 3353 2888 homo
3386 2848 3455 2890 ex
3473 2831 3554 2890 Is.-

295 2943 394 2988 πος
423 2924 488 2989 ea
524 2920 775 2993 Ἰσραὴλ,
813 2920 909 2974 καὶ
953 2917 1177 2990 θραύσει
1210 2918 1335 2982 τοὺς
1376 2916 1651 2989 ἀρχηγοὺς
1680 2914 1875 2982 Μωὰϐ,

1980 2915 2091 2969 rael
2120 2933 2132 2968 :
2169 2922 2223 2969 et
2249 2916 2516 2986 percutiet
2543 2915 2712 2973 duces
2743 2916 2923 2982 Moab,
2973 2927 3027 2974 ct
3052 2919 3383 2990 praedabitur
3409 2923 3552 2980 tilios

297 3018 388 3071 καὶ
420 3012 779 3084 προνομεύσει
800 3012 925 3074 τοὺς
951 3011 1098 3073 υἱοὺς
1116 3009 1225 3080 Σήθ
1250 3006 1386 3081 (58)·
1416 3009 1509 3062 καὶ
1537 3005 1875 3077 ἔσταιἘδὼμ

1985 3002 2136 3067 Selii,
2184 3012 2238 3060 et
2269 3006 2374 3060 erit
2419 3006 2589 3062 Edom
2624 3007 2919 3064 h'ereditas
2956 3010 3202 3081 gentium
3221 3004 3295 3068 "1
3330 3031 3349 3066 ι
3378 3012 3553 3070 David

298 3104 635 3176 κληρονομία
661 3100 881 3155 ἐθνῶν.)
915 3099 1077 3151 Δαϐἰδ
1104 3098 1159 3151 δὲ
1177 3098 1287 3168 (59)
1309 3095 1512 3149 τούτων
1540 3095 1599 3148 οὐ
1630 3093 1881 3165 περιεγέ-

297 3213 435 3250 νετο.
456 3196 519 3248 Εἰ
544 3194 602 3247 δὲ
620 3193 748 3264 περί
773 3191 881 3245 τῶν
896 3190 954 3258 ἐξ
976 3189 1134 3244 αὐτοῦ
1159 3188 1262 3241 ἔδει
1283 3189 1475 3251 εἰπεῖν,
1512 3185 1877 3240 Ἀνατελοῦσιν

296 3289 475 3358 ἄστρα
505 3286 564 3353 ἐξ
601 3283 814 3347 Ἰακὼϐ,
841 3284 935 3337 καὶ
957 3281 1247 3353 ἡγούμενοι
1270 3282 1328 3348 ἐξ
1365 3279 1601 3351 Ἰσραήλ.
1629 3279 1874 3346 Ἡσαΐας,

303 3399 324 3433 ι
365 3379 499 3433 Ἰδοὺ
539 3379 569 3431 ὁ
618 3376 883 3446 δεσπότης
908 3373 1110 3445 Κύριος
1139 3371 1364 3426 Σαϐαὼθ
1401 3369 1720 3442 συνταράξει
1748 3370 1874 3435 τοὺς

298 3470 543 3534 ἐνδόξους
592 3466 727 3538 μετὰ
774 3465 988 3536 ἰσχύος,
1024 3464 1118 3518 καί¹
1162 3465 1210 3517 οἰ
1241 3462 1432 3533 ὑψηλοὶ
1464 3464 1529 3534 τῇ
1570 3460 1724 3535 ὕϐρει
1752 3478 1874 3515 συν-

297 3561 670 3631 τριϐήσονται,
697 3557 792 3610 καί
819 3555 1315 3622 ταπεινωθήσονται
1334 3555 1382 3607 οἰ
1418 3553 1629 3625 ὑψηλοὶ,
1656 3554 1751 3607 καὶ
1774 3570 1874 3606 πε-

301 3650 523 3704 σοῦνται
556 3649 819 3720 μαχαίρᾳ.
854 3649 914 3701 '0
938 3647 994 3700 δὲ
1027 3646 1256 3709 Λίϐανος
1285 3646 1381 3699 σὺν
1400 3647 1510 3707 τοῖς
1532 3643 1755 3715 ὑψηλοῖς
1785 3660 1879 3697 πε-
1912 3646 1913 3649 “

301 3746 494 3796 σείται.
529 3741 638 3793 Καὶ
661 3738 1000 3804 ἐξελεύσεται
1027 3736 1219 3808 ῥάϐδος
1241 3737 1305 3788 ὲκ
1346 3734 1444 3807 τῆς
1465 3735 1618 3805 ῥίζης
1654 3733 1874 3800 Ἰεσσαὶ,

296 3835 392 3888 καὶ
426 3832 590 3893 ἄνθος
615 3832 680 3884 ὲκ
712 3831 811 3900 τῆς
836 3828 990 3900 ῥίζης
1012 3826 1363 3898 ἀναϐήσεται,
1393 3825 1488 3879 καὶ
1505 3825 1876 3879 ἀναπαύσεται

300 3928 385 3979 ἐπ’
412 3925 580 3979 αὐτὸν
600 3923 818 3992 πνεῦμα
842 3920 1000 3985 Θεοῦ,
1024 3919 1241 3990 πνεῦμα
1268 3918 1456 3988 σοφίας
1473 3919 1566 3971 καὶ
1588 3918 1876 3983 συνέσεως,

300 4018 522 4089 πνεῦμα
570 4015 767 4085 βουλῆς
818 4013 912 4067 καὶ
960 4011 1170 4083 ἰσχύος,
1222 4009 1437 4080 πνεῦμα
1482 4008 1735 4080 γνώσεως
1781 4008 1877 4063 καὶ

299 4107 584 4169 εὐσεϐείας
606 4121 618 4135 ·
656 4103 1109 4177 ὲμπλήσειαύτδν
1144 4099 1359 4171 πνεῦμα
1406 4100 1571 4171 φόϐου
1601 4099 1756 4154 Θεοῦ.
1800 4101 1876 4154 Οὐ

300 4197 564 4267 κατὰτὴν
586 4195 744 4260 δόξαν
768 4196 962 4266 κρινεῖ,
984 4193 1102 4271 οὐδε
1129 4192 1270 4246 κατὰ
1292 4192 1389 4263 τὴν
1413 4189 1601 4244 λαλιὰν
1631 4189 1835 4259 ἐλέγξει
1853 4207 1869 4222 ο

300 4287 437 4343 ἀλλὰ
460 4288 640 4357 κρινεῖ
663 4286 774 4355 (40)
791 4281 1027 4354 ταπεινῷ
1051 4282 1253 4354 κρίσιν,
1291 4281 1384 4335 καὶ
1413 4279 1617 4350 ἐλέγξει
1645 4279 1771 4344 τοὺς
1802 4282 1888 4334 ὲν-

1979 3103 2159 3150 autem
2216 3097 2316 3153 hos
2353 3113 2463 3154 non
2499 3098 2721 3155 devicit.
2756 3099 2912 3167 Quod
2958 3100 3002 3158 si
3036 3101 3104 3158 de
3143 3102 3266 3173 ejus
3317 3106 3552 3176 posteris

1979 3185 2096 3241 haec
2139 3187 2492 3259 intelligenda
2520 3197 2707 3246 essent
2745 3190 2929 3247 dicere
2974 3194 3295 3265 oportebat,
3353 3194 3553 3253 Orien-

1979 3285 2068 3331 tur
2117 3278 2296 3334 sidera
2338 3295 2404 3335 ex
2462 3278 2653 3348 Jacob,
2707 3288 2763 3336 et
2815 3281 2982 3339 duces
3008 3298 3075 3340 ex
3125 3282 3316 3341 Israel.
3357 3286 3548 3356 Isaias,

1984 3386 2003 3421 ι
2038 3367 2178 3424 Ecce
2208 3369 2520 3425 dominator
2584 3369 2851 3430 Dominus
2905 3373 3144 3431 Sabaoth
3199 3379 3553 3435 conturbabit

1980 3459 2252 3531 gloriosos
2319 3475 2443 3516 cum
2504 3460 2869 3529 fortitudine,
2920 3473 2976 3520 et
3029 3467 3232 3522 excelsi
3294 3470 3550 3539 superbia

1981 3559 2372 3618 conterentur,
2429 3562 2486 3609 et
2530 3554 2793 3611 sublimes
2819 3556 3294 3625 bumiliabuntur,
3343 3568 3400 3616 et
3459 3575 3555 3617 ca-

1981 3641 2114 3697 dent
2174 3643 2373 3713 gladio.
2439 3643 2681 3701 Libanus
2744 3655 2924 3703 autem
2984 3662 3108 3703 cum
3164 3651 3397 3708 excelsis
3453 3667 3551 3709 ca-

1981 3731 2073 3787 det
2098 3732 2163 3785 ⁷⁸.
2214 3732 2280 3788 Et
2331 3734 2643 3806 egredietur
2687 3737 2839 3810 virga
2889 3737 2959 3795 de
3019 3739 3207 3797 radice
3264 3740 3461 3811 Iesse,
3495 3752 3553 3802 et

1983 3822 2086 3881 tios
2153 3823 2222 3880 de
2291 3826 2475 3882 radice
2551 3828 2855 3885 ascendet:
2901 3839 2956 3887 et
3016 3832 3323 3902 requiescet
3386 3849 3552 3908 super

1985 3930 2109 3972 eum
2143 3915 2383 3988 Spiritus
2420 3918 2535 3987 Dei,
2563 3921 2790 3991 Spiritus
2820 3922 3102 3994 sapientiae
3134 3933 3187 3981 et
3217 3925 3548 3994 intellectus,

1984 4009 2212 4081 spiritus
2250 4010 2467 4066 consilii
2519 4019 2574 4068 et
2633 4012 3009 4080 fortitudinis,
3036 4017 3262 4088 spiritus
3309 4020 3553 4078 scientia

1982 4108 2036 4156 et
2070 4100 2329 4171 pietatis:
2363 4101 2591 4171 repiebit
2616 4118 2740 4159 eum
2771 4105 2999 4175 spiritus
3032 4109 3244 4169 timoris
3278 4111 3393 4169 Dei.
3432 4113 3551 4172 Non

1984 4192 2285 4247 secundum
2314 4194 2625 4264 opinionem
2672 4197 2960 4268 judicabit,
2995 4216 3172 4274 neque
3218 4203 3373 4274 juxta
3432 4220 3552 4261 scr-

1993 4295 2210 4336 monem
2263 4291 2497 4355 arguet;
2542 4285 2635 4341 sed
2685 4286 2957 4357 judicabit
3003 4291 3195 4353 humili
3234 4291 3501 4364 judicium
3530 4333 3547 4360 ,

312 4464 317 4469 .
374 4421 418 4453 "
444 4420 463 4473 l
490 4419 675 4490 Paral.
712 4415 1082 4490 “1511,14.
1174 4411 1301 4490 “_II
1334 4412 1515 4490 Par-al.
1562 4426 1639 4476 vi,
1670 4407 1756 4475 l7,
1794 4409 1899 4490 t§L
2035 4408 2151 4490 εἰοιξἲ
2187 4426 2328 4490 _xvu,
2366 4409 2628 4490 9_,_ju_x_ta
2662 4416 2825 4477 LXX.
2902 4420 2950 4454 "
2980 4420 3148 4479 Amos
3189 4438 3264 4490 iv,
3323 4423 3412 4488 12,
3460 4423 3550 4483 15,

302 4493 344 4524 ⁷¹
377 4492 537 4545 lilich.
574 4506 614 4553 ι,
644 4488 735 4543 25.
810 4486 1006 4541 "Gen.
1041 4500 1188 4548 χιιι,
1224 4482 1311 4537 10.
1390 4484 1438 4514 ⁷³
1458 4480 1618 4536 Num.
1652 4496 1799 4546 xxiv,
1830 4479 1875 4533 1⁸

1979 4479 2034 4536 8.
2114 4481 2160 4514 "
2182 4479 2288 4538 lsa.
2314 4499 2370 4547 x,
2403 4479 2494 4551 55,
2523 4485 2614 4540 54.

373 4583 483 4654 (51)
524 4582 711 4654 Codex
733 4577 1270 4654 ἒηῑῑίιυὶοιίέὼς-εἰς
1294 4576 1417 4639 τοὺς
1446 4574 1660 4654 αἰῶναςἒ

373 4639 487 4725 (59.)
528 4653 713 4725 Fuluio
733 4639 974 4725 Romana
1006 4639 1146 4725 LXX
1168 4646 1548 4716 lnterpretum,
1577 4643 1671 4697 καὶ
1698 4641 1757 4694 ὲν
1785 4639 1881 4711 βα-

306 4716 482 4795 σιλείᾲ
511 4720 705 4795 αρτοῦ,
733 4729 782 4774 et
884 4716 1223 4795 _regnoejus.
1397 4782 1423 4795 _
1576 4782 1621 4795 Μ
1842 4780 1870 4794 _

375 4782 488 4861 (55)
530 4782 971 4861 Εοιίθιιιθιίἰιίοξ
993 4787 1022 4839 ὃ
1052 4782 1317 4861 ὲλᾶλησας
1354 4782 1433 4854 τῷ
1472 4782 1621 4836 παιδί
1664 4797 1756 4836 σου
1781 4782 1881 4861 *τῷ

302 4847 487 4925 Antia,
517 4862 602 4915 ὅτι
629 4862 678 4913 εἰ
708 4847 951 4928 ἀληθῶς,
978 4856 1113 4927 quod
1142 4847 1344 4908 locutus
1364 4847 1418 4908 es
1447 4868 1608 4922 puero
1643 4860 1734 4906 tuo
1768 4847 1881 4905 De-

302 4933 411 4997 vid,
454 4932 710 5001 quoniam
744 4930 813 4991 si,
856 4936 961 5001 etc.
1149 4992 1200 5001 __
1248 4994 1260 5001 _
1476 4993 1489 5001 _
1638 4990 1656 5001 ι
1701 4993 1724 5001 _
1764 4960 1793 5001 _.

376 4990 489 5072 (54)
516 5000 707 5056 Codex
748 4990 1040 5072 recentior,
1068 5005 1124 5072 et
1147 4990 1871 5072 Siphanus,_émua_le_260at,

301 5060 647 5126 ut'et'sacer
680 5078 881 5130 textus,
913 5067 1003 5137 qui
1031 5060 1224 5137 habet,
1240 5060 1542 5137 ἑτοιμάζουῇ
1558 5062 1653 5137 τοῦ
1673 5065 1876 5137 _tmxa-

299 5139 514 5195 λείσθαι
545 5140 639 5193 τὸν
668 5138 803 5192 Θεόν
830 5131 948 5202 σου,
997 5132 1213 5204 Ἰσραήλ
1241 5149 1257 5164 ο
1293 5131 1424 5204 διότι
1451 5132 1559 5204 ἰδού
1589 5131 1720 5204 ἐγώ,
1767 5141 1872 5188 etc.

302 5210 568 5279 Prwpara
597 5219 646 5263 te
679 5218 737 5261 ut
764 5200 966 5262 invoces
990 5200 1349 5269 Deum'tuum,
1377 5200 1570 5258 Israel.
1597 5202 1738 5270 Quia
1762 5217 1877 5256 ecce

628 5345 775 5434 LX.X
821 5344 1490 5434 Interpretum‘editione‘
1518 5342 1736 5434 legitur:
1761 5340 1878 5434 ’καί

299 5411 673 5490 ἀπαγγέλλων
696 5419 776 5490 εἰς
809 5411 1128 5490 ἀνθρῶτξους
1164 5416 1256 5469 τὸν
1294 5411 1527 5483 Χριστὸν
1575 5411 1740 5490 αὐτοῦ
1761 5427 1796 5490 ᾖ,
1827 5417 1879 5463 et

299 5480 631 5546 amruntians
656 5489 711 5542 in
744 5480 978 5542 homines
994 5484 1265 5541 Christum
1288 5480 1462 5545 suum,
1484 5496 1646 5546 quam
1677 5480 1878 5534 lectio—

300 5576 423 5614 nem
474 5561 734 5631 sequitur
780 5557 1152 5631 Tertullianus
1201 5554 1464 5631 adversus“
1499 5554 1876 5631 Hermogenem

300 5644 423 5700 cap.
472 5620 572 5700 '52,-
603 5630 857 5700 adversus
881 5624 1060 5700 ﬂare.
1098 5625 1190 5679 lib.
1229 5640 1314 5700 ιιι,
1352 5637 1400 5676 c.
1434 5621 1581 5700 ϋηο(
1608 5620 1816 5700 οιὶὺὶεω

375 5686 483 5771 (36η
528 5686 714 5771 Locus
746 5698 850 5771 iste
880 5696 1118 5771 Michaizr
1141 5686 1584 5771 variat__nonnii_ii|
1612 5690 1665 5740 in
1688 5686 1872 5771 editis,

301 5757 606 5833 Praesertim
650 5770 708 5823 in
746 5766 875 5832 ﬁne,
910 5766 1000 5821 ubi
1029 5767 1217 5833 legunt
1256 5763 1422 5827 edita,
1454 5761 1545 5813 uel
1576 5757 1876 5828 καταϐήσε-

1980 4589 2092 4635 ται,
2114 4574 2218 4654 ,καὶ
2255 4575 2596 4648 ἐπιϐήσεται,
2634 4586 2684 4632 et
2711 4578 3003 4648 descendet,
3037 4589 3088 4636 et
3128 4582 3370 4637 ascendet
3396 4599 3549 4654 super

1980 4642 2190 4697 excelsa
2235 4642 2412 4699 terra;

2054 4711 2165 4780 (57)
2210 4713 2390 4768 Codex
2418 4711 2665 4781 Siphani,
2680 4723 2734 4772 et
2761 4713 3062 4774 Vaticanus
3077 4720 3350 4775 recentior
3368 4721 3396 4774 6
3419 4722 3552 4780 dud-

1981 4797 2182 4862 κειται,
2205 4783 2343 4862 quod
2366 4794 2681 4862 reseraretur,
2705 4801 2865 4855 quam
2888 4788 3183 4862 lectionem
3217 4790 3275 4862 _in
3304 4789 3554 4862 Tbcodo-

1981 4854 2085 4923 reti
2105 4855 2343 4923 scriptis
2366 4854 2651 4923 codicibus
2695 4854 2902 4911 servari
2926 4866 3179 4913 testatur
3198 4859 3552 4918 doctissimus

1980 4918 2304 4977 Nobilius'in
2339 4922 2485 4978 notis
2509 4924 2576 4977 ad
2610 4925 2755 4978 hunc
2790 4929 2988 4981 locum.

2051 4990 2165 5070 (_38)
2204 4991 2386 5070 Codex
2410 4993 2683 5070 recentior
2710 4993 3033 5070 Vaticanus,
3065 5002 3123 5070 et_
3148 4996 3289 5070 alius
3324 4999 3550 5070 Siphani

1979 5059 2172 5137 codex,
2205 5061 2331 5124 τοὺς
2381 5063 2531 5137 υἱούς
2560 5063 2720 5137 -Σούρ
2751 5080 2767 5095 ’
2798 5065 2893 5121 sed
2922 5059 3063 5137 hanc
3110 5059 3403 5124 lectioueui
3449 5087 3552 5127 nec

1981 5126 2242 5204 Vulgata,
2261 5145 2362 5204 nec
2386 5129 2529 5204 LXX
2560 5126 2890 5204 Inteipretes
2917 5135 3169 5203 probant.

2051 5199 2164 5322 (59)
2196 5200 2334 5255 Male
2361 5202 2531 5256 codex
2570 5199 2866 5268 recentior,
2897 5199 3026 5276 τὶερὶ
3059 5204 3262 5259 τούτων
3314 5208 3378 5262 οὐ
3413 5226 3553 5282 παρ-

2079 5285 2218 5322 νετο.
2236 5286 2397 5322 quam
2430 5271 2716 5322 lectionem
2742 5283 2966 5322 secutus
2992 5281 3077 5322 est
3094 5274 3391 5322 Sinhnmlg!
3423 5295 3553 5322 νριι-

1982 5271 2218 5346 egi-ivero,
2236 5271 2716 5346 quainlectioneni
2742 5271 3077 5346 secutus'est
3094 5274 3392 5346 Siphanus;
3423 5271 3553 5336 vei--

1981 5339 2050 5393 tit
2079 5338 2455 5405 enini,'David
2477 5352 2650 5395 autem
2679 5341 2743 5395 de
2769 5342 2849 5395 his
2884 5345 3036 5398 rebus
3073 5338 3177 5399 nati
3216 5338 3443 5404 advenit.
3512 5391 3516 5394 ‹

2054 5408 2167 5480 (40)
2200 5410 2278 5463 Ita
2308 5412 2586 5479 antiquior
2645 5411 2817 5467 codex
2848 5410 3165 5478 Vaticanus,
3200 5424 3255 5469 et
3281 5416 3423 5471 LXX
3460 5417 3551 5474 In-

1985 5487 2283 5548 terpretum
2308 5481 2505 5555 _cditig.
2540 5480 2604 5555 _in
2640 5482 2954 5555 recentiori,
2977 5490 3032 5555 et
3066 5485 3211 5555 apud
3246 5484 3550 5555 Siphanuin

1982 5547 2391 5623 est,'ra1:_ew6)y.
2449 5547 2553 5623 S_ed
2577 5565 2714 5623 _mox
2747 5550 2889 5604 LXX
2925 5547 3146 5615 habent,
3174 5547 3381 5623 ἐλέγξει
3424 5559 3555 5621 τοὺς

1981 5620 2269 5687 ταπεινοὺς
2298 5618 2398 5687 τῆς
2425 5618 2548 5686 γῆς.
2576 5616 2813 5675 Irenaeus
2852 5630 3052 5677 tamen'
3071 5624 3165 5679 lib.
3204 5616 3551 5680 ιη’Ᾰάυεηιιᾶ
3580 5636 3581 5639 ‘

1981 5686 2221 5748 horresce,
2243 5686 2368 5763 _cap.
2392 5689 2477 5753 10,
2515 5689 2662 5757 legit,
2686 5688 2958 5748 Judieabit
2985 5692 3171 5748 humili
3185 5694 3471 5763 judicium,
3499 5703 3551 5749 et

1983 5767 2163 5827 arguet
2200 5758 2452 5827 gloriosos
2477 5768 2649 5815 terra'.
