4034 6132
450 371 558 428 207
1669 355 1726 410 S.
1768 354 2095 413 GREGORII
2130 352 2425 410 NYSSENI
3596 347 3702 402 2:23

452 494 508 543 et
561 486 754 553 arguet
806 476 1078 550 gloriosos
1133 480 1312 537 terrae,
1391 478 1445 526 et
1501 472 1765 547 percutiet
1822 478 2021 524 terram

2131 468 2312 534 δόξους
2342 469 2439 540 τῆς
2490 466 2611 537 γῆς,
2645 464 2738 520 καὶ
2784 461 3012 529 πατάξει
3056 461 3154 533 τὴν
3203 461 3305 532 γῆν
3338 459 3414 532 τῷ
3442 460 3585 533 λόγῳ
3608 461 3704 516 τοῦ

451 540 759 632 \erbouoris
792 540 896 634 svui,
952 574 1005 619 et
1044 565 1098 618 in
1159 562 1356 633 spiritu
1404 543 1514 632 per
1553 560 1693 615 labia
1734 560 2024 616 interticict

2134 560 2397 628 στόματος
2427 555 2615 619 αὐτοῦ,
2646 556 2738 609 καὶ
2767 556 2823 606 ὲν
2854 552 3128 623 Πνεύματι
3156 551 3246 605 διὰ
3273 551 3495 622 χειλέων
3527 540 3707 605 ἀνελεῖ

451 668 697 737 impium.
760 661 824 716 Et
867 654 1213 727 eritjustitia
1265 653 1486 709 cinctus
1538 651 1786 707 lumbum
1822 665 2024 717 suum,

449 766 508 815 et
533 757 762 812 veritate
784 750 1063 806 involutus
1086 755 1267 803 costas
1290 760 1420 801 suas
1440 746 1506 798 ⁷⁸.
1542 764 1559 798 ι
1595 744 1663 798 Et
1685 751 1807 815 post
1828 759 2022 817 pauca,

456 867 475 900 ι
517 847 583 901 Et
612 845 714 900 crit
763 843 820 896 in
866 839 956 895 die
999 838 1089 894 illa
1143 836 1296 891 radix
1336 834 1511 902 Jesse,
1556 845 1610 891 et
1662 836 1757 907 qui
1802 850 2029 891 consur-

450 941 549 1009 git,
595 944 653 990 ιιι
690 934 948 1007 princeps
1001 932 1071 986 sit
1112 929 1356 1001 gentium
1386 946 1401 997 ;
1438 928 1495 984 in
1527 929 1649 999 ipso
1678 937 1870 1000 gentes
1897 942 2023 998 spe-

451 1032 683 1094 rabunt,
716 1035 770 1081 et
838 1023 943 1079 erit
992 1023 1210 1093 requies
1247 1021 1368 1091 ejus
1426 1020 1694 1075 honor".
1728 1038 1746 1071 ι
1804 1018 1975 1073 David
2005 1056 2025 1085 ,

454 1142 473 1175 ι
515 1121 686 1178 Sedes
725 1119 841 1186 tua,
880 1115 1046 1181 Deus,
1082 1116 1139 1170 in
1184 1115 1449 1169 saeculum
1491 1112 1718 1181 saeculi;
1761 1113 1909 1183 virga
1941 1111 2025 1168 di.

447 1211 710 1269 rectionis
760 1208 912 1278 virga
961 1205 1112 1277 regni
1168 1206 1266 1259 tui.
1320 1203 1567 1260 Dilexisti
1617 1204 1923 1271 justitiam,
1970 1210 2026 1257 et

446 1303 610 1359 odisti
656 1300 1035 1371 iniquitatem;
1075 1304 1363 1366 propterea
1394 1296 1548 1349 unxit
1588 1302 1641 1349 te
1681 1294 1845 1358 Deus,
1880 1294 2024 1352 Deus

448 1404 598 1458 tuus,
634 1392 756 1447 oleo
804 1387 1183 1446 exsultationis
1209 1401 1321 1456 prae
1356 1385 1713 1457 participibus
1767 1385 1961 1441 tuis".
2000 1405 2019 1437 ι

448 1483 614 1540 Vides
665 1498 696 1537 a
734 1479 845 1536 Deo
918 1478 1081 1533 Deum
1158 1476 1328 1546 ungi;
1380 1475 1619 1529 humana
1654 1474 1799 1528 enim
1856 1490 2025 1531 carne

449 1583 748 1644 assumpta,
795 1572 973 1628 factus
1012 1576 1096 1625 est
1123 1588 1141 1621 ι
1190 1568 1437 1640 pontifex
1468 1575 1522 1623 et
1570 1566 1854 1638 apOStqus
1885 1581 2021 1621 con-

450 1666 707 1724 fessionis
772 1672 976 1719 nostrae
1000 1662 1067 1718 ⁷⁸.
1108 1681 1126 1715 ι
1169 1659 1235 1715 Ει
1269 1661 1431 1731 paqu
1460 1668 1585 1730 post
1609 1699 1624 1724 ,
1656 1678 1675 1710 ι
1712 1657 1777 1712 Ει
1806 1665 1884 1723 ιιι,
1919 1655 2025 1713 Do-

446 1761 616 1825 mine,
663 1767 863 1815 terram
918 1754 1178 1819 fundasti,
1210 1761 1262 1809 et
1294 1768 1458 1823 opera
1500 1767 1759 1807 manuum
1802 1759 2020 1808 tuarum

2128 648 2301 720 ἀσεϐῆ
2319 649 2458 721 (41)·
2477 648 2571 703 κα)⁵
2595 647 2745 701 ἔσται
2763 644 3077 716 δικαιοσύνῃ
3094 643 3400 713 ὲζωσμένος
3422 644 3520 714 τὴν
3537 644 3709 711 ὀσφὺν

2129 738 2327 807 αὐτοῦ,
2375 737 2470 792 καὶ
2511 737 2767 808 ἀλήθειαν
2811 734 3139 805 ἠλειμμένος
3176 730 3277 795 τὰς
3324 730 3562 802 πλευρὰς
3603 732 3707 786 αὐ-

2126 829 2243 887 τοῦ.
2279 848 2298 881 ι
2350 831 2460 885 Καὶ
2493 829 2607 900 μετ’
2657 828 2835 895 ὀλίγα’
2896 845 2914 877 ι
2954 826 3064 880 Καὶ
3108 825 3260 878 ἔσται
3320 825 3379 878 ὲν
3412 827 3479 896 τῇ
3523 824 3710 896 ἡμέρᾳ

2127 921 2310 992 ἐκείνῃ
2339 924 2372 993 ἡ
2402 920 2524 992 ῥίζα
2551 919 2644 973 τοῦ
2684 918 2902 984 Ἰεσσαὶ,
2932 917 3027 971 καὶ
3064 917 3093 969 ὁ
3134 914 3491 984 ἀνιστάμενος
3519 915 3707 986 ἄρχειν

2127 1013 2323 1068 ἐθνῶν·
2359 1014 2444 1066 ἐπ’
2473 1010 2620 1082 αὐτῷ
2642 1010 2771 1081 ἔθνη
2801 1007 3066 1074 ἐλπιοῦσι,
3101 1007 3194 1060 καὶ
3220 1007 3374 1060 ἔσται
3401 1008 3434 1076 ή
3463 1006 3711 1060 ἀνάπαυ-

2129 1121 2213 1169 σις
2237 1102 2402 1158 αὐτοῦ
2435 1104 2589 1173 τιμή.
2634 1121 2654 1155 ι
2707 1100 2904 1164 Δαϐὶδ,
2956 1118 2975 1151 ι
3022 1100 3080 1151 '0
3114 1097 3299 1170 θρόνος
3330 1099 3454 1160 σου,
3484 1097 3512 1149 ὁ
3542 1095 3703 1161 Θεὸς,

2127 1193 2205 1260 είς
2231 1195 2319 1248 τὸν
2340 1194 2510 1248 αίῶνα
2534 1193 2627 1248 τοῦ
2647 1192 2841 1255 αἰῶνος
2856 1209 2869 1223 ·
2893 1190 3086 1263 ῥάϐδος
3110 1188 3425 1258 εὐθύτητος,
3449 1188 3482 1259 ἡ
3512 1187 3709 1258 ῥάϐδος

2124 1288 2225 1358 τῆς
2255 1283 2531 1355 βασιλείας
2568 1303 2682 1339 σου.
2731 1283 3054 1353 ’Πγάπησας
3084 1281 3427 1350 δικαιοσύνην
3456 1280 3547 1334 καὶ
3587 1280 3709 1347 ὲμί-

2128 1397 2299 1452 σησας
2342 1380 2606 1452 ἀνομίαν,
2639 1379 2724 1433 διὰ
2756 1378 2912 1432 τοῦτο
2944 1376 3129 1449 ἐχρισέ
3168 1394 3225 1430 σε
3258 1378 3286 1430 ὁ
3322 1375 3478 1440 Θεὸς,
3520 1375 3549 1427 ὁ
3573 1373 3710 1438 Θεός

2127 1490 2242 1536 σου,
2271 1472 2446 1527 ἔλαιον
2476 1472 2848 1541 ἀγαλλιάσεως
2878 1472 3004 1541 περὶ
3048 1470 3189 1534 τοὺς,
3217 1469 3475 1539 μετόχους
3516 1484 3631 1522 σου.
3681 1485 3703 1518 ι

2138 1558 2301 1630 Ὁρᾷς
2330 1559 2412 1614 ὅτι
2453 1561 2481 1614 ὁ
2513 1559 2643 1623 Θεὸς
2687 1559 2901 1629 χρίεται
2933 1558 3085 1631 παρὰ
3120 1558 3212 1612 τοῦ
3240 1557 3374 1613 Θεοῦ
3393 1574 3404 1586 ·
3435 1557 3711 1629 ὲνανθρω-

2125 1648 2289 1712 πίσας
2326 1647 2435 1719 γὰρ
2472 1649 2693 1718 γέγονεν
2727 1669 2745 1701 ι
2784 1650 3102 1721 ἀρχιερεὺς,
3146 1649 3240 1703 καὶ
3287 1649 3581 1713 ἀπόστολος
3608 1651 3711 1719 τῆς

2123 1740 2412 1811 ὁμολογίας
2439 1740 2615 1813 ὴμῶν.
2653 1760 2672 1792 ι
2708 1740 2819 1795 Καὶ
2854 1741 2969 1810 μετ’
3001 1740 3177 1809 ὀλίγα,
3215 1758 3234 1791 ι
3260 1742 3370 1795 Καὶ
3398 1743 3484 1805 σὺ,
3511 1740 3707 1810 Κύριε,

448 1860 577 1907 sunt
635 1850 779 1906 cmli.
824 1848 927 1919 Ipsi
986 1847 1283 1918 peribunt,
1338 1855 1394 1898 tu
1451 1854 1634 1899 autem
1692 1860 2021 1916 permanes;

2131 1835 2225 1906 τὴν
2261 1837 2365 1906 γῆν
2419 1833 2820 1906 ἐθεμελίωσας,
2877 1833 2972 1887 καὶ
3017 1832 3155 1904 ἔργα
3205 1833 3315 1887 τῶν
3355 1833 3551 1905 χειρῶν
3612 1850 3708 1887 σου

446 1956 500 2001 et
541 1958 732 1999 omnes
781 1941 926 1997 sicut
985 1939 1372 1993 vestimentum
1422 1946 1788 1992 veterascent.
1825 1937 1892 1992 Et
1942 1939 2021 1995 si-

445 2046 540 2090 cut
591 2033 927 2105 opertorium
975 2031 1159 2086 volves
1214 2044 1347 2095 eos,
1396 2036 1451 2085 et
1509 2029 1888 2083 mutabuntur.
1942 2027 2025 2085 Tu

445 2130 625 2179 autem
654 2123 795 2179 idem
826 2122 942 2192 ipse
969 2136 1059 2177 es:
1100 2128 1155 2176 et
1183 2120 1311 2174 anni
1358 2119 1436 2175 tui
1471 2135 1580 2175 non
1616 2118 1872 2176 deﬁcient
1896 2120 1963 2188 7’,
1998 2138 2018 2173 ι

443 2214 583 2284 qui,
643 2212 939 2278 videlicet,
992 2220 1192 2266 unctus
1246 2225 1328 2265 es.

697 2482 787 2540 Ill.
829 2483 908 2538 De
942 2483 1218 2537 nativitate
1249 2481 1364 2550 ejus
1402 2496 1468 2536 ea:
1512 2479 1747 2553 Virgine.

516 2633 711 2696 Isaias,
748 2649 769 2683 ι
809 2629 952 2686 Ecce
980 2629 1143 2700 virgo
1178 2628 1232 2683 in
1269 2638 1426 2684 utero
1472 2627 1719 2692 habebit,
1765 2637 1820 2684 et
1849 2628 2025 2698 pariet

445 2725 639 2787 lilium,
690 2731 746 2775 et
790 2720 1068 2774 vocabunt
1119 2734 1318 2774 nomen
1364 2717 1485 2789 ejus
1535 2717 1862 2775 Emmanuel
1885 2720 1953 2786 “,
1999 2740 2017 2772 ι

444 2813 591 2885 quod
636 2813 1030 2881 interpretatur
1069 2809 1361 2866 Nobiscum
1408 2810 1547 2864 Deus
1584 2811 1653 2865 δι.
1693 2830 1711 2863 ι
1748 2811 1812 2865 Et
1840 2813 2022 2883 prius—

448 2920 608 2977 quam
655 2911 953 2973 cognoscat
996 2911 1238 2973 patrem,
1280 2903 1366 2957 vel
1412 2911 1665 2968 matrem,
1713 2904 1867 2959 tollet
1914 2904 2025 2959 vir-

447 3008 613 3055 tutem
648 2998 938 3066 Damasci,
983 3007 1037 3053 et
1084 2997 1261 3067 spolia
1303 2995 1562 3052 Samarize
1616 2999 1866 3055 comedet
1894 2999 1959 3054 ⁸³.
1999 3018 2016 3051 ι

448 3088 511 3145 Ει
566 3089 826 3144 Salomon
884 3088 1236 3160 prophetice,
1297 3105 1315 3138 σ
1379 3087 1524 3143 Puer
1577 3106 1724 3145 erant
1779 3091 2025 3161 ingenio-

2124 1928 2261 1981 εἰσιν
2292 1928 2342 1981 οἱ
2367 1926 2602 1999 οὐρανοί.
2640 1927 2805 1981 Αὐτοὶ
2833 1926 3179 1993 ἀπολοῦνται,
3222 1927 3286 1980 σύ
3316 1926 3374 1980 δὲ
3401 1926 3670 1997 διαμένεις
3689 1943 3706 1959 ⁸

2126 2020 2219 2073 καὶ
2268 2019 2467 2080 πάντες
2508 2019 2581 2080 ὡς
2629 2018 2842 2089 ἱμάτιον
2898 2016 3399 2089 παλαιωθήσονται,
3453 2017 3545 2071 καὶ
3576 2018 3713 2072 ὡσεὶ

2124 2111 2469 2184 περιϐόλαιον
2510 2109 2704 2175 ἑλίξεις
2736 2109 2955 2173 αὐτοὺς,
2981 2109 3075 2164 καὶ
3103 2108 3518 2181 ἀλλαγήσονται.
3548 2109 3621 2163 Σὺ
3648 2108 3712 2162 δὲ

2124 2209 2152 2263 ὁ
2180 2206 2339 2270 αὐτὸς
2356 2201 2425 2271 εἷ,
2448 2206 2543 2260 καὶ
2566 2204 2635 2260 τὰ
2660 2204 2755 2276 ἔτη
2774 2221 2867 2258 σου
2899 2203 3000 2259 οὐκ
3027 2202 3390 2273 ἐκλείψουσιν,
3426 2221 3446 2256 ι
3470 2201 3565 2256 τοῦ
3587 2218 3712 2273 χρι-

2128 2298 2345 2362 σθέντος
2366 2296 2585 2368 δηλαδή.

2124 2477 2198 2532 Γθ.
2237 2477 2377 2546 Περὶ
2406 2474 2518 2547 τῆς
2553 2475 2894 2547 γεννήσεως
2930 2473 3116 2528 αὑτοῦ
3149 2472 3260 2544 τῆς
3285 2473 3355 2527 ἐκ
3378 2475 3710 2544 Παρθένου.

2208 2636 2455 2702 Ἠσαίας,
2495 2656 2514 2688 ι
2565 2634 2693 2689 ’1δού
2732 2636 2765 2707 ἠ
2817 2633 3084 2706 παρθένος
3128 2635 3183 2687 ἐν
3211 2631 3411 2704 γαστρὶ
3437 2631 3548 2697 ἕξει
3571 2673 3587 2698 ,
3615 2632 3716 2686 καὶ

2124 2729 2336 2795 τέξεται
2353 2729 2487 2795 υἱὸν,
2507 2727 2600 2782 καί.
2632 2726 2923 2780 καλέσουσι
2951 2724 3010 2780 τὸ
3029 2725 3197 2795 ὄνομα
3237 2724 3404 2779 αὐτοῦ
3433 2722 3517 2796 Ἐ[
3531 2723 3714 2796 talpa.-

2124 2818 2309 2889 νουήλ·
2349 2836 2368 2889 ι
2408 2817 2436 2870 ὃ
2479 2814 2860 2888 ἑρμηνεύεται,
2888 2814 3027 2868 Μεθ’
3058 2811 3228 2884 ἡμῶν
3264 2817 3297 2868 ὁ
3328 2815 3499 2880 Θεός⁶
3541 2832 3560 2866 ι
3601 2814 3718 2868 Καὶ

2125 2907 2254 2977 πρὶν
2300 2905 2598 2974 ἐπιγνῶναι
2645 2902 2955 2975 πατέρα,ἢ
2999 2903 3228 2974 μητέρα,
3285 2902 3510 2974 λήψεται
3555 2901 3717 2957 δύνα-

2130 3015 2219 3069 μιν
2268 2997 2581 3068 Δαμασκοῦ,
2643 2998 2738 3051 καὶ
2788 2997 2858 3051 τὰ
2907 2996 3077 3051 σκῦλα
3126 2994 3438 3066 Σαμαρείας
3470 2996 3710 3049 ἐδεται.ι

2126 3091 2236 3144 Καὶ
2263 3088 2513 3161 Σολομὼν
2546 3088 2917 3162 προφητικῶς,
2950 3089 3061 3161 (42)
3091 3108 3108 3140 ι
3138 3089 3275 3151 Παῖς
3307 3088 3455 3159 ήμην
3484 3087 3714 3160 εὐφυὴς,

447 3200 561 3246 sus,
605 3191 659 3238 et
711 3182 938 3237 sortitus
983 3196 1105 3236 sum
1150 3180 1388 3234 animam
1429 3180 1625 3236 bonam
1674 3201 1687 3237 :
1723 3183 1898 3255 magis
1931 3198 2025 3238 au-

2131 3181 2303 3252 ψυχῆς
2348 3198 2409 3235 τε
2458 3181 2647 3253 ἔλαχον
2703 3182 2940 3252 ἀγαθῆς’
2999 3180 3196 3252 μᾶλλον
3245 3181 3301 3234 δὲ
3361 3180 3561 3250 ἀγαθὸς
3609 3179 3715 3245 ὢν,

448 3283 553 3329 tem
592 3290 716 3329 cum
749 3288 925 3329 essem
956 3274 1155 3337 bonus,
1201 3272 1325 3328 veni
1366 3271 1435 3327 ad
1476 3287 1676 3344 corpus
1718 3275 2028 3346 ineoinqui-

448 3365 725 3421 natum".
775 3384 793 3418 ι
850 3365 1008 3436 (Quis
1057 3366 1223 3436 igitur
1272 3373 1398 3421 ante
1457 3365 1796 3421 nativitatem
1852 3368 2029 3423 bonus

448 3466 586 3524 erat,
639 3465 694 3514 et
746 3458 873 3528 quis
921 3457 1071 3512 venit
1123 3456 1176 3511 in
1220 3472 1423 3529 corpus
1474 3458 1963 3514 incontaminatum
1983 3459 2027 3528 ?)

447 3551 636 3616 Isaias,
673 3571 692 3604 ι
721 3550 785 3606 Ει
823 3551 1066 3622 cupient,
1117 3551 1163 3605 si
1209 3549 1340 3604 ﬁant
1384 3552 1511 3622 igne
1552 3552 1846 3607 combusti.
1890 3553 2028 3619 Quia

447 3645 707 3716 parvulus
740 3651 904 3698 natus
933 3649 1017 3698 cst
1058 3641 1238 3703 nobis,
1272 3642 1418 3698 ﬁlius
1450 3649 1504 3697 et
1539 3640 1700 3698 datus
1729 3651 1817 3699 est
1845 3645 2026 3712 nobis,

446 3737 605 3805 cujus
635 3736 975 3805 principatus
1002 3748 1171 3804 super
1212 3734 1501 3787 humerum
1535 3733 1675 3803 ejus,
1718 3743 1771 3788 et
1802 3746 2030 3791 vocatur

448 3842 646 3881 nomen
679 3826 798 3895 ejus
842 3825 1025 3894 magni
1065 3825 1285 3879 consilii
1327 3824 1603 3892 Angelus,
1638 3823 2025 3895 Admirabilis,

448 3916 842 3981 Consiliarius,
894 3914 1037 3969 Deus
1088 3914 1280 3979 fortis,
1330 3922 1561 3984 potens,
1623 3910 1882 3986 Princeps
1929 3933 2027 3988 pa-

449 4009 560 4073 cis,
601 4007 762 4062 Pater
812 4006 979 4060 futuri
1020 4006 1207 4062 saeculi
1248 4005 1313 4060 ει.
1364 4025 1383 4058 ι
1442 4004 1508 4059 Et
1550 4020 1778 4072 rursus,
1818 4024 1837 4059 ι
1891 4007 2029 4064 Ecce

450 4099 683 4170 iuvenca
721 4099 931 4169 peperit
976 4106 1031 4152 et
1065 4112 1174 4152 non
1213 4097 1442 4169 peperit.
1479 4117 1498 4149 ι
1535 4094 1649 4152 Hoc
1696 4106 1881 4154 autem
1923 4100 2030 4153 vir-

449 4191 630 4260 ginem
665 4189 913 4245 denotat.
959 4188 1027 4245 Et
1074 4205 1292 4255 rursus,
1330 4209 1348 4240 ι
1383 4189 1668 4261 Butyrum,
1703 4199 1756 4244 et
1792 4191 1897 4245 mel
1930 4206 2025 4246 co-

450 4281 717 4337 medet”.
757 4301 775 4333 ι
815 4280 912 4337 His
943 4284 1090 4337 enim
1136 4282 1304 4338 rebus
1335 4282 1606 4348 alebatur,
1636 4296 1758 4336 cum
1798 4282 2028 4338 descen-

449 4374 603 4430 deret
632 4381 808 4428 mater
839 4374 959 4444 ejus
1005 4389 1036 4429 a
1085 4390 1291 4439 censu;
1329 4388 1454 4428 nam
1498 4380 1690 4444 postea
1726 4372 2027 4430 abundavit

451 4466 612 4521 lacte.
661 4463 728 4518 Et
770 4479 984 4530 rursus,
1042 4484 1061 4517 ι
1092 4464 1187 4520 Sic
1229 4463 1364 4519 dicit
1413 4463 1677 4519 Dominus
1730 4462 1971 4521 Sabaoth
2010 4485 2022 4520 :

2128 3271 2289 3346 ἦλθον
2326 3278 2405 3339 εἰς
2439 3274 2597 3345 σῶμα
2626 3275 2905 3347 ἀμίαντον.
2944 3294 2963 3328 ι
2992 3275 3100 3346 (45)
3131 3275 3248 3346 (Τίς
3275 3271 3369 3328 οὖν
3392 3274 3497 3347 πρὸ
3517 3274 3716 3345 γεννή-

2132 3385 2270 3431 σεως
2292 3361 2359 3439 ἦν
2388 3366 2622 3436 άγαθός;
2657 3369 2751 3420 κα)⁵
2782 3368 2865 3432 τίς
2892 3364 3053 3439 ἦλθεν
3078 3370 3158 3431 είς
3190 3368 3349 3438 σῶμα
3374 3367 3638 3439 ἀμίαντον
3661 3368 3715 3439 ;)

2142 3460 2389 3525 Ἡσαΐας,
2429 3477 2447 3511 ι
2489 3459 2599 3512 Καὶ
2629 3458 2944 3531 θελήσουσιν
2978 3462 3026 3513 εί
3061 3460 3398 3530 ἐγενήθησαν
3442 3458 3717 3531 πυρίκαυ-

2132 3572 2266 3618 στοι,
2295 3555 2378 3608 ὅτι
2405 3552 2615 3607 παιδίον
2646 3552 2908 3622 ἐγεννήθη
2939 3553 3090 3622 ἡμῖν,
3116 3551 3229 3614 υίὸς
3258 3552 3350 3604 καὶ
3373 3550 3526 3621 ἐδόθη
3558 3552 3715 3621 ἡμῖν,

2132 3638 2192 3699 οὗ
2223 3646 2255 3715 ἡ
2287 3643 2428 3716 ἁρχὴ
2458 3644 2553 3697 ἐπὶ
2581 3642 2674 3695 τοῦ
2701 3641 2851 3713 ὤμου
2886 3640 3074 3704 αὐτοῦ,
3106 3641 3218 3712 (44)
3254 3640 3348 3693 καὶ
3377 3640 3620 3693 καλεῖται
3653 3639 3718 3692 τὸ

2129 3738 2300 3808 ὄνομα
2328 3735 2492 3790 αὐτοῦ
2527 3735 2771 3807 μεγάλης
2817 3734 3009 3806 βουλῆς
3036 3733 3320 3803 ΙἌγγελος,
3366 3731 3716 3803 Θαυμαστὸς,

2130 3828 2472 3900 Σύμϐουλος,
2503 3828 2636 3892 Θεὸς
2684 3827 2931 3899 ἰσχυρὸς,
2964 3824 3348 3897 ἑξουσιαστὴς,
3396 3826 3598 3897 Ἀρχον
3637 3824 3718 3876 εί-

2134 3922 2300 3992 ρήνης
2320 3962 2334 3986 .
2383 3920 2573 3992 Πατὴρ
2620 3917 2713 3972 τοῦ
2770 3918 3051 3990 μέλλοντος
3100 3918 3313 3982 αἰῶνος.
3368 3916 3476 3971 Καὶ
3519 3915 3715 3979 πάλιν,

2135 4031 2155 4064 ι
2197 4012 2327 4064 Ἰδοὺ
2359 4013 2392 4082 ἡ
2415 4011 2644 4083 δάμαλις
2675 4011 2884 4075 τέτοκε,
2910 4011 3002 4065 καὶ
3028 4011 3088 4064 οὐ
3115 4010 3299 4064 τέτοκε
3335 4009 3470 4080 (45).
3498 4027 3516 4060 ι
3543 4006 3719 4061 Τοῦτο

2138 4103 2194 4156 δὲ
2227 4104 2377 4175 δηλοῖ
2420 4105 2519 4174 τὴν
2547 4104 2842 4175 Παρθένον.
2873 4103 2984 4157 Καὶ
3025 4103 3208 4167 πάλιν,
3247 4121 3265 4153 ι
3306 4101 3596 4172 Βούτυρον,
3620 4100 3718 4153 καὶ

2135 4196 2256 4266 μέλι
2290 4197 2523 4266 φάγεται
2564 4197 2693 4269 (46).
2730 4216 2748 4249 ι
2780 4195 2965 4267 Τούτῳ
2991 4195 3098 4267 γὰρ
3133 4194 3391 4266 ἐτρέφετο
3421 4191 3716 4261 κατιούσης

2130 4285 2229 4356 τῆς
2264 4286 2467 4358 μητρὸς
2500 4287 2665 4341 αὐτοῦ
2691 4287 2798 4340 ἀπὸ
2827 4286 2926 4357 τῆς
2955 4285 3280 4357 ἀπογραφῆς
3302 4301 3315 4315 ·
3354 4285 3578 4353 ὕστερον
3602 4280 3716 4353 γὰρ

2130 4376 2433 4448 εὐπόρησεν
2462 4375 2749 4445 γάλακτος.
2788 4378 2896 4431 Καὶ
2920 4376 3101 4440 πάλιν,
3140 4395 3158 4427 ι
3195 4374 3380 4437 Οὐτως
3417 4374 3564 4441 λέγει
3597 4372 3715 4425 Κύ-

2135 4484 2244 4539 ριος
2295 4465 2557 4520 Σαϐαὼθ·
2618 4468 2936 4521 Ἐκοπίασεν
2986 4467 3287 4537 Αἴγυπτος,
3348 4465 3441 4519 καὶ
3476 4464 3717 4535 ἐμπορία

452 4556 745 4611 Laboravit
790 4555 1058 4628 [Egyptus
1111 4565 1166 4612 et
1213 4555 1510 4628 negotiatio
1560 4554 1919 4627 1Ethiopum;
1968 4564 2020 4612 ct

2131 4557 2402 4612 Αἰθιόπων
2426 4577 2438 4589 ο
2475 4560 2568 4612 καὶ
2603 4563 2651 4612 oi
2679 4559 2925 4630 Σαδαεὶμ
2952 4559 3141 4631 ἄνδρες
3176 4558 3367 4629 ὑψηλοὶ
3394 4558 3485 4610 ἐπὶ
3513 4558 3572 4609 σὲ
3598 4556 3716 4608 δια-

484 4737 532 4769 "
555 4733 657 4791 Isa.
693 4751 772 4798 ιι,
803 4734 920 4791 I-5.
965 4735 1012 4766 "
1036 4734 1168 4790 ibid.
1204 4735 1291 4788 I0.

1387 4736 1430 4767 ’⁷⁷
1458 4733 1604 4791 Psal.
1657 4750 1802 4800 xuv,
1834 4735 1886 4797 7,
1921 4734 1975 4789 8.
2056 4737 2103 4768 ⁷⁸
2136 4735 2301 4791 Hebr.
2340 4753 2421 4799 ιιι,
2465 4738 2516 4791 I.

2596 4740 2640 4770 ⁷³
2665 4736 2809 4793 Psal.
2844 4753 2921 4800 cr.
2965 4736 3157 4792 26-28.
3235 4735 3281 4767 3°
3314 4736 3419 4789 Isa.
3470 4750 3547 4788 vn
3572 4775 3586 4797 ,
3626 4734 3715 4789 I4.

449 4806 702 4862 “Matth.
737 4821 776 4873 ι,
803 4805 894 4860 23.
974 4804 1020 4837 ⁸³
1047 4804 1150 4860 Isa.
1182 4820 1300 4870 vni,
1323 4807 1381 4862 4.
1458 4805 1505 4836 ⁸³
1528 4805 1658 4876 Sap.
1686 4821 1799 4872 vui,
1834 4805 1923 4871 I9,
1952 4805 2025 4860 ~2t)

2131 4808 2290 4864 “Isa.
2327 4822 2399 4873 Ix,
2440 4808 2492 4873 5,
2519 4808 2571 4863 6.
2649 4811 2693 4841 ³⁵
2722 4808 2827 4863 lsa.
2863 4825 2958 4872 vit,
2992 4808 3077 4862 I5.

520 4965 633 5037 (41)
665 4965 847 5037 codex
870 4963 1430 5037 recentior,_dtae6ei¢.

521 5031 635 5107 (42)
684 5035 821 5091 Malo
872 5038 932 5091 in
989 5034 1277 5091 vetustiori
1334 5032 1522 5089 codice
1589 5031 1855 5089 Vaticano
1911 5035 2027 5099 πῶς

568 5125 615 5160 ν.

490 5125 802 5247 “(1%.)Quaa
853 5173 1222 5247 semicirculis
1273 5172 1650 5247 includuntur,
1711 5173 1914 5229 desunt
1970 5175 2025 5229 in

449 5243 742 5302 vctustiori
796 5246 985 5302 codice
1035 5243 1325 5308 Vaticano,
1357 5244 1564 5298 librarii
1607 5258 1799 5300 errore
1853 5246 2030 5299 mani-

451 5318 613 5371 festo.

522 5386 636 5456 (44)
662 5386 1048 5456 ιηίιοιτθηιὶοιθί
1077 5384 1267 5440 codice
1314 5380 1601 5456 Vaticano,
1630 5392 1684 5437 et
1717 5384 1772 5456 in
1800 5398 1885 5450 eo,
1913 5397 2031 5456 quo

452 5452 589 5513 usus
622 5466 707 5512 est
732 5455 1028 5525 Siphanus,
1055 5457 1150 5509 καὶ
1194 5456 1438 5508 καλεῖται
1460 5453 1560 5523 τῆς
1596 5453 1840 5525 μεγάλης
1906 5452 2030 5524 seu-

451 5527 554 5599 λῆς
580 5524 830 5599 ἄγγελος,
861 5526 993 5589 Θεὸς
1024 5526 1241 5597 ἰσχυρός
1262 5543 1275 5556 -
1299 5525 1396 5599 sed
1429 5525 1747 5599 vetustioris
1780 5524 2030 5599 Vaticani

452 5590 995 5658 codici's'lec'tionem,
1027 5590 1193 5664 quain
1225 5597 1399 5664 secuti
1424 5608 1635 5659 sumus,
1665 5594 2032 5664 pleriquecoo

452 5666 699 5729 dices,et
734 5681 843 5721 non
890 5660 1064 5734 pauei'
1085 5664 1294 5734 antiqui
1344 5662 1535 5720 Patres
1581 5660 1856 5719 exhibent.
1896 5660 2031 5719 Vide

450 5736 727 5793 Nobilium
759 5737 815 5791 in
838 5734 1287 5791 adnotationibus
1323 5735 1389 5787 ad
1418 5748 1542 5787 eum
1580 5735 1780 5788 locum.

526 5807 639 5881 (45)
674 5805 879 5862 Locum
912 5806 1057 5860 hunc
1090 5819 1198 5859 non
1256 5803 1477 5858 memini
1526 5818 1612 5859 me
1656 5805 1856 5874 legisse
1886 5804 2032 5873 apud

2143 4967 2360 5032 Isaiam,
2420 4977 2512 5022 aut
2555 4968 2719 5022 alium
2764 4968 3087 5040 (quempiam
3139 4968 3483 5040 prophetam.
3530 4965 3720 5040 Δάματ

2128 5037 2417 5109 hiantem
2450 5055 2577 5100 vox.
2626 5037 3012 5109 proAjuvenc’a.
3060 5037 3202 5109 saepe
3245 5037 3533 5108 reperitur
3571 5038 3717 5106 apud

2130 5106 2271 5179 LXX
2338 5106 2688 5179 Interpretés.
2714 5106 2895 5179 Quare
2912 5108 3110 5163 mirum
3136 5106 3221 5165 est
3249 5106 3399 5164 velid
3429 5108 3721 5178 ignorasse

2133 5178 2455 5247 Siphanum,
2488 5177 2571 5233 vel
2601 5177 2885 5247 legendum
2937 5181 3221 5235 censuisse
3256 5177 3489 5248 δύναμις
3518 5193 3532 5208 ·
3588 5192 3716 5232 nam
3760 5202 3765 5209 -

2131 5250 2312 5319 alieno
2341 5263 2570 5319 prorsus
2595 5264 2761 5304 sensu
2792 5250 3186 5319 interpretatus
3209 5258 3295 5305 est
3313 5251 3503 5304 virtus.
3754 5252 3763 5291 ί

2204 5318 2318 5389 (ιιθ)
2346 5319 2573 5390 (Similia
2605 5319 2768 5390 habet
2790 5318 3075 5390 Nyssenus
3111 5322 3164 5374 in
3194 5321 3447 5375 oratione
3477 5319 3533 5371 in
3580 5321 3717 5375 illud
3754 5326 3761 5331 ’

2132 5389 2402 5459 Apostoli,
2459 5389 2687 5455 Quando
2716 5390 2819 5443 sibi
2844 5389 3126 5453 subiecerit
3162 5392 3365 5455 onmia,
3426 5401 3553 5443 tunc
3611 5393 3718 5458 ipse

2131 5475 2331 5530 quoque
2355 5459 2500 5528 ﬁlius
2531 5459 2845 5527 subjicietur
2871 5462 2919 5513 ei
2950 5475 2969 5512 :
3005 5462 3096 5514 ubi
3119 5476 3226 5515 non
3266 5462 3427 5530 longe
3458 5460 3528 5530 ab
3563 5461 3720 5515 initio

2135 5529 2249 5583 haec
2281 5530 2482 5600 inquit,
2502 5530 2569 5582 Et
2594 5530 2855 5598 quomodo
2881 5546 2998 5583 cum
3022 5541 3155 5584 esset
3190 5529 3392 5600 infans,
3415 5529 3720 5598 infantilem

2133 5600 2325 5666 accipit
2363 5599 2557 5662 cibum,
2599 5601 2844 5670 butyrum
2886 5611 2936 5653 et
2968 5601 3070 5655 mel
3095 5599 3409 5662 comedens;
3448 5602 3524 5653 ita
3559 5603 3720 5655 etiam

2135 5686 2251 5723 curn
2282 5671 2617 5737 processisset
2655 5671 2724 5723 ad
2757 5671 3189 5737 adolescentiam,
3226 5687 3329 5724 non
3372 5675 3637 5727 recusavit
3669 5671 3720 5727 id

2133 5741 2270 5810 quod
2294 5741 2417 5794 huic
2443 5743 2590 5797 a'tati
2609 5751 2720 5795 erat
2752 5757 3041 5811 congruens
3071 5752 3119 5795 et
3152 5742 3481 5797 conveniens.
