4034 6132
377 240 490 295 20’)

1423 243 1853 301 TESTIMONIA
1891 242 2268 304 ADVERSUS
2326 248 2632 307 JUDEOS.

3554 258 3660 311 ‘llll

390 358 651 426 σήπονται
682 355 818 428 (I7),
854 359 949 413 καὶ
983 360 1066 413 σοὶ
1096 358 1307 415 ἔσονται
1333 362 1533 430 δοῦλοι,
1567 364 1659 418 καὶ
1679 363 1853 416 ὀπίσω
1880 379 1973 416 σου

2083 363 2305 421 Sabaim
2338 367 2439 421 viri
2474 366 2678 423 excelsi
2717 365 2785 420 ad
2819 373 2874 420 te
2908 365 3240 432 transibunt,
3287 375 3339 422 et
3379 366 3457 423 tui
3497 378 3657 423 erunt

391 448 820 521 ἀκολουθήσουσι
866 450 1136 522 δεδεμένοι
1158 453 1519 524 χειροπέδαις,
1558 455 1652 508 καὶ
1695 455 1974 525 διαϐήσον-

387 556 475 594 ται
506 542 645 612 πρὸς
673 541 754 606 σὲ,
798 542 889 596 καί
920 545 1358 616 προσκυνήσουσί
1390 549 1473 599 σοι
1510 547 1603 600 καὶ
1622 546 1678 600 ὲν
1700 546 1782 600 σοὶ
1804 562 1973 618 προσ-

383 631 639 696 εύξονται
669 634 751 688 ὅτι
789 636 818 687 ὀ
860 635 994 699 Θεὸς
1040 638 1099 689 ὲν
1130 636 1210 689 σοί
1238 637 1391 703 ἐστι,
1429 638 1521 692 καὶ
1550 638 1649 691 οὐκ
1688 637 1803 692 ἔστι
1846 637 1976 703 Θεὸς

386 723 534 794 πλὴν
570 724 685 780 σοῦ.
726 727 799 779 Σὺ
848 727 958 799 γὰρ
995 721 1047 781 εἴ
1077 727 1245 792 Θεὸς,
1289 732 1384 783 καὶ
1432 730 1534 784 οὒκ
1565 729 1805 802 ᾔδειμεν,
1846 730 1977 795 Θεὸς

384 815 484 868 τοῦ
531 817 747 890 Ἰσραήλ
764 819 957 890 Σωτήρ
981 818 1112 889 (48).
1145 838 1165 873 ι
1208 821 1492 892 Ἰεζεκιὴλ,
1528 840 1547 874 ι
1576 823 1685 878 Καὶ
1709 824 1977 896 ἐπέτρεψέ

390 923 459 977 με
498 908 709 979 Κύριος
739 909 881 964 κατὰ
901 912 998 982 τὴν
1029 910 1147 966 ὁδὸν
1185 913 1286 982 τῆς
1329 912 1501 985 πύλης
1544 915 1646 986 τῆς
1676 914 1976 987 βλεπούσης

387 1001 533 1055 κατὰ
571 1002 870 1069 ἀνατολὰς,
905 1003 1000 1057 καὶ
1032 1002 1169 1075 αὕτη
1210 1000 1278 1077 ἦν
1307 1006 1690 1079 κεκλεισμένη·
1735 1009 1830 1063 καὶ
1855 1003 1977 1063 εἷπε

387 1094 597 1165 Κύριος
643 1095 779 1169 πρὸς
811 1096 905 1167 μέο
954 1097 1050 1151 Υἱὲ
1078 1097 1389 1170 ἀνθρώπου,
1446 1101 1480 1170 ή
1513 1097 1658 1171 πύλη
1705 1100 1844 1172 αὕτη
1886 1116 1976 1155 κε-

389 1185 689 1258 κλεισμένη
713 1187 885 1254 ἔσται,
909 1188 1005 1243 καὶ
1022 1188 1196 1253 οὐδεὶς
1217 1191 1279 1243 ού
1304 1190 1379 1261 μὴ
1400 1190 1581 1262 διέλθῃ
1600 1192 1668 1247 δι’
1684 1192 1874 1262 αὐτῆς,
1893 1193 1976 1247 ὅτι

389 1278 601 1348 Κύριος
624 1281 654 1333 ὸ
681 1280 815 1344 Θεὸς
852 1281 1067 1353 Ἰσραὴλ
1089 1282 1454 1336 εἰσελεύσεται
1483 1283 1618 1354 (49),
1649 1286 1743 1339 καὶ
1769 1282 1977 1350 ἐξελεύ-

389 1386 545 1423 σεται
582 1370 650 1423 δι’
686 1371 880 1441 αὐτῆς,
918 1372 1011 1425 καὶ
1045 1372 1197 1426 ἔσται
1244 1372 1621 1444 κεκλεισμένη.
1663 1392 1681 1425 ι
1725 1374 1970 1441 Ἡσαΐας,

395 1481 414 1514 ι
439 1462 535 1515 Ἐκ
554 1463 763 1528 κοιλίας
795 1464 998 1536 μητρὸς
1027 1464 1261 1518 ἐκάλεσα
1287 1464 1348 1518 τὸ
1371 1465 1543 1536 ὄνομα
1562 1466 1727 1519 αὐτοῦ
1761 1468 1980 1539 Μαχαι-

391 1571 496 1625 ραν
519 1555 699 1620 ὀξεῖαν
733 1556 868 1627 (50).
907 1576 926 1609 ι
963 1556 1178 1628 Δανιὴλ,
1215 1576 1232 1609 ι
1277 1557 1407 1612 Ἰδοὺ
1440 1558 1650 1631 ἐτμήθη
1676 1558 1819 1623 λίθος
1847 1561 1976 1615 ἄνευ

2081 458 2246 520 servi,
2309 466 2365 513 et
2421 466 2548 529 post
2607 470 2660 515 te
2715 469 3014 530 sequentur
3069 459 3239 515 vineti
3295 459 3551 523 manicis,
3606 468 3657 514 et

2079 551 2398 607 transibunt
2428 553 2493 608 ad
2529 560 2604 616 te,
2636 558 2692 608 et
2723 553 3029 610 adorabunt
3051 564 3128 619 te,
3150 563 3205 608 et
3231 555 3285 608 in
3320 562 3371 609 te
3398 554 3658 619 orabunt,

2078 641 2339 712 quoniam
2369 643 2426 697 in
2470 648 2525 698 te
2556 642 2699 699 Deus
2734 650 2837 706 est,
2885 651 2940 699 et
2980 659 3088 698 non
3123 652 3208 699 est
3265 643 3408 700 Deus
3450 646 3659 715 absque

2080 737 2153 786 te.
2184 729 2267 785 'I'u
2295 731 2441 786 enim
2474 730 2618 787 Deus
2660 746 2744 795 es,
2785 742 2843 786 et
2882 732 3286 796 nesciebamus,
3314 732 3458 788 Deus
3489 731 3658 788 Israel

2082 818 2340 875 Salvator
2360 821 2428 874 ⁸⁸.
2463 839 2480 872 ι
2512 820 2789 888 Ezechiel,
2836 840 2855 873 ι
2888 818 2954 873 Et
2977 822 3253 876 convertit
3280 837 3366 879 me
3389 821 3658 877 Dominus

2079 910 2148 966 ad
2194 911 2340 966 viam
2384 920 2555 983 portae
2596 912 2946 982 respicientis
2976 910 3045 966 ad
3091 910 3399 977 Orientem,
3451 921 3507 968 et
3541 914 3658 969 haec

2078 1012 2199 1077 erat
2231 1004 2441 1060 clausa.
2468 1003 2532 1058 Et
2560 1003 2699 1058 dixit
2725 1002 2988 1059 Dominus
3015 1002 3084 1058 ad
3110 1019 3196 1059 me
3229 1022 3241 1059 :
3270 1002 3369 1058 Fili
3394 1003 3656 1072 hominis,

2081 1103 2238 1166 porta
2273 1096 2391 1150 lucc
2418 1096 2609 1151 clausa
2638 1096 2765 1162 erit,
2792 1103 2848 1151 et
2897 1111 3058 1151 nemo
3098 1095 3354 1151 transibit
3385 1112 3481 1167 per
3511 1112 3655 1163 eam,

2079 1189 2340 1257 quoniam
2371 1188 2636 1243 Dominus
2662 1187 2804 1244 Deus
2834 1188 3001 1244 Israel
3036 1187 3396 1257 ingredietur,
3431 1196 3485 1244 et
3507 1202 3661 1260 egre-

2078 1279 2261 1333 dietur
2297 1294 2395 1350 per
2444 1295 2589 1343 eam,
2633 1287 2687 1335 et
2736 1280 2842 1336 erit
2884 1280 3073 1335 clausa
3093 1279 3162 1333 ⁸⁷.
3203 1299 3221 1332 ι
3278 1280 3469 1347 Isaias,
3509 1299 3528 1333 ι
3574 1280 3653 1336 Ex

2081 1377 2238 1423 utero
2290 1371 2487 1427 matris
2535 1372 2732 1426 νοεοκὶ
2796 1387 2998 1427 nomen
3059 1373 3181 1442 ejus
3234 1372 3473 1443 gladium
3527 1388 3660 1429 acu-

2081 1456 2280 1512 tum“.
2320 1476 2338 1510 ι
2379 1457 2592 1526 Daniel,
2628 1477 2647 1511 ι
2681 1459 2822 1515 Ecce
2875 1462 3160 1517 abscissus
3208 1470 3296 1516 est
3346 1463 3486 1533 lapis
3536 1464 3659 1520 sine

2080 1554 2358 1623 manibus,
2389 1564 2442 1610 et
2473 1558 2749 1626 percussit
2790 1565 3030 1613 statuam
3052 1560 3121 1626 ⁸³,
3164 1567 3220 1615 et
3268 1558 3446 1617 factus
3486 1570 3572 1617 est
3603 1560 3659 1616 in
3688 1549 3707 1559 ’

388 1648 614 1719 χειρῶν,
646 1649 741 1703 καὶ⁸
770 1650 1008 1717 ἐπάταξε
1044 1650 1136 1704 τὸν
1170 1650 1459 1720 ἀνδριάντα
1479 1689 1495 1716 ,
1520 1651 1612 1705 καὶ
1649 1652 1865 1721 ἐγένετο
1895 1653 1977 1717 είς

2084 1654 2327 1701 montem
2385 1663 2685 1718 magnum,
2746 1659 2801 1705 et
2861 1651 3108 1721 implevit
3168 1652 3479 1707 universam
3552 1663 3661 1709 ter-

551 1740 714 1810 μέγα,
755 1742 851 1795 καὶ
878 1712 1162 1814 ἐπλήρωσε
1211 1712 1311 1814 τήν
1342 1712 1701 1815 οἰκουμένην..
1730 1764 1750 1799 ι
1794 1745 1853 1800 Ὀ
1883 1712 1975 1800 οὖν

2083 1740 2278 1801 ram".
2316 1758 2334 1791 ›
2378 1739 2540 1810 Lapis
2575 1741 2745 1812 igitur
2792 1742 3074 1799 abscissus
3109 1743 3227 1799 siue
3262 1744 3538 1809 manibus,
3593 1746 3662 1798 il-

386 1832 622 1903 τμηθεὶς
664 1832 810 1899 λίθος
854 1835 983 1889 ἄνευ
1013 1835 1214 1905 χειρὸς,
1258 1834 1405 1889 ἔστιν
1448 1837 1477 1890 ὁ
1516 1837 1793 1908 γεννηθεὶς
1847 1838 1974 1893 ἄνευ

388 1925 603 1994 σπορᾶς
646 1923 857 1995 ἀνδρός.
914 1926 1140 1991 Ἡσαΐας
1186 1926 1367 1994 πάλιν,
1406 1946 1425 1979 ι
1462 1929 1660 1983 Ἀκουε
1682 1969 1698 1994 ,
1755 1930 1970 2002 ούρανὲ,

388 2017 487 2068 καὶ
541 2015 834 2081 ὲνωτίζου,
881 2019 914 2088 ή
972 2018 1065 2089 γῆ,
1108 2021 1189 2073 ὅτι
1221 2019 1424 2090 Κύριος
1481 2020 1776 2091 ἐλάλησεν·
1818 2023 1977 2086 Υίοὺς

386 2104 680 2175 ἐγέννησα,
717 2107 813 2159 καὶ
837 2105 1049 2175 ὖψωσα,
1083 2109 1235 2162 αὐτοὶ
1263 2109 1320 2162 δέ
1353 2127 1419 2180 με
1454 2109 1724 2183 ἠθέτησαν
1745 2153 1757 2166 .
1796 2113 1978 2181 Ἔγνω

391 2192 521 2271 βοῦς
558 2194 650 2247 τὸν
686 2194 1057 2265 κτησάμενον,
1090 2197 1185 2250 καὶ⁵
1212 2196 1331 2261 ὄνος
1376 2198 1474 2271 τήν
1504 2199 1712 2271 φάτνην
1752 2200 1845 2255 τοῦ
1882 2220 1976 2255 κυ-

391 2286 511 2357 ρίου
553 2286 738 2341 αὐτοῦ·
779 2287 996 2358 Ἰσραὴλ
1027 2289 1084 2343 δέ
1119 2309 1186 2361 με
1223 2291 1324 2346 ούκ
1356 2291 1517 2361 ἔγνω,
1550 2291 1669 2347 οὐδὲ
1693 2295 1721 2347 ὀ
1750 2292 1876 2357 λαός
1907 2311 1977 2365 με

392 2378 621 2448 συνῆκε.
658 2399 678 2432 ›
716 2380 828 2434 Καὶ
872 2380 1052 2446 πάλιν,
1087 2399 1104 2434 ι
1152 2382 1298 2437 Λάϐε
1332 2384 1495 2453 τόμον
1541 2383 1729 2439 καινοῦ
1773 2386 1973 2458 χάρτου

394 2471 635 2541 μεγάλου
658 2470 793 2543 (51),
816 2475 911 2527 καὶ
929 2474 1137 2545 γράψον
1171 2477 1228 2530 ὲν
1248 2475 1396 2548 αὐτῷ
1412 2478 1634 2549 γραφίδι
1665 2479 1973 2552 ἀνθρώπου,

389 2561 487 2614 τοῦ
519 2563 690 2627 ὀξέως
719 2567 996 2637 προνομὴν
1032 2567 1250 2633 ποιῆσαι
1299 2568 1530 2623 σκύλων.
1579 2570 1690 2625 Καὶ
1737 2573 1977 2643 προσῆλ-

391 2652 485 2708 θον
533 2655 674 2726 πρὸς
718 2656 816 2726 τὴν
862 2659 1153 2729 προφῆτιν,
1202 2661 1296 2715 καὶ
1338 2662 1396 2714 ὲν
1429 2663 1626 2732 γαστρὶ
1670 2662 1851 2729 ἔλαϐε,
1884 2664 1981 2718 καὶ

389 2746 581 2800 ἔτεκεν
609 2748 746 2803 υἱόν·
775 2749 869 2804 καὶ
889 2747 1011 2804 εῑπέ
1050 2770 1138 2824 μοι
1165 2752 1369 2826 Κύριος
1389 2769 1402 2783 ‘
1434 2754 1680 2811 Κάλεσον
1723 2754 1785 2808 τὸ
1810 2754 1979 2826 ὄνομα

389 2838 595 2907 αὐτοῦ,
643 2841 864 2912 Ταχέως
924 2842 1249 2907 σκύλευσον,
1297 2844 1492 2910 Ὄξέως
1522 2846 1909 2918 προνόμευσον.
1950 2867 1969 2900 ι

389 2928 571 2999 Τόμον
602 2927 697 2984 οὖν
721 2932 902 2985 καινὸν
932 2930 1159 3003 νοοῦμεν
1185 2932 1282 3005 τὴν
1321 2935 1614 3009 Παρθένον·
1646 2935 1835 3009 ὧσπερ
1868 2937 1976 3011 γὰρ

388 3021 417 3071 ὁ
449 3020 661 3119 xum—nc;
695 3023 888 3119 Δκαινός
931 3026 1047 3080 ἐστι
1083 3025 1343 3099 καθαρὸς,
1389 3027 1635 3099 ἄγραφος
1663 3027 1761 3092 ὣν,
1805 3028 1977 3095 οὕτως
2005 3062 2046 3119 C

388 3113 484 3165 καὶ
503 3116 537 3182 ἡ
568 3113 841 3184 Παρθένος
864 3116 993 3183 ἁγία
1011 3117 1263 3189 ἀμύητος
1286 3118 1499 3191 ἀνδρός.
1524 3121 1636 3173 Καὶ
1658 3120 1816 3174 πάλιν
1840 3121 1975 3193 (52),

398 3221 417 3254 ι
459 3204 576 3257 Πᾶν
631 3202 796 3274 ἄρσεν
849 3204 1116 3276 διανοῖγον
1170 3209 1404 3279 μήτραν,
1455 3208 1607 3278 ἅγιον
1658 3209 1736 3281 τῷ
1792 3209 1978 3284 Κυρίῳ

392 3292 744 3365 κληθήσεται.
783 3315 801 3347 ι
837 3296 1002 3351 Οὐδὲν
1029 3298 1085 3352 δὲ
1114 3299 1280 3370 ἄρσεν
1309 3299 1565 3368 διανοίγει
1598 3302 1830 3374 μήτραν,
1861 3303 1976 3356 ἀλλ’

393 3387 426 3457 ἡ
461 3387 717 3441 κοινωνία
753 3388 944 3459 ἀνδρὸς
986 3390 1121 3461 πρὸς
1147 3393 1401 3460 γυναῖκα.
1437 3393 1511 3446 Τὸ
1537 3392 1667 3462 γοῦν
1686 3395 1976 3466 είρημένον

393 3479 523 3551 περὶ
550 3478 647 3532 τοῦ
675 3481 882 3552 Κυρίου
919 3481 1157 3553 νοητέον.
1203 3482 1495 3553 Συμϐαίνει
1526 3484 1585 3537 δὲ
1614 3486 1840 3552 πολλοὺς
1868 3488 1976 3542 τῶν

394 3572 755 3642 πρωτοτόκων
796 3569 933 3625 εἶναι
988 3573 1225 3642 ἀσεϐεῖς,
1274 3575 1368 3629 καὶ⁸
1417 3576 1795 3648 ἁμαρτωλούς.
1853 3578 1979 3642 Πῶς

390 3660 484 3716 οὖν
516 3659 663 3718 οὗτοι
704 3664 849 3733 ἅγιοι
882 3664 960 3735 τῷ
1005 3665 1217 3738 Κυρίῳ,
1248 3666 1338 3720 διὰ
1369 3667 1527 3721 τοῦτο
1574 3668 1667 3723 καὶ
1720 3669 1978 3741 ἄμωμοι;

391 3756 478 3810 διὰ
506 3757 561 3810 τί
606 3756 662 3810 δὲ
710 3757 785 3828 μὴ
828 3758 924 3812 καὶ
976 3760 1083 3812 πᾶν
1131 3759 1300 3830 θῆλυς
1338 3760 1504 3832 Δῆλον
1550 3756 1665 3821 οὖν,
1695 3761 1776 3815 ὅτι
1818 3763 1982 3826 αὐτὸς

394 3849 546 3917 ἅγιος
571 3849 686 3919 (55)
725 3852 820 3904 καὶ
845 3850 1076 3921 ἄμωμος
1110 3851 1288 3922 μόνος,
1317 3852 1501 3906 Δαϐίδ.
1559 3871 1578 3905 ι
1615 3854 1817 3926 Μήτηρ
1844 3852 1982 3908 Σιὼν

394 3941 529 4009 ἐρεῖ,
565 3938 908 4011 Ἀνθρωπος,
958 3940 1054 3993 καὶ
1095 3938 1377 4011 ἄνθρωπος
1414 3941 1677 4012 ἐγεννήθη
1725 3941 1782 3993 ἐν
1817 3939 1974 4012 αὐτῇ,

395 4035 488 4086 καὶ
516 4033 678 4096 αὐτὸς
712 4031 1068 4103 έθεμελίωσεν
1088 4032 1255 4104 αὐτὴν
1286 4032 1315 4084 ὁ
1348 4032 1631 4100 ’Υψιστοφ
1672 4049 1690 4083 ι

2083 1829 2194 1885 lum
2252 1832 2442 1903 utique
2487 1832 2765 1904 signiﬁcat
2806 1834 2901 1905 qui
2932 1835 3150 1905 genitus
3202 1842 3284 1890 est
3318 1837 3527 1906 absque
3560 1837 3659 1891 viri

2081 1924 2313 1980 semine.
2360 1924 2537 1982 Isaias
2565 1926 2785 1989 iterum,
2827 1943 2846 1977 ι
2881 1926 3047 1992 Audi,
3084 1927 3310 1990 cmlum,
3338 1934 3393 1982 et
3430 1926 3659 1985 auribus

2081 2017 2322 2088 percipe,
2346 2025 2515 2082 terra,
2541 2018 2667 2088 quia
2697 2016 2959 2075 Dominus
2982 2018 3204 2073 loeutus
3229 2029 3314 2075 est
3338 2037 3350 2074 :
3377 2019 3546 2075 Filios
3566 2035 3659 2091 ge-

2080 2108 2174 2161 nui
2220 2118 2274 2162 et
2303 2109 2562 2174 exaltavi,
2594 2109 2698 2182 ipsi
2728 2118 2912 2165 autem
2947 2119 3275 2180 spreverunt
3303 2126 3412 2167 me.
3444 2110 3662 2183 Cogno-

2079 2200 2159 2254 vit
2202 2200 2303 2256 bos
2351 2216 2750 2271 possessorem,
2805 2210 2860 2257 et
2916 2203 3107 2258 asinus
3159 2218 3402 2275 praesepe
3449 2202 3659 2259 domini

2081 2292 2205 2361 sui;
2244 2293 2411 2349 Israel
2443 2302 2624 2347 autem
2658 2309 2743 2349 me
2771 2310 2881 2350 non
2915 2295 3196 2366 cognovit,
3221 2305 3277 2351 et
3312 2295 3549 2366 populus
3572 2307 3661 2350 me

2082 2399 2193 2439 non
2238 2384 2508 2439 intellexit
2532 2385 2600 2440 ³⁸.
2636 2403 2654 2436 ι
2701 2384 2767 2439 Et
2796 2400 3013 2455 rursus,
3050 2404 3068 2437 ι
3099 2385 3270 2441 Sume
3304 2385 3402 2442 tibi
3450 2393 3659 2443 tomum

2082 2489 2237 2529 novae
2302 2473 2510 2529 chartae
2568 2490 2798 2547 magnae,
2861 2482 2917 2530 et
2975 2475 3154 2532 scribe
3209 2477 3374 2532 ineo
3417 2476 3659 2532 hominis

2084 2564 2258 2634 stylo,
2312 2572 2374 2618 ut
2424 2565 2684 2622 velociter
2729 2566 3193 2636 depraedationem
3246 2566 3414 2622 faciat
3456 2568 3662 2638 spolio-

2080 2666 2224 2705 rum.
2290 2651 2357 2707 Et
2408 2653 2621 2709 accessi
2675 2654 2739 2709 ad
2794 2655 3240 2725 prophetissam;
3293 2663 3346 2712 et
3400 2655 3455 2712 in
3504 2663 3661 2714 utero

2084 2743 2341 2815 concepit
2370 2752 2426 2801 et
2454 2745 2666 2816 peperit
2707 2746 2901 2801 lilium.
2935 2745 3000 2800 Et
3030 2748 3169 2802 dixit
3194 2747 3463 2805 Dominus
3484 2750 3658 2805 mihi:

2086 2835 2231 2891 Voca
2272 2852 2472 2892 nomen
2525 2837 2667 2907 ejus,
2719 2838 2845 2894 Cito
2891 2840 3087 2910 spolia,
3135 2837 3410 2894 Velociter
3453 2840 3662 2911 deprae-

2082 2929 2213 2984 dare
2233 2930 2299 2983 9'.
2334 2947 2352 2981 ι
2389 2928 2619 2984 Tomum
2660 2929 2830 2999 igitur
2855 2945 3058 2984 novum
3088 2929 3155 2984 de
3184 2928 3408 3001 Virgine
3453 2933 3659 2986 intelli-

2080 3022 2298 3092 gimus;
2331 3020 2787 3091 quemadmodum
2813 3021 2958 3076 enim
2990 3037 3130 3077 nova
3159 3022 3347 3077 charta
3378 3037 3516 3093 pura
3547 3034 3653 3087 est.

2081 3130 2205 3169 cum
2254 3113 2393 3169 nihil
2434 3114 2489 3168 in
2514 3129 2577 3168 ea
2607 3113 2876 3183 scriptum
2910 3122 3017 3180 est,
3069 3115 3144 3169 ita
3171 3124 3227 3170 et
3266 3124 3461 3170 sancta
3494 3115 3661 3189 Virgo

2078 3206 2183 3263 viri
2215 3204 2634 3262 consuetudinis
2680 3220 2881 3275 expers
2910 3213 3016 3261 est.
3058 3204 3126 3260 Et
3173 3207 3396 3275 iterum,
3428 3226 3447 3259 ι
3488 3206 3663 3263 Omne

2081 3298 2447 3354 masculinum
2483 3297 2807 3367 adaperiens
2847 3298 3091 3364 vulvam,
3142 3308 3397 3354 sanctum
3428 3298 3660 3354 Domino

2079 3390 2453 3446 vocabitur”.
2494 3409 2512 3443 ι
2554 3388 2750 3444 Nullus
2784 3396 2966 3444 autem
3018 3391 3300 3446 masculus
3338 3389 3515 3461 aperit
3543 3392 3657 3446 vul-

2078 3499 2223 3550 vam,
2259 3482 2354 3538 sed
2379 3481 2721 3537 consuetudo
2754 3480 2859 3537 viri
2893 3497 3018 3535 cum
3061 3483 3294 3538 muliere
3331 3499 3345 3535 :
3377 3483 3542 3553 igitur
3570 3482 3663 3536 di-

2083 3582 2233 3628 ctum
2277 3571 2413 3627 illud
2441 3570 2511 3626 de
2538 3570 2770 3626 Domino
2794 3579 2879 3626 est
2910 3571 3345 3639 intelligendum.
3377 3571 3665 3643 Contingit

2086 3672 2269 3719 autem
2303 3675 2364 3718 ut
2392 3662 2748 3733 primogeniti
2794 3676 2905 3716 non
2939 3660 3100 3732 pauci
3133 3661 3287 3731 impii
3311 3662 3422 3717 sint
3452 3669 3506 3719 et
3533 3678 3664 3733 pec-

2085 3762 2325 3809 catores.
2383 3750 2672 3818 Quomodo
2724 3750 2894 3821 igitur
2938 3763 3130 3804 omnes
3186 3750 3224 3805 ii
3271 3753 3449 3807 sancti
3500 3758 3665 3806 erunt

2085 3844 2340 3910 Domino,
2405 3852 2459 3899 et
2505 3851 2795 3915 propterea
2850 3840 3154 3914 inculpati?
3208 3840 3320 3898 Cur
3375 3843 3505 3898 item
3546 3859 3661 3899 non

2084 3952 2245 3992 omne
2263 3936 2425 3992 etiam
2452 3934 2771 3990 femininum
2801 3941 3051 3989 sanctum
3076 3933 3307 3990 Domino
3336 3934 3666 3989 vocabitur?

1955 4036 1971 4049 ’
2084 4029 2430 4087 Manifestum
2461 4028 2628 4099 igitur
2656 4037 2762 4095 est,
2797 4027 2977 4096 ipsum
3026 4026 3204 4083 solum
3243 4035 3496 4081 sanetum
3520 4041 3663 4091 esse,

398 4132 451 4178 et
491 4125 860 4194 inculpatum.
908 4121 1101 4189 David,
1150 4141 1168 4174 ε
1204 4121 1379 4177 Mater
1423 4120 1556 4176 Sion
1590 4122 1735 4178 dicet
1768 4142 1780 4176 :
1811 4121 1988 4179 Ilonto
2026 4132 2081 4180 et
2108 4124 2272 4178 homo
2301 4127 2462 4173 natus
2492 4126 2577 4173 est
2619 4118 2674 4171 in
2704 4132 2789 4184 ea,
2821 4123 2878 4171 et
2921 4116 3036 4187 ipse
3076 4115 3326 4172 fundavit
3389 4132 3510 4174 eam
3575 4118 3667 4171 Al-

399 4216 651 4270 tissimus
680 4215 749 4270 “.
790 4236 809 4269 ι

398 4305 466 4361 A'.
509 4306 652 4375 Περὶ
685 4306 1019 4378 θαυμάτων,
1064 4300 1154 4362 ὧν
1195 4306 1415 4377 ἔμελλε
1453 4306 1645 4361 ποιεῖν
1685 4307 1978 4374 ἐνανθρω-

2090 4303 2178 4360 ιν.
2213 4302 2288 4357 De
2316 4301 2611 4363 miraculis,
2632 4316 2760 4378 qua:
2781 4299 3016 4378 humana
3051 4314 3208 4352 carne
3243 4306 3518 4366 assumpta
3559 4296 3665 4352 Do-

923 4379 1111 4445 πίσας
1144 4380 1177 4432 ὁ
1192 4433 1198 4441 ,
1212 4379 1444 4448 Κύριος.

479 4470 751 4542 Ἱερεμίας
780 4470 915 4542 (54),
946 4489 965 4523 ι
1018 4470 1144 4524 Ἰδοὺ
1165 4468 1386 4523 τέθεικά
1408 4486 1468 4522 σε
1492 4470 1572 4532 εἰς
1597 4468 1857 4542 διαθήκην
1886 4469 1981 4537 γέ-

401 4581 544 4630 νους,
588 4565 683 4619 καὶ
726 4566 805 4628 είς
834 4563 948 4632 φῶς
978 4561 1181 4631 ἐθνῶν,
1216 4560 1308 4615 τοῦ
1347 4560 1687 4633 καταστῆσαι
1714 4560 1812 4631 τὴν
1855 4562 1979 4631 γῆν,

2569 4369 2742 4426 minus
2785 4369 3023 4424 editurus
3049 4377 3184 4423 erat.

2154 4467 2445 4531 .Ieretnias,
2492 4484 2511 4517 ‹
2547 4463 2693 4519 Ecce
2729 4462 2885 4535 posui
2941 4469 2993 4516 te
3043 4461 3097 4515 in
3142 4467 3524 4517 testamentum
3573 4475 3665 4530 ge-

2092 4561 2263 4625 neris,
2302 4562 2355 4614 iu
2390 4559 2565 4613 lucem
2605 4557 2869 4627 gentium,
2913 4563 2972 4609 ut
3029 4553 3395 4613 constitueres
3435 4557 3662 4615 terram,

465 4719 638 4772 “Isa.
674 4730 799 4772 ην.
838 4713 922 4779 Μ,
958 4713 1043 4767 15.
1120 4713 1163 4745 ⁵⁵⁷
1187 4711 1383 4767 Ezecb.
1418 4727 1564 4772 κων,
1600 4712 1650 4775 1,
1684 4711 1738 4765 2.
1810 4709 1978 4765 3“Isa.

2087 4728 2160 4771 Ix.
2193 4713 2243 4766 I.
2322 4712 2366 4744 θθ
2391 4712 2523 4764 Dan.
2564 4725 2625 4775 ιι,
2665 4710 2755 4764 54.
2833 4707 2878 4739 ⁹⁰
2919 4705 3052 4763 ibid.
3080 4705 3168 4760 55.
3244 4708 3290 4740 ἰ
3315 4706 3413 4761 lsa.
3440 4720 3492 4770 -ι,
3521 4705 3577 4770 2,
3608 4708 3662 4763 3.

400 4789 572 4846 "Isa.
605 4801 730 4852 vm,
777 4785 890 4839 I-‘5.
965 4780 1012 4815 ⁸⁸
1033 4782 1206 4839 Exod.
1256 4783 1478 4850 xrtt,2;
1506 4781 1666 4836 Num.
1704 4797 1826 4845 vui,
1866 4783 1953 4837 17.

2102 4781 2246 4838 Psal.
2281 4795 2502 4845 LXXXVI,
2541 4782 2595 4836 5.

470 4931 585 4998 (47)
634 4930 825 4985 Codex
877 4927 1170 4994 recentior,
1218 4926 1637 4998 καταϐήσονται.
1686 4926 1766 4979 Ita
1809 4924 1985 4981 et‘Si-

401 5001 564 5073 phani
598 5001 795 5073 codex.

468 5071 582 5143 (48)
611 5069 780 5126 Iidem
830 5068 1052 5126 codices
1104 5068 1291 5141 legunt
1322 5068 1454 5131 Θεὸς
1505 5065 1599 5120 τοῦ
1655 5066 1866 5137 Ἰσραὴλ
1891 5066 1984 5119 καὶ

402 5143 656 5222 Setiae-
1108 5210 1183 5222 .,
1357 5217 1369 5222 _
1780 5208 1792 5222 .
1859 5206 1878 5222 .
1938 5206 1949 5221 .

469 5206 584 5285 (49')
615 5211 863 5285 Romana
901 5209 1046 5285 LXX
1108 5210 1470 5285 Interpretum
1499 5208 1693 5268 editio,
1747 5206 1982 5285 εἰσελεύ-

402 5276 574 5339 σεται⁷
601 5283 672 5338 δι’
715 5281 908 5353 αὐτῆς,
940 5276 1273 5353 ingredietur
1305 5296 1396 5350 per
1442 5294 1594 5345 eam;
1626 5287 1825 5333 caetera
1880 5276 1981 5332 de-

399 5365 551 5412 ευιιι.

469 5426 582 5495 (50)
619 5424 869 5500 Romana
894 5421 1040 5478 LXX
1071 5422 1297 5500 Interpr.
1334 5420 1502 5479 editio
1542 5419 1707 5500 aliter
1727 5417 1992 5500 legit,_‘Ea:

398 5509 548 5552 utero
575 5497 770 5551 matris
805 5510 933 5551 mea?
971 5496 1172 5549 uocauit
1218 5510 1403 5548 nomen
1433 5506 1628 5552 meum.
1660 5499 1710 5544 et
1734 5496 1908 5558 posuit
1932 5505 1990 5543 οε

398 5584 573 5640 meum
600 5566 760 5640 quasi
774 5566 1017 5640 gladium
1051 5573 1392 5640 acutum_.__
1464 5633 1481 5640 Ω

471 5629 795 5710 (51)Ἠεη‹ἷ
833 5637 1122 5710 lectionem
1161 5651 1191 5690 a
1463 5629 1988 5710 Interpr._editione

401 5700 681 5766 diversam
738 5708 794 5763 in
827 5706 1156 5775 quibusdam
1181 5705 1463 5762 codicibus
1493 5700 1722 5772 reperiri
1752 5708 1986 5755 testatur

2089 4926 2343 4981 Nobilius
2375 4925 2427 4978 in
2452 4923 2597 4978 uotis
2626 4921 2694 4977 ad
2723 4922 2873 4979 hunc
2893 4923 3095 4978 locum.

2115 5036 2131 5069 ._
2161 4993 2493 5069 (ε’ὶΞλΕιιοίιὶΔ
2532 4995 2726 5069 locum
2774 4994 3200 5069 iisdeni__prope
3256 4990 3439 5069 verbis
3478 4988 3665 5045 laudat

2089 5060 2461 5122 Tertullianus
2482 5064 2537 5119 in
2561 5064 2654 5119 lib.
2686 5062 2762 5117 De
2784 5080 2943 5119 carne
2967 5060 3186 5127 Clirisii,
3219 5060 3448 5130 cap.22.

2183 5137 2272 5206 55)
2293 5136 2477 5191 Codex
2503 5134 2796 5201 recentior,
2832 5133 2986 5203 ἅγιος
3021 5132 3198 5204 μόνος.
3234 5128 3310 5184 Ita
3345 5139 3402 5184 et
3436 5128 3665 5199 Siphani

2087 5222 2280 5348 “ﬂigi;
2315 5277 2496 5331 Locus
2552 5277 2658 5348 iste
2710 5272 3153 5348 noniJeremiaa,
3197 5270 3293 5348 sed
3336 5269 3490 5348 Isaiae
3540 5279 3664 5337 est;

2097 5341 2219 5404 eum
2257 5341 2435 5402 tamen
2470 5362 2569 5418 pro
2600 5346 2847 5418 Ieremiae
2878 5345 2998 5418 loco
3027 5342 3306 5418 accepisse
3332 5341 3663 5412 Nyssenum,

2098 5421 2178 5475 rel
2208 5418 2337 5473 inde
2370 5413 2543 5489 patet,
2569 5415 2719 5489 quod
2744 5413 2961 5489 Baruch
2989 5413 3384 5489 testimonium,
3404 5419 3664 5489 tanquam

2095 5491 2260 5545 unius
2281 5481 2538 5562 eiusdem
2570 5481 2850 5562 prophetae
2879 5483 3211 5562 subiungat;
3244 5481 3457 5562 Baruch
3481 5487 3664 5562 autem

2093 5575 2236 5630 saepe
2265 5550 2335 5615 ab
2373 5550 2618 5628 antiquis
2641 5550 2744 5613 sub
2770 5550 3020 5613 Jeremit'e
3052 5550 3275 5609 nomine
3316 5550 3529 5607 laudari
3573 5561 3656 5605 so—

2092 5632 2187 5688 let.
