4034 6132
327 293 440 350 Si?)

1362 299 1787 357 TESTIMONIA
1822 301 2196 363 aovsnsus
2247 303 2561 364 war-sos.
2660 282 2669 293 ’

3462 279 3585 366 an

327 408 400 478 τῇ
429 404 757 460 ταπεινώσει
780 407 965 475 αὐτοῦ,
988 409 1071 465 ὅτι
1091 409 1307 484 αἴρεται
1337 414 1444 468 ἀπὸ
1469 416 1567 488 τῆς
1601 417 1706 488 γῆς
1734 419 1767 487 ἡ
1798 416 1910 490 ζωὴ

2038 419 2399 490 niquitatihus
2426 422 2610 492 populi
2650 421 2755 478 mei
2789 421 2986 478 ductus
3018 430 3101 478 cst
3135 423 3201 480 ad
3232 428 3483 480 mortem.
3534 423 3603 479 Et

327 497 529 550 αὐτοῦ’
569 498 683 553 ἀπὸ
725 499 835 555 τῶν
877 502 1163 575 ἁμαρτιῶν
1207 505 1302 559 τοῦ
1339 506 1477 565 λαοῦ
1523 526 1625 580 μου
1667 511 1804 581 ἤχθη
1837 511 1916 574 εἰς

326 588 583 642 θάνατον.
610 589 721 644 Kal
744 590 900 646 δώσω
931 594 1057 657 τοὺς
1090 597 1362 668 πονηροὺς
1381 598 1503 652 ἀντὶ
1528 601 1704 671 ταφῆς
1726 599 1912 665 αὑτοῦ,

326 681 423 734 ml
449 682 579 746 τοὺς
618 682 908 747 πλουσίους
934 686 1056 740 ἀντὶ
1080 685 1177 739 τοῦ
1208 687 1437 742 θανάτου
1476 689 1663 755 αὐτοῦ,
1687 692 1770 744 ὅτι
1794 691 1918 744 ἀνο-

325 775 466 846 μέαν
517 777 618 830 οὐκ
665 777 942 846 ἐποίησεν,
992 779 1111 832 οὐδὲ
1140 780 1338 853 εὑρέθη
1363 780 1472 853 (61)
1530 782 1680 847 δόλος
1726 784 1785 837 ἐν
1840 783 1918 854 τῷ

326 864 561 937 στ’όματι
601 868 789 924 αὑτοῦ.
828 887 847 920 ι
894 870 1006 922 Kal
1036 869 1174 940 μετά
1202 888 1343 935 τινα,
1389 890 1408 924 ι
1443 870 1544 925 Διὰ
1569 873 1729 926 τοῦτο
1755 872 1916 938 αὐτὸς

325 959 733 1032 κληρονομήσει
799 960 1061 1026 πολλοὺς,
1114 962 1210 1016 ml
1263 963 1372 1018 τῶν
1430 963 1665 1035 ἰσχυρῶν
1741 967 1920 1036 μεριεϊ

328 1051 536 1116 σκῦλα,
566 1052 683 1106 ἀνθ’
708 1046 784 1107 ὧν
819 1054 1092 1126 παρεδόθη
1124 1055 1205 1119 εἰς
1235 1054 1462 1110 θάνατον
1489 1058 1523 1128 ἡ
1553 1056 1698 1128 ψυχὴ
1728 1056 1915 1123 αὑτοῦ,

327 1145 413 1197 ὅτι
441 1144 677 1215 ἀνομίαν
708 1146 811 1199 οὐκ
851 1146 1075 1216 ἐποίησε
1096 1185 1111 1210 ,
1140 1147 1236 1201 ml
1262 1148 1321 1201 ὲν
1352 1150 1466 1212 τοῖς
1494 1148 1717 1219 ἀνόμοις
1745 1148 1922 1217 ἐλογί-

328 1235 466 1306 σθηο
497 1235 594 1289 καὶ
627 1236 790 1300 αὐτὸς
812 1237 1085 1309 ἁμαρτίας
1116 1237 1325 1292 πολλῶν
1357 1239 1655 1310 ἀνήνεγκε,
1706 1239 1800 1293 ml
1833 1237 1921 1293 διά

326 1329 429 1390 τὰς
472 1326 748 1399 ἁμαρτίας
787 1326 966 1381 αὐτῶν
1014 1328 1305 1401 παρεδόθη.
1357 1349 1375 1381 ι
1437 1331 1533 1384 Ἐκ
1566 1329 1769 1384 τούτων
1806 1329 1920 1403 (62)

323 1418 493 1488 δῆλον
522 1420 606 1471 ὅτι
637 1419 700 1472 οὐ
741 1421 874 1490 περὶ
911 1419 1007 1474 τοῦ
1047 1419 1178 1474 λαοῦ
1207 1420 1300 1475 τοῦ
1347 1421 1686 1493 ἀπαχθέντος
1717 1422 1776 1476 ὲν
1817 1422 1923 1475 Βα-

328 1509 536 1563 ϐυλῶνι
575 1512 601 1562 ὁ
638 1512 933 1583 Προφήτης
972 1511 1157 1580 λέγει,
1182 1510 1258 1577 ὥς
1296 1530 1443 1576 τινες
1472 1513 1758 1569 ὑπέλαϐον.
1797 1513 1923 1578 Πῶς

327 1602 442 1671 γὰρ
467 1603 532 1656 ἂν
560 1604 590 1656 ὁ
615 1602 763 1667 λαὸς,
804 1603 914 1656 ἀπὸ
940 1602 1046 1657 τῶν
1084 1604 1370 1675 ἁμαρτιῶν
1405 1603 1497 1657 τοῦ
1527 1603 1657 1669 λαοῦ
1681 1605 1818 1676 ἢχθη
1844 1607 1922 1669 είς

329 1694 595 1760 ﬂavas-av;
628 1696 661 1767 ἢ
694 1698 848 1761 ποῖος
881 1696 1030 1761 λαὸς,
1068 1696 1164 1749 ml
1205 1695 1359 1749 ποίου
1390 1694 1557 1762 λαοῦ;
1590 1696 1698 1749 Kal
1728 1696 1921 1762 πάλιν,

2027 509 2171 564 dabo
2204 512 2376 567 malos
2400 528 2498 583 pro
2519 514 2798 582 sepultura
2829 518 2971 586 ejus.
3005 523 3059 572 et
3087 516 3283 572 divites
3310 531 3406 587 pro
3428 525 3603 572 morte
3679 590 3685 594 ν

2028 602 2196 667 illius,
2231 604 2358 674 quia
2385 603 2726 675 iniquitatem
2762 623 2868 661 non
2913 607 3061 670 fecit,
3091 623 3266 679 neque
3300 608 3460 663 dolus
3516 609 3604 662 in-

2025 705 2223 749 ventus
2251 703 2336 750 est
2366 696 2420 750 in
2470 710 2567 751 ore
2604 712 2704 752 suo
2730 698 2772 750 ⁸.
2807 716 2824 749 ι
2858 699 2927 753 Ει
2979 700 3140 767 paulo
3205 706 3347 767 post,
3385 714 3404 749 ι
3454 695 3592 750 Pro-

2027 792 2213 855 pterea
2270 784 2387 855 ipse
2413 785 2711 854 possidebit
2768 787 2991 849 multos,
3024 799 3077 842 et
3118 786 3340 841 fortium
3394 784 3600 841 dividet

2028 876 2225 946 spolia,
2261 891 2361 946 pro
2391 892 2456 931 eo
2485 877 2631 947 quod
2673 864 2870 933 tradita
2912 885 2998 933 est
3059 878 3124 932 ad
3157 885 3386 933 mortem
3420 877 3605 931 anima

2026 967 2146 1036 ejus
2169 969 2429 1038 quoniam
2465 969 2809 1040 iniquitatem
2843 985 2951 1025 non
3002 968 3151 1034 fecit,
3180 977 3235 1024 et
3288 970 3343 1025 in
3399 969 3605 1040 iniquis

2027 1068 2310 1131 reputatus
2340 1069 2459 1117 est:
2512 1072 2567 1116 et
2619 1062 2734 1132 ipse
2759 1070 2978 1132 peccata
3013 1063 3307 1116 multorum
3355 1062 3499 1126 tulit,
3550 1070 3606 1116 et

2029 1161 2253 1225 propter
2281 1154 2605 1224 iniquitates
2660 1169 2850 1211 eorum
2887 1154 3121 1209 traditus
3149 1162 3233 1210 est
3264 1155 3302 1207 ⁸.
3340 1172 3357 1205 ι
3386 1152 3461 1207 Ex
3518 1153 3607 1208 his

2026 1253 2174 1316 patet
2203 1246 2527 1315 prophetam
2551 1261 2659 1302 non
2685 1245 2831 1315 loqui
2863 1245 2929 1301 de
2958 1245 3180 1321 populo,
3212 1245 3303 1314 qui
3347 1243 3401 1298 in
3437 1243 3607 1313 Baby-

2029 1334 2208 1388 lonem
2235 1334 2506 1390 adductus
2552 1342 2658 1397 est,
2694 1335 2835 1391 sicut
2861 1335 3113 1390 nonnulli
3151 1332 3415 1404 suspicati
3453 1340 3603 1387 sunt.

2028 1423 2314 1490 Quomodo
2370 1426 2515 1480 enim
2570 1427 2807 1497 populus
2864 1438 3084 1497 propter
3138 1432 3364 1495 peccata
3417 1425 3604 1496 p0puli

2028 1516 2228 1573 ductus
2250 1525 2337 1573 est
2367 1518 2434 1572 ad
2467 1527 2718 1586 mortem,
2751 1527 2845 1574 aut
2874 1519 2999 1589 quis
3034 1519 3287 1589 populus,
3319 1526 3373 1572 ct
3406 1518 3478 1571 ob
3511 1532 3607 1573 cu-

2024 1608 2118 1679 jus
2154 1609 2336 1679 pOpuli
2368 1618 2588 1679 peccata
2617 1610 2670 1664 id
2699 1625 2897 1680 passus
2922 1610 3052 1667 est?
3085 1610 3151 1664 Et
3171 1610 3391 1675 iterum,
3429 1628 3448 1660 ι
3474 1608 3609 1662 Dor-

2031 1713 2151 1753 sum
2184 1712 2364 1752 meum
2404 1697 2528 1754 dedi
2585 1697 2652 1752 ad
2712 1698 2943 1771 ﬂagella,
2994 1706 3049 1754 et
3097 1714 3267 1771 genas
3328 1714 3481 1754 meas
3536 1698 3603 1752 ad

336 1806 358 1838 ι
392 1787 499 1841 Τὸν
521 1787 693 1842 νῶτόν
720 1805 824 1859 μου
846 1788 1022 1843 ἔδωκα
1042 1791 1123 1853 εἰς
1147 1790 1433 1860 μάστιγας,
1464 1788 1562 1854 τὰς
1588 1789 1646 1843 δὲ
1674 1789 1925 1858 σιαγόνας

2035 1789 2240 1859 alapas,
2267 1798 2320 1844 et
2349 1789 2543 1845 faciem
2592 1805 2767 1845 meam
2799 1805 2910 1846 non
2960 1792 3132 1847 averti
3195 1806 3226 1846 a
3279 1789 3606 1847 confusione

334 1897 441 1950 μου
490 1882 572 1945 εἰς
622 1880 976 1953 ῥαπίσματα,
1015 1882 1077 1934 τὸ
1119 1880 1175 1933 δὲ
1206 1880 1497 1952 πρόσωπόν
1555 1897 1654 1951 μου
1684 1880 1783 1934 οὐκ
1819 1882 1926 1935 ἀπ-

246 2002 253 2009 -
329 1971 581 2043 ἐστρεψα
623 1973 730 2026 ἀπὸ
776 1973 1035 2044 αἰσχύνης
1086 1973 1513 2044 ὲμπτυσμάτων.
1555 1991 1573 2024 ι
1611 1972 1721 2027 Kal
1742 1973 1922 2040 πάλιν,

336 2083 359 2114 ι
405 2065 522 2118 υύκ
549 2061 697 2134 εἶχεν
732 2060 891 2129 εῐδος,
930 2065 1050 2118 οὐδὲ
1080 2064 1296 2129 κάλλος,
1326 2064 1461 2119 ἀλλά
1501 2064 1562 2118 τὸ
1593 2060 1731 2128 εἶδος
1758 2065 1925 2119 αὐτοῦ

330 2154 554 2225 ἄτιμον,
579 2154 830 2207 ἐκλεῖπον
858 2154 1005 2225 παρά
1038 2155 1163 2217 τοὺς
1202 2154 1351 2216 υἱοὺς
1392 2152 1499 2206 τῶν
1545 2152 1866 2224 ἀνθρώπων.
1901 2170 1920 2204 ι

329 2243 440 2298 Kal
459 2244 625 2299 πάλιν
650 2247 680 2299 ὁ
706 2244 878 2299 ταῦτα
898 2244 1088 2306 εἰπὼν,
1116 2239 1260 2308 εἷπε,
1291 2263 1309 2296 ι
1339 2243 1449 2315 Τὴν
1470 2243 1527 2297 δὲ
1548 2244 1740 2313 γενεὰν
1760 2242 1925 2298 αὐτοῦ

328 2337 418 2400 τίς
440 2337 796 2408 διηγήσεται;
842 2356 863 2390 ι
918 2336 1101 2403 Δαϐὶδ,
1156 2354 1176 2387 ι
1211 2337 1330 2389 Ὅτι
1376 2335 1691 2390 ὲκύκλωσάν
1723 2353 1790 2407 με
1827 2334 1928 2411 κύτ

331 2445 425 2491 νες
462 2428 683 2482 πολλοί·
714 2428 1003 2500 συναγωγὴ
1041 2428 1489 2499 πονηρευομένων
1512 2428 1799 2499 περιέσχον
1833 2445 1920 2499 με.

335 2517 580 2592 Ὠρυξαν
617 2519 808 2590 χεῖράς
829 2513 954 2591 ’μου
975 2562 990 2586 ,
1036 2520 1129 2574 ml
1169 2520 1334 2583 πόδας
1380 2537 1478 2591 μου
1500 2538 1513 2551 ο
1549 2520 1921 2591 ἐξηρίθμησαν

330 2612 515 2667 πάντα
538 2612 609 2666 τά
639 2613 772 2666 ὀστᾶ
795 2630 916 2683 μου.
941 2613 1104 2666 Αὐτοὶ
1127 2612 1182 2666 δὲ
1209 2611 1562 2682 κατενόησαν,
1593 2612 1689 2665 καὶ
1711 2612 1922 2665 ὲπεῖδὸν

334 2723 435 2776 με’
465 2704 845 2780 διεμερίσαντο
876 2704 945 2760 τά
972 2705 1163 2776 ἱμάτιά
1194 2722 1293 2774 μου
1331 2705 1563 2769 ἑαυτοῖς,
1596 2705 1691 2757 καὶ
1717 2704 1809 2757 ἐπὶ
1830 2705 1923 2759 τὸν

334 2797 633 2868 ἱματισμόν
675 2815 777 2868 μου
826 2796 1017 2852 ἔϐαλον
1062 2797 1284 2868 κλῆρον.
1317 2816 1335 2848 ι
1394 2796 1678 2869 Ἱερεμίας,
1717 2816 1735 2851 ι
1784 2796 1924 2866 Ἐγὼ

330 2889 389 2942 δὲ
439 2888 518 2952 ὡς
571 2888 755 2961 ἀρνίον
806 2890 1012 2944 ἄκακον
1068 2890 1336 2961 ἀγόμενον
1379 2890 1472 2945 τοῦ
1523 2889 1777 2955 θύεσθαι,
1824 2890 1924 2944 οὐκ

330 2979 527 3048 ἔγνων.
564 2999 585 3033 ι
620 2981 732 3035 Kal
752 2980 934 3047 πάλιν,
981 2999 1001 3033 ι
1039 2980 1227 3045 Δεῦτε,
1264 2980 1740 3055 καὶοὲμϐάλλωμεν
1772 2979 1925 3046 ξύλον

332 3075 415 3136 εἰς
440 3072 533 3125 τὸν
571 3072 734 3142 ἄρτον
762 3073 928 3127 αὐτοῦ
954 3089 966 3102 ·
990 3074 1085 3127 ml
1111 3073 1458 3146 ὲκτρίψωμεν
1494 3074 1655 3128 αὐτὸν
1681 3073 1791 3127 ἀπὸ
1815 3073 1926 3126 τῶν

333 3160 561 3241 ζώντων
584 3137 717 3232 (135),
742 3162 838 3217 ml
862 3164 923 3216 τὸ
944 3163 1114 3234 ὄνομα
1137 3137 1301 3218 αὐτού
1322 3137 1384 3216 ού
1420 3164 1493 3234 μὴ
1529 3163 1739 3234 μνησθῇ
1771 3164 1871 3220 ἔτι.
1902 3184 1921 3216 ι
1956 3137 2002 3198 C

333 3252 634 3324 Ζαχαρίας,
675 3272 694 3305 ι
732 3253 846 3309 Kal
893 3253 1083 3309 ἔλαϐον
1128 3255 1197 3309 τὰ
1220 3254 1514 3324 τριάκοντα
1555 3253 1797 3327 ἀργύρια
1830 3255 1927 3328 τὴν

336 3344 503 3415 τιμὴν
553 3344 650 3399 τοῦ
692 3346 1091 3417 τετιμημένου,
1139 3346 1200 3400 ὃν
1245 3346 1578 3417 ἐτιμήσαντο
1628 3346 1737 3400 ἀπὸ
1796 3347 1926 3401 υίῶν

349 3435 568 3507 Ἰσραήλ
588 3455 601 3468 ·
638 3438 732 3490 ml
776 3423 981 3491 ἔδωκαν
1032 3438 1173 3492 αὐτὰ
1204 3439 1285 3502 είς
1308 3438 1399 3492 τὸν
1429 3437 1598 3511 ἀγρὸν
1630 3437 1725 3491 τοῦ
1763 3455 1926 3510 κερα-

336 3529 508 3599 μέως,
550 3528 693 3582 καθά
720 3528 981 3596 συνέταξε
1008 3547 1099 3601 μοι
1125 3530 1349 3603 Κύριος.
1388 3547 1406 3581 ι

334 3662 412 3717 Z'.
448 3661 592 3731 Περὶ
633 3664 740 3718 τοῦ
796 3662 1096 3731 σταυροῦ,
1138 3660 1235 3719 και
1287 3663 1391 3717 τοῦ
1418 3662 1742 3734 γενομένου
1783 3664 1928 3717 σκό-

1053 3751 1221 3801 τους.

415 3886 434 3919 ι
476 3867 588 3939 (64)
626 3867 866 3938 Ὀψεσθε
907 3867 1008 3940 τὴν
1055 3867 1200 3940 ζωὴν
1230 3867 1386 3940 ὑμῶν
1440 3867 1797 3939 κρεμαμένην
1826 3869 1931 3921 ἀπ-

338 3961 529 4014 έναντι
565 3958 677 4013 τῶν
710 3959 1006 4031 ὀφθαλμῶν
1036 3959 1211 4030 ὑμῶν,
1248 3960 1343 4014 ml
1374 3960 1435 4013 οὐ
1479 3961 1551 4032 μὴ
1579 3959 1926 4029 πιστεύσητε,

337 4053 436 4104 ἐὰν
462 4069 548 4116 τις
578 4052 910 4123 ἐκδιηγεῖται
940 4052 1086 4122 ὑμῖν.
1118 4052 1192 4105 Τὸ
1219 4050 1363 4123 πρωῒ
1389 4053 1554 4123 ἐρεῖς
1574 4050 1701 4115 Πῶς
1716 4050 1931 4119 ἐγένετο

339 4144 576 4214 ἑσπέρας
592 4144 688 4197 καὶ
710 4144 769 4196 τὸ
787 4143 1042 4217 ἑσπέρας·
1072 4142 1196 4207 Πῶς
1215 4142 1435 4212 ἐγένετο
1451 4144 1632 4212 πρωῖ;
1668 4161 1686 4194 ι
1726 4141 1928 4212 Ἀμὼς,

2027 1887 2310 1951 sputorum
2341 1881 2383 1937 ".
2424 1900 2444 1934 ι
2476 1880 2543 1936 Ει
2570 1896 2788 1947 rursus,
2830 1900 2849 1934 ι
2879 1881 3000 1938 Νοιι
3058 1882 3292 1938 habebat
3347 1882 3608 1952 speciem,

2026 1985 2205 2041 neque
2237 1969 2512 2035 decorem,
2573 1971 2670 2027 sed
2710 1974 2923 2042 species
2977 1973 3098 2043 ejus
3153 1972 3499 2040 inhonorata,
3555 1979 3610 2028 et

2027 2060 2288 2117 deﬁciens
2312 2076 2426 2133 pra:
2464 2061 2592 2120 filiis
2651 2063 2934 2118 hominum
2959 2062 3003 2117 °.
3040 2081 3059 2116 ι
3120 2061 3188 2117 Ει
3239 2077 3434 2119 rursus
3482 2077 3608 2116 cum

2029 2150 2144 2205 haec
2173 2150 2427 2213 dixisset,
2483 2151 2579 2218 ait,
2631 2169 2651 2204 ι
2685 2150 3104 2208 Generationem
3128 2153 3252 2224 ejus
3288 2153 3416 2222 quis
3448 2168 3611 2208 enar-

2029 2242 2174 2297 rabit
2200 2242 2271 2295 ’ἲ
2311 2262 2329 2293 ι
2372 2241 2565 2309 David,
2627 2262 2647 2296 ι
2689 2243 2956 2311 Quoniam
3006 2244 3485 2301 circumdederunt
3526 2260 3613 2301 me

2029 2326 2197 2390 canes
2219 2334 2401 2403 multi,
2460 2335 2759 2390 concilium
2792 2336 3209 2406 malignantium
3240 2336 3457 2392 obsedit
3501 2350 3609 2391 me.

2028 2423 2307 2480 Foderunt
2334 2440 2528 2481 manus
2554 2442 2724 2493 meas,
2758 2434 2810 2483 et
2844 2428 3006 2497 pedes
3057 2443 3251 2495 meos;
3291 2428 3610 2485 dinumera-

2032 2524 2228 2570 verunt
2260 2516 2443 2570 omnia
2474 2532 2599 2573 ossa
2630 2534 2771 2574 mea.
2810 2517 2918 2589 Ipsi
2964 2534 3098 2576 vero
3122 2520 3612 2576 consideraverunt

2032 2614 2087 2663 et
2143 2608 2500 2677 inspexerunt
2558 2625 2681 2675 me;
2747 2610 3056 2667 diviserunt
3115 2610 3219 2666 sibi
3286 2613 3610 2666 vestimenta

2034 2693 2176 2765 mea,
2206 2708 2259 2754 et
2286 2715 2450 2770 super
2481 2708 2688 2757 vestem
2719 2716 2895 2758 meam
2939 2704 3209 2759 miserunt
3244 2711 3447 2758 sortem
3479 2701 3546 2757 ιο.
3584 2720 3605 2754 ι

2032 2788 2314 2857 Jeremias,
2355 2811 2374 2845 ι
2402 2793 2515 2864 Ego
2560 2801 2742 2850 autem
2789 2796 2946 2865 quasi
2978 2810 3149 2866 agnus
3199 2796 3464 2852 innocens
3505 2793 3606 2848 du-

2034 2891 2156 2938 ctus
2212 2884 2280 2938 ad
2340 2885 2759 2953 immolandum,
2810 2902 2919 2942 non
2950 2888 3345 2959 cognoscebam
3379 2889 3446 2942 ιι.
3479 2907 3497 2941 ι
3550 2886 3615 2942 Et

2032 2989 2252 3040 rursus,
2284 2994 2303 3028 ι
2347 2977 2556 3041 Venite,
2602 2989 2656 3035 et
2709 2966 2995 3035 mittamus
3052 2979 3260 3050 lignum
3318 2979 3374 3033 in
3420 2992 3613 3050 panem

2031 3064 2170 3137 ejus,
2211 3075 2266 3121 et
2313 3076 2629 3124 exteramus
2656 3083 2780 3124 eum
2840 3084 2871 3125 e
2925 3068 3256 3134 viventibus,
3310 3074 3364 3124 et
3415 3081 3613 3122 nomen

2036 3158 2154 3229 ejus
2179 3174 2289 3215 non
2311 3167 2644 3216 memoretur
2674 3160 2912 3230 amplius
2943 3160 3007 3213 ".
3049 3178 3068 3212 ι
3108 3157 3437 3223 Zacharias,
3483 3173 3503 3207 ι
3551 3155 3617 3209 Et

2036 3260 2365 3321 acceperunt
2400 3251 2624 3322 triginta
2676 3260 2965 3323 argenteos
2999 3250 3236 3322 pretium
3297 3246 3611 3319 appretiati,

2035 3359 2200 3416 quem
2241 3344 2689 3416 appretiaverunt
2724 3358 2756 3398 a
2795 3344 2923 3399 ﬁliis
2978 3344 3178 3411 Israel;
3228 3349 3283 3397 et
3323 3341 3592 3398 dederunt

2034 3453 2131 3494 eos
2186 3437 2242 3491 in
2300 3451 2491 3508 agrum
2546 3436 2714 3508 ﬁguli,
2773 3438 2918 3493 sicut
2985 3435 3273 3491 constituit
3324 3434 3459 3489 mihi
3512 3432 3618 3488 Do-

2034 3530 2220 3585 minus
2242 3530 2306 3583 ".
2322 3549 2340 3582 ι

2038 3662 2147 3718 Vll.
2182 3662 2262 3718 De
2291 3677 2466 3729 cruce,
2497 3670 2547 3716 et
2578 3660 2804 3784 tenel‘wris
2832 3675 2950 3785 quia
2994 3661 3049 3715 in
3081 3658 3282 3715 Christi
3326 3664 3495 3712 morte
3529 3656 3615 3725 fa—

2666 3748 2694 3785 c
2725 3748 2769 3785 az
2795 3748 2893 3785 sun
2925 3770 2938 3785 .

2666 3741 2769 3788 σιω
2795 3741 2938 3787 sunt.

2115 3879 2134 3912 ι
2174 3859 2444 3919 Videbitis
2472 3860 2637 3915 vitam
2671 3865 2910 3915 vestram
2931 3858 3256 3930 pendentem
3279 3862 3404 3911 ante
3426 3855 3618 3910 oculos

2037 3957 2273 4015 vestros,
2306 3958 2494 4007 etnon
2534 3947 2792 4012 credetis,
2829 3948 2873 4004 si
2907 3947 3032 4017 quis
3065 3945 3406 4002 enarraverit
3439 3942 3615 4000 vobis.

2041 4040 2196 4097 Mane
2228 4042 2380 4097 dices
2426 4060 2438 4095 :
2486 4039 2770 4107 Quomodo
2799 4037 2943 4093 facta
2972 4046 3059 4093 est
3108 4036 3376 4106 vespera?
3423 4033 3489 4089 Et
3520 4050 3618 4090 ve-

2040 4134 2222 4205 speri:
2255 4132 2537 4199 Quomodo
2569 4132 2774 4187 factum
2804 4139 2890 4186 est
2918 4144 3076 4184 mane
3109 4129 3192 4181 “‘i
3221 4148 3238 4180 ι
3269 4130 3455 4195 Amos,
3493 4146 3512 4179 ι
3552 4126 3619 4181 Et

347 4252 366 4282 ι
397 4209 505 4286 Kal
529 4209 685 4287 ἔσται
719 4235 777 4286 ὲν
802 4235 870 4304 τῇ
893 4209 1076 4304 ἡμέρᾳ
1098 4209 1304 4303 ἐκείνη,
1331 4230 1479 4300 λέγει
1497 4209 1712 4301 ⁷Κύριος
1732 4232 1759 4285 ὁ
1778 4209 1925 4296 Θεὸς,

2040 4226 2145 4281 erit
2170 4225 2226 4279 in
2251 4224 2341 4280 die
2371 4224 2482 4291 illa,
2510 4209 2644 4278 dicit
2665 4220 2930 4277 Dominus
2963 4219 3127 4285 Deus,
3152 4218 3375 4274 Occidet
3399 4218 3480 4273 sol
3501 4233 3618 4273 me-

339 4324 574 4379 Δύσεται
629 4327 661 4379 ὁ
704 4324 856 4397 ἥλιος
906 4324 1288 4397 μεσημϐρίας,
1348 4325 1443 4377 ml
1497 4323 1821 4376 συσκοτάσει
1876 4323 1925 4376 ὲν

2040 4318 2203 4381 ridie,
2249 4326 2304 4372 et
2343 4316 2802 4374 contenebrescet
2833 4313 2889 4369 in
2935 4312 3024 4369 die
3061 4312 3154 4366 lux
3181 4312 3245 4365 ¹⁵.
3281 4329 3298 4361 ι
3323 4308 3612 4375 Jeremias,

339 4417 527 4489 ἡμέρα
557 4416 621 4470 τὸ
653 4415 790 4485 φῶς.
835 4434 854 4467 ι
899 4415 1190 4487 Ἱερεμίας,
1223 4434 1241 4467 ι
1292 4413 1583 4467 Ἐπὲδυσεν
1614 4413 1642 4465 ὁ
1669 4413 1820 4484 ἥλιος
1853 4412 1925 4465 ἔτι

2048 4428 2066 4461 ‹
2101 4406 2314 4464 Occidit
2364 4407 2468 4468 sol,
2531 4420 2658 4460 cum
2716 4403 2894 4460 adhuc
2919 4402 3133 4459 medius
3184 4399 3302 4455 dies
3323 4398 3548 4455 esset“.
3593 4415 3613 4450 ι

343 4507 624 4581 μεσούσης
665 4509 765 4579 τῆς
793 4508 1026 4580 ἡμέρας.
1067 4528 1085 4560 ι
1132 4507 1382 4570 Ἡσαΐας,
1415 4524 1433 4557 ι
1473 4504 1640 4575 Ὅλην
1664 4503 1762 4575 τὴν
1800 4503 1925 4576 ὴμέ·

2041 4500 2231 4568 Isaias,
2267 4518 2285 4552 ι
2320 4497 2458 4555 Tota
2488 4497 2577 4554 die
2611 4497 2848 4569 expandi
2876 4510 3073 4550 manus
3090 4508 3239 4549 meas
3257 4492 3324 4547 ad
3356 4489 3616 4562 populum
3720 4512 3726 4519 ι

344 4618 445 4673 ραν
513 4600 813 4655 διεπέτασα
866 4601 965 4664 τὰς
1029 4599 1217 4671 χεῖράς
1266 4615 1366 4668 μου
1421 4597 1558 4668 πρὸς
1600 4595 1730 4649 λαὸν
1783 4596 1925 4649 ἀντι-

2041 4592 2413 4657 incredulum,
2466 4597 2523 4646 et
2567 4588 3040 4645 contradicentem
3095 4585 3161 4640 ν’.
3200 4602 3219 4636 ι
3286 4582 3352 4636 Ει
3401 4594 3616 4644 rursus,

341 4671 608 4761 λέγοντα,
654 4693 750 4746 καὶ
791 4690 1137 4746 ἀπειθοῦντα.
1183 4710 1200 4742 ι
1244 4691 1356 4744 Kal
1405 4688 1604 4754 πάλιν,
1661 4707 1680 4741 ‹
1732 4688 1925 4760 ’Ἄρατε

2049 4704 2068 4737 ι
2109 4683 2306 4740 Levate
2332 4686 2546 4750 signum
2572 4684 2623 4737 in
2642 4689 2833 4753 gentes
2862 4680 2929 4733 ιθ.
2968 4697 2987 4730 ι
3015 4678 3079 4732 Ει
3102 4691 3319 4740 rursus,
3348 4693 3367 4726 ι
3392 4671 3457 4726 Ει
3488 4678 3620 4726 tunc

341 4783 632 4854 σύσσημον
692 4785 773 4846 είς
819 4783 887 4836 τὰ
930 4781 1079 4854 ἔθνη.
1123 4802 1142 4834 ›
1182 4781 1289 4835 Kal
1344 4779 1526 4844 πάλιν,
1586 4799 1604 4831 ι
1643 4779 1754 4833 Kal
1811 4779 1925 4832 τότε

2039 4776 2156 4831 haec
2167 4771 2857 4837 consumniabuntur,dicit
2880 4769 3164 4830 Dominus,
3182 4764 3400 4837 quando
3415 4765 3618 4833 lignum

342 4875 518 4926 ταῦτα
571 4872 1090 4944 συντελεσθήσεται,
1137 4872 1287 4941 λέγει
1334 4871 1560 4944 Κύριος,
1608 4872 1737 4925 ὅταν
1778 4869 1925 4935 ξύλον

2045 4865 2319 4936 lignorum
2342 4864 2639 4920 inclinatus
2675 4862 2854 4929 luerit,
2873 4868 2928 4916 et
2974 4867 3240 4930 resurget,
3274 4865 3330 4912 et
3351 4853 3620 4925 quandoe

341 4962 520 5029 ξύλων
560 4963 754 5036 κλιθῇ,
807 4964 903 5019 καὶ
955 4965 1193 5037 ἀναστῇ,
1228 4964 1322 5017 ml
1349 4965 1475 5017 ὅταν
1508 4964 1571 5016 ὲκ
1602 4961 1758 5029 ξύλου
1797 4956 1925 5032 αἷμα

2042 4957 2190 5030 ligno
2210 4957 2434 5030 sanguis
2460 4955 2746 5013 distillabit
2768 4955 2830 5009 ³⁸.
2844 4953 3218 5015 )Zacharias,¢
3232 4949 3297 5003 Et
3313 4949 3439 5012 erit,
3463 4947 3519 5002 in
3534 4946 3622 5000 die

415 5122 442 5155 ⁵
474 5122 582 5177 lsa.
614 5136 738 5190 LIII,
775 5121 894 5178 4-9.
971 5121 1113 5179 'lsa.
1146 5138 1265 5185 Lm,
1296 5122 1384 5175 12.
1485 5121 1507 5154 ⁷
1530 5120 1633 5177 lsa.
1668 5136 1722 5186 ι,
1756 5120 1813 5177 6.
1887 5123 1910 5155 ⁸

2030 5163 2036 5175 ,
2069 5139 2188 5187 cur,
2216 5122 2275 5177 2.
2385 5121 2558 5180 “ibid.
2591 5122 2645 5177 8.
2760 5122 2803 5153 ¹⁰
2825 5119 2971 5176 Psal.
3007 5130 3124 5179 xxi,
3151 5115 3341 5190 _l7-_l_9_.
3441 5113 3481 5144 τι
3504 5108 3617 5190 Jer.

344 5208 427 5252 ιι.
458 5193 546 5248 19.
626 5181 828 5249 "ibid.
878 5192 922 5229 “
943 5192 1109 5248 Zach.
1140 5209 1215 5256 ιι,
1251 5181 1352 5258 12;
1389 5190 1580 5247 Matth.
1626 5181 1797 5256 xxvii,
1832 5192 1923 5248 10.

2030 5181 2219 5250 *Πευι
2249 5208 2446 5260 xxvm,
2477 5192 2568 5258 66,
2606 5193 2694 5248 6'7.
2740 5193 2783 5224 ¹⁵
2807 5193 2974 5244 Amos
3002 5203 3118 5252 vm,
3143 5186 3197 5241 9.
3245 5181 3416 5238 πελεν.
3455 5181 3616 5245 ιγ,9.

351 5265 391 5296 ⁸⁷
412 5262 522 5319 lsa.
552 5279 682 5330 va,
716 5262 883 5329 2,12.
965 5264 1133 5320 ¹⁸Ιε;ι.
1158 5279 1291 5327 uti,
1317 5264 1406 5320 l0.
1486 5262 1527 5294 "
1552 5261 1718 5317 Zach.
1747 5277 1862 5331 xw,
1898 5264 1953 5331 6,
1981 5263 2033 5319 7.

425 5397 835 5481 (61)Verbum,_
856 5397 1081 5481 εύρξθη,
1110 5397 1265 5453 deest
1295 5397 1349 5481 in
1372 5396 1618 5481 editione
1658 5394 1802 5481 LXX
1846 5395 1925 5481 In:

2038 5400 2331 5481 περιίαιιθηι
2355 5404 2664 5481 sem"!!!
2699 5390 3453 5481 ξιιξείηυβ,ίη,9ἱα,ἔιίεζ·,,ςα’ῖ³.
3484 5387 3618 5481 Ἦ·

350 5458 685 5553 terprétum,
722 5458 849 5553 _sed_
890 5458 1139 5553 habetat-in
1170 5468 1314 5550 apud
1364 5466 1677 5553 Iustinum,
1705 5474 1760 5523 et
1788 5466 1925 5553 apud

2041 5472 2230 5553 pingue,
2262 5486 2414 5553 “pag.
2436 5458 2572 5531 '299,
2602 5464 2995 5553 Tertulliani-1s,
3045 5458 3356 5553 Qypria'nus
3403 5458 3616 5553 gilii.

349 5532 692 5624 ἓξίὁεκᾳμοε
722 5540 912 5624 lau‘dat
963 5532 1221 5624 Nobiliu‘s'
1243 5539 1299 5592 in
1337 5537 1760 5624 notia-“quibus
1798 5532 1940 5594 adde
2042 5532 2485 5624 ;_§§4)_l):ivérsa
2516 5548 2599 5594 est
2623 5536 2788 5606 hujus
2829 5534 2935 5624 luci
2961 5532 3353 5624 lect'iojajnmin

350 5598 765 5668 Ti-rti'tll'ianum
789 5610 1055 5665 Adversus
1076 5607 1323 5675 Juda'os,
1347 5624 1469 5680 cap.
1496 5598 1592 5665 1οῖ
2047 5598 2189 5666 LXX
2216 5598 2609 5682 ’Interpretum,
2669 5598 2832 5679 quam
2861 5603 3005 5677 apud
3051 5600 3358 5671 Justinum,
3401 5598 3566 5668 Tertu
3592 5625 3616 5638 -

433 5682 548 5752 (62)
578 5681 765 5738 Codex
800 5680 1099 5752 antiquior,
1134 5683 1200 5735 ἐκ
1216 5677 1445 5752 τούτου.Δ
2046 5683 2252 5737 lianum
2284 5690 2337 5738 et
2365 5682 2523 5737 alios.

624 5690 765 5736 odex
800 5690 1099 5749 antiquior,
1134 5690 1200 5735 εκ
1216 5690 1431 5733 τούτου.
1567 5747 1575 5749 _

2048 5690 2193 5737 Iianu
2203 5697 2252 5737 m
2284 5690 2337 5738 ει
2365 5690 2523 5737 alios.

434 5747 551 5822 (6‘2)
587 5752 772 5809 Editio
802 5747 1194 5823 LXXlnterpr.
1244 5750 1354 5804 ἀπὸ
1381 5750 1483 5821 γῆς
1512 5747 1751 5816 ζώντων,
1772 5760 1939 5819 quam
