4034 6132
338 249 445 304 2l7

1397 255 1811 313 TESTIMONIA
1856 255 2231 316 ADVERSUS
2268 261 2582 320 Π]υῶΟᾶ

3521 268 3625 324 213

346 367 564 436 ὑγιάσει
604 367 752 440 ἡμᾶς
798 371 938 442 μετὰ
982 371 1076 426 δύο
1127 374 1381 446 ἡμέραςο
1434 378 1494 430 ἐν
1537 379 1603 447 τῇ
1639 376 1824 449 ήμέρξι
1862 378 1929 449 τῇ

2047 377 2204 435 laciet
2253 389 2377 451 post
2427 382 2547 440 dies
2601 382 2769 450 duos;
2814 382 2870 437 in
2914 382 3003 438 die
3059 381 3225 439 tertio
3265 396 3624 454 resurgemus

354 458 504 530 τρίτη
531 461 954 534 ἀναστησόμεθα
994 464 1228 519 ἐνώπιον
1256 467 1446 535 αὐτού,
1468 470 1562 522 καὶ
1585 468 1936 539 γνωσόμεθα,

345 550 628 622 διώξωμεν
669 554 763 609 τοῦ
796 556 997 625 γνῶναι
1042 560 1134 613 τὸν
1180 561 1382 633 Κύριον
1415 562 1567 632 (75),
1611 561 1687 628 ὡς
1740 562 1940 634 ὄρθρον

344 643 570 714 ἕτοιμον
607 646 913 719 εὑρήσομεν
943 651 1056 720 (74)
1099 652 1281 707 αὐτόν.
1323 672 1343 705 3
1400 654 1586 719 Δαϐἲδ,
1627 672 1646 706 ι
1690 654 1813 708 Ὅτι
1838 655 1940 708 οὐκ

341 736 763 806 ἐγκαταλείψεις
797 741 896 811 τὴν
924 740 1105 812 ψυχήν
1139 761 1240 813 μου
1288 745 1369 807 είς
1413 744 1567 817 ᾅδην,
1595 744 1716 800 οὐδὲ
1748 745 1941 809 δώσεις

342 827 437 881 τὸν
468 830 614 884 ὅσιόν
646 848 738 884 σου
773 832 899 886 ἰδεῖν
930 834 1246 907 διαφθοράν.
1283 858 1302 890 3
1340 836 1446 892 Kal.
1488 838 1672 903 πάλιν,
1712 855 1733 888 ι
1781 838 1938 906 Ἐγε-

344 919 520 993 νήθην
560 923 694 978 ὡσεὶ
747 925 1033 998 ἄνθρωπος
1071 930 1394 1002 ἀϐοήθητος,
1430 932 1488 984 ἐν
1522 932 1739 1002 νεκροῖς
1782 928 1939 983 ἐλεύ-

345 1011 525 1085 θερος.
571 1035 591 1069 3
626 1018 724 1082 Τίς
761 1018 819 1071 δὲ
867 1019 1148 1094 ἐλεύθερος
1198 1022 1460 1091 θανάτου,
1515 1024 1564 1077 εἰ
1599 1022 1676 1095 μὴ
1704 1025 1733 1077 6
1770 1022 1939 1088 Θεός;

346 1104 545 1175 Γέγονε
573 1108 683 1181 γὰρ
718 1110 854 1164 ὡσεὶ
898 1111 1186 1185 ἄνθρωπος
1224 1115 1562 1187 ἀϐοήθητος,
1595 1110 1940 1178 ταπεινώσας

344 1194 446 1266 τὴν
515 1198 713 1253 ἐαυτοῦ
786 1204 965 1274 σάρκα
1022 1203 1184 1276 μέχρι
1242 1203 1507 1270 θανάτου,
1583 1204 1813 1259 θανάτου
1882 1204 1940 1257 δὲ

346 1293 611 1362 σταυροῦ.
660 1295 910 1362 Ἠσαῖας,
948 1316 967 1349 ι
1020 1298 1150 1353 Ἰδοὺ
1183 1298 1297 1369 (75)
1321 1299 1512 1371 τίθημι
1536 1299 1594 1352 ἐν
1627 1298 1766 1353 Σιὼν
1794 1295 1939 1351 λίθον

344 1381 767 1453 ἀκρογωνιαῖον.
793 1390 1069 1457 ἐκλεκτὸν,
1098 1390 1314 1462 ἔντιμον
1337 1408 1352 1424 ο
1387 1393 1483 1446 καὶ⁵
1506 1393 1535 1446 6
1567 1388 1837 1449 πιστεύων
1859 1391 1941 1452 είς

347 1476 515 1529 αὐτὸν
538 1479 598 1531 οὐ
631 1482 1182 1554 καταισχυνθήσεται.
1210 1503 1230 1536 3
1257 1484 1452 1553 Γέγονε
1481 1483 1591 1556 γὰρ
1618 1503 1637 1536 ι
1668 1484 1748 1547 εἰς
1770 1499 1941 1554 κεφα-

343 1564 447 1636 λὴν
478 1571 699 1635 γωνίας,
730 1591 749 1624 3
777 1573 969 1645 ἑτέρας
992 1574 1196 1646 δηλαδὴ
1221 1575 1510 1647 οἰκοδομῆς
1532 1574 1645 1649 (76)
1670 1576 1769 1646 τῆς
1796 1574 1937 1629 κατὰ

346 1658 446 1730 τὴν
490 1660 841 1735 Ἐκκλησίαν,
857 1666 979 1738 ἥτις
1001 1667 1118 1721 ἐστὶ
1145 1667 1259 1740 (77)
1294 1667 1581 1741 θαυμαστὴ
1611 1669 1704 1722 ἐπὶ⁵
1739 1667 1938 1737 ὀφθαλ-

351 1754 474 1821 μοῖς
504 1754 684 1825 ήμῶν.

743 1848 819 1904 Θ’.
862 1852 998 1922 Περὶ
1025 1853 1137 1922 τῆς
1168 1854 1552 1924 ἀναλήψεως.

415 1938 606 2002 Δαϐὶδ,
643 1959 661 1991 ι
699 1941 892 2015 Ἀνέϐη
936 1947 964 1999 6
991 1946 1123 2009 θεὸς
1169 1949 1226 2000 ἐν
1268 1946 1590 2017 ἀλαλαγμῷ,
1628 1945 1828 2015 Κύριος
1880 1947 1940 1998 ἐν

344 2033 499 2102 φωνῇ
544 2033 864 2105 σάλπιγγος.
902 2057 922 2090 3
958 2039 1081 2092 Ὅτι
1121 2039 1178 2093 δὲ
1207 2040 1336 2112 περὶ
1368 2039 1462 2094 τοῦ
1498 2041 1751 2110 Σωτῆρος
1780 2037 1938 2109 ήμῶν

343 2122 622 2190 λέλεκται,
640 2128 839 2199 Δανιὴλ
852 2129 1022 2198 λέγει,
1040 2151 1059 2182 ι
1098 2131 1416 2203 Ἐθεώρουν,
1439 2151 1457 2183 3
1478 2134 1631 2204 φησὶ,
1656 2152 1674 2182 ι
1705 2132 1798 2185 καὶ
1830 2129 1937 2182 ἰδοὺ

347 2211 533 2285 θρόνοι
582 2217 867 2290 ἐτέθησαν,
925 2221 1018 2274 καὶ
1061 2222 1295 2286 Παλαιὸς
1346 2222 1571 2294 ἡμερῶν
1614 2221 1869 2293 ἐκάθητο.
1912 2239 1932 2270 3

345 2304 450 2359 Καὶ
502 2308 645 2378 μετά
687 2326 831 2375 τινα,
884 2330 902 2361 ι
942 2310 1047 2367 Καὶ
1077 2313 1186 2367 ἰδοὺ
1227 2313 1369 2377 μετὰ
1414 2312 1522 2366 τῶν
1571 2312 1811 2383 νεφελῶν
1843 2310 1936 2364 τοῦ

344 2400 605 2467 ούρανοῦ,
639 2401 716 2465 ὡς
743 2403 870 2467 Υἱὸς
894 2404 1184 2476 ἀνθρώπου
1210 2406 1506 2478 ἐρχόμενος
1531 2423 1544 2438 ο
1577 2408 1672 2460 καὶ
1704 2406 1810 2470 ἕως
1841 2404 1936 2459 τοῦ

346 2491 591 2546 Παλαιοῦ
631 2493 739 2548 τῶν
780 2496 1003 2566 ἡμερῶν
1050 2495 1272 2565 ἔφθασε,
1320 2498 1418 2551 καὶ
1473 2496 1755 2569 προσήχθη
1800 2498 1934 2569 (78)·

343 2585 498 2654 αὐτῷ
525 2585 687 2657 ἐδόθη
717 2589 750 2657 ἡ
783 2588 939 2659 τιμὴ,
962 2588 1056 2641 καὶ
1081 2590 1115 2659 ή
1138 2588 1302 2660 ἀρχὴ,
1331 2588 1425 2642 καὶ
1451 2590 1483 2658 ή
1525 2587 1797 2659 βασιλείαν
1845 2588 1939 2641 καὶ⁸

343 2677 550 2741 πάντες
596 2680 647 2732 oi
692 2680 844 2746 λαοὶ,
881 2680 1076 2751 φυλαὶ,
1114 2682 1209 2734 καὶ
1264 2681 1506 2749 γλῶσσαι
1558 2678 1937 2734 δουλεύσουσιν

343 2767 530 2838 αὐτῷ’
570 2770 603 2839 ἡ
650 2771 869 2836 ἐξουσία
918 2771 1122 2836 αὑτοῦ,
1162 2772 1380 2836 ἐξουσία
1431 2770 1680 2835 αἰώνιος.
1710 2771 1834 2841 ἥτις
1875 2768 1936 2822 οὐ

345 2860 717 2931 παρελεύσει,
774 2863 868 2915 καὶ
898 2864 931 2932 ή
979 2862 1226 2933 βασιλεία
1256 2860 1420 2916 αὐτοῦ
1460 2863 1521 2915 οὐ
1570 2861 1937 2932 διαφθαρήσε-

348 2969 459 3005 ται.
493 2972 512 3004 3
544 2951 651 3006 Kal.
671 2952 901 3024 ἀλλαχοῦ
923 2954 1108 3018 Δαϐὶδ,
1135 2972 1154 3006 ι
1184 2950 1352 3008 Εἶπεν
1378 2956 1407 3007 6
1429 2953 1626 3024 Κύριος·
1647 2952 1724 3024 τῷ
1748 2951 1937 3024 Κυρίῳ

2039 482 2222 524 coram
2253 484 2340 536 eo,
2380 478 2435 526 et
2462 472 2719 528 sciemus.
2771 471 3173 544 Persequamur
3205 481 3265 528 ut
3314 489 3624 543 cognosca—

2039 576 2163 616 mus
2209 560 2522 626 Dominum,
2571 565 2731 635 quasi
2776 582 2938 621 mane
2986 575 3238 634 paratum
3280 566 3623 621 inveniemus

2039 667 2162 706 eum
2210 655 2278 706 ".
2318 673 2335 706 3
2395 654 2583 721 David,
2622 674 2640 706 ι
2680 657 2950 723 Quoniam
2979 674 3089 712 non
3117 659 3472 730 derelinques
3511 659 3627 712 ani-

2040 760 2184 800 mam
2212 761 2386 802 meam
2412 748 2465 802 in
2493 747 2714 804 inferno
2743 768 2756 803 :
2793 764 2970 820 neque
3004 751 3161 807 dabis
3191 761 3445 807 sanctum
3472 761 3624 804 unum

2037 839 2222 893 videre
2253 844 2661 910 corruptionem
2703 841 2769 895 ³ο.
2815 860 2834 894 3
2868 841 2929 895 Et
2953 858 3167 909 rursus,
3213 862 3232 894 ι
3266 843 3466 899 Factus
3498 860 3620 898 sum

2040 927 2187 983 sicut
2237 928 2401 984 homo
2427 931 2547 986 sine
2575 931 2852 1001 adjutorio
2886 933 3029 988 inter
3053 941 3300 989 mortuos
3331 934 3470 987 liber
3505 934 3570 987 ".
3599 952 3618 985 3

2039 1021 2177 1089 Quis
2221 1037 2348 1078 vero
2392 1024 2532 1079 liber
2582 1040 2612 1078 a
2662 1034 2838 1081 morte
2881 1025 2989 1081 nisi
3039 1025 3225 1080 Deus?
3288 1025 3491 1081 Factus
3542 1036 3626 1082 est

2039 1117 2183 1171 enim
2210 1117 2351 1171 sicut
2375 1119 2538 1171 homo
2565 1119 2769 1173 auxilio
2798 1117 3118 1184 destitutus,
3152 1134 3279 1173 cum
3315 1119 3625 1173 humiliavit

2040 1222 2261 1263 carnem
2311 1224 2468 1263 suam
2518 1225 2696 1279 usque
2752 1210 2821 1265 ad
2855 1218 3111 1275 mortem,
3159 1219 3394 1263 mortem
3442 1217 3623 1263 autem

2040 1301 2245 1356 crucis.
2298 1298 2494 1365 Isaias,
2551 1320 2570 1354 ι
2608 1302 2752 1356 Ecce
2791 1318 2892 1373 ego
2927 1316 3067 1374 pono
3118 1302 3172 1356 in
3214 1301 3345 1357 Sion
3390 1301 3623 1371 lapidem

2041 1407 2315 1449 summurn
2339 1394 2678 1464 angularem,
2708 1394 2967 1457 electum,
2994 1392 3411 1459 honorabilem;
3448 1399 3501 1447 et
3530 1392 3625 1463 qui

2041 1485 2338 1542 crediderit
2389 1486 2445 1540 in
2480 1501 2628 1551 eum,
2683 1502 2790 1540 non
2821 1487 3193 1541 confundetur
3232 1484 3298 1539 ⁸².
3341 1503 3359 1536 3
3397 1482 3625 1538 Factum

2040 1584 2127 1633 est
2169 1579 2314 1634 enim
2356 1596 2374 1630 ι
2403 1579 2456 1633 in
2508 1586 2673 1650 caput
2716 1580 2902 1650 anguli
2955 1578 2999 1610 ³³
3040 1598 3086 1642 3,
3121 1577 3348 1633 alterius
3374 1575 3627 1632 videlicet

2042 1672 2583 1742 aediﬁciiEcclesiae
2641 1690 2763 1745 quae
2818 1681 2906 1729 est
2976 1673 3253 1729 mirabilis
3328 1671 3384 1727 in
3448 1670 3625 1727 oculis

2044 1767 2273 1823 nostris.

2533 1856 2623 1912 1X.
2668 1857 2748 1913 De
2786 1858 3123 1914 Ascensione.

2109 1947 2305 2016 David,
2362 1965 2380 2000 ι
2422 1948 2686 2004 Ascendit
2722 1948 2867 2005 Deus
2917 1949 2971 2003 in
3010 1950 3211 2019 jubilo,
3265 1946 3530 2001 Dominus
3571 1944 3623 1998 in

2039 2057 2173 2098 voce
2212 2042 2357 2097 tuba
2399 2042 2467 2099 “.
2502 2061 2521 2094 3
2579 2040 2706 2097 llaec
2752 2050 2934 2097 autem
2985 2043 3052 2098 de
3113 2041 3404 2095 Salvatorc
3437 2050 3628 2094 nostro

2040 2135 2234 2197 asseri,
2280 2149 2344 2190 ex
2381 2149 2447 2189 eo
2475 2135 2773 2204 colligitur,
2809 2136 2957 2205 quod
3003 2133 3192 2187 Daniel
3219 2131 3391 2197 dicat,
3431 2149 3448 2180 ι
3489 2129 3628 2184 Ecce

2038 2227 2222 2280 throni
2271 2227 2430 2297 positi
2483 2234 2633 2286 sunl,
2666 2237 2719 2281 et
2765 2227 3039 2296 Antiquus
3079 2224 3291 2278 dierum
3334 2222 3475 2277 sedit
3506 2223 3569 2273 ³⁸.
3603 2241 3621 2275 3

2040 2312 2105 2367 Et
2142 2315 2301 2384 paulo
2349 2323 2491 2384 post,
2542 2333 2560 2365 ι
2603 2313 2669 2368 Et
2700 2330 2829 2371 ecce
2860 2331 2985 2370 cum
3022 2315 3266 2371 nubibus
3311 2313 3435 2369 εωιί
3468 2311 3628 2383 quasi

2039 2404 2211 2461 Filius
2259 2405 2502 2461 hominis
2549 2407 2811 2469 veniens.
2865 2417 2919 2462 et
2982 2422 3158 2479 usque
3207 2406 3275 2462 ad
3326 2406 3628 2474 Antiquum

2044 2496 2258 2553 dierum
2301 2498 2548 2569 pervenit
2603 2506 2658 2554 et
2702 2498 2975 2554 adductus
3023 2509 3125 2555 est.
3160 2500 3267 2569 ipsi
3326 2498 3488 2554 datus
3542 2506 3627 2553 est

2042 2590 2234 2654 honor,
2274 2589 2645 2659 principatus,
2681 2597 2737 2643 et
2776 2604 3028 2660 regnum,
3080 2597 3133 2644 et
3185 2603 3375 2643 omnes
3416 2586 3624 2658 pepuli,

2042 2682 2237 2745 tribus,
2285 2691 2339 2735 et
2388 2683 2585 2749 lingua:
2616 2680 2724 2751 ipsi
2763 2682 3025 2736 servient.
3073 2678 3326 2735 Potestas
3359 2679 3500 2749 ejus,
3536 2693 3628 2748 ρος

2043 2778 2210 2825 testas
2228 2769 2590 2840 sempiterna,
2614 2786 2739 2841 qum
2770 2787 2878 2824 non
2905 2771 3262 2841 pertransibit
3281 2790 3292 2825 :
3314 2778 3368 2825 et
3400 2784 3627 2840 regnum

2039 2864 2158 2931 ejus
2183 2879 2289 2917 non
2318 2871 2703 2934 corrumpetur
2724 2863 2791 2917 ".
2831 2881 2849 2914 ι
2890 2862 2953 2916 Ει
2980 2862 3184 2917 alicubi
3206 2860 3398 2923 David,
3432 2880 3449 2912 ι
3480 2860 3627 2914 Dixit

2041 2954 2303 3010 Dominus
2336 2954 2565 3008 Domino
2598 2971 2754 3010 meo:
2784 2954 2924 3010 Sede
2958 2969 2986 3008 a
3021 2954 3232 3009 dextris
3265 2955 3424 3017 meis,
3451 2953 3627 3008 donec

352 3059 478 3112 μου’
510 3043 698 3098 Κάθου
736 3047 800 3097 ἐκ
825 3044 1012 3110 δεξιῶν
1050 3063 1172 3115 μου,
1205 3045 1311 3108 ἕως
1347 3044 1412 3099 ἂν
1446 3044 1524 3099 θῶ
1560 3044 1681 3108 τοὺς
1712 3042 1937 3115 ἐχθρούς

2047 3061 2238 3117 ponam
2264 3046 2517 3102 inimicos
2550 3052 2675 3102 tuos
2708 3045 3008 3101 scahellum
3041 3044 3240 3117 pedum
3262 3052 3480 3099 tuorum
3510 3043 3575 3097 ³⁷.
3602 3060 3622 3095 3

352 3150 448 3187 σου
476 3135 767 3189 ὑποπόδιον
792 3135 900 3191 τῶν
935 3137 1111 3190 ποδῶν
1141 3154 1256 3190 σου.
1291 3156 1311 3190 3

564 3228 622 3280 I'.
661 3228 803 3296 Περὶ
839 3227 950 3296 τῆς
976 3228 1167 3299 δόξης
1199 3228 1312 3297 τῆς
1351 3228 1734 3296 Ἑκκλησίας.

420 3318 609 3382 Δαϐὶδ,
665 3337 686 3370 ι
732 3321 986 3392 Παρέστη
1041 3324 1074 3393 ή
1124 3322 1417 3392 βασίλισσα
1470 3324 1535 3377 ἐκ
1581 3320 1771 3386 δεξιῶν
1820 3337 1934 3386 σου,

350 3410 410 3463 ἐν
453 3409 742 3482 ἱματισμῷ
793 3411 1102 3485 διαχρύσῳ,
1141 3414 1604 3486 περιϐεϐλημένη,
1655 3412 1939 3467 πεποικιλ-

351 3502 515 3574 μένη.
1419 3567 1427 3574 .

746 3596 850 3650 ΙΑ’.
892 3598 1032 3666 Περὶ
1066 3597 1176 3667 τῆς
1204 3597 1544 3668 περιτομῆς.

434 3685 655 3757 Ἐροῦσι
693 3688 753 3741 δὲ
794 3688 997 3754 πάντες
1039 3690 1089 3743 οί
1146 3688 1408 3755 Ἰουδαῖοι,
1454 3692 1536 3744 ὃτι
1562 3691 1624 3743 El
1659 3690 1749 3744 τὸν
1779 3689 1940 3744 αὐτὸν

350 3777 483 3831 Θεὸν
524 3778 788 3845 σέϐεσθε,
836 3780 888 3834 τί
920 3782 993 3853 μὴ
1029 3781 1444 3853 περιτέμνεσθε,
1488 3783 1520 3854 ἦ
1549 3782 1665 3847 ζῶα
1702 3783 1941 3854 προσφέ-

355 3887 476 3941 ρετε
515 3872 599 3935 εἰς
644 3871 854 3935 θυσίαν,
900 3872 933 3944 ἢ
980 3872 1359 3938 σαϐϐατίζετε,
1386 3874 1497 3929 τῶν
1528 3875 1765 3945 Γραφῶν
1807 3875 1937 3946 περὶ

351 3963 560 4018 τούτων
590 3963 1056 4035 διαγορευουσῶν;
1112 3963 1460 4019 ’Δκούσονται
1498 3961 1592 4018 οὖν
1623 3964 1759 4035 (79),
1793 3964 1874 4017 ὅτι
1904 3965 1937 4033 ή

354 4057 629 4127 περιτομὴ
675 4058 776 4110 οὐκ
811 4054 880 4129 ἦν
909 4057 968 4122 ἐξ
1004 4058 1201 4129 ἀρχῆς.
1228 4057 1342 4111 ἀλλ’
1381 4058 1441 4110 ἐν
1484 4057 1663 4128 χρόνῳ
1699 4057 1935 4124 ἐγένετο,

353 4146 431 4209 ὡς
459 4148 556 4200 καὶ
598 4150 659 4201 ἐν
683 4148 859 4219 χρόνῳ
883 4148 1203 4220 παυσομένη
1225 4166 1239 4180 ·
1263 4147 1475 4213 ἔπειτα,
1504 4149 1586 4201 ὄτι
1614 4149 1642 4200 6
1670 4148 1801 4212 Θεὸς
1823 4149 1939 4201 δια-

352 4236 661 4307 ταξάμενος
696 4240 809 4300 τοῖς
839 4238 1076 4311 πατράσι
1104 4240 1205 4307 τὴν
1234 4236 1558 4308 περιτομὴν,
1587 4237 1747 4301 αὐτὸς
1765 4234 1937 4302 εἶπεν,

360 4349 378 4380 ι
426 4328 559 4382 Ἰδοὺ
586 4328 789 4399 ἡμέραι
809 4329 1058 4401 ἔρχονται
1082 4328 1229 4399 λέγει
1252 4327 1472 4400 Κύριος,
1499 4330 1590 4382 καὶ
1613 4328 1941 4399 διαθήσομαι

352 4418 429 4488 τῷ
456 4418 592 4489 οἴκῳ
624 4418 734 4490 (80)
783 4419 998 4491 Ἰσραὴλ
1036 4420 1299 4490 διαθήκην
1333 4419 1546 4488 καινὴν,
1579 4418 1640 4471 οὐ
1674 4418 1813 4471 κατὰ
1842 4417 1941 4488 τὴν

350 4509 641 4581 διαθήκην,
682 4509 749 4581 ἢν
798 4509 1052 4583 διεθέμην
1095 4512 1211 4574 τοῖς
1256 4508 1527 4582 πατράσιν
1587 4508 1765 4563 αὐτῶν
1804 4508 1937 4581 (81),

353 4602 754 4673 ἐπιλαϐομένου
790 4620 892 4674 μου
944 4608 1042 4674 τῆς
1085 4604 1267 4673 χειρὸς
1299 4601 1499 4667 αὐτῶν,
1529 4601 1622 4655 τοῦ
1653 4601 1942 4671 ἐξαγαγεῖν

351 4693 553 4757 αὐτοὺς
581 4696 648 4748 ἐκ
675 4696 779 4766 γῆς
799 4694 1095 4763 Αίγύπτου,
1129 4695 1213 4748 ὅτι
1245 4694 1399 4748 αὐτοὶ
1427 4694 1527 4747 οὐκ
1557 4694 1837 4765 ἐνέμειναν
1874 4697 1940 4767 τῇ

351 4785 589 4860 διαθήκῃ
621 4804 747 4859 μου,
776 4787 931 4856 κάγὼ
961 4787 1214 4860 ἠμέλησα
1243 4785 1443 4850 αὐτῶν,
1472 4784 1620 4855 λέγει
1653 4786 1876 4857 Κύριος.
1918 4806 1936 4838 3

353 4879 466 4933 Kal.
490 4879 657 4934 πάλιν
684 4879 1006 4951 αἰτιώμενος
1032 4880 1159 4944 τοὺς
1195 4878 1484 4942 Ἰουδαίους
1509 4877 1677 4948 λέγει,
1707 4896 1726 4929 ι
1758 4879 1943 4934 Πάντα

2467 3224 2536 3280 Χ.
2592 3225 2664 3279 De
2699 3226 2874 3296 gloria
2928 3225 3204 3279 Ecclesiae.

2116 3318 2310 3385 David,
2357 3336 2375 3369 ι
2415 3317 2604 3373 Astitit
2647 3319 2834 3388 regina
2868 3333 2897 3372 a
2945 3317 3154 3373 dextris
3186 3317 3296 3371 tuis
3346 3317 3401 3371 in
3430 3315 3629 3371 vestitu

2044 3413 2330 3475 deaurato,
2378 3410 2810 3476 circumamicta,
2858 3411 3134 3481 variegata
3181 3409 3247 3462 ”.
3286 3427 3305 3461 3

2494 3590 2583 3644 XI.
2637 3588 2714 3644 De
2754 3590 3181 3645 circumcisione.

2117 3686 2310 3740 Dicent
2350 3690 2532 3737 autem
2564 3679 2739 3735 ,ιυὰεεὶ
2774 3696 2966 3737 omnes
3009 3702 3021 3736 :
3060 3680 3114 3735 Si
3151 3680 3403 3737 eumdem
3432 3696 3496 3736 ac
3527 3699 3631 3739 nos

2048 3778 2217 3834 Deum
2247 3772 2608 3838 veneramini,
2641 3787 2743 3827 cur
2770 3788 2877 3826 non
2910 3772 3391 3839 circumeidimini,
3421 3775 3630 3829 anima-

2045 3872 2115 3925 lia
2153 3884 2259 3923 non
2305 3866 2517 3923 ol'l'erlis
2558 3865 2625 3919 ad
2679 3863 3038 3930 sacriﬁcium,
3067 3880 3168 3920 nec
3199 3863 3497 3921 Sabbatum
3539 3882 3631 3922 ce-

2040 3960 2300 4020 lebratis,
2346 3970 2470 4011 cum
2509 3954 2812 4024 Scriptum
2873 3955 2941 4011 de
3006 3956 3092 4011 his
3149 3956 3311 4011 rebus
3369 3973 3631 4029 expresse

2042 4047 2405 4120 praecipiant?
2430 4045 2621 4099 Sciant
2639 4046 2810 4115 igitur
2832 4047 3306 4103 circumcisionem
3329 4064 3440 4103 non
3462 4048 3632 4105 fuisse

2042 4142 2113 4195 ab
2150 4139 2329 4201 initio,
2372 4136 2470 4191 sed
2519 4144 2672 4190 certo
2722 4143 2970 4204 tempore
3007 4137 3310 4192 institutam
3345 4138 3538 4205 fuisse,
3575 4147 3632 4193 ut

2044 4247 2166 4302 qua:
2211 4229 2377 4285 etiam
2428 4233 2581 4283 certo
2640 4235 2886 4297 tempore
2935 4227 3095 4284 linem
3146 4229 3400 4284 habitura
3447 4240 3625 4298 esset;

2047 4321 2246 4380 deinde
2296 4320 2488 4386 Deum,
2536 4319 2631 4389 qui
2663 4319 2936 4389 patribus,
2985 4329 3043 4375 ut
3075 4321 3627 4387 circumciderentur,

2055 4415 2436 4477 mandaverat,
2472 4412 2648 4482 ipsum
2696 4411 2948 4466 dixisse:
2993 4432 3011 4462 ‹
3053 4413 3191 4468 Ecce
3236 4414 3351 4467 dies
3381 4415 3628 4481 veniunt,

2050 4510 2126 4564 ait
2164 4507 2446 4570 Dominus,
2493 4513 2547 4560 et
2581 4502 2868 4574 disponam
2914 4503 3097 4558 domui
3132 4502 3299 4560 Israel
3341 4513 3632 4561 testamen-

2048 4610 2164 4655 tum
2218 4613 2443 4662 novum,
2470 4611 2580 4651 non
2601 4596 2757 4667 juxta
2788 4604 3175 4650 testamentum
3204 4596 3350 4666 quod
3385 4596 3632 4666 disposui

2052 4692 2301 4765 patribus
2366 4704 2589 4755 eorum,
2648 4703 2775 4743 cum
2838 4688 3175 4758 apprehendi
3240 4704 3341 4756 ego
3409 4703 3631 4743 manum

2048 4801 2238 4843 eorum
2294 4784 2360 4841 ad
2411 4781 2754 4839 educendum
2795 4796 2892 4836 eos
2924 4781 2991 4835 de
3028 4789 3174 4835 terra
3225 4780 3470 4851 Egypti,
3506 4783 3634 4851 quia

2050 4879 2155 4952 ipsi
2205 4892 2315 4933 non
2358 4880 2682 4929 manserunt
2736 4873 2790 4927 in
2848 4880 3183 4928 testamento
3239 4888 3383 4937 meo,
3433 4880 3487 4928 et
3534 4890 3635 4944 ego

427 5013 630 5070 "Osee
656 5031 709 5077 ν,
747 5014 849 5081 15ς
883 5029 959 5073 νι,
984 5014 1100 5068 1ο5.
1174 5013 1386 5069 “Psal.
1412 5028 1505 5074 xv,
1539 5012 1627 5067 10.
1704 5013 1745 5044 ³¹
1770 5013 1912 5071 Psal.

2047 5029 2190 5075 :xvn,
2227 5010 2281 5065 6.
2359 5008 2535 5081 "lsa:
2563 5022 2759 5081 xxvm,
2796 5007 2889 5081 16.7
2912 5077 2929 5081 Δ
2962 5005 3172 5062 “Psal.
3217 5022 3384 5073 cxvii,
3413 5008 3505 5071 2:2,
3539 5008 3629 5062 Q8.

356 5086 403 5117 “
423 5083 569 5140 Psal.
599 5077 845 5150 ιινι,6.’
900 5083 944 5117 ³⁵
968 5084 1101 5139 Dan.
1133 5100 1229 5146 vu,
1253 5086 1308 5140 9.
1384 5084 1430 5117 ³⁸
1459 5084 1595 5140 Dan.
1627 5083 1714 5150 15,
1747 5085 1837 5140 M.
1912 5087 1934 5119 ³

2047 5087 2139 5143 sal.
2163 5099 2275 5147 cut,
2310 5081 2357 5135 1.
2439 5079 2485 5111 ³⁸
2507 5078 2653 5134 Psal.
2690 5093 2835 5143 χειν,
2872 5077 2960 5133 10.

430 5220 541 5289 (7'5)
578 5219 810 5291 Siphani
848 5219 1020 5291 codex
1067 5228 1121 5275 et
1156 5219 1456 5279 Vaticanus
1508 5220 1806 5289 recentior,
1855 5224 1943 5278 ὲν-

355 5289 529 5344 ὡπιον
561 5289 730 5346 αὐτοῦ
783 5290 1081 5360 διώξωμεν.

432 5360 543 5435 (μ)
579 5362 742 5435 _Cod._
771 5363 1059 5435 antiquior
1086 5360 1262 5435 Yatic.
1311 5363 1407 5417 καὶ
1453 5363 1780 5435 εὑρήσομεν.

435 5431 546 5505 (75)
578 5432 633 5487 In
657 5432 902 5505 editione
927 5431 1066 5487 LXX
1087 5431 1334 5505 _lnterpr.
1367 5431 1585 5491 diversa
1618 5431 1748 5489 sunt
1779 5433 1945 5505 hujus

357 5503 465 5558 loci
502 5501 708 5569 verba;
746 5503 842 5557 sed
887 5505 1028 5558 idem
1078 5501 1191 5555 fere
1227 5501 1445 5559 sensus.

434 5573 553 5709 (72
575 5574 764 5629 Codex
801 5574 1052 5644 Siphani,
1076 5580 1129 5627 et
1154 5570 1451 5630 Vaticanus
1471 5577 1767 5644 recentior,
1797 5577 1943 5629 οἰκο-

434 5660 464 5709 μ.
557 5684 572 5697 .

355 5658 464 5714 νομ

435 5684 787 5798 ῑὶἢῖοάεξ
814 5715 1111 5788 antiquior,
1159 5717 1283 5789 ἥτις
1311 5716 1405 5770 καὶ⁵
1443 5716 1576 5772 ἐστι.

2147 5219 2233 5241 -οι
2270 5216 2325 5241 1..
2366 5216 2601 5241 ,λειξη-...ι
2647 5213 2783 5241 tvv
2837 5212 3054 5241 ιηιΛ-ηη
3133 5218 3213 5241 Λοι
3263 5211 3499 5241 ---ηηὶ

2119 5219 2236 5344 (78)
2270 5216 2329 5273 In
2363 5216 2603 5273 editione
2831 5212 3073 5296 interpr.
3132 5218 3217 5267 est
3263 5211 3630 5295 προσηνέχθη,

2050 5289 2112 5346 ob
2141 5302 2265 5364 atus
2292 5298 2367 5364 est
2388 5288 2525 5364 ,:_sed
2559 5284 2806 5339 NODIIIIIS
2830 5301 2883 5364 ut
2912 5292 3058 5338 notis
3091 5282 3311 5354 praefert
3338 5284 3632 5339 lectionem

2051 5376 2216 5432 quam
2254 5360 2344 5432 hic
2367 5357 2668 5432 _Nysscnus
2693 5357 2991 5432 _sequitt_ir.,

2124 5431 2236 5500 (79)
2268 5424 2453 5484 ϐοόεὲ
2499 5424 2799 5500 recentior,
2826 5424 2978 5500 γοῦντ

2123 5493 2236 5571 (80)
2272 5500 2454 5571 Codex
2481 5497 2781 5571 antiquior,
2830 5497 2886 5548 ἐν
2929 5493 3015 5571 ’τῷΔ
3050 5496 3204 5571 οἵξιιρ.

2124 5565 2237 5642 (8i)
2268 5569 2498 5642 Siphani
2524 5568 2716 5642 codex,
2740 5576 2796 5642 et_
2818 5568 3089 5642 recentior
3103 5565 3426 5642 Vaticanus.
3451 5565 3627 5642 ὑμῶν.

2054 5635 2195 5763 Sed/
2212 5635 2347 5698 mox'
2390 5638 2668 5710 antiquior
2698 5638 2867 5694 codex
2905 5637 3057 5708 legit,
3099 5638 3492 5709 ἐπιλαϐόμενος
3529 5635 3629 5709 τῆς

2054 5730 2247 5763 ῚΞιΓλξ.

2046 5730 2247 5783 χειρος.
