4034 6132
348 209 457 270 219

1622 207 1681 264 S.
1709 203 2040 271 GREGORII
2077 201 2378 259 NYSSENI

3506 196 3613 255 220

351 332 568 405 neglexi
612 345 733 398 eos,
776 330 852 387 ait
881 329 1147 387 Dominus
1176 328 1243 383 ³⁸.
1278 346 1298 381 ι
1332 329 1396 382 Et
1436 342 1629 383 rursus
1671 329 1931 382 incusans

2071 325 2105 380 ἀ
2137 325 2266 396 ἔθνη
2298 324 2647 397 ἀπερίτμητα
2679 323 2862 397 σαρκὶ,
2895 324 2924 379 6
2944 322 3001 379 δὲ
3027 321 3154 387 λαὸς
3177 313 3328 384 οὗτος
3370 321 3437 390 τῇ
3477 335 3619 389 καρ-

350 425 569 484 Iudaeos
610 429 705 492 ait,
756 446 775 480 ‹
815 427 1019 483 Omnes
1068 434 1257 496 gentes
1305 425 1703 479 incircumcisae
1744 438 1930 488 carne,

352 521 587 591 populus
616 527 795 574 autem
841 519 944 572 iste
974 516 1395 572 incircumcisus
1424 524 1507 571 est
1541 516 1707 569 corde
1731 514 1872 567 ‘°°“.
1909 533 1929 567 ι

358 611 419 666 Et
458 627 673 671 rursus,
702 628 719 661 ι
752 609 1142 665 Circumcidite
1166 624 1262 662 cor
1296 619 1558 671 vestrum,
1589 617 1641 663 et
1670 622 1780 661 non
1813 622 1936 661 car-

356 719 480 757 nem
528 701 773 772 prmputii
804 700 992 755 vestri.
1041 718 1059 750 ι
1103 698 1167 753 Et
1217 700 1436 762 iterum,
1480 716 1498 749 ι
1535 696 1740 753 Novate
1779 697 1936 753 vobis

356 794 594 857 novalia,
641 799 696 846 et
746 792 914 846 nolite
961 806 1144 846 serere
1192 806 1355 861 super
1412 790 1633 861 spinas;
1687 790 1781 845 sed
1827 790 1936 844 cir-

356 885 652 940 cumcidile
695 883 953 938 duritiam
991 884 1177 938 cordis
1229 883 1419 938 vestri.
1451 902 1470 933 ›
1503 880 1789 948 Jeremias,
1828 898 1846 931 ι
1871 880 1937 934 Et

357 975 735 1032 circumcidite
771 973 880 1029 Deo
912 975 1236 1044 praeputium
1267 972 1450 1028 cordis
1484 972 1673 1031 vestri.
1708 990 1727 1023 ι
1766 970 1938 1025 Porro

360 1083 458 1138 per
505 1066 983 1123 circumcisionem
1039 1063 1690 1137 neminem‘justiiicari,
1733 1078 1796 1117 ex
1855 1063 1939 1118 his

359 1159 713 1230 perspicuum
756 1164 872 1224 est;
930 1157 1202 1212 Abraham
1252 1156 1671 1211 incircumcisus
1735 1154 1940 1224 placuit

359 1249 506 1315 Deo;
562 1264 688 1304 nam
722 1250 874 1320 prius
906 1249 1059 1304 visus
1092 1258 1177 1305 est
1214 1255 1402 1318 gratus
1440 1256 1494 1302 et
1531 1254 1789 1316 acceptus
1831 1244 1940 1300 Deo

361 1358 506 1406 esse,
552 1350 607 1397 et
664 1348 795 1396 tunc
842 1340 1063 1396 demum
1110 1339 1214 1410 ipsi
1258 1338 1734 1394 circumcisionem
1767 1334 1936 1391 dedit.

364 1433 467 1499 Qui
497 1426 660 1487 etiam
708 1432 763 1488 in
800 1431 1023 1489 deserto
1060 1432 1423 1503 quadraginta
1463 1445 1732 1485 annorum
1764 1427 1941 1498 spatio

364 1523 478 1576 nati
510 1529 658 1587 sunt,
678 1530 743 1577 ’et
768 1523 869 1593 ipsi
899 1520 1322 1577 circumcisione
1367 1527 1699 1585 caruerunt;
1739 1517 1943 1587 quique

366 1597 437 1670 ab
478 1613 652 1668 Adam
691 1629 868 1685 usque
909 1613 975 1669 ad
1029 1614 1396 1671 Abrahamum
1442 1610 1552 1666 Deo
1596 1610 1938 1681 placuerunt,

2040 416 2146 487 δίᾳ.
2192 435 2211 469 ι
2280 414 2386 470 Καὶ
2446 416 2641 480 πάλιν,
2702 434 2721 467 ι
2778 413 3178 486 Περιτέμνεσθε
3231 411 3330 480 τὴν
3390 407 3618 479 καρδίαν

2043 508 2218 579 ὑμῶν,
2239 509 2334 562 καὶ
2359 508 2432 579 μὴ
2445 507 2542 579 τὴν
2566 508 2744 579 σάρκα
2760 510 2858 578 τῆς
2881 492 3243 576 ἀ’κροϐυστίας
3258 501 3408 572 ὑμῶν
3428 498 3561 570 (8‘2).
3596 516 3615 547 ι

2044 598 2149 652 Καὶ
2195 599 2356 652 πάλιν
2397 600 2532 671 (85),
2566 617 2583 649 ι
2619 598 2878 652 Νεώσατε
2927 597 3142 657 ἑαυτοῖς
3188 591 3481 662 νεὼματα,
3525 587 3626 640 καὶ

2046 691 2121 762 μὴ
2153 691 2406 761 σπείρετε
2445 692 2532 743 ἐπ’
2567 690 2829 754 ἀκάνθαις
2863 688 3011 761 (84)’
3051 685 3188 741 ἀλλά
3232 681 3621 755 περιτέμνεσθε

2043 804 2103 876 τὸ
2161 804 2394 876 σκληρὸν
2443 805 2543 873 τῆς
2598 804 2825 875 καρδίας
2870 802 3044 874 ὑμῶν.
3103 821 3122 853 ι
3190 797 3453 870 Ἱερεμίας
3487 795 3622 867 (85),

2040 873 2069 944 ἰ
2108 892 2213 947 Καὶ
2259 873 2648 965 περιτέμνεσθε
2679 873 2780 963 *τῷ
2828 873 2948 963 Θεῷ
2978 893 3078 963 τὴν
3110 888 3477 961 ἀκροϐυστίαν
3525 886 3627 957 τῆς

2047 985 2275 1057 καρδίας
2319 985 2493 1056 ὑμῶν.
2529 1005 2548 1039 ι
2589 988 2711 1040 Ὅτι
2740 986 2797 1039 δὲ
2826 986 3015 1039 οὐδένα
3042 985 3242 1037 δικαιοῖ
3271 985 3305 1053 ἡ
3333 977 3625 1051 περιτομὴ,

2045 1076 2203 1148 δῆλον
2252 1079 2316 1131 ἐκ
2368 1078 2603 1131 τούτων’
2682 1078 2933 1149 Ἀϐραάμ
2994 1076 3367 1148 ἀπερίτμητος
3430 1071 3628 1144 εὐηρέ-

2048 1186 2213 1240 στησε
2240 1171 2352 1240 (86)
2410 1170 2488 1241 τῷ
2522 1170 2672 1243 Θεῷ·
2720 1170 2935 1242 πρῶτον
2968 1168 3077 1238 γὰρ
3108 1168 3261 1237 ὤφθη
3296 1164 3627 1237 εὐαρεστῶν,

2047 1262 2140 1315 καὶ
2168 1261 2290 1315 τότε
2336 1262 2483 1333 αὑτῷ
2508 1263 2607 1334 τὴν
2649 1261 2947 1334 περιτομὴν
2991 1260 3191 1314 δίδωσι.
3223 1260 3334 1312 Kal.
3366 1261 3414 1311 οἱ
3460 1259 3517 1309 ὲν
3557 1257 3627 1326 τῇ

2048 1353 2240 1424 ἐρήμῳ
2284 1354 2340 1407 δὲ
2365 1354 2745 1424 γεννηθέντες,
2777 1356 2834 1407 ἐν
2875 1357 2987 1417 τοῖς
3019 1352 3425 1423 τεσσαράκοντα
3454 1348 3630 1401 ἐτεσιν

2044 1443 2412 1514 ἀπερίτμητοι
2467 1439 2638 1514 ἦσαν’
2687 1444 2781 1498 κα),
2812 1446 2858 1498 οἱ
2905 1444 3011 1499 ἀπὸ
3070 1442 3240 1513 Ἀδὰμ
3286 1441 3490 1512 ὁμοίως
3526 1439 3634 1501 ἕως

2064 1532 2316 1604 Ἀϐραὰμ
2351 1533 2724 1605 εὐηρέστησαν
2752 1534 2830 1606 τῷ
2858 1534 2998 1605 Θεῷ,
3039 1533 3239 1596 πάντες
3271 1532 3634 1601 ἀπερίτμητοι

2049 1619 2218 1695 ἦσαν⁹
2246 1625 2334 1679 διὰ
2363 1624 2473 1697 γάρ
2501 1626 2561 1679 τὸ
2591 1625 2976 1696 ἐπιμίγνυσθαι
3001 1625 3093 1679 τὸν
3122 1624 3246 1678 λαὸν
3275 1625 3355 1687 εἰς
3386 1621 3453 1679 τὰ
3480 1621 3634 1690 ἔθνη,

368 1705 624 1764 similiter
657 1720 848 1762 omnes
885 1704 1255 1761 incircumcisi
1288 1713 1477 1771 erant;
1514 1717 1638 1757 nam
1685 1702 1811 1770 quia
1845 1716 1942 1771 po-

2066 1716 2207 1788 ἐδόθη
2230 1717 2263 1787 ἡ
2290 1716 2580 1788 περιτομὴ,
2611 1719 2705 1770 καὶ
2738 1719 2770 1788 ή
2802 1718 2948 1771 αἰτία
2976 1716 3107 1789 δήλη
3135 1733 3147 1749 ο
3182 1715 3373 1785 εἴληφε
3403 1713 3511 1783 γάρ
3536 1712 3638 1779 τὴν

369 1798 533 1868 pulus
561 1798 817 1870 gentibus
850 1798 1144 1853 immisceri
1172 1797 1426 1859 debebat,
1463 1796 1670 1850 idcirco
1700 1794 1825 1848 data
1854 1800 1939 1848 est

370 1888 743 1947 circumcisio.
782 1888 957 1959 llujus
1000 1897 1179 1943 autem
1224 1888 1301 1942 rei
1348 1887 1486 1941 ratio
1517 1885 1808 1940 manifesta
1841 1892 1946 1941 est.

371 1980 822 2037 Circunucisionis
866 1981 1069 2052 quippe
1110 1995 1245 2037 usus
1274 1978 1341 2034 ab
1391 1978 1705 2034 Abrahamo
1734 1978 1948 2031 initium

370 2073 582 2140 habuit,
617 2088 778 2144 quem
815 2088 939 2127 cum
986 2072 1130 2127 Deus
1172 2085 1337 2141 supra
1365 2085 1557 2125 omnes
1593 2069 1742 2124 illius
1771 2068 1954 2125 atatis

375 2164 625 2222 homines
669 2166 974 2231 dilexisset,
1017 2179 1083 2220 ex
1122 2165 1243 2234 ipso
1288 2162 1568 2218 Christum
1601 2176 1821 2232 quoque
1859 2176 1950 2217 se-

373 2260 614 2315 cundum
650 2275 873 2315 carnem
909 2259 1061 2314 nasci
1109 2257 1539 2329 praedestinavit.
1586 2256 1776 2326 itaque
1804 2264 1865 2310 ut
1899 2255 1954 2310 id

376 2350 520 2420 quod
569 2350 684 2407 fieri
735 2353 1005 2418 voluerat,
1050 2359 1236 2422 posset
1273 2349 1436 2404 etiam
1489 2349 1707 2405 sincere
1730 2356 1785 2403 et
1821 2346 1956 2419 legi-

376 2444 506 2498 time
549 2444 687 2509 lieri,
724 2444 931 2500 idcirco
965 2459 1103 2514 opus
1153 2443 1258 2498 fuit
1292 2442 1716 2498 circumcisione
1756 2449 1811 2496 et
1862 2458 1954 2497 se-

376 2537 693 2609 gregatione
743 2552 775 2591 a
833 2537 1059 2608 reliquis
1107 2537 1379 2608 gentibus,
1433 2544 1493 2591 ut
1523 2535 1686 2591 veluti
1721 2535 1956 2606 quodam

377 2637 536 2697 septo
586 2629 673 2683 lex
730 2630 882 2699 ipsos
928 2645 960 2684 a
1005 2630 1224 2685 caeteris
1271 2627 1589 2683 hominibus
1653 2633 1956 2697 separaret.

2057 1802 2230 1875 ἀρχὴν
2257 1804 2325 1856 τὰ
2352 1804 2449 1874 τῆς
2476 1805 2776 1876 περιτομῆς
2806 1807 2871 1859 ὲκ
2891 1803 2988 1857 τοῦ
3034 1801 3301 1874 Ἀϐραάμ,
3333 1800 3390 1854 ὃν
3419 1800 3642 1869 ἀγαπή-

2059 1913 2159 1960 σας
2207 1896 2346 1967 ὑπὲρ
2387 1897 2594 1962 πάντας
2618 1900 2742 1963 τοὺς
2771 1898 2893 1952 τότε
2922 1900 2950 1951 6
2979 1897 3129 1961 Θεὸς,
3161 1895 3220 1960 ἐξ
3244 1893 3407 1947 αὑτοῦ
3446 1907 3642 1961 γεννη-

2058 1987 2317 2060 θήσεσθαι
2346 1991 2440 2042 καὶ
2468 1989 2559 2042 τὸν
2583 1989 2816 2061 Χριστὸν
2841 1988 2982 2042 κατὰ
3004 1988 3181 2057 σάρκα
3209 1982 3488 2056 προέθετο.
3523 1981 3642 2033 Ἵνα

2059 2075 2152 2134 οὖν
2186 2079 2296 2150 (87)
2326 2081 2461 2153 ὅπερ
2505 2081 2794 2154 ἐϐουλήθη,
2837 2079 3092 2152 καθαρῶς
3132 2075 3382 2148 γενέσθαι
3414 2063 3640 2143 δυνηθῇ,

2061 2173 2155 2225 καὶ
2186 2171 2508 2239 ἀνοθεύτως,
2543 2176 2732 2227 τούτου
2765 2175 2922 2245 χάριν
2964 2172 3149 2243 ἐδέησε
3176 2169 3285 2242 (88)
3318 2164 3641 2238 περιτομῆς,

2061 2259 2155 2313 καὶ
2182 2260 2280 2331 τῆς
2322 2263 2452 2333 περὶ
2480 2262 2548 2317 τά
2586 2264 2749 2317 λοιπά
2781 2263 2912 2334 γένη
2955 2261 3197 2333 ἀμιξίας,
3242 2259 3328 2311 ἵνα
3360 2256 3549 2326 ῶσπερ
3588 2271 3643 2306 τι

2060 2351 2398 2424 διάφραγμα,
2411 2355 2518 2411 τῶν
2549 2355 2749 2410 λοιπῶν
2769 2356 2964 2418 αὐτοὺς
2983 2355 3080 2408 ἀνθ
3091 2353 3283 2426 ρώπων
3304 2350 3509 2423 χωρίζῃ
3527 2346 3647 2419 (89)

2062 2441 2090 2493 6
2113 2441 2462 2511 νόμος.Ὄθεν
2492 2446 2584 2499 καὶ
2612 2445 2891 2516 τεχθέντος
2912 2445 3007 2498 τοῦ
3037 2445 3100 2497 δι’
3132 2443 3190 2497 ὃν
3218 2441 3391 2496 ταῦτα
3429 2440 3645 2510 γέγονε,

2062 2532 2246 2587 λοιπὸν
2304 2535 2380 2600 ὼς
2426 2537 2655 2609 περιττά
2688 2537 2765 2609 τῷ
2810 2537 2930 2608 Θεῷ
2961 2537 3028 2591 τὰ
3068 2536 3219 2606 παρὰ
3265 2534 3363 2606 τὴν
3414 2532 3650 2603 ἀρχαίαν

2067 2622 2343 2690 ξενίζοντα
2370 2630 2705 2684 κατάστασιν
2736 2629 3108 2701 ἐκϐέϐληνται.

380 2719 749 2787 Quamobrem
799 2733 867 2773 eo
922 2728 1050 2773 nato
1100 2719 1171 2773 ob
1220 2734 1383 2789 quem
1431 2718 1549 2773 haec
1601 2717 1748 2770 facta
1802 2723 1951 2781 sunt,
1992 2723 2126 2772 tunc
2177 2718 2367 2790 utique
2398 2720 2491 2775 illa
2550 2722 2810 2794 abrogata
2835 2722 3007 2789 fuere,
3048 2736 3171 2793 qua:
3207 2737 3238 2775 a
3302 2720 3410 2776 Deo
3452 2724 3651 2789 praeter

383 2812 671 2884 antiquum
720 2825 905 2866 rerum
946 2810 1195 2866 ordinem
1232 2810 1486 2865 instituta
1531 2809 1768 2865 fuerant.

886 2942 1002 2999 Xll.
1054 2943 1132 3000 De
1156 2945 1463 3015 sacriﬁciis.

460 3079 728 3137 Similiter
762 3079 907 3137 Deus
935 3079 1155 3147 clamat,
1195 3080 1407 3145 dicens,
1444 3098 1462 3131 ι
1492 3077 1629 3135 Vivo
1668 3094 1789 3151 ego,
1835 3080 1969 3135 dicit
1995 3064 2038 3123 ο

388 3171 677 3234 Dominus,
714 3172 972 3244 quoniam
1001 3172 1069 3227 de
1098 3171 1388 3227 sacriﬁciis
1418 3182 1473 3227 et
1501 3171 1836 3228 holocaustis
1857 3188 1967 3228 non

391 3264 644 3319 mandavi
692 3264 940 3334 patribus
979 3264 1199 3330 vestris,
1247 3279 1314 3319 ex
1348 3278 1458 3335 quo
1511 3263 1598 3319 die
1646 3263 1835 3320 reduxi
1873 3280 1970 3320 eos

392 3355 459 3409 de
485 3365 631 3410 terra
654 3354 873 3427 Egypti
900 3364 954 3411 et
979 3371 1151 3427 usque
1181 3355 1249 3412 ad
1284 3357 1429 3412 hunc
1458 3356 1603 3412 diem
1631 3357 1696 3412 δ’.
1722 3376 1740 3409 ι
1777 3356 1969 3421 lsaias,

399 3468 418 3500 ι
448 3447 706 3519 Nunquid
734 3463 833 3519 ego
862 3449 1094 3520 praecepi
1144 3449 1393 3520 patribus
1418 3450 1618 3506 vestris
1640 3436 1972 3507 exeuntibus

394 3540 603 3595 e'terra
649 3538 895 3612 Egypti,
952 3548 1012 3596 ut
1055 3538 1318 3597 oﬂ'errent
1370 3541 1505 3596 mihi
1553 3542 1876 3598 holocausta
1920 3551 1975 3598 et

396 3630 727 3687 sacrificium
751 3631 811 3685 ἳ»
847 3629 913 3686 Ει
940 3647 1158 3698 rursus,
1193 3631 1352 3697 «Quo
1401 3632 1536 3687 mihi
1569 3632 1974 3688 multitudinem

399 3721 798 3777 sacrificiorum
815 3730 1145 3789 vestrorum,
1162 3723 1293 3777 dicit
1310 3721 1575 3777 Dominus
1595 3725 1618 3777 ?
1633 3722 1836 3780 Plenus
1853 3740 1974 3779 sum

401 3812 738 3868 holocaustis
785 3812 1037 3879 arietum,
1085 3820 1139 3869 et
1177 3814 1391 3883 adipem
1423 3829 1708 3884 agnorum,
1753 3822 1807 3868 et
1844 3830 1966 3871 sano

400 3904 624 3975 guinem
671 3912 982 3971 taurorum,
1040 3912 1094 3962 et
1143 3906 1424 3961 hircorum
1468 3907 1636 3962 nolo:
1674 3922 1852 3976 neque
1884 3922 1981 3962 ve-

402 3995 594 4059 niatis,
632 4004 691 4049 ut
721 3997 1032 4066 appareatis
1064 3995 1219 4050 mihi.
1251 3995 1388 4062 Quis
1415 3998 1561 4052 enim
1588 3999 1840 4068 quaesivit
1865 3999 1982 4053 haec

403 4088 473 4143 de
526 4088 782 4143 manibus
832 4089 1071 4144 vestris?
1115 4087 1341 4145 Calcare
1388 4090 1587 4145 atrium
1637 4104 1815 4146 meum
1869 4105 1982 4145 non

405 4178 711 4249 apponetis.
765 4179 822 4234 Si
860 4180 1101 4237 ademtis
1136 4181 1369 4237 similam
1399 4198 1414 4249 ;
1448 4196 1649 4237 vanum
1693 4182 1980 4253 incensum

405 4270 740 4326 abominatio
792 4272 924 4325 mihi
974 4280 1079 4328 est.
1115 4271 1442 4330 Neomenias
1477 4282 1711 4340 vestras,
1760 4281 1815 4330 et
1849 4274 1978 4330 sab-

405 4362 530 4416 bata
558 4370 759 4428 vestra,
797 4371 851 4419 et
877 4363 1019 4419 diem
1065 4379 1320 4435 magnum
1357 4382 1464 4421 non
1490 4365 1648 4432 fero;
1678 4366 1976 4437 jejunium,

404 4464 459 4508 et
478 4453 673 4517 otium,
705 4462 757 4509 et
781 4454 1103 4511 festivitates
1124 4463 1332 4512 vestras
1362 4456 1479 4511 odit
1509 4456 1691 4511 anima
1720 4473 1841 4511 mea
1863 4457 1977 4522 ηε»

407 4542 474 4598 Et
501 4559 716 4609 rursus,
759 4566 777 4597 ι
803 4543 1103 4612 Lavamini,
1143 4547 1334 4602 mundi
1363 4555 1561 4613 estote,
1603 4547 1814 4603 auferte
1841 4548 1983 4603 mala

2588 2941 2687 2996 lB’.
2731 2943 2868 3013 Περὶ
2898 2941 3142 2998 θυσιῶν.

2156 3075 2386 3148 Ὁμοίως
2412 3077 2440 3130 ὁ
2472 3075 2604 3141 Θεὸς
2641 3077 2759 3148 βοᾷ.
2791 3077 2983 3146 λέγων·
3022 3095 3040 3128 ι
3079 3075 3165 3129 Ζῶ
3195 3072 3326 3142 ἐγὼ,
3357 3074 3503 3143 λέγει
3539 3071 3657 3124 Κύ-

2074 3186 2218 3242 ριος,
2260 3170 2342 3223 ὅτι
2373 3171 2500 3241 περὶ
2529 3170 2750 3235 θυσιῶν,
2788 3171 2883 3225 καὶ
2911 3168 3377 3240 ὁλοκαυτωμάτων
3427 3167 3525 3219 ούκ
3560 3166 3653 3218 ἐν-

2076 3261 2368 3332 ετειλάμην
2405 3261 2540 3328 πρὸς
2566 3264 2693 3327 τοὺς
2731 3262 2975 3334 πατέρας
3018 3261 3191 3333 ὑμῶν,
3230 3253 3410 3330 ἀφ’ἦς
3442 3256 3658 3327 ἡμέρας

2066 3353 2343 3424 ἀνήγαγον
2376 3354 2573 3417 αὐτοὺς
2604 3355 2669 3407 ἐκ
2697 3355 2796 3423 γῆς
2811 3355 3105 3423 Αἰγύπτου,
3136 3354 3232 3408 καὶ
3261 3353 3365 3416 ἓως
3383 3352 3484 3421 τῆς
3515 3350 3657 3420 ὴμέ-

2077 3461 2178 3516 ρας
2205 3444 2427 3517 ταύτης.
2461 3464 2480 3497 ι
2533 3446 2761 3509 Ἡσαΐας
2786 3443 2919 3516 (90),
2974 3463 2993 3497 ι
3031 3446 3121 3516 Μὴ
3156 3443 3266 3513 ἐγὼ
3303 3440 3660 3511 ἐνετειλάμην

2075 3535 2188 3596 τοῖς
2240 3533 2509 3605 πατράσιν
2544 3535 2731 3605 ὑμῶν,
2763 3535 3217 3606 ἐκπορευομένοις
3260 3536 3324 3589 ἐκ
3354 3533 3455 3605 γῆς
3489 3530 3662 3599 Alvu-

2079 3642 2213 3678 πτου
2250 3629 2634 3698 προσενεγκεῖν
2668 3627 2780 3699 (91)
2820 3645 2909 3698 μοι
2955 3626 3379 3697 ὁλοκαυτώματα
3430 3625 3524 3678 καὶ
3560 3623 3661 3676 θυ-

2082 3717 2233 3783 σίαν;
2284 3737 2303 3769 ι
2354 3719 2464 3772 Καὶ
2510 3718 2691 3785 πάλιν,
2750 3738 2769 3771 ι
2813 3719 2879 3772 Τί
2928 3737 3019 3790 μοι
3064 3717 3266 3789 πλῆθος
3311 3717 3421 3770 τῶν
3458 3713 3663 3768 θυσιῶν

2083 3811 2112 3863 ὐ
2121 3809 2237 3880 μῶν
2247 3852 2260 3876 ,
2279 3811 2428 3881 λέγει
2450 3813 2654 3883 Κύριος
2675 3830 2690 3880 ;
2711 3814 2922 3885 πλήρης
2935 3814 3049 3884 εἰμὶ
3063 3809 3529 3880 ὁλοκαυτωμάτων
3546 3807 3662 3877 (9‘2)

2087 3904 2276 3975 κρεῶν,
2308 3904 2596 3977 καὶ-στέαρ
2634 3906 2813 3978 ἀρνῶν
2846 3906 2937 3961 καὶ
2966 3900 3105 3975 αἷμα
3134 3905 3369 3974 ταύρων,
3405 3901 3499 3953 κα).
3525 3898 3663 3969 τρά-

2084 4013 2197 4065 γων
2232 3997 2293 4050 ού
2327 3997 2606 4071 βούλομαι·
2639 3999 2747 4051 οὐδ’
2781 3998 2846 4053 ἂν
2875 3997 3105 4069 ἕρχησθε
3150 3994 3381 4066 ὀφθῆναί
3418 4009 3527 4064 μοι.
3565 3990 3665 4053 Τίς

2085 4092 2194 4162 γὰρ
2226 4087 2523 4161 ἐξεζήτησε
2550 4090 2725 4146 ταῦτα
2770 4093 2835 4144 ἐκ
2869 4090 2979 4144 τῶν
3015 4086 3215 4160 χειρῶν
3257 4086 3446 4158 ὑμῶν;
3474 4085 3666 4136 πατεῖν

2086 4183 2184 4254 τὴν
2226 4183 2395 4255 αὐλήν
2443 4201 2544 4255 μου
2586 4183 2646 4238 οὗ
2680 4182 3090 4255 προσθήσεσθε.
3146 4179 3269 4233 Ἐὰν
3317 4175 3520 4248 φέρητέ
3574 4189 3667 4244 μοι

2089 4274 2386 4345 σεμίδαλιν,
2419 4276 2646 4345 μάταιον
2674 4274 2923 4346 θυμίαμα
2954 4271 3228 4345 βδέλυγμα
3258 4287 3347 4341 μοι
3377 4268 3492 4322 ἐστί
3524 4266 3661 4337 (93).

2089 4365 2202 4429 Τὰς
2247 4365 2538 4437 νεομηνίας
2584 4365 2761 4435 ὑμῶν,
2810 4365 2904 4417 καὶ
2948 4363 3015 4417 τὰ
3046 4362 3300 4416 Σάϐϐατα
3349 4356 3524 4428 ὑμῶν,
3561 4355 3662 4408 καὶ

2087 4456 2304 4528 ἡμέραν
2332 4456 2573 4527 μεγάλην
2595 4457 2695 4509 οὐκ
2718 4456 3002 4526 ἀνέχομαι·
3029 4453 3299 4524 νηστείαν,
3327 4450 3421 4506 καὶ
3444 4447 3667 4520 ἀργίαν,

2091 4549 2308 4613 καὶτὰς
2336 4549 2528 4622 ἐορτάς
2555 4548 2728 4620 ὑμῶν,
2774 4550 2922 4619 μισεί
2955 4549 2987 4619 ή
3018 4547 3164 4619 ψυχή
3200 4562 3321 4616 μου.
3360 4563 3379 4596 ι
3423 4541 3532 4595 Καὶ
3563 4539 3667 4593 πά.

407 4649 474 4692 ex
495 4636 781 4692 animabus
805 4638 1004 4694 vestris
1027 4638 1095 4693 “.
1120 4657 1138 4688 ι
1165 4637 1358 4703 David,
1388 4656 1407 4689 ι
1429 4638 1547 4693 Non
1570 4639 1852 4695 comedam
1875 4656 1959 4696 cat

2066 4682 2068 4689 ,
2094 4639 2177 4693 λιν
2200 4639 2334 4711 (,94),
2370 4657 2389 4690 ‹
2436 4638 2715 4692 Λούσασθε
2732 4676 2747 4702 ,
2786 4639 2879 4691 καὶ
2906 4636 3135 4708 καθαροὶ
3163 4633 3377 4700 γίνεσθε
3398 4674 3413 4699 ,
3442 4631 3672 4701 ἀφέλετε

516 4751 703 4826 'f_Jer.
738 4769 892 4822 xxxi,
927 4755 1018 4821 51,
1048 4755 1118 4810 52
1151 4754 1294 4826 apud
1334 4753 1509 4824 LXX;
1559 4771 1610 4812 c.
1654 4771 1885 4813 xxxvul.

406 4822 456 4856 “
484 4822 617 4878 ibid.
649 4826 734 4879 16.

483 4944 599 5023 (8%)
639 4945 856 5023 Locum
892 4948 1040 5023 hunc
1068 4949 1155 5023 _in_
1191 4963 1350 5005 sacro
1377 4949 1574 5023 _Textu
1627 4966 1738 5023 non
1790 4952 1988 5023 reperi.

412 5013 665 5089 Videon
714 5018 975 5089 respiciat
1017 5018 1082 5074 ad
1144 5020 1324 5089 locum
1376 5018 1534 5074 Deut.
1590 5038 1641 5084 x,
1677 5020 1764 5076 l6.

487 5086 600 5163 (ξξι)
644 5088 705 5163 l_n
732 5086 1029 5163 recentiori
1060 5088 1252 5163 codice
1267 5089 1526 5163 (additur,
1563 5090 1850 5163 Ἱερεμίου.

509 5157 598 5222 84)
636 5157 818 5214 Codex
854 5157 1147 5226 recentior,
1183 5160 1280 5213 ἐπ’
1307 5160 1567 5225 ἀκάνθας.

515 5228 603 5293 85)
642 5227 890 5285 Ieremia:
935 5245 1135 5286 nomen
1172 5233 1323 5286 deest
1356 5231 1443 5285 hic
1490 5232 1544 5286 in
1571 5234 1862 5289 recentiori
1890 5248 1986 5290 co-

416 5297 848 5371 dice_V_atieano.
875 5298 1008 5371 Vide
1028 5315 1095 5355 an
1132 5302 1203 5357 sit
1237 5301 1391 5356 locus
1438 5301 1594 5361 Deut.
1634 5320 1688 5368 ι,
1737 5305 1832 5371 16;
1867 5320 1992 5360 nam

416 5365 877 5442 apuAdAJeremiam
909 5370 1023 5442 hmo
1063 5373 1227 5427 verba
1260 5387 1345 5426 me
1378 5372 1576 5442 legisse
1606 5365 1714 5429 non
1752 5365 1999 5431 memini.

490 5437 602 5511 (86)
643 5438 790 5511 idem
834 5441 1002 5496 codex
1032 5449 1087 5496 et
1118 5437 1780 5511 εἰρὴθηυε,’ἐδούλευσεν.

491 5509 606 5575 (87)
645 5509 703 5563 ln
734 5512 1028 5565 recentiori
1073 5509 1265 5567 codice
1311 5512 1465 5572 deest
1491 5510 1606 5571 οὖν.

516 5580 607 5653 88)
646 5579 792 5653 idem
827 5582 998 5653 codex
1040 5581 1254 5653 ἐδεήθη.

517 5650 607 5719 89)
650 5650 797 5709 Idem
846 5651 1017 5709 codex
1055 5649 1375 5728 Btaim'ptcn.

1997 4758 2114 4791 ιε’-ιι
2154 4756 2265 4814 Jer.
2314 4772 2388 4822 Ix,
2425 4756 2515 4811 9.6.

2625 4756 2672 4788 δ’
2708 4754 2818 4812 Jer.
2851 4772 2947 4822 vn,
2977 4755 3066 4809 22.
3179 4752 3226 4785 ⁸⁸
3254 4754 3360 4806 lsa.
3392 4768 3430 4816 ι,
3468 4751 3554 4815 Η,
3580 4749 3689 4825 Ηη

2175 4952 2286 5024 (90)
2356 4951 2564 5008 Locum
2620 4952 2768 5024 hunc
2822 4948 2965 5019 apud
2993 4947 3187 5024 isaiam
3224 4960 3312 5024 me
3340 4943 3533 5014 legisse
3561 4955 3670 4994 non

2100 5017 2361 5089 memini;
2395 5024 2596 5079 similia
2632 5017 2903 5077 habentur
2929 5020 3071 5089 apud
3099 5017 3389 5089 Jeremiam
3428 5029 3547 5079 cap.
3571 5025 3672 5072 vn,

2098 5093 2189 5155 22.
2222 5109 2287 5148 ex
2313 5086 2424 5163 quo
2454 5093 2616 5147 etiam
2668 5093 2788 5147 loco
2832 5086 3197 5161 praecedentia
3239 5086 3407 5142 verba
3455 5090 3675 5151 sumpta

2100 5164 2271 5219 fuisse
2289 5166 2561 5220 videntur.

2194 5236 2283 5302 9|)
2315 5234 2500 5289 Codex
2532 5232 2810 5302 antiquior
2839 5229 3222 5303 προσενέγκαι.

2194 5300 2281 5369 92)
2312 5305 2449 5359 Male
2484 5305 2625 5361 idem
2654 5300 2846 5366 codex,
2877 5300 3320 5370 ὁλοκαυτώματα.

2169 5364 2283 5447 (95)
2322 5375 2562 5447 Siphani
2594 5374 2797 5447 codex,
2825 5364 3210 5447 et_Vati_canus
3245 5364 3675 5447 recentiort’pdt-

2102 5435 2277 5500 ταίὁν’
2313 5435 2422 5517 μοί
2458 5445 2734 5517 βδέλυγμα
2776 5435 2919 5497 ἐστι.
2986 5442 3262 5513 Siplianus
3308 5437 3485 5505 vertit,
3529 5435 3678 5492 Vana

2104 5517 2253 5581 mihi,
2284 5526 2335 5571 et
2370 5516 2694 5571 abominatio
2726 5524 2824 5570 est.

2175 5589 2288 5661 (9i)
2322 5586 2505 5643 Codex
2540 5586 2840 5658 antiquior,
2874 5584 2967 5641 καὶ
3002 5580 3118 5653 μετ’
3144 5580 3321 5650 ὀλίγα.
