4034 6132
276 251 381 306 εει

1326 258 1751 317 TESTIMONIA
1804 260 2180 321 ADVERSUS
2218 261 2528 323 JUDIEOS.

3449 268 3557 325 222

277 366 386 431 τὰς
422 366 688 439 πονηρίας
731 368 842 423 ἀπὸ
872 368 980 424 τῶν
1010 368 1200 443 ψυχῶν
1233 371 1409 443 ὑμῶν.
1450 393 1469 427 ι
1516 375 1702 441 Δαϐὶδ,
1741 394 1760 428 ι
1799 376 1867 430 Οὐ

1978 392 2076 433 nes
2102 385 2412 443 taurorum,
2439 386 2533 433 aut
2556 391 2877 448 sanguinem
2907 375 3184 432 hircorum
3222 379 3419 450 potabo
3440 382 3505 435 ⁸⁸.
3529 401 3551 434 ι

281 459 533 529 φάγομαι
559 459 699 530 κρέα
718 460 957 533 ταύρων,
986 461 1019 532 ἢ
1048 456 1187 533 αἷμα
1214 464 1433 535 τράγων
1462 465 1674 537 πίομαι.
1716 485 1735 519 ι
1764 467 1875 521 Καὶ

279 551 470 616 πάλιν,
507 568 527 602 ι
560 553 638 605 06
667 550 890 623 δέξομαι
920 554 985 607 ὲκ
1017 554 1113 608 τοῦ
1147 555 1297 610 οἴκου
1338 574 1432 610 σου
1467 559 1722 630 μόσχους,
1752 559 1874 614 οὐδὲ

280 643 348 694 ὲκ
372 640 485 693 τῶν
518 642 784 713 ποιμνίων
814 660 909 699 σου
951 646 1244 717 χιμάρους.
1284 665 1306 700 ι
1340 647 1451 700 Καὶ
1483 648 1666 713 πάλιν,
1714 667 1732 700 ι
1770 648 1876 702 Θῦ-

279 749 373 786 σον
401 731 487 803 τῷ
510 731 629 803 Θεῷ
658 733 847 787 θυσίαν
873 734 1135 800 αἰνέσεως
1162 736 1298 806 (95).
1331 757 1350 790 ι
1395 738 1577 810 Ἀμὼς
1597 779 1611 802 ,
1644 758 1664 791 ι
1701 740 1876 812 Μεμί-

279 841 459 895 σηκα,
505 824 770 896 ἁπῶσμαι
811 828 911 891 τὰς
941 828 1132 900 ἑορτὰς
1161 828 1335 900 ὑμῶν,
1371 828 1531 904 ([96]
1570 833 1663 887 καὶ
1693 834 1755 887 οὐ
1798 831 1873 904 μὴ

274 919 575 991 ὀσφρανθῶ
602 922 662 974 ὲν
686 923 807 986 ταῖς
833 922 1205 994 πανηγύρεσιν
1230 923 1385 995 ὑμῶν
1421 925 1557 994 (97)·
1605 924 1741 979 διότι
1777 928 1872 980 καὶ

276 1012 376 1065 ἐὰν
415 1012 680 1085 ὲνέγκητέ
713 1030 803 1084 μοι
834 1012 1266 1084 ὁλοκαυτώματα
1294 1015 1390 1070 καὶ
1435 1016 1626 1081 θυσίας
1660 1017 1868 1091 ὑμῶν,)

274 1106 342 1158 οὐ
399 1106 767 1177 προσδέξομαι
836 1108 1012 1168 αὐτὰ,
1063 1108 1160 1162 καὶ
1219 1108 1490 1179 σωτηρίου
1554 1108 1873 1176 ἐπιφανείας

278 1197 439 1267 ὑμῶν
468 1197 580 1282 (οξ)
624 1198 726 1251 οὐκ
765 1197 1147 1268 ἐπιϐλέψομαι.
1193 1200 1549 1272 Μετάστησον
1589 1200 1684 1253 ἀπ’
1737 1199 1868 1271 ἐμοῦ

272 1282 414 1359 ἦχον
435 1288 590 1359 ᾠδῶν
614 1306 729 1352 σου,
754 1290 847 1343 καὶ
868 1289 1078 1359 ψαλμὸν
1093 1289 1342 1362 ὀργάνων
1365 1291 1467 1345 οὐκ
1490 1290 1816 1361 ἀκούσομαι.
1841 1308 1860 1343 ι

274 1376 408 1449 (99)
439 1376 752 1448 Μαλαχίας,
780 1397 800 1429 ι
831 1379 945 1433 Οὐκ
967 1377 1083 1432 ἔστι
1106 1395 1206 1449 μου
1232 1378 1443 1451 θέλημα
1469 1381 1527 1433 ὲν
1552 1380 1701 1450 ὑμῖν,
1722 1379 1871 1449 λέγει

273 1466 487 1537 Κύριος
517 1468 946 1539 παντοκράτωρ,
978 1468 1072 1522 καὶ
1102 1467 1292 1521 θυσίαν
1318 1469 1379 1521 οὐ
1412 1468 1777 1541 προσδέξομαι
1807 1471 1872 1523 ὲκ

271 1559 386 1612 τῶν
416 1559 619 1631 χειρῶν
639 1560 814 1630 ὑμῶν,
841 1560 972 1614 διότι
1000 1562 1110 1614 ἀπὸ
1133 1560 1414 1615 ἀνατολῶν
1441 1562 1615 1632 ἡλίου,
1647 1563 1740 1617 καὶ
1765 1562 1869 1629 ἕως

272 1650 498 1722 δυσμῶν
526 1652 589 1704 τὸ
614 1651 787 1723 ὄνομά
814 1670 916 1723 μου
945 1652 1257 1720 δεδόξασται
1294 1656 1353 1709 ὲν
1392 1658 1504 1720 τοῖς
1537 1655 1745 1721 ἔθνεσι,
1774 1659 1869 1711 καὶ

1975 471 2044 527 Ει
2082 488 2296 537 rursus,
2335 493 2353 526 ι
2380 472 2498 528 Νοη
2550 473 2817 543 accipiam
2868 472 2935 528 de
2978 472 3140 529 domo
3189 482 3280 528 tua
3331 477 3551 541 vitulos,

1975 556 2155 634 neque
2183 567 2251 621 de
2280 565 2536 637 gregibus
2570 565 2676 621 luis
2712 565 2897 621 hircos
2923 566 2989 619 ⁸⁸.
3011 586 3029 618 ι
3066 564 3129 621 Ει
3158 583 3369 632 rursus,
3404 588 3422 619 ι
3445 568 3555 622 lm-

1976 656 2119 710 mola
2167 655 2277 711 Deo
2315 656 2645 712 sacriﬁcium
2707 656 2883 712 laudis
2921 657 2988 710 ".
3032 676 3051 709 ι
3096 658 3297 724 Amos,
3339 678 3358 711 ι
3415 659 3555 715 Odia

1975 745 2167 810 habui,
2202 748 2375 817 repuli
2410 746 2736 803 festivitates
2765 755 2977 802 vestras
3015 748 3153 819 (nec
3185 748 3459 804 odorabor
3498 751 3552 804 in

1975 838 2435 894 conventionibus
2473 839 2694 893 vestris.
2754 838 2915 905 Quia,
2970 839 3015 895 si
3068 841 3378 896 obtuleritis
3419 840 3555 895 mihi

1973 929 2317 994 holocausta.
2372 939 2426 987 et
2478 930 2748 987 sacriﬁcia
2793 931 3036 1000 vestra),
3092 948 3203 987 non
3257 934 3565 1003 suscipiam

1974 1035 2062 1085 ea,
2118 1027 2172 1076 et
2217 1020 2462 1077 salutare
2506 1022 2810 1091 praesentia:
2852 1030 3047 1077 vestra:
3091 1022 3198 1077 non
3237 1024 3553 1093 respiciam.

1974 1109 2238 1167 Transfer
2294 1127 2325 1166 a
2388 1127 2473 1167 me
2536 1114 2775 1169 sonitum
2829 1114 3136 1168 carminum
3188 1124 3448 1170 tuorum:
3499 1123 3555 1170 et

1972 1203 2243 1271 psalmum
2270 1216 2599 1272 organorum
2629 1210 2849 1257 tuorum
2882 1218 2989 1258 non
3014 1205 3231 1258 audiam
3254 1206 3321 1258 ⁸⁸.
3350 1224 3369 1257 ›
3395 1204 3557 1260 Mala-

1972 1292 2148 1358 cbias,
2180 1311 2199 1344 ‹
2223 1292 2341 1348 Νοη
2391 1302 2477 1349 est
2516 1297 2771 1352 voluntas
2815 1310 2936 1350 mea
2970 1296 3024 1350 in
3062 1296 3237 1360 vobis,
3278 1297 3413 1351 dicit
3444 1298 3554 1351 Do-

1971 1386 2155 1441 minus
2206 1386 2592 1457 omnipotens:
2638 1396 2691 1442 et
2736 1388 3062 1443 sacriﬁcium
3097 1405 3205 1443 non
3257 1389 3556 1459 suscipiam

1971 1478 2038 1534 de
2070 1477 2327 1535 manibus
2363 1481 2583 1545 Vestris,
2616 1482 2744 1550 quia
2776 1481 2844 1536 ab
2879 1489 3000 1537 ortu
3028 1482 3262 1554 solis,_et
3290 1497 3463 1553 usque
3487 1482 3552 1537 ad

1971 1584 2227 1625 occasum
2254 1570 2612 1625 clariﬁcatum
2638 1579 2723 1627 est
2747 1587 2945 1627 nomen
2979 1589 3157 1627 meum
3185 1573 3239 1627 in
3274 1574 3554 1644 gentibus,

1973 1669 2026 1717 et
2060 1662 2114 1716 in
2143 1664 2293 1717 omni
2339 1663 2462 1719 loco
2497 1665 2783 1720 incensum
2833 1664 3059 1720 offertur
3087 1667 3293 1721 nomini
3325 1682 3469 1729 meo,
3502 1673 3557 1721 et

273 1745 339 1797 ὲν
365 1743 530 1795 παντὶ
561 1742 713 1814 τόπῳ
749 1743 1001 1816 θυμίαμα
1034 1745 1403 1818 προσφέρεται
1433 1748 1449 1817 (
1460 1748 1510 1819 1)
1537 1746 1615 1818 τῷ
1643 1748 1867 1819 ὀνόματί

1975 1756 2307 1811 sacriﬁcium
2332 1756 2617 1821 mundum,
2639 1757 2767 1828 quia
2786 1772 3039 1829 magnum
3058 1766 3141 1813 est
3157 1774 3354 1814 nomen
3375 1773 3556 1814 meum

276 1853 407 1907 μου,
435 1837 533 1890 κα)⁵
562 1837 723 1890 θυσία
753 1837 1001 1909 καθαρά’
1043 1837 1178 1891 διότι
1210 1839 1351 1909 μέγα
1380 1840 1440 1894 τὸ
1473 1840 1645 1913 ὄνομά
1680 1859 1779 1913 μου
1814 1844 1873 1896 ἐν

270 1930 390 1993 τοῖς
414 1928 616 1997 ἔθνεσι,
645 1928 792 2000 λέγει
822 1929 1027 2002 Κύριος
1054 1931 1473 2004 παντοκράτωρ.
1527 1950 1546 1982 ι

648 2064 744 2120 ll".
787 2066 925 2135 Περὶ
964 2067 1072 2121 τοῦ
1106 2068 1506 2128 Σαϐϐατιζὲιν.

347 2180 424 2234 T6
448 2179 729 2234 Σάϐϐατω
756 2180 907 2252 ἐδόθη
931 2183 1137 2248 αὐτοῖς,
1167 2182 1259 2237 τοῦ
1292 2185 1646 2240 καταπαῦσαι
1673 2188 1749 2255 (2)
1774 2190 1871 2260 τὴν

270 2273 686 2344 φιλοχρήματον
709 2273 890 2327 αὐτῶν
920 2274 1239 2346 ἐπιθυμίαν.
1279 2276 1385 2331 Τοῦ
1406 2277 1534 2332 λαοῦ
1574 2279 1682 2351 γὰρ
1715 2297 1872 2334 πενο-

271 2366 464 2437 μένου,
483 2364 796 2431 ἐξελθόντος
816 2366 883 2419 ὲκ
902 2366 1001 2437 τῆς
1017 2367 1152 2436 Αίγύ
1161 2385 1290 2422 πτου
1312 2370 1410 2440 (5),
1427 2371 1516 2423 καὶ
1539 2371 1702 2442 μηδὲν
1722 2371 1871 2443 ἔχον-

266 2474 385 2521 τος,
417 2456 561 2528 πλὴν
588 2451 665 2511 ὧν
691 2459 992 2528 ἐχρήσαντο
1018 2459 1170 2531 παρὰ
1198 2460 1306 2514 τῶν
1334 2462 1667 2531 Αἰγυπτίων,
1703 2481 1869 2519 σπουσ

266 2549 367 2620 δὴν
398 2551 643 2603 ἐποιεῖτο
670 2549 901 2614 ἕκαστος
922 2550 1010 2603 διὰ
1026 2550 1120 2604 τοῦ
1144 2552 1424 2607 ἀνενδότου
1448 2556 1610 2607 πόνου
1642 2556 1869 2610 πλοῦτον

267 2638 456 2710 ἑαυτῷ
503 2640 881 2712 περιποιῆσαι.
918 2640 1008 2692 Διὸ
1038 2640 1207 2711 λέγει,
1251 2659 1270 2692 ι
1314 2644 1411 2711 Ἓξ
1447 2644 1659 2715 ἡμέρας
1707 2647 1866 2718 ὲργᾷ·

266 2734 338 2804 τῇ
372 2732 429 2785 δὲ
464 2732 655 2802 ἡμέρᾳ
684 2734 750 2803 τῇ
798 2731 999 2804 ἐϐδόμῃ
1031 2734 1092 2785 οὐ
1144 2734 1388 2806 ποιήσεις
1444 2738 1549 2789 πᾶν
1601 2736 1761 2808 ἔργον
1810 2739 1868 2792 ὲν

269 2825 433 2895 αὐτῇ.
474 2843 495 2877 ι
530 2823 643 2877 Καὶ
674 2822 772 2895 τὴν
797 2824 976 2877 αἰτίαν
1005 2824 1279 2897 ἐπιφέρει,
1321 2826 1409 2881 ἴνα
1448 2828 1740 2901 ἀναπαύσῃ
1775 2830 1864 2894 σὺ,

270 2916 422 2984 καὶὴ
455 2915 595 2984 γυνή
628 2931 722 2967 σου
743 2955 758 2980 ,
790 2917 885 2968 καὶ
913 2916 942 2967 6
969 2913 1083 2978 υἱός
1118 2933 1232 2980 σου,
1271 2918 1363 2971 καὶ
1395 2920 1428 2991 ή
1463 2918 1709 2992 θυγάτηρ
1747 2938 1863 2984 σου,

270 3009 367 3063 καὶ
401 3011 431 3061 ὁ
470 3009 604 3070 παῖς
633 3024 759 3073 σου,
791 3008 820 3059 6
863 3007 990 3078 βοῦς
1025 3026 1119 3064 σου
1141 3049 1155 3075 ,
1186 3011 1276 3063 καὶ
1310 3012 1371 3064 τὸ
1404 3010 1698 3080 ὑποζύγιόν
1748 3032 1862 3068 σου.

1975 1849 2029 1902 in
2057 1848 2333 1918 gentibus,
2364 1848 2499 1903 dicit
2534 1847 2798 1904 Dominus
2828 1850 3175 1921 omnipotens
3200 1849 3269 1905 δ’.

2311 2068 2450 2126 XIII.
2485 2070 2558 2125 De
2586 2070 2811 2126 Sabbati
2849 2071 3216 2129 celebratione.

2045 2183 2345 2238 Sabbatum
2382 2183 2573 2238 datum
2620 2192 2706 2239 est
2742 2184 2823 2239 eis
2868 2185 2937 2239 ad
2969 2185 3271 2242 sedandum
3304 2186 3552 2255 nimium,

1972 2290 2082 2345 quo
2117 2273 2467 2339 tenebantur,
2516 2272 2764 2343 pecuniae
2813 2273 3079 2327 studium.
3130 2271 3264 2326 Nam
3296 2290 3417 2329 cum
3456 2291 3556 2343 po-

1972 2367 2135 2437 pulus
2192 2381 2399 2436 pauper
2443 2380 2702 2434 egressus
2739 2373 2887 2420 esset
2918 2380 2982 2419 ex
3029 2363 3286 2436 Egypto,
3333 2376 3387 2419 et
3420 2365 3559 2418 nihil

1973 2463 2201 2517 haberet
2254 2469 2453 2531 praeter
2500 2475 2563 2515 ea
2598 2476 2719 2531 qua:
2769 2461 3116 2515 commodato
3165 2468 3449 2528 acceperat
3487 2460 3557 2512 ab

1972 2548 2267 2620 Egyptiis,
2325 2549 2708 2618 unusquisque
2764 2561 2986 2616 operam
3045 2546 3235 2609 dabat,
3285 2554 3345 2598 ut
3382 2545 3558 2601 conti-

1969 2642 2122 2696 nenti
2162 2649 2325 2710 atque
2376 2638 2604 2694 assiduo
2661 2638 2846 2693 labore
2894 2637 2998 2693 sibi
3047 2636 3271 2691 divitias
3314 2645 3555 2707 pararet.

1970 2732 2333 2799 Quamobrem
2372 2731 2469 2796 ait,
2517 2750 2536 2782 ι
2562 2729 2669 2785 Sex
2698 2728 2893 2785 diebus
2942 2730 3302 2800 Operaberis;
3336 2730 3423 2785 die
3454 2744 3556 2784 au-

1969 2832 2077 2880 tem
2104 2824 2335 2896 septimo
2354 2839 2459 2877 non
2487 2822 2653 2880 facies
2677 2823 2845 2877 ullum
2864 2839 3002 2893 opus
3021 2824 3075 2877 in
3097 2838 3162 2878 eo
3178 2824 3279 2878 ⁸⁰.›
3300 2822 3558 2878 Causam-

1969 2930 2077 2986 que
2105 2914 2309 2979 subdit,
2359 2923 2418 2969 ut
2452 2914 2767 2985 requiescas
2803 2921 2881 2975 tu,
2916 2920 2971 2967 et
3013 2930 3151 2968 uxor
3177 2922 3289 2975 tua,
3330 2922 3384 2966 et
3409 2913 3553 2969 ﬁlius

1970 3015 2120 3070 tuus,
2150 3015 2204 3062 et
2237 3006 2345 3061 ﬁlia
2388 3014 2501 3071 tua,
2531 3016 2584 3061 et
2618 3021 2754 3076 puer
2793 3012 2941 3071 tuus,
2981 3013 3035 3060 et
3068 3006 3265 3060 ancilla
3304 3012 3418 3068 tua,
3450 3006 3549 3059 bos

281 3100 441 3155 Ἐπεί
468 3117 552 3152 τοι
578 3100 725 3163 τίνος
757 3099 944 3153 ἕνεκεν
978 3101 1006 3153 ὁ
1049 3101 1257 3174 Ἰησοῦς
1284 3103 1311 3153 6
1339 3103 1433 3156 τοῦ
1464 3105 1621 3174 Ναυῆ
1649 3106 1863 3160 κυκλῶν

1973 3107 2123 3160 tuus,
2159 3107 2208 3152 et
2242 3097 2529 3167 subjugale
2575 3103 2750 3151 tuum.
2796 3096 3011 3166 Alioqui
3064 3097 3224 3164 cujus
3271 3096 3347 3151 rei
3379 3097 3553 3166 gratia

266 3193 373 3264 τὴν
409 3191 621 3263 ἰεριχὼ
661 3192 798 3263 μετὰ
831 3191 1150 3262 σαλπίγγων
1179 3194 1271 3247 ἐπὶ
1305 3195 1445 3247 ἑπτὰ
1482 3196 1730 3267 ἡμέρας,
1763 3200 1865 3253 οὐκ

269 3287 536 3357 ὲσχόλασε
563 3285 643 3354 τῷ
677 3284 968 3356 Σαϐϐάτῳ;
1016 3286 1140 3348 Πῶς
1169 3287 1226 3340 δὲ
1254 3289 1318 3358 τῇ
1353 3287 1513 3358 ὀγδόῃ
1550 3289 1732 3361 ἡμέρᾳ
1763 3308 1862 3343 πε-

272 3379 592 3451 ριτέμνεται
635 3377 880 3441 παιδίον;
929 3377 1027 3432 Διὰ
1072 3378 1126 3431 τί
1171 3378 1226 3431 δὲ
1272 3381 1329 3433 ὲν
1364 3378 1549 3451 ἡμέρᾳ
1583 3380 1863 3436 Σαϐϐἀτου

265 3470 449 3523 τίκτει
478 3467 658 3537 γυνή;
694 3465 821 3530 Πῶς
850 3466 906 3518 δὲ
944 3465 1038 3519 καὶ
1067 3466 1118 3518 οἱ
1163 3467 1330 3535 ἱερεῖς
1374 3467 1553 3520 πᾶσαν
1578 3466 1770 3520 θυσίαν
1805 3470 1864 3520 ὲν

268 3558 543 3629 Σαϐϐάτῳ
592 3556 837 3617 ποιοῦσι;
890 3556 1013 3621 Πῶς
1046 3557 1105 3610 δὲ
1134 3557 1320 3626 ἥλιος,
1371 3558 1466 3611 καὶ
1500 3557 1697 3629 σελήνη
1717 3599 1731 3622 ,
1768 3558 1865 3612 καὶ

268 3655 451 3723 ἄστρα
493 3652 592 3707 τὸν
637 3649 942 3723 ὡρισμένον
988 3648 1186 3724 δρόμον
1219 3651 1430 3706 ἐκτελεῖ
1474 3653 1569 3706 κα).
1598 3650 1677 3724 τῷ
1724 3652 1865 3705 Σαϐ-

270 3747 421 3817 ϐάτῳ
445 3763 462 3812 ;
1592 3757 1597 3762 ’

540 3886 639 3938 IA’.
678 3882 819 3953 Περὶ
848 3882 954 3938 τοῦ
985 3881 1582 3953 κπασφραγίζὲσθαι.

343 3995 510 4049 Δαόὶδ
540 3995 641 4060 (4),
678 4013 698 4046 ι
733 3992 1076 4065 Ἐσημειώθη
1102 3994 1349 4064 ἐφ’ἡμᾶς
1371 3994 1430 4047 τὸ
1452 3994 1576 4064 φῶς
1588 3993 1679 4048 τοῦ
1696 4013 1867 4066 προσ-

266 4087 425 4140 ώπου
469 4103 590 4149 σου,
620 4085 814 4157 Κύριε.
852 4104 872 4138 δ
908 4086 1020 4139 Καὶ
1056 4084 1240 4149 πάλιν,
1280 4104 1298 4136 ι
1330 4085 1562 4156 Ποίησον
1586 4088 1702 4155 μετ’
1729 4087 1864 4157 ἐμοῦ

270 4180 503 4249 σημεῖον
533 4179 616 4241 είς
647 4176 853 4246 ἀγαθόν
876 4194 888 4209 ·
926 4178 1020 4231 καὶ
1063 4176 1321 4230 ίδέτωσαν
1357 4177 1406 4229 oi
1449 4177 1734 4247 μισοῦντές
1773 4196 1862 4250 με,

271 4270 374 4324 καὶ
404 4267 874 4339 αἰσχυνθήτωσαν,
916 4270 996 4322 ὃτι
1037 4269 1102 4322 σὺ
1125 4307 1140 4333 ,
1174 4266 1346 4337 Κύριε
1368 4306 1383 4331 ,
1423 4267 1726 4342 ἐϐοήθησας
1774 4289 1863 4343 μοι

272 4362 373 4415 καὶ
404 4360 789 4432 παρεκάλεσάς
826 4376 915 4430 με.
954 4377 972 4411 ι
1011 4359 1122 4414 Καὶ
1152 4357 1334 4423 πάλιν,
1385 4375 1405 4410 ι
1463 4358 1709 4425 Ἕδωκας
1753 4365 1863 4427 τοῖς

1968 3188 2126 3247 Iesus
2150 3191 2291 3245 ﬁlius
2307 3189 2452 3244 Nave
2466 3191 2509 3222 ⁸¹
2535 3200 2739 3259 septem
2758 3188 2952 3244 diebus
2970 3187 3321 3242 circumdans
3336 3186 3556 3242 Jerieho

1971 3298 2095 3338 cum
2124 3282 2293 3343 tubis,
2328 3283 2382 3336 in
2417 3280 2654 3336 Sabbato
2685 3280 2914 3336 feriatus
2955 3295 3064 3334 non
3108 3281 3238 3335 est?
3267 3278 3554 3347 Quomodo

1968 3374 2056 3429 die
2087 3382 2279 3429 octava
2312 3372 2727 3429 circumciditur
2755 3372 2938 3442 puer?
2969 3371 3082 3427 Cur
3120 3372 3173 3425 in
3194 3370 3295 3427 "die
3330 3370 3556 3426 Sabbati
3628 3424 3636 3431 ,

1970 3466 2168 3520 mulier
2223 3465 2412 3536 parit?
2456 3463 2743 3531 Quomodo
2796 3463 2963 3518 etiam
3021 3461 3339 3517 sacerdotes
3394 3475 3558 3515 omne

1973 3557 2308 3614 sacriﬁcium
2368 3560 2425 3612 in
2479 3556 2723 3611 Sabbato
2782 3554 3037 3629 faciunt?
3087 3552 3371 3618 Quomodo
3426 3553 3554 3606 item

1972 3652 2076 3716 sol,
2132 3659 2186 3705 et
2240 3651 2369 3704 luna
2402 3658 2458 3705 et
2506 3657 2655 3705 astra
2702 3647 2984 3704 deﬁnitum
3017 3661 3241 3702 cursum
3287 3644 3452 3699 etiam
3500 3642 3557 3697 in

1976 3741 2221 3798 Sabbato
2252 3740 2598 3797 conﬁciunt?

2352 3877 2490 3933 XIV.
2522 3876 2597 3932 De
2629 3876 2764 3947 signi
2797 3875 3162 3945 impressione.

2043 3992 2238 4057 David,
2278 4012 2296 4043 ι
2323 3991 2607 4062 Signatum
2659 3999 2744 4048 est
2794 4006 2959 4061 super
3005 4005 3103 4045 nos
3149 3989 3331 4044 lumen
3369 3986 3555 4044 vultus

1973 4087 2075 4150 tui,
2118 4086 2346 4142 Domine
2370 4086 2437 4140 ".
2464 4104 2483 4137 ι
2525 4083 2589 4138 Et
2637 4100 2857 4147 rursus,
2897 4082 3044 4138 «Fac
3087 4097 3300 4138 mecum
3340 4082 3554 4152 signum

1967 4181 2023 4235 in
2056 4181 2219 4242 bono,
2252 4187 2306 4234 et
2341 4178 2567 4235 videant
2592 4179 2684 4248 qui
2721 4177 2959 4232 oderunt
2988 4192 3093 4241 me,
3126 4183 3181 4230 et
3208 4173 3556 4229 confundan-

1969 4278 2080 4338 tur,
2112 4271 2373 4343 quoniam
2409 4281 2488 4333 tu,
2528 4269 2778 4337 Domine,
2814 4268 3072 4338 adjuvisti
3122 4282 3228 4329 me,
3262 4273 3315 4319 et
3357 4279 3557 4318 conso-

1974 4368 2117 4424 latus
2132 4382 2193 4424 es
2224 4381 2308 4421 me
2328 4366 2428 4419 ⁸³.»
2463 4363 2528 4419 Ει
2551 4379 2768 4432 rursus,
2802 4379 2822 4414 ι
2844 4360 3050 4439 Dedisti
3097 4356 3469 4415 metuentibus
3500 4363 3555 4410 te

352 4517 396 4591 ξ’
425 4517 577 4572 Psal.
608 4532 761 4591 seu,
788 4515 906 4591 _1_5._
962 4516 1007 4591 ‘f
1031 4514 1244 4591 ibid._9.
1306 4514 1365 4591 :7
1381 4513 1533 4591 ibid.
1570 4516 1652 4570 Μ.
1733 4517 1779 4550 ⁸⁸
1803 4517 1866 4591 At

1971 4563 1972 4568 η
2024 4543 2078 4589 v,
2103 4524 2296 4580 2l-23.
2376 4523 2419 4558 "
2442 4523 2672 4579 Malach.
2700 4538 2738 4591 l,
2771 4521 2861 4587 10,
2892 4520 2979 4575 ll.
3054 4518 3103 4550 '°
3135 4514 3309 4572 Exod.
3337 4532 3428 4584 xx,
3462 4513 3550 4570 lO'

272 4589 317 4620 "
351 4586 468 4645 los.
507 4602 584 4652 VI,
618 4588 705 4645 10.
785 4588 833 4618 ⁸³
874 4585 1019 4643 Psal.
1063 4601 1137 4651 ιν,
1170 4586 1223 4641 7.
1304 4586 1350 4618 ⁸³
1378 4584 1526 4641 Psal.
1571 4602 1769 4657 Lxxxv,
1804 4590 1890 4644 l7.

346 4744 456 4815 (95)
491 4743 983 4823 C«.M_lex_recentior
1019 4753 1072 4798 et
1112 4742 1253 4823 alius
1293 4741 1520 4823 S_iphani
1544 4785 1558 4811 ,
1592 4744 1867 4800 δικαιοσύ-

1974 4765 2254 4823 ronymus,
2288 4759 2349 4805 ut
2390 4752 2525 4823 scite
2545 4750 2800 4805 Nobilius
2831 4749 3089 4823 advertit.
3129 4748 3334 4823 habent
3376 4762 3552 4823 σωτη-

270 4813 392 4888 mg.
419 4813 767 4888 Διιινίςιιεειιιιν
798 4815 952 4888 locus
980 4829 1103 4888 esse
1118 4814 1329 4888 Psalmi
1363 4830 1436 4877 IV,
1457 4814 1580 4888 6.__
1698 4886 1727 4888 μ
1850 4854 1865 4867 .

348 4886 462 4957 (96)
515 4885 654 4951 Quae
702 4884 1472 4957 semicirculisincluduntur
1524 4883 1755 4950 librarii,
1806 4895 1868 4943 ut

276 4952 448 5027 paiet,
478 4970 675 5027 errore
702 4955 931 5027 deerant
953 4954 1007 5027 in
1037 4952 1273 5027 _S_iphani
1298 4955 1510 5027 codice,
1536 4970 1647 5027 nec
1700 4958 1865 5012 etiam

274 5023 553 5083 habentur
596 5025 659 5098 in_
700 5023 1323 5098 recentioriVaticano,
1362 5026 1488 5098 licet
1533 5026 1586 5079 in
1629 5034 1866 5098 utroque

274 5099 465 5153 codice
502 5096 754 5165 quaedam
783 5110 849 5149 ex
874 5095 1123 5165 hisloco
1146 5112 1253 5149 non
1282 5111 1384 5149 suo
1420 5097 1755 5151 inserantur.

347 5167 465 5239 (97)
490 5164 551 5221 In
581 5166 825 5221 editione
873 5164 1042 5239 ωιχλ
1071 5168 1433 5239 [interpretum
1476 5167 1696 5239 additur
1735 5183 1861 5232 vox,

277 5236 492 5301 θυσίας,
523 5254 648 5306 qua:
681 5244 863 5306 tamen
892 5252 999 5289 non
1032 5236 1264 5291 habetur
1298 5251 1396 5290 nec
1420 5237 1561 5305 apud
1582 5236 1862 5292 Justinum

280 5310 332 5363 in
371 5305 602 5377 Dialogo
633 5323 754 5361 cum
791 5305 1068 5376 Tryphone
1103 5322 1224 5375 pag.
1252 5306 1379 5377 258,
1408 5323 1509 5361 nec
1550 5309 1693 5376 apud
1730 5308 1866 5363 Ter-

278 5374 605 5440 tullianum,
652 5379 751 5448 qui,
790 5374 979 5448 inlib.
1034 5392 1067 5431 v
1096 5374 1247 5448 ξΑάυ.
1300 5374 1627 5432 Marcionem
1679 5379 1862 5445 habet,

282 5448 403 5506 Non
437 5446 707 5505 odorabo'r
734 5447 791 5501 in
824 5446 1131 5518 frequentiis
1161 5448 1365 5501 restria.

347 5519 466 5591 (98)
490 5519 726 5591 Siphani
754 5515 927 5591 codex;
941 5526 1006 5591 et
1043 5515 1338 5573 Vaticanus
1366 5518 1660 5591 recentior,
1696 5535 1865 5590 σωτη-

316 5587 797 5658 ίουςὲπιφανείας
825 5587 1026 5641 αὐτῶψ
1063 5596 1336 5657 postrema
1376 5604 1478 5642 vox
1508 5587 1857 5644 videturcsse

300 5662 492 5716 ibrarii
523 5657 705 5717 error.
743 5657 987 5713 Priorem
1014 5674 1198 5713 vocem
1241 5658 1404 5713 habet
1430 5659 1592 5712 etiam
1638 5660 1856 5727 vulgata

284 5730 811 5800 LXXlnterpretum
834 5729 1035 5797 editio;
1072 5729 1165 5786 sed
1195 5729 1286 5783 alii
1314 5728 1531 5786 codices
1556 5738 1610 5786 et
1646 5729 1709 5787 Ι).
1729 5730 1857 5788 llie-

1980 4810 2118 4891 ρίοῦ,
2158 4810 2359 4892 quibus
2399 4810 2685 4876 addendus
2714 4829 2798 4875 est
2825 4819 3079 4874 Justinus
3102 4810 3549 4892 modolamlatus.

2047 4886 2325 4964 (99)'Qn:e
2352 4892 2725 4964 semicirculis
2760 4892 3126 4964 includuntur
3159 4886 3553 4941 nonhabentur

1975 4960 2030 5016 in
2056 4959 2363 5019 recentiori
2399 4960 2683 5020 Vaticano.
2718 4977 2817 5015 nec
2846 4961 2986 5030 apud
3014 4959 3339 5030 Siphanum.

2048 5033 2122 5105 (ί)
2143 5035 2197 5088 In
2219 5035 2463 5088 Romana
2484 5031 2621 5105 ωιξ
2639 5029 3254 5105 Interpretumeditione
3270 5035 3372 5088 est,
3393 5041 3556 5105 προσ-

1972 5093 2204 5172 άγεται·
2253 5105 2347 5160 sed
2396 5103 2538 5168 apud
2580 5093 2870 5172 Justinum
2901 5102 2953 5153 in
3001 5100 3223 5172 Dialogo
3261 5112 3379 5149 cum
3415 5093 3553 5163 Try-

1969 5169 2155 5254 plione,
2189 5189 2311 5245 pag.
2341 5173 2489 5254 Ξξίξι
2510 5174 2725 5254 legitur,
2751 5170 2913 5223 θυσία
2946 5169 3343 5254 atpoogéps'mtr
3367 5180 3550 5254 verum

1970 5238 2206 5316 inferius
2236 5238 2355 5316 pag.
2384 5243 2494 5316 260
2518 5238 2915 5316 cum‘Nysseno
2945 5238 3069 5316 legit
3099 5238 3554 5316 Oupia_pann_poa-

1970 5315 2214 5386 φέρεται.
2237 5304 2561 5386 Ἐἱρι-ἰειηιιε
2605 5313 2698 5367 lib.
2715 5304 2748 5365 ἰ
2778 5309 2909 5364 Adv.
2934 5304 3090 5372 Jud.,
3123 5304 3182 5364 c.'
3214 5304 3315 5361 56':
3351 5304 3552 5361 Odore:

1969 5385 2171 5439 incensi
2200 5385 2521 5455 oﬁ‘eruntur.

2041 5455 2119 5524 (2)
2158 5449 2341 5511 Codex
2373 5452 2673 5524 antiquior,
2699 5449 2925 5524 παῦσαι.

2155 5526 2301 5598 Idem
2330 5516 3086 5598 ροιΙ-οςξπενομένονξὲκ-γῆς
3114 5516 3422 5598 {Ultimm}:

2041 5588 2116 5667 (4)
2183 5596 2367 5652 Codex
2424 5588 2714 5651 Vaticanus
2761 5588 3061 5664 antiquior,
3101 5588 3264 5644 Δαϐὶδ
3311 5588 3549 5660 πρῶτος,

1979 5666 2344 5739 Ἐσημειώοη.
