4034 6132
461 186 569 242 225

1712 196 1767 253 S.
1804 197 2133 255 GREGORII
2167 199 2459 258 NYSSENI

3621 210 3728 264 2‘25

464 300 946 371 signiﬁcationem,
978 310 1040 358 ut
1084 303 1296 375 fugiant
1335 319 1367 358 a
1400 304 1538 361 facie
1569 320 1731 364 arcus
1754 308 1824 362 ".
1855 327 1873 360 ι
1909 308 2047 365 Eze-

2158 312 2506 386 ιροϐουμένοις
2550 332 2611 369 σε
2650 316 2981 389 σημείωσιν,
3021 316 3116 372 τοῦ
3171 319 3363 387 φυγεῖν
3401 317 3511 371 ἀπὸ
3556 335 3728 390 προσ-

465 393 629 457 chiel,
666 411 686 445 ι
709 393 812 450 Fili
865 396 1124 461 hominis,
1157 397 1329 453 transi
1362 399 1598 454 mediam
1630 399 1956 468 Jerusalem,
1993 411 2048 459 et

465 482 533 537 da
567 486 785 556 signum
831 503 1000 558 super
1039 486 1245 545 frontes
1293 490 1536 545 virorum
1589 494 1946 561 gementium,
1993 502 2049 548 et

466 576 774 633 dolentium
812 594 978 651 super
1006 582 1414 653 iniquitatibus,
1448 599 1569 654 qua:
1601 584 1738 639 ﬁunt
1778 585 1832 639 in
1870 586 2049 642 medio

467 661 713 733 ipsorum
740 665 850 719 “.i
901 665 969 720 Et
1018 682 1251 735 rursus,
1306 671 1458 727 «Sex
1514 672 1967 729 viriveniebant
2018 689 2047 727 a

468 763 625 827 porta
648 757 889 822 excelsa,
913 775 1037 828 qua:
1066 762 1295 833 respicit
1315 763 1382 817 ad
1413 764 1747 834 aquilonem,
1780 772 1834 820 et
1858 766 2049 824 unius-

468 847 737 918 cujusque
782 851 996 907 securis
1038 852 1091 905 in
1140 868 1305 907 manu
1339 853 1480 924 ejus.
1514 855 1836 923 Audientes,
1874 857 1947 912 ite
1993 858 2048 912 in

466 939 765 1005 civitatem,
791 951 845 996 et
871 944 1160 1012 percutite,
1193 956 1377 1000 etnon
1401 946 1609 1017 parcite
1632 947 1807 1004 oculis
1829 949 2048 1013 vestris,

466 1040 521 1084 et.
567 1045 678 1085 non
722 1032 1105 1101 miseremini;
1151 1052 1362 1103 senem,
1418 1046 1473 1091 et
1514 1037 1942 1106 adolescentem,
1998 1047 2053 1096 et

465 1124 758 1195 virginem,
783 1136 836 1181 et
860 1130 1143 1198 parvulos,
1172 1139 1225 1185 et
1258 1131 1512 1186 mulieres
1542 1133 1834 1188 interﬁcite
1867 1134 1936 1188 ad
1969 1134 2055 1189 in-

469 1218 866 1273 ternecionem.
909 1218 1089 1290 Super
1137 1236 1331 1277 omnes
1358 1230 1562 1287 autem,
1606 1239 1772 1295 super
1796 1240 1934 1295 quos
1971 1232 2055 1281 est

470 1310 690 1381 signum
751 1327 954 1378 meum,
1010 1329 1077 1369 ne
1128 1316 1711 1386 appr0pinquetis“.i
1769 1316 2052 1374 Sacriﬁcia

471 1412 654 1458 autem
705 1403 815 1459 illis
857 1405 1105 1461 facienda
1143 1408 1508 1478 praescripsit,
1565 1424 1675 1464 non
1726 1409 1872 1480 quod
1909 1409 2054 1466 Deus

471 1494 763 1552 sacriﬁciis
818 1497 1263 1570 bolocaustisque
1311 1499 1599 1571 indigeret,
1636 1502 1732 1557 sed
1766 1503 1896 1573 quia
1926 1519 2052 1557 cum

2149 405 2297 458 ώπου
2332 404 2505 471 τόξου.
2544 425 2563 459 ι
2600 406 2878 478 Ἰεζεκιὴλ,
2907 428 2924 461 ι
2962 407 3055 462 Υἱὲ
3085 408 3393 479 ἀνθρώπου,
3428 408 3603 461 δίελθε
3635 409 3731 479 μέ-

2152 510 2241 547 σον
2269 495 2366 566 τὴν
2395 496 2769 569 Ἰερουσαλὴμ,
2798 498 2890 551 καὶ
2919 498 3007 563 δὸς
3036 498 3097 551 τὸ
3127 500 3348 569 σημεῖον
3380 499 3472 551 ἐπὶ
3499 498 3565 552 τὰ
3597 498 3732 570 μέτ-

2149 602 2273 639 ωπα
2312 586 2388 659 (5)
2420 587 2528 641 τῶν
2560 589 2883 660 ἀνθρώπων,
2909 591 3018 644 τῶν
3055 591 3441 657 στεναζόντων,
3468 591 3563 644 καὶ
3592 608 3732 645 κατ-

2149 677 2520 749 ωδυνωμένων
2557 682 2651 736 ἐπὶ
2683 684 2803 747 ταῖς
2851 683 3121 748 ἀδικίαις,
3162 687 3283 747 ταῖς
3324 684 3640 753 γινομέναις
3674 686 3735 736 ἐν

2154 770 2303 841 μέσῳ
2352 771 2548 826 αὐτῶν.
2587 794 2604 825 ι
2637 774 2748 828 Καὶ
2770 774 2952 840 πάλιν,
2988 794 3006 826 ι
3036 776 3133 843 ’Ἐξ
3159 777 3349 847 ἄνδρες
3368 776 3598 847 ἤρχοντο
3623 774 3737 828 ἀπὺ

2148 858 2250 928 τῆς
2287 858 2458 933 πύλης
2484 861 2585 933 τὴς
2611 862 2912 935 βλεπούσης
2945 865 3080 936 πρὸς
3117 865 3338 937 βορρᾶν,
3371 866 3467 918 καὶ
3501 865 3735 918 ἑκάστου

2150 955 2183 1024 ἡ
2213 952 2386 1017 πέλυξ
2414 956 2472 1006 ὲν
2494 957 2559 1025 τῇ
2588 956 2730 1027 χειρὶ
2753 956 2919 1010 αὐτοῦ
2948 959 3045 1028 (6)’
3077 958 3364 1019 ἀκούοντες
3388 958 3464 1027 (7}
3500 955 3738 1029 πορεύε-

2154 1044 2248 1099 σθε
2272 1049 2352 1110 εἰς
2380 1046 2479 1118 τὴν
2505 1047 2679 1111 πάλιν,
2708 1050 2801 1102 καὶ
2830 1049 3080 1114 κόπτετε,
3115 1050 3207 1102 καὶ
3238 1051 3312 1121 μὴ
3340 1048 3599 1118 φείσασθε
3622 1049 3740 1112 τοῖς

2153 1138 2450 1209 ὀφθαλμοῖς
2499 1138 2674 1209 ὑμῶν.
2722 1141 2817 1193 καὶ
2870 1140 2944 1211 μὴ
2995 1141 3286 1211 ἐλεήσητε·
3339 1139 3734 1212 πρεσϐύτερον,

2154 1228 2250 1281 καὶ
2280 1228 2579 1293 νεανίσκον,
2609 1230 2702 1283 καὶ
2747 1228 3011 1300 παρθένον
3042 1230 3140 1299 (8),
3167 1231 3263 1283 καὶ
3286 1232 3475 1301 νήπια,
3507 1232 3601 1284 καὶ
3633 1248 3738 1301 γυ-

2153 1323 2347 1383 ναῖκας
2372 1320 2725 1374 ἀποκτείνατε
2753 1321 2827 1390 (9)
2858 1322 2938 1384 είς
2964 1321 3256 1391 ἐξάλειψινι
3284 1323 3377 1375 ἐπὶ
3403 1322 3458 1376 δὲ
3491 1324 3703 1386 πάντας
3722 1364 3737 1387 ,

2154 1412 2239 1481 ἐφ’
2269 1410 2361 1476 οὓς
2400 1414 2518 1467 ἐστι
2543 1412 2604 1466 τὸ
2630 1413 2854 1484 σημεῖόν
2888 1431 3011 1485 μου,
3044 1414 3118 1486 μὴ
3149 1415 3427 1488 έγγίσητε.
3464 1437 3482 1467 ι
3520 1416 3654 1486 Περὶ
3679 1416 3740 1469 δὲ

2154 1504 2248 1558 τοῦ
2278 1505 2425 1558 θύειν
2462 1506 2661 1570 αὐτοὺς
2703 1506 2952 1578 εἴρηται,
2983 1507 3079 1578 οὐχ
3106 1507 3186 1561 ὅτι
3228 1510 3256 1562 ὁ
3287 1507 3420 1572 Θεὸς
3445 1508 3614 1562 ἐδεῖτο
3640 1508 3740 1561 θυ-

470 1588 715 1645 Levitica
765 1592 941 1647 tribus
982 1601 1186 1647 sortem
1229 1595 1281 1647 in
1319 1594 1704 1663 promissionis
1746 1604 1893 1650 terra
1943 1611 2051 1651 non

2158 1598 2308 1666 σιῶν,
2336 1599 2369 1670 ἢ
2397 1598 2882 1670 ὁλοκαυτωμάτων,
2905 1599 3018 1652 ἀλλ’
3037 1600 3226 1671 ἐπειδὴ
3252 1601 3287 1670 ἡ
3310 1599 3571 1670 Λευῖτικὴ
3597 1599 3740 1671 φυλὴ

471 1683 722 1749 haberet,
776 1685 978 1755 quippe
1028 1685 1170 1756 quod
1216 1686 1331 1757 ipse
1383 1686 1528 1744 Deus
1582 1705 1704 1745 sors
1745 1690 1867 1760 ejus
1911 1699 2050 1756 erat,

472 1774 615 1831 hanc
667 1776 750 1832 eis
787 1777 1046 1833 alimenta
1091 1778 1192 1833 sibi
1236 1781 1593 1851 comparandi
1640 1783 1910 1838 rationem
1948 1784 2053 1838 tri-

470 1864 630 1933 buit;
660 1866 882 1923 nolebat
914 1869 1059 1924 enim
1084 1886 1178 1926 eos
1201 1870 1294 1941 qui
1326 1871 1638 1927 sacerdotio
1670 1870 2050 1944 fungerentur,

456 1957 661 2045 .labore
696 1974 981 2027 manuum,
1019 1962 1390 2032 negotiatione
1423 1963 1659 2033 aliisque
1693 1964 2055 2021 fraudulentis

471 2050 685 2107 artibus
720 2052 814 2105 ali.

981 2163 1100 2221 XV.
1128 2163 1208 2219 De
1235 2162 1541 2235 Evangelia.

540 2274 735 2339 David,
773 2295 792 2330 ι
813 2278 1081 2335 Dominus
1115 2279 1266 2335 dabit
1298 2280 1524 2335 verbum
1554 2280 2055 2350 evangelizantibus

470 2367 674 2423 virtute
700 2371 868 2425 multa
890 2373 958 2427 δ’.
984 2391 1002 2424 ›
1038 2371 1106 2427 Ει
1134 2388 1353 2439 rursus,
1394 2390 1413 2424 ι
1434 2372 1607 2438 Quam
1633 2372 1868 2442 speciosi
1893 2373 2055 2445 pedes

468 2463 965 2534 evangelizantium
998 2480 1186 2535 pacem
1211 2467 1259 2499 ⁸⁸
1280 2468 1292 2520 !
1317 2486 1336 2518 ι

574 2575 722 2632 XVI.
757 2577 834 2633 De
865 2579 1607 2662 incredulitate:Iudazorum,
1639 2593 1689 2639 et
1723 2581 1966 2639 Ecclesia

1135 2661 1391 2721 gentium.

540 2737 713 2795 Isaias
747 2738 842 2794 Dei
889 2742 1133 2809 nomine,
1173 2740 1399 2813 «Neque
1444 2743 1612 2807 nosti,
1648 2758 1827 2812 neque
1876 2743 2053 2810 scisti,

471 2846 650 2900 neque
671 2846 701 2885 a
728 2832 1001 2901 principio
1024 2833 1218 2902 aperui
1250 2848 1411 2888 aures
1436 2843 1559 2889 tuas
1585 2851 1600 2900 ;
1630 2850 1891 2891 noveram
1911 2835 2055 2889 enim

2156 1690 2256 1742 ούκ
2286 1684 2399 1761 εἶχε
2428 1689 2629 1760 κλῆρον
2664 1689 2721 1742 ὲν
2743 1692 2808 1759 τῇ
2836 1692 2906 1761 γῇ
2934 1691 3032 1758 τῆς
3062 1689 3399 1757 ἐπαγγελίας
3419 1729 3434 1752 ,
3469 1689 3551 1743 ὅτι
3576 1689 3744 1752 αὐτὸς

2156 1780 2185 1832 ὁ
2211 1779 2343 1843 Θεὸς
2388 1779 2589 1850 κλῆρος
2634 1778 2805 1849 αὐτῆς
2825 1818 2840 1843 ,
2879 1777 3083 1849 ταύτην
3112 1777 3310 1831 ἔδωκεν
3344 1778 3527 1841 αὐτοῖς
3568 1777 3651 1838 εἰς
3676 1773 3744 1827 τὸ

2108 1938 2117 1945 ,
2157 1873 2449 1946 τρέφεσθαι
2478 1872 2769 1945 πρόφασιν·
2798 1873 2899 1926 οὐκ
2924 1872 3174 1925 ἐϐούλετο
3201 1871 3309 1944 γὰρ
3348 1870 3544 1935 αὐτοὺς
3591 1872 3746 1940 ἱερα-

2157 1968 2432 2032 τεύοντας,
2467 1967 2575 2020 ἀπὸ
2602 1969 2762 2023 πόνου
2803 1966 2896 2021 καὶ
2924 1964 3337 2037 πραγματείας,
3370 1965 3537 2034 ἤγουν
3561 1980 3749 2033 καπη-

2157 2058 2325 2123 λείας,
2359 2058 2523 2129 τρέφε
2533 2059 2675 2114 σθαι.

2533 2172 2633 2225 IE'.
2675 2171 2813 2241 Περὶ
2842 2170 2950 2225 τοῦ
2976 2169 3363 2241 Εὐαγγελὶου.

2228 2286 2426 2349 Δαὸὶδ,
2482 2305 2499 2337 ι
2542 2285 2745 2352 Κύριος
2788 2284 2950 2339 δώσει
2982 2284 3135 2355 ῥῆμα
3168 2284 3282 2345 τοῖς
3319 2279 3744 2351 εὐαγγελιζομέ-

2158 2396 2268 2444 νοις
2318 2379 2547 2449 δυνάμει
2594 2377 2782 2449 πολλῇ.
2825 2395 2843 2428 ι
2877 2377 2989 2431 Καὶ
3024 2375 3207 2441 πάλιν,
3266 2392 3285 2425 ι
3332 2374 3422 2437 Ὠς
3465 2373 3652 2445 ὡραῖοι
3694 2374 3745 2425 οἱ

2159 2472 2319 2536 πόδες
2343 2470 2453 2525 τῶν
2481 2469 2976 2541 εὐαγγελιζομένων
3003 2469 3260 2541 εἱρήνηνῐ
3303 2487 3322 2518 ι

2159 2586 2278 2655 ις’.
2304 2587 2446 2656 Περὶ
2490 2586 2601 2654 τῆς
2623 2585 2921 2656 κὰπιστζας
2952 2584 3073 2638 τῶν
3108 2582 3432 2656 Ἰουδαίων,
3476 2582 3573 2636 καὶ
3606 2579 3747 2649 περὶ

2569 2655 2690 2709 τῶν
2714 2653 2905 2710 ἐθνῶν
2950 2655 3336 2722 Ἐκκλησίας.

2242 2748 2468 2811 Ἡσαΐας
2489 2750 2551 2801 ἐκ
2574 2746 2866 2818 προσώπου
2885 2745 2980 2800 τοῦ
3004 2744 3161 2809 Θεοῦ,
3195 2765 3214 2796 ι
3238 2742 3373 2798 Οὔτε
3398 2743 3588 2812 ἔγνως,
3612 2740 3745 2796 οὔτε

2160 2839 2431 2909 ἠπίστασο
2460 2839 2608 2910 (l0),
2635 2838 2760 2893 οὔτε
2797 2839 2891 2892 ἀπ’
2940 2839 3113 2910 ἀρχῆς
3151 2836 3337 2908 ἦνοιξά
3367 2838 3480 2906 (il)
3529 2852 3623 2889 σου
3676 2835 3752 2889 τὰ

472 2922 732 2989 quoniam
754 2923 1121 2992 praevaricans
1144 2924 1592 2994 praxvaricaberis
1612 2927 1679 2981 ⁸⁸.
1704 2947 1719 2979 ι
1752 2927 1815 2982 Et
1840 2943 2053 2991 rursus,

2159 2927 2292 2986 ὧταο
2317 2933 2464 3004 ᾔδειν
2496 2932 2601 3005 γάρ
2623 2974 2636 2998 ,
2667 2934 2749 2986 ὅτι
2780 2931 3022 2986 ἀπειθῶν
3059 2930 3376 3000 ἀπειθήσεις
3405 2928 3536 2999 (12).
3579 2948 3596 2981 ι
3635 2929 3751 2981 Καὶ

479 3031 497 3064 ι
522 3011 773 3082 Magnum
808 3029 1008 3070 nomen
1042 3016 1164 3084 ejus
1194 3017 1247 3071 in
1284 3017 1560 3085 gentibus,
1594 3026 1644 3071 et
1675 3018 1727 3071 in
1755 3019 1902 3072 omni
1936 3019 2057 3074 loco

2166 3023 2347 3089 πάλιν,
2385 3043 2404 3076 ι
2438 3025 2598 3092 Μέγα
2621 3024 2685 3078 τὸ
2712 3023 2883 3093 ὄνομα
2909 3022 3074 3076 αὐτοῦ
3101 3024 3158 3076 ὲν
3176 3024 3289 3086 τοῖς
3309 3020 3483 3074 ἔθνεσι
3507 3020 3617 3090 (15)
3649 3021 3749 3075 καὶ

475 3102 764 3159 incensum
789 3105 1018 3162 offertur
1043 3110 1251 3164 nomini
1287 3124 1430 3173 tneo,
1456 3117 1509 3164 et
1539 3110 1870 3165 sacrilicium
1900 3127 2060 3165 mun-

475 3197 604 3252 dum
625 3199 733 3253 ".i
771 3199 1049 3268 Michaaas,
1091 3201 1196 3257 «Et
1240 3203 1347 3259 erit
1376 3204 1432 3258 in
1482 3203 1799 3259 novissimis
1845 3203 2057 3259 dierum

477 3291 803 3349 manifestus
834 3309 1011 3359 Jnons
1051 3293 1289 3358 Domini,
1342 3303 1683 3366 praeparatus
1737 3311 1903 3366 super
1938 3312 2062 3351 ver--

475 3383 615 3440 tices
634 3386 926 3453 mentium,
952 3395 1008 3442 et
1026 3387 1328 3443 elevabitur
1349 3403 1514 3458 super
1533 3388 1737 3456 colles;
1759 3398 1812 3443 et
1832 3387 2059 3443 festina-

478 3476 614 3532 bunt
643 3479 710 3534 ad
753 3495 878 3535 cum
915 3481 1121 3551 populi,
1152 3487 1206 3551 et
1244 3481 1403 3536 ibunt
1434 3488 1624 3552 gentes
1658 3482 1862 3546 multae,
1898 3488 1952 3536 et
1982 3481 2063 3535 di-

475 3577 637 3625 cent:
678 3568 890 3639 Venite,
941 3573 1307 3629 aseendamus
1336 3573 1403 3628 ad
1444 3580 1684 3628 montem
1718 3570 1957 3635 Domini,
2008 3579 2061 3628 et

476 3662 543 3716 ad
570 3663 792 3719 domum
815 3664 906 3721 Dei
930 3664 1138 3733 Jacob;
1169 3674 1224 3722 et
1246 3666 1638 3723 illuminabunt
1670 3681 1771 3721 nos
1792 3664 1895 3719 viis
1917 3664 2058 3733 ejus,

476 3754 606 3822 quia
639 3755 707 3810 de
739 3757 871 3812 Sion
899 3758 1043 3814 exiet
1073 3759 1179 3823 lex,
1207 3769 1260 3814 et
1289 3759 1519 3813 verbum
1554 3756 1772 3811 Domini
1807 3756 1875 3811 de
1899 3755 2061 3811 Jeru-

479 3848 647 3901 salem
674 3848 786 3903 ⁶¹.›
836 3847 1125 3913 Jeremias,
1165 3849 1272 3902 «Et
1318 3849 1458 3903 dixit
1505 3848 1772 3903 Dominus
1823 3848 1891 3901 ad
1938 3863 2058 3903 me:

482 3938 621 3994 Ecce
651 3938 774 3993 dedi
807 3941 971 3995 verba
1002 3955 1122 3995 mea
1148 3940 1202 3995 in
1232 3955 1296 3996 os
1328 3948 1482 3994 tuum
1514 3956 1529 4007 ;
1561 3953 1691 3994 ecce
1722 3938 2063 3994 constituite

483 4031 643 4086 hodie
675 4046 842 4101 super
872 4041 1062 4102 gentes
1089 4040 1142 4088 et
1174 4047 1339 4103 super
1377 4049 1554 4104 reges,
1592 4040 1652 4087 ut
1689 4031 1961 4094 eradices,
2007 4039 2063 4087 et

479 4123 799 4189 detrunces,
817 4133 871 4178 et
889 4124 1197 4195 disperdas,
1226 4136 1280 4181 et
1312 4126 1609 4181 reaediﬁces
1630 4133 1683 4181 et
1710 4125 1927 4195 plantes
1949 4123 2014 4178 θ’.
2038 4141 2056 4174 ι

482 4213 537 4268 Si
576 4215 691 4271 D330
733 4214 799 4272 de
828 4214 1062 4273 Ieremia
1107 4217 1251 4272 dicta
1298 4226 1449 4280 sunt,
1496 4232 1683 4287 ecquae
1734 4231 1901 4287 regna
1959 4215 2065 4270 iste

479 4307 695 4375 evertit,
740 4316 836 4362 aut
884 4324 1023 4380 quas
1062 4317 1251 4381 gentes
1299 4308 1577 4381 perdidit?
1605 4306 1806 4363 Verum
1847 4307 1916 4362 de
1951 4303 2060 4359 Do-

2162 3121 2220 3172 ὲν
2264 3117 2426 3172 παντὶ
2470 3117 2626 3188 τόπῳ
2669 3117 2922 3188 θυμίαμα
2974 3116 3343 3187 προσφέρεται
3394 3113 3472 3185 τῷ
3516 3112 3748 3184 ὀνόματί

2166 3229 2289 3282 μου,
2325 3209 2419 3264 καὶ
2452 3209 2612 3263 θυσία
2643 3209 2879 3279 καθαρά.
2922 3228 2940 3261 ι
2978 3207 3242 3279 Μιχαίας,
3279 3225 3298 3259 ι
3335 3207 3447 3261 Καὶ
3474 3206 3625 3262 ἔσται
3655 3206 3747 3259 ἐπ’

2162 3303 2405 3374 ἐσχάτων
2430 3301 2538 3355 τῶν
2566 3300 2788 3373 ἡμερῶν
2809 3300 3053 3371 ἐμφανὲς
3093 3300 3154 3353 τὸ
3188 3299 3316 3371 ὅρος
3339 3300 3567 3371 Κυρίου,
3602 3299 3751 3352 ἕτοι-

2166 3411 2264 3464 μον
2291 3393 2383 3447 ἐπὶ
2415 3393 2514 3457 τὰς
2540 3391 2787 3463 κορυφὰς
2816 3390 2926 3445 τῶν
2958 3392 3149 3464 ὀρέων,
3185 3392 3281 3446 καὶ
3310 3391 3751 3462 μετεωρισθήσεο

2161 3503 2251 3538 ται
2282 3484 2537 3556 ὑπεράνω
2580 3483 2690 3536 τῶν
2721 3482 2946 3553 βουνῶν·
2989 3484 3085 3536 καὶ
3128 3482 3423 3536 σπεύσουσι
3453 3482 3565 3553 (Η)
3607 3480 3751 3551 πρὸς

2162 3575 2294 3628 αὐτὸ
2324 3574 2466 3638 λαοὶ,
2497 3572 2593 3627 καὶ
2627 3572 2988 3644 πορεύσονται
3016 3572 3142 3643 ἔθνη
3176 3570 3366 3637 πολλὰ,
3394 3571 3490 3624 καὶ
3523 3571 3748 3643 ἐροῦσι,

2162 3668 2315 3721 δεῦτε
2332 3666 2623 3737 ἀναδῶμεν
2648 3668 2726 3731 εἰς
2751 3667 2811 3720 τὸ
2838 3666 2964 3739 ὅρος
2988 3666 3221 3737 Κυρίου,
3246 3666 3340 3719 καὶ
3368 3667 3450 3729 είς
3478 3665 3569 3718 τὸν
3596 3660 3751 3718 οἷκον

2161 3754 2255 3807 τοῦ
2302 3754 2437 3807 Θεοῦ
2499 3755 2728 3809 Ἰακώϐ·
2775 3756 2869 3809 καὶ
2915 3755 3210 3825 φωτιοῦσιν
3250 3756 3401 3826 ἡμᾶς
3451 3757 3572 3818 ταῖς
3607 3754 3751 3819 ὁδοῖς

2163 3844 2328 3899 αὐτοῦ
2355 3845 2486 3914 (15)·
2515 3846 2597 3899 ὅτι
2625 3847 2691 3898 ὲκ
2714 3844 2852 3899 Σιὼν
2885 3843 3224 3910 ἐξελεύσεται
3245 3845 3432 3915 νόμος,
3465 3844 3559 3897 καὶ
3590 3844 3752 3913 λόγος

2163 3933 2368 4001 Κυρίου
2395 3934 2455 4000 ἐξ
2484 3934 2861 4006 Ἰερουσαλήμ.
2897 3952 2916 3986 ι
2952 3933 3221 4004 Ἱερεμίας
3250 3933 3361 4004 (16)
3387 3975 3402 3999 ,
3437 3952 3457 3986 ‹
3480 3934 3592 3988 Καὶ
3622 3928 3750 3986 εἷπε

2164 4026 2369 4097 Κύριος
2399 4025 2536 4096 πρός
2574 4043 2672 4096 με,
2705 4025 2812 4081 ἰδοὺ
2842 4025 3049 4080 δέδωκα
3073 4026 3200 4088 τοὺς
3225 4026 3416 4094 λόγους
3446 4043 3547 4097 μου
3582 4027 3641 4078 ἐν
3672 4024 3751 4095 τῷ

2166 4118 2393 4189 στόματί
2421 4135 2514 4172 σου
2533 4135 2547 4149 ·
2586 4119 2695 4173 ἰδοὺ
2729 4119 3042 4191 κατέστησά
3071 4136 3131 4173 σε
3175 4120 3416 4190 σήμερον
3460 4120 3547 4172 ἐπ’
3576 4118 3708 4187 ἕθιη
3731 4158 3747 4182 ,

2166 4210 2262 4264 καὶ
2296 4210 2533 4279 βασιλεῖς
2576 4209 2848 4281 ὲκριζοῦν,
2882 4211 2975 4264 καὶ
3029 4212 3419 4276 κατακόπτειν,
3456 4213 3551 4265 καὶ
3574 4211 3749 4264 ἀπολ-

2166 4301 2334 4369 λύειν,
2362 4302 2457 4355 καὶ
2486 4302 2876 4372 ἀνοικοδομεῖν,
2909 4305 3004 4359 καὶ
3038 4304 3452 4360 καταφυτεύειν.
3487 4324 3506 4357 ι
3553 4304 3664 4358 Καὶ
3698 4305 3749 4357 εἰ

547 4472 596 4504 ἐ
621 4472 765 4528 Psal.
796 4485 909 4533 le,
934 4469 986 4524 6.
1063 4471 1108 4503 ”
1140 4468 1336 4526 Ezech.
1371 4487 1449 4537 Ix,
1479 4472 1533 4527 4.
1607 4469 1653 4502 ⁸⁸
1678 4469 1811 4524 ibid.
1839 4469 1896 4531 2,
1925 4467 1977 4523 5.
2053 4466 2057 4494 ¹

2158 4464 2269 4518 'sal.
2304 4478 2473 4537 Lavit,
2496 4461 2584 4515 12.
2660 4462 2707 4495 ⁵⁸
2740 4461 2847 4518 lsa.
2881 4479 2982 4529 LII,
3017 4464 3083 4534 7;
3118 4465 3273 4521 llom.
3307 4482 3360 4530 ιι,
3394 4465 3481 4520 15.
3559 4466 3604 4499 ⁵³
3637 4465 3748 4521 lsa.

480 4559 672 4611 xmm,
703 4543 757 4597 8.
847 4541 891 4573 ⁶⁰
931 4542 1162 4596 lllalach.
1193 4558 1230 4606 I,
1258 4543 1345 4597 ll.

552 4681 629 4753 (5)
654 4681 879 4752 Siphani
918 4681 1113 4748 codex,
1141 4690 1195 4737 et
1222 4680 1520 4739 Vaticanus
1546 4681 1826 4738 recentior
1879 4679 1970 4732 ἐπὶ
1997 4677 2058 4732 τὸ
2089 4680 2135 4737 Ι)

529 4754 753 4808 έτωπον.

485 4772 792 4894 "'ié’i'i.i§ie
813 4824 867 4877 in
893 4821 1180 4894 recentiori
1206 4820 1491 4891 Vaticano,
1521 4824 1616 4877 καὶ
1631 4824 1860 4887 ἕκαστος
1891 4818 2062 4885 πέλυξ

483 4892 600 4946 ἐστὶ
624 4896 704 4965 τῇ-
720 4896 864 4965 χειρὶ
893 4893 1084 4965 αὐτοῦ.
1118 4892 1395 4963 Siphanns
1422 4895 1550 4965 legit
1569 4895 1804 4964 ἑκάστῳ.

555 4965 632 5035 (7)
665 4949 763 5019 in},
786 4949 1015 5035 multum
1037 4949 1324 5035 discrepat
1350 4949 1516 5019 editio
1534 4949 1801 5028 Romana,
1821 4961 2063 5035 quadra-

485 5029 727 5097 1)(εί,’καί
762 5034 970 5096 τούτοις
1009 5029 1485 5105 εἷπεν-ἀκούοντός
1545 5053 1667 5105 μου.
1722 5029 1877 5103 Apud
1908 5032 2061 5105 _'_l‘er-

484 5108 771 5160 tullianum
804 5112 984 5176 tamen
1017 5104 1136 5158 adv.
1168 5102 1299 5159 Jud.
1345 5121 1465 5176 cap.
1522 5102 1581 5160 ll
1626 5102 1843 5176 legitur,
1900 5102 1968 5156 Et
2007 5105 2061 5158 in

486 5178 567 5231 his
593 5177 728 5229 dixit
758 5174 827 5229 ad
855 5176 1175 5229 audientem.

558 5246 1143 5317 (SiCodexantiquior
1176 5246 1270 5301 καὶ
1299 5245 1636 5317 παρθένουςο
1695 5244 1790 5301 sed
1844 5247 1898 5300 in
1940 5245 2063 5317 Asin-

488 5316 687 5385 gulari,
721 5314 1011 5385 παρθένον,
1042 5316 1205 5371 habet
1244 5314 1410 5370 etiam
1464 5317 1688 5372 Tertull.
1752 5318 1874 5372 adv.
1922 5314 2054 5368 Jud.

644 5386 1058 5458 1|,Cyprianus
1092 5386 1218 5443 adv.
1253 5389 1475 5444 eosdem
1500 5388 1595 5443 lib.
1630 5404 1691 5453 ιι,
1752 5404 1874 5459 cap.
1914 5387 1986 5441 Q2
2005 5393 2059 5441 et

491 5473 521 5510 a
550 5474 564 5510 ι
608 5473 644 5510 ι.

491 5473 644 5511 ἱὶΙιῦΙ.

562 5528 640 5598 (9)
673 5526 902 5597 Sipbani
934 5526 1106 5583 codex
1135 5538 1189 5583 et
1218 5528 1489 5585 recentior
1514 5527 1637 5584 Vat.
1669 5525 1763 5583 καὶ
1803 5528 2058 5583 ἀποκτεί-

493 5615 618 5652 νατε
635 5599 771 5673 '_sed
801 5612 920 5673 eam
950 5599 1271 5673 particulam
1311 5614 1413 5673 nec
1435 5601 1601 5673 editio
1626 5599 1766 5655 LXX
1795 5602 2054 5673 lntcrpr.,

496 5685 599 5727 nec
635 5668 1031 5735 Tertullianus,
1062 5685 1161 5725 nec
1176 5669 1482 5739 Cyprianus
1514 5672 1736 5729 habent.

1450 4543 1491 4576 ⁶¹
1523 4539 1686 4597 Mich.
1721 4558 1797 4605 tv,
1832 4542 1883 4605 l,
1914 4539 1967 4592 2.
2049 4537 2092 4567 θ’
2116 4533 2227 4589 Jcr.
2262 4549 2299 4601 l,
2331 4533 2419 4587 10.

2262 4674 2347 4745 10)
2371 4673 2618 4727 Romana
2646 4675 2817 4730 editio
2845 4676 3082 4744 ἠπίστω.
3758 4686 3771 4745 ξ

2264 4745 2348 4816 ll)
2387 4745 2614 4819 Sipbani
2645 4747 2838 4812 codex,
2867 4757 2923 4802 et
2958 4746 3253 4803 Vaticanus
3286 4748 3581 4814 recentior,
3602 4749 3769 4819 ’ἠνοι-Δ

2168 4814 2282 4880 ξας,
2321 4814 2595 4885 aperuisti.

2239 4884 2565 4960 (lngd‘itio
2596 4884 2846 4943 Romana
2874 4886 3017 4941 LXX
3050 4886 3280 4958 lnterpr.
3319 4888 3492 4957 ἔγνων
3521 4887 3631 4960 γὰρ
3660 4890 3751 4943 ὅτι

2166 4956 2376 5011 ἀθετῶν
2411 4958 2717 5026 ἀθετήσεις.

2238 5028 2355 5095 (15)
2372 5024 2889 5084 (Ζοιίθκνειιὶρίιηιιε
2913 5029 3208 5092 recentior,
3241 5030 3334 5083 ἐπὶ
3377 5033 3488 5092 τοῖς
3540 5028 3746 5087 ἔθνεσι.

2166 5098 2288 5153 Mox
2318 5100 2374 5153 in
2394 5098 2684 5154 vetustiori
2720 5100 2875 5156 deest
2926 5100 3094 5170 τόπῳ,
3129 5102 3372 5166 librarii,
3405 5111 3464 5155 ut
3500 5100 3745 5165 videtur,

2167 5184 2376 5224 ειη-ονε.

2239 5240 2353 5377 ξω)
2382 5238 2521 5295 Male
2549 5240 2722 5295 codex
2747 5241 3027 5312 antiquior
3046 5241 3349 5296 σπείσουσι.

2268 5312 2352 5376 15)
2395 5311 2471 5363 Ita
2526 5318 2580 5364 et
2622 5308 2875 5368 Justinus
2905 5314 3032 5377 legit
3060 5313 3112 5367 in
3136 5312 3287 5367 Dial.
3319 5330 3346 5367 ε

2268 5311 2471 5383 15)-Ιισ
2526 5318 2580 5383 et
2606 5308 3032 5383 Justinus'legit
3060 5313 3112 5367 in
3136 5312 3287 5367 Dial.
3319 5328 3438 5367 cum
3466 5311 3747 5383 Tryphone

2166 5380 2450 5455 pag_.A'53ti,
2477 5378 2571 5434 sed
2606 5381 2886 5455 lialietﬁijv
2909 5378 3024 5437 ὁδον
3061 5384 3246 5438 αὐτοῦ.

2238 5450 2353 5524 (16)
2379 5450 2577 5524 Locus
2628 5452 2731 5507 iste
2760 5450 3008 5509 Jeremia:
3041 5455 3203 5524 paulo
3249 5453 3485 5510 diversis
3517 5454 3745 5524 verbis,

2166 5520 2261 5577 sed
2286 5520 2476 5602 eodem
2522 5521 2635 5602 fere
2664 5539 2831 5581 sensu
2863 5520 3063 5597 legitur
3100 5525 3155 5582 in
3190 5525 3433 5582 llomana
3467 5523 3607 5579 LXX
3655 5522 3749 5579 ln-

2165 5600 2467 5665 tcrpretum
2505 5593 2766 5651 editione.
