4034 6132
334 321 451 377 223

1377 322 1798 379 TESTlMONlA
1834 322 2208 381 ADVERSUS
2267 274 2579 383 JUDASOS.

3498 327 3606 385 226

318 435 503 490 ταῦτα
522 436 648 508 περὶ
677 438 969 510 Ἰερεμίου,
1005 439 1162 504 ποίας
1184 439 1461 511 βασιλείας
1489 441 1915 514 ἐξεῤῥίζωσεν,ἢ

2025 441 2172 496 ηιὶιιο
2211 440 2359 495 dicta
2390 448 2541 509 sunt,
2588 440 2682 512 qui
2712 439 2768 496 in
2812 441 2963 497 omni
3002 438 3148 497 ﬁdeli
3186 437 3369 494 anima
3413 437 3606 493 adver-

323 530 458 580 ποῖα
490 527 618 599 ἔθνη
642 528 959 598 ἀπὼλεσενς
999 532 1158 588 Ἀλλὰ
1184 534 1312 606 περὶ
1334 533 1427 588 τοῦ
1443 534 1650 606 Κυρίου
1679 534 1913 607 εἴρηται,

322 619 731 691 ἐκριζώσαντος
771 623 880 677 ἀπὸ
920 624 1101 695 πάσης
1143 624 1324 697 ψυχῆς
1366 624 1727 697 πιστευούσης
1770 624 1918 696 αὐτῷ

323 708 424 784 τὴν
473 712 754 782 βασιλείαν
773 714 869 768 τοῦ
914 716 1350 789 Ἀντικειμένου,
1379 717 1440 780 ὃς
1480 716 1816 788 κατέστρεψε
1848 715 1919 770 τὰ

325 805 745 877 οἰκοδομήματα
768 806 869 878 τῆς
895 809 1115 874 κακίας,
1148 808 1243 864 καὶ
1271 808 1379 863 τῶν
1410 808 1699 881 μοχθηρῶν
1722 808 1919 879 δογμά-

320 894 434 946 τῶν
460 895 595 966 (17),
636 897 1053 967 καταφυτεύσας
1074 897 1143 951 τὰ
1177 898 1482 970 κρείττονα.
1509 898 1692 963 Δαὸὶδ,
1737 917 1755 951 ι
1801 897 1921 951 Ῥῢ-

325 985 418 1036 σαί
471 1000 539 1055 με
579 983 639 1050 ἐξ
681 985 991 1055 ἀντιλογίας
1012 985 1162 1051 λαοῦ,
1202 988 1567 1058 καταστήσεις
1600 1004 1666 1057 με
1705 988 1785 1051 είς
1829 1005 1920 1041 κε-

324 1077 504 1148 φαλὴν
528 1077 720 1133 ἐθνῶν.
749 1078 911 1144 Λαδς,
941 1078 1000 1132 ὃν
1025 1079 1125 1134 οὐκ
1154 1078 1346 1148 ἔγνων,
1382 1079 1660 1132 ἐδούλευσέ
1686 1094 1809 1151 μοι’
1840 1081 1917 1144 εἰς

324 1169 498 1240 ἀκοὴν
532 1169 697 1223 ὠτίου
724 1170 1001 1241 ὑπήκουσέ
1029 1188 1152 1247 μου·
1184 1171 1289 1224 υίοὶ
1318 1169 1588 1240 ἀλλότριοι
1622 1169 1917 1240 ἐψεύσαντό

328 1278 420 1330 μοι
451 1259 564 1330 (18)
586 1276 602 1293 ⁸
628 1261 734 1314 υίοὶ
760 1261 1030 1333 ἀλλότριοι
1061 1261 1480 1334 ἐπαλαιώθησαν
1515 1264 1610 1315 καὶ
1640 1261 1916 1332 ἐχώλαναν

321 1352 437 1404 ἀπὸ
471 1351 580 1404 τῶν
612 1352 817 1425 τρίϐων
838 1353 1039 1407 αὐτῶν.
1080 1372 1099 1406 ι
1134 1354 1374 1425 Μωῦσῆς
1406 1356 1469 1407 ἐκ
1494 1353 1785 1426 προσώπου
1819 1353 1914 1407 τοῦ

324 1443 466 1497 Θεοῦ
499 1443 637 1514 πρὸς
684 1444 969 1516 Ἀδραὰμ,
1003 1464 1021 1497 «
1060 1446 1173 1498 Καὶ
1207 1444 1722 1516 ἐνευλογηθήσονται
1747 1447 1804 1500 ἐν
1836 1445 1917 1500 σοὶ

329 1535 513 1588 πάντα
539 1535 608 1588 τὰ
639 1534 851 1606 πέρατα
878 1535 991 1607 (19)
1013 1537 1111 1606 τῆς
1127 1539 1284 1608 γῆς.»
1316 1535 1426 1590 Καὶ
1453 1536 1613 1591 πάλιν
1641 1577 1655 1602 ,
1698 1553 1717 1587 «
1756 1536 1915 1589 Ἀπο-

328 1628 550 1700 στρέψω
595 1627 658 1681 τὸ
692 1627 981 1699 πρόσωπόν
1032 1645 1133 1698 μου
1162 1628 1256 1681 ἀπ’
1302 1627 1503 1693 αὐτῶν,
1539 1628 1632 1681 καὶ
1671 1628 1829 1695 δείξω
1866 1627 1918 1682 τί

324 1720 483 1773 ἔσται
526 1719 713 1783 αὐτοῖς
742 1719 828 1772 ἐπ’
868 1719 1114 1789 ἐσχάτων
1140 1719 1274 1792 (20),
1305 1720 1385 1773 ὅτι
1414 1719 1575 1788 γενεὰ
1608 1718 1915 1792 ἐξεστραμ-

2021 531 2154 587 sarii
2180 546 2413 603 regnum
2437 530 2655 598 evertit,
2683 531 2774 603 qui
2800 531 3023 586 malitia:
3043 529 3326 586 molimina
3349 528 3603 591 destruit,

2019 633 2073 680 et
2128 638 2515 694 perversorum
2576 623 2700 678 loco
2756 624 2986 679 meliora
3048 623 3305 694 dogmata
3367 622 3601 691 plantat.

2020 713 2208 776 David,
2273 712 2457 769 «Erue
2512 728 2600 769 me
2651 714 2719 769 de
2774 714 3309 769 contradictionibus
3371 712 3603 784 populi;

2019 807 2334 863 constitues
2380 821 2468 861 me
2516 806 2571 860 in
2620 815 2783 877 caput
2836 807 3100 877 gentium.
3146 805 3388 876 P0pulus
3441 818 3605 874 quem

2019 914 2130 953 non
2168 896 2424 969 cognovi,
2454 897 2683 953 servivit
2712 898 2881 963 mibi;
2914 898 2970 952 in
3010 898 3199 951 auditu
3239 897 3388 950 auris
3417 895 3608 949 obeat—

2020 990 2097 1043 vit
2129 989 2284 1044 mibi.
2321 986 2444 1044 Filii
2475 990 2639 1046 alieni
2674 990 2886 1046 mentiti
2925 996 3056 1045 sunt
3085 989 3255 1054 mibi;
3300 988 3396 1041 lilii
3441 986 3603 1042 alieni

2021 1085 2310 1141 inveterati
2344 1094 2471 1141 sunt
2494 1095 2549 1141 et
2576 1085 3028 1141 elaudicaverunt
3055 1100 3082 1137 ιι
3117 1082 3328 1136 semitis
3361 1082 3474 1137 suis
3498 1081 3598 1134 ⁸³.»

2019 1173 2237 1246 Moyses
2266 1175 2359 1231 Dei
2390 1175 2613 1230 nomine
2643 1175 2710 1229 ad
2737 1157 3055 1237 Abraham,
3075 1192 3091 1223 «
3122 1171 3604 1245 Et_benedicentur

2020 1267 2073 1320 in
2099 1274 2151 1322 te
2172 1282 2363 1323 onmes
2392 1267 2611 1322 termini
2642 1276 2804 1322 terra:
2825 1266 2891 1319 “.
2914 1285 2932 1318 ι
2965 1264 3030 1318 Et
3056 1278 3272 1327 rursus,
3308 1282 3325 1314 «
3345 1262 3602 1317 Avertam

2020 1358 2214 1415 faciem
2253 1375 2426 1415 meam
2464 1360 2532 1415 ab
2557 1358 2675 1425 eis;
2714 1366 2769 1413 et
2802 1356 3091 1414 ostendam
3121 1355 3254 1426 quid
3294 1355 3397 1410 erit
3429 1354 3510 1409 eis
3549 1355 3604 1407 in

2020 1452 2364 1516 novissimis,
2406 1451 2667 1521 quoniam
2698 1449 2982 1521 generatio
3026 1460 3286 1519 perversa
3320 1454 3425 1501 est.
3471 1442 3601 1498 Filii

2021 1544 2225 1616 quibus
2254 1560 2363 1598 non
2394 1551 2479 1599 est
2501 1543 2634 1598 ﬁdes
2666 1542 2722 1600 in
2753 1543 2833 1597 eis
2861 1559 2875 1609 ;
2911 1540 3013 1610 ipsi
3042 1538 3109 1594 ad
3140 1538 3317 1593 zelum
3342 1549 3610 1607 provoca-

2021 1645 2220 1693 verunt
2253 1653 2341 1693 me
2376 1636 2430 1690 in
2454 1651 2564 1690 non
2591 1633 2721 1700 Deo,
2752 1633 3220 1689 exacerbaverunt
3251 1645 3336 1684 me
3359 1629 3413 1682 in
3445 1626 3608 1682 idolis

2023 1729 2163 1793 suis,
2195 1736 2248 1784 et
2281 1742 2381 1799 ego
2413 1727 2724 1798 provocabo
2759 1740 2855 1781 eos
2883 1723 2951 1777 ad
2986 1724 3163 1778 zelum
3191 1722 3247 1777 in
3276 1736 3381 1776 non
3408 1727 3607 1790 gente:

329 1810 469 1881 μένη
501 1808 670 1862 ἐστίν.
706 1809 826 1861 Υίοὶ
850 1803 931 1873 οἷς
957 1810 1056 1863 οὐκ
1085 1809 1198 1863 ἔστι
1239 1810 1419 1874 πίστις
1448 1812 1507 1863 ἐν
1527 1810 1726 1873 αὐτοῖς’
1763 1812 1915 1865 αὐτοὶ

2025 1821 2074 1875 in
2110 1826 2269 1891 gente
2300 1819 2464 1875 stulta
2500 1818 2729 1873 irritabo
2759 1816 2882 1872 illos
2908 1815 2976 1872 “.
2997 1833 3016 1867 ι
3051 1813 3118 1868 Et
3149 1812 3303 1876 alibi,
3340 1829 3359 1863 «
3381 1810 3560 1875 Dabit,
3583 1826 3603 1861 ι

324 1900 727 1973 παρεζήλωσάν
757 1901 868 1972 (21)
906 1919 973 1973 με
997 1901 1083 1956 ἐπ’
1113 1903 1172 1956 οὐ
1203 1903 1343 1975 Θεῷ,
1377 1902 1735 1975 παρὼργισάν
1763 1923 1830 1975 με
1857 1905 1916 1957 ἐν

321 1999 439 2060 τοῖς
476 1994 721 2059 εἰδώλοις
762 1982 964 2062 αὗτῶν,
996 1994 1154 2063 κάγὼ
1179 1994 1561 2067 παραζηλώσω
1602 1997 1800 2059 αὐτοὺς
1827 1996 1915 2049 ἐπ’

322 2089 428 2141 οὐκ
450 2085 615 2141 ἔθνει·
648 2087 733 2141 ἐπ’
758 2086 901 2140 ἔθνει
931 2086 1178 2158 ἀσυνέτῳ
1211 2087 1495 2159 παροργιῶ
1518 2088 1733 2152 αὐτούς.
1766 2108 1785 2142 ι
1807 2090 1918 2143 Καὶ

324 2177 588 2250 ἀλλαχοῦ,
612 2197 630 2231 «
656 2179 769 2249 (22)
783 2176 972 2246 Δὼσει,
987 2197 1005 2229 ι
1024 2179 1210 2250 φησὶν,
1229 2197 1249 2231 «
1266 2180 1390 2242 τοὺς
1402 2181 1670 2250 πονηροὺς
1683 2181 1803 2234 ἀντὶ
1817 2180 1917 2251 τῆς

321 2271 507 2342 ταφῆς
539 2269 727 2324 αὐτοῦ.
767 2289 787 2322 ι
827 2270 1054 2334 Ἡσαΐας
1083 2270 1230 2343 (25),
1275 2290 1293 2323 «
1344 2272 1623 2345 Ἐμφανὴς
1653 2274 1916 2344 ἐγενόμην

323 2365 442 2427 τοῖς
465 2365 569 2435 ἐμὲ
599 2364 673 2436 μὴ
694 2362 968 2437 ζητοῦσιν,
996 2364 1225 2436 εὑρέθην
1247 2368 1359 2429 τοῖς
1398 2366 1497 2437 ἐμὲ
1524 2365 1599 2439 μὴ
1626 2368 1916 2439 ἐπερωτῶ-

327 2472 434 2508 σιν.
466 2455 623 2527 ([24]
655 2452 818 2522 Εἷπα,
856 2455 985 2510 Ἰδοὺ
1005 2457 1233 2526 πάρειμι
1260 2455 1401 2509 ἔθνει
1431 2456 1567 2528 (25),
1592 2456 1643 2510 οἳ
1675 2458 1776 2511 οὐκ
1820 2459 1919 2512 ἐπ·

325 2548 664 2601 εκαλέσαντο
690 2548 750 2602 τὸ
779 2547 951 2619 ὄνομά
991 2565 1113 2620 μου.
1151 2567 1169 2599 ι
1191 2549 1209 2618 )
1233 2547 1414 2616 Δασὶδ,
1444 2567 1462 2600 ι
1515 2548 1917 2621 Ἀπηλλοτριω-

328 2639 492 2711 μένος
528 2640 797 2711 ἐγενήθην
845 2642 955 2704 τοῖς
995 2639 1246 2710 ἀδελφοῖς
1282 2657 1383 2711 μου
1409 2681 1424 2707 ,
1472 2639 1565 2695 καὶ
1609 2640 1759 2708 ξένος
1807 2643 1919 2705 τοῖς

326 2733 465 2795 υἱοῖς
496 2731 598 2802 τῆς
628 2731 836 2802 μητρός
883 2748 1007 2802 μου.
1046 2751 1064 2784 ι
1108 2733 1244 2805 Περὶ
1293 2733 1351 2787 δέ
1382 2731 1491 2787 τῶν
1533 2732 1701 2787 ἐθνῶν
1735 2733 1915 2803 λέγει,

331 2841 349 2875 ι
407 2822 735 2891 Ἀπαγγελῶ
771 2822 881 2893 (26)
912 2824 974 2876 τὸ
1007 2823 1179 2894 δνομά
1213 2841 1304 2878 σου
1336 2827 1450 2888 τοῖς
1495 2824 1743 2894 ἀδελφοῖς
1777 2842 1877 2897 μου
1900 2865 1915 2889 ,

324 2917 384 2969 ἐν
413 2916 570 2986 μέσῳ
615 2915 941 2987 Ἑκκλησίας
981 2916 1209 2988 ὑμνήσω
1241 2933 1320 2970 σε.
1371 2936 1391 2970 ι
1444 2916 1580 2989 Περὶ
1628 2916 1916 2981 Ἰουδαίων,

331 3028 351 3060 «
382 3009 462 3061 Δι’
486 3009 634 3077 ὑμᾶς
661 3007 1065 3079 βλασφημεῖται
1104 3007 1163 3063 τὸ
1190 3006 1368 3079 ὖνομά
1401 3026 1502 3079 μου
1526 3008 1614 3063 διὰ
1638 3008 1841 3072 παντὸς
1862 3010 1920 3062 ἐν

324 3103 440 3164 τοῖς
468 3100 670 3153 ἔθνεσι.
709 3119 728 3151 ι
760 3098 1062 3170 Μαλαχίας,
1104 3119 1122 3152 «
1157 3101 1273 3154 Οὐκ
1302 3100 1419 3154 ἐστι
1461 3119 1563 3172 μου
1607 3100 1825 3171 θέλημα
1855 3103 1913 3155 ἐν

326 3155 869 3261 ὑμέαλέγειῐζύριος
893 3155 1307 3262 παντοκράτωρ.
1338 3209 1356 3242 ν
1385 3155 1536 3263 ([27]
1554 3190 1689 3263 Περὶ
1717 3155 1919 3245 ίίζθνῶν
1947 3155 1989 3213 c

324 3285 406 3349 δέ,
443 3304 462 3335 «
488 3285 610 3338 Ὀτι
630 3284 738 3338 ἀπὸ
764 3282 1034 3339 ἀνατολῶν
1062 3284 1215 3356 ἡλίου
1243 3284 1407 3355 μέχρι
1432 3284 1652 3355 δυσμῶν
1670 3285 1726 3339 τὸ
1747 3284 1918 3356 ὄνομα

329 3395 435 3448 μου
480 3376 794 3442 δεδόξασται
825 3379 882 3431 ἐν
917 3379 1026 3440 τοῖς
1063 3376 1304 3443 Ἕθνεσι,
1339 3375 1487 3445 λέγει
1527 3375 1732 3447 Κύριος
1776 3393 1917 3429 παν-

325 3472 640 3544 τοκράτωρο
670 3492 689 3524 ι
720 3472 740 3540 )
785 3489 804 3523 ι
835 3471 926 3525 καὶ
965 3471 1022 3524 ἐν
1067 3470 1231 3524 παντὶ
1270 3470 1420 3541 τόπῳ
1450 3468 1699 3540 θυμίαμα
1748 3486 1916 3539 προσ-

327 3567 526 3636 άγεται
563 3565 643 3637 τῷ
680 3564 904 3636 ὀνόματί
940 3581 1075 3634 μου,
1109 3563 1205 3616 καὶ
1245 3561 1388 3634 μέγα
1433 3560 1494 3614 ab
1517 3560 1689 3632 ὄνομά
1723 3579 1825 3632 μου
1857 3563 1915 3615 ἐν

324 3661 439 3723 tot;
468 3657 689 3713 Ἔθνεσι
711 3698 724 3721 ,
749 3656 896 3727 λέγει
922 3655 1125 3728 Κύριος
1156 3654 1567 3726 παντοκράτωρ.
1609 3672 1627 3705 ι
1664 3654 1683 3726 (
1705 3655 1839 3725 Περὶ
1858 3653 1914 3707 δὲ

338 3749 614 3803 Ἰουδαίων
639 3748 847 3818 λέγει,)
882 3766 901 3799 «
944 3748 1130 3819 Ὑμεῖς
1163 3746 1218 3799 δὲ
1250 3745 1536 3818 βεδηλοῦτε
1565 3745 1713 3801 αὑτό.
1749 3765 1767 3797 ι
1811 3748 1916 3799 Δαο

327 3842 437 3909 διδ,
487 3861 506 3893 «
546 3842 777 3914 Αἴτησαι
817 3843 949 3912 παρ’
978 3840 1142 3911 ἐμοῦ,
1182 3838 1275 3894 καὶ
1306 3838 1462 3893 δώσω
1517 3855 1597 3892 σοι
1655 3837 1781 3909 ἔθνη
1813 3836 1915 3908 τὴν

327 3934 698 4005 κληρονομίαν
729 3950 845 4000 σου,
872 3933 965 3986 καὶ
993 3932 1092 4002 τὴν
1122 3931 1453 4002 κατάσχεσίν
1483 3948 1575 3984 σου
1604 3930 1675 3985 τὰ
1699 3930 1915 4002 πέρατα

327 4027 430 4098 τῆς
460 4026 586 4095 γῆς.
623 4045 642 4079 ι
676 4025 918 4095 Μωῦσῆς
947 4024 1081 4096 (28),
1120 4043 1140 4077 «
1181 4024 1382 4078 Ἔασόν
1424 4042 1490 4095 με
1514 4023 1791 4095 ἐξαλεῖψαι
1824 4024 1916 4078 τὸν

328 4120 457 4173 λαὸν
482 4118 698 4183 τοῦτον,
740 4117 833 4173 καὶ
858 4117 1015 4174 δώσω
1059 4135 1140 4171 σοι
1180 4115 1331 4180 ἔθνος
1377 4116 1550 4188 μέγα,
1598 4118 1693 4170 καὶ
1742 4114 1914 4181 πολὺ,

396 4298 449 4351 η⁸³
480 4296 626 4351 Psal.
658 4312 793 4359 xvn,
835 4294 1026 4351 ιιι-46.
1100 4293 1145 4327 ⁸⁸
1178 4293 1314 4349 Gen.
1347 4307 1445 4356 χιι,
1478 4293 1531 4347 5.

1605 4292 1649 4325 ⁸⁵
1688 4291 1845 4347 Deut.
1871 4309 2042 4361 xxvii,
2082 4292 2172 4350 20.
2209 4292 2297 4347 21.
2379 4290 2423 4323 ⁸⁸
2451 4289 2553 4345 lsa.
2591 4306 2709 4356 LIII,
2750 4290 2803 4346 9.
2881 4292 2925 4323 "’
2955 4291 3059 4345 lsa.
3088 4306 3215 4361 va,
3242 4290 3293 4361 1.

2019 1913 2218 1982 inquit,
2274 1911 2585 1982 «pessimos
2634 1925 2732 1981 pro
2780 1908 3064 1980 sepultura
3109 1908 3232 1978 ejus
3256 1908 3369 1962 ⁸⁵.»
3414 1904 3609 1969 Isaias,

2023 2023 2042 2056 «
2068 2005 2391 2062 Manifestus
2426 2003 2606 2061 factus
2646 2018 2767 2059 sum
2806 2019 2914 2058 non
2950 1999 3326 2072 quaerentibus
3367 2014 3488 2054 me:
3525 1998 3611 2052 in-

2019 2107 2218 2155 ventus
2276 2114 2399 2154 sum
2451 2098 2521 2153 ab
2566 2096 2680 2163 bis,
2734 2096 2829 2166 qui
2884 2110 2972 2151 me
3026 2110 3138 2150 non
3172 2092 3609 2161 interrogabant.

2021 2187 2198 2261 (Dixi,
2258 2188 2399 2246 Ecce
2448 2189 2646 2245 adsum
2697 2187 2868 2258 genti,
2923 2188 3013 2257 qui
3064 2202 3175 2241 non
3215 2186 3611 2239 invocaverunt

2020 2296 2219 2337 nomen
2265 2282 2479 2353 meum)
2505 2282 2614 2334 ε’.»
2656 2280 2847 2346 David,
2892 2281 3218 2336 «Alienatus
3273 2278 3454 2334 factus
3485 2293 3609 2334 sum

2020 2371 2284 2429 fratribus
2327 2373 2486 2439 meis,
2521 2379 2579 2427 et
2609 2372 2812 2443 hospes
2847 2371 2975 2427 ﬁliis
3007 2371 3200 2427 matris
3232 2370 3453 2426 meae“.
3479 2389 3498 2423 ι
3533 2367 3610 2425 De

2021 2463 2276 2535 gentibus
2302 2473 2483 2519 autem
2512 2464 2610 2529 ait,
2650 2483 2668 2516 «
2691 2462 3050 2519 Annuntiabo
3080 2477 3280 2517 nomen
3314 2470 3467 2516 tuum
3498 2459 3609 2515 fra-

2020 2556 2201 2612 tribus
2229 2557 2388 2622 meis,
2442 2555 2496 2610 in
2532 2556 2712 2611 medio
2734 2554 2996 2610 Ecclesia:
3035 2554 3271 2609 laudabo
3303 2562 3360 2607 te
3383 2554 3448 2606 ⁸⁸.
3474 2571 3493 2605 ι
3534 2551 3611 2607 De

2019 2646 2243 2713 Judaeis.
2281 2647 2550 2719 «Propter
2588 2662 2688 2703 vos
2738 2646 3151 2716 blasphematur
3193 2660 3392 2700 nomen
3423 2660 3606 2701 meum

2022 2756 2238 2811 semper
2286 2741 2341 2795 in
2393 2740 2644 2812 gentibus
2665 2741 2731 2793 ⁷ο.
2757 2758 2776 2791 ι
2830 2737 3149 2803 Malacbias,
3192 2738 3348 2793 «Non
3392 2745 3478 2793 est
3505 2754 3608 2792 vo-

2022 2835 2208 2889 luntas
2231 2850 2350 2889 mea
2382 2833 2436 2889 in
2464 2833 2642 2899 vobis,
2671 2831 2807 2887 dicit
2831 2831 3096 2888 Dominus
3123 2833 3474 2903 omnipotens
3498 2831 3599 2885 η.»

2024 2925 2131 2999 (De
2164 2925 2432 2982 Gentibus
2476 2932 2683 2990 autem,
2719 2944 2738 2977 «
2773 2924 2912 2991 Quia
2945 2940 2976 2979 a
3006 2924 3140 2981 solis
3163 2932 3289 2981 ortu
3334 2939 3509 2995 usque
3539 2923 3609 2978 ad

2022 3033 2279 3074 occasum
2305 3016 2665 3073 elarilicatum
2694 3024 2779 3073 est
2810 3034 3008 3075 nomen
3044 3033 3227 3073 meum
3249 3018 3304 3072 in
3325 3016 3607 3090 gentibus.

2024 3110 2158 3165 dicit
2178 3109 2443 3165 Dominus
2472 3109 2854 3179 omnipotens:
2874 3120 2892 3180 )
2923 3118 2978 3164 et
3008 3110 3062 3164 in
3092 3108 3241 3163 omni
3277 3121 3397 3163 loco
3425 3109 3609 3164 incen-

2026 3203 2148 3259 sum
2186 3201 2412 3257 oll‘ertur
2443 3200 2656 3255 nomini
2695 3216 2839 3265 meo,
2887 3208 2943 3256 et
2990 3190 3248 3273 magnum
3278 3207 3365 3255 est
3409 3212 3608 3254 nomen

2025 3308 2206 3349 meum
2248 3293 2301 3346 in
2342 3291 2632 3353 Gentibus,
2672 3290 2807 3345 dicit
2847 3290 3199 3360 omnipotens
3220 3291 3330 3342 ⁷³.»
3373 3288 3480 3360 (De
3507 3286 3608 3343 Ju-

2024 3382 2156 3440 daeis
2173 3394 2353 3438 autem
2371 3382 2549 3451 dicit,)
2570 3401 2587 3432 «
2608 3381 2718 3436 Vos
2738 3391 2920 3436 autem
2941 3379 3486 3436 contaminatisillud
3502 3380 3567 3435 ’¹³.
3582 3397 3604 3433 ι

2024 3476 2219 3541 David,
2259 3494 2276 3528 «
2300 3475 2521 3531 Postula
2549 3490 2577 3528 a
2607 3489 2712 3540 me,
2762 3481 2816 3528 et
2846 3472 2989 3529 dabo
3029 3473 3126 3528 tibi
3159 3482 3347 3545 gentes
3375 3472 3610 3528 haeredi-

2023 3578 2187 3624 tatem
2203 3576 2375 3630 tuam,
2390 3576 2444 3622 et
2458 3568 2861 3638 possessionem
2884 3573 3030 3619 tuam
3051 3566 3318 3619 terminos
3331 3564 3563 3619 terra".
3578 3582 3597 3617 ι

2026 3659 2264 3732 Moyses,
2300 3679 2317 3712 «
2341 3660 2470 3713 Sine
2509 3673 2595 3713 me
2640 3658 2824 3713 delere
2858 3656 3120 3727 populum
3166 3656 3334 3721 hunc,
3376 3662 3430 3711 et
3463 3655 3605 3711 dabo

2027 3751 2123 3813 tibi
2156 3757 2370 3822 gentem
2400 3755 2749 3819 magnam,et
2771 3747 2945 3801 multo
2973 3746 3146 3816 magis
3175 3760 3340 3815 quam
3362 3742 3478 3799 haec
3499 3744 3601 3797 ⁷³.»

2022 3841 2197 3899 Isaias
2244 3842 2313 3898 de
2364 3839 2589 3904 Judmis,
2646 3838 2882 3894 «Audite
2931 3838 3159 3892 verbum
3210 3834 3448 3904 Domini,
3511 3834 3608 3889 lilii

2027 3934 2430 4000 Sodomorum;
2484 3932 2749 3988 attendite
2798 3930 2901 4001 legi
2956 3927 3046 3983 Dei
3100 3928 3336 4000 populus
3371 3927 3607 3984 Gomor-

2000 4028 2136 4087 .rbaa
2161 4028 2228 4080 ".
2254 4045 2272 4076 ι
2312 4025 2377 4079 Et
2407 4041 2626 4091 rursus,
2663 4044 2681 4078 «
2702 4024 2945 4079 Sabbata
2975 4033 3178 4086 vestra,
3212 4029 3268 4077 et
3294 4021 3607 4077 ueomenias

2024 4126 2238 4174 vestras
2262 4117 2374 4173 odit
2398 4119 2578 4172 anima
2602 4132 2719 4172 mea
2746 4134 2763 4171 :
2798 4122 2923 4170 vota
2954 4122 3138 4170 vestra
3162 4129 3272 4168 non
3290 4113 3602 4169 exaudiam.

3372 4289 3417 4320 "
3454 4289 3601 4347 Psal.

331 4383 524 4429 vam,
552 4367 607 4422 9.
688 4368 734 4401 ⁸⁹
765 4366 1042 4426 Psal.xxt,
1069 4365 1160 4419 23.
1237 4365 1287 4396 "°
1313 4364 1418 4419 lsa.
1453 4378 1548 4424 ιιι.
1600 4364 1653 4419 5.
1725 4364 1771 4395 ἰ
1799 4362 1917 4417 Mal:

2025 4359 2036 4420 ,⁷
2080 4381 2120 4420 ι.
2157 4365 2243 4420 10.
2320 4364 2367 4396 ⁷¹
2410 4362 2541 4417 ibid.
2575 4362 2660 4417 11.
2740 4362 2788 4394 ⁷⁸
2818 4361 2952 4417 ibid.
2994 4361 3081 4416 12.
3158 4360 3207 4392 ⁷⁸
3240 4359 3388 4415 l’sal.
3440 4375 3502 4427 ιι,
3546 4360 3602 4417 8.

330 4441 375 4472 ⁷⁸
408 4438 583 4495 Exod.
616 4453 790 4505 xxxii,
818 4438 907 4492 10.
1003 4437 1051 4468 ⁷⁸
1075 4434 1181 4492 lsa.
1207 4450 1245 4501 ι,
1284 4435 1371 4490 10.
1472 4435 1516 4466 ’⁷
1545 4433 1678 4490 ibid.
1711 4433 1898 4488 15-16.

1820 4664 1914 4716 λα.

401 4597 513 4669 (l7)
543 4594 602 4650 In
636 4591 929 4650 recentiori
986 4589 1176 4647 codice
1210 4588 1478 4646 Vaticano
1517 4598 1603 4645 est
1660 4590 1764 4662 δομ
1809 4590 1905 4658 μά·
1943 4593 1987 4648 D
2089 4591 2182 4661 (25
2228 4591 2301 4646 De
2346 4590 2449 4646 hoc
2482 4589 2634 4647 Isaiae
2687 4590 2808 4646 loco
2847 4588 2972 4644 vide
3016 4604 3187 4661 supra
3236 4587 3292 4644 in
3348 4585 3506 4642 Notis
3534 4587 3605 4645 ad

401 4686 455 4729 ιν.
484 4668 670 4732 inepta
703 4665 886 4718 lectio.
927 4659 1205 4731 Sipbanus
1259 4662 1462 4732 legisse
1499 4660 1742 4732 videtur,
1765 4608 1914 4732 ΊΓἔλα.
2018 4676 2137 4731 cap.
2173 4595 2228 4726 ἐ,
2269 4678 2325 4732 n7.
2352 4660 2403 4715 5.
2586 4731 2591 4732 7
2757 4730 2787 4732 77
2870 4731 2880 4732 7
2963 4731 2974 4732 7
3041 4729 3052 4732 _
3312 4731 3316 4732 7
3548 4727 3561 4732 7

331 4659 455 4729 των.
484 4659 670 4736 inepta
703 4665 886 4718 lectio.
926 4659 1205 4736 Sipbanus
1259 4662 1463 4736 legisse
1499 4659 1733 4736 videtur;

332 4730 648 4812 στημάτών,
669 4736 835 4790 vertit
852 4730 1241 4788 enim’stolones
1259 4730 1567 4786 et’malleoli
1578 4747 1598 4795 ;
1614 4731 1708 4786 sed
1732 4730 1917 4803 lege"-

328 4814 476 4878 dum,
500 4808 789 4880 δογμάτων
829 4805 982 4860 iuxta
1020 4804 1374 4859 vetustiorem
1406 4800 1732 4857 Vaticanum
1768 4805 1919 4861 codi-

550 4950 612 5005 ln
632 4946 942 5019 antiquiori
964 4944 1249 5019 Yaticano,
1270 4943 1357 5019 μέ.

401 4953 491 5019 (18
550 4952 612 5005 In
642 4952 942 5017 antiquiori
967 4952 1249 5011 Vaticano,
1270 4952 1357 5015 μέ.

397 4952 515 5093 (19)
548 5022 606 5075 1η
630 5017 878 5093 Romana
918 5017 1181 5093 editione2
1213 5017 1390 5093 πᾶσαι
1414 5013 1693 5093 αίὲφυλαί,
1725 5030 1918 5093 qnam-

325 5083 628 5151 admodum
651 5090 816 5143 etiam
861 5088 992 5158 legit
1040 5086 1293 5142 Justinus
1344 5085 1399 5139 in
1431 5083 1579 5140 Dial.
1624 5083 1752 5157 pag.
1780 5086 1914 5152 548,

324 5176 381 5221 et
416 5162 749 5234 Cyprianus.

399 5224 514 5317 (2ῠὶ
539 5232 803 5317 “sese?
817 5225 987 5317 ιη,
1022 5225 1265 5317 ειῑηεῖῑρῐ-
1282 5224 1488 5317 Erilis
1527 5226 1629 5317 ἐπ’
1671 5225 1918 5317 Evt-32v

323 5295 569 5377 ἡμερῶν.
740 5298 991 5377 Justinus
1022 5298 1076 5350 in
1104 5295 1245 5377 Dial:
1272 5310 1403 5377 cun;
1418 5296 1461 5349 Τ
1464 5295 1612 5377 ryplt.
1636 5295 1916 5377 puga-347,

322 5365 628 5494 {ign'habet
656 5369 937 5494 5ιὶμερῶν,
965 5380 1145 5436 neque
1166 5367 1330 5420 etiam
1360 5365 1570 5422 Tertul.
1602 5365 1722 5421 adu.
1748 5366 1915 5422 Marc.

344 5465 355 5494 I
406 5489 418 5494 -
455 5462 530 5494 ιν-
564 5458 617 5494 c.
732 5483 745 5494 .

319 5447 621 5585 Ι11)(’21Ῠ1ῗιῖ
645 5442 899 5567 ῗιίέιίιιιιε
910 5521 1139 5635 v(pioque
1154 5505 1317 5560 modo
1338 5506 1545 5562 relatus
1569 5506 1719 5577 legit,
1742 5514 1909 5577 atque

320 5589 399 5635 tm
432 5586 636 5635 legisse
665 5581 884 5635 videtur
958 5576 1308 5635 ertulliauus:
1344 5592 1466 5631 nam
1494 5578 1656 5632 habet
1682 5577 1772 5632 hic
1795 5595 1909 5635 Dro-

320 5576 410 5642 lta'
432 5576 636 5655 legisse
665 5581 884 5637 videtur
910 5576 1308 5658 Tertulliauus;
1338 5592 1466 5658 nam
1494 5576 1656 5658 liabet
1682 5577 1772 5658 hic
1795 5576 1913 5647 pro-

317 5645 663 5733 υοσᾳυξζιηεε,
689 5659 744 5708 et
764 5666 885 5705 mox
907 5646 1198 5720 provocabo
1211 5647 1351 5733 :'s’ed
1376 5648 1430 5701 in
1447 5647 1691 5704 editione
1705 5645 1909 5713 Roma'

319 5742 393 5785 na
426 5723 573 5782 LXX
597 5715 960 5792 interpretum
992 5729 1076 5776 est
1106 5715 1454 5789 παρώξυναν.

396 5799 510 5872 (22)
546 5796 630 5853 ‘De
670 5793 773 5848 hac
799 5792 1032 5849 lectione
1064 5789 1184 5879 vide
1213 5786 1487 5845 Nobilium
1525 5789 1580 5845 in
1610 5787 1787 5848 Notis.

2018 4660 2137 4726 cap.
2173 4660 2228 4726 2,
2269 4678 2325 4716 n.
2352 4660 2403 4715 5.

2086 4678 2228 4802 ᾖδ’
2269 4678 2419 4803 an;
2463 4730 2828 4803 semicirculis
2868 4729 3227 4803 includuntur
3289 4731 3517 4803 desunb
3546 4727 3605 4782 in

2019 4797 2315 4859 recentiori
2375 4800 2667 4865 Vaticano,
2736 4797 2832 4857 sed
2888 4801 3161 4856 habentur
3217 4798 3361 4868 apud
3403 4797 3604 4868 Sipha-

2019 4889 2172 4928 num.
2266 4890 2271 4893 ⁷

2098 4943 2213 5011 (25)
2235 4943 2292 4998 1η
2321 4942 2583 4997 Vaticano
2613 4940 2736 4995 cod.
2770 4948 2855 4997 est
2880 4939 3056 5004 ἔθνου,
3078 4936 3372 4995 manifesto
3394 4937 3606 5011 librarii

2030 5009 2236 5070 errore.
2282 5013 2465 5067 Editio
2521 5012 2787 5073 Romana.
2832 5020 2887 5066 et
2929 5012 3018 5065 alii
3066 5011 3273 5077 legunt,
3328 5010 3436 5063 ἰδοὺ
3490 5009 3607 5078 εἰμὶ

2020 5085 2185 5150 ἔθνει,
2217 5095 2271 5140 et
2296 5083 2551 5140 Justinus
2596 5083 2649 5137 itt
2675 5081 2897 5151 Dialugo
2926 5097 3042 5135 cum
3087 5079 3281 5151 Tryplt.
3326 5094 3446 5151 pag.
3474 5078 3604 5145 242,

2019 5156 2136 5226 είμὶ
2160 5155 2387 5226 ἔθνεσιν.

2093 5225 2206 5295 (26)
2232 5224 2411 5280 Editio
2434 5223 2705 5295 Ro_mana,7
2731 5222 3085 5295 διηγήσομαι,
3130 5233 3365 5295 eamque
3415 5216 3608 5276 leuio-

2020 5291 2146 5352 nein
2180 5291 2485 5362 sequuntur
2504 5291 2957 5362 Tertullian‘us‘et
2982 5291 3330 5362 Cyprianus;

2096 5313 2146 5350 m
2180 5313 2238 5352 se
2284 5313 2485 5349 llUﬂllll‘
2514 5313 2875 5349 ιειοιυιιιυιιυε
2899 5313 2953 5347 ει
2982 5313 3309 5362 hyprtattus.

2096 5366 2207 5438 (27)
2239 5313 2370 5434 ause
2400 5374 2506 5419 tam
2530 5365 2638 5429 hic,
2674 5378 2847 5438 quam
2866 5359 3015 5438 infra
3043 5359 3607 5438 semieirculisjnelu-

2023 5428 2227 5494 duntur
2248 5428 2454 5495 desunt
2477 5437 2529 5490 in
2555 5428 2850 5490 reeentiori
2866 5432 3132 5489 Vaticano
3157 5441 3213 5487 et
3233 5431 3377 5502 apud
3408 5428 3606 5500 Sipha-

2024 5526 2177 5564 num.

2090 5580 2203 5648 (28)
2270 5580 2496 5637 Videtur
2576 5575 2856 5649 Nyssenus
2937 5573 3212 5649 respicere
3277 5571 3344 5626 ad
3424 5571 3605 5625 locum

2019 5645 2195 5777 Ex'obd.
2248 5669 2423 5722 χχιιι,
2481 5649 2567 5718 10,
2626 5645 2860 5720 ejusque
2919 5645 3129 5704 referre
3192 5656 3441 5709 sensum,
3493 5654 3604 5695 non

2025 5736 2115 5777 ver
2159 5735 2210 5775 a.

2025 5735 2210 5777 γοῐυιι.
