4034 6132
437 357 541 412 2‘27

1709 369 1767 424 S.
1808 366 2139 425 GREGURH
2174 366 2220 423 Ν
2229 367 2472 427 YSSENI

3600 365 3710 422 223

430 485 735 547 Lavamini,
792 485 909 558 puri
961 494 1156 542 estote.
1208 484 1403 542 Manus
1453 494 1651 542 vestra:
1706 486 2008 556 inquinatas

2127 488 2314 543 ιᾶλλον
2342 489 2557 543 τούτου.
2589 506 2609 541 ι
2647 486 2873 551 Ἡσαΐας
2896 486 3026 559 περὶ
3066 486 3358 553 Ἰουδαίων,
3387 504 3407 539 ι
3451 486 3709 540 Ἀκουετε

431 590 561 635 sunt
609 578 961 650 sanguine".
1014 597 1033 629 ι
1072 577 1137 632 Et
1180 594 1305 633 cum
1356 580 1442 632 lex
1494 586 1679 649 aperte
1720 579 1864 634 dicat
1904 594 2014 633 non

432 680 690 740 oportere
746 660 944 723 festum
995 677 1151 722 extra
1184 668 1581 739 Jerosolymain
1633 684 1697 723 ac
1750 668 2014 738 templum

432 763 730 824 celebrare,
778 760 935 829 juxta
986 759 1143 824 illud,
1182 778 1201 812 ι
1249 759 1325 816 Te
1357 760 1514 816 decet
1564 760 1822 833 hymnus,
1874 759 2016 817 Deus

437 857 491 910 in
529 855 660 911 Sion
692 863 785 923 ;et
813 855 909 910 tibi
943 856 1202 911 reddetur
1236 864 1422 910 votum
1458 855 1513 910 in
1546 853 1853 911 Jerusalem
1875 855 1922 886 "
1949 873 1964 922 ;
1991 873 2011 908 ι

435 947 799 1001 nihilominus
840 949 1105 1017 scriptum
1153 955 1260 1008 est,
1318 946 2015 1002 «Adorabunt-Dominum

438 1039 818 1109 unusquisque
848 1039 916 1094 de
964 1039 1086 1093 loco
1122 1055 1225 1095 suo
1245 1041 1312 1094 ".
1340 1058 1358 1091 ι
1394 1037 1461 1092 Ει
1500 1054 1694 1094 rursus
1723 1037 2015 1109 Propheta,

437 1147 454 1178 ι
478 1128 728 1199 Magnum
762 1145 963 1185 nomen
994 1130 1114 1199 ejus
1147 1133 1202 1185 in
1232 1130 1521 1193 Gentibus,
1556 1139 1611 1186 et
1642 1131 1695 1184 in
1726 1133 1873 1184 omni
1900 1131 2019 1184 loco

433 1220 718 1276 incensum
745 1221 975 1276 offertur
998 1224 1206 1277 nomini
1242 1224 1384 1292 ejus,
1414 1232 1468 1279 et
1494 1224 1828 1279 sacrificium
1860 1240 2021 1277 mun-

433 1313 561 1367 dqu
592 1352 605 1365 .
647 1333 665 1365 ι
709 1331 727 1365 ι
778 1313 890 1369 Vos
916 1323 1097 1369 autem
1123 1315 1414 1370 interﬁcict
1447 1315 1709 1369 Dominus
1732 1354 1747 1379 ,
1785 1314 2022 1370 servien-

432 1403 583 1459 tibus
642 1411 823 1458 autem
882 1404 1016 1458 mihi
1067 1405 1357 1458 vocabitur
1408 1419 1607 1457 nomen
1651 1417 1875 1468 novum,
1929 1401 2022 1456 cui

434 1497 792 1552 benedicetur
813 1513 979 1567 super
1007 1513 1225 1552 onmem
1262 1504 1466 1551 terram
1489 1496 1558 1548 ⁸ο.
1586 1515 1604 1547 ι
1640 1495 1705 1549 At
1740 1496 1872 1566 quid
1904 1509 2022 1549 ma-

434 1590 519 1660 gis
550 1604 772 1651 novum,
809 1604 973 1660 quam
1006 1604 1207 1643 nomen
1235 1588 1719 1643 Christianorum?
1744 1586 1807 1641 Et
1826 1586 2020 1651 David,

440 1700 459 1733 ι
481 1682 897 1735 Annuntiabunt
924 1681 1197 1749 justitiam
1235 1681 1357 1750 ejus
1384 1681 1587 1751 populo
1617 1680 1710 1751 qui
1738 1690 2018 1744 nascetur,

435 1787 597 1843 quem
660 1771 788 1827 fecit
842 1771 1109 1827 Dominus
1131 1772 1243 1826 ⁸¹.›
1298 1771 1434 1827 Cum
1473 1782 1658 1827 autem
1706 1771 1874 1825 David
1922 1772 2018 1836 ait,

442 1863 624 1920 «Deus
667 1864 976 1919 inhabitare
1022 1864 1152 1917 facit
1203 1864 1366 1919 unius
1402 1864 1572 1918 moris
1620 1864 1675 1916 in
1719 1862 1883 1917 domo
1903 1863 2014 1926 θ’,ι
2051 1836 2095 1891 Β

435 1971 643 2010 morem
690 1956 841 2010 illum
886 1954 1181 2025 signiﬁcat,
1228 1970 1337 2024 quo
1366 1954 1618 2010 Mosaicae
1665 1955 1773 2025 legi
1815 1955 2023 2011 addicti

435 2056 741 2101 ceterarum
822 2046 1064 2116 gentium
1147 2047 1426 2101 consortia
1490 2047 1755 2101 vitabant.
1825 2046 2019 2115 Isaias,

442 2154 462 2188 ι
483 2136 801 2207 lmplebitur
820 2137 999 2192 omnis
1019 2146 1164 2193 terra
1188 2139 1499 2209 cognitione
1530 2138 1766 2199 Domini,
1800 2148 1860 2194 ut
1881 2157 2022 2211 aqua

434 2231 605 2284 multa
638 2230 705 2284 ad
748 2229 1107 2300 operiendum
1158 2246 1309 2285 mare
1333 2231 1431 2285 ⁸³.»
1474 2230 1665 2296 David,
1717 2232 2024 2289 «Memores

435 2329 618 2385 erunt,
662 2328 716 2376 et
745 2330 1139 2376 convertentur
1164 2322 1228 2377 ad
1264 2318 1556 2378 Dominum
1583 2340 1776 2380 omnes
1803 2327 2025 2381 termini

436 2419 618 2475 terrae,
634 2421 687 2468 et
703 2413 1013 2468 adorabunt
1037 2429 1222 2468 coram
1239 2431 1305 2471 eo
1323 2431 1409 2471 om
1419 2432 1515 2472 nes
1533 2418 1721 2487 patria:
1741 2416 2021 2483 Gentium,

438 2506 697 2574 quoniam
732 2504 947 2560 Domini
979 2514 1064 2561 est
1092 2522 1344 2577 regnum,
1385 2519 1437 2563 et
1480 2508 1596 2578 ipse
1623 2509 1938 2564 dominatur
1968 2510 2023 2563 in

438 2597 640 2653 Gentes
663 2596 763 2651 “.i
806 2595 961 2652 llaud
1018 2597 1257 2653 alienum
1313 2606 1493 2654 autem
1534 2599 1700 2655 fuerit
1753 2600 2025 2656 sciscitari

438 2692 601 2748 etiam
628 2705 656 2743 a
686 2688 910 2750 Judaais.
942 2684 1063 2759 qua;
1086 2704 1232 2744 nunc
1261 2690 1403 2745 forte
1432 2691 1518 2746 lex
1543 2690 1722 2761 vigeat
1747 2709 1762 2758 ;
1787 2691 2025 2747 Mosaica

437 2796 529 2845 ne,
564 2795 685 2850 quae
710 2780 1000 2843 obsolevit,
1033 2790 1197 2849 atque
1225 2780 1540 2851 negligitur,
1571 2789 1857 2851 propterea
1879 2780 2025 2850 quod

438 2886 541 2925 nec
578 2870 837 2939 templum
887 2885 1035 2923 nunc
1072 2871 1164 2934 sit,
1222 2885 1322 2925 nec
1368 2872 1548 2936 locus,
1602 2888 1702 2927 nec
1734 2872 2022 2943 propheta,

440 2964 533 3034 qui
576 2962 883 3015 futurorum
912 2962 1195 3031 quidpiam
1226 2962 1595 3033 praenuntiet;
1646 2979 1749 3019 nec
1780 2980 1931 3032 arca,
1967 2965 2025 3020 in

440 3069 548 3125 qua
592 3053 725 3124 legis
757 3052 953 3107 tabula:
999 3061 1163 3123 atque
1192 3052 1496 3125 Deealogus
1544 3056 1931 3122 servabantur,
1969 3058 2024 3112 iu

441 3147 641 3217 quibus
697 3154 809 3201 tres
864 3146 986 3213 illas
1036 3146 1313 3202 solemnes
1362 3146 1711 3204 celebritates
1763 3164 2025 3221 peragere

441 3242 750 3310 oportebat,
808 3252 862 3296 et
902 3255 1013 3295 non
1061 3240 1211 3294 alibi.
1249 3239 1405 3306 ltem,
1449 3240 1625 3307 «Quia
1676 3241 1958 3297 auferetur
1992 3260 2022 3298 a

440 3331 641 3387 Iudaeis
671 3348 897 3403 regnum
939 3331 1053 3399 Dei,
1086 3341 1139 3387 et
1170 3330 1394 3386 dabitur
1436 3333 1584 3405 genti
1631 3332 1854 3389 facienti
1906 3334 2022 3390 fru-

441 3434 564 3480 ctus
617 3425 737 3493 ejus
761 3425 861 3481 ⁸⁵.»
896 3423 1022 3479 Haec
1066 3432 1247 3479 autem
1294 3439 1403 3479 non
1464 3425 1570 3479 alia
1616 3424 1799 3492 fuerit,
1858 3443 2022 3497 quam

439 3517 878 3574 Christianorum
902 3531 1055 3587 gens,
1077 3531 1197 3586 quae
1218 3516 1344 3570 vitae
1374 3516 1510 3585 legis
1530 3517 1728 3572 divinae
1758 3518 2024 3574 institutis

440 3625 699 3665 consona:
756 3606 968 3662 fruetus
1030 3607 1275 3663 exhibet.
1332 3607 1520 3673 David,
1588 3607 1915 3666 «Confessio
1972 3619 2027 3665 et

438 3700 849 3769 magnificentia
898 3714 1039 3769 opus
1078 3699 1221 3765 ejus,
1271 3708 1325 3753 et
1355 3699 1571 3768 justitia
1599 3701 1722 3770 ejus
1751 3711 1934 3757 manet
1969 3702 2024 3757 in

440 3795 702 3848 saaculum
761 3796 1076 3849 εωευΙίΜ.»
1115 3794 1418 3848 Coulitetur
1480 3803 1660 3849 autem
1709 3795 1859 3850 Patri
1914 3813 2025 3851 non

441 3903 538 3942 sua
591 3888 767 3957 ipsius
818 3896 1063 3955 peccata,
1120 3888 1212 3955 qui
1260 3887 1525 3941 innocens
1558 3896 1663 3951 est,
1705 3889 1797 3955 sed
1834 3905 2023 3943 eorum

440 3986 686 4045 peccata,
741 3976 834 4045 qui
892 3977 946 4028 in
984 3976 1159 4044 ipsum
1202 3976 1474 4032 credunt:
1523 3992 1647 4030 nam
1704 3992 1829 4030 cum
1880 3978 2029 4033 dicat

440 4068 637 4134 David,
679 4086 697 4119 ι
721 4067 864 4121 Dixit
909 4067 1170 4122 Dominus
1206 4066 1434 4123 Domino
1471 4084 1613 4128 meo.
1657 4069 1786 4124 sede
1821 4084 1849 4123 a
1900 4070 2034 4124 dex3

2116 580 2273 649 λόγον
2318 581 2526 652 Κυρίου
2558 580 2666 634 υἱοὶ
2722 578 2974 650 Σοδόμων
3014 578 3147 650 (29)'
3196 577 3493 649 προσέχετε
3537 576 3708 647 νόμον

2117 673 2287 740 Θεοῦ,
2326 672 2453 736 λαὸς
2484 672 2791 744 Γομόρρας.
2845 689 2862 723 ι
2898 671 3007 725 Kal.
3049 670 3236 733 πάλιν,
3282 689 3300 721 ι
3338 669 3420 723 Τὰ
3450 669 3709 724 Σάϐϐατα

2118 766 2292 838 ὑμῶν,
2326 766 2419 820 καὶ
2452 766 2551 830 τὰς
2586 765 2877 836 νεομηνίας
2911 765 3112 836 μισεῖή
3141 763 3286 834 ψυχή
3325 777 3449 833 μου·
3486 761 3583 815 καὶ
3604 760 3708 825 τὰς

2118 857 2280 927 εὐχὰς
2312 856 2464 928 ὑμῶν
2500 857 2561 909 ού
2602 853 2968 926 προσδέξομαι
2991 871 3004 884 ο
3045 852 3331 916 λούσασθε,
3361 851 3592 922 καθαροὶ
3621 850 3711 920 γί-

2118 948 2296 1002 νεσθε⁶
2325 949 2381 1001 αἱ
2416 950 2594 1019 χεῖρες
2623 945 2778 1019 ὑμῶν
2819 943 3229 1017 μεμολυσμέναι
3271 944 3483 1015 αἵματι.
3539 960 3558 993 ι
3598 941 3712 995 Kal.

2118 1043 2200 1096 ὅτι
2224 1040 2319 1095 τοῦ
2362 1041 2528 1112 νόμου
2577 1039 2762 1110 σαφῶς
2802 1037 3206 1109 διαγορεύοντος
3240 1036 3301 1089 16
3345 1034 3421 1106 μὴ
3461 1034 3568 1087 δεῖν
3602 1032 3713 1098 ἔξω

2132 1133 2489 1205 Ἰερουσαλὴμ
2517 1133 2613 1186 καὶ
2647 1131 2739 1185 τοῦ
2788 1130 2918 1185 ναοῦ
2958 1128 3236 1201 ἑορτάζειν
3267 1128 3408 1182 κατά
3438 1127 3519 1191 16,
3565 1143 3584 1175 ι
3618 1122 3711 1176 Σοὶ

2122 1227 2322 1299 πρέπει
2354 1224 2523 1295 ὕμνος
2542 1265 2556 1289 ,
2588 1224 2616 1277 6
2641 1223 2793 1288 Θεὸς,
2822 1224 2880 1275 ὲν
2909 1221 3066 1276 Σιών·
3088 1222 3182 1274 καὶ
3208 1220 3291 1273 σοὶ
3314 1217 3711 1289 ἀποδοθήσεται

2119 1319 2252 1389 εὐχὴ
2282 1318 2339 1370 ὲν
2376 1314 2751 1387 Ἰερουσαλὴμ,
2788 1334 2805 1366 ι
2836 1314 3167 1386 γέγραπται,
3201 1331 3220 1363 ι
3253 1314 3375 1366 ’Ότι
3405 1310 3709 1382 προσκυνή-

2123 1427 2272 1464 σουσι
2300 1407 2378 1480 τῷ
2402 1407 2593 1479 Κυρίῳ
2624 1409 2687 1459 ὲκ
2714 1405 2807 1460 τοῦ
2841 1407 3007 1459 τόπου
3053 1403 3221 1459 αὑτοῦ
3249 1404 3479 1466 ἕκαστος
3512 1400 3648 1473 (50).
3687 1421 3707 1455 ι

2120 1503 2233 1559 Καὶ
2261 1503 2421 1557 πάλιν
2458 1504 2486 1555 6
2514 1500 2832 1572 Προφήτης,
2878 1517 2897 1550 ι
2937 1498 3097 1567 Μέγα
3140 1497 3201 1550 16
3246 1497 3418 1567 ὖνομα
3455 1494 3622 1550 αὐτοῦ
3652 1496 3714 1550 ὲν

2120 1596 2234 1656 τοῖς
2271 1592 2512 1654 Ἔθνεσι,
2538 1590 2634 1644 καὶ
2661 1591 2718 1643 ὲν
2754 1588 2917 1641 παντὶ
2940 1587 3090 1657 τόπῳ
3129 1587 3380 1657 θυμίαμα
3405 1585 3715 1655 προσφέρε-

2121 1683 2312 1754 ταιτῷ
2340 1682 2565 1752 ὀνόματι
2596 1676 2781 1743 αὑτοῦ,
2823 1679 2919 1732 καὶ
2956 1677 3115 1732 θυσία
3143 1676 3378 1749 καθαρά.
3423 1695 3441 1729 ι
3474 1694 3493 1726 ι
3535 1675 3714 1745 ’Υμᾶς

2122 1773 2180 1828 δὲ
2209 1774 2387 1828 ἀνελεῖ
2420 1771 2644 1844 Κύριος·
2683 1772 2794 1833 τοῖς
2833 1769 2891 1823 δὲ
2932 1768 3243 1823 δουλεύουσί
3294 1785 3385 1839 μοι
3440 1766 3715 1836 κληθήσε-

2125 1883 2214 1920 ται
2250 1865 2421 1935 ὄνομα
2455 1863 2662 1927 καινὸν,
2706 1862 2734 1915 ὃ
2778 1862 3207 1933 εύλογηθήσεται
3257 1861 3350 1915 ἐπὶ
3390 1861 3571 1930 πάσης
3606 1860 3713 1931 τῆς

2125 1959 2249 2030 γῆς.
2285 1980 2304 2012 ι
2345 1960 2409 2012 Τί
2438 1958 2494 2013 δὲ
2523 1956 2835 2028 καινότερον
2872 1955 2968 2010 τοῦ
2998 1954 3107 2008 τῶν
3138 1953 3479 2026 Χριστιανῶν
3512 1954 3716 2024 ὀνόμα-

2124 2069 2250 2120 τος;
2286 2051 2396 2105 Καὶ
2442 2053 2470 2103 ὁ
2502 2050 2666 2104 Δαϐὶδ
2689 2089 2703 2115 ,
2737 2067 2756 2101 ι
2808 2032 3194 2117 Ἀναγγελοῦσι
3230 2048 3329 2117 τὴν
3361 2046 3712 2118 δικαιοσύνην

2125 2145 2288 2200 αὑτοῦ
2316 2144 2430 2215 λαῷ
2451 2144 2526 2215 τῷ
2548 2142 2952 2214 τεχθησομένῳ,
2985 2141 3044 2195 ὃν
3074 2140 3329 2213 ἐποίησεν
3355 2141 3385 2192 6
3421 2139 3644 2211 Κύριος.
3684 2159 3705 2190 υ

2126 2239 2235 2293 Kal.
2264 2240 2344 2292 ὅτι
2382 2238 2478 2308 μὲν
2504 2236 2564 2289 16
2610 2238 2783 2290 εἰπεῖν
2814 2234 2906 2288 τὸν
2942 2233 3104 2287 Δαϐὶδ
3124 2234 3203 2298 16,
3239 2251 3258 2285 ι
3310 2233 3368 2286 '0
3401 2230 3542 2295 Θεὸς
3574 2249 3711 2286 κατε

2125 2328 2318 2394 οικίζει
2351 2328 2713 2399 μονοτρόπους
2743 2328 2803 2379 ὲν
2857 2325 3013 2396 οἴκῳ,
3043 2344 3062 2376 ι
3100 2322 3354 2395 σημαίνει
3381 2322 3442 2376 16
3472 2322 3609 2393 πρὸς
3641 2321 3711 2376 τὰ

2131 2419 2299 2491 Ἔθνη
2327 2419 2389 2472 16
2417 2419 2524 2474 τῶν
2550 2418 2656 2471 ὑπὸ
2682 2417 2845 2488 νόμον
2884 2417 3137 2487 ἄμικτον.
3155 2414 3401 2481 Ἡσαΐας,
3425 2434 3443 2466 ι
3480 2415 3713 2485 Πληρω-

2127 2512 2351 2582 θήσεται
2382 2512 2530 2565 πᾶσα
2560 2512 2594 2580 ἡ
2620 2513 2691 2582 γῆ
2722 2509 2815 2562 τοῦ
2846 2508 3050 2578 γνῶναι
3080 2507 3173 2562 τὸν
3208 2506 3432 2578 Κύριον,
3460 2505 3537 2569 ὡς
3564 2505 3713 2578 ὕδωρ

2127 2605 2263 2658 πολὺ
2294 2601 2816 2672 κατακαλῦψαι(51)
2850 2600 3143 2654 θάλασσαν.
3183 2619 3202 2652 ι
3252 2599 3453 2665 Δαϐὶδ,
3496 2617 3516 2650 ι
3558 2598 3713 2669 Μνη-

2129 2694 2416 2767 σθήσονται
2451 2692 2546 2748 καὶ¹
2586 2692 3081 2763 ὲπιστραφήσονται
3124 2689 3261 2761 πρὸς
3302 2688 3506 2761 Κύριον
3535 2688 3713 2742 πάντα

2126 2785 2196 2838 τὰ
2245 2787 2458 2856 πέρατα
2500 2783 2599 2853 τῆς
2639 2782 2743 2853 γῆς
2768 2822 2782 2847 ,
2826 2783 2922 2837 καὶ
2962 2784 3431 2855 προσκυνήσουσιν
3478 2778 3713 2834 ἐνώπιον

2127 2876 2291 2931 αὐτοῦ
2323 2877 2494 2930 πᾶσαι
2517 2877 2573 2929 αἱ
2602 2874 2833 2941 πατριαὶ
2873 2872 2983 2925 τῶν
3014 2871 3213 2940 ἐθνῶν,
3251 2874 3333 2927 ὅτι
3370 2871 3464 2925 τοῦ
3502 2872 3712 2945 Κυρίου

2127 2971 2161 3042 ἡ
2198 2968 2442 3040 βασιλεία
2460 3010 2474 3031 ,
2500 2968 2593 3021 καὶ
2615 2967 2775 3031 αὐτὸς
2796 2965 3046 3031 δεσπόζει
3101 2967 3211 3020 τῶν
3238 2965 3427 3020 ἐθνῶν.
3455 2984 3474 3017 ι
3527 2964 3713 3020 Καλὸν

2126 3060 2184 3115 δὲ
2212 3061 2307 3114 καὶ
2336 3059 2397 3112 τὸ
2420 3056 2683 3111 πυθέσθαι
2702 3056 2811 3111 τῶν
2845 3055 3131 3121 Ἰουδαίων,
3160 3055 3297 3121 τίςό
3335 3054 3554 3127 κρατῶν
3591 3055 3713 3109 ἐστι

2051 3191 2093 3248 c
2130 3153 2223 3209 νῦν
2244 3153 2349 3226 ἄρα
2383 3152 2519 3224 (52),
2556 3150 2783 3222 πότερον
2809 3152 2837 3204 6
2872 3149 3167 3248 Μωσαῖκὸς
3198 3150 3411 3248 νόμοςᾷ
3438 3144 3499 3248 οῦ
3532 3150 3714 3248 παρά-

2128 3247 2286 3310 6ασίς
2305 3248 2423 3298 ὲστι
2451 3242 2566 3309 νῦν,
2598 3244 2693 3295 καὶ
2718 3242 2779 3295 ού
2801 3241 3053 3312 τήρησις,
3076 3239 3164 3293 διὰ
3195 3239 3257 3291 τὸ
3288 3238 3423 3310 μηδὲ
3445 3238 3535 3291 τὸν
3557 3236 3711 3303 ναὸν,

2128 3340 2162 3410 ἣ
2190 3339 2282 3391 τὸν
2314 3337 2475 3390 τόπον
2514 3330 2653 3388 εἶναι
2677 3372 2691 3398 ,
2727 3332 2759 3402 ἢ
2789 3332 3073 3403 προφήτην
3103 3329 3484 3403 προμηνύοντά
3515 3346 3565 3383 τι
3600 3328 3713 3383 τῶν

2133 3428 2455 3500 μελλόντων,
2483 3426 2517 3497 ἢ
2551 3425 2648 3495 τὴν
2680 3423 2928 3486 κιϐωτὸν,
2958 3425 3015 3476 ἐν
3043 3417 3077 3495 ᾖ
3102 3422 3160 3475 αἱ
3188 3422 3415 3487 πλάκες,
3442 3423 3537 3476 καὶ
3565 3424 3600 3493 ή
3623 3424 3715 3476 Δε-

2131 3523 2380 3589 κάλογος,
2416 3520 2473 3572 ὲν
2497 3513 2578 3581 οἷς
2610 3516 2719 3569 ἔδει
2753 3516 2862 3587 (55)
2903 3516 3001 3580 τὰς
3037 3518 3187 3588 τρεῖς
3216 3514 3410 3587 ἑορτὰς
3442 3514 3711 3586 πληροῦν,

2133 3614 2228 3668 καὶ
2269 3613 2370 3665 ούκ
2408 3608 2661 3680 ἀλλαχοῦ.
2713 3610 2843 3670 Καὶ,
2894 3628 2913 3659 ι
2947 3608 3070 3662 Ὅτι
3106 3607 3404 3678 ἀρθήσεται
3444 3605 3554 3660 ἀπὸ
3600 3605 3715 3661 τῶν

2145 3704 2411 3760 Ἰουδαίων
2439 3705 2473 3774 ἡ
2517 3699 2760 3773 βασιλεία
2796 3698 2890 3753 τοῦ
2918 3699 3076 3766 Θεοῦ,
3106 3700 3201 3752 καὶ
3236 3698 3520 3769 δοθήσεται
3562 3696 3713 3750 ἔθνει

2133 3796 2372 3850 ποιοῦντι
2394 3794 2521 3856 τοὺς
2549 3793 2799 3863 καρποὺς
2838 3791 3026 3862 αὐτῆς.
3070 3809 3088 3842 ι
3140 3788 3311 3842 Τοῦτο
3338 3789 3382 3842 δ’
3425 3790 3492 3843 ἂν
3529 3788 3615 3859 εἴη
3649 3787 3717 3841 16

2132 3884 2473 3960 Χριστιανῶν
2523 3884 2695 3947 ἔθνος,
2736 3884 2861 3947 τοὺς
2906 3884 3281 3955 προσήκοντας
3321 3881 3567 3953 καρποὺς
3608 3879 3716 3950 τῆς

2131 3980 2271 4036 κατὰ
2303 3978 2434 4033 Θεὸν
2478 3976 2748 4040 πολιτείας
2808 3973 3265 4043 ἐπιδεικνύμενον.
3293 3972 3489 4036 Δαδὶδ,
3529 3990 3548 4023 ε
3589 3970 3715 4036 Ἐξ-

2128 4072 2455 4145 ομολόγησις
2485 4070 2580 4123 ml.
2612 4066 3051 4139 μεγαλοπρέπεια
3077 4066 3136 4118 16
3165 4064 3324 4136 ἔργον
3353 4062 3647 4126 αύτοῦ,κα“ι
3676 4063 3713 4133 ἡ

441 4161 546 4215 tris
576 4160 712 4215 meis
734 4160 803 4221 ",
829 4179 847 4211 ι
886 4168 939 4214 et
985 4160 1218 4229 reliqua,
1260 4158 1432 4217 Isaias
1474 4162 1679 4217 clarius
1710 4163 1807 4227 ait,
1850 4183 1866 4215 ι
1889 4161 2023 4216 Dicit

2127 4163 2446 4234 δικαιοσύνη
2484 4161 2649 4217 αὐτοῦ
2697 4161 2845 4233 μένει
2878 4164 2958 4225 είς
2987 4159 3077 4213 τὸν
3108 4159 3279 4213 αἰῶνα
3308 4156 3400 4211 τοῦ
3439 4156 3651 4220 αἰῶνος.
3688 4174 3709 4207 ι

442 4253 706 4307 Dominus
739 4252 962 4308 Christo
1004 4268 1125 4308 meo
1170 4253 1313 4323 Cyro
1337 4254 1442 4308 ⁸⁸.»
1479 4254 1649 4309 Aiunt
1697 4263 1878 4310 autem
1915 4254 2031 4310 haec

2141 4256 2575 4327 Ἐξομολογεῖται
2600 4256 2656 4309 δὲ
2679 4254 2757 4326 τῷ
2784 4254 2978 4326 Πατρὶ,
3001 4254 3060 4307 ού
3087 4252 3186 4316 τὰς
3214 4251 3405 4306 ἑαυτοῦ
3437 4249 3716 4323 ἁμαρτίας
3778 4300 3783 4305 .

440 4346 509 4401 de
539 4344 683 4416 Cyro
707 4343 1002 4399 Persarum
1042 4361 1168 4415 rege
1197 4345 1345 4400 dicta
1378 4362 1520 4409 esse,
1555 4348 1648 4402 sed
1691 4347 1921 4401 ridicula
1947 4353 2023 4402 est

2129 4347 2158 4399 6
2188 4349 2437 4417 ἄμωμος,
2466 4346 2603 4401 ἀλλὰ
2639 4347 2736 4410 τὰς
2763 4346 2874 4400 τῶν
2908 4346 2995 4400 ἐπ’
3035 4344 3184 4416 αύτῷ
3216 4343 3597 4399 πιστευόντων·
3627 4341 3716 4395 ὃτι

443 4437 819 4504 hujuscemodi
867 4437 1074 4506 opinio.
1107 4437 1393 4503 Quomodo
1425 4439 1570 4493 enim
1626 4438 1836 4508 reliqua
1884 4437 2023 4506 Cyro

2132 4438 2225 4491 τοῦ
2254 4438 2418 4492 Δαὸὶδ
2444 4439 2710 4501 εἰπόντος,
2739 4456 2757 4490 ‹
2788 4434 2956 4491 Εἶπεν
2978 4438 3006 4490 6
3032 4438 3236 4507 Κύριος
3256 4436 3333 4508 τῷ
3361 4435 3551 4507 Κυρίῳ
3583 4448 3714 4505 μου’

440 4529 821 4583 conveniunt?
881 4529 1268 4599 «Apprehendi
1315 4530 1595 4586 dexteram
1653 4538 1840 4598 tuam;
1888 4530 2022 4586 obe-

2133 4529 2315 4584 Κάθου
2336 4532 2400 4583 ἐκ
2426 4530 2614 4596 δεξιῶν
2650 4546 2753 4601 μου
2779 4568 2793 4594 ,
2836 4547 2853 4581 ι
2888 4528 2982 4583 καὶ
3017 4528 3086 4583 τὰ
3124 4527 3305 4590 λοιπὰ,
3357 4526 3583 4591 Ἡσαΐας
3616 4542 3719 4579 σα-

440 4620 596 4675 dient
644 4627 771 4674 ante
823 4619 1015 4675 faciem
1066 4622 1187 4691 ejus
1240 4631 1471 4694 gentes;
1530 4631 1585 4677 et
1643 4621 2023 4678 fortitudinem

2132 4622 2391 4692 φέστερον
2421 4620 2590 4690 λέγει,
2633 4636 2653 4673 ι
2687 4621 2847 4691 Λέγει
2890 4622 2920 4673 6
2968 4620 3172 4693 Κύριος
3220 4620 3298 4691 τῷ
3342 4617 3561 4692 Χριστῷ
3609 4635 3716 4690 μου

444 4728 631 4781 regum
665 4712 1041 4782 disrumpam;
1077 4716 1319 4783 aperiam
1369 4722 1495 4769 ante
1528 4730 1653 4769 eum
1695 4715 1920 4785 jauuas,
1969 4720 2023 4769 et

2130 4713 2299 4785 Κύρῳ
2322 4714 2461 4783 (54).
2492 4733 2511 4764 ι
2550 4713 2783 4781 Λέγουσι
2807 4713 2864 4766 δὲ
2893 4714 2973 4776 εἰς
3004 4712 3184 4785 Κύρον
3209 4712 3300 4767 τὸν
3329 4712 3545 4784 Πέρσην
3559 4710 3719 4783 εἰρῆ-

442 4804 692 4859 civitates
736 4821 843 4858 non
881 4804 1229 4859 claudentur.
1282 4807 1423 4861 Ante
1467 4813 1519 4861 te
1566 4807 1677 4871 ibo,
1727 4815 1782 4862 et
1811 4811 2023 4861 montes

2132 4805 2255 4860 σθαι
2290 4805 2484 4861 ταῦτα.
2516 4805 2728 4861 Γελοῖον
2756 4806 2844 4859 δέ·
2897 4805 2999 4859 ποῦ
3032 4805 3140 4878 γὰρ
3169 4804 3400 4878 ἁρμόζει
3444 4805 3615 4877 Κύρῳ
3643 4804 3719 4860 τὰ

511 4966 580 4999 ⁷⁷·
610 4965 751 5021 Psal.
782 4983 924 5030 ωιιν,
957 4966 1011 5020 2.
1080 4969 1125 4999 ⁷⁸
1155 4967 1322 5035 Soph.
1355 4984 1414 5033 lt,
1448 4968 1535 5021 ll.
1594 4969 1639 5001 ¹¹⁹
1676 4967 1907 5023 Malaeh.
1947 4968 2023 5030 I,1

2210 4966 2257 4998 ⁸⁰
2287 4965 2388 5021 lsa.
2422 4981 2548 5029 va,
2609 4967 2694 5021 l5.
2736 4964 2819 5021 16.
2906 4965 2949 4997 ⁸⁸
2985 4964 3128 5020 Psal.
3162 4980 3275 5030 1m,
3326 4963 3415 5035 32.
3492 4962 3539 4995 ⁸⁹
3561 4961 3712 5020 Psal.

441 5036 688 5100 vau,7.
750 5037 1084 5100 "lsa.xi,9.
1160 5033 1706 5104 “Psal.xxu,28,29.
1773 5039 1820 5072 ⁸⁸
1852 5038 2018 5093 Matth

2133 5054 2169 5105 ι,
2189 5038 2276 5091 45.
2341 5036 2388 5068 ⁸⁸
2411 5035 2553 5092 Psal.
2578 5038 2736 5103 cx,5.
2815 5037 2860 5068 ⁸⁷
2889 5035 3163 5101 Psal.otx,
3188 5035 3237 5089 1.
3314 5033 3486 5093 "lsa.
3513 5049 3638 5098 xcv,
3658 5036 3717 5090 t.

514 5190 702 5264 (ﬁtilla
730 5191 970 5245 editione
995 5189 1261 5251 Romana,
1284 5200 1340 5264 et
1371 5192 1513 5264 apud
1539 5190 1679 5264 alios
1702 5200 1787 5264 est
1827 5193 2015 5264 ἄρχον-

439 5261 530 5324 τες
558 5262 825 5331 Σοδόμων,
861 5269 982 5330 post
1034 5277 1153 5328 quae
1184 5262 1346 5332 verba
1374 5262 1545 5332 codex
1569 5261 1793 5332 Siphani
1827 5261 1879 5317 et
1902 5261 2014 5319 Va-

441 5335 655 5405 ticanus
690 5329 961 5405 recentior
986 5332 1190 5405 addunt
1215 5331 1327 5405 καί.
1372 5329 1665 5405 Sequentia
1721 5350 1850 5389 vero
1887 5349 2018 5405 pro—

442 5403 615 5474 pheta:
648 5402 808 5474 verba
840 5403 893 5453 in
918 5402 1187 5474 epitouien
1218 5402 1425 5474 redegit
1446 5402 1742 5474 Nysscnus.

513 5472 623 5539 (30,
663 5469 715 5522 lu
745 5471 1030 5524 vetustiori
1077 5468 1542 5537 Vaticano'dees't,
1602 5474 1861 5536 ἕκαστος’
1922 5473 2019 5529 sed

2195 5191 2307 5261 (52)
2337 5189 2393 5244 lu
2442 5193 2735 5246 recentiori
2782 5190 3050 5247 Vaticano
3091 5199 3194 5258 est,
3237 5193 3364 5257 τοὺς
3405 5192 3716 5258 Ἰουδαίους,

2125 5262 2211 5333 τίς
2243 5264 2269 5314 ὁ
2301 5261 2519 5333 κρατῶν
2554 5264 2701 5315 ἐστιν
2743 5263 2873 5332 ἄρα,
2902 5273 3067 5333 atque
3094 5263 3363 5333 itagetiam
3401 5263 3600 5333 legisse
3636 5265 3723 5315 vi-

2125 5332 2287 5385 detur
2310 5330 2618 5402 Siphanus;
2642 5330 2808 5386 vertit
2840 5330 3007 5399 enim,
3049 5330 3190 5400 Quid
3220 5348 3359 5387 nunc
3392 5330 3554 5404 igitur
3579 5333 3721 5386 obti-

2128 5411 2233 5456 net.

2201 5471 2475 5544 (55)_llzee
2511 5473 2679 5544 verba
2702 5472 3093 5544 subjungenda
3133 5489 3256 5529 esse
3296 5473 3550 5529 videntur
3594 5480 3719 5544 post

443 5544 744 5616 italu-batur
768 5541 820 5616 in
850 5540 1070 5616 Sipliani
1090 5541 1298 5616 codice,
1320 5550 1369 5595 et
1399 5546 1452 5597 in
1478 5544 1715 5599 editione
1752 5543 2020 5616 Romana.

2129 5541 2493 5616 praecedentia
2521 5544 2633 5611 illa,
2663 5543 2751 5598 διὰ
2782 5540 2845 5597 16
2886 5540 3022 5616 μηδὲ
3052 5543 3142 5597 τὸν
3182 5544 3327 5612 ναὸν,
3360 5545 3392 5615 ἢ
3428 5543 3519 5597 τὸν
3550 5540 3718 5595 τόπον

445 5615 712 5666 Ιεζιιεοιιιιιε
766 5607 922 5685 ρειη.
956 5610 1459 5685 Eran‘g._lib.__l._c.
1498 5616 1561 5676 6,
1607 5630 1726 5685 pag.
1770 5614 1854 5685 t9,
1892 5615 2021 5667 ἕκα-

2129 5607 2291 5685 εἶναι.

443 5699 563 5745 στος
605 5686 667 5735 ὲκ
706 5681 797 5734 τοῦ
839 5683 1005 5735 τόπου
1052 5680 1249 5737 αὐτῶν.
1306 5680 1440 5737 Vide
1479 5680 1730 5739 eumdefn
1777 5684 1873 5740 lib.
1919 5700 2017 5751 tu,

2146 5750 2155 5751 ,
2204 5682 2316 5751 (54)

439 5769 561 5821 cap.
600 5753 656 5815 2,
684 5770 833 5807 lllllll.
860 5755 945 5807 16.

510 5824 620 5896 (51)
654 5826 836 5881 Codex
867 5824 1145 5881 recentior
1196 5821 1513 5891 Vaticanus,
1547 5824 1806 5895 καλῦιξιαι.

2372 5680 2529 5755 lluuc
2560 5681 2723 5755 lsaiae
2777 5683 2956 5737 locum
3020 5684 3432 5755 intelligendum
3480 5699 3606 5755 esse.
3646 5683 3717 5738 de

2126 5750 2350 5807 Christo
2383 5751 2755 5808 Tertulliauus
2780 5769 2996 5823 quoque
3043 5755 3162 5809 adv.
3201 5750 3431 5807 'Juda'os
3464 5770 3514 5808 c.
3573 5754 3625 5818 7,
3661 5762 3719 5806 et

2128 5823 2437 5895 Cyprianus
2461 5824 2593 5881 lib.i
2626 5823 2866 5892 Testim.,
2892 5839 3013 5892 cap.
3037 5824 3129 5892 2|,
3153 5831 3432 5880 ειυιυιηρμσ
3490 5838 3592 5856 νυ...
