  <div class='ocr_page' id='page_1' title='image "/cluster/home/n/w/nwhite01/storage/ocr_20150623/46/mdp.39015011915447/122.png"; bbox 0 0 4034 6132; ppageno 0'>
   <div class='ocr_carea' id='block_1_1' title="bbox 313 285 418 342">
    <p class='ocr_par' dir='ltr' id='par_1_1' title="bbox 313 285 418 342">
     <span class='ocr_line' id='line_1_1' title="bbox 313 285 418 342; baseline -0.01 -1"><span class='ocrx_word' id='word_1_1' title='bbox 313 285 418 342; x_wconf 70' lang='grc' dir='ltr'><strong>ΞΞΩ</strong></span> 
     </span>
    </p>
   </div>
   <div class='ocr_carea' id='block_1_2' title="bbox 1349 283 2560 347">
    <p class='ocr_par' dir='ltr' id='par_1_2' title="bbox 1349 283 2560 347">
     <span class='ocr_line' id='line_1_2' title="bbox 1349 283 2560 347; baseline -0.002 -7"><span class='ocrx_word' id='word_1_2' title='bbox 1349 283 1773 342; x_wconf 64' lang='grc' dir='ltr'><strong>ΤΕΞΤΙΜΟΝΙΛ</strong></span> <span class='ocrx_word' id='word_1_3' title='bbox 1812 286 2184 347; x_wconf 69' lang='lat' dir='ltr'><strong>ADVERSUS</strong></span> <span class='ocrx_word' id='word_1_4' title='bbox 2242 284 2560 345; x_wconf 61' lang='lat' dir='ltr'><strong>JUDIEOS.</strong></span> 
     </span>
    </p>
   </div>
   <div class='ocr_carea' id='block_1_3' title="bbox 3481 291 3592 357">
    <p class='ocr_par' dir='ltr' id='par_1_3' title="bbox 3481 291 3592 357">
     <span class='ocr_line' id='line_1_3' title="bbox 3481 291 3592 357; baseline 0.018 -2"><span class='ocrx_word' id='word_1_5' title='bbox 3481 291 3592 357; x_wconf 70' lang='lat'><strong>230</strong></span> 
     </span>
    </p>
   </div>
   <div class='ocr_carea' id='block_1_4' title="bbox 309 399 1898 474">
    <p class='ocr_par' dir='ltr' id='par_1_4' title="bbox 309 399 1898 472">
     <span class='ocr_line' id='line_1_4' title="bbox 309 399 1898 472; baseline 0.002 -19"><span class='ocrx_word' id='word_1_6' title='bbox 309 400 500 465; x_wconf 75' lang='grc' dir='ltr'><strong>λοιπὰ,</strong></span> <span class='ocrx_word' id='word_1_7' title='bbox 530 418 549 452; x_wconf 78' lang='lat' dir='ltr'><strong>t</strong></span> <span class='ocrx_word' id='word_1_8' title='bbox 591 399 911 472; x_wconf 69' lang='lat' dir='ltr'><strong>&#39;Expir&#39;qaa</strong></span> <span class='ocrx_word' id='word_1_9' title='bbox 938 400 1035 471; x_wconf 83' lang='grc' dir='ltr'><strong>τῆς</strong></span> <span class='ocrx_word' id='word_1_10' title='bbox 1063 399 1239 465; x_wconf 84' lang='grc' dir='ltr'><strong>δεξιᾶς</strong></span> <span class='ocrx_word' id='word_1_11' title='bbox 1263 400 1377 472; x_wconf 74' lang='grc'>(55)</span> <span class='ocrx_word' id='word_1_12' title='bbox 1410 419 1504 455; x_wconf 92' lang='grc' dir='ltr'><strong>σου</strong></span> <span class='ocrx_word' id='word_1_13' title='bbox 1529 419 1544 433; x_wconf 87' lang='grc'><strong>·</strong></span> <span class='ocrx_word' id='word_1_14' title='bbox 1578 401 1898 458; x_wconf 70' lang='grc' dir='ltr'><strong>έπακούσουι</strong></span> 
     </span>
    </p>
   </div>
   <div class='ocr_carea' id='block_1_5' title="bbox 2001 399 3595 474">
    <p class='ocr_par' dir='ltr' id='par_1_5' title="bbox 2016 402 3595 474">
     <span class='ocr_line' id='line_1_5' title="bbox 2016 402 3595 474; baseline 0.003 -17"><span class='ocrx_word' id='word_1_15' title='bbox 2016 402 2398 474; x_wconf 86' lang='lat' dir='ltr'><strong>complanabo,</strong></span> <span class='ocrx_word' id='word_1_16' title='bbox 2456 412 2644 473; x_wconf 87' lang='lat' dir='ltr'><strong>portas</strong></span> <span class='ocrx_word' id='word_1_17' title='bbox 2697 414 2869 472; x_wconf 80' lang='lat' dir='ltr'><strong>aereas</strong></span> <span class='ocrx_word' id='word_1_18' title='bbox 2936 409 3238 473; x_wconf 89' lang='lat' dir='ltr'><strong>conteram,</strong></span> <span class='ocrx_word' id='word_1_19' title='bbox 3299 412 3356 461; x_wconf 91' lang='lat' dir='ltr'><strong>et</strong></span> <span class='ocrx_word' id='word_1_20' title='bbox 3407 413 3595 467; x_wconf 74' lang='lat' dir='ltr'><strong>vectes</strong></span> 
     </span>
    </p>
   </div>
   <div class='ocr_carea' id='block_1_6' title="bbox 313 491 1902 567">
    <p class='ocr_par' dir='ltr' id='par_1_6' title="bbox 313 491 1902 567">
     <span class='ocr_line' id='line_1_6' title="bbox 313 491 1902 567; baseline 0.001 -20"><span class='ocrx_word' id='word_1_21' title='bbox 313 510 402 547; x_wconf 84' lang='grc' dir='ltr'><strong>σιν</strong></span> <span class='ocrx_word' id='word_1_22' title='bbox 440 492 756 564; x_wconf 82' lang='grc' dir='ltr'><strong>ἔμπροσθεν</strong></span> <span class='ocrx_word' id='word_1_23' title='bbox 781 491 947 545; x_wconf 81' lang='grc' dir='ltr'><strong>αὐτοῦ</strong></span> <span class='ocrx_word' id='word_1_24' title='bbox 973 491 1124 563; x_wconf 73' lang='grc' dir='ltr'><strong>ἔθνη,</strong></span> <span class='ocrx_word' id='word_1_25' title='bbox 1155 493 1251 548; x_wconf 62' lang='grc' dir='ltr'><strong>καὶ¹</strong></span> <span class='ocrx_word' id='word_1_26' title='bbox 1277 495 1432 564; x_wconf 79' lang='grc' dir='ltr'><strong>ἰσχὺν</strong></span> <span class='ocrx_word' id='word_1_27' title='bbox 1462 494 1723 565; x_wconf 79' lang='grc' dir='ltr'><strong>βασιλέων</strong></span> <span class='ocrx_word' id='word_1_28' title='bbox 1748 495 1902 567; x_wconf 77' lang='grc' dir='ltr'><strong>διαρ-</strong></span> 
     </span>
    </p>
   </div>
   <div class='ocr_carea' id='block_1_7' title="bbox 313 582 1901 657">
    <p class='ocr_par' dir='ltr' id='par_1_7' title="bbox 313 582 1901 657">
     <span class='ocr_line' id='line_1_7' title="bbox 313 582 1901 657; baseline 0 -18"><span class='ocrx_word' id='word_1_29' title='bbox 313 585 485 657; x_wconf 73' lang='grc' dir='ltr'><strong>ρήξιιν</strong></span> <span class='ocrx_word' id='word_1_30' title='bbox 519 585 721 652; x_wconf 80' lang='grc' dir='ltr'><strong>ὰνοίξω</strong></span> <span class='ocrx_word' id='word_1_31' title='bbox 743 585 1053 656; x_wconf 76' lang='grc' dir='ltr'><strong>ἔμπροσθεν</strong></span> <span class='ocrx_word' id='word_1_32' title='bbox 1082 582 1249 639; x_wconf 82' lang='grc' dir='ltr'><strong>αὐτοῦ</strong></span> <span class='ocrx_word' id='word_1_33' title='bbox 1283 584 1476 650; x_wconf 80' lang='grc' dir='ltr'><strong>πύλας,</strong></span> <span class='ocrx_word' id='word_1_34' title='bbox 1509 586 1603 640; x_wconf 79' lang='grc' dir='ltr'><strong>καὶ</strong></span> <span class='ocrx_word' id='word_1_35' title='bbox 1628 586 1813 651; x_wconf 86' lang='grc' dir='ltr'><strong>πόλεις</strong></span> <span class='ocrx_word' id='word_1_36' title='bbox 1841 587 1901 639; x_wconf 79' lang='grc' dir='ltr'><strong>οὐ</strong></span> 
     </span>
    </p>
   </div>
   <div class='ocr_carea' id='block_1_8' title="bbox 312 676 1904 749">
    <p class='ocr_par' dir='ltr' id='par_1_8' title="bbox 312 676 1904 749">
     <span class='ocr_line' id='line_1_8' title="bbox 312 676 1904 749; baseline 0 -20"><span class='ocrx_word' id='word_1_37' title='bbox 312 677 845 746; x_wconf 81' lang='grc' dir='ltr'><strong>συγκλεισθήσονται</strong></span> <span class='ocrx_word' id='word_1_38' title='bbox 870 693 883 707; x_wconf 76' lang='grc'><strong>’</strong></span> <span class='ocrx_word' id='word_1_39' title='bbox 915 676 1225 749; x_wconf 77' lang='grc' dir='ltr'><strong>ἔμπροσθέν</strong></span> <span class='ocrx_word' id='word_1_40' title='bbox 1265 692 1358 730; x_wconf 89' lang='grc' dir='ltr'><strong>σου</strong></span> <span class='ocrx_word' id='word_1_41' title='bbox 1400 676 1739 749; x_wconf 82' lang='grc' dir='ltr'><strong>πορεύσομαι</strong></span> <span class='ocrx_word' id='word_1_42' title='bbox 1762 718 1777 744; x_wconf 92' lang='grc'><strong>,</strong></span> <span class='ocrx_word' id='word_1_43' title='bbox 1810 678 1904 732; x_wconf 80' lang='grc' dir='ltr'><strong>καὶ</strong></span> 
     </span>
    </p>
   </div>
   <div class='ocr_carea' id='block_1_9' title="bbox 311 766 1905 839">
    <p class='ocr_par' dir='ltr' id='par_1_9' title="bbox 311 766 1905 839">
     <span class='ocr_line' id='line_1_9' title="bbox 311 766 1905 839; baseline 0.001 -19"><span class='ocrx_word' id='word_1_44' title='bbox 311 767 417 838; x_wconf 75' lang='grc' dir='ltr'><strong>ὅρη</strong></span> <span class='ocrx_word' id='word_1_45' title='bbox 481 767 729 838; x_wconf 86' lang='grc' dir='ltr'><strong>ὀμαλιῶ·</strong></span> <span class='ocrx_word' id='word_1_46' title='bbox 789 766 962 839; x_wconf 83' lang='grc' dir='ltr'><strong>θύρας</strong></span> <span class='ocrx_word' id='word_1_47' title='bbox 1016 766 1223 839; x_wconf 81' lang='grc' dir='ltr'><strong>χαλκᾶς</strong></span> <span class='ocrx_word' id='word_1_48' title='bbox 1294 768 1605 838; x_wconf 75' lang='grc' dir='ltr'><strong>συντρίψω,</strong></span> <span class='ocrx_word' id='word_1_49' title='bbox 1656 768 1750 821; x_wconf 77' lang='grc' dir='ltr'><strong>καὶ</strong></span> <span class='ocrx_word' id='word_1_50' title='bbox 1808 785 1905 838; x_wconf 85' lang='grc' dir='ltr'><strong>μο-</strong></span> 
     </span>
    </p>
   </div>
   <div class='ocr_carea' id='block_1_10' title="bbox 312 858 1901 934">
    <p class='ocr_par' dir='ltr' id='par_1_10' title="bbox 312 858 1901 934">
     <span class='ocr_line' id='line_1_10' title="bbox 312 858 1901 934; baseline 0.001 -23"><span class='ocrx_word' id='word_1_51' title='bbox 312 859 476 930; x_wconf 82' lang='grc' dir='ltr'><strong>χλοὺς</strong></span> <span class='ocrx_word' id='word_1_52' title='bbox 515 858 771 929; x_wconf 77' lang='grc' dir='ltr'><strong>σιδηροῦς</strong></span> <span class='ocrx_word' id='word_1_53' title='bbox 807 858 1088 913; x_wconf 76' lang='grc' dir='ltr'><strong>συνθλάσω</strong></span> <span class='ocrx_word' id='word_1_54' title='bbox 1108 900 1124 925; x_wconf 94' lang='grc'><strong>,</strong></span> <span class='ocrx_word' id='word_1_55' title='bbox 1168 861 1264 913; x_wconf 80' lang='grc' dir='ltr'><strong>καὶ</strong></span> <span class='ocrx_word' id='word_1_56' title='bbox 1295 858 1453 914; x_wconf 81' lang='grc' dir='ltr'><strong>δώσω</strong></span> <span class='ocrx_word' id='word_1_57' title='bbox 1484 876 1565 913; x_wconf 92' lang='grc' dir='ltr'><strong>σοι</strong></span> <span class='ocrx_word' id='word_1_58' title='bbox 1596 859 1901 934; x_wconf 79' lang='grc' dir='ltr'><strong>θησαυροὺς</strong></span> 
     </span>
    </p>
   </div>
   <div class='ocr_carea' id='block_1_11' title="bbox 312 947 1904 1023">
    <p class='ocr_par' dir='ltr' id='par_1_11' title="bbox 312 947 1904 1023">
     <span class='ocr_line' id='line_1_11' title="bbox 312 947 1904 1023; baseline 0.001 -20"><span class='ocrx_word' id='word_1_59' title='bbox 312 949 651 1017; x_wconf 86' lang='grc' dir='ltr'><strong>σκοτεινούς;</strong></span> <span class='ocrx_word' id='word_1_60' title='bbox 690 969 709 1002; x_wconf 76' lang='lat' dir='ltr'><strong>t</strong></span> <span class='ocrx_word' id='word_1_61' title='bbox 751 950 876 1013; x_wconf 87' lang='grc' dir='ltr'><strong>Πῶς</strong></span> <span class='ocrx_word' id='word_1_62' title='bbox 907 947 1003 1004; x_wconf 77' lang='grc' dir='ltr'><strong>οὖν</strong></span> <span class='ocrx_word' id='word_1_63' title='bbox 1027 951 1257 1023; x_wconf 85' lang='grc' dir='ltr'><strong>ἁρμόσει</strong></span> <span class='ocrx_word' id='word_1_64' title='bbox 1285 950 1457 1005; x_wconf 82' lang='grc' dir='ltr'><strong>ταῦτα</strong></span> <span class='ocrx_word' id='word_1_65' title='bbox 1484 951 1672 1023; x_wconf 85' lang='grc' dir='ltr'><strong>Κύρῳ,</strong></span> <span class='ocrx_word' id='word_1_66' title='bbox 1698 952 1775 1023; x_wconf 81' lang='grc' dir='ltr'><strong>τῷ</strong></span> <span class='ocrx_word' id='word_1_67' title='bbox 1815 969 1904 1023; x_wconf 85' lang='grc' dir='ltr'><strong>μι-</strong></span> 
     </span>
    </p>
   </div>
   <div class='ocr_carea' id='block_1_12' title="bbox 311 1041 1902 1116">
    <p class='ocr_par' dir='ltr' id='par_1_12' title="bbox 311 1041 1902 1116">
     <span class='ocr_line' id='line_1_12' title="bbox 311 1041 1902 1116; baseline -0.001 -20"><span class='ocrx_word' id='word_1_68' title='bbox 311 1043 445 1116; x_wconf 73' lang='grc' dir='ltr'><strong>κρὸν</strong></span> <span class='ocrx_word' id='word_1_69' title='bbox 462 1042 688 1114; x_wconf 77' lang='grc' dir='ltr'><strong>ὕστερον</strong></span> <span class='ocrx_word' id='word_1_70' title='bbox 711 1043 790 1106; x_wconf 83' lang='grc' dir='ltr'><strong>είς</strong></span> <span class='ocrx_word' id='word_1_71' title='bbox 818 1041 1147 1110; x_wconf 84' lang='grc' dir='ltr'><strong>Μασαγέτας</strong></span> <span class='ocrx_word' id='word_1_72' title='bbox 1175 1041 1417 1112; x_wconf 82' lang='grc' dir='ltr'><strong>αἰσχρῶς</strong></span> <span class='ocrx_word' id='word_1_73' title='bbox 1444 1042 1783 1114; x_wconf 83' lang='grc' dir='ltr'><strong>ἀναιρεθέντι</strong></span> <span class='ocrx_word' id='word_1_74' title='bbox 1809 1042 1902 1095; x_wconf 77' lang='grc' dir='ltr'><strong>καὶ</strong></span> 
     </span>
    </p>
   </div>
   <div class='ocr_carea' id='block_1_13' title="bbox 310 1132 1902 1206">
    <p class='ocr_par' dir='ltr' id='par_1_13' title="bbox 310 1132 1902 1206">
     <span class='ocr_line' id='line_1_13' title="bbox 310 1132 1902 1206; baseline -0.002 -17"><span class='ocrx_word' id='word_1_75' title='bbox 310 1140 393 1200; x_wconf 82' lang='grc' dir='ltr'><strong>είς</strong></span> <span class='ocrx_word' id='word_1_76' title='bbox 420 1136 591 1189; x_wconf 86' lang='grc' dir='ltr'><strong>ἀσκὸν</strong></span> <span class='ocrx_word' id='word_1_77' title='bbox 617 1134 899 1206; x_wconf 81' lang='grc' dir='ltr'><strong>ὲκδαρέντι</strong></span> <span class='ocrx_word' id='word_1_78' title='bbox 923 1151 938 1201; x_wconf 89' lang='grc'>;</span> <span class='ocrx_word' id='word_1_79' title='bbox 963 1133 1057 1186; x_wconf 72' lang='grc' dir='ltr'><strong>καὶ</strong></span> <span class='ocrx_word' id='word_1_80' title='bbox 1083 1135 1220 1203; x_wconf 80' lang='grc' dir='ltr'><strong>μετὰ</strong></span> <span class='ocrx_word' id='word_1_81' title='bbox 1248 1133 1441 1205; x_wconf 78' lang='grc' dir='ltr'><strong>μικρὸν</strong></span> <span class='ocrx_word' id='word_1_82' title='bbox 1472 1135 1583 1203; x_wconf 90' lang='grc'>(57)</span> <span class='ocrx_word' id='word_1_83' title='bbox 1608 1132 1902 1205; x_wconf 83' lang='grc' dir='ltr'><strong>ὲρμηνεύει</strong></span> 
     </span>
    </p>
   </div>
   <div class='ocr_carea' id='block_1_14' title="bbox 312 1223 1898 1297">
    <p class='ocr_par' dir='ltr' id='par_1_14' title="bbox 312 1223 1898 1297">
     <span class='ocr_line' id='line_1_14' title="bbox 312 1223 1898 1297; baseline -0.003 -15"><span class='ocrx_word' id='word_1_84' title='bbox 312 1228 459 1283; x_wconf 81' lang='grc' dir='ltr'><strong>αὐτὰ</strong></span> <span class='ocrx_word' id='word_1_85' title='bbox 476 1228 505 1280; x_wconf 87' lang='lat'><strong>6</strong></span> <span class='ocrx_word' id='word_1_86' title='bbox 522 1227 687 1289; x_wconf 85' lang='grc' dir='ltr'><strong>αὐτὸς</strong></span> <span class='ocrx_word' id='word_1_87' title='bbox 703 1226 1010 1297; x_wconf 81' lang='grc' dir='ltr'><strong>προφήτης,</strong></span> <span class='ocrx_word' id='word_1_88' title='bbox 1033 1223 1205 1293; x_wconf 88' lang='grc' dir='ltr'><strong>λέγων</strong></span> <span class='ocrx_word' id='word_1_89' title='bbox 1229 1226 1293 1277; x_wconf 77' lang='grc' dir='ltr'><strong>ἐκ</strong></span> <span class='ocrx_word' id='word_1_90' title='bbox 1314 1224 1603 1293; x_wconf 85' lang='grc' dir='ltr'><strong>προσώπου</strong></span> <span class='ocrx_word' id='word_1_91' title='bbox 1624 1225 1717 1277; x_wconf 80' lang='grc' dir='ltr'><strong>τοῦ</strong></span> <span class='ocrx_word' id='word_1_92' title='bbox 1740 1224 1898 1290; x_wconf 83' lang='grc' dir='ltr'><strong>Θεοῦ,</strong></span> 
     </span>
    </p>
   </div>
   <div class='ocr_carea' id='block_1_15' title="bbox 311 1317 1899 1391">
    <p class='ocr_par' dir='ltr' id='par_1_15' title="bbox 311 1317 1899 1391">
     <span class='ocr_line' id='line_1_15' title="bbox 311 1317 1899 1391; baseline -0.004 -14"><span class='ocrx_word' id='word_1_93' title='bbox 311 1322 430 1391; x_wconf 83' lang='grc'>(58)</span> <span class='ocrx_word' id='word_1_94' title='bbox 459 1339 478 1372; x_wconf 74' lang='grc' dir='ltr'><strong>ι</strong></span> <span class='ocrx_word' id='word_1_95' title='bbox 500 1318 643 1387; x_wconf 84' lang='grc' dir='ltr'><strong>Ἐγὼ</strong></span> <span class='ocrx_word' id='word_1_96' title='bbox 668 1318 872 1389; x_wconf 81' lang='grc' dir='ltr'><strong>Κύριος</strong></span> <span class='ocrx_word' id='word_1_97' title='bbox 893 1318 923 1369; x_wconf 97' lang='lat'><strong>6</strong></span> <span class='ocrx_word' id='word_1_98' title='bbox 950 1317 1082 1380; x_wconf 82' lang='grc' dir='ltr'><strong>Θεὸς</strong></span> <span class='ocrx_word' id='word_1_99' title='bbox 1107 1318 1136 1370; x_wconf 92' lang='lat'><strong>6</strong></span> <span class='ocrx_word' id='word_1_100' title='bbox 1159 1317 1390 1379; x_wconf 82' lang='grc' dir='ltr'><strong>καλέσας</strong></span> <span class='ocrx_word' id='word_1_101' title='bbox 1412 1334 1469 1370; x_wconf 89' lang='grc' dir='ltr'><strong>σε</strong></span> <span class='ocrx_word' id='word_1_102' title='bbox 1488 1320 1544 1371; x_wconf 82' lang='grc' dir='ltr'><strong>ἐν</strong></span> <span class='ocrx_word' id='word_1_103' title='bbox 1566 1317 1899 1391; x_wconf 72' lang='grc' dir='ltr'><strong>δικαιοσύνῃ’</strong></span> 
     </span>
    </p>
   </div>
   <div class='ocr_carea' id='block_1_16' title="bbox 310 1407 1902 1483">
    <p class='ocr_par' dir='ltr' id='par_1_16' title="bbox 310 1407 1902 1483">
     <span class='ocr_line' id='line_1_16' title="bbox 310 1407 1902 1483; baseline -0.003 -16"><span class='ocrx_word' id='word_1_104' title='bbox 310 1413 597 1483; x_wconf 69' lang='grc' dir='ltr'><strong>ἐκράτησα</strong></span> <span class='ocrx_word' id='word_1_105' title='bbox 620 1411 721 1480; x_wconf 82' lang='grc' dir='ltr'><strong>τῆς</strong></span> <span class='ocrx_word' id='word_1_106' title='bbox 745 1409 925 1480; x_wconf 83' lang='grc' dir='ltr'><strong>χειρός</strong></span> <span class='ocrx_word' id='word_1_107' title='bbox 947 1426 1062 1473; x_wconf 92' lang='grc' dir='ltr'><strong>σου,</strong></span> <span class='ocrx_word' id='word_1_108' title='bbox 1086 1409 1181 1461; x_wconf 67' lang='grc' dir='ltr'><strong>κα)⁵</strong></span> <span class='ocrx_word' id='word_1_109' title='bbox 1207 1407 1411 1478; x_wconf 82' lang='grc' dir='ltr'><strong>ίσχύσω</strong></span> <span class='ocrx_word' id='word_1_110' title='bbox 1440 1425 1521 1473; x_wconf 90' lang='grc' dir='ltr'><strong>σε,</strong></span> <span class='ocrx_word' id='word_1_111' title='bbox 1549 1410 1642 1463; x_wconf 75' lang='grc' dir='ltr'><strong>καὶ</strong></span> <span class='ocrx_word' id='word_1_112' title='bbox 1664 1408 1819 1462; x_wconf 81' lang='grc' dir='ltr'><strong>δώσω</strong></span> <span class='ocrx_word' id='word_1_113' title='bbox 1842 1426 1902 1462; x_wconf 88' lang='grc' dir='ltr'><strong>σε</strong></span> 
     </span>
    </p>
   </div>
   <div class='ocr_carea' id='block_1_17' title="bbox 310 1498 1903 1571">
    <p class='ocr_par' dir='ltr' id='par_1_17' title="bbox 310 1498 1903 1571">
     <span class='ocr_line' id='line_1_17' title="bbox 310 1498 1903 1571; baseline -0.004 -14"><span class='ocrx_word' id='word_1_114' title='bbox 310 1506 393 1567; x_wconf 88' lang='grc' dir='ltr'><strong>είς</strong></span> <span class='ocrx_word' id='word_1_115' title='bbox 423 1503 690 1571; x_wconf 80' lang='grc' dir='ltr'><strong>διαθήκην</strong></span> <span class='ocrx_word' id='word_1_116' title='bbox 722 1500 933 1569; x_wconf 81' lang='grc' dir='ltr'><strong>γένους,</strong></span> <span class='ocrx_word' id='word_1_117' title='bbox 965 1501 1044 1563; x_wconf 76' lang='grc' dir='ltr'><strong>εἰς</strong></span> <span class='ocrx_word' id='word_1_118' title='bbox 1088 1498 1203 1567; x_wconf 84' lang='grc' dir='ltr'><strong>φῶς</strong></span> <span class='ocrx_word' id='word_1_119' title='bbox 1232 1498 1421 1565; x_wconf 82' lang='grc' dir='ltr'><strong>ὲθνῶν,</strong></span> <span class='ocrx_word' id='word_1_120' title='bbox 1456 1498 1663 1564; x_wconf 78' lang='grc' dir='ltr'><strong>ἀνοῖξαι</strong></span> <span class='ocrx_word' id='word_1_121' title='bbox 1702 1498 1903 1568; x_wconf 84' lang='grc' dir='ltr'><strong>ὀφθαλ-</strong></span> 
     </span>
    </p>
   </div>
   <div class='ocr_carea' id='block_1_18' title="bbox 317 1589 1898 1668">
    <p class='ocr_par' dir='ltr' id='par_1_18' title="bbox 317 1589 1898 1668">
     <span class='ocr_line' id='line_1_18' title="bbox 317 1589 1898 1668; baseline -0.003 -19"><span class='ocrx_word' id='word_1_122' title='bbox 317 1596 454 1668; x_wconf 75' lang='grc' dir='ltr'><strong>μοὺς</strong></span> <span class='ocrx_word' id='word_1_123' title='bbox 485 1592 726 1664; x_wconf 80' lang='grc' dir='ltr'><strong>τυφλῶν,</strong></span> <span class='ocrx_word' id='word_1_124' title='bbox 763 1592 856 1646; x_wconf 80' lang='grc' dir='ltr'><strong>καὶ</strong></span> <span class='ocrx_word' id='word_1_125' title='bbox 896 1591 1184 1660; x_wconf 77' lang='grc' dir='ltr'>ἐξαγαγεῖν</span> <span class='ocrx_word' id='word_1_126' title='bbox 1236 1591 1303 1644; x_wconf 84' lang='grc' dir='ltr'><strong>ὲκ</strong></span> <span class='ocrx_word' id='word_1_127' title='bbox 1345 1589 1558 1662; x_wconf 85' lang='grc' dir='ltr'><strong>δεσμῶν</strong></span> <span class='ocrx_word' id='word_1_128' title='bbox 1590 1590 1898 1662; x_wconf 82' lang='grc' dir='ltr'><strong>πεπεδημέ-</strong></span> 
     </span>
    </p>
   </div>
   <div class='ocr_carea' id='block_1_19' title="bbox 311 1683 1899 1757">
    <p class='ocr_par' dir='ltr' id='par_1_19' title="bbox 311 1683 1899 1757">
     <span class='ocr_line' id='line_1_19' title="bbox 311 1683 1899 1757; baseline -0.003 -15"><span class='ocrx_word' id='word_1_129' title='bbox 311 1705 436 1751; x_wconf 84' lang='grc' dir='ltr'><strong>νους</strong></span> <span class='ocrx_word' id='word_1_130' title='bbox 469 1686 613 1757; x_wconf 80' lang='grc'>(59),</span> <span class='ocrx_word' id='word_1_131' title='bbox 642 1686 739 1740; x_wconf 73' lang='grc' dir='ltr'><strong>καὶ</strong></span> <span class='ocrx_word' id='word_1_132' title='bbox 771 1684 831 1750; x_wconf 79' lang='grc' dir='ltr'><strong>ἐξ</strong></span> <span class='ocrx_word' id='word_1_133' title='bbox 861 1686 1010 1739; x_wconf 73' lang='grc' dir='ltr'><strong>οἴκου</strong></span> <span class='ocrx_word' id='word_1_134' title='bbox 1046 1684 1295 1755; x_wconf 82' lang='grc' dir='ltr'><strong>φυλακῆς</strong></span> <span class='ocrx_word' id='word_1_135' title='bbox 1321 1683 1663 1754; x_wconf 86' lang='grc' dir='ltr'><strong>καθημένους</strong></span> <span class='ocrx_word' id='word_1_136' title='bbox 1695 1684 1806 1754; x_wconf 76' lang='grc'>(40)</span> <span class='ocrx_word' id='word_1_137' title='bbox 1841 1686 1899 1739; x_wconf 78' lang='grc' dir='ltr'><strong>ἐν</strong></span> 
     </span>
    </p>
   </div>
   <div class='ocr_carea' id='block_1_20' title="bbox 313 1756 1970 1844">
    <p class='ocr_par' dir='ltr' id='par_1_20' title="bbox 313 1756 1970 1844">
     <span class='ocr_line' id='line_1_20' title="bbox 313 1756 1970 1844; baseline -0.004 -11"><span class='ocrx_word' id='word_1_138' title='bbox 313 1756 519 1833; x_wconf 83' lang='grc' dir='ltr'><strong>σκότει.</strong></span> <span class='ocrx_word' id='word_1_139' title='bbox 554 1796 572 1828; x_wconf 79' lang='grc'>›</span> <span class='ocrx_word' id='word_1_140' title='bbox 606 1777 718 1830; x_wconf 75' lang='lat' dir='ltr'><strong>Kal.</strong></span> <span class='ocrx_word' id='word_1_141' title='bbox 743 1776 903 1829; x_wconf 76' lang='grc' dir='ltr'><strong>πάλιν</strong></span> <span class='ocrx_word' id='word_1_142' title='bbox 923 1778 949 1828; x_wconf 91' lang='lat'><strong>6</strong></span> <span class='ocrx_word' id='word_1_143' title='bbox 973 1774 1133 1838; x_wconf 80' lang='grc' dir='ltr'><strong>αὐτὸς</strong></span> <span class='ocrx_word' id='word_1_144' title='bbox 1169 1774 1417 1839; x_wconf 79' lang='grc' dir='ltr'><strong>Ἡσαΐας,</strong></span> <span class='ocrx_word' id='word_1_145' title='bbox 1447 1774 1557 1844; x_wconf 72' lang='grc'>(41)</span> <span class='ocrx_word' id='word_1_146' title='bbox 1585 1793 1602 1826; x_wconf 77' lang='grc' dir='ltr'><strong>ι</strong></span> <span class='ocrx_word' id='word_1_147' title='bbox 1628 1775 1738 1827; x_wconf 76' lang='grc' dir='ltr'><strong>Καὶ</strong></span> <span class='ocrx_word' id='word_1_148' title='bbox 1771 1768 1893 1827; x_wconf 77' lang='grc' dir='ltr'><strong>εἶπέ</strong></span> <span class='ocrx_word' id='word_1_149' title='bbox 1927 1756 1970 1817; x_wconf 71' lang='grc' dir='ltr'><strong>Β</strong></span> 
     </span>
    </p>
   </div>
   <div class='ocr_carea' id='block_1_21' title="bbox 316 1864 1893 1943">
    <p class='ocr_par' dir='ltr' id='par_1_21' title="bbox 316 1864 1893 1943">
     <span class='ocr_line' id='line_1_21' title="bbox 316 1864 1893 1943; baseline -0.004 -19"><span class='ocrx_word' id='word_1_150' title='bbox 316 1888 429 1943; x_wconf 85' lang='grc' dir='ltr'><strong>μοι,</strong></span> <span class='ocrx_word' id='word_1_151' title='bbox 447 1870 607 1937; x_wconf 80' lang='grc' dir='ltr'><strong>Μέγα</strong></span> <span class='ocrx_word' id='word_1_152' title='bbox 632 1886 714 1921; x_wconf 92' lang='grc' dir='ltr'><strong>σοι</strong></span> <span class='ocrx_word' id='word_1_153' title='bbox 742 1866 920 1932; x_wconf 81' lang='grc' dir='ltr'><strong>τοῦτο,</strong></span> <span class='ocrx_word' id='word_1_154' title='bbox 943 1865 1208 1938; x_wconf 80' lang='grc' dir='ltr'><strong>κληθῆναι</strong></span> <span class='ocrx_word' id='word_1_155' title='bbox 1231 1864 1397 1918; x_wconf 84' lang='grc' dir='ltr'><strong>παῖδά</strong></span> <span class='ocrx_word' id='word_1_156' title='bbox 1425 1882 1548 1935; x_wconf 86' lang='grc' dir='ltr'><strong>μου,</strong></span> <span class='ocrx_word' id='word_1_157' title='bbox 1580 1866 1673 1919; x_wconf 75' lang='grc' dir='ltr'><strong>καὶ</strong></span> <span class='ocrx_word' id='word_1_158' title='bbox 1700 1866 1893 1935; x_wconf 85' lang='grc' dir='ltr'><strong>στῆσαι</strong></span> 
     </span>
    </p>
   </div>
   <div class='ocr_carea' id='block_1_22' title="bbox 2004 491 3595 562">
    <p class='ocr_par' dir='ltr' id='par_1_22' title="bbox 2004 491 3595 562">
     <span class='ocr_line' id='line_1_22' title="bbox 2004 491 3595 562; baseline 0.004 -15"><span class='ocrx_word' id='word_1_159' title='bbox 2004 493 2217 548; x_wconf 82' lang='lat' dir='ltr'><strong>ferreos</strong></span> <span class='ocrx_word' id='word_1_160' title='bbox 2258 492 2623 562; x_wconf 80' lang='lat' dir='ltr'><strong>eonfringam.</strong></span> <span class='ocrx_word' id='word_1_161' title='bbox 2659 491 2722 546; x_wconf 92' lang='lat' dir='ltr'><strong>Et</strong></span> <span class='ocrx_word' id='word_1_162' title='bbox 2765 491 2909 548; x_wconf 84' lang='lat' dir='ltr'><strong>dabo</strong></span> <span class='ocrx_word' id='word_1_163' title='bbox 2960 494 3059 548; x_wconf 93' lang='lat' dir='ltr'><strong>tibi</strong></span> <span class='ocrx_word' id='word_1_164' title='bbox 3108 493 3402 551; x_wconf 76' lang='lat' dir='ltr'><strong>thesauros</strong></span> <span class='ocrx_word' id='word_1_165' title='bbox 3436 504 3595 553; x_wconf 85' lang='lat' dir='ltr'><strong>tene-</strong></span> 
     </span>
    </p>
   </div>
   <div class='ocr_carea' id='block_1_23' title="bbox 2005 584 3590 658">
    <p class='ocr_par' dir='ltr' id='par_1_23' title="bbox 2005 584 3590 658">
     <span class='ocr_line' id='line_1_23' title="bbox 2005 584 3590 658; baseline 0.003 -17"><span class='ocrx_word' id='word_1_166' title='bbox 2005 585 2202 641; x_wconf 88' lang='lat' dir='ltr'><strong>brosos</strong></span> <span class='ocrx_word' id='word_1_167' title='bbox 2227 585 2339 639; x_wconf 72' lang='grc'><strong>⁸⁵.»</strong></span> <span class='ocrx_word' id='word_1_168' title='bbox 2375 584 2659 652; x_wconf 85' lang='lat' dir='ltr'><strong>Quomodo</strong></span> <span class='ocrx_word' id='word_1_169' title='bbox 2701 585 2869 656; x_wconf 90' lang='lat' dir='ltr'><strong>igitur</strong></span> <span class='ocrx_word' id='word_1_170' title='bbox 2916 586 3032 642; x_wconf 83' lang='lat' dir='ltr'><strong>haec</strong></span> <span class='ocrx_word' id='word_1_171' title='bbox 3070 585 3213 658; x_wconf 90' lang='lat' dir='ltr'><strong>Cyro</strong></span> <span class='ocrx_word' id='word_1_172' title='bbox 3242 589 3590 654; x_wconf 79' lang='lat' dir='ltr'><strong>convenient,</strong></span> 
     </span>
    </p>
   </div>
   <div class='ocr_carea' id='block_1_24' title="bbox 2004 677 3592 749">
    <p class='ocr_par' dir='ltr' id='par_1_24' title="bbox 2004 677 3592 749">
     <span class='ocr_line' id='line_1_24' title="bbox 2004 677 3592 749; baseline 0.003 -17"><span class='ocrx_word' id='word_1_173' title='bbox 2004 679 2097 749; x_wconf 85' lang='lat' dir='ltr'><strong>qui</strong></span> <span class='ocrx_word' id='word_1_174' title='bbox 2133 679 2296 749; x_wconf 88' lang='lat' dir='ltr'><strong>paulo</strong></span> <span class='ocrx_word' id='word_1_175' title='bbox 2327 677 2609 749; x_wconf 86' lang='lat' dir='ltr'><strong>postapud</strong></span> <span class='ocrx_word' id='word_1_176' title='bbox 2637 677 2976 748; x_wconf 75' lang='lat' dir='ltr'><strong>Massagetas</strong></span> <span class='ocrx_word' id='word_1_177' title='bbox 3002 679 3235 749; x_wconf 86' lang='lat' dir='ltr'><strong>turpiter</strong></span> <span class='ocrx_word' id='word_1_178' title='bbox 3267 680 3592 737; x_wconf 81' lang='lat' dir='ltr'><strong>interfectus</strong></span> 
     </span>
    </p>
   </div>
   <div class='ocr_carea' id='block_1_25' title="bbox 2003 754 3592 837">
    <p class='ocr_par' dir='ltr' id='par_1_25' title="bbox 2003 754 3592 837">
     <span class='ocr_line' id='line_1_25' title="bbox 2003 754 3592 837; baseline 0.001 -13"><span class='ocrx_word' id='word_1_179' title='bbox 2003 777 2111 833; x_wconf 88' lang='lat' dir='ltr'><strong>est,</strong></span> <span class='ocrx_word' id='word_1_180' title='bbox 2165 775 2222 824; x_wconf 89' lang='lat' dir='ltr'><strong>et</strong></span> <span class='ocrx_word' id='word_1_181' title='bbox 2256 783 2323 823; x_wconf 79' lang='lat' dir='ltr'><strong>ex</strong></span> <span class='ocrx_word' id='word_1_182' title='bbox 2358 754 2483 837; x_wconf 87' lang='lat' dir='ltr'><strong>ejus</strong></span> <span class='ocrx_word' id='word_1_183' title='bbox 2513 767 2757 824; x_wconf 88' lang='lat' dir='ltr'><strong>detracta</strong></span> <span class='ocrx_word' id='word_1_184' title='bbox 2808 769 2948 837; x_wconf 85' lang='lat' dir='ltr'><strong>pelle</strong></span> <span class='ocrx_word' id='word_1_185' title='bbox 2992 778 3113 823; x_wconf 89' lang='lat' dir='ltr'><strong>uter</strong></span> <span class='ocrx_word' id='word_1_186' title='bbox 3159 768 3489 828; x_wconf 83' lang='lat' dir='ltr'><strong>confectus?</strong></span> <span class='ocrx_word' id='word_1_187' title='bbox 3522 772 3592 826; x_wconf 89' lang='lat' dir='ltr'><strong>Et</strong></span> 
     </span>
    </p>
   </div>
   <div class='ocr_carea' id='block_1_26' title="bbox 2002 860 3590 932">
    <p class='ocr_par' dir='ltr' id='par_1_26' title="bbox 2002 860 3590 932">
     <span class='ocr_line' id='line_1_26' title="bbox 2002 860 3590 932; baseline 0.001 -17"><span class='ocrx_word' id='word_1_188' title='bbox 2002 860 2172 932; x_wconf 89' lang='lat' dir='ltr'><strong>paulo</strong></span> <span class='ocrx_word' id='word_1_189' title='bbox 2194 870 2316 931; x_wconf 90' lang='lat' dir='ltr'><strong>post</strong></span> <span class='ocrx_word' id='word_1_190' title='bbox 2342 860 2484 915; x_wconf 89' lang='lat' dir='ltr'><strong>idem</strong></span> <span class='ocrx_word' id='word_1_191' title='bbox 2512 860 2774 931; x_wconf 76' lang='lat' dir='ltr'><strong>propheta</strong></span> <span class='ocrx_word' id='word_1_192' title='bbox 2798 861 3087 915; x_wconf 88' lang='lat' dir='ltr'><strong>verborum</strong></span> <span class='ocrx_word' id='word_1_193' title='bbox 3116 876 3342 916; x_wconf 86' lang='lat' dir='ltr'><strong>suorum</strong></span> <span class='ocrx_word' id='word_1_194' title='bbox 3367 878 3590 919; x_wconf 85' lang='lat' dir='ltr'><strong>sensum</strong></span> 
     </span>
    </p>
   </div>
   <div class='ocr_carea' id='block_1_27' title="bbox 2003 952 3590 1025">
    <p class='ocr_par' dir='ltr' id='par_1_27' title="bbox 2003 952 3590 1025">
     <span class='ocr_line' id='line_1_27' title="bbox 2003 952 3590 1025; baseline 0.001 -15"><span class='ocrx_word' id='word_1_195' title='bbox 2003 954 2263 1025; x_wconf 82' lang='lat' dir='ltr'><strong>explicat,</strong></span> <span class='ocrx_word' id='word_1_196' title='bbox 2317 953 2507 1009; x_wconf 89' lang='lat' dir='ltr'><strong>dicens</strong></span> <span class='ocrx_word' id='word_1_197' title='bbox 2560 970 2621 1009; x_wconf 79' lang='lat' dir='ltr'><strong>ex</strong></span> <span class='ocrx_word' id='word_1_198' title='bbox 2663 968 2897 1024; x_wconf 84' lang='lat' dir='ltr'><strong>persona</strong></span> <span class='ocrx_word' id='word_1_199' title='bbox 2950 952 3069 1018; x_wconf 89' lang='lat' dir='ltr'><strong>Dei,</strong></span> <span class='ocrx_word' id='word_1_200' title='bbox 3124 952 3280 1024; x_wconf 71' lang='lat' dir='ltr'><strong>«Ego</strong></span> <span class='ocrx_word' id='word_1_201' title='bbox 3327 954 3590 1012; x_wconf 87' lang='lat' dir='ltr'><strong>Dominus</strong></span> 
     </span>
    </p>
   </div>
   <div class='ocr_carea' id='block_1_28' title="bbox 2003 1045 3592 1117">
    <p class='ocr_par' dir='ltr' id='par_1_28' title="bbox 2003 1045 3592 1117">
     <span class='ocr_line' id='line_1_28' title="bbox 2003 1045 3592 1117; baseline 0 -15"><span class='ocrx_word' id='word_1_202' title='bbox 2003 1046 2170 1115; x_wconf 86' lang='lat' dir='ltr'><strong>Deus,</strong></span> <span class='ocrx_word' id='word_1_203' title='bbox 2220 1045 2312 1117; x_wconf 87' lang='lat' dir='ltr'><strong>qui</strong></span> <span class='ocrx_word' id='word_1_204' title='bbox 2357 1045 2548 1100; x_wconf 87' lang='lat' dir='ltr'><strong>vocavi</strong></span> <span class='ocrx_word' id='word_1_205' title='bbox 2600 1054 2653 1100; x_wconf 90' lang='lat' dir='ltr'><strong>te</strong></span> <span class='ocrx_word' id='word_1_206' title='bbox 2702 1046 2754 1098; x_wconf 91' lang='lat' dir='ltr'><strong>in</strong></span> <span class='ocrx_word' id='word_1_207' title='bbox 2799 1045 3051 1114; x_wconf 86' lang='lat' dir='ltr'><strong>justitia;</strong></span> <span class='ocrx_word' id='word_1_208' title='bbox 3108 1047 3258 1101; x_wconf 84' lang='lat' dir='ltr'><strong>tenui</strong></span> <span class='ocrx_word' id='word_1_209' title='bbox 3311 1048 3592 1102; x_wconf 76' lang='lat' dir='ltr'><strong>dexteram</strong></span> 
     </span>
    </p>
   </div>
   <div class='ocr_carea' id='block_1_29' title="bbox 2004 1136 3587 1201">
    <p class='ocr_par' dir='ltr' id='par_1_29' title="bbox 2004 1136 3587 1201">
     <span class='ocr_line' id='line_1_29' title="bbox 2004 1136 3587 1201; baseline -0.003 -7"><span class='ocrx_word' id='word_1_210' title='bbox 2004 1148 2177 1201; x_wconf 90' lang='lat' dir='ltr'><strong>tuam,</strong></span> <span class='ocrx_word' id='word_1_211' title='bbox 2209 1148 2264 1192; x_wconf 89' lang='lat' dir='ltr'><strong>et</strong></span> <span class='ocrx_word' id='word_1_212' title='bbox 2302 1137 2627 1191; x_wconf 83' lang='lat' dir='ltr'><strong>confertabo</strong></span> <span class='ocrx_word' id='word_1_213' title='bbox 2657 1144 2733 1200; x_wconf 92' lang='lat' dir='ltr'><strong>te,</strong></span> <span class='ocrx_word' id='word_1_214' title='bbox 2769 1146 2821 1190; x_wconf 92' lang='lat' dir='ltr'><strong>et</strong></span> <span class='ocrx_word' id='word_1_215' title='bbox 2859 1136 3000 1190; x_wconf 86' lang='lat' dir='ltr'><strong>dabo</strong></span> <span class='ocrx_word' id='word_1_216' title='bbox 3031 1146 3081 1190; x_wconf 90' lang='lat' dir='ltr'><strong>te</strong></span> <span class='ocrx_word' id='word_1_217' title='bbox 3110 1137 3163 1191; x_wconf 92' lang='lat' dir='ltr'><strong>in</strong></span> <span class='ocrx_word' id='word_1_218' title='bbox 3194 1145 3587 1192; x_wconf 86' lang='lat' dir='ltr'><strong>testamentum</strong></span> 
     </span>
    </p>
   </div>
   <div class='ocr_carea' id='block_1_30' title="bbox 2001 1226 3590 1302">
    <p class='ocr_par' dir='ltr' id='par_1_30' title="bbox 2001 1226 3590 1302">
     <span class='ocr_line' id='line_1_30' title="bbox 2001 1226 3590 1302; baseline 0.001 -21"><span class='ocrx_word' id='word_1_219' title='bbox 2001 1231 2246 1302; x_wconf 81' lang='lat' dir='ltr'><strong>generis,</strong></span> <span class='ocrx_word' id='word_1_220' title='bbox 2292 1229 2347 1283; x_wconf 92' lang='lat' dir='ltr'><strong>in</strong></span> <span class='ocrx_word' id='word_1_221' title='bbox 2392 1228 2568 1283; x_wconf 85' lang='lat' dir='ltr'><strong>lucem</strong></span> <span class='ocrx_word' id='word_1_222' title='bbox 2603 1230 2868 1297; x_wconf 83' lang='lat' dir='ltr'><strong>gentium,</strong></span> <span class='ocrx_word' id='word_1_223' title='bbox 2897 1226 2964 1281; x_wconf 92' lang='lat' dir='ltr'><strong>ad</strong></span> <span class='ocrx_word' id='word_1_224' title='bbox 3005 1228 3359 1296; x_wconf 88' lang='lat' dir='ltr'><strong>aperiendum</strong></span> <span class='ocrx_word' id='word_1_225' title='bbox 3397 1229 3590 1283; x_wconf 88' lang='lat' dir='ltr'><strong>oculos</strong></span> 
     </span>
    </p>
   </div>
   <div class='ocr_carea' id='block_1_31' title="bbox 2003 1318 3590 1383">
    <p class='ocr_par' dir='ltr' id='par_1_31' title="bbox 2003 1318 3590 1383">
     <span class='ocr_line' id='line_1_31' title="bbox 2003 1318 3590 1383; baseline -0.003 -6"><span class='ocrx_word' id='word_1_226' title='bbox 2003 1336 2299 1383; x_wconf 63' lang='lat' dir='ltr'><strong>caecorum,</strong></span> <span class='ocrx_word' id='word_1_227' title='bbox 2330 1319 2399 1375; x_wconf 86' lang='lat' dir='ltr'><strong>ad</strong></span> <span class='ocrx_word' id='word_1_228' title='bbox 2436 1319 2774 1375; x_wconf 89' lang='lat' dir='ltr'><strong>educendum</strong></span> <span class='ocrx_word' id='word_1_229' title='bbox 2802 1319 2870 1374; x_wconf 93' lang='lat' dir='ltr'><strong>de</strong></span> <span class='ocrx_word' id='word_1_230' title='bbox 2906 1318 3144 1374; x_wconf 85' lang='lat' dir='ltr'><strong>vinculis</strong></span> <span class='ocrx_word' id='word_1_231' title='bbox 3172 1319 3405 1383; x_wconf 85' lang='lat' dir='ltr'><strong>vinctos,</strong></span> <span class='ocrx_word' id='word_1_232' title='bbox 3441 1326 3495 1374; x_wconf 94' lang='lat' dir='ltr'><strong>et</strong></span> <span class='ocrx_word' id='word_1_233' title='bbox 3522 1319 3590 1373; x_wconf 92' lang='lat' dir='ltr'><strong>de</strong></span> 
     </span>
    </p>
   </div>
   <div class='ocr_carea' id='block_1_32' title="bbox 2001 1410 3589 1471">
    <p class='ocr_par' dir='ltr' id='par_1_32' title="bbox 2001 1410 3589 1471">
     <span class='ocr_line' id='line_1_32' title="bbox 2001 1410 3589 1471; baseline 0.001 -3"><span class='ocrx_word' id='word_1_234' title='bbox 2001 1413 2164 1468; x_wconf 91' lang='lat' dir='ltr'><strong>domo</strong></span> <span class='ocrx_word' id='word_1_235' title='bbox 2205 1412 2448 1467; x_wconf 90' lang='lat' dir='ltr'><strong>carceris</strong></span> <span class='ocrx_word' id='word_1_236' title='bbox 2490 1410 2746 1466; x_wconf 85' lang='lat' dir='ltr'><strong>sedentes</strong></span> <span class='ocrx_word' id='word_1_237' title='bbox 2777 1410 2831 1464; x_wconf 92' lang='lat' dir='ltr'><strong>in</strong></span> <span class='ocrx_word' id='word_1_238' title='bbox 2878 1411 3122 1466; x_wconf 82' lang='lat' dir='ltr'><strong>tenebris</strong></span> <span class='ocrx_word' id='word_1_239' title='bbox 3144 1411 3213 1465; x_wconf 82' lang='lat'><strong>&quot;.</strong></span> <span class='ocrx_word' id='word_1_240' title='bbox 3242 1431 3261 1463; x_wconf 77' lang='grc' dir='ltr'><strong>ι</strong></span> <span class='ocrx_word' id='word_1_241' title='bbox 3294 1411 3363 1466; x_wconf 86' lang='grc' dir='ltr'><strong>Ει</strong></span> <span class='ocrx_word' id='word_1_242' title='bbox 3396 1428 3589 1471; x_wconf 86' lang='lat' dir='ltr'><strong>rursus</strong></span> 
     </span>
    </p>
   </div>
   <div class='ocr_carea' id='block_1_33' title="bbox 2002 1502 3590 1574">
    <p class='ocr_par' dir='ltr' id='par_1_33' title="bbox 2002 1502 3590 1574">
     <span class='ocr_line' id='line_1_33' title="bbox 2002 1502 3590 1574; baseline -0.002 -12"><span class='ocrx_word' id='word_1_243' title='bbox 2002 1507 2144 1562; x_wconf 91' lang='lat' dir='ltr'><strong>idem</strong></span> <span class='ocrx_word' id='word_1_244' title='bbox 2171 1505 2363 1569; x_wconf 87' lang='lat' dir='ltr'><strong>Isaias,</strong></span> <span class='ocrx_word' id='word_1_245' title='bbox 2400 1503 2505 1559; x_wconf 72' lang='lat' dir='ltr'><strong>«Et</strong></span> <span class='ocrx_word' id='word_1_246' title='bbox 2533 1502 2673 1557; x_wconf 84' lang='lat' dir='ltr'><strong>dixit</strong></span> <span class='ocrx_word' id='word_1_247' title='bbox 2703 1505 2837 1558; x_wconf 92' lang='lat' dir='ltr'><strong>mihi</strong></span> <span class='ocrx_word' id='word_1_248' title='bbox 2865 1522 2878 1558; x_wconf 89' lang='lat'><strong>:</strong></span> <span class='ocrx_word' id='word_1_249' title='bbox 2911 1503 3165 1574; x_wconf 78' lang='lat' dir='ltr'><strong>Magnum</strong></span> <span class='ocrx_word' id='word_1_250' title='bbox 3199 1504 3299 1558; x_wconf 88' lang='lat' dir='ltr'><strong>tibi</strong></span> <span class='ocrx_word' id='word_1_251' title='bbox 3333 1504 3459 1568; x_wconf 90' lang='lat' dir='ltr'><strong>hoc,</strong></span> <span class='ocrx_word' id='word_1_252' title='bbox 3490 1519 3590 1559; x_wconf 89' lang='lat' dir='ltr'><strong>vo-</strong></span> 
     </span>
    </p>
   </div>
   <div class='ocr_carea' id='block_1_34' title="bbox 2015 1591 3589 1664">
    <p class='ocr_par' dir='ltr' id='par_1_34' title="bbox 2015 1591 3589 1664">
     <span class='ocr_line' id='line_1_34' title="bbox 2015 1591 3589 1664; baseline -0.001 -15"><span class='ocrx_word' id='word_1_253' title='bbox 2015 1596 2129 1650; x_wconf 87' lang='lat' dir='ltr'><strong>cari</strong></span> <span class='ocrx_word' id='word_1_254' title='bbox 2179 1609 2316 1664; x_wconf 90' lang='lat' dir='ltr'><strong>puer</strong></span> <span class='ocrx_word' id='word_1_255' title='bbox 2344 1609 2520 1658; x_wconf 88' lang='lat' dir='ltr'><strong>meus,</strong></span> <span class='ocrx_word' id='word_1_256' title='bbox 2553 1603 2608 1649; x_wconf 93' lang='lat' dir='ltr'><strong>et</strong></span> <span class='ocrx_word' id='word_1_257' title='bbox 2637 1594 2909 1649; x_wconf 90' lang='lat' dir='ltr'><strong>suscitare</strong></span> <span class='ocrx_word' id='word_1_258' title='bbox 2938 1594 3117 1648; x_wconf 89' lang='lat' dir='ltr'><strong>tribus</strong></span> <span class='ocrx_word' id='word_1_259' title='bbox 3147 1591 3340 1656; x_wconf 80' lang='lat' dir='ltr'><strong>Jacob,</strong></span> <span class='ocrx_word' id='word_1_260' title='bbox 3389 1606 3443 1649; x_wconf 93' lang='lat' dir='ltr'><strong>et</strong></span> <span class='ocrx_word' id='word_1_261' title='bbox 3477 1593 3589 1648; x_wconf 87' lang='lat' dir='ltr'><strong>dis-</strong></span> 
     </span>
    </p>
   </div>
   <div class='ocr_carea' id='block_1_35' title="bbox 2002 1682 3588 1756">
    <p class='ocr_par' dir='ltr' id='par_1_35' title="bbox 2002 1682 3588 1756">
     <span class='ocr_line' id='line_1_35' title="bbox 2002 1682 3588 1756; baseline -0.003 -15"><span class='ocrx_word' id='word_1_262' title='bbox 2002 1687 2313 1756; x_wconf 87' lang='lat' dir='ltr'><strong>persionem</strong></span> <span class='ocrx_word' id='word_1_263' title='bbox 2349 1685 2516 1740; x_wconf 90' lang='lat' dir='ltr'><strong>Israel</strong></span> <span class='ocrx_word' id='word_1_264' title='bbox 2568 1691 2911 1739; x_wconf 71' lang='lat' dir='ltr'><strong>convertere.</strong></span> <span class='ocrx_word' id='word_1_265' title='bbox 2957 1682 3019 1738; x_wconf 90' lang='lat' dir='ltr'><strong>Et</strong></span> <span class='ocrx_word' id='word_1_266' title='bbox 3052 1683 3208 1754; x_wconf 88' lang='lat' dir='ltr'><strong>posui</strong></span> <span class='ocrx_word' id='word_1_267' title='bbox 3239 1693 3291 1739; x_wconf 91' lang='lat' dir='ltr'><strong>te</strong></span> <span class='ocrx_word' id='word_1_268' title='bbox 3334 1683 3389 1737; x_wconf 91' lang='lat' dir='ltr'><strong>in</strong></span> <span class='ocrx_word' id='word_1_269' title='bbox 3423 1689 3588 1738; x_wconf 88' lang='lat' dir='ltr'><strong>testa-</strong></span> 
     </span>
    </p>
   </div>
   <div class='ocr_carea' id='block_1_36' title="bbox 2002 1775 3586 1848">
    <p class='ocr_par' dir='ltr' id='par_1_36' title="bbox 2002 1775 3586 1848">
     <span class='ocr_line' id='line_1_36' title="bbox 2002 1775 3586 1848; baseline -0.003 -15"><span class='ocrx_word' id='word_1_270' title='bbox 2002 1788 2244 1833; x_wconf 88' lang='lat' dir='ltr'><strong>mentum</strong></span> <span class='ocrx_word' id='word_1_271' title='bbox 2273 1777 2508 1848; x_wconf 76' lang='lat' dir='ltr'><strong>generis,</strong></span> <span class='ocrx_word' id='word_1_272' title='bbox 2531 1777 2584 1831; x_wconf 90' lang='lat' dir='ltr'><strong>in</strong></span> <span class='ocrx_word' id='word_1_273' title='bbox 2610 1777 2783 1832; x_wconf 82' lang='lat' dir='ltr'><strong>lucem</strong></span> <span class='ocrx_word' id='word_1_274' title='bbox 2808 1778 3071 1846; x_wconf 90' lang='lat' dir='ltr'><strong>gentium,</strong></span> <span class='ocrx_word' id='word_1_275' title='bbox 3096 1782 3154 1831; x_wconf 88' lang='lat' dir='ltr'><strong>ut</strong></span> <span class='ocrx_word' id='word_1_276' title='bbox 3174 1775 3251 1832; x_wconf 90' lang='lat' dir='ltr'><strong>sis</strong></span> <span class='ocrx_word' id='word_1_277' title='bbox 3272 1777 3326 1830; x_wconf 91' lang='lat' dir='ltr'><strong>in</strong></span> <span class='ocrx_word' id='word_1_278' title='bbox 3355 1776 3586 1832; x_wconf 80' lang='lat' dir='ltr'><strong>salutem</strong></span> 
     </span>
    </p>
   </div>
   <div class='ocr_carea' id='block_1_37' title="bbox 2003 1867 2930 1938">
    <p class='ocr_par' dir='ltr' id='par_1_37' title="bbox 2003 1867 2930 1938">
     <span class='ocr_line' id='line_1_37' title="bbox 2003 1867 2930 1938; baseline -0.004 -16"><span class='ocrx_word' id='word_1_279' title='bbox 2003 1884 2176 1938; x_wconf 86' lang='lat' dir='ltr'><strong>usque</strong></span> <span class='ocrx_word' id='word_1_280' title='bbox 2207 1869 2273 1922; x_wconf 92' lang='lat' dir='ltr'><strong>ad</strong></span> <span class='ocrx_word' id='word_1_281' title='bbox 2304 1875 2610 1923; x_wconf 73' lang='lat' dir='ltr'><strong>extremum</strong></span> <span class='ocrx_word' id='word_1_282' title='bbox 2643 1875 2805 1922; x_wconf 68' lang='lat' dir='ltr'><strong>terra:</strong></span> <span class='ocrx_word' id='word_1_283' title='bbox 2826 1867 2930 1923; x_wconf 71' lang='lat' dir='ltr'><strong>&quot;.t</strong></span> 
     </span>
    </p>
   </div>
   <div class='ocr_carea' id='block_1_38' title="bbox 310 1958 3587 2035">
    <p class='ocr_par' dir='ltr' id='par_1_38' title="bbox 310 1958 3587 2035">
     <span class='ocr_line' id='line_1_38' title="bbox 310 1958 3587 2035; baseline -0.002 -15"><span class='ocrx_word' id='word_1_284' title='bbox 310 1967 411 2030; x_wconf 79' lang='grc' dir='ltr'><strong>τὰς</strong></span> <span class='ocrx_word' id='word_1_285' title='bbox 434 1964 610 2035; x_wconf 76' lang='grc' dir='ltr'><strong>φυλὰς</strong></span> <span class='ocrx_word' id='word_1_286' title='bbox 626 1962 719 2017; x_wconf 82' lang='grc' dir='ltr'><strong>τοῦ</strong></span> <span class='ocrx_word' id='word_1_287' title='bbox 763 1960 978 2027; x_wconf 78' lang='grc' dir='ltr'><strong>Ἰακὼϐ,</strong></span> <span class='ocrx_word' id='word_1_288' title='bbox 1000 1961 1094 2014; x_wconf 78' lang='grc' dir='ltr'><strong>καὶ</strong></span> <span class='ocrx_word' id='word_1_289' title='bbox 1117 1960 1215 2031; x_wconf 78' lang='grc' dir='ltr'><strong>τὴν</strong></span> <span class='ocrx_word' id='word_1_290' title='bbox 1230 1959 1528 2030; x_wconf 74' lang='grc' dir='ltr'><strong>διασπορὰν</strong></span> <span class='ocrx_word' id='word_1_291' title='bbox 1543 1958 1636 2013; x_wconf 82' lang='grc' dir='ltr'><strong>τοῦ</strong></span> <span class='ocrx_word' id='word_1_292' title='bbox 1677 1961 1892 2032; x_wconf 80' lang='grc' dir='ltr'><strong>Ἰσραὴλ</strong></span> <span class='ocrx_word' id='word_1_293' title='bbox 1930 1963 2160 2034; x_wconf 75' lang='grc' dir='ltr'><strong>στρέψαι</strong></span> <span class='ocrx_word' id='word_1_294' title='bbox 2178 1979 2192 1994; x_wconf 78' lang='grc' dir='ltr'><strong>ο</strong></span> <span class='ocrx_word' id='word_1_295' title='bbox 2221 1965 2316 2016; x_wconf 76' lang='grc' dir='ltr'><strong>καὶ</strong></span> <span class='ocrx_word' id='word_1_296' title='bbox 2337 1960 2556 2015; x_wconf 81' lang='grc' dir='ltr'><strong>τέθεικά</strong></span> <span class='ocrx_word' id='word_1_297' title='bbox 2589 1977 2648 2013; x_wconf 92' lang='grc' dir='ltr'><strong>σε</strong></span> <span class='ocrx_word' id='word_1_298' title='bbox 2673 1962 2751 2024; x_wconf 73' lang='grc' dir='ltr'><strong>εἰς</strong></span> <span class='ocrx_word' id='word_1_299' title='bbox 2770 1960 3035 2031; x_wconf 84' lang='grc' dir='ltr'><strong>διαθήκην</strong></span> <span class='ocrx_word' id='word_1_300' title='bbox 3057 1959 3268 2029; x_wconf 82' lang='grc' dir='ltr'><strong>γένους,</strong></span> <span class='ocrx_word' id='word_1_301' title='bbox 3328 1962 3409 2025; x_wconf 82' lang='grc' dir='ltr'><strong>είς</strong></span> <span class='ocrx_word' id='word_1_302' title='bbox 3470 1959 3587 2031; x_wconf 81' lang='grc' dir='ltr'><strong>φῶς</strong></span> 
     </span>
    </p>
   </div>
   <div class='ocr_carea' id='block_1_39' title="bbox 309 2055 2109 2130">
    <p class='ocr_par' dir='ltr' id='par_1_39' title="bbox 309 2055 2109 2130">
     <span class='ocr_line' id='line_1_39' title="bbox 309 2055 2109 2130; baseline 0.004 -14"><span class='ocrx_word' id='word_1_303' title='bbox 309 2063 505 2127; x_wconf 76' lang='grc' dir='ltr'><strong>ἐθνῶν,</strong></span> <span class='ocrx_word' id='word_1_304' title='bbox 536 2059 630 2115; x_wconf 76' lang='grc' dir='ltr'><strong>τοῦ</strong></span> <span class='ocrx_word' id='word_1_305' title='bbox 666 2055 805 2113; x_wconf 76' lang='grc' dir='ltr'><strong>εἷναί</strong></span> <span class='ocrx_word' id='word_1_306' title='bbox 837 2075 896 2111; x_wconf 91' lang='grc' dir='ltr'><strong>σε</strong></span> <span class='ocrx_word' id='word_1_307' title='bbox 942 2057 1022 2120; x_wconf 76' lang='grc' dir='ltr'><strong>εἰς</strong></span> <span class='ocrx_word' id='word_1_308' title='bbox 1058 2056 1330 2125; x_wconf 84' lang='grc' dir='ltr'><strong>σωτηρίαν</strong></span> <span class='ocrx_word' id='word_1_309' title='bbox 1383 2056 1488 2120; x_wconf 75' lang='grc' dir='ltr'><strong>ἕως</strong></span> <span class='ocrx_word' id='word_1_310' title='bbox 1529 2055 1756 2126; x_wconf 73' lang='grc' dir='ltr'><strong>ἐσχάτου</strong></span> <span class='ocrx_word' id='word_1_311' title='bbox 1799 2057 1899 2128; x_wconf 84' lang='grc' dir='ltr'><strong>τῆς</strong></span> <span class='ocrx_word' id='word_1_312' title='bbox 1935 2061 2059 2130; x_wconf 75' lang='grc' dir='ltr'><strong>γῆς.</strong></span> <span class='ocrx_word' id='word_1_313' title='bbox 2088 2076 2109 2112; x_wconf 73' lang='grc' dir='ltr'><strong><em>ι</em></strong></span> 
     </span>
    </p>
   </div>
   <div class='ocr_carea' id='block_1_40' title="bbox 266 2228 1901 2303">
    <p class='ocr_par' dir='ltr' id='par_1_40' title="bbox 266 2228 1901 2303">
     <span class='ocr_line' id='line_1_40' title="bbox 266 2228 1901 2303; baseline -0.008 -7"><span class='ocrx_word' id='word_1_314' title='bbox 266 2261 280 2272; x_wconf 73' lang='grc' dir='ltr'><strong>ο</strong></span> <span class='ocrx_word' id='word_1_315' title='bbox 308 2241 413 2296; x_wconf 89' lang='lat' dir='ltr'><strong>lZ&#39;.</strong></span> <span class='ocrx_word' id='word_1_316' title='bbox 442 2239 567 2292; x_wconf 85' lang='grc' dir='ltr'><strong>Ὀτι</strong></span> <span class='ocrx_word' id='word_1_317' title='bbox 594 2235 711 2303; x_wconf 78' lang='grc' dir='ltr'><strong>πρὸ</strong></span> <span class='ocrx_word' id='word_1_318' title='bbox 740 2230 847 2301; x_wconf 83' lang='grc' dir='ltr'><strong>τῆς</strong></span> <span class='ocrx_word' id='word_1_319' title='bbox 879 2231 984 2285; x_wconf 84' lang='grc' dir='ltr'><strong>τοῦ</strong></span> <span class='ocrx_word' id='word_1_320' title='bbox 1013 2231 1231 2303; x_wconf 80' lang='grc' dir='ltr'><strong>Κυρίου</strong></span> <span class='ocrx_word' id='word_1_321' title='bbox 1253 2229 1534 2303; x_wconf 74' lang='grc' dir='ltr'><strong>δεντέρας</strong></span> <span class='ocrx_word' id='word_1_322' title='bbox 1566 2228 1901 2299; x_wconf 78' lang='grc' dir='ltr'><strong>παρουσίας</strong></span> 
     </span>
    </p>
   </div>
   <div class='ocr_carea' id='block_1_41' title="bbox 812 2301 1401 2367">
    <p class='ocr_par' dir='ltr' id='par_1_41' title="bbox 812 2301 1401 2367">
     <span class='ocr_line' id='line_1_41' title="bbox 812 2301 1401 2367; baseline -0.007 -10"><span class='ocrx_word' id='word_1_323' title='bbox 812 2303 1125 2357; x_wconf 67' lang='grc' dir='ltr'><strong>ἐλεύσεται</strong></span> <span class='ocrx_word' id='word_1_324' title='bbox 1182 2301 1401 2367; x_wconf 76' lang='grc' dir='ltr'><strong>Ἠλίας.</strong></span> 
     </span>
    </p>
   </div>
   <div class='ocr_carea' id='block_1_42' title="bbox 378 2409 1903 2492">
    <p class='ocr_par' dir='ltr' id='par_1_42' title="bbox 378 2409 1903 2492">
     <span class='ocr_line' id='line_1_42' title="bbox 378 2409 1903 2492; baseline -0.008 -16"><span class='ocrx_word' id='word_1_325' title='bbox 378 2419 671 2492; x_wconf 78' lang='grc' dir='ltr'><strong>Μαλαχίας</strong></span> <span class='ocrx_word' id='word_1_326' title='bbox 721 2418 751 2470; x_wconf 90' lang='lat'><strong>6</strong></span> <span class='ocrx_word' id='word_1_327' title='bbox 795 2415 1079 2488; x_wconf 81' lang='grc' dir='ltr'><strong>προφήτης</strong></span> <span class='ocrx_word' id='word_1_328' title='bbox 1135 2412 1302 2482; x_wconf 85' lang='grc' dir='ltr'><strong>λέγει,</strong></span> <span class='ocrx_word' id='word_1_329' title='bbox 1341 2430 1359 2463; x_wconf 70' lang='grc' dir='ltr'><strong>ι</strong></span> <span class='ocrx_word' id='word_1_330' title='bbox 1415 2411 1543 2465; x_wconf 82' lang='grc' dir='ltr'><strong>Ἰδοὺ</strong></span> <span class='ocrx_word' id='word_1_331' title='bbox 1601 2409 1712 2479; x_wconf 73' lang='grc' dir='ltr'><strong>ἐγὼ</strong></span> <span class='ocrx_word' id='word_1_332' title='bbox 1764 2412 1903 2464; x_wconf 83' lang='grc' dir='ltr'><strong>ἁπο-</strong></span> 
     </span>
    </p>
   </div>
   <div class='ocr_carea' id='block_1_43' title="bbox 311 2503 1899 2580">
    <p class='ocr_par' dir='ltr' id='par_1_43' title="bbox 311 2503 1899 2580">
     <span class='ocr_line' id='line_1_43' title="bbox 311 2503 1899 2580; baseline -0.014 -10"><span class='ocrx_word' id='word_1_333' title='bbox 311 2514 519 2570; x_wconf 80' lang='grc' dir='ltr'><strong>στέλλω</strong></span> <span class='ocrx_word' id='word_1_334' title='bbox 562 2512 675 2580; x_wconf 68' lang='grc'>(4⁸2)</span> <span class='ocrx_word' id='word_1_335' title='bbox 724 2511 852 2579; x_wconf 83' lang='grc' dir='ltr'><strong>ὑμῖν</strong></span> <span class='ocrx_word' id='word_1_336' title='bbox 892 2507 1074 2561; x_wconf 83' lang='grc' dir='ltr'><strong>Ἠλίαν</strong></span> <span class='ocrx_word' id='word_1_337' title='bbox 1115 2506 1207 2559; x_wconf 83' lang='grc' dir='ltr'><strong>τὸν</strong></span> <span class='ocrx_word' id='word_1_338' title='bbox 1264 2503 1529 2573; x_wconf 78' lang='grc' dir='ltr'><strong>Θεσὸίτην</strong></span> <span class='ocrx_word' id='word_1_339' title='bbox 1590 2504 1722 2574; x_wconf 69' lang='grc'>(43),</span> <span class='ocrx_word' id='word_1_340' title='bbox 1773 2506 1899 2574; x_wconf 71' lang='grc' dir='ltr'><strong>πρὶν</strong></span> 
     </span>
    </p>
   </div>
   <div class='ocr_carea' id='block_1_44' title="bbox 307 2595 1897 2677">
    <p class='ocr_par' dir='ltr' id='par_1_44' title="bbox 307 2595 1897 2677">
     <span class='ocr_line' id='line_1_44' title="bbox 307 2595 1897 2677; baseline -0.009 -16"><span class='ocrx_word' id='word_1_341' title='bbox 307 2607 486 2661; x_wconf 74' lang='grc' dir='ltr'><strong>ἐλθεῖν</strong></span> <span class='ocrx_word' id='word_1_342' title='bbox 508 2606 610 2677; x_wconf 82' lang='grc' dir='ltr'><strong>τὴν</strong></span> <span class='ocrx_word' id='word_1_343' title='bbox 641 2603 854 2673; x_wconf 82' lang='grc' dir='ltr'><strong>ἡμέραν</strong></span> <span class='ocrx_word' id='word_1_344' title='bbox 890 2599 1093 2671; x_wconf 80' lang='grc' dir='ltr'><strong>Κυρίου</strong></span> <span class='ocrx_word' id='word_1_345' title='bbox 1122 2596 1217 2667; x_wconf 83' lang='grc' dir='ltr'><strong>τὴν</strong></span> <span class='ocrx_word' id='word_1_346' title='bbox 1252 2596 1495 2667; x_wconf 80' lang='grc' dir='ltr'><strong>μεγάλην</strong></span> <span class='ocrx_word' id='word_1_347' title='bbox 1522 2596 1614 2647; x_wconf 80' lang='grc' dir='ltr'><strong>καὶ</strong></span> <span class='ocrx_word' id='word_1_348' title='bbox 1637 2595 1897 2665; x_wconf 78' lang='grc' dir='ltr'><strong>ἐπιφανῆ,</strong></span> 
     </span>
    </p>
   </div>
   <div class='ocr_carea' id='block_1_45' title="bbox 308 2686 1898 2764">
    <p class='ocr_par' dir='ltr' id='par_1_45' title="bbox 308 2686 1898 2764">
     <span class='ocr_line' id='line_1_45' title="bbox 308 2686 1898 2764; baseline -0.009 -11"><span class='ocrx_word' id='word_1_349' title='bbox 308 2699 368 2764; x_wconf 78' lang='grc' dir='ltr'><strong>ὃς</strong></span> <span class='ocrx_word' id='word_1_350' title='bbox 416 2696 862 2764; x_wconf 85' lang='grc' dir='ltr'><strong>ἀποκαταστήσει</strong></span> <span class='ocrx_word' id='word_1_351' title='bbox 905 2691 1129 2762; x_wconf 84' lang='grc' dir='ltr'><strong>καρδίας</strong></span> <span class='ocrx_word' id='word_1_352' title='bbox 1177 2688 1403 2760; x_wconf 89' lang='grc' dir='ltr'><strong>πατρῶν</strong></span> <span class='ocrx_word' id='word_1_353' title='bbox 1430 2686 1565 2758; x_wconf 82' lang='grc' dir='ltr'><strong>πρὸς</strong></span> <span class='ocrx_word' id='word_1_354' title='bbox 1603 2686 1769 2751; x_wconf 75' lang='grc' dir='ltr'><strong>υἱοὺς,</strong></span> <span class='ocrx_word' id='word_1_355' title='bbox 1806 2686 1898 2740; x_wconf 79' lang='grc' dir='ltr'><strong>καὶ</strong></span> 
     </span>
    </p>
   </div>
   <div class='ocr_carea' id='block_1_46' title="bbox 309 2778 1900 2863">
    <p class='ocr_par' dir='ltr' id='par_1_46' title="bbox 309 2778 1900 2863">
     <span class='ocr_line' id='line_1_46' title="bbox 309 2778 1900 2863; baseline -0.01 -15"><span class='ocrx_word' id='word_1_356' title='bbox 309 2791 542 2863; x_wconf 81' lang='grc' dir='ltr'><strong>καρδίαν</strong></span> <span class='ocrx_word' id='word_1_357' title='bbox 575 2786 864 2858; x_wconf 79' lang='grc' dir='ltr'><strong>ἀνθρώπου</strong></span> <span class='ocrx_word' id='word_1_358' title='bbox 900 2784 1035 2856; x_wconf 80' lang='grc' dir='ltr'><strong>πρὸς</strong></span> <span class='ocrx_word' id='word_1_359' title='bbox 1063 2783 1152 2837; x_wconf 83' lang='grc' dir='ltr'><strong>τὸν</strong></span> <span class='ocrx_word' id='word_1_360' title='bbox 1183 2781 1408 2852; x_wconf 80' lang='grc' dir='ltr'><strong>πλησίον</strong></span> <span class='ocrx_word' id='word_1_361' title='bbox 1451 2778 1640 2846; x_wconf 78' lang='grc' dir='ltr'><strong>αὑτοῦ,</strong></span> <span class='ocrx_word' id='word_1_362' title='bbox 1690 2780 1765 2851; x_wconf 83' lang='grc' dir='ltr'><strong>μὴ</strong></span> <span class='ocrx_word' id='word_1_363' title='bbox 1811 2779 1900 2833; x_wconf 84' lang='grc' dir='ltr'><strong>ὲλ-</strong></span> 
     </span>
    </p>
   </div>
   <div class='ocr_carea' id='block_1_47' title="bbox 309 2872 1374 2950">
    <p class='ocr_par' dir='ltr' id='par_1_47' title="bbox 309 2872 1374 2950">
     <span class='ocr_line' id='line_1_47' title="bbox 309 2872 1374 2950; baseline -0.012 -12"><span class='ocrx_word' id='word_1_364' title='bbox 309 2882 420 2938; x_wconf 82' lang='grc' dir='ltr'><strong>θὼν</strong></span> <span class='ocrx_word' id='word_1_365' title='bbox 456 2879 687 2944; x_wconf 79' lang='grc' dir='ltr'><strong>πατάξω</strong></span> <span class='ocrx_word' id='word_1_366' title='bbox 716 2877 826 2950; x_wconf 71' lang='grc'>(44)</span> <span class='ocrx_word' id='word_1_367' title='bbox 851 2875 948 2947; x_wconf 78' lang='grc' dir='ltr'><strong>τὴν</strong></span> <span class='ocrx_word' id='word_1_368' title='bbox 982 2875 1086 2946; x_wconf 81' lang='grc' dir='ltr'><strong>γῆν</strong></span> <span class='ocrx_word' id='word_1_369' title='bbox 1123 2872 1307 2945; x_wconf 81' lang='grc' dir='ltr'><strong>ἄρδην.</strong></span> <span class='ocrx_word' id='word_1_370' title='bbox 1354 2891 1374 2925; x_wconf 76' lang='lat' dir='ltr'><strong>t</strong></span> 
     </span>
    </p>
   </div>
   <div class='ocr_carea' id='block_1_48' title="bbox 551 3028 1655 3098">
    <p class='ocr_par' dir='ltr' id='par_1_48' title="bbox 551 3028 1655 3098">
     <span class='ocr_line' id='line_1_48' title="bbox 551 3028 1655 3098; baseline -0.005 -12"><span class='ocrx_word' id='word_1_371' title='bbox 551 3031 661 3086; x_wconf 86' lang='lat' dir='ltr'><strong>IH&#39;.</strong></span> <span class='ocrx_word' id='word_1_372' title='bbox 699 3031 817 3084; x_wconf 87' lang='grc' dir='ltr'><strong>Ὅτι</strong></span> <span class='ocrx_word' id='word_1_373' title='bbox 849 3028 1269 3098; x_wconf 75' lang='grc' dir='ltr'><strong>κληθησόμεθα</strong></span> <span class='ocrx_word' id='word_1_374' title='bbox 1295 3028 1655 3096; x_wconf 78' lang='grc' dir='ltr'><strong>Χριστιανοί.</strong></span> 
     </span>
    </p>
   </div>
   <div class='ocr_carea' id='block_1_49' title="bbox 388 3160 1895 3235">
    <p class='ocr_par' dir='ltr' id='par_1_49' title="bbox 388 3160 1895 3235">
     <span class='ocr_line' id='line_1_49' title="bbox 388 3160 1895 3235; baseline 0.02 -32"><span class='ocrx_word' id='word_1_375' title='bbox 388 3171 620 3233; x_wconf 59' lang='grc' dir='ltr'><strong>Ἡσαΐας</strong></span> <span class='ocrx_word' id='word_1_376' title='bbox 665 3166 840 3235; x_wconf 83' lang='grc' dir='ltr'><strong>λέγει,</strong></span> <span class='ocrx_word' id='word_1_377' title='bbox 887 3182 905 3216; x_wconf 74' lang='grc' dir='ltr'><strong>ι</strong></span> <span class='ocrx_word' id='word_1_378' title='bbox 943 3163 1198 3232; x_wconf 73' lang='grc' dir='ltr'><strong>Ὄψονται</strong></span> <span class='ocrx_word' id='word_1_379' title='bbox 1260 3160 1388 3233; x_wconf 79' lang='grc' dir='ltr'><strong>ἔθνη</strong></span> <span class='ocrx_word' id='word_1_380' title='bbox 1438 3160 1535 3233; x_wconf 83' lang='grc' dir='ltr'><strong>τὴν</strong></span> <span class='ocrx_word' id='word_1_381' title='bbox 1592 3160 1747 3224; x_wconf 76' lang='grc' dir='ltr'><strong>δόξαν</strong></span> <span class='ocrx_word' id='word_1_382' title='bbox 1787 3160 1895 3232; x_wconf 58' lang='grc'><strong>(45)</strong></span> 
     </span>
    </p>
   </div>
   <div class='ocr_carea' id='block_1_50' title="bbox 310 3252 1891 3328">
    <p class='ocr_par' dir='ltr' id='par_1_50' title="bbox 310 3252 1891 3328">
     <span class='ocr_line' id='line_1_50' title="bbox 310 3252 1891 3328; baseline -0.009 -8"><span class='ocrx_word' id='word_1_383' title='bbox 310 3281 430 3328; x_wconf 75' lang='grc' dir='ltr'><strong>σου,</strong></span> <span class='ocrx_word' id='word_1_384' title='bbox 481 3264 577 3318; x_wconf 59' lang='grc' dir='ltr'><strong>καὶ¹</strong></span> <span class='ocrx_word' id='word_1_385' title='bbox 628 3262 827 3320; x_wconf 84' lang='grc' dir='ltr'><strong>πάντες</strong></span> <span class='ocrx_word' id='word_1_386' title='bbox 854 3258 904 3310; x_wconf 81' lang='lat' dir='ltr'><strong>oi</strong></span> <span class='ocrx_word' id='word_1_387' title='bbox 954 3255 1190 3327; x_wconf 87' lang='grc' dir='ltr'><strong>βασιλεῖς</strong></span> <span class='ocrx_word' id='word_1_388' title='bbox 1239 3254 1337 3325; x_wconf 78' lang='grc' dir='ltr'><strong>τὴν</strong></span> <span class='ocrx_word' id='word_1_389' title='bbox 1391 3252 1735 3324; x_wconf 84' lang='grc' dir='ltr'><strong>δικαιοσύνην</strong></span> <span class='ocrx_word' id='word_1_390' title='bbox 1780 3270 1891 3319; x_wconf 87' lang='grc' dir='ltr'><strong>σου,</strong></span> 
     </span>
    </p>
   </div>
   <div class='ocr_carea' id='block_1_51' title="bbox 307 3345 1895 3419">
    <p class='ocr_par' dir='ltr' id='par_1_51' title="bbox 307 3345 1895 3419">
     <span class='ocr_line' id='line_1_51' title="bbox 307 3345 1895 3419; baseline -0.01 -7"><span class='ocrx_word' id='word_1_391' title='bbox 307 3358 404 3413; x_wconf 75' lang='grc' dir='ltr'><strong>καὶ</strong></span> <span class='ocrx_word' id='word_1_392' title='bbox 431 3354 653 3410; x_wconf 89' lang='grc' dir='ltr'><strong>καλέσει</strong></span> <span class='ocrx_word' id='word_1_393' title='bbox 687 3369 746 3404; x_wconf 87' lang='grc' dir='ltr'><strong>σε</strong></span> <span class='ocrx_word' id='word_1_394' title='bbox 778 3349 840 3403; x_wconf 70' lang='grc' dir='ltr'><strong>τὺ</strong></span> <span class='ocrx_word' id='word_1_395' title='bbox 868 3349 1037 3419; x_wconf 76' lang='grc' dir='ltr'><strong>ὄνομα</strong></span> <span class='ocrx_word' id='word_1_396' title='bbox 1073 3348 1134 3400; x_wconf 79' lang='grc' dir='ltr'><strong>τὸ</strong></span> <span class='ocrx_word' id='word_1_397' title='bbox 1170 3347 1372 3411; x_wconf 85' lang='grc' dir='ltr'><strong>καινὸν,</strong></span> <span class='ocrx_word' id='word_1_398' title='bbox 1409 3346 1438 3399; x_wconf 82' lang='grc' dir='ltr'><strong>ὃ</strong></span> <span class='ocrx_word' id='word_1_399' title='bbox 1473 3348 1502 3398; x_wconf 89' lang='grc' dir='ltr'>ὁ</span> <span class='ocrx_word' id='word_1_400' title='bbox 1538 3345 1742 3417; x_wconf 81' lang='grc' dir='ltr'><strong>Κύριος</strong></span> <span class='ocrx_word' id='word_1_401' title='bbox 1777 3345 1895 3399; x_wconf 83' lang='grc' dir='ltr'><strong>ὀνο-</strong></span> 
     </span>
    </p>
   </div>
   <div class='ocr_carea' id='block_1_52' title="bbox 2002 2234 3582 2305">
    <p class='ocr_par' dir='ltr' id='par_1_52' title="bbox 2002 2234 3582 2305">
     <span class='ocr_line' id='line_1_52' title="bbox 2002 2234 3582 2305; baseline -0.004 -12"><span class='ocrx_word' id='word_1_402' title='bbox 2002 2237 2170 2295; x_wconf 82' lang='lat' dir='ltr'><strong>XVII.</strong></span> <span class='ocrx_word' id='word_1_403' title='bbox 2256 2234 2413 2305; x_wconf 82' lang='lat' dir='ltr'><strong>Quod</strong></span> <span class='ocrx_word' id='word_1_404' title='bbox 2464 2245 2585 2291; x_wconf 86' lang='lat' dir='ltr'><strong>ante</strong></span> <span class='ocrx_word' id='word_1_405' title='bbox 2658 2235 2944 2305; x_wconf 74' lang='lat' dir='ltr'><strong>secundum</strong></span> <span class='ocrx_word' id='word_1_406' title='bbox 3026 2234 3240 2290; x_wconf 80' lang='lat' dir='ltr'><strong>Demint</strong></span> <span class='ocrx_word' id='word_1_407' title='bbox 3298 2241 3582 2288; x_wconf 80' lang='lat' dir='ltr'><strong>adventum</strong></span> 
     </span>
    </p>
   </div>
   <div class='ocr_carea' id='block_1_53' title="bbox 2466 2304 3067 2361">
    <p class='ocr_par' dir='ltr' id='par_1_53' title="bbox 2466 2304 3067 2361">
     <span class='ocr_line' id='line_1_53' title="bbox 2466 2304 3067 2361; baseline -0.003 0"><span class='ocrx_word' id='word_1_408' title='bbox 2466 2316 2718 2361; x_wconf 77' lang='lat' dir='ltr'><strong>venturus</strong></span> <span class='ocrx_word' id='word_1_409' title='bbox 2767 2308 2835 2361; x_wconf 80' lang='lat' dir='ltr'><strong>sit</strong></span> <span class='ocrx_word' id='word_1_410' title='bbox 2892 2304 3067 2361; x_wconf 76' lang='lat' dir='ltr'><strong>Eliar.</strong></span> 
     </span>
    </p>
   </div>
   <div class='ocr_carea' id='block_1_54' title="bbox 2072 2416 3580 2492">
    <p class='ocr_par' dir='ltr' id='par_1_54' title="bbox 2072 2416 3580 2492">
     <span class='ocr_line' id='line_1_54' title="bbox 2072 2416 3580 2492; baseline -0.005 -16"><span class='ocrx_word' id='word_1_411' title='bbox 2072 2421 2372 2479; x_wconf 86' lang='lat' dir='ltr'><strong>Malaehias</strong></span> <span class='ocrx_word' id='word_1_412' title='bbox 2432 2421 2696 2492; x_wconf 87' lang='lat' dir='ltr'><strong>propheta</strong></span> <span class='ocrx_word' id='word_1_413' title='bbox 2753 2420 2924 2485; x_wconf 89' lang='lat' dir='ltr'><strong>dicit,</strong></span> <span class='ocrx_word' id='word_1_414' title='bbox 2968 2438 2988 2471; x_wconf 71' lang='grc' dir='ltr'><strong>ι</strong></span> <span class='ocrx_word' id='word_1_415' title='bbox 3027 2417 3168 2473; x_wconf 86' lang='lat' dir='ltr'><strong>Ecce</strong></span> <span class='ocrx_word' id='word_1_416' title='bbox 3250 2431 3351 2487; x_wconf 88' lang='lat' dir='ltr'><strong>ego</strong></span> <span class='ocrx_word' id='word_1_417' title='bbox 3418 2416 3580 2470; x_wconf 87' lang='lat' dir='ltr'><strong>mil-to</strong></span> 
     </span>
    </p>
   </div>
   <div class='ocr_carea' id='block_1_55' title="bbox 2000 2506 3579 2577">
    <p class='ocr_par' dir='ltr' id='par_1_55' title="bbox 2000 2506 3579 2577">
     <span class='ocr_line' id='line_1_55' title="bbox 2000 2506 3579 2577; baseline -0.003 -13"><span class='ocrx_word' id='word_1_418' title='bbox 2000 2511 2158 2566; x_wconf 81' lang='lat' dir='ltr'><strong>vobis</strong></span> <span class='ocrx_word' id='word_1_419' title='bbox 2220 2510 2395 2565; x_wconf 86' lang='lat' dir='ltr'><strong>Eliam</strong></span> <span class='ocrx_word' id='word_1_420' title='bbox 2465 2510 2764 2565; x_wconf 84' lang='lat' dir='ltr'><strong>Thesbiten</strong></span> <span class='ocrx_word' id='word_1_421' title='bbox 2802 2548 2818 2573; x_wconf 89' lang='lat'><strong>,</strong></span> <span class='ocrx_word' id='word_1_422' title='bbox 2857 2519 3147 2577; x_wconf 83' lang='lat' dir='ltr'><strong>antequam</strong></span> <span class='ocrx_word' id='word_1_423' title='bbox 3212 2506 3396 2561; x_wconf 88' lang='lat' dir='ltr'><strong>veniat</strong></span> <span class='ocrx_word' id='word_1_424' title='bbox 3461 2506 3579 2560; x_wconf 90' lang='lat' dir='ltr'><strong>dies</strong></span> 
     </span>
    </p>
   </div>
   <div class='ocr_carea' id='block_1_56' title="bbox 2001 2599 3580 2673">
    <p class='ocr_par' dir='ltr' id='par_1_56' title="bbox 2001 2599 3580 2673">
     <span class='ocr_line' id='line_1_56' title="bbox 2001 2599 3580 2673; baseline -0.002 -21"><span class='ocrx_word' id='word_1_425' title='bbox 2001 2601 2218 2656; x_wconf 90' lang='lat' dir='ltr'><strong>Domini</strong></span> <span class='ocrx_word' id='word_1_426' title='bbox 2258 2616 2454 2673; x_wconf 85' lang='lat' dir='ltr'><strong>magna</strong></span> <span class='ocrx_word' id='word_1_427' title='bbox 2494 2609 2549 2655; x_wconf 90' lang='lat' dir='ltr'><strong>et</strong></span> <span class='ocrx_word' id='word_1_428' title='bbox 2603 2600 2859 2663; x_wconf 89' lang='lat' dir='ltr'><strong>illustris,</strong></span> <span class='ocrx_word' id='word_1_429' title='bbox 2901 2599 2992 2669; x_wconf 83' lang='lat' dir='ltr'><strong>qui</strong></span> <span class='ocrx_word' id='word_1_430' title='bbox 3038 2604 3320 2652; x_wconf 89' lang='lat' dir='ltr'><strong>convertet</strong></span> <span class='ocrx_word' id='word_1_431' title='bbox 3351 2610 3449 2650; x_wconf 92' lang='lat' dir='ltr'><strong>cor</strong></span> <span class='ocrx_word' id='word_1_432' title='bbox 3481 2611 3580 2667; x_wconf 90' lang='lat' dir='ltr'><strong>pa-</strong></span> 
     </span>
    </p>
   </div>
   <div class='ocr_carea' id='block_1_57' title="bbox 2001 2688 3579 2757">
    <p class='ocr_par' dir='ltr' id='par_1_57' title="bbox 2001 2688 3579 2757">
     <span class='ocr_line' id='line_1_57' title="bbox 2001 2688 3579 2757; baseline -0.003 -11"><span class='ocrx_word' id='word_1_433' title='bbox 2001 2701 2148 2748; x_wconf 86' lang='lat' dir='ltr'><strong>trum</strong></span> <span class='ocrx_word' id='word_1_434' title='bbox 2216 2693 2284 2748; x_wconf 88' lang='lat' dir='ltr'><strong>ad</strong></span> <span class='ocrx_word' id='word_1_435' title='bbox 2347 2695 2524 2757; x_wconf 86' lang='lat' dir='ltr'><strong>ﬁlios,</strong></span> <span class='ocrx_word' id='word_1_436' title='bbox 2571 2700 2625 2746; x_wconf 91' lang='lat' dir='ltr'><strong>et</strong></span> <span class='ocrx_word' id='word_1_437' title='bbox 2682 2707 2779 2746; x_wconf 90' lang='lat' dir='ltr'><strong>cor</strong></span> <span class='ocrx_word' id='word_1_438' title='bbox 2840 2690 3079 2747; x_wconf 88' lang='lat' dir='ltr'><strong>hominis</strong></span> <span class='ocrx_word' id='word_1_439' title='bbox 3140 2689 3210 2744; x_wconf 91' lang='lat' dir='ltr'><strong>ad</strong></span> <span class='ocrx_word' id='word_1_440' title='bbox 3270 2688 3579 2757; x_wconf 77' lang='lat' dir='ltr'><strong>proximum</strong></span> 
     </span>
    </p>
   </div>
   <div class='ocr_carea' id='block_1_58' title="bbox 2001 2780 3582 2854">
    <p class='ocr_par' dir='ltr' id='par_1_58' title="bbox 2001 2780 3582 2854">
     <span class='ocr_line' id='line_1_58' title="bbox 2001 2780 3582 2854; baseline -0.006 -11"><span class='ocrx_word' id='word_1_441' title='bbox 2001 2801 2183 2849; x_wconf 83' lang='lat' dir='ltr'><strong>suum,</strong></span> <span class='ocrx_word' id='word_1_442' title='bbox 2224 2800 2296 2841; x_wconf 92' lang='lat' dir='ltr'><strong>ne</strong></span> <span class='ocrx_word' id='word_1_443' title='bbox 2348 2786 2487 2841; x_wconf 81' lang='lat' dir='ltr'><strong>forte</strong></span> <span class='ocrx_word' id='word_1_444' title='bbox 2519 2785 2745 2841; x_wconf 85' lang='lat' dir='ltr'><strong>veniens</strong></span> <span class='ocrx_word' id='word_1_445' title='bbox 2772 2823 2787 2849; x_wconf 93' lang='lat'><strong>,</strong></span> <span class='ocrx_word' id='word_1_446' title='bbox 2826 2782 3130 2854; x_wconf 86' lang='lat' dir='ltr'><strong>percutiam</strong></span> <span class='ocrx_word' id='word_1_447' title='bbox 3163 2789 3366 2839; x_wconf 88' lang='lat' dir='ltr'><strong>terram</strong></span> <span class='ocrx_word' id='word_1_448' title='bbox 3425 2780 3582 2851; x_wconf 90' lang='lat' dir='ltr'><strong>peni-</strong></span> 
     </span>
    </p>
   </div>
   <div class='ocr_carea' id='block_1_59' title="bbox 1998 2878 2230 2932">
    <p class='ocr_par' dir='ltr' id='par_1_59' title="bbox 1998 2878 2230 2932">
     <span class='ocr_line' id='line_1_59' title="bbox 1998 2878 2230 2932; baseline -0.022 0"><span class='ocrx_word' id='word_1_449' title='bbox 1998 2885 2089 2932; x_wconf 89' lang='lat' dir='ltr'><strong>tus</strong></span> <span class='ocrx_word' id='word_1_450' title='bbox 2111 2878 2180 2930; x_wconf 80' lang='grc'><strong>⁹¹.</strong></span> <span class='ocrx_word' id='word_1_451' title='bbox 2213 2896 2230 2927; x_wconf 82' lang='lat' dir='ltr'><strong>t</strong></span> 
     </span>
    </p>
   </div>
   <div class='ocr_carea' id='block_1_60' title="bbox 2286 3027 3268 3098">
    <p class='ocr_par' dir='ltr' id='par_1_60' title="bbox 2286 3027 3268 3098">
     <span class='ocr_line' id='line_1_60' title="bbox 2286 3027 3268 3098; baseline 0 -13"><span class='ocrx_word' id='word_1_452' title='bbox 2286 3030 2477 3086; x_wconf 83' lang='lat' dir='ltr'><strong>XVIII.</strong></span> <span class='ocrx_word' id='word_1_453' title='bbox 2517 3029 2670 3098; x_wconf 84' lang='lat' dir='ltr'><strong>Quod</strong></span> <span class='ocrx_word' id='word_1_454' title='bbox 2699 3029 2919 3085; x_wconf 82' lang='lat' dir='ltr'><strong>vorandi</strong></span> <span class='ocrx_word' id='word_1_455' title='bbox 2953 3027 3268 3085; x_wconf 79' lang='lat' dir='ltr'><strong>Christiani.</strong></span> 
     </span>
    </p>
   </div>
   <div class='ocr_carea' id='block_1_61' title="bbox 2071 3161 3580 3236">
    <p class='ocr_par' dir='ltr' id='par_1_61' title="bbox 2071 3161 3580 3236">
     <span class='ocr_line' id='line_1_61' title="bbox 2071 3161 3580 3236; baseline -0.002 -18"><span class='ocrx_word' id='word_1_456' title='bbox 2071 3166 2239 3223; x_wconf 88' lang='lat' dir='ltr'><strong>Isaias</strong></span> <span class='ocrx_word' id='word_1_457' title='bbox 2301 3166 2471 3229; x_wconf 90' lang='lat' dir='ltr'><strong>dicit,</strong></span> <span class='ocrx_word' id='word_1_458' title='bbox 2514 3184 2534 3217; x_wconf 74' lang='grc' dir='ltr'><strong>ι</strong></span> <span class='ocrx_word' id='word_1_459' title='bbox 2573 3164 2849 3220; x_wconf 83' lang='lat' dir='ltr'><strong>Videbunt</strong></span> <span class='ocrx_word' id='word_1_460' title='bbox 2891 3173 3081 3236; x_wconf 87' lang='lat' dir='ltr'><strong>gentes</strong></span> <span class='ocrx_word' id='word_1_461' title='bbox 3126 3161 3357 3234; x_wconf 87' lang='lat' dir='ltr'><strong>gloriam</strong></span> <span class='ocrx_word' id='word_1_462' title='bbox 3406 3167 3580 3227; x_wconf 83' lang='lat' dir='ltr'><strong>tuam,</strong></span> 
     </span>
    </p>
   </div>
   <div class='ocr_carea' id='block_1_62' title="bbox 1997 3250 3581 3324">
    <p class='ocr_par' dir='ltr' id='par_1_62' title="bbox 1997 3250 3581 3324">
     <span class='ocr_line' id='line_1_62' title="bbox 1997 3250 3581 3324; baseline -0.004 -12"><span class='ocrx_word' id='word_1_463' title='bbox 1997 3265 2050 3312; x_wconf 91' lang='lat' dir='ltr'><strong>et</strong></span> <span class='ocrx_word' id='word_1_464' title='bbox 2086 3270 2278 3311; x_wconf 88' lang='lat' dir='ltr'><strong>omnes</strong></span> <span class='ocrx_word' id='word_1_465' title='bbox 2353 3268 2511 3324; x_wconf 83' lang='lat' dir='ltr'><strong>reges</strong></span> <span class='ocrx_word' id='word_1_466' title='bbox 2565 3253 2836 3322; x_wconf 86' lang='lat' dir='ltr'><strong>justitiam</strong></span> <span class='ocrx_word' id='word_1_467' title='bbox 2886 3261 3037 3308; x_wconf 89' lang='lat' dir='ltr'><strong>tuam</strong></span> <span class='ocrx_word' id='word_1_468' title='bbox 3066 3291 3083 3316; x_wconf 91' lang='lat'><strong>,</strong></span> <span class='ocrx_word' id='word_1_469' title='bbox 3133 3258 3189 3307; x_wconf 91' lang='lat' dir='ltr'><strong>et</strong></span> <span class='ocrx_word' id='word_1_470' title='bbox 3249 3250 3474 3306; x_wconf 87' lang='lat' dir='ltr'><strong>vocabit</strong></span> <span class='ocrx_word' id='word_1_471' title='bbox 3526 3256 3581 3305; x_wconf 86' lang='lat' dir='ltr'><strong>te</strong></span> 
     </span>
    </p>
   </div>
   <div class='ocr_carea' id='block_1_63' title="bbox 1998 3339 3577 3421">
    <p class='ocr_par' dir='ltr' id='par_1_63' title="bbox 1998 3339 3577 3421">
     <span class='ocr_line' id='line_1_63' title="bbox 1998 3339 3577 3421; baseline -0.004 -22"><span class='ocrx_word' id='word_1_472' title='bbox 1998 3361 2196 3399; x_wconf 87' lang='lat' dir='ltr'><strong>nomen</strong></span> <span class='ocrx_word' id='word_1_473' title='bbox 2237 3358 2467 3410; x_wconf 90' lang='lat' dir='ltr'><strong>novum,</strong></span> <span class='ocrx_word' id='word_1_474' title='bbox 2496 3342 2642 3413; x_wconf 89' lang='lat' dir='ltr'><strong>quod</strong></span> <span class='ocrx_word' id='word_1_475' title='bbox 2670 3343 2931 3421; x_wconf 85' lang='lat' dir='ltr'><strong>Dominus</strong></span> <span class='ocrx_word' id='word_1_476' title='bbox 2961 3342 3270 3398; x_wconf 87' lang='lat' dir='ltr'><strong>nominabit</strong></span> <span class='ocrx_word' id='word_1_477' title='bbox 3303 3339 3438 3395; x_wconf 86' lang='lat' dir='ltr'><strong>illud</strong></span> <span class='ocrx_word' id='word_1_478' title='bbox 3460 3339 3527 3394; x_wconf 84' lang='lat'><strong>”.</strong></span> <span class='ocrx_word' id='word_1_479' title='bbox 3556 3357 3577 3392; x_wconf 74' lang='grc' dir='ltr'><strong>ι</strong></span> 
     </span>
    </p>
   </div>
   <div class='ocr_carea' id='block_1_64' title="bbox 313 3431 1898 3522">
    <p class='ocr_par' dir='ltr' id='par_1_64' title="bbox 313 3436 1898 3522">
     <span class='ocr_line' id='line_1_64' title="bbox 313 3436 1898 3522; baseline -0.009 -18"><span class='ocrx_word' id='word_1_480' title='bbox 313 3450 480 3522; x_wconf 74' lang='grc' dir='ltr'><strong>μάσει</strong></span> <span class='ocrx_word' id='word_1_481' title='bbox 512 3446 663 3501; x_wconf 82' lang='grc' dir='ltr'><strong>αὐτό.</strong></span> <span class='ocrx_word' id='word_1_482' title='bbox 705 3463 725 3497; x_wconf 73' lang='grc' dir='ltr'><strong>ι</strong></span> <span class='ocrx_word' id='word_1_483' title='bbox 759 3444 869 3497; x_wconf 81' lang='grc' dir='ltr'><strong>Καὶ</strong></span> <span class='ocrx_word' id='word_1_484' title='bbox 916 3441 1099 3504; x_wconf 75' lang='grc' dir='ltr'><strong>πάλιν,</strong></span> <span class='ocrx_word' id='word_1_485' title='bbox 1137 3459 1156 3491; x_wconf 78' lang='grc' dir='ltr'><strong><em>ο</em></strong></span> <span class='ocrx_word' id='word_1_486' title='bbox 1195 3440 1321 3501; x_wconf 84' lang='grc' dir='ltr'><strong>Τοῖς</strong></span> <span class='ocrx_word' id='word_1_487' title='bbox 1364 3439 1420 3492; x_wconf 77' lang='grc' dir='ltr'><strong>δὲ</strong></span> <span class='ocrx_word' id='word_1_488' title='bbox 1467 3436 1773 3491; x_wconf 86' lang='grc' dir='ltr'><strong>δουλεύουσί</strong></span> <span class='ocrx_word' id='word_1_489' title='bbox 1813 3453 1898 3506; x_wconf 86' lang='grc' dir='ltr'><strong>μοι</strong></span> 
     </span>
    </p>
   </div>
   <div class='ocr_carea' id='block_1_65' title="bbox 2001 3431 3580 3522">
    <p class='ocr_par' dir='ltr' id='par_1_65' title="bbox 2005 3431 3580 3503">
     <span class='ocr_line' id='line_1_65' title="bbox 2005 3431 3580 3503; baseline -0.003 -13"><span class='ocrx_word' id='word_1_490' title='bbox 2005 3436 2069 3491; x_wconf 91' lang='lat' dir='ltr'><strong>Et</strong></span> <span class='ocrx_word' id='word_1_491' title='bbox 2099 3451 2318 3503; x_wconf 85' lang='lat' dir='ltr'><strong>rursus,</strong></span> <span class='ocrx_word' id='word_1_492' title='bbox 2373 3455 2392 3487; x_wconf 73' lang='grc' dir='ltr'><strong>ι</strong></span> <span class='ocrx_word' id='word_1_493' title='bbox 2432 3434 2814 3492; x_wconf 86' lang='lat' dir='ltr'><strong>Servientibus</strong></span> <span class='ocrx_word' id='word_1_494' title='bbox 2887 3443 3070 3491; x_wconf 88' lang='lat' dir='ltr'><strong>autem</strong></span> <span class='ocrx_word' id='word_1_495' title='bbox 3124 3434 3260 3489; x_wconf 86' lang='lat' dir='ltr'><strong>mihi</strong></span> <span class='ocrx_word' id='word_1_496' title='bbox 3299 3431 3580 3488; x_wconf 84' lang='lat' dir='ltr'><strong>vocabitur</strong></span> 
     </span>
    </p>
   </div>
   <div class='ocr_carea' id='block_1_66' title="bbox 307 3527 1899 3612">
    <p class='ocr_par' dir='ltr' id='par_1_66' title="bbox 307 3527 1899 3612">
     <span class='ocr_line' id='line_1_66' title="bbox 307 3527 1899 3612; baseline -0.01 -17"><span class='ocrx_word' id='word_1_497' title='bbox 307 3541 643 3612; x_wconf 85' lang='grc' dir='ltr'><strong>κληθήσεται</strong></span> <span class='ocrx_word' id='word_1_498' title='bbox 687 3537 857 3606; x_wconf 73' lang='grc' dir='ltr'><strong>ὄνομα</strong></span> <span class='ocrx_word' id='word_1_499' title='bbox 906 3532 1110 3596; x_wconf 72' lang='grc' dir='ltr'><strong>καινὸν,</strong></span> <span class='ocrx_word' id='word_1_500' title='bbox 1155 3531 1184 3583; x_wconf 81' lang='grc' dir='ltr'><strong>ὃ</strong></span> <span class='ocrx_word' id='word_1_501' title='bbox 1232 3527 1771 3600; x_wconf 74' lang='grc' dir='ltr'><strong>εὐλογηθήσεταιὲπὶ</strong></span> <span class='ocrx_word' id='word_1_502' title='bbox 1800 3530 1899 3597; x_wconf 79' lang='grc' dir='ltr'><strong>τῆς</strong></span> 
     </span>
    </p>
   </div>
   <div class='ocr_carea' id='block_1_67' title="bbox 308 3619 1900 3703">
    <p class='ocr_par' dir='ltr' id='par_1_67' title="bbox 308 3619 1900 3703">
     <span class='ocr_line' id='line_1_67' title="bbox 308 3619 1900 3703; baseline -0.01 -16"><span class='ocrx_word' id='word_1_503' title='bbox 308 3633 434 3703; x_wconf 80' lang='grc' dir='ltr'><strong>γῆς.</strong></span> <span class='ocrx_word' id='word_1_504' title='bbox 475 3650 495 3683; x_wconf 76' lang='grc' dir='ltr'><strong>ι</strong></span> <span class='ocrx_word' id='word_1_505' title='bbox 533 3628 712 3700; x_wconf 78' lang='grc' dir='ltr'><strong>Ὠσηὲ,</strong></span> <span class='ocrx_word' id='word_1_506' title='bbox 736 3627 848 3698; x_wconf 70' lang='lat' dir='ltr'><strong>(Mi)</strong></span> <span class='ocrx_word' id='word_1_507' title='bbox 877 3645 895 3677; x_wconf 80' lang='grc' dir='ltr'><strong>ι</strong></span> <span class='ocrx_word' id='word_1_508' title='bbox 937 3624 1040 3678; x_wconf 80' lang='lat' dir='ltr'><strong>Kal.</strong></span> <span class='ocrx_word' id='word_1_509' title='bbox 1071 3623 1221 3675; x_wconf 75' lang='grc' dir='ltr'><strong>ἔσται</strong></span> <span class='ocrx_word' id='word_1_510' title='bbox 1260 3621 1345 3675; x_wconf 82' lang='grc' dir='ltr'><strong>ἐπ’</strong></span> <span class='ocrx_word' id='word_1_511' title='bbox 1379 3621 1607 3690; x_wconf 77' lang='grc' dir='ltr'><strong>ἐσχάτου</strong></span> <span class='ocrx_word' id='word_1_512' title='bbox 1636 3620 1696 3673; x_wconf 78' lang='grc' dir='ltr'><strong>τὸ</strong></span> <span class='ocrx_word' id='word_1_513' title='bbox 1731 3619 1900 3689; x_wconf 74' lang='grc' dir='ltr'><strong>ὄνομα</strong></span> 
     </span>
    </p>
   </div>
   <div class='ocr_carea' id='block_1_68' title="bbox 308 3709 1897 3790">
    <p class='ocr_par' dir='ltr' id='par_1_68' title="bbox 308 3709 1897 3790">
     <span class='ocr_line' id='line_1_68' title="bbox 308 3709 1897 3790; baseline -0.01 -12"><span class='ocrx_word' id='word_1_514' title='bbox 308 3722 474 3778; x_wconf 76' lang='grc' dir='ltr'><strong>αὐτοῦ</strong></span> <span class='ocrx_word' id='word_1_515' title='bbox 507 3719 772 3790; x_wconf 78' lang='grc' dir='ltr'><strong>ἐπιφανὲς</strong></span> <span class='ocrx_word' id='word_1_516' title='bbox 810 3720 867 3771; x_wconf 76' lang='grc' dir='ltr'><strong>ὲν</strong></span> <span class='ocrx_word' id='word_1_517' title='bbox 900 3716 1050 3787; x_wconf 81' lang='grc' dir='ltr'><strong>πάσῃ</strong></span> <span class='ocrx_word' id='word_1_518' title='bbox 1078 3716 1144 3785; x_wconf 82' lang='grc' dir='ltr'><strong>τῇ</strong></span> <span class='ocrx_word' id='word_1_519' title='bbox 1182 3715 1275 3784; x_wconf 81' lang='grc' dir='ltr'><strong>γῇ,</strong></span> <span class='ocrx_word' id='word_1_520' title='bbox 1322 3713 1413 3766; x_wconf 69' lang='grc' dir='ltr'><strong>καὶ</strong></span> <span class='ocrx_word' id='word_1_521' title='bbox 1440 3712 1517 3783; x_wconf 81' lang='grc' dir='ltr'><strong>τῷ</strong></span> <span class='ocrx_word' id='word_1_522' title='bbox 1548 3710 1770 3781; x_wconf 85' lang='grc' dir='ltr'><strong>ὀνόματι</strong></span> <span class='ocrx_word' id='word_1_523' title='bbox 1800 3709 1897 3763; x_wconf 86' lang='grc' dir='ltr'><strong>αὐ-</strong></span> 
     </span>
    </p>
   </div>
   <div class='ocr_carea' id='block_1_69' title="bbox 306 3801 1898 3883">
    <p class='ocr_par' dir='ltr' id='par_1_69' title="bbox 306 3801 1898 3883">
     <span class='ocr_line' id='line_1_69' title="bbox 306 3801 1898 3883; baseline -0.009 -14"><span class='ocrx_word' id='word_1_524' title='bbox 306 3814 403 3869; x_wconf 75' lang='grc' dir='ltr'><strong>τοῦ</strong></span> <span class='ocrx_word' id='word_1_525' title='bbox 434 3812 891 3883; x_wconf 83' lang='grc' dir='ltr'><strong>ὲπικληθήσονται</strong></span> <span class='ocrx_word' id='word_1_526' title='bbox 931 3807 1051 3860; x_wconf 69' lang='grc' dir='ltr'><strong>λαοὶ</strong></span> <span class='ocrx_word' id='word_1_527' title='bbox 1089 3803 1291 3869; x_wconf 72' lang='grc' dir='ltr'><strong>πολλοὶ,</strong></span> <span class='ocrx_word' id='word_1_528' title='bbox 1322 3804 1417 3858; x_wconf 81' lang='grc' dir='ltr'><strong>καὶ</strong></span> <span class='ocrx_word' id='word_1_529' title='bbox 1449 3802 1588 3857; x_wconf 83' lang='grc' dir='ltr'><strong>κατὰ</strong></span> <span class='ocrx_word' id='word_1_530' title='bbox 1620 3802 1718 3866; x_wconf 85' lang='grc' dir='ltr'><strong>τὰς</strong></span> <span class='ocrx_word' id='word_1_531' title='bbox 1745 3801 1898 3864; x_wconf 82' lang='grc' dir='ltr'><strong>ὁδοὺς</strong></span> 
     </span>
    </p>
   </div>
   <div class='ocr_carea' id='block_1_70' title="bbox 310 3898 1525 3976">
    <p class='ocr_par' dir='ltr' id='par_1_70' title="bbox 310 3898 1525 3976">
     <span class='ocr_line' id='line_1_70' title="bbox 310 3898 1525 3976; baseline -0.01 -15"><span class='ocrx_word' id='word_1_532' title='bbox 310 3905 477 3961; x_wconf 77' lang='grc' dir='ltr'><strong>αὐτοῦ</strong></span> <span class='ocrx_word' id='word_1_533' title='bbox 503 3903 880 3976; x_wconf 84' lang='grc' dir='ltr'><strong>πορευθέντες,</strong></span> <span class='ocrx_word' id='word_1_534' title='bbox 904 3901 1155 3973; x_wconf 81' lang='grc' dir='ltr'><strong>ζήσονται</strong></span> <span class='ocrx_word' id='word_1_535' title='bbox 1177 3900 1234 3952; x_wconf 73' lang='grc' dir='ltr'><strong>ὲν</strong></span> <span class='ocrx_word' id='word_1_536' title='bbox 1264 3898 1471 3960; x_wconf 78' lang='grc' dir='ltr'><strong>αὑταῖς.</strong></span> <span class='ocrx_word' id='word_1_537' title='bbox 1506 3915 1525 3949; x_wconf 77' lang='lat' dir='ltr'><strong>t</strong></span> 
     </span>
    </p>
   </div>
   <div class='ocr_carea' id='block_1_71' title="bbox 380 4066 1902 4142">
    <p class='ocr_par' dir='ltr' id='par_1_71' title="bbox 380 4066 1902 4142">
     <span class='ocr_line' id='line_1_71' title="bbox 380 4066 1902 4142; baseline -0.01 -7"><span class='ocrx_word' id='word_1_538' title='bbox 380 4082 430 4117; x_wconf 77' lang='lat'>”</span> <span class='ocrx_word' id='word_1_539' title='bbox 459 4082 563 4135; x_wconf 55' lang='lat' dir='ltr'><strong>lea.</strong></span> <span class='ocrx_word' id='word_1_540' title='bbox 600 4079 720 4133; x_wconf 71' lang='grc'><strong>1-5.</strong></span> <span class='ocrx_word' id='word_1_541' title='bbox 793 4078 842 4111; x_wconf 83' lang='grc'><strong>⁹⁰</strong></span> <span class='ocrx_word' id='word_1_542' title='bbox 884 4075 988 4131; x_wconf 87' lang='lat' dir='ltr'><strong>Isa.</strong></span> <span class='ocrx_word' id='word_1_543' title='bbox 1023 4087 1153 4142; x_wconf 75' lang='lat' dir='ltr'><strong>nu,</strong></span> <span class='ocrx_word' id='word_1_544' title='bbox 1184 4072 1237 4129; x_wconf 86' lang='lat'><strong>6.</strong></span> <span class='ocrx_word' id='word_1_545' title='bbox 1274 4073 1326 4129; x_wconf 91' lang='lat'><strong>7.</strong></span> <span class='ocrx_word' id='word_1_546' title='bbox 1437 4070 1480 4103; x_wconf 84' lang='lat'>“</span> <span class='ocrx_word' id='word_1_547' title='bbox 1521 4069 1627 4125; x_wconf 84' lang='lat' dir='ltr'><strong>lsa.</strong></span> <span class='ocrx_word' id='word_1_548' title='bbox 1669 4082 1820 4135; x_wconf 68' lang='grc' dir='ltr'><strong>χιιι,</strong></span> <span class='ocrx_word' id='word_1_549' title='bbox 1848 4066 1902 4121; x_wconf 83' lang='grc'><strong>6.</strong></span> 
     </span>
    </p>
   </div>
   <div class='ocr_carea' id='block_1_72' title="bbox 312 4151 526 4220">
    <p class='ocr_par' dir='ltr' id='par_1_72' title="bbox 312 4151 526 4220">
     <span class='ocr_line' id='line_1_72' title="bbox 312 4151 526 4220; baseline -0.028 -9"><span class='ocrx_word' id='word_1_550' title='bbox 312 4152 405 4220; x_wconf 77' lang='grc'><strong>15,</strong></span> <span class='ocrx_word' id='word_1_551' title='bbox 436 4151 526 4210; x_wconf 81' lang='grc'><strong>16.</strong></span> 
     </span>
    </p>
   </div>
   <div class='ocr_carea' id='block_1_73' title="bbox 312 4336 1894 4424">
    <p class='ocr_par' dir='ltr' id='par_1_73' title="bbox 312 4336 1894 4424">
     <span class='ocr_line' id='line_1_73' title="bbox 312 4336 1894 4424; baseline -0.011 -17"><span class='ocrx_word' id='word_1_552' title='bbox 312 4351 519 4424; x_wconf 81' lang='grc' dir='ltr'><strong>Κῦρον,</strong></span> <span class='ocrx_word' id='word_1_553' title='bbox 543 4349 836 4424; x_wconf 66' lang='lat' dir='ltr'><strong>Dominum</strong></span> <span class='ocrx_word' id='word_1_554' title='bbox 900 4345 1345 4424; x_wconf 76' lang='lat' dir='ltr'><strong>interpretantes.</strong></span> <span class='ocrx_word' id='word_1_555' title='bbox 1381 4336 1894 4424; x_wconf 43' lang='lat' dir='ltr'><strong>ldetnnfaeit.Th.eo-</strong></span> 
     </span>
    </p>
   </div>
   <div class='ocr_carea' id='block_1_74' title="bbox 313 4408 1894 4494">
    <p class='ocr_par' dir='ltr' id='par_1_74' title="bbox 313 4408 1894 4494">
     <span class='ocr_line' id='line_1_74' title="bbox 313 4408 1894 4494; baseline -0.009 -19"><span class='ocrx_word' id='word_1_556' title='bbox 313 4408 932 4494; x_wconf 56' lang='lat' dir='ltr'><strong>plti&#39;lus:Alexattdrinus</strong></span> <span class='ocrx_word' id='word_1_557' title='bbox 958 4416 1022 4494; x_wconf 70' lang='lat' dir='ltr'><strong>in</strong></span> <span class='ocrx_word' id='word_1_558' title='bbox 1046 4408 1419 4494; x_wconf 72' lang='lat' dir='ltr'><strong>disputatione</strong></span> <span class='ocrx_word' id='word_1_559' title='bbox 1469 4410 1648 4464; x_wconf 89' lang='lat' dir='ltr'><strong>adhuc</strong></span> <span class='ocrx_word' id='word_1_560' title='bbox 1674 4408 1894 4494; x_wconf 72' lang='lat' dir='ltr'><strong>rinedita</strong></span> 
     </span>
    </p>
   </div>
   <div class='ocr_carea' id='block_1_75' title="bbox 310 4476 1893 4548">
    <p class='ocr_par' dir='ltr' id='par_1_75' title="bbox 310 4476 1893 4548">
     <span class='ocr_line' id='line_1_75' title="bbox 310 4476 1893 4548; baseline -0.013 1"><span class='ocrx_word' id='word_1_561' title='bbox 310 4476 439 4548; x_wconf 65' lang='lat' dir='ltr'><strong>cum</strong></span> <span class='ocrx_word' id='word_1_562' title='bbox 484 4476 716 4547; x_wconf 80' lang='lat' dir='ltr'><strong>Simone</strong></span> <span class='ocrx_word' id='word_1_563' title='bbox 746 4486 954 4541; x_wconf 72' lang='lat' dir='ltr'><strong>Iudaeo.</strong></span> <span class='ocrx_word' id='word_1_564' title='bbox 991 4482 1095 4539; x_wconf 89' lang='lat' dir='ltr'><strong>Sed</strong></span> <span class='ocrx_word' id='word_1_565' title='bbox 1137 4476 1216 4538; x_wconf 65' lang='lat' dir='ltr'><strong>&#39;de</strong></span> <span class='ocrx_word' id='word_1_566' title='bbox 1257 4485 1359 4537; x_wconf 89' lang='lat' dir='ltr'><strong>hac</strong></span> <span class='ocrx_word' id='word_1_567' title='bbox 1393 4490 1636 4536; x_wconf 88' lang='lat' dir='ltr'><strong>veterum</strong></span> <span class='ocrx_word' id='word_1_568' title='bbox 1670 4476 1893 4548; x_wconf 84' lang='lat' dir='ltr'><strong>Patrum</strong></span> 
     </span>
    </p>
   </div>
   <div class='ocr_carea' id='block_1_76' title="bbox 312 4547 1891 4633">
    <p class='ocr_par' dir='ltr' id='par_1_76' title="bbox 312 4547 1891 4633">
     <span class='ocr_line' id='line_1_76' title="bbox 312 4547 1891 4633; baseline -0.01 -17"><span class='ocrx_word' id='word_1_569' title='bbox 312 4562 597 4633; x_wconf 85' lang='lat' dir='ltr'><strong>opinione,</strong></span> <span class='ocrx_word' id='word_1_570' title='bbox 627 4558 752 4614; x_wconf 87' lang='lat' dir='ltr'><strong>vide</strong></span> <span class='ocrx_word' id='word_1_571' title='bbox 793 4555 1180 4626; x_wconf 84' lang='lat' dir='ltr'><strong>Hieronymum</strong></span> <span class='ocrx_word' id='word_1_572' title='bbox 1207 4553 1259 4625; x_wconf 77' lang='lat' dir='ltr'><strong>in</strong></span> <span class='ocrx_word' id='word_1_573' title='bbox 1291 4553 1501 4608; x_wconf 83' lang='lat' dir='ltr'><strong>Comm.</strong></span> <span class='ocrx_word' id='word_1_574' title='bbox 1527 4550 1594 4605; x_wconf 91' lang='lat' dir='ltr'><strong>ad</strong></span> <span class='ocrx_word' id='word_1_575' title='bbox 1626 4549 1771 4603; x_wconf 84' lang='lat' dir='ltr'><strong>hunc</strong></span> <span class='ocrx_word' id='word_1_576' title='bbox 1814 4547 1891 4601; x_wconf 84' lang='lat' dir='ltr'><strong>lo-</strong></span> 
     </span>
    </p>
   </div>
   <div class='ocr_carea' id='block_1_77' title="bbox 310 4638 1412 4688">
    <p class='ocr_par' dir='ltr' id='par_1_77' title="bbox 310 4638 1412 4688">
     <span class='ocr_line' id='line_1_77' title="bbox 310 4638 1412 4688; baseline -0.008 0"><span class='ocrx_word' id='word_1_577' title='bbox 310 4647 457 4688; x_wconf 90' lang='lat' dir='ltr'><strong>cum.</strong></span> <span class='ocrx_word' id='word_1_578' title='bbox 1399 4638 1412 4651; x_wconf 90' lang='lat'><strong>&#39;</strong></span> 
     </span>
    </p>
   </div>
   <div class='ocr_carea' id='block_1_78' title="bbox 383 4687 1892 4770">
    <p class='ocr_par' dir='ltr' id='par_1_78' title="bbox 383 4687 1892 4770">
     <span class='ocr_line' id='line_1_78' title="bbox 383 4687 1892 4770; baseline -0.011 -14"><span class='ocrx_word' id='word_1_579' title='bbox 383 4702 499 4770; x_wconf 79' lang='grc'>(55)</span> <span class='ocrx_word' id='word_1_580' title='bbox 532 4698 588 4754; x_wconf 91' lang='lat' dir='ltr'><strong>In</strong></span> <span class='ocrx_word' id='word_1_581' title='bbox 624 4691 1532 4770; x_wconf 61' lang='lat' dir='ltr'><strong>recentioriYaticano__additur,_</strong></span> <span class='ocrx_word' id='word_1_582' title='bbox 1560 4693 1659 4770; x_wconf 67' lang='grc' dir='ltr'><strong>τῆς</strong></span> <span class='ocrx_word' id='word_1_583' title='bbox 1688 4687 1892 4759; x_wconf 88' lang='grc' dir='ltr'><strong>χειρός,</strong></span> 
     </span>
    </p>
   </div>
   <div class='ocr_carea' id='block_1_79' title="bbox 307 4760 1747 4844">
    <p class='ocr_par' dir='ltr' id='par_1_79' title="bbox 307 4760 1747 4844">
     <span class='ocr_line' id='line_1_79' title="bbox 307 4760 1747 4844; baseline -0.013 -16"><span class='ocrx_word' id='word_1_584' title='bbox 307 4760 575 4844; x_wconf 59' lang='lat' dir='ltr'><strong>qua}qu</strong></span> <span class='ocrx_word' id='word_1_585' title='bbox 605 4770 778 4844; x_wconf 71' lang='lat' dir='ltr'><strong>etiarn</strong></span> <span class='ocrx_word' id='word_1_586' title='bbox 806 4768 862 4821; x_wconf 93' lang='lat' dir='ltr'><strong>in</strong></span> <span class='ocrx_word' id='word_1_587' title='bbox 892 4763 1335 4844; x_wconf 72' lang='lat' dir='ltr'><strong>Sipbanicodiee</strong></span> <span class='ocrx_word' id='word_1_588' title='bbox 1360 4760 1747 4844; x_wconf 65' lang='lat' dir='ltr'><strong>reperiebatur.</strong></span> 
     </span>
    </p>
   </div>
   <div class='ocr_carea' id='block_1_80' title="bbox 377 4830 1893 4908">
    <p class='ocr_par' dir='ltr' id='par_1_80' title="bbox 377 4830 1893 4908">
     <span class='ocr_line' id='line_1_80' title="bbox 377 4830 1893 4908; baseline -0.011 -12"><span class='ocrx_word' id='word_1_589' title='bbox 377 4842 492 4908; x_wconf 79' lang='grc'>(56)</span> <span class='ocrx_word' id='word_1_590' title='bbox 526 4838 701 4894; x_wconf 77' lang='lat' dir='ltr'><strong>Verba</strong></span> <span class='ocrx_word' id='word_1_591' title='bbox 725 4838 837 4899; x_wconf 83' lang='lat' dir='ltr'><strong>illa,</strong></span> <span class='ocrx_word' id='word_1_592' title='bbox 870 4830 971 4888; x_wconf 64' lang='grc' dir='ltr'><strong>καῖ</strong></span> <span class='ocrx_word' id='word_1_593' title='bbox 991 4837 1085 4908; x_wconf 64' lang='grc' dir='ltr'><strong>⁸εἰς</strong></span> <span class='ocrx_word' id='word_1_594' title='bbox 1115 4833 1279 4908; x_wconf 62' lang='lat' dir='ltr'><strong>agrbe</strong></span> <span class='ocrx_word' id='word_1_595' title='bbox 1310 4830 1614 4908; x_wconf 68' lang='grc' dir='ltr'><strong>ἐκδαρέντι,</strong></span> <span class='ocrx_word' id='word_1_596' title='bbox 1657 4844 1774 4908; x_wconf 68' lang='lat' dir='ltr'><strong>non</strong></span> <span class='ocrx_word' id='word_1_597' title='bbox 1796 4842 1893 4908; x_wconf 45' lang='lat' dir='ltr'><strong>ex:</strong></span> 
     </span>
    </p>
   </div>
   <div class='ocr_carea' id='block_1_81' title="bbox 311 4898 1891 4969">
    <p class='ocr_par' dir='ltr' id='par_1_81' title="bbox 311 4898 1891 4969">
     <span class='ocr_line' id='line_1_81' title="bbox 311 4898 1891 4969; baseline -0.01 -3"><span class='ocrx_word' id='word_1_598' title='bbox 311 4898 548 4966; x_wconf 55' lang='lat' dir='ltr'><strong>stant&#39;in</strong></span> <span class='ocrx_word' id='word_1_599' title='bbox 576 4898 871 4964; x_wconf 83' lang='lat' dir='ltr'><strong>recentiori</strong></span> <span class='ocrx_word' id='word_1_600' title='bbox 904 4905 1093 4960; x_wconf 89' lang='lat' dir='ltr'><strong>codice</strong></span> <span class='ocrx_word' id='word_1_601' title='bbox 1124 4903 1411 4965; x_wconf 80' lang='lat' dir='ltr'><strong>Vaticano,</strong></span> <span class='ocrx_word' id='word_1_602' title='bbox 1438 4898 1536 4956; x_wconf 81' lang='lat' dir='ltr'><strong>nec</strong></span> <span class='ocrx_word' id='word_1_603' title='bbox 1572 4901 1625 4953; x_wconf 91' lang='lat' dir='ltr'><strong>in</strong></span> <span class='ocrx_word' id='word_1_604' title='bbox 1661 4898 1891 4969; x_wconf 88' lang='lat' dir='ltr'><strong>Siphani</strong></span> 
     </span>
    </p>
   </div>
   <div class='ocr_carea' id='block_1_82' title="bbox 311 4980 884 5047">
    <p class='ocr_par' dir='ltr' id='par_1_82' title="bbox 311 4980 884 5047">
     <span class='ocr_line' id='line_1_82' title="bbox 311 4980 884 5047; baseline -0.014 -10"><span class='ocrx_word' id='word_1_605' title='bbox 311 4981 571 5037; x_wconf 87' lang='lat' dir='ltr'><strong>versione</strong></span> <span class='ocrx_word' id='word_1_606' title='bbox 603 4980 884 5047; x_wconf 85' lang='lat' dir='ltr'><strong>leguntur.</strong></span> 
     </span>
    </p>
   </div>
   <div class='ocr_carea' id='block_1_83' title="bbox 380 5037 1894 5118">
    <p class='ocr_par' dir='ltr' id='par_1_83' title="bbox 380 5037 1894 5118">
     <span class='ocr_line' id='line_1_83' title="bbox 380 5037 1894 5118; baseline -0.01 -14"><span class='ocrx_word' id='word_1_607' title='bbox 380 5050 496 5118; x_wconf 82' lang='grc'>(57)</span> <span class='ocrx_word' id='word_1_608' title='bbox 522 5037 749 5103; x_wconf 66' lang='lat' dir='ltr'><strong>Labiiur</strong></span> <span class='ocrx_word' id='word_1_609' title='bbox 780 5044 1040 5118; x_wconf 79' lang='lat' dir='ltr'><strong>memoria</strong></span> <span class='ocrx_word' id='word_1_610' title='bbox 1067 5042 1383 5118; x_wconf 85' lang='lat' dir='ltr'><strong>_Ny_ssenus;</strong></span> <span class='ocrx_word' id='word_1_611' title='bbox 1408 5041 1521 5118; x_wconf 58' lang='lat' dir='ltr'><strong>hate</strong></span> <span class='ocrx_word' id='word_1_612' title='bbox 1551 5037 1696 5118; x_wconf 75' lang='lat' dir='ltr'><strong>enim</strong></span> <span class='ocrx_word' id='word_1_613' title='bbox 1729 5040 1894 5091; x_wconf 84' lang='lat' dir='ltr'><strong>verba</strong></span> 
     </span>
    </p>
   </div>
   <div class='ocr_carea' id='block_1_84' title="bbox 311 5108 1895 5189">
    <p class='ocr_par' dir='ltr' id='par_1_84' title="bbox 311 5108 1895 5189">
     <span class='ocr_line' id='line_1_84' title="bbox 311 5108 1895 5189; baseline -0.009 -13"><span class='ocrx_word' id='word_1_614' title='bbox 311 5108 667 5189; x_wconf 67' lang='lat' dir='ltr'><strong>praecedunt,</strong></span> <span class='ocrx_word' id='word_1_615' title='bbox 750 5117 930 5187; x_wconf 88' lang='lat' dir='ltr'><strong>capite</strong></span> <span class='ocrx_word' id='word_1_616' title='bbox 994 5108 1248 5170; x_wconf 78' lang='lat' dir='ltr'><strong>videlicet</strong></span> <span class='ocrx_word' id='word_1_617' title='bbox 1329 5108 1749 5182; x_wconf 78' lang='lat' dir='ltr'><strong>quadragesimo</strong></span> <span class='ocrx_word' id='word_1_618' title='bbox 1809 5122 1895 5163; x_wconf 86' lang='lat' dir='ltr'><strong>se-</strong></span> 
     </span>
    </p>
   </div>
   <div class='ocr_carea' id='block_1_85' title="bbox 310 5191 1895 5329">
    <p class='ocr_par' dir='ltr' id='par_1_85' title="bbox 310 5191 1895 5329">
     <span class='ocr_line' id='line_1_85' title="bbox 310 5191 1895 5329; baseline -0.009 -14"><span class='ocrx_word' id='word_1_619' title='bbox 310 5191 512 5329; x_wconf 45' lang='lat' dir='ltr'><strong>mag.</strong></span> <span class='ocrx_word' id='word_1_620' title='bbox 531 5257 717 5313; x_wconf 87' lang='lat' dir='ltr'><strong>Locus</strong></span> <span class='ocrx_word' id='word_1_621' title='bbox 774 5255 888 5329; x_wconf 79' lang='lat' dir='ltr'><strong>iste</strong></span> <span class='ocrx_word' id='word_1_622' title='bbox 909 5252 1158 5329; x_wconf 79' lang='lat' dir='ltr'><strong>nonnihil</strong></span> <span class='ocrx_word' id='word_1_623' title='bbox 1188 5253 1362 5329; x_wconf 63' lang='lat' dir='ltr'><strong>variat</strong></span> <span class='ocrx_word' id='word_1_624' title='bbox 1413 5251 1478 5329; x_wconf 68' lang='lat' dir='ltr'><strong>in</strong></span> <span class='ocrx_word' id='word_1_625' title='bbox 1514 5246 1895 5329; x_wconf 43' lang='lat' dir='ltr'><strong>editionehﬂo-</strong></span> 
     </span>
    </p>
   </div>
   <div class='ocr_carea' id='block_1_86' title="bbox 309 5317 1893 5398">
    <p class='ocr_par' dir='ltr' id='par_1_86' title="bbox 309 5317 1893 5398">
     <span class='ocr_line' id='line_1_86' title="bbox 309 5317 1893 5398; baseline -0.008 -15"><span class='ocrx_word' id='word_1_626' title='bbox 309 5317 494 5391; x_wconf 54' lang='lat' dir='ltr'><strong>mana;</strong></span> <span class='ocrx_word' id='word_1_627' title='bbox 530 5330 586 5383; x_wconf 90' lang='lat' dir='ltr'><strong>in</strong></span> <span class='ocrx_word' id='word_1_628' title='bbox 622 5342 729 5398; x_wconf 88' lang='lat' dir='ltr'><strong>qua</strong></span> <span class='ocrx_word' id='word_1_629' title='bbox 775 5324 967 5379; x_wconf 81' lang='lat' dir='ltr'><strong>Latine</strong></span> <span class='ocrx_word' id='word_1_630' title='bbox 998 5324 1212 5398; x_wconf 78' lang='lat' dir='ltr'><strong>legitur,</strong></span> <span class='ocrx_word' id='word_1_631' title='bbox 1240 5323 1379 5398; x_wconf 86' lang='lat' dir='ltr'><strong>_Ego</strong></span> <span class='ocrx_word' id='word_1_632' title='bbox 1434 5321 1692 5375; x_wconf 77' lang='lat' dir='ltr'><strong>Dominus</strong></span> <span class='ocrx_word' id='word_1_633' title='bbox 1754 5317 1893 5371; x_wconf 76' lang='lat' dir='ltr'><strong>Deus</strong></span> 
     </span>
    </p>
   </div>
   <div class='ocr_carea' id='block_1_87' title="bbox 306 5391 1894 5466">
    <p class='ocr_par' dir='ltr' id='par_1_87' title="bbox 306 5391 1894 5466">
     <span class='ocr_line' id='line_1_87' title="bbox 306 5391 1894 5466; baseline -0.009 -12"><span class='ocrx_word' id='word_1_634' title='bbox 306 5402 486 5453; x_wconf 79' lang='lat' dir='ltr'><strong>vocari</strong></span> <span class='ocrx_word' id='word_1_635' title='bbox 510 5391 894 5466; x_wconf 48' lang='lat' dir='ltr'><strong>tein-justitia.</strong></span> <span class='ocrx_word' id='word_1_636' title='bbox 921 5405 968 5449; x_wconf 84' lang='lat' dir='ltr'><strong>et</strong></span> <span class='ocrx_word' id='word_1_637' title='bbox 1008 5391 1185 5448; x_wconf 67' lang='lat' dir='ltr'><strong>tenebo</strong></span> <span class='ocrx_word' id='word_1_638' title='bbox 1217 5391 1487 5445; x_wconf 74' lang='lat' dir='ltr'><strong>dexteram</strong></span> <span class='ocrx_word' id='word_1_639' title='bbox 1510 5402 1654 5443; x_wconf 86' lang='lat' dir='ltr'><strong>tuam</strong></span> <span class='ocrx_word' id='word_1_640' title='bbox 1687 5399 1734 5466; x_wconf 76' lang='lat' dir='ltr'><strong>et</strong></span> <span class='ocrx_word' id='word_1_641' title='bbox 1770 5404 1894 5441; x_wconf 89' lang='lat' dir='ltr'><strong>con-</strong></span> 
     </span>
    </p>
   </div>
   <div class='ocr_carea' id='block_1_88' title="bbox 306 5460 1887 5539">
    <p class='ocr_par' dir='ltr' id='par_1_88' title="bbox 306 5460 1887 5539">
     <span class='ocr_line' id='line_1_88' title="bbox 306 5460 1887 5539; baseline -0.008 -15"><span class='ocrx_word' id='word_1_642' title='bbox 306 5470 522 5539; x_wconf 77' lang='lat' dir='ltr'><strong>fortabo</strong></span> <span class='ocrx_word' id='word_1_643' title='bbox 561 5479 630 5531; x_wconf 86' lang='lat' dir='ltr'><strong>te,</strong></span> <span class='ocrx_word' id='word_1_644' title='bbox 655 5460 729 5521; x_wconf 70' lang='grc' dir='ltr'><strong>ἐι</strong></span> <span class='ocrx_word' id='word_1_645' title='bbox 776 5465 915 5539; x_wconf 71' lang='lat' dir='ltr'><strong>dedi</strong></span> <span class='ocrx_word' id='word_1_646' title='bbox 939 5475 985 5517; x_wconf 89' lang='lat' dir='ltr'><strong>te</strong></span> <span class='ocrx_word' id='word_1_647' title='bbox 1034 5466 1088 5516; x_wconf 85' lang='lat' dir='ltr'><strong>in</strong></span> <span class='ocrx_word' id='word_1_648' title='bbox 1137 5471 1501 5539; x_wconf 68' lang='lat' dir='ltr'><strong>testamentum</strong></span> <span class='ocrx_word' id='word_1_649' title='bbox 1532 5460 1756 5539; x_wconf 66' lang='lat' dir='ltr'><strong>generis,</strong></span> <span class='ocrx_word' id='word_1_650' title='bbox 1782 5468 1887 5538; x_wconf 60' lang='lat' dir='ltr'><strong>etc.</strong></span> 
     </span>
    </p>
   </div>
   <div class='ocr_carea' id='block_1_89' title="bbox 306 5527 1889 5601">
    <p class='ocr_par' dir='ltr' id='par_1_89' title="bbox 306 5527 1889 5601">
     <span class='ocr_line' id='line_1_89' title="bbox 306 5527 1889 5601; baseline -0.008 -7"><span class='ocrx_word' id='word_1_651' title='bbox 306 5527 463 5594; x_wconf 69' lang='lat' dir='ltr'><strong>iiane</strong></span> <span class='ocrx_word' id='word_1_652' title='bbox 523 5527 709 5593; x_wconf 76' lang='lat' dir='ltr'><strong>autem</strong></span> <span class='ocrx_word' id='word_1_653' title='bbox 797 5536 1085 5591; x_wconf 79' lang='lat' dir='ltr'><strong>lectionem</strong></span> <span class='ocrx_word' id='word_1_654' title='bbox 1142 5527 1889 5601; x_wconf 68' lang='lat' dir='ltr'><strong>camproltautJustinus__in</strong></span> 
     </span>
    </p>
   </div>
   <div class='ocr_carea' id='block_1_90' title="bbox 307 5597 1886 5676">
    <p class='ocr_par' dir='ltr' id='par_1_90' title="bbox 307 5597 1886 5676">
     <span class='ocr_line' id='line_1_90' title="bbox 307 5597 1886 5676; baseline -0.008 -13"><span class='ocrx_word' id='word_1_655' title='bbox 307 5609 452 5663; x_wconf 75' lang='lat' dir='ltr'><strong>Dial.</strong></span> <span class='ocrx_word' id='word_1_656' title='bbox 487 5625 608 5661; x_wconf 84' lang='lat' dir='ltr'><strong>cum</strong></span> <span class='ocrx_word' id='word_1_657' title='bbox 636 5608 912 5676; x_wconf 74' lang='lat' dir='ltr'><strong>Trypltone</strong></span> <span class='ocrx_word' id='word_1_658' title='bbox 959 5602 1153 5658; x_wconf 76' lang='lat' dir='ltr'><strong>Judwo</strong></span> <span class='ocrx_word' id='word_1_659' title='bbox 1182 5597 1305 5673; x_wconf 72' lang='lat' dir='ltr'><strong>pag.</strong></span> <span class='ocrx_word' id='word_1_660' title='bbox 1359 5602 1483 5667; x_wconf 62' lang='grc'>255,</span> <span class='ocrx_word' id='word_1_661' title='bbox 1539 5600 1645 5654; x_wconf 75' lang='grc'><strong>290</strong></span> <span class='ocrx_word' id='word_1_662' title='bbox 1683 5608 1737 5653; x_wconf 87' lang='lat' dir='ltr'><strong>et</strong></span> <span class='ocrx_word' id='word_1_663' title='bbox 1762 5597 1886 5662; x_wconf 75' lang='grc'>550,</span> 
     </span>
    </p>
   </div>
   <div class='ocr_carea' id='block_1_91' title="bbox 304 5678 865 5751">
    <p class='ocr_par' dir='ltr' id='par_1_91' title="bbox 304 5678 865 5751">
     <span class='ocr_line' id='line_1_91' title="bbox 304 5678 865 5751; baseline -0.011 -16"><span class='ocrx_word' id='word_1_664' title='bbox 304 5681 617 5751; x_wconf 75' lang='lat' dir='ltr'><strong>Cyprianus</strong></span> <span class='ocrx_word' id='word_1_665' title='bbox 643 5678 865 5751; x_wconf 78' lang='lat' dir='ltr'><strong>aliique.</strong></span> 
     </span>
    </p>
   </div>
   <div class='ocr_carea' id='block_1_92' title="bbox 378 5735 1894 5820">
    <p class='ocr_par' dir='ltr' id='par_1_92' title="bbox 378 5735 1894 5820">
     <span class='ocr_line' id='line_1_92' title="bbox 378 5735 1894 5820; baseline -0.008 -16"><span class='ocrx_word' id='word_1_666' title='bbox 378 5735 491 5820; x_wconf 53' lang='lat'><strong>(&#39;39)</strong></span> <span class='ocrx_word' id='word_1_667' title='bbox 529 5748 610 5803; x_wconf 87' lang='lat' dir='ltr'><strong>Ita</strong></span> <span class='ocrx_word' id='word_1_668' title='bbox 660 5735 827 5805; x_wconf 70' lang='lat' dir='ltr'><strong>etiam</strong></span> <span class='ocrx_word' id='word_1_669' title='bbox 883 5745 1010 5816; x_wconf 82' lang='lat' dir='ltr'><strong>legit</strong></span> <span class='ocrx_word' id='word_1_670' title='bbox 1059 5742 1312 5800; x_wconf 86' lang='lat' dir='ltr'><strong>Justinus</strong></span> <span class='ocrx_word' id='word_1_671' title='bbox 1340 5741 1502 5798; x_wconf 90' lang='lat' dir='ltr'><strong>modo</strong></span> <span class='ocrx_word' id='word_1_672' title='bbox 1530 5738 1805 5797; x_wconf 86' lang='lat' dir='ltr'><strong>laudatus.</strong></span> <span class='ocrx_word' id='word_1_673' title='bbox 1834 5735 1894 5793; x_wconf 90' lang='lat' dir='ltr'><strong>In</strong></span> 
     </span>
    </p>
   </div>
   <div class='ocr_carea' id='block_1_93' title="bbox 2004 3522 3577 3595">
    <p class='ocr_par' dir='ltr' id='par_1_93' title="bbox 2004 3522 3577 3595">
     <span class='ocr_line' id='line_1_93' title="bbox 2004 3522 3577 3595; baseline -0.007 -10"><span class='ocrx_word' id='word_1_674' title='bbox 2004 3546 2202 3585; x_wconf 80' lang='lat' dir='ltr'><strong>nomen</strong></span> <span class='ocrx_word' id='word_1_675' title='bbox 2238 3544 2462 3594; x_wconf 88' lang='lat' dir='ltr'><strong>novum,</strong></span> <span class='ocrx_word' id='word_1_676' title='bbox 2499 3528 2591 3582; x_wconf 93' lang='lat' dir='ltr'><strong>cui</strong></span> <span class='ocrx_word' id='word_1_677' title='bbox 2619 3527 2974 3583; x_wconf 88' lang='lat' dir='ltr'><strong>benedieetur</strong></span> <span class='ocrx_word' id='word_1_678' title='bbox 3014 3540 3181 3595; x_wconf 87' lang='lat' dir='ltr'><strong>super</strong></span> <span class='ocrx_word' id='word_1_679' title='bbox 3224 3533 3425 3579; x_wconf 89' lang='lat' dir='ltr'><strong>terram</strong></span> <span class='ocrx_word' id='word_1_680' title='bbox 3449 3522 3519 3575; x_wconf 79' lang='lat'><strong>“.</strong></span> <span class='ocrx_word' id='word_1_681' title='bbox 3557 3541 3577 3575; x_wconf 76' lang='grc' dir='ltr'><strong>ι</strong></span> 
     </span>
    </p>
   </div>
   <div class='ocr_carea' id='block_1_94' title="bbox 2005 3614 3579 3687">
    <p class='ocr_par' dir='ltr' id='par_1_94' title="bbox 2005 3614 3579 3687">
     <span class='ocr_line' id='line_1_94' title="bbox 2005 3614 3579 3687; baseline -0.006 -9"><span class='ocrx_word' id='word_1_682' title='bbox 2005 3622 2199 3687; x_wconf 89' lang='lat' dir='ltr'><strong>Oseas,</strong></span> <span class='ocrx_word' id='word_1_683' title='bbox 2240 3642 2259 3675; x_wconf 76' lang='grc' dir='ltr'><strong>ι</strong></span> <span class='ocrx_word' id='word_1_684' title='bbox 2298 3621 2364 3675; x_wconf 90' lang='lat' dir='ltr'><strong>Et</strong></span> <span class='ocrx_word' id='word_1_685' title='bbox 2409 3622 2516 3677; x_wconf 89' lang='lat' dir='ltr'><strong>erit</strong></span> <span class='ocrx_word' id='word_1_686' title='bbox 2560 3621 2614 3674; x_wconf 92' lang='lat' dir='ltr'><strong>in</strong></span> <span class='ocrx_word' id='word_1_687' title='bbox 2668 3626 2915 3674; x_wconf 79' lang='lat' dir='ltr'><strong>extremo</strong></span> <span class='ocrx_word' id='word_1_688' title='bbox 2959 3631 3158 3672; x_wconf 87' lang='lat' dir='ltr'><strong>nomen</strong></span> <span class='ocrx_word' id='word_1_689' title='bbox 3211 3616 3335 3685; x_wconf 85' lang='lat' dir='ltr'><strong>ejus</strong></span> <span class='ocrx_word' id='word_1_690' title='bbox 3370 3614 3579 3668; x_wconf 87' lang='lat' dir='ltr'><strong>clarum</strong></span> 
     </span>
    </p>
   </div>
   <div class='ocr_carea' id='block_1_95' title="bbox 2004 3705 3578 3779">
    <p class='ocr_par' dir='ltr' id='par_1_95' title="bbox 2004 3705 3578 3779">
     <span class='ocr_line' id='line_1_95' title="bbox 2004 3705 3578 3779; baseline -0.005 -12"><span class='ocrx_word' id='word_1_691' title='bbox 2004 3713 2062 3767; x_wconf 91' lang='lat' dir='ltr'><strong>in</strong></span> <span class='ocrx_word' id='word_1_692' title='bbox 2117 3713 2266 3767; x_wconf 90' lang='lat' dir='ltr'><strong>omni</strong></span> <span class='ocrx_word' id='word_1_693' title='bbox 2302 3721 2469 3779; x_wconf 83' lang='lat' dir='ltr'><strong>terra,</strong></span> <span class='ocrx_word' id='word_1_694' title='bbox 2525 3722 2580 3768; x_wconf 90' lang='lat' dir='ltr'><strong>et</strong></span> <span class='ocrx_word' id='word_1_695' title='bbox 2624 3711 2846 3767; x_wconf 89' lang='lat' dir='ltr'><strong>nomine</strong></span> <span class='ocrx_word' id='word_1_696' title='bbox 2878 3708 3000 3779; x_wconf 87' lang='lat' dir='ltr'><strong>ejus</strong></span> <span class='ocrx_word' id='word_1_697' title='bbox 3039 3705 3578 3779; x_wconf 79' lang='lat' dir='ltr'><strong>cognominabuntur</strong></span> 
     </span>
    </p>
   </div>
   <div class='ocr_carea' id='block_1_96' title="bbox 2003 3793 3577 3877">
    <p class='ocr_par' dir='ltr' id='par_1_96' title="bbox 2003 3793 3577 3877">
     <span class='ocr_line' id='line_1_96' title="bbox 2003 3793 3577 3877; baseline -0.008 -16"><span class='ocrx_word' id='word_1_698' title='bbox 2003 3806 2192 3877; x_wconf 90' lang='lat' dir='ltr'><strong>populi</strong></span> <span class='ocrx_word' id='word_1_699' title='bbox 2251 3804 2448 3869; x_wconf 91' lang='lat' dir='ltr'><strong>multi&#39;,</strong></span> <span class='ocrx_word' id='word_1_700' title='bbox 2509 3811 2563 3860; x_wconf 89' lang='lat' dir='ltr'><strong>et</strong></span> <span class='ocrx_word' id='word_1_701' title='bbox 2596 3803 2652 3858; x_wconf 92' lang='lat' dir='ltr'><strong>in</strong></span> <span class='ocrx_word' id='word_1_702' title='bbox 2711 3801 2817 3859; x_wconf 91' lang='lat' dir='ltr'><strong>viis</strong></span> <span class='ocrx_word' id='word_1_703' title='bbox 2866 3799 2988 3871; x_wconf 84' lang='lat' dir='ltr'><strong>ejus</strong></span> <span class='ocrx_word' id='word_1_704' title='bbox 3056 3797 3439 3862; x_wconf 85' lang='lat' dir='ltr'><strong>ambulantes,</strong></span> <span class='ocrx_word' id='word_1_705' title='bbox 3497 3793 3577 3850; x_wconf 85' lang='lat' dir='ltr'><strong>vi-</strong></span> 
     </span>
    </p>
   </div>
   <div class='ocr_carea' id='block_1_97' title="bbox 2003 3895 2450 3953">
    <p class='ocr_par' dir='ltr' id='par_1_97' title="bbox 2003 3895 2450 3953">
     <span class='ocr_line' id='line_1_97' title="bbox 2003 3895 2450 3953; baseline -0.016 0"><span class='ocrx_word' id='word_1_706' title='bbox 2003 3903 2136 3953; x_wconf 90' lang='lat' dir='ltr'><strong>vent</strong></span> <span class='ocrx_word' id='word_1_707' title='bbox 2190 3895 2246 3950; x_wconf 91' lang='lat' dir='ltr'><strong>in</strong></span> <span class='ocrx_word' id='word_1_708' title='bbox 2298 3895 2397 3950; x_wconf 91' lang='lat' dir='ltr'><strong>eis.</strong></span> <span class='ocrx_word' id='word_1_709' title='bbox 2430 3911 2450 3945; x_wconf 75' lang='grc' dir='ltr'><strong>ι</strong></span> 
     </span>
    </p>
   </div>
   <div class='ocr_carea' id='block_1_98' title="bbox 1998 4051 3576 4131">
    <p class='ocr_par' dir='ltr' id='par_1_98' title="bbox 1998 4051 3576 4131">
     <span class='ocr_line' id='line_1_98' title="bbox 1998 4051 3576 4131; baseline -0.01 -10"><span class='ocrx_word' id='word_1_710' title='bbox 1998 4066 2044 4099; x_wconf 82' lang='grc'><strong>⁸³</strong></span> <span class='ocrx_word' id='word_1_711' title='bbox 2070 4063 2300 4120; x_wconf 76' lang='lat' dir='ltr'><strong>Malach.</strong></span> <span class='ocrx_word' id='word_1_712' title='bbox 2353 4079 2431 4131; x_wconf 80' lang='lat' dir='ltr'><strong>tv,</strong></span> <span class='ocrx_word' id='word_1_713' title='bbox 2462 4061 2516 4119; x_wconf 88' lang='lat'><strong>5.</strong></span> <span class='ocrx_word' id='word_1_714' title='bbox 2550 4054 2605 4117; x_wconf 86' lang='lat'><strong>6.</strong></span> <span class='ocrx_word' id='word_1_715' title='bbox 2705 4060 2752 4093; x_wconf 77' lang='grc'><em>’³</em></span> <span class='ocrx_word' id='word_1_716' title='bbox 2785 4058 2892 4116; x_wconf 87' lang='lat' dir='ltr'><strong>Isa.</strong></span> <span class='ocrx_word' id='word_1_717' title='bbox 2923 4070 3060 4124; x_wconf 75' lang='lat' dir='ltr'><strong>uti,</strong></span> <span class='ocrx_word' id='word_1_718' title='bbox 3092 4056 3147 4110; x_wconf 79' lang='lat'><strong>2.</strong></span> <span class='ocrx_word' id='word_1_719' title='bbox 3241 4055 3289 4090; x_wconf 75' lang='lat'>“</span> <span class='ocrx_word' id='word_1_720' title='bbox 3333 4051 3443 4109; x_wconf 88' lang='lat' dir='ltr'><strong>Isa.</strong></span> <span class='ocrx_word' id='word_1_721' title='bbox 3488 4064 3576 4119; x_wconf 77' lang='lat' dir='ltr'><strong>LV,</strong></span> 
     </span>
    </p>
   </div>
   <div class='ocr_carea' id='block_1_99' title="bbox 1997 4327 3362 4400">
    <p class='ocr_par' dir='ltr' id='par_1_99' title="bbox 1997 4327 3362 4400">
     <span class='ocr_line' id='line_1_99' title="bbox 1997 4327 3362 4400; baseline -0.007 -10"><span class='ocrx_word' id='word_1_722' title='bbox 1997 4334 2241 4390; x_wconf 87' lang='lat' dir='ltr'><strong>editione</strong></span> <span class='ocrx_word' id='word_1_723' title='bbox 2271 4331 2517 4386; x_wconf 80' lang='lat' dir='ltr'><strong>Romana</strong></span> <span class='ocrx_word' id='word_1_724' title='bbox 2549 4336 2654 4400; x_wconf 84' lang='lat' dir='ltr'><strong>est,</strong></span> <span class='ocrx_word' id='word_1_725' title='bbox 2692 4328 2756 4383; x_wconf 85' lang='grc' dir='ltr'><strong>ὲκ</strong></span> <span class='ocrx_word' id='word_1_726' title='bbox 2781 4327 2995 4400; x_wconf 82' lang='grc' dir='ltr'><strong>δεσμῶν</strong></span> <span class='ocrx_word' id='word_1_727' title='bbox 3026 4328 3362 4398; x_wconf 80' lang='grc' dir='ltr'><strong>δεδεμένους.</strong></span> 
     </span>
    </p>
   </div>
   <div class='ocr_carea' id='block_1_100' title="bbox 2072 4396 3577 4474">
    <p class='ocr_par' dir='ltr' id='par_1_100' title="bbox 2072 4396 3577 4474">
     <span class='ocr_line' id='line_1_100' title="bbox 2072 4396 3577 4474; baseline -0.004 -16"><span class='ocrx_word' id='word_1_728' title='bbox 2072 4404 2185 4474; x_wconf 71' lang='grc'>(40)</span> <span class='ocrx_word' id='word_1_729' title='bbox 2217 4403 2272 4457; x_wconf 94' lang='lat' dir='ltr'><strong>In</strong></span> <span class='ocrx_word' id='word_1_730' title='bbox 2306 4400 2497 4474; x_wconf 72' lang='lat' dir='ltr'><strong>eadem</strong></span> <span class='ocrx_word' id='word_1_731' title='bbox 2510 4399 2760 4474; x_wconf 81' lang='lat' dir='ltr'><strong>editione</strong></span> <span class='ocrx_word' id='word_1_732' title='bbox 2806 4396 3055 4474; x_wconf 75' lang='lat' dir='ltr'><strong>Romana</strong></span> <span class='ocrx_word' id='word_1_733' title='bbox 3076 4396 3291 4474; x_wconf 75' lang='lat' dir='ltr'><strong>legitur,</strong></span> <span class='ocrx_word' id='word_1_734' title='bbox 3323 4396 3433 4474; x_wconf 79' lang='lat' dir='ltr'><strong>_xal</strong></span> <span class='ocrx_word' id='word_1_735' title='bbox 3474 4413 3577 4452; x_wconf 82' lang='grc' dir='ltr'><strong>κα·-</strong></span> 
     </span>
    </p>
   </div>
   <div class='ocr_carea' id='block_1_101' title="bbox 1998 4467 3575 4544">
    <p class='ocr_par' dir='ltr' id='par_1_101' title="bbox 1998 4467 3575 4544">
     <span class='ocr_line' id='line_1_101' title="bbox 1998 4467 3575 4544; baseline -0.004 -16"><span class='ocrx_word' id='word_1_736' title='bbox 1998 4467 2285 4544; x_wconf 72' lang='grc' dir='ltr'><strong>θημένους.</strong></span> <span class='ocrx_word' id='word_1_737' title='bbox 2343 4471 2595 4544; x_wconf 71' lang='lat' dir='ltr'><strong>Nobilius</strong></span> <span class='ocrx_word' id='word_1_738' title='bbox 2652 4467 3239 4544; x_wconf 68' lang='lat' dir='ltr'><strong>adnotat_i_ll_ud,_icai_,</strong></span> <span class='ocrx_word' id='word_1_739' title='bbox 3288 4467 3481 4522; x_wconf 88' lang='lat' dir='ltr'><strong>abesse</strong></span> <span class='ocrx_word' id='word_1_740' title='bbox 3544 4482 3575 4522; x_wconf 87' lang='lat' dir='ltr'><strong>a</strong></span> 
     </span>
    </p>
   </div>
   <div class='ocr_carea' id='block_1_102' title="bbox 1997 4536 3574 4605">
    <p class='ocr_par' dir='ltr' id='par_1_102' title="bbox 1997 4536 3574 4605">
     <span class='ocr_line' id='line_1_102' title="bbox 1997 4536 3574 4605; baseline -0.004 -7"><span class='ocrx_word' id='word_1_741' title='bbox 1997 4536 2297 4605; x_wconf 77' lang='lat' dir='ltr'><strong>ndhnullis,</strong></span> <span class='ocrx_word' id='word_1_742' title='bbox 2343 4549 2399 4597; x_wconf 92' lang='lat' dir='ltr'><strong>et</strong></span> <span class='ocrx_word' id='word_1_743' title='bbox 2462 4557 2491 4595; x_wconf 89' lang='lat' dir='ltr'><strong>a</strong></span> <span class='ocrx_word' id='word_1_744' title='bbox 2557 4540 2780 4605; x_wconf 75' lang='lat' dir='ltr'><strong>Cyrillo.</strong></span> <span class='ocrx_word' id='word_1_745' title='bbox 2874 4538 3026 4592; x_wconf 82' lang='lat' dir='ltr'><strong>Adde</strong></span> <span class='ocrx_word' id='word_1_746' title='bbox 3086 4536 3380 4605; x_wconf 51' lang='lat' dir='ltr'><strong>Justinunt</strong></span> <span class='ocrx_word' id='word_1_747' title='bbox 3451 4550 3574 4605; x_wconf 79' lang='lat' dir='ltr'><strong>pag.</strong></span> 
     </span>
    </p>
   </div>
   <div class='ocr_carea' id='block_1_103' title="bbox 1996 4598 3573 4731">
    <p class='ocr_par' dir='ltr' id='par_1_103' title="bbox 1996 4598 3573 4731">
     <span class='ocr_line' id='line_1_103' title="bbox 1996 4598 3573 4683; baseline -0.006 -14"><span class='ocrx_word' id='word_1_748' title='bbox 1996 4614 2260 4678; x_wconf 72' lang='lat'><strong>243-290,</strong></span> <span class='ocrx_word' id='word_1_749' title='bbox 2288 4598 2625 4683; x_wconf 74' lang='lat' dir='ltr'><strong>Cyprianum</strong></span> <span class='ocrx_word' id='word_1_750' title='bbox 2658 4612 2751 4667; x_wconf 90' lang='lat' dir='ltr'><strong>lib.</strong></span> <span class='ocrx_word' id='word_1_751' title='bbox 2787 4624 2824 4662; x_wconf 89' lang='lat' dir='ltr'><strong>II</strong></span> <span class='ocrx_word' id='word_1_752' title='bbox 2854 4608 3069 4663; x_wconf 78' lang='lat' dir='ltr'><strong>Testim.</strong></span> <span class='ocrx_word' id='word_1_753' title='bbox 3102 4623 3163 4662; x_wconf 92' lang='lat' dir='ltr'><strong>ca</strong></span> <span class='ocrx_word' id='word_1_754' title='bbox 3210 4647 3222 4661; x_wconf 96' lang='lat'><strong>.</strong></span> <span class='ocrx_word' id='word_1_755' title='bbox 3255 4605 3307 4670; x_wconf 89' lang='lat'><strong>7,</strong></span> <span class='ocrx_word' id='word_1_756' title='bbox 3339 4598 3573 4659; x_wconf 67' lang='lat' dir='ltr'><strong>Teriuli.</strong></span> 
     </span>
     <span class='ocr_line' id='line_1_104' title="bbox 1996 4623 3572 4731; baseline -0.002 0"><span class='ocrx_word' id='word_1_757' title='bbox 1996 4685 2244 4731; x_wconf 73' lang='lat' dir='ltr'><strong>adversus</strong></span> <span class='ocrx_word' id='word_1_758' title='bbox 2305 4681 2523 4731; x_wconf 76' lang='lat' dir='ltr'><strong>Judmos</strong></span> <span class='ocrx_word' id='word_1_759' title='bbox 2573 4695 2694 4731; x_wconf 83' lang='lat' dir='ltr'><strong>can.</strong></span> <span class='ocrx_word' id='word_1_760' title='bbox 2742 4679 2843 4731; x_wconf 71' lang='lat' dir='ltr'><strong>i2.</strong></span> <span class='ocrx_word' id='word_1_761' title='bbox 2908 4677 3107 4731; x_wconf 84' lang='lat' dir='ltr'><strong>Euseb.</strong></span> <span class='ocrx_word' id='word_1_762' title='bbox 3162 4623 3309 4731; x_wconf 69' lang='lat' dir='ltr'><strong>Bent.</strong></span> <span class='ocrx_word' id='word_1_763' title='bbox 3370 4673 3572 4731; x_wconf 76' lang='lat' dir='ltr'><strong>Evana.</strong></span> 
     </span>
    </p>
   </div>
   <div class='ocr_carea' id='block_1_104' title="bbox 1996 4673 3572 4751">
    <p class='ocr_par' dir='ltr' id='par_1_104' title="bbox 1996 4673 3572 4751">
     <span class='ocr_line' id='line_1_105' title="bbox 1996 4673 3572 4751; baseline -0.007 -13"><span class='ocrx_word' id='word_1_764' title='bbox 1996 4673 2256 4738; x_wconf 61' lang='lat' dir='ltr'><strong>adversus</strong></span> <span class='ocrx_word' id='word_1_765' title='bbox 2305 4673 2523 4736; x_wconf 70' lang='lat' dir='ltr'><strong>ludam:</strong></span> <span class='ocrx_word' id='word_1_766' title='bbox 2573 4695 2694 4751; x_wconf 79' lang='lat' dir='ltr'><strong>cap.</strong></span> <span class='ocrx_word' id='word_1_767' title='bbox 2742 4679 2843 4746; x_wconf 71' lang='lat' dir='ltr'><strong>i2,</strong></span> <span class='ocrx_word' id='word_1_768' title='bbox 2908 4677 3107 4733; x_wconf 84' lang='lat' dir='ltr'><strong>Euseb.</strong></span> <span class='ocrx_word' id='word_1_769' title='bbox 3162 4673 3309 4731; x_wconf 77' lang='lat' dir='ltr'><strong>Dem.</strong></span> <span class='ocrx_word' id='word_1_770' title='bbox 3370 4673 3572 4745; x_wconf 76' lang='lat' dir='ltr'><strong>Evang.</strong></span> 
     </span>
    </p>
   </div>
   <div class='ocr_carea' id='block_1_105' title="bbox 1925 4752 2411 4836">
    <p class='ocr_par' dir='ltr' id='par_1_105' title="bbox 1925 4752 2411 4836">
     <span class='ocr_line' id='line_1_106' title="bbox 1925 4752 2411 4836; baseline -0.004 0"><span class='ocrx_word' id='word_1_771' title='bbox 1925 4775 1971 4836; x_wconf 94' lang='lat' dir='ltr'><strong>D</strong></span> <span class='ocrx_word' id='word_1_772' title='bbox 1997 4755 2287 4836; x_wconf 60' lang='lat'><strong>“1’:.&#39;.‘.&quot;.3‘</strong></span> <span class='ocrx_word' id='word_1_773' title='bbox 2307 4752 2411 4836; x_wconf 67' lang='lat'><strong>.5.&quot;</strong></span> 
     </span>
    </p>
   </div>
   <div class='ocr_carea' id='block_1_106' title="bbox 2070 4810 3573 4894">
    <p class='ocr_par' dir='ltr' id='par_1_106' title="bbox 2070 4810 3573 4894">
     <span class='ocr_line' id='line_1_107' title="bbox 2070 4810 3573 4894; baseline -0.008 -17"><span class='ocrx_word' id='word_1_774' title='bbox 2070 4810 2272 4894; x_wconf 49' lang='lat' dir='ltr'><strong>(41)&#39;Et</strong></span> <span class='ocrx_word' id='word_1_775' title='bbox 2307 4822 2396 4876; x_wconf 91' lang='lat' dir='ltr'><strong>hic</strong></span> <span class='ocrx_word' id='word_1_776' title='bbox 2441 4820 2597 4894; x_wconf 72' lang='lat' dir='ltr'><strong>locus</strong></span> <span class='ocrx_word' id='word_1_777' title='bbox 2630 4818 2880 4894; x_wconf 80' lang='lat' dir='ltr'><strong>nonnihil</strong></span> <span class='ocrx_word' id='word_1_778' title='bbox 2906 4816 3081 4894; x_wconf 66' lang='lat' dir='ltr'><strong>variat</strong></span> <span class='ocrx_word' id='word_1_779' title='bbox 3107 4816 3161 4871; x_wconf 91' lang='lat' dir='ltr'><strong>in</strong></span> <span class='ocrx_word' id='word_1_780' title='bbox 3190 4813 3429 4894; x_wconf 71' lang='lat' dir='ltr'><strong>editione</strong></span> <span class='ocrx_word' id='word_1_781' title='bbox 3463 4810 3573 4894; x_wconf 29' lang='lat' dir='ltr'><strong>Ilo:</strong></span> 
     </span>
    </p>
   </div>
   <div class='ocr_carea' id='block_1_107' title="bbox 1996 4882 3577 4960">
    <p class='ocr_par' dir='ltr' id='par_1_107' title="bbox 1996 4882 3577 4960">
     <span class='ocr_line' id='line_1_108' title="bbox 1996 4882 3577 4960; baseline -0.009 -11"><span class='ocrx_word' id='word_1_782' title='bbox 1996 4882 2177 4956; x_wconf 60' lang='lat' dir='ltr'><strong>mana;</strong></span> <span class='ocrx_word' id='word_1_783' title='bbox 2209 4894 2265 4947; x_wconf 92' lang='lat' dir='ltr'><strong>in</strong></span> <span class='ocrx_word' id='word_1_784' title='bbox 2314 4905 2420 4960; x_wconf 84' lang='lat' dir='ltr'><strong>qua</strong></span> <span class='ocrx_word' id='word_1_785' title='bbox 2472 4889 2665 4944; x_wconf 87' lang='lat' dir='ltr'><strong>Latine</strong></span> <span class='ocrx_word' id='word_1_786' title='bbox 2732 4885 3236 4960; x_wconf 70' lang='lat' dir='ltr'><strong>legitur,__Hag_mtm_</strong></span> <span class='ocrx_word' id='word_1_787' title='bbox 3262 4882 3357 4936; x_wconf 88' lang='lat' dir='ltr'><strong>tibi</strong></span> <span class='ocrx_word' id='word_1_788' title='bbox 3397 4895 3488 4960; x_wconf 54' lang='lat' dir='ltr'><strong>est</strong></span> <span class='ocrx_word' id='word_1_789' title='bbox 3518 4891 3577 4935; x_wconf 84' lang='lat' dir='ltr'><strong>ut</strong></span> 
     </span>
    </p>
   </div>
   <div class='ocr_carea' id='block_1_108' title="bbox 1995 4953 3576 5033">
    <p class='ocr_par' dir='ltr' id='par_1_108' title="bbox 1995 4953 3576 5033">
     <span class='ocr_line' id='line_1_109' title="bbox 1995 4953 3576 5033; baseline -0.009 -14"><span class='ocrx_word' id='word_1_790' title='bbox 1995 4953 2191 5019; x_wconf 79' lang='lat' dir='ltr'><strong>voceris</strong></span> <span class='ocrx_word' id='word_1_791' title='bbox 2222 4953 2351 5033; x_wconf 70' lang='lat' dir='ltr'><strong>puer</strong></span> <span class='ocrx_word' id='word_1_792' title='bbox 2375 4976 2538 5033; x_wconf 77' lang='lat' dir='ltr'><strong>meus,</strong></span> <span class='ocrx_word' id='word_1_793' title='bbox 2565 4969 2621 5012; x_wconf 82' lang='lat' dir='ltr'><strong>ut</strong></span> <span class='ocrx_word' id='word_1_794' title='bbox 2646 4953 2865 5033; x_wconf 53' lang='lat' dir='ltr'><strong>susciies</strong></span> <span class='ocrx_word' id='word_1_795' title='bbox 2891 4953 3270 5033; x_wconf 54' lang='lat' dir='ltr'><strong>tripusilacob,</strong></span> <span class='ocrx_word' id='word_1_796' title='bbox 3293 4964 3341 5033; x_wconf 75' lang='lat' dir='ltr'><strong>et</strong></span> <span class='ocrx_word' id='word_1_797' title='bbox 3374 4953 3576 5021; x_wconf 74' lang='lat' dir='ltr'><strong>disper-</strong></span> 
     </span>
    </p>
   </div>
   <div class='ocr_carea' id='block_1_109' title="bbox 1996 5026 3576 5089">
    <p class='ocr_par' dir='ltr' id='par_1_109' title="bbox 1996 5026 3576 5089">
     <span class='ocr_line' id='line_1_110' title="bbox 1996 5026 3576 5089; baseline -0.01 0"><span class='ocrx_word' id='word_1_798' title='bbox 1996 5036 2194 5089; x_wconf 79' lang='lat' dir='ltr'><strong>sionem</strong></span> <span class='ocrx_word' id='word_1_799' title='bbox 2222 5026 2402 5086; x_wconf 60' lang='lat' dir='ltr'><strong>Ysrael</strong></span> <span class='ocrx_word' id='word_1_800' title='bbox 2436 5040 2727 5085; x_wconf 81' lang='lat' dir='ltr'><strong>convertas.</strong></span> <span class='ocrx_word' id='word_1_801' title='bbox 2765 5028 2897 5083; x_wconf 85' lang='lat' dir='ltr'><strong>Ecce</strong></span> <span class='ocrx_word' id='word_1_802' title='bbox 2943 5026 3065 5081; x_wconf 87' lang='lat' dir='ltr'><strong>dedi</strong></span> <span class='ocrx_word' id='word_1_803' title='bbox 3110 5036 3158 5080; x_wconf 90' lang='lat' dir='ltr'><strong>te</strong></span> <span class='ocrx_word' id='word_1_804' title='bbox 3198 5026 3250 5079; x_wconf 85' lang='lat' dir='ltr'><strong>in</strong></span> <span class='ocrx_word' id='word_1_805' title='bbox 3302 5032 3576 5076; x_wconf 73' lang='lat' dir='ltr'><strong>testamen-</strong></span> 
     </span>
    </p>
   </div>
   <div class='ocr_carea' id='block_1_110' title="bbox 1999 5092 3566 5167">
    <p class='ocr_par' dir='ltr' id='par_1_110' title="bbox 1999 5092 3566 5167">
     <span class='ocr_line' id='line_1_111' title="bbox 1999 5092 3566 5167; baseline -0.008 -9"><span class='ocrx_word' id='word_1_806' title='bbox 1999 5113 2130 5167; x_wconf 85' lang='lat' dir='ltr'><strong>tum,</strong></span> <span class='ocrx_word' id='word_1_807' title='bbox 2176 5110 2282 5158; x_wconf 82' lang='lat' dir='ltr'><strong>ete.</strong></span> <span class='ocrx_word' id='word_1_808' title='bbox 2315 5102 2559 5156; x_wconf 90' lang='lat' dir='ltr'><strong>Similem</strong></span> <span class='ocrx_word' id='word_1_809' title='bbox 2598 5101 2723 5154; x_wconf 89' lang='lat' dir='ltr'><strong>huic</strong></span> <span class='ocrx_word' id='word_1_810' title='bbox 2754 5099 3045 5154; x_wconf 87' lang='lat' dir='ltr'><strong>lectionem</strong></span> <span class='ocrx_word' id='word_1_811' title='bbox 3083 5095 3303 5151; x_wconf 79' lang='lat' dir='ltr'><strong>exhibet</strong></span> <span class='ocrx_word' id='word_1_812' title='bbox 3332 5092 3566 5148; x_wconf 85' lang='lat' dir='ltr'><strong>Tertull.</strong></span> 
     </span>
    </p>
   </div>
   <div class='ocr_carea' id='block_1_111' title="bbox 1998 5171 2728 5240">
    <p class='ocr_par' dir='ltr' id='par_1_111' title="bbox 1998 5171 2728 5240">
     <span class='ocr_line' id='line_1_112' title="bbox 1998 5171 2728 5240; baseline -0.007 -12"><span class='ocrx_word' id='word_1_813' title='bbox 1998 5176 2247 5240; x_wconf 70' lang='lat' dir='ltr'><strong>adversus</strong></span> <span class='ocrx_word' id='word_1_814' title='bbox 2281 5171 2448 5225; x_wconf 75' lang='lat' dir='ltr'><strong>Prax.</strong></span> <span class='ocrx_word' id='word_1_815' title='bbox 2481 5171 2664 5240; x_wconf 57' lang='grc' dir='ltr'><strong>(ξομ-1</strong></span> <span class='ocrx_word' id='word_1_816' title='bbox 2679 5172 2698 5221; x_wconf 84' lang='grc'>1</span> <span class='ocrx_word' id='word_1_817' title='bbox 2716 5210 2728 5223; x_wconf 96' lang='grc'><strong>.</strong></span> 
     </span>
    </p>
   </div>
   <div class='ocr_carea' id='block_1_112' title="bbox 2071 5233 3500 5312">
    <p class='ocr_par' dir='ltr' id='par_1_112' title="bbox 2071 5233 3500 5312">
     <span class='ocr_line' id='line_1_113' title="bbox 2071 5233 3500 5312; baseline -0.009 -14"><span class='ocrx_word' id='word_1_818' title='bbox 2071 5233 2186 5312; x_wconf 63' lang='grc' dir='ltr'><strong>(ὶὲ)</strong></span> <span class='ocrx_word' id='word_1_819' title='bbox 2228 5242 2284 5312; x_wconf 81' lang='lat' dir='ltr'><strong>In</strong></span> <span class='ocrx_word' id='word_1_820' title='bbox 2335 5233 2575 5312; x_wconf 53' lang='lat' dir='ltr'><strong>editione</strong></span> <span class='ocrx_word' id='word_1_821' title='bbox 2607 5237 2874 5312; x_wconf 62' lang='lat' dir='ltr'><strong>Romana,</strong></span> <span class='ocrx_word' id='word_1_822' title='bbox 2923 5233 3225 5312; x_wconf 65' lang='grc' dir='ltr'><strong>αποστελῶ,</strong></span> <span class='ocrx_word' id='word_1_823' title='bbox 3264 5233 3500 5312; x_wconf 69' lang='lat' dir='ltr'><strong>mittam.</strong></span> 
     </span>
    </p>
   </div>
   <div class='ocr_carea' id='block_1_113' title="bbox 2071 5301 3569 5385">
    <p class='ocr_par' dir='ltr' id='par_1_113' title="bbox 2071 5301 3569 5385">
     <span class='ocr_line' id='line_1_114' title="bbox 2071 5301 3569 5385; baseline -0.009 -19"><span class='ocrx_word' id='word_1_824' title='bbox 2071 5301 2184 5385; x_wconf 72' lang='grc'>(45)</span> <span class='ocrx_word' id='word_1_825' title='bbox 2223 5311 2406 5367; x_wconf 81' lang='lat' dir='ltr'><strong>Codex</strong></span> <span class='ocrx_word' id='word_1_826' title='bbox 2443 5309 2690 5379; x_wconf 88' lang='lat' dir='ltr'><strong>Siphani,</strong></span> <span class='ocrx_word' id='word_1_827' title='bbox 2725 5315 2779 5362; x_wconf 90' lang='lat' dir='ltr'><strong>et</strong></span> <span class='ocrx_word' id='word_1_828' title='bbox 2813 5305 3115 5361; x_wconf 78' lang='lat' dir='ltr'><strong>Vaticanus</strong></span> <span class='ocrx_word' id='word_1_829' title='bbox 3147 5303 3442 5365; x_wconf 88' lang='lat' dir='ltr'><strong>recentior,</strong></span> <span class='ocrx_word' id='word_1_830' title='bbox 3476 5301 3569 5353; x_wconf 71' lang='grc' dir='ltr'><strong>τὸν</strong></span> 
     </span>
    </p>
   </div>
   <div class='ocr_carea' id='block_1_114' title="bbox 1997 5387 2308 5456">
    <p class='ocr_par' dir='ltr' id='par_1_114' title="bbox 1997 5387 2308 5456">
     <span class='ocr_line' id='line_1_115' title="bbox 1997 5387 2308 5456; baseline -0.006 -18"><span class='ocrx_word' id='word_1_831' title='bbox 1997 5387 2308 5456; x_wconf 63' lang='grc' dir='ltr'><strong>προφήτην.</strong></span> 
     </span>
    </p>
   </div>
   <div class='ocr_carea' id='block_1_115' title="bbox 2067 5441 3576 5589">
    <p class='ocr_par' dir='ltr' id='par_1_115' title="bbox 2067 5441 3576 5589">
     <span class='ocr_line' id='line_1_116' title="bbox 2067 5441 3576 5589; baseline -0.011 -80"><span class='ocrx_word' id='word_1_832' title='bbox 2067 5441 2181 5589; x_wconf 54' lang='grc' dir='ltr'><strong>ἓιιᾎ)</strong></span> <span class='ocrx_word' id='word_1_833' title='bbox 2220 5441 2277 5506; x_wconf 76' lang='lat' dir='ltr'><strong>lit</strong></span> <span class='ocrx_word' id='word_1_834' title='bbox 2326 5445 2565 5506; x_wconf 75' lang='lat' dir='ltr'><strong>editione</strong></span> <span class='ocrx_word' id='word_1_835' title='bbox 2598 5445 2843 5529; x_wconf 55' lang='lat' dir='ltr'><strong>Romana</strong></span> <span class='ocrx_word' id='word_1_836' title='bbox 2887 5452 2992 5509; x_wconf 87' lang='lat' dir='ltr'><strong>est,</strong></span> <span class='ocrx_word' id='word_1_837' title='bbox 3043 5444 3117 5528; x_wconf 85' lang='grc' dir='ltr'><strong>μὴ</strong></span> <span class='ocrx_word' id='word_1_838' title='bbox 3154 5444 3310 5509; x_wconf 77' lang='grc' dir='ltr'><strong>ἔλθω,</strong></span> <span class='ocrx_word' id='word_1_839' title='bbox 3345 5441 3439 5495; x_wconf 79' lang='grc' dir='ltr'><strong>καὶ</strong></span> <span class='ocrx_word' id='word_1_840' title='bbox 3478 5456 3576 5493; x_wconf 81' lang='grc' dir='ltr'><strong>πα-</strong></span> 
     </span>
     <span class='ocr_line' id='line_1_117' title="bbox 2098 5521 3390 5589; baseline -0.009 -12"><span class='ocrx_word' id='word_1_841' title='bbox 2098 5545 2162 5583; x_wconf 84' lang='grc' dir='ltr'><strong>ω.</strong></span> <span class='ocrx_word' id='word_1_842' title='bbox 2214 5521 2295 5576; x_wconf 90' lang='lat' dir='ltr'><strong>Ne</strong></span> <span class='ocrx_word' id='word_1_843' title='bbox 2330 5526 2464 5587; x_wconf 78' lang='lat' dir='ltr'><strong>[orte</strong></span> <span class='ocrx_word' id='word_1_844' title='bbox 2514 5534 2736 5589; x_wconf 63' lang='lat' dir='ltr'><strong>ueniam,</strong></span> <span class='ocrx_word' id='word_1_845' title='bbox 2772 5527 2820 5570; x_wconf 88' lang='lat' dir='ltr'><strong>et</strong></span> <span class='ocrx_word' id='word_1_846' title='bbox 2855 5526 3168 5589; x_wconf 80' lang='lat' dir='ltr'><strong>percutiam.</strong></span> <span class='ocrx_word' id='word_1_847' title='bbox 3367 5580 3390 5589; x_wconf 36' lang='grc' dir='ltr'><strong>Δ</strong></span> 
     </span>
    </p>
   </div>
   <div class='ocr_carea' id='block_1_116' title="bbox 1993 5519 3168 5587">
    <p class='ocr_par' dir='ltr' id='par_1_116' title="bbox 1993 5519 3168 5587">
     <span class='ocr_line' id='line_1_118' title="bbox 1993 5519 3168 5587; baseline -0.009 -8"><span class='ocrx_word' id='word_1_848' title='bbox 1993 5519 2173 5587; x_wconf 57' lang='grc' dir='ltr'><strong>τάξω(</strong></span> <span class='ocrx_word' id='word_1_849' title='bbox 2214 5521 2295 5576; x_wconf 90' lang='lat' dir='ltr'><strong>Ne</strong></span> <span class='ocrx_word' id='word_1_850' title='bbox 2330 5526 2464 5587; x_wconf 78' lang='lat' dir='ltr'><strong>[orte</strong></span> <span class='ocrx_word' id='word_1_851' title='bbox 2514 5519 2736 5579; x_wconf 82' lang='lat' dir='ltr'><strong>ueniam,</strong></span> <span class='ocrx_word' id='word_1_852' title='bbox 2772 5527 2820 5570; x_wconf 88' lang='lat' dir='ltr'><strong>et</strong></span> <span class='ocrx_word' id='word_1_853' title='bbox 2855 5519 3168 5587; x_wconf 83' lang='lat' dir='ltr'><strong>percutiam.</strong></span> 
     </span>
    </p>
   </div>
   <div class='ocr_carea' id='block_1_117' title="bbox 2070 5580 3572 5665">
    <p class='ocr_par' dir='ltr' id='par_1_117' title="bbox 2070 5580 3572 5665">
     <span class='ocr_line' id='line_1_119' title="bbox 2070 5580 3572 5665; baseline -0.013 -16"><span class='ocrx_word' id='word_1_854' title='bbox 2070 5580 2180 5665; x_wconf 69' lang='grc'>(43)</span> <span class='ocrx_word' id='word_1_855' title='bbox 2222 5593 2280 5647; x_wconf 90' lang='lat' dir='ltr'><strong>In</strong></span> <span class='ocrx_word' id='word_1_856' title='bbox 2314 5580 2550 5645; x_wconf 75' lang='lat' dir='ltr'><strong>editione</strong></span> <span class='ocrx_word' id='word_1_857' title='bbox 2583 5587 2826 5665; x_wconf 66' lang='lat' dir='ltr'><strong>[lentam</strong></span> <span class='ocrx_word' id='word_1_858' title='bbox 2855 5580 3043 5658; x_wconf 81' lang='lat' dir='ltr'><strong>priore</strong></span> <span class='ocrx_word' id='word_1_859' title='bbox 3079 5586 3198 5639; x_wconf 75' lang='lat' dir='ltr'><strong>loco</strong></span> <span class='ocrx_word' id='word_1_860' title='bbox 3224 5589 3329 5649; x_wconf 89' lang='lat' dir='ltr'><strong>est,</strong></span> <span class='ocrx_word' id='word_1_861' title='bbox 3363 5580 3572 5633; x_wconf 68' lang='grc' dir='ltr'><strong>δικωιιο⁸</strong></span> 
     </span>
    </p>
   </div>
   <div class='ocr_carea' id='block_1_118' title="bbox 2003 5658 2754 5734">
    <p class='ocr_par' dir='ltr' id='par_1_118' title="bbox 2003 5658 2754 5734">
     <span class='ocr_line' id='line_1_120' title="bbox 2003 5658 2754 5734; baseline -0.012 -15"><span class='ocrx_word' id='word_1_862' title='bbox 2003 5658 2191 5734; x_wconf 79' lang='grc' dir='ltr'><strong>σύνην,</strong></span> <span class='ocrx_word' id='word_1_863' title='bbox 2224 5665 2548 5734; x_wconf 79' lang='lat' dir='ltr'><strong>posteriore,</strong></span> <span class='ocrx_word' id='word_1_864' title='bbox 2579 5658 2754 5723; x_wconf 78' lang='grc' dir='ltr'><strong>δόξαν.</strong></span> 
     </span>
    </p>
   </div>
   <div class='ocr_carea' id='block_1_119' title="bbox 2003 5717 3451 5816">
    <p class='ocr_par' dir='ltr' id='par_1_119' title="bbox 2003 5717 3451 5816">
     <span class='ocr_line' id='line_1_121' title="bbox 2003 5717 3451 5816; baseline -0.013 -26"><span class='ocrx_word' id='word_1_865' title='bbox 2003 5717 2190 5816; x_wconf 22' lang='grc' dir='ltr'><strong>ξ’(ιίῖὶ)</strong></span> <span class='ocrx_word' id='word_1_866' title='bbox 2225 5717 2431 5788; x_wconf 79' lang='lat' dir='ltr'><strong>Locum</strong></span> <span class='ocrx_word' id='word_1_867' title='bbox 2463 5717 2610 5787; x_wconf 44' lang='lat' dir='ltr'><strong>bu&#39;uc</strong></span> <span class='ocrx_word' id='word_1_868' title='bbox 2644 5717 2787 5799; x_wconf 79' lang='lat' dir='ltr'><strong>apud</strong></span> <span class='ocrx_word' id='word_1_869' title='bbox 2826 5727 3025 5784; x_wconf 84' lang='lat' dir='ltr'><strong>Oscam</strong></span> <span class='ocrx_word' id='word_1_870' title='bbox 3065 5739 3177 5780; x_wconf 88' lang='lat' dir='ltr'><strong>non</strong></span> <span class='ocrx_word' id='word_1_871' title='bbox 3216 5717 3451 5788; x_wconf 89' lang='lat' dir='ltr'><strong>reperio.</strong></span> 
     </span>
    </p>
   </div>
  </div>
