4034 6132
264 290 285 304 ‘
307 339 418 397 157

1408 344 1497 401 DE
1532 341 2006 403 PROFESSIONE
2042 343 2477 404 CHRISTIANA.

3465 348 3573 405 938

309 597 3538 639 Ἢ

1552 795 1964 910 PARS
2066 748 2377 912 In.‘

2762 998 2799 1037 ἑο

532 1208 1486 1328 ASCETICA
1565 1220 1811 1330 ET
1907 1219 3340 1365 MISCELLANEA.

1278 1636 1506 1725 ΤΟΥ
1577 1632 1956 1726 ΑΥΤΟΥ
2028 1610 2649 1731 ΓΡΗΓΟΡΙΟΥ

1668 1926 1679 1932 ν
1751 1847 1938 1901 ΠΕΡΙ
1976 1847 2117 1901 ΤΟΥ

297 2065 454 2178 TI
516 2062 725 2181 ΤΟ
796 2063 1713 2181 ΧΡΙΣΤΙΑΝΩΝ
1783 2064 2353 2186 ΟΝΟΜΑ
2429 2072 2539 2182 Η
2614 2068 3559 2199 ΕΠΑΓΓΕΛΜΑ

1616 2327 1814 2381 .ΠΡΟΣ
1847 2327 2225 2385 ΔΡΜΟΝἹΟΝ.

1269 2801 1804 2890 EJUSDEM
1887 2801 1980 2892 S.
2053 2799 2632 2893 GREGORII

1493 3041 1615 3101 AD
1689 3040 2316 3107 HARMONIUM

444 3242 762 3369 QUID
840 3243 1297 3350 NOMEN
1373 3243 2253 3355 PROFESSIOVE
2342 3211 3409 3363 CHRISTIANOBUM

1594 3514 1794 3594 SIBI
1845 3516 2186 3597 VELIT.

1533 3760 1799 3813 Laurentio
1824 3762 1989 3815 Sifano
2014 3767 2304 3828 interprete.

356 4174 541 4244 Ὅπερ
574 4170 789 4224 ποιοῦσι
824 4172 955 4239 πρὸς
995 4171 1120 4234 τοὺς
1150 4170 1484 4242 κρατοῦντας
1513 4174 1561 4225 οἱ
1593 4174 1703 4236 τοῖς
1732 4175 1864 4243 ἡμε-

2038 4173 2197 4238 Quod
2224 4171 2366 4242 apud
2398 4171 2751 4241 magistratus
2773 4180 2828 4228 et
2858 4187 2953 4229 eos
2979 4176 3072 4245 qui
3105 4192 3290 4235 rerum
3322 4181 3545 4251 potiun-

290 4266 459 4338 ρινοῖς
495 4262 846 4332 ὑποκείμενοι
880 4262 1063 4334 φόροις
1088 4301 1105 4325 ,
1145 4263 1192 4314 εἰ
1225 4261 1485 4314 πλειόνων
1525 4261 1747 4334 ἡμερῶν
1777 4262 1864 4316 έλ-

286 4356 536 4425 λειφθείη
566 4354 627 4408 τὸ
655 4353 837 4424 χρέος,
878 4351 1090 4424 ἁθρόως
1113 4351 1223 4405 τῶν
1248 4350 1389 4406 κατὰ
1424 4351 1589 4423 μέρος
1616 4352 1868 4424 ὀφλημά-

283 4463 397 4499 των
425 4441 809 4506 ἀποτιννύντες
848 4442 906 4495 ἐν
944 4439 1224 4510 κεφαλαίῳ
1257 4439 1318 4492 τὸ
1345 4439 1568 4511 ὄφλημα
1588 4479 1603 4504 ,
1638 4441 1693 4494 εἴ
1721 4459 1867 4506 τινος

287 4538 597 4606 ἐπιτύχοιεν
635 4533 897 4604 εὐπορίας
920 4574 934 4598 ,
966 4531 1126 4585 τοῦτο
1173 4533 1384 4603 ποιήσω
1425 4530 1521 4583 καὶ
1564 4530 1726 4595 αὐτὸς
1773 4532 1868 4585 ἐπὶ

285 4627 388 4699 τῆς
426 4624 757 4696 σεμνότητός
793 4640 907 4676 σου.
934 4620 1240 4692 Χρεωστῶν
1280 4620 1390 4692 γάρ
1418 4637 1500 4673 σοι
1526 4620 1588 4674 τὸ
1621 4620 1864 4693 συνεχῶς

285 4718 621 4775 ἐπιστέλλειν
643 4717 796 4789 (διότι
820 4719 932 4781 τοῖς
961 4716 1305 4787 Χριστιανοῖς
1332 4715 1681 4786 ήὲπαγγελία
1705 4715 1865 4787 χρέος

284 4812 405 4865 ἐστὶ
424 4811 463 4882 ),
502 4810 604 4880 τὴν
634 4811 694 4862 ὲν
724 4808 804 4880 τῷ
833 4807 1153 4878 παρελθόντι
1187 4808 1362 4881 χρόνῳ
1385 4808 1494 4861 τῶν
1519 4800 1863 4880 γραμμάτων

283 4902 544 4971 ἔλλειψιν,
571 4900 640 4971 ἢν
666 4900 934 4964 ἀκουσίως
973 4898 1300 4971 πεποίημαι,
1336 4899 1430 4952 νῦν
1469 4899 1865 4972 ἀποπληρῶσαι

285 4993 574 5064 βούλομαι,
594 4991 849 5046 τοσοῦτον
870 4989 1114 5053 ἐκτείνας
1131 4991 1231 5060 τῆς
1262 4990 1549 5061 ἐπιπολῆς
1563 4990 1624 5044 τὸ
1645 4991 1862 5064 μέτρον,

280 5086 425 5141 ὥστε
468 5087 567 5139 καὶ
618 5082 757 5155 πρὸς
788 5082 860 5136 τὰ
905 5081 1107 5153 συνήθη
1158 5082 1333 5152 μέτρα
1381 5081 1492 5135 τῶν
1523 5084 1865 5154 γραμμάτων

278 5177 694 5248 διαιρουμένην,
714 5175 839 5229 ἀντὶ
870 5172 1079 5228 πολλῶν
1116 5172 1457 5244 νομισθῆναι.
1505 5174 1592 5238 Ὠς
1622 5174 1668 5228 δ’
1696 5174 1764 5229 ἂν
1789 5175 1863 5247 μὴ

285 5272 465 5341 μάτην
497 5268 846 5340 ἀδολεσχοίην
875 5267 955 5338 τῷ
979 5268 1143 5338 μήκει
1175 5266 1269 5319 τοῦ
1293 5267 1620 5337 γράμματος
1645 5305 1658 5329 ,
1683 5268 1864 5332 καλῶς

281 5365 428 5436 ἔχειν
463 5362 708 5434 ἡγοῦμαι
743 5360 831 5414 διὰ
858 5360 960 5431 τῆς
1007 5358 1415 5428 ὲπιστολιμαίου
1444 5358 1650 5430 ταύτης
1676 5358 1862 5429 φωνῆς

1968 4272 2083 4327 tur,
2112 4264 2323 4318 faciunt
2370 4264 2405 4317 ii
2437 4264 2531 4333 qui
2561 4264 2899 4333 quotidiauis
2925 4268 3284 4339 vectigalibus
3316 4272 3542 4329 obnoxii

1969 4364 2118 4419 sunt,
2154 4365 2210 4411 ut
2233 4355 2278 4411 si
2305 4355 2669 4425 complurium
2699 4355 2909 4411 dierum
2937 4373 3014 4414 ms
3042 4360 3281 4416 alienum
3305 4361 3376 4417 ab
3408 4364 3542 4433 ipsis

1970 4446 2306 4516 persolutum
2331 4461 2440 4500 non
2472 4446 2563 4509 sit,
2594 4446 2649 4501 in
2682 4461 2845 4502 unam
2868 4464 3138 4507 summam
3159 4460 3409 4508 coactum
3434 4456 3544 4510 sin-

1969 4539 2240 4608 gularium
2261 4538 2570 4594 debitorum
2601 4555 2675 4596 tes
2695 4541 2931 4596 alienum
2950 4541 3280 4613 dependant,
3309 4546 3352 4601 si
3378 4562 3541 4616 quam

1971 4630 2110 4685 forte
2133 4631 2275 4685 nacti
2298 4628 2502 4685 fuerint
2522 4633 2769 4701 pecuniae
2796 4633 3129 4699 facultatem,
3159 4636 3213 4691 id
3239 4636 3403 4691 etiam
3428 4638 3544 4708 ipse

1970 4719 2162 4776 faciam
2194 4719 2336 4791 apud
2366 4726 2514 4774 tuam
2542 4722 2972 4791 amplitudinem.
3006 4721 3140 4778 Nam
3166 4740 3291 4780 cum
3308 4725 3544 4794 debeam

1970 4812 2195 4868 crebras
2227 4810 2294 4865 ad
2335 4820 2386 4866 te
2438 4811 2657 4867 mittere
2686 4813 2921 4876 litteras,
2954 4815 3154 4886 quippe
3200 4831 3324 4871 cum
3381 4818 3540 4874 ειη-ἰ-

1971 4900 2164 4957 stianis
2218 4899 2510 4969 promissio
2540 4899 2781 4955 debitum
2812 4902 2906 4965 sit,
2938 4918 3100 4972 quam
3158 4904 3213 4958 in
3267 4908 3543 4975 prasterim

1971 5001 2214 5062 tempore
2272 4990 2479 5046 invitus
2534 4990 2636 5045 feci
2694 4992 2993 5047 litterarum
3065 4994 3565 5069 intermissionem,

1967 5098 2115 5139 nunc
2144 5083 2363 5153 explere
2380 5091 2433 5137 et
2445 5097 2801 5153 compensare
2825 5086 2970 5147 volo,
2987 5085 3044 5140 in
3071 5094 3281 5143 tantum
3300 5092 3547 5159 epistolae

1966 5174 2187 5229 modum
2218 5174 2513 5239 excedens,
2539 5182 2602 5228 ut
2628 5175 2673 5229 si
2700 5174 2767 5230 ad
2797 5186 3115 5232 consuetum
3155 5181 3376 5235 modum
3400 5182 3545 5236 litte-

1964 5279 2152 5318 rarum
2189 5262 2485 5328 dividatur,
2511 5264 2634 5320 loco
2657 5266 2949 5320 multarum
2975 5268 3330 5337 epistolarum
3351 5271 3542 5327 haberi

1964 5357 2157 5424 possit.
2194 5352 2395 5410 Verum
2426 5369 2496 5410 ne
2530 5355 2735 5411 frustra
2769 5357 3074 5413 litterarum
3118 5361 3429 5431 prolixitate
3458 5366 3542 5418 lu-

278 5455 382 5528 τὴν
428 5454 574 5509 κατᾶ
619 5454 910 5525 πρόσωπον
956 5450 1114 5522 ἡμῶν
1167 5450 1450 5505 συνουσίαν
1496 5449 1857 5522 μιμήσασθαι.

1968 5446 2111 5511 dam,
2145 5461 2210 5503 ac
2232 5446 2489 5518 nugando
2521 5455 2736 5517 tempus
2789 5455 2986 5514 teram,
3020 5463 3168 5508 recte
3209 5455 3341 5509 mihi
3368 5454 3541 5510 factu-

279 5548 579 5616 Μέμνησαι
613 5546 725 5617 γὰρ
747 5545 985 5609 πάντως,
1020 5544 1101 5597 ὅτι
1127 5541 1237 5595 τῶν
1265 5542 1401 5613 πρὸς
1433 5541 1690 5613 ἀλλήλους
1728 5542 1864 5595 πάν-

185 5711 189 5714 ,
281 5655 403 5691 τοτε
432 5639 566 5708 ἡμῖν
612 5637 788 5704 λόγων
829 5637 884 5689 αἱ
923 5634 1200 5706 ἀφορμαὶ,
1244 5633 1463 5703 μελέται
1501 5633 1635 5702 πρὸς
1664 5633 1863 5704 ἀρετὴν

284 5732 377 5785 καὶ
414 5728 721 5801 γνμνασίαι
769 5728 902 5792 πρὸς
933 5726 1243 5781 Θεοσέόειαν
1271 5719 1408 5793 ἦσαν
1429 5763 1444 5791 ,
1482 5724 1573 5778 σοῦ
1617 5726 1714 5793 μὲν
1741 5727 1863 5777 ἐπι-

1968 5553 2066 5594 rus
2113 5554 2235 5595 esse
2271 5539 2480 5605 videor,
2513 5542 2559 5595 si
2616 5554 2714 5609 per
2762 5541 3110 5612 epistularem
3152 5543 3295 5600 hanc
3350 5562 3540 5601 vocem

1971 5631 2218 5686 imitatus
2241 5632 2394 5688 fuero
2419 5634 2868 5691 consuetudinem
2898 5652 3005 5706 qua
3030 5653 3211 5692 coram
3244 5639 3387 5694 inter
3439 5655 3539 5692 nos

1974 5722 2051 5777 uti
2082 5723 2338 5778 solemus.
2372 5722 2662 5781 Meministi
2690 5728 2852 5789 enim,
2888 5740 2970 5785 sat
2998 5728 3131 5790 scio.
3155 5731 3297 5792 quod
3327 5742 3540 5790 semper
