4034 6132
523 315 626 368 ἓῦθ

1722 310 1776 366 S.
1825 308 2143 366 GliEGORlI
2180 309 2467 367 NYSSENI

3662 314 3763 368 2-3.0

526 436 843 496 argumenta
876 441 1210 489 sermonum,
1246 426 1441 495 quibus
1473 428 1612 481 inter
1643 442 1742 482 nos
1774 429 1848 480 uti
1883 428 2094 481 soleba-

2201 430 2463 491 στατικῶς
2501 430 2585 482 ἀεὶ
2632 432 2740 491 τοῖς
2789 429 3097 498 λεγομένοις
3132 428 3595 500 άνθυποφέροντος
3620 470 3634 493 ,
3672 436 3766 482 καὶ

533 533 670 585 mus,
701 518 1083 572 meditationes
1118 517 1338 573 virtutis
1367 526 1542 579 erant,
1576 526 1629 573 et
1670 519 1733 572 ad
1766 518 1858 571 Dei
1887 520 2091 572 cultmn

532 621 693 679 atque
710 610 961 678 pietatem
1004 609 1441 670 exercitationes.
1466 624 1588 662 eum
1613 618 1667 661 tu
1702 609 1920 677 quidem
1956 624 2091 679 pne-

532 703 768 771 ceptoris
792 715 853 753 ac
877 700 1121 769 magistri
1148 715 1297 753 more
1315 715 1528 769 semper
1547 700 1613 753 iis
1629 715 1748 769 quae
1776 700 2094 754 dicebantur

529 808 589 845 ex
621 791 849 846 adverso
881 790 1178 860 subjiceres
1208 799 1261 845 et
1289 789 1597 860 oppoﬁeres
1648 792 1912 862 nihilque,
1948 793 2094 862 quod

528 883 804 936 diceretur
866 883 1075 951 absque
1131 882 1455 937 exeussione
1494 891 1657 952 atque
1695 884 2096 938 examinatione

528 973 876 1037 admitteres;
905 986 1005 1025 nos
1041 986 1166 1025 vero
1196 966 1467 1042 Qtﬁmate
1494 973 1943 1040 praecederemus,
1975 989 2096 1043 quae

529 1078 624 1134 per
651 1063 1096 1130 consequentiam
1134 1064 1404 1117 sermonis
1434 1062 1727 1117 identidem
1754 1064 2096 1133 requireren-

528 1167 637 1216 tur,
668 1154 1114 1210 dissolveremus.
1149 1153 1205 1206 Si
1238 1154 1401 1224 igitur
1448 1170 1593 1209 nunc
1626 1155 1788 1209 etiam
1857 1156 1931 1209 ita
1978 1156 2094 1208 fieri

528 1256 825 1318 possetput
874 1261 903 1298 a
931 1253 1031 1298 tua
1072 1244 1360 1313 prudentia
1388 1244 1533 1299 omni
1586 1247 1824 1300 sermoni
1880 1245 2095 1298 occasio

528 1343 768 1401 daretur,
818 1337 953 1391 nihil
991 1353 1055 1391 eo
1089 1336 1282 1391 melius
1322 1350 1386 1390 ac
1443 1336 1809 1405 praestabilius
1848 1335 2097 1390 accidere

529 1436 732 1500 posset.
770 1427 976 1493 Duplex
1014 1428 1157 1481 enim
1188 1427 1402 1495 utrique
1426 1438 1674 1482 nostrum
1706 1426 1919 1479 lucrum
1951 1426 2098 1479 exsi-

529 1527 716 1582 steret,
754 1528 865 1573 tum
893 1536 955 1573 ex
991 1528 1179 1573 mutuo
1212 1527 1529 1587 conspectu,
1563 1519 1701 1586 (quo
1734 1517 1860 1587 quid
1900 1519 1952 1570 in
1985 1518 2095 1571 vita

528 1612 658 1665 mihi
687 1610 970 1679 dulcius?)
1004 1619 1115 1664 tum
1147 1625 1212 1665 ex
1246 1626 1311 1665 eo
1336 1609 1480 1678 quod
1509 1610 1692 1678 plectri
1722 1611 1778 1663 in
1810 1594 2031 1663 modum
2065 1624 2096 1663 a

529 1713 618 1757 tua
650 1702 930 1770 prudentia
986 1710 1176 1755 nostra
1202 1711 1411 1756 vetusta
1470 1701 1683 1755 cithara
1713 1701 2091 1755 suscitaretur.

2193 521 2341 573 οὐδὲν
2373 520 2743 585 ἀνεξετάστως
2787 518 3229 590 παραδεχομένου
3264 518 3371 572 τῶν
3413 519 3723 588 λεγομένων
3744 536 3761 551 ⁸

2193 612 2350 682 ἡμῶν
2383 611 2437 664 δὲ
2465 611 2550 663 διὰ
2579 611 2640 663 τὸ
2665 613 2925 682 προήκειν
2947 611 3023 680 τῷ
3043 612 3218 681 χρόνῳ
3245 610 3311 663 τὰ
3336 611 3593 664 ἑκάστοτε
3615 609 3767 677 παρᾶ

2194 703 2292 770 τῆς
2321 701 2414 753 τοῦ
2444 701 2603 765 λόγου
2634 700 2951 763 ἀκολουθίας
2986 699 3389 771 ἐπιζητούμενα
3415 699 3762 753 διαλυόντων.

2197 795 2256 846 Εἰ
2289 794 2387 861 μὲν
2419 789 2510 846 οὖν
2535 791 2602 864 ἦν
2628 792 2849 847 δυνατὸν
2881 793 2973 844 καὶ
3002 791 3095 845 νῦν
3127 791 3367 859 γίνεσθαι
3394 772 3585 855 ούτως,
3622 788 3765 843 ὥστε

2196 886 2348 957 παρά
2372 885 2471 954 τῆς
2497 886 2594 955 σῆς
2625 884 2891 945 συνέσεως
2917 882 3150 936 δίδοσθαι
3181 882 3323 952 λόγῳ
3357 881 3453 953 τὴν
3487 882 3764 952 ἀφορμὴν,

2196 975 2271 1046 τῷ
2298 977 2459 1030 παντὶ
2490 979 2738 1047 κρεῖττον
2767 976 2831 1028 ἂν
2856 971 2923 1045 ἦν
2945 975 3005 1028 τὸ
3026 973 3282 1028 τοιοῦτον.
3314 973 3533 1044 Διχόθεν
3562 972 3670 1043 γὰρ
3701 972 3770 1027 ἂν

2197 1068 2439 1138 ὑπῆρχεν
2471 1068 2799 1136 ἀμφοτέροις
2833 1066 2891 1118 τὸ
2919 1066 3105 1136 κέρδος
3128 1105 3142 1129 ,
3170 1064 3233 1118 ἔκ
3269 1081 3327 1118 τε
3356 1064 3450 1118 τοῦ
3492 1067 3769 1136 προσορᾷν

2196 1160 2475 1229 ἀλλήλους,
2505 1155 2584 1229 (οὗ
2608 1160 2660 1211 τί
2688 1158 2905 1227 γλύκιον
2926 1157 3030 1210 τῶν
3053 1157 3190 1211 κατὰ
3216 1157 3305 1209 τὸν
3330 1156 3443 1226 βίον
3469 1156 3643 1227 ἐμοί;)
3675 1156 3771 1210 καὶ
3854 1202 3863 1215 .

2196 1255 2261 1304 ἐκ
2301 1252 2393 1304 τοῦ
2427 1251 2578 1321 παρὰ
2620 1250 2720 1320 τῆς
2754 1250 2851 1320 σῆς
2890 1253 3237 1321 φρονήσεως,
3285 1249 3559 1320 πλήκτρου
3588 1249 3768 1320 δίκην,

2195 1343 2293 1412 τὴν
2319 1342 2556 1411 γηραιάν
2596 1340 2751 1410 ἡμῶν
2783 1341 3148 1393 ἁνακινείσθαι
3183 1339 3436 1410 κιθάραν.
3476 1340 3627 1393 Ἐπεὶ
3654 1340 3711 1393 δὲ
3735 1343 3770 1410 ἡ

2196 1433 2288 1486 τοῦ
2330 1433 2445 1502 βίου
2490 1433 2702 1502 ἀνάγκη
2739 1432 3011 1487 διεστάναι.
3051 1434 3198 1502 ἡμᾶς
3242 1432 3651 1506 παρασκευάζει
3688 1432 3771 1502 τῷ

2199 1521 2408 1593 σώματι
2428 1562 2443 1581 ,
2477 1521 2577 1576 κᾶν
2604 1523 2652 1574 εἰ
2682 1522 2779 1584 τὰς
2802 1521 2978 1591 ψυχὰς
3014 1521 3413 1592 συναπτιῖψεθα
3431 1563 3446 1586 ,
3473 1522 3770 1589 ἀναγκαῖον

2198 1611 2263 1664 ἂν
2292 1610 2377 1680 εἴη
2399 1651 2413 1673 ,
2443 1610 2619 1664 καὶτὸ
2646 1610 2735 1664 σὺν
2770 1611 3064 1680 πρόσωπον
3097 1611 3442 1672 ὑποδύεσθαι.
3468 1613 3520 1664 εῐ
3547 1611 3651 1664 πού
3684 1629 3772 1673 τις

2198 1701 2516 1772 ἀντίρρησις
2548 1702 2685 1772 πρὸς
2709 1700 2799 1754 τὸν
2827 1701 3002 1770 λόγον,
3045 1701 3187 1755 κατὰ
3216 1702 3277 1755 τὸ
3299 1701 3608 1765 ἀκόλουθον,
3637 1703 3772 1772 ἡμῖν

529 1791 636 1846 Sed
673 1791 929 1861 quoiiiam
985 1792 1110 1845 vita:
1140 1792 1442 1846 necessitas
1485 1790 1634 1853 facit,
1686 1800 1744 1845 ut
1776 1805 2005 1859 corpore
2027 1790 2095 1845 ab

2201 1794 2516 1864 ἀναφανείη.
2578 1793 2772 1855 Καλῶς
2824 1793 2867 1846 δ’
2908 1794 2974 1847 ἂν
3024 1793 3135 1863 ἔχοι
3188 1795 3441 1848 ὑπόθεσίν
3491 1812 3613 1847 τινα
3660 1794 3773 1847 τῶν

530 1885 759 1939 invicem
811 1882 1072 1952 disjuneti
1132 1882 1327 1946 simus,
1372 1883 1589 1937 etiamsi
1622 1914 1625 1917 η
1654 1881 1853 1935 animis
1878 1897 2094 1950 semper

529 1973 948 2044 ennjungamur,
978 1973 1352 2028 necessarium
1397 1971 1581 2035 fuerit,
1617 1972 1791 2027 sicubi
1814 1971 2092 2027 contradi-

528 2062 637 2117 etio
675 2062 853 2135 aliqua
890 2064 1044 2119 nobis
1068 2064 1335 2120 exsistere
1358 2064 1475 2119 visa
1527 2062 1708 2128 fuerit,
1748 2079 1858 2133 {per
1896 2079 2091 2120 conse-

2198 1881 2533 1952 ψυχωιρελῶν
2573 1882 2849 1951 προθεῖναι
2886 1882 2963 1951 τῷ
3003 1882 3109 1937 τῶν
3153 1885 3496 1955 γραμμάτων
3539 1884 3730 1954 σκοπῷ
3755 1924 3770 1946 ,

2197 1970 2294 2025 εἷθ’
2323 1973 2465 2025 οὕτω
2491 1972 2625 2041 πρὸς
2647 1971 2706 2024 τὸ
2735 1973 3089 2044 προκείμενον
3121 1975 3486 2047 ἀηοληθῆναι
3506 1975 3581 2046 τῷ
3601 1976 3770 2044 λόγῳ.

2196 2063 2424 2129 Οὐκοῦν,
2454 2064 2529 2127 ὡς
2560 2066 2617 2117 ἐν
2646 2064 3014 2135 προϐλήματι,
3046 2066 3310 2136 ζητείσθω
3332 2068 3462 2140 παρ’
3484 2067 3670 2138 ἡμῶν·

528 2156 800 2223 quentiam
827 2156 1087 2211 adversus
1124 2170 1428 2212 sermonem
1458 2155 1622 2209 etiam
1653 2162 1802 2209 tuam
1828 2156 2011 2210 subire
2036 2155 2726 2225 personam.‘(lonnnodum
2754 2156 3119 2212 autemTuerit
3141 2159 3370 2227 primum
3391 2169 3771 2230 argumentum

528 2246 821 2315 quoddam,
841 2246 982 2301 unde
1003 2246 1181 2315 aliqua
1195 2244 1260 2298 ad
1283 2245 1521 2299 animum
1539 2245 1747 2300 utilitas
1767 2249 2046 2315 pervenire
2063 2247 2563 2316 possit,proponere
2588 2247 2745 2314 quasi
2763 2260 2987 2315 scopum
3016 2249 3338 2314 litterarum,
3359 2267 3468 2320 quo
3491 2256 3771 2322 spectent;

528 2336 722 2393 deinde
745 2338 825 2391 sic
859 2335 928 2391 ad
954 2350 1066 2390 rem
1101 2336 1432 2406 propositam
1471 2335 1710 2390 sermoni
1733 2350 1951 2405 cperam
1983 2336 2132 2391 dare.
2162 2335 2328 2405 igitur
2350 2352 2377 2388 a
2398 2336 2790 2404 l'quazrendum
2820 2353 2849 2391 a
2874 2337 3036 2395 nobis
3067 2342 3407 2410 propositum
3432 2351 3588 2398 esto:

669 2495 801 2562 Qua:
825 2495 894 2549 sit
918 2492 1210 2548 Christiani
1235 2494 1462 2548 hominis
1497 2494 1798 2563 professio?

599 2608 867 2663 Fortassis
891 2607 1035 2662 enim
1058 2606 1204 2661 haud
1229 2606 1438 2661 inutilis
1484 2607 1588 2662 erit
1619 2607 1782 2675 hujus
1813 2608 1887 2661 rei
1911 2610 2094 2663 consi-

530 2701 759 2753 deratio.
792 2698 925 2752 Nam
957 2699 1002 2752 si
1040 2698 1195 2767 plene
1218 2706 1381 2767 atque
1411 2709 1600 2754 exacte
1624 2700 1901 2754 inventum
1928 2700 2093 2754 fuerit

530 2790 585 2844 id
617 2787 764 2858 quod
794 2803 889 2857 per
917 2789 1021 2841 hoc
1052 2803 1246 2843 nomen
1274 2789 1604 2852 declaratur,
1639 2803 1895 2859 magnum
1928 2790 2092 2859 adju-

528 2889 767 2935 mentum
790 2878 968 2947 adepti
990 2877 1253 2932 fuerimus
1275 2880 1341 2931 a.l
1368 2879 1532 2933 vitam
1556 2894 1677 2933 cum
1700 2881 1897 2934 virtute
1927 2890 2097 2935 trans-

529 2970 799 3042 igendam,
818 2969 865 3024 si
899 2969 950 3022 id
975 2969 1116 3039 quod
1145 2968 1506 3030 nominamur,
1534 2985 1629 3036 per
1650 2971 1934 3026 sublimem
1960 2987 2097 3040 quo-

535 3078 641 3133 que
672 3062 795 3117 vitae
826 3061 1090 3114 rationem
1127 3074 1250 3114 vere
1280 3074 1402 3115 esse
1454 3059 1791 3115 Studeamus.
1822 3060 2097 3127 Quemad-

2351 2496 2409 2548 Τί
2434 2494 2538 2549 τοῦ
2571 2495 2923 2563 Χριστιανοῦ
2956 2496 3018 2550 τὸ
3046 2497 3389 2569 ἐπάγγελμα
3399 2519 3420 2566 ;

2274 2607 2426 2676 Τάχα
2457 2608 2565 2679 γὰρ
2590 2608 2689 2660 οὐκ
2711 2607 2813 2673 ἔξω
2842 2607 2935 2661 τοῦ
2959 2608 3355 2676 λυσιτελοῦντος
3378 2615 3410 2684 ἡ
3433 2616 3560 2686 περὶ
3580 2616 3777 2673 τούτου

2203 2697 2393 2766 σκέψις
2435 2701 2743 2769 γενήσεται.
2781 2700 2840 2752 Ei
2871 2701 2979 2770 γὰρ
3019 2701 3261 2772 ἀκριϐῶς
3289 2704 3539 2776 εὑρεθείη
3585 2707 3647 2760 τὸ
3679 2710 3778 2764 διὰ

2199 2786 2291 2839 τοῦ
2319 2787 2579 2857 ὀνόματος
2609 2789 2796 2842 τούτου
2822 2789 3168 2861 δηλούμενον,
3193 2792 3391 2865 πολλὴν
3419 2794 3485 2849 ἂν
3512 2795 3782 2869 λάϐοιμεν

2201 2877 2336 2947 πρὸς
2362 2878 2451 2930 τὸν
2477 2878 2595 2931 κατ’
2634 2880 2832 2951 ἀρετὴν
2859 2881 2971 2951 βίον
3018 2884 3305 2954 συνεργίαν
3329 2902 3345 2917 ’
3377 2885 3610 2957 ἀληθῶς,
3634 2890 3781 2961 ὅπερ

2176 2969 2571 3039 Δόνομςιξόμεθα
2596 3010 2609 3033 ,
2640 2970 2796 3025 τοῦτο
2836 2973 2929 3026 καὶ
2955 2970 3092 3027 εἶναι
3131 2974 3218 3028 διὰ
3250 2977 3346 3045 τῆς
3382 2977 3593 3048 ὑψηλῆς
3622 2981 3783 3035 πολι-

2196 3058 2349 3121 τείας
2384 3060 2790 3125 σπουδάζοντες.
2817 3062 3027 3132 ’Ὥσπερ
3059 3065 3166 3136 γὰρ
3186 3066 3240 3118 εἴ
3263 3084 3347 3131 τις
3375 3070 3573 3139 ίατρὸς.
3601 3071 3633 3140 ἢ
3672 3074 3781 3143 ῥή-

534 3152 753 3207 modum
799 3153 942 3205 enim
974 3152 1018 3207 si
1052 3150 1177 3219 quis
1204 3151 1467 3213 medicus,
1499 3151 1579 3205 vel
1611 3162 1813 3218 orator,
1838 3152 1924 3206 vel
1972 3167 2098 3221 geo-

2201 3148 2385 3218 τωρ,ἦ
2408 3150 2726 3220 γεωμέτρης
2748 3151 3025 3206 καλεῖσθαι
3040 3154 3348 3225 ποθήσειεν,
3365 3158 3464 3211 οὐκ
3486 3159 3550 3213 ὃν
3563 3160 3781 3225 δέξαιτο

531 3257 704 3299 metra
729 3242 911 3297 vocari
928 3241 1307 3304 desiderasset,
1321 3258 1433 3296 non
1456 3241 1782 3307 admitteret,
1805 3252 1862 3297 ut
1881 3254 2100 3314 propter

533 3334 857 3406 imperitiam
892 3349 1193 3405 cognomen
1219 3335 1728 3404 reprehenderetttr,
1768 3334 1815 3390 si
1849 3335 1992 3389 facto
2015 3351 2109 3406 pe-

532 3424 707 3477 riculo
729 3422 776 3478 is
802 3436 907 3475 non
928 3421 1281 3488 inveniretur,
1298 3421 1457 3491 cujus
1479 3424 1699 3478 nomine
1713 3425 2097 3493 appellaretur,

531 3514 624 3569 sed
652 3515 743 3584 qui
776 3530 901 3568 vere
927 3514 1115 3567 harum
1168 3514 1402 3582 alicujus
1450 3514 1849 3584 professionum
1882 3519 2102 3573 nomine

531 3607 788 3677 appellari
818 3607 995 3668 vellet,
1024 3622 1093 3660 ne
1151 3604 1288 3660 falso
1354 3615 1569 3676 sumpta
1624 3610 1916 3677 appellatio
1967 3626 2101 3664 eon-

528 3701 800 3762 vincatur,
840 3699 958 3767 ipso
987 3697 1171 3752 studio
1203 3705 1365 3767 atque
1402 3699 1663 3754 exercitio
1687 3700 1845 3754 fidem
1899 3700 2102 3757 faceret

532 3790 875 3859 appellationi
896 3789 1111 3843 :eodem
1128 3804 1224 3843 nos
1243 3805 1457 3857 quoque
1481 3791 1711 3856 modo,si
1732 3807 1917 3846 verum
1935 3793 2105 3848 homi-

534 3876 620 3928 nis
637 3874 933 3928 Christiani
956 3874 1312 3943 professionis
1332 3888 1554 3944 secpum
1572 3878 1868 3932 scrutando
1886 3880 2102 3933 invene-

534 3968 726 4026 rimus,
770 3965 1005 4016 nolimus
1036 3978 1145 4016 non
1174 3978 1297 4018 esse
1327 3964 1379 4018 id
1408 3965 1551 4033 quod
1608 3966 1739 4020 illud
1775 3982 1972 4022 nomen
2002 3984 2104 4037 pro

536 4056 692 4109 nobis
723 4055 1029 4124 pollicetur,
1094 4070 1160 4108 ne
1194 4055 1246 4108 in
1293 4070 1392 4111 nos
1428 4050 1589 4110 etiam
1620 4059 1852 4127 quadret
1874 4059 1926 4113 id
1959 4061 2098 4129 quod

532 4145 604 4199 ab
627 4143 867 4198 externis
904 4152 960 4197 et
999 4143 1307 4199 inﬁdelibus
1340 4145 1407 4199 de
1444 4147 1603 4200 simia
1626 4148 1789 4217 vulgo
1824 4157 2099 4203 narratur.

534 4241 698 4291 Aiunt
720 4237 865 4293 enim
898 4236 1184 4306 quemdam
1207 4237 1262 4290 in
1297 4237 1431 4293 urbe
1462 4236 1790 4294 Alexandria
1809 4241 2105 4296 circulato-

533 4344 647 4383 rem
661 4327 1183 4398 et.pra:stigiatorem
1197 4328 1507 4383 exercuisse
1522 4345 1585 4383 ac
1600 4332 1854 4386 docuisse
1866 4332 2099 4398 simiam,

498 4464 501 4465 ν
536 4429 592 4475 ut
625 4418 866 4490 agilitate
895 4418 1129 4489 quadam
1165 4424 1216 4472 in
1255 4417 1482 4474 formam
1512 4429 1565 4474 et
1590 4420 1831 4474 habitum
1858 4421 2102 4476 saltatri-

2200 3241 2267 3308 τῇ
2297 3239 2622 3311 ἀπαιδευσίᾳ
2654 3242 2756 3313 τὴν
2785 3244 3098 3315 ἐπωνυμίαν
3127 3247 3477 3319 ἐλέγχεσθαι,
3513 3250 3587 3324 μὴ
3624 3254 3681 3306 εἰ
3695 3271 3782 3324 ρι-

2204 3330 2466 3399 σκόμενος
2498 3333 2590 3385 ἐπὶ
2631 3333 2729 3403 τῆς
2768 3336 2964 3406 πείρας
2999 3335 3027 3389 ὃ
3052 3339 3395 3409 ὀνομάζεται,
3425 3341 3540 3396 ἀλλ’
3567 3345 3598 3397 ὁ
3630 3347 3782 3400 κατὰ

2203 3420 2459 3491 ἀλήθειάν
2500 3440 2554 3474 τι
2585 3422 2788 3477 τούτων
2826 3429 3328 3497 προσαγορεύεσθαι
3370 3431 3568 3498 θέλων,
3602 3435 3677 3499 ὡς
3714 3437 3781 3492 ἂν

2208 3509 2280 3581 μὴ
2309 3509 2657 3583 ψευδώνυμος
2688 3516 2720 3585 ἡ
2748 3514 2936 3586 κλῆσις
2968 3518 3260 3590 ἐλέγχοιτο,
3301 3524 3450 3595 αὐτῷ
3477 3525 3554 3595 τῷ
3579 3506 3781 3598 ἐπίτη-

2201 3602 2426 3674 δεύματι
2455 3607 2554 3676 τὴν
2584 3609 2949 3679 προσηγορίαν
2977 3613 3337 3686 πιστώσηται·
3364 3616 3456 3671 τὺν
3481 3616 3645 3671 αὑτὸν
3678 3621 3781 3674 καὶ

2202 3699 2361 3767 ἡμεῖς
2398 3699 2617 3770 τρόπον,
2653 3700 2811 3773 εἴπερ
2834 3703 2925 3757 τὸν
2960 3703 3130 3775 ἀληθῆ
3166 3706 3369 3760 σκοπὸν
3396 3706 3488 3761 τοῦ
3513 3709 3786 3779 Χριστια-

2203 3786 2294 3839 νοῦ
2327 3789 2739 3861 ἐπαγγέλματος
2758 3791 3100 3858 ἐξετάζοντες
3117 3796 3350 3867 εὕρομεν
3378 3816 3391 3828 ·
3417 3800 3517 3852 οὐκ
3551 3800 3619 3853 ἂν
3645 3802 3787 3855 ἑλοί-

2207 3876 2343 3947 μεθα
2369 3880 2443 3950 μὴ
2470 3876 2799 3947 εἶναιτοῦτο,
2826 3885 2961 3956 ὅπερ
2985 3885 3045 3938 τὸ
3069 3886 3237 3956 ὄνομα
3259 3888 3397 3960 ὑπὲρ
3417 3890 3573 3960 ἡμῶν
3606 3896 3785 3962 ἐπαγ-

2204 3970 2451 4037 γέλλεται
2481 3989 2491 3998 ·
2519 3973 2594 4034 ὡς
2624 3971 2687 4025 ἂν
2716 3974 2788 4044 μὴ
2823 3975 2882 4027 τὸ
2914 3978 3036 4046 περὶ
3061 3976 3151 4028 τοῦ
3178 3978 3406 4049 πιθήκου
3437 3978 3683 4051 διήγημα
3722 3982 3785 4035 τὸ

2206 4064 2354 4133 παρὰ
2392 4066 2500 4126 τοῖς
2533 4064 2636 4129 ἔξω
2668 4066 3093 4137 περιφερόμενον
3132 4069 3223 4120 καὶ
3253 4070 3383 4139 ἡμῖν
3420 4070 3781 4144 ἐφαρμόσειε.

2202 4154 2337 4205 Φασὶ
2368 4155 2474 4224 γάρ
2516 4173 2634 4207 τινα
2664 4154 2770 4209 τῶν
2806 4156 3221 4227 θαυματοποιῶν
3252 4160 3344 4213 ἐπὶ
3384 4164 3482 4232 τῆς
3526 4162 3784 4228 Ἀλεξάν-

2203 4242 2329 4313 δρου
2362 4244 2567 4308 πόλεως
2604 4246 3191 4319 άσκὴσανταπίθηκον
3243 4250 3333 4305 διά
3379 4269 3524 4315 τινος
3552 4254 3786 4326 εὐστροο

2204 4334 2330 4402 φίας
2357 4334 2695 4407 ὀρχηστικῶς
2720 4339 3166 4408 σχηματίζεσθαι,
3194 4341 3285 4394 καὶ
3309 4343 3606 4414 περιθεῖναι
3630 4346 3787 4418 αὐτῷ

2204 4427 2492 4495 πρόσωπον
2527 4428 2867 4497 ὀρχηστικὸν,
2901 4431 2992 4482 καὶ
3029 4430 3227 4502 ἐσθῆτα
3265 4432 3342 4502 τῷ
3387 4435 3788 4507 ἐπιτηδεύματι

532 4515 615 4567 eis
662 4526 786 4567 sese
834 4519 1207 4580 componeret,
1254 4512 1414 4579 eique
1460 4512 1753 4566 saltatricis
1783 4514 2099 4581 apposuisse

2206 4516 2513 4587 πρόσφορον
2535 4534 2549 4547 ο
2566 4496 2670 4570 καὶ
2697 4518 2855 4591 χορὸν
2892 4520 3041 4590 αὐτῷ
3060 4496 3486 4594 περιστήσαντα,
3510 4496 3791 4583 ἐνευδοκι-

534 4620 846 4679 personam,
882 4619 943 4657 ac
994 4611 1196 4656 vestem
1227 4602 1651 4657 circumdedisse
1676 4603 1936 4656 exertitio
1980 4618 2108 4658 con-

532 4697 871 4762 venientem;
933 4703 1144 4749 etcum
1199 4695 1428 4748 chorum
1479 4693 1530 4747 ei
1589 4692 1951 4760 adhibuisset,
1988 4695 2103 4763 pla-

531 4790 717 4845 cuisse
745 4803 810 4842 ac
854 4788 1186 4842 celebratum
1237 4786 1518 4840 hominum
1562 4801 1816 4841 sermone
1842 4787 1892 4840 in
1930 4787 2104 4855 pretio

532 4882 706 4936 fuisse
735 4889 955 4950 pr0pter
983 4880 1219 4942 simiam,
1251 4894 1375 4949 qua:
1413 4881 1480 4932 ad
1507 4880 1786 4933 cantilenze
1820 4881 2010 4935 modos
2037 4895 2104 4934 ac

469 5024 475 5032 ,
531 4986 819 5026 numerum
878 4986 999 5027 sese
1036 4971 1275 5026 flecteret
1330 4978 1849 5040 εοιιῑοτιιιιενιξιηυθ,
1906 4986 1972 5025 ac
2012 4986 2107 5040 per

530 5064 713 5119 omnia
744 5080 866 5134 quae
896 5072 951 5118 et
973 5063 1205 5118 faciebat
1228 5070 1281 5116 et
1308 5061 1489 5116 facere
1520 5062 1826 5127 videbatur,
1851 5069 2102 5116 naturam

530 5158 848 5211 occultaret.
881 5156 1016 5211 Cum
1065 5167 1245 5211 autem
1285 5158 1430 5225 capti
1490 5164 1675 5210 essent
1728 5157 1805 5209 rei
1864 5156 2108 5210 novitate

531 5248 1190 5317 spectatores,quemdam
1225 5248 1439 5301 caeteris
1468 5246 1788 5301 astutiorem
1813 5244 1890 5299 ibi
1911 5245 2104 5309 fuisse,

531 5342 623 5411 qui
654 5340 784 5393 ludo
810 5342 1041 5410 quodam
1082 5340 1420 5395 inhiantibns
1462 5339 1776 5407 spectaculo
1805 5337 2108 5392 ostenderit

533 5431 747 5487 simiam
781 5446 905 5486 esse
929 5431 1163 5488 simiam.
1183 5431 1624 5486 Acelamantibus
1649 5430 1792 5484 enim
1815 5430 2029 5483 eunetis
2054 5437 2108 5481 et

531 5518 993 5589 applaudentibus
1027 5519 1255 5585 agilitati
1283 5519 1476 5581 simiae,
1505 5517 1573 5572 ad
1590 5525 1809 5571 cantum
1833 5524 1888 5570 et
1915 5516 2108 5570 modu-

532 5610 788 5665 lationem
816 5617 945 5680 aptc
979 5624 1039 5663 se
1091 5608 1360 5663 moventis
1409 5619 1464 5662 et
1493 5606 1940 5676 circumagentis,
1985 5621 2108 5676 pro-

526 5702 727 5772 iecisse
755 5715 877 5757 eum
904 5700 1055 5753 aiunt
1078 5700 1137 5755 in
1167 5698 1446 5755 orchestra
1470 5715 1498 5755 ο
1532 5698 1772 5755 beilariis
1803 5713 1864 5753 ea
1891 5714 2010 5769 quae
2034 5707 2109 5753 ta-

2211 4609 2329 4676 μεῖν
2361 4607 2439 4675 τῷ
2476 4606 2691 4677 πιθήκῳ
2720 4608 2854 4678 πρὸς
2891 4609 2982 4662 τὸν
3010 4609 3109 4663 τοῦ
3136 4612 3328 4681 μέλους
3356 4614 3560 4685 ῥυθμὸν
3587 4619 3792 4671 ἑαυτὸν

2207 4696 2562 4765 ἐκλυγίζοντι,
2587 4700 2680 4753 καὶ
2710 4700 2798 4753 διὰ
2828 4701 3041 4754 πάντων
3065 4703 3518 4776 ἐπικρυπτομένῳ
3551 4707 3650 4778 τὴν
3681 4710 3795 4777 ερύ-

2208 4803 2311 4850 σιν,
2342 4785 2422 4851 οἷς
2448 4790 2619 4842 ἐποίει
2644 4808 2702 4842 τε
2735 4792 2830 4845 καὶ
2865 4792 3133 4860 ἐφαίνετο.
3175 4796 3559 4866 Κατεχομένου
3602 4799 3660 4852 δὲ
3685 4800 3793 4854 τοῦ

2207 4879 2432 4950 θεάτρου
2463 4882 2596 4953 πρὸς
2621 4882 2681 4934 τὸ
2707 4885 3070 4955 καινοπρεπὲς
3097 4884 3188 4939 τοῦ
3213 4886 3505 4956 θεάματος,
3541 4891 3795 4960 παρόντα

2205 4970 2325 5023 τινὰ
2355 4970 2463 5023 τῶν
2484 4973 2840 5043 ἁστειοτέρων
2864 4975 3052 5045 παιδιᾷ
3081 4992 3186 5027 τινι
3213 4976 3517 5042 δεῖξαιτοῖς
3545 4996 3797 5049 προσκε-
3834 4993 3839 4996 ’

2207 5061 2394 5130 χηνόσι
2426 5061 2503 5131 τῷ
2531 5062 2782 5134 θεάματι,
2817 5065 3046 5135 πίθηκον
3071 5067 3200 5120 ὄντα
3219 5068 3310 5120 τὸν
3335 5068 3586 5139 πίθηκον.
3630 5073 3797 5126 Ἐπι·

2208 5153 2456 5207 ϐοώντων
2498 5156 2606 5227 γάρ
2650 5156 2884 5221 πάντων,
2918 5161 3013 5215 καὶ
3046 5163 3475 5233 ἐπικροτούντων
3523 5166 3644 5227 ταῖς
3687 5164 3794 5218 τοῦ

2209 5244 2439 5315 πιθήκου
2466 5252 2879 5318 περιστροφαῖς,
2912 5252 3199 5323 εὐρύθμως
3230 5253 3365 5323 πρὸς
3388 5254 3488 5325 τὴν
3512 5255 3654 5326 ᾠδὴν
3687 5256 3791 5309 καὶ

2208 5337 2268 5386 τ’»
2309 5337 2467 5414 μέλος
2511 5342 2934 5410 συγκινουμένου
2958 5383 2972 5409 ,
3001 5344 3153 5415 ῥίψαι
3179 5346 3341 5413 φασιν
3368 5346 3529 5399 αὐτὸν
3558 5348 3649 5398 ἐπὶ
3678 5348 3796 5417 τῆς

2208 5428 2515 5499 ὀρχήστρας
2550 5431 2659 5483 τῶν
2687 5436 3053 5504 τραγημάτων
3079 5438 3261 5489 ἐκεῖνα
3291 5436 3389 5489 ὅσα
3414 5439 3511 5507 τὴν
3543 5437 3797 5508 λιχνείαν

2208 5517 2316 5569 τῶν
2347 5519 2600 5573 τοιούτων
2627 5521 2830 5592 θηρίων
2853 5522 3134 5591 ἐφέλκεται
3162 5542 3173 5552 ·
3199 5524 3290 5578 τὸν
3312 5525 3367 5578 δὲ
3401 5526 3567 5595 μηδὲν
3593 5526 3801 5598 μελλή-

2210 5625 2397 5672 σαντα,
2433 5611 2618 5681 ἐπειδὴ
2659 5612 3028 5685 διασπαρέντα
3069 5609 3176 5667 εἶδε
3226 5616 3332 5685 πρὸ
3370 5616 3465 5669 τοῦ
3515 5616 3675 5687 χοροῦ
3716 5618 3799 5671 τὰ

2210 5700 2492 5769 ἀμύγδαλα
2514 5744 2527 5767 ,
2566 5703 2926 5775 ἐκλαθόμενον
2972 5705 3068 5774 τῆς
3096 5722 3154 5759 τε
3182 5708 3490 5778 ὀρχήστρας
3510 5750 3524 5777 ,
3553 5709 3643 5763 καὶ
3669 5707 3798 5762 τῶν
