4034 6132
299 306 405 362 ιλιι

1391 307 1474 361 DE
1532 307 2008 365 rnornssmxz-z
2060 277 2499 367 cumarum.

3457 310 3564 367 942

309 431 544 501 κρότων,
575 430 669 483 καὶ
708 430 815 483 τῶν
840 431 933 503 τῆς
956 431 1178 503 ἐσθῆτος
1203 431 1624 504 καλλωπισμῶν,
1658 436 1883 505 ἐπιδρα-

1989 437 2118 490 1ἱιιιιι
2144 435 2442 491 bestiarum
2474 439 2766 509 ingluviem
2793 437 3076 493 attrahunt
3113 447 3273 508 atque
3303 437 3563 506 invitant;

307 523 431 588 μεῖν
462 536 524 571 τε
546 520 751 582 αὐτοῖς,
788 520 882 572 καὶ
907 522 1025 583 ταῖς
1043 520 1149 573 τῶν
1180 521 1375 591 χειρῶν
1404 523 1680 593 παλάμαις
1704 524 1887 576 συλλέ-

306 626 426 677 γειν
457 610 525 662 τά
554 610 954 681 εὐρισκόμενασ
996 612 1091 664 καὶ
1115 611 1188 674 ὡς
1217 610 1282 665 ἂν
1310 613 1383 683 μὴ
1418 614 1668 682 ἐμποδὼν
1695 615 1795 683 εἰήΔ
1825 616 1886 667 τὸ

306 703 653 769 προσωπεῖον
680 701 757 771 τῷ
779 701 1026 771 στόματι,
1061 703 1458 773 περιαιρεῖσθαι
1487 705 1625 759 κατὰ
1653 680 1886 774 σπονδὴν

306 791 505 845 ἑαυτοῦ
531 793 641 853 τοῖς
661 790 810 855 ὄνυξι
835 791 933 862 τὴν
958 792 1351 862 σεσοφισμὲνην
1382 793 1595 865 μορφὴν
1627 793 1889 864 περιθρύ-

308 900 554 947 πτοντα,
582 882 724 937 ὥστε
773 882 937 936 αὐτὸν
993 882 1202 953 ἀθρόως
1243 884 1455 952 γέλωτα
1498 886 1717 955 κινῆσαι
1774 888 1887 949 τοῖς

307 973 553 1036 θεαταῖς.
609 974 733 1027 ἀντὶ
772 974 881 1026 τῶν
917 975 1155 1027 ἐπαίνων
1197 992 1256 1028 τε
1305 976 1396 1028 καὶ
1435 976 1744 1047 θαύματος,
1783 978 1888 1031 εἰδ-

306 1062 484 1132 εχθῶς
520 1064 616 1117 καὶ
657 1064 882 1132 γελοίως
908 1066 972 1118 ὲκ
998 1064 1104 1117 τῶν
1138 1066 1229 1118 τοῦ
1258 1069 1598 1137 προσωπείου
1621 1068 1886 1137 λειψάνων

306 1155 746 1226 διαφαινόμενον.
779 1156 991 1227 Ὠσπερ
1015 1153 1108 1211 οὖν
1143 1158 1242 1210 οὐκ
1274 1157 1570 1228 ἐξήρκεσεν
1604 1161 1798 1231 ἐκείνῳ
1826 1162 1887 1214 τὸ

308 1247 701 1317 σεσοφισμένον
738 1247 924 1318 σχῆμα
958 1249 1092 1321 πρὸς
1124 1249 1186 1302 τὸ
1224 1250 1543 1320 νομισθῆναι
1579 1252 1884 1322 ἄνθρωπον,

305 1336 741 1407 ἀπελεγχθείσης
786 1338 845 1391 ἐν
886 1340 949 1408 τῇ
989 1338 1196 1409 λιχνείᾳ
1235 1340 1342 1391 τῶν
1375 1342 1745 1411 τραγημάτων
1788 1343 1884 1412 τῆς

305 1424 547 1500 φύσεως·
579 1429 755 1494 οὕτως
774 1432 822 1483 οἱ
844 1432 918 1502 μὴ
942 1431 1156 1501 ἀληθῶς
1177 1433 1343 1503 αὐτὴν
1371 1434 1469 1504 τὴν
1497 1434 1656 1503 φύσιν
1678 1436 1887 1488 ἑαυτῶν

305 1526 373 1593 τῇ
413 1522 595 1575 πίστει
627 1520 1016 1593 μορφώσαντες
1030 1563 1043 1584 ν
1080 1522 1275 1594 ῥᾳδίω;
1304 1527 1360 1576 ὲν
1382 1526 1499 1587 ταῖς
1521 1525 1614 1577 τοῦ
1641 1524 1887 1581 διαϐόλου

305 1614 569 1685 λιχνείαις
598 1612 1093 1682 ἁπελεγχθήσονται
1112 1613 1238 1667 ἄλλο
1261 1629 1310 1666 τι
1337 1614 1486 1678 ὄντες
1518 1617 1647 1687 παρ’
1669 1618 1697 1670 ὃ
1718 1621 1878 1686 ἐπαγ-

305 1705 611 1774 γέλλονται.
658 1706 803 1758 Ἀντὶ
839 1705 947 1776 γὰρ
991 1705 1235 1775 ἰσχάδος.
1270 1705 1301 1776 ἢ
1334 1707 1670 1779 ἀμυγδάλης,
1705 1709 1738 1781 ἢ
1780 1710 1888 1763 τῶν

1990 527 2135 580 illam
2161 542 2289 582 vero
2322 529 2453 581 nihil
2494 538 2834 593 cunctatam,
2870 537 2930 582 ιιι
2961 529 3158 583 viderit
3182 537 3310 584 ante
3336 530 3565 583 chorum

1988 617 2234 688 dispersa
2290 621 2591 691 amygdala,
2625 621 2855 676 oblitam
2887 630 2945 675 et
2960 621 3295 682 saltationis,
3327 631 3381 675 et
3412 622 3567 690 plau—

1990 723 2172 768 suum,
2205 716 2259 760 et
2292 710 2456 764 vestis
2492 718 2965 772 ornamentorum,
3029 709 3338 764 accurrisse
3367 712 3433 763 a.l
3478 726 3565 770 ca,

1988 806 2041 851 et
2072 812 2329 852 manuum
2375 801 2567 868 palmis
2597 800 2883 870 collegisse
2923 815 3044 870 quae
3075 801 3362 865 inveniret,
3405 809 3459 856 et
3500 817 3567 855 ne

1990 888 2383 958 impedimento
2415 899 2581 955 esset,
2632 906 2923 961 personam
2959 891 3038 944 ori
3080 890 3386 946 detraxisse
3422 890 3566 943 cclc-

1989 980 2142 1042 riter,
2176 988 2337 1050 atque
2362 984 2633 1053 unguibus
2654 984 2767 1038 suis
2782 983 3158 1038 assimulatam
3183 981 3410 1036 formam
3438 995 3564 1033 eor-

1988 1073 2205 1143 rupisse
2259 1082 2423 1144 atque
2476 1072 3049 1145 dilacerassc,’atqae
3083 1073 3155 1127 ita
3188 1088 3284 1143 pro
3310 1072 3566 1126 laudibus

1988 1174 2042 1221 et
2070 1165 2428 1222 admiratione
2459 1168 2629 1222 risum
2679 1168 2891 1222 abunde
2926 1166 3330 1237 spectatoribus
3360 1167 3565 1219 movis-

1990 1271 2067 1319 se.
2104 1263 2160 1309 ut
2189 1272 2310 1325 qua:
2335 1259 2512 1327 turpis
2561 1273 2625 1311 ac
2650 1257 2878 1311 ridicula
2935 1273 2999 1311 cx
3034 1269 3279 1326 personae
3318 1255 3566 1324 reliquiis

1990 1362 2049 1402 se
2070 1349 2513 1417 conspiciendam
2553 1350 2836 1417 przeberet.
2895 1346 3365 1413 Quemadmodum
3399 1345 3566 1415 igitur

1990 1438 2068 1491 illi
2110 1452 2216 1492 non
2245 1439 2382 1491 satis
2424 1438 2526 1492 fuit
2560 1439 2693 1493 falsa
2717 1449 2877 1509 atque
2899 1436 3218 1493 assimulata
3252 1434 3568 1505 adscitaque

1990 1528 2185 1591 forma.
2220 1530 2283 1583 ad
2314 1531 2416 1584 hoc
2454 1541 2514 1583 ιιι
2553 1532 2717 1585 homo
2753 1531 3186 1592 existimaretur,
3227 1527 3565 1597 deprehensa

1989 1634 2084 1689 per
2118 1620 2409 1689 inglm'iem
2443 1621 2795 1676 bellariorum
2825 1628 3019 1674 natura
3046 1639 3056 1672 :
3090 1620 3163 1673 ita
3190 1618 3282 1688 qui
3307 1633 3415 1671 non
3444 1633 3567 1671 vere

1990 1711 2162 1780 ipsam
2199 1719 2450 1766 naturam
2500 1728 2655 1767 suam
2702 1713 2805 1768 ﬁde
2846 1711 3220 1775 formaverint,
3255 1710 3411 1764 facile
3471 1725 3566 1779 per

303 1796 565 1851 τοιούτων
604 1796 783 1860 τινὸς,
812 1795 873 1848 τὸ
902 1795 1174 1861 κενόδοξον
1221 1797 1316 1850 καὶ
1346 1798 1644 1869 φιλότιμον,
1691 1801 1785 1854 καὶ
1823 1802 1885 1855 τὸ

1989 1801 2185 1857 diaboli
2243 1818 2427 1858 escam
2481 1816 2533 1858 et
2593 1805 2884 1871 ingluviem
2945 1805 3364 1864 convincentur,
3415 1802 3564 1871 quod

304 1889 623 1960 φιλοκερδὲς
663 1890 760 1943 καὶ
798 1889 1104 1961 φιλήδονον,
1151 1891 1245 1944 καὶ
1286 1892 1383 1944 ὅσα
1421 1892 1553 1945 ἄλλα
1600 1893 1881 1967 τοιαῦταὴ

307 1982 454 2054 κακὴ
480 1981 848 2036 τοῦ.δια6ὀλου
877 1983 1071 2053 ἀγορὰ,
1093 1985 1205 2048 τοῖς
1228 1984 1426 2054 λίχνοις
1456 1985 1562 2037 τῶν
1585 1986 1681 2040 ἀνθ
1691 1987 1886 2058 ρώπων

307 2075 430 2129 ἀντὶ
448 2074 824 2146 τραγημάτων
852 2074 1184 2145 προτιθείσα,
1218 2076 1413 2148 ῥᾳδίως
1437 2077 1747 2147 είςέλεηον
1766 2077 1885 2146 ἄγει

304 2168 404 2231 τὰς
438 2167 771 2237 πιθηκώδεις
797 2166 974 2237 ψυχὰς
998 2209 1013 2231 ,
1044 2166 1101 2219 οἳσ
1123 2166 1210 2220 διὰ
1259 2168 1542 2238 μιμήσεως
1589 2169 1886 2237 ἐσχηματιο

305 2261 518 2331 σμένης
545 2260 642 2313 τὸν
673 2258 1097 2330 Χριστιανισμὸν
1133 2258 1525 2327 ὑποκρίνονται,
1553 2259 1613 2312 τὸ
1652 2260 1750 2328 τῆς
1780 2277 1883 2312 σω-

303 2353 583 2425 φροσύνης
614 2352 650 2423 ἦ
683 2352 749 2405 τὸ
782 2352 881 2420 τῆς
909 2351 1237 2421 πραότητος,
1263 2350 1297 2421 ἣ
1333 2367 1474 2413 τινος
1496 2350 1658 2420 ἄλλης
1683 2351 1885 2421 ἀρετῆς

304 2447 661 2517 προσωπεῖον
700 2444 758 2496 ὲν
797 2441 875 2512 τῷ
928 2440 1105 2513 καιρῷ
1148 2441 1254 2493 τῶν
1303 2441 1638 2511 παθημάτων
1672 2442 1884 2504 ἑαυτοῖς

304 2534 682 2601 ἀφανίζοντες.
731 2531 938 2587 Οὐκοῦν
986 2533 1279 2600 ἀναγκαῖον
1325 2532 1390 2585 ἂν
1431 2533 1515 2601 εἴη
1560 2535 1748 2602 νοῆσαι
1788 2532 1883 2585 τοῦ

304 2624 736 2695 Χριστιανισμοῦ
769 2624 831 2676 τὸ
868 2622 1190 2693 ἐπάγγελμα
1214 2640 1226 2653 ’
1263 2623 1403 2694 τάχα
1438 2622 1502 2676 ἂν
1528 2623 1686 2676 τοῦτο
1707 2624 1883 2691 γενοί-

306 2716 466 2786 μεθα,
494 2717 636 2785 ὅπερ
655 2715 716 2768 τὸ
745 2714 912 2785 ὄνομα
944 2713 1226 2783 βούλεται,
1256 2714 1342 2766 ἵνα
1376 2714 1449 2784 μὴ
1481 2713 1608 2785 ψιλῇ
1641 2717 1706 2785 τῇ
1748 2716 1882 2784 ὀμο-

305 2804 485 2875 λογίᾳ,
512 2805 609 2857 καὶ
636 2802 714 2874 τῷ
740 2804 1089 2875 προσχήματι
1112 2801 1205 2856 τοῦ
1232 2803 1489 2874 ὀνόματος
1522 2804 1683 2874 μόνου
1714 2820 1882 2858 κατα-

308 2895 699 2967 μορφοὺμενοι,
734 2895 859 2950 ἄλλο
891 2913 944 2948 τι
979 2895 1127 2966 παρὰ
1156 2897 1215 2948 τὸ
1246 2896 1566 2967 φαινόμενον
1602 2895 1772 2959 ὄντες,
1807 2895 1884 2966 τῷ

305 2989 369 3043 τὰ
398 2987 621 3059 κρυπτὰ
653 2987 954 3058 καθορῶντι
982 2986 1431 3058 ἑπιδειχθείημεν.

1990 1892 2134 1947 aliud
2166 1893 2276 1948 sint
2312 1903 2475 1963 atque
2506 1910 2617 1964 pra:
2650 1910 2707 1949 se
2737 1894 2913 1949 ferant
2944 1907 3007 1946 ac
3048 1893 3429 1961 proﬁteantur.
3457 1890 3565 1945 Pro

1990 1983 2191 2037 caricis
2219 1983 2363 2037 enim
2395 1984 2477 2038 vel
2519 1984 2839 2054 amygdalis,
2885 1991 2980 2037 aut
3038 1981 3347 2051 ltujusntodi
3380 1981 3563 2047 aliquo

1985 2075 2127 2133 cibo.
2162 2090 2297 2128 vana
2327 2074 2517 2145 gloria,
2553 2076 2796 2139 ambitio,
2832 2075 2966 2128 lucri
3004 2074 3408 2143 voluptatisque
3444 2080 3561 2127 stu-

1985 2166 2134 2220 dium
2169 2176 2222 2221 et
2244 2181 2584 2236 qttzecunque
2613 2173 2739 2221 sunt
2780 2166 2883 2219 alia
2911 2164 3221 2234 huiusmodi
3256 2164 3416 2228 mala,
3447 2163 3563 2217 dia-
3658 2236 3665 2243 ἱ

1983 2258 2091 2313 boli
2153 2274 2369 2312 annona
2426 2259 2547 2314 loco
2606 2260 2959 2315 bellariorum
3026 2258 3201 2314 avidis
3247 2257 3562 2311 hominibus

1982 2350 2281 2419 proposita,
2322 2351 2601 2405 simiarum
2636 2352 2840 2407 similes
2876 2350 3088 2406 animos
3116 2350 3272 2405 facile
3302 2351 3560 2419 produnt,

1982 2442 2072 2511 qui
2108 2458 2201 2510 per
2241 2444 2433 2495 ﬁctam
2469 2443 2825 2498 imitationem
2867 2442 3345 2498 Christianismum
3390 2441 3560 2496 simu-

1984 2531 2118 2597 lant,
2145 2535 2541 2603 temperantiae,
2586 2535 3047 2597 mansuetudinis,
3077 2541 3170 2588 aut
3196 2533 3430 2601 alicujus
3485 2532 3563 2584 al-

1992 2626 2162 2680 terius
2189 2626 2406 2680 virtutis
2433 2641 2719 2694 personant
2758 2628 2811 2680 in
2844 2634 3088 2695 tempore
3124 2625 3475 2680 aﬁlictienum
3509 2630 3563 2677 et

1991 2717 2363 2771 calamitatum
2394 2718 2499 2773 sibi
2551 2718 2906 2773 detrahentes
2932 2727 2985 2772 et
3034 2725 3369 2773 amoventes.
3398 2715 3564 2785 Igitur

1991 2822 2216 2862 necesse
2282 2807 2446 2862 fuerit
2478 2809 2832 2863 considerare
2864 2818 2917 2864 et
2962 2808 3263 2879 intelligere
3293 2804 3562 2862 Christia-

1991 2898 2151 2953 nismi
2180 2896 2574 2967 professionem
2616 2916 2627 2951 :
2670 2897 2920 2954 fortassis
2970 2899 3113 2953 enim
3143 2898 3258 2953 ﬁeri
3290 2896 3563 2967 possimus

1910 2981 1959 3042 C
1992 2988 2042 3042 id
2094 2989 2235 3058 quod
2277 3005 2473 3044 nomen
2510 2991 2640 3045 illud
2690 2991 2791 3046 sibi
2820 2992 2954 3055 vult,
2987 3007 3055 3045 ne
3087 2992 3215 3044 dum
3248 2990 3392 3045 nuda
3434 3002 3562 3058 pro-

305 3078 546 3134 fessione
578 3093 646 3133 ac
676 3078 858 3148 specie
885 3086 1258 3149 praetextuque
1287 3078 1457 3134 solius
1488 3078 1726 3133 nominis
1774 3076 2119 3149 insignimur,
2156 3078 2299 3134 aliud
2344 3087 2505 3150 atque
2542 3079 2823 3134 videamur
2854 3095 2977 3135 esse
3008 3079 3075 3135 ab
3105 3095 3171 3135 eo
3212 3078 3302 3148 qui
3345 3078 3562 3132 occulta

305 3174 554 3228 intuetur
572 3173 590 3203 ¹
619 3172 1085 3228 demonstremur.
1163 3212 1171 3219 .

374 3336 444 3389 Τί
470 3334 654 3389 τοίνυν
679 3334 708 3387 ὁ
739 3333 1164 3405 Χριστιανισμὸς
1193 3332 1254 3398 ἐξ
1282 3332 1450 3403 αὐτῆς
1481 3333 1581 3401 τῆς
1613 3349 1884 3404 προσηγο-

305 3428 432 3499 ρίας
457 3426 697 3489 νοεῖται,
741 3423 954 3494 πρῶτον
982 3422 1426 3493 ἐπισκεψώμεθα.
1466 3423 1621 3475 Ἐστι
1654 3423 1751 3494 μὲν
1790 3418 1884 3476 οὖν

306 3516 461 3588 παρὰ
485 3515 598 3569 τῶν
632 3513 958 3583 σοφωτέρων
1005 3511 1228 3583 μείζονά
1256 3529 1375 3567 τινα
1420 3513 1512 3565 καὶ
1544 3511 1884 3582 μεγαλοφυεέ

244 3673 250 3677 _
305 3609 505 3678 στέραν
546 3606 765 3668 πάντως
792 3603 1149 3677 ἐξευρεθῆναι·
1180 3603 1436 3668 διάνοιαν,
1472 3605 1883 3675 συνεπηρμένην

303 3700 381 3771 τῷ
413 3697 608 3769 ὑψηλῷ
641 3696 737 3750 τοῦ
761 3696 1041 3767 ὀνόματος.
1077 3697 1142 3748 Ἀ
1168 3695 1224 3748 δὲ
1248 3697 1406 3766 ἡμεῖς
1443 3696 1725 3767 χωροῦμεν
1754 3698 1884 3766 περὶ

303 3790 501 3844 τούτου
541 3786 635 3841 τοῦ
669 3786 960 3856 ὀνόματος,
1007 3784 1183 3838 ταῦτά
1208 3786 1361 3837 οέστι·
1410 3785 1484 3837 Τὸ
1519 3784 1613 3838 τοῦ
1644 3783 1892 3855 Χριστοῦ.

304 3883 502 3952 δνομα,
528 3880 578 3932 εἰ
611 3878 747 3949 πρὸς
782 3876 844 3929 τὸ
879 3875 1211 3946 σαφέστερόν
1251 3893 1313 3929 τε
1343 3875 1437 3929 καὶ
1465 3875 1884 3946 γνωριμώτερον

309 3975 464 4044 ῥῆμα
500 3968 879 4042 μετενεχθείην,
909 3968 1001 4022 τὸν
1040 3967 1269 4049 βασιλέα
1291 3968 1564 4037 σημαίνει,
1595 3967 1694 4037 τῆς
1724 3967 1885 4035 ἁγίας

306 4062 533 4133 Γραφῆς
562 4061 657 4130 τὴν
688 4058 970 4130 βασιλικὴν
1008 4058 1164 4124 ἀξίαν
1195 4061 1262 4129 τῇ
1290 4057 1510 4129 τοιαύτῃ
1551 4061 1698 4127 φωνῇ
1746 4058 1887 4111 κατά

304 4175 435 4214 τινα
461 4154 771 4220 ἰδιάζουσαν
797 4153 992 4224 χρῆσιν
1019 4151 1448 4220 ἐνδεικνυμένης.
1499 4150 1636 4203 Ἀλλ’
1667 4150 1889 4221 ἐπειδὴ,

2064 3330 2425 3398 Quamobrem
2478 3332 2749 3403 imprimis
2783 3332 2915 3404 quid
2947 3346 3011 3388 ex
3047 3332 3164 3401 ipsa
3204 3330 3565 3402 appellatione

1990 3438 2086 3492 per
2170 3423 2653 3479 Christianismum
2727 3423 3064 3493 intelligatur
3129 3422 3560 3477 consideremus.

1987 3515 2133 3571 Fieri
2187 3516 2352 3586 igitur
2416 3524 2615 3585 potest,
2673 3525 2734 3569 ut
2777 3530 2806 3568 a
2860 3514 3293 3584 sapientioribus
3341 3513 3561 3582 quidem

1989 3608 2162 3676 major
2195 3608 2353 3676 plane
2382 3614 2436 3659 ct
2465 3606 2694 3675 amplior
2737 3605 3204 3673 intellectus,.qui
3228 3603 3571 3665 sublimitati

1992 3697 2231 3751 nominis
2257 3695 2604 3765 respondeat,
2643 3695 3003 3766 excogitetur.
3055 3694 3186 3760 Qua:
3226 3704 3406 3748 autem
3462 3709 3564 3749 nos

1992 3802 2187 3854 capere
2242 3796 2296 3840 ct
2338 3786 2640 3856 intelligere
2698 3787 2766 3842 de
2821 3786 2924 3840 hoc
2981 3786 3199 3840 nomine
3248 3799 3561 3854 possumus,

1994 3879 2107 3933 bare
2130 3886 2258 3933 sunt
2291 3878 2527 3933 :Christi
2560 3892 2778 3943 nomen,
2807 3878 2851 3933 si
2879 3878 2945 3931 ad
2975 3876 3266 3930 dilucidius
3286 3875 3565 3944 magisque

1994 3972 2439 4040 perspicuumet
2484 3970 2765 4025 intellectu
2815 3968 3030 4024 facilius
3061 3969 3286 4024 verbum
3324 3968 3563 4022 transfe-

1993 4070 2166 4126 ratur,
2185 4075 2365 4129 regem
2396 4060 2690 4129 signiﬁcat,
2709 4061 2910 4130 quippe
2931 4074 3055 4114 cum
3076 4068 3264 4113 saneta
3278 4058 3564 4127 Scriptura

1994 4151 2308 4219 huiusmodi
2347 4166 2480 4205 voce
2511 4151 2772 4221 peculiari
2803 4151 3040 4221 quodam
3106 4166 3207 4205 usu
3243 4151 3445 4220 regiam
3482 4151 3565 4205 ine

306 4248 500 4314 καθώς
527 4265 694 4319 φησιν
740 4249 774 4319 ἡ
810 4248 1022 4318 Γραφὴ,
1050 4245 1327 4317 ἄφραστον
1362 4245 1487 4297 ἐστιν
1515 4244 1575 4297 τὸ
1598 4244 1751 4297 Θεῖον
1791 4245 1885 4298 καὶ

1989 4242 2133 4297 dicet
2182 4243 2524 4312 dignitatem.
2582 4242 2687 4297 Sed
2726 4244 3008 4312 quoniam,
3041 4252 3101 4295 ut
3130 4242 3207 4295 ait
3255 4240 3561 4310 Scriptura,

307 4342 697 4413 ἀκατάληπτον
720 4382 737 4406 ,
794 4339 973 4410 πάσης
1026 4339 1420 4409 ὑπερκείμενον
1477 4338 1892 4409 καταληπτικῆς

307 4434 587 4498 ἐπινοίας,
623 4432 938 4499 ἀναγκαίως
959 4433 1006 4484 οἱ
1035 4431 1117 4500 τῷ
1144 4429 1281 4500 ἁγίῳ
1310 4428 1586 4498 Πνεύματι
1612 4427 1893 4499 θεοφορούη

315 4542 466 4596 μενοι
507 4523 790 4595 προφῆται
830 4523 923 4573 κα)⁵
956 4518 1261 4582 ἀπόστολοι,
1304 4516 1517 4579 πολλοῖς
1556 4517 1783 4586 ὀνόμασί
1832 4533 1890 4568 τε

313 4615 408 4669 καὶ
442 4614 712 4682 νοήμασιν
740 4609 833 4663 ἐπὶ
859 4609 959 4679 τὴν
985 4608 1200 4661 σύνεσιν
1231 4605 1329 4676 τῆς
1365 4604 1644 4676 ἀφθάρτου
1679 4602 1891 4671 φύσεως

314 4707 464 4777 ἡμᾶς
506 4701 944 4775 χειραγωγοῦσιν
967 4718 981 4732 ·
1025 4699 1187 4754 ἄλλου
1224 4698 1361 4768 πρὸς
1399 4697 1529 4752 ἄλλο
1554 4713 1608 4749 τι
1638 4694 1747 4749 τῶν
1775 4694 1892 4749 θεο-

313 4797 541 4870 πρεπῶν
560 4794 864 4866 νοημάτων
897 4793 1043 4863 ἡμᾶς
1069 4790 1464 4853 διευθύνοντος,
1492 4788 1630 4841 ὥστε
1661 4786 1760 4858 τὴν
1795 4788 1892 4857 μὲν

315 4890 408 4943 ἐπὶ
436 4889 657 4943 πάντων
702 4884 952 4950 ἐξουσίαν
980 4883 1056 4955 τῷ
1085 4884 1184 4953 τῆς
1228 4882 1501 4953 βασιλείας
1531 4881 1755 4951 ὀνόματι
1788 4899 1892 4937 πατ

317 4976 678 5050 ραδηλοῦσθαι
698 4993 712 5006 ·
738 4976 797 5029 τὸ
817 4975 874 5027 δὲ
918 4974 1120 5037 πάθους
1149 4973 1347 5034 παντὸς
1373 4973 1464 5026 καὶ
1492 4972 1692 5034 κακίας
1711 4971 1892 5035 πάσης

316 5071 515 5139 ἀμιγὲς
542 5070 639 5123 καὶ
667 5066 951 5138 ἐλεύθερον
980 5068 1093 5127 τοῖς
1118 5064 1215 5133 τῆς
1248 5062 1448 5135 ἀρετῆς
1478 5062 1734 5133 ὀνόμασιν
1774 5064 1892 5115 ὀνο-

321 5160 617 5231 μάςεσθαι,
660 5157 901 5245 exui-11;:
931 5156 1068 5227 πρὸς
1111 5154 1173 5207 τὺ
1208 5156 1454 5245 κρεῖττον
1499 5153 1797 5245 νοουμένης
1834 5170 1893 5245 τε

316 5254 410 5305 καὶ
427 5239 920 5322 λεγομένης-ὣστε
939 5247 1000 5301 τὸ
1020 5246 1152 5300 αὐτὸ
1172 5244 1516 5312 δικαιοσύνην
1537 5262 1593 5298 τε
1618 5239 1776 5309 εἶναι,
1801 5244 1894 5298 καὶ

320 5345 545 5411 σοφίαν,
572 5343 670 5397 καὶ
706 5341 959 5410 δύναμιν,
995 5338 1090 5391 καὶ
1126 5335 1400 5406 ἀλήθειαν,
1438 5334 1753 5406 ἀγαθότητά
1797 5352 1855 5388 τε
1878 5374 1891 5395 .

319 5434 411 5485 καὶ
440 5432 605 5502 ζωὴν,
635 5431 731 5485 καὶ
753 5428 1048 5498 σωτηρίαν,
1082 5426 1177 5478 καὶ
1197 5424 1520 5494 ἀφθαρσίαν,
1554 5426 1645 5479 καὶ
1675 5424 1735 5476 τὸ
1760 5424 1891 5492 ἅμεο

323 5520 578 5593 τάϐλητόν
606 5537 668 5574 τε
694 5521 788 5573 καὶ
811 5515 1186 5579 ἀναλλοίωτον,
1230 5515 1318 5568 καὶ
1350 5516 1452 5568 πᾶν
1478 5515 1504 5568 ὃ
1528 5513 1577 5567 τί
1608 5513 1712 5584 πέρ
1752 5515 1895 5568 ἐστιν

400 5694 414 5723 ¹
446 5698 633 5755 Matth.
661 5714 736 5762 vt,
763 5697 816 5749 (i.

1990 4348 2193 4389 numen
2217 4333 2459 4388 divinum
2486 4335 2667 4390 verbis
2700 4334 2960 4404 explicari
2988 4348 3052 4388 ac
3082 4332 3285 4403 percipi
3319 4346 3429 4386 non
3465 4348 3562 4401 po-

1992 4434 2118 4491 test,
2151 4427 2350 4496 quippe
2369 4440 2496 4481 cum
2529 4441 2745 4482 omnem
2779 4432 2999 4493 superet
3020 4424 3475 4494 excogitationem
3509 4432 3563 4478 et

1991 4516 2554 4585 comprehensionem,
2614 4516 2927 4571 necessario
2957 4515 3048 4584 qui
3096 4513 3329 4583 Spiritus
3388 4515 3563 4567 sancti

1993 4608 2214 4663 nomine
2259 4607 2522 4663 divinitus
2577 4606 2922 4675 rapiebantur
2941 4604 3218 4673 propheta:
3250 4613 3414 4673 atque
3440 4618 3566 4672 apo-

1994 4699 2140 4759 stoli,
2205 4698 2392 4753 multis
2422 4697 2754 4760 nominibus,
2813 4696 3132 4750 notionibus
3168 4702 3224 4750 et
3244 4693 3564 4749 considera.

1993 4789 2233 4844 tionibus
2252 4789 2328 4843 .ad
2378 4787 2788 4856 intelligendum
2820 4785 3281 4855 incorruptibilem
3316 4792 3565 4840 naturam

1995 4896 2097 4935 nos
2128 4881 2282 4949 quasi
2317 4895 2479 4934 manu
2515 4879 2747 4943 ducunt,
2776 4879 2918 4933 alius
2946 4879 3012 4932 ad
3044 4878 3206 4930 aliam
3247 4875 3566 4931 considera~

1996 4973 2196 5027 tionem
2232 4980 2287 5026 et
2318 4972 2655 5026 intellectum
2701 4969 2809 5025 Deo
2841 4970 3254 5041 convenientem
3307 4982 3409 5023 nos
3434 4967 3569 5022 diri-

1995 5070 2203 5130 gentes,
2243 5068 2300 5113 ut
2340 5062 2458 5130 ipsa
2489 5061 2707 5131 quidem
2750 5061 3008 5115 omnibus
3047 5060 3298 5129 imposita
3328 5065 3569 5128 potestas

1995 5152 2146 5222 regni
2200 5152 2417 5207 nomine
2450 5153 2790 5218 declaretur;
2834 5168 2896 5208 ea
2949 5166 3078 5205 vero
3133 5152 3216 5205 vis
3242 5166 3362 5220 qua:
3392 5150 3569 5204 omnis

1996 5243 2222 5298 affectus
2265 5244 2799 5314 perturbationisque
2848 5256 3067 5310 expers.
3117 5251 3170 5294 ct
3193 5241 3262 5294 ab
3302 5239 3449 5294 omni
3490 5236 3569 5291 vi-

1998 5336 2235 5391 tiositate
2285 5351 2348 5389 ac
2396 5335 2624 5389 malitia.
2654 5330 2824 5388 vacua
2873 5348 2933 5387 ac
2977 5332 3144 5387 libera
3185 5340 3293 5394 est,
3350 5329 3569 5384 virtutis

1999 5427 2313 5483 nominibus
2337 5425 2683 5497 designetur;
2724 5426 2792 5478 ita
2830 5433 2887 5478 ιιι
2920 5439 3264 5492 unaquaeque
3288 5423 3461 5477 virtus
3504 5421 3568 5475 de

1999 5526 2194 5575 natura
2227 5520 2614 5576 excellentiore
2647 5529 2758 5573 tum
2798 5517 3034 5579 dicatur,
3067 5524 3177 5569 tum
3207 5512 3569 5581 intelligatur;
