4034 6132
511 295 620 352 2ίὸ

1778 302 1830 356 S.
1871 300 2196 358 GBEGORII
2233 299 2528 358 NYSSENI

3651 294 3758 350 ΞΗ

515 423 680 486 atque
713 416 852 472 idem
887 417 959 482 sit
991 428 1046 473 et
1067 419 1306 487 justitia,
1347 428 1401 474 et
1421 423 1707 491 sapientia,
1741 433 1796 478 et
1821 427 2074 494 potentia,

2191 424 2390 496 ὑψηλόν
2443 426 2619 495 νόημα
2659 424 2746 478 διὰ
2779 422 2890 476 τῶν
2938 420 3194 474 τοιούτων
3235 418 3513 490 ὀνομάτων
3563 416 3756 488 δηλού-

514 515 570 561 et
598 508 798 563 veritas
823 509 1144 578 bonitasque
1174 520 1227 564 et
1250 511 1379 574 vita,
1405 520 1520 565 tum
1546 513 1715 576 salus,
1749 514 2084 582 incorrupti-

515 595 700 653 bilitas
743 597 1249 668 immortalitasque,
1300 609 1412 653 tum
1463 601 1738 656 immutari
1774 619 1836 656 ac
1885 603 2084 658 variari

513 685 701 739 nescia
717 685 912 749 virtus,
934 695 987 740 et
1015 687 1328 757 quicunque
1353 689 1601 746 sublimis
1639 702 1724 746 est
1750 691 2081 758 intellectus,

513 777 606 844 qui
634 791 730 846 per
759 775 874 830 haec
923 777 1143 831 nomina
1195 778 1525 842 declaretur,
1562 783 1746 835 omnia
1779 782 1915 836 nihil
1937 783 2080 837 aliud

511 881 676 936 quam
710 865 967 923 Christus
993 878 1045 922 et
1067 869 1175 924 sint
1206 878 1258 924 et
1284 870 1558 925 dicantur.
1596 873 1651 927 Si
1706 873 1870 942 igitur
1903 873 2083 929 omnis

513 956 770 1012 sublimis
805 958 1116 1013 intellectus
1142 958 1195 1012 in
1214 959 1418 1014 Christi
1448 961 1665 1016 nomine
1694 961 2082 1030 comprehendi

512 1049 834 1119 intelligitur
867 1050 1196 1118 (sublimiori
1245 1051 1391 1105 enim
1423 1053 1821 1122 signiﬁcatione
1873 1054 2081 1122 reliqua

509 1155 730 1212 quoque
765 1141 1135 1206 continentur,
1175 1143 1248 1197 ita
1284 1152 1680 1199 utczeterorum
1739 1143 2082 1212 unumquod-

511 1247 618 1302 que
657 1247 853 1288 nomen
876 1233 928 1287 in
975 1235 1195 1290 notione
1225 1243 1279 1289 et
1332 1235 1611 1289 intellectu
1651 1237 1799 1306 regni
1835 1235 2083 1290 conside-

512 1324 712 1394 retur),
734 1325 965 1381 fortasse
990 1342 1082 1396 per
1110 1328 1552 1394 consequentiam
1568 1327 1749 1396 aliquo
1774 1325 1932 1381 modo
1949 1326 2080 1395 quid

512 1432 608 1487 per
643 1416 1116 1473 Christianismum
1165 1419 1522 1490 signiﬁcetur,
1568 1419 1999 1473 animadvertere
2028 1427 2080 1473 et

511 1507 814 1577 intelligere
864 1509 1158 1578 possimus.
1213 1507 1269 1562 Si
1299 1509 1443 1564 enim
1503 1510 1622 1578 ejus
1656 1512 1801 1580 quod
1858 1510 2079 1564 excellit

510 1601 655 1653 inter
672 1612 734 1652 ea
767 1598 986 1652 nomina
1012 1599 1209 1668 quibus
1237 1599 1665 1668 incorruptibilis
1681 1609 1734 1653 et
1759 1599 2078 1654 immortalis

509 1698 708 1744 natura
759 1691 1084 1760 explicatur,
1118 1692 1355 1746 nominis
1395 1692 1685 1760 participes
1731 1708 1941 1756 sumus,
1982 1692 2075 1761 qui

2189 533 2368 587 μενον,
2411 518 2587 570 πάντα
2633 516 2726 568 τὸν
2767 514 2999 586 Χριστὸν
3030 514 3125 567 καὶ
3159 510 3300 565 εἶναι
3341 512 3434 565 καὶ
3477 508 3753 578 λέγεσθαι.

2186 608 2247 659 Et
2275 609 2452 683 τοίνυν
2482 607 2770 677 περίληψις
2805 605 3006 668 παντὸς
3033 603 3238 674 ὑψηλοῦ
3276 603 3549 673 νοήματος
3589 604 3646 654 ἐν
3676 599 3757 670 τῷ

2183 698 2276 752 τοῦ
2304 698 2538 769 Χριστοῦ
2561 702 2760 751 νοεῖται
2783 697 3006 766 ὀνόματι
3046 695 3146 766 (τῷ
3177 694 3283 764 γὰρ
3315 693 3626 762 ὑψηλοτέρῳ
3646 690 3756 743 τῶν

2186 789 2595 859 σημαινομένων
2626 789 2717 840 καὶ
2741 787 2812 840 τά
2846 785 3006 839 λοιπά
3035 785 3378 855 περιέχεται,
3419 782 3494 845 ὡς
3524 782 3754 834 ἕκαστον

2181 876 2290 928 τῶν
2319 877 2491 930 ἄλλων
2534 880 2600 946 τῇ
2649 875 2825 946 ἐννοίᾳ
2858 875 2956 943 τῆς
3004 873 3278 942 βασιλείας
3322 870 3752 940 ὲνθεωρείτθαι),

2181 965 2319 1034 τάχα
2351 965 2418 1017 δι’
2440 964 2730 1017 ἀκολούθου
2759 965 2966 1031 γένοιτο
3000 964 3063 1017 ἄν
3093 979 3176 1025 τις
3201 963 3332 1032 ἡμῖν
3366 962 3464 1029 τῆς
3488 958 3580 1012 τοῦ
3620 961 3755 1029 Χρι-

2185 1055 2500 1124 στιανισμοῦ
2553 1055 2847 1125 ἑρμηνείας
2899 1057 2933 1124 ἡ
2991 1053 3338 1122 κατανόησις,
3400 1052 3463 1103 Εί
3515 1050 3624 1120 γὰρ
3676 1051 3756 1122 τῷ

2182 1146 2501 1217 ὑπερέχοντι
2533 1145 2638 1198 τῶν
2665 1146 2764 1215 τῆς
2791 1145 3068 1215 ἀφθάρτου
3104 1143 3318 1212 φύσεως
3341 1141 3755 1212 ἐρμηνευτικῶν

2180 1238 2456 1308 ὀνομάτων
2497 1235 2967 1306 συνονομαζόμεθα
3004 1237 3050 1288 οἱ
3097 1235 3185 1287 διὰ
3217 1237 3316 1304 τῆς
3350 1235 3430 1296 είς
3470 1232 3631 1285 αὐτὸν
3664 1233 3753 1283 πί-

2183 1347 2350 1393 στεως
2379 1331 2515 1400 πρὸς
2553 1329 2714 1382 αὑτὸν
2748 1328 3140 1397 συναπτόμενοι
3160 1367 3174 1393 ,
3196 1325 3409 1394 ἀνάγκη
3440 1325 3591 1378 πᾶσά
3613 1323 3751 1386 ἐστι,

2181 1421 2273 1474 καὶ
2299 1422 2399 1476 ὅσα
2441 1422 2576 1492 μετά
2610 1419 2702 1473 τοῦ
2736 1420 2997 1490 ὀνόματος
3029 1417 3218 1472 τούτου
3254 1419 3381 1487 περὶ
3407 1417 3506 1487 τὴν
3533 1415 3752 1484 ἀφθαρ-

2178 1530 2269 1566 τον
2290 1513 2500 1582 ἐκείνην
2526 1513 2808 1584 θεωρεῖται
2827 1511 2987 1580 φύσιν
3009 1512 3278 1581 νοήματα,
3297 1510 3390 1563 καὶ
3415 1508 3548 1579 πρὸς
3569 1510 3753 1560 ἐκεῖνα

2180 1603 2310 1672 ἡμῖν
2334 1603 2433 1672 τὴν
2463 1601 2778 1672 ὁμωνυμίαν
2805 1601 2944 1654 κατά
2967 1601 3027 1653 τὸ
3051 1599 3338 1653 ἀκόλουθον
3364 1599 3627 1667 γίνεσθαι.
3663 1597 3752 1660 Ὠς

2179 1693 2286 1763 γὰρ
2309 1695 2373 1763 τῇ
2399 1695 2597 1762 μετοχῇ
2618 1692 2712 1744 τοῦ
2735 1691 2969 1762 Χριστοῦ
2995 1690 3093 1762 τὴν
3115 1690 3207 1744 τοῦ
3228 1689 3556 1761 Χριστιανοῦ
3582 1705 3751 1757 προσ-

511 1797 609 1851 per
639 1780 798 1836 ﬁdem
829 1781 882 1836 in
917 1797 1039 1838 eum
1082 1799 1206 1836 cum
1235 1783 1353 1851 ipso
1397 1783 1780 1852 conjungimur
1809 1801 1821 1837 :
1855 1783 2074 1836 omnino

2178 1783 2404 1854 ηγορίαν
2447 1785 2762 1854 ἐσχήκαμεν
2787 1825 2802 1849 ,
2855 1782 2997 1835 οὕτω
3042 1782 3304 1853 προσήκει
3339 1781 3479 1835 κοιτά
3515 1781 3578 1834 τὸ
3615 1781 3748 1834 ἀκό·

510 1885 736 1926 necesse
761 1879 955 1938 est,.ut
1010 1873 1321 1943 quicunque
1375 1889 1483 1928 una
1520 1889 1643 1927 cum
1707 1875 1810 1928 hoc
1857 1874 2077 1928 nomine

509 1965 657 2018 circa
686 1964 1047 2020 immortalem
1083 1966 1231 2019 illam
1261 1977 1513 2020 naturam
1553 1966 1969 2022 considerantur
1989 1968 2074 2021 in-

506 2056 783 2120 tellectus,
811 2071 906 2125 per
935 2057 1380 2124 consequentiam
1420 2073 1543 2112 cum
1578 2059 1684 2114 illis
1739 2073 1953 2128 quoque
1979 2073 2078 2112 no-

507 2147 594 2203 bis
616 2148 926 2203 communio
957 2149 1196 2203 nominis
1231 2151 1322 2204 sit.
1375 2148 1444 2204 Ut
1473 2151 1618 2205 enim
1661 2150 2077 2220 participatione

507 2238 735 2303 Christi,
785 2239 1084 2296 Christiani
1126 2241 1539 2310 appellationem
1593 2241 1772 2311 adepti
1821 2259 2003 2299 sumus
2065 2260 2079 2296 :

507 2327 583 2381 ita
623 2343 718 2398 per
749 2343 1093 2398 consequens
1112 2332 1368 2386 convenit
1399 2332 1641 2386 omnium
1661 2347 1878 2402 quoque
1906 2333 2076 2387 subli-

505 2420 676 2474 mium
712 2422 992 2476 nominum
1046 2437 1147 2477 nos
1193 2422 1463 2477 asciscere
1518 2423 1956 2478 communionem
2012 2439 2076 2479 ac

503 2511 844 2568 societatem.
882 2514 959 2568 Ac
987 2513 1442 2583 quemadmodum
1494 2515 1547 2568 in
1579 2522 1770 2569 catena
1806 2515 1898 2584 qui
1929 2528 2071 2578 eam,

503 2616 626 2671 qua:
663 2603 719 2658 in
749 2607 1091 2662 extremitate
1122 2614 1227 2671 est,
1261 2615 1612 2661 curvaturam
1648 2608 1949 2672 attraxerit,
1979 2622 2072 2664 eas

2176 1873 2384 1937 λουθον,
2409 1875 2502 1928 καὶ
2530 1874 2745 1928 πάντων
2779 1875 2926 1944 ἡμᾶς
2949 1873 3057 1926 τῶν
3095 1872 3315 1942 ὑψηλῶν
3345 1872 3622 1942 ὀνομάτων
3651 1872 3750 1940 τὴν

2176 1965 2458 2019 κοινωνίαν
2503 1965 2848 2035 ἐφέλκεσθαι.
2892 1965 3000 2018 Καὶ
3047 1963 3294 2034 καθάπερ
3329 1964 3419 2016 ἐπὶ
3451 1963 3690 2026 ἁλύσεως
3719 1965 3748 2016 ό

2173 2059 2272 2129 τὴν
2322 2057 2463 2110 κατά
2512 2057 2574 2110 τὸ
2619 2056 2788 2128 ἄκρον
2832 2056 3078 2128 ἀγκύλην
3123 2055 3603 2125 ἐπισπασάμενος,
3649 2054 3749 2118 τὰς

2177 2149 2435 2220 συμφυῶς
2464 2149 2726 2219 ἐχομένας
2753 2149 3000 2220 ἀλλήλων
3028 2149 3115 2202 διὰ
3141 2149 3240 2220 τῆς
3271 2149 3400 2216 μιᾶς
3424 2147 3489 2200 ἂν
3520 2144 3748 2215 ἐφελκύ-

2178 2257 2330 2294 σαιτο
2351 2257 2365 2272 ο
2399 2239 2592 2303 οὔτως,
2625 2240 2812 2310 ἐπειδὴ
2845 2239 2922 2310 τῷ
2957 2240 3052 2292 τοῦ
3081 2238 3317 2310 Χριστοῦ
3355 2239 3575 2309 ὀνόματι
3611 2255 3748 2306 συμ-

2177 2331 2327 2399 φυῶς
2346 2331 2456 2400 ἔχει
2486 2331 2580 2383 καὶ
2601 2330 2670 2384 τά
2694 2332 2855 2384 λοιπά
2875 2331 2982 2384 τῶν
3005 2331 3419 2402 ἐρμηνευτικῶν
3439 2330 3537 2400 τῆς
3568 2327 3748 2398 ἀφρά-

2177 2440 2304 2475 στου
2327 2423 2420 2475 καὶ
2443 2422 2754 2485 πολυειδοῦς
2791 2424 3005 2491 ἐκείνης
3041 2423 3438 2494 μακαριότητος
3457 2461 3471 2483 ,
3505 2421 3747 2487 ἐπάναγ-

2176 2533 2269 2578 κες
2294 2515 2359 2568 ἂν
2393 2515 2476 2585 εἴη
2503 2515 2590 2568 τὸν
2619 2515 2712 2568 τοῦ
2736 2515 2852 2578 ἑνὸς
2882 2515 3235 2586 δραξάμενον,
3267 2514 3362 2567 καὶ
3394 2515 3461 2566 τὰ
3486 2512 3646 2566 λοιπά
3667 2511 3747 2581 τῷ

2176 2610 2256 2661 ἐνὶ
2290 2607 2730 2676 συνεφέλκεσθαι.

503 2716 627 2772 quae
662 2701 1006 2757 continenter
1035 2701 1175 2754 inter
1236 2713 1294 2754 se
1337 2698 1633 2761 cohaerent,
1665 2712 1763 2767 per
1803 2712 1968 2751 unam
2002 2698 2285 2752 attraxerit
2319 2716 2332 2751 :
2369 2698 2442 2751 ita
2481 2697 2739 2767 quoniam
2784 2695 2988 2751 Christi
3031 2695 3238 2750 nomini
3280 2694 3487 2763 reliqua
3527 2708 3747 2762 quoque

503 2794 707 2864 quibus
735 2792 1022 2848 ineﬁ‘ahilis
1046 2806 1110 2846 ac
1148 2791 1500 2846 multiformis
1535 2791 1625 2844 illa
1643 2789 1920 2844 beatitudo
1957 2791 2280 2860 explicatur,
2311 2802 2502 2846 natura
2529 2791 2806 2846 cohaerent
2833 2799 2995 2861 atque
3029 2789 3318 2862 conjuncta
3351 2797 3748 2858 sunt,necesse

504 2887 673 2945 fuerit
699 2901 823 2942 eum
855 2885 946 2954 qui
984 2898 1153 2937 unum
1185 2883 1498 2952 arripuerit,
1522 2899 1630 2936 una
1667 2897 1790 2936 cum
1827 2882 1946 2951 ipso
1970 2882 2177 2950 reliqua
2211 2897 2429 2951 quoque
2459 2882 2747 2937 attrahere.

576 2977 636 3032 Si
669 2975 794 3048 quis
817 2975 982 3046 igitur
1009 2987 1204 3028 nomen
1229 2973 1448 3042 quidem
1482 2973 1686 3027 Christi
1714 2981 1915 3033 sumat,
1951 2987 2071 3040 qua:

500 3084 635 3127 vero
673 3083 780 3123 una
809 3081 932 3122 cum
964 3065 1068 3120 hoc
1096 3066 1320 3118 nomine
1347 3063 1786 3128 considerantur,
1819 3065 1925 3118 vita
1960 3079 2067 3118 non

501 3159 773 3231 exprimat
811 3173 988 3227 neque
1017 3163 1373 3225 repmsentet
1405 3174 1418 3209 :
1458 3153 1506 3209 is
1536 3169 1732 3208 nomen
1757 3155 2070 3221 ementitur,

498 3253 654 3323 juxta
683 3249 1017 3322 propositam
1048 3261 1078 3300 a
1117 3247 1275 3302 nobis
1317 3245 1730 3301 similitudinem
1781 3261 2068 3315 personam

502 3343 800 3398 inanimam
854 3340 1106 3395 humanae
1163 3338 1348 3409 ﬁgura:
1395 3338 1787 3391 conformatam
1840 3347 1896 3392 et
1934 3338 2072 3393 assi-

499 3434 746 3489 milatam
800 3431 973 3488 simia:
1005 3445 1306 3501 apponens.
1357 3428 1497 3485 Fieri
1548 3428 1692 3483 enim
1739 3443 1849 3482 non
1895 3437 2072 3496 potest

501 3525 634 3594 quin
659 3523 914 3579 Christus
962 3523 1033 3578 sit
1057 3530 1111 3576 et
1139 3520 1375 3590 iustitia,
1409 3529 1463 3576 et
1494 3523 1724 3590 puritas,
1755 3529 1812 3573 et
1841 3521 2069 3585 veritas,

500 3622 667 3685 atque
692 3613 938 3684 cujusvis
963 3613 1089 3667 mali
1125 3613 1332 3679 vitatio,
1370 3627 1543 3683 neque
1569 3612 1916 3668 Christianus
1951 3627 2074 3667 esse

499 3709 684 3773 potest
709 3704 825 3773 (qui
859 3703 1079 3773 quidem
1112 3717 1239 3756 vere
1268 3701 1620 3757 Christianus
1671 3702 1787 3773 sit),
1817 3703 1909 3772 qui
1960 3717 2070 3757 non

500 3792 720 3846 illorum
749 3792 1029 3846 nominum
1072 3807 1289 3860 quoque
1322 3795 1762 3846 communionem
1807 3801 1858 3848 et
1887 3795 2068 3849 socie-

500 3891 668 3939 tatem
700 3883 756 3938 in
790 3898 912 3938 sese
951 3883 1224 3937 ostendat.
1263 3882 1532 3948 Quocirca
1583 3884 1724 3938 sicut
1755 3884 2071 3941 deﬁnitione

503 3974 702 4046 aliquis
722 3973 853 4045 quid
876 3989 971 4044 per
987 3973 1468 4028 Christianismum
1495 3975 1852 4044 signiﬁcetur,
1890 3976 2071 4030 decla-

501 4062 744 4118 raverit:
779 4061 1022 4116 dicemus
1079 4061 1221 4131 quod
1253 4061 1709 4119 Christianismus
1738 4065 1809 4118 sit
1840 4064 2071 4119 imitatio

501 4150 701 4205 divina:
743 4150 1077 4204 naturaeAc
1130 4166 1288 4206 nemo
1333 4153 1634 4208 deﬁnitioni
1677 4162 1935 4224 tanquam
1977 4156 2072 4208 im-

503 4242 732 4298 modicae
777 4249 1088 4312 nostraeque
1129 4243 1490 4298 humilitatem
1537 4253 1746 4300 natura:
1789 4247 2069 4317 superanti

500 4334 771 4389 obtrectet
799 4350 814 4387 :
841 4349 952 4388 non
997 4335 1141 4388 enim
1189 4337 1427 4390 excessit
1456 4351 1520 4391 ea
1557 4346 1824 4390 naturam.
1855 4337 1989 4390 Nam
2023 4337 2068 4391 si

498 4426 626 4494 quis
654 4426 884 4494 primam
908 4426 1146 4481 hominis
1167 4427 1532 4482 conditionem
1565 4436 1619 4483 et
1652 4437 1854 4482 statum
1887 4429 2070 4484 consi-

498 4515 796 4579 deraverit,
853 4517 1220 4586 deprehendet
1262 4533 1325 4573 ex
1370 4518 1717 4574 documentis
1748 4517 2064 4590 Scripturae,

2246 2973 2308 3024 El
2341 2972 2516 3025 τοίνυν
2545 2973 2604 3026 τὸ
2629 2975 2724 3043 μὲν
2749 2971 2916 3042 ὄνομά
2944 2989 3026 3034 τις
3051 2971 3145 3025 τοῦ
3175 2971 3410 3041 Χριστοῦ
3441 2971 3743 3038 ὑποδύοιτο,

2177 3063 2280 3117 ὅσα
2309 3064 2364 3117 δὲ
2392 3063 2470 3134 τῷ
2512 3064 2734 3134 ὀνόματι
2764 3063 2937 3134 τούτῳ
2971 3062 3349 3132 συνθεωρεὶται
3396 3064 3469 3135 μὴ
3510 3063 3745 3116 δεικνύοι

2177 3155 2256 3225 τῷ
2285 3154 2402 3225 βίῳ,
2435 3155 2826 3225 καταψεύδεται
2855 3153 2947 3206 τοῦ
2975 3154 3232 3224 ὀνόματος
3259 3154 3288 3206 ὁ
3312 3150 3569 3215 τοιοῦτος,
3604 3152 3747 3205 κατά

2177 3247 2236 3299 τὸ
2272 3247 2528 3318 προτεθὲν
2580 3249 2712 3318 ἡμῖν
2757 3247 3075 3318 ὑπόδειγμα,
3129 3247 3466 3314 προσωπεῖον
3515 3244 3742 3313 ἄψυχον,

2175 3338 2495 3409 ἀνθρωπίνῳ
2539 3338 2849 3410 χαρακτῆρι
2899 3337 3359 3408 μεμορφωμένον,
3393 3335 3635 3406 περιθεὶς
3667 3333 3747 3405 τῷ

2173 3428 2412 3500 πιθήκῳ.
2451 3427 2587 3482 Οῦτε
2616 3429 2723 3499 γὰρ
2756 3429 2844 3482 τὸν
2873 3428 3105 3497 Χριστὸν
3139 3428 3252 3481 ἔστι
3285 3427 3359 3498 μὴ
3402 3425 3747 3496 δικαιοσύνην

2173 3518 2328 3584 εἶναι,
2362 3521 2453 3573 καὶ
2475 3520 2838 3590 καθαρότητα,
2868 3520 2960 3572 καὶ
2985 3518 3262 3589 ἀλήθειαν,
3293 3519 3386 3570 καὶ
3412 3517 3582 3571 κακοῦ
3612 3534 3747 3569 παν-

2171 3610 2262 3674 τὸς
2312 3609 2694 3680 ἀλλοτρίωσιν,
2739 3606 2861 3660 οὔτε
2899 3607 3220 3679 Χριστιανὸν
3253 3607 3399 3660 ἔστιν
3443 3601 3580 3659 εἶναι
3616 3605 3746 3672 (τόν

2171 3717 2235 3769 γε
2266 3699 2478 3772 ἀληθῶς
2508 3698 2901 3771 Χριστιανὸν),
2933 3699 3008 3769 μὴ
3037 3697 3302 3752 κάκείνων
3327 3697 3433 3751 τῶν
3465 3697 3746 3766 ὀνομάτων

2170 3791 2267 3862 τὴν
2295 3790 2574 3844 κοινωνίαν
2605 3792 2661 3842 ἐν
2686 3788 2862 3858 ἑαυτῷ
2883 3787 3214 3842 δεικνύοντα.
3237 3786 3464 3851 Οὐκοῦν,
3481 3787 3557 3850 ὡς
3576 3788 3641 3841 ἄν
3663 3805 3748 3851 τις

2171 3885 2281 3953 ὅρῳ
2317 3881 2410 3934 τοῦ
2452 3879 2877 3952 Χριστιανισμοῦ
2907 3881 3006 3952 τὴν
3046 3881 3283 3936 διάνοιαν
3321 3879 3743 3951 ἐρμηνεύσειεν,

2171 3975 2339 4037 οὓτως
2385 3973 2650 4044 ἐροῦμεν,
2693 3975 2774 4028 ὅτι
2825 3975 3246 4045 Χριστιανισμός
3288 3974 3403 4026 ἐστι
3461 3973 3559 4042 τῆς
3595 3972 3747 4035 θείας

2172 4066 2384 4134 φύσεως
2415 4066 2660 4136 μίμησις.
2690 4067 2800 4121 Καὶ
2823 4067 3008 4137 μηδεὶς
3037 4067 3111 4129 ὡς
3134 4067 3434 4136 ὑπέρογκον
3459 4067 3551 4118 καὶ
3578 4065 3747 4133 ὑπερ-

2173 4157 2419 4210 ϐαίνοντα
2447 4157 2544 4228 τὴν
2571 4159 2670 4228 τῆς
2700 4158 2912 4227 φύσεως
2942 4157 3096 4226 ἡμῶν
3123 4157 3484 4225 ταπεινότητα
3521 4156 3745 4208 διαϐαλ-

2170 4247 2308 4300 λέτω
2345 4248 2435 4300 τὸν
2468 4249 2624 4320 ὅρον·
2661 4249 2721 4300 ού
2750 4248 2857 4318 γὰρ
2899 4247 3056 4318 ἐξέϐη
3105 4247 3203 4318 τὴν
3249 4247 3408 4315 φύσιν
3443 4248 3470 4298 ό
3501 4247 3644 4315 ὅρος.
3683 4246 3744 4296 Εἰ

2171 4340 2278 4408 γάρ
2309 4356 2393 4402 τις
2435 4340 2534 4409 τὴν
2577 4339 2796 4410 πρώτην
2837 4340 3165 4393 κατάστασιν
3197 4338 3290 4392 τοῦ
3330 4337 3614 4409 ἀνθρώπου
3654 4337 3744 4390 λο-

2171 4429 2400 4496 γίσαιτο,
2433 4430 2652 4500 εὑρήσει
2683 4429 2768 4482 διά
2800 4429 2908 4482 τῶν
2940 4431 3226 4500 Γραφικῶν
3265 4430 3629 4499 διδαγμάτων,
3661 4430 3742 4482 ὅτι

2171 4523 2270 4574 ούκ
2305 4519 2494 4590 ἐξῆλθε
2524 4521 2590 4574 τὰ
2625 4520 2795 4590 μέτρα
2819 4521 2916 4590 τῆς
2941 4521 3154 4590 φύσεως
3181 4521 3336 4592 ἡμῶν
3369 4523 3395 4573 ό
3427 4523 3567 4590 ὅρος.
3586 4521 3657 4571 ’Ἡ
3684 4537 3745 4572 τε

499 4607 647 4676 quod
675 4606 921 4662 deﬁnitio
943 4617 1093 4662 extra
1121 4608 1342 4662 modum
1378 4618 1580 4663 nostra:
1620 4619 1828 4664 natura:
1851 4625 2067 4680 egressa

2176 4612 2282 4683 γάρ
2317 4611 2504 4682 πρώτη
2541 4611 2633 4663 τοῦ
2673 4611 2956 4682 ἀνθρώπου
2993 4611 3300 4679 κατασκευὴ
3341 4611 3479 4664 κατά
3514 4614 3746 4680 μίμησιν

498 4713 610 4754 non
636 4699 730 4755 sit.
768 4698 901 4753 Nam
927 4707 981 4754 et
1028 4701 1200 4770 prima
1247 4701 1488 4757 hominis
1529 4700 1816 4757 fabricatio
1846 4703 1911 4756 ad
1947 4703 2068 4756 imi-

497 4791 760 4846 tationem
809 4790 903 4846 Dei
930 4793 1308 4850 similitudinis
1349 4805 1482 4854 erat,
1532 4794 1715 4866 Moyse
1753 4795 1820 4848 de
1850 4795 2071 4851 homine

497 4881 575 4938 ita
606 4883 1054 4954 philos0phante,
1082 4885 1212 4939 dum
1238 4886 1335 4950 ait,
1362 4905 1380 4938 ι
1415 4885 1564 4941 Fecit
1599 4886 1740 4942 Deus
1770 4887 2069 4949 hominem,

496 4973 799 5028 secundum
833 4975 1123 5047 imaginem
1172 4975 1265 5032 Dei
1321 4978 1449 5033 fecit
1491 4995 1616 5034 eum
1652 4981 1692 5011 ¹⁶
1727 4999 1738 5034 :
1778 4998 1795 5029 ι
1835 4987 1888 5033 et
1911 4978 2073 5032 Chri-

497 5065 768 5120 stianismi
828 5067 1100 5136 professio
1158 5077 1261 5131 est,
1327 5079 1386 5123 ut
1441 5069 1602 5123 homo
1663 5071 1956 5125 reducatur
2003 5069 2071 5123 ad

496 5155 786 5224 prisﬁnam
811 5165 865 5212 et
897 5160 1179 5228 antiquam
1205 5159 1543 5216 felicitatem.

568 5243 625 5297 Si
664 5245 832 5313 igitur
877 5249 1182 5318 antiquitus
1226 5249 1388 5304 homo
1447 5251 1539 5307 Dei
1578 5253 1879 5308 similitudo
1929 5261 2070 5320 erat,

497 5328 730 5385 forsitan
766 5333 912 5388 haud
973 5337 1270 5392 absurdam
1316 5348 1370 5394 et
1423 5356 1454 5394 a
1504 5342 1786 5412 proposito
1839 5343 2070 5397 alienam

451 5462 458 5498 ι
496 5419 726 5478 fecimus
782 5425 1175 5496 deﬁnitionem,
1217 5431 1311 5500 qui
1347 5432 1706 5488 imitationem
1757 5433 1954 5488 divinae
1980 5449 2075 5488 na-

497 5521 634 5570 tura:
665 5515 1149 5576 Christianismum
1187 5539 1306 5581 er~se
1327 5525 1768 5596 pronuntiamus.
1797 5523 2074 5584 Professio

572 5693 612 5724 ν
645 5691 781 5750 Gen.
818 5708 857 5762 ι,
883 5693 971 5748 27.

2173 4707 2272 4774 τῆς
2295 4703 2389 4756 τοῦ
2417 4703 2552 4756 Θεοῦ
2581 4702 2895 4773 ὁμοιότητος
2919 4698 2986 4772 ἦν
3016 4703 3175 4767 (οὑτω
3196 4701 3290 4754 τοῦ
3313 4701 3588 4763 Μωῦσέως
3616 4718 3682 4752 πε
3691 4702 3746 4769 pl.

2172 4795 2263 4849 τοῦ
2313 4793 2597 4864 ἀνθρώπου
2647 4793 3133 4863 φιλοσοφήσαντος,
3188 4793 3244 4846 έν
3286 4787 3366 4855 οἷς
3414 4808 3609 4861 φησιν,
3661 4792 3745 4844 ὅτι

2178 4904 2197 4937 ι
2244 4885 2530 4955 Ἐποίησεν
2561 4887 2588 4939 ὁ
2618 4886 2750 4948 Θεὸς
2781 4885 2871 4937 τὸν
2906 4883 3207 4954 ἅνθρωπονο
3240 4884 3360 4936 κατ’
3391 4883 3573 4936 εἰκόνα
3606 4881 3744 4934 Θεοῦ

2174 4975 2428 5044 ἐποίησεν
2454 4976 2616 5028 αὑτὸν
2638 4977 2706 5038 ι),
2729 4974 2870 5043 καὶὴ
2893 4973 2982 5025 τοῦ
3003 4956 3423 5044 Χριστιανισμοῦ
3444 4972 3746 5040 ἐπαγγελία

2174 5067 2290 5119 ἐστὶ
2317 5068 2376 5119 τὸ
2421 5068 2499 5129 είς
2537 5066 2632 5136 τὴν
2667 5065 2899 5136 ἀρχαίαν
2925 5065 3216 5136 εὑκληρίαν
3251 5065 3618 5134 ἐπαναχθῆναι
3651 5063 3745 5118 τὸν

2173 5156 2474 5225 ἄνθρωπον.

2245 5247 2308 5300 Εἰ
2339 5248 2395 5300 δὲ
2431 5247 2489 5299 τὸ
2540 5249 2762 5318 ἀρχαῖον
2810 5245 2943 5299 Θεοῦ
2981 5247 3230 5316 ὁμοίωμα
3262 5247 3290 5298 ὀ
3336 5246 3619 5316 ἄνθρωπος
3651 5241 3740 5316 ἦν,

2174 5340 2313 5409 τάχα
2347 5340 2446 5393 ούκ
2475 5340 2580 5405 ’ἐξω
2607 5339 2699 5391 τοῦ
2733 5339 2934 5392 σκοποῦ
2971 5340 3063 5392 τὸν
3095 5340 3320 5410 ὁρισμὸν
3363 5339 3703 5409 πεποιήμεθα
3727 5379 3741 5403 ,

2179 5433 2406 5504 μίμησιν
2444 5431 2591 5494 θείας
2623 5431 2835 5501 φύσεως
2864 5430 2953 5483 τὸν
2982 5431 3400 5501 Χριστιανισμὸν
3433 5427 3570 5484 εἶναι
3605 5431 3745 5483 ἀπο-

2177 5522 2493 5595 φηνάμενοι.
2543 5522 2608 5576 Ἡ
2649 5521 2747 5593 μὲν
2787 5519 2879 5577 οῦν
2913 5521 3201 5592 ὑπόσχεσις
3244 5523 3342 5592 τῆς
3375 5522 3746 5594 προσηγορίας
