4034 6132
496 277 595 332 2-H
1686 276 1743 332 S.
1783 270 2081 330 GREGON

2194 263 2435 321 YSSENI
3632 246 3736 303 258

497 416 613 473 ﬁeri
648 418 837 488 possit,
876 418 1105 473 vivendo
1142 415 1361 471 imitari.
1394 414 1652 483 Qurenam
1703 413 1870 483 igitur
1910 424 1938 463 a
1976 408 2136 463 nobis
2172 403 2595 476 proficiscuntur
2625 396 2890 458 actiones,
2927 405 3048 460 qua:
3084 386 3178 488 Dei
3221 382 3511 488 actionum.
3536 378 3739 488 similes

497 469 767 564 sunt?tAb
784 469 929 563 omni
958 508 1252 562 vitiositate
1280 469 1440 578 atque
1463 506 1689 570 malitia,
1713 469 1889 573 quoad
1921 501 2041 569 ejus
2069 498 2183 553 lieri
2212 495 2405 565 possit.
2429 505 2553 546 esse
2582 489 2813 549 alienos,
2838 492 2999 552 atque
3020 481 3088 534 ab
3109 478 3230 548 ejus
3247 469 3742 578 inquinationibus,

499 617 609 659 tum
636 619 819 674 opere,
850 612 960 657 tum
990 619 1261 668 sermone,
1288 612 1402 657 tum
1433 608 1610 657 mente
1637 614 1837 654 vacuos
1873 612 1936 652 ac
1966 609 2134 666 puros
2175 606 2320 655 esse,
2351 588 2405 643 id
2442 598 2630 641 revera
2671 581 2870 637 divina:
2906 587 2959 634 ct
2997 576 3116 645 ejus
3158 585 3278 645 quae
3301 570 3445 625 circa
3468 566 3739 622 ecclestem

497 693 665 747 Deum
701 698 996 761 spectatur,
1030 690 1378 761 perfectionis
1406 689 1635 743 imitatio
1661 695 1765 743 est.
3059 760 3080 764 _
3229 756 3256 764 _
3333 755 3346 764 _
3497 752 3521 764 ,
3652 748 3710 764 Α,

566 783 684 838 Non
719 783 862 839 enim
895 783 1025 837 mihi
1076 783 1295 839 videtur
1340 781 1690 853 Evangelium
1743 781 2068 835 elementum

2246 773 2320 824 Οὐ
2356 771 2462 840 γάρ
2495 785 2582 838 μοι
2616 763 2848 820 δοκεῖτὸ
2881 760 3137 831 στοιχεῖον
3165 756 3258 810 τοῦ
3297 752 3547 823 οὐρανοῦ,
3579 748 3744 804 καθά·

497 875 621 930 coali
657 883 913 942 tanquam
947 884 1256 948 separatum
1281 876 1554 951 quoddam
1599 871 1934 927 domicilium
1971 867 2064 923 Dei

497 964 700 1031 dicere,
735 964 863 1019 dum
894 966 1051 1035 jubet
1080 981 1181 1020 nos
1213 966 1285 1019 ita
1311 966 1582 1036 perfectos
1614 977 1735 1018 esse
1771 961 1913 1015 sicut
1954 972 2059 1012 cce-

497 1055 655 1109 lcstis
690 1053 852 1110 Pater
881 1055 1157 1127 perfectus
1186 1065 1290 1121 est,
1317 1056 1517 1129 quippe
1545 1070 1667 1108 cum
1695 1065 1898 1110 numen
1929 1049 2066 1103 divi-

498 1156 629 1194 num
657 1141 711 1195 in
741 1143 995 1199 omnibus
1017 1159 1082 1199 ex
1116 1159 1270 1214 teque
1304 1147 1394 1208 sit,
1428 1154 1481 1199 et
1502 1158 1598 1207 per
1624 1157 1838 1197 omnem
1880 1139 2065 1193 itidem

499 1241 809 1286 creaturam
845 1243 1086 1304 permeet
1119 1246 1281 1305 atque
1325 1234 1600 1305 pervadat,
1635 1244 1689 1289 et
1737 1232 1892 1296 nihil,
1924 1230 2070 1300 quod

502 1323 571 1378 ab
597 1331 722 1378 ente
764 1335 1075 1393 separatum
1107 1327 1198 1385 sit.
1231 1328 1284 1379 in
1323 1326 1562 1381 essentia
1614 1338 1835 1378 manere
1877 1322 2069 1392 possit,

504 1413 598 1471 sed
650 1416 989 1483 aequabiliter
1016 1417 1242 1487 parique
1295 1418 1506 1471 ratione
1557 1430 1619 1469 ac
1670 1416 1830 1470 modo
1877 1429 2073 1467 unam-

504 1518 777 1572 quamque
810 1519 923 1558 rem
956 1490 1150 1559 natura
1182 1504 1362 1559 divina
1395 1505 1758 1575 amplectatur
1797 1510 1851 1558 et
1906 1502 2072 1555 attin-

504 1604 614 1665 gat,
649 1597 832 1652 omnia
882 1598 934 1653 vi
975 1598 1426 1670 comprehensiva
1478 1598 1621 1652 intra
1674 1611 1733 1652 se
1784 1595 2072 1651 continens

506 1697 670 1758 atque
702 1705 962 1746 coercens
996 1709 1010 1746 :
1039 1689 1496 1767 quemadmodum
1529 1688 1802 1760 PrOpheta
1854 1700 2073 1756 quoque

2172 879 2275 934 περ
2299 879 2351 913 τι
2377 857 2779 930 κεχωρισμένον
2799 852 3115 921 ἐνδιαίτημα
3135 847 3268 903 Θεοῦ
3292 845 3468 915 λέγειν
3490 843 3550 895 τὸ
3571 842 3746 911 Εὑσγ.

2174 933 2369 1023 γέλιον,
2402 954 2458 1004 ἐν
2506 947 2586 1013 οἷς
2630 946 2958 1017 προστάσσει
3007 937 3346 994 τελειοῦσθαι
3393 934 3571 1006 ἡμᾶς,
3604 933 3749 1023 κατὰ

2172 1019 2263 1099 τὸν
2295 1043 2612 1113 ἐπουράνιον
2641 1039 2860 1109 Πατέρα
2879 1052 2892 1065 ’
2923 1035 3056 1089 διότι
3093 1032 3154 1085 τὸ
3185 1030 3339 1083 Θεῖον
3367 1026 3506 1081 κατὰ
3536 1025 3597 1077 τὸ
3632 1019 3747 1076 ἴσον

2175 1138 2233 1189 ἐν
2275 1135 2440 1189 πᾶσίν
2483 1135 2620 1195 ἐστι,
2661 1130 2755 1184 καὶ
2797 1128 2887 1182 διὰ
2930 1126 3110 1195 πάσης
3147 1120 3407 1182 ὡσαύτως
3443 1118 3616 1188 διήκει
3649 1113 3749 1183 τῆς

2176 1227 2428 1287 κτίσεως,
2457 1223 2550 1276 καὶ
2576 1221 2727 1274 οὐδὲν
2750 1219 2815 1273 ἂν
2837 1215 3102 1289 χωρισθὲν
3124 1212 3217 1267 τοῦ
3246 1212 3396 1273 ὄντος
3425 1210 3483 1261 ἐν
3511 1207 3589 1277 τῷ
3610 1201 3748 1258 εἶναι

2173 1318 2342 1389 μένοι,
2372 1314 2485 1368 ἀλλ’
2515 1312 2791 1384 όμοτίμως
2825 1309 3053 1363 ἑκάστου
3081 1304 3190 1357 τῶν
3221 1301 3390 1356 όντων
3434 1300 3469 1369 ἡ
3497 1296 3616 1351 θεία
3647 1294 3747 1389 φύ-

2171 1428 2254 1474 σις
2286 1408 2605 1478 ἐφάπτεται,
2650 1404 2827 1457 πάντα
2856 1404 2922 1472 τῇ
2959 1399 3277 1471 περιεκτικῇ
3324 1393 3549 1461 δυνάμει
3595 1388 3748 1453 ἐντὸς

2169 1500 2367 1569 ἑαυτῆς
2405 1495 2825 1568 περιείργουσαο
2861 1490 3112 1559 καθάπερ
3145 1485 3241 1539 καὶ
3271 1483 3566 1555 Προφήτης
3588 1477 3750 1532 τοῦτο

2178 1587 2419 1642 παιδεύει
2452 1585 2652 1652 λέγων.
2697 1583 2779 1636 ὅτι
2820 1579 2934 1633 Κᾶν
2969 1580 3027 1631 ὲν
3068 1575 3145 1647 τῷ
3181 1572 3394 1645 οὐρανῷ
3416 1571 3659 1639 γένωμαι
3680 1569 3745 1638 τῇ

2177 1678 2413 1749 διανοίᾳ,
2442 1676 2547 1730 κᾶν
2587 1673 2655 1726 τὰ
2692 1672 2922 1740 ὑπόγεια
2948 1669 3026 1740 τῷ
3062 1664 3307 1736 λογισμῷ
3339 1659 3625 1723 καταδυεὶς
3662 1658 3747 1724 ἐξ·

504 1779 611 1835 hoc
641 1780 819 1845 docet,
850 1781 1040 1838 dicens
1068 1762 1085 1836 ἰ
1123 1780 1250 1838 Sive
1282 1789 1463 1836 mente
1509 1780 1664 1837 fuero
1685 1781 1738 1834 in
1770 1780 1931 1844 caelo,
1959 1778 2075 1832 sive

2187 1747 2484 1831 ετάσω,κᾶν
2503 1765 2594 1818 ἐπὶ
2612 1764 2678 1817 τὰ
2702 1761 2911 1832 πέρατα
2922 1760 3028 1813 τῶν
3049 1758 3217 1811 όντων
3231 1749 3635 1821 τὸδιανοητικδν
3649 1747 3750 1817 τῆς

504 1870 861 1928 subterranea
894 1873 1225 1944 cogitatione
1262 1882 1554 1945 penetrans
1582 1880 1859 1929 scrutatus
1889 1870 2070 1935 fuero,

504 1962 621 2023 sive
653 1963 721 2023 ad
762 1965 1024 2022 terminos
1046 1980 1228 2022 rerum
1256 1966 1363 2020 vim
1400 1965 1596 2020 animae
1636 1962 1981 2035 cogitativam
2020 1969 2074 2017 et

506 2050 914 2123 imaginativam
946 2055 1267 2123 extendero,
1302 2055 1484 2110 omnia
1506 2054 1666 2109 video
1707 2054 1929 2109 dextera
1981 2060 2075 2106 tua

505 2144 909 2215 Comprehendi.
929 2144 1105 2201 Dictio
1133 2155 1312 2201 autem
1332 2145 1398 2200 ad
1428 2146 1573 2201 hunc
1601 2144 1818 2200 modum
1839 2159 1959 2201 sese
1979 2143 2075 2196 ha-

504 2233 598 2290 bet
631 2252 644 2289 :
675 2252 696 2286 ι
721 2233 777 2292 Si
795 2236 1092 2295 ascendere
1111 2237 1165 2295 in
1190 2237 1408 2301 ctelum,
1438 2246 1493 2291 tu
1524 2239 1634 2292 illic
1656 2252 1744 2303 es;
1771 2236 1815 2293 si
1853 2236 2077 2292 descen-

512 2323 646 2383 dero
672 2324 730 2379 lt
764 2324 1056 2390 infernum,
1079 2335 1277 2397 praesto
1307 2343 1396 2395 es;
1427 2329 1470 2383 si
1497 2328 1768 2383 sustulero
1788 2327 1903 2382 alas
1930 2340 2077 2380 meas

510 2415 579 2471 ad
601 2414 924 2486 diluculum,
946 2428 1000 2474 et
1018 2418 1289 2477 divertere
1315 2420 1379 2474 ad
1403 2429 1644 2474 extrema
1668 2419 1853 2484 maris,
1877 2418 2075 2472 ctenim

508 2508 625 2571 illic
669 2524 864 2567 manus
894 2519 984 2565 tua
1012 2510 1243 2565 deducet
1267 2526 1372 2573 me,
1397 2519 1451 2566 et
1480 2511 1699 2564 dextera
1751 2519 1839 2562 tua
1876 2524 1961 2562 me
1986 2509 2079 2562 de—

506 2599 706 2663 tinebit
727 2602 769 2655 δ.
800 2621 819 2653 ›
844 2601 1008 2673 Igitur
1033 2618 1097 2658 ex
1128 2603 1213 2661 his
1235 2603 1448 2658 discere
1477 2617 1767 2672 possumus
1787 2601 1935 2672 quod
1969 2614 2077 2654 non

508 2691 860 2767 peculiariter
911 2693 1151 2751 caelestis
1212 2693 1476 2748 habitatio
1533 2692 1645 2747 Deo
1715 2699 1965 2762 separata
2016 2705 2082 2745 ac

513 2783 787 2838 destinata
817 2783 908 2839 sit.
940 2783 1043 2839 Sed
1095 2786 1351 2854 quoniam
1392 2800 1630 2854 superna
1682 2791 1877 2837 natura
1922 2797 1951 2835 a
2001 2782 2084 2835 vi.

511 2871 756 2928 tiositate
784 2880 839 2928 et
870 2874 1075 2927 malitia
1109 2890 1242 2943 pura
1277 2890 1398 2930 esse
1437 2876 1576 2929 solet
1610 2874 1823 2945 (multis
1856 2874 1910 2926 in
1945 2873 2086 2927 locis

511 2963 620 3021 ltoc
648 2963 931 3034 Scriptura
980 2974 1169 3023 sancta
1208 2968 1369 3023 nobis
1414 2967 1754 3037 significante
1777 2981 1872 3036 per
1899 2965 2084 3020 amba-

514 3072 612 3131 ges
641 3066 693 3112 et
720 3057 1048 3128 involucra),
1082 3061 1227 3115 etab
1254 3061 1355 3118 hac
1397 3059 1633 3121 inferna,
1658 3074 1779 3128 σιυω
1826 3074 1894 3112 ex
1924 3073 2080 3111 cras-

2175 1860 2353 1932 ψυχῆς
2368 1855 2685 1920 ἐπεκτείνει),
2708 1855 2885 1907 πάντα
2900 1849 3010 1922 ὁρῶ
3029 1852 3097 1921 τῇ
3116 1846 3266 1916 δεξιᾷ
3284 1861 3376 1898 σου
3400 1837 3751 1932 περικρατού-

2180 1927 2334 2020 μενά.
2380 1948 2533 2016 Ἔχει
2572 1945 2630 1999 δὲ
2674 1945 2707 2015 ἡ
2755 1942 2900 2008 λέξις
2949 1938 3140 1993 τοῦτον
3178 1936 3270 1989 τὸν
3319 1932 3584 2004 τρόπονί
3624 1927 3749 2020 Ἐάν

2177 2018 2360 2095 άναδῶ
2392 2042 2472 2103 εἰς
2497 2039 2588 2091 τὸν
2614 2034 2864 2107 οὐρανὸν,
2897 2033 2960 2086 σὺ
2993 2026 3045 2084 εἴ
3065 2030 3197 2083 ἐκεῖο
3236 2028 3285 2080 εί
3315 2022 3536 2080 καταϐῶ
3554 2022 3633 2084 είς
3661 2018 3750 2072 τὸν

2177 2135 2330 2207 ᾅδην,
2370 2132 2556 2202 πάρει.
2589 2128 2653 2182 Ei
2691 2126 3016 2195 άναλάϐοιμι
3053 2122 3152 2186 τὰς
3193 2116 3475 2207 πτέρυγάς
3496 2130 3596 2207 μου
3623 2109 3752 2207 ,κατ’

2176 2200 2390 2296 όρθρον,
2422 2200 2517 2275 καὶ
2543 2216 2951 2289 κατασκηνώσω
2985 2216 3064 2276 εἰς
3099 2212 3169 2265 τὰ
3199 2209 3399 2279 ἔσχατα
3427 2205 3524 2274 τῆς
3554 2200 3753 2296 θαλάσ-

2180 2290 2316 2389 σηςῂ·
2349 2313 2443 2368 καὶ
2476 2313 2585 2383 γὰρ
2610 2311 2780 2380 έκεῖή
2810 2308 2932 2380 χείρ
2963 2323 3057 2359 σου
3097 2303 3350 2373 ὁδηγήσει
3378 2314 3466 2389 με,
3502 2294 3596 2347 καὶ
3620 2290 3754 2389 καθ-

2179 2382 2288 2472 έξει
2313 2423 2377 2477 με
2402 2408 2437 2476 ἡ
2465 2382 2614 2468 δεξιά
2644 2419 2758 2455 σου.
2796 2419 2814 2452 ι
2847 2396 3054 2453 Οὐκοῦν
3085 2396 3148 2447 ἐκ
3173 2391 3374 2446 τούτων
3396 2388 3508 2440 ἔστι
3539 2382 3750 2477 μαθεῖν,

2178 2498 2240 2551 τὸ
2262 2473 2336 2568 μη
2363 2473 2669 2569 ἁᾴωρίσθαι
2694 2494 2816 2546 κατ’
2842 2488 3119 2560 ἐξαίρετον
3145 2482 3223 2553 τῷ
3248 2479 3366 2550 Θεῷ
3384 2477 3481 2548 τὴν
3505 2473 3754 2569 οὐράνιον

2179 2588 2410 2659 οἴκησιν.
2452 2586 2591 2638 Ἀλλ’
2620 2583 2741 2636 ἐπεί
2776 2598 2840 2651 γε
2872 2580 3161 2633 ἐπίσταται
3192 2569 3517 2644 καθαρεύειν
3559 2562 3756 2626 κακίας

2181 2683 2214 2752 ἡ
2244 2658 2353 2736 ἄνω
2388 2678 2538 2751 λῆξις
2577 2677 2771 2748 (τοῦτο
2814 2672 3053 2741 πολλαχῆ
3082 2669 3181 2736 τῆς
3217 2664 3378 2733 ἁγίας
3408 2658 3628 2731 Γραφῆς
3654 2672 3758 2752 πι-

2185 2747 2644 2844 ρασημηναμένης
2673 2768 2802 2837 ἡμῖν
2830 2766 2898 2819 δι’
2945 2758 3308 2831 αἰνίγματος),
3350 2754 3452 2844 καὶ
3500 2753 3567 2821 τῇ
3608 2747 3761 2844 κάτω

2182 2838 2353 2931 ταύτη
2379 2838 2443 2930 τῇ
2477 2838 2816 2924 ὗλωδεστέρα
2838 2853 2949 2923 ζωῇ
2970 2850 3040 2903 τὰ
3069 2847 3211 2902 κατὰ
3230 2843 3428 2898 κακίαν
3454 2838 3761 2910 ἐνεργεῖται

2185 2928 2354 3023 πάθην,
2391 2928 2492 3004 ὧδε
2518 2948 2611 3002 τοῦ
2654 2947 2875 3016 εὐρέτου
2919 2944 3019 3014 τῆς
3062 2940 3256 3002 κακίας
3294 2938 3469 3005 ὄφεως
3505 2930 3634 3001 περὶ
3671 2928 3763 2981 τὸν

2184 3045 2366 3115 γήϊνον
2402 3040 2513 3112 βίον
2546 3037 2918 3108 ἰλυσπωμένου
2948 3035 3042 3089 καὶ
3066 3033 3355 3104 ἓρποντος,
3389 3023 3564 3115 καθᾴκ
3596 3036 3763 3115 ﬁt?”

517 3149 651 3209 siori
683 3150 906 3205 materia
947 3149 1176 3207 conﬂata
1205 3159 1290 3207 est
1321 3152 1450 3216 vita,
1485 3164 1549 3204 ea
1584 3164 1704 3219 quae
1765 3163 1829 3205 ex
1864 3149 2073 3205 vitiosi-

2187 3109 2212 3187 δ
2243 3109 2412 3204 λόγος⁷
2437 3133 2565 3204 περὶ
2605 3129 2771 3185 αὑτοῦ
2818 3130 2875 3181 ἐν
2905 3125 3205 3194 αἰνίγματι,
3236 3121 3318 3174 ὅτι
3352 3116 3444 3169 ἐπὶ
3476 3109 3764 3219 τοιστῆθος

516 3246 631 3299 tate
662 3239 938 3295 exsistunt
973 3240 1115 3294 mala
1147 3240 1523 3311 designantur,
1556 3253 1680 3294 cum
1715 3238 1804 3292 hic
1833 3238 2087 3293 inventor

517 3329 833 3386 vitiositatis
883 3331 1078 3402 anguis
1108 3330 1253 3386 circa
1288 3330 1454 3387 vitam
1484 3338 1759 3386 terrenam
1797 3337 1980 3399 serpat
2006 3339 2089 3383 at-

520 3436 628 3496 que
655 3420 921 3485 volvatur,
952 3420 1409 3492 quemadmodum
1437 3421 1505 3477 de
1532 3437 1599 3476 eo
1622 3437 1716 3492 per
1744 3421 1909 3477 verba
1944 3428 2088 3476 tecta

518 3510 870 3579 involutaque
898 3509 1031 3565 dicit
1061 3508 1364 3581 Scriptura,
1398 3511 1543 3589 quod
1593 3527 1761 3580 super
1804 3518 1996 3582 pectus
2025 3524 2089 3564 ac

519 3606 762 3659 ventrem
808 3600 1066 3667 ambulet,
1096 3609 1150 3656 et
1180 3607 1328 3656 terra
1361 3611 1613 3656 vescatur
1645 3616 1861 3670 semper
1891 3601 1913 3632 ⁸
1946 3600 2090 3670 (hoc

519 3697 702 3743 autem
733 3696 847 3743 tum
880 3688 1049 3760 figura
1077 3697 1279 3754 motus,
1309 3697 1423 3743 tum
1462 3704 1634 3759 genus
1660 3688 1768 3743 cibi
1803 3689 1963 3745 nobis
1991 3704 2092 3744 ex-

518 3778 711 3850 plicat,
760 3779 905 3855 quod
938 3780 1052 3835 hate
1081 3787 1298 3834 terrena
1327 3787 1381 3833 et
1412 3779 1625 3833 inferna
1678 3779 1789 3833 vita
1822 3781 1913 3846 sit,
1968 3794 2093 3850 quae

520 3867 883 3939 reptationem
934 3868 1288 3923 multiformis
1318 3869 1638 3924 vitiositatis
1662 3870 1717 3923 in
1749 3885 1867 3925 sese
1896 3870 2094 3926 admit-

520 3961 611 4023 tit,
629 3967 684 4014 et
704 3959 860 4015 cibus
892 3960 1183 4031 irrepentis
1210 3960 1267 4015 in
1295 3975 1412 4015 eam
1438 3959 1626 4016 bestia:
1656 3960 1735 4029 iit)
1770 3978 1784 4014 :
1811 3961 1977 4032 igitur
1999 3961 2092 4033 qui

522 4049 803 4105 cwlestcm
836 4047 1051 4106 Patrem
1069 4050 1467 4120 jubetimitari,
1499 4064 1528 4104 a
1552 4052 1781 4105 terrenis
1811 4050 2093 4108 all‘ectihus

521 4155 721 4201 vacare
744 4155 807 4194 ac
834 4155 1030 4211 purum
1078 4141 1422 4211 essejubct:
1460 4156 1693 4212 quorum
1740 4143 1929 4198 vitatio
1985 4159 2093 4199 non

523 4234 827 4291 mutatione
887 4234 1013 4299 loci,
1050 4234 1145 4289 sed
1196 4250 1262 4289 ex
1311 4234 1479 4289 libera
1529 4237 1924 4289 voluntateac
1976 4236 2093 4290 sola

522 4330 690 4389 animi
751 4326 1117 4383 destinatione
1176 4326 1254 4380 iit.
1313 4324 1583 4390 Quocirca
1649 4325 1696 4379 si
1755 4332 1951 4377 natura
2017 4325 2092 4377 ita

523 4429 902 4496 comparatum
925 4429 1028 4484 est,
1063 4428 1121 4473 ut
1148 4418 1264 4473 solo
1291 4427 1440 4471 motu
1481 4416 1680 4470 mentis
1700 4422 1753 4471 et
1787 4415 2026 4485 appetitu
2062 4430 2091 4468 a

2188 3227 2282 3282 tui.
2304 3227 2402 3297 τὴν
2429 3225 2633 3280 κοιλίαν
2664 3221 2975 3294 πορεύεται,
3012 3216 3107 3271 καὶ
3147 3214 3246 3285 γῆν
3284 3211 3509 3264 σιτεῖται
3531 3205 3760 3258 διαπαν-

2186 3320 2299 3383 τός.
2326 3296 2497 3371 Τοῦτο
2541 3316 2596 3369 δὲ
2624 3314 2685 3367 τό
2722 3330 2780 3366 τε
2807 3312 2991 3382 σχῆμα
3014 3308 3114 3379 τῆς
3146 3305 3411 3375 κινήσεως
3435 3299 3568 3369 ἡμῖν
3592 3296 3765 3364 ἑρμη-

2188 3410 2354 3474 νεύει,
2384 3411 2477 3463 καὶ
2501 3407 2564 3461 τὸ
2587 3409 2687 3478 τῆς
2710 3403 2964 3479 βρώσεως
2988 3396 3126 3462 εἶδος
3143 3415 3158 3429 ο
3184 3398 3267 3451 ὅτι
3289 3394 3471 3464 γήϊνος
3494 3383 3648 3450 οὗτος
3668 3386 3764 3479 καὶ

2189 3499 2593 3573 κατῳκισμένος
2764 3476 2932 3560 ἐστὶν,
2963 3492 3021 3556 ὃς
3050 3491 3149 3561 τὴν
3180 3483 3452 3559 έρπηδόνα
3471 3480 3573 3548 τῆς
3597 3475 3766 3573 πολυί

2188 3565 2388 3668 τρόπου
2423 3565 2637 3655 κακίας
2661 3591 2744 3659 ἐφ’
2793 3585 2985 3641 ἑαυτοῦ
3032 3583 3279 3653 δέχεται,
3317 3576 3413 3668 καῖ
3452 3570 3627 3668 τροιρὴ
3671 3565 3767 3668 τοῦ

2190 3660 2515 3757 ὲιρέρποντος
2547 3681 2706 3736 αὑτὸν
2744 3677 2932 3749 θηρίου
2972 3675 3201 3744 γίνεται.
3242 3665 3449 3722 υύκοῦν
3544 3663 3634 3715 τὸν
3676 3660 3769 3712 ού-

2195 3755 2374 3850 ράνιον
2407 3773 2688 3847 μιμεῖσθαι
2732 3767 2968 3823 κελεύων
2999 3763 3242 3833 Πατέρα,
3276 3758 3385 3812 τῶν
3421 3755 3633 3850 γηῖνων.

2194 3870 2303 3923 θῶν
2354 3862 2678 3938 καθαρεύειν
2730 3859 2976 3924 κελεύει,
3037 3850 3113 3910 ὧν
3162 3854 3195 3924 ὴ
3248 3850 3543 3909 ἀπόστασις
3581 3844 3642 3897 οὐ
3679 3842 3772 3896 διὰ

2193 3961 2421 4029 τοπικῆς
2477 3955 2846 4029 μεταϐάσεως,
2883 3950 3019 4006 ἀλλὰ
3068 3945 3157 4002 διὰ
3205 3941 3572 4015 προαιρέσεως
3609 3938 3772 4005 ὲνερ-

2195 4056 2369 4122 γεϊται
2398 4051 2583 4122 μόνης.
2614 4047 2677 4099 Εἰ
2697 4040 2788 4098 οὖν
2818 4047 2875 4098 ὲν
2906 4042 3040 4114 μόνῃ
3069 4041 3166 4110 τῆς
3192 4034 3424 4094 διανοίας
3461 4030 3605 4100 ὁρμῇ

2193 4141 2482 4211 ορθοῦσθαι
2523 4138 2765 4207 πέφυκεν
2808 4135 2842 4205 ἡ
2870 4133 2962 4186 τοῦ
2995 4128 3166 4185 κακοῦ
3199 4122 3582 4194 άλλοτρίωσις,
3616 4115 3771 4171 οὐδὲν

2197 4205 2447 4286 ἐπίπονον
2467 4232 2596 4300 ἡμῖν
2613 4205 2652 4280 Vb
2678 4222 3031 4292 εὐαγγελικὸς
3069 4215 3415 4288 ὲγκελεύεται
3434 4212 3613 4278 λόγος.

2196 4323 2304 4393 γὰρ
2345 4298 2696 4383 συνέζευκται
2725 4315 2890 4378 κόπος
2928 4315 2994 4383 τῇ
3041 4312 3138 4381 τῆς
3186 4305 3419 4367 διανοίας
3446 4302 3613 4373 ὁρμῇ,
3655 4298 3775 4352 ἀλλ’

2197 4414 2401 4480 ἔξεστιν
2432 4413 2564 4484 ἡμῖν
2596 4407 3092 4479 ἀπραγματεύτως,
3126 4404 3368 4469 ὅπουπερ
3396 4396 3460 4450 ἂν
3494 4394 3771 4462 θέλοιμεν,

520 4481 669 4567 malo
700 4511 1029 4575 alienemur,
1062 4508 1200 4561 nihil
1257 4506 1592 4561 laboriosum
1629 4504 1789 4559 nobis
1848 4504 2083 4574 praecipit

2197 4507 2263 4558 δι’
2315 4503 2660 4573 ἐν’)υμήσεων
2707 4495 3136 4570 παραγίνεσθαι·
3194 4491 3334 4544 ὥστε
3380 4487 3478 4558 τὴν
3522 4484 3775 4555 οὐράνιον

520 4601 871 4673 evangelicus
917 4614 1118 4655 sermo.
1157 4597 1342 4667 Neque
1385 4597 1528 4651 enim
1577 4594 1731 4648 labor
1767 4596 2094 4663 conjuuctus

521 4701 607 4750 est
632 4690 906 4746 atl‘ectioni
939 4698 993 4745 et
1022 4688 1204 4743 ardori
1233 4688 1453 4753 mentis,
1484 4686 1577 4742 sed
1608 4687 1733 4741 licet
1768 4686 1929 4741 nobis
1964 4686 2090 4743 abs-

522 4799 631 4854 que
682 4783 795 4838 ullo
826 4782 1046 4852 negotio
1097 4793 1426 4849 quocunque
1465 4779 1697 4833 velimus
1743 4792 1840 4847 per
1886 4780 2093 4849 cogita-

521 4876 704 4929 tiones
737 4872 1021 4928 accedere.
1048 4871 1237 4939 ltaque
1267 4869 1466 4923 volenti
1498 4867 1657 4923 facile
1678 4879 1786 4933 est,
1818 4869 2091 4923 cmlestem

523 4966 648 5020 vitae
677 4964 1078 5019 traductionem
1104 4962 1186 5017 vel
1228 4962 1281 5015 in
1315 4972 1459 5015 terra
1495 4961 1712 5022 habere,
1746 4960 1791 5015 si
1841 4960 2099 5028 quemad-

524 5057 746 5112 modum
787 5054 1138 5126 Evangelium
1162 5053 1489 5123 praescrihit,
1522 5050 1768 5107 cwlestia
1794 5050 2095 5121 sapiamus,

524 5148 844 5204 coelestibus
874 5147 1194 5211 aliiciamur,
1230 5153 1285 5199 et
1339 5144 1395 5196 in
1442 5142 1720 5197 thesauris
1783 5142 2097 5198 coelestibus

526 5241 746 5294 virtutis
798 5238 1018 5294 divitias
1069 5239 1428 5307 deponamus.
1472 5234 1659 5303 Inquit
1710 5235 1896 5288 enim.
1955 5251 1974 5283 ι
2021 5232 2100 5288 Ne

526 5332 807 5400 congerite
845 5331 998 5385 vobis
1025 5331 1314 5384 thesauros
1361 5330 1413 5382 in
1444 5336 1608 5392 terra,
1645 5327 1738 5382 sed
1774 5333 2100 5396 congregato

528 5422 823 5477 thesauros
871 5422 926 5475 in
972 5422 1128 5477 caelis
1162 5421 1254 5476 ubi
1280 5435 1459 5490 neque
1502 5419 1650 5474 tinea
1690 5434 1867 5489 neque
1915 5431 2101 5488 aerugo

530 5512 849 5582 corrumpit,
872 5526 1050 5583 neque
1084 5510 1233 5568 fures
1268 5511 1580 5582 perfodiunt
1617 5517 1672 5565 et
1707 5507 1961 5564 furantur
1984 5510 2024 5562 °.
2072 5527 2089 5559 ι

2199 4594 2468 4664 διαγωγὴν
2517 4593 2694 4663 ῥᾴδιον
2746 4586 2883 4643 εἶναι
2928 4586 3007 4657 τῷ
3043 4583 3346 4655 βουλομένῳ
3390 4580 3485 4634 καὶ
3524 4578 3618 4629 ἐπὶ
3667 4575 3778 4644 γῆς

2200 4685 2362 4755 ἔχειν,
2391 4682 2572 4746 καθὼς
2601 4684 2888 4751 ὑφηγεῖται
2910 4679 2978 4755 τό
2995 4674 3347 4742 Εὐαγγέλιον,
3378 4673 3434 4723 ἐν
3456 4668 3531 4738 τῷ
3552 4668 3778 4737 φρονεῖν

2200 4777 2268 4830 τὰ
2298 4775 2543 4846 οὐράνια,
2582 4774 2674 4826 καὶ
2699 4774 2811 4835 τοῖς
2847 4744 2981 4823 ἐκεῖ
2996 4766 3289 4838 θησαυροῖς
3317 4762 3408 4814 τὸν
3435 4762 3534 4830 τῆς
3573 4757 3781 4829 ἀρετῆς

2203 4866 2429 4921 πλοῦτον
2483 4863 2914 4919 ὲναποτίθεσθαι.
2969 4880 2987 4912 ι
3021 4859 3111 4929 Μὴ
3158 4853 3512 4926 θησαυρίζετε
3549 4868 3569 4901 ι
3628 4849 3776 4919 γὰρ,

2202 4962 2357 5030 φησι,
2402 4976 2422 5009 ι
2471 4957 2776 5028 θησαυροὺς
2807 4953 2898 5006 ἐπὶ
2931 4953 3030 5021 τῆς
3078 4952 3200 5020 γῆς,
3245 4945 3381 5001 ἀλλὰ
3414 4941 3781 5012 θησαυρίζετε

2203 5049 2509 5121 Θησαυροὺς
2536 5050 2594 5101 έν
2626 5048 2871 5117 οὐρανοῖς
2890 5085 2904 5107 ,
2933 5046 3065 5097 ὅπου
3095 5040 3218 5095 οὔτε
3264 5039 3378 5109 σὴς,
3420 5034 3543 5089 οὔτε
3574 5032 3782 5127 ρρῶσις

2206 5140 2476 5211 ἀφανίζει,
2505 5138 2625 5192 οὔτε
2654 5138 2880 5192 κλέπται
2907 5134 3244 5206 διορύσσουσι
3273 5129 3366 5184 καὶ
3394 5127 3774 5181 κλέπτουσιν.»

2218 5230 2578 5285 Ἑνδείκνυται
2594 5229 2651 5281 δῖε
2678 5227 2767 5281 διὰ
2788 5226 3012 5289 τούτων,
3037 5225 3098 5277 τὸ
3130 5219 3407 5293 μηδεμίαν
3426 5218 3492 5287 τῇ
3517 5213 3631 5268 ἂνω
3663 5211 3777 5280 ζωῇ

2207 5322 2509 5394 φθαρτικὴν
2545 5321 2643 5389 τῆς
2687 5313 3082 5389 μακαριότητος
3128 5308 3578 5383 ἐμπολιτεύεσθαι
3615 5305 3780 5359 δύνει-

2210 5431 2321 5485 μιν.
2364 5415 2423 5467 Ὀ
2455 5412 2563 5483 γὰρ
2592 5411 2685 5463 ἐπὶ
2722 5410 2867 5481 λύμῃ
2892 5407 2985 5462 τοῦ
3015 5407 3142 5477 τῇδε
3189 5404 3303 5475 βίου
3344 5397 3639 5461 πολυειδῶς
3679 5396 3782 5467 τὴν

2208 5504 2457 5575 ποικίλην
2499 5501 2692 5557 ἑαυτοῦ
2720 5501 2916 5556 κακίαν
2953 5497 3095 5554 κατὰ
3121 5497 3219 5567 τῆς
3251 5491 3593 5565 ἀνθρωπίνης
3632 5487 3781 5557 ζωῆς

528 5677 537 5685 ’
603 5692 624 5729 ⁴
648 5687 795 5746 Psal.
827 5700 1088 5754 cxxxvttt,
1120 5687 1152 5742 8
1182 5702 1301 5757 sqq.
1378 5688 1397 5718 ⁵
1428 5687 1561 5741 Gen.
1592 5702 1671 5753 ιιι,
1700 5683 1782 5741 14.
1860 5687 1879 5720 ε
1912 5685 2098 5741 Matth.
2141 5699 2217 5755 vt,
2261 5683 2365 5754 19;
2418 5680 2551 5738 Luc.
2584 5693 2682 5747 xu,
2714 5678 2802 5733 53.
