4034 6132
332 238 442 297 243

1417 242 1501 298 DE
1541 242 2014 301 PROFESSIONE
2044 244 2480 301 CllRlSTlAN.\.

2877 116 2911 151 κ

3468 246 3574 302 250

337 355 592 428 ἐνεργῶν,
623 357 742 425 ἦτοι
765 356 922 428 σητὸς
938 357 1138 428 τρόπον
1159 362 1277 424 ταῖς
1303 361 1558 427 διανοίαις
1581 364 1900 428 ὲντίκτεται,

2005 362 2218 433 Quibus
2245 362 2424 417 verbis
2472 361 2709 416 ostendit
2735 361 2877 433 quod
2906 363 3055 416 nulla
3113 361 3216 424 vis,
3252 375 3372 430 qua:
3402 360 3576 415 beau-

336 449 570 520 άχρειῶν
594 450 655 502 τὸ
689 451 852 520 μέρος
876 442 1028 522 ᾧπερ
1055 449 1121 504 ἂν
1142 452 1322 524 ὲμφυῇ
1339 469 1352 482 “
1386 454 1501 524 ἦτοι
1524 455 1610 509 διὰ
1637 457 1734 526 τῆς
1761 455 1904 526 βρω-

333 542 490 612 τεκῆς
530 558 591 594 τε
639 542 734 595 καὶ¹
776 544 1135 614 άφανιστικῆς
1165 544 1464 616 δυνάμεως.
1495 547 1543 599 εί
1584 546 1656 617 μὴ
1697 546 1904 617 ταχέως

332 634 718 705 άποτιναχθείη
768 636 862 689 τοῦ
927 637 1163 708 μέρους,
1217 637 1352 707 πρὸς
1402 638 1470 692 τά
1528 638 1905 708 παρακείμενα

332 721 662 792 μεθέρπων,
705 723 1002 797 διαφθορᾶς
1037 727 1200 796 ἴχνος.
1251 721 1332 790 οἷς
1376 727 1442 780 ἂν
1474 727 1776 799 ὲμπελάσῃ,
1815 727 1904 781 διὰ

330 812 431 881 τῆς
456 813 724 882 κινήσεως
748 816 1129 886 ἐνσημαίνεται
1150 832 1164 846 ⁸
1188 816 1244 888 ἦ,
1275 818 1433 889 εἴπερ
1452 818 1522 871 τά
1548 818 1695 880 ἐντὸς
1724 821 1902 885 ἀσφα-

331 901 441 964 λῶς
472 902 617 973 ἔχοι,
653 904 741 958 διὰ
768 906 876 959 τῶν
915 907 1109 974 ἔξωθεν
1141 909 1511 979 περιστάσεων
1542 908 1899 963 ἐπιϐουλεύει.
1932 920 1944 929 ‘

334 993 406 1045 Ἦ
431 994 543 1064 γὰρ
578 994 646 1048 δι’
672 995 866 1067 ἡδονῆς
893 998 983 1051 τὸν
1016 998 1285 1069 θησαυρὸν
1312 998 1410 1069 τῆς
1439 1000 1665 1071 καρδίας
1692 1001 1906 1070 ἐτοιχω-

330 1083 657 1158 ρύχησεν,ἢ
697 1088 764 1140 δι’
797 1090 985 1161 ἑτέρου
1030 1091 1236 1154 πάθους
1280 1091 1434 1145 κενὸν
1461 1092 1560 1162 τῆς
1601 1091 1799 1162 ἀρετῆς
1843 1090 1903 1144 τὸ

326 1172 431 1242 τῆς
470 1174 650 1245 ψυχῆς
691 1176 893 1247 δοχεῖον
937 1179 1194 1249 ἐποίησε,
1227 1178 1385 1250 θυμῷ
1428 1180 1461 1250 ἦ
1508 1179 1712 1250 λύπῃῆ
1759 1179 1903 1249 ἄλλῳ

326 1266 440 1318 τινὶ
473 1267 701 1338 τοιούτῳ
740 1268 899 1322 πάθει
936 1269 1029 1323 τὸν
1070 1270 1326 1341 λογισμὸν
1375 1269 1703 1340 ὑποκλέψας.
1751 1271 1902 1324 Ἐπεὶ

324 1350 424 1408 οὗν
467 1358 528 1409 ὲν
572 1360 685 1420 τοῖς
730 1358 843 1412 άνω
869 1359 1179 1430 θησαυροῖς,
1209 1360 1332 1415 οὔτε
1366 1360 1507 1431 σῆτά
1554 1378 1738 1432 φησιν,
1777 1359 1901 1414 οὔτε

326 1444 536 1514 βρῶσιν
562 1448 591 1499 ὀ
618 1447 822 1517 Κύριος
849 1448 1094 1516 γίνεσθαι
1113 1490 1126 1508 .
1151 1449 1273 1503 οὔτε
1304 1450 1404 1520 τὴν
1426 1449 1534 1503 άπὸ
1558 1449 1658 1520 τῆς
1684 1449 1902 1502 κλεπτι-

322 1537 432 1608 κῆς
460 1538 659 1591 κακίαν
686 1538 1040 1593 διδάσκουσαν
1068 1539 1238 1594 ταῦτα
1256 1579 1270 1603 ,
1305 1540 1448 1612 ἅπερ
1488 1540 1898 1611 ὑπενοήσαμενο

321 1631 446 1682 ἐκεῖ
476 1630 800 1700 μεταθετέον
828 1631 926 1702 τὴν
954 1632 1243 1703 ἐμπορίαν,
1270 1626 1380 1705 ἐνῇ
1408 1632 1468 1684 τὸ
1494 1631 1817 1704 θησαυρίσαι
1839 1632 1900 1685 οὐ

2006 454 2248 509 tudinem
2303 454 2450 507 illam
2484 469 2839 524 corrumpere
2874 456 3068 525 possit,
3102 454 3155 507 in
3193 456 3435 523 superna’
3466 452 3574 504 vita

2005 552 2281 598 versetur.
2318 541 2452 595 Nam
2487 542 2577 596 ille
2629 544 2720 612 qui
2762 546 2828 598 ad
2878 544 3246 614 corruptelam
3299 552 3353 599 et
3390 544 3573 614 perni-

2004 635 2143 690 ciem
2201 633 2365 703 hujus
2424 634 2548 687 vitze
2607 634 2957 687 multifariam
3035 633 3331 702 multisque
3397 632 3621 695 modis,

2003 725 2208 778 variam
2246 738 2400 779 suam
2450 723 2710 776 malitiam
2755 723 3017 778 adversus
3047 721 3341 775 humanam
3401 720 3577 773 vitam.

2003 822 2239 880 exercet,
2273 816 2355 869 vel
2388 815 2546 869 tineze
2574 815 2628 868 in
2659 813 2878 868 modum
2923 812 3205 870 mentibus
3242 812 3569 873 innascitur,

2007 913 2218 978 partem
2271 907 2579 975 cuicunque
2610 904 2889 959 inhaeserit
2918 902 3162 957 inutilem
3189 903 3458 968 reddens;
3485 901 3571 955 vel

2003 1014 2100 1069 per
2120 998 2227 1052 vim
2250 999 2587 1053 corrosivam
2625 1005 2679 1051 et
2731 996 3103 1065 corruptivam
3129 1036 3144 1059 ,
3182 996 3287 1048 nisi
3317 993 3572 1049 celeriter

2003 1088 2070 1143 de
2108 1095 2261 1158 parte
2304 1101 2465 1156 quam
2514 1084 2777 1140 invaserit
2819 1097 3088 1138 excussus
3132 1080 3314 1145 fuerit,
3345 1080 3411 1134 ad
3443 1096 3571 1150 pro-

2003 1179 2147 1233 xima
2195 1192 2422 1246 qmeque
2472 1174 2741 1245 serpendo
2808 1171 3186 1242 progrediens,
3231 1185 3570 1240 quaecunque

2002 1267 2271 1323 movendo
2314 1282 2373 1322 se
2416 1266 2733 1335 contigerit,
2793 1264 2860 1319 iis
2913 1263 3207 1332 vestigium
3263 1262 3570 1330 corruptio-

2001 1360 2090 1413 nis
2134 1357 2440 1427 imprimit;
2476 1356 2561 1410 vel
2616 1356 2662 1410 si
2701 1354 2963 1408 interiora
2994 1351 3146 1405 ﬁrma
3172 1365 3235 1405 ac
3285 1357 3401 1403 tuta
3435 1351 3567 1412 sint,

2002 1464 2101 1518 per
2124 1457 2380 1503 externas
2433 1445 2880 1501 circumstantias
2924 1442 3238 1499 insidiatur.
3284 1440 3393 1494 Aut
3423 1441 3567 1494 enim

2002 1541 2279 1610 voluptate
2317 1536 2673 1609 perfodiendo
2721 1536 2907 1592 cordis
2969 1534 3287 1589 thesaurum
3342 1530 3566 1587 invadit.

2003 1639 2097 1685 aut
2120 1646 2215 1702 per
2240 1631 2405 1684 alium
2427 1628 2680 1685 allectum
2706 1643 2771 1683 ex
2799 1626 2994 1680 animae
3012 1623 3360 1694 receptacqu
3396 1622 3568 1676 virtu-

322 1720 490 1789 μόνον
518 1720 713 1775 ἄσυλόν
736 1740 793 1775 τε
827 1724 920 1776 καὶ
956 1723 1225 1794 ἁμείωτον
1253 1724 1333 1787 είς
1359 1723 1446 1777 ἀεὶ
1476 1722 1737 1794 διαμένει,
1761 1722 1898 1777 ἀλλὰ

2001 1732 2107 1779 tem
2139 1722 2349 1787 eximit,
2379 1721 2462 1776 vel
2487 1722 2589 1786 ira,
2623 1719 2709 1774 vel
2743 1717 2967 1773 tristitia
2996 1723 3051 1772 et
3080 1729 3303 1786 angore,
3338 1712 3423 1767 vel
3461 1710 3566 1763 alia

318 1810 421 1863 καὶ
446 1813 778 1882 σπερμάτων
807 1814 980 1885 δίκην,
1010 1814 1104 1868 ἐπὶ
1126 1814 1189 1868 τὺ
1212 1814 1608 1868 πολλαπλάσιον
1637 1814 1899 1883 κατεργά-

318 1902 476 1966 ζεται
504 1905 603 1973 τὴν
627 1906 946 1977 ἐπαύξησιν.
981 1906 1103 1979 Χρὴ
1128 1907 1236 1979 γὰρ
1265 1909 1481 1970 πάντως
1512 1909 1577 1977 τῇ
1612 1905 1771 1976 φύσει
1800 1904 1895 1959 τοῦ

315 1990 421 2059 τὴν
447 1992 911 2064 παρακαταθῄκην
936 1994 1222 2065 δεχομένου
1257 1995 1647 2066 μεγαλύνεσθαι
1678 1996 1775 2066 τὴν
1804 1996 1896 2049 άν-

313 2080 542 2136 τίδοσιν.
577 2082 749 2136 Ὠσπε
757 2101 789 2155 ρ
810 2085 918 2155 γὰρ
944 2088 1103 2157 ἡμεῖς
1134 2086 1272 2140 κατὰ
1293 2086 1393 2157 τὴν
1415 2086 1621 2139 ἑαυτῶν
1645 2084 1897 2156 ἐνεργοῦς

317 2191 426 2243 μεν
472 2173 654 2243 φύσιν,
703 2178 892 2248 πτωχὰ
936 2179 1301 2250 προσάγοντες
1351 2178 1439 2232 διά
1487 2178 1547 2231 τὸ
1595 2178 1896 2247 πεφυκέναι

312 2262 583 2317 τοιοῦτοι·
619 2263 791 2329 οὕτως
824 2267 991 2331 εἰκὸς,
1025 2268 1117 2321 τὸν
1156 2269 1213 2320 ἐν
1248 2268 1409 2322 παντὶ
1446 2266 1698 2321 πλούσιον
1744 2266 1893 2331 ὅντα,

311 2355 351 2410 ἆ
386 2356 631 2426 πέφυκεν
663 2356 829 2428 ἔχειν,
858 2357 1032 2412 ταῦτα
1064 2361 1176 2423 τοῖς
1201 2359 1594 2432 προδεδωκόσιν
1620 2359 1897 2431 ἀντιχαρί-

311 2446 535 2510 ζεσθαι.
573 2447 782 2518 Μηδεὶς
820 2444 913 2502 οὖν
948 2449 1258 2519 άθυμείτω,
1292 2450 1361 2503 τά
1391 2451 1529 2503 κατὰ
1564 2449 1662 2521 τὴν
1702 2451 1893 2507 ἑαυτοῦ

310 2537 548 2608 δύναμιν
571 2541 686 2601 τοῖς
717 2538 879 2605 θείοις
912 2530 1205 2612 θησαυροῖς
1240 2540 1626 2610 συνεισφέρων,
1657 2541 1731 2604 ὼς
1762 2540 1894 2611 πρὸς

309 2624 379 2677 τὸ
415 2626 636 2696 μέτρον,
660 2622 735 2680 ὧν
758 2627 976 2692 δέδωκε,
1008 2628 1385 2699 κομιούμενος,
1419 2630 1534 2682 ἀλλ’
1559 2630 1891 2700 ἁναμενὲτω,

311 2716 462 2772 κατὰ
504 2719 606 2790 τὴν
637 2720 965 2788 ἐπαγγελίαν
1004 2721 1097 2774 τοῦ
1136 2722 1381 2785 εἰπόντος
1421 2723 1501 2776 ὅτι
1550 2723 1755 2793 μεγάλα
1786 2723 1894 2793 τῶν

314 2808 538 2880 μικρῶν
570 2811 1115 2879 ἀντικαταλλάξεται,
1151 2814 1380 2881 οὐράνια
1411 2814 1507 2885 μὲν
1532 2815 1639 2868 τῶν
1672 2816 1893 2884 γηΐνων,

1998 1812 2163 1869 simili
2216 1812 2472 1881 quapiam
2506 1807 2919 1880 perturbatione
2955 1813 3010 1861 et
3041 1804 3236 1859 aﬂ‘ectu
3293 1803 3563 1856 rationem

1998 1904 2333 1959 suliducens.
2384 1900 2649 1968 Quoniam
2691 1900 2857 1969 igitur
2911 1897 3177 1952 Dominus
3213 1896 3265 1949 in
3311 1890 3567 1962 supernis

1999 1993 2269 2048 thesauris
2304 2006 2482 2062 neque
2537 1991 2741 2044 tineam
2804 2002 2982 2058 neque
3021 1986 3318 2056 aeruginem
3355 1982 3567 2036 innasci

1996 2085 2151 2149 dicit,
2191 2098 2368 2153 neque
2400 2083 2470 2137 ab
2501 2089 2618 2135 arte
2651 2079 2868 2134 furandi
2906 2078 3169 2131 malitiam
3211 2076 3411 2137 inesse,
3448 2086 3569 2142 quae

1996 2177 2189 2232 doceat
2205 2191 2270 2233 ea
2301 2189 2423 2246 quae
2448 2170 3016 2233 commemoravimus,
3036 2169 3166 2224 illuc
3190 2164 3567 2221 transferenda

1994 2267 2292 2338 negotiatio
2331 2273 2436 2333 est,
2473 2263 2567 2319 ubi
2609 2279 2716 2318 non
2779 2261 2943 2316 modo
2993 2256 3364 2329 compilationi
3407 2262 3569 2322 atque

1995 2357 2344 2415 diminutioni
2385 2371 2494 2411 non
2546 2353 2769 2410 obnoxii
2813 2350 3056 2407 thesauri
3102 2363 3314 2418 semper
3357 2360 3569 2416 perma-

1995 2460 2145 2517 nent,
2171 2465 2357 2505 verum
2401 2447 2565 2503 etiam
2610 2445 2880 2501 seminum
2924 2443 2977 2496 in
3022 2439 3242 2495 modum
3287 2436 3570 2505 multiplex

1995 2544 2233 2598 eliiciunt
2253 2534 2912 2604 incrementum.0portet
2939 2531 3082 2588 enim
3117 2542 3343 2599 prorsus
3375 2541 3441 2580 ex
3470 2540 3570 2579 na-

1997 2642 2117 2687 tura
2175 2630 2495 2701 depositarii
2555 2640 2808 2696 magnam
2876 2623 2988 2679 ﬁeri
3042 2618 3566 2676 remunerationem.

1996 2720 2462 2792 Quemadmodum
2522 2719 2664 2773 enim
2720 2730 2822 2771 nos
2848 2730 2914 2769 ex
2969 2719 3165 2767 natura
3198 2715 3387 2764 nostra
3435 2705 3569 2760 faci-

1996 2830 2140 2879 mus,
2172 2819 2230 2865 ut
2262 2809 2445 2866 tenuia
2494 2805 2811 2866 oﬂ‘eramns,
2844 2801 3049 2872 quippe
3101 2812 3226 2852 eum
3257 2801 3453 2849 natura
3486 2793 3566 2847 si-

311 2896 466 2950 άῖδια
494 2897 552 2949 δὲ
580 2897 689 2952 τῶν
725 2898 1030 2972 ὠκυμόρων
1055 2884 1463 2973 διαμειϐόμενος
1488 2919 1496 2929 ·
1521 2902 1557 2957 ἃ
1580 2903 1804 2957 τοιαῦτα
1826 2907 1893 2974 τῇ

2000 2920 2121 2961 mus
2153 2905 2292 2958 tales
2323 2941 2338 2962 .
2364 2901 2436 2954 ita
2477 2905 2909 2953 consentaneum
2949 2900 3027 2948 est
3053 2906 3177 2946 eum
3213 2887 3308 2958 qui
3337 2886 3390 2939 in
3417 2884 3566 2939 omni

314 2984 481 3054 φύσει
517 2988 697 3053 ἐστὶν,
727 2988 803 3052 ὡς
839 2990 976 3061 μήτε
1016 2989 1223 3062 διανοίᾳ
1252 2992 1474 3046 δυνατὸν
1517 2988 1651 3046 εἶναι
1691 2993 1897 3064 ληψθῆ-

2000 3007 2056 3046 re
2084 2991 2236 3047 dives
2265 2997 2369 3051 est,
2400 2987 2466 3043 iis
2500 3001 2622 3056 qua:
2675 3000 2741 3039 ex
2775 2991 2972 3037 natura
3021 2980 3184 3034 habet
3209 2991 3307 3032 eos
3339 2974 3435 3045 qui
3468 2987 3567 3028 sua

314 3093 409 3131 ναι
430 3118 446 3142 ,
501 3078 639 3150 μήτε
686 3080 765 3142 εἰς
798 3081 1099 3154 ἑρμηνείαν
1128 3082 1287 3152 λόγου
1331 3083 1504 3136 ἐλθεῖν
1528 3125 1543 3150 ,
1579 3085 1706 3155 περὶ
1742 3078 1817 3138 ὧν
1860 3086 1894 3155 ἡ

2000 3089 2124 3137 ante
2155 3079 2422 3140 dederint,
2459 3091 2580 3133 esse
2613 3079 3111 3131 remuneraturum.
3137 3065 3215 3122 Ne
3241 3066 3368 3137 quis
3400 3064 3568 3134 igitur

315 3165 681 3233 θεόπνευστος
711 3168 948 3224 διδάσκει
981 3172 1187 3244 Γραφὴ,
1221 3175 1302 3226 ὅτι
1341 3193 1360 3225 ι
1409 3173 1544 3227 Οὔτε
1573 3177 1602 3229 ὁ
1625 3173 1898 3245 ὀφθαλμὸς

2000 3189 2058 3229 se
2082 3172 2266 3228 animo
2304 3170 2576 3233 demittat,
2630 3166 2758 3221 dum
2785 3179 2906 3236 quae
2932 3177 3032 3234 pro
3067 3159 3275 3214 viribus
3323 3156 3440 3212 suis
3473 3169 3570 3224 po-

315 3253 481 3322 εἶδεν,
506 3257 630 3312 οὔτε
663 3255 754 3324 οὖς
785 3261 1035 3333 ἤκουσεν,
1077 3262 1201 3315 οὔτε
1240 3265 1333 3317 ἐπὶ
1358 3264 1584 3336 καρδίαν
1610 3264 1896 3335 ἀνθρώπου

2000 3273 2124 3328 test,
2159 3262 2362 3317 divinis
2394 3258 2558 3313 infert
2588 3260 2885 3322 thesauris,
2929 3252 3086 3324 quasi
3134 3265 3237 3322 pro
3264 3249 3428 3305 modo
3473 3259 3570 3302 eo-

315 3347 491 3418 ἀνέϐη
518 3390 534 3416 ,
572 3349 611 3403 ἃ
647 3351 941 3422 ἡτοίμασεν
977 3355 1005 3406 ὀ
1040 3354 1173 3418 Θεὸς
1195 3356 1309 3418 τοῖς
1339 3356 1622 3422 ἀγαπῶσιν
1654 3357 1835 3413 αὐτόν.
1873 3375 1891 3408 ι

2000 3372 2118 3411 rum
2147 3369 2266 3425 quae
2294 3353 2507 3409 dederit
2537 3360 2895 3419 recepturus;
2921 3345 3016 3402 sed
3054 3349 3237 3415 speret
3269 3341 3426 3410 juxta
3447 3336 3567 3407 pol-

316 3439 510 3494 Ταῦτά
548 3458 650 3502 σοι,
678 3436 724 3495 ὦ
756 3444 911 3514 τιμία
938 3446 1145 3516 κεφαλὴ
1169 3487 1185 3513 ,
1219 3448 1279 3500 οὐ
1315 3448 1474 3517 μόνον
1500 3448 1639 3518 ὑπὲρ
1663 3447 1769 3503 τῶν
1807 3449 1895 3502 ἐλ-

2000 3448 2347 3504 licitationem
2401 3444 2521 3513 ejus
2550 3442 2641 3513 qui
2669 3440 2834 3503 dixit,
2862 3436 3007 3508 quod
3056 3447 3251 3503 magna
3287 3430 3468 3501 parvis
3494 3427 3568 3483 sit

315 3530 651 3600 λειφθέντων
673 3534 1015 3606 γραμμάτων
1030 3516 1388 3609 άνεπληρὼνσα
1396 3556 1514 3609 μεν,
1541 3516 1677 3593 ἀλλὰ
1711 3541 1803 3593 καὶ
1826 3541 1897 3594 τὰ

2000 3544 2431 3606 comparaturus,
2460 3529 2782 3586 coelestibus
2832 3527 3052 3595 quidem
3084 3531 3321 3582 terrena,
3356 3516 3563 3586 sempi-

319 3621 464 3691 μετὰ
501 3621 677 3678 ταῦτα
726 3624 985 3695 γινόμενα
1038 3625 1374 3697 ἐλλείμματα
1421 3626 1894 3699 προεξητάσαμεν.

2000 3629 2163 3682 ternis
2202 3639 2331 3680 vero
2358 3623 2468 3676 cito
2490 3621 2731 3690 peritura
2780 3621 3120 3684 permutans,
3149 3626 3270 3681 quae
3294 3609 3427 3662 talia
3465 3619 3568 3659 na-

316 3712 396 3769 Σὺ
435 3712 495 3765 δέ
528 3730 621 3783 μοι
661 3714 920 3785 πράττοις
952 3718 1010 3769 ἐν
1032 3717 1222 3789 Κυρίῳ
1250 3718 1619 3789 καταθυμίως.
1647 3719 1817 3772 Τοῦτο
1840 3719 1897 3773 δέ

2000 3727 2116 3773 tura
2144 3725 2295 3776 sunt,
2329 3722 2390 3767 ut
2421 3728 2597 3783 neque
2632 3717 2814 3765 mente
2853 3704 3080 3778 percipi,
3112 3716 3289 3771 neque
3315 3710 3568 3755 sermone

320 3820 408 3857 σοι
446 3804 535 3874 εἴη
566 3803 862 3870 διαπαντὸς
896 3807 1253 3879 καταθύμιον,
1278 3809 1306 3863 ὅ
1347 3810 1441 3863 καὶ
1477 3809 1555 3881 τῷ
1593 3810 1711 3882 Θεῷ
1737 3827 1898 3881 κεχα-

2000 3808 2250 3878 explicari
2287 3805 2526 3875 possint,
2575 3803 2643 3857 de
2697 3801 2898 3871 quibus
2945 3798 3130 3851 divina
3173 3793 3335 3847 docet
3388 3789 3569 3857 Scrip-

322 3894 584 3968 ρισμένον
622 3896 762 3959 ἐστὶ,
800 3899 894 3950 καὶ
933 3899 1063 3968 ἡμῖν
1093 3898 1449 3970 καταθύμιον.

2000 3909 2137 3965 tura,
2170 3899 2315 3969 quod
2349 3912 2528 3966 neque
2564 3895 2759 3949 oculus
2808 3892 3027 3953 viderit,
3072 3902 3252 3958 neque
3294 3886 3445 3939 auris
3471 3899 3568 3936 au-

317 3986 541 4052 diverit,
567 4003 744 4058 neque
769 3989 825 4044 in
859 4004 956 4045 cor
989 3992 1223 4047 hominis
1253 3991 1619 4057 ascenderint,
1652 4007 1772 4063 quae
1812 3992 2200 4063 praeparaverit
2235 3992 2376 4045 Deus
2414 3986 2765 4058 diligentibus
2799 4000 2859 4039 se
2894 3985 2936 4038 ⁷.
2980 3982 3075 4035 llis
3108 3981 3227 4042 tibi,
3270 3993 3304 4032 o
3342 3977 3567 4031 charum

319 4087 507 4151 caput,
534 4097 642 4136 non
664 4081 839 4140 solum
871 4088 1267 4156 prmtermissas
1290 4087 1500 4140 litteras
1522 4085 1907 4140 resareivimus
1934 4095 1986 4140 et
2009 4085 2507 4154 compensavimus,
2545 4093 2735 4134 verum
2759 4076 2922 4130 etiam
2949 4088 3068 4141 qua:
3098 4071 3327 4141 posthac
3345 4074 3568 4137 praeter-

320 4178 609 4233 mittentur
633 4191 699 4232 ac
718 4178 924 4248 reliqua
951 4179 1097 4246 ﬁent,
1130 4189 1616 4252 perargumentum
1639 4198 1880 4253 quaerere
1904 4178 2342 4249 anticipavimus.
2366 4176 2447 4230 Tu
2465 4189 2593 4230 vero
2624 4172 2753 4227 mihi
2782 4172 2935 4225 vivas
2968 4169 3021 4223 in
3054 4168 3281 4223 Domino
3300 4181 3364 4219 ex
3397 4159 3566 4216 animi

325 4267 403 4321 tui
431 4267 726 4323 sententia.
762 4267 876 4325 Hoc
905 4279 1083 4327 autem
1108 4288 1323 4344 semper
1346 4273 1445 4330 tibi
1466 4272 1616 4330 cordi
1644 4274 1714 4329 sit
1745 4282 1910 4344 atque
1934 4270 2215 4343 probetur,
2242 4266 2384 4339 quod
2415 4276 2466 4322 et
2489 4263 2597 4321 Deo
2624 4268 2836 4336 gratum
2866 4269 2918 4315 et
2950 4259 3111 4315 nobis
3133 4254 3436 4328 jucundum
3460 4259 3565 4308 est.

392 4445 413 4475 '
442 4446 462 4502 1
492 4446 619 4504 Cor.
661 4462 743 4513 ιιι,
776 4446 831 4505 9.
