4034 6132
442 297 540 352 95³1

1671 288 1723 343 S.
1763 286 2088 342 GltEGURll
2130 283 2424 339 NYSSENI

448 435 3659 481 MM

2127 457 2226 466 —

2235 455 2630 465 .._.___———

1719 605 1945 691 ΤΟΥ
2018 603 2393 691 ΑΥΤΟΥ

1048 800 1509 911 ΠΕΡΙ
1625 794 3066 937 ΤΕΑΕΙΟΤΗΤΟΣ,

1280 1009 1399 1062 ΚΑΙ
1461 1009 1715 1063 01101οΝ
1775 1010 1919 1062 ΧΡΗ
1970 1008 2157 1062 ΕΙΝΑΙ
2203 1008 2341 1061 TUN
2396 1005 2844 1076 ΧΡΙΣΤΙΔΝΟΝ,

1552 1165 1748 1217 ΠΡΟΣ
1777 1166 1868 1216 ΟΛ
1885 1164 2169 1216 ΥΜῙΙΙΟΝ
2197 1163 2573 1217 ΜΟΝΑΧΟΝ.

1745 1487 2381 1576 EJUSDEM

1443 1699 1622 1808 DE
1702 1699 2688 1813 PERFECTlONE

1298 1919 1386 1974 ΕΤ
1420 1917 1701 1987 QUALIS“
1741 1917 2109 1974 OPORTEAT
2148 1916 2318 1972 ESSE
2349 1915 2822 1974 Cl‘lRlSTlANUM
2847 1957 2864 1983 ,

1565 2069 1660 2124 AD
1693 2066 2084 2124 OLYMPIUM
2115 2065 2568 2123 MONACHUM.

1703 2224 1964 2277 Francisco
1986 2226 2107 2276 Zino
2132 2225 2431 2289 interprete.

516 2526 730 2596 Qumris
757 2539 866 2597 qua
908 2525 1120 2582 ratione
1153 2525 1263 2580 vita
1307 2540 1371 2580 ex
1406 2525 1610 2580 virtute
1646 2527 1821 2596 possit
1865 2526 2020 2581 insti-
2049 2533 2080 2591 Α

2193 2525 2484 2597 Πρέπουσα
2518 2526 2583 2596 τῇ
2625 2522 2940 2595 προαιρέσει
2969 2523 3001 2594 ἡ
3039 2519 3239 2594 σπουδὴ
3267 2524 3394 2593 περὶ
3426 2522 3518 2577 τοῦ
3557 2525 3701 2594 γνῶ-

451 2620 555 2686 tui,
584 2629 646 2674 ut
677 2619 932 2674 omnibus
961 2616 1260 2674 oﬂiciorum
1289 2617 1530 2671 numeris
1563 2617 1812 2672 absoluta
1861 2624 2024 2686 atque

451 2709 696 2780 perfecta
724 2709 888 2764 nullis
921 2709 1439 2778 reprehensionibus
1466 2709 1537 2762 sit
1566 2707 1830 2773 obnoxia;
1860 2707 2024 2776 digna

453 2799 696 2870 proiecto
729 2799 1072 2868 professione
1112 2809 1202 2852 tua
1237 2799 1555 2869 postulatio.
1604 2797 1740 2852 Mihi
1773 2812 1903 2851 vero
1942 2798 2025 2850 ni-

452 2891 530 2945 hil
556 2900 697 2946 esset
732 2889 973 2959 optatius
1001 2904 1164 2958 quam
1193 2898 1250 2943 ut
1289 2905 1474 2943 eorum
1507 2903 1626 2958 quae
1652 2888 1808 2958 cupis
1837 2902 2023 2942 exem-

454 2985 544 3055 pla
597 2997 816 3053 possem
865 2997 933 3036 ex
973 2996 1089 3035 mea
1120 2981 1228 3034 vita
1283 2980 1382 3034 tibi
1432 2980 1775 3049 depromere,
1824 2987 1883 3033 ut
1929 2978 2028 3033 do-

453 3076 686 3132 ctrinam
733 3074 832 3129 abs
866 3081 920 3129 te
966 3073 1248 3144 quaesitam
1298 3073 1456 3126 factis
1490 3073 1672 3142 potius
1699 3087 1863 3142 quam
1902 3085 2026 3125 ver-

453 3170 542 3225 bis
585 3169 935 3238 explicarem.
989 3168 1062 3222 Ea
1091 3169 1238 3224 enim
1273 3168 1489 3223 demum
1521 3168 1656 3223 bene
1690 3167 1906 3223 vivendi
1941 3167 2026 3220 in-

454 3261 668 3316 stitutio
695 3260 858 3331 digna
889 3267 997 3324 est,
1029 3259 1118 3314 cui
1146 3259 1279 3315 lides
1306 3259 1592 3322 habeatur,
1627 3274 1749 3314 cum
1777 3259 2028 3315 docentis

455 3353 567 3409 vita
604 3355 860 3424 congruit
905 3352 1164 3409 orationi.
1211 3351 1480 3424 Caeterum
1529 3352 1790 3424 quoniam
1837 3368 1923 3407 me
1974 3355 2027 3409 id

455 3446 602 3514 quod
649 3452 778 3514 opto
818 3445 1060 3499 nondum
1099 3454 1413 3500 assecutum
1452 3443 1634 3511 video,
1663 3450 1724 3498 ut
1760 3443 2029 3500 orationis

456 3537 582 3593 loco
614 3537 820 3606 possim
851 3537 1016 3591 vitam
1059 3537 1370 3600 ostendere,
1401 3552 1469 3591 ne
1515 3533 1872 3605 imperfectus
1909 3551 2030 3589 om-

455 3627 590 3682 nino
619 3628 807 3684 videar
848 3637 902 3684 et
941 3643 971 3682 a
998 3629 1154 3698 signo
1199 3643 1311 3697 prae
1348 3628 1564 3682 inscitia
1604 3627 1825 3697 penitus
1867 3627 2030 3680 aber-

458 3733 604 3783 rare,
635 3719 853 3774 brevem
886 3720 983 3772 tibi
1015 3728 1160 3774 recte
1193 3719 1409 3773 vivendi
1443 3717 1735 3772 formulam
1782 3717 2028 3784 tradam;

460 3816 629 3876 atque
670 3808 820 3862 illius
851 3807 1072 3876 quidem
1119 3807 1247 3878 hinc
1268 3807 1380 3874 jam
1429 3807 1680 3861 nascitur
1720 3806 2026 3860 exordium.

2123 2635 2212 2672 ναι
2239 2619 2355 2682 πῶς
2385 2619 2449 2673 ἄν
2473 2635 2556 2681 τις
2594 2615 2682 2670 διὰ
2713 2615 2804 2667 τοῦ
2838 2614 2958 2668 κατ’
2988 2614 3186 2684 ἀρετὴν
3213 2612 3329 2683 βίου
3355 2614 3688 2686 τελειωθείη,

2125 2709 2263 2764 ὥστε
2285 2709 2373 2762 διὰ
2400 2708 2613 2762 πάντων
2648 2704 3054 2777 κατορθωθῆναι
3085 2721 3176 2757 σου
3218 2706 3284 2775 τῇ
3315 2705 3425 2776 ζωῇ
3456 2705 3516 2758 τὸ
3544 2706 3694 2776 ἀμώ-

2128 2819 2313 2873 μητον.
2353 2799 2494 2869 Ἐγὼ
2528 2798 2584 2852 δὲ
2620 2799 2747 2866 περὶ
2776 2796 2976 2860 παντὸς
3019 2797 3117 2867 μὲν
3148 2796 3213 2850 ἂν
3241 2797 3604 2868 ἐποιησάμην,
3639 2801 3700 2851 ἐν

2123 2891 2200 2962 τῷ
2241 2890 2357 2961 ἐιμῷ
2397 2890 2496 2961 βίῳ
2535 2889 2642 2942 τῶν
2672 2888 2754 2940 σοὶ
2799 2888 3242 2958 σπουδαζομένων
3299 2887 3584 2959 εὑρεθῆναι
3633 2890 3702 2943 τὰ

2126 2987 2517 3057 ὑποδείγματα,
2556 2985 2694 3039 ὥστε
2740 2987 2851 3047 τοῖς
2879 2983 3059 3055 ἔργοις
3097 2984 3202 3056 πρὸ
3228 2984 3336 3036 τῶν
3377 2983 3549 3052 λόγων
3580 2987 3702 3039 ἐπι-

2127 3080 2460 3149 ζητουμένην
2498 3078 2602 3131 ὐπδ
2636 3077 2728 3130 σοῦ
2770 3077 3073 3148 παρασχεῖν
3123 3074 3489 3129 διδασκαλίαν.
3543 3075 3702 3128 Οὕτω

2126 3170 2234 3242 γὰρ
2272 3169 2337 3224 ἂν
2369 3169 2676 3234 ἀξιόπιστος
2717 3164 2785 3240 ἦν
2813 3168 2922 3220 τῶν
2956 3166 3172 3235 ἀγαθῶν
3200 3167 3232 3237 ἡ
3278 3167 3572 3236 ὑφήγησις,
3605 3166 3702 3220 τοῦ

2131 3262 2245 3332 βίου
2289 3265 2400 3325 τοῖς
2437 3262 2610 3325 λόγοις
2653 3259 3158 3331 συμφθεγγομένου.
3207 3258 3425 3329 Ἐπειδὴ
3458 3258 3514 3310 δὲ
3546 3258 3706 3311 τοῦτο

2133 3349 2230 3421 μὲν
2259 3348 2487 3420 εὔχομαι
2535 3347 2788 3418 γενέσθαι
2836 3349 2998 3409 ποτὲ,
3047 3346 3141 3400 νῦν
3182 3346 3238 3398 δὲ
3267 3345 3417 3400 οὔπω
3466 3345 3706 3399 τοιοῦτον

2129 3438 2362 3510 ἐμαυτὸν
2405 3439 2634 3509 βλέπων,
2693 3438 2768 3501 ὡς
2815 3437 2936 3489 ἀντὶ
2981 3436 3074 3489 τοῦ
3117 3436 3276 3504 λόγου
3332 3435 3706 3506 προδεικνύειν

2129 3533 2220 3585 τὸν
2276 3531 2410 3601 βίον,
2456 3530 2542 3582 ἵνα
2580 3528 2653 3600 μὴ
2701 3528 2926 3581 καθόλου
2969 3527 3182 3597 δοκοίην
3225 3527 3517 3597 ἀσυντελὴς
3563 3522 3706 3578 εἷναί

2133 3621 2213 3674 σοί
2242 3637 2324 3683 τις
2360 3619 2494 3691 πρὸς
2519 3619 2608 3671 τὸν
2645 3619 2842 3671 σκοπὸν
2868 3619 2962 3671 καὶ
2998 3617 3277 3688 ἀνόνητος,
3303 3617 3385 3685 ἐφ’
3419 3616 3447 3670 ὃ
3467 3617 3547 3669 δεῖ
3576 3634 3708 3671 συν-

2130 3713 2299 3782 τεῖναι
2333 3711 2422 3764 τὸν
2451 3709 2650 3780 ἀκριϐῆ
2684 3709 2816 3780 βίον,
2844 3707 3136 3762 ὑποθέσθαι
3170 3706 3468 3778 διενοήθην,
3522 3707 3710 3760 ἐντεῦ-

2135 3802 2226 3854 θεν
2271 3802 2364 3854 τοῦ
2396 3801 2553 3866 λόγου
2587 3799 2684 3872 τὴν
2726 3801 2901 3871 ἀρχὴν
2936 3799 3320 3869 ποιησάμενοςο
3350 3799 3454 3852 Τοῦ
3497 3798 3710 3867 ἀγαθοῦ

461 3897 648 3951 Bonus
707 3896 970 3952 Dominus
1025 3905 1215 3952 noster
1248 3896 1408 3951 Jesus
1455 3896 1711 3951 Christus
1763 3911 1886 3959 nos,
1934 3887 2080 3964 qnil

2133 3894 2393 3946 Δεσπότου
2447 3893 2602 3963 ἡμῶν
2661 3892 2832 3961 Ἰησοῦ
2888 3890 3122 3963 Χριστοῦ
3177 3891 3547 3961 χαρισαμένου
3605 3890 3708 3959 τὴν

461 3987 520 4042 in
550 3987 728 4056 ipsum
778 3987 1077 4046 credimus,
1112 3985 1374 4039 adorandi
1416 3985 1654 4040 nominis
1695 3984 1778 4039 sui
1811 3983 2034 4053 partici-

463 4092 562 4148 pes
613 4075 762 4141 l'ecit,
817 4085 877 4130 ut
919 4077 1034 4130 sive
1079 4077 1299 4138 divites,
1335 4077 1450 4132 sive
1497 4077 1734 4139 nobiles,
1775 4076 1889 4130 sive
1927 4075 2030 4128 ob-

464 4167 638 4232 scuri,
669 4167 785 4223 sive
821 4167 1033 4238 inopes,
1063 4168 1177 4223 sive
1205 4169 1470 4224 doctrinae
1511 4177 1605 4223 aut
1635 4167 1918 4238 dignitatis
1952 4167 2035 4220 in-

462 4259 715 4330 signibus
748 4261 997 4314 exornati
1045 4260 1239 4325 simus,
1286 4261 1432 4314 nulla
1482 4270 1659 4314 tamen
1713 4275 1779 4313 ex
1816 4274 1874 4312 re
1917 4273 2037 4327 quae

465 4351 626 4408 nobis
670 4351 815 4408 adsit
844 4353 1210 4416 no:ninemnr,
1243 4352 1337 4406 sed
1383 4352 1468 4406 his
1509 4351 1760 4405 omnibus
1793 4349 2032 4418 rejectis,

465 4445 536 4500 de
583 4458 692 4498 uno
744 4443 964 4497 nomine
1013 4441 1184 4512 ipsius
1217 4441 1435 4511 proprie
1483 4440 1821 4510 appellemnr
1873 4437 2034 4492 Chri-

465 4534 652 4594 stiani.
711 4533 847 4587 Cum
904 4533 1069 4603 igitur
1124 4533 1265 4586 hanc
1329 4529 1485 4585 nobis
1526 4546 1555 4584 e
1600 4531 1740 4584 cmlo
1803 4530 2035 4599 gratiam

466 4623 735 4689 attulerit,
793 4638 976 4693 operae
1034 4622 1267 4692 pretium
1323 4628 1407 4676 est
1473 4627 1533 4674 ut
1589 4620 1743 4690 prius
1795 4620 2039 4674 muneris

469 4715 897 4784 magnitudinem
946 4713 1382 4773 consideremus,
1432 4727 1542 4781 quo
1593 4711 1818 4766 meritas
1875 4709 2040 4780 largi-

467 4807 576 4859 tori
607 4805 717 4861 Deo
751 4806 956 4876 gratias
988 4805 1309 4860 habeamus.
1361 4802 1566 4858 Deinde
1610 4802 1747 4856 tales
1788 4802 1844 4855 in
1888 4801 2037 4854 omni

469 4898 579 4952 vita
609 4901 1084 4968 nos'prtestemus,
1117 4898 1308 4968 quales
1338 4896 1566 4966 requirit
1595 4895 1826 4963 hujusce
1858 4893 2036 4947 nomi—

469 4986 560 5041 nis
601 4988 946 5042 excellentia.
983 4987 1196 5054 Quanta
1241 4989 1312 5041 sit
1357 4986 1521 5054 hujus
1552 4983 1798 5038 muneris
1828 4985 2038 5052 magni-

472 5077 627 5144 tudo,
677 5078 818 5148 quod
871 5080 1016 5135 illius
1074 5079 1165 5149 qui
1216 5079 1341 5132 vita:
1381 5085 1583 5132 nostrae
1638 5075 1900 5128 Dominus
1954 5081 2039 5128 est

2134 3985 2412 4040 κοινωνίαν
2445 3987 2574 4056 ἡμῖν
2619 3983 2712 4037 τοῦ
2750 3977 3220 4054 προσκυνουμένου
3249 3983 3531 4053 ὀνόματος,
3564 3980 3708 4034 ὥστε

2135 4077 2280 4146 ἡμᾶς
2311 4077 2376 4129 ὲκ
2407 4075 2626 4146 μηδενὸς
2659 4075 2817 4128 ἄλλου
2850 4074 2957 4127 τῶν
2989 4076 3115 4146 περὶ
3148 4077 3294 4146 ἡμᾶς
3326 4074 3709 4145 ὀνομάζεσθαι,

2134 4167 2234 4220 κᾶν
2263 4167 2509 4231 πλούσιός
2539 4185 2622 4230 τις
2656 4166 2732 4219 ὢν
2755 4167 2911 4237 τύχῃ,
2943 4166 3032 4219 καὶ
3057 4167 3402 4238 εὐπατρίδης,
3440 4166 3543 4219 κᾶν
3580 4166 3708 4218 δυσ-

2137 4257 2299 4328 γενὴς
2425 4256 2458 4326 ἢ
2513 4257 2712 4326 πένης,
2741 4258 2834 4310 καὶ
2875 4256 2934 4320 ἐξ
2978 4257 3419 4327 ἐπιτηδευμάτων
3464 4255 3625 4309 τινῶν
3673 4256 3709 4327 ἢ

2135 4348 2459 4418 ἀξιωμάτων
2497 4348 2557 4400 τὸ
2579 4347 2871 4419 ,γνώριμον
2905 4348 3024 4421 ἔχῃ,
3073 4349 3286 4402 πάντων
3315 4348 3422 4401 τῶν
3451 4348 3710 4401 τοιούτων

2135 4439 2414 4509 ὀνομάτων
2438 4439 2771 4509 ἀργούντων,
2815 4441 2944 4508 μίαν
2973 4435 3111 4493 εἶναι
3139 4439 3329 4509 κυρίαν
3367 4439 3556 4508 κλῆσιν
3595 4440 3710 4499 τοῖς

2136 4534 2215 4594 εἰς
2243 4531 2403 4585 αὑτὸν
2452 4531 2844 4583 πεπιστευκόσι
2891 4531 3208 4601 δεδώρηται,
3259 4530 3320 4582 τὸ
3349 4529 3711 4599 Χριστιανοὺς

2135 4620 2512 4692 ὀνομάζεσθαι.
2560 4619 2775 4690 Ταύτης
2824 4620 3028 4675 ἄνωθεν
3085 4623 3218 4691 ἡμῖν
3271 4619 3710 4690 έπικυρωθείσης

2136 4711 2236 4779 τῆς
2274 4710 2527 4780 χάριτος,
2568 4709 2866 4784 ἀναγκαῖον
2907 4707 2973 4762 ἂν
3005 4709 3090 4777 εἴη
3118 4708 3329 4778 πρῶτον
3361 4707 3462 4776 τῆς
3501 4705 3711 4776 δωρεᾶς

2135 4803 2324 4872 νοῆσαι
2351 4801 2411 4853 τὸ
2443 4799 2691 4870 μέγεθος,
2714 4799 2853 4852 ὥστε
2882 4798 2999 4852 κατ’
3025 4799 3180 4865 ἀξίαν
3207 4797 3603 4867 εὐχαριστῆσαι
3629 4795 3712 4866 τῷ

2135 4889 2205 4942 τὰ
2223 4886 2522 4958 τηλικαῦτα
2541 4886 2912 4956 δωρησαμένῳ
2933 4885 3072 4955 Θεῷ.
3089 4885 3316 4939 Ἔπειτα
3341 4885 3397 4938 δὲ
3430 4885 3711 4947 τοιούτους

2135 4977 2359 5041 ἑαυτοὺς
2388 4977 2476 5031 διὰ
2504 4976 2598 5030 τοῦ
2623 4975 2736 5046 βίου
2775 4975 2964 5041 δεῖξαι,
2998 4970 3108 5028 οἷον
3138 4976 3384 5046 ἐπιζητεῖ
3414 4977 3446 5044 ὴ
3481 4974 3575 5028 τοῦ
3611 4992 3712 5044 με-

2137 5069 2300 5138 γάλου
2331 5067 2521 5120 τούτου
2559 5067 2820 5137 ὀνόματος
2843 5065 3089 5136 δύναμις.
3127 5066 3200 5118 Τὸ
3232 5065 3331 5135 μὲν
3353 5060 3444 5118 οὖν
3483 5065 3713 5133 μέγεθος

472 5170 698 5225 nomine
719 5185 1121 5239 nuncupemnr,
1158 5170 1316 5224 nobis
1342 5168 1694 5238 perspicuum
1726 5166 1819 5219 [iet
1839 5165 1882 5219 si
1905 5163 2034 5233 quid
2066 5222 2080 5239 Α

2140 5159 2239 5228 τῆς
2266 5160 2492 5229 δωρεᾶς,
2533 5152 2601 5228 ἧς
2627 5156 2715 5210 διὰ
2746 5156 2840 5209 τοῦ
2871 5155 3329 5226 συνονομασθῆναι
3360 5155 3436 5224 τῷ
3467 5154 3714 5225 Δεσπότῃ

474 5273 672 5313 nomen
701 5259 928 5328 ipsuma
961 5258 1181 5313 Christo
1222 5257 1512 5311 deductum
1546 5255 1820 5326 signiﬁcet
1858 5253 2037 5307 anim-

474 5349 846 5412 advertemus.
883 5356 943 5404 ut
976 5348 1342 5418 intelligamus
1385 5345 1604 5416 quando
1643 5345 1883 5400 universi
1930 5342 2040 5396 Do-

475 5439 687 5495 minum
717 5440 773 5494 in
808 5440 1013 5496 nostris
1053 5439 1460 5509 precationibus
1500 5438 1604 5492 hac
1634 5451 1766 5491 voce
1791 5435 2042 5490 nomina-

473 5545 621 5596 mus,
649 5542 813 5599 quam
847 5530 1045 5586 animis
1090 5531 1298 5585 nostris
1332 5529 1611 5584 notionem
1641 5525 2038 5595 concipiamus,

2141 5250 2241 5320 τῆς
2283 5248 2430 5319 ζωῆς
2462 5252 2493 5318 ὴ
2504 5248 2618 5318 μῶν
2661 5246 2988 5317 ἠξιώθημεν,
3018 5247 3188 5309 οὕτως
3229 5245 3293 5300 ἂν
3321 5246 3528 5314 γένοιτο
3554 5245 3712 5314 δῆλον

2146 5345 2295 5413 ἡμῖν,
2318 5342 2367 5394 εί
2404 5339 2535 5394 αὑτὸ
2561 5339 2622 5390 τὸ
2651 5338 3048 5408 σημαινόμενον
3080 5337 3172 5391 τοῦ
3200 5337 3336 5390 κατά
3359 5337 3450 5388 τὸν
3479 5336 3710 5405 Χριστὸν

2145 5433 2401 5502 ὀνόματος
2443 5429 2816 5498 ὲπιγνοίημεν,
2855 5427 2994 5480 ὥστε
3023 5429 3276 5490 συνεῖναι,
3299 5427 3425 5480 ὅταν
3458 5427 3549 5479 διὰ
3584 5425 3711 5478 ταύο

2145 5542 2244 5596 της
2271 5525 2370 5593 τῆς
2396 5524 2578 5593 φωνῆς
2598 5521 2686 5575 τὸν
2711 5520 2804 5574 τοῦ
2842 5520 3040 5582 παντὸς
3062 5520 3266 5588 Κύριον
3295 5519 3351 5570 ἐν
3381 5521 3500 5580 ταῖς
3525 5519 3710 5586 εὐχαῖς

477 5628 574 5674 ant
605 5618 734 5689 quid
768 5633 864 5688 per
895 5619 998 5672 hoc
1037 5633 1234 5672 nomen
1272 5618 1574 5686 cogitantes
1602 5624 1726 5685 apte
1752 5614 2041 5669 credamus

2149 5610 2614 5683 προσκαλῶμεθα,
2665 5609 2822 5661 ποίαν
2858 5609 2974 5669 ταῖς
3021 5606 3216 5674 ψυχαῖς
3267 5605 3422 5675 ἡμῶν
3469 5605 3709 5672 ἀναλαμ-

481 5715 658 5786 ipsum
703 5711 997 5786 appellare.
1046 5709 1102 5766 ιιι
1135 5710 1224 5766 ubi
1273 5719 1613 5779 compertum
1658 5707 2034 5772 habuerimus,

2147 5703 2376 5770 ϐάνομεν
2405 5699 2640 5766 ἔννοιαν,
2691 5697 2721 5766 ἢ
2756 5697 2804 5750 τί
2840 5696 2923 5750 διὰ
2962 5694 3052 5749 τοῦ
3083 5695 3342 5765 ὀνόματος
3375 5692 3558 5745 τούτου
3603 5709 3700 5745 κα-
