4034 6132
324 234 437 293 253

1347 238 1437 294 DE
1472 238 1837 297 PERFECTA
1874 236 2271 297 CllRISTlANl
2304 239 2560 297 FORMA.

3473 238 3585 299 95‘

326 350 664 418 τανοοῦντες,
699 352 938 416 εὐσεϐῶς
961 354 1119 409 αὐτὸν
1144 354 1519 412 ἐπικαλεῖσθαι
1547 355 1896 427 πιστεύομεν.

2006 356 2123 426 ipso
2160 357 2382 412 nomine
2422 364 2484 412 ut
2517 353 2788 425 magistro
2822 361 2876 408 et
2922 353 3063 409 duce
3097 352 3162 409 ad
3207 353 3345 408 bene
3393 352 3581 408 beate-

341 439 593 493 Ἐπειδὰν
618 439 676 493 δὲ
701 440 857 495 τοῦτο
884 444 1184 515 νοήσωμεν,
1212 444 1331 499 τότε
1360 447 1426 500 δι’
1457 446 1774 509 ἀκολούθου,
1810 447 1905 499 καὶ

327 531 474 616 οῖους
503 532 773 603 προσήκει
807 535 951 605 ἡμᾶς
973 535 1061 590 διὰ
1091 537 1192 606 τῆς
1221 539 1350 609 περὶ
1396 538 1485 592 τὸν
1519 538 1633 608 βίον
1671 537 1904 609 σπουδῆς

324 621 734 693 ἐπιδειχθῆναι,
798 626 984 695 σαφῶς
1018 627 1415 700 μαθησόμεθα,
1462 630 1764 700 διδασκάλῳ
1811 630 1905 683 καὶ

323 711 511 783 ὁδηγῷ
536 715 673 784 πρὸς
705 715 797 767 τὸν
834 715 947 785 βίον
977 717 1055 788 τῷ
1089 718 1314 790 ὀνόματι
1367 719 1659 791 χρώμενοι.
1694 718 1903 774 Οὐκοῦν

321 802 416 854 τὸν
459 802 614 872 ἅγιον
662 804 872 858 Παῦλον
928 807 1064 877 πρὸς
1104 808 1170 862 τὰ
1212 808 1305 863 δύο
1336 810 1507 864 ταῦτα
1554 809 1904 881 καθηγεμόνα

320 893 660 963 ποιούμενοι,
695 897 1108 969 ἀσφαλεστάτην
1149 899 1342 970 ἕξομεν
1380 901 1600 970 όδηγίαν
1630 900 1902 971 πρὸς.τῆν

318 985 431 1038 τῶν
498 986 851 1057 ζητουμένων
906 992 1222 1060 σαφήνειαν.
1286 988 1453 1056 Οὗτος
1502 991 1610 1061 γάρ
1666 991 1901 1062 μάλιστα

318 1077 543 1131 πάντων
569 1078 835 1150 ἀκριϐῶς,
881 1082 975 1134 καὶ
1002 1082 1054 1135 τί
1086 1083 1280 1137 ἐστινό
1314 1084 1547 1155 Χριστὸς
1588 1083 1899 1154 κατενόησε,

319 1168 419 1221 καὶ
458 1162 570 1222 οἷον
603 1165 743 1223 εἶναι
768 1170 872 1242 χρὴ
899 1172 992 1227 τὸν
1023 1173 1491 1245 ἐπονομαζόμενον
1518 1174 1687 1244 αὐτῷ,
1732 1172 1799 1227 δι’
1825 1166 1900 1227 ὧν

319 1258 601 1331 ἐποίησεν,
636 1263 992 1333 ὑφηγήσατο·
1030 1264 1200 1330 οὕτως
1239 1267 1483 1338 ἐναργῶς
1526 1267 1688 1322 αὑτὸν
1725 1284 1899 1337 μιμη-

320 1351 581 1421 σάμενος,
610 1353 687 1417 ὡς
714 1355 772 1410 ἐν
818 1356 997 1428 ἐαυτῷ
1038 1357 1207 1425 δεῖξαι
1255 1359 1346 1412 τὸν
1392 1359 1585 1413 ἑαυτοῦ
1625 1360 1899 1432 Δεσπότην

321 1440 789 1512 μεμορφωμένον,
843 1442 934 1496 διὰ
980 1444 1079 1515 τῆς
1124 1445 1522 1517 ἀκριϐεστάτης
1578 1448 1896 1519 μιμήσεως,

322 1526 755 1603 μταὸληθέντος
798 1534 891 1587 τοῦ
920 1535 1018 1605 τῆς
1045 1535 1223 1608 ψυχῆς
1255 1538 1419 1591 αὐτοῦ
1450 1537 1621 1603 εἴδους
1667 1539 1805 1610 πρὸς
1836 1538 1897 1592 τὸ

318 1621 697 1693 πρωτάτυπον,
716 1624 792 1687 ὡς
810 1625 1004 1694 μηκέτι
1028 1625 1239 1679 Παῦλον
1259 1621 1396 1681 εἶναι
1417 1628 1593 1683 δοκεῖν
1608 1629 1699 1682 τὸν
1716 1628 1895 1694 ζῶντά

2005 463 2112 518 que
2141 448 2435 504 vivendum
2487 455 2723 513 utentes,
2761 462 2883 516 qua:
2912 447 3071 501 nobis
3107 445 3233 499 vitae
3263 444 3445 500 studia
3491 460 3580 498 se-

2005 540 2222 611 quenda
2277 539 2409 605 sint,
2457 538 2617 594 facile
2652 553 3072 609 cognoscemus.
3120 536 3199 593 Ad
3251 536 3366 590 haec
3396 542 3579 589 autem

2004 634 2114 689 duo
2138 648 2260 703 qua:
2287 632 2684 703 investigamus
2718 630 3062 701 percipienda
3095 628 3428 683 tutissimum
3459 627 3577 680 adi-

2005 737 2117 782 tum
2145 727 2488 792 habebimus,
2521 728 2568 783 si
2601 726 2761 782 nobis
2788 725 2849 779 D.
2884 724 3123 783 Paulum
3147 723 3355 778 itineris
3380 722 3576 776 ducem

2005 819 2480 890 proposuerimus.
2529 819 2632 873 Hic
2660 819 2806 875 enim
2845 818 3080 872 maxime
3114 816 3358 871 omnium
3392 794 3582 884 exqui:

2001 912 2138 976 site,
2191 920 2245 966 et
2291 912 2383 981 qui
2428 910 2685 967 Christus
2753 910 2827 965 sit
2874 911 3065 973 novit,
3102 916 3156 964 et
3195 909 3409 978 qualem
3451 921 3577 962 esse

2000 992 2271 1072 opoﬂeat,
2305 1003 2400 1073 qui
2455 1003 2526 1058 ab
2574 1018 2640 1057 eo
2688 1017 2889 1057 nomen
2948 1002 3183 1071 accepit,
3235 1015 3301 1054 ex
3350 998 3420 1054 iis
3454 1014 3575 1068 quae

2001 1093 2173 1162 gessit
2212 1094 2350 1164 ipse,
2394 1093 2695 1150 declaravit
2731 1113 2744 1147 :
2776 1108 2902 1146 nam
2935 1092 3070 1147 adeo
3117 1097 3373 1153 accurate
3421 1089 3573 1147 illum

1999 1184 2246 1241 imitatus
2287 1194 2394 1253 est,
2429 1185 2575 1241 utin
2613 1200 2672 1242 se
2701 1184 2989 1240 Dominum
3026 1185 3210 1255 ipsum
3254 1197 3572 1252 expressum

1999 1276 2326 1340 ostenderit,
2389 1277 2594 1346 quippe
2634 1275 2733 1345 qui
2781 1272 3204 1344 diligentissima
3266 1271 3574 1325 imitatione

1999 1366 2230 1423 formam
2282 1368 2454 1422 animi
2498 1368 2585 1424 sui
2622 1369 2697 1422 ita
2749 1366 3036 1422 transtulit
3084 1365 3138 1419 in
3181 1366 3360 1435 ipsum
3388 1378 3574 1417 exem-

1999 1459 2139 1528 plar,
2175 1467 2233 1513 ut
2259 1474 2366 1513 non
2397 1459 2656 1529 amplius,
2687 1459 2782 1529 qui
2822 1456 3170 1527 loquebatur,
3212 1454 3433 1518 Paulus,
3476 1452 3571 1507 sed

1996 1547 2253 1605 Christus
2306 1565 2430 1605 esse
2488 1549 2789 1617 videretur,
2838 1546 3296 1619 quemadmodum
3344 1547 3574 1615 ipsemet

1997 1640 2154 1704 dicit,
2186 1640 2278 1710 qui
2323 1640 2544 1710 propria
2584 1641 2726 1696 bona
2757 1640 2985 1711 pulchre
3024 1638 3296 1694 sentiebat
3330 1656 3343 1691 :
3378 1654 3396 1687 ι
3426 1634 3572 1701 Quo-

316 1730 381 1766 τε
405 1714 498 1766 καὶ
526 1713 918 1786 φθεγγόμενον,
952 1717 1066 1771 ἀλλ’
1098 1719 1258 1773 αὑτὸν
1295 1720 1385 1773 τὸν
1413 1721 1647 1791 Χριστὸν
1663 1723 1720 1775 ἐν
1746 1720 1895 1792 αὐτῷ

2004 1732 2149 1785 niam
2177 1733 2631 1802 experimentum,
2664 1752 2684 1784 ι
2721 1731 2897 1802 inquit
2921 1733 2962 1795 ί,
3001 1748 3019 1781 ι
3054 1730 3299 1800 ηυωτίιὶε
3329 1727 3451 1797 ejus
3476 1725 3571 1795 qui

319 1805 442 1877 ςῇνε
475 1806 662 1871 καθώς
689 1825 854 1881 φησιν
883 1811 913 1863 δ
952 1812 1116 1876 καλὸς
1159 1811 1266 1867 τῶν
1303 1812 1445 1866 ἰδίων
1477 1813 1697 1881 ἀγαθῶν
1742 1814 1897 1867 ἐπαι-

321 1896 605 1967 σθόμενος,
638 1899 722 1952 ὅτι
761 1920 781 1953 ι
822 1903 886 1956 Εἰ
912 1902 1140 1975 δοκιμὴν
1180 1904 1392 1975 ζητεῖτε
1431 1904 1524 1958 τοῦ
1553 1907 1611 1959 ἐν
1649 1906 1772 1977 ἐμοὶ
1803 1905 1916 1968 λατ-

317 1987 542 2053 λοῦντος
559 1991 821 2062 Χριστοῦ.
858 2013 878 2047 ι
911 1995 1052 2065 Καὶ,
1078 1996 1160 2050 ὅτι
1188 2014 1207 2049 ι
1239 1996 1327 2052 Ζῶ
1355 1995 1413 2049 δὲ
1442 1994 1553 2065 ἐγὼ
1577 1997 1676 2050 οὐκ
1703 1996 1804 2063 ἔτι,
1828 1994 1893 2067 ζῇ

317 2083 378 2138 δὲ
410 2084 469 2136 ἐν
496 2084 621 2154 ἐμοὶ
648 2086 900 2156 Χριστός.
939 2107 958 2140 ι

392 2166 564 2237 Οὗτος
595 2170 689 2229 οὖν
716 2176 809 2230 τοῦ
841 2178 980 2232 κατά
1010 2179 1242 2250 Χριστὸν
1273 2178 1627 2251 ὀνομάζοντος
1664 2179 1896 2253 ἐγνώρι-

321 2282 419 2319 σεν
468 2267 601 2337 ἡμῖν
660 2265 723 2320 τὸ
773 2269 1205 2340 σημαινόμενον,
1264 2271 1474 2335 εἰπὼν,
1526 2272 1609 2324 ὅτι
1662 2271 1897 2343 Χριστός

318 2358 442 2412 ἐστι
466 2357 602 2412 Θεοῦ
627 2357 853 2429 δύναμις
878 2361 977 2413 καὶ
1007 2359 1143 2414 Θεοῦ
1173 2360 1354 2430 σοφία,
1387 2360 1523 2415 ἀλλά
1556 2362 1650 2417 καὶ
1673 2363 1896 2434 εἰρήνην

316 2449 486 2505 αὐτὸν
512 2449 758 2517 ἐκάλεσε,
784 2452 880 2512 καὶ
903 2452 1017 2522 φῶς
1036 2452 1350 2524 ἀπρόσιτον,
1382 2455 1440 2507 ἐν
1459 2447 1503 2523 ᾧ
1524 2457 1666 2508 οἰκεῖ
1686 2456 1713 2509 ό
1736 2454 1909 2517 Θεὸςντ

319 2540 596 2612 ἁγιασμόν
629 2558 691 2594 τε
718 2542 813 2595 καὶ
851 2542 1245 2614 ἀπολύτρωσιν,
1290 2544 1552 2616 ἀρχιερέα
1595 2562 1654 2598 τε
1697 2544 1893 2615 μέγαν,

318 2633 418 2687 καὶ
443 2632 657 2703 Πάσχα,
706 2632 1014 2704 ἱλαστήριον
1058 2634 1264 2705 ψυχῶν,
1321 2636 1661 2707 ἀπαύγασμα
1713 2635 1891 2707 δόξης,

316 2727 648 2798 χαρακτῆρα
673 2726 1041 2794 ὑποστάσεως,
1072 2730 1166 2782 καὶ
1188 2728 1413 2801 ποιητήν
1432 2728 1665 2792 αἰώνων,
1699 2729 1895 2801 βρῶμα

318 2819 691 2891 πνευματικὸν
723 2818 817 2873 καὶ
857 2819 1041 2891 πόμα,
1088 2821 1182 2875 καὶ
1218 2821 1445 2893 πέτραν,
1475 2822 1571 2875 καὶ
1602 2820 1765 2893 ὕδωρ,
1808 2821 1897 2875 θε-

321 2908 511 2980 μέλιον
543 2909 797 2976 πίστεως,
830 2909 924 2962 καὶ
967 2909 1167 2978 γωνίας
1210 2911 1469 2982 κεφαλὴν,
1504 2912 1601 2965 καὶ
1637 2910 1772 2965 Θεοῦ
1798 2911 1894 2964 τοῦ

318 3003 553 3110 ἀοράτου
596 3001 817 3110 εἰκόνα,
866 3002 960 3110 καὶ
994 3001 1168 3074 μέγαν
1214 3002 1366 3068 Θεὸν,
1415 3003 1656 3075 κεφαλήν
1704 3020 1764 3056 τε
1795 3001 1888 3056 τοῦ
1918 3045 1967 3110 C

317 3094 418 3165 τῆς
463 3093 790 3164 Ἐκκλησίας
838 3093 1108 3164 σώματος,
1146 3093 1244 3147 καὶ
1277 3093 1379 3163 τῆς
1420 3094 1614 3164 καινῆς
1660 3094 1890 3159 κτίσεως

302 3184 693 3257 δπρωτότοκον,
726 3185 820 3240 καὶ
855 3184 1109 3257 ἀπαρχὴν
1136 3183 1245 3237 τῶν
1279 3185 1714 3256 κεκοιμημένων,
1744 3201 1894 3253 πρω-

319 3277 541 3330 τότοκον
562 3277 627 3329 ἐκ
650 3275 883 3348 νεκρῶν,
913 3276 1007 3330 καὶ
1037 3275 1382 3348 πρωτότοκον
1416 3277 1472 3329 ἐν
1498 3275 1711 3339 πολλοῖς
1741 3275 1894 3329 ἀδελ·-

321 3368 463 3437 φοῖς,
516 3368 611 3420 καὶ
667 3366 892 3438 μεσίτην
935 3365 1073 3420 Θεοῦ
1122 3366 1217 3419 καὶ
1259 3364 1593 3438 ἀνθρώπων,
1640 3366 1734 3420 καὶ
1766 3366 1893 3421 Υίδν

325 3458 589 3529 μονογενῆ
619 3457 745 3529 δόξῃ
769 3458 861 3511 καί¹
897 3459 1029 3529 τιμῇ
1068 3457 1532 3527 ἐστεφανωμένον,
1565 3458 1661 3513 καί⁵
1690 3457 1894 3527 Κύριον

320 3551 421 3621 τῆς
456 3551 639 3622 δόξης.
661 3551 758 3604 καὶ
781 3549 955 3622 ἀρχὴν
982 3549 1092 3603 τῶν
1115 3550 1283 3605 ὄντων
1324 3548 1528 3621 (οὕτως
1564 3549 1734 3604 εἰπὼν
1764 3549 1894 3621 περὶ

320 3643 524 3699 αὐτοῦ’
575 3643 675 3706 ’ος
727 3642 874 3696 ἐστιν
928 3641 1140 3713 ἀρχὴ),
1195 3641 1416 3712 βασιλέα
1458 3659 1518 3695 τε
1550 3642 1894 3714 δικαιοσύνης

320 3737 459 3809 πρὸς
503 3733 747 3798 τούτοις,
793 3732 1016 3804 βασιλέα
1062 3734 1317 3804 εἰρήνης,
1363 3733 1457 3786 καὶ
1505 3732 1730 3803 βασιλέα
1784 3734 1894 3789 τῶν

324 3828 608 3890 ἁπάντων,
649 3825 1057 3897 ἀπερίγραπτον
1117 3823 1305 3893 ἔχοντα
1355 3827 1455 3897 τῆς
1507 3824 1779 3896 βασιλείας
1833 3825 1896 3879 τὸ

320 3918 544 3990 κράτος.
582 3917 692 3971 Καὶ
741 3914 875 3970 ἀλλα
919 3915 1143 3969 τοιαῦτα
1174 3915 1372 3982 πολλὰ,
1418 3910 1491 3970 ὧν
1539 3917 1639 3970 οὐκ
1686 3916 1801 3970 ἔστι
1833 3916 1896 3969 τὸ

320 4008 526 4081 πλῆθος
574 4006 771 4080 ῥαδίως
804 4005 1303 4077 ἐξαριθμήσασθαι·
1357 4008 1500 4079 ἀπερ
1552 4007 1727 4061 πάντα
1771 4024 1895 4061 συνι-

320 4100 547 4154 τεθέντα
592 4098 725 4169 πρὸς
751 4097 974 4166 ἄλληλα,
1011 4098 1110 4168 τῆς
1156 4098 1385 4151 ἑκάστου
1432 4098 1541 4151 τῶν
1592 4097 1894 4168 ἐπωνύμων

317 4191 595 4253 διανοίας,
622 4189 686 4243 τὺ
720 4190 849 4260 παρ’
894 4189 1090 4261 ἑαυτῆς
1124 4190 1205 4252 εἰς
1233 4188 1457 4253 ἔνδειξιν
1500 4187 1595 4242 τοῦ
1630 4206 1896 4260 σημαινο-

323 4283 486 4353 μένου
519 4280 1008 4352 συνεισφερούσης,
1042 4279 1280 4351 έμφασίν
1320 4297 1443 4334 τινα
1471 4280 1571 4350 τῆς
1615 4280 1894 4351 σημασίας

1999 1823 2055 1877 in
2103 1838 2189 1878 me
2239 1824 2480 1893 loquitur
2525 1823 2801 1880 Christus.
2836 1841 2857 1874 ι
2920 1821 3008 1884 Ει,
3063 1838 3083 1872 ι
3125 1819 3259 1874 Vivo
3309 1833 3410 1888 ego
3451 1816 3569 1886 jam

1997 1930 2107 1971 non
2134 1929 2256 1987 ego,
2291 1916 2422 1971 vivit
2462 1923 2644 1971 autem
2683 1914 2738 1969 in
2779 1929 2866 1969 me
2896 1910 3151 1969 Christus
3174 1914 3219 1967 ’.
3258 1931 3279 1965 ι

2068 2183 2167 2240 llic
2195 2182 2358 2254 igitur
2391 2180 2551 2237 nobis
2580 2185 2632 2235 et
2679 2192 2843 2250 quam
2890 2176 2998 2231 vim
3033 2190 3231 2231 nomen
3271 2174 3377 2229 hoc
3407 2173 3567 2229 Chri-

1999 2286 2118 2332 stus
2156 2276 2355 2330 habeat
2388 2270 2685 2344 patefecit,
2730 2284 2856 2325 cum
2887 2268 3096 2323 diceret
3128 2266 3408 2321 Christum
3443 2280 3568 2320 esse

1996 2369 2093 2424 Dei
2127 2369 2385 2422 virtutem
2412 2376 2466 2421 et
2504 2363 2597 2420 Dei
2633 2362 2981 2432 sapientiam,
3015 2374 3251 2429 cumque
3281 2367 3335 2414 et
3376 2371 3567 2429 pacem

1995 2463 2173 2532 ipsum
2207 2459 2517 2514 nominaret
2552 2464 2606 2511 et
2651 2454 2829 2509 lucem
2872 2450 3333 2515 inaccessibilem,
3367 2448 3421 2503 in
3456 2462 3568 2518 qua

1996 2548 2142 2604 Deus
2173 2548 2465 2608 inhabitat.
2495 2545 2883 2615 expiationem,
2918 2550 2972 2598 et
3013 2542 3467 2610 redemptionem,
3511 2546 3567 2595 et

1994 2640 2330 2697 sacerdotem
2370 2653 2652 2709 magnum,
2685 2646 2739 2692 et
2764 2635 2999 2695 Pascha.
3033 2643 3084 2690 et
3120 2635 3567 2705 prapitiationem

1994 2732 2320 2791 animarum,
2341 2728 2685 2799 splendorem
2705 2726 2892 2807 gloriae
2908 2733 2963 2780 et
2982 2724 3204 2796 figuram
3224 2723 3563 2784 substantiae,

1992 2832 2047 2879 et
2071 2821 2380 2877 effectorem
2410 2819 2757 2883 saeculorum,
2786 2818 2967 2872 cibum
3002 2831 3065 2871 ac
3094 2824 3280 2887 potum
3309 2814 3569 2885 spiritua-

1958 2926 1965 2931 ‘
1993 2916 2121 2979 lem,
2151 2922 2358 2983 petram
2380 2918 2433 2967 et
2458 2925 2675 2982 aquam,
2694 2907 3111 2964 fundamentum
3138 2906 3285 2969 ﬁdei,
3311 2904 3565 2973 etangnli

1994 3013 2177 3075 caput,
2200 3012 2254 3058 et
2274 3002 2365 3057 Dei
2384 3000 2675 3057 invisibilis
2698 2999 3009 3069 imaginem,
3029 3006 3083 3053 et
3100 3011 3354 3067 magnum
3375 2994 3564 3059 Deum,

1995 3092 2413 3165 caputcorporis
2429 3091 2705 3155 Ecclesia,
2719 3099 2774 3144 et
2788 3104 2943 3144 novae
2964 3097 3228 3144 creaturae
3242 3085 3567 3157 primogeni-

1993 3195 2131 3249 tum,
2158 3191 2212 3240 et
2235 3183 2505 3255 primitias
2521 3196 2709 3237 eorum
2728 3179 2819 3250 qui
2837 3178 3198 3242 dormierunt,
3227 3183 3281 3232 et
3298 3175 3568 3246 primoge-

1992 3276 2169 3331 nitum
2187 3290 2251 3331 ex
2271 3274 2523 3338 mortuis,
2542 3281 2596 3329 et
2618 3269 3038 3343 primogenitum
3072 3269 3125 3323 in
3157 3266 3344 3321 multis
3376 3264 3566 3319 fratri-

1991 3366 2118 3429 bus,
2138 3375 2192 3422 et
2209 3365 2557 3421 mediatorem
2581 3364 2745 3419 Deiet
2767 3362 3071 3427 hominum,
3093 3368 3147 3415 et
3163 3358 3360 3413 Filium
3379 3355 3568 3428 unige-

1994 3461 2168 3514 nitum
2211 3458 2385 3530 gloria
2430 3464 2484 3513 et
2535 3455 2744 3509 honore
2780 3458 3127 3514 coronatum,
3181 3458 3237 3505 et
3275 3449 3566 3505 Dominum

1994 3552 2200 3624 gloriae,
2229 3559 2283 3606 et
2312 3563 2495 3605 rerum
2537 3545 2889 3617 principium,
2920 3550 2974 3598 et
3006 3557 3185 3613 regem
3217 3541 3465 3611 iustitiae,
3498 3540 3568 3593 ad

1994 3646 2111 3701 haec
2141 3652 2195 3699 et
2234 3656 2415 3711 regem
2448 3641 2624 3709 pacis,
2651 3645 2707 3693 et
2748 3653 2927 3708 regem
2974 3636 3242 3701 omnium,
3276 3632 3566 3703 imperium

1995 3736 2147 3807 regni
2195 3733 2364 3789 nullis
2403 3731 2653 3787 terminis
2687 3731 3169 3799 circumscriptum
3206 3726 3564 3781 obtinentem.

1996 3824 2093 3881 His
2129 3835 2183 3880 et
2228 3823 2353 3878 aliis
2393 3822 2448 3877 id
2488 3837 2662 3892 genus
2715 3819 3033 3875 nominibus
3082 3833 3207 3873 eum
3254 3814 3565 3886 appellavit,

1994 3932 2117 3987 quae
2156 3924 2265 3969 tam
2302 3915 2473 3968 multa
2517 3918 2646 3967 sunt
2675 3921 2736 3967 ut
2777 3926 2889 3982 prae
2919 3907 3266 3964 multitudine
3307 3904 3449 3960 haud
3482 3903 3567 3958 fa-

1994 4008 2100 4063 cile
2143 4020 2373 4061 numero
2425 4001 2816 4074 comprehendi
2868 3999 3102 4070 possint.
3160 3998 3291 4064 Qua:
3344 3994 3566 4065 quidem

1995 4100 2177 4155 omnia
2206 4099 2251 4154 si
2288 4099 2428 4153 inter
2457 4111 2516 4151 se
2539 4102 2958 4164 componantur,
2990 4100 3045 4147 et
3076 4090 3416 4161 singulorum
3450 4086 3565 4141 col-

1994 4193 2234 4262 ligantur
2291 4186 2759 4259 signillcationes,
2817 4183 3121 4238 mirabilem
3183 4180 3342 4235 nobis
3402 4180 3566 4247 hujus

1997 4281 2238 4336 nominis
2279 4278 2483 4333 Christi
2518 4277 2627 4331 vim
2665 4275 2935 4346 aperient,
2988 4279 3042 4328 et
3073 4270 3375 4340 majestatis
3418 4269 3566 4322 illius

318 4374 412 4428 τοῦ
463 4373 610 4429 κατά
670 4373 904 4444 Χριστὸν
960 4373 1222 4443 ὀνόματος
1271 4374 1404 4443 ἡμῖν
1459 4373 1711 4442 ἐμποιεῖ,
1771 4374 1894 4427 ὅσον

1998 4389 2119 4445 quae
2163 4372 2346 4429 verbis
2395 4369 2658 4441 explicari
2722 4369 2936 4437 nequit,
2988 4374 3199 4420 tantum
3252 4360 3566 4426 ostendent,

316 4466 608 4537 χωροῦμεν
656 4465 723 4535 τῇ
775 4464 919 4535 ψυχῇ
968 4464 1327 4534 κατανοῆσαι,
1379 4461 1632 4518 τοσοῦτον
1678 4462 1747 4516 τά
1795 4463 1894 4530 τῆς

318 4559 605 4631 ἀφράστου
637 4555 1051 4627 μεγαλειότητος
1084 4556 1211 4625 ἡμῖν
1254 4553 1657 4624 ἐνδεικνύμενα.
1674 4553 1893 4625 Ἐπειδὴ

317 4652 500 4705 τοίνυν
530 4648 715 4719 πάσης
763 4646 919 4711 ἀξίας
955 4662 1015 4699 τε
1049 4646 1141 4699 καὶ
1183 4644 1430 4709 ἐξουσίας
1461 4645 1555 4699 καὶ
1580 4643 1895 4707 δυναστείας

320 4744 639 4814 ὑπέρκειται
677 4739 741 4793 τὸ
773 4739 872 4809 τῆς
913 4737 1183 4809 βασιλείας
1208 4736 1444 4806 ἀξίωμα,
1473 4738 1540 4808 τῇ
1565 4735 1622 4790 δὲ
1647 4736 1739 4789 τοῦ
1763 4737 1898 4808 Χρι-

322 4831 448 4886 στοῦ
494 4826 840 4901 προσηγορίᾳ
873 4826 1076 4897 κυρίως
1114 4825 1207 4879 καὶ
1251 4824 1480 4896 πρώτως
1521 4824 1583 4877 τὸ
1623 4823 1897 4893 βασιλικὸν

318 4921 740 4991 διασημαίνεται
791 4917 991 4990 κράτος
1034 4918 1363 4986 (προηγεῖτο
1414 4915 1552 4986 γὰρ,
1608 4915 1790 4978 καθὼς
1837 4917 1896 4969 ἐν

320 5015 437 5074 ταῖς
485 5010 750 5080 ίστορίαις
791 5008 1088 5079 ἐμάθομεν,
1136 5006 1237 5076 τῆς
1289 5006 1562 5076 βασιλείας
1603 5009 1637 5075 ἡ
1674 5005 1898 5076 χρίσις).

321 5105 386 5171 τῇ
413 5102 472 5155 δὲ
509 5099 760 5173 βασιλείᾳ
786 5100 936 5153 πᾶσα
959 5099 992 5167 ἡ
1024 5097 1132 5150 τῶν
1161 5096 1361 5149 λοιπῶν
1395 5096 1780 5167 ἐμπεριέχεται
1804 5095 1896 5149 δύ-

323 5211 483 5263 ναμις
501 5232 517 5256 ,
547 5192 743 5247 τούτου
769 5190 929 5262 χάριν
960 5191 989 5242 ό
1021 5189 1090 5243 τά
1123 5188 1484 5259 περιεχόμενα
1515 5189 1856 5260 κατανοήσας
1877 5228 1894 5254 ,

323 5283 416 5336 καὶ
448 5284 551 5353 τὴν
593 5280 948 5352 περιεκτικὴν
973 5278 1084 5331 τῶν
1125 5279 1264 5333 κατά
1300 5279 1462 5350 μέρος
1493 5280 1894 5351 συγκατενόησε

324 5372 567 5444 δύναμιν.
608 5370 758 5441 Αὕτη
792 5370 850 5424 δέ
892 5372 1039 5424 ἐστιν
1077 5372 1109 5438 ὴ
1143 5369 1419 5440 βασιλεία,
1468 5365 1537 5443 ἦς
1567 5372 1894 5425 ἐνδεικτικὸν

326 5462 491 5534 ὄνομα
533 5465 570 5533 ἡ
605 5461 699 5528 τοῦ
739 5458 974 5533 Χριστοῦ
1020 5460 1209 5530 κλῆσις
1254 5461 1420 5517 ἐστιν.
1456 5461 1664 5517 Οὐκοῦν
1706 5460 1894 5534 ἐπειδὴ

398 5638 483 5692 ιιι
514 5636 646 5694 Cor.
691 5651 810 5703 xm,
840 5636 894 5691 5.
989 5639 1009 5669 ²
1043 5634 1215 5691 Calat.
1249 5649 1310 5697 ιι,
1333 5633 1422 5689 9ζο.

1998 4474 2262 4537 quantum
2299 4463 2500 4518 animis
2538 4470 2593 4517 et
2620 4460 2951 4532 cogitatione
2989 4471 3185 4527 capere
3212 4452 3564 4508 valuerimus.

1998 4556 2225 4622 Verum,
2287 4553 2546 4625 quoniam
2592 4551 2741 4606 omni
2784 4549 3054 4620 dignitati,
3104 4553 3157 4600 et
3196 4542 3470 4615 potentiae,
3516 4550 3566 4596 et

1998 4646 2329 4718 principatui
2377 4644 2526 4713 regia
2559 4641 2819 4711 praecellit
2855 4636 3177 4707 amplitudo,
3228 4632 3431 4688 Christi
3472 4645 3563 4682 an-

2001 4750 2106 4794 tem
2137 4737 2360 4792 nomine
2390 4735 2600 4804 regium
2630 4731 2974 4802 significatur
3006 4725 3294 4795 imperium
3333 4728 3478 4791 (nam
3511 4726 3565 4772 ut

2000 4845 2068 4886 ex
2105 4826 2454 4883 historiarum
2499 4823 2655 4878 libris
2700 4821 3026 4883 didicimus,
3063 4816 3217 4886 prius
3258 4820 3563 4883 unguntur,

1999 4921 2094 4992 qui
2129 4918 2299 4975 futuri
2356 4924 2485 4973 sunt
2527 4914 2749 4985 reges),
2789 4924 2957 4982 regno
3002 4915 3182 4963 autem
3230 4904 3410 4959 omnis
3443 4902 3565 4955 reliv

2001 5027 2233 5083 quorum
2266 5009 2548 5064 nominum
2578 5007 2666 5061 vis
2700 5005 3048 5064 continetur;
3092 5012 3159 5053 eo
3190 4997 3245 5051 ﬁt
3293 5004 3350 5050 ut
3379 4995 3470 5062 qui
3503 5006 3560 5045 ea

2000 5118 2122 5173 quae
2152 5098 2685 5169 comprehenduntur
2725 5092 3030 5165 cognoscit.
3065 5090 3226 5146 simul
3268 5088 3432 5140 etiam
3467 5085 3559 5137 illa

2000 5194 2450 5259 complectentem
2500 5186 2767 5254 intelligat
2808 5189 3151 5254 potestatem.
3218 5180 3331 5232 lloc
3384 5184 3564 5228 autem

2000 5297 2227 5352 regnum
2264 5290 2366 5343 est,
2406 5278 2553 5349 quod
2595 5277 2816 5347 quidem
2856 5288 3082 5344 regnum
3135 5269 3338 5325 Christi
3382 5265 3568 5336 appel-

2003 5377 2205 5431 latione
2235 5372 2527 5427 indicatur;
2560 5367 2923 5434 Quamobrem
2959 5379 3084 5418 cum
3122 5361 3363 5418 omnium
3392 5356 3566 5410 maxi-

2001 5479 2149 5521 mum
2182 5472 2237 5521 et
2267 5460 2690 5525 divinissimum,
2736 5463 2793 5514 et
2832 5455 3084 5528 primum,
3111 5466 3309 5509 nomen
3352 5445 3567 5503 Domini
