4034 6132
477 260 595 325 ’253

1748 290 1802 345 S.
1840 291 2169 349 GREGORH
2208 293 2510 350 NYSSENI‘

3624 295 3724 348 230

488 397 663 450 nostri
697 397 910 457 bonitas
942 405 1097 458 nobis
1125 404 1500 474 impertivcrit,
1535 419 1592 463 ut
1617 410 1817 468 Christi
1847 431 2032 485 eogno

2152 417 2244 470 τοῦ
2279 417 2533 488 μεγίστου
2572 433 2629 469 τε
2669 416 2761 469 καὶ
2792 415 3067 468 θειοτάτου
3096 416 3189 470 καὶ
3234 414 3451 485 πρώτου
3482 414 3592 468 τῶν
3616 416 3727 468 ὀνο-

489 485 636 540 miue
684 488 924 544 decorati
975 494 1307 560 appellemnr
1337 496 1656 565 Christiani,
1694 518 1922 558 necesse
1968 516 2053 560 est

490 585 550 629 ut
576 581 758 632 omnia
792 581 1029 643 nomina,
1062 600 1182 652 qme
1209 601 1395 642 vocem
1425 590 1566 645 hanc
1598 593 2049 662 interpretantur,

489 666 541 719 ir.
597 669 753 723 nobis
802 671 927 724 item
1002 678 1412 745 conspiciantur
1458 697 1737 751 expressa,
1792 702 1860 740 ne
1912 686 2051 742 falso

487 760 665 812 vocati
711 760 1007 817 Christiani
1053 767 1358 835 videamur,
1405 773 1497 827 sed
1557 791 1623 829 ex
1663 777 1771 829 vita
1803 778 2051 832 testimo-

488 850 636 901 nium
678 851 992 911 habeamus.
1043 857 1227 927 Neque
1275 864 1417 915 enim
1452 880 1516 918 ex
1552 867 1913 935 appellatione
1960 885 2056 922 res

489 940 644 1007 ﬁunt,
682 944 774 997 sed
806 961 992 1001 earum
1023 952 1267 1019 subjecta
1313 964 1528 1019 natura,
1557 954 1896 1026 quacunque
1916 968 2051 1044 ~tan-

484 1032 605 1084 dem
638 1034 728 1088 illa
759 1037 848 1097 sit.
884 1040 992 1107 apti
1020 1045 1255 1098 nominis
1289 1047 1683 1115 signiﬁcatione
1717 1032 2046 1104 declaratur.

486 1121 729 1193 Exempli
760 1130 958 1196 gratia,
1009 1132 1053 1187 si
1097 1135 1299 1200 arbori,
1333 1147 1426 1190 aut
1475 1147 1640 1207 patrm
1686 1140 1924 1195 hominis
1954 1158 2047 1194 vo—

486 1215 740 1269 cabulum
793 1219 1118 1285 tribuamus,
1157 1225 1349 1278 ideone
1389 1229 1595 1295 planta,
1634 1237 1727 1282 aut
1778 1230 1917 1299 lapis
1947 1233 2050 1285 erit

487 1303 692 1359 homo?
748 1306 967 1363 Minime
1020 1327 1182 1379 vero;
1240 1315 1331 1368 sed
1387 1325 1600 1385 oportet
1656 1328 1714 1372 ut
1767 1320 1926 1373 homo
1980 1323 2050 1375 sit

483 1394 658 1462 prius,
708 1396 903 1454 deinde
944 1416 1181 1473 congrua
1221 1405 1393 1473 ipsius
1443 1419 1649 1463 natura:
1689 1412 2049 1480 appellatione

482 1486 794 1542 nominetur
826 1508 838 1542 :
865 1505 928 1545 ac
960 1508 1027 1547 ne
1071 1494 1179 1549 illis
1211 1497 1450 1564 quidem,
1483 1516 1602 1569 qua:
1633 1502 2046 1556 similitmlinem

482 1576 719 1646 aliquam
779 1579 981 1635 habent
1041 1585 1182 1639 inter
1236 1604 1315 1651 se,
1380 1588 1518 1642 idem
1572 1606 1767 1644 nomen
1831 1596 2051 1661 proprie

480 1666 755 1730 convenit,
797 1676 855 1720 ut
893 1669 937 1724 si
989 1674 1113 1741 quis
1142 1684 1378 1729 statuam
1416 1678 1685 1732 hominem
1741 1682 1906 1741 dicat.
1954 1692 2045 1736 aut

2158 509 2342 577 μάτων
2382 508 2573 577 γέγονε
2597 511 2746 578 παρα
2771 507 2865 560 τοῦ
2905 506 3108 575 ἀγαθοῦ
3146 507 3417 559 Δεσπότου
3454 508 3585 577 ἡμῖν
3615 524 3726 559 κοι-

2154 599 2339 661 νωνία,
2385 598 2526 651 ὥστε
2552 600 2674 661 τοὺς
2706 601 2796 685 τῇ,
2815 598 3099 670 ἐπωνυμία
3137 597 3232 651 τοῦ
3274 598 3509 670 Χριστοῦ
3559 615 3724 668 τιμητ

2155 689 2345 751 θέντας
2371 690 2727 760 Χριστιανοὺς
2760 689 3157 761 ὀνομάζεσθαι·
3191 689 3487 756 ἀναγκαῖον
3514 686 3579 741 ἂν
3616 688 3724 755 εἴη,

2155 781 2330 833 πάντα
2356 781 2424 833 τὰ
2457 782 2826 852 ὲρμηνευτικὰ
2854 781 2956 850 τῆς
2986 780 3240 849 τοιαύτης
3275 779 3459 848 φωνῆς
3485 778 3727 849 ὀνόματα

2154 872 2248 923 καὶ
2294 874 2348 923 ἐν
2399 874 2529 943 ἡμῖν
2582 871 2950 943 καθορᾶσθαι,
2998 872 3072 934 ὡς
3118 871 3192 941 μὴ
3242 870 3592 939 ψευδώνυμον
3640 870 3727 936 ἐφ’

2155 964 2285 1033 ἡμῖν
2315 960 2454 1016 εἶναι
2497 964 2595 1032 τὴν
2631 964 2840 1033 κλῆσιν,
2875 963 2988 1016 ἀλλ’
3020 963 3083 1015 ἐκ
3109 963 3202 1015 τοῦ
3227 961 3343 1030 βίου
3381 960 3479 1031 τὴν
3520 976 3725 1029 μαρτυ-

2158 1055 2277 1124 ρίαν
2306 1053 2465 1123 ἔχειν.
2503 1054 2576 1107 Οὐ
2598 1054 2705 1123 γὰρ
2732 1055 2796 1105 ἐκ
2822 1052 2914 1105 τοῦ
2946 1052 3227 1106 καλεῖσθαί
3252 1070 3303 1104 τι
3326 1052 3386 1103 τὸ
3417 1047 3558 1104 εἶναι
3581 1050 3725 1117 γίνε-

2152 1160 2239 1199 ται
2259 1161 2272 1173 ·
2309 1144 2423 1197 ἀλλ’
2450 1146 2483 1214 ἡ
2527 1143 2857 1213 ὑποκειμένη
2898 1143 3078 1211 φύσις,
3106 1143 3192 1195 οἵα
3220 1142 3263 1194 δ’
3296 1140 3363 1194 ἂν
3394 1136 3528 1194 οὖσα
3554 1140 3722 1212 τύχῃ,

2151 1234 2239 1288 διὰ
2277 1237 2382 1303 τῆς
2422 1232 2733 1304 προσφυοῦς
2764 1233 2857 1286 τοῦ
2911 1235 3170 1303 ὀνόματος
3202 1232 3477 1301 σημασίας
3526 1232 3724 1301 γνωρίο

2153 1324 2322 1388 ςεται.
2360 1321 2483 1378 Οἷόν
2517 1342 2569 1376 τι
2608 1325 2771 1394 λέγω
2812 1327 2873 1378 Εἰ
2920 1324 3117 1396 δένδρῳ
3157 1341 3241 1386 τις
3270 1323 3301 1394 ἦ
3335 1323 3509 1393 πέτρα
3554 1340 3722 1393 προσ-

2151 1414 2379 1485 ηγορίαν
2416 1414 2702 1485 ἀνθρώπου
2749 1415 3062 1486 χαρίσαιτο,
3092 1410 3201 1485 ἆρα
3247 1412 3529 1483 ἄνθρωπος
3573 1411 3723 1465 ἔσται

2150 1507 2237 1559 διὰ
2289 1506 2387 1577 τὴν
2429 1508 2638 1576 κλῆσιν,
2689 1508 2721 1578 ἢ
2773 1508 2833 1560 τὸ
2867 1506 3050 1576 φυτὸν,
3083 1506 3115 1577 ἢ
3148 1508 3175 1559 ὁ
3210 1504 3388 1572 λίθος;
3434 1505 3546 1557 Οὐκ
3606 1503 3721 1557 ἔστι

2150 1598 2321 1652 ταῦτα
2341 1616 2353 1628 ·
2381 1598 2516 1655 ἀλλὰ
2541 1598 2644 1670 χρὴ
2677 1597 2892 1669 πρῶτον
2923 1591 3064 1649 εἶναι
3088 1595 3391 1666 ἄνθρωπον,
3422 1590 3520 1647 εἷθ’
3553 1594 3721 1658 οὕτως

2150 1687 2509 1759 ὀνομασθῆναι
2542 1691 2609 1758 τῇ
2657 1686 2995 1758 προσηγορίᾳ
3040 1686 3137 1754 τῆς
3171 1684 3403 1753 φύσεως.
3452 1683 3583 1736 Οὐδὲ
3616 1687 3720 1753 γὰρ

479 1767 701 1822 equum,
740 1758 887 1815 illius
936 1762 1243 1831 imaginem,
1282 1767 1374 1821 sed
1417 1777 1474 1822 ut
1504 1770 1704 1838 aliquid
1741 1776 1959 1843 proprie
1991 1784 2032 1827 el

2146 1758 2379 1829 ἐπὶτῶν
2428 1779 2785 1847 ὁμοιωμάτων
2829 1777 2884 1829 αἱ
2926 1774 3146 1843 κλήσεις
3186 1773 3368 1843 ἔχουσι
3411 1773 3471 1826 τὸ
3514 1771 3719 1840 κύριον,

480 1854 607 1894 vere
652 1856 1036 1915 nuncupetur,
1100 1868 1414 1921 germanam
1467 1859 1691 1911 omnino
1733 1862 2032 1928 appellatio-

482 1944 600 1965 nam
653 1944 841 1965 nnc..-“
880 1938 1271 1965 .l-..----...-|.2.
1344 1946 1399 1965 us
1466 1964 1493 1965 η
1524 1949 1535 1959 -
1560 1947 1573 1965 ι
1701 1958 1712 1965 .
1994 1953 2004 1963 .

2144 1869 2221 1932 ὡς
2256 1868 2417 1933 εἴτις
2465 1868 2747 1939 ἄνθρωπον
2796 1868 2943 1936 λέγει
2975 1866 3069 1920 τὸν
3114 1866 3441 1937 ἀνδριάντα,
3479 1863 3512 1933 ἦ
3554 1865 3720 1965 ἵππον

477 1944 600 1986 nem
653 1944 843 1990 natura
877 1938 1293 1998 demonstrabit.
1344 1946 1399 1998 Si
1443 1947 1574 2016 quid
1625 1958 1812 2003 autem
1855 1966 1944 2005 ars
1994 1953 2027 2006 ἱι

2146 1959 2206 2011 τὸ
2238 1958 2497 2030 μίμημα’
2537 1938 2649 2012 ἀλλ’
2693 1962 2739 2011 εξ
2771 1959 2953 2029 μέλλοι
2995 1976 3047 2011 τι
3098 1958 3302 2029 κυρίως
3342 1956 3435 2009 καὶ
3477 1954 3719 2023 ἀψευδιῦς

475 2038 605 2090 mre,
655 2036 748 2081 aut
806 2046 1101 2097 marmore,
1161 2046 1254 2090 aut
1304 2038 1411 2092 alio
1470 2040 1740 2108 ejusmodi
1801 2044 2048 2113 subjecto

476 2111 797 2184 imitabitur,
827 2122 880 2176 id
910 2123 1084 2192 ipsius
1116 2129 1355 2183 materia:
1381 2146 1577 2186 nomen
1617 2133 1905 2188 obtinebit:

2145 2050 2525 2120 ὀνομάζεσθαι,
2561 2050 2731 2121 ἁληθῆ
2758 2050 2919 2116 δείξει
2965 2051 3183 2113 πάντως
3210 2050 3308 2120 τὴν
3350 2046 3723 2120 προσηγορίαν

2148 2142 2181 2210 ἡ
2210 2141 2389 2209 φύσις.
2443 2142 2506 2195 Ἤ
2534 2144 2591 2196 δὲ
2632 2144 2999 2214 ἁναδεξαμένη
3029 2142 3124 2214 τὴν
3157 2143 3388 2213 μίμησιν
3417 2140 3544 2210 ὕλη,
3586 2139 3727 2207 ὅπερ

475 2203 543 2258 ἂν
566 2203 699 2261 οὖσα
720 2211 877 2284 τύχῃ,
900 2214 1057 2269 τοῦτο
1085 2218 1177 2270 καὶ
1204 2218 1545 2290 ὀνομάζεται,
1571 2223 1791 2293 χαλκὸς,
1817 2225 1850 2296 ἧ
1875 2225 2045 2291 λίθος,
2081 2230 2114 2301 ἥ
2148 2203 2199 2285 τι
2223 2203 2467 2288 ’τοιοῦτον
2499 2235 2705 2307 ἓτερον.
2740 2229 2784 2304 ᾧ
2806 2203 3095 2288 ’έὲτέεάλεᾴ
3219 2233 3381 2305 τέχνη
3447 2231 3512 2284 τὸ
3585 2225 3720 2290 εἶδος

474 2297 610 2366 πρὸς
635 2299 695 2352 τὸ
715 2301 902 2356 δοκοῦν
934 2312 1337 2378 σχηματίσασα.

450 2453 459 2463 θ
543 2386 888 2460 Quapropter
915 2398 1009 2466 qui
1033 2415 1093 2454 se
1118 2402 1401 2457 nominant
1419 2402 1783 2472 Christianos,
1813 2410 1866 2462 id
1892 2412 2043 2480 prius

472 2487 684 2547 oportet
730 2492 790 2538 ut
827 2486 956 2552 sint,
984 2491 1129 2559 quod
1172 2494 1337 2563 exigit
1376 2495 1553 2564 ipsum
1594 2514 1812 2566 nomen,
1845 2503 2041 2557 deinde

472 2582 590 2623 eam
619 2571 720 2628 sibi
748 2578 1164 2646 appellationem
1198 2587 1632 2644 accommodent.
1675 2591 1753 2645 Ac
1785 2593 2042 2661 quemad-

472 2661 691 2716 modum
742 2667 787 2720 si
820 2671 944 2736 quis
992 2687 1182 2727 verum
1217 2675 1489 2734 hominem
1528 2681 1599 2734 ab
1630 2682 1850 2739 homine
1891 2686 2039 2739 scul-

471 2757 566 2818 pto
596 2753 724 2807 velit
762 2757 1070 2829 sejungere,
1107 2781 1170 2818 ex
1203 2767 1490 2836 utriusque
1524 2772 1948 2840 proprietatibus
1982 2776 2034 2828 id

2218 2410 2426 2465 Οὐκοῦν
2458 2412 2584 2474 τοὺς
2610 2412 2717 2465 ἀπὸ
2750 2412 2843 2465 τοῦ
2891 2411 3127 2483 Χριστοῦ
3161 2412 3384 2476 ἑαυτοὺς
3428 2414 3719 2484 ὀνομάζον-

2148 2520 2266 2566 τας,
2305 2504 2515 2575 πρῶτον
2553 2504 2802 2572 γενέσθαι
2831 2503 2935 2574 χρὴ
2967 2506 3103 2575 ὅπερ
3142 2504 3211 2556 τὺ-
3244 2503 3416 2575 ὄνομα
3447 2503 3715 2572 βούλεται,

2147 2590 2247 2646 εἶθ’
2267 2594 2438 2658 οὕτως
2462 2596 2673 2657 ἑαυτοῖς
2699 2596 3002 2666 ἐφαρμόσαι
3033 2594 3131 2666 τὴν
3161 2594 3367 2666 κλῆσιν.
3396 2596 3506 2649 Καὶ
3529 2595 3722 2668 ὥσπερ

2146 2686 2200 2738 εί
2222 2704 2303 2749 τις
2329 2686 2591 2757 διακρίνοι
2614 2686 2721 2739 ἀπὸ
2755 2686 2847 2740 τοῦ
2883 2687 3033 2750 ὄντος
3065 2686 3352 2758 ἀνθρώπου
3384 2687 3473 2740 τὸν
3504 2690 3716 2758 ὁμωνύ-

2148 2797 2261 2849 μως
2305 2779 2398 2833 ἐπὶ¹
2427 2781 2527 2849 τῆς
2571 2781 2776 2843 εἰκόνος
2822 2781 3130 2852 λεγόμενον,
3164 2781 3227 2833 ὲκ
3271 2782 3377 2834 τῶν
3410 2781 3714 2852 ἰδιωμάτων

470 2838 658 2904 faciet,
717 2844 946 2901 alterum
992 2865 1247 2908 asserens
1294 2858 1495 2911 animal
1548 2862 1816 2918 rationale
1874 2875 2032 2934 atque

470 2930 673 2953 ρ--.1ε-ε-
725 2950 748 2953 ._
796 2952 821 2953 ,,
852 2937 908 2953 ιι-
1111 2943 1144 2953 ι-

2142 2838 2425 2938 ποιησεται
2585 2838 2855 2943 διάκρισιν
3012 2838 3258 2943 μὲνγὰρ
3300 2872 3438 2937 ζῶον
3491 2838 3716 2941 λογικὸν

465 2930 679 2999 judicio
723 2937 1029 3007 praeditum,
1075 2943 1305 2998 alterum
1351 2963 1481 3003 vero
1523 2957 1805 3008 materiam
1856 2956 2032 3013 inani-

2138 2930 2470 3030 διανοητικδν
2510 2930 2762 3029 ονομάσει
2780 3003 2796 3028 ,
2830 2930 2902 3014 τὸῑ
2928 2960 2984 3014 δὲ
3011 2930 3196 3032 ἕτερον
3228 2930 3367 3032 ’ὓλην
3394 2930 3598 3032 ἄψυχον
3620 2963 3717 3017 διὰ

470 3032 693 3087 matam,
719 3041 840 3095 quae
866 3028 1167 3088 imitatione
1192 3033 1421 3090 formam
1463 3041 1699 3098 induerit
1726 3063 1739 3098 :
1766 3046 1846 3101 sic
1871 3050 2034 3104 etiam

468 3129 597 3168 vere
644 3116 1019 3175 Christianum
1065 3123 1341 3181 hominem
1391 3130 1459 3182 ab
1493 3146 1558 3185 eo
1588 3134 1679 3202 qui
1733 3135 2035 3194 Christiani

469 3209 680 3257 tantum
710 3207 944 3275 speciem
980 3210 1162 3271 habet.
1194 3230 1258 3269 ex
1289 3220 1509 3288 propria
1541 3223 1830 3295 utriusque
1862 3228 2035 3284 forma

468 3293 890 3367 distinguemus.
931 3300 1058 3360 Veri
1109 3304 1403 3364 Christiani
1453 3310 1682 3369 formam
1726 3293 2038 3388 exprimunt

467 3384 560 3439 illa
589 3388 799 3455 omnia,
828 3407 949 3461 quae
980 3395 1047 3451 de
1089 3395 1309 3453 Christo
1339 3409 1911 3466 commemoravimus.
1958 3411 2032 3467 Ex

466 3477 665 3543 quibus
713 3495 798 3550 ea,
829 3499 951 3554 quae
983 3501 1179 3557 capere
1207 3505 1524 3560 possumus,
1559 3496 1836 3555 imitamur
1870 3524 1883 3558 :
1915 3520 2041 3573 qua:

463 3582 593 3622 vero
637 3568 691 3623 in
731 3581 985 3631 naturam
1032 3588 1281 3636 nostram
1315 3585 1382 3639 ad
1424 3585 1744 3644 imitandum
1780 3608 1889 3648 non
1942 3612 2035 3651 ca-

461 3656 619 3723 dunt,
664 3676 727 3716 ea
753 3679 1083 3723 veneramur
1128 3682 1183 3725 et
1234 3675 1491 3732 colimus.
1542 3679 1931 3749 Quamobrem,
1975 3698 2033 3743 ut

461 3750 662 3818 aliquis
707 3755 778 3809 sit
808 3758 1083 3825 perfectus
1125 3762 1289 3818 homo
1322 3765 1434 3833 Dei,
1489 3778 1547 3821 ut
1579 3770 1757 3840 inquit
1799 3775 2032 3844 Aposto-

460 3839 546 3894 lus
571 3840 611 3905 ³,
651 3843 802 3897 nullo
840 3847 1002 3900 modo
1034 3864 1130 3918 per
1178 3853 1439 3907 malitiam
1483 3839 1872 3925 perfectionem
1927 3867 2030 3919 im-

460 3930 730 3997 minuens,
784 3947 1015 4002 oportet,
1073 3947 1130 3992 ut
1157 3943 1341 3996 omnia
1390 3948 1634 4013 nomina,
1668 3966 1791 4020 quae
1824 3953 2029 4011 Christi

459 4019 908 4090 signiﬁcationem
936 4030 1234 4099 explicant,
1272 4034 1323 4089 in
1363 4037 1485 4106 ejus
1524 4040 1634 4095 vita
1671 4019 1871 4113 partim
1900 4048 2029 4103 imi-

457 4111 684 4177 latione,
726 4117 924 4183 partim
977 4123 1328 4182 veneratione
1377 4111 1705 4189 colluceant.
1753 4136 2029 4203 Quemad-

2142 3052 2423 3121 μιμήσεως
2453 3051 2789 3104 ύπελθοῦσαν
2825 3051 2887 3104 τὸ
2925 3048 3114 3119 εἷδος)·
3155 3051 3295 3105 οὕτω
3319 3053 3412 3105 καὶ
3450 3052 3540 3106 τὸν
3572 3055 3712 3125 Χρι-

2142 3141 2375 3203 στιανὸν,
2420 3143 2515 3196 τόν
2551 3160 2609 3196 τε
2643 3143 2855 3214 ἀληθῶς
2883 3143 3010 3196 ὄντα
3046 3144 3138 3196 καὶ
3168 3143 3256 3196 τὸν
3293 3144 3572 3206 δοκοῦντα,
3617 3145 3709 3200 διὰ

2136 3232 2245 3286 τῶν
2305 3235 2737 3305 ἐπιφαινομένων
2796 3236 2908 3299 τοῖς
2964 3236 3340 3306 χαρακτῆρσιν
3401 3236 3709 3305 ἰδιωμάτων

2138 3325 2565 3396 ὲπιγνωσόμεθα.
2597 3327 2955 3398 Χαρακτῆρες
2984 3327 3041 3379 δὲ
3068 3326 3161 3379 τοῦ
3189 3327 3357 3391 ὅντως
3383 3327 3709 3398 Χριστιανοῦ

2136 3415 2311 3468 πάντα
2334 3417 2557 3470 κάκεῖνά
2573 3418 2739 3478 ἐστιν,
2756 3417 2858 3470 ὅσα
2875 3434 2941 3470 πε
2951 3418 3002 3489 pi.
3024 3417 3114 3471 τὸν
3134 3419 3364 3487 Χριστὸν
3383 3420 3503 3488 ένοή
3513 3436 3707 3490 σαμεν.

2135 3500 2235 3560 ’Ὧν
2269 3508 2370 3560 ὅσα
2403 3507 2500 3578 μὲν
2520 3507 2826 3580 χωροῦμεν,
2868 3509 3178 3580 μιμούμεθα
3198 3526 3209 3538 ·
3240 3510 3342 3563 ὅσα
3368 3510 3425 3564 δὲ
3450 3511 3510 3565 ού
3542 3513 3711 3583 χωρεῖ

2133 3601 2167 3670 ἡ
2196 3599 2355 3668 φύσις
2401 3599 2537 3670 πρὸς
2572 3599 2820 3670 μίμησιν,
2854 3599 3123 3670 σεϐόμεθά
3152 3618 3211 3653 τε
3242 3601 3336 3654 καὶ
3365 3602 3709 3672 προσκυνοῦο

2137 3707 2255 3760 μεν.
2293 3689 2499 3744 Οὐκοῦν
2527 3689 2704 3742 πάντα
2727 3688 2797 3741 τὰ
2823 3689 3190 3759 ὲρμηνευτικὰ
3215 3691 3314 3760 τῆς
3341 3689 3434 3743 τοῦ
3462 3689 3705 3761 Χριστοῦ

2135 3782 2407 3851 σημασίας
2453 3781 2689 3849 ὀνόματα
2733 3780 3063 3852 ὲπιλάμπειν
3110 3780 3216 3850 χρὴ
3264 3781 3341 3852 τῷ
3390 3782 3713 3852 Χριστιανῷ

2133 3871 2261 3942 βίῳ,
2290 3872 2359 3926 τὰ
2392 3872 2490 3941 μὲν
2519 3871 2609 3925 διὰ
2638 3872 2941 3942 μιμήσεως,
2976 3871 3045 3924 τά
3072 3872 3128 3924 δὲ
3148 3872 3235 3926 διὰ
3262 3875 3703 3944 προσκυνήσεως,

2130 3963 2179 4015 εί
2216 3961 2397 4032 μέλλοι
2424 3962 2607 4034 ἄρτιος
2655 3959 2790 4016 εἶναι
2822 3965 2852 4016 6
2881 3962 2975 4016 τοῦ
3006 3962 3141 4016 Θεοῦ
3179 3962 3486 4035 ἄνθρωπος,
3518 3964 3706 4029 καθώς

2131 4069 2293 4122 φησιν
2331 4054 2360 4105 6
2400 4051 2734 4117 Ἀπόστολος,
2764 4052 3013 4123 μηδαμοῦ
3043 4053 3132 4106 διὰ
3160 4054 3260 4124 τῆς
3289 4054 3487 4117 κακίας
3513 4055 3705 4125 ἀκρω-

2129 4144 2400 4215 τηριάζων
2426 4143 2523 4214 τὴν
2542 4144 2856 4214 ἀρτιότητα.
2888 4143 3095 4213 ’Ὥσπερ
3117 4144 3224 4214 γὰρ
3256 4147 3303 4197 οἱ
3333 4145 3432 4208 τὰς
3462 4144 3703 4215 μυθικὰς

456 4204 675 4259 modum
706 4208 849 4261 enim
894 4211 984 4279 qui
1021 4219 1394 4276 commentitia
1438 4221 1743 4281 fabularum
1779 4240 2023 4286 monstra

2135 4204 2409 4301 τερατείας
2436 4204 2593 4300 ἦδιᾶι¹
2606 4231 2714 4284 τῶν
2738 4204 2911 4300 λόγων
2938 4231 2971 4302 ἦ
3005 4204 3093 4286 διά
3237 4204 3515 4304 γραφικῆς
3537 4235 3703 4289 πλάσο

453 4295 539 4349 vel
579 4298 827 4354 oratione
880 4303 964 4357 vel
1014 4305 1228 4374 pictura
1274 4311 1631 4381 contingunt,
1686 4317 2022 4389 bucephalos

451 4385 743 4454 quosdam,
777 4399 871 4445 aut
898 4393 1376 4464 hippocentauros,
1424 4413 1517 4457 aut
1542 4385 1896 4477 anguipedes,
1928 4422 2023 4465 aut

449 4477 729 4548 quidpiam
760 4482 906 4537 aliud
934 4499 998 4539 ex
1024 4485 1261 4543 diversis
1283 4493 1576 4561 generibus
1604 4511 2018 4569 componentes,

449 4584 558 4623 non
616 4572 687 4625 ad
749 4576 1032 4645 exemplar
1084 4588 1295 4636 naturze
1327 4583 1575 4653 dirigunt
1632 4589 2014 4662 imitationem,

447 4657 542 4712 sed
570 4675 827 4728 perversa
859 4663 949 4717 illa
975 4665 1287 4724 inventione
1315 4679 1567 4727 naturam
1594 4686 2012 4746 praztereuntes,

447 4764 554 4802 non
580 4749 878 4821 hominem,
905 4757 998 4811 sed
1028 4757 1175 4813 aliud
1202 4761 1460 4830 quiddam
1491 4766 1785 4838 etiingunt;
1813 4773 2017 4842 quippe

442 4840 535 4908 qui
572 4856 639 4895 ex
664 4858 731 4897 eo
772 4847 917 4914 quod
949 4848 1187 4915 videtur,
1218 4853 1271 4905 id
1316 4853 1553 4910 formant
1585 4860 1732 4928 quod
1763 4840 1870 4915 non
1906 4840 2011 4927 est,

441 4931 601 5001 cujus
651 4935 776 4991 licet
820 4939 1002 5009 aliqua
1056 4958 1183 5012 pars
1215 4946 1450 5015 cuipiam
1493 4951 1717 5006 lnnnani
1764 4956 2012 5023 corporis

375 5053 383 5060 -
441 5025 578 5089 parti
633 5028 828 5083 similis
867 5032 1137 5099 videatur,
1193 5052 1356 5091 nemo
1408 5047 1586 5095 tamen
1623 5042 1675 5096 id
1718 5045 1865 5113 quod
1912 5047 2011 5101 ab—

440 5115 605 5169 surda
646 5116 735 5171 illa
782 5124 1177 5190 compositione
1226 5127 1521 5182 conﬂatum
1577 5141 1678 5199 cst,
1733 5133 2007 5190 hominem

439 5203 581 5257 dicat
609 5224 621 5259 :
655 5209 844 5264 eodem
885 5225 1042 5282 pacto
1074 5215 1217 5271 haud
1258 5226 1406 5275 recte
1438 5221 1714 5290 perfectus
1738 5228 2009 5284 Christia-

440 5310 546 5350 nas
599 5301 983 5371 appellabitur,
1050 5308 1143 5377 qui
1200 5311 1281 5364 vel
1341 5326 1369 5363 a
1430 5315 1640 5371 ratione
1693 5318 2004 5378 abhorrens

439 5393 603 5454 caput
644 5389 907 5458 obtineat,
942 5395 995 5450 id
1023 5408 1108 5453 est
1143 5400 1317 5470 ipsum
1356 5403 1597 5460 universi
1628 5422 1879 5479 corporis
1906 5426 2001 5465 ca-

436 5485 554 5546 put,
592 5481 736 5549 quod
772 5480 1007 5541 Verbum
1044 5499 1149 5554 est,
1201 5492 1305 5549 {ide
1348 5509 1456 5549 non
1494 5496 1706 5567 habeat,
1747 5506 1998 5572 quamvis

507 5659 526 5693 ³
559 5658 595 5711 ll
628 5656 865 5721 Timoth.
906 5680 988 5728 tu,
1024 5665 1107 5720 17.

2128 4338 2311 4385 σοντες
2365 4322 2581 4392 τέχνης,
2625 4321 2991 4391 βουκεφάλους
3037 4324 3209 4387 τινὰς,
3262 4324 3294 4396 ἦ
3338 4325 3700 4380 ἱπποκενταύ-

2129 4427 2271 4482 ρους,
2306 4411 2339 4479 ῆ
2363 4411 2805 4483 δρακοντόποδας,
2848 4412 2881 4483 ἦ
2910 4413 3037 4466 ἄλλο
3079 4431 3129 4466 τι
3155 4415 3393 4469 τοιοῦτον
3423 4415 3481 4480 ἐξ
3510 4417 3699 4487 ἑτερο-

2122 4500 2294 4567 γενῶν
2317 4501 2674 4566 συντιθέντες,
2700 4501 2758 4553 οὐ
2786 4502 2923 4573 πρὸς
2939 4503 3001 4555 τὸ
3026 4504 3125 4573 τῆς
3152 4503 3363 4573 φύσεως
3389 4506 3696 4576 ἀρχέτυπον

2118 4593 2215 4663 τὴν
2248 4593 2475 4663 μίμησιν
2505 4591 2748 4660 ἄγουσιν,
2782 4592 2917 4646 ἀλλὰ
2949 4593 3036 4647 διὰ
3074 4594 3173 4663 τῆς
3223 4595 3529 4666 παραλόγου
3563 4598 3696 4649 ταύ-

2117 4702 2215 4755 της
2246 4685 2486 4748 ἐπινοίας
2518 4684 2617 4756 τὴν
2658 4685 2819 4753 φύσιν
2865 4686 3238 4757 ἐμφαίνοντες,
3286 4688 3413 4741 ἄλλο
3438 4706 3491 4741 τι
3521 4689 3696 4743 πλάσ-

2118 4793 2298 4840 σουσι,
2346 4776 2440 4829 καὶ
2471 4776 2570 4830 οὐκ
2619 4776 2939 4848 ἄνθρωπον,
2976 4779 3400 4849 σχηματίζοντες
3443 4781 3580 4850 πρὸς
3630 4783 3693 4835 τὸ

2112 4865 2301 4920 δοκοῦν
2336 4866 2398 4919 τὸ
2437 4867 2807 4938 ἀνύπαρκτονο
2861 4868 2954 4922 καὶ
2991 4871 3090 4922 οὐκ
3143 4868 3209 4923 ἄν
3268 4888 3353 4934 τις
3405 4872 3692 4943 ἄνθρωπον

2112 4957 2254 5012 εἴποι
2310 4957 2370 5011 τὸ
2418 4958 2799 5029 πεπλασμένον
2849 4960 2936 5013 διὰ
2992 4960 3093 5029 τῆς
3147 4961 3436 5016 ἀλλοκότου
3483 4965 3693 5035 ταύτης

2112 5050 2446 5114 συνθέσεως,
2483 5051 2585 5105 κᾶν
2613 5051 2769 5123 μέρει
2808 5053 2911 5106 τινὶ
2940 5052 3033 5106 τοῦ
3063 5050 3403 5123 ἀνθρωπίνου
3433 5054 3689 5123 σώματος

2109 5142 2426 5212 προσεοικὸς
2478 5142 2616 5214 τύχῃ
2668 5143 2728 5195 τὸ
2762 5143 2926 5213 μέρος
2970 5143 3062 5197 τοῦ
3103 5143 3417 5213 πλάσματος
3444 5162 3457 5174 ·
3510 5145 3681 5210 οὕτως

2107 5232 2213 5285 οὐδ’
2250 5232 2317 5285 ἂν
2369 5231 2689 5303 Χριστιανὸς
2727 5233 2970 5304 ἀκριϐῶς
3015 5233 3339 5305 ὸνομασθείη
3396 5237 3426 5289 6
3462 5235 3562 5306 τὴν
3592 5254 3685 5289 κε-

2107 5322 2280 5392 φαλὴν
2302 5322 2494 5390 ἄλογον
2528 5321 2689 5393 ἔχων,
2718 5322 3019 5387 τουτέστιν,
3048 5323 3078 5374 6
3113 5325 3210 5392 τὴν
3244 5322 3338 5377 τοῦ
3367 5324 3566 5388 παντὸς
3594 5341 3682 5377 κε-

2105 5412 2297 5483 φαλὴν,
2337 5414 2458 5483 ἥτις
2503 5414 2532 5465 6
2565 5413 2734 5480 Λόγος
2763 5414 2933 5475 ἐστὶν,
2962 5414 3021 5465 ὲν
3069 5415 3135 5483 τῇ
3171 5413 3350 5468 πίστει
3406 5414 3480 5485 μὴ
3515 5415 3674 5484 ἔχων,

2105 5504 2207 5559 κᾶν
2240 5505 2297 5557 ἐν
2334 5505 2442 5568 τοῖς
2471 5501 2650 5566 ἄλλοις
2696 5503 2882 5574 ἄρτιος
2910 5498 2965 5577 ᾖ,
2992 5504 3025 5573 ἢ
3059 5507 3087 5557 ὁ
3116 5506 3181 5574 τῇ
3219 5506 3425 5577 κεφαλῇ
3453 5507 3554 5577 τῆς
3586 5504 3673 5559 πίο
