4034 6132
312 317 417 373 9-5Ἰ

1323 315 1413 370 DE
1448 313 1811 372 PERFECTA
1850 314 2253 374 CHRISTIANI
2293 314 2550 373 FORMA.

3125 246 3155 256 .-

3455 314 3564 373 258

248 414 257 421 ’
319 447 489 495 στεως
508 429 582 501 μὴ
610 430 943 501 κατάλληλον
969 431 1376 503 ἐνδεικνύμενος
1405 435 1504 506 τῆς
1529 435 1801 499 πολιτείας
1828 437 1886 490 τὸ

1992 436 2208 492 caneris
2233 436 2478 514 partibus
2512 434 2801 491 absolutus
2830 434 2921 498 sit,
2955 432 3039 490 vel
3065 446 3130 489 eo
3156 431 3337 503 capite
3366 433 3566 503 praedia

316 522 502 591 σῶμα,
548 520 582 590 ἢ
624 521 932 591 δρακόντων
953 520 1145 591 θυμοῖς
1175 523 1557 593 συμφυόμενος
1577 564 1591 589 ,
1641 525 1736 578 καὶ
1767 526 1887 580 καθ’

309 611 601 681 ὁμοιότητα
635 610 744 662 τῶν
769 611 1016 682 ἑρπετῶν
1046 613 1252 665 τούτων
1284 613 1729 685 ὲκθηριούμενος,
1766 616 1799 687 ἢ
1830 617 1892 669 τὸ

309 703 620 773 θηλυμανὲς
643 703 753 756 τῶν
775 704 958 757 ἵππων
980 703 1057 775 τῷ
1075 704 1407 776 ἀνθρωπίνῳ.
1433 707 1739 778 χαρακτῆρι
1762 726 1892 778 συμ-

307 793 541 857 ϐάλλων,
576 796 672 848 καὶ
700 794 897 865 διφυής
924 812 1007 858 τις
1038 796 1466 866 ἱπποκένταυρος
1496 798 1561 851 ἐκ
1588 797 1805 866 λογικοῦ
1828 817 1888 851 τε

308 885 399 937 καὶ
421 885 620 952 ἀλόγου
645 884 946 955 γινόμενος.
967 885 1250 949 Τοιούτους
1270 886 1326 940 δὲ
1348 887 1572 951 πολλοὺς
1594 887 1740 941 ἔστιν
1762 889 1889 942 ίδεῖν

304 975 363 1026 ἐν
382 974 588 1045 μόσχου
610 975 844 1045 κεφαλῇ,
863 962 1218 1029 τουτέστινὲν
1237 975 1314 1045 τῷ
1331 977 1429 1047 τῆς
1444 978 1889 1049 είδωλολατρείας

303 1063 553 1134 δόγματι,
585 1064 677 1118 τὸν
699 1066 1012 1135 εὐσχήμονα
1050 1066 1445 1137 κατορθοῦντας
1475 1067 1589 1138 βίον
1622 1065 1766 1138 (οἷον
1797 1070 1887 1122 τὸν

305 1154 669 1227 Μινώταυρον
692 1155 1056 1228 γράφουσιν),
1097 1158 1145 1210 oi
1181 1160 1238 1210 ὲν
1272 1159 1583 1229 Χριστιανῷ
1612 1159 1888 1231 προσώπῳ

306 1244 590 1316 Θηριωδῶς
626 1245 1030 1317 ὑφαρμόζοντες
1054 1245 1131 1316 τῷ
1164 1245 1266 1316 βίῳ
1295 1246 1353 1299 τὸ
1382 1247 1558 1316 σῶμα,
1588 1249 1730 1312 οἵους
1761 1249 1887 1311 τοὺς

302 1335 635 1406 κενταύρους
679 1336 713 1406 ἢ
753 1337 880 1399 τοὺς
921 1336 1351 1406 δρακοντόποδας
1397 1336 1741 1391 πλάττουσιν.
1797 1338 1887 1400 Ὠς

300 1425 371 1480 ἂν
435 1427 650 1492 τοίνυν,
711 1426 963 1497 καθάπερ
1021 1427 1112 1479 ἐπὶ
1167 1426 1419 1496 σώματος
1478 1426 1795 1498 ἀνθρώπου,
1859 1428 1887 1480 ὁ

301 1518 628 1588 Χριστιανὸς
676 1516 1024 1589 γνωρίζοιτο,
1070 1517 1287 1571 πάντων
1318 1519 1581 1589 προσήκει
1608 1519 1716 1572 τῶν
1747 1519 1888 1574 κατά

298 1608 394 1661 τὶν
421 1608 656 1679 Χριστὸν
681 1608 985 1678 νοουμένων
1012 1607 1230 1675 ἀγαθῶν
1274 1608 1363 1662 τὸν
1394 1609 1582 1662 πιστὸν
1629 1609 1888 1680 ἐνσημαί-

299 1700 490 1753 νεσθαι
515 1699 595 1770 τῷ
624 1698 724 1770 βίῳ
750 1700 876 1762 τοὺς
896 1699 1272 1770 χαρακτῆρας.
1308 1698 1381 1752 Τὸ
1418 1700 1527 1770 γὰρ
1563 1700 1619 1752 ἐν
1651 1718 1757 1754 τινι
1787 1699 1886 1772 μὲν

1994 535 2083 582 tus
2117 526 2359 596 reliquas
2387 524 2635 595 corporis
2663 533 2847 594 partes
2876 532 2971 578 aut
3004 524 3170 593 capiti
3198 533 3294 578 aut
3332 524 3477 579 inter
3504 538 3565 579 se

1989 616 2219 671 minime
2262 613 2656 669 convenientes
2696 612 2997 682 possideat,
3052 613 3155 666 hoc
3204 620 3291 667 est
3343 611 3563 666 vivendi

1991 707 2262 761 rationem
2297 720 2327 759 a
2369 705 2473 760 lide
2515 704 2749 759 alienam
2798 703 3065 767 instituat,
3102 719 3226 758 cum
3262 712 3317 759 et
3361 704 3562 759 draco-

1991 815 2119 853 num
2155 799 2313 853 furiis
2351 797 2592 851 imbutus
2641 795 2721 849 ira
2753 796 3140 860 exeandescat,
3181 803 3344 864 atque
3391 794 3565 851 instar

1988 892 2185 945 horum
2217 889 2554 958 serpentium
2590 887 2949 955 humi'repat,
2983 893 3037 939 ct
3065 885 3323 954 equinam
3354 880 3564 939 rabiem

1989 995 2270 1050 apponens
2298 980 2549 1032 humanm
2580 977 2767 1031 formae
2806 972 3128 1030 feminarum
3161 974 3443 1030 amoribus
3479 977 3564 1030 in-

1990 1074 2193 1132 saniat.
2228 1079 2283 1125 ct
2331 1086 2397 1125 ex
2442 1070 2648 1140 duplici
2677 1077 2898 1132 natura,
2945 1067 3183 1121 humana
3216 1067 3470 1123 videlicet
3508 1076 3565 1122 et

1946 1152 1953 1157 ’
1989 1164 2187 1230 ferina,
2217 1164 2379 1217 veluti
2424 1163 2892 1232 hippocentaurus
2939 1160 3234 1215 coalescat.
3279 1159 3563 1231 Ejusmodi

1988 1266 2172 1309 autem
2211 1258 2490 1309 hominum
2540 1267 2738 1323 genera
2785 1253 2992 1322 passim
3034 1251 3163 1306 licet
3205 1252 3433 1316 intueri,
3466 1255 3563 1321 qui

1990 1348 2073 1400 ιρι
2130 1346 2184 1398 in
2221 1345 2374 1398 vituli
2407 1345 2606 1413 capite,
2652 1343 2708 1396 in
2740 1341 3062 1397 idololatriae
3097 1341 3348 1396 videlicet
3396 1342 3565 1397 disci-

1990 1438 2161 1505 plina.
2183 1435 2381 1490 decore
2408 1435 2573 1488 vitam
2602 1433 2795 1488 oiliciis
2817 1433 3091 1487 excultum
3127 1443 3293 1503 agunt
3322 1431 3563 1501 (qualem

1988 1523 2251 1578 simulant
2268 1537 2391 1578 esse
2414 1522 2828 1589 minotaurum),
2850 1523 2933 1576 vel
2955 1522 3285 1577 Christianam
3318 1537 3564 1591 personae

1988 1614 2186 1670 bellum
2225 1628 2448 1683 corpus,
2506 1613 2560 1667 id
2610 1622 2694 1668 est
2746 1613 3078 1683 flagitiosum
3112 1613 3341 1681 vivendi
3388 1629 3563 1684 genus

1990 1702 2281 1770 adjiciunt,
2320 1703 2513 1772 quales
2548 1702 3032 1772 hippocentauros,
3083 1711 3177 1756 aut
3226 1701 3562 1773 anguipedes

298 1787 444 1845 εἶναι
484 1791 723 1844 τοιοῦτον
756 1786 866 1843 οἷον
895 1790 956 1842 τὸ
988 1789 1161 1861 ὄνομα
1207 1788 1476 1859 βούλεται,
1509 1794 1566 1844 ἐν
1593 1792 1800 1861 ἑτέροις
1832 1790 1886 1846 δὲ

1994 1791 2225 1862 tingunt.
2276 1792 2719 1847 Consentaneum
2765 1790 2930 1863 igitur
2956 1798 3042 1847 est
3076 1799 3158 1854 ut,
3202 1792 3560 1860 quemadmo.

299 1881 442 1951 πρὸς
481 1879 552 1934 τά
604 1880 825 1933 ἐναντία
867 1879 1075 1950 ῥέπειν,
1106 1878 1258 1932 οὐδὲν
1287 1879 1474 1950 ἔτερόν
1506 1881 1677 1947 ἐστιν,
1731 1882 1764 1952 ἢ
1810 1883 1888 1945 εἰς

296 1971 565 2041 πολεμίου
592 1966 746 2035 τάξιν
790 1969 951 2024 αὑτὸν
987 1968 1123 2040 πρὸς
1157 1969 1349 2023 ἑαυτὸν
1381 1969 1780 2040 διατέμνεσθαι,
1818 1972 1888 2027 δι’

293 2063 506 2132 ἀρετῆς
554 2061 650 2114 καὶ
685 2060 881 2124 κακίας
917 2061 975 2112 ὲν
1004 2059 1183 2130 ἑαυτῷ
1216 2060 1603 2127 στασιάζοντα,
1629 2063 1888 2119 ἄσπονδον

291 2153 469 2207 αὐτὸν
501 2153 654 2223 αὐτῷ
686 2152 780 2206 καὶ
823 2151 1135 2223 ἀσύμϐατον
1160 2149 1239 2222 τῷ
1270 2150 1369 2223 βίῳ
1408 2154 1707 2224 γινόμενον.
1742 2172 1761 2206 ι
1794 2156 1890 2219 Τίς

293 2247 413 2314 γὰρ
456 2245 713 2299 κοινωνία
760 2244 896 2314 φωτὶ
940 2242 1073 2314 πρὸς
1119 2242 1340 2311 σκότος;
1378 2264 1397 2296 ι
1448 2245 1611 2314 φησὶν
1643 2246 1672 2298 ό
1730 2245 1889 2300 Ἀπό-

296 2336 514 2399 στολος.

1990 1884 2119 1938 dum
2173 1884 2229 1938 in
2291 1899 2523 1954 corpore
2569 1883 2810 1939 humano
2853 1884 3081 1954 singula:
3123 1891 3307 1953 partes
3359 1896 3560 1940 c0nve-

1990 1973 2172 2039 niunt,
2226 1973 2308 2030 sic
2341 1980 2454 2027 tota
2497 1969 2797 2028 Christiani
2846 1974 2957 2028 vita
3005 1975 3282 2036 omnibus.
3333 1987 3456 2043 qua:
3502 1972 3560 2027 in

1990 2062 2213 2118 Christo
2264 2076 2330 2117 ex
2362 2060 2468 2116 ﬁde
2504 2060 2949 2126 considerantur,
3007 2060 3165 2116 bonis
3206 2059 3556 2131 insigniatur.

1991 2151 2127 2208 Nam
2149 2151 2197 2209 si
2229 2167 2337 2207 una
2363 2153 2584 2223 quidem
2616 2168 2680 2208 ex
2719 2163 2875 2222 parte
2905 2150 3030 2206 talis
3057 2151 3135 2206 sis
3160 2150 3377 2221 qualem
3401 2148 3560 2204 Chri-

1994 2246 2235 2301 stianum
2275 2245 2510 2314 requirit
2548 2260 2766 2308 nomen,
2798 2259 2863 2299 ex
2894 2244 3063 2299 altera
3092 2258 3223 2298 vero
3249 2242 3305 2297 in
3339 2248 3562 2297 contra-

1995 2337 2137 2391 rium
2179 2334 2444 2403 declines,
2492 2336 2629 2391 nihil
2663 2335 2809 2390 aliud
2848 2333 3043 2401 facias,
3090 2348 3254 2405 quam
3302 2332 3348 2388 si
3384 2328 3561 2389 hostis

294 2428 386 2484 tui
418 2428 592 2481 vicem
626 2425 883 2482 bbtinens
912 2425 966 2479 in
1005 2422 1242 2494 lripsum
1271 2422 1557 2491 dividaris,
1594 2424 1740 2495 quod
1763 2439 1882 2480 eam
1922 2427 2248 2484 seditionem
2281 2428 2335 2482 in
2366 2435 2418 2483 te
2441 2443 2537 2498 per
2559 2426 2815 2483 virtutem
2838 2436 2892 2481 et
2923 2426 3111 2481 vitium
3171 2426 3441 2490 concites,
3499 2435 3561 2480 ut

282 2522 455 2575 nulla
503 2519 717 2574 ratione
744 2518 845 2573 tibi
885 2517 1004 2587 ipse
1036 2519 1093 2574 in
1122 2519 1231 2574 vita
1261 2516 1464 2588 placari
1489 2514 1887 2585 conciliarique
1921 2521 2122 2589 possis.
2172 2539 2191 2572 ι
2229 2518 2440 2575 Etenim
2472 2534 2596 2591 quae
2624 2518 2858 2575 societas
2915 2518 3025 2573 luci
3067 2517 3137 2572 ad
3209 2515 3507 2573 tenebras?
3534 2535 3554 2570 ο

291 2623 361 2669 ut
397 2612 579 2682 inquit
606 2609 901 2679 Apostolus
919 2609 959 2663 ⁸.

385 2703 540 2756 Ἐπεὶ
566 2695 661 2754 οὖν
688 2699 918 2771 ἄμικτος
942 2696 1021 2770 τῷ
1052 2698 1191 2768 φωτὶ
1220 2698 1313 2752 καὶ
1343 2697 1693 2768 ἀμεσίτευτός
1733 2699 1881 2750 ἐστιν

288 2796 322 2865 ἡ
368 2791 686 2854 ἐναντίωσις
708 2807 722 2820 °
763 2795 791 2844 ὁ
830 2788 1154 2860 ἀμφοτέρων
1192 2788 1467 2858 ἐχόμενος,
1495 2779 1590 2840 καὶ
1622 2786 1696 2857 μὴ
1730 2785 1882 2839 υάτε-

290 2902 398 2955 ρον
426 2880 612 2935 αὐτῶν
646 2879 872 2951 μεθιεὶς,
888 2880 953 2949 τῇ
982 2877 1091 2930 τῶν
1113 2877 1590 2946 ἀντιστοιχοῦντων
1634 2874 1883 2945 ἀλλήλοις

287 2973 640 3042 ὲναντιότητι
668 2972 764 3024 καὶ
789 2969 948 3032 αὐτὸς
1001 2970 1121 3023 κατ’
1147 2967 1397 3037 ἀνάγκην
1428 2965 1878 3036 συνδιασχίζεται,

291 3066 418 3136 φῶς
464 3064 609 3119 κατά
648 3061 843 3116 ταύτὸν
877 3062 968 3115 καλ⁵
1024 3059 1212 3123 σκότος
1241 3061 1298 3111 ἐν
1339 3057 1416 3129 τῷ
1459 3056 1750 3128 συμμίκτω
1784 3056 1884 3126 βίῳ

291 3156 621 3227 γενόμενος’
649 3153 748 3223 τῆς
784 3153 881 3223 μὲν
912 3151 1143 3215 πίστεως
1184 3150 1275 3203 τὸν
1312 3149 1587 3219 φωτισμὸν
1627 3149 1879 3217 ὲνιείσης,

292 3246 395 3301 τοῦ
432 3247 493 3301 δὲ
534 3241 813 3298 σκοτεινοῦ
851 3241 964 3313 βίου
990 3242 1092 3315 τὴν
1136 3240 1202 3295 ἐκ
1243 3239 1338 3294 τοῦ
1371 3239 1529 3309 λόγου
1565 3237 1885 3310 λαμπηδόνα

292 3336 815 3408 καταμελαίνοντος.
859 3333 1010 3386 Ἐπεὶ
1037 3329 1130 3386 οὖν
1163 3330 1391 3402 ἄμικτός
1442 3333 1558 3384 ἐστι
1585 3330 1680 3383 καὶ
1709 3329 1885 3399 ἀσύμ-

291 3434 466 3497 ϐατος
509 3430 591 3501 τῷ
640 3429 780 3500 φωτὶ
813 3428 948 3501 πρὸς
973 3428 1034 3481 τὸ
1079 3426 1331 3497 σκότοςὴ
1375 3424 1647 3489 κοινωνία,
1681 3426 1708 3477 ό
1752 3424 1883 3476 ἑκα-

290 3524 463 3595 τέρου
490 3521 602 3574 τῶν
629 3518 886 3572 ἐναντίων
930 3515 1337 3588 περιεχόμενος,
1377 3513 1538 3577 αὐτὸς
1579 3510 1756 3582 ἑαυτῷ
1785 3528 1884 3564 πο-

290 3618 491 3685 λεμιος
539 3612 793 3682 γίνεται,
827 3608 949 3679 διχῆ
1006 3606 1283 3678 μερισθεὶς
1343 3605 1481 3676 πρὸς
1537 3604 1737 3674 ἀρετὴν
1793 3604 1887 3656 καὶ

292 3706 524 3770 κακίαν,
548 3704 644 3756 καὶ
664 3700 844 3770 ἑαυτῷ
865 3699 998 3772 πρὸς
1021 3696 1311 3752 ἀντίπαλον
1332 3695 1484 3758 τάξιν
1505 3694 1599 3747 ἀντ
1610 3692 1888 3747 ικαθιστά-

292 3814 488 3871 μενος.
521 3796 730 3863 Ὠσπερ
759 3792 815 3846 δὲ
840 3792 938 3843 οὐκ
964 3790 1109 3842 ἐστιν
1138 3789 1195 3840 ἐν
1217 3787 1310 3839 δύο
1349 3785 1626 3855 πολεμίοις
1650 3781 1888 3854 ἀμφοτέ-

293 3907 435 3964 ρους
461 3887 690 3958 νικητάς
723 3884 843 3938 κατ’
869 3882 1111 3961 ἀλλήλων
1148 3876 1400 3947 γενέσθαι
1431 3879 1486 3947 (ἡ
1507 3876 1616 3946 γὰρ
1644 3875 1737 3927 τοῦ
1769 3874 1886 3935 ἑνὸς

296 3982 434 4049 νίκη
467 3979 699 4035 θάνατον
748 3973 842 4028 τοῦ
887 3970 1260 4041 ἀντικειμένου
1289 3969 1503 4029 πάντως
1551 3965 1884 4036 ἐργάζεται),

295 4071 449 4125 οὕτω
476 4071 572 4122 καὶ
608 4067 702 4120 ἐπὶ
747 4064 953 4133 ταύτης
978 4063 1073 4131 τῆς
1110 4058 1373 4131 ἐμφυλίου
1424 4057 1626 4128 μάχης,
1669 4057 1769 4121 τῆς
1798 4055 1889 4109 διὰ

296 4160 397 4218 τοῦ
433 4160 741 4231 συμμίκτου
767 4156 880 4227 βίου
914 4151 1329 4222 συνισταμένης,
1365 4147 1425 4202 οῦ
1456 4166 1574 4212 πως
1602 4147 1714 4202 ἔστι
1735 4150 1888 4220 νικῆ-

300 4272 394 4308 σαι
423 4253 526 4322 τὴν
574 4249 855 4321 κρείττονα
889 4244 1227 4316 παράταξιν,
1280 4239 1356 4311 μὴ
1402 4238 1746 4310 πανωλεθρίᾳ.
1789 4239 1888 4309 τῆς

301 4348 474 4417 ἄλλης
501 4340 911 4413 διαφθαρείσης.
942 4337 1066 4399 Πῶς
1088 4335 1196 4405 γὰρ
1228 4336 1255 4386 ό
1287 4332 1385 4402 τῆς
1411 4331 1691 4395 εὐσεϐείας
1723 4347 1887 4401 στραο

2053 2694 2189 2749 Cum
2226 2696 2391 2764 igitur
2428 2694 2535 2749 luci
2569 2693 2704 2749 adeo
2733 2695 3026 2750 contraria:
3070 2695 3180 2749 sint
3214 2696 3456 2753 tenebrae
3500 2705 3561 2753 ut

1985 2786 2139 2841 nullo
2196 2787 2357 2841 modo
2392 2788 2740 2842 commisceri
2785 2787 3049 2856 nulloque
3083 2787 3261 2842 medio
3295 2788 3559 2861 conjungi

1985 2876 2201 2947 possint
2230 2895 2244 2932 :
2278 2877 2371 2947 qui
2409 2879 2463 2931 in
2496 2878 2748 2946 utrisque
2787 2884 3060 2943 versatur,
3099 2892 3200 2932 nec
3233 2877 3557 2934 alterutram

1988 2969 2216 3040 negligit
2249 2977 2460 3040 partem
2485 3008 2501 3033 ,
2533 2969 2643 3024 illis
2673 2970 2815 3024 inter
2842 2983 2902 3023 se
2935 2969 3231 3025 contrariis
3259 2970 3559 3041 pugnanti-

1987 3061 2114 3126 bus,
2158 3060 2274 3131 ipse
2318 3075 2538 3132 quoque
2584 3060 2903 3115 necessario
2963 3060 3256 3125 scinditur,
3285 3061 3559 3131 siquidem

1986 3152 2177 3207 eodem
2210 3163 2457 3221 tempore
2496 3151 2550 3204 in
2583 3165 2645 3205 ea
2677 3150 2978 3219 permistus
3013 3149 3339 3205 confusione
3380 3161 3432 3206 et
3465 3150 3560 3205 lux

1984 3255 2039 3300 et
2072 3244 2310 3299 tenebrae
2340 3244 2595 3307 eflieitur,
2632 3258 2757 3297 cum
2790 3251 2843 3298 et
2879 3243 3014 3299 ﬁdes
3046 3243 3221 3298 lucem
3259 3243 3556 3309 immittat,

1984 3346 2037 3392 ct
2066 3337 2190 3391 vita:
2234 3335 2443 3390 malitia
2484 3334 2713 3389 rationis
2758 3333 3036 3404 splendori
3084 3334 3344 3390 tenebras
3381 3335 3562 3390 offun-

1985 3427 2097 3483 dat.
2136 3425 2403 3493 Quoniam
2437 3424 2605 3495 igitur
2636 3424 2784 3478 nulla
2820 3425 2965 3478 inter
2994 3426 3169 3479 lucem
3214 3433 3269 3480 et
3306 3427 3561 3482 tenebras

1983 3519 2228 3575 amicitia
2249 3556 2263 3582 ,
2299 3518 2446 3571 nulla
2478 3523 2652 3586 potest
2682 3531 2804 3571 esse
2832 3516 3149 3584 conjunctio
3169 3554 3185 3580 ,
3220 3518 3313 3587 qui
3349 3523 3562 3572 utrum-

1986 3626 2092 3677 que
2123 3609 2461 3664 contrarium
2506 3606 2777 3676 suscipit,
2820 3606 2937 3676 ipse
2971 3605 3075 3659 sibi
3122 3605 3300 3660 hostis
3338 3606 3559 3672 evadit,

1988 3716 2112 3756 cum
2147 3699 2213 3753 ad
2245 3699 2502 3752 virtutem
2542 3705 2595 3751 et
2625 3696 2821 3751 vitium
2853 3702 2913 3749 ut
2943 3694 3082 3748 duas
3112 3694 3167 3748 in
3200 3703 3383 3765 partes
3420 3694 3562 3749 divi-

1988 3808 2085 3847 sus
2133 3790 2389 3853 inclinet,
2439 3796 2492 3842 et
2552 3801 2706 3841 more
2751 3785 2938 3841 hostili
2980 3794 3244 3855 tanquam
3285 3785 3560 3840 instructa

1987 3884 2105 3938 acie
2134 3900 2193 3937 se
2221 3884 2397 3951 ipsum
2454 3889 2749 3951 oppugnet.
2798 3879 2878 3932 Ae
2925 3877 3390 3949 quemadmodum
3442 3877 3559 3941 illi,

1987 3973 2083 4043 qui
2113 3972 2335 4043 capitali
2370 3972 2498 4026 odio
2526 3971 2860 4025 dissidentes
2891 3969 3189 4033 dimicant,
3223 3967 3445 4035 utrique
3484 3967 3563 4022 vi-

1989 4076 2168 4121 ctores
2203 4079 2327 4120 esse
2357 4071 2675 4134 nequeunt;
2724 4062 2890 4116 unius
2935 4062 3081 4115 enim
3134 4060 3361 4114 victoria
3402 4059 3559 4113 alteri

1988 4157 2135 4210 victo
2176 4170 2404 4225 prorsus
2445 4153 2727 4208 interitum
2777 4151 2975 4208 aifert:
3022 4153 3103 4206 sic
3151 4152 3203 4205 in
3260 4150 3563 4207 domestico

1990 4246 2363 4315 intestinoque
2411 4246 2684 4310 dissidio,
2731 4244 2880 4315 quod
2921 4260 2987 4298 ex
3032 4244 3159 4298 vitae
3205 4243 3562 4312 permistione

1992 4340 2264 4405 nascitur,
2317 4353 2448 4408 pars
2494 4336 2688 4392 melior
2737 4337 2858 4392 sine
2907 4335 3137 4391 alterius
3188 4334 3562 4389 internecione

298 4444 394 4504 τὸς
443 4438 713 4511 κρείττων
752 4435 853 4505 τῆς
899 4430 1097 4493 κακίας
1128 4429 1417 4498 γενήσεται
1443 4466 1457 4489 ,
1492 4426 1590 4497 τῆς
1648 4425 1886 4496 πονηρᾶς

1990 4431 2189 4485 victrix
2233 4445 2356 4485 esse
2401 4445 2511 4485 non
2558 4436 2755 4498 potest.
2800 4425 2906 4493 Qui
2946 4426 3090 4481 enim
3123 4424 3216 4479 fiet
3244 4431 3304 4477 ut
3340 4423 3559 4494 pietatis

302 4529 591 4599 φάλαγγος
621 4525 729 4578 τῶν
760 4521 1015 4576 ὲναντίων
1045 4516 1496 4588 ἀντιϐαινούσης“;
1528 4516 1641 4570 ἀλλ’
1672 4519 1719 4569 εἰ
1756 4516 1885 4586 μέλ-

301 4622 385 4676 λοι
416 4620 577 4690 νικᾷν
602 4616 664 4670 τὸ
699 4616 963 4686 κρεῖττον,
1008 4610 1398 4681 φονευθήσεται
1445 4607 1661 4671 πάντως
1684 4608 1743 4661 τὸ
1789 4608 1887 4661 άν-

302 4714 636 4781 τικείμενον.
690 4706 799 4759 Καὶ
846 4704 1015 4767 οὕτως
1065 4705 1098 4775 ἡ
1145 4704 1313 4774 ἀρετὴ
1353 4701 1494 4754 κατά
1549 4701 1649 4772 τῆς
1693 4699 1889 4763 κακίας

304 4802 417 4867 ἔξει
447 4801 519 4854 τὰ
569 4798 881 4869 νικητήρια,
915 4796 1041 4848 ὃταν
1075 4795 1181 4847 πᾶν
1228 4793 1290 4845 τὸ
1334 4792 1591 4862 πολέμιον
1637 4792 1772 4861 αὐτῇ
1801 4790 1888 4843 διὰ

307 4897 406 4966 τῆς
429 4895 539 4949 τῶν
576 4889 852 4961 λογισμῶν
899 4887 1215 4959 συμμαχίας
1261 4885 1623 4955 μεταχωρήσῃ
1655 4883 1790 4953 πρὸς
1825 4883 1886 4935 τὸ

309 4988 679 5058 ἀνύπαρκτον.
722 4981 835 5035 Καὶ
870 4980 990 5033 τότε
1048 4976 1348 5048 πληροῦται
1374 4976 1435 5028 τὸ
1489 4977 1554 5029 ἐκ
1598 4974 1885 5045 προσώπου

311 5079 408 5134 τοῦ
434 5074 575 5131 Θεοῦ
614 5073 707 5129 διὰ
748 5073 848 5142 τῆς
881 5068 1212 5142 προφητείας
1235 5066 1547 5136 λεγόμενον,
1575 5065 1656 5118 ὅτι
1688 5083 1706 5116 ι
1750 5065 1888 5134 Ἐγὼ

312 5166 633 5228 ἀποκτενῶ,
672 5164 769 5218 καὶ
808 5162 908 5234 ζῇν
946 5161 1173 5231 ποιήσω.
1214 5177 1233 5210 ι
1266 5158 1340 5211 Οὐ
1387 5156 1496 5227 γὰρ
1537 5156 1683 5210 ἔστιν
1715 5157 1888 5219 ἄλλως

312 5260 377 5314 τὸ
405 5263 461 5313 ὲν
491 5258 617 5328 ἐμοὶ
667 5252 870 5323 ἀγαθὸν
921 5250 1101 5321 ζῆσαι,
1142 5248 1216 5319 μὴ
1262 5246 1341 5317 τῷ
1368 5246 1580 5316 Θανάτῳ
1629 5246 1888 5317 πολεμίου

316 5349 767 5420 ζωοποιούμενον.
799 5345 943 5406 Ἕως
997 5343 1041 5394 δ’
1075 5339 1140 5393 ἂν
1194 5338 1301 5392 τῶν
1343 5337 1437 5391 δύο
1488 5336 1887 5408 περιεχὼμεοα,

317 5445 552 5515 ἱκατέρᾳ
597 5440 746 5513 χειρὶ
800 5436 907 5490 τῶν
957 5433 1215 5488 ἐναντίων
1268 5430 1596 5501 ἁπτόμενοι,
1630 5428 1889 5483 ἀδύνατον

319 5536 457 5591 κατὰ
500 5532 693 5588 ταύτὸν
726 5528 835 5583 τῶν
890 5522 1213 5597 ἀμφοτέρων
1260 5519 1399 5591 ἔχειν
1448 5519 1544 5591 τὴν
1581 5519 1890 5588 μετουσίαν.

409 5712 432 5744 ⁸
456 5710 499 5765 ll
534 5710 667 5766 Cor.
700 5723 773 5773 τι,
812 5704 894 5759 14.
986 5704 1006 5734 ⁸
1033 5702 1186 5755 Deut.
1214 5713 1382 5763 xxxtt,
1415 5698 1500 5753 '59.

1989 4523 2269 4578 exercitus
2301 4521 2555 4592 superior
2588 4521 2681 4586 sit,
2707 4519 2966 4574 vitiorum
3000 4515 3348 4571 multitudine
3391 4513 3559 4567 veluti

1991 4613 2261 4684 phalange
2294 4613 2531 4666 hostium
2578 4618 2768 4665 contra
2816 4618 3130 4678 pugnante,
3174 4605 3279 4660 nisi
3323 4604 3438 4657 hzec
3483 4605 3562 4659 uti

1993 4702 2227 4757 debilior
2256 4716 2284 4754 a
2313 4698 2694 4767 prmstantiore
2724 4697 2941 4767 penitus
2969 4692 3260 4748 deleatur?
3287 4689 3443 4744 Tune
3472 4704 3564 4742 au-

1996 4804 2101 4848 tem
2134 4793 2305 4846 virtus
2334 4784 2402 4845 de
2430 4789 2635 4842 malitia
2662 4787 2807 4841 victa
2830 4783 3212 4854 triumphabit,
3232 4795 3355 4834 cum
3387 4779 3562 4833 ratio-

1997 4886 2083 4939 nis
2111 4880 2336 4937 auxiliis
2367 4879 2607 4948 superati
2642 4892 2834 4932 onmes
2864 4875 2961 4928 tibi
2995 4872 3190 4928 cedent
3219 4867 3519 4923 adversarii
3545 4882 3562 4933 ;

1994 4984 2128 5028 tunc
2158 4971 2473 5043 implebitur
2504 4967 2555 5021 id
2593 4965 2738 5035 quod
2764 4980 2831 5019 ex
2861 4975 3094 5033 persona
3124 4958 3216 5013 Dei
3248 4959 3302 5011 in
3332 4957 3563 5027 prophe-

1995 5066 2071 5118 tia
2098 5065 2303 5118 dictum
2335 5070 2421 5115 est
2441 5101 2454 5125 ,
2482 5078 2500 5110 ι
2526 5057 2638 5126 Ego
2663 5056 2909 5113 occidam
2938 5063 2993 5107 et
3020 5052 3206 5106 vivere
3237 5048 3437 5103 faciam
3467 5048 3509 5101 ⁵.
3538 5066 3557 5098 ι

1995 5156 2157 5210 Nullo
2188 5154 2338 5209 enim
2370 5159 2531 5222 pacto
2559 5151 2609 5203 id
2641 5146 2785 5216 quod
2819 5146 2871 5198 in
2906 5143 3067 5198 nobis
3095 5150 3181 5196 est
3226 5141 3427 5195 bonum
3469 5153 3567 5208 po-

2000 5256 2109 5303 test
2141 5246 2327 5300 vivere
2348 5285 2363 5307 ,
2397 5244 2504 5298 nisi
2534 5257 2600 5297 ex
2632 5236 2935 5294 adversarii
2968 5243 3145 5289 morte
3167 5233 3276 5287 vita
3307 5230 3384 5285 illi
3412 5245 3568 5283 com-

1996 5343 2237 5408 paretur.
2268 5333 2521 5399 Quandiu
2556 5340 2732 5384 autem
2764 5327 2979 5382 duobus
3011 5326 3362 5387 inhaeremus,
3399 5323 3565 5377 alter-

1998 5437 2120 5482 utra
2180 5439 2344 5479 manu
2386 5421 2667 5478 contraria
2706 5418 3171 5487 complectentes,
3216 5415 3331 5471 fieri
3379 5416 3569 5484 nequit

2006 5529 2062 5574 ut
2093 5529 2387 5587 utrumque
2417 5527 2839 5583 coxiscquamur.
2872 5509 3149 5577 Quantum
3182 5508 3326 5565 enint
3358 5522 3420 5562 ex
3459 5521 3568 5561 una
