4034 6132
480 337 578 393 259

1705 324 1762 381 S.
1800 323 2127 383 GREGORII
2163 326 2458 385 NYSSENI

3605 316 3775 401 ero

481 459 630 522 parte
671 447 891 503 malitia:
920 444 1196 517 capimus,
1225 449 1438 497 tantum
1488 455 1554 497 ex
1600 441 1775 497 altera
1816 443 2042 498 virtutis

2162 445 2250 501 Γοῦ
2289 447 2399 519 γὰρ
2437 441 2905 517 περιδραξαμένου
2936 438 3038 510 τῆς
3079 452 3277 507 κακῖας
3300 434 3375 508 ,ἡ
3412 434 3587 508 ἀρετὴ
3615 437 3718 507 τῆς

478 541 801 594 amittimus.
850 536 989 598 Sed.
1037 544 1097 590 ut
1128 551 1195 591 eo
1231 535 1374 590 unde
1413 535 1663 606 digressa
1709 541 1831 600 est,
1861 550 2044 590 rever-

482 643 627 686 tatur
656 631 862 693 oratio,
894 643 1001 683 una
1031 637 1115 683 est
1144 627 1211 681 ad
1245 642 1433 697 puram
1463 626 1814 695 divinamquc
1841 627 2040 690 vitam,

483 724 732 778 virtutem
761 719 1072 773 amantibus
1104 720 1284 782 via,ut
1311 723 1646 788 cognoscant
1681 716 1818 785 quid,
1841 714 2044 770 Christi

476 812 799 871 vocabulum
831 809 1103 881 signiﬁcet
1122 852 1137 876 ,
1167 810 1328 880 eique
1356 807 1570 862 vivendi
1604 809 1869 862 rationem
1898 821 1963 861 ex
1996 809 2042 859 vi

475 911 796 961 sanctorum
836 904 1124 956 nominum
1158 902 1363 956 virtute
1393 900 1687 969 expolitam
1724 908 1778 954 et
1818 897 2047 953 concin-

478 1010 602 1048 nam
658 992 1104 1047 accommodent.
1158 990 1511 1060 Quaecunque
1555 989 1722 1058 igitur
1772 988 1934 1043 verba
1979 1002 2047 1040 ex

478 1094 670 1140 sancta
697 1083 849 1138 Pauli
875 1083 1125 1139 doctrina
1151 1083 1352 1138 Christi
1384 1080 1835 1152 signiﬁcationem
1871 1078 2046 1148 expli-
2065 1126 2079 1139 ,

478 1175 659 1230 cantia
685 1175 955 1230 orationis
984 1175 1142 1228 initio
1170 1176 1550 1230 recensuimus
1578 1215 1593 1239 ,
1624 1187 1688 1228 ea
1716 1173 1761 1228 si
1786 1171 1945 1226 nobis
1972 1171 2048 1224 ita

485 1281 860 1336 proponamus
881 1307 895 1331 ,
928 1273 987 1320 ut
1017 1266 1213 1335 partim
1236 1306 1250 1332 ,
1285 1265 1743 1336 quemadmodum
1772 1263 2044 1326 diximus,

482 1358 781 1421 imitemur,
820 1356 1017 1426 partim
1060 1355 1343 1420 colamus,
1388 1355 1723 1411 tutissimum
1769 1355 1929 1410 nobis
1981 1354 2048 1408 ad

484 1447 626 1502 bene
655 1447 919 1517 beateque
950 1445 1240 1500 vivendum
1274 1446 1479 1501 aditum
1511 1446 1843 1501 muniemus.
1871 1447 1912 1499 Α
1944 1446 2051 1515 pri-

484 1538 587 1593 mis
618 1538 800 1609 igitur,
823 1552 946 1592 eum
978 1543 1259 1592 servantes
1285 1535 1531 1591 ordinem
1552 1579 1566 1603 ,
1588 1552 1744 1606 quem
1771 1537 1941 1592 series
1967 1551 2053 1591 eo-

481 1645 626 1695 rum,
655 1644 775 1699 qua:
796 1628 907 1697 jam
932 1627 1389 1692 enumeravimus,
1414 1629 1674 1697 suggerit,
1695 1628 2046 1699 incipiamus:

478 1719 735 1774 Christus
766 1719 856 1773 Dei
887 1719 1062 1773 virtus
1092 1725 1146 1773 et
1177 1719 1444 1789 sapientia
1477 1719 1517 1772 ⁸.
1552 1718 1629 1772 Ex
1666 1719 1750 1774 his
1784 1719 2051 1774 discimus

484 1821 547 1893 ea
577 1820 698 1878 qua:
726 1806 998 1861 divinitati
1026 1808 1395 1872 conveniunt,
1419 1823 1483 1862 ex
1507 1808 1706 1878 quibus
1726 1807 1929 1863 Christi
1954 1824 2055 1863 no-
2086 1790 2126 1845 Β

482 1913 609 1954 men
648 1896 806 1953 nobis
847 1898 1214 1953 venerandum
1254 1896 1502 1953 eﬁicitur.
1551 1898 1763 1953 Etenim
1803 1897 1929 1968 quia
1964 1915 2054 1955 res

485 2004 701 2055 omnes,
727 2005 848 2059 quae
878 1990 960 2045 vel
987 2005 1154 2045 sensu
1185 1990 1584 2061 percipiuntur,
1617 1990 1702 2045 vel
1735 2005 1931 2046 sensus
1962 2007 2055 2045 su—

484 2090 677 2153 perant
705 2082 1071 2153 cognitionem
1092 2123 1108 2150 ,
1142 2097 1238 2152 per
1268 2082 1446 2153 ipsum
1478 2082 1684 2138 effectae
1715 2091 1873 2148 sunt,
1910 2092 1965 2138 et
1998 2084 2054 2138 in

485 2173 607 2244 ipso
637 2175 964 2239 consistunt,
984 2175 1296 2230 necessario
1324 2174 1390 2229 ad
1421 2174 1785 2230 deﬁniendam
1817 2175 2057 2230 nominis

484 2265 664 2328 illius,
706 2265 799 2335 qui
829 2275 1026 2320 cuneta
1060 2264 1405 2335 procreavit,
1440 2265 1926 2337 signiﬁcationem,
1963 2282 2055 2322 sa-

488 2355 692 2425 pientia
721 2364 775 2411 et
799 2357 974 2411 virtus
1004 2356 1429 2427 conjunguntur.
1457 2354 1593 2411 Nam
1626 2372 1695 2413 ex
1732 2357 1945 2413 duabus
1970 2355 2057 2413 his

487 2447 714 2503 vocibus
753 2448 830 2502 ita
860 2447 1131 2518 capulatis
1173 2448 1225 2503 id
1266 2449 1660 2519 intelligimus;
1701 2464 1880 2518 neque
1909 2447 2055 2503 enim

482 2546 671 2594 essent
710 2538 825 2593 hmc
864 2553 1058 2609 magna
1099 2544 1154 2593 et
1195 2553 1318 2606 quae
1354 2538 1503 2592 nulla
1553 2538 1762 2594 ratione
1794 2537 2059 2608 explicari

490 2634 718 2697 possunt
762 2635 1139 2682 creaturarum
1188 2626 1492 2691 miracula,
1536 2627 1641 2682 nisi
1687 2636 1742 2682 et
1788 2627 2055 2698 sapientia

489 2734 678 2774 eorum
708 2719 1145 2788 procreationem
1175 2718 1578 2790 excogitasset,
1612 2726 1667 2774 et
1696 2718 1872 2774 virtus
1896 2758 1911 2784 ,
1940 2732 2062 2788 quae

492 2827 590 2882 per
636 2809 965 2879 sapientiam
1017 2811 1325 2881 excogitata
1377 2809 1633 2876 fuerant,
1686 2809 2060 2874 confecisset;

493 2917 592 2974 per
635 2901 891 2955 virtutem
943 2900 1091 2957 enim
1140 2901 1317 2972 ipsius
1367 2902 1651 2973 sapientiae
1698 2901 2063 2973 cogitationes

488 3007 658 3063 opera
690 3001 838 3048 sunt.

2142 538 2312 608 λαϐῆς
2366 537 2747 607 ἐξωλίσθησεν.
2800 530 3009 586 Οὐκοῦν
3061 527 3222 582 πάλιν
3275 526 3368 582 τὸν
3424 526 3480 593 ἐξ
3541 527 3718 598 ἀρχῆς

2145 628 2503 698 ἀναλάϐωμεν
2530 626 2707 695 λόγον,
2733 625 2816 678 ὅτι
2853 622 2949 693 μία
2981 619 3117 691 πρὸς
3148 618 3246 689 τὴν
3269 617 3513 688 καθαράν
3535 634 3592 670 τε
3621 616 3721 669 καὶ

2145 718 2295 772 θείαν
2320 718 2465 789 ζωήν
2499 718 2616 770 ἐστι
2657 716 2768 777 τοῖς
2819 710 3125 782 φιλαρέτοις
3156 708 3293 772 ὁδὸς,
3319 705 3521 775 γνῶναι
3542 707 3594 760 τί
3620 723 3721 776 ση-

2149 810 2327 880 μαίνει
2357 808 2452 862 τοῦ
2492 805 2731 879 Χριστοῦ
2761 804 2822 857 τὸ
2872 804 3044 871 ὄνομα
3067 840 3081 864 ,
3115 793 3160 867 ᾧ
3192 800 3297 869 χρὴ
3332 799 3427 852 καὶ
3457 798 3550 851 τὸν
3589 799 3724 870 ήμέ-

2145 916 2303 969 τερον
2328 895 2794 969 συμμορφωθῆναι
2829 892 2961 964 βίον,
2996 891 3083 945 διὰ
3111 891 3209 960 τῆς
3241 890 3349 943 τῶν
3370 888 3572 943 λοιπῶν
3603 890 3723 942 ὀνο-

2151 989 2334 1058 μάτων
2406 988 2696 1058 ἐμφάσεως
2746 985 2827 1047 εἰς
2873 980 3072 1054 ἀρετὴν
3129 978 3543 1051 ρυθμιζόμενον.
3578 978 3726 1031 Ὅσα

2147 1081 2325 1135 τοίνυν
2354 1082 2410 1134 ἐν
2456 1082 2569 1142 τοῖς
2607 1076 2913 1148 προοιμίοις
2955 1073 3050 1128 τοῦ
3076 1073 3235 1142 λόγου
3270 1072 3491 1145 ῥήματά
3534 1088 3594 1124 τε
3629 1071 3725 1124 καὶ

2148 1172 2387 1242 ὀνόματα
2407 1170 2559 1241 παρά
2594 1170 2693 1240 τῆς
2746 1166 2910 1236 ἁγίας
2937 1165 3031 1219 τοῦ
3075 1163 3288 1217 Παύλου
3336 1163 3518 1233 φωνῆς
3544 1163 3724 1233 ἑρμη-

2149 1263 2371 1319 νευτικὰ
2416 1263 2515 1334 τῆς
2545 1260 2636 1315 τοῦ
2667 1256 2903 1330 Χριστοῦ
2956 1257 3233 1329 σημασίας
3285 1252 3724 1325 συνελεξάμεθα,

2149 1358 2324 1414 ταῦτα
2374 1356 2668 1428 προθέντες
2700 1355 2779 1416 είς
2823 1354 2922 1424 τὴν
2971 1350 3339 1422 προκειμένην
3387 1351 3520 1422 ἡμῖν
3553 1367 3727 1403 σπου-

2150 1452 2266 1522 δὴν,
2292 1448 2703 1518 ἀσφαλεστάτην
2734 1444 2954 1515 ὁδηγίαν
2977 1444 3058 1507 είς
3088 1442 3179 1495 τὸν
3190 1441 3319 1513 ,βίον
3341 1441 3431 1494 τὸν
3448 1441 3569 1496 κατ’
3591 1441 3721 1513 ἀρεο

2151 1542 2250 1613 τὴν
2276 1538 2635 1611 ποιησόμεθα,
2665 1537 2735 1590 τὰ
2789 1537 2889 1604 μὲν
2933 1534 3278 1606 μιμούμενοι,
3311 1531 3493 1598 καθὼς
3530 1533 3588 1586 ἐν
3613 1534 3731 1596 τοῖς

2154 1632 2422 1702 φθάσασιν
2456 1629 2690 1702 εἴρηται,
2714 1627 2782 1682 τὰ
2807 1626 2865 1680 δὲ
2909 1623 3341 1695 προσκυνοῦντες
3382 1623 3479 1676 καὶ
3506 1621 3732 1686 σεϐαζό-

2158 1743 2329 1797 μενοι.
2363 1721 2608 1777 Γενέσθω
2650 1719 2707 1774 δέ
2740 1721 2871 1791 ἡμῖν
2895 1718 3047 1784 τάξις
3091 1716 3201 1770 τῶν
3233 1715 3537 1786 εἰρημένων
3562 1715 3596 1785 ή
3623 1715 3732 1767 ἀπ-

2156 1816 2471 1889 αρίθμησις.
2501 1810 2709 1867 Οὐκοῦν
2737 1811 2847 1865 ἀπὸ
2875 1811 2981 1863 τῶν
3010 1808 3240 1881 πρώτων
3267 1806 3560 1879 ἀρξόμεθα·
3595 1807 3735 1878 Χρι-

2159 1909 2303 1975 στὸς,
2326 1909 2479 1979 φησὶ,
2498 1904 2630 1960 Θεοῦ
2654 1904 2880 1975 δύναμις
2904 1902 2997 1956 καὶ
3023 1900 3158 1955 Θεοῦ
3190 1901 3373 1970 σοφία.
3399 1899 3499 1953 Διά
3524 1897 3735 1952 τούτων

2158 1997 2372 2071 πρῶτον
2408 1997 2506 2068 μὲν
2554 1995 2655 2059 τὰς
2706 1994 3028 2065 θεοπρεπεῖς
3084 1990 3292 2054 ἐννοίας
3345 1989 3433 2044 διὰ
3482 1989 3584 2060 τῆς
3633 1988 3734 2043 τοῦ

2157 2088 2392 2160 Χριστοῦ
2416 2085 2783 2161 προσηγορίας
2818 2085 3157 2157 μανθάνομεν
3181 2121 3196 2148 ,
3229 2081 3296 2136 δι’
3333 2076 3407 2137 ὧν
3440 2080 3736 2151 σεϐάσμιον

2159 2181 2290 2251 ἡμῖν
2325 2178 2386 2233 τὸ
2412 2178 2583 2250 ὄνομα
2632 2177 2863 2247 γίνεται.
2904 2174 3120 2246 Ἐπειδὴ
3148 2174 3257 2246 γὰρ
3283 2174 3434 2228 πᾶσα
3470 2174 3504 2244 ἡ
3533 2173 3734 2238 “tam

2157 2271 2257 2341 ὅση
2280 2287 2342 2323 τε
2373 2271 2439 2341 τῇ
2474 2269 2722 2340 αἰσθήσει
2750 2265 3098 2336 γινώσκεται,
3122 2266 3215 2319 καὶ
3235 2267 3268 2335 ή
3292 2265 3390 2336 τῆς
3414 2263 3738 2336 αίσθητικῆς

2158 2362 2532 2432 ὑπερκειμένη
2582 2360 2980 2431 κατανοήσεως,
3008 2357 3074 2412 δι’
3099 2355 3262 2410 αὑτοῦ
3307 2355 3521 2425 γέγονε,
3549 2354 3645 2409 καὶ
3676 2356 3738 2408 ἐν

2160 2452 2309 2524 αὐτῷ
2347 2451 2694 2525 συνέστηκεν,
2715 2443 3026 2520 ἀναγκαίως
3077 2448 3213 2520 πρὸς
3243 2448 3334 2503 τὸν
3365 2446 3590 2518 ὁρισμὸν
3634 2448 3740 2517 τῆς

2159 2542 2255 2597 τοῦ
2293 2540 2526 2613 Χριστοῦ
2564 2540 2866 2610 παρουσίας
2890 2536 2990 2592 τοῦ
3017 2539 3086 2592 τά
3115 2537 3292 2592 πάντα
3328 2538 3679 2608 ποιήσαντος,
3702 2535 3738 2607 ἡ

2164 2632 2324 2702 σοφία
2339 2633 2404 2702 τῇ
2424 2630 2651 2702 δυνάμει
2680 2628 3066 2699 συμπλέκεται.
3087 2626 3258 2680 Τοῦτο
3286 2626 3547 2681 νοούντων
3576 2626 3610 2696 ή
3619 2624 3738 2695 μῶν

2162 2720 2250 2775 διὰ
2270 2721 2368 2793 τῆς
2396 2719 2502 2773 τῶν
2530 2718 2624 2773 δύο
2668 2717 2872 2771 τούτων
2905 2716 3098 2786 φωνῶν
3129 2715 3410 2785 συζυγίας,
3437 2716 3536 2787 τῆς
3575 2714 3740 2771 δυνά-

2166 2811 2309 2882 μεὼς
2340 2828 2400 2864 τε
2418 2810 2562 2878 λέγω
2592 2809 2687 2862 καὶ
2717 2808 2816 2879 τῆς
2844 2807 3063 2876 σοφίας,
3102 2807 3184 2861 ὅτι
3207 2807 3306 2862 οὒκ
3333 2806 3399 2861 ἂν
3428 2803 3497 2879 ἦν
3527 2807 3595 2862 τὰ
3639 2823 3743 2879 με·

2162 2900 2304 2970 γάλα
2355 2899 2529 2955 ταῦτα
2570 2900 2665 2953 καὶ
2713 2900 2967 2969 άφραστα
3018 2899 3120 2970 τῆς
3169 2899 3399 2964 κτίσεως
3444 2898 3740 2971 θαύματα,

2169 2995 2244 3065 μὴ
2279 2992 2469 3062 σοφίας
2506 2993 2603 3064 μὲν
2632 2992 2730 3062 τὴν
2758 2991 2971 3060 γένεσιν
2999 2991 3178 3046 αὐτῶν
3215 2990 3552 3061 ἐπινοούσης,
3578 2989 3742 3044 δυνά-

497 3099 641 3153 μεως
670 3081 727 3135 δὲ
756 3085 824 3154 τῇ
855 3081 1015 3153 σοφίᾳ⁵
1049 3081 1508 3154 παρομαρτούσης
1535 3084 1672 3156 προς
1701 3084 1798 3156 τὴν
1823 3085 1928 3139 τῶν
1965 3082 2262 3156 νοηθέντων
2287 3082 2588 3147 τελείωσιν,
2614 3081 2680 3135 δι’
2711 3077 2780 3153 ἧς
2806 3080 2945 3153 ἔργα
2975 3081 3043 3134 τὰ
3071 3083 3317 3153 νοήματα
3354 3081 3583 3151 γίνεται.

562 3171 770 3227 Christi
803 3172 968 3243 igitur
998 3170 1324 3243 signiﬁcatio
1356 3174 1411 3226 in
1443 3173 1586 3230 hanc
1612 3173 2016 3254 duplicemvim
2043 3214 2059 3241 ,

2236 3173 2532 3246 Μερίζεται
2567 3171 2748 3226 τοίνυν
2782 3172 3131 3245 καταλλήλως
3158 3175 3238 3236 είς
3283 3173 3476 3244 διπλῆν
3505 3172 3744 3244 ἔμφασιν

496 3262 822 3332 sapientiam
882 3263 1098 3318 scilicet
1154 3261 1569 3333 virtutemque,
1622 3262 1906 3328 dividitur,
1962 3274 2062 3327 ut,

497 3354 720 3426 quando
759 3369 943 3409 rerum
975 3352 1344 3409 universitatis
1380 3355 1810 3424 magnitudinem
1865 3354 2068 3424 aspici-

498 3462 621 3503 mus
642 3487 656 3512 ,
686 3462 749 3500 ex
779 3460 843 3500 ea
870 3444 1196 3499 immensam
1230 3441 1323 3498 Dei
1356 3444 1612 3498 virtutem
1639 3457 2062 3515 cognoscamus.

494 3535 729 3604 Quando
757 3543 935 3589 autem
962 3534 1375 3590 consideramus
1399 3550 1638 3605 quonam
1663 3534 1824 3589 modo
1855 3549 1916 3589 ea
1947 3548 2069 3603 quae

496 3629 648 3683 nulla
682 3626 918 3691 fuerant,
955 3628 1135 3697 genita
1185 3626 1316 3691 sint,
1349 3641 1461 3681 tam
1503 3626 1824 3682 multiformi
1870 3638 2068 3681 natura

497 3720 552 3774 iu
591 3718 753 3773 rebus
791 3732 886 3783 per
929 3717 1174 3773 divinum
1225 3716 1489 3788 Spiritum
1521 3718 1858 3785 exsistente,
1896 3717 2068 3772 incre-

498 3808 721 3863 dibilem
756 3807 934 3877 ipsius
967 3807 1056 3874 qui
1088 3807 1182 3860 illa
1212 3807 1540 3878 excogitarit
1569 3808 1899 3877 sapientiam
1933 3807 2066 3861 ado-

498 3914 687 3956 remus
716 3906 769 3952 et
798 3897 1164 3967 suspiciamus
1185 3936 1200 3960 ,
1226 3898 1387 3968 cujus
1415 3900 1648 3969 cogitata
1677 3903 1796 3970 ipsa
1828 3910 1954 3955 sunt
1985 3900 2068 3954 fa-

500 3998 588 4044 cta
613 4006 626 4044 :
656 4003 831 4057 neque
863 4003 992 4043 vero
1021 3988 1212 4059 ignava
1255 3989 1359 4043 erit
1398 3990 1516 4045 haec
1561 3991 1693 4046 ﬁdes
1718 4030 1731 4054 ,
1772 4006 1879 4061 qua
1918 3989 2072 4045 Chri-

503 4086 648 4134 stum
684 4092 807 4132 esse
833 4079 1085 4132 virtutem
1112 4088 1165 4134 et
1195 4080 1514 4151 sapientiam
1546 4082 1840 4147 credimus,
1875 4083 1970 4139 sed
2001 4083 2069 4138 ad

500 4166 635 4221 boni
678 4166 1125 4237 dijudicationem
1173 4170 1336 4225 nobis
1378 4172 1486 4227 erit
1528 4172 1868 4241 adjumento.
1912 4173 2071 4240 Quod

500 4258 647 4313 enim
680 4259 802 4329 quis
835 4260 1152 4328 supplicans
1180 4262 1439 4331 appellat,
1473 4264 1527 4319 id
1551 4263 1617 4318 ad
1640 4265 1879 4335 seipsum
1910 4266 2073 4321 obse-

502 4348 711 4405 crando
740 4349 906 4404 trahit
932 4358 986 4404 et
1016 4349 1202 4418 ducit;
1243 4361 1405 4423 atque
1440 4354 1757 4409 interiorem
1793 4356 2068 4410 hominem

501 4442 704 4497 virtute
742 4441 814 4495 ita
854 4442 1207 4507 corroborat,
1255 4455 1311 4498 ut
1348 4445 1648 4514 Apostolus
1698 4447 1764 4502 ad
1808 4447 2067 4503 virtutem

2165 3266 2227 3319 τὺ
2255 3266 2349 3319 τοῦ
2376 3264 2613 3335 Χριστοῦ
2651 3264 3045 3336 σημαινόμενον
3063 3305 3078 3329 ,
3109 3267 3187 3329 είς
3214 3262 3313 3336 τήν
3346 3264 3538 3334 σοφίαν
3562 3282 3624 3318 τε
3647 3267 3744 3320 καὶ

2166 3356 2264 3427 τὴν
2286 3355 2535 3427 δύναμιν,
2562 3357 2628 3409 ἶν’
2660 3356 2787 3409 ὅταν
2821 3356 2919 3426 μὲν
2951 3356 3086 3428 πρὸς
3127 3356 3188 3410 τὺ
3233 3356 3464 3428 μέγεθος
3503 3359 3603 3429 τῆς
3632 3357 3745 3410 τῶν

2166 3446 2335 3500 ὄντων
2365 3448 2673 3510 συστάσεως
2692 3447 3105 3518 ἀποϐλέψωμεν,
3141 3448 3237 3520 τὴν
3267 3450 3542 3521 ἄφραστον
3574 3450 3745 3504 αὐτοῦ

2167 3539 2392 3610 δύναμιν
2419 3539 2507 3593 διά
2528 3539 2637 3593 τῶν
2654 3539 3218 3611 καταλαμϐανομένων
3249 3542 3550 3613 νοήσωμεν.
3574 3541 3745 3596 Ὅταν

2167 3629 2225 3683 δὲ
2256 3628 2598 3701 λογιζώμεθα
2624 3631 2704 3683 ὃτι
2729 3629 2798 3682 τὰ
2829 3631 2902 3700 μὴ
2932 3629 3062 3684 ὅντα
3091 3630 3367 3703 παρῆλθεν
3390 3634 3470 3696 είς
3507 3633 3746 3700 γένεσιν,

2168 3722 2266 3792 τῆς
2308 3720 2618 3784 πολυειδοῦς
2656 3722 2712 3774 ἐν
2743 3722 2857 3783 τοῖς
2902 3715 3019 3774 οὖσι
3064 3720 3280 3790 φύσεως
3321 3721 3409 3776 διὰ
3438 3720 3585 3775 θείου
3619 3723 3746 3777 νεύ-

2173 3831 2340 3886 ματος
2392 3812 2747 3884 ούσιωθείσης
2771 3856 2786 3881 ,
2818 3812 2938 3866 τότε
2985 3812 3082 3884 τὴν
3120 3812 3503 3883 ἀκατάληπτον
3552 3814 3747 3882 σοφίαν

2168 3906 2259 3958 τὸν
2288 3904 2519 3976 Χριστὸν
2557 3904 2846 3958 πιστεύειν.
2872 3905 2936 3958 Ὃ
2967 3906 3074 3977 γάρ
3105 3922 3189 3968 τις
3213 3905 3547 3960 ἐπικαλεῖται
3578 3923 3750 3977 προσ-

2171 3995 2481 4066 ευχόμενος,
2515 3995 2608 4049 καὶ
2638 3996 2773 4067 πρὸς
2799 3996 2827 4049 ὃ
2860 3995 3047 4066 βλέπει
3074 3996 3152 4067 τῷ
3187 3996 3282 4067 τῆς
3320 3996 3497 4068 ψυχῆς
3541 3998 3748 4066 ὀφθαλ-

2174 4087 2279 4159 μῷ,
2316 4087 2472 4141 τοῦτο
2505 4089 2639 4159 πρὸς
2695 4088 2884 4142 ἐαυτὸν
2931 4088 3019 4142 διὰ
3061 4088 3160 4158 τῆς
3213 4088 3378 4159 εὐχῆς
3406 4091 3747 4143 ἐπισπᾶταιο

2171 4181 2264 4234 καὶ
2288 4179 2428 4234 οὕτω
2456 4180 2680 4252 δυνάμει
2720 4197 2778 4233 τε
2814 4179 3165 4251 κραταιοῦται
3204 4180 3338 4252 πρὸς
3364 4180 3456 4232 τὸν
3493 4181 3602 4233 ἔσω
3649 4182 3747 4236 ἀν-

2173 4273 2416 4344 θρωπον,
2468 4271 2650 4337 καθώς
2708 4290 2869 4344 φησιν
2913 4273 2941 4325 ὁ
3009 4273 3367 4337 Ἀπόστολος,
3396 4273 3426 4325 ὁ
3458 4273 3595 4343 πρὸς
3646 4274 3750 4344 τὴν

2171 4362 2397 4433 δύναμιν
2427 4362 2636 4432 βλέπων
2667 4362 2934 4434 (Χριστὸς
2981 4362 3039 4417 δέ
3085 4364 3232 4415 ἐστιν
3268 4363 3301 4432 ἡ
3332 4360 3618 4432 δύναμις),
3653 4362 3749 4415 καὶ

2176 4452 2334 4522 σοφὸς
2389 4453 2621 4522 γίνεται,
2649 4451 2830 4515 καθὼς
2878 4454 2912 4524 ή
2943 4452 3217 4523 Παροιμία
3250 4452 3432 4521 φησὶν,
3454 4454 3483 4504 ὁ
3526 4450 3624 4522 τὴν
3655 4469 3747 4504 σο-

402 4532 407 4535 ’
506 4535 814 4605 respiciens
858 4535 1032 4589 dicit:
1087 4537 1339 4593 Christus
1381 4512 1561 4594 autem
1605 4549 1689 4595 est
1730 4540 1826 4595 Dei
1869 4541 2061 4598 virtus.

2176 4544 2302 4613 φίαν
2349 4543 2792 4615 ἐπικαλούμενος,
2821 4544 2941 4613 ἥτις
2988 4543 3149 4596 πάλιν
3205 4546 3401 4598 νοεῖται
3451 4545 3479 4596 ὁ
3518 4543 3746 4614 Κύριος.

502 4625 569 4680 Et
599 4627 818 4696 sapiens
866 4625 950 4689 ﬁt,
984 4636 1044 4680 ut
1075 4627 1129 4681 in
1159 4626 1470 4684 Proverbiis
1502 4639 1685 4700 patet,
1722 4632 1815 4702 qui
1848 4634 2067 4703 sapien-

501 4720 635 4773 tiam
668 4720 917 4781 invocat,
951 4734 1074 4789 qua:
1105 4721 1331 4775 omnino
1366 4720 1629 4778 Dominus
1657 4738 1780 4780 esse
1815 4724 2071 4795 intelligi—

502 4817 594 4861 tur
620 4810 662 4861 ".
696 4809 876 4874 Quare
909 4811 999 4863 ille
1020 4849 1036 4874 ,
1082 4811 1178 4880 qui
1206 4828 1403 4867 nomen
1433 4813 1597 4870 habet
1625 4830 1654 4868 a
1682 4816 1907 4870 Christo
1928 4856 1942 4881 ,
1977 4817 2069 4887 qui

501 4900 681 4953 virtus
727 4908 812 4954 est
840 4905 894 4954 el.
924 4901 1217 4970 sapientia,
1244 4902 1417 4958 virtus
1444 4907 1605 4959 etiam
1636 4921 1759 4960 cum
1789 4923 1855 4961 eo
1885 4909 2071 4978 appel—

503 4989 673 5052 latur,
702 5005 827 5044 cum
861 4990 1123 5047 adversus
1156 5002 1443 5061 peccatum
1484 5005 1708 5052 strenue
1748 5014 1811 5053 ac
1857 4998 2073 5055 fortiter

503 5088 708 5151 pugnat
742 5098 757 5135 :
788 5081 917 5135 dum
950 5098 1080 5138 vero
1111 5083 1164 5136 id
1208 5086 1355 5154 quod
1407 5088 1603 5143 melius
1647 5100 1732 5145 est
1781 5091 1964 5161 eligit,
2014 5093 2072 5147 in

385 5226 395 5234 ,
502 5172 688 5242 scipso
724 5173 1051 5243 sapientiam
1088 5175 1351 5231 osmndit.
1390 5178 1508 5242 Qua
1539 5180 1757 5247 quidem
1790 5182 2073 5253 sapientia:

500 5262 836 5331 virtutisque
865 5264 1255 5333 conjunctione
1279 5268 1385 5321 vita
1409 5269 1648 5338 perfecta
1675 5274 2070 5344 constituitur;

502 5351 675 5405 altera
704 5356 848 5405 enim
871 5392 885 5416 ,
917 5369 1038 5421 quae
1081 5363 1226 5411 recta
1271 5356 1610 5430 honestaque
1646 5371 1809 5428 sunt,
1858 5368 2069 5437 perspi-

501 5438 680 5494 cimus
706 5456 721 5494 :
752 5440 920 5496 altera
951 5483 965 5506 ,
996 5458 1117 5512 qua:
1148 5453 1439 5515 perspecta
1481 5447 1746 5507 habemus
1767 5491 1782 5515 ,
1813 5455 2067 5524 exsequi-

502 5545 627 5586 mur
662 5538 716 5585 et
754 5533 1166 5589 conﬁrmamus.
1192 5533 1311 5588 Jam
1344 5551 1476 5592 vero
1503 5537 1785 5597 Christum
1817 5556 1940 5599 esse
1975 5560 2066 5615 pa-

588 5706 653 5763 ‘l
691 5708 819 5766 Cor.
852 5722 889 5777 ι,
921 5706 1012 5762 2i.
1086 5710 1106 5742 ⁷
1143 5706 1306 5765 Prov.
1335 5724 1398 5779 ιι,
1428 5675 1463 5766 ε
1490 5728 1611 5786 sqq.

2175 4636 2383 4689 Οὐκοῦν
2416 4637 2538 4705 ὁτῷ
2568 4635 2787 4707 Χριστῷ
2820 4635 3409 4706 συνονομαζόμενος,ὄς
3437 4637 3551 4688 ἐστι
3588 4635 3753 4689 δύνα-

2177 4727 2269 4796 μίς
2296 4746 2354 4780 τε
2399 4728 2493 4780 καὶ
2528 4727 2717 4797 σοφία,
2768 4726 2862 4781 καὶ
2903 4729 2968 4797 τῇ
3009 4726 3242 4797 δυνάμει
3292 4725 3748 4796 συνονομάζεται,

2173 4818 2504 4888 δυναμωθεὶς
2531 4818 2673 4873 κατὰ
2716 4819 2815 4889 τῆς
2845 4817 3135 4890 ἁμαρτίας,
3182 4819 3276 4873 καὶ
3320 4819 3417 4886 τὴν
3451 4820 3646 4886 σοφίαν
3691 4821 3751 4872 ἐν

2174 4908 2349 4980 ἐαυτῷ
2385 4907 2563 4975 δείξει,
2593 4913 2659 4981 τῇ
2688 4909 2883 4982 ἐκλογῇ
2900 4908 2994 4962 τοῦ
3026 4909 3310 4980 βελτίονος.
3344 4910 3541 4980 Σοφίας
3562 4911 3618 4963 δὲ
3655 4914 3755 4964 καὶ

2167 4997 2449 5069 δυνάμεως
2495 5000 2552 5052 ἐν
2581 5000 2710 5069 ἡμῖν
2760 4999 3143 5070 δεικνυμένων,
3177 5001 3273 5070 τῆς
3325 4999 3424 5071 μὲν
3468 5000 3529 5053 τὸ
3585 5001 3751 5052 καλὸν

2169 5090 2520 5161 αἱρουμένης,
2550 5091 2647 5162 τῆς
2675 5091 2731 5143 δὲ
2757 5090 3039 5161 δυνάμεως
3068 5090 3129 5144 τὸ
3175 5090 3362 5162 νοηθὲν
3406 5090 3750 5161 βεϐαιούσης,

2171 5181 2525 5251 κατορθοῦται
2554 5180 2647 5233 τοῦ
2674 5180 2789 5251 βίου
2819 5180 2880 5233 τὸ
2911 5180 3114 5232 τέλειον
3149 5180 3213 5233 δι’
3252 5181 3453 5251 ἀμφοῖν
3504 5198 3565 5233 συ
3576 5183 3750 5251 μπλε-

2169 5270 2415 5339 κόμενον.
2468 5270 2624 5324 Οῦτω
2656 5272 2748 5325 καὶ
2784 5273 3004 5342 εἰρήνην
3028 5272 3118 5324 τὸν
3151 5272 3385 5343 Χριστὸν
3430 5274 3746 5343 νοήσαντες,

2176 5361 2351 5433 ἀληθῆ
2381 5362 2472 5416 τοῦ
2504 5362 2738 5436 Χριστοῦ
2780 5365 2875 5434 τὴν
2906 5362 3096 5432 κλῆσιν
3131 5361 3214 5431 ἐφ’
3238 5361 3445 5416 ἐαυτῶν
3483 5363 3748 5428 ἐπιδείξο-

2180 5471 2298 5523 μεν,
2323 5454 2418 5509 ἐάν
2453 5455 2540 5509 διὰ
2574 5455 2673 5526 τῆς
2707 5456 2765 5509 ἐν
2808 5457 2942 5527 ἡμῖν
2991 5456 3213 5527 είρήνης
3248 5455 3339 5508 τὸν
3386 5455 3621 5526 Χριστὸν
3672 5455 3749 5527 τῷ

2182 5548 2279 5619 βίῳ
2309 5548 2722 5619 ἐπιδειξώμεθα.
2767 5547 3003 5613 Ἐκεῖνος
3053 5547 3151 5619 τὴν
3198 5546 3397 5620 ἔχθραν
3426 5548 3748 5617 ἀπέκτεινε,
