4034 6132
323 321 421 380 261

1303 323 1401 380 DE
1435 323 1798 382 PERFECTA
1826 325 2222 384 ClIRlSTIANl
2286 326 2544 383 FORMA.

3469 325 3581 387 262

330 442 505 505 καθώς
537 458 702 513 φησιν
730 443 758 494 6
819 441 1156 506 Ἀπόστολος.
1209 443 1416 497 Οὐκοῦν
1466 445 1599 515 μηδὲ
1631 447 1792 516 ἡμεῖς
1837 449 1889 500 ἐν

1999 461 2117 502 cem
2169 446 2512 516 cogitantes,
2565 458 2747 501 veram
2789 443 3095 502 Christiani
3145 445 3570 518 appellationem

325 535 534 596 ἑαυτοῖς
564 533 772 603 ταύτην
793 533 1391 603 ζωοποιήσωμεν,ἀλ).ὰ
1420 535 1617 604 νεκρὰν
1638 537 1805 606 αὐτὴν
1836 539 1894 591 ὲν

324 624 396 695 τῷ
426 624 685 696 ἡμετέρῳ
732 626 994 696 δείξωμεν
1040 624 1160 695 βίῳ.
1193 627 1419 696 Μήποτε
1451 628 1549 699 τὴν
1583 628 1762 692 καλῶς
1801 631 1894 682 ἐπὶ

323 719 568 790 σωτηρίᾳ.
612 716 766 788 ἡμῶν
811 717 964 788 παρὰ
1004 717 1098 771 τοῦ
1135 717 1268 770 Θεοῦ
1303 721 1686 792 νεκρωθεῖσαν,
1734 723 1894 792 ἡμεῖς

319 810 404 862 ἐπ’
434 808 642 879 ὀλέθρῳ
674 807 788 860 τῶν
829 807 1017 877 ψυχῶν
1060 807 1238 877 ἡμῶν,
1272 808 1338 861 δι’
1365 809 1533 882 ὀργῆς
1571 813 1664 864 καὶ
1700 829 1894 884 μνησι-

319 899 516 962 κακίας
559 897 680 952 καθ’
708 897 916 950 ἑαυτῶν
947 899 1362 970 ἀναστήσωμεν,
1390 901 1634 972 πονηρὰν
1655 903 1892 958 ἀνάστα-

317 1008 402 1046 σιν
435 991 536 1060 τῆς
573 989 754 1055 καλῶς
798 990 1174 1062 ἀποθανούσης
1206 995 1701 1065 κατεργασάμενοι.
1751 995 1891 1049 Ἀλλ’

317 1085 365 1136 εί
396 1083 489 1135 τὸν
529 1082 764 1152 Χριστὸν
792 1081 1007 1154 ἔχομεν,
1041 1083 1099 1148 ὃς
1128 1084 1276 1138 ἑστιν
1306 1085 1340 1155 ἡ
1373 1086 1583 1157 εἰρήνη,
1615 1087 1707 1140 καὶ
1733 1088 1893 1158 ἡμεῖς

314 1175 372 1226 ἑν
404 1174 620 1235 ἑαυτοῖς
651 1170 751 1243 τὴν
787 1171 987 1244 ἔχθραν
1037 1175 1534 1247 νεκροποιήσωμεν,
1568 1177 1633 1230 ἶν’
1663 1178 1797 1248 ὅπερ
1833 1178 1890 1232 ἑν

310 1264 505 1333 ἐκείνῳ
535 1263 884 1334 πιστεύομεν,
911 1265 1069 1319 τοῦτο
1111 1267 1204 1321 καὶ
1231 1269 1289 1321 ὲν
1310 1267 1387 1338 τῷ
1413 1269 1664 1343 ἡμετέρῳ
1697 1287 1892 1341 κατορ-

309 1353 575 1424 θώσωμεν
606 1353 726 1423 βίῳ.
784 1354 872 1418 Ὡς
917 1354 1024 1426 γάρ
1071 1357 1274 1420 ἐκεῖνος
1325 1358 1386 1409 τὸ
1441 1358 1750 1428 μεσότοιχον
1795 1357 1888 1412 τοῦ

307 1443 568 1515 φραγμοῦ
606 1444 803 1510 λύσας,
840 1446 966 1508 τοὺς
1008 1445 1101 1498 δύο
1134 1445 1346 1499 ἔκτισεν
1376 1446 1435 1500 ἐν
1477 1446 1654 1517 ἑαυτῷ
1686 1449 1764 1511 εἰς
1795 1448 1890 1502 ἕνα

307 1538 496 1592 καινὸν
526 1537 814 1608 ἄνθρωπον
841 1577 854 1602 ,
892 1537 1062 1592 ποιῶν
1121 1540 1344 1610 εἰρήνην
1376 1554 1389 1566 ·
1427 1538 1568 1592 οὕτω
1606 1543 1698 1594 καὶ
1729 1543 1890 1612 ἡμεῖς

304 1633 388 1694 εἰς
414 1630 765 1698 καταλλαγὰς
789 1631 1081 1702 ἀγάγωμεν
1102 1632 1161 1684 οὐ
1199 1632 1357 1702 μόνον
1389 1633 1514 1695 τοὺς
1539 1631 1734 1696 ἔξωθεν
1758 1633 1889 1703 ἡμῖν

304 1725 821 1796 προσμαχομένους,
851 1724 987 1778 ἀλλὰ
1017 1725 1112 1779 καὶ
1139 1727 1264 1789 τοὺς
1294 1726 1351 1779 ὲν
1382 1727 1514 1797 ἡμῖν
1545 1727 1726 1788 αὐτοῖς
1761 1741 1886 1778 στα-

304 1791 617 1879 σιᾶζοντας,
668 1815 753 1869 ἵνα
789 1815 984 1886 μηκέτι
1034 1818 1068 1886 ἡ
1127 1815 1263 1888 σὰρξ
1310 1791 1550 1888 ἐπιθυμῇ
1610 1816 1752 1870 κατά
1795 1816 1888 1870 τοῦ
1919 1791 1961 1846 Β

300 1907 639 1978 πνεύματος,
677 1908 737 1961 τὸ
774 1909 832 1962 δὲ
887 1906 1102 1978 πνεῦμα
1155 1909 1294 1963 κατά
1338 1911 1436 1979 τῆς
1483 1909 1715 1978 σαρκόςο
1774 1909 1888 1963 ἀλλ’

301 1998 674 2066 ύποταγέντος
729 1997 822 2052 τοῦ
880 1998 1192 2068 σαρκώδους
1239 2001 1586 2072 φρονήματος
1634 1999 1714 2071 τῷ
1761 2001 1888 2071 θείῳ

294 2088 475 2158 νόμῳ,
511 2087 884 2160 είρηνεύωμεν
913 2090 972 2142 ἑν
996 2090 1229 2156 ἑαυτοῖς,
1263 2091 1343 2154 είς
1362 2091 1456 2145 ἕνα
1502 2092 1593 2145 τὸν
1620 2093 1802 2147 καινόν
1827 2110 1887 2146 τε

296 2181 400 2233 καὶ
445 2180 722 2252 εἰρηνικὸν
775 2179 1062 2251 ἄνθρωπον
1089 2181 1648 2253 ἀναστοιχειωθέντες,
1681 2185 1776 2237 καὶ
1807 2179 1888 2249 εἷς

293 2272 347 2324 οί
385 2271 480 2325 δύο
511 2273 813 2342 γενόμενοι.
849 2274 1086 2345 Εἰρήνης
1114 2274 1224 2346 γὰρ
1244 2275 1390 2345 ὄρος,
1418 2275 1452 2344 ἡ
1481 2274 1588 2328 τῶν
1612 2275 1887 2347 διεστηκό-

291 2377 411 2414 των
445 2361 595 2415 ἐστὶν
622 2361 921 2432 ὁμοφωνία.
954 2362 1117 2416 Ὅταν
1149 2357 1243 2416 οὖν
1265 2361 1512 2436 ἐξαιρεθῇ
1543 2363 1644 2434 τῆς
1672 2365 1887 2434 φύσεως

291 2454 324 2522 ἡ
333 2452 462 2521 μῶν
485 2454 514 2505 6
544 2451 808 2522 ἐμφύλιος
838 2453 1092 2524 πόλεμος,
1117 2453 1236 2508 τότε
1263 2456 1356 2508 καὶ
1380 2458 1559 2526 ἡμεῖς,
1593 2459 1649 2510 ὲν
1677 2459 1888 2521 ἑαυτοῖς

291 2543 741 2614 εἰρηνεύσαντες,
777 2544 965 2616 εἰρήνη
1005 2544 1290 2616 γινόμεθα,
1339 2545 1514 2618 ἀληθῆ
1555 2547 1646 2600 καὶ
1690 2548 1886 2619 κυρίαν

291 2631 563 2702 ἑφ⁹ἡμῶν
588 2632 682 2686 τοῦ
711 2632 942 2702 Χριστοῦ
971 2632 1068 2703 τὴν
1099 2635 1412 2705 ἐπωνυμίαν
1435 2635 1884 2701 ἐπιδεικνύοντες.

289 2717 421 2780 Φῶς
445 2720 505 2772 δὲ
537 2719 788 2792 ἀληθινὸν
817 2721 911 2774 καὶ¹
943 2720 1022 2792 τῷ
1049 2721 1236 2791 ψεύδει
1277 2724 1569 2795 ἀπρόσιτον
1597 2726 1888 2797 νοήσαντες

289 2811 395 2864 τὸν
445 2811 718 2881 Χριστὸν,
753 2811 910 2865 τοῦτο
961 2813 1337 2885 μανθάνομεν,
1371 2816 1452 2869 ὅτι
1495 2815 1601 2890 χρὴ
1662 2817 1755 2871 καὶ
1796 2819 1888 2873 τὸν

289 2900 577 2972 ἡμέτερον
598 2900 712 2969 βίον
741 2903 860 2966 ταῖς
883 2902 976 2955 τοῦ
993 2902 1246 2973 ἀληθινοῦ
1273 2904 1486 2977 Πατρὺς
1510 2908 1691 2961 ἀκτῖσι
1721 2926 1888 2964 κατα·

289 2992 658 3064 φωτίζεσθαι.
685 2995 902 3066 Ἀρεταὶ
929 2994 985 3048 δέ
1015 2997 1151 3052 εἰσιν
1182 3000 1237 3050 αἱ
1261 2999 1474 3063 ἀκτῖνες
1496 2999 1589 3054 τοῦ
1615 3001 1766 3071 ἡλίου
1786 3003 1886 3071 τῆς

288 3084 668 3154 δικαιοσύνης,
699 3087 779 3149 είς
806 3087 1080 3158 φωτισμὸν
1120 3089 1277 3159 ἡμῶν
1313 3092 1697 3162 ἀπορῥέουσαι,
1715 3094 1782 3146 δι’
1807 3087 1882 3148 ὧν
1911 3119 1954 3179 C

289 3176 512 3243 γίνεται
550 3175 612 3228 τὸ
649 3175 947 3229 ἀποθέσθαι
991 3177 1058 3230 τὰ
1114 3177 1251 3250 ἔργα
1285 3178 1377 3232 τοῦ
1413 3182 1653 3245 σκότους,
1675 3183 1770 3236 καὶ
1810 3183 1884 3248 ὡς

289 3267 354 3318 ἐν
395 3264 584 3337 ἡμέρᾳ
614 3267 937 3334 περιπατεῖν
975 3265 1349 3337 εὐσχημόνως,
1378 3268 1471 3322 καὶ
1511 3269 1884 3342 ἀπειπάμενον

289 3353 371 3408 τὰ
406 3354 625 3425 κρυπτά
658 3355 758 3425 τῆς
785 3355 1062 3426 αἰσχύνης,
1095 3355 1190 3408 καὶ
1221 3356 1397 3410 πάντα
1426 3357 1484 3408 ἑν
1512 3357 1649 3426 φωτὶ
1675 3358 1886 3412 ποιοῦν-

289 3465 386 3510 τα,
424 3447 518 3500 καὶ
571 3446 734 3501 αὐτὸν
779 3446 893 3514 φῶς
922 3445 1193 3514 γενέσθαι,
1219 3446 1356 3500 ὥστε
1411 3449 1505 3502 καὶ
1541 3449 1720 3513 ἄλλοις
1748 3450 1885 3522 λάμ-

290 3555 425 3592 πειν
470 3537 560 3591 διὰ
605 3537 714 3590 τῶν
761 3537 958 3607 ἔργων,
997 3537 1134 3608 ὅπερ
1175 3538 1351 3606 φωτός
1401 3541 1546 3594 ἑστιν
1587 3541 1734 3610 ἴδιον.
1766 3542 1883 3596 Κᾶν

288 3629 575 3700 ἁγιασμόν
606 3628 697 3681 τὸν
725 3628 959 3699 Χριστὸν
983 3625 1121 3682 εἶναι
1144 3633 1444 3702 νοήσωμεν,
1474 3633 1552 3704 τῷ
1591 3634 1770 3703 πάσης
1798 3633 1887 3702 βε-

289 3722 468 3792 ϐήλου
511 3719 608 3774 καὶ
630 3719 942 3791 ἀκαθάρτου
968 3720 1218 3792 πράξεως
1265 3723 1358 3776 καὶ
1392 3724 1615 3790 ἑννοίας,
1641 3723 1762 3794 οὐχ),
1784 3725 1883 3795 ῥή-

291 3830 433 3884 ματι
471 3811 566 3864 τοῦ
612 3809 882 3893 ἀγιαξμοῦ
913 3809 1010 3882 τὴν
1043 3810 1270 3884 δύναμιν
1319 3813 1721 3884 ὁμολογοῦντες,
1747 3815 1883 3870 ἀλλὰ

289 3905 378 3976 τῷ
413 3904 535 3974 βίῳ.
726 3937 819 3957 ςνν

1995 536 2350 592 ostendemus
2369 575 2385 601 ,
2411 537 2458 591 si
2489 551 2584 606 per
2611 551 2730 591 eam
2763 551 2953 606 pacem
2978 576 2994 603 ,
3029 553 3150 608 quae
3180 539 3237 593 in
3265 538 3427 594 nobis
3454 547 3568 607 est,

1994 629 2281 684 Christum
2312 629 2425 684 vita
2454 635 2644 683 nostra
2681 630 3140 698 expresserimus.
3169 630 3263 686 Ille
3294 631 3571 686 interfecit

1994 721 2342 775 inimicitiam
2362 760 2376 786 ,
2413 727 2475 775 ut
2506 720 2688 790 inquit
2720 722 3018 789 Apostolus
3047 722 3090 778 ⁸.
3134 720 3214 778 Ne
3247 722 3417 793 igitur
3447 737 3568 776 eam

1995 811 2051 866 in
2078 810 2240 866 nobis
2267 811 2380 865 ullo
2407 809 2570 866 modo
2600 810 2930 866 reviviscere
2957 813 3252 883 patiamur,
3284 813 3378 869 sed
3409 813 3572 882 plane

1994 908 2272 956 mortuam
2305 914 2428 956 esse
2452 900 2815 956 declat-emus.
2851 899 2930 956 Ne
2970 902 3232 971 praeclare
3263 916 3364 971 pro
3395 903 3572 956 salute

1992 997 2190 1042 nostra
2222 986 2568 1043 interfectam
2603 1001 2634 1040 a
2667 986 2778 1042 Deo
2799 1029 2814 1054 ,
2858 1002 2962 1046 nos
3003 989 3057 1042 in
3098 998 3414 1044 nostrorum
3443 1005 3571 1060 per-

1992 1081 2192 1136 niciem
2226 1081 2537 1135 animorum
2570 1080 2907 1145 irascentes,
2947 1088 3001 1135 et
3043 1079 3374 1150 injuriarum
3407 1081 3572 1137 remi-

1992 1173 2271 1229 niscentes
2295 1171 2621 1236 excitemus,
2645 1185 2766 1226 eam
2788 1210 2803 1236 ,
2834 1186 2958 1241 quae
2986 1172 3126 1226 bene
3153 1180 3364 1226 mortua
3386 1171 3568 1241 jacet,

1993 1264 2241 1334 improbe
2268 1265 2325 1318 in
2351 1265 2516 1318 vitam
2558 1270 2902 1318 revocantes.
2941 1260 3050 1317 Sed
3092 1275 3218 1316 cum
3264 1262 3570 1317 habeamus

1991 1355 2305 1420 Christum,
2336 1355 2432 1425 qui
2463 1361 2549 1410 est
2578 1369 2683 1424 pax
2703 1395 2717 1420 ,
2753 1369 2853 1411 nos
2885 1354 3015 1410 item
3050 1353 3393 1409 inimicitiam
3420 1354 3570 1409 occi-

1991 1445 2218 1510 damus,
2255 1452 2350 1511 ut,
2383 1444 2530 1514 quod
2565 1445 2621 1498 in
2663 1430 2802 1514 ipso°
2825 1445 3136 1509 credimus,
3187 1443 3242 1498 id
3283 1443 3340 1498 in
3378 1452 3570 1500 nostra

1994 1537 2101 1591 vita
2133 1551 2552 1607 prosequamur.
2584 1533 2655 1590 Ut
2684 1535 2774 1590 ille
2816 1536 2962 1590 enim
3018 1535 3259 1589 medium
3300 1535 3569 1605 parietem

1990 1627 2243 1681 maceriae
2271 1626 2489 1682 solvens
2519 1625 2660 1681 duos
2687 1625 2941 1680 condidit
2979 1626 3034 1679 in
3060 1626 3356 1695 semetipso
3381 1627 3434 1680 in
3458 1641 3570 1682 uno

1990 1715 2212 1770 homine
2249 1714 2480 1770 faciens.
2507 1728 2699 1784 pacem
2730 1715 2774 1778 ³,
2811 1714 2890 1769 sic
2921 1719 2976 1770 et
3007 1728 3111 1769 nos
3143 1715 3568 1771 reconciliemus

1991 1823 2100 1862 non
2140 1824 2235 1864 eos
2275 1816 2488 1863 tantum
2539 1807 2634 1877 qui
2678 1821 2780 1862 nos
2821 1807 3170 1862 extrinsecus
3216 1817 3570 1880 oppugnant,

1993 1901 2089 1956 sed
2127 1901 2250 1957 illos
2281 1902 2445 1955 etiam
2481 1901 2573 1970 qui
2603 1901 2659 1958 in
2691 1901 2852 1955 llOblS
2902 1900 3040 1970 ipsis
3079 1899 3381 1956 seditiones
3412 1915 3570 1956 com-

1991 1999 2211 2045 mOVent
2234 2030 2248 2053 ,
2283 1998 2344 2044 ut
2388 2005 2456 2044 ne
2501 1991 2859 2060 concupiscat
2890 1992 3125 2060 amplius
3155 1992 3420 2047 adversus
3451 1991 3567 2062 spi-

1989 2084 2158 2137 ritum
2187 2098 2337 2144 caro,
2368 2090 2422 2138 et
2453 2083 2682 2152 spiritus
2712 2081 2978 2137 adversus
3004 2097 3227 2137 carnem
3253 2099 3268 2149 ;
3303 2082 3402 2138 sed
3430 2071 3587 2153 pru-'

1988 2176 2174 2231 dentia
2198 2176 2384 2230 carnis
2408 2176 2513 2246 legi
2537 2175 2736 2230 divina:
2763 2174 3010 2243 subjecta
3031 2212 3046 2238 ,
3075 2173 3132 2229 in
3163 2189 3332 2229 unum
3362 2188 3566 2230 novum

1986 2275 2043 2324 et
2084 2266 2373 2337 paciﬁcum
2421 2265 2698 2322 hominem
2739 2263 3054 2320 reaadificati
3079 2304 3094 2328 ,
3140 2273 3195 2320 et
3235 2280 3303 2319 ex
3348 2263 3566 2320 duobus

1987 2372 2132 2413 unus
2159 2355 2340 2413 etl‘ecti
2375 2355 2430 2410 in
2463 2356 2623 2411 nobis
2654 2355 2790 2426 ipsis
2830 2369 3019 2424 pacem
3063 2354 3389 2410 habeamus.
3439 2352 3566 2409 Hrec

1984 2452 2132 2506 enim
2160 2459 2243 2506 est
2275 2448 2425 2518 pacis
2451 2447 2698 2502 deﬁnitio
2717 2487 2732 2512 ,
2765 2453 2827 2500 ut
2853 2444 3238 2503 dissidentium
3267 2444 3567 2500 concordia

1985 2556 2110 2598 esse
2136 2541 2370 2596 dicatur.
2420 2539 2788 2605 Quamobrem
2810 2577 2826 2604 ,
2855 2535 3080 2606 quando
3125 2542 3335 2590 naturae
3362 2545 3566 2590 nostrae

1989 2631 2198 2688 bellum
2231 2632 2557 2686 intestinum
2591 2629 2867 2685 sublatum
2915 2638 3032 2693 est,
3072 2627 3130 2682 in
3179 2627 3338 2682 nobis
3372 2639 3565 2696 pacem

1987 2721 2269 2785 colentes,
2306 2735 2414 2790 pax
2444 2719 2732 2784 etlicimur,
2762 2725 2818 2773 et
2858 2732 3042 2772 veram
3089 2731 3156 2772 ac
3189 2719 3468 2787 propriam
3506 2716 3564 2772 in

1987 2813 2151 2868 nobis
2192 2813 2336 2868 hanc
2363 2811 2568 2867 Christi
2617 2812 3042 2882 appellationem
3090 2810 3460 2866 declaramus.
3496 2811 3567 2862 At

1986 2901 2266 2958 Christum
2297 2915 2419 2956 esse
2449 2899 2627 2955 lucem
2665 2915 2853 2954 veram
2886 2899 2951 2964 ¹⁰,
2979 2906 3033 2954 et
3078 2914 3108 2953 a
3150 2898 3439 2954 mendacio
3477 2913 3567 2953 re-

1988 2993 2353 3048 motissimam
2382 2991 2822 3054 considerantes,
2856 2990 3124 3045 discimus
3153 2989 3318 3045 vitam
3347 3003 3567 3059 quoque

1987 3093 2234 3140 nostram
2267 3097 2408 3139 vera:
2438 3083 2578 3138 lucis
2609 3081 2778 3136 radiis
2809 3081 3075 3137 illustrari
3105 3089 3382 3151 oportere.
3418 3080 3567 3138 Solis

1993 3185 2176 3232 autem
2200 3175 2430 3245 justitiae
2456 3171 2596 3227 radii
2626 3183 2756 3227 sunt
2781 3173 2912 3242 ipsae
2938 3173 3189 3238 virtutes,
3217 3187 3339 3242 quae
3365 3172 3431 3227 ad
3465 3187 3567 3229 nos

1986 3267 2381 3322 illuminandos
2411 3273 2710 3330 emanant,
2747 3273 2807 3319 ut
2849 3264 3175 3334 abjiciamus
3210 3280 3378 3336 opera
3411 3273 3566 3321 tene-

1984 3359 2205 3415 brarum
2231 3397 2245 3422 ,
2277 3366 2331 3414 et
2363 3365 2624 3428 tanquam
2658 3358 2712 3412 in
2746 3357 2834 3412 die
2864 3358 3094 3413 honeste
3122 3357 3469 3412 ambulemus
3497 3355 3565 3425 “,

1985 3459 2039 3506 et
2075 3451 2428 3520 repudiantes
2457 3449 2786 3505 abscondita
2818 3449 3178 3519 turpitudinis
3199 3489 3214 3514 ,
3244 3455 3410 3519 atque
3445 3463 3566 3503 om-

1985 3545 2078 3597 nia
2111 3544 2166 3597 in
2209 3543 2328 3597 luce
2363 3541 2660 3608 facientes,
2698 3541 2801 3610 ipsi
2847 3555 3068 3610 quoque
3109 3542 3202 3593 lux
3232 3540 3564 3605 evadamus,

1982 3645 2037 3690 et
2069 3635 2217 3704 quod
2250 3635 2530 3703 proprium
2559 3643 2642 3686 est
2677 3632 2853 3695 lucis,
2903 3632 3026 3686 aliis
3058 3646 3153 3700 per
3183 3644 3348 3698 opera
3378 3631 3568 3700 splen-

1983 3729 2228 3783 deamus.
2259 3724 2468 3790 Quodsi
2495 3725 2778 3779 Christum
2805 3730 2865 3778 ut
2894 3723 3386 3778 sanctiﬁcationem
3431 3735 3559 3776 con-

1983 3816 2353 3874 siderabimus
2386 3815 2452 3879 “,
2485 3813 2555 3868 ab
2605 3812 2876 3882 improbis
2923 3821 2978 3867 et
3029 3812 3263 3882 impuris
3309 3811 3567 3866 omnibus

1982 3919 2097 3966 tum
2127 3907 2292 3963 factis
2316 3915 2430 3960 tum
2457 3903 2888 3975 cogitationibus
2919 3904 3286 3969 abstinentes,
3315 3918 3419 3958 nos
3445 3901 3567 3972 ejus

288 3995 545 4052 nominis
592 4009 720 4051 vere
766 3996 1057 4067 participes
1103 3998 1496 4067 ostendemus,
1538 4003 1742 4074 quippe
1785 4005 1880 4076 qui
1919 4021 2028 4062 non
2061 4001 2279 4067 verbis,
2317 3999 2412 4055 sed
2441 3998 2566 4053 vitae
2595 4005 2800 4053 nostrae
2870 3997 3185 4054 actionibus
3252 3993 3567 4054 sanctiﬁca-

291 4087 474 4142 tionis
503 4085 767 4142 virtutem
800 4102 912 4158 prze
940 4087 1103 4144 nobis
1138 4087 1399 4146 feramus.

381 4176 785 4248 Ἀπολύτρωσιν
818 4177 875 4231 δὲ
905 4174 1042 4232 εἶναι
1074 4179 1166 4232 τὸν
1211 4181 1444 4251 Χριστὸν
1477 4184 1760 4253 μαθόντες,
1789 4188 1879 4241 τὸν

290 4271 494 4327 ἑαυτὸν
519 4271 680 4325 δόντα
704 4270 902 4342 λύτρον
946 4272 1086 4346 ὑπὲρ
1123 4272 1301 4343 ἡμῶν,
1343 4273 1499 4328 τοῦτο
1531 4277 1617 4331 διὰ
1646 4279 1743 4348 τῆς
1771 4297 1881 4332 τοι-

2057 4179 2229 4234 Porro
2256 4192 2383 4232 cum
2415 4176 2846 4245 redemptionem
2893 4191 3015 4232 esse
3076 4175 3356 4233 Christum
3392 4181 3565 4238 discio

1989 4285 2133 4333 mus,
2166 4270 2262 4338 qui
2290 4269 2529 4338 seipsum
2570 4277 2632 4322 ut
2667 4281 2768 4323 nos
2804 4267 3117 4334 redimeret,
3176 4271 3414 4339 pretium
3467 4274 3566 4330 de-

291 4364 470 4435 αὸτης
510 4363 699 4434 φωνῆς
740 4363 1212 4434 παιδευόμεθα,τὺ
1263 4366 1452 4436 μαθεῖν
1504 4369 1585 4421 ὅτι
1640 4347 1888 4442 καθάπερ

1988 4362 2088 4422 dit,
2120 4375 2181 4414 ea
2219 4374 2352 4414 voce
2387 4357 2768 4429 intelligimus,
2797 4372 2921 4412 eum
2955 4364 3215 4428 tanquam
3257 4361 3564 4418 mercedem

293 4453 466 4523 τιμήν
505 4468 629 4506 τινα
666 4451 764 4520 τῆς
814 4451 1043 4504 ἑκάστου
1074 4451 1252 4523 ψυχῆς
1299 4455 1709 4524 παρασχόμενος
1755 4459 1886 4528 ἡμῖν

293 4540 393 4612 τὴν
415 4539 746 4603 ἀθανασίαν,
772 4541 958 4612 κτῆμα
982 4541 1110 4595 ῖδιον
1138 4543 1264 4606 τοὺς
1289 4545 1351 4596 ἑκ
1376 4545 1470 4598 τοῦ
1501 4545 1731 4600 θανάτου
1755 4549 1884 4618 παρ’

297 4629 469 4684 αὐτοῦ
497 4629 586 4682 διὰ
617 4630 716 4698 τῆς
745 4628 889 4699 ζωῆς
911 4629 1376 4702 ἑξαγορασθέντας
1397 4635 1668 4706 ἐποίησεν.
1687 4637 1752 4691 Εἰ
1773 4638 1884 4691 τοί-

296 4740 394 4776 νυν
431 4721 612 4774 δοῦλοι
655 4719 752 4774 τοῦ
784 4721 1202 4792 λυτρωσαμένου
1246 4725 1547 4795 γεγόναμεν
1571 4766 1586 4792 ,
1617 4727 1751 4798 πρὸς
1794 4729 1885 4782 τὸν

297 4814 628 4886 κυριεύοντα
684 4813 900 4877 πάντως
943 4813 1220 4886 όψὼμεθα,
1245 4816 1320 4879 ὡς
1355 4818 1550 4888 μηκέτι
1583 4820 1729 4889 ἡμᾶς
1754 4821 1882 4874 ἑαυ-

297 4906 413 4967 τοῖς
453 4902 577 4973 ζῇν,
593 4901 730 4956 ἀλλά
762 4901 841 4972 τῷ
862 4901 1186 4974 κτησαμένῳ
1212 4904 1359 4974 ἡμᾶς
1383 4905 1468 4958 διὰ
1492 4906 1586 4959 τοῦ
1611 4909 1712 4977 τῆς
1739 4910 1884 4980 ζωῆς

299 4994 775 5064 ἀνταλλάγματος.
817 4994 1010 5047 Οὐκέτι
1058 4993 1165 5064 γὰρ
1214 4995 1424 5050 ἑαυτῶν
1474 4999 1640 5067 ἐσμεν
1684 5000 1883 5071 κύριοι,

302 5084 421 5136 ἀλλ’
449 5085 478 5137 6
527 5083 882 5154 ὠνησάμενός
923 5086 1038 5137 ἐστι
1076 5085 1298 5157 Κύριος,
1342 5091 1506 5159 ἡμεῖς
1540 5088 1597 5142 δὲ
1629 5091 1791 5145 αὐτοῦ
1819 5093 1888 5147 τὰ

303 5176 585 5245 κτήματα.
633 5173 845 5227 Οὐκοῦν
891 5175 1050 5245 νόμος
1079 5176 1230 5229 ἔσται
1274 5178 1371 5250 τῆς
1399 5181 1674 5251 ἡμετέρας
1719 5183 1883 5253 ζωῆς,

303 5266 371 5320 τὸ
399 5266 491 5320 τοῦ
524 5265 874 5337 κυριεύοντος
909 5266 1141 5337 θέλημα.
1174 5269 1384 5342 ’Ὠσπερ
1423 5272 1531 5342 γὰρ
1582 5273 1677 5328 τοῦ
1718 5275 1885 5329 θανά⁴

305 5371 401 5408 του
433 5356 763 5427 κρατοῦντος
791 5356 967 5426 ἡμῶν,
999 5358 1028 5409 6
1052 5357 1151 5425 τῆς
1175 5359 1446 5429 ἁμαρτίας
1479 5362 1539 5413 ἑν
1572 5363 1704 5432 ἡμῖν
1726 5364 1887 5435 νόμος

308 5444 685 5500 ἐπολιτεύετο·
717 5443 891 5509 οὕτως
925 5445 1110 5517 ἐπειδὴ
1155 5447 1256 5516 τῆς
1302 5448 1446 5521 ζωῆς
1496 5450 1684 5522 κτῆμα
1726 5455 1886 5523 γεγό-

383 5645 631 5716 prhes.
663 5662 723 5708 ιι,
763 5647 849 5702 Μ.
938 5650 960 5681 ⁹
983 5648 1110 5705 ibid.

1204 5652 1245 5683 ¹⁰
1273 5648 1428 5708 Joan.
1466 5667 1502 5722 ι,
1545 5659 1599 5715 9.

318 5717 365 5747 ¹⁸
392 5715 409 5769 l
435 5715 563 5773 εον.
593 5732 671 5782 vr,
699 5716 790 5772 20.

1705 5657 1743 5689 ¹¹
1782 5657 1941 5714 Rom.
1978 5675 2101 5726 xm,
2132 5663 2215 5724 12,
2259 5663 2338 5717 15.
2433 5664 2473 5694 ¹¹
2507 5663 2527 5718 l
2561 5663 2685 5720 Cor.
2731 5682 2766 5728 l,
2803 5667 2892 5725 30.

1985 4451 2254 4522 cujusque
2289 4448 2478 4512 animi,
2537 4448 2828 4520 praebendo
2882 4449 3042 4503 nobis
3071 4449 3563 4517 immortalitatem,

1984 4557 2086 4598 nos
2109 4561 2139 4598 e
2167 4550 2342 4596 morte
2373 4555 2402 4594 a
2429 4556 2488 4596 se
2516 4555 2614 4611 per
2641 4542 2806 4594 vitam
2841 4548 3122 4609 coemptos
3147 4542 3422 4612 pr0priam
3456 4543 3565 4598 sibi

1983 4634 2386 4704 possessionem
2412 4632 2658 4688 effecisse
2680 4633 2741 4686 ”.
2768 4631 2974 4698 Quodsi
2998 4632 3118 4701 ejus
3149 4634 3243 4704 qui
3275 4649 3374 4688 nos
3409 4634 3568 4690 rede-

1983 4728 2081 4780 mit
2115 4726 2294 4782 eﬂ‘ecti
2322 4741 2535 4790 sumus,
2567 4724 2859 4780 Dominum
2887 4725 2961 4778 ita
2985 4739 3304 4794 sequamur,
3338 4725 3566 4780 omnino

1985 4828 2043 4872 ut
2066 4833 2174 4873 non
2205 4818 2443 4888 amplius
2465 4817 2628 4870 nobis
2649 4817 2920 4879 vivamus,
2947 4816 3040 4870 sed
3066 4816 3165 4880 illi,
3192 4817 3284 4884 qui
3309 4832 3411 4874 nos
3440 4818 3568 4872 vita:

1987 4925 2099 4965 sua:
2129 4910 2306 4980 pretio
2345 4907 2682 4976 comparavit
2701 4906 2781 4961 1‘z
2819 4922 2925 4961 non
2953 4907 3094 4960 enim
3131 4907 3364 4977 amplius
3387 4909 3568 4964 nostri

1987 5001 2228 5072 ipsorum
2260 4999 2468 5054 domini
2526 5015 2740 5063 sumus,
2785 5000 2878 5054 sed
2925 4999 3018 5054 ille
3066 4998 3159 5066 qui
3205 5014 3308 5055 nos
3367 5002 3568 5056 coemit

1987 5091 2250 5148 Dominus
2275 5100 2380 5160 est,
2418 5107 2521 5147 nos
2573 5100 2756 5146 autem
2801 5091 2922 5160 ejus
2955 5091 3201 5145 dominio
3246 5093 3567 5162 mancipati.

1989 5181 2143 5238 Illius
2173 5197 2300 5252 ergo
2330 5183 2587 5239 voluntas
2631 5183 2790 5238 nobis
2829 5197 2928 5252 pro
2953 5183 3067 5252 lege
3091 5183 3308 5238 vivendi
3366 5199 3568 5255 propo-

1993 5274 2098 5329 sita
2130 5274 2221 5327 sit.
2245 5271 2316 5327 Ut
2344 5275 2488 5329 enim
2515 5291 2638 5329 cum
2671 5289 2816 5327 mors
2840 5275 3125 5344 impotenti
3151 5275 3438 5330 dominatu
3459 5292 3567 5334 nos

1994 5375 2288 5434 premeret,
2323 5365 2532 5434 peccati
2566 5366 2648 5421 lex
2681 5366 2735 5419 in
2769 5366 2924 5420 nobis
2979 5367 3161 5420 omnia
3206 5367 3566 5424 adminiStra-

1993 5457 2107 5524 bat,
2151 5456 2254 5523 sic,
2290 5457 2512 5528 quando
2542 5457 2799 5527 vitaejam
2841 5456 3047 5512 addicti
3083 5473 3297 5526 sumus,
3323 5476 3421 5530 par
3455 5461 3567 5518 uti«

3003 5670 3045 5704 ¹³
3085 5667 3103 5722 l
3134 5668 3372 5726 Timoth.
3409 5681 3468 5732 ll,
3505 5665 3560 5724 6.
