4034 6132
386 284 497 342 263

1631 279 1687 334 s.
1728 274 2056 333 cnnconn
2090 240 2395 331 svssm‘

3521 262 3627 328 τοι

390 414 498 470 que
528 399 622 463 sit,
646 406 706 456 ut
733 399 906 471 ipsius
943 414 1123 456 rerum
1158 399 1415 470 potientis
1443 398 1670 453 arbitrio
1688 399 1952 468 guberne-

2061 412 2245 464 ναμεν,
2274 395 2567 463 ἀναγκαῖον
2599 391 2665 445 ἂν
2694 392 2803 463 εἴη,
2839 392 2974 463 πρὸς
3003 390 3103 463 τὴν
3154 389 3460 463 κρατοῦσαν
3501 390 3633 462 μεθ-

391 507 537 555 mur,
564 507 634 546 ne
665 494 880 562 quando
909 507 941 545 a
977 492 1100 545 vita:
1128 491 1404 545 voluntate
1439 504 1532 558 per
1562 497 1842 557 peccatum
1868 502 1953 540 re-

393 582 674 644 cedentes,
699 595 892 635 rursus
923 580 990 633 ad
1038 580 1345 649 improbum
1393 578 1584 633 montis
1629 579 1683 630 in
1742 576 1955 629 animos

392 680 616 727 nostros
673 671 1014 724 dominatum
1078 672 1222 724 ultro
1265 670 1604 724 delabamur.
1663 668 1759 722 illa
1828 681 1955 720 vero

389 763 647 832 cogitatio
700 775 800 815 nos
833 762 1097 831 astringct
1128 761 1355 816 Domino
1383 760 1447 823 ⁸⁵.
1483 762 1527 814 si
1563 775 1685 814 cum
1718 774 1747 812 a
1786 757 1955 811 Paulo

390 864 505 909 tum
529 854 739 909 Pascha
770 856 837 919 ¹⁸,
887 862 1003 908 tum
1061 855 1399 910 sacerdotem
1456 854 1785 923 appellatum
1832 867 1954 906 esse

389 945 799 1001 audiverimus:
837 961 936 1016 pro
969 946 1129 1001 nobis
1158 948 1302 1000 enim
1341 960 1470 1000 vere
1522 944 1730 999 Pascha
1761 944 1955 996 immo-

388 1037 533 1090 latus
580 1044 665 1091 est
694 1036 971 1097 Christus.
1000 1036 1265 1092 sacerdos
1291 1046 1471 1091 autem
1503 1036 1832 1091 sacriﬁcium
1863 1036 1955 1090 ob-

388 1126 516 1179 tulit
540 1124 653 1180 Deo
696 1126 837 1180 idem
895 1126 1012 1195 ipse
1046 1127 1322 1181 Christus.
1364 1146 1381 1177 ι
1417 1126 1667 1196 Seipsum
1721 1126 1889 1186 enim,
1930 1144 1950 1177 ι

390 1217 594 1286 inquit,
656 1237 676 1270 ι
713 1218 937 1272 tradidit
982 1218 1314 1273 oblationem
1351 1228 1404 1272 et
1437 1218 1670 1272 hostiam
1708 1232 1809 1286 pro
1857 1232 1956 1269 no-

390 1310 476 1366 bis
502 1311 564 1364 ¹⁷.
604 1328 621 1361 ι
685 1310 818 1376 Quae
874 1311 1093 1380 quidem
1130 1311 1293 1366 nobis
1325 1309 1653 1365 documento
1687 1317 1836 1376 sunt,
1898 1318 1956 1363 ut

389 1402 485 1473 qui
512 1401 792 1456 Christum
821 1399 931 1455 Deo
960 1417 1019 1455 se
1056 1401 1386 1477 oblationem
1416 1410 1468 1454 ct
1497 1401 1727 1454 hostiam
1776 1400 1958 1455 dedis-

391 1508 471 1560 se,
495 1502 548 1547 et
584 1492 788 1546 factum
821 1507 945 1545 esse
975 1491 1180 1545 Pascha
1214 1490 1379 1557 videt,
1425 1492 1539 1560 ipse
1569 1505 1785 1561 quoque
1831 1506 1956 1545 cor-

392 1599 494 1652 pus
526 1598 686 1639 suum
722 1581 829 1637 Deo
860 1581 1092 1636 hostiam
1148 1582 1441 1646 viventem,
1496 1593 1765 1645 sanetam,
1820 1581 1957 1637 bene

390 1674 696 1745 placentem
759 1674 1037 1738 exhibeat,
1101 1673 1429 1728 rationabile
1494 1673 1816 1743 obsequium
1878 1673 1956 1726 fa-

389 1773 515 1822 ctus
551 1766 629 1820 ":
662 1763 1003 1821 sacriﬁcandi
1031 1772 1212 1819 autem
1248 1763 1444 1819 modus
1477 1773 1581 1828 est,
1622 1776 1678 1819 ut
1707 1780 1774 1819 ne
1822 1779 1957 1819 con-

391 1856 658 1912 formetur
689 1856 817 1911 huic
849 1856 1073 1918 saaculo,
1104 1856 1196 1911 sed
1225 1855 1651 1910 transformetur
1687 1857 1739 1909 in
1800 1871 1959 1910 renoo

390 1946 662 2000 vationem
697 1946 898 2000 mentis
920 1960 1053 2010 suae,
1082 1952 1141 1998 ut
1193 1945 1386 2014 probet
1435 1961 1555 2015 qua:
1587 1946 1659 2001 sit
1706 1946 1959 2002 voluntas

390 2033 483 2088 Dei
525 2034 691 2096 bona.
743 2042 798 2090 et
859 2035 1242 2105 beneplaceus,
1298 2043 1354 2091 et
1392 2036 1632 2106 perfecta
1662 2037 1725 2092 υ.
1772 2035 1961 2107 Neque

387 2126 532 2180 enim
570 2125 625 2180 in
655 2140 842 2190 carne,
871 2126 1011 2180 bona
1045 2126 1135 2182 Dei
1202 2126 1458 2181 voluntas
1487 2127 1704 2182 ostendi
1759 2136 1957 2198 potest,

388 2218 495 2272 nisi
524 2233 588 2271 ex
620 2218 846 2289 spiritus
874 2218 992 2288 lege
1026 2217 1337 2273 sacriﬁeata
1362 2219 1471 2275 sit:
1518 2221 1957 2291 quandoquidem

392 2307 680 2377 prudentia
710 2309 893 2363 carnis
927 2307 1150 2362 inimica
1179 2319 1263 2364 est
1288 2307 1420 2373 Deo,
1450 2321 1504 2367 et
1532 2312 1634 2382 legi
1703 2311 1797 2367 Dei
1848 2327 1959 2367 non

387 2406 472 2455 est
503 2398 750 2468 subjecta
775 2400 842 2452 '°.
881 2398 1175 2465 Quocirca,
1209 2402 1313 2456 nisi
1344 2404 1499 2472 prius
1539 2418 1672 2457 caro
1731 2401 1960 2456 mortiﬁ-

387 2491 529 2545 catis
556 2489 839 2554 membris,
874 2506 995 2560 quas
1044 2501 1173 2547 sunt
1203 2509 1367 2563 super
1409 2503 1610 2550 terram
1635 2498 1704 2559 ²¹,
1759 2496 1959 2565 quibus

388 2581 746 2651 obsequimur
775 2583 1064 2652 appetitui,
1102 2600 1196 2655 per
1223 2586 1457 2643 hostiam
1489 2587 1756 2644 viventem
1786 2588 1960 2643 sacri-

392 2670 605 2735 ﬁcetur,
647 2671 1013 2742 beneplacens
1041 2686 1096 2729 et
1120 2676 1360 2745 perfecta
1410 2676 1504 2732 Dei
1534 2678 1786 2733 voluntas
1835 2678 1957 2734 sine

391 2761 779 2831 impedimento
815 2778 923 2817 non
956 2775 1135 2833 potest
1159 2767 1213 2821 in
1243 2769 1353 2823 vita
1388 2768 1725 2823 credentium
1772 2769 1960 2823 obser-

390 2852 530 2906 vari.
565 2848 657 2905 Sic
688 2851 854 2906 etiam
884 2852 1013 2906 dum
1049 2854 1307 2912 Christus
1348 2858 1403 2912 in
1442 2859 1666 2929 proprio
1690 2860 1960 2929 sanguine

391 2943 706 3014 propitiatio
739 2943 1142 3009 consideratur,
1173 2947 1488 3012 edocemur,
1542 2960 1602 3004 ut
1654 2966 1755 3008 nos
1822 2952 1955 3006 item

2056 486 2393 556 αρμοσθῆναι
2424 482 2580 554 ήμῶν
2612 483 2709 553 τὴν
2741 481 3043 546 πολιτείαν,
3077 481 3150 551 μή
3190 497 3321 534 ποτε
3351 481 3451 551 τῆς
3483 480 3632 551 ζωῆς

2057 576 2506 648 παρατραπὲντες
2541 575 2860 645 θελήματος,
2898 573 3059 626 πάλιν
3090 572 3223 643 πρὸς
3266 571 3357 626 τὸν
3396 572 3633 645 πονηρὸν

2055 669 2163 721 τῶν
2186 668 2372 738 ψυχῶν
2399 671 2431 738 ἡ
2441 667 2554 737 μῶν
2572 666 2850 736 τύραννον,
2870 662 2959 717 τὸν
2986 656 3212 717 θάνατον
3234 663 3396 732 λέγω,
3415 663 3501 717 διὰ
3530 664 3628 734 τῆς

2057 759 2331 830 ἁμαρτίας
2362 757 2839 829 αὐτομολήσωμεν.
2876 756 2937 808 Ἡ
2970 756 3024 808 δὲ
3054 751 3190 826 αὐτὴ
3226 754 3433 809 διάνοια
3461 772 3631 823 προσ-

2054 851 2326 904 οικειώσει
2358 852 2506 921 ἡμᾶς
2533 849 2610 919 τῷ
2639 847 2879 920 Χριστῷ,
2913 847 3015 902 κᾶν
3046 849 3237 918 Πάσχα
3275 848 3438 902 αὑτὸν
3464 840 3627 915 εἶναι,

2056 941 2160 995 κᾶν
2186 942 2465 1013 ἀρχιερέα,
2495 940 2645 1011 παρά
2674 940 2767 994 τοῦ
2800 939 3012 993 Παύλου
3057 939 3398 1010 ἀκούσωμεν.
3433 936 3628 1011 Ἐτύῦη

2054 1034 2164 1104 γὰρ
2188 1034 2261 1097 ὡς
2284 1034 2499 1105 ἀληθῶς
2528 1034 2668 1103 ὑπὲρ
2697 1033 2852 1104 ήμῶν
2886 1033 2948 1085 τὸ
2997 1032 3185 1102 Πάσχα
3215 1033 3449 1103 Χριστός
3468 1046 3482 1064 ⁶
3512 1032 3629 1087 ἀλλ’

2055 1130 2083 1180 ό
2115 1128 2314 1197 ἱερεὺς,
2358 1125 2649 1197 προσάγων
2680 1126 2756 1195 τῷ
2793 1125 2912 1196 Θεῷ
2942 1124 3039 1197 τήν
3077 1116 3287 1189 θυσίαν,
3338 1127 3439 1179 οὐκ
3473 1125 3631 1190 ἄλλος

2055 1218 2139 1281 τίς
2171 1219 2285 1270 ἐστι
2338 1218 2470 1285 παρ’
2504 1214 2664 1270 αὑτὸν
2687 1216 2777 1269 τὸν
2820 1217 3072 1287 Χριστόν.
3112 1235 3131 1268 ι
3173 1217 3393 1271 Ἑαυτὸν
3424 1216 3564 1289 γὰρ,
3603 1236 3622 1269 ι

2057 1306 2211 1373 φησι,
2232 1324 2248 1355 ι
2269 1305 2531 1375 ἀνήνεγκε
2565 1305 2877 1374 προσφορὰν
2908 1305 3003 1359 καὶ
3030 1304 3219 1359 θυσίαν
3249 1305 3387 1377 ὑπὲρ
3411 1305 3623 1377 ἡμῶν.»

2059 1394 2267 1449 Οὐκοῦν
2315 1395 2472 1448 τοῦτο
2518 1395 2605 1448 διὰ
2659 1394 2861 1449 τούτων
2915 1394 3290 1467 μανθάνομεν,
3350 1398 3432 1451 ὅτι
3493 1398 3631 1471 πρὸς

2059 1489 2262 1542 ἐκεῖνον
2285 1487 2516 1557 βλέπων,
2544 1488 2633 1541 τὸν
2657 1489 2845 1542 ἑαυτὸν
2868 1487 3285 1561 προσαγαγόντα
3315 1490 3633 1563 προσφορὰν

2059 1581 2152 1634 καὶ
2183 1579 2390 1644 θυσίαν,
2410 1581 2598 1649 Πάσχα
2618 1583 2924 1650 γενόμενον,
2946 1582 3039 1634 καὶ
3054 1581 3215 1644 αὐτὸς
3238 1582 3428 1634 ἑαυτὸν
3452 1594 3636 1653 παρα-

2062 1671 2249 1739 στήσει
2275 1668 2353 1739 τῷ
2388 1668 2507 1739 Θεῷ
2529 1667 2716 1721 θυσίαν
2751 1666 2953 1731 ζῶσαν,
2991 1669 3171 1737 ἁγίαν,
3200 1670 3510 1741 εὐάρεστον,
3540 1669 3633 1724 λο-

2059 1760 2191 1831 γικὴ
2222 1759 2445 1833 λατρεία
2474 1760 2759 1830 γενόμενος
2782 1777 2795 1790 ·
2826 1761 2854 1812 ὁ
2878 1759 2933 1813 δὲ
2970 1762 3169 1832 τρόπος
3189 1762 3287 1832 τῆς
3322 1763 3635 1834 ἱερουργίας

2060 1852 2197 1915 ἐστὶ,
2224 1851 2284 1905 τὸ
2323 1852 2397 1922 μὴ
2437 1851 2937 1922 συσχηματίζεσθαι
2966 1851 3045 1923 τῷ
3090 1852 3244 1905 αἰῶνι
3280 1854 3473 1924 τούτῳ,
3495 1850 3637 1908 ἀλλά

2063 1937 2539 2014 μεταμορφοῦσθαι
2561 1940 2627 2015 τῇ
2676 1938 3037 1996 ἀνακαινώσει
3070 1938 3165 1996 τοῦ
3197 1942 3315 2010 νοὸς
3359 1945 3541 2012 αὐτοῦ,
3573 1948 3636 1999 ὲν

2059 2034 2138 2104 τῷ
2162 2031 2493 2103 δοκιμάζειν,
2525 2032 2579 2086 τί
2603 2032 2665 2086 τὸ
2695 2026 2905 2104 θέλημα
2924 2028 3017 2087 τοῦ
3046 2034 3178 2088 Θεοῦ
3206 2036 3266 2090 τὸ
3296 2036 3518 2105 ἀγαθὸν,
3537 2038 3637 2092 καὶ

2060 2127 2386 2196 εὐάρεστον,
2432 2126 2526 2179 καὶ
2578 2125 2804 2179 τέλειον.
2852 2124 2926 2179 Οὐ
2985 2126 3094 2197 γάρ
3140 2126 3256 2181 ἔστι
3303 2127 3483 2201 ζώσης
3529 2125 3636 2201 τῆς

2063 2216 2281 2289 σαρκὸς,
2301 2217 2394 2270 καὶ
2416 2216 2489 2288 μὴ
2512 2217 2652 2270 κατὰ
2675 2217 2766 2272 τὸν
2790 2218 3155 2289 πνευματικὸν
3184 2220 3637 2293 ίερουργηθείσης

2060 2309 2244 2379 νόμον,
2268 2306 2328 2362 τὸ
2374 2307 2577 2377 ἀγαθὸν
2602 2306 2696 2361 τοῦ
2730 2308 2866 2362 Θεοῦ
2909 2309 3123 2380 θέλημα
3158 2311 3217 2364 ἐν
3255 2311 3390 2382 αὐτῇ
3422 2310 3637 2385 δειχθῆ-

2060 2417 2181 2455 ναι·
2208 2401 2340 2453 διότι
2367 2398 2427 2453 τὸ
2477 2399 2728 2470 φρόνημα
2754 2399 2852 2470 τῆς
2897 2398 3119 2473 σαρκὸς,
3149 2400 3318 2473 ἔχθρα
3365 2403 3444 2466 εἰς
3475 2402 3633 2468 Θεὸν,

2061 2490 2154 2544 καὶ
2188 2486 2268 2562 τῷ
2312 2486 2462 2562 νόμῳ
2514 2490 2607 2544 τοῦ
2632 2489 2765 2543 Θεοῦ
2800 2491 2899 2561 οὐχ
2934 2491 3318 2549 ὑποτάσσεται.
3355 2492 3488 2547 Ούδὲ
3522 2493 3636 2564 γὰρ

2060 2582 2304 2644 δύναται,
2352 2582 2456 2645 ἓως
2502 2580 2568 2635 ἂν
2608 2580 2673 2652 ζῇ
2724 2580 2757 2651 ὴ
2812 2581 2970 2652 σὰρξ,
2998 2577 3064 2655 ἧς
3097 2582 3185 2635 διὰ
3237 2583 3335 2651 τῆς
3368 2583 3634 2648 ζωοποιοῦ

2062 2676 2252 2739 θυσίας
2283 2670 2747 2746 ίερουργηθείσης,
2777 2673 2864 2726 διὰ
2884 2673 2979 2726 τοῦ
3018 2673 3287 2745 νεκρῶσαι
3309 2675 3377 2728 τὰ
3409 2676 3501 2728 ἐπὶ
3528 2679 3636 2746 γῆς

2065 2766 2222 2836 μέλη,
2243 2765 2309 2819 δι’
2355 2759 2428 2819 ὧν
2458 2766 2757 2834 ἐνεργεῖται
2797 2762 2865 2817 τά
2911 2764 3056 2836 πάθη
3079 2803 3093 2827 ,
3124 2752 3527 2837 ἀνέμποδίστως
3569 2768 3637 2821 τὸ

2061 2858 2354 2929 εὐάρεστον
2383 2857 2477 2912 καὶ
2508 2857 2709 2911 τέλειον
2761 2857 2970 2928 θέλημα
3016 2856 3108 2911 τοῦ
3157 2857 3290 2911 Θεοῦ
3326 2860 3382 2912 ἐν
3421 2863 3486 2932 τῇ
3517 2860 3635 2932 ζωῇ

2062 2949 2211 3020 αύτῷ
2264 2948 2703 3002 πεπιστευκότων
2749 2948 3247 3020 κατορθωθήσεται.
3291 2949 3477 3015 Οὕτως
3535 2951 3637 3006 καὶ

391 3034 553 3090 nobis
580 3034 714 3103 ipsis
745 3035 1060 3104 propitiatio
1107 3039 1300 3106 simus,
1339 3047 1394 3095 et
1449 3042 1692 3096 membra
1726 3044 1958 3097 mortiﬁ-

2067 3040 2373 3111 ἱλαστήριον
2416 3041 2472 3092 ὲν
2501 3038 2579 3110 τῷ
2611 3039 2725 3110 ίδίῳ
2780 3039 2973 3111 αἵματι
3005 3041 3033 3094 ὁ
3061 3040 3292 3111 Χριστὸς
3324 3041 3636 3113 νοούμενος,

391 3138 580 3183 cantes
611 3128 823 3181 animos
838 3126 1131 3184 reddamus
1150 3128 1509 3185 immortales.
1530 3131 1759 3197 Quando
1776 3141 1958 3188 autem

2061 3130 2300 3184 διδάσκει
2329 3128 2420 3181 τὸν
2462 3128 2636 3182 ταῦτα
2682 3130 2968 3200 νοήσαντα,
3008 3130 3170 3183 αὐτὸν
3220 3129 3449 3186 ἕκαστον
3481 3134 3639 3201 γενέ·-

392 3219 580 3290 gloria:
614 3218 873 3289 splendor
898 3227 953 3274 et
984 3218 1154 3289 ﬁgura
1185 3220 1507 3275 substantia:
1530 3222 1784 3278 Christus
1826 3224 1962 3278 diei-

392 3318 483 3363 tur
513 3311 579 3372 “,
640 3309 725 3363 his
791 3310 974 3365 verbis
1040 3310 1376 3364 adorandam
1438 3312 1558 3381 ejus
1621 3313 1959 3384 majestatem

392 3411 574 3455 mente
636 3401 1001 3470 concipimus.
1065 3399 1270 3455 Paulus
1306 3402 1454 3456 enim
1513 3402 1701 3458 divino
1752 3403 1961 3475 Spiritu

392 3490 630 3547 amatus.
674 3502 730 3546 et
787 3507 913 3546 vere
941 3491 1140 3547 doctus
1174 3506 1202 3545 a
1234 3490 1366 3558 Deo,
1409 3493 1503 3562 qui
1562 3495 1617 3547 in
1673 3495 1963 3552 altitudine

390 3584 706 3639 divitiarum
727 3590 782 3639 et
813 3585 1095 3655 sapientia:
1142 3593 1195 3639 et
1231 3585 1473 3640 scientia:
1526 3584 1617 3640 Dei
1654 3586 1961 3640 divinorum

392 3675 776 3746 mysteriorum
808 3691 1010 3730 arcana
1049 3683 1103 3731 et
1150 3676 1436 3731 recondita
1499 3684 1778 3732 scrutatus
1830 3677 1963 3732 t'ue-

393 3780 479 3824 rat
507 3771 574 3835 ”,
616 3785 740 3825 cum
774 3772 840 3826 ad
870 3771 1137 3826 divinitus
1170 3771 1275 3827 sibi
1331 3779 1584 3826 ostensos
1642 3772 1962 3840 splendores

392 3873 579 3915 carum
611 3876 793 3914 rerum
817 3876 940 3930 qua:
960 3860 1205 3931 indagari
1228 3861 1660 3931 investigarique
1683 3871 1963 3931 nequeunt

393 3950 755 4006 declarandos
816 3951 1000 4022 lingua
1066 3952 1392 4006 imbecillior
1452 3960 1622 4017 esset,
1692 3964 1963 4023 quatenus

394 4053 552 4094 suam
584 4038 759 4106 ipsius
792 4039 846 4092 in
873 4040 1131 4110 mysterio
1159 4040 1573 4111 intelligentiam
1606 4056 1769 4097 aures
1817 4044 1963 4097 exci-

396 4129 669 4200 pientium
743 4139 1024 4200 caperent,
1079 4131 1572 4202 signiﬁcationibus
1632 4132 1962 4202 quibusdam

395 4221 787 4288 subindieavit,
835 4230 1046 4277 tantum
1092 4224 1348 4279 videlicet
1395 4225 1647 4294 loquens,
1697 4235 1962 4295 quantum

392 4310 709 4381 cogitationi
800 4313 1045 4368 serviens
1119 4314 1297 4368 oratio
1368 4322 1581 4384 poterat
1666 4316 1956 4384 explicare.

2064 3220 2188 3274 σθαι
2226 3219 2404 3290 ἑαυτῷ
2434 3220 2761 3292 ἱλαστήριον,
2812 3220 2898 3275 διὰ
2935 3222 3034 3291 τῆς
3069 3220 3176 3276 τῶν
3213 3222 3388 3291 μελῶν
3426 3223 3637 3295 νεκρὼο

2065 3326 2202 3372 σεως
2229 3309 2325 3380 τήν
2353 3308 2527 3380 ψυχὴν
2555 3309 2936 3377 ἀφαγνίζοντα.
2969 3310 3137 3364 Ὅταν
3178 3310 3234 3362 δὲ
3271 3310 3426 3383 δόξης
3453 3314 3637 3368 ἀπαύ-

2063 3416 2255 3469 γασμα
2280 3440 2296 3465 ,
2358 3401 2452 3452 καὶ
2503 3401 2791 3472 χαρακτὴρ
2844 3401 3193 3466 ὑποστάσεως
3227 3405 3256 3457 ό
3284 3405 3515 3475 Χριστὸς
3545 3405 3640 3459 λέ-

2062 3509 2227 3562 γηται
2252 3491 2353 3561 τῆς
2381 3493 2857 3563 προσκυνουμένης
2896 3494 3060 3547 αὑτοῦ
3113 3495 3501 3568 μεγαλωσύνης
3544 3494 3640 3552 διὰ

2060 3584 2170 3636 τῶν
2211 3584 2469 3654 ῥημάτων
2497 3584 2702 3637 τούτων
2727 3585 2824 3648 τὰς
2846 3585 3053 3649 ἐννοίας
3072 3586 3543 3658 ἀναλαμϐάνομεν.
3576 3589 3637 3644 '0

2063 3678 2173 3750 γὰρ
2192 3677 2543 3740 θεόπνευστος
2564 3677 2637 3742 ὡς
2670 3677 2884 3748 ἀληθῶς
2916 3678 3011 3732 καὶ
3039 3679 3370 3745 θεοδίδακτος
3399 3681 3635 3747 Παῦλος,

2063 3770 2092 3821 ό
2123 3772 2179 3822 ὲν
2211 3768 2289 3838 τῷ
2317 3768 2469 3839 βάθει
2494 3768 2590 3823 τοῦ
2623 3768 2851 3823 πλούτου
2889 3768 2985 3841 τῆς
3020 3770 3209 3839 σοφίας
3246 3772 3339 3825 καὶ
3370 3772 3471 3843 τῆς
3500 3774 3639 3842 γνὼ-

2066 3875 2204 3924 σεως
2235 3860 2325 3912 τοῦ
2352 3859 2510 3925 Θεοῦ,
2540 3860 2609 3913 τὰ
2664 3860 2836 3932 ἄδηλα
2867 3863 2962 3915 καὶ
2988 3861 3058 3915 τά
3089 3860 3295 3933 κρύφια
3332 3862 3439 3917 τῶν
3472 3863 3636 3919 θείων

2067 3950 2380 4022 μυστηρίων
2410 3950 2851 4023 διερευνώμενος,
2888 3952 2985 4017 τὰς
3019 3955 3306 4026 γινομένας
3335 3955 3481 4026 αὐτῷ
3512 3955 3636 4010 θεό-

2065 4044 2155 4098 θεν
2195 4043 2489 4115 ὲλλάμψεις
2522 4046 2652 4115 περὶ
2695 4044 2796 4115 τῆς
2840 4044 2948 4098 τῶν
2989 4046 3418 4119 ἀνεξερευνήτων
3446 4065 3506 4101 τε
3537 4050 3637 4104 καὶ

2064 4134 2482 4206 ἀνεξιχνιάστων
2515 4138 2929 4207 κατανοήσεως,
2963 4138 3299 4211 ἀτονωτέραν
3349 4140 3487 4212 ἔχων
3532 4144 3634 4212 τῆς

2063 4223 2300 4288 διανοίας
2330 4224 2427 4295 τήν
2455 4225 2720 4294 γλῶτταν,
2761 4224 2942 4290 καθὼς
2969 4226 3217 4300 ὲχώρειή
3249 4228 3385 4300 ἀκοὴ
3416 4229 3523 4282 τῶν
3551 4227 3636 4279 δε-

2065 4316 2308 4386 χομένων
2340 4316 2437 4386 τὴν
2469 4317 2683 4371 σύνεσιν
2715 4317 3013 4390 αὐτοῦ,τὴν
3034 4320 3092 4372 ὲν
3124 4319 3202 4391 τῷ
3240 4321 3538 4393 μυστηρίῳ,
3564 4320 3634 4375 δι’

394 4400 528 4455 Nam
568 4416 693 4454 eum
746 4403 930 4456 omnia
977 4418 1099 4474 qua:
1149 4406 1203 4457 in
1253 4413 1502 4459 naturam
1554 4420 1612 4461 et.
1666 4407 1958 4475 potentiam

2065 4407 2404 4476 αἰνιγμάτων
2432 4407 2594 4461 τινῶν
2616 4407 2894 4473 ὑπέδειξεν
2911 4426 2923 4439 ·
2948 4389 3071 4464 ὅσον
3094 4389 3384 4483 ὑπουργεῖν
3488 4389 3633 4466 *δια-

390 4492 686 4547 humanam
741 4494 945 4547 cadunt
982 4493 1048 4550 de
1096 4502 1290 4550 natura
1340 4495 1523 4550 divina
1590 4498 1960 4567 cognovisset,

392 4596 661 4650 supremae
719 4581 868 4637 illius
918 4585 1169 4640 essentia:
1245 4586 1513 4640 rationem
1556 4588 1721 4643 nullis
1769 4588 1962 4643 huma-

391 4670 478 4726 nis
535 4671 965 4741 cogitationibus
1023 4675 1144 4746 capi
1219 4678 1717 4750 comprehendique
1803 4695 1963 4750 posse

390 4761 748 4821 demonstrat.

462 4944 705 5015 Itemque
730 4963 855 5003 cum
890 4964 955 5005 ea
985 4965 1106 5020 quae
1132 4950 1199 5005 de
1227 4951 1345 5022 ipsa
1384 4953 1826 5020 considerantur,
1857 4970 1959 5027 pa-

394 5051 512 5093 cem
547 5037 829 5103 nimirum,
859 5040 1136 5102 virtutem.
1161 5051 1218 5096 et
1254 5043 1446 5108 vitam,
1494 5053 1549 5099 et
1578 5045 1869 5115 juStitiam,
1907 5058 1960 5102 ct

394 5129 590 5195 lucem,
648 5138 704 5185 et
746 5133 1055 5195 veritatem,
1097 5146 1152 5187 ct
1183 5134 1235 5191 id
1268 5150 1443 5204 genus
1499 5136 1604 5190 alia
1661 5152 1959 5208 perseque-

395 5227 568 5283 retur,
606 5221 875 5277 rationem
908 5224 1083 5294 ipsius
1138 5226 1364 5280 omnino
1403 5242 1564 5296 posse
1592 5230 1809 5300 concipi
1864 5246 1961 5285 ne-

393 5312 572 5379 gavit:
608 5309 777 5366 Deum
816 5315 963 5367 enim
991 5331 1094 5371 nec
1130 5316 1304 5370 visum
1343 5333 1579 5388 unquam
1634 5318 1829 5385 fuisse,
1862 5334 1963 5375 nec

394 5401 571 5456 visum
606 5401 695 5457 iri.
757 5421 776 5455 ι
813 5403 984 5470 Quem
1040 5408 1224 5463 nullus
1278 5426 1297 5459 ι
1362 5408 1562 5478 inquit,
1621 5430 1637 5461 ι
1673 5412 1955 5465 hominum

476 5602 519 5678 is
551 5600 568 5654 ι
598 5602 725 5660 Cor.
764 5606 902 5678 v,_"l.
976 5605 1238 5678 f“__llebr.
1267 5622 1365 5668 vn,
1396 5609 1451 5662 lt
1493 5625 1613 5678 sqq.

1716 5611 1810 5686 "‘l
1841 5611 2088 5686 Timoth.
2118 5630 2176 5686 lt,
2216 5613 2247 5668 6
2274 5633 2288 5682 ;
2324 5616 2521 5686 Ephos.
2553 5637 2605 5686 v,
2636 5621 2691 5677 2.

386 5674 433 5706 ’θ
465 5670 620 5729 Rom.
660 5690 779 5741 vni,
812 5675 865 5731 6.
943 5677 985 5709 “
1020 5676 1229 5732 Coloss.
1267 5693 1352 5744 ιιι,
1382 5679 1433 5734 5.
1511 5670 1554 5713 '5
1579 5670 1815 5751 ilehr.1,
1850 5682 1902 5737 3.

2061 5682 2091 5737 ll
2126 5670 2252 5738 Cor.
2275 5670 2394 5749 ’κη’⁹
2440 5670 2489 5742 4,

2065 4495 2184 4568 νοίᾳ
2215 4497 2457 4560 δυνατῶς
2506 4493 2650 4569 εἶχεν
2691 4500 2720 4551 ό
2759 4498 2935 4569 λόγος,
2962 4500 3215 4555 τοσοῦτον
3243 4503 3632 4574 φθεγγόμενος.

2066 4589 2251 4642 Πάντα
2272 4589 2378 4659 γὰρ
2423 4590 2522 4642 ὅσα
2560 4593 2727 4660 χωρεί
2771 4594 2804 4662 ή
2829 4590 3142 4665 ἀνθρωπίνη
3180 4593 3427 4666 δύναμις,
3458 4612 3634 4651 κατα-

2065 4680 2285 4750 νοήσας,
2324 4678 2611 4747 ἀνέφικτόν
2647 4697 2705 4734 τε
2746 4683 2836 4735 καὶ
2881 4683 3245 4755 ἀνεπίληπτον
3276 4684 3638 4757 ἀνθρωπίνοις

2066 4770 2345 4842 λογισμοῖς
2380 4769 2470 4824 τὸν
2497 4771 2595 4841 τῆς
2626 4773 3025 4846 ὑπερκειμένης
3054 4776 3239 4840 οὐσίας
3266 4778 3637 4851 προσφέρεται

2062 4858 2238 4929 λόγον.

2082 4999 2096 5013 ,
2135 4954 2225 5008 Διὸ
2270 4957 2338 5009 τά
2381 4956 2509 5027 περὶ
2540 4956 2718 5010 αὐτῶν
2764 4957 3111 5030 θεωρούμενα
3145 4960 3337 5030 λέγων,
3387 4964 3636 5036 εἰρήνην,

2066 5047 2160 5099 καὶ
2195 5044 2439 5117 δύναμιν,
2470 5047 2565 5100 καὶ
2592 5046 2755 5125 ζωὴν,
2810 5051 2902 5103 καὶ
2946 5050 3309 5124 δικαιοσύνην,
3354 5054 3447 5107 καὶ
3492 5055 3637 5125 φῶς,

2066 5139 2161 5190 καὶ
2197 5137 2476 5206 ἀλήθειαν.
2505 5140 2595 5191 καὶ
2629 5138 2699 5192 τὰ
2721 5140 2942 5195 τοιαῦτα
2961 5158 2973 5171 '
3002 5142 3093 5195 τὸν
3124 5144 3250 5214 περὶ
3283 5145 3453 5216 αὐτῆς
3489 5147 3641 5199 sui.

2061 5248 2160 5300 νης
2188 5230 2364 5298 λόγον,
2400 5230 2641 5297 ἄληπτον
2669 5228 2807 5286 εἶναι
2838 5234 3114 5299 παντελῶς
3132 5236 3437 5308 διωρίσατο,
3463 5237 3643 5293 εἰπὼν

2065 5322 2204 5391 μήτε
2251 5322 2525 5391 ὲωρᾶσθαί
2572 5340 2701 5377 ποτε
2753 5326 2845 5379 τὸν
2887 5326 3040 5388 Θεὸν,
3096 5333 3232 5399 μήτε
3279 5328 3636 5399 ὀφθήσεσθαι.

2072 5431 2089 5462 ι
2138 5413 2233 5464 Ὃν
2260 5408 2367 5466 εἶδε
2429 5431 2447 5465 ι
2479 5414 2606 5486 γὰρ,
2650 5417 2832 5486 φησὶν,
2870 5438 2887 5469 ι
2929 5418 3123 5487 οὐδεὶς,
3166 5420 3288 5474 οὐδὲ
3319 5420 3442 5474 ἰδεῖν
3475 5420 3642 5478 δύνα-

2797 5623 2838 5654 "
2868 5621 3027 5678 Rom.
3055 5637 3149 5689 χιι,
3181 5623 3228 5677 Ι.
3334 5619 3377 5653 "
3406 5621 3539 5681 ibid.
3573 5622 3660 5707 5.‘
