4034 6132
352 352 469 409 265

1372 347 1458 403 DE
1498 344 1862 402 PERFECTA
1907 342 2300 400 CHRISTIANI
2348 333 2605 401 FORMA.

3470 352 3609 417 .266

355 483 472 522 ται.
518 484 537 517 ι
570 464 671 521 Διά
698 464 858 520 τοῦτο
883 466 1082 537 ζητῶν,
1117 465 1234 530 πῶς
1265 464 1521 538 ὁνομάσει
1564 465 1622 518 τὸ
1656 464 1730 536 μὴ
1775 465 1918 518 δυνάι

2038 461 2195 526 vidit,
2244 476 2348 517 nec
2389 470 2569 531 potest
2604 462 2789 519 videre
2822 465 2889 520 ".
2937 463 3423 538 ldeirco‘qumrens
3470 486 3607 541 quo-

360 574 524 628 μενον
554 557 838 628 λογισμοῖς
856 557 1162 628 .ληφοῆναι,
1186 557 1262 621 ὡς
1294 557 1391 627 οὐχ
1420 550 1576 627 εὗρεν
1605 556 1936 624 ἐμφαντικὸν

349 647 527 717 ὄνομα
573 646 676 716 τῆς
712 645 821 698 τῶν
854 646 1252 717 ἀκαταλήπτων
1297 645 1613 715 ἑρμηνείας,
1647 644 1803 709 δόξαν
1840 644 1933 695 καὶ

349 738 654 791 ὑπόστασιν
700 735 951 807 ὠνόμασε
1002 737 1062 789 τὸ
1113 735 1504 806 ὑπερκείμενον
1563 734 1762 797 παντὸς
1800 735 1935 802 ἀγα-

348 830 467 896 θςῦ,
519 830 581 882 τὸ
631 828 772 899 μήτε
813 827 1100 897 νοούμενον
1151 825 1337 892 ἀξίως,
1391 826 1524 897 μήτε
1573 824 1928 896 φραζόμενον.

303 976 309 981 ,
347 923 463 993 Τὴν
488 922 587 991 μὲν
615 916 710 974 οὖν
744 918 1148 990 ὑπερκειμένην
1173 917 1281 970 τῶν
1313 917 1482 970 ὄντων
1513 916 1698 969 οὐσίαν
1722 917 1931 985 ἀφῆκεν

346 1013 792 1081 ἀκατονόμαστον
824 1010 925 1062 ’τὸ
970 1010 1027 1063 δὲ
1081 1009 1313 1077 συναφές
1359 1025 1418 1060 τε
1459 1009 1552 1061 καὶ
1610 1008 1929 1061 ἀδιάστατον

343 1103 443 1156 τοῦ
478 1103 613 1156 Υἱοῢ
646 1103 780 1174 πρὸς
826 1101 916 1154 τὸν
949 1101 1170 1171 Πατέρα
1196 1101 1589 1171 διερμηνεύων,
1637 1100 1729 1153 καὶ
1761 1099 1823 1151 τὸ
1850 1099 1928 1170 τῷ

343 1195 587 1268 ἀορίστῳ
615 1211 675 1246 τε
707 1193 801 1246 καὶ
834 1191 991 1263 ἀϊδίῳ
1026 1193 1200 1262 Πατρὶ
1229 1192 1493 1265 ἀορίστως
1522 1209 1580 1245 τε
1624 1192 1715 1245 καὶ
1744 1191 1928 1255 ἀϊδίως

345 1285 845 1356 συνθεωρούμενον,
896 1282 1233 1353 ἀπαύγασμα
1263 1282 1421 1352 δόξης
1464 1284 1558 1335 καὶ
1605 1283 1926 1353 χαρακτῆρα

342 1376 703 1440 ὑποστάσεως
748 1372 1177 1446 προσαγορεύει·
1229 1372 1308 1445 τῷ
1364 1375 1461 1446 μὲν
1509 1375 1922 1445 ἀπαυγάσματι,
1976 1440 1987 1447 ἡ

340 1468 407 1522 τὸ
460 1468 709 1539 συμφυὲς
759 1465 1198 1536 ἐνδεικνύμενος
1253 1464 1331 1536 τῷ
1378 1466 1434 1518 δὲ
1490 1465 1819 1536 χαρακτῆρι,
1865 1465 1926 1517 τδ

344 1559 673 1611 ίσοστάσιον.
702 1555 838 1611 Οὔτε
868 1556 977 1628 γὰρ
1003 1555 1170 1626 αὐτῆς
1214 1557 1350 1626 πρὸς
1374 1557 1471 1625 τὴν
1503 1554 1924 1622 ἀπαυγάζουσαν

340 1649 507 1716 φύσιν
538 1648 832 1701 ἐπινοεῖται
871 1664 923 1700 τι
960 1647 1122 1717 μέσον
1145 1689 1159 1713 ,
1192 1645 1315 1699 οὒτε
1341 1664 1424 1709 τις
1452 1647 1548 1699 τοῦ
1581 1647 1923 1718 χαρακτῆρος

340 1737 642 1803 ἐλάττωσις
676 1739 814 1809 πρὸς
869 1739 966 1809 τὴν
1017 1740 1106 1792 ὑπ’
1160 1738 1323 1792 αὐτοῦ
1382 1739 1921 1809 χαρακτηριζομένην

2036 551 2200 606 modo
2225 568 2387 622 quem
2435 554 2697 625 cogitatio
2755 572 2864 612 non
2921 560 3234 630 assequitur
3272 562 3603 627 nominaret,

2034 644 2167 712 quia
2196 659 2305 698 non
2340 643 2551 699 invenit
2572 661 2770 703 nomen
2805 662 2913 717 quo
2941 650 3063 719 ejus
3092 653 3472 708 excellentiam
3504 671 3605 710 ex-

2035 736 2319 803 primeret,
2386 736 2618 805 gloriam
2674 748 2728 792 et
2778 739 3141 796 substantiam
3196 745 3487 813 appellavit
3550 747 3604 800 id

2034 826 2179 895 quod
2214 827 2471 883 omnibus
2500 829 2747 899 partibus
2780 839 3001 901 superat
3026 848 3187 889 omne
3215 835 3437 900 bonum,
3458 836 3606 905 quod

2034 932 2215 987 neque
2243 919 2417 974 oculis
2450 920 2622 982 cerni,
2651 935 2752 975 nec
2786 930 2966 976 mente
2998 925 3226 994 percipi,
3289 941 3389 980 nec
3420 928 3604 982 verbis

2033 1002 2301 1077 explicari
2330 1019 2534 1079 potest,
2573 1019 2738 1080 atque
2778 1013 2852 1066 ita
2906 1016 3419 1083 pra'stantissimam
3454 1019 3603 1072 illam

2031 1112 2214 1153 rerum
2237 1101 2601 1157 substantiam
2639 1103 2757 1158 sine
2797 1105 3020 1159 nomine
3051 1107 3362 1175 prwterivit.
3397 1111 3604 1164 Arctis-

2030 1190 2224 1244 simam
2251 1199 2432 1246 autem
2463 1193 2948 1259 necessitudinem,
2969 1210 3075 1265 qua
3101 1211 3223 1250 cum
3255 1196 3416 1254 Patre
3437 1201 3604 1256 nullis

2029 1283 2280 1338 terminis
2329 1283 2746 1354 circumscripto
2782 1294 2836 1340 et
2888 1288 3222 1356 sempiterno
3267 1287 3439 1345 Filius
3486 1292 3604 1362 ipse

2029 1374 2151 1429 sine
2213 1375 2463 1430 terminis
2505 1387 2767 1448 perpetuo
2824 1377 3156 1447 conjunctus
3200 1382 3599 1446 consideratur,

2028 1463 2373 1533 splendorem
2405 1466 2593 1536 glorim
2622 1479 2675 1521 et
2709 1467 2940 1537 ﬁguram
2979 1470 3302 1526 substantiae
3335 1472 3598 1542 appellat;

2027 1555 2321 1625 splendore
2376 1558 2684 1612 naturalem
2737 1559 2991 1615 unionem
3052 1561 3385 1626 ostendens,
3432 1564 3604 1633 ﬁgura

2026 1654 2206 1701 autem
2258 1647 2511 1702 indicans
2553 1649 2941 1720 aequalitatem.
2973 1650 3185 1707 Etenim
3229 1668 3409 1723 neque
3460 1652 3603 1708 inter

2026 1737 2369 1806 splendorem
2400 1746 2455 1793 et
2489 1740 2864 1808 splendentem
2892 1750 3147 1798 naturam
3178 1745 3414 1800 medium
3441 1745 3604 1801 intel-

338 1830 664 1884 ὑπόστασιν.
734 1830 893 1884 Ἀλλά
940 1832 1034 1884 καὶ
1072 1832 1102 1884 6
1146 1831 1245 1900 τὴν
1288 1829 1709 1897 ἀπαυγάζουσαν
1761 1829 1918 1899 φύσιν

2023 1826 2233 1897 ligitur,
2273 1845 2376 1885 nec
2405 1830 2579 1902 ﬁgura
2627 1832 2807 1887 minor
2846 1833 2939 1888 illa
2975 1835 3306 1904 substantia,
3332 1853 3454 1906 qua:
3497 1838 3601 1893 sub

337 1920 578 1989 νοήσας,
626 1920 718 1972 καὶ
760 1919 822 1974 τὸ
867 1919 1205 1991 ἀπαύγασμα
1249 1917 1453 1991 ταύτης
1515 1920 1732 1985 πάντως
1787 1937 1921 1974 κατ-

338 2008 553 2079 ενόησε.
600 2010 709 2064 Καὶ
750 2012 779 2064 6
819 2010 879 2065 τὸ
924 2010 1151 2082 μέγεθος
1199 2010 1296 2080 τῆς
1348 2010 1697 2075 ὑποστάσεως
1734 2012 1794 2065 ἐν
1845 2010 1921 2080 νῷ

337 2097 545 2164 λαϐὼν,
566 2098 644 2169 τῷ
664 2100 1063 2171 ἐπιφαινομένῳ
1087 2098 1395 2170 χαρακτῆρι
1422 2099 1637 2163 πάντως
1659 2101 1924 2171 ἐμμετρεῖ

335 2190 441 2262 τὴν
493 2190 812 2245 ὑπόστασιν.
849 2191 939 2245 Διὸ
971 2191 1064 2245 καὶ
1113 2190 1326 2261 μορφὴν
1356 2190 1447 2244 τοῦ
1482 2190 1631 2244 Θεοῦ·
1648 2192 1796 2260 λέγει
1829 2192 1920 2245 τὸν

335 2283 567 2352 Κύριον,
597 2283 657 2336 ού
685 2281 1141 2353 κατασμικρύνων
1170 2285 1236 2353 τῇ
1263 2282 1360 2351 τῆς
1393 2282 1607 2353 μορφῆς
1633 2283 1810 2354 ἐννοίᾳ
1828 2283 1920 2336 τὸν

336 2372 567 2442 Κύριον,
598 2372 732 2426 ἀλλα
758 2372 819 2426 τὸ
850 2372 1079 2443 μέγεθος
1116 2371 1210 2425 τοῦ
1258 2372 1389 2428 Υίοῦ
1434 2373 1522 2426 διὰ
1561 2373 1661 2444 τῆς
1704 2373 1920 2445 μορφῆς

332 2464 787 2535 ἐνδεικνύμενος,
902 2464 1246 2536 ἐνθεωρεῖται
1292 2464 1385 2518 τοῦ
1428 2463 1638 2536 Πατρὺς
1676 2465 1709 2535 ἠ
1751 2480 1921 2535 μεγα-

330 2555 572 2627 λειότης,
618 2557 854 2627 οὐδαμοῦ
896 2557 997 2627 τῆς
1040 2557 1175 2620 ίδίας
1227 2556 1438 2628 μορφῆς
1485 2557 1917 2628 ὑπερπίπτουσα,

329 2647 458 2700 οὐδὲ
494 2647 602 2711 ἔξω
630 2647 724 2700 τοῦ
772 2647 899 2718 περὶ
928 2646 1094 2717 αὐτὴν
1141 2647 1484 2717 χαρακτῆρος
1533 2646 1917 2718 εύρισκομὲνη.

336 2738 624 2808 ’Δμορςρον
656 2738 767 2809 γάρ
813 2740 907 2791 καὶ
938 2738 1166 2802 ἀκαλλὲς
1202 2740 1329 2810 περὶ
1365 2738 1457 2791 τὸν
1495 2737 1711 2810 Πατέρα
1744 2739 1916 2804 οὐδὲν,

328 2827 361 2880 ὂ
397 2829 470 2900 μὴ
508 2832 575 2900 τῇ
605 2829 899 2901 ὡραιότητι
930 2829 1024 2882 τοῦ
1058 2829 1395 2899 Μονογενοῦς
1433 2829 1817 2900 ἐπαγάλλεται·
1838 2831 1918 2884 διό

329 2938 503 2991 φησιν
534 2924 563 2974 6
591 2920 794 2994 Κύριος
816 2961 829 2983 ,
863 2924 944 2975 ὅτι
980 2940 999 2973 ι
1036 2921 1096 2976 Ὀ
1127 2921 1387 2992 ἑωρακὼς
1415 2924 1535 2994 ἐμὲ,
1569 2922 1780 2995 ἐώρακε
1822 2923 1916 2975 καὶ

330 3010 430 3064 τὸν
469 3013 722 3084 Πατέρα,
756 3031 775 3064 ι
811 3011 1089 3083 σημαίνων
1120 3011 1205 3064 διὰ
1239 3012 1449 3076 τούτου,
1501 3013 1638 3083 μήτε
1685 3011 1918 3082 ἔλλειψίν

329 3114 457 3156 τινα
514 3088 686 3169 εἶναι,
741 3106 879 3176 μήτε
935 3104 1300 3174 ὑπέρπτωσιν.
1376 3103 1535 3158 am
1580 3103 1675 3158 καὶ
1729 3104 1913 3175 φέρειν

331 3193 504 3247 αὐτὸν
554 3193 727 3264 λέγων
760 3195 828 3248 τά
874 3196 1052 3249 πάντα
1088 3195 1165 3267 τῷ
1218 3197 1316 3265 τῆς
1360 3194 1641 3265 δυνάμεως
1686 3196 1910 3266 ῥήματι,

330 3285 457 3340 λύει
485 3287 593 3339 τῶν
621 3288 691 3341 τὰ
734 3288 1126 3359 ἀνεξερεύνητα
1175 3285 1774 3357 πολυπραγμονούντων
1814 3286 1912 3357 τὴν

330 3378 668 3448 ἀμηχανίαν,
722 3378 770 3432 οἳ
812 3379 901 3432 τὸν
936 3380 1061 3450 περὶ
1091 3380 1188 3451 τῆς
1233 3377 1366 3448 ὕλης
1410 3376 1796 3446 ἀναζητοῦντες
1826 3376 1917 3431 λό-

327 3485 456 3539 γον,
490 3470 720 3543 οὖδαμοῦ
751 3469 851 3541 τῆς
907 3468 1436 3543 πολυπραγμοσύνης
1465 3469 1730 3533 ἵστανται,
1764 3466 1909 3534 Πῶς,

326 3559 588 3628 λέγοντες
608 3601 624 3624 ,
655 3560 733 3631 τῷ
757 3561 906 3632 ἀΰλῳ
931 3563 964 3633 ἡ
1008 3559 1145 3632 ὕλη;
1178 3563 1271 3614 atat
1300 3560 1416 3625 πῶς
1444 3559 1504 3612 τὸ
1536 3558 1698 3613 ποσὸν
1731 3562 1794 3613 ἐκ
1818 3560 1911 3613 τοῦ

323 3651 583 3716 ἀπόσου,
628 3652 720 3705 καὶ
763 3653 826 3705 ἐκ
847 3651 939 3706 τοῦ
986 3652 1392 3724 ἀσχηματίστου
1438 3646 1500 3704 τὺ
1553 3650 1771 3722 σχῆμα,
1818 3650 1912 3704 xa‘t

325 3746 403 3798 ἐκ
452 3744 547 3798 τοῦ
589 3744 819 3816 ἀοράτου
870 3743 931 3798 τὸ
984 3744 1214 3816 χρῶμα,
1274 3743 1368 3797 καὶ
1415 3745 1479 3797 ἐκ
1525 3742 1618 3796 τοῦ
1659 3743 1910 3815 ἀορίστου

325 3836 399 3890 τὸ
428 3837 542 3899 τοῖς
583 3836 733 3901 ἰδίοις
765 3836 982 3909 μέτροις
1011 3834 1521 3907 ἐμπερατούμενον;
1571 3835 1681 3889 Καὶ
1725 3834 1772 3886 εἰ
1806 3849 1912 3903 μη-

322 3926 497 3995 δεμία
544 3927 767 3998 ποιότης
799 3928 925 3998 περὶ
959 3927 1020 3980 τὸ
1062 3927 1263 3980 ἁπλοῦν
1305 3927 1398 3980 καὶ
1436 3925 1724 3980 ἀσύνθετον
1748 3968 1762 3992 ,
1813 3925 1910 3978 πό-

325 4018 430 4070 θεν
475 4017 803 4087 ἐμπλέκεται
839 4021 958 4083 ταῖς
1000 4019 1129 4089 περὶ
1159 4015 1325 4088 αὐτὴν
1368 4017 1647 4089 ποιότησιν
1689 4019 1722 4088 ἡ
1772 4015 1907 4087 ὕλης

326 4106 523 4161 Πάντα
570 4106 678 4178 γὰρ
734 4105 907 4161 ταῦτα
958 4107 1053 4159 καὶ
1101 4105 1169 4159 τά
1214 4103 1438 4157 τοιαῦτα
1484 4103 1592 4156 τῶν
1638 4103 1910 4174 ζητουμέ-

323 4215 443 4252 νων
477 4194 592 4251 λύει
620 4197 648 4248 6
672 4195 862 4260 εἰπὼν,
892 4197 973 4250 ὃτι
1003 4197 1073 4249 τὰ
1115 4195 1405 4266 σύμπαντα
1446 4194 1523 4265 τῷ
1569 4195 1772 4265 ῥήματι
1809 4190 1911 4261 τῆς

322 4289 618 4360 δυνάμεως
664 4287 829 4342 αὐτοῦ
877 4288 1029 4360 φέρει
1078 4290 1108 4341 ὁ
1152 4287 1324 4356 Λόγος
1377 4287 1442 4339 ἐκ
1493 4284 1586 4338 τοῦ
1638 4285 1713 4355 μὴ
1758 4283 1910 4344 ὄντος

325 4382 418 4442 είς
455 4379 686 4448 γένεσιν.
722 4378 907 4433 Πάντα
935 4379 1062 4450 γάρ,
1094 4378 1194 4431 ὅσα
1231 4377 1328 4448 τὴν
1373 4375 1532 4430 ἀῢλον
1579 4372 1761 4444 εἴληχε
1810 4372 1911 4442 φύ-

328 4490 457 4537 ou,
518 4472 643 4543 μίαν
690 4470 866 4523 αἰτίαν
916 4469 1026 4540 ἔχει
1068 4468 1166 4540 τῆς
1214 4467 1597 4529 ὑποστάσεως,
1644 4465 1705 4517 τὸ
1757 4464 1907 4534 ῥῆμα

2023 1917 2142 1989 ipsa
2174 1921 2447 1991 signatur.
2490 1921 2598 1976 Sed
2627 1923 2719 1992 qui
2757 1933 3009 1979 naturam
3039 1927 3414 1997 splendentem
3446 1932 3599 2001 cogi-

2024 2017 2123 2074 tat,
2156 2012 2320 2064 simul
2354 2012 2518 2065 etiam
2564 2013 2793 2067 omnino
2843 2016 3186 2084 splendorem
3220 2018 3491 2090 intelligit.
3535 2020 3601 2073 Et

2023 2102 2115 2169 qui
2148 2101 2469 2157 substantiae
2500 2105 2933 2176 magnitudinem
2976 2108 3162 2162 animo
3193 2109 3453 2180 concipit,
3477 2124 3597 2165 eam

2022 2191 2207 2262 ﬁgurae
2242 2192 2297 2246 in
2324 2193 2440 2264 ipsa
2467 2197 2779 2266 conspicuae
2837 2213 3063 2267 prorsus
3110 2198 3389 2254 dimetitnr
3418 2216 3601 2270 aequa-

2020 2282 2149 2337 lem.
2182 2282 2302 2349 Qua
2328 2286 2396 2339 de
2425 2299 2592 2341 causa
2624 2296 2677 2342 et
2709 2286 2939 2341 formam
2971 2288 3062 2344 Dei
3099 2288 3390 2345 Dominum
3416 2302 3596 2359 vocat,

2023 2370 2214 2429 forma:
2244 2375 2470 2430 notione
2500 2392 2608 2431 non
2638 2376 2973 2434 imminuens
3005 2377 3318 2446 Dominum,
3357 2384 3453 2438 sed
3502 2400 3598 2455 per

2023 2462 2257 2519 formam
2295 2468 2596 2525 ostemlens
2622 2469 3057 2539 magnitudinem
3088 2471 3236 2539 Filii,
3275 2490 3385 2543 qua
3438 2477 3599 2532 intel-

2022 2554 2216 2625 ligitur
2269 2555 2453 2612 Patris
2480 2559 2808 2626 amplitudo,
2865 2576 2987 2630 quae
3038 2565 3314 2633 prOpriam
3366 2564 3597 2622 fortnam

2021 2657 2134 2696 non
2165 2643 2402 2710 excedit,
2438 2661 2618 2715 neque
2654 2655 2808 2700 extra
2850 2646 3117 2718 ﬁguram,
3174 2667 3297 2721 qua:
3327 2653 3473 2707 circa
3519 2655 3600 2724 ip-

2022 2748 2137 2787 sam
2165 2741 2270 2798 est,
2307 2735 2605 2790 invenitur.
2638 2735 2784 2789 Nihil
2830 2737 2974 2793 enim
3008 2738 3267 2805 informe,
3307 2742 3443 2796 nihil
3486 2758 3597 2798 non

2019 2823 2311 2892 pulchrum
2344 2824 2399 2878 in
2427 2823 2613 2890 Patre,
2664 2826 2822 2890 nihil,
2864 2827 3009 2898 quod
3040 2844 3150 2883 non
3180 2829 3460 2900 Unigcniti
3499 2833 3599 2888 de-

2022 2915 2195 2969 claret
2227 2915 2936 2984 pulchritudinem.Quare,
2978 2939 2996 2970 ι
3020 2918 3121 2984 Qui
3155 2921 3289 2976 vidit
3323 2938 3429 2986 me,
3465 2941 3483 2976 I
3517 2923 3598 2978 in-

2019 3008 2138 3076 quit
2186 3005 2488 3072 Dominus,
2537 3026 2556 3059 ι
2592 3008 2724 3063 vidit
2768 3007 2982 3063 Patrem
3009 3011 3078 3076 ",
3119 3030 3138 3063 ι
3197 3028 3265 3066 ex
3317 3013 3402 3067 his
3459 3014 3598 3069 nihil

2019 3097 2237 3163 deesse,
2269 3100 2408 3153 nihil
2440 3115 2727 3170 superesse
2760 3101 3097 3172 signiﬁcans.
3133 3102 3446 3170 Quinetiam
3469 3120 3597 3161 cum

1941 3176 1987 3241 C
2018 3191 2201 3244 omnia
2243 3191 2395 3245 dicat
2441 3206 2564 3246 eum
2602 3200 2825 3264 portare
2888 3195 3056 3249 verbo
3103 3197 3326 3252 virtutis
3386 3214 3498 3255 suae
3525 3202 3595 3264 ",

2018 3282 2182 3336 solvit
2228 3281 2632 3341 dubitationem
2669 3299 2860 3339 eorum
2896 3286 2988 3355 qui
3020 3287 3184 3343 nimis
3226 3288 3514 3360 diligenter
3543 3302 3597 3347 et

2016 3373 2178 3429 anxie
2234 3373 2504 3444 vestigant
2560 3389 2624 3430 ea
2688 3391 2810 3446 qua:
2861 3376 2990 3431 sciri
3049 3393 3159 3433 non
3213 3385 3595 3448 possuntzsi-

2015 3464 2236 3534 quidem
2269 3465 2322 3518 hi
2359 3465 2427 3520 de
2466 3465 2694 3521 materia
2731 3467 3072 3536 requirentes
3118 3471 3407 3537 rationem,
3444 3476 3593 3529 nullo

2013 3554 2186 3609 modo
2230 3570 2344 3625 prae
2393 3555 2561 3609 nimia
2613 3558 2937 3611 curiositate
2975 3561 3289 3615 consistunt
3332 3574 3422 3619 aut
3462 3581 3594 3620 con-

2014 3646 2325 3714 quiescunt.
2369 3642 2523 3701 Unde
2569 3647 2737 3711 enim,
2782 3648 3055 3717 inquiunt,
3101 3653 3328 3706 materia
3385 3655 3458 3709 sit
3513 3656 3593 3711 illi

2013 3736 2111 3806 qui
2184 3748 2215 3787 a
2288 3735 2519 3790 materia
2614 3736 2905 3805 seiunctus
2980 3740 3108 3794 est?
3159 3741 3266 3796 Aut
3351 3760 3590 3814 quonam

2014 3837 2176 3897 pacto
2230 3825 2466 3882 ducatur
2524 3837 2787 3898 quantum
2853 3843 2918 3884 ex
2971 3845 3037 3885 eo
3091 3834 3185 3902 qui
3240 3844 3393 3890 caret
3416 3853 3592 3907 quan-

2013 3908 2209 3974 titate?
2255 3926 2349 3974 aut
2398 3934 2464 3973 ex
2510 3918 2604 3973 illo
2659 3919 2853 3990 ﬁgura,
2909 3922 3001 3991 qui
3036 3921 3264 3993 ﬁguram
3324 3943 3431 3982 non
3490 3930 3592 3984 ha-

2014 4010 2137 4066 bet?
2169 4017 2264 4065 aut
2290 4010 2444 4065 color
2494 4010 2563 4065 ab
2606 4026 2673 4066 eo
2719 4012 2814 4082 qui
2849 4013 3024 4068 videri
3058 4030 3168 4069 non
3223 4020 3438 4087 potest?
3497 4033 3593 4077 aut

2014 4100 2083 4155 ab
2111 4100 2205 4154 illo
2236 4101 2330 4169 qui
2355 4100 2462 4154 ﬁne
2490 4108 2669 4166 vacat,
2712 4100 2765 4156 id
2800 4102 2947 4172 quod
2986 4105 3222 4174 propriis
3252 4107 3449 4164 ﬁnibus
3503 4111 3589 4165 in-

2013 4190 2296 4244 cluditur?
2320 4189 2474 4256 Quod
2496 4192 2542 4246 si
2566 4191 2714 4245 nulla
2739 4193 2894 4247 adest
2918 4195 3154 4263 qualitas
3176 4197 3410 4268 simplici
3433 4211 3486 4256 et
3506 4203 3590 4258 in-

2012 4280 2337 4349 composito,
2363 4282 2508 4337 unde
2531 4283 2758 4337 materia
2783 4284 2900 4339 suis
2924 4287 3278 4356 qualitatibus
3298 4302 3379 4345 est
3404 4292 3585 4362 impli-

2010 4373 2157 4427 cita?
2192 4373 2302 4429 llas
2322 4374 2467 4429 enim
2498 4389 2689 4431 omnes
2717 4384 2770 4431 et
2796 4376 2932 4432 alias
2958 4378 3227 4447 ejusmodi
3258 4383 3587 4451 quaestiones

2011 4464 2190 4529 solvit,
2232 4465 2325 4533 qui
2375 4464 2507 4521 dicit
2565 4467 2645 4522 sic
2704 4468 2869 4523 verbo
2922 4470 3141 4527 virtutis
3190 4487 3303 4528 suae
3352 4473 3584 4529 Verbum

321 4567 436 4636 τῆς
481 4565 761 4637 ἀφράστου
803 4562 1101 4635 δυνάμεως.
1163 4562 1257 4615 Ἐκ
1306 4560 1363 4614 δὲ
1423 4560 1625 4613 τούτων
1667 4557 1915 4611 παιδευό-

2019 4558 2203 4612 omnia
2234 4567 2473 4629 portare,
2503 4568 2563 4613 ut
2592 4570 2922 4630 generentur
2944 4578 3009 4618 ex
3029 4565 3218 4619 nihilo.
3238 4566 3586 4638 Quzecunque

325 4656 478 4729 μεθσ.
528 4656 588 4709 τὸ
641 4656 777 4728 πρὸς
845 4654 976 4708 αὐτὸ
1037 4653 1279 4722 βλέπειν,
1328 4650 1421 4721 ἀφ’
1475 4644 1536 4704 οὗ
1590 4648 1695 4701 τῶν
1744 4648 1915 4703 ὄντων

323 4747 484 4797 ἐστὶν
520 4747 553 4815 ἡ
584 4744 815 4814 γένεσις.
864 4745 928 4797 Εἰ
960 4742 1067 4814 γὰρ
1110 4741 1317 4795 ἐκεῖθεν
1360 4742 1438 4804 εἰς
1481 4739 1542 4792 τὸ
1582 4734 1717 4791 εῖναι
1769 4755 1912 4807 παρ-

323 4837 600 4910 ήχοημεν,
626 4838 719 4891 καὶ
763 4837 821 4889 ἐν
861 4835 1008 4907 αὐτῷ
1038 4834 1463 4904 συνεστήκαμεν,
1496 4831 1708 4901 ἀνάγκη
1743 4830 1908 4894 πᾶσα,

324 4928 505 5000 μηδὲν
520 4928 622 4995 ἔξω
646 4929 745 5000 τῆς
761 4927 1012 4996 γνώσεως
1033 4925 1302 4980 πιστεύειν
1324 4919 1458 4977 εἶναι
1480 4923 1571 4975 τοῦ
1592 4924 1648 4975 ἐν
1663 4915 1706 4990 ᾧ
1722 4924 1907 4992 ἐσμεν,

324 5018 434 5072 καὶ
464 5017 557 5087 ἀφ’
591 5011 653 5070 οὗ
685 5016 1009 5086 γεγόναμεν,
1044 5014 1136 5067 καὶ
1166 5015 1243 5075 εἰς
1269 5012 1327 5065 ὃν
1370 5009 1689 5081 ἀναλύομεν.
1725 5008 1910 5081 Ταύτῃ

322 5109 396 5164 δὲ
437 5111 509 5180 τῇ
551 5107 757 5178 διανοίᾳ
805 5104 1283 5177 συγκατοροοῖηαι,
1330 5102 1472 5155 κατά
1522 5100 1583 5157 τὸ
1631 5098 1805 5164 εἰκὸς,
1853 5102 1913 5154 τὸ

325 5198 481 5253 κατὰ
511 5200 609 5269 τὴν
640 5198 787 5268 ζωὴν
831 5197 1230 5268 ἀναμάρτητον.
1258 5193 1352 5258 Τίς
1389 5193 1498 5264 γάρ
1539 5191 1597 5259 ἐξ
1628 5191 1792 5246 αὐτοῦ
1822 5193 1915 5245 καὶ

322 5289 401 5344 δι’
432 5288 599 5344 αὑτοῦ
632 5289 728 5343 καὶ
774 5291 831 5341 ἐν
864 5285 1014 5358 αὐτῷ
1066 5286 1165 5357 ζῇν
1211 5284 1501 5346 πιστεύων,
1536 5282 1784 5354 μάρτυρα
1814 5283 1912 5351 τῆς

274 5422 287 5452 ,
326 5380 788 5452 ἀπεμφαινούσης
844 5377 992 5448 ζωῆς
1033 5377 1296 5447 τολμήσαι
1342 5376 1670 5446 ποιήσασθαι
1717 5373 1808 5426 τὸν
1853 5374 1911 5426 ἐν

277 5446 286 5465 ⁸
325 5446 485 5543 αὐτῷ
506 5446 615 5545 ⁷τὴν
641 5446 875 5525 ἑκάστου
904 5446 1047 5541 ζωὴν
1075 5446 1425 5537 περιέχοντα;
1475 5464 1680 5539 Βρῷμα
1718 5461 1776 5517 δὲ
1818 5463 1912 5515 καὶ

325 5565 489 5633 πόμα
549 5561 919 5635 πνευματικὸν
968 5558 1249 5631 ὀνομάζων
1296 5556 1387 5610 τὸν
1439 5557 1641 5628 Κύριον
1688 5556 1717 5608 6
1771 5553 1912 5617 θεῖος

2016 4640 2161 4703 enim
2195 4649 2435 4703 materia:
2456 4650 2539 4703 vel
2571 4640 2891 4722 participem
2919 4655 3002 4707 vel
3027 4664 3303 4724 expertem
3331 4666 3584 4713 naturam

2016 4749 2369 4810 acceperunt,
2410 4757 2572 4795 unam
2609 4742 2934 4799 substantia:
2955 4760 3177 4801 causam
3202 4748 3424 4815 habent,
3462 4766 3585 4805 ver-

2015 4830 2144 4885 bum
2178 4831 2398 4885 virtutis
2427 4830 2574 4885 illius
2628 4847 2749 4901 quae
2803 4834 2968 4890 nullis
3004 4838 3183 4891 verbis
3225 4837 3333 4892 dici
3383 4847 3579 4909 potest.

2013 4921 2089 4976 Ex
2122 4937 2233 4992 quo
2259 4922 2636 4989 admonemur,
2665 4934 2725 4978 ut
2759 4941 2904 4991 eum,
2932 4927 3077 4982 unde
3104 4944 3190 4983 res
3216 4945 3405 4987 omnes
3450 4941 3584 4988 ortze

2011 5020 2391 5082 generataque
2434 5020 2581 5078 sunt,
2628 5013 2958 5071 intueamur.
3008 5016 3220 5072 Etenim
3268 5020 3317 5074 si
3370 5023 3438 5076 ab
3489 5024 3584 5077 illo

2011 5099 2283 5170 procreati
2319 5114 2533 5164 sumus,
2566 5107 2729 5170 atque
2762 5103 2816 5156 in
2845 5119 2909 5158 co
2942 5106 3317 5174 consistimus,
3358 5110 3582 5165 omnino

2011 5205 2242 5245 necesse
2268 5199 2431 5245 estut
2463 5191 2601 5245 nihil
2627 5209 2750 5247 esse
2773 5195 3082 5261 credamus,
3137 5198 3279 5266 quod
3335 5199 3453 5269 ejus
3487 5201 3582 5270 qui

2011 5296 2114 5335 nos
2142 5283 2536 5352 procrearit,in
2567 5299 2678 5352 quo
2708 5287 2902 5347 simus,
2929 5285 2984 5340 in
3018 5302 3179 5356 quem
3217 5292 3579 5356 resolvamur,

2018 5373 2380 5442 cognitionem
2422 5371 2662 5443 effugiat.
2719 5377 2838 5441 Qua
2871 5378 3091 5447 quidem
3126 5381 3479 5452 cogitatione,
3520 5391 3582 5436 ut

2018 5478 2232 5533 aequum
2260 5471 2364 5524 est,
2395 5462 2705 5519 innocentia
2733 5467 2857 5521 vitae
2883 5479 3256 5526 conservatur.
3282 5473 3415 5538 Quis
3433 5473 3579 5528 enim

2016 5571 2084 5611 ex
2112 5557 2252 5625 ipso,
2285 5564 2339 5612 et
2366 5572 2461 5628 per
2490 5557 2689 5628 ipsum,
2721 5568 2774 5616 ct
2820 5560 2872 5616 in
2906 5562 3024 5635 ipso
3054 5563 3099 5595 ’ν
3134 5581 3193 5619 se
3250 5564 3429 5621 vivere
3461 5579 3581 5618 cre-

403 5762 494 5816 “l
528 5760 674 5816 Tim.
710 5776 787 5822 vr,
822 5757 907 5811 16.
982 5758 1027 5790 ’³
1053 5755 1208 5809 Joan.
1235 5769 1344 5817 xlv,
1384 5754 1466 5811 I0.
1545 5758 1588 5788 ²⁶
1623 5754 1783 5809 llebr.
1817 5770 1854 5821 ι,
1894 5752 1918 5806 5

2025 5752 2068 5783 ’⁷
2093 5752 2251 5804 Rern.
2290 5768 2362 5819 χι,
2390 5753 2473 5806 56.

658 5853 929 5916 Parnm"
977 5851 1090 5910 Gn.
1142 5850 1192 5908 Χ
1211 5850 1359 5908 LVI.

3300 5849 3340 5917 9.
3358 5913 3362 5918 .
