4034 6132
429 331 533 425 esi

1663 363 1720 418 S.
1750 356 2079 418 GliEGORll
2112 351 2399 411 NYSSENI

3571 336 3674 394 268

432 486 589 550 dens,
624 486 800 555 turpis
827 492 881 537 et
912 482 1196 553 ﬂagitiosae
1243 482 1367 536 vitae
1396 488 1589 536 testem
1625 480 1825 534 habere
1871 477 2000 533 velit

2115 471 2453 535 Ἀπόστολος,
2499 466 2668 522 ταῦτα
2718 462 2804 518 διὰ
2834 464 2943 515 τῶν
2979 458 3285 530 λεγομένων
3316 456 3454 510 νοεῖν
3483 454 3672 507 ὑποτί-

431 593 577 641 eum,
602 593 760 646 quem
809 573 1244 643 uniuscujusque
1304 575 1470 629 vitam
1496 575 1552 628 in
1613 588 1672 628 se
1721 572 2001 626 continere

432 667 611 721 sciat?
637 666 827 720 Escam
846 674 1024 719 autem
1050 673 1103 719 et
1125 672 1311 734 potum
1338 663 1675 735 spiritualem
1712 661 2001 716 Dominum

433 748 711 826 appellans
742 757 901 810 divus
934 754 1287 826 Apostolus”
1318 772 1418 812 nos
1470 753 1908 817 commonefacit,
1942 759 2003 805 ut

430 856 684 901 naturam
720 846 1013 899 humanam
1068 861 1175 900 non
1229 846 1553 916 simplicem,
1589 844 1686 899 sed
1718 859 1783 898 ex
1819 847 2000 896 mente

434 953 705 1007 sensuque
768 938 1124 1007 compositam
1183 938 1522 1009 cogitemus,
1554 924 1731 1004 'cnjus
1785 932 2001 1003 quidem

431 1032 652 1099 utrique
691 1029 830 1098 parti
869 1031 941 1084 sit
973 1030 1224 1099 proprius
1261 1030 1449 1097 cibus;
1491 1029 1662 1084 solida
1703 1027 1847 1081 enim
1878 1038 2003 1079 esea

431 1136 631 1190 corpus
668 1121 939 1188 nutritur;
981 1122 1208 1190 spiritali
1261 1121 1521 1176 alimento
1548 1118 1803 1174 valetudo
1834 1115 2004 1170 animi

431 1220 807 1268 conservatur.
832 1211 909 1273 Ac
940 1211 1393 1281 quemadmodum
1430 1211 1486 1265 in
1506 1224 1732 1280 corpore
1754 1207 1927 1263 solida
1951 1214 2006 1261 et

432 1302 654 1356 humida
680 1303 934 1357 alimenta
989 1304 1130 1357 inter
1179 1318 1240 1358 se
1289 1303 1453 1358 mista
1481 1311 1729 1356 naturam
1759 1299 2005 1353 nutriunt

430 1401 485 1448 et
524 1400 766 1457 tuentur,
795 1391 923 1447 dum
957 1399 1145 1447 mutuo
1179 1401 1439 1448 concocta
1473 1391 1704 1462 singulis
1734 1391 2025 1461 partibus,‘

431 1499 552 1553 quae
587 1484 639 1536 in
679 1484 838 1539 nobis
867 1499 933 1538 ex
974 1484 1257 1539 elementis
1285 1493 1558 1540 concretae
1593 1491 1740 1547 sunt,
1780 1482 2006 1536 commi-

431 1579 654 1627 seentur
685 1591 699 1626 :
734 1572 814 1627 sic
847 1574 1042 1628 mentis
1076 1573 1392 1628 alimentum
1432 1589 1497 1626 ex
1535 1571 1886 1642 proportione
1919 1568 2006 1623 di-

431 1660 619 1716 videns
651 1660 873 1729 Paulus,
899 1677 1079 1717 escam
1104 1670 1157 1718 et
1191 1669 1379 1731 potum
1410 1669 1568 1716 vocat
1596 1660 1840 1716 eamdem
1867 1674 2004 1726 rem,

432 1760 592 1822 prout
625 1763 747 1824 apte
775 1761 829 1809 et
856 1754 1074 1824 proprie
1096 1754 1162 1809 ad
1186 1754 1570 1824 accipientium
1597 1768 1757 1809 usum
1790 1766 2007 1807 accom-

2103 564 2275 626 θεται,
2318 563 2398 615 ὅτι
2443 561 2501 614 οὐ
2553 557 2827 629 μονοειδής
2880 554 3089 624 ὲστινή
3132 550 3443 621 ἀνθρωπίνη
3489 544 3677 617 φύσις,

2102 657 2238 712 ἀλλά
2277 655 2371 708 τοῦ
2420 651 2611 722 νοητοῦ
2651 650 2787 722 πρὸς
2817 649 2879 703 τὸ
2920 646 3174 716 αἰσθητὸν
3208 640 3678 712 συγκεκραμένοιι,

2107 749 2381 812 ἰδιάζουσαι
2402 745 2520 800 καθ’
2543 744 2728 814 ἕτερον
2753 740 2859 794 τῶν
2883 742 2939 793 ἐν
2963 740 3092 810 ήμῖν
3115 733 3501 805 θεωρουμένων
3529 730 3679 784 ἐστὶν

2103 843 2137 912 ἡ
2168 840 2359 912 τροφίγ
2404 838 2502 907 τῆς
2545 836 2642 906 μὲν
2671 832 2934 903 αἰσθητῆς
2962 828 3212 900 βρώσεως
3257 825 3318 878 τὸ
3355 824 3512 893 σῶμα
3556 821 3680 875 δια-

2104 930 2429 1003 κρατούσης,
2463 929 2560 998 τῆς
2588 926 2644 979 δὲ
2673 922 3045 994 πνευματικῆς
3076 919 3281 989 τροφῆς
3310 916 3408 987 τὴν
3440 912 3681 984 ψυχικὴν

2103 1020 2438 1094 ἐμποιούσης
2467 1021 2596 1089 ἡμῖν
2625 1015 2856 1080 εὐεξίαν.
2914 1010 3051 1064 Ἀλλ’
3097 1010 3285 1079 ὥσπερ
3310 1007 3401 1060 ἐπὶ
3439 1004 3529 1058 τοῦ
3565 1004 3678 1057 σώ-

2108 1130 2294 1185 ματος,
2340 1111 2401 1164 τὸ
2450 1106 2666 1179 στερεόν
2706 1124 2766 1160 τε
2809 1105 2903 1159 καὶ
2950 1103 3113 1172 ὑγρὸν
3141 1101 3239 1171 τῆς
3283 1099 3510 1169 τροφῆς,
3558 1094 3681 1166 μετ’

2106 1206 2276 1261 ἄλλων
2302 1201 2631 1275 μιγνύμενα,
2671 1196 3037 1267 συντηρητικά
3064 1196 3163 1263 τῆς
3195 1190 3407 1259 φύσεως
3441 1188 3681 1255 γίνεται,

2104 1297 2194 1351 διὰ
2238 1297 2335 1366 τῆς
2382 1291 2715 1361 καταλλήλου
2763 1288 2975 1356 πέψεως
3034 1285 3246 1352 ἑκάστῳ
3297 1280 3404 1333 τῶν
3451 1281 3507 1332 ὲν
3542 1279 3678 1347 ἡμῖν

2108 1380 2456 1453 στοιχειωδῶς
2502 1376 2958 1447 συγκεκραμένων
3004 1368 3488 1441 καταμιγνύμενα·
3536 1366 3681 1418 κο.τά

2104 1474 2196 1528 τὸν
2252 1471 2416 1527 αὐτὸν
2463 1470 2662 1540 τρόπον
2709 1464 3045 1534 ἀναλογικῶς
3091 1463 3120 1515 ό
3173 1460 3381 1522 Παῦλος
3433 1459 3526 1512 καὶ
3578 1458 3681 1525 τὴν

2108 1564 2303 1635 νοητὴν
2337 1559 2691 1630 καταμερίζει
2736 1555 2964 1628 τροφὴν,
3019 1552 3219 1624 βρῶσιν
3264 1549 3542 1620 ὀνομάζων
3583 1548 3681 1600 καὶ

2107 1655 2264 1708 πόσιν
2296 1654 2356 1706 τὸ
2388 1651 2520 1706 αὐτὸ
2564 1651 2817 1719 πρᾶγμα,
2848 1646 2982 1719 πρὸς
3026 1645 3123 1716 τὴν
3153 1643 3344 1714 χρείαν
3372 1640 3479 1694 τῶν
3510 1656 3683 1711 προσ-

2109 1746 2423 1819 φερομένων
2464 1742 2681 1805 οίκείως
2716 1735 3210 1809 μεθαρμοζόμενον.
3256 1734 3381 1796 Τοῖς
3430 1732 3526 1803 μὲν
3570 1729 3681 1802 γὰρ

431 1821 703 1900 modatur.
739 1821 875 1899 Nam
909 1821 1193 1900 imbecillis
1233 1821 1560 1915 afﬁictisque
1592 1844 1749 1914 panis
1785 1843 1872 1905 ﬁt,
1908 1857 2007 1898 cor

2115 1836 2356 1894 ἀτονοῦσι
2385 1834 2480 1889 καὶ
2508 1831 2888 1902 ἐκλελυμένοις
2935 1828 3098 1897 ἀρτος
3136 1825 3364 1894 γίνεται,
3409 1821 3684 1893 στηρίζων

432 1935 667 1990 hominis
694 1936 1058 2004 conﬁrmans;
1086 1936 1247 2007 aegris
1267 1947 1450 1992 autem
1482 1944 1538 1990 et
1571 1936 1734 2003 hujus
1755 1934 1876 1989 vitae
1906 1933 2008 1986 mi-

433 2027 577 2083 seria
605 2027 996 2094 laborantibus,
1039 2042 1103 2081 ac
1138 2036 1423 2097 propterea
1472 2026 1779 2082 sitientibus
1826 2024 1888 2078 ﬁt
1925 2025 2008 2078 vi-

436 2133 566 2174 num
596 2118 749 2176 cordi
778 2118 1020 2174 laetitiam
1064 2118 1377 2176 efferens".

428 2332 431 2335 -
504 2301 731 2378 Oportet
755 2307 937 2359 autem
973 2313 1070 2369 per
1100 2313 1162 2354 ea
1193 2312 1314 2366 quae
1348 2295 1495 2351 dicta
1545 2302 1675 2351 sunt
1727 2294 1835 2348 vim
1884 2309 2009 2349 ora-

436 2394 601 2449 tionis
635 2392 954 2461 intelligere,
1016 2404 1126 2459 qua
1176 2391 1395 2443 animus
1457 2402 1524 2442 ex
1586 2385 1839 2456 praesenti
1903 2402 2009 2442 usu

438 2482 671 2554 gratiam
700 2482 976 2552 accipiens
1007 2480 1193 2544 alitur,
1230 2485 1293 2533 ut
1346 2477 1553 2533 indicat
1603 2476 1834 2547 aenigma
1879 2474 2011 2529 Pro-

437 2573 632 2643 phetae,
665 2573 758 2643 qui
789 2572 909 2627 loco
935 2586 1173 2641 pascuae,
1207 2577 1262 2624 et
1287 2584 1429 2639 aqua
1460 2566 1778 2622 refectionis
1808 2580 2010 2621 conso-

436 2663 697 2719 lationem
746 2663 1018 2734 signiﬁcat
1048 2663 1117 2729 ⁸⁸,
1175 2675 1299 2733 quae
1327 2659 1578 2715 oratione
1629 2657 2011 2713 laborantibus

438 2765 496 2809 et
526 2754 744 2811 afﬂictis
773 2754 1084 2809 adhibetur.
1118 2754 1215 2809 Sin
1247 2752 1447 2822 aliquis
1479 2751 1645 2807 etiam
1709 2751 1777 2804 ad
1810 2760 2014 2820 myste-

440 2846 585 2901 rium
616 2845 916 2916 respiciens
947 2845 1096 2899 dicat
1122 2845 1306 2900 cibum
1337 2853 1392 2897 et
1429 2851 1616 2914 potum
1649 2842 1872 2912 proprie
1911 2839 2015 2894 Do.

442 2937 652 2993 minum
683 2935 977 3000 nominari,
1013 2949 1083 2990 ne
1109 2933 1163 2989 id
1192 2933 1411 3003 quidem
1451 2948 1481 2987 a
1516 2947 1777 3005 germana
1805 2931 2015 3002 signiti-

444 3028 659 3084 catione
686 3026 1008 3083 recesserit:
1039 3041 1166 3081 vere
1194 3025 1337 3081 enim
1367 3037 1500 3079 caro
1524 3024 1698 3093 ipsius
1722 3031 1807 3079 est
1834 3024 2013 3086 cibus,

448 3127 501 3174 et
529 3119 757 3189 sanguis
784 3117 906 3186 ejus
941 3130 1069 3171 vere
1108 3122 1195 3172 est
1226 3121 1388 3186 potus
1414 3113 1481 3170 ⁸⁸.
1512 3114 1691 3184 Atque
1717 3119 2013 3169 memorata

2110 1929 2333 2002 καρδίαν
2367 1923 2651 1996 ἀνθρώπου
2674 1938 2688 1953 ο
2719 1924 2830 1985 τοῖς
2874 1920 2930 1973 δὲ
2963 1915 3267 1989 κεκμηκόσι
3295 1914 3382 1968 διὰ
3421 1912 3517 1984 τὴν
3543 1912 3685 1983 πρὸς

2108 2020 2200 2073 τὸν
2237 2017 2348 2089 βίον
2380 2016 2564 2070 τοῦτον
2604 2011 3001 2082 ταλαιπωρίαν,
3038 2008 3248 2063 aurata
3274 2006 3432 2060 τοῦτο
3456 2004 3686 2075 γενομέο

2111 2126 2222 2173 νοις
2266 2107 2568 2178 διψώδεσιν,
2607 2099 2746 2165 οἶνος
2794 2102 3021 2169 γίνεται,
3065 2097 3162 2170 τὴν
3209 2096 3434 2169 καρδίαν
3475 2096 3554 2157 είς
3586 2094 3684 2147 εὐ-

2112 2202 2385 2275 φροσύνην
2412 2198 2580 2267 ἄγων.

2184 2297 2343 2349 Νοεῖν
2380 2293 2436 2346 δὲ
2481 2290 2586 2361 χρὴ
2634 2287 2721 2341 διὰ
2761 2284 2871 2339 τῶν
2922 2280 3226 2355 εἰρημένων
3257 2277 3351 2333 τοῦ
3396 2277 3552 2345 λόγου
3583 2274 3693 2345 τὴν

2111 2387 2358 2458 δύναμιν,
2410 2383 2471 2438 δι’
2538 2376 2597 2435 οῦ
2642 2379 2898 2451 τρέφεται
2942 2377 2976 2446 ή
3022 2374 3168 2444 ψυχὴ
3223 2370 3566 2440 καταλλήλως
3612 2371 3687 2438 τῇ

2112 2479 2289 2552 χρείᾳ,
2326 2476 2424 2548 τὴν
2467 2475 2560 2528 ἀπ’
2590 2470 2753 2525 αὐτοῦ
2782 2470 2941 2541 χάριν
2984 2464 3406 2539 προσδεχομένη,
3437 2461 3575 2552 κατά
3622 2459 3688 2514 τὸ

2113 2550 2338 2641 αίνιγμα
2378 2564 2472 2620 τοῦ
2510 2563 2811 2635 προφήτου,
2868 2560 2928 2623 ὃς
2965 2559 3113 2628 τόπῳ
3167 2555 3327 2627 χλόης
3371 2552 3465 2607 καὶ
3491 2550 3688 2614 ὓδατος

2114 2657 2471 2719 ἀναπαύσεως
2510 2654 2606 2724 τὴν
2656 2654 2722 2705 ὲκ
2748 2650 2840 2702 τοῦ
2874 2648 3032 2716 λόγου
3077 2644 3368 2715 γινομένην
3422 2642 3534 2703 τοῖς
3591 2656 3688 2692 κε-

2113 2749 2349 2821 κμηκόσι
2400 2743 2750 2817 παραμυθίαν
2806 2738 3170 2810 διασημαίνει.
3223 2737 3286 2788 Ei
3334 2735 3392 2788 δὲ
3437 2732 3571 2804 πρὸς
3623 2730 3691 2785 τὸ

2117 2838 2412 2910 μυστήριόν
2474 2853 2560 2899 τις
2612 2834 2846 2905 βλέπων,
2904 2830 3101 2903 βρῶμα
3148 2828 3243 2881 καὶ
3297 2826 3445 2897 πόμα
3482 2824 3690 2894 κυρίως

2114 2929 2472 3002 ὀνομάζεσθαι
2489 2927 2638 2995 λέγοι
2662 2924 2754 2978 τὸν
2782 2923 3004 2994 Κύριον,
3038 2920 3161 2975 οὐδὲ
3185 2918 3343 2974 τοῦτο
3369 2918 3465 2988 τῆς
3492 2915 3691 2986 κυρίας

2115 3023 2404 3093 ἐμφάσεως
2446 3018 2816 3084 ἀπεξένωται*
2853 3013 3067 3085 ἀληθῶς
3111 3013 3219 3084 γὰρ
3264 3014 3299 3083 ἡ
3343 3009 3477 3081 σὰρξ
3520 3007 3692 3064 αὐτοῦ

2119 3113 2318 3186 βρῶσίς
2347 3113 2481 3176 ἐστι,
2514 3111 2608 3165 καὶ
2638 3109 2699 3163 τὸ
2723 3102 2862 3179 αἷμα
2904 3103 3069 3159 αὐτοῦ
3101 3102 3315 3175 ἀληθῶς
3358 3104 3472 3155 ὲστι
3506 3101 3692 3163 πόσις.

448 3210 667 3281 quidem
713 3207 1127 3279 signiﬁcatione,
1165 3205 1422 3262 omnibus
1467 3219 1592 3260 cum
1627 3211 1897 3275 potestate
1934 3202 2013 3257 fa-

2128 3205 2267 3259 Ἀλλ’
2301 3204 2393 3258 ὲπὶ
2423 3203 2522 3273 τῆς
2551 3198 2953 3272 προῤῥηθείσης
2987 3196 3083 3267 μὲν
3107 3195 3361 3258 διανοίας,
3393 3193 3527 3246 πᾶσι
3564 3192 3690 3245 κατ’

448 3302 629 3357 cultas
650 3302 810 3354 datur
842 3306 904 3354 ut
933 3299 1228 3370 participes
1259 3297 1373 3353 sint
1420 3295 1607 3360 Verbi,
1637 3294 1787 3366 quod
1833 3294 1902 3350 ab
1948 3294 2015 3349 iis

449 3391 542 3461 qui
572 3390 862 3461 requirunt
894 3388 1027 3444 illud
1073 3397 1380 3459 acceptum,
1414 3385 1473 3440 ﬁt
1534 3386 1694 3441 cibus
1739 3392 1794 3440 et
1855 3393 2015 3455 potus

448 3483 570 3540 sine
599 3480 919 3537 discrimine
957 3486 1231 3551 gustatus.
1276 3479 1337 3533 In
1370 3479 1545 3533 altera
1575 3486 1757 3531 autem
1810 3474 2018 3547 signiﬁ-

448 3574 664 3629 catione
695 3587 803 3627 non
863 3571 983 3628 sine
1016 3573 1334 3642 probatione
1395 3578 1488 3625 aut
1541 3568 1660 3625 sine
1695 3569 1897 3623 dilectu
1960 3568 2019 3621 ﬁt

448 3663 722 3735 ejusmodi
755 3662 862 3719 cibi
895 3669 1165 3733 potusque
1192 3661 1571 3733 participatio,
1616 3675 1738 3716 cum
1774 3659 2016 3730 Aposto-

448 3758 537 3811 lus
566 3756 639 3809 ita
668 3753 976 3809 deﬁnierit:
1020 3772 1040 3804 ι
1078 3751 1282 3807 Probet
1340 3761 1546 3816 autem,
1602 3752 1801 3822 inquit,
1832 3766 1892 3808 se
1936 3752 2020 3821 ip-

451 3858 577 3897 sum
608 3842 867 3909 quisque,
899 3847 953 3893 et
980 3839 1060 3894 sic
1082 3840 1149 3893 de
1181 3854 1322 3909 pane
1361 3840 1452 3894 illo
1483 3839 1633 3904 edat,
1659 3847 1714 3894 et
1739 3840 1807 3894 de
1852 3840 2019 3896 calice

449 3931 621 3988 bibat.
654 3931 756 3997 Qui
786 3931 932 3985 enim
961 3929 1183 4001 indigne
1224 3930 1525 3986 manducat
1579 3940 1633 3987 et
1680 3930 1849 3996 bibit,-
1872 3931 2019 4001 judi-

451 4025 597 4079 cium
645 4021 748 4077 sibi
775 4020 1069 4076 manducat
1096 4028 1151 4075 et
1177 4020 1316 4076 bibit
1347 4022 1412 4078 ³⁸.
1444 4041 1464 4075 ι
1533 4019 1652 4077 Huc
1687 4030 1868 4076 autem
1933 4038 2021 4077 re-

454 4114 694 4185 spiciens
725 4113 1059 4183 evangelista
1087 4113 1247 4186 plane
1275 4112 1494 4169 videtur
1521 4113 1770 4169 eamdem
1815 4112 2021 4185 signiﬁ-

453 4204 723 4260 cationem
758 4201 1134 4269 confirmasse,
1165 4217 1289 4257 cum
1318 4203 1562 4275 mysticae
1590 4203 1863 4274 passionis
1887 4214 2023 4258 tem-

454 4308 585 4365 pore
634 4293 837 4350 nobilis
888 4293 1263 4357 ille,senator
1320 4294 1672 4349 immaculata
1710 4293 2023 4363 mundaque

451 4384 686 4440 sindone
723 4383 1009 4440 involvens
1038 4382 1252 4438 Domini
1284 4398 1486 4455 corpus
1517 4386 1572 4440 in
1606 4401 1749 4441 novo
1781 4394 1835 4440 et
1883 4400 2022 4456 puro

453 4482 806 4531 monumento
859 4475 1039 4544 posuit
1077 4474 1145 4527 ³³.
1217 4475 1581 4541 Quamobrem
1652 4486 1706 4533 et
1776 4478 2019 4548 Apostoli

452 4575 725 4638 praecepto
778 4574 833 4622 et
858 4566 1207 4637 evangelistze
1273 4567 1659 4625 observatione
1706 4583 2020 4624 commone-

453 4675 597 4725 mur,
627 4668 688 4714 ut
717 4655 1158 4715 sacrosanctum'
1188 4659 1401 4714 homini
1450 4676 1654 4732 corpus
1698 4677 1835 4732 pura
1885 4677 2020 4719 con-

454 4750 682 4806 scientia
714 4751 1102 4820 suscipiamus.
1133 4749 1290 4816 Quod
1337 4753 1383 4807 si
1415 4752 1595 4824 aliqua
1649 4753 1858 4823 peccati
1906 4769 2021 4809 ma-

454 4843 577 4896 cula
612 4841 809 4897 infecta
835 4842 931 4907 sit,
984 4856 1103 4896 eam
1142 4857 1284 4914 aqua
1320 4844 1686 4915 lacrymarum
1735 4847 2020 4904 abluamus

454 4939 509 4986 et
545 4946 934 5001 expurgemus.
967 4929 1172 4986 Verum
1221 4933 1346 5002 quia
1392 4935 1557 4989 etiam
1614 4943 1766 5004 petra
1820 4936 2021 4991 dicitur

454 5020 709 5077 Christus
736 5021 803 5089 “,
851 5035 971 5076 eam
1025 5021 1187 5077 nobis
1229 5022 1281 5076 id
1315 5038 1513 5080 nomen
1566 5025 1757 5081 aﬁ‘eret
1811 5027 2019 5082 utilita-

455 5122 586 5180 tem,
616 5121 677 5168 ut
705 5123 912 5169 rectam
951 5113 1166 5169 vivendi
1193 5114 1460 5171 rationem
1491 5115 1701 5172 ﬁrmam
1746 5133 1810 5173 ac
1852 5119 2021 5174 stabi-

455 5206 565 5260 lem
609 5213 913 5273 teneamus,
940 5211 995 5260 et
1024 5204 1082 5259 in
1112 5204 1280 5261 rebus
1337 5204 1585 5262 adversis
1640 5207 1850 5263 fortiter
1896 5223 2021 5279 per-

457 5295 698 5351 ferendis
758 5303 1076 5352 constantes
1122 5296 1318 5363 simus,
1380 5296 1753 5369 adversusque
1803 5315 2020 5355 omnem

458 5385 666 5456 peccati
705 5384 967 5455 impetum
1007 5395 1262 5443 strenuos
1312 5395 1477 5457 atque
1523 5387 1758 5444 invictos
1810 5390 2023 5445 animos

458 5484 815 5547 praestemus:
848 5493 913 5533 ex
952 5477 1039 5533 his
1072 5478 1217 5534 enim
1242 5479 1409 5535 rebus
1462 5488 1517 5534 et
1570 5480 1693 5535 aliis
1752 5479 2023 5551 ejusmodi

528 5675 577 5708 "
605 5673 771 5729 lCor.
800 5689 855 5738 ι,
878 5672 946 5727 l6

460 5747 547 5803 53.
640 5745 685 5777 ”
706 5746 724 5799 Ι
747 5742 875 5800 Cor.
899 5759 956 5810 ι,
985 5742 1040 5801 ιζ

2114 3294 2358 3361 ἐξουσίαν
2401 3294 2546 3346 ἐστὶν
2601 3293 2634 3361 ή
2690 3289 2946 3361 μετουσία
2993 3287 3087 3341 τοῦ
3137 3286 3346 3354 Λόγου,
3390 3285 3449 3347 ὂς
3479 3283 3693 3352 γίνεται

2115 3388 2310 3459 βρῶμα
2355 3386 2449 3438 καὶ
2498 3384 2647 3453 πόμα
2694 3380 3135 3452 προσφερόμενον
3185 3375 3529 3445 ἀδιακρίτως,
3582 3370 3692 3425 ὑπὸ

2116 3480 2223 3532 τῶν
2259 3475 2659 3547 ἐπιζητούντων
2689 3473 2852 3527 αὐτὸν
2881 3471 3306 3542 λαμϐανόμενος.
3356 3467 3477 3521 Ἐπὶ
3507 3465 3564 3519 δὲ
3590 3465 3693 3534 τῆς

2116 3570 2309 3641 ἑτέρας
2348 3565 2572 3629 ἐννοίας,
2611 3565 2711 3618 οὐκ
2740 3562 2885 3617 ἐστιν
2932 3560 3283 3625 ἀνεξέταστος
3311 3557 3405 3612 καὶ
3441 3555 3691 3626 ἀδιάκρι-

2115 3678 2205 3725 τος
2235 3661 2267 3731 ἡ
2295 3657 2394 3727 τῆς
2425 3654 2679 3725 τοιαύτης
2704 3653 2909 3725 τροφῆς
2935 3668 2993 3706 τε
3022 3650 3116 3705 καὶ¹
3162 3650 3371 3712 πόσεως
3408 3647 3694 3717 μετουσία,

2116 3753 2286 3817 οὕτως
2325 3748 2420 3804 τοῦ
2467 3746 2787 3802 Ἀποστόλου
2819 3742 3312 3816 προσδιορίσαντος,
3363 3741 3445 3793 ὅτι
3475 3757 3494 3789 ι
3537 3738 3695 3791 Δοκι⁶

2121 3832 2337 3913 μαζέτω
2360 3838 2417 3893 δὲ
2446 3837 2674 3901 ἕκαστος
2707 3835 2918 3901 ἑαυτὸν,
2953 3833 3047 3887 καὶ
3089 3830 3261 3894 οὕτως
3304 3832 3369 3882 ἐκ
3400 3827 3491 3881 τοῦ
3524 3827 3697 3897 ἄρτου

2117 3931 2359 3992 ἐσθιέτω,
2392 3929 2487 3982 καὶ
2517 3928 2580 3981 ὲκ
2617 3926 2711 3980 τοῦ
2743 3924 3001 3997 ποτηρίου
3030 3921 3251 3976 πινέτω.
3292 3922 3351 3974 ⁷0
3376 3919 3433 3972 δὲ
3458 3917 3695 3982 ἀναξίως

2118 4021 2309 4075 ἐσθίων
2331 4019 2424 4073 καὶ
2447 4003 2652 4080 πίνων,
2674 4015 2750 4078 είς
2780 4015 2952 4084 κρῖμα
2969 4009 3145 4082 ἑαυτῷ
3165 4009 3329 4063 ἐσθίει
3354 4007 3449 4062 καὶ
3474 4008 3635 4061 πίνει.
3665 4026 3691 4058 ι

2119 4112 2261 4183 Πρὸς
2288 4111 2316 4164 ὅ
2340 4127 2428 4182 μοι
2456 4109 2603 4162 δοκεῖ
2624 4108 2653 4160 ό
2682 4101 3068 4173 εὑαγγελιστὴς
3095 4100 3325 4172 βλέπων,
3361 4098 3695 4170 ήσφαλισμέυ

2118 4182 2225 4266 νως
2259 4182 2321 4254 τδ
2366 4198 2573 4253 τοιοῦτο
2621 4192 3140 4268 παρασημήνασθαι,
3176 4191 3258 4244 δτι
3303 4191 3361 4244 ὲν
3400 4187 3480 4260 τῷ
3515 4187 3697 4259 καιρῷ

2119 4294 2211 4349 τοῦ
2249 4289 2509 4365 μυστικοῦ
2541 4287 2745 4350 πάθους
2774 4287 2803 4338 ὁ
2825 4284 3115 4354 εὐσχήμων
3144 4283 3348 4344 ἐκεῖνος
3381 4277 3695 4351 βουλευτὴς,

2119 4384 2333 4453 ἀσπίλῳ
2360 4382 2453 4436 καὶ
2490 4380 2705 4450 καθαρᾷ
2739 4379 2804 4447 τῇ
2843 4374 3038 4429 σινδόνι
3075 4373 3134 4428 τὸ
3165 4373 3321 4444 σῶμα
3352 4371 3444 4425 τοῦ
3486 4370 3697 4440 Κυρίου

2123 4471 2409 4536 διαλαϐὼν,
2434 4467 2605 4538 καινῷ
2635 4484 2694 4518 τε
2726 4466 2819 4518 καὶ
2850 4462 3071 4535 καθαρῷ
3108 4463 3347 4533 μνήματι
3371 4458 3660 4514 έναι-ἐθετο
3679 4474 3696 4490 ε

2125 4568 2265 4622 ὥστε
2317 4565 2476 4635 νόμον
2518 4562 2680 4615 πᾶσιν
2723 4560 2851 4629 ἡμῖν
2889 4556 2948 4609 τό
2977 4573 3037 4609 τε
3067 4554 3161 4610 τοῦ
3205 4554 3522 4608 Ἀποστόλου
3552 4568 3699 4624 παρ-

2127 4653 2375 4724 άγγελμα
2398 4647 2668 4720 γενέσθαι,
2707 4646 2801 4700 καὶ
2822 4643 2883 4698 τό
2914 4644 3007 4697 τοῦ
3030 4642 3411 4713 εὐαγγελιστοῦ
3448 4642 3700 4713 παρατή-

2131 4761 2298 4816 ρημα,
2344 4739 2438 4795 τοῦ
2471 4738 2689 4809 καθαρᾷ.
2725 4739 2793 4807 τῇ
2843 4735 3143 4805 συνειδήσει
3193 4735 3254 4788 τὺ
3304 4734 3458 4805 ἆγιον
3499 4733 3701 4787 ὐποδέ-

2128 4832 2316 4905 χεσθαι
2350 4829 2507 4900 σῶμα
2530 4843 2543 4859 ο
2580 4827 2631 4880 εἴ
2652 4826 2753 4879 πού
2788 4842 2869 4889 τις
2907 4824 2966 4889 ἐξ
2992 4826 3265 4896 ἁμαρτίας
3297 4825 3381 4896 εἴη
3414 4824 3587 4895 κηλὶς,
3617 4823 3701 4895 τῷ

2129 4926 2281 4981 ὕδατι
2305 4923 2412 4977 τῶν
2444 4920 2691 4991 δακρύων
2721 4916 3165 4989 ἀπορρύψαντας.
3214 4914 3373 4969 Ἀλλά
3403 4915 3574 4985 πέτρα
3603 4915 3702 4966 λε-

2127 5021 2354 5090 γόμενος
2380 5018 2408 5069 ό
2441 5012 2693 5084 Χριστὸς,
2729 5010 3000 5081 ὠφελήσει
3040 5008 3127 5062 διὰ
3156 5007 3248 5061 τοῦ
3287 5008 3543 5077 ὀνόματος
3571 5006 3703 5060 τού-

2126 5129 2220 5166 του
2252 5110 2414 5180 ήμᾶς,
2446 5109 2502 5160 ὲν
2534 5105 2610 5176 τῷ
2642 5103 2822 5173 παγίῳ
2867 5119 2927 5154 τε
2960 5101 3052 5155 καὶ
3099 5099 3415 5170 ἀμεταθέτῳ
3446 5100 3546 5170 τῆς
3577 5101 3704 5151 κατ’

2129 5204 2328 5274 ἀρετὴν
2357 5198 2522 5269 ζωῆς,
2555 5197 2646 5250 καὶ
2672 5197 2728 5248 ὲν
2754 5193 2831 5265 τῷ
2859 5190 3113 5274 στερῤιῦς
3133 5190 3275 5261 ἔχειν
3301 5191 3434 5262 πρὸς
3467 5189 3563 5259 τὴν
3590 5189 3705 5243 τῶν

2130 5266 2469 5365 παθημάτων
2530 5288 2840 5359 ὑπομονὴν,
2886 5286 2981 5339 καὶ
3024 5266 3121 5337 ’διὰ
3173 5283 3266 5337 τοῦ
3322 5283 3456 5354 πρὸς
3520 5284 3704 5336 πᾶσαν

2129 5383 2433 5456 προσϐολὴν
2484 5379 2753 5452 ἁμαρτίας
2806 5378 3092 5432 ἀντίτυπον
3136 5377 3231 5430 καὶ
3283 5375 3560 5429 ἁνένδοτον
3604 5373 3706 5446 τὴν

2129 5476 2304 5547 ψυχὴν
2332 5471 2727 5527 ἐπιδείκνυσθαι
2748 5487 2761 5500 ·
2789 5470 2876 5523 διὰ
2905 5468 3107 5522 τούτων
3146 5469 3252 5539 γὰρ
3285 5470 3375 5521 καὶ
3407 5466 3515 5520 τῶν
3535 5465 3725 5519 tcto)—

974 5688 1095 5750 s_qq.
1172 5675 1217 5707 ’θ
1247 5672 1392 5733 Psal.
1418 5692 1535 5747 cur,
1564 5677 1652 5733 15.
1728 5677 1773 5710 ³⁸
1794 5675 2013 5750 Ρειιι.ιι

2123 5675 2174 5730 2.
2257 5676 2299 5707 ⁸¹
2331 5672 2492 5729 Joan.
2513 5686 2588 5735 γι,
2614 5669 2701 5725 56.
2779 5666 2864 5721 ⁸⁸1
2893 5664 3018 5721 Cor.
3044 5663 3228 5730 v.28.
3307 5662 3353 5694 ³⁸
3373 5659 3510 5718 Luc.
3542 5674 3710 5725 mu,
