4034 6132
288 404 400 476 2'69

1318 417 1405 474 DE
1444 415 1803 475 PERFECTA
1829 412 2222 474 CHRISTIANI
2244 414 2506 475 ἘυιιΜᾹ.

3423 410 3532 474 E70

291 552 404 587 των
452 533 626 606 πέτρα
670 532 762 589 καὶ
808 534 965 604 ἡμεῖς
999 532 1251 603 ἐσόμεθα,
1294 534 1637 604 μιμούμενοι,
1688 533 1868 596 καθώς

1974 546 2077 589 nos
2101 532 2230 588 item
2257 527 2463 590 eriinus
2493 541 2665 603 petra,
2704 535 2755 587 in
2782 542 2973 589 natura
3009 535 3184 606 fragili
3225 537 3437 591 firmum
3478 526 3533 592 et

288 629 406 681 ἐστι
449 627 699 691 δυνατὸν,
743 628 802 679 ὲν
836 628 904 696 τῇ
937 627 1144 696 τρεπτῆ
1183 624 1341 694 φύσει
1377 625 1437 679 τὸ
1471 626 1734 695 ἄτρεπτον
1774 624 1866 676 τοῦ

287 718 565 772 Δεσπότου
613 719 703 772 καὶ
736 717 1084 789 ἀμετάθετον.
1128 716 1190 769 Ei
1238 715 1295 769 δὲ
1328 716 1357 767 6
1387 716 1547 778 αὑτὸς
1578 714 1729 785 παρά
1773 712 1866 767 τοῦ

288 808 458 877 σοφοῦ
487 809 865 880 ἀρχιτέκτονος
899 807 994 860 καὶ
1042 806 1289 876 θεμέλιος
1326 807 1580 868 πίστεως,
1621 805 1712 857 κα)⁵
1760 821 1870 872 γω·

287 900 403 963 νίας
451 900 666 971 κεφαλὴ
714 899 1058 970 ὀνομάζεται,
1100 897 1222 951 οὑδὲ
1260 896 1416 950 τοῦτο
1451 897 1584 967 πρὸς
1631 898 1728 966 τὴν
1772 894 1867 956 τοῦ

287 992 410 1044 κατ’
444 990 645 1062 ἀρετὴν
696 991 811 1061 βίου
868 988 1223 1060 συνεισφοράν
1272 988 1558 1051 ἀσυντελὲς
1589 989 1720 1059 ἡμῖν
1750 989 1867 1041 ἐπι-

287 1081 654 1151 δειχθήσεται.
683 1080 1052 1150 Διδασκόμεθα
1075 1079 1182 1153 γάρ
1210 1079 1297 1132 διὰ
1328 1078 1550 1142 τούτων,
1579 1080 1660 1132 ὅτι
1689 1079 1867 1148 πάσης

285 1170 503 1240 ἀγαθῆς
532 1169 827 1235 πολιτείας,
850 1170 943 1223 καὶ
973 1169 1171 1231 παντὸς
1199 1165 1406 1237 ἀγαθοῦ
1457 1166 1771 1238 μαθήματός
1805 1182 1864 1219 τε

286 1264 385 1315 καὶ
412 1262 862 1333 ἐπιτηδεύματος,
895 1262 987 1317 καὶ
1017 1261 1159 1334 ἀρχὴ
1189 1261 1282 1315 καὶ
1320 1259 1474 1324 τέλος
1508 1260 1657 1313 ἐστὶν
1693 1262 1721 1312 6
1748 1259 1866 1312 Κύ-

289 1371 426 1425 ριος.
483 1355 553 1406 Ἦ
586 1371 647 1406 τε
681 1354 791 1424 γὰρ
835 1353 989 1416 ἐλπὶς
1018 1353 1105 1425 (ἢν
1153 1352 1274 1406 ἀντὶ
1323 1351 1565 1423 κεφαλῆς
1617 1349 1863 1420 νοοῦμεν,

287 1444 429 1514 πρὸς
473 1444 539 1515 ῆν
570 1444 749 1498 πάντα
785 1443 994 1514 βλέπει,
1044 1442 1115 1497 τά
1158 1443 1280 1495 κατ’
1325 1440 1523 1513 ἀρετὴν
1570 1437 1865 1502 σπουδαζό-

288 1532 453 1599 μενα)
491 1531 697 1593 ἐκεῖνός
745 1531 912 1593 ἐστιν,
963 1528 1135 1592 οὑτως
1162 1528 1547 1598 ὠνομασμένος
1585 1527 1735 1598 παρά
1771 1524 1863 1578 τοῦ

286 1622 528 1685 Παύλου,
574 1621 666 1675 καὶ
714 1623 749 1692 ὴ
786 1620 928 1692 ἀρχὴ
973 1622 1071 1691 τῆς
1120 1618 1326 1690 ὑψηλῆς
1368 1617 1572 1688 ταύτης
1612 1615 1707 1669 τοῦ
1751 1614 1865 1685 βίου

197 1762 206 1769 .
284 1712 675 1785 πυργοποιίας.
704 1714 737 1783 ὴ
768 1715 846 1775 είς
872 1712 1032 1765 αὑτὸν
1059 1711 1267 1780 γίνεται
1302 1709 1504 1773 πίστις,
1539 1709 1622 1776 ἐφ’
1652 1702 1719 1779 ἧς
1757 1702 1867 1759 οἷόν

280 1823 415 1859 τινα
456 1804 705 1875 θεμέλιον
738 1804 835 1867 τὰς
869 1804 1043 1875 ἀρχάς
1078 1800 1173 1855 τοῦ
1222 1799 1338 1871 βίου
1381 1798 1867 1869 καταϐαλλομένων

1972 623 2312 680 immutabile
2368 624 2579 679 Domini
2630 628 2800 679 robur
2845 642 2943 695 pro
2982 628 3189 683 viribus
3232 628 3529 683 imitantes.

1970 712 2124 779 Quod
2151 722 2332 770 autem
2361 730 2391 769 a
2417 716 2666 785 sapiente
2696 717 2997 772 architecto
3029 718 3073 750 ³³
3115 717 3530 773 fundamentum

1971 806 2162 861 fidei"
2207 816 2262 863 et
2305 810 2485 877 anguli
2539 817 2701 877 caput
2728 808 2770 839 "
2825 818 3190 877 nuncupatur,
3227 810 3279 863 id
3314 824 3533 878 quoque

1970 898 2128 952 nobis
2166 898 2234 952 ad
2259 899 2423 952 vitam
2466 914 2529 954 ex
2563 889 2766 954 virtute
2819 899 3206 953 instituendam
3260 900 3531 969 expediet.

1970 986 2066 1043 Sic
2089 991 2236 1043 enim
2294 990 2562 1044 bonarum
2613 991 2855 1044 omnium
2909 997 2964 1045 et
2994 990 3533 1045 administrationum

1968 1079 2235 1143 civilium,
2286 1087 2342 1135 et
2393 1080 2830 1151 disciplinarum,
2881 1089 2935 1135 et
2986 1080 3361 1135 institutorum
3416 1089 3532 1135 tum

1967 1167 2336 1237 principium,
2366 1176 2482 1224 tum
2521 1169 2683 1224 etiam
2731 1170 2889 1224 tinem
2942 1185 3064 1225 esse
3110 1169 3397 1224 Dominum
3451 1170 3535 1225 (li-

1969 1257 2197 1313 scimus.
2236 1256 2370 1313 Nam
2402 1266 2458 1314 et
2487 1274 2635 1330 spes,
2677 1274 2838 1330 quam
2879 1274 2976 1329 pro
3005 1260 3181 1330 capite
3213 1262 3532 1330 accipimus,

1969 1348 2035 1403 ad
2108 1364 2276 1419 quam
2344 1357 2508 1405 rectm
2571 1352 2928 1422 honestaeque
3015 1354 3261 1407 actiones
3329 1361 3533 1407 nostra!

1969 1453 2162 1495 omnes
2186 1441 2436 1522 tendunt,
2466 1442 2557 1497 ille
2577 1444 2889 1497 nominatus
2912 1452 2995 1499 est
3026 1459 3057 1497 a
3079 1442 3247 1498 Paulo
3276 1444 3353 1506 ³⁶ς
3390 1453 3444 1497 et
3478 1446 3536 1498 in

1968 1530 2241 1599 principio
2288 1532 2533 1613 .hujusce
2576 1536 2697 1589 vitae
2766 1535 2981 1590 aedificii
3034 1535 3179 1605 quod
3249 1535 3317 1591 ad
3357 1536 3536 1605 ipsum

1968 1620 2265 1691 dirigitur,
2333 1623 2554 1690 fides",
2612 1626 2667 1678 in
2719 1640 2828 1694 qua
2895 1625 3019 1680 vitae
3083 1626 3348 1696 principia
3399 1634 3537 1679 tan-5

1970 1727 2135 1782 quam
2204 1712 2556 1770 fundamenta
2608 1716 2866 1786 jacimus,
2934 1724 2988 1771 et
3050 1716 3382 1787 quotidianis
3424 1716 3541 1770 oﬂia-

1969 1804 2073 1858 cils
2134 1818 2302 1874 puras
2361 1812 2477 1859 tum
2543 1806 2901 1876 cogitationes
2964 1813 3078 1860 tum
3139 1806 3382 1861 actiones
3441 1820 3541 1859 "0'-

284 1896 471 1967 ἡμῶν,
506 1895 600 1949 καὶ
626 1896 714 1949 διά
760 1895 1138 1967 καθημερινιῖΝ
1162 1891 1601 1964 κατορθωμάτων
1641 1891 1737 1955 τὰς
1765 1908 1864 1944 κα-

1969 1901 2112 1950 stras
2163 1896 2532 1960 moderamur,
2591 1907 2755 1967 atque
2800 1896 2897 1962 ita,
2934 1896 3097 1966 ‘quod
3162 1898 3401 1952 universi
3452 1906 3538 1951 cst

282 1989 463 2059 θαράς
488 1988 696 2051 ἐννοίας
718 2004 779 2040 τε
799 1988 892 2039 καὶ
914 1986 1192 2057 ἐνεργείας
1220 1983 1673 2055 νομοθετούντων,
1697 1981 1870 2044 οὑτως

285 2081 321 2149 ἠ
364 2077 460 2131 τοῦ
508 2079 708 2141 παντὸς
747 2076 954 2147 κεφαλὴ
995 2077 1089 2131 καὶ
1120 2075 1364 2146 ἡμετέρα
1405 2074 1609 2143 γίνεται
1640 2072 1866 2144 κεφαλὴ,

283 2172 405 2232 τοῖς
435 2168 531 2221 δύο
573 2168 672 2237 τῆς
714 2167 860 2235 ζωῆς
908 2165 1063 2238 ἡμῶν
1110 2166 1330 2237 τοίχοις,
1374 2167 1484 2229 τοῖς
1526 2181 1586 2217 τε
1620 2163 1762 2218 κατά
1810 2163 1871 2216 τὸ

282 2259 453 2331 σῶμα
483 2260 578 2312 καὶ
598 2259 697 2331 τὴν
728 2258 926 2331 ψυχὴν,
956 2258 1023 2313 δι’
1050 2256 1464 2329 εὐσχημοσύνης
1501 2256 1594 2309 καὶ
1624 2254 1867 2325 καθαρό-

280 2367 453 2424 τῃτος
480 2351 1039 2422 ὲποικοδομουμένοις,
1072 2350 1161 2404 διὰ
1197 2350 1298 2421 τῆς
1328 2348 1557 2418 ἀγωνίου
1599 2348 1870 2419 συμφυΐας

278 2442 492 2513 ἑαυτὴν
520 2442 926 2513 ὲφαρμόζουσα.
970 2442 1058 2505 Ὠς
1088 2441 1184 2495 ὲάν
1211 2441 1432 2511 ἐλλείπῃ
1460 2439 1521 2493 τὸ
1547 2439 1731 2511 Ξτερον
1759 2440 1869 2494 τῶν

279 2533 762 2603 οἰκοδομημάτων,
792 2533 910 2603 ῆτοι
934 2531 1035 2602 τῆς
1075 2531 1213 2585 κατὰ
1240 2531 1301 2584 τὸ
1329 2530 1648 2602 φαινόμενον
1675 2531 1871 2601 εὐσχη-

287 2624 537 2694 μοσύνης
560 2626 628 2695 τῇ
653 2624 752 2693 τῆς
774 2622 953 2693 ψυχῆς
980 2620 1310 2693 καθαρότητι
1358 2621 1432 2692 μὴ
1467 2620 1870 2691 συνοικοδομου-

285 2715 487 2785 μένης,
542 2713 576 2783 ἢ
613 2714 711 2785 τῆς
771 2713 1006 2784 ψυχικῆς
1060 2712 1262 2784 ἀρετῆς
1312 2710 1392 2783 τῷ
1438 2711 1744 2782 φαινομένῳ
1794 2712 1869 2784 μὴ

286 2802 731 2876 συμϐαινούσης,
763 2804 861 2857 οὑκ
901 2803 967 2857 ἂν
994 2803 1201 2871 γένοιτο
1231 2801 1324 2857 τοῦ
1355 2803 1641 2875 ήμιτελοῦς
1681 2804 1868 2858 τούτου

282 2897 411 2967 βίου
437 2894 650 2963 κεφαλὴ
674 2896 703 2948 ὁ
729 2893 982 2965 Χριστὸς,
1029 2896 1060 2947 6
1105 2894 1239 2966 μόνῃ
1269 2897 1334 2966 τῇ
1362 2895 1520 2966 διπλῇ
1548 2911 1607 2947 τε
1634 2896 1726 2949 καὶ
1756 2897 1869 2949 δια-

283 2986 466 3056 γωνίᾳ
498 2984 777 3056 οἰκοδομίᾳ
820 2985 1010 3037 ἑαυτὸν
1053 2984 1409 3056 ὲφαρμόζων·
1435 2984 1555 3039 οὑδὲ
1600 2986 1708 3057 γάρ
1754 2987 1869 3040 ἐστι

282 3077 534 3140 δυνατὸν,
560 3077 750 3147 ’χωρὶς
794 3076 893 3146 τῆς
932 3075 1042 3130 τῶν
1080 3076 1172 3130 δύο
1201 3077 1395 3148 τοίχων
1444 3076 1738 3148 συμϐολῆς,
1769 3094 1872 3146 γω-

283 3166 411 3229 νίας
448 3165 721 3235 γενέσθαι.
756 3165 887 3219 Τότε
920 3162 1013 3220 οὑν
1052 3167 1432 3237 ὲπιτεθήσεται
1472 3167 1549 3238 τῷ
1589 3169 1871 3242 οἰκοδομή-

1971 1993 2155 2055 caput,
2182 1998 2430 2041 nostrum
2454 1988 2617 2041 etiam
2654 1996 2819 2057 caput
2855 1988 3105 2054 eﬂicitur,
3151 2004 3275 2043 cum
3323 1990 3539 2045 duobus

1969 2075 2095 2130 vita:
2120 2083 2341 2141 nostrae,
2370 2076 2618 2146 corporis
2649 2077 2904 2132 videlicet
2928 2085 3091 2147 atque
3122 2078 3312 2141 animi,
3362 2078 3535 2133 muris

1969 2181 2068 2237 per
2094 2167 2431 2223 honestatem
2466 2176 2521 2222 et
2570 2169 2858 2239 puritatem
2911 2168 3243 2224 constructis
3288 2169 3538 2238 angulari

1970 2258 2358 2327 conjunctione
2383 2267 2507 2329 apte
2536 2261 2794 2315 cohaeret.
2826 2259 2979 2325 Quod
3025 2261 3071 2315 si
3101 2261 3271 2315 altera
3294 2274 3420 2330 pars
3450 2259 3541 2314 dc-

1970 2350 2045 2406 sit
2064 2349 2314 2417 aedificio,
2351 2360 2411 2405 ut
2438 2353 2523 2407 vel
2557 2352 2725 2406 animi
2780 2352 2992 2421 puritas
3038 2353 3391 2421 conspicuam
3444 2367 3541 2406 ex-

1969 2442 2246 2498 trinsecus
2273 2443 2613 2499 honestatem
2640 2458 2750 2497 non
2785 2442 3003 2505 habeat,
3026 2443 3111 2496 vel
3141 2442 3255 2496 haec
3290 2457 3412 2511 qua:
3461 2444 3537 2497 vi-

1969 2534 2129 2589 detur
2149 2535 2316 2589 animi
2340 2538 2542 2589 virtute
2566 2542 2742 2599 vacet,
2763 2518 2885 2602 eius
2927 2547 3134 2587 manem:
3161 2532 3539 2601 inchoataeque

1971 2627 2092 2680 vitae
2124 2632 2290 2695 caput
2330 2639 2439 2679 non
2474 2625 2578 2680 erit
2607 2624 2883 2687 Christus,
2937 2624 3138 2693 quippe
3193 2624 3285 2693 qui
3334 2623 3538 2693 duplici

1972 2713 2599 2786 angulariquefabricse
2628 2714 3003 2768 tantummodo
3047 2714 3309 2783 quadrat;
3364 2727 3540 2781 neque

1969 2806 2136 2869 enim,
2187 2805 2293 2860 nisi
2319 2805 2430 2859 duo
2457 2810 2789 2859 concurrant
2832 2803 3087 2873 parietes,
3136 2802 3366 2871 angulus
3420 2801 3539 2855 fieri

1970 2902 2169 2967 potest.
2197 2896 2376 2961 Quare
2404 2902 2536 2950 tunc
2565 2895 2873 2965 imponetur
2895 2893 3127 2949 aedilicio
3155 2903 3347 2947 nostro
3388 2908 3539 2948 sum-

1971 2987 2048 3041 mi
2092 2986 2372 3056 angularis
2407 2985 2614 3056 fastigii
2660 2986 3030 3056 pulchritudo,
3051 2999 3175 3038 eum
3215 2998 3280 3039 ex
3310 2993 3540 3053 utraque

1970 3084 2126 3148 parte
2173 3076 2241 3131 ad
2295 3084 2499 3132 rectam
2546 3076 2764 3131 virtutis
2797 3091 3046 3131 normam
3087 3076 3282 3147 duplex
3328 3077 3439 3131 vita
3485 3088 3541 3132 et

1972 3179 2142 3230 recta,
2168 3178 2223 3224 et
2250 3177 2534 3233 constans,
2562 3175 2616 3223 et
2637 3168 2775 3223 nihil
2801 3167 3285 3239 obliquicurvique
3307 3168 3537 3234 habens,

285 3273 428 3326 ματι
459 3255 615 3326 ήμῶν
639 3255 732 3309 τοῦ
759 3256 1151 3327 ἀκρογωνιαίου
1187 3257 1249 3310 τὸ
1289 3257 1501 3323 κάλλος,
1543 3259 1667 3312 ὅταν
1695 3262 1868 3331 ἀμφο-

1970 3261 2360 3333 perpendiculo
2387 3261 2656 3316 'concinne
2675 3260 2780 3316 erit
2805 3261 3230 3316 accommodata.

280 3353 529 3423 τέρωθεν
552 3351 646 3406 τὸν
684 3349 842 3422 ὀρθὸν
871 3350 965 3405 τοῦ
1010 3351 1123 3421 βίου
1154 3352 1353 3406 κανόνα
1380 3353 1445 3423 τῇ
1482 3351 1591 3406 τῶν
1628 3352 1836 3423 ἀρετῶν
1876 3354 2102 3426 σπάρτῳ
2144 3354 2389 3425 ἀποταθῇ
2420 3353 2752 3424 ἐναρμονίως
2798 3355 2826 3407 6
2870 3351 3087 3418 διπλοῦς
3125 3352 3257 3424 βίος,
3297 3352 3461 3428 ὀρθός·
3482 3367 3544 3410 τε

280 3447 388 3499 καὶ
407 3444 786 3513 ἀδιάστροφος,
811 3444 906 3497 καὶ
928 3443 1078 3497 οὐδὲν
1107 3443 1246 3514 ἔχων
1273 3444 1329 3497 ὲν
1356 3443 1534 3514 ἑαυτῷ
1561 3445 1770 3498 σκολιὸν
1805 3445 1840 3515 ἢ
1866 3444 2380 3515 κατηγκυλωμένον.

358 3535 563 3589 Εἱκόνα
602 3533 659 3587 δὲ
694 3533 786 3587 τοῦ
812 3533 943 3587 Θεοῦ
969 3533 1062 3589 τοῦ
1100 3534 1329 3606 ἀοράτου
1357 3534 1447 3588 τὸν
1479 3536 1711 3606 Χριστὸν
1748 3535 1867 3589 ὀνο-

282 3627 483 3699 μάζων
521 3629 551 3679 6
598 3624 830 3692 Παῦλος,
862 3625 955 3680 τὸν
1002 3626 1096 3679 ἐπὶ
1142 3626 1358 3680 πάντων
1396 3626 1527 3681 Θεὸν
1569 3628 1662 3682 καὶ
1696 3628 1868 3704 μέγαν

283 3718 425 3772 Θεόν
442 3734 458 3749 ο
487 3717 584 3770 καὶ
606 3715 831 3779 ταύταις
859 3715 969 3787 γὰρ
993 3719 1112 3780 ταῖς
1142 3719 1345 3786 φωναῖς
1372 3717 1739 3789 ἀνακηρύσσει
1772 3716 1866 3771 τοῦ

280 3807 548 3881 ἀληθινοῦ
586 3808 853 3862 Δεσπότου
875 3807 937 3861 τὺ
965 3808 1266 3880 μεγαλεῖον,
1299 3807 1472 3878 λέγων
1491 3826 1505 3841 ο
1538 3809 1675 3863 «Τοῦ
1703 3809 1867 3881 μεγά-

283 3902 386 3956 λου
422 3898 557 3954 Θεοῦ
584 3900 678 3953 καὶ
707 3899 957 3971 Σωτῆρος
990 3898 1145 3970 ἡμῶν
1178 3898 1353 3969 Ἰησοῦ
1385 3899 1616 3971 Χριστοῦ
1635 3917 1650 3933 ο
1689 3918 1706 3952 ι
1747 3901 1861 3964 καὶ,

288 4013 312 4044 ε
360 3990 454 4055 Ἐξ
483 3987 558 4045 ὧν
583 3992 613 4043 6
634 3990 888 4061 Χριστὸς,
923 3990 984 4043 τὸ
1003 3989 1145 4044 κατὰ
1172 3990 1368 4060 σάρκα,
1390 3991 1419 4043 6
1439 3990 1513 4044 ὢν
1538 3992 1629 4044 ἐπὶ
1650 3992 1865 4046 πάντων

281 4084 448 4147 Θεὸς,
482 4084 771 4153 εὐλογητὸς
799 4084 877 4147 είς
914 4083 1039 4145 τοὺς
1064 4082 1263 4146 αἰῶνας
1282 4099 1296 4113 ’
1322 4102 1341 4135 ι
1383 4081 1555 4136 ταῦτα
1577 4080 1669 4138 οὖν
1693 4084 1866 4152 λέγων

286 4194 401 4230 που
423 4215 438 4237 ,
474 4175 716 4228 παιδεύει
741 4174 829 4228 διὰ
865 4172 973 4229 τῶν
1013 4173 1319 4244 λεγομένων
1348 4175 1515 4245 ἡμᾶς,
1556 4176 1639 4229 ὅτι
1676 4176 1763 4229 ἀεὶ
1791 4174 1867 4229 ὢν

284 4268 430 4334 ὅπερ
476 4265 622 4318 ἐστὶν
668 4265 817 4334 (ἐστι
855 4265 911 4318 δὲ
955 4266 1149 4329 ἐκεῖνο,
1198 4265 1335 4335 ὅπερ
1383 4265 1412 4318 6
1456 4264 1531 4318 ὢν
1583 4265 1867 4320 ἐπίσταται

2040 3535 2113 3589 At
2159 3551 2289 3591 vero
2340 3550 2465 3589 cum
2509 3534 2602 3590 Dei
2658 3534 2950 3590 invisibilis
3010 3533 3300 3605 imaginem
3337 3536 3540 3595 Paulus

1967 3625 2246 3681 Christum
2280 3626 2516 3696 appellat
2540 3624 2608 3688 ‘°,
2661 3631 2715 3679 et
2744 3625 2798 3678 in
2831 3624 3087 3679 omnibus
3122 3625 3289 3679 Deum
3334 3633 3388 3681 et
3422 3643 3540 3682 ma-

1969 3732 2137 3787 gnum
2163 3715 2332 3771 Deum
2357 3716 2376 3785 (
2405 3715 2491 3771 his
2515 3714 2659 3770 enim
2684 3714 2909 3771 vocibus
2945 3716 3059 3771 veri
3087 3715 3296 3771 Domini
3328 3720 3540 3788 magni-

1961 3807 2207 3862 tudinem
2264 3806 2560 3878 praadlcat,
2599 3823 2618 3857 ι
2657 3805 2854 3877 Magni,
2882 3804 2915 3860 “›
2950 3807 3219 3875 inquiens,
3258 3827 3277 3861 ι
3316 3811 3448 3875 Dei,
3486 3820 3540 3866 et

1968 3897 2266 3954 Salvatoris
2312 3897 2487 3953 nostri
2532 3896 2661 3953 Jesu
2694 3896 2899 3953 Christi
2933 3899 3018 3966 u;
3059 3919 3078 3952 ι
3111 3907 3187 3964 et,
3223 3914 3242 3952 ι
3278 3901 3357 3956 Ex
3410 3903 3535 3972 qui-
3626 3942 3633 3950 .

1966 3990 2071 4047 bus
2154 3990 2411 4045 Christus
2476 3987 2774 4045 secundum
2850 4004 3112 4056 carnem,
3169 3992 3263 4062 qui
3327 4000 3412 4049 est
3482 3995 3536 4048 in

1968 4081 2225 4137 omnibus
2290 4080 2434 4135 Deus
2490 4078 2811 4140 benedictus
2869 4079 2920 4133 in
2982 4083 3178 4136 saecula
3201 4085 3248 4116 ⁸³
3285 4100 3304 4136 ι
3341 4088 3395 4153 ),
3439 4102 3539 4141 nos

1968 4174 2148 4233 docet,
2200 4185 2322 4224 eum
2400 4180 2615 4238 semper
2665 4182 2826 4232 esse,
2869 4170 2959 4238 qui
3022 4179 3124 4226 est.
3178 4172 3270 4227 Est
3355 4181 3535 4229 autem

1968 4264 2059 4319 ille
2090 4262 2283 4331 major,
2316 4275 2479 4330 quam
2534 4266 2592 4313 ut
2622 4258 2861 4314 humana
2913 4270 3094 4318 mente
3148 4264 3536 4333 comprehendi

289 4356 521 4427 μόνος),
568 4356 668 4425 τῆς
716 4356 773 4408 δὲ
812 4356 1154 4427 ἀνθρωπίνης
1196 4356 1585 4427 καταλήψεως,
1628 4357 1732 4410 κᾶν
1779 4358 1866 4413 ἀεὶ

1972 4355 2181 4426 possit,
2244 4352 2290 4409 si
2340 4364 2525 4407 secum
2578 4352 2693 4425 ipse
2753 4363 3031 4419 versetur,
3081 4366 3176 4425 per
3221 4354 3534 4411 felicitatem

284 4482 297 4500 ι
327 4448 444 4519 ὑτῷ
475 4448 560 4503 διὰ
592 4449 876 4519 προκοπῆς
917 4448 1249 4520 προσεγγίζῃ
1293 4450 1322 4502 6
1365 4449 1434 4502 τά
1480 4448 1592 4502 ἀνω
1628 4449 1862 4520 φρονῶν,

285 4540 525 4593 πάντοτε
556 4538 636 4610 τῷ
667 4540 766 4609 ῐσῳ
797 4540 978 4610 μέτρῳ
1006 4540 1463 4610 ὑπερανέστηκεν.
1493 4532 1660 4603 Οὗτος
1691 4538 1867 4594 τοίνυν

287 4629 620 4699 ὑπερέκεινα
663 4630 846 4699 πάσης
885 4628 1137 4698 γνώσεώς
1174 4648 1233 4683 τε
1273 4631 1368 4684 καὶ
1417 4631 1793 4701 καταλήψεως.
1839 4633 1869 4684 6

284 4721 569 4790 ἀφραστός
605 4734 663 4773 τε
700 4722 794 4773 καὶ
830 4720 1186 4791 ἀνεκλάλητος
1220 4722 1314 4775 καὶ
1350 4722 1658 4792 ἀδιήγητος,
1693 4723 1780 4776 ἵνα
1809 4739 1868 4776 σε

285 4815 494 4882 ποιήσῃ
520 4811 681 4864 πάλιν
720 4811 905 4865 εἰκόνα
940 4811 1097 4871 Θεοῦ,
1129 4812 1221 4864 καὶ
1249 4810 1410 4875 αὑτὸς
1440 4813 1544 4866 ὑπὸ
1566 4812 1866 4884 φιλανθρω-

284 4903 423 4964 πίας
458 4903 679 4971 ἐγένετο
707 4901 870 4956 εἰκὼν
898 4902 990 4955 τοῦ
1023 4901 1158 4956 Θεοῦ
1192 4902 1286 4956 τοῦ
1325 4903 1557 4974 ἀοράτου
1578 4920 1592 4934 ο
1632 4902 1770 4955 ὥστε
1799 4906 1864 4973 τῇ

289 4995 404 5065 ἰδίᾳ
429 4997 634 5066 μορφῇ,
658 4995 725 5064 ῆν
758 4995 1035 5055 ἀνέλαϐεν,
1073 4995 1131 5046 ἐν
1155 4995 1236 5046 σοὶ
1272 4993 1641 5066 μορφωθῆναι,
1680 4994 1773 5066 καὶ
1808 4993 1867 5045 σὲ

282 5087 454 5141 πάλιν
489 5088 556 5141 δι’
592 5088 787 5140 ἑαυτοῦ
821 5087 955 5158 πρὸς
978 5086 1069 5139 τὸν
1089 5089 1410 5157 χαρακτῆρα
1438 5084 1531 5138 τοῦ
1561 5083 1866 5155 ἀρχετύπου

283 5178 802 5249 συσχηματισθῆναι
844 5178 1105 5240 κάλλους,
1152 5179 1231 5239 είς
1284 5176 1346 5229 τὸ
1410 5175 1691 5244 γενέσθαι,
1733 5175 1867 5244 ὅπερ

277 5266 353 5341 ἦς
384 5269 446 5333 ἐξ
475 5271 668 5341 ἀρχῆς.
697 5268 905 5323 Οὐκοῦν
929 5270 979 5322 εἰ
1012 5267 1294 5338 μέλλοιμεν
1326 5266 1570 5336 γίνεσθαι
1589 5266 1681 5320 καὶ
1708 5267 1868 5335 ἡμεῖς

281 5362 453 5414 εἰκὼν
494 5361 589 5414 τοῦ
648 5360 784 5414 Θεοῦ
829 5359 924 5414 τοῦ
969 5360 1238 5431 ἀοράτου,
1284 5359 1416 5427 πρὸς
1451 5359 1512 5411 τὸ
1552 5357 1867 5427 ἐκκείμενον

241 5455 421 5527 έήμῖν
449 5450 545 5505 τοῦ
578 5450 697 5522 βίου
733 5451 1036 5520 ὑπόδειγμα
1080 5448 1378 5503 τυποῦσθαι
1411 5449 1555 5519 ζωῆς
1603 5448 1868 5519 προσήκει

278 5545 384 5616 τῆς
416 5542 574 5615 ἡμῶν
602 5542 664 5597 τὺ
692 5537 859 5606 εἶδος·
893 5541 1051 5596 τοῦτο
1086 5541 1144 5595 δέ
1179 5543 1293 5594 ἐστι
1325 5540 1408 5606 τί;
1434 5540 1496 5594 τὸ
1542 5540 1704 5611 σαρκὶ¹
1736 5538 1870 5603 ζῶν-

377 5743 465 5810 ξ⁸1
501 5743 634 5799 Cor.
659 5756 745 5807 ιιι,
780 5742 864 5796 to.
942 5740 988 5773 "
1009 5740 1207 5810 Ephes.
1235 5755 1297 5809 ιι,
1328 5741 1418 5799 90.
1494 5742 1538 5774 ³⁷
1570 5739 1701 5797 Luc.
1738 5755 1828 5809 xx,
1871 5741 1952 5795 l7.

278 5815 323 5848 ⁸⁸
351 5805 463 5868 Tit.
499 5831 560 5879 ιι,
598 5815 683 5867 l3.
730 5805 805 5845 ’δ’
827 5811 985 5866 Rom.
1020 5805 1095 5889 ti,
1119 5812 1171 5866 5.

1970 4447 2215 4502 caelestia
2256 4445 2541 4509 sentiens,
2599 4456 2654 4501 et
2712 4447 2974 4517 aequalem
3036 4445 3276 4515 undique
3319 4460 3536 4501 mensu-

1969 4552 2108 4591 ram.
2175 4535 2273 4590 Hic
2318 4536 2484 4607 igitur
2558 4537 2718 4608 longe
2786 4537 3181 4608 praestantior,
3242 4547 3404 4606 quam
3480 4544 3539 4590 ut

1969 4627 2207 4681 humana
2268 4628 2583 4695 cognitione
2638 4628 3153 4698 comprehendatur,
3211 4628 3304 4698 qui
3369 4628 3537 4683 nullis

1967 4720 2170 4786 verbis,
2238 4721 2385 4775 nulla
2433 4722 2701 4788 oratione,
2747 4724 2897 4776 nulla
2946 4724 2999 4777 vl
3045 4723 3190 4788 dici,
3247 4725 3533 4788 enarrari,

1969 4809 2304 4864 declararive
2346 4818 2563 4879 potest,
2620 4818 2681 4864 ut
2725 4820 2776 4865 te
2822 4826 3050 4881 prorsus
3100 4811 3302 4867 faceret
3351 4814 3539 4883 imagi-

1968 4915 2092 4954 nem
2141 4898 2282 4964 Dei,
2326 4900 2445 4970 ipse
2484 4916 2582 4970 pro
2622 4916 2722 4956 sua
2770 4917 2896 4973 erga
2969 4903 3242 4957 hominem
3301 4904 3536 4959 benevo-

1971 4990 2135 5044 lentia
2186 4988 2364 5045 factus
2408 4993 2494 5045 est
2545 4991 2725 5063 imago
2784 4990 2877 5046 Dei
2911 4991 3221 5056 invisibilis,
3268 4992 3370 5048 hoc
3432 5003 3536 5056 est,

1970 5080 2039 5134 ad
2099 5080 2353 5134 humanae
2408 5087 2621 5136 naturae
2676 5096 2988 5138 mensuram
3042 5098 3164 5138 sese
3205 5083 3443 5147 demisit,
3478 5096 3539 5140 ut

1969 5187 2073 5227 nos
2120 5172 2187 5226 ad
2221 5171 2527 5227 divinitatis
2560 5189 2873 5228 mensuram
2905 5175 3250 5229 extollantur.
3284 5173 3358 5228 Ea
3390 5178 3536 5231 enim

1972 5262 2141 5317 fuerit
2198 5264 2497 5333 negotiatio
2557 5264 2680 5318 Filii
2731 5264 2868 5331 Dei,
2924 5273 2981 5319 ut
3045 5268 3262 5335 propria
3321 5268 3535 5335 forma,

1968 5362 2131 5424 quam
2161 5355 2412 5424 sumpsit,
2443 5353 2665 5410 effectus
2696 5357 2859 5411 homo
2882 5396 2895 5421 ,
2930 5372 2990 5411 se
3019 5372 3212 5414 rursus
3261 5360 3326 5415 ad
3358 5354 3541 5415 exem-

1967 5446 2137 5516 plaris
2174 5445 2595 5515 pulchritudinis
2636 5445 2859 5515 figuram
2894 5446 3186 5518 effingeret,
3217 5456 3273 5502 ut
3302 5459 3447 5505 esset
3486 5449 3539 5503 id

1969 5537 2115 5607 quod
2172 5536 2328 5592 initio
2367 5535 2569 5593 fuerat.
2627 5536 2860 5594 Proinde
2921 5548 2981 5593 ut
3027 5555 3130 5595 nos
3195 5541 3323 5595 item
3368 5542 3539 5597 simus

2060 5740 2104 5775 ⁸⁸
2171 5741 2295 5799 Cor.
2328 5757 2370 5808 ι,
2404 5741 2454 5796 7,
2532 5742 2575 5779 ⁸³
2609 5740 2727 5797 Gal.
2762 5757 2843 5811 ιιι,
2876 5741 2907 5796 5
2934 5758 3055 5813 εηηι
3151 5741 3196 5773 ⁸ο
3216 5741 3332 5796 Col.
3368 5756 3405 5804 I,
3442 5737 3532 5795 t5.
