4034 6132
522 385 626 451 971

1786 383 1843 438 S.
1885 379 2209 438 GREGORII
2246 379 2540 436 NYSSENI

3667 380 3781 436 27?.

530 507 714 576 imago
751 502 1040 559 invisibilis
1086 499 1212 566 Dei,
1244 499 1308 554 ad
1342 499 1681 568 propositum
1707 497 1866 553 nobis
1910 513 2094 552 exem-

2197 515 2315 560 τας,
2367 497 2441 567 μὴ
2490 494 2628 549 κατὰ
2673 495 2849 566 σάρκα
2896 494 3012 567 ζῇν.
3059 494 3167 548 Καὶ
3198 493 3308 565 γὰρ
3351 495 3380 564 ἡ
3423 492 3776 566 πρωτότυπος

525 598 645 667 plar
678 596 804 650 vita:
833 603 1019 648 nostra
1049 590 1262 647 vivendi
1304 595 1444 647 ratio
1489 589 1839 661 exprimenda
1866 597 1949 645 est
1981 607 1994 641 :
2031 603 2095 643 eo

525 688 778 744 nimirum
805 692 986 754 pacto,
1020 693 1082 738 ut
1109 684 1164 737 in
1198 697 1364 738 carne
1403 683 1664 745 viventes,
1696 680 1915 735 minime
1944 680 2095 733 viva-

525 792 646 832 mus
682 774 981 831 secundum
1013 790 1232 828 carnem
1246 775 1312 836 ",
1343 773 1607 843 siquidem
1638 780 1690 826 et
1720 773 1974 840 princeps
2005 771 2094 823 illa

524 866 614 921 Dei
654 865 944 920 invisibilis
974 864 1171 935 imago,
1197 880 1317 934 qua:
1343 865 1408 917 ad
1439 878 1538 919 nos
1574 877 1668 931 per
1696 860 1971 930 Virginem
2002 876 2099 930 ap-

524 958 927 1030 pr0pinquavit,
961 973 1056 1027 per
1099 958 1281 1011 omnia
1312 957 1379 1012 ad
1418 958 1669 1011 humana:
1700 962 1907 1008 natura:
1945 953 2096 1006 simi-

525 1050 806 1104 litudinem
853 1042 1079 1102 eatenus
1129 1055 1330 1101 tentata
1381 1055 1484 1109 cst,
1535 1052 1593 1098 ut
1633 1044 1838 1098 nullum
1892 1042 2094 1111 peccati

522 1141 951 1210 experimentum
998 1139 1318 1208 susceperit.
1370 1157 1388 1188 ι
1427 1138 1526 1202 Qui
1566 1145 1841 1206 peccatum
1878 1150 1984 1188 non
2021 1134 2095 1187 l'e-

522 1232 618 1294 cit,
650 1245 751 1285 nec
781 1231 1033 1284 inventus
1065 1237 1149 1284 est
1191 1229 1348 1283 dolus
1388 1230 1440 1283 in
1478 1245 1572 1283 ore
1608 1229 1727 1296 ejus
1746 1226 1811 1280 “.
1844 1245 1861 1276 ι
1894 1224 2094 1289 Quem-

523 1321 812 1375 admodum
848 1322 1010 1391 igitur
1042 1321 1086 1375 si
1120 1320 1372 1390 pingendi
1402 1329 1572 1373 artem
1603 1318 1956 1377 disceremus,
1984 1331 2097 1370 ma-

519 1412 690 1482 gister
716 1410 951 1480 aliquam
982 1411 1137 1464 nobis
1168 1408 1526 1478 pulcherrime
1557 1408 1823 1477 depictam
1863 1404 2093 1459 formam

524 1503 575 1555 in
602 1501 785 1556 tabula
824 1508 1167 1571 proponeret,
1196 1500 1354 1569 cujus
1382 1517 1432 1554 ιιι
1464 1515 1561 1553 sua
1588 1513 1854 1569 quemque
1880 1497 2095 1568 pictura

519 1603 791 1662 eportcrct
822 1593 1280 1662 pulchritmlinem
1306 1592 1526 1651 imitari,
1551 1601 1609 1644 ut
1637 1591 1878 1645 omnium
1903 1587 2096 1641 tabulae

520 1685 587 1739 ad
626 1695 960 1755 propostum
1011 1684 1428 1753 pulchritudinis
1479 1682 1754 1747 exemplar
1788 1679 2096 1749 cxpolireu—

520 1786 643 1829 tur:
669 1776 770 1837 sic,
792 1776 1048 1846 quoniam
1084 1791 1196 1831 suae
1222 1778 1452 1845 quisque
1481 1775 1603 1827 vita:
1644 1774 1814 1841 pictor
1850 1770 2090 1832 exsistit,

2197 590 2376 659 ἐκείνη
2407 586 2499 639 τοῦ
2535 588 2765 659 ἀοράτου
2796 585 2930 640 Θεοῦ
2962 585 3144 651 εἰκὼν,
3191 587 3224 655 ἠ
3252 584 3341 638 διὰ
3377 584 3474 655 τῆς
3497 583 3779 655 Παρθένου

2196 677 2597 748 ὲπιδημήσασα,
2627 676 2892 748 ἐπειράθη
2919 677 3016 746 μὲν
3042 674 3184 730 κατᾶ
3208 675 3390 729 πάντα
3407 716 3421 740 ,
3449 675 3568 728 καθ’
3596 675 3783 744 ὁμοιό-

2194 785 2332 838 τητα
2351 767 2449 837 τῆς
2473 766 2816 837 ἀνθρωπίνης
2840 766 3074 835 φύσεως,
3100 768 3267 838 μόνης
3297 766 3340 820 δ’
3360 766 3419 818 οὐ
3448 764 3783 836 παρεδέξατο

2194 859 2294 928 τῆς
2333 858 2603 928 ἁμαρτίας
2642 858 2740 929 τὴν
2787 861 2997 924 πεῖραν.
3034 860 3166 921 «Ὃς
3208 856 3476 927 ἁμαρτίαν
3517 855 3623 926 γὰρ
3675 855 3782 907 οὐκ

2197 950 2438 1019 ἐποίησε,
2471 969 2490 1001 ι
2524 951 2707 1019 φησὶν,
2749 969 2767 1000 ι
2795 951 2902 1003 οὐδ’
2922 948 3121 1021 εὑρέθη
3156 948 3307 1012 δόλος
3338 949 3396 1000 ὲν
3430 946 3507 1017 τῷ
3548 946 3781 1015 στόματι

2196 1042 2380 1095 αὑτοῦ.
2407 1061 2424 1093 ι
2446 1043 2651 1111 ’Ὠσπερ
2693 1043 2892 1103 τοίνυν,
2916 1045 2963 1093 εἰ
2996 1040 3091 1111 τὴν
3118 1039 3471 1109 ζωγραφικὴν
3497 1038 3782 1091 ἐπαιδευόο

2199 1132 2337 1203 μεθα
2365 1134 2582 1204 τέχνην.
2618 1133 2905 1204 προθέντος
2940 1134 3072 1203 ἡμῖν
3108 1132 3199 1185 τοῦ
3235 1130 3555 1184 διδασκάλου
3578 1128 3782 1182 κεκαλ-

2196 1222 2544 1293 λωπισμένην
2561 1224 2681 1277 τινὰ
2705 1226 2918 1294 μορφὴν
2942 1225 3032 1276 ἐπὶ
3062 1223 3284 1284 πίνακος
3303 1239 3315 1252 ·
3347 1221 3451 1274 ἔδει
3481 1221 3696 1283 πάντως
3716 1220 3782 1272 τὸ

2195 1315 2289 1368 ἀπ’
2318 1315 2529 1385 ἐκείνης
2562 1315 2753 1376 κάλλος
2782 1315 2876 1366 ἐπὶ
2906 1314 3001 1383 τῆς
3037 1314 3170 1376 ἰδίας
3200 1313 3429 1366 ἕκαστον
3456 1312 3782 1382 ζωγραφίας

2200 1406 2563 1477 μιμήσασθαι,
2596 1406 2737 1460 ὥστε
2769 1408 2894 1469 τοὺς
2918 1406 3132 1460 πάντων
3162 1406 3395 1467 πίνακας
3421 1403 3562 1457 κατά
3588 1403 3647 1456 τὸ
3683 1405 3782 1456 ὲκ-

2197 1500 2447 1569 κείμενον
2469 1498 2559 1552 τοῦ
2581 1499 2804 1562 κάλλους
2824 1497 3123 1567 ὑπόδειγμα
3143 1494 3610 1566 καλλωπισθῆνάισ
3632 1494 3781 1548 κατά

2195 1589 2285 1642 τὸν
2337 1590 2499 1644 αὐτὸν
2542 1591 2776 1661 τρόπον,
2820 1589 3006 1660 ἐπειδὴ
3056 1589 3153 1659 τῆς
3206 1587 3339 1650 ἰδίας
3387 1586 3615 1648 ἔκαστός
3660 1586 3781 1637 ἐστι

2197 1678 2343 1747 ζωῆς
2396 1679 2702 1750 ζωγράφος,
2731 1682 2962 1749 τεχνῖτις
3007 1678 3063 1731 δὲ
3101 1679 3201 1748 τῆς
3242 1677 3600 1747 δημιουργίας
3640 1675 3781 1728 ταύ-

2194 1787 2293 1840 της
2332 1770 2476 1824 ἐστὶν
2508 1773 2540 1842 ἠ
2582 1771 2916 1841 προαίρεσις,
2961 1767 3227 1839 χρώματα
3265 1768 3321 1821 δὲ
3357 1768 3493 1838 πρὸς
3539 1767 3636 1837 τὴν
3667 1768 3781 1820 ἀπ»-

519 1866 713 1921 artil‘cx
747 1876 923 1920 autem
969 1866 1195 1935 hujusce
1238 1866 1416 1934 operis
1458 1865 1710 1918 voluntas
1747 1870 1851 1927 est,
1885 1861 2094 1915 colores

2197 1863 2457 1933 εργασίαν
2488 1863 2586 1933 τῆς
2620 1864 2825 1926 εἰκόνος
2849 1864 2905 1915 αἰ
2938 1861 3127 1933 ἀρεταί
3148 1877 3162 1890 ⁵
3198 1861 3436 1922 κίνδυνος
3463 1861 3523 1913 οὐ
3557 1860 3781 1929 μικρὸς,

520 1971 648 2009 vero
675 1955 741 2010 ad
793 1954 1198 2023 exprimendam
1233 1954 1520 2024 imaginem
1557 1954 1785 2007 virtutes
1811 1959 1960 2017 sunt,
1986 1965 2095 2004 non

2200 1951 2570 2023 μεταχαράξαι
2603 1952 2696 2005 τοῦ
2732 1952 3086 2025 πρωτοτύπου
3127 1951 3355 2015 κάλλους
3398 1952 3494 2022 τὴν
3544 1952 3785 2022 μίμησιν

520 2047 796 2102 mediocre
824 2047 1124 2116 periculum
1163 2054 1269 2110 est,
1297 2062 1362 2101 ne
1395 2062 1423 2099 a
1468 2044 1891 2116 pulchritudinis
1923 2058 2094 2097 exem-

2197 2045 2254 2107 ;ἰς
2278 2046 2511 2115 εἰδεχθὲς
2534 2061 2585 2097 τι
2616 2045 2709 2097 καὶ
2733 2045 2978 2114 ἄμορφον
3023 2045 3362 2115 προσωπεῖον
3381 2083 3396 2107 ,
3427 2042 3513 2095 διὰ
3542 2041 3647 2094 τῶν
3677 2047 3785 2112 ρυ-

518 2138 653 2206 plari
705 2136 771 2191 ad
815 2148 1022 2207 turpem
1071 2151 1136 2191 ac
1174 2136 1469 2192 deformem
1523 2137 1759 2207 aliquam
1811 2148 2095 2204 personam

517 2226 733 2283 recedat
763 2227 1016 2292 imitatio,
1042 2236 1096 2280 et
1131 2242 1228 2296 pro
1262 2225 1472 2281 Domini
1514 2224 1684 2279 forma
1719 2223 1945 2293 eﬂigiem
1978 2221 2097 2275 vitii

518 2318 757 2374 surdidis
808 2318 1082 2374 coloribus
1120 2317 1528 2373 adumbremus.
1559 2315 1744 2386 Itaque
1782 2329 1880 2385 pio
1913 2321 2097 2368 nostra

517 2409 661 2465 virili
712 2409 867 2464 nobis
895 2409 1209 2464 enitendum
1243 2416 1349 2473 est,
1373 2416 1432 2462 ut
1454 2408 1715 2463 virtutum
1742 2408 1954 2462 colores
1977 2406 2098 2475 puri

516 2503 649 2566 sint,
672 2508 728 2556 et
747 2501 984 2557 scienter
1012 2501 1293 2570 periteque
1322 2500 1389 2554 ad
1411 2499 1784 2569 excipiendam
1812 2498 2097 2568 imaginem

516 2593 995 2653 commisceantur,
1030 2598 1088 2645 ut
1123 2591 1375 2662 imaginis
1407 2590 1583 2661 imago
1613 2590 1803 2655 simus,
1837 2597 1890 2645 et
1919 2588 2098 2656 quoad

517 2682 635 2753 ejus
669 2683 784 2737 ﬁeri
820 2691 1020 2752 potest,
1065 2683 1368 2737 imitatione
1411 2684 1700 2751 perspicua
1738 2679 2100 2749 pulchritudi-

518 2775 604 2829 nis
640 2774 948 2843 exemplum
988 2774 1379 2843 exprimamus,
1407 2782 1466 2826 ut
1500 2772 1733 2828 faciebat
1760 2770 1982 2836 Paulus,
2006 2770 2098 2839 qui

518 2880 584 2918 ex
611 2863 811 2918 virtute
838 2864 1002 2918 vitam
1027 2864 1339 2929 instituens,
1363 2861 1567 2918 Christi
1598 2862 1839 2917 imitator
1860 2862 1961 2916 fuit
1981 2862 2045 2913 ".
2075 2880 2094 2911 ι

520 2953 677 3021 Quod
705 2955 749 3010 si
781 2955 982 3009 clarius
1016 2970 1078 3010 ea
1119 2955 1393 3026 sigillatim
1427 2954 1675 3008 oratione
1722 2954 1974 3023 persequi
2004 2968 2099 3008 vo-

520 3049 722 3112 lumus,
751 3046 951 3116 quibus
998 3045 1259 3100 imitando
1302 3044 1592 3115 imaginem
1622 3052 2095 3112 reprcesentamus,

520 3150 662 3190 unus
712 3135 863 3190 color
916 3143 1000 3191 est
1049 3135 1349 3190 humilitas.
1412 3152 1431 3185 ι
1472 3133 1692 3197 Discite,
1728 3152 1747 3186 ι
1783 3134 1977 3205 inquit,
2017 3154 2036 3186 ι
2068 3150 2098 3188 a

520 3241 624 3292 me,
660 3228 786 3297 quia
817 3226 964 3282 mitis
992 3241 1112 3281 sum
1136 3234 1192 3283 et
1218 3226 1439 3281 humilis
1471 3224 1636 3281 corde
1659 3225 1704 3256 “
1736 3242 1751 3279 :
1787 3244 1806 3277 ι
1849 3225 1986 3281 alter
2010 3233 2094 3279 est

520 3318 797 3388 patientia,
829 3334 948 3389 qua:
974 3325 1106 3388 quot
1138 3318 1313 3373 modis
1345 3319 1399 3373 in
1429 3318 1662 3388 imagine
1687 3318 1975 3372 invisibilis
2001 3316 2094 3372 Dei

466 3456 473 3463 .
519 3410 900 3481 conspicitur?
927 3410 1021 3465 ubi
1073 3410 1258 3481 gladii,
1295 3418 1349 3464 et
1387 3409 1581 3473 fustes,
1622 3417 1675 3464 et
1711 3410 1947 3473 vincula,
1975 3425 2098 3463 ver-

519 3502 667 3568 bera,
699 3503 871 3573 alapis
916 3504 1148 3557 maxilla:
1171 3518 1475 3573 percussae,
1511 3501 1680 3558 facies
1703 3504 1878 3573 sputis
1906 3502 2093 3567 oblita,

517 3592 729 3648 humeri
782 3592 1100 3648 verberibus
1147 3592 1357 3656 traditi,
1385 3592 1650 3662 judicium
1687 3593 1934 3663 impium,
1971 3608 2098 3648 cru-

516 3685 652 3741 delis
683 3687 975 3750 sententia,
1020 3686 1221 3743 milites
1252 3686 1793 3752 subsannationibus,
1827 3684 2096 3741 irrisioni-

517 3776 643 3839 bus,
673 3777 1019 3832 contumeliis
1048 3787 1101 3831 et
1139 3777 1332 3831 calami
1358 3778 1801 3845 percussionibus
1831 3776 2095 3831 immitem

519 3866 839 3922 sententiam
877 3881 974 3937 per
1016 3865 1238 3922 delicias
1270 3867 1680 3931 exacerbautes,
1711 3867 1869 3929 clavi,
1900 3874 1954 3921 et
1999 3866 2092 3931 fel,

518 3961 574 4010 ιι
611 3962 847 4022 acetum,
885 3963 939 4009 et
984 3954 1307 4024 gravissima
1344 3969 1572 4024 quaeque
1622 3954 1727 4024 ipsi
1780 3954 1898 4009 sine
1930 3967 2094 4008 causa

519 4043 686 4108 illata,
720 4041 830 4097 imo
861 4058 991 4099 vero
1021 4058 1120 4114 pro
1154 4044 1643 4100 innumerabilibus
1672 4044 1950 4099 benelieiis
1978 4042 2096 4096 red-

520 4129 630 4185 dita
660 4148 674 4184 :
703 4138 832 4186 tunc
866 4132 954 4186 ille
988 4146 1096 4203 quo
1124 4138 1286 4188 modo
1318 4134 1422 4189 ista
1453 4142 1729 4204 pati-antes
1782 4133 1929 4188 ultus
1973 4133 2095 4187 est?

525 4241 545 4280 ι
569 4224 748 4290 Pater,
780 4244 798 4277 ι
844 4224 1041 4296 inquit,
1074 4244 1093 4278 ι
1123 4227 1347 4297 ignosce
1380 4227 1507 4292 illis,
1529 4229 1657 4298 quia
1686 4229 1934 4283 nesciunt
1962 4227 2093 4297 quid

520 4313 730 4368 faciunt
750 4312 817 4367 ".
850 4333 869 4366 ι
901 4313 1093 4370 Nonne
1140 4326 1351 4386 poterat
1378 4326 1569 4372 contra
1603 4332 1698 4373 eos
1726 4320 1979 4387 superius
2008 4318 2093 4373 vel

518 4406 715 4460 cmlum
756 4406 1110 4478 perfringere,
1149 4410 1232 4464 vel
1288 4411 1449 4480 ipsos.
1487 4418 1649 4465 terrae
1697 4410 1938 4465 hiatibus
1969 4410 2093 4465 abo-

517 4495 653 4563 lere,
688 4499 768 4553 vel
818 4498 1095 4555 dimovere
1132 4516 1199 4556 ex
1247 4502 1478 4572 prepriis
1526 4503 1773 4556 terminis
1827 4517 2008 4565 mare,
2038 4510 2091 4558 et

517 4589 869 4658 voraginibus
929 4600 1126 4646 terram
1155 4593 1521 4661 submergere,
1557 4594 1641 4647 vel
1696 4592 2089 4648 Sodomiticum

520 4681 661 4750 ignis
700 4681 925 4735 imbrem
975 4680 1260 4739 demittere
1309 4683 1471 4738 unico
1524 4685 1707 4749 verbo,
1748 4685 1831 4740 vel
1867 4684 2089 4755 aliquod

520 4772 665 4827 aliud
696 4773 952 4828 acerbum
985 4776 1306 4844 supplicium
1336 4775 1621 4847 irrogare?

587 4952 841 5008 Attamen
905 4953 1019 5010 haec
1088 4954 1270 5009 omnia
1329 4956 1444 5010 miti
1508 4956 1844 5026 patientique
1908 4958 2091 5012 animo

520 5044 760 5113 pertulit,
794 5046 1024 5116 vitaeque
1053 5057 1155 5101 tua:
1202 5064 1296 5117 per
1338 5048 1579 5118 seipsum
1622 5049 1770 5119 leges
1816 5050 2092 5119 patientiae

522 5135 691 5191 dedit.
731 5136 824 5192 Sic
852 5139 957 5192 alia
990 5140 1179 5193 omnia
1222 5142 1275 5193 in
1305 5140 1550 5210 principe
1573 5139 1664 5195 Dei
1698 5142 1936 5211 imagine
1966 5142 2093 5197 licet

518 5225 741 5292 intueri,
783 5228 850 5283 ad
881 5245 1043 5299 quam
1082 5231 1175 5300 qui
1207 5231 1447 5301 respicit,
1478 5241 1531 5285 et
1575 5232 1641 5287 ad
1674 5232 1796 5301 ejus
1836 5233 2095 5288 similitu-

521 5316 702 5371 dinem
768 5316 1001 5373 formam
1057 5330 1288 5376 exornat
1343 5337 1521 5386 suam,
1568 5322 1685 5391 ipse
1740 5338 1959 5394 quoque
2034 5323 2093 5376 iit

521 5408 696 5481 imago
738 5409 831 5489 Dei
904 5414 1199 5470 invisibilis
1248 5430 1346 5484 per
1406 5416 1753 5470 tolerantiam
1802 5429 2090 5485 expressa.

521 5498 625 5567 Qui
657 5509 841 5557 autem
872 5503 1134 5561 Ecclesia:
1168 5515 1334 5576 caput
1367 5506 1648 5564 Christum
1674 5522 1797 5563 esse
1818 5506 2010 5563 didicit
2030 5508 2100 5573 ⁸⁸,

585 5696 807 5775 filiam.
841 5720 953 5766 vm,
994 5705 1051 5757 1⁵2
1074 5721 1193 5775 ςιιιο

514 5781 568 5825 v.
587 5766 679 5823 23.

2197 2137 2388 2207 παρῶν
2431 2134 2756 2207 χρωμάτων,
2803 2136 2924 2188 ἀντὶ
2964 2134 3059 2188 τοῦ
3106 2132 3433 2187 Δεσποτικοῦ
3475 2133 3644 2196 εἴδους
3684 2133 3786 2185 τὸν

2197 2232 2295 2302 τῆς
2323 2231 2519 2293 κακίας
2569 2230 2888 2301 χαρακτῆρα
2923 2231 3451 2301 σκιογραφήσαντας.
3497 2230 3656 2283 Ἀ).λά
3698 2232 3787 2295 ὡς

2199 2320 2313 2373 ἔστι
2364 2320 2623 2381 δυνατὸν,
2682 2319 2897 2390 καθαρά
2948 2319 3057 2373 τῶν
3105 2320 3312 2391 ἀρετῶν
3363 2320 3432 2373 τά
3489 2319 3784 2391 χρώματα,

2199 2414 2341 2469 κατά
2382 2431 2505 2468 τινα
2550 2414 2800 2483 τεχνικὴν
2839 2412 2983 2483 μίξιν
3029 2414 3165 2484 πρὸς
3214 2412 3417 2484 ἄλληλα
3463 2431 3783 2486 συγκεκρα-

2204 2506 2357 2575 μὲνα,
2397 2504 2532 2573 πρὸς
2575 2503 2674 2573 τὴν
2723 2501 2817 2555 τοῦ
2867 2502 3099 2565 κάλλους
3150 2503 3378 2573 μίμησιν
3412 2502 3791 2573 παραλαμϐά-

2200 2616 2332 2663 νειν,
2387 2597 2526 2650 ὥστε
2571 2595 2822 2664 γενέσθαι
2857 2596 3003 2665 ἡμᾶς
3050 2594 3149 2662 τῆς
3200 2594 3410 2656 εἰκόνος
3458 2594 3656 2659 εἰκόνα,
3706 2594 3788 2647 δι’

2200 2688 2453 2760 ἐνεργοῦς
2497 2688 2569 2751 ὠς
2616 2682 2727 2740 οἷόν
2776 2703 2836 2739 τε
2888 2689 3169 2755 μιμήσεως
3224 2685 3637 2755 ὲκμαξαμένους
3718 2686 3792 2740 τὸ

2200 2779 2553 2847 πρωτότυπον
2600 2775 2814 2837 κάλλος,
2851 2775 2926 2837 ὡς
2965 2775 3133 2828 ἐποίει
3172 2775 3201 2826 ὁ
3249 2774 3476 2839 Παῦλος,
3532 2776 3791 2847 μιμητὴς

2201 2869 2297 2922 τοῦ
2350 2867 2586 2939 Χριστοῦ
2636 2867 2722 2920 διὰ
2768 2865 2859 2919 τοῦ
2896 2865 3019 2920 κατ’
3057 2865 3255 2937 ἀρετὴν
3304 2864 3419 2935 βίου
3471 2868 3786 2936 γινόμενος.

2201 2960 2265 3012 Εἰ
2302 2958 2359 3011 δὲ
2410 2958 2514 3028 χρὴ
2562 2957 2655 3010 καὶ
2710 2955 2778 3008 τά
2834 2954 2955 3008 καθ’
3005 2954 3232 3007 ἕκαστον
3280 2953 3646 3022 διευκρινῆσαι
3694 2953 3789 3023 τῷ

2201 3048 2364 3118 λόγῳ,
2414 3048 2482 3100 δι’
2533 3041 2610 3101 ὧν
2658 3048 2691 3117 ἠ
2739 3046 2839 3115 τῆς
2888 3045 3094 3108 εἰκόνος
3156 3045 3385 3115 μίμησις
3438 3044 3663 3113 γίνεται,
3719 3044 3787 3098 ἓν

2202 3140 2399 3211 χρῶμα
2437 3141 2470 3210 ἡ
2511 3138 2997 3209 ταπεινοφροσύνη.
3048 3157 3067 3188 ι
3120 3136 3331 3191 Μάθετε
3372 3156 3391 3188 ι
3428 3138 3557 3206 γὰρ,
3585 3137 3785 3207 φησὶν,

2209 3250 2227 3283 ι
2275 3232 2368 3284 ἀπ’
2404 3230 2559 3301 ἐμοῦ,
2593 3231 2675 3284 ὅτι
2710 3230 2887 3301 πρᾶός
2933 3230 3071 3299 εἰμι,
3117 3229 3212 3282 καὶ
3252 3230 3504 3292 ταπεινὸς
3531 3232 3598 3300 τῇ
3640 3247 3789 3300 καρ-

2200 3322 2307 3393 δίᾳ.
2360 3340 2379 3373 ι
2438 3320 2663 3392 Ἕτερον
2709 3320 2925 3391 χρῶμα,
2978 3321 3009 3389 ἡ
3060 3317 3430 3389 μακροθυμία,
3477 3322 3510 3389 ἠ
3557 3319 3674 3383 πῶς
3708 3324 3785 3393 τῇ

2201 3413 2367 3467 εἰκόνι
2412 3411 2506 3465 τοῦ
2542 3412 2771 3482 ἀοράτου
2818 3410 2953 3465 Θεοῦ
3001 3413 3355 3479 ὲπιφανείσα;
3394 3412 3656 3481 Μάχαιρά
3718 3429 3788 3467 τε

2203 3505 2295 3558 καὶ
2330 3503 2481 3570 ξύλα,
2522 3503 2615 3556 καὶ
2662 3502 2836 3572 δεσμὰ
2867 3503 2961 3556 καὶ
3002 3502 3283 3573 μάστιγες,
3331 3500 3577 3569 σιαγόνες
3612 3503 3789 3570 ῥαπι-

2200 3596 2461 3665 ζόμεναι,
2517 3594 2807 3664 πρόσωπον
2851 3593 3260 3663 ὲμπτυόμενον,
3320 3591 3489 3644 νῶτον
3539 3596 3788 3660 πληγαῖς

2199 3662 2571 3755 ἓκδεδομένον,
2620 3662 2901 3755 κριτήριον
2948 3662 3159 3748 ἀσεϐὲς,
3207 3681 3482 3751 ἀπόφασις
3536 3682 3786 3753 ἀπηνὴς,

2203 3774 2529 3846 στρατιῶται
2590 3774 2685 3843 τῆς
2750 3772 3076 3844 σκυθρωπῆς
3127 3772 3452 3840 ἀποφάσεως
3502 3789 3789 3843 κατατρυο

2202 3866 2428 3935 φῶντες,
2478 3866 2535 3918 ὲν
2580 3865 2907 3934 χλευασμοίς
2954 3865 3048 3919 καὶ
3094 3864 3397 3935 εἰρωνείαις
3435 3864 3530 3917 καὶ
3561 3867 3680 3926 ταῖς
3713 3867 3788 3919 ὲκ

2201 3958 2445 4028 καλάμου
2473 3956 2728 4026 πληγαῖς,
2750 3951 2890 4026 ἧλοι,
2912 3956 3007 4010 καὶ
3031 3955 3184 4027 χολὴ,
3213 3956 3307 4009 καὶ
3333 3952 3453 4019 ὅξος
3479 3954 3786 4008 καὶοπάντα

2200 4049 2267 4103 τὰ
2283 4049 2583 4114 δεινότατα,
2610 4047 2733 4102 ἄνευ
2754 4048 2931 4109 αἰτίας
2953 4047 3101 4116 αὐτῷ
3138 4047 3538 4118 προσαγόμενα,
3572 4046 3786 4115 μᾶλλον

2198 4140 2254 4193 δὲ
2305 4139 2445 4211 ὑπὲρ
2485 4141 2581 4210 τῆς
2626 4139 2963 4208 πολυτρόπου
3013 4137 3326 4208 εὐεργεσίας
3378 4138 3777 4207 ἀντιδιδόμενα.

2200 4231 2296 4293 Τίς
2312 4227 2404 4285 οὖν
2420 4230 2560 4286 κατά
2582 4229 2683 4283 τῶν
2705 4229 2873 4283 ταῦτα
2903 4228 3193 4282 ποιούντων
3215 4231 3246 4299 ἡ
3270 4230 3480 4299 ἄμυνα;
3515 4246 3533 4279 ι
3561 4229 3777 4299 Πάτερ,

2201 4320 2549 4392 συγχώρησον
2575 4320 2758 4383 αὐτοῖς
2780 4336 2793 4349 ο
2827 4320 2887 4372 οὐ
2912 4320 3019 4390 γὰρ
3046 4318 3219 4371 οἴδασι
3252 4319 3304 4370 τί
3342 4318 3572 4372 ποιοῦσι.
3613 4338 3633 4372 ι
3675 4322 3781 4390 Μὴ

2198 4413 2297 4465 οὐκ
2327 4408 2395 4483 ἦν
2427 4411 2646 4464 δυνατὸν
2678 4410 3109 4474 ἀνωθεν,αὐτοίς
3157 4410 3318 4463 αὐτὸν
3355 4410 3645 4482 summam
3679 4413 3784 4466 τὸν

2123 4544 2165 4597 D
2198 4504 2443 4575 οὐρανὸν,
2472 4502 2505 4573 ἢ
2541 4503 2775 4571 χάσματι
2801 4502 2903 4571 γῆς
2927 4502 3244 4570 ἐξαφανίσαι
3275 4503 3400 4566 τοὺς
3428 4504 3711 4574 ὑϐριστάς,
3741 4505 3778 4575 ἢ

2194 4594 2513 4649 ὲπεκϐαλεῖν
2557 4593 2661 4656 ἔξω
2705 4595 2814 4646 τῶν
2851 4593 2994 4648 ἰδίων
3033 4596 3175 4665 ὅρων
3206 4598 3303 4666 τὴν
3338 4595 3628 4657 θάλασσαν,
3676 4597 3782 4650 καὶ

2192 4689 2303 4750 τοῖς
2329 4686 2505 4755 βυθοῖς
2530 4686 2750 4755 ποιῆσαι
2769 4686 2867 4754 τὴν
2889 4686 2991 4755 γῆν
3016 4687 3363 4758 ὑποόρύχιον,
3384 4690 3416 4759 ἢ
3440 4687 3534 4758 τὴν
3556 4687 3782 4758 Σοδομι-

2196 4778 2348 4847 τικὴν
2380 4777 2562 4839 αὐτοῖς
2598 4775 2870 4828 ἐπιϐαλεῖν
2895 4777 2988 4830 τοῦ
3026 4779 3198 4849 πυρὸς
3227 4779 3548 4850 ἐπομϐρίαν,
3582 4780 3623 4849 ἢ
3644 4779 3781 4833 ἄλλο

2193 4885 2244 4922 τι
2278 4870 2496 4939 ποιῆσαι
2523 4868 2630 4921 τῶν
2661 4868 3000 4939 σκυθρωπῶν
3027 4870 3114 4923 διὰ
3138 4873 3589 4941 προστάγματοςς

2276 4960 2435 5013 Ἀλλά
2477 4960 2649 5013 ταῦτα
2682 4961 2912 5030 ἤνεγκεν
2949 4962 3006 5013 ἐν
3054 4962 3316 5033 πρᾳότητι
3354 4961 3448 5015 καὶ
3490 4960 3780 5031 μακροθυη

2200 5051 2318 5122 μία,
2351 5053 2380 5102 ὁ
2416 5050 2492 5121 τῷ
2540 5050 2617 5120 σῷ
2656 5050 2755 5120 βίῳ
2793 5050 2858 5103 δι’
2903 5052 3096 5106 ἑαυτοῦ
3127 5051 3429 5123 νομοθετῶν
3466 5051 3527 5103 τὸ
3562 5053 3779 5122 μακρό-

2198 5143 2389 5214 θυμον.
2426 5143 2583 5197 Οὕτω
2613 5140 2705 5197 καὶ
2731 5142 2799 5195 τὰ
2833 5144 2966 5196 ἄλλα
2997 5145 3172 5197 πάντα
3199 5146 3326 5214 περὶ
3357 5146 3455 5214 τὴν
3487 5144 3779 5215 πρωτότυ-

2196 5251 2295 5288 πον
2326 5233 2419 5287 τοῦ
2450 5234 2582 5287 Θεοῦ
2623 5234 2806 5288 εἰκόνα
2839 5234 2984 5287 ἐστιν
3020 5236 3166 5299 ἰδεῖν,
3200 5238 3334 5309 πρὸς
3360 5238 3426 5308 ἢν
3470 5239 3498 5290 ὁ
3532 5237 3773 5308 βλέπων,

2196 5325 2290 5378 καὶ
2336 5327 2454 5378 κατ’
2510 5325 2723 5394 ἐκείνην
2762 5327 3009 5395 ἐναργῶς
3048 5328 3404 5393 καλλωπίζων
3444 5328 3542 5398 τὴν
3571 5329 3776 5383 ἑαυτοῦ

2198 5415 2431 5486 μορφὴν,
2466 5413 2627 5466 εἰκὼν
2650 5416 2745 5468 καὶ
2775 5415 2938 5479 αὐτὸς
2966 5416 3175 5484 γίνεται
3200 5416 3294 5471 τοῦ
3320 5416 3454 5470 Θεοῦ
3479 5416 3575 5469 τοῦ
3601 5417 3773 5470 ἀορά-

2192 5524 2307 5572 του,
2344 5507 2432 5560 διὰ
2467 5507 2559 5577 τῆς
2590 5506 2868 5576 ὑπομονῆς
2909 5507 3384 5580 ζωγραφούμενος.
3429 5508 3487 5561 Ὀ
3514 5508 3573 5561 δὲ
3602 5524 3772 5577 κεφα-

1274 5707 1360 5760 u'l
1396 5710 1536 5762 Ριαιικ
1575 5725 1631 5769 ιι,
1671 5709 1761 5762 2:2.
1842 5706 1924 5759 “i
1956 5708 2082 5763 Cor.

2197 5751 2202 5767 .
2242 5708 2326 5763 i6.
2405 5708 2447 5738 ‘9
2482 5706 2672 5762 Matth.
2704 5706 2890 5776 xl,29.
2967 5706 3011 5739 ⁸⁷
3041 5706 3177 5762 Luc.
3211 5721 3365 5775 χχιιι,
3390 5708 3479 5762 5i.
3559 5706 3607 5739 ⁸⁸
3630 5705 3764 5778 Eph.
