4034 6132
349 214 462 269 275

1356 213 1444 267 DE
1474 212 1835 269 PEllFECTA
1870 210 2269 268 CHRISTIANI
2307 212 2567 268 FORMA.

3488 212 3591 268 271

342 326 457 396 λὴν
483 325 581 397 τῆς
621 324 944 396 Ἐκκλησία-ς
970 325 1057 379 τὸν
1088 325 1320 395 Χριστὸν
1349 325 1485 380 εῖναι
1528 326 1733 398 μαθὼν,
1770 326 1911 381 τοῦτ(

2029 326 2160 381 illud
2202 327 2255 380 in
2294 326 2486 397 primis
2515 323 2740 395 cogitet,
2774 300 3109 381 unam'vesse
3142 324 3342 395 capitis
3374 333 3430 381 et
3464 329 3595 383 sub-

344 436 390 471 π
408 416 468 488 ρδ
502 417 713 473 πάντων
741 415 1074 481 διανοείσθω,
1099 416 1181 469 ὅτι
1203 418 1349 470 πᾶσα
1376 417 1586 489 κεφαλὴ
1610 416 1687 488 τῷ
1717 418 1930 470 ὑποκει-

340 520 383 570 μ
404 509 506 578 ένῳ
544 505 757 578 σώματι
804 509 1050 577 ὁμοφυής
1083 509 1199 560 ὲστι
1232 509 1326 561 καὶ
1365 506 1664 579 ὁμοούσιος,
1707 508 1801 561 καὶ
1831 508 1930 576 μία

337 600 436 664 τίς
471 602 591 653 ἐστι
619 600 723 653 at?»
751 600 871 653 καθ’
901 599 1129 653 ἕκαστον
1167 600 1342 671 μελῶν
1387 601 1522 672 πρὸς
1553 602 1614 655 τὸ
1641 603 1758 656 ὅλον
1791 618 1929 672 συμ-

340 692 490 761 quia.
513 730 528 755 ,
578 690 668 743 διὰ
701 691 828 759 μιᾶς
861 689 1161 759 συμπνοίας
1201 691 1644 762 κατεργαζομένη
1680 692 1814 762 πρὸς
1860 691 1930 743 τά

357 781 500 852 μέρη
532 781 611 851 τῷ
658 780 823 834 παντὶ⁸
873 779 972 850 τὴν
1007 780 1365 850 συμπάθειαν.
1414 782 1622 835 Οὐκοῦν
1663 781 1716 834 εἴ
1751 799 1806 835 τι
1832 782 1927 835 τοῦ

353 870 613 942 σώματός
655 872 804 925 ἐστιν
848 870 1022 937 ἐκτὸς,
1057 871 1214 925 τοῦτο
1248 873 1340 925 καὶ
1380 872 1656 943 πρὸς”τὴν
1688 873 1928 944 κεφαλὴν

348 962 574 1025 πάντως
617 961 911 1032 ἀλλοτρίως
943 961 1075 1031 ἔχει.
1117 960 1365 1015 Παιδεύει
1397 962 1574 1015 τοίνυν
1608 962 1701 1016 διὰ
1724 962 1927 1016 τούτων

347 1056 383 1108 ὁ
408 1053 569 1120 λόγος
599 1054 767 1123 ἡμᾶς,
798 1054 934 1124 ὅπερ
963 1055 1109 1107 ἐστὶν
1147 1056 1182 1124 ἡ
1214 1055 1421 1127 κεφαλὴ
1452 1054 1594 1109 κατὰ
1618 1056 1715 1127 τὴν
1745 1055 1923 1124 φύσιν,

345 1144 511 1197 τοῦτο
540 1146 728 1199 καὶτὰ
766 1145 889 1197 καθ’
932 1145 1160 1199 ἕκαστον
1198 1147 1440 1214 γίνεσθαι
1471 1147 1627 1217 μέλη,
1661 1148 1745 1201 ἵνα
1791 1148 1926 1218 πρὸς

344 1236 450 1307 τὴν
482 1235 725 1306 κεφαλὴν
752 1235 966 1300 οἰκείως
994 1237 1109 1308 ἔχῃ.
1152 1238 1338 1308 Ἡμεῖς
1367 1238 1424 1291 δέ
1462 1239 1627 1307 ἐσμεν
1668 1239 1738 1292 τὰ
1766 1238 1922 1309 μέλη,

345 1331 396 1381 οἱ
427 1330 509 1390 είς
546 1328 610 1380 τὸ
639 1328 801 1397 σῶμα
826 1326 921 1382 τοῦ
954 1327 1188 1400 Χριστοῦ
1220 1328 1613 1391 συντελοῦντες.
1658 1330 1720 1383 El
1750 1330 1926 1385 τοίνυν

344 1436 433 1482 τις
455 1419 595 1489 ἄρας
613 1419 675 1472 τὸ
697 1419 856 1489 μέλος
879 1419 972 1472 τοῦ
992 1418 1250 1490 Χριστοῦ,
1280 1421 1479 1492 ποιήσῃ
1502 1421 1660 1491 μέλος
1681 1421 1882 1493 πόρνης
1907 1440 1922 1452 ·

344 1504 461 1562 οἷόν
485 1525 606 1564 τινα
634 1508 909 1579 μάχαιῡαν
937 1509 1189 1579 ἐμϐαλὼν
1230 1510 1328 1581 τὴν
1371 1511 1667 1564 ἀκόλαστον
1699 1512 1920 1577 λύσσαν,

338 1600 437 1657 διὰ
468 1601 563 1655 τοῦ
588 1605 824 1672 πονηροῦ
848 1601 1037 1655 τούτου
1069 1601 1273 1665 πάθους
1297 1603 1357 1655 τὸ
1384 1602 1541 1672 μέλος
1577 1603 1791 1668 πάντως
1824 1603 1922 1674 τῆς

345 1691 591 1762 κεφαλῆς
624 1691 1003 1763 ἠλλοτρίωσεν.
1030 1691 1188 1746 Οῦτω
1219 1692 1276 1746 δὲ
1299 1692 1482 1746 καὶτὰ
1513 1693 1674 1747 λοιπά
1702 1695 1800 1764 τῆς
1820 1711 1920 1747 κα-

341 1785 474 1848 κίας
499 1784 727 1856 δργανα,
769 1785 1032 1857 μάχαιραι
1061 1787 1321 1854 γίνονται,
1355 1786 1423 1839 δι’
1454 1779 1529 1840 ὧν
1553 1786 1622 1840 τὰ
1656 1787 1790 1858 μέλη
1821 1786 1916 1842 τοῦ

344 1876 627 1947 συμφυοῦς
665 1877 1029 1948 ἀποτέμνεται
1072 1877 1352 1948 σώματος,
1397 1879 1489 1931 καὶ
1537 1878 1638 1947 τῆς
1677 1879 1916 1949 κεφαλῆς

339 1966 664 2037 ἀφορίζεται
691 1967 887 2026 πάντα.
922 1967 1103 2031 καθὼς
1138 1968 1204 2022 ἂν
1228 1968 1325 2040 τὴν
1344 1969 1517 2040 τομὴν
1546 1969 1817 2042 ἐνεργήσῃ
1847 1970 1916 2023 τά

338 2058 512 2129 πάθη.
549 2058 668 2113 ’Ίνα
695 2054 788 2112 οῦν
817 2059 994 2112 τοίνυν
1018 2061 1075 2112 ὲν
1104 2059 1181 2130 τῷ
1205 2061 1345 2114 κατά
1366 2061 1527 2131 φύσιν
1548 2062 1667 2115 ὅλον
1690 2062 1916 2133 διαμένῃ

335 2148 404 2200 τὸ
428 2148 608 2217 σῶμα,
650 2149 788 2221 πρὸς
814 2150 913 2220 τὴν
948 2150 1188 2222 κεφαλὴν
1216 2152 1432 2215 οἰκείως
1467 2151 1612 2223 ἔχειν
1650 2154 1916 2223 προσήκει

334 2239 438 2291 καὶ
462 2238 532 2292 τὰ
562 2239 687 2293 καθ’
716 2239 944 2293 ἕκαστον
975 2240 1136 2311 μέλη,
1159 2236 1267 2295 οἷον
1293 2242 1536 2315 καθαρὰν
1553 2242 1630 2314 τῷ
1652 2244 1795 2315 λόγῳ
1818 2246 1916 2314 τῆς

332 2332 529 2394 οὐσίας
548 2332 648 2403 τὴν
676 2331 919 2403 κεφαλὴν
954 2331 1324 2409 συντελοῦντα.
1346 2334 1407 2387 Εἰ
1436 2334 1740 2405 ἀφθαρσίαν
1761 2337 1913 2390 νοοῦ-

337 2440 448 2493 μεν
469 2423 567 2493 τὴν
596 2422 855 2493 κεφαλὴν,
886 2425 945 2477 ὲν
973 2424 1248 2496 ἀφθαρσίᾳ
1280 2426 1384 2497 χρὴ
1416 2427 1630 2490 πάντως
1660 2428 1913 2482 συνεστά-

332 2531 429 2568 ναι
456 2515 525 2568 τά
555 2514 713 2585 μέλη.
756 2515 912 2569 Οῦτω
939 2519 1034 2571 καὶ
1068 2517 1139 2570 τὰ
1173 2517 1307 2572 ἀλλα
1336 2520 1599 2588 νοήματα,
1628 2521 1729 2574 ὅσα
1762 2522 1794 2591 ὴ
1823 2538 1915 2574 κε-

333 2605 483 2677 φαλὴ
538 2609 772 2669 νοεῖται,
822 2609 915 2660 καὶ
968 2609 1060 2660 ἐπὶ
1102 2608 1209 2661 τῶν
1250 2608 1425 2678 μελῶν
1478 2610 1768 2665 ἀκόλουθόν
1799 2613 1911 2665 ἐστι

331 2695 694 2767 καθορᾶσθαι,
718 2697 814 2767 τὴν
836 2699 1078 2769 εἰρήνην,
1098 2698 1188 2751 τὸν
1208 2700 1499 2771 ἀγιασμὸν,
1519 2701 1617 2772 τὴν
1635 2700 1908 2774 ἀλήθειαν,

335 2788 432 2840 καὶ
459 2788 640 2841 πάντα
664 2788 733 2840 τὰ
760 2788 1002 2843 τοιαῦτα.
1043 2789 1142 2842 Διά
1182 2790 1287 2860 γὰρ
1318 2791 1412 2844 τοῦ
1444 2791 1572 2845 Υίοῦ
1618 2791 1786 2847 ταῦτα
1818 2795 1912 2847 καὶ

329 2877 407 2931 τὰ
434 2878 659 2931 τοιαῦτα
707 2881 767 2931 έν
809 2881 919 2943 τοῖς
966 2880 1149 2950 μέλεσι
1189 2881 1480 2947 δείκνυται,
1522 2883 1602 2954 τῷ
1651 2884 1910 2955 ωμφυῶς

332 2969 480 3065 έᾉξν
510 2971 654 3024 αὐτὰ
676 2972 831 3065 frob:
861 2970 1227 3065 τὴν-κεφαλὴν
1274 2976 1665 3065 μαρτυρεῖσθαι
1688 2993 1703 3009 ·
1738 2975 1908 3040 οὕτως
1937 3008 1979 3065 c

332 3060 581 3124 εἰπόντος
610 3061 703 3114 τοῦ
745 3054 1087 3127 Ἀποστόλου,
1117 3064 1198 3117 ὅτι
1231 3066 1436 3127 ἐκεῖνος
1470 3064 1567 3132 μέν
1589 3067 1734 3118 ἐστιν
1759 3067 1793 3136 ἡ
1820 3082 1910 3118 κε-

329 3152 502 3223 φαλὴ,
537 3153 601 3221 ἐξ
622 3152 788 3206 αὐτοῦ
821 3153 877 3207 δὲ
906 3155 1015 3207 πᾶν
1057 3155 1119 3207 τὸ
1147 3153 1307 3225 σῶμα
1341 3155 1910 3226 συναρμολογούμενον

330 3244 432 3298 καὶ
458 3243 927 3315 συμϐιϐαζόμενον
950 3245 1036 3299 διὰ
1074 3245 1254 3316 πάσης
1283 3246 1447 3317 ἁφῆς,
1490 3246 1589 3317 τῆς
1616 3246 1734 3300 κατ’
1760 3246 1909 3319 ἐνέρ-

329 3352 490 3404 γειαν
534 3338 596 3393 ὲν
627 3336 810 3406 μέτρῳ
844 3336 962 3398 ἑνὸς
1007 3337 1234 3390 ἑκάστου
1271 3338 1490 3409 μέρους,
1544 3337 1644 3407 τὴν
1682 3336 1908 3409 αὔξησιν

327 3424 427 3477 τοῦ
453 3423 706 3495 σώματος
749 3427 1000 3479 ποιεῖται.
1042 3426 1155 3478 Καὶ
1181 3425 1340 3479 τοῦτο
1376 3428 1640 3499 προσήκει
1684 3427 1769 3481 διὰ
1810 3427 1907 3481 τοῦ

329 3511 429 3582 τῆς
457 3510 701 3582 κεφαλῆς
730 3512 989 3583 ὀνόματος
1028 3513 1376 3584 παιδευθῆναι
1403 3556 1418 3579 ,
1469 3517 1553 3570 ὅτι
1597 3516 1783 3588 ὥσπερ
1816 3518 1907 3571 ἐπὶ

324 3602 438 3655 τῶν
478 3600 636 3666 ζώων
664 3603 728 3655 ὲκ
763 3605 862 3672 τῆς
898 3603 1138 3674 κεφαλῆς
1176 3603 1293 3656 ἐστι
1334 3604 1412 3674 τῷ
1442 3606 1651 3676 σώματι
1680 3606 1740 3659 τὸ
1772 3608 1908 3676 πρὸς

324 3693 427 3758 τὰς
448 3694 726 3766 ἐνεργείας
754 3694 1031 3764 ἐνδόσιμον
1058 3710 1071 3722 ·
1108 3695 1174 3748 δι’
1196 3694 1473 3765 ὀφθαλμοῦ
1494 3696 1601 3766 γὰρ
1625 3696 1716 3749 καὶ
1740 3698 1906 3766 ἀκοῆς

324 3783 397 3838 τὰ
435 3783 557 3837 καθ’
600 3783 832 3837 ἕκαστον
864 3782 1166 3849 εὐθύνεται,
1200 3785 1234 3852 ἧ
1265 3802 1323 3837 τε
1358 3785 1447 3839 διὰ
1479 3786 1652 3839 ποδῶν
1694 3786 1905 3855 κίνησις

322 3875 474 3945 καὶὴ
499 3872 591 3927 διά
622 3873 820 3946 χειρῶν
842 3875 1091 3946 ἐνέργεια
1114 3892 1128 3907 ο
1159 3876 1221 3929 οὐ
1255 3877 1362 3947 γὰρ
1392 3877 1536 3930 ἔστιν
1561 3877 1593 3948 ἢ
1625 3877 1902 3947 ὀφθαλμοῦ

326 3966 407 4039 μὴ
439 3966 860 4031 ἐπιστατοῦντος
890 3968 1000 4021 τῶν
1042 3969 1510 4040 σπουδαζομένων,
1552 3970 1585 4040 ἦ
1639 3971 1712 4041 μὴ
1756 3970 1904 4041 δεχο-

327 4058 497 4128 μένης
551 4057 652 4129 τῆς
703 4060 872 4129 ἀκοῆς
918 4058 1016 4130 τὴν
1069 4061 1364 4130 ὑφήνησιν,
1412 4059 1638 4123 δεόντως
1684 4078 1736 4113 τι
1792 4062 1901 4116 τῶν

320 4148 705 4223 προκειμένων
729 4148 982 4216 γενέσθαι
1007 4168 1020 4182 ο
1056 4150 1197 4204 οὕτω
1226 4150 1330 4222 χρὴ
1360 4150 1501 4204 κατὰ
1521 4152 1619 4221 τὴν
1645 4153 1902 4224 ἀληθινὴν

320 4240 571 4312 κεφαλὴν
617 4242 714 4293 καὶ
751 4242 896 4323 ἡμᾶς
939 4241 1000 4293 τὸ
1037 4240 1197 4310 σῶμα
1246 4240 1592 4311 καταλλήλως
1636 4243 1899 4296 κινεῖσθαι

2024 417 2155 488 jeeti
2199 416 2446 486 corporis
2478 423 2753 481 naturam,
2807 422 2860 471 et
2907 415 3121 486 singula
3177 417 3415 471 membra
3466 432 3590 472 cum

2028 517 2146 563 toto
2196 508 2447 575 naturali
2520 507 2754 578 quadam
2822 507 3224 563 necessitudine
3298 510 3593 578 conjuncta

2005 613 2170 664 ,esse,
2205 613 2327 667 quae
2358 604 2539 666 partes
2582 596 2685 649 toti
2735 596 2809 648 ita
2853 596 3127 660 conciliat,
3171 601 3230 650 ut
3278 597 3417 651 miro
3461 612 3593 651 con-

2029 705 2193 745 sensu
2236 689 2379 743 inter
2407 703 2466 743 se
2496 687 2848 741 conveniant.
2900 685 2978 740 Ex
3022 702 3132 756 quo
3162 687 3225 741 (it
3256 695 3337 754 ut,
3382 689 3428 743 si
3457 688 3591 757 quid

2028 788 2180 836 extra
2212 794 2414 850 corpus
2443 785 2548 842 est,
2583 778 2636 831 id
2679 778 2840 833 etiam
2871 793 2900 831 a
2930 778 3107 848 capite
3143 778 3367 834 omnino
3398 779 3589 847 sejun-

2028 879 2173 926 ctum
2211 872 2302 926 sit.
2340 869 2417 924 Ex
2447 870 2551 925 hoc
2591 870 2756 941 igitur
2797 870 3172 940 intelligimus,
3212 871 3355 941 quod
3396 878 3591 926 natura

2026 968 2190 1031 caput
2217 970 2323 1025 est,
2350 961 2492 1015 idem
2523 961 2637 1015 ﬁeri
2671 959 2885 1030 singula
2920 960 3182 1023 membra,
3214 968 3272 1014 ut
3301 975 3426 1016 cum
3471 960 3591 1030 ipso

2026 1053 2206 1125 capite
2253 1053 2473 1123 preprie
2528 1052 2809 1121 amiceque
2857 1051 3225 1106 consentiant.
3258 1050 3369 1108 Nos
3410 1061 3589 1109 autem

2026 1145 2267 1198 membra
2292 1159 2505 1209 sumus,
2541 1143 2632 1213 qui
2662 1145 2715 1197 in
2742 1141 2947 1198 Christi
2981 1157 3181 1211 corpus
3208 1144 3586 1200 coalescimus.

2026 1234 2207 1302 Quare
2255 1237 2303 1291 si
2351 1237 2477 1306 quis
2530 1236 2829 1291 membrum
2875 1235 3083 1291 Christi
3133 1236 3350 1299 tollens,
3395 1236 3592 1292 elliciat

2028 1326 2332 1381 membrum
2374 1328 2678 1383 meretricis
2700 1327 2765 1391 ‘9,
2802 1327 2891 1380 hic
2917 1325 3123 1382 rabiem
3155 1325 3416 1396 improbae
3443 1327 3590 1382 illius

2026 1418 2269 1473 libidinis
2330 1425 2589 1487 tanquam
2635 1417 2874 1487 gladium
2924 1417 3234 1487 arripiens,
3294 1432 3392 1487 per
3450 1418 3591 1472 hanc

2026 1524 2248 1578 pravam
2285 1509 2750 1579 perturbationem
2782 1509 3085 1563 membrum
3117 1523 3346 1578 prorsus
3372 1508 3591 1564 abscin-

2026 1600 2104 1653 dit
2145 1615 2176 1653 a
2211 1601 2407 1670 capite.
2454 1599 2547 1653 Sic
2586 1600 2711 1654 item
2743 1600 2949 1669 reliqua
2983 1601 3200 1655 malitia:
3228 1600 3591 1657 instrumenta

2024 1699 2152 1747 sunt
2194 1692 2357 1747 veluti
2406 1691 2589 1763 gladii,
2625 1692 2822 1761 quibus
2866 1693 3106 1747 membra
3150 1706 3181 1745 a
3214 1693 3435 1762 proprio
3470 1707 3591 1748 cor-

2024 1800 2155 1855 pore
2196 1790 2567 1854 amputantur,
2607 1793 2660 1839 et
2693 1785 2878 1838 omnia
2925 1785 3285 1856 sejunguntur
3329 1800 3360 1839 a
3390 1787 3585 1854 capite,

2024 1890 2255 1945 quorum
2287 1874 2581 1929 sectionem
2612 1874 3048 1943 perturbationes
3085 1873 3346 1930 efﬁciunt.
3380 1873 3449 1928 Ut
3486 1875 3585 1945 igi-

2024 1973 2112 2017 tur
2142 1971 2316 2016 totum
2356 1977 2559 2033 corpus
2602 1962 2657 2016 in
2702 1946 2936 2016 naturali
2976 1962 3216 2018 amicitia
3245 1978 3370 2018 cum
3404 1963 3584 2034 capite

2021 2060 2357 2124 permaneat,
2385 2068 2600 2123 aequum
2625 2062 2707 2109 est
2744 2063 2803 2108 ut
2830 2065 3016 2107 mutua
3044 2054 3339 2109 concordia
3367 2055 3582 2125 singula

2018 2146 2148 2200 item
2183 2145 2422 2199 membra
2465 2146 2606 2200 inter
2651 2160 2709 2200 se
2752 2145 3173 2215 coniungantur.
3216 2144 3581 2212 Quamobrem

2017 2251 2142 2291 eum
2190 2238 2364 2305 ipsum
2414 2246 2578 2307 caput
2630 2253 2737 2291 non
2787 2237 2949 2291 modo
3014 2251 3210 2306 purum
3240 2277 3255 2303 ,
3306 2236 3578 2307 integrum

2014 2336 2334 2398 castumque
2380 2331 2492 2392 sit,
2537 2330 2631 2384 sed
2687 2330 2801 2399 ipsa
2849 2331 3087 2399 quodam
3138 2329 3300 2385 modo
3347 2331 3577 2400 puritas,

2016 2418 2297 2488 integritas
2346 2428 2400 2474 et
2439 2421 2665 2476 castitas
2710 2422 3075 2487 existimetur,
3119 2436 3243 2491 quae
3273 2422 3374 2477 sub
3431 2422 3582 2491 ejus-

2013 2514 2159 2566 modi
2201 2522 2367 2582 caput
2417 2514 2658 2568 membra
2710 2524 3078 2581 concurrunt;
3127 2515 3208 2569 ea
3257 2514 3382 2569 item
3420 2529 3579 2584 pura,

2014 2606 2328 2675 incorrupta
2381 2614 2642 2675 castaque
2691 2606 2800 2661 sint
2846 2613 3274 2660 consentaneum
3323 2616 3428 2662 est.
3474 2604 3581 2660 De-

2013 2697 2178 2764 nique
2222 2693 2487 2765 quidquid
2541 2695 2611 2749 de
2663 2696 2840 2766 capite
2886 2696 3211 2767 cogitamus,
3268 2704 3328 2750 ut
3365 2709 3577 2765 pacem,

2013 2786 2457 2852 sanctimoniam,
2495 2785 2806 2848 veritatem,
2853 2794 2909 2840 et
2951 2787 3055 2839 alia
3098 2787 3282 2839 omnia
3330 2784 3577 2854 ejusdem

2014 2879 2249 2949 generis,
2305 2879 2362 2931 in
2418 2877 2678 2932 membris
2715 2892 2934 2947 quoque
2990 2875 3379 2946 conspicienda
3425 2884 3577 2931 sunt.

2013 2970 2116 3025 Per
2149 2970 2344 3025 Filium
2378 2971 2523 3026 enim
2572 2969 2686 3024 haec
2717 2978 2771 3025 et
2796 2969 2923 3023 talia
2974 2968 3029 3023 in
3067 2969 3324 3025 membris
3354 2969 3581 3024 demon-

2013 3070 2279 3125 strantur,
2312 3061 2458 3129 quod
2504 3066 2573 3117 ea
2600 3060 2835 3115 naturali
2871 3060 3281 3116 necessitudine
3325 3074 3449 3114 cum
3492 3074 3581 3114 ca-

2010 3155 2122 3222 pite
2150 3153 2425 3207 cohaerere
2472 3153 2544 3207 sit
2594 3151 2911 3207 testimonio
2959 3151 3418 3222 comprobatum:
3452 3164 3577 3204 cum

2011 3246 2092 3301 sic
2145 3245 2441 3315 Apostolus
2484 3244 2707 3306 dixerit,
2756 3243 3038 3300 Christum
3093 3258 3216 3300 esse
3270 3253 3454 3312 caput,
3507 3256 3577 3296 ex

2010 3352 2119 3406 quo
2170 3344 2344 3391 totum
2397 3351 2597 3406 corpus
2650 3342 2993 3406 compactum
3032 3342 3086 3388 et
3132 3348 3437 3389 connexum
3479 3346 3578 3403 per

2010 3445 2227 3484 omnem
2253 3429 2571 3498 juncturam
2604 3426 2904 3483 secundum
2929 3425 3302 3494 operationem
3335 3423 3390 3477 in
3422 3437 3575 3477 men-

2008 3535 2191 3574 suram
2219 3520 2653 3587 uniuscujusque
2681 3518 2908 3571 membri
2948 3525 3295 3585 augmentum
3324 3513 3574 3582 corporis

2009 3612 2137 3666 facit
2158 3612 2223 3665 ⁸ο.
2291 3611 2421 3663 Illud
2479 3619 2739 3677 praeterea
2808 3622 2874 3660 ex
2926 3606 3031 3660 hoc
3083 3604 3277 3675 capitis
3349 3604 3573 3657 nomine

2007 3704 2217 3758 discere
2247 3700 2540 3754 debemus:
2566 3697 3020 3767 quemadmodum
3052 3697 3105 3749 in
3136 3693 3464 3749 animalibus
3502 3709 3571 3749 ex

2006 3794 2183 3863 capite
2212 3791 2461 3860 provenit
2500 3789 2715 3860 corpori
2746 3787 2812 3843 ad
2854 3787 3125 3858 agendum
3155 3786 3376 3841 occasio
3407 3792 3572 3855 atque

2007 3880 2277 3941 incitatio,
2328 3877 2597 3949 siquidem
2646 3885 2700 3931 et
2747 3876 2947 3948 pedum
2988 3884 3042 3932 et
3092 3890 3353 3930 manuum
3388 3883 3571 3929 motus

2004 3982 2167 4042 atque
2195 3985 2361 4041 opera
2393 3969 2578 4023 omnia
2621 3970 2905 4024 oculorum
2936 3978 2989 4022 et
3032 3970 3247 4021 aurium
3281 3981 3385 4037 ope
3430 3966 3571 4021 diri-

2004 4071 2207 4134 guntur
2232 4080 2245 4128 ;
2275 4061 2477 4116 etenim
2507 4060 2611 4114 nisi
2644 4059 2791 4114 oculi
2821 4059 3045 4128 praesint
3068 4059 3357 4129 satagenti,
3384 4065 3439 4113 et
3472 4073 3571 4112 au-

2002 4155 2082 4211 ris
2122 4154 2409 4222 imperium
2444 4151 2700 4220 excipiat,
2735 4149 2869 4204 nihil
2904 4164 3096 4204 eorum
3143 4164 3263 4219 quae
3287 4150 3568 4219 proposita

2005 4253 2135 4298 sunt
2167 4250 2316 4296 recte
2347 4240 2462 4295 fieri
2503 4247 2684 4308 potest
2713 4255 2726 4291 :
2760 4239 2844 4293 sic
2872 4254 2934 4293 ex
2967 4238 3081 4293 veri
3107 4239 3307 4308 capitis
3345 4244 3570 4292 sentcn-

320 4332 463 4402 πρὸς
501 4332 686 4385 πᾶσαν
713 4326 888 4403 ὁρμὴν
914 4332 1005 4385 καὶ
1042 4331 1342 4402 ἐνέργειαν,
1374 4333 1617 4402 ὅπουπερ
1640 4335 1667 4387 ὁ
1694 4334 1902 4398 πλάσας

2012 4336 2079 4388 tia
2116 4347 2315 4402 corpus
2347 4332 2401 4385 in
2444 4332 2607 4385 rebus
2633 4330 2890 4385 omnibus
2932 4327 3092 4385 modo
3125 4327 3193 4382 ad
3229 4328 3355 4389 hoc,
3405 4326 3569 4381 modo

318 4424 413 4478 τὸν
458 4423 756 4495 ὀφθαλμὸν,
805 4423 838 4495 ἥ
885 4424 913 4475 ὁ
960 4423 1226 4493 φυτεύσας
1267 4423 1327 4476 τὸ
1370 4421 1462 4488 οῦς
1505 4424 1894 4495 καθηγήσεται.

333 4512 487 4565 Ἐπεὶ
522 4507 618 4566 οὖν
649 4513 684 4581 ἡ
712 4510 919 4582 κεφαλὴ
948 4511 1014 4565 τὰ
1053 4511 1164 4565 ἀνω
1188 4511 1393 4582 βλέπει,
1432 4515 1527 4567 καὶ
1556 4514 1622 4567 τὰ
1654 4514 1787 4586 μέλη
1818 4516 1900 4569 δεῖ

316 4604 559 4669 πάντως,
583 4601 653 4656 τά
686 4602 1081 4673 ὑφηρμοσμένα
1105 4606 1168 4674 τῇ
1200 4604 1426 4675 κεφαλῇ,
1450 4604 1673 4659 ἕπεσθαι
1702 4610 1768 4678 τῇ
1796 4607 1896 4677 τῆς

317 4695 564 4766 κεφαλῆς
589 4694 803 4764 ὁδηγίᾳ,
849 4694 943 4747 καὶ
971 4695 1106 4765 πρὸς
1143 4696 1211 4749 τὰ
1252 4695 1364 4749 ἄνω
1396 4696 1495 4766 τὴν
1527 4698 1698 4770 ῥοπὴν
1729 4698 1891 4768 ἔχειν.

320 4788 491 4840 ὀταν
523 4785 583 4838 δὲ
611 4784 955 4855 πρωτότοκον
985 4785 1082 4855 τῆς
1120 4786 1349 4849 κτίσεως
1373 4782 1513 4841 εἶναι
1541 4787 1701 4841 αὐτὸν
1728 4788 1894 4842 ἀκού·

320 4893 527 4946 σωμεν,
563 4876 661 4930 καὶ
690 4875 1029 4945 πρωτότοκον
1059 4879 1122 4929 ὲκ
1163 4877 1392 4948 νεκρῶν,
1421 4878 1515 4931 καὶ
1554 4879 1896 4949 πρωτότοκον

314 4969 379 5020 ὲν
404 4967 623 5031 πολλοῖς
651 4966 919 5034 ἀδελφοῖς,
955 4967 1168 5037 πρῶτον
1211 4968 1307 5037 μὲν
1332 4969 1429 5033 τὰς
1453 4970 1732 5039 αἱρετικὰς
1762 4971 1894 5024 ὑπο-

314 5058 506 5128 λήψεις
528 5057 1008 5128 ἀποπεμπώμεθα,
1044 5059 1119 5122 ὡς
1149 5059 1403 5131 οὐδεμίαν
1439 5062 1765 5133 συνηγορίαν
1797 5063 1895 5132 τῆς

312 5151 560 5220 πονηρᾶς
586 5148 770 5202 αὐτῶν
809 5149 1226 5218 δογματοποιίας
1262 5152 1327 5204 ὲκ
1368 5151 1475 5205 τῶν
1516 5155 1888 5223 προκειμένων

313 5241 578 5310 ῥημάτων
615 5240 867 5310 ἐχούσας.
902 5242 1054 5296 Μετὰ
1083 5242 1251 5295 ταῦτα
1288 5243 1344 5296 δὲ
1375 5244 1466 5296 καὶ
1502 5244 1571 5297 τὰ
1617 5245 1752 5315 πρὸς
1797 5245 1888 5299 τὸν

308 5330 501 5401 ἠθικὸν
525 5331 641 5402 βίον
667 5331 759 5387 διὰ
784 5331 988 5386 τούτων
1014 5334 1143 5404 ἡμῖν
1169 5334 1516 5388 συντελοῦντα
1545 5338 1886 5406 κατανοήσω-

310 5438 434 5493 μεν.
475 5422 696 5495 Ἐπειδὴ
731 5422 840 5494 γὰρ
867 5422 958 5477 τὸν
986 5423 1264 5495 Μονογενῆ
1293 5423 1423 5480 Θεὸν
1447 5426 1536 5479 τὸν
1564 5425 1656 5499 τοῦ
1685 5426 1885 5488 παντὸς

2003 4427 2069 4480 ad
2114 4425 2247 4479 illud
2283 4422 2551 4493 agendum
2603 4422 2764 4493 dirigi
2819 4429 2872 4476 et
2913 4420 3120 4475 moveri
3169 4425 3406 4489 Oportet,
3437 4430 3570 4487 quo-

2002 4534 2218 4588 cunque
2246 4518 2337 4571 ille
2364 4516 2455 4586 qui
2486 4514 2639 4569 ﬁnxit
2668 4515 2891 4568 oculum
2918 4522 2972 4567 et
3001 4510 3266 4582 plantavit
3288 4524 3474 4563 aurem
3492 4508 3562 4572 ⁸³,

2000 4611 2182 4667 ducet.
2215 4610 2445 4677 Quando
2485 4609 2649 4678 igitur
2678 4612 2842 4677 caput
2870 4619 2991 4675 quae
3024 4618 3189 4673 supra
3227 4609 3356 4657 sunt
3399 4601 3564 4670 respi-

2000 4704 2095 4765 cit,
2148 4717 2286 4771 opus
2338 4708 2423 4756 est
2486 4707 2546 4753 ut
2581 4714 2702 4768 quae
2747 4697 2913 4767 capiti
2962 4705 3087 4766 apte
3146 4694 3390 4749 subnexa
3434 4698 3565 4746 sunt

1998 4792 2263 4857 membra,
2296 4790 2471 4859 ipsius
2497 4789 2693 4858 capitis
2716 4790 2937 4844 ductum
2968 4791 3286 4855 sequantur,
3315 4790 3368 4837 et
3396 4782 3462 4838 ad
3498 4797 3561 4837 ea

1995 4899 2116 4953 qua:
2166 4898 2332 4952 supra
2388 4888 2516 4936 sunt
2567 4879 2805 4934 tendant.
2872 4878 3070 4933 Verum
3123 4875 3379 4944 quoniam
3434 4889 3559 4930 eum

1994 4990 2117 5030 esse
2155 4971 2576 5042 primogenitum
2605 4979 2876 5025 creaturae
2904 4969 3167 5024 discimus
3191 4967 3236 4998 ⁸²
3266 4975 3320 5022 et
3354 4966 3561 5037 primo-

1998 5065 2238 5135 genitum
2275 5078 2338 5116 ex
2373 5062 2604 5116 mortuis
2623 5062 2691 5126 ³³,
2738 5071 2791 5116 et
2819 5060 3242 5130 primogenitum
3286 5058 3338 5111 in
3370 5056 3562 5110 multis

2001 5151 2350 5215 fratribus“,
2402 5152 2637 5220 primum
2674 5151 2890 5222 quidem
2938 5151 3222 5204 hzeretieas
3270 5146 3558 5217 opiniones

1992 5244 2316 5305 refutemus,
2348 5251 2536 5312 utpote
2571 5258 2692 5311 quae
2726 5242 2934 5297 nullum
2960 5257 3021 5295 ex
3054 5240 3345 5311 propositis
3376 5236 3556 5292 verbis

1996 5351 2163 5407 pravo
2214 5349 2314 5391 suo
2354 5334 2589 5405 dogmati
2621 5348 2865 5404 quzerere
2898 5332 3256 5402 patrocinium
3306 5331 3553 5402 possint;

1992 5427 2185 5483 deinde
2226 5440 2352 5483 vero
2397 5442 2517 5497 qua:
2548 5425 2706 5480 nobis
2748 5423 2817 5479 ad
2856 5424 3021 5478 vitam
3053 5429 3108 5479 et
3144 5438 3325 5479 mores
3357 5438 3425 5477 ex
3467 5421 3561 5475 his

381 5596 620 5659 "lCor.
657 5617 734 5667 γι,
766 5599 851 5655 15.
926 5598 1194 5672 “Epiros.
1237 5616 1307 5668 ιν,
1354 5600 1437 5658 l6.
1513 5604 1553 5636 ’⁵³
1581 5604 1723 5658 Psal.
1752 5619 1903 5666 xcru,

2060 5604 2340 5661 “Coloss.
2376 5620 2413 5668 1,
2448 5604 2527 5659 l5.
2607 5602 2652 5636 "
2680 5602 2807 5659 ibid.
2850 5604 2931 5658 l8.
3009 5602 3055 5635 ⁸⁵
3080 5601 3237 5657 flori].
3280 5619 3394 5665 vui,
3426 5599 3516 5654 29.
