4034 6132
435 207 539 265 ΩἹΕ

1661 203 1721 262 S.
1761 204 2088 262 GHEGORII
2120 204 2411 263 NYSSENI

3569 214 3675 270 276

435 327 752 384 conducunt
789 327 1220 382 consideremus.
1246 324 1444 380 Hostes
1474 324 1639 396 igitur
1670 326 1762 382 Dei
1789 329 1835 382 si
1876 329 1998 382 uni-

2100 329 2449 402 δημιουργόν,
2476 329 2567 383 τὸν
2594 330 2655 395 ἐξ
2681 322 2764 397 οὗ,
2795 330 2886 386 καὶ
2911 331 2979 387 δι’
2999 322 3084 397 οῦ,
3112 334 3203 387 καὶ
3231 334 3288 388 ὲν
3315 326 3360 402 ᾧ
3386 335 3454 389 τά
3474 337 3673 403 πάντα,

439 421 681 489 genitum
716 419 918 481 Deum,
951 416 1191 470 universi
1222 416 1555 479 effectorem,
1596 431 1659 470 ex
1683 432 1793 486 quo
1820 426 1874 472 et
1906 432 2002 487 per

442 528 602 581 quem
652 519 706 565 et
759 509 814 563 in
866 522 976 577 quo
1005 506 1191 561 omnia
1212 507 1281 573 ⁵⁸,
1310 506 1515 561 factum
1563 522 1686 562 esse
1719 507 1911 562 dicunt
1946 515 2003 562 et

437 613 683 660 creatum
718 616 748 655 a
789 600 917 666 Deo,
950 599 1179 669 ideoque
1214 606 1274 653 ut
1303 607 1572 654 creaturae
1611 599 1835 654 fratrem
1891 599 1999 654 dici

437 700 707 750 creatura:
763 692 1183 762 primogenitum
1237 698 1514 757 asserunt,
1565 707 1689 746 cum
1739 691 2001 761 temporis

434 788 560 855 jure
607 783 987 838 tantummodo
1038 783 1332 853 praecellat,
1388 784 1845 854 quemadmodum
1892 784 2003 837 llu-

437 877 539 929 bcn
571 890 678 928 non
711 883 936 937 natura,
967 872 1064 929 sed
1093 875 1349 944 temporis
1380 874 1735 943 praerogativa
1765 874 2000 944 propriis

434 965 698 1020 fratribus
725 965 1171 1034 praeponebatur:
1199 965 1329 1018 illud
1355 965 1622 1035 imprimis
1648 974 1841 1019 contra
1865 966 1999 1020 istos

434 1054 721 1109 dicendum
757 1063 860 1118 est,
894 1053 1142 1110 eutndem
1173 1069 1282 1109 non
1310 1069 1471 1125 posse
1495 1063 1550 1109 et
1580 1055 1920 1124 unigenitum
1944 1063 1998 1109 et

434 1146 852 1216 primogenitum
883 1145 1032 1200 credi
1059 1162 1074 1198 :
1121 1154 1215 1199 aut
1242 1147 1385 1200 enim
1416 1146 1726 1217 unigenitus
1769 1153 1873 1210 est,
1903 1155 1997 1200 aut

433 1250 501 1290 ex
542 1235 807 1291 fratribus
856 1235 1252 1305 primogenitus
1280 1253 1295 1290 :
1328 1235 1373 1290 si
1424 1235 1761 1306 unigenitus,
1798 1235 1997 1291 fratres

433 1341 545 1381 non
577 1326 772 1391 habet;
824 1325 908 1382 sin
944 1325 1175 1379 fratrum
1224 1327 1640 1397 primogenitus,
1684 1326 2000 1398 unigenitus

433 1433 613 1488 neque
636 1433 780 1482 esse,
811 1431 991 1486 neque
1021 1415 1127 1471 dici
1160 1423 1343 1486 potest
1374 1417 1619 1472 omnino.

504 1510 685 1574 Quare
704 1522 829 1563 cum
846 1507 972 1562 haec
1004 1509 1226 1562 nomina
1255 1508 1310 1562 in
1338 1507 1527 1563 eodem
1553 1508 1849 1566 convenire
1871 1524 2001 1564 eon-

429 1601 699 1672 jungique
738 1602 1049 1671 nequeant,l
1077 1598 1220 1670 quod
1255 1599 1371 1654 fieri
1413 1616 1522 1654 non
1553 1582 1727 1672 possit
1756 1610 1817 1656 ut
1853 1602 1996 1656 idem

432 1701 487 1748 et
518 1692 827 1763 unigenitus
860 1699 915 1745 et
947 1691 1340 1761 primogenitus
1373 1692 1706 1756 nominetur,
1737 1692 1792 1745 in
1849 1692 2000 1746 Scri-

434 1793 597 1854 ptura
627 1791 809 1839 autem
842 1784 909 1839 de
944 1780 1125 1838 Verbo
1155 1783 1268 1850 illo,
1297 1780 1443 1852 quod
1477 1791 1596 1836 erat
1626 1782 1679 1836 in
1705 1782 1997 1852 principio,

435 1877 671 1940 dicatur,
704 1874 1016 1947 unigenitus
1050 1872 1217 1937 Deus,
1243 1882 1298 1929 et
1341 1889 1540 1930 rursus
1570 1873 1712 1944 apud
1746 1873 1996 1940 Paulum,

437 1967 840 2039 Primogenitus
868 1967 1049 2021 omnis
1076 1973 1343 2020 creaturae
1367 1983 1380 2018 :
1401 1964 1645 2019 veritatis
1670 1964 1881 2036 judicio
1918 1965 2000 2020 sic

436 2066 653 2131 oportet
686 2057 803 2112 haec
845 2055 1067 2111 nomina
1099 2069 1360 2124 separare
1402 2061 1456 2109 et
1501 2054 1841 2126 distinguere
1876 2053 2001 2108 dili-

433 2160 644 2223 genter,
698 2157 760 2205 ut
818 2146 1169 2219 Unigenitutn
1220 2146 1593 2216 intelligamus
1634 2147 1688 2201 id
1734 2144 1997 2213 Verbum,

435 2241 582 2312 quod
612 2250 697 2298 est
731 2248 860 2295 ante
910 2239 1141 2306 saecula;
1172 2237 1352 2293 omnis
1399 2244 1579 2292 autem
1625 2245 1895 2292 creaturae
1943 2238 1996 2291 in

441 2333 663 2388 Christo
705 2330 883 2394 fat-tae,
931 2328 1172 2384 Verbum
1216 2342 1434 2382 carnem
1480 2325 1681 2381 factum
1731 2342 1853 2381 esse
1882 2325 2001 2381 Pri-

436 2422 796 2491 mogenitum.
830 2419 1059 2486 Quodsi,
1089 2432 1198 2488 quo
1237 2416 1398 2471 modo
1444 2417 1535 2472 ille
1569 2424 1625 2470 et
1671 2415 1999 2485 primogeni-

431 2522 523 2571 tus
551 2528 616 2568 ex
644 2510 897 2572 mortuis,
921 2518 976 2565 et
1001 2507 1392 2580 primogenitus
1431 2506 1486 2559 in
1521 2507 1709 2561 multis
1739 2506 2000 2562 fratribus

436 2606 799 2676 intelligatur,
843 2602 1223 2666 didicerimus,
1285 2600 1448 2657 simul
1494 2599 1666 2653 etiam
1700 2613 1810 2669 quo
1837 2598 2000 2653 modo

432 2698 507 2751 sit
541 2703 810 2751 creaturae
843 2693 1262 2763 primogenitus,
1309 2703 1723 2762 cognoscemus.
1764 2687 1862 2742 Est
1900 2689 2002 2759 igi-

434 2797 523 2841 tur
575 2800 642 2840 ex
694 2783 931 2839 mortuis
971 2783 1367 2852 primogenitus
1424 2787 1520 2834 aut
1568 2778 1830 2850 primitiaa
1874 2779 2001 2833 dor-‘

433 2876 717 2931 mientium
742 2875 791 2906 ⁸⁸
818 2872 1018 2937 factus,
1062 2881 1123 2927 ut
1155 2873 1303 2926 omni
1337 2873 1489 2926 carni
1526 2870 1594 2924 ad
1637 2871 1997 2926 resurrectio-

2103 422 2262 493 ἔργον
2306 419 2444 477 εῖναι
2485 422 2579 476 τοῦ
2612 421 2770 487 Θεοῦ,
2803 425 2896 477 καὶ
2929 424 3155 495 κτίσμα,
3190 426 3284 479 καὶ
3326 428 3556 499 ποίημα,
3588 430 3680 481 λέ-

2103 529 2287 579 γουσιν
2314 515 2362 566 οί
2389 513 2664 584 θεομάχοι,
2700 515 2792 567 κτιιῖ¹
2814 513 2899 567 διὰ
2933 515 3088 568 τοῦτο
3114 515 3294 586 πάσης
3318 519 3417 587 τῆς
3441 519 3674 583 κτίσεως

2104 605 2444 676 πρωτότοκον
2494 606 2653 658 αὐτὸν
2710 605 3003 674 λέγεσθαι,
3071 606 3389 678 διορίζονται
3414 624 3428 639 ⁸
3489 609 3544 680 ἢ,
3596 610 3675 673 ὠς

2101 696 2326 765 ἀδελφὸν
2371 697 2498 749 ὄντα
2524 698 2622 766 τῆς
2652 697 2902 762 κτίσεως,
2949 698 3131 768 μόνοις
3170 702 3283 762 τοῖς
3335 698 3429 752 τοῦ
3477 700 3675 770 χρόνου

2103 787 2410 858 πρεσϐείοις
2433 789 2593 842 αὐτὸν
2620 789 3036 860 προτερεύοντα,
3065 789 3140 848 ὡς
3172 789 3261 842 τὸν
3304 789 3534 859 Ῥουϐὶμ
3560 791 3673 843 τῶν

2106 877 2248 929 ἰδίων
2283 877 2547 946 ἀδελφῶν,
2577 879 2637 931 οὐ
2674 878 2830 946 φύσει
2859 864 3296 949 προτεταγμένον
3317 918 3333 943 ,
3380 878 3515 931 ἀλλά
3560 880 3676 942 τοῖς

2102 970 2167 1021 ἐκ
2211 969 2402 1039 χρόνου
2460 969 2770 1041 πρεσϐείοις
2829 968 3254 1039 προτερεύοντα⁶
3308 968 3522 1040 πρῶτον
3574 969 3675 1038 μὲν

2102 1061 2257 1116 τοῦτο
2308 1063 2442 1134 πρὸς
2472 1062 2712 1125 ἐκείνους
2744 1062 2953 1133 ῥητέον,
3003 1061 3085 1114 ὅτι
3114 1060 3216 1113 οὐκ
3245 1059 3361 1113 ἐστι
3390 1059 3478 1114 τὸν
3508 1059 3673 1112 αὐτὸν

2101 1154 2196 1207 καὶ
2228 1152 2488 1222 μονογενῆ
2513 1153 2607 1205 καὶ
2634 1151 2973 1223 πρωτότοκον
3002 1148 3372 1203 πιστεύεσθαι.
3405 1149 3539 1204 Οὐτε
3563 1150 3675 1222 γὰρ

2099 1244 2128 1295 ό
2174 1240 2466 1312 μονογενὴς
2533 1240 2669 1311 μετά
2725 1240 2966 1309 ἀδελφῶν
3018 1241 3258 1292 νοεῖται·
3318 1237 3442 1291 οὐτε
3500 1239 3674 1308 χωρὶς

2099 1333 2341 1402 ἀδελφῶν
2365 1335 2393 1386 ό
2415 1333 2773 1405 πρωτότοκος,
2801 1331 3090 1402 μονογενὴς
3117 1330 3330 1393 πάντως
3353 1328 3475 1382 οὐτε
3500 1328 3674 1398 ἐστιν,

2101 1420 2223 1475 οὐτε
2255 1422 2491 1491 λέγεται.

2170 1513 2378 1568 Οὐκοῦν
2404 1513 2504 1566 ἀσύ
2514 1512 2695 1583 μϐατά
2718 1513 2833 1565 ἐστι
2859 1513 2950 1565 καὶ
2974 1510 3313 1580 ἀκοινώνητα
3341 1507 3512 1562 ταῦτα
3533 1507 3677 1579 πρὸς

2100 1603 2303 1676 ἄλληλα
2332 1604 2424 1657 ἐπὶ
2454 1603 2549 1657 τοῦ
2579 1603 2744 1656 αὐτοῦ
2777 1603 2846 1657 τά
2881 1604 3148 1673 νοήματα,
3195 1601 3270 1663 ὡς
3304 1598 3559 1653 ἀδύνατον
3589 1592 3675 1651 εἷ-

2100 1712 2209 1763 ναι,
2240 1695 2309 1748 τὰ
2330 1695 2423 1747 δύο
2449 1695 2541 1747 τὸν
2570 1694 2731 1748 αὐτὸν
2761 1692 3140 1764 ὀνομάζεσθαι,
3169 1692 3260 1744 καὶ
3287 1689 3547 1760 μονογενῆ
3577 1689 3677 1743 καὶ

2102 1786 2465 1858 πρωτότοκον.
2501 1785 2660 1838 Ἀλλά
2711 1785 2816 1856 μὴν
2864 1784 3074 1854 εἴρηται
3119 1781 3269 1853 παρά
3303 1781 3403 1851 τῆς
3444 1779 3675 1851 Γραφῆς

2099 1877 2228 1948 περὶ
2281 1875 2373 1930 τοῦ
2431 1876 2489 1930 ὲν
2538 1876 2680 1948 ἀρχῇ
2730 1876 2881 1939 ὄντος
2912 1874 3108 1942 Λόγου,
3155 1874 3237 1926 ὅτι
3285 1872 3314 1924 ὁ
3364 1869 3676 1941 Μονογενὴς

2099 1966 2249 2031 Θεὸς,
2280 1966 2625 2039 Πρωτότοκος
2649 1969 2827 2035 πάσης
2844 1965 3101 2028 κτίσεως.
3124 1961 3333 2018 Οὐκοῦν
3359 1961 3679 2033 ὲπιμερῐσαι

2068 2092 2071 2093 ν
2100 2061 2365 2130 προσήκει
2409 2057 2488 2129 τῷ
2518 2057 2799 2128 μυστηρίῳ
2827 2057 2926 2128 τῆς
2957 2053 3233 2126 ἀληθείας,
3266 2052 3521 2123 ἑκάτερον
3544 2050 3677 2103 τού-

2098 2168 2206 2204 των
2237 2151 2345 2205 τῶν
2376 2150 2652 2222 ὀνομάτων
2678 2148 2912 2213 εὐσεϐῶς
2942 2148 3309 2201 διαστείλαντα
3327 2161 3341 2176 ⁸
3385 2145 3525 2198 ὥστε
3554 2145 3678 2198 Mo-

2098 2242 2291 2312 νογενῆ
2324 2242 2420 2312 μὲν
2449 2239 2584 2295 εἶναι
2615 2241 2707 2293 τὸν
2736 2238 3056 2312 προαιώνιον
3084 2237 3276 2306 Λόγον,
3305 2236 3404 2306 τῆς
3431 2235 3490 2288 δὲ
3533 2233 3678 2305 μετὰ

2097 2333 2272 2388 ταῦτα
2297 2335 2353 2386 ὲν
2380 2331 2459 2403 τῷ
2485 2330 2705 2403 Χριστῷ
2737 2329 3034 2400 γενομένης
3072 2328 3302 2390 κτίσεως
3333 2324 3674 2396 πρωτότοκον

2100 2421 2352 2493 γενέσθαι
2382 2421 2473 2473 τὸν
2509 2420 2700 2489 Λόγον,
2737 2419 2913 2490 σάρκα
2942 2415 3250 2488 γενόμενον.
3296 2415 3403 2469 Καὶ
3432 2415 3569 2482 ὅπερ
3602 2411 3676 2466 ἂν

2100 2516 2233 2585 ἡμῖν
2257 2512 2543 2583 ἐγγένηται
2572 2512 2770 2581 νόημα,
2801 2509 3141 2580 πρωτότοκον
3175 2507 3337 2562 αὐτὸν
3364 2509 3428 2559 ὲκ
3458 2502 3677 2576 νεκρῶν

2099 2602 2239 2660 εἶναι
2270 2604 2550 2676 μαθόντες,
2579 2605 2674 2658 καὶ
2705 2601 3044 2674 πρωτότοκον
3068 2601 3125 2654 ὲν
3148 2599 3360 2661 πολλοῖς
3388 2597 3633 2665 ἀδελφοῖς
3659 2613 3673 2627 ·

2100 2700 2272 2752 έκεῖνο
2295 2698 2388 2751 καὶ
2417 2699 2509 2750 ἐπὶ
2526 2696 2603 2766 τῷ
2628 2694 2954 2765 πρωτοτόκῳ
2980 2691 3079 2761 τῆς
3110 2690 3338 2753 κτίσεως
3366 2686 3680 2772 ἀκολούθως

2098 2790 2380 2863 νοήσομεν.
2409 2787 2614 2840 Οὐκοῦν
2636 2788 2699 2839 ἐκ
2722 2783 2929 2856 νεκρῶν
2956 2782 3053 2853 μὲν
3079 2781 3417 2852 πρωτότοκος
3439 2778 3677 2846 γίνεται,

2099 2885 2127 2936 ὁ
2159 2881 2378 2952 ἀπαρχὴ
2406 2881 2513 2934 τῶν
2544 2877 2953 2949 κεκοιμημένων
2978 2875 3284 2945 γενόμενος,
3311 2872 3400 2926 ἵνα
3430 2871 3682 2943 ὁδοποιή-

432 2979 557 3019 netn
591 2963 694 3019 iter
726 2963 963 3032 aperiret
984 2962 1053 3017 ⁸⁷.
1083 2962 1330 3031 Cumque
1362 2977 1486 3024 nos,
1518 2962 1610 3032 qui
1653 2971 1848 3016 natura
1878 2976 1997 3017 era-

2102 2991 2169 3045 σῃ
2197 2975 2359 3039 σαρκὶ
2382 2974 2481 3043 τὴν
2510 2973 2823 3027 ἀνάστασιν.
2873 2970 2979 3025 Καὶ
3027 2968 3235 3042 μέλλων
3277 2969 3423 3040 ἡμᾶς
3453 2968 3538 3021 διὰ
3569 2968 3677 3037 τῆς

433 3069 556 3109 mus
596 3052 692 3108 filii
743 3053 859 3118 irae,
911 3052 1123 3108 cmlesti
1168 3053 1517 3121 generatione
1560 3067 1656 3123 per
1700 3068 1897 3122 aquam
1941 3063 1996 3108 et

434 3142 699 3214 Spiritum
733 3143 874 3198 filios
908 3142 1048 3197 lucis
1072 3149 1127 3196 et
1167 3141 1275 3197 diei
1307 3140 1446 3197 filios
1482 3150 1629 3197 esset
1678 3141 1993 3206 eﬁecturus,

432 3234 702 3306 ejusmodi
743 3233 1093 3305 generatione
1115 3233 1170 3287 in
1193 3230 1451 3287 Jordanis
1489 3230 1714 3288 flumine
1738 3233 1850 3287 dux
1882 3232 1999 3302 ipse

432 3326 733 3398 praecessit,
776 3336 835 3381 ut
868 3325 937 3379 ad
969 3332 1179 3380 naturae
1218 3334 1419 3379 nostra;
1457 3324 1725 3393 primitias
1759 3323 1998 3393 Spiritus

432 3418 662 3489 gratiam
714 3417 1038 3480 attraheret,
1089 3416 1143 3470 id
1186 3423 1272 3471 est
1322 3425 1381 3470 ut
1423 3430 1615 3471 omnes
1662 3430 1728 3471 ex
1767 3415 2000 3484 spiritali

431 3510 845 3583 regeneratione
883 3510 951 3565 ad
977 3509 1145 3565 vitam
1191 3516 1482 3580 generatos
1509 3508 1709 3564 fratres
1754 3509 1872 3578 ipse
1904 3523 1999 3579 per

430 3617 626 3671 aquam
669 3609 724 3657 et
771 3600 1037 3672 Spiritum
1088 3602 1435 3672 antegenitus
1482 3603 1866 3657 constitueret.
1914 3600 2001 3655 Ad

431 3693 683 3750 eumdem
736 3693 959 3748 modum
1022 3701 1289 3763 creaturae
1337 3693 1394 3747 in
1457 3692 1680 3750 Christo
1728 3700 2000 3764 generatae

429 3786 611 3852 ipsum
656 3783 1076 3853 primogenitum
1117 3784 1444 3852 cogitantes,
1492 3784 1560 3838 ab
1603 3785 1861 3854 opinione
1910 3785 2000 3855 pia

432 3876 657 3930 minime
696 3874 1108 3929 recesserimus.
1146 3872 1414 3939 Quoniam
1442 3875 1613 3945 igitur
1643 3883 1799 3930 vetus
1848 3890 2001 3930 crea-

433 3977 557 4020 tura
587 3965 826 4030 transiit,
857 3979 953 4033 per
974 3971 1258 4034 peccatum
1302 3963 1513 4021 inutilis
1537 3964 1771 4032 reddita,
1797 3981 2002 4022 neces-

432 4056 584 4112 sario
614 4065 737 4125 post
772 4057 1066 4111 transitum
1099 4072 1289 4112 eorum
1318 4072 1438 4128 qua:
1469 4058 1646 4114 deleta
1676 4068 1827 4123 sunt,
1876 4076 2001 4116 suc-

434 4147 604 4203 cessit
628 4162 770 4202 nova
794 4149 919 4203 vitae
943 4157 1217 4216 creatura,
1249 4166 1370 4220 quae
1403 4166 1499 4221 per
1528 4153 1996 4222 regenerationem

430 4250 486 4296 et
529 4243 990 4297 resurrectionem
1032 4258 1095 4297 ex
1146 4245 1377 4298 mortuis
1423 4247 1801 4312 constituitur,
1838 4249 1997 4314 cujus

2097 3064 2300 3118 ἀνωθεν
2341 3066 2663 3135 γεννήσεως,
2697 3063 2764 3116 δι’
2796 3052 2984 3125 ὓδατος
3012 3061 3106 3114 καὶ
3147 3058 3482 3129 Πνεύματος,
3523 3058 3679 3120 υἱοὺς

2096 3156 2308 3227 ἡμέρας
2336 3158 2426 3209 καὶ
2449 3157 2595 3218 υἱοὺς
2620 3155 2794 3225 φωτὸς
2814 3150 3237 3226 ἀπεργάζεσθαι,
3264 3152 3388 3214 τοὺς
3411 3149 3680 3221 πρότερον

2098 3248 2255 3310 ὄντας
2304 3247 2468 3300 τέκνα
2515 3246 2673 3311 φύσει
2720 3246 2926 3318 ὀργῆς,
2981 3246 3141 3309 αὐτὸς
3193 3244 3510 3315 καθηγεῖται
3572 3241 3678 3310 τῆς

2097 3338 2351 3408 τοιαῦτ-ῖς
2391 3339 2732 3410 γεννήσεως,
2787 3339 2844 3391 ὲν
2889 3337 2967 3406 τῷ
3018 3337 3216 3408 ῥείθρῳ
3248 3335 3340 3388 τοῦ
3384 3333 3673 3405 Ἰορδάνου,

2099 3431 2191 3484 ἐπὶ
2213 3429 2307 3502 τὴν
2329 3430 2580 3502 ἀπαρχὴν
2598 3430 2695 3501 τῆς
2717 3430 2928 3501 φύσεως
2946 3428 3232 3501 ἡμῶν,τὴν
3249 3426 3342 3481 τοῦ
3360 3424 3497 3480 ΙΙνεύ
3505 3440 3678 3496 ματος

2100 3523 2257 3593 χάριν
2301 3523 2758 3592 ἐπισπασάμενος.
2808 3522 2970 3574 Ὥστε
3028 3521 3235 3584 πάντας
3283 3519 3410 3581 τοὺς
3456 3519 3519 3570 ὲκ
3568 3515 3675 3585 τῆς

2101 3616 2470 3686 πνευματικῆς
2517 3615 2924 3684 άναγεννήσεως
2969 3614 3048 3676 εἰς
3090 3611 3235 3682 ζωὴν
3279 3607 3674 3679 γεννωμένους,

2100 3707 2363 3776 ἀδελφοὺς
2407 3707 2743 3779 χρηματίσαι
2793 3704 2886 3759 τοῦ
2938 3703 3392 3776 προγεννηθέντος
3438 3699 3525 3754 διὰ
3573 3699 3676 3753 τοῦ

2101 3798 2291 3862 ὕδατός
2319 3816 2377 3853 τε
2417 3800 2507 3852 καὶ
2546 3797 2878 3870 Πνεύματος.
2920 3796 3077 3851 Κατὰ
3122 3795 3214 3848 τὸν
3261 3794 3422 3848 αὐτὸν
3448 3791 3674 3862 τρόπον,

2101 3893 2195 3945 καὶ
2232 3892 2331 3967 τῆς
2377 3892 2433 3944 ὲν
2477 3890 2696 3962 Χριστῷ
2740 3889 3036 3960 γενομένης
3069 3887 3297 3950 κτίσεως
3330 3885 3677 3957 πρωτότοκον

2100 3984 2257 4038 αὐτὸν
2284 3981 2547 4045 νοοῦντες,
2573 3983 2673 4035 οὐκ
2705 3979 2809 4045 ἔξω
2835 3978 3095 4050 γινόμεθα
3120 3976 3220 4047 τῆς
3249 3972 3504 4038 εὐσεϐοῦς
3534 3974 3679 4027 ὑπο·-

2099 4074 2332 4145 λήψεως.
2396 4073 2611 4142 Ἐπειδὴ
2640 4072 2747 4143 γὰρ
2776 4073 2810 4141 ὴ
2842 4069 3040 4141 ἀρχαία
3076 4068 3252 4130 κτίσις
3295 4064 3541 4137 παρῆλθε
3582 4061 3678 4117 διὰ

2098 4166 2196 4237 τῆς
2223 4164 2498 4235 ἁμαρτίας
2525 4161 2903 4233 ἀχρειωθεῖσα,
2934 4158 3244 4229 ἀναγκαίως
3267 4157 3366 4227 τὴν
3388 4155 3496 4208 τῶν
3528 4155 3675 4223 ἀφα-

2098 4254 2387 4309 νισθέντων
2430 4253 2662 4326 πάροδον
2693 4251 2960 4316 διεδέξατο
2988 4251 3021 4320 ἠ
3052 4248 3212 4320 καινὴ
3237 4251 3336 4318 τῆς
3364 4246 3508 4315 ζωῆς
3549 4245 3675 4297 κτί-

431 4334 691 4405 princeps
732 4340 1036 4401 auctorque
1074 4333 1197 4388 vitae
1241 4335 1637 4404 primogenitus
1677 4347 1763 4392 est
1812 4349 1863 4392 et
1907 4355 1997 4410 ap-

2101 4363 2201 4410 σις,
2236 4344 2322 4399 διὰ
2365 4345 2467 4413 τῆς
2512 4340 2917 4414 ἀναγεννήσεως
2948 4342 3041 4394 καὶ
3081 4339 3178 4410 τῆς
3208 4340 3273 4391 ἐκ
3299 4335 3506 4407 νεκρῶν
3534 4335 3675 4387 ἀνα-

430 4426 685 4495 pellatur.
709 4424 886 4494 Atque
908 4426 1025 4479 haec
1053 4424 1271 4492 quidem
1302 4439 1474 4494 pauca
1510 4426 1776 4481 studiosis
1808 4428 1874 4481 ad
1906 4445 1995 4483 re-

430 4515 713 4586 pellendos
745 4514 1116 4575 adversarios,
1147 4527 1202 4567 et
1225 4512 1293 4566 ad
1335 4515 1767 4582 perspiciendam
1796 4517 1998 4570 verita-

429 4617 541 4664 tem
588 4608 722 4664 satis
751 4614 933 4662 erunt.
977 4605 1155 4672 Quare
1181 4605 1293 4674 jam
1333 4620 1497 4676 quam
1534 4606 1688 4660 utilia
1741 4607 1851 4663 sint
1887 4607 2000 4663 haec

429 4700 597 4756 verba
621 4700 688 4755 ad
718 4700 975 4755 virtutem
1010 4705 1066 4752 et
1095 4699 1286 4760 vitam,
1316 4697 1555 4753 breviter
1584 4713 1995 4768 percurramus.

432 4790 624 4848 Ruben
659 4802 849 4848 eorum
880 4793 971 4861 qui
1003 4799 1127 4862 post
1162 4806 1223 4847 se
1266 4793 1435 4863 geniti
1469 4798 1599 4847 sunt
1628 4790 1849 4859 fratres,
1894 4797 1997 4862 pri-

427 4882 737 4951 mogenitus
788 4881 891 4936 fuit
911 4881 957 4914 ⁸⁸
994 4900 1009 4936 :
1043 4881 1425 4951 cognationem
1470 4889 1671 4947 autem,
1724 4896 1832 4951 qua
1870 4897 1996 4936 cum

428 4972 551 5042 ipso
579 4973 862 5042 conjuncti
889 4979 1068 5036 erant,
1102 4973 1320 5042 signum
1351 4986 1571 5041 quoque
1596 4973 1649 5026 in
1674 4972 1755 5027 eis
1789 4973 2000 5042 perspi—

427 5078 593 5118 cuum
640 5064 1005 5135 primogenita
1047 5062 1227 5117 simile
1275 5063 1604 5127 testabatur,
1664 5071 1723 5117 ut
1756 5063 1997 5118 fraterna

428 5158 713 5226 sanguinis
754 5157 1069 5223 eonjunctio
1102 5155 1289 5211 formze
1321 5156 1682 5212 similitudine
1721 5156 1995 5213 declarata

431 5248 669 5317 ignorari
698 5264 808 5302 non
839 5257 1043 5318 posset.
1068 5248 1414 5318 Quapropter
1442 5249 1488 5304 si
1518 5263 1617 5304 nos
1646 5249 1773 5303 item
1801 5249 1991 5304 eodem

428 5340 595 5393 modo
612 5354 706 5408 per
737 5339 1199 5409 regenerationem
1243 5354 1397 5410 aquae
1425 5348 1480 5395 et
1513 5331 1740 5410 spiritus
1776 5338 1990 5393 Domini

429 5431 843 5510 fratres_geniti
892 5445 1105 5497 sumus,
1148 5432 1242 5502 qui
1271 5441 1493 5504 propter
1531 5448 1630 5488 nos
1686 5429 1866 5487 factus
1906 5441 1993 5487 est

504 5609 550 5653 "
593 5608 747 5673 Rom.
783 5627 859 5670 ιι.
889 5610 978 5666 56.
1056 5609 1146 5666 Ἠ
1181 5610 1304 5667 Cor.
1343 5627 1428 5676 xv,
1468 5612 1560 5669 20.

1655 5609 1743 5664 ’τι
1778 5606 1973 5667 Thess.
2004 5619 2077 5672 tv,
2115 5607 2195 5662 13.

2099 4435 2338 4497 στάσεως
2363 4433 2728 4502 συνισταμένη
2750 4448 2763 4462 ⁸
2808 4426 2877 4502 ἦς
2900 4431 2929 4481 ὁ
2960 4427 3198 4499 ἀρχηγὸς
3227 4427 3326 4497 τῆς
3357 4426 3502 4494 ζωῆς
3531 4427 3675 4495 ἡγη-

2099 4524 2349 4592 σάμενος,
2378 4521 2717 4591 πρωτότοκος
2756 4520 2854 4590 τῆς
2901 4518 3046 4586 ζωῆς
3089 4516 3295 4585 γίνεται
3338 4515 3431 4569 καὶ
3466 4512 3672 4584 ὀνομά-

2097 4612 2267 4676 ζεται.
2325 4611 2461 4665 Ἀλλ’
2500 4612 2646 4674 ὅπως
2685 4609 2791 4680 χρὴ
2832 4610 2966 4678 πρὸς
3012 4611 3139 4672 τοὺς
3183 4605 3675 4675 ἀντιτεταγμένους

2096 4700 2260 4770 ἔχειν,
2309 4700 2374 4754 δι’
2418 4700 2610 4770 ὀλίγων
2639 4700 2747 4753 τῶν
2795 4698 3097 4769 εἰρημένων
3142 4696 3319 4769 ῥᾴδιον
3364 4695 3430 4749 ἂν
3461 4696 3677 4763 γένοιτο

2093 4796 2205 4856 τοῖς
2250 4791 2719 4862 φιλοπονωτέροις,
2761 4790 3007 4861 αὐτάρκη
3054 4787 3368 4860 συμμαχίαν
3402 4787 3534 4857 πρὸς
3564 4787 3671 4856 τὴν

2095 4883 2352 4953 ἀλήθειαν
2383 4882 2544 4953 ἔχειν.
2578 4883 2765 4943 Ὅπως
2787 4882 2831 4935 δ’
2852 4881 2917 4936 ἂν
2941 4880 3133 4951 φανείη
3164 4876 3511 4932 συντελοῦντα
3530 4879 3672 4949 πρὸς

2094 4975 2186 5027 τὸν
2214 4975 2333 5026 κατ’
2362 4974 2563 5046 ἀρετὴν
2590 4972 2702 5043 βίον
2725 4972 2793 5025 τά
2824 4975 3043 5044 ῥήματα
3071 4969 3268 5033 ταῦτα,
3308 4967 3396 5022 διὰ
3423 4967 3673 5038 βραχέων

2096 5066 2530 5136 ἐπελευσόμεθα·
2568 5065 2912 5137 Πρωτότοκος
2956 5060 3025 5135 ἦν
3068 5062 3176 5117 τῶν
3223 5064 3340 5133 μετ’
3375 5060 3534 5115 αὐτὸν
3585 5059 3679 5113 διὰ

2101 5161 2404 5232 γεννήσεως
2435 5156 2821 5229 παραχθέντων
2871 5158 2901 5210 ὁ
2941 5154 3201 5225 Ῥουὸιμ’
3248 5154 3324 5216 ὡς
3373 5149 3677 5222 ἐμαρτύρει

2100 5254 2209 5314 τοῖς
2244 5251 2359 5322 μετ’
2388 5252 2549 5305 αὐτὸν
2595 5248 2897 5320 γεννηθεῖσι
2946 5248 3046 5320 τὴν
3092 5246 3228 5317 πρὸς
3269 5245 3428 5298 αὐτὸν
3472 5245 3678 5310 συγγέ-

2100 5343 2295 5417 νειαν-ό
2313 5341 2727 5410 ἐπιφαινόμενος
2755 5338 2936 5401 αὐτοῖς
2962 5334 3267 5408 χαρακτὴρ,
3294 5332 3507 5395 οἰκείως
3532 5332 3676 5401 πρδς

2095 5432 2185 5488 τὸν
2213 5431 2551 5504 πρωτότοκον
2579 5427 2740 5499 έχων,
2766 5425 2907 5482 ὥστε
2939 5426 3012 5497 μὴ
3046 5422 3358 5496 ἀγνοεῖσθαι
3389 5421 3488 5493 τὴν
3520 5419 3676 5475 ἀδελ,

2274 5609 2315 5641 ⁵⁵
2351 5606 2483 5662 Gen.
2522 5618 2672 5672 uix,
2704 5602 2791 5658 52.
