4034 6132
356 250 466 306 277

1357 251 1447 308 DE
1487 250 1843 309 pansas“
1888 252 2288 312 cnmsmm
2326 230 2591 316 sonus.

3500 259 3611 319 278

362 364 593 435 φότητα,
626 360 714 415 διά
735 360 833 432 τῆς
862 361 1000 416 κατά
1026 362 1123 433 τὴν
1153 363 1363 435 μορφήν
1387 364 1699 436 ὁμοιότητος
1731 383 1935 439 μαρτυ-

2051 370 2430 441 irimogenitus
2490 372 2546 427 in
2599 370 2787 426 multis
2831 369 3121 439 fratribus,
3164 385 3383 443 aequum
3426 381 3513 428 est
3556 382 3610 429 ut

369 454 656 527 ρουμένην.
707 452 915 506 Οὐκοῦν
951 455 998 506 εί
1047 452 1133 507 διὰ
1166 455 1263 524 τῆς
1306 456 1609 527 ὁμοτρόπου
1643 453 1960 527 ἀναγεννή-”

368 561 523 608 σεως,
551 544 651 613 τῆς
678 543 742 597 δι’
769 542 959 606 ὓδατος
990 543 1085 597 καὶ
1110 543 1437 615 πνεύματος,
1472 545 1564 599 καὶ
1599 547 1758 617 ήμεῖς
1789 546 1942 601 ἀδελ-

366 636 457 704 φοὶ
489 634 584 687 τοῦ
617 634 819 704 Κυρίου
850 633 1173 703 γεγόναμεν,
1224 633 1317 689 τοῦ
1364 634 1430 687 δι’
1460 637 1607 706 ἡμᾶς
1653 636 1942 708 γενομένου

366 724 715 794 πρωτοτόκου
752 724 810 776 ὲν
842 722 1054 787 πολλοις
1086 723 1330 793 ἀδελφοῖς
1352 742 1365 755 ·
1398 725 1687 780 ἀκόλουθον
1734 725 1799 781 ἂν
1831 726 1940 797 εῐη,

366 815 453 869 διὰ
476 814 586 867 τῶν
610 814 703 867 τοῦ
733 813 853 893 βίου
886 816 1248 886 χαρακτήρων
1295 816 1649 871 ἐπιδεικνύειν
1679 818 1777 890 τὴν
1805 820 1940 889 πρὸς

366 906 531 959 αὐτὸν
560 905 875 975 ἀγχιστείαν
898 924 912 936 ·
952 907 1402 978 ὲμμορφσθμένου
1428 913 1492 980 τῇ
1523 907 1634 982 ζωῇ
1666 913 1696 981 ή
1706 910 1822 976 μῶν
1849 910 1941 964 τοῦ

366 999 713 1070 πρωτοτόκου
759 999 859 1066 τῆς
908 999 1153 1063 κτίσεως.
1206 1000 1339 1054 Τίνα
1380 1000 1437 1055 δὲ
1482 1002 1802 1073 χαρακτῆρα
1843 1003 1943 1074 τῆς

367 1090 575 1143 ἐκείνου
609 1089 825 1159 μορφῆς
849 1091 995 1160 παρὰ
1024 1090 1122 1161 τῆς
1143 1091 1363 1163 Γραφῆς
1391 1094 1789 1166 μεμαθήκαμεν
1810 1113 1824 1161 ;
1846 1098 1943 1151 Ὃν

368 1182 582 1244 πολλοῖς
598 1182 919 1251 εἰρήκαμεν,
948 1183 1027 1235 ὅτι
1046 1200 1063 1232 ι
1097 1182 1395 1255 Ἀμαρτίαν
1408 1185 1506 1238 οὐκ
1522 1185 1797 1257 ἐποίησεν,
1821 1187 1942 1241 οὐδὲ

366 1270 566 1344 εὑρέθη
588 1272 737 1335 δόλος
766 1273 823 1325 ἐν
854 1271 929 1343 τῷ
962 1272 1185 1342 στόματι
1213 1272 1402 1328 αὐτοῦ.
1439 1293 1458 1325 ι
1486 1274 1693 1330 Οὐκοῦν
1727 1279 1775 1330 εί
1811 1277 1941 1347 μέλ-

366 1363 553 1433 λοιμεν
575 1363 793 1432 ἀδελφοὶ
818 1363 1173 1435 χρηματίζειν
1195 1361 1287 1417 τοῦ
1314 1365 1765 1437 καθηγησαμένου
1788 1367 1943 1439 ήμῶν

365 1455 466 1522 τῆς
499 1455 824 1525 γεννήσεως,
866 1453 927 1507 τὸ
956 1454 1335 1525 ἀναμάρτητον
1360 1455 1457 1526 τῆς
1490 1455 1636 1526 ζωῆς
1661 1456 1821 1528 ήμῶν
1854 1475 1944 1512 πιο

366 1546 635 1601 στώσεται
662 1546 761 1618 τὴν
788 1546 924 1615 πρὸς
956 1549 1162 1601 ἐκεῖνον
1194 1547 1535 1617 συγγένειαν,
1588 1549 1816 1620 μηδενὸς
1847 1548 1942 1621 ῥύ-

364 1652 473 1689 που
524 1638 625 1707 τῆς
682 1637 817 1708 πρὸς
873 1640 972 1707 τὴν
1047 1636 1391 1709 καθαρότητα
1447 1639 1741 1708 συναφείας
1792 1642 1942 1712 ἡμᾶς

364 1729 736 1799 ἀφορίζοντος.
795 1728 953 1784 Ἀλλά
1004 1730 1098 1784 καὶ
1148 1730 1461 1802 δικαιοσύνη
1492 1733 1586 1784 καὶ
1619 1731 1883 1803 ἁγιασμὸς
1915 1735 1944 1788 ὀ
1974 1713 2017 1770 Β

257 1856 263 1860 η
364 1821 712 1889 πρωτότοκός
756 1823 893 1886 ἐστι,
936 1823 1028 1876 καὶ
1057 1822 1268 1892 ἀγάπη,
1300 1823 1396 1877 καὶ
1424 1823 1817 1894 ἀπολύτρωσις,
1848 1825 1944 1880 καὶ

363 1910 434 1963 τὰ
460 1909 706 1964 τοιαῦτα.
736 1909 944 1964 Οὐκοῦν
977 1911 1026 1963 εί
1069 1909 1156 1964 διὰ
1188 1909 1297 1964 τῶν
1324 1910 1579 1964 τοιούτων
1610 1908 1706 1963 καὶ
1742 1912 1772 1964 ό
1800 1911 1935 1983 ήμέ-

362 2018 522 2073 τερος
572 2001 1029 2074 χαρακτηρίζοιτο
1071 2001 1207 2072 βίος,
1236 2001 1443 2074 ἐναργῆ
1474 2002 1823 2074 παρεξόμεθα
1845 2002 1943 2074 τῆς

362 2093 647 2161 εὐγενείας
677 2093 835 2165 ἡμῶν
867 2093 935 2147 τὰ
982 2093 1356 2165 γνωρίσματα,
1397 2092 1537 2147 ὥστε
1565 2094 1654 2148 τὸν
1685 2091 1857 2147 ταῦτα
1884 2094 1943 2147 ὲν

361 2184 432 2253 τῇ
465 2181 576 2254 ζωῇ
607 2182 923 2254 καθορῶντα
948 2186 1013 2254 τῇ
1046 2182 1310 2255 ἡμετέρᾳ,
1342 2183 1784 2255 προσμαρτυρεῖν
1813 2183 1944 2253 ήμῖν

2042 462 2168 529 vitae
2226 461 2397 531 signis
2463 469 2709 516 nostram
2774 476 2901 516 cum
2962 461 3083 532 ipso
3148 462 3613 519 necessitudinem

2043 548 2399 605 ostendamus
2427 568 2441 604 :
2476 548 2601 603 vitae
2634 547 2780 603 enim
2825 556 3027 605 nostrae
3062 547 3292 605 formam
3334 550 3616 620 impressit

2044 639 2440 711 primogenitus
2477 644 2763 694 creatum.
2802 639 2935 705 Quae
2963 650 3141 695 autem
3175 641 3250 695 sit
3273 642 3395 711 ejus
3420 640 3612 697 forma

2045 741 2195 794 nota,
2236 745 2301 785 ex
2338 728 2619 801 Scriptura
2660 744 2806 801 saepe
2834 731 3408 789 commemoravimus.
3447 751 3467 784 ι
3505 732 3612 798 Qui

2043 830 2355 893 peccatum,
2396 840 2417 873 ι
2457 822 2655 891 inquit,
2699 840 2718 873 ι
2752 836 2860 876 non
2907 820 3055 885 fecit,
3098 836 3198 877 nec
3233 822 3489 879 inventus
3526 829 3614 879 est

2044 914 2203 970 dolus
2251 914 2311 968 in
2352 928 2446 968 ore
2489 912 2611 982 ejus
2634 914 2701 965 ".
2735 932 2754 965 ι
2812 910 3046 967 Proinde
3105 920 3289 966 utrum
3334 913 3481 968 illius
3517 914 3613 983 qui

2044 1002 2398 1074 generatione
2433 1003 2716 1073 praecessit
2760 1001 3020 1072 appellari
3053 1001 3246 1057 fratres
3288 1001 3609 1070 debeamus,

2042 1093 2357 1149 innocentia
2399 1093 2524 1148 vita:
2572 1092 2949 1147 testimonium
2999 1091 3167 1157 dabit,
3207 1091 3256 1147 si
3301 1093 3451 1147 nulla
3497 1107 3614 1148 ma—

2042 1185 2164 1240 cula
2186 1198 2217 1238 a
2248 1184 2501 1255 puritatis
2523 1183 2915 1255 conjunctione
2947 1198 3048 1238 nos
3075 1183 3432 1254 separaverit.
3458 1181 3608 1238 Prae-

2042 1280 2191 1328 terea
2215 1272 2431 1343 justitia
2472 1280 2557 1329 est
2600 1272 3021 1343 primogenitus,
3049 1279 3105 1328 et
3137 1272 3522 1338 sanctificatio,
3558 1282 3613 1330 et

2042 1364 2310 1431 cbaritas,
2360 1371 2418 1420 et
2454 1365 2781 1434 redemptio,
2829 1372 2884 1422 et
2914 1366 3020 1421 alia
3066 1364 3358 1436 ejusmodi.
3401 1364 3615 1432 Quibus

2043 1455 2089 1510 si
2120 1455 2230 1511 vita
2281 1456 2408 1512 item
2452 1463 2644 1513 nostra
2672 1456 2839 1513 fuerit
2871 1457 3155 1530 insignita,
3186 1456 3322 1513 adeo
3351 1456 3615 1528 praeclara

2042 1545 2405 1619 praebebimus
2435 1555 2640 1604 nostrae
2687 1548 2987 1604 nobilitatis
3031 1547 3255 1615 indicia,
3288 1556 3367 1615 ut,
3394 1546 3489 1619 qui
3522 1548 3616 1602 illa

2042 1639 2431 1707 conspexerint
2455 1637 2513 1693 in
2547 1647 2735 1693 nostra
2767 1637 2911 1702 vita,
2940 1638 3044 1709 ipsi
3072 1652 3291 1709 quoque
3319 1652 3422 1693 nos
3454 1634 3617 1691 Chri-

2044 1729 2116 1786 sti
2137 1728 2337 1784 fratres
2379 1743 2525 1794 esse,
2578 1729 2690 1784 sint
2737 1736 2907 1785 testes
2937 1726 3134 1784 futuri.
3173 1727 3292 1798 Ipse
3331 1729 3478 1784 enim
3529 1734 3619 1784 est

2040 1820 2136 1890 qui
2163 1820 2593 1876 resurrectionis
2620 1820 2784 1876 nobis
2818 1820 3029 1875 aditum
3053 1819 3330 1891 patefecit,
3366 1826 3422 1875 et
3457 1818 3529 1874 ob
3555 1819 3614 1874 id

2040 1907 2297 1980 primitiae
2327 1905 2717 1963 dormientium
2748 1907 2926 1965 factus
2954 1919 3058 1965 est.
3085 1906 3196 1964 Nos
3225 1908 3391 1979 igitur
3422 1922 3616 1963 onmes

2040 2007 2451 2057 resurrecturos
2499 1999 2556 2055 in
2602 2000 2713 2056 ictu
2757 2000 2903 2056 oculi
2955 2001 3015 2058 in
3060 2000 3362 2056 novissima
3418 2000 3549 2055 tuba
3569 1999 3617 2032 “

2040 2106 2224 2164 perea
2248 2092 2666 2160 demonstravit,
2701 2099 2817 2147 tum
2856 2107 2979 2164 qua:
3017 2093 3072 2147 in
3111 2091 3320 2162 seipso,
3346 2101 3464 2147 tum
3494 2104 3617 2163 qua

2051 2184 2106 2239 in
2132 2184 2349 2240 caeteris
2378 2184 2476 2254 qui
2513 2198 2545 2239 a
2571 2191 2749 2240 morte
2777 2184 3124 2249 tenebantur,
3149 2182 3349 2240 eﬂ‘ecit.

360 2273 465 2344 τὴν
500 2274 635 2346 πρὸς
668 2274 759 2327 τὸν
801 2274 1033 2345 Χριστὸν
1059 2273 1412 2345 ἀδελφότητα.
1447 2273 1617 2338 Αὐτὸς
1644 2274 1753 2347 γάρ
1792 2275 1940 2328 ἐστιν
1976 2273 2005 2326 ὀ
2032 2273 2249 2340 ἀνοίξας
2295 2276 2431 2345 ἡμῖν
2460 2275 2559 2347 τὴν
2590 2273 2763 2346 θύραν
2793 2276 2894 2348 τῆς
2935 2274 3302 2341 ἀναστάσεως,
3369 2276 3465 2330 καὶ
3531 2273 3623 2328 διά

358 2369 523 2423 τοῦτο
540 2369 764 2441 ἀπαρχὴ
788 2369 897 2423 τῶν
924 2369 1336 2442 κεκοιμημένων
1354 2372 1658 2440 γενόμενος.
1690 2367 1814 2424 Ὅτι
1876 2370 1975 2440 μὲν
2010 2365 2103 2423 οὖν
2133 2369 2331 2434 πάντες
2359 2370 2778 2442 ἀναστησόμεθα
2808 2371 2867 2425 ὲν
2893 2371 3098 2443 ἀτόμῳ,
3130 2372 3188 2424 ὲν
3221 2371 3360 2442 ῥοπῇ
3425 2368 3624 2439 ὀφθαλ-

288 2478 291 2479 '
365 2461 494 2534 μοῦ,
538 2465 597 2517 ὲν
639 2466 706 2534 τῇ
753 2463 958 2537 ἐσχάτῃ
996 2462 1253 2533 σάλπιγγι
1281 2480 1294 2496 ’
1328 2462 1486 2518 τοῦτο
1516 2462 1734 2530 ἔδειξεν,
1774 2458 1856 2526 οἷς
1883 2479 1943 2515 τε
1979 2463 2063 2533 ἐφ’
2092 2462 2285 2519 ἑαυτοῦ
2317 2463 2410 2519 καὶ
2440 2460 2522 2528 οἷς
2553 2464 2648 2519 ἐπὶ
2667 2463 2777 2519 τῶν
2807 2463 3032 2531 λοιπῶν,
3064 2463 3172 2517 τῶν
3199 2461 3303 2518 ὑπὸ
3363 2459 3458 2515 τοῦ
3523 2460 3622 2515 θα-

360 2554 528 2610 νάτου
570 2554 973 2627 κρατηθέντων,
1002 2556 1274 2627 ἐποίησεν.

435 2650 510 2703 Οὐ
569 2650 676 2721 μὴν
730 2651 820 2720 ἴση
865 2651 1194 2726 κατάστασις
1225 2652 1282 2706 ὲν
1330 2649 1408 2723 τῷ
1458 2650 1597 2722 μετά
1630 2647 1803 2707 ταῦτα
1847 2644 1950 2721 βίῳ

360 2741 579 2805 πάντας
624 2742 751 2805 τοὺς
798 2742 863 2795 ἐκ
894 2741 988 2795 τοῦ
1019 2744 1119 2813 τῆς
1170 2743 1273 2813 γῆς
1312 2742 1567 2814 χώματος
1609 2743 1948 2806 ἀναστάντας

363 2832 665 2897 ἐκδέξεται,
693 2831 827 2886 ἀλλὰ
875 2852 893 2885 ι
922 2834 1324 2905 Πορευσόμεθα,
1347 2854 1367 2887 ι
1403 2834 1588 2906 φησὶν,
1622 2835 1712 2888 «οἱ
1748 2834 1848 2906 μὲν
1882 2833 1951 2888 τὰ

362 2924 549 2993 ἀγαθά
590 2925 956 2993 ποιήσαντες,
995 2927 1075 2988 εἰς
1111 2925 1404 2979 ἀνάστασιν
1446 2925 1631 2997 ζωῆςο
1676 2926 1727 2979 οί
1779 2924 1836 2979 δὲ
1880 2923 1952 2979 τὰ

2116 2645 2318 2704 Verum
2343 2646 2399 2702 in
2424 2661 2489 2703 ea
2520 2661 2643 2719 qua:
2662 2646 2848 2702 futura
2877 2652 2962 2703 est
2989 2645 3099 2701 vita
3127 2659 3235 2700 non
3263 2643 3405 2701 idem
3428 2659 3622 2703 omnes

2044 2746 2258 2797 eterra?
2328 2740 2543 2795 tumulo
2605 2746 2894 2811 surgentes
2963 2736 3170 2807 excipit
3231 2744 3450 2802 status,
3520 2737 3621 2793 sed

2049 2847 2071 2882 ι
2104 2829 2285 2894 Ibunt,
2325 2848 2345 2882 ι
2397 2828 2602 2900 inquit,
2640 2848 2659 2882 ι
2688 2828 2783 2900 qui
2817 2828 2961 2884 bona
3002 2826 3273 2891 fecerunt,
3328 2827 3384 2881 in
3430 2840 3622 2883 resur-

2046 2920 2346 2976 rectionem
2372 2920 2518 2983 vitae,
2550 2920 2645 2990 qui
2676 2934 2806 2975 vero
2839 2920 2984 2974 mala
3036 2926 3282 2990 egerunt,
3338 2916 3396 2971 in
3442 2932 3629 2973 resur-

296 3077 301 3080 O
366 3014 550 3083 φαῦλα
584 3015 905 3085 πράξαντες,
935 3015 1016 3078 είς
1042 3016 1336 3069 ἀνάστασιν
1368 3015 1619 3087 κρίσεως.
1651 3034 1671 3067 ι
1711 3015 1872 3069 Ὥστε
1900 3014 1952 3068 ετ

2051 3009 2350 3064 rectionem
2371 3007 2567 3079 judicii
2589 3009 2653 3063 “.
2685 3026 2706 3061 ι
2737 3007 3102 3074 Quamobrem
3146 3006 3192 3063 si
3224 3005 3387 3076 cujus
3418 3006 3531 3061 vita
3556 3005 3626 3061 ad

364 3124 514 3170 τινος
543 3105 681 3176 πρὸς
721 3105 819 3177 τὴν
870 3104 1103 3177 φοϐερὰν
1157 3105 1371 3175 ἐκείνην
1422 3105 1745 3177 κατάκρισιν
1779 3106 1809 3158 ὁ
1837 3104 1950 3175 βίος

371 3198 556 3269 βλέπει
583 3216 598 3229 ·
646 3191 822 3264 οὗτος,
870 3198 975 3251 κᾶν
1017 3195 1107 3251 διὰ
1147 3197 1246 3267 τῆς
1271 3196 1476 3250 ἀνωθεν
1506 3196 1808 3267 γεννήσεως
1838 3196 1949 3259 τοῖς

366 3290 619 3359 ἀδελφοῖς
663 3289 760 3343 τοῦ
798 3290 1001 3360 Κυρίου
1048 3287 1546 3360 συναριθμούμενος
1587 3286 1744 3359 τύχῃ,
1777 3303 1948 3341 κατα-

364 3382 623 3452 ψεύδεται
650 3380 748 3435 τοῦ
788 3381 1069 3452 ὀνόματος,
1102 3383 1160 3435 ὲν
1189 3383 1254 3453 τῇ
1289 3383 1470 3452 μορφῇ
1504 3380 1602 3451 τῆς
1627 3381 1825 3443 κακίας
1854 3380 1952 3451 τὴν

368 3475 509 3546 πρὸς
540 3475 633 3528 τὸν
676 3475 1019 3547 πρωτότοκον
1046 3473 1362 3545 ἀγχιστείαν
1409 3471 1772 3542 ἀρνούμενος.,
1807 3472 1864 3524 '0
1893 3471 1952 3524 δὲ

372 3565 603 3637 μεσίτης
631 3563 765 3618 Θεοῦ
797 3565 892 3618 καὶ
933 3563 1255 3635 ἀνθρώπων,
1286 3565 1314 3617 ὁ
1340 3562 1408 3617 δι’
1438 3561 1632 3617 ἑαυτοῦ
1666 3562 1951 3615 συνάπτων

367 3657 449 3728 τῷ
474 3655 596 3726 Θεῷ
623 3655 685 3709 τὸ
714 3655 1072 3726 ἀνθρώπινον,
1102 3657 1276 3711 ἐκεῖνο
1315 3653 1571 3708 συνάπτει
1602 3652 1782 3723 μόνον,
1815 3652 1952 3722 ὅπερ

372 3747 442 3802 ἃν
465 3747 569 3817 τῆς
595 3747 734 3819 πρὸς
751 3746 883 3801 Θεὸν
914 3746 1193 3817 συμφυΐας
1224 3744 1371 3812 ἄξιον
1509 3744 1719 3814 Ὠσπερ
1742 3737 1835 3795 οὖν
1862 3740 1954 3794 τὸν

373 3839 570 3894 εαυτοῦ
620 3839 907 3911 ἄνθρωπον
949 3842 1015 3911 τῇ
1058 3837 1281 3908 δυνάμει
1339 3838 1435 3907 τῆς
1477 3834 1727 3906 θεότητος
1776 3831 1955 3903 ἑαυτῷ

374 3929 784 4002 προσῳκείωσε,
819 3930 983 4001 μέρος
1019 3929 1116 4000 μὲν
1138 3928 1237 3998 τῆς
1269 3925 1457 3995 κοινῆς
1483 3924 1695 3994 φύσεως
1722 3923 1871 3989 ὄντα,
1891 3921 1953 3975 οὐ

379 4022 486 4093 μὴν
514 4023 629 4085 τοῖς
661 4019 890 4075 πάθεσιν
917 4019 1344 4073 ὑποπεπτωκότα
1368 4017 1468 4086 τῆς
1497 4014 1713 4084 φύσεως
1740 4016 1852 4077 τοῖς
1875 4014 1955 4076 είς

374 4112 654 4183 ἁμαρτίαν
687 4111 1105 4181 ὲκκαλουμένοις
1136 4110 1154 4179 (
1184 4128 1201 4161 ι
1225 4108 1523 4179 Ἀμαρτίαν
1550 4127 1568 4159 ι
1610 4107 1738 4176 γὰρ,
1772 4103 1954 4175 φησὶν,

382 4205 532 4258 «οὐκ
564 4204 843 4274 ἐποίησεν,
873 4203 993 4256 οὐδὲ
1044 4200 1239 4274 εὑρέθη
1301 4199 1449 4262 δόλος
1497 4200 1556 4251 ὲν
1605 4195 1685 4267 τῷ
1732 4194 1957 4265 στόματι

376 4293 546 4350 αὐτοῦ
587 4313 608 4347 ›
637 4293 679 4363 )⁶
731 4293 874 4347 οὕτω
906 4292 1148 4355 καὶτοὺς
1174 4290 1293 4344 καθ’
1320 4289 1545 4343 ἕκαστον
1584 4284 1843 4357 προσάξει
1889 4284 1956 4354 τῇ

2050 3098 2451 3159 formidandam
2500 3099 2650 3153 illam
2716 3104 2930 3169 spectat
2988 3095 3522 3161 condemnationem,
3578 3094 3627 3151 is

2053 3189 2273 3245 tametsi
2327 3203 2427 3259 per
2482 3188 2951 3259 regenerationem
3004 3186 3073 3242 ad
3120 3185 3352 3240 fratrum
3412 3183 3631 3240 Domini

2052 3294 2339 3335 numerum
2374 3278 2515 3335 forte
2542 3278 2820 3349 ascriptus
2859 3277 2954 3344 sit,
2989 3291 3189 3332 nomen
3215 3274 3532 3343 ementitur,
3570 3274 3630 3330 in

2051 3372 2273 3427 malitiae
2311 3371 2480 3427 forma
2528 3371 2736 3426 nullam
2770 3384 2897 3424 cum
2942 3367 3309 3439 primogenita
3350 3368 3631 3438 cognatio-

2053 3478 2175 3518 nem
2206 3476 2317 3534 pra:
2361 3477 2421 3519 se
2458 3461 2664 3518 ferens.
2711 3460 2978 3516 Mediator
3015 3466 3198 3514 autem
3228 3459 3325 3514 Dei
3366 3467 3423 3515 et
3452 3461 3633 3515 bomi-

2054 3568 2207 3625 num,
2236 3552 2330 3622 qui
2378 3567 2475 3622 per
2504 3552 2747 3622 seipsum
2793 3564 2968 3621 genus
3003 3549 3301 3603 humanum
3343 3548 3631 3619 conjungit

2061 3644 2194 3711 Deo,
2237 3644 2416 3699 solum
2457 3644 2589 3699 illud
2631 3641 2920 3713 conjungit
2947 3640 3091 3711 quod
3136 3654 3200 3695 ea
3240 3638 3634 3709 conjunctione

2056 3735 2130 3791 sit
2163 3732 2410 3804 dignum.
2442 3729 2911 3801 Quemadmodum
2959 3729 3164 3784 virtute
3212 3726 3401 3783 divina
3448 3727 3632 3783 homi-

2057 3843 2184 3883 nem
2212 3826 2411 3895 induit,
2438 3832 2665 3883 eatenus
2695 3823 2917 3894 quidem
2934 3821 3187 3876 humanae
3219 3827 3431 3876 natura:
3458 3819 3633 3890 parti-

2057 3920 2254 3990 cipem,
2299 3930 2359 3974 ut
2383 3918 2548 3974 nullis
2581 3923 2790 3972 natura:
2822 3914 3327 3986 perturbationibus
3349 3913 3416 3970 ad
3437 3927 3633 3984 pecca-

2057 4020 2172 4065 tum
2194 4009 2559 4066 excitantibus
2583 4007 2920 4076 subjaceret:
2952 4023 2971 4057 ι
2995 4004 3283 4060 Peccatum
3309 4024 3328 4057 ›
3356 4006 3633 4071 enim,.in-

2060 4101 2200 4172 quit,
2221 4120 2240 4153 ι
2267 4115 2377 4156 non
2399 4098 2549 4164 fecit,
2571 4113 2671 4153 nec
2692 4098 2947 4153 inventus
2962 4106 3046 4154 est
3063 4097 3224 4152 dolus
3239 4097 3294 4151 in
3306 4111 3402 4152 ore
3424 4096 3575 4167 ejus:
3603 4114 3640 4150 ι’

2062 4192 2145 4248 sic
2184 4191 2434 4245 homines
2466 4187 2716 4258 singulos
2751 4184 2820 4240 ad
2850 4185 3154 4241 divinitatis
3181 4185 3631 4239 communionem

2063 4283 2315 4348 adducet,
2359 4280 2405 4336 si
2454 4279 2590 4335 nihil
2634 4293 2700 4334 ea
2749 4270 3055 4334 divinitatis
3104 4275 3495 4347 conjunctione
3538 4274 3627 4328 in-

376 4361 649 4456 συναφεία
673 4384 772 4454 τῆς
801 4383 1158 4455 Θεότητος,,εί
1192 4382 1357 4453 μηδὲν
1382 4380 1669 4449 ἐπάγοιντο
1694 4378 1793 4447 τῆς
1822 4375 1952 4449 πρὸς

2066 4371 2289 4443 dignum
2318 4368 2569 4423 afferant.
2608 4364 2666 4421 Si
2696 4366 2823 4436 quis
2845 4366 3105 4420 nimirum
3127 4379 3254 4420 vere
3279 4364 3352 4419 sit
3368 4361 3631 4431 templum

375 4476 440 4530 τὸ
457 4476 613 4530 Θεῖον
646 4475 939 4544 συναφείας
969 4474 1203 4539 ἀνάξιον.
1249 4472 1386 4526 Ἀλλ’
1422 4470 1476 4525 εί
1516 4488 1597 4534 τις
1627 4466 1839 4538 ἀληθῶς
1871 4465 1955 4536 εἴη

375 4566 513 4621 Θεοῦ
543 4566 692 4633 ναὸς,
727 4566 891 4637 μηδὲν
938 4565 1137 4629 κακίας
1185 4564 1399 4619 εἴδωλον
1432 4564 1525 4617 κα)⁸
1572 4560 1855 4631 ἀφίδρυμα
1900 4559 1958 4611 ὲν

378 4661 559 4733 ἑαυτῷ
593 4660 888 4744 περιέχων,
921 4653 1073 4722 οὗτος
1103 4658 1207 4712 ὑπὸ
1230 4658 1323 4711 τοῦ
1354 4655 1571 4729 μεσίτου
1599 4654 1734 4726 πρὸς
1766 4669 1952 4724 μετου-

381 4756 502 4809 σίαν
544 4754 651 4824 τῆς
702 4753 954 4821 θεότητος
997 4750 1503 4821 παραληφθήσεται.
1538 4746 1776 4819 καθαρὸς
1807 4745 1960 4814 γενό-

384 4865 544 4917 μενος
593 4846 731 4918 πρὸς
776 4843 875 4916 τὴν
924 4842 1184 4913 ὑποδοχὴν
1230 4842 1327 4913 τῆς
1359 4839 1523 4895 αὑτοῦ
1574 4838 1957 4910 καθαρότητος.

381 4937 519 4991 Οὔτε
548 4939 661 5008 γάρ
690 4938 770 5001 είς
800 4936 1123 5006 κακότεχνον
1164 4934 1340 5005 ψυχὴν
1378 4930 1741 4985 εἰσελεύσεται
1778 4927 1996 4997 σοφία,,.’

384 5026 565 5091 καθὼς
586 5030 615 5080 ό
638 5026 797 5096 λόγος
830 5025 1012 5097 φησιν,
1045 5024 1167 5077 οὔτε
1191 5028 1218 5077 ὁ
1246 5021 1480 5093 καθαρὸς
1508 5024 1573 5091 τῇ
1606 5018 1801 5090 καρδίᾳ
1838 5016 1962 5070 ἄλλο

378 5133 434 5169 τι
460 5116 612 5188 παρά
638 5116 731 5170 τὸν
757 5114 889 5168 Θεὸν
916 5116 973 5167 ὲν
1001 5113 1178 5184 ἑαυτῷ
1206 5112 1394 5184 βλέπει
1419 5127 1429 5141 ’
1525 5109 1612 5163 διὰ
1633 5110 1730 5179 τῆς
1755 5106 1958 5178 ἀφθαρ-

384 5208 505 5268 σίας
540 5203 987 5278 προσκολληθεὶς,
1022 5203 1170 5266 ὲντδς
1204 5200 1399 5255 ἑαυτοῦ
1430 5202 1607 5254 πᾶσαν
1630 5199 1728 5269 τὴν
1748 5196 1956 5269 ἀγαθὴν

382 5297 659 5369 βασιλείαν
689 5296 923 5363 ἐδέξατο.
968 5296 1184 5350 Μᾶλλον
1223 5295 1266 5347 δ’
1300 5293 1365 5347 ἂν
1397 5292 1606 5361 γένοιτο
1637 5292 1764 5362 ἡμῖν
1792 5306 1958 5342 κατα-

382 5390 549 5459 φανὲς
574 5390 634 5443 τὸ
657 5390 969 5458 λεγόμενον,
999 5387 1049 5441 εἰ
1080 5387 1180 5458 τὴν
1211 5385 1305 5438 τοῦ
1333 5384 1535 5456 Κυρίου
1558 5383 1762 5452 φωνὴν,
1785 5380 1851 5451 ἣν
1874 5378 1960 5432 διά

380 5482 480 5553 τῆς
514 5482 737 5554 Μαρίας
766 5481 903 5552 πρὸς
944 5462 1071 5545 τοὺς
1114 5477 1439 5542 ἀποστόλους
1474 5474 1785 5545 πεποίηται,
1822 5472 1957 5543 πρὸς

2058 4463 2174 4529 Dei,
2207 4462 2532 4531 nullumque
2578 4458 2799 4513 malitiae
2844 4457 3199 4513 simulacrum
3243 4464 3348 4539 aut
3390 4460 3628 4517 statuam

2059 4555 2357 4619 contineat,
2404 4554 2452 4608 is
2480 4567 2510 4606 a
2551 4550 2870 4615 mediatore,
2902 4556 2961 4602 ut
3008 4546 3311 4602 divinitatis
3341 4544 3612 4615 particeps

2060 4645 2187 4711 ﬁat,
2233 4643 2571 4708 admittetur,
2610 4656 2735 4696 cum
2780 4655 2958 4711 purus
3000 4639 3072 4694 sit
3120 4645 3176 4693 et
3226 4636 3296 4691 ad
3338 4635 3639 4706 puritatem.

2061 4734 2237 4805 ipsius
2283 4729 2687 4801 suscipiendam
2736 4726 2987 4782 idoneus.
3017 4723 3205 4794 Neque
3241 4722 3386 4777 enim
3421 4720 3476 4775 in
3509 4732 3611 4772 ma-

2060 4826 2290 4881 levolam
2333 4823 2594 4886 animam,
2630 4826 2687 4873 ut
2720 4806 2986 4889 scriptum
3033 4823 3119 4871 est
3150 4815 3217 4879 ",
3250 4810 3501 4866 introibit
3547 4821 3637 4862 sa-

2061 4910 2288 4993 pientia,
2318 4922 2373 4970 et
2401 4914 2493 4983 qui
2525 4911 2765 4967 mundus
2816 4917 2900 4965 est
2948 4906 3135 4970 corde,
3167 4903 3305 4959 nihil
3346 4902 3402 4955 in
3449 4900 3634 4970 seipse

2066 5016 2263 5081 praeter
2294 5005 2461 5061 Deum
2486 5004 2703 5067 videns,
2735 5001 3164 5070 incorrupteque
3188 4994 3293 5065 ipsi
3323 4994 3629 5081 cohaerens,

2065 5079 2228 5156 omne
2264 5097 2469 5151 bonum
2514 5109 2742 5164 regnum
2786 5094 2840 5147 in
2892 5105 2952 5146 se
2989 5086 3218 5156 accepit.
3269 5085 3535 5139 Caeterum
3577 5079 3634 5134 itl

2065 5192 2215 5263 quod
2262 5190 2408 5253 dico,
2451 5190 2625 5259 magis
2669 5186 3017 5258 perspicuum
3055 5181 3167 5243 (iet,
3214 5179 3262 5234 si
3310 5179 3472 5231 verba
3511 5168 3634 5246 qua:

2066 5265 2331 5338 Dominus
2375 5279 2638 5350 apostolis
2700 5291 2794 5346 per
2846 5273 3071 5329 Mariam
3130 5268 3373 5325 nuntiari
3433 5269 3632 5333 voluit,

2067 5373 2538 5433 considerabimus
2570 5389 2582 5425 :
2620 5388 2637 5422 ι
2673 5366 2948 5431 Ascendo,
2975 5384 2992 5417 ι
3025 5363 3223 5433 inquit,
3262 5379 3280 5412 ι
3316 5359 3381 5413 ad
3420 5357 3635 5414 Patrem

2068 5484 2247 5525 meum
2272 5472 2325 5522 et
2353 5464 2568 5519 Patrem
2595 5467 2857 5529 vestrum,
2886 5466 2941 5515 et
2976 5454 3143 5513 Deum
3169 5467 3347 5509 meum
3374 5462 3426 5507 et
3462 5448 3644 5505 Deum

450 5670 498 5704 ”
534 5671 554 5726 ι
587 5668 736 5726 Patr.
773 5684 831 5723 ιι.
864 5667 952 5724 22.
1032 5666 1116 5720 ⁶⁰1
1147 5665 1254 5724 Cor
1306 5681 1391 5729 xV,
1427 5667 1510 5721 52.
1588 5666 1628 5696 "
1654 5665 1808 5721 Joau.
1834 5680 1887 5725 v.
1917 5664 1951 5717 2

2088 5663 2131 5694 ⁸⁸³
2174 5660 2302 5732 3η).
2340 5673 2377 5720 I,
2408 5658 2458 5711 τί.
