4034 6132
475 288 580 341 279

1639 298 1694 355 S.
1739 302 2061 361 GREGORII
2104 308 2395 366 NYSSENI

3611 313 3714 368 9.30

476 403 716 448 vestrum
759 396 822 448 “.
861 417 879 450 ι
917 397 1039 453 Haec
1064 399 1207 453 enim
1237 399 1314 454 ait
1347 404 1615 462 mediator
1643 410 1787 467 inter
1826 414 2037 471 Patrem

2143 425 2241 492 τὴν
2294 426 2589 493 σαφήνειαν
2634 421 2740 475 τῶν
2794 421 3098 494 εἰρημένων
3157 420 3711 494 ωμπαραλάὖοιμεν·

474 492 531 537 et
570 486 853 542 abdicatos
887 488 1045 551 ﬁlios,
1093 490 1188 558 qui
1242 491 1497 551 inimicos
1549 498 1639 553 Dei
1667 505 2042 562 reconciliavit

474 589 624 629 vera:
663 584 718 630 et
762 578 863 631 soli
904 577 1207 636 Divinitati.
1256 580 1391 636 Nam
1445 587 1573 656 quia
1623 606 1719 660 per
1755 605 2039 663 peccatum

468 663 635 731 juxta
650 666 1028 735 propheticum
1056 685 1362 727 sermonem
1394 675 1613 732 alienati
1638 691 1765 737 sunt
1794 687 2041 745 homines

473 766 505 846 ο
548 754 760 809 vivilica
796 755 977 822 vulva,
1027 766 1081 812 et
1127 772 1450 817 erraverunt
1495 766 1565 821 ab
1620 778 1777 825 utero
1829 774 1884 827 in
1932 792 2041 846 quo

476 839 691 897 formati
719 841 973 933 Afuerant,
1016 861 1117 916 pro
1163 849 1392 905 veritate
1425 854 1772 912 mendacium
1819 839 2040 933 loquen-

472 937 556 985 tes
583 930 651 995 “,
680 929 889 987 idcirco
916 944 1125 990 natura:
1159 942 1466 997 communis
1496 945 1770 1014 primitias
1793 929 2041 1021 per-cor-

469 1031 575 1089 pus
620 1026 674 1073 ct
706 1021 943 1077 animam
1000 1037 1313 1091 assumens,
1370 1045 1571 1102 easque
1628 1038 1775 1093 nulla
1832 1044 2040 1100 malitia

468 1109 664 1165 mistas
697 1120 791 1166 aut
837 1117 1240 1175 contaminatas
1269 1121 1325 1175 in
1366 1138 1425 1178 se
1454 1140 1788 1188 conservans
1818 1146 2040 1194 sanctas

468 1199 651 1256 ell‘ccit
683 1221 696 1255 ι
726 1210 786 1256 ιιι
829 1218 925 1259 cas
971 1206 1320 1278 incorruptas
1373 1213 1636 1275 dedicans
1669 1218 1839 1289 Patri,
1875 1225 2040 1282 simul

466 1292 915 1355 etiamtraheret
942 1299 1212 1369 quidquid
1242 1303 1323 1358 eis
1369 1296 1566 1362 natura
1608 1319 1662 1365 et
1714 1328 1916 1383 genere
1953 1333 2042 1374 co-

467 1392 694 1455 gnatum
739 1396 904 1451 esset,
936 1398 992 1444 et
1033 1406 1149 1457 eos,
1187 1395 1279 1463 qui
1312 1396 1551 1455 abdicati
1582 1402 1884 1475 reiectique
1922 1407 2040 1465 fue-

466 1484 620 1543 rant,
662 1478 802 1537 lihos
843 1481 1116 1547 redderet,
1168 1493 1225 1540 et
1270 1486 1525 1545 inimicos
1578 1489 1673 1547 Dei
1733 1495 2039 1559 divinitatis

466 1567 591 1636 ejus
634 1570 933 1641 participes
994 1573 1218 1633 faceret.
1259 1576 1328 1631 Ut
1372 1594 1504 1651 ergo
1540 1597 1737 1641 massae
1784 1578 2040 1656 primitias

364 1728 373 1735 .
466 1660 706 1728 puritate
759 1668 927 1732 atque
971 1664 1285 1721 innocentia
1327 1685 1458 1726 vero
1504 1670 1652 1729 Patri
1681 1684 1736 1731 et
1769 1677 1881 1735 Deo
1914 1695 2040 1738 con-

465 1750 663 1806 ciliata:
705 1760 834 1808 sunt
871 1776 883 1809 :
926 1756 1008 1811 sic
1056 1757 1223 1812 etiam
1274 1775 1399 1829 nos,
1450 1765 1542 1833 qui
1588 1780 1770 1825 massa
1822 1787 2034 1843 sumus,
2068 1752 2111 1808 Β

466 1840 664 1897 iisdem
698 1845 1023 1935 rationibus
1069 1864 1195 1904 cum
1240 1855 1490 1910 veritatis
1524 1852 1690 1915 Patre
1735 1840 2038 1935 conjunge;

465 1946 611 1999 mur,
660 1934 709 1989 si
758 1935 1077 1996 mediatoris
1127 1941 1499 2000 innocentiam
1552 1956 1606 2005 et
1665 1934 2036 2015 constantiam

462 2036 566 2093 pro
608 2025 818 2082 viribus
856 2027 1215 2087 imitabimur.
1249 2032 1343 2091 Sic
1396 2040 1542 2094 enim
1594 2044 1803 2102 erimus
1846 2049 2038 2122 unige-

463 2114 566 2168 niti
612 2115 704 2172 Dei
745 2133 946 2175 corona
996 2137 1063 2177 ex
1110 2124 1386 2195 lapidibus
1432 2133 1713 2199 pretiosis,
1763 2114 2039 2201 honorvet

463 2205 639 2303 gloria
682 2224 784 2303 per
811 2211 982 2267 vitam
1033 2213 1232 2270 effecti.
1277 2216 1413 2274 Nam
1461 2221 1667 2281 Paulus
1697 2228 1850 2295 dicit,
1896 2249 2036 2303 quo-

462 2297 614 2352 niam
663 2319 683 2351 ι
718 2300 964 2358 Minuisti
991 2320 1115 2360 eum
1149 2309 1316 2377 paulo
1366 2311 1549 2369 minus
1577 2317 1646 2371 ab
1686 2322 1892 2391 angelis
1913 2297 1981 2391 δ”,
2010 2346 2030 2380 ι

460 2400 688 2460 propter
734 2394 1040 2450 cruciatum
1082 2401 1298 2456 mortis.
1353 2400 1590 2473 Majores
1630 2411 1774 2466 enim
1816 2427 2035 2476 nostros

460 2477 518 2533 in
541 2479 710 2548 spina:
737 2490 990 2539 naturam
1035 2486 1105 2541 ob
1132 2499 1421 2557 peccatum
1453 2510 1753 2557 conversos
1783 2504 1887 2561 sibi
1922 2508 2038 2578 ipse

461 2586 528 2625 ex
575 2575 771 2629 mortis
810 2574 1171 2647 dispositione
1223 2596 1484 2640 coronam
1538 2589 1684 2653 fecit,
1724 2605 1779 2649 et
1821 2574 2034 2667 spinam

460 2663 516 2716 in
552 2663 814 2720 honorem
847 2677 902 2723 et
931 2670 1161 2739 gloriam
1188 2673 1448 2742 patiendo
1479 2663 1867 2742 commutavit:
1889 2690 2037 2756 Quo-

461 2759 607 2809 circa
659 2772 785 2811 cum
840 2762 1009 2814 Semel
1063 2766 1253 2820 mundi
1298 2779 1581 2837 peccatum
1631 2781 1937 2848 sustulerit,
1982 2791 2037 2839 et

461 2846 627 2915 capiti
675 2862 937 2903 coronam
969 2851 1037 2906 de
1064 2855 1243 2922 spinis
1283 2865 1579 2932 acceperit,
1615 2873 1673 2921 ut
1724 2885 1789 2925 ex
1826 2846 2037 2932 honore

460 2944 515 2991 et
546 2937 721 3008 gloria
755 2954 1017 2996 coronam
1054 2954 1403 3015 contexeret,
1456 2969 1565 3010 non
1614 2975 1843 3029 parvum
1890 2970 2035 3036 peri-

460 3028 646 3081 culum
676 3037 780 3094 est,
829 3046 898 3086 ne
926 3033 1115 3103 aliquo
1148 3038 1311 3093 modo
1353 3052 1580 3112 propter
1616 3028 1917 3120 improbam
1949 3061 2034 3113 vi-

461 3130 581 3220 tam.
600 3122 786 3177 tribuli
826 3139 950 3180 esse
1004 3136 1059 3182 et
1105 3130 1280 3199 spinae
1308 3132 1784 3205 deprehendamur
1822 3166 1835 3202 :
1874 3158 2040 3220 atque

462 3212 538 3267 ita
566 3212 624 3267 iu
667 3214 847 3269 media
882 3215 1094 3274 Domini
1130 3235 1357 3291 corona,
1390 3244 1511 3296 quae
1559 3247 1657 3300 per
1694 3212 2039 3297 communio-

460 3308 866 3399 nem_corporis
899 3309 1020 3377 ejus
1049 3311 1129 3376 fit,
1161 3313 1372 3381 inserti,
1430 3334 1614 3377 vocem
1654 3324 1801 3382 illam
1831 3330 2034 3399 justam

461 3394 690 3450 omnino
736 3399 1100 3457 exaudiamus
1135 3421 1148 3457 :
1197 3421 1215 3454 ι
1255 3406 1467 3471 Amice,
1500 3416 1780 3479 quomodo
1816 3394 1923 3475 huc
1954 3422 2036 3477 in~

458 3487 643 3554 trasti,
680 3504 789 3545 non
823 3492 1030 3549 habens
1063 3504 1268 3554 vestem
1294 3502 1592 3571 nuptialem
1617 3506 1691 3562 “?
1713 3526 1734 3560 ι
1760 3517 2036 3579 quomodo

456 3589 535 3646 te,
577 3596 703 3637 cum
748 3598 901 3641 esses
939 3586 1119 3655 spina,
1172 3589 1316 3645 inter
1357 3607 1453 3648 eos
1502 3597 1594 3664 qui
1645 3599 1715 3652 ad
1771 3616 2032 3661 coronam

457 3687 637 3730 meam
679 3691 745 3731 ex
782 3676 991 3734 honore
1024 3689 1075 3735 et
1099 3681 1272 3750 gloria
1306 3687 1704 3745 conﬁciendam
1737 3696 1849 3764 apti
1880 3707 2031 3765 sunt,

455 3765 832 3821 contexuisti?
883 3786 903 3819 ι
944 3771 1077 3835 Quae
1124 3777 1415 3829 conventio
1469 3778 1693 3837 Christo
1725 3786 1792 3840 ad
1826 3787 2036 3845 Belial?

455 3855 590 3921 Quae
629 3872 761 3927 pars
815 3860 962 3914 ﬁdeli
1003 3877 1127 3916 cum
1177 3865 1421 3921 inﬁdeli?
1464 3868 1596 3935 Qua:
1634 3876 1871 3934 societas
1924 3883 2031 3938 luci

457 3950 526 4003 ad
571 3952 827 4006 tenebras
860 3953 939 4006 ‘7?
983 3973 1001 4004 ι

2151 515 2526 586 ι,Πορεύομαι,
2561 533 2580 565 ι
2627 514 2782 584 φησι,
2834 533 2852 565 ι
2882 513 3017 585 πρὸς
3058 514 3147 567 τὸν
3194 513 3414 585 Πατέρα
3463 531 3560 585 μου
3624 515 3718 568 καὶ

2145 604 2365 675 Πατέρα
2394 604 2566 675 ὑμῶν,
2593 605 2687 658 καὶ
2714 604 2845 657 Θεόν
2873 621 2972 674 μου
2999 604 3091 658 καί
3118 603 3249 658 Θεὸν
3287 604 3460 675 ὑμῶν.
3484 624 3503 657 ι
3530 605 3718 659 Ταῦτα

2144 694 2251 764 γὰρ
2281 694 2310 746 ὁ
2344 695 2568 765 μεσίτης
2601 693 2800 764 μεταξὺ
2828 693 2922 747 τοῦ
2948 694 3160 763 Πατρδς
3189 695 3281 747 καλ⁸
3306 694 3417 747 τῶν
3440 695 3720 766 ἀποκηρύ-

2142 799 2285 836 κτων
2313 783 2541 851 φησὶν.ό
2570 783 2636 837 δι’
2667 783 2858 836 ἑαυτοῦ
2888 784 3015 846 τοὺς
3048 783 3271 854 ἐχθροὺς
3297 784 3391 838 τοῦ
3421 783 3553 837 Θεοῦ
3584 802 3716 838 κατ-

2143 870 2374 938 αλλάξας
2414 873 2481 942 τῇ
2526 871 2749 942 ἀληθινῇ
2779 873 2872 925 καὶ
2901 872 3035 942 μόνῃ
3066 858 3309 943 Θεότητι.
3343 873 3561 945 Ἐπειδὴ
3585 874 3713 945 γὰρ,

2143 961 2284 1015 κατά
2318 962 2409 1014 τὸν
2453 962 2786 1033 προφητικὸν
2837 963 3014 1029 λόγον,
3061 963 3578 1036 ἀπηλλοτριώθησαν
3617 965 3717 1035 τῆς
3774 987 3791 1001 ~

2143 1051 2404 1116 ζωοποιοῦ
2437 1054 2645 1123 μήτρας
2674 1052 2762 1106 διὰ
2792 1054 2891 1123 τῆς
2919 1053 3186 1124 ἁμαρτίας
3213 1053 3262 1106 οί
3296 1051 3593 1125 ἄνθρωποι,
3621 1055 3718 1109 καὶ

2142 1146 2248 1199 ἀπὸ
2276 1148 2373 1216 τῆς
2402 1145 2638 1217 γαστρὸς
2666 1143 3069 1216 ἐπλανήθησαν,
3099 1146 3156 1198 ὲν
3252 1142 3622 1214 ὲπλάσθησαν,
3656 1143 3718 1196 τὸ

2140 1235 2332 1306 ψεῦδος
2365 1238 2483 1291 ἀντὶ
2512 1237 2613 1306 τῆς
2655 1235 2912 1306 ἀληθείας
2945 1235 3292 1305 λαλήσαντες,
3338 1234 3527 1289 τούτου
3555 1233 3716 1306 χάριν

2140 1327 2236 1399 τὴν
2267 1328 2522 1399 ἀπαρχὴν
2549 1329 2647 1398 τῆς
2674 1327 2854 1397 κοινῆς
2878 1324 3090 1395 φύσεως
3115 1324 3417 1387 ἀναλαϐὼν,
3438 1325 3524 1379 διά
3540 1325 3718 1396 ψυχῆς

2139 1434 2199 1472 τε
2228 1419 2322 1470 καὶ
2353 1417 2621 1488 σώματος,
2656 1416 2815 1484 ἁγίαν
2846 1416 3089 1486 εποίησε,
3119 1414 3297 1484 πάσης
3323 1414 3520 1478 κακίας
3538 1413 3715 1485 ἀμιγῆ

2139 1526 2199 1561 τε
2245 1510 2337 1563 καὶ
2380 1508 2752 1578 ἀπαράδεκτον
2782 1506 2949 1579 αὐτὴν
2983 1510 3039 1561 ὲν
3079 1504 3256 1576 ἑαυτῷ
3283 1503 3553 1568 διασώσας
3575 1522 3588 1534 ο
3626 1505 3715 1558 ἵνα

2139 1600 2340 1671 ταύτην
2385 1599 2623 1664 ἀναθεὶς,
2659 1598 2747 1653 διὰ
2787 1599 2886 1669 τῆς
2928 1598 3256 1669 ἀφθαρσίας,
3294 1595 3372 1666 τῷ
3412 1597 3588 1668 Πατρὶ
3614 1595 3715 1668 τῆς

2139 1692 2464 1763 ἀφθαρσίας,
2514 1692 2979 1763 συνεπισπάσηται
3024 1691 3089 1743 δι’
3130 1691 3299 1761 αὐτῆς
3341 1689 3450 1743 πᾶν
3495 1689 3557 1741 τὸ
3587 1704 3717 1758 συγ⁶

2142 1782 2298 1848 γενὲς
2325 1782 2464 1837 κατά
2496 1782 2595 1854 τὴν
2620 1782 2782 1853 φύσιν
2806 1784 2941 1855 αὐτῇ
2973 1784 3067 1837 καὶ
3098 1780 3392 1853 ὁμόφυλον,
3428 1780 3522 1833 καὶ
3548 1795 3719 1850 προσ-

2142 1871 2356 1944 δέξηται
2403 1874 2529 1937 τοὺς
2576 1872 2992 1944 ἀποκηρύκτους
3019 1875 3099 1937 είς
3142 1873 3239 1943 τὴν
3286 1870 3577 1937 υἱοθεσίαν,
3622 1871 3718 1925 καὶ

2142 1966 2267 2027 τοὺς
2308 1964 2537 2036 ἐχθροὺς
2579 1963 2672 2018 τοῦ
2716 1964 2851 2021 Θεοῦ
2901 1965 2980 2028 είς
3008 1964 3106 2035 τὴν
3134 1963 3234 2033 τῆς
3275 1961 3524 2032 θεότητος
3550 1959 3716 2015 αὐτοῦ

2145 2056 2452 2127 μετουσίαν.
2484 2055 2711 2119 Οὐκοῦν,
2739 2054 2980 2126 ὥσπερή
3006 2055 3227 2126 ἀπαρχὴ
3254 2053 3349 2107 τοῦ
3375 2052 3713 2122 φυράματος,

2141 2147 2230 2202 διά
2258 2147 2628 2220 καθαρότητός
2670 2165 2731 2200 τε
2760 2148 2852 2201 καὶ
2883 2146 3152 2210 ἀπαθείας
3177 2144 3427 2216 ᾠκειώοη
3470 2144 3547 2216 τῷ
3577 2144 3714 2216 ἀλη-

2143 2239 2271 2311 θινῷ
2301 2240 2475 2312 Πατρὶ
2520 2242 2614 2294 καὶ
2653 2239 2773 2311 Θεῷ
2797 2255 2814 2271 ⁸
2862 2239 3004 2293 οὕτω
3032 2238 3128 2293 καὶ
3160 2240 3322 2309 ἡμεῖς
3364 2237 3426 2291 τὸ
3465 2237 3713 2309 φύραμα,

2141 2332 2228 2387 διὰ
2251 2334 2361 2387 τῶν
2387 2333 2587 2402 ὁμοίων
2614 2332 2748 2385 ὁδῶν
2790 2331 2866 2403 τῷ
2893 2331 3068 2402 Πατρὶ
3110 2330 3209 2402 τῆς
3241 2329 3548 2402 ἀφθαρσίας
3592 2328 3714 2382 κολ-

2141 2422 2507 2495 ληθησόμεθα,
2537 2423 2622 2476 διά
2663 2423 2756 2480 τοῦ
2789 2422 3151 2493 μιμήσασθαι,
3184 2422 3364 2485 καθὼς
3389 2421 3454 2476 ἂν
3550 2422 3713 2474 δυνα-

2140 2515 2252 2581 τὸν,
2278 2514 2371 2568 τοῦ
2408 2516 2628 2585 μεσίτου
2652 2514 2713 2569 τὸ
2735 2514 2943 2578 ἀπαθές
2965 2531 3025 2567 τε
3050 2515 3146 2567 καὶ
3166 2513 3536 2567 ἀναλλοίωτον.
3560 2511 3717 2567 Οὕτω

2141 2600 2249 2676 γὰρ
2282 2605 2517 2675 ἐσόμεθα
2529 2604 2626 2657 τοῦ
2658 2604 2988 2673 Μονογενοῦς
3015 2603 3149 2657 Θεοῦ
3173 2604 3431 2673 στέφανος
3459 2605 3522 2656 ὲκ
3549 2601 3716 2655 λίθων

2139 2696 2358 2766 τιμίων,
2386 2695 2518 2767 τιμὴ
2568 2695 2659 2748 καὶ
2686 2695 2813 2758 δόξα
2858 2693 2946 2747 διὰ
2971 2693 3065 2747 τοῦ
3095 2693 3208 2763 βίου
3235 2693 3533 2762 γενόμενοι.
3577 2692 3720 2761 Φησὶ

2140 2785 2247 2856 γάρ
2276 2788 2304 2839 ὁ
2332 2785 2542 2848 Παῦλος
2564 2825 2579 2849 ,
2611 2786 2694 2837 ὅτι
2728 2782 2937 2854 (Βραχύ
2965 2801 3016 2836 τι
3046 2783 3208 2838 αὑτὸν
3237 2780 3594 2844 ἐλαττώσεις.)
3628 2779 3717 2835 διὰ

2140 2877 2200 2929 τὸ
2231 2875 2460 2947 πάθημα
2488 2875 2582 2929 τοῦ
2610 2875 2841 2929 θανάτου
2869 2915 2884 2940 ,
2949 2894 2968 2926 ‹
2999 2874 3152 2946 παρά
3198 2873 3325 2936 τοὺς
3374 2872 3657 2941 ἀγγέλους.
3688 2889 3709 2924 ι

2144 2969 2280 3033 Τοὺς
2322 2970 2583 3042 πρότερον
2614 2971 2695 3032 είς
2727 2968 2968 3038 ἀκάνθης
2998 2967 3159 3037 φύσιν
3189 2962 3582 3037 μετατεθέντας
3626 2962 3721 3017 διὰ

2142 3064 2241 3134 τῆς
2270 3060 2565 3132 ἁμαρτίας,
2601 3059 2859 3129 στέφανον
2889 3058 3066 3129 ἑαυτῷ
3088 3056 3175 3110 διά
3202 3059 3303 3128 τῆς
3332 3053 3471 3109 κατά
3502 3052 3591 3107 τὸν
3616 3050 3717 3107 θά-

2141 3162 2298 3208 νατον
2319 3154 2628 3224 οἰκονομίας
2653 3152 2927 3223 ἐποίησεν,
2958 3153 3037 3215 είς
3064 3150 3227 3220 τιμὴν
3253 3148 3346 3202 καὶ
3368 3146 3522 3211 δόξαν
3552 3161 3718 3215 μετα-

2143 3244 2491 3315 στοιχειὼσας
2520 3242 2608 3296 διὰ
2637 3240 2730 3294 τοῦ
2763 3241 2969 3303 πάθους
3010 3240 3109 3310 τὴν
3142 3237 3402 3292 ἄκανθαν.
3456 3234 3717 3298 Κίνδυνος

2139 3331 2231 3389 οὖν
2254 3336 2314 3388 οὐ
2353 3334 2566 3405 μικρὸς,
2602 3331 2748 3398 ἅπαξ
2773 3331 2868 3384 τοῦ
2913 3332 3160 3400 αἴροντος
3193 3330 3290 3400 τὴν
3323 3324 3596 3398 ἁμαρτίαν
3617 3323 3715 3378 τοῦ

2139 3428 2343 3497 κόσμου
2367 3465 2383 3491 ,
2426 3426 2517 3479 τὸν
2560 3424 2620 3489 ἐξ
2649 3423 2899 3478 ἀκανθῶν
2933 3423 3194 3492 στέφανον
3242 3418 3599 3480 ἀναλαϐόντος
3643 3416 3714 3487 τῇ

2138 3516 2368 3586 κεφαλῇ,
2414 3515 2501 3567 ἵνα
2542 3515 2743 3585 ποιήσῃ
2772 3512 2863 3566 τὸν
2890 3513 2953 3564 ἐκ
2983 3510 3147 3580 τιμῆς
3180 3526 3239 3562 τε
3266 3508 3358 3561 καὶ
3391 3506 3547 3576 δόξης
3575 3520 3715 3574 συμ-

2140 3609 2472 3677 πλεκόμενον
2507 3607 2789 3675 στέφανον,
2820 3602 3110 3674 εὑρεθῆναί
3139 3617 3261 3654 τινα
3304 3597 3549 3671 τρίϐολον
3583 3594 3716 3647 ὅντα

2136 3699 2225 3754 διά
2249 3698 2343 3751 τοῦ
2373 3698 2542 3752 κακοῦ
2577 3697 2691 3767 βίου
2734 3694 2829 3749 καὶ
2878 3693 3140 3756 ἄκανθαν,
3189 3686 3308 3744 εἶτα
3356 3690 3414 3741 ὲν
3459 3686 3607 3758 μέσῳ
3636 3684 3717 3756 τῷ

2138 3790 2451 3861 Δεσποτικῷ
2503 3788 2750 3858 στεφάνῳ
2805 3786 2891 3840 διά
2942 3785 3041 3856 τῆς
3093 3782 3190 3836 τοῦ
3248 3781 3496 3851 σώματος
3546 3775 3713 3831 αὐτοῦ

2136 3883 2418 3945 κοινωνίας
2451 3880 2926 3952 παρενειρόμενον.
2982 3877 3127 3948 Πρός
3170 3875 3229 3928 ὃν
3263 3875 3381 3945 ἐρεῖ
3412 3871 3632 3932 πάντως
3675 3866 3712 3939 ἡ

2138 3973 2319 4029 δικαία
2349 3973 2498 4042 φωνή
2511 3988 2540 4042 ι’
2576 3990 2594 4022 ι
2626 3970 2751 4034 Πῶς
2783 3967 3030 4039 εἰσῆλθες
3067 3961 3191 4031 ὧδε,
3223 3964 3296 4036 μὴ
3343 3964 3481 4033 ἔχων
3509 3958 3713 4028 ἔνδυμα

456 4041 672 4137 γάμους
698 4041 882 4137 »Πῶς
910 4039 1250 4117 συνεπλάκης
1294 4052 1405 4114 τοῖς
1437 4052 1525 4107 διὰ
1551 4057 1718 4128 τιμῆς
1751 4061 1845 4115 καὶ
1878 4063 2037 4135 δόξης
2069 4068 2148 4136 τῷ
2181 4064 2301 4137 ὲμῷ
2333 4039 2581 4133 στεφάνῳ
2615 4058 3063 4132 ἐνηρμοσμένοις,
3124 4056 3335 4113 ἄκανθα
3398 4053 3512 4120 ὢνς
3572 4073 3591 4105 ί
3617 4051 3715 4116 Τίς

456 4135 710 4229 κοξῖωνία
730 4135 950 4229 Χρίστῷ
971 4139 1106 4208 πρὸς
1134 4140 1324 4195 Βελίαν
1348 4161 1362 4209 ἶ
1389 4146 1482 4210 Τίς
1514 4151 1672 4221 μερὶς
1693 4156 1868 4226 πιστῷ
1893 4158 2032 4229 μετά
2069 4135 2296 4214 ἀπίστου
2321 4177 2334 4224 ;
2376 4159 2441 4210 Τί
2468 4156 2643 4211 κοινὸν
2671 4153 2750 4225 τῷ
2778 4155 2916 4222 φωτὶ
2942 4152 3076 4224 πρὸς
3103 4151 3162 4204 τὸ
3189 4151 3409 4215 σκότος;
3439 4166 3458 4199 ι

525 4226 607 4282 Ne
649 4228 873 4297 quando
912 4229 1079 4299 igitur
1110 4233 1222 4285 vita
1270 4245 1461 4292 nostra
1499 4250 1690 4296 contra
1737 4262 1838 4303 nos
1874 4226 2027 4318 ejus-

456 4320 602 4376 modi
654 4319 840 4375 verbis
896 4323 1273 4392 cornpellctur,
1327 4330 1476 4383 omni
1533 4335 1718 4390 studio
1761 4339 1921 4394 nobis
1971 4343 2025 4396 in

453 4426 575 4469 eam
617 4425 807 4466 curam
857 4421 941 4469 est
990 4414 1440 4487 incumbcndum,
1493 4432 1550 4476 ut
1585 4427 1806 4494 spinosa
1848 4434 2032 4488 omnia
2065 4414 2108 4467 D

453 4513 569 4559 tum
599 4504 762 4567 facta,
794 4512 908 4558 tum
941 4506 1107 4571 dicta,
1141 4517 1253 4562 tum
1284 4515 1519 4581 cogitata
1552 4532 1617 4571 ex
1654 4522 1803 4575 omni
1837 4533 2027 4580 nostra

451 4597 560 4650 vita
608 4596 875 4650 convulsa
926 4598 1307 4666 proﬁciamus,
1359 4613 1419 4657 ut
1469 4622 1601 4676 pura
1639 4611 2033 4685 innocentique

456 4687 675 4742 vivendi
727 4689 941 4743 ratione
976 4689 1152 4745 honor
1200 4701 1252 4748 et
1287 4696 1461 4765 gloria
1513 4699 1836 4771 emciamur,
1871 4717 2033 4779 atque

455 4779 695 4833 universi
741 4788 908 4850 caput
976 4781 1394 4856 nobismetipsis
1445 4790 1520 4843 uti
1566 4809 1622 4847 re
1662 4798 1901 4864 pretiosa
1939 4817 2031 4855 co-

452 4881 734 4923 ronemus.
768 4869 986 4927 Nullius
1019 4874 1166 4927 enim
1195 4878 1272 4930 rei
1317 4880 1441 4935 vilis
1472 4884 1585 4937 vult
1610 4901 1732 4943 esse
1764 4889 2029 4948 Dominus

451 4958 573 5053 ille,
617 4961 710 5029 qui
748 4961 935 5031 gloria:
989 4962 1255 5023 Dominus
1297 4980 1379 5025 est
1425 4972 1490 5027 ⁸⁸.
1545 4974 1809 5049 Quisquis
1865 4983 2031 5053 igitur

453 5049 511 5103 in
563 5051 783 5107 homine
831 5063 944 5108 tum
992 5057 1319 5116 abscondito
1347 5075 1460 5119 tum
1500 5070 1790 5127 manifesto
1829 5049 2030 5132 abhor-

454 5147 542 5236 ret
576 5141 664 5236 Διιι)
720 5146 873 5236 omni
927 5147 1268 5216 turpitudine
1326 5162 1380 5208 et
1433 5157 1692 5223 vanitate,
1739 5168 2027 5236 eum,'qui

450 5230 641 5298 gloria:
676 5247 785 5288 non
816 5234 1127 5303 ignominia:
1158 5238 1424 5298 Dominus
1452 5255 1558 5310 est,
1592 5251 1693 5306 sibi
1724 5230 2028 5327 principem

451 5324 761 5380 constituit.
816 5325 1087 5386 Praeterea
1144 5336 1472 5407 principium
1510 5352 1632 5397 est:
1678 5355 1841 5416 atque
1892 5324 2028 5404 adeo

448 5430 635 5470 rerum
668 5417 911 5472 omnium
944 5423 1273 5495 principium
1308 5432 1533 5489 minime
1561 5436 1798 5492 alienum
1836 5441 1903 5493 ah
1932 5441 2022 5507 iis,

450 5522 572 5576 quae
594 5522 658 5563 ex
697 5508 815 5577 ipso
838 5524 1276 5584 consequuntur.
1310 5521 1673 5587 Quamobrem
1708 5527 1755 5582 si
1785 5530 1908 5600 quis
1939 5534 2023 5587 vi-

2217 4251 2304 4314 Ὠς
2334 4250 2399 4304 ἂν
2424 4244 2513 4303 οὖν
2547 4247 2620 4319 μὴ
2642 4244 2912 4319 τ[οι]αὖτά
2947 4260 3076 4297 ποτε
3108 4244 3326 4313 ῥήματα
3348 4239 3471 4294 καθ’
3497 4242 3529 4311 ἡ
3539 4240 3655 4309 μῶν
3682 4242 3715 4296 ὁ

2139 4342 2251 4413 βίος
2284 4342 2440 4413 ἡμῶν
2468 4339 2842 4401 ὲκκαλέσαιτο,
2873 4335 3228 4407 ἐπιμελητέον
3267 4333 3332 4388 ἂν
3361 4332 3447 4401 εἴη
3475 4332 3570 4386 τοῦ
3605 4335 3714 4388 πᾶν

2140 4434 2441 4497 ἀκανθῶδες
2470 4433 2627 4503 ἔργον
2658 4447 2715 4484 τε
2745 4430 2838 4481 καὶ
2878 4429 3047 4499 ῥῆμα,
3075 4427 3165 4479 καὶ
3186 4425 3383 4496 νόημα,
3413 4425 3499 4478 διὰ
3532 4425 3713 4497 πάσης

2133 4526 2232 4596 τῆς
2257 4525 2401 4593 ζωῆς
2430 4522 2521 4577 τοῦ
2555 4521 2667 4591 βίου
2694 4519 2848 4589 ἡμῶν
2875 4515 3374 4580 ἀποσκευάσασθαι,
3410 4515 3497 4569 ἵνα
3521 4520 3588 4586 τῇ
3616 4536 3715 4571 κα..

2135 4618 2276 4688 θαρᾷ
2300 4633 2357 4668 τε
2385 4616 2477 4669 καὶ
2497 4612 2695 4669 ἀπαθεῖ
2719 4609 2962 4681 πολιτεία
2984 4609 3115 4679 τιμὴ
3140 4610 3234 4662 καὶ
3263 4606 3387 4670 δόξα
3407 4607 3712 4678 γενόμενοι,

2133 4709 2229 4779 τὴν
2273 4707 2365 4761 τοῦ
2415 4706 2614 4768 παντὸς
2655 4703 2894 4775 κεφαλὴν
2922 4701 2987 4755 δι’
3016 4700 3224 4755 ἑαυτῶν
3253 4699 3711 4770 στεφανώσωμεν,

2135 4799 2321 4870 ὥσπερ
2354 4815 2408 4851 τι
2454 4794 2732 4865 κειμήλιον
2779 4794 2872 4847 καὶ
2921 4792 3107 4861 κτῆμα
3148 4790 3226 4861 τῷ
3264 4791 3507 4860 Δεσπότῃ
3553 4790 3711 4858 γενό-

2131 4908 2302 4961 μενοι,
2337 4888 2562 4951 Οὐδενὸς
2590 4885 2696 4957 γὰρ
2726 4885 2923 4953 ἀτίμου
2953 4882 3307 4952 καταδέχεται
3338 4880 3539 4953 Κύριος
3569 4876 3713 4937 εἷναί

2126 4999 2184 5034 τε
2219 4981 2311 5034 καὶ
2340 4978 2592 5046 λέγεσθαι
2630 4978 2657 5028 ὁ
2679 4975 2776 5044 τῆς
2799 4973 2954 5041 δόξης
2986 4972 3205 5043 Κύριος.
3238 4972 3443 5028 Οὐκοῦν
3464 4972 3493 5025 ὁ
3528 4972 3712 5044 πάσης

2127 5072 2511 5143 ἀσχημοσύνης
2555 5086 2614 5121 τε
2662 5067 2755 5119 καὶ
2793 5064 3074 5134 βδελυρίας
3111 5064 3408 5136 ἀλλότριος,
3457 5064 3601 5119 κατά
3650 5081 3709 5118 τε

2126 5167 2216 5221 τὸν
2264 5164 2503 5237 κρυπτὸν
2551 5162 2642 5214 καὶ
2691 5160 3013 5229 φαινόμενον
3061 5156 3387 5227 ἄνθρωπον,
3439 5155 3710 5227 δεσπότην

2133 5257 2325 5314 ἑαυτοῦ
2373 5256 2603 5309 ποιεῖται
2649 5252 2739 5304 τὸν
2767 5250 2926 5320 δόξης
2975 5250 3069 5303 καλ⁷
3110 5250 3209 5302 οὐκ
3249 5248 3474 5316 ἀτιμίας
3502 5247 3710 5317 Κύριον

2131 5351 2261 5405 ὄντα.
2307 5365 2367 5401 τε
2412 5346 2505 5401 καὶ
2549 5344 2857 5414 λεγόμενον.
2916 5342 3072 5395 Ἔστι
3122 5340 3216 5394 καὶ
3248 5340 3429 5412 ἀρχήο
3480 5338 3625 5409 ἀρχὴ
3650 5338 3707 5390 δὲ

2130 5441 2326 5504 παντὸς
2357 5439 2676 5510 πράγματος
2703 5435 2801 5488 οὐκ
2831 5433 3123 5505 ἀλλοτρίως
3164 5433 3301 5505 πρὸς
3325 5431 3394 5484 τά
3426 5430 3545 5502 μεθ’
3581 5433 3706 5485 ἐαυ-

2124 5534 2221 5604 τὴν
2255 5533 2385 5603 ἔχει.
2420 5533 2481 5585 Εἰ
2506 5529 2613 5602 γὰρ
2637 5526 2781 5599 ζωὴν
2807 5525 2905 5597 τὴν
2931 5524 3104 5598 ἀρχὴν
3134 5521 3271 5579 εἷναί
3304 5541 3388 5587 τις
3418 5523 3663 5592 ὁρίσαιτο
3685 5537 3702 5553 ⁶

520 5622 743 5716 Ἅπασα.
768 5641 862 5693 xx,
896 5628 984 5687 17.
1063 5631 1107 5663 ⁸⁵
1136 5632 1276 5692 Psal.
1310 5655 1435 5710 Lvn,
1463 5644 1514 5705 «ί.
1596 5643 1825 5702 "Hebr.
1871 5662 1931 5713 lt.
1966 5647 2020 5711 7.-

2138 5651 2361 5713 ‘Matth.
2401 5664 2537 5716 uti,
2576 5645 2655 5701 ια.
2736 5638 2778 5670 ⁸⁷
2804 5636 2848 5693 ll
2875 5637 3001 5695 Cor.
3030 5658 3099 5709 vi,
3138 5641 3221 5696 15.
3299 5640 3342 5673 ⁸⁸
3370 5638 3515 5694 Psal.
3546 5654 3701 5705 xxiii,

449 5693 507 5763 8,.
528 5693 615 5759 ω.
