4034 6132
344 294 436 352 981
1324 296 1413 351 DE
1468 297 1832 355 PERFECTA
1888 300 2282 357 CHRISTIANI
2340 303 2603 359 FORMA.

3480 305 3588 361 288

349 411 455 479 ζωὴ
508 408 723 471 πάντως
774 409 870 462 καί
918 409 979 462 τὸ
1020 413 1156 479 μετὰ
1203 410 1301 482 τὴν
1346 413 1519 485 ἀρχὴν
1574 414 1726 468 ἔσται
1767 414 1914 469 νοού-

2017 423 2126 470 tam
2168 418 2498 486 principium
2543 416 2837 483 deﬁnierit,
2872 416 2983 471 vita
3014 416 3251 471 omnino
3277 424 3405 487 post
3433 417 3587 485 prin-

351 516 537 574 μενον·
586 501 683 553 καὶ
724 504 773 553 εἰ
819 500 936 569 φῶς
968 502 1000 573 ή
1036 501 1199 574 ἁρχὴ,
1255 503 1371 572 φῶς
1404 505 1498 559 καὶ
1537 506 1598 559 τὸ
1644 505 1784 578 μετὰ
1817 508 1915 576 τὴν

345 592 512 663 ἀρχὴν
543 591 887 664 νοηθὴσεται.
938 592 1002 645 Τί
1053 587 1146 647 οὖν
1175 593 1265 647 διὰ
1306 594 1400 648 τοῦ
1433 597 1707 651 πιστεύειν
1754 598 1916 653 αὐτὸν

344 678 477 737 εἶναι
528 684 703 755 ἀρχὴν
754 682 1159 756 ὠφελούμεθα;
1220 685 1294 739 Τὸ
1343 686 1596 756 γενέσθαι
1643 689 1916 754 τοιούτους

342 777 506 848 ἡμᾶς,
530 776 646 830 οἵαν
676 773 814 830 εἶναι
842 776 942 849 τὴν
972 776 1144 848 ἀρχὴν
1166 776 1321 849 ἡμῶν
1348 779 1809 851 πεπιστεύκαμεν.
1838 782 1915 834 Οὐ

342 865 447 936 γὰρ
468 866 690 930 σκότους
715 867 857 939 ἀρχὴ
883 867 944 920 τὸ
963 867 1077 938 φῶς
1098 867 1425 939 ὀνομάζεται
1453 888 1465 901 ·
1504 870 1625 924 οὐδὲ
1650 871 1751 941 τῆς
1773 870 1918 943 ζωῆς

342 961 419 1022 εἰς
445 959 621 1030 ἀρχὴν
650 958 988 1029 τεταγμένης
1013 998 1029 1024 ,
1071 959 1161 1013 τὸν
1196 960 1422 1015 θάνατον
1469 961 1531 1015 τὺ
1566 962 1786 1034 συνεχὲς
1817 964 1929 1035 τῆς.

342 1048 486 1118 ζωῆς
519 1049 840 1119 ὲνοήσαμεν.
902 1048 1039 1101 Ἀλλ’
1087 1050 1135 1102 εἰ
1171 1050 1244 1120 μή
1288 1067 1373 1113 τις
1402 1050 1655 1122 ὁμοφυῶς
1690 1052 1825 1123 πρὸς
1856 1052 1917 1106 τὸ

340 1139 746 1211 καθηγούμενον
772 1138 907 1210 ἔχοι,
932 1140 999 1193 δι’
1028 1140 1296 1205 ἀπαθείας
1326 1128 1419 1197 καὶ
1446 1143 1649 1213 ἀρετῆς
1677 1146 1742 1216 τῇ
1770 1145 1913 1217 ἀρχῇ

342 1231 762 1315 συναπτόμενος,
817 1231 918 1284 οὐκ
969 1230 1035 1286 ἂν
1079 1230 1287 1299 γένοιτο
1313 1231 1500 1287 τούτου
1542 1234 1717 1306 ἀρχὴ,
1740 1237 1774 1307 ἡ
1804 1235 1916 1289 τῶν

339 1322 509 1377 δντων
554 1322 720 1394 ἀρχή.
769 1319 1054 1376 Σκοτεινοῦ
1108 1322 1261 1393 βίου,
1313 1326 1343 1378 ὁ
1387 1325 1785 1398 κοσμοκράτωρ
1819 1324 1915 1380 τοῦ

341 1414 588 1477 σκότους,
624 1414 768 1486 ἀρχή
793 1431 807 1444 ·
831 1413 931 1484 τῆς
963 1413 1339 1486 θανατηφόρου
1381 1417 1674 1488 ἁμαρτίας,
1714 1419 1743 1471 ό
1777 1416 1917 1488 ἔχων

338 1504 433 1558 τοῦ
464 1503 692 1558 θανάτου
724 1502 784 1557 τὸ
815 1504 1034 1574 κράτος.
1083 1505 1197 1558 Οὐκ
1222 1503 1368 1560 ἔστιν
1397 1501 1489 1559 οὖν
1513 1506 1601 1560 διὰ
1636 1506 1916 1579 μοχθηρᾶς

338 1595 487 1664 ζωῆς
519 1595 623 1649 ὑπὸ
650 1596 751 1666 τὴν
781 1595 875 1649 τοῦ
925 1596 1149 1659 σκότους
1191 1595 1363 1668 ἀρχὴν
1405 1596 1771 1668 τεταγμένον,
1816 1598 1916 1670 τὴν

336 1689 543 1752 παντὸς
568 1688 774 1757 ἀγαθοῦ
796 1689 970 1761 ἀρχὴν
997 1690 1190 1743 ἑαυτοῦ
1219 1684 1358 1742 εἶναι
1384 1687 1561 1755 λέγειν
1587 1689 1759 1761 ἀρχήν
1777 1706 1792 1720 ·
1818 1690 1917 1761 τῆς

2017 508 2224 578 cipium
2273 509 2628 581 intelligetur.
2681 507 2738 562 Si
2778 509 2868 563 lux
2897 516 2982 564 est
3022 509 3379 589 principium,
3434 516 3489 563 ct
3525 524 3590 563 ea

2018 609 2143 673 post
2165 602 2494 672 principium
2534 601 2887 673 cogitabitur.
2921 601 3063 668 Quid
3088 601 3258 672 igitur
3283 616 3419 671 eum
3442 601 3590 670 priri-

2017 694 2218 764 cipium
2259 709 2383 749 esse
2429 693 2717 750 credentes
2759 693 3147 763 assequimur?
3191 691 3246 747 Id
3294 693 3587 756 nimirum,

2016 792 2079 838 ut
2134 786 2272 840 tales
2320 787 2518 849 simus,
2564 785 2727 856 quale
2774 784 3103 855 principium
3162 791 3411 838 nostrum
3469 797 3591 837 esse

2017 875 2372 933 credidimus.
2426 876 2615 948 Neque
2657 877 2805 932 enim
2854 876 3198 932 tenebrarum
3259 874 3591 945 principium

2018 971 2111 1025 lux
2147 969 2382 1036 dicitur;
2437 984 2638 1038 neque,
2691 982 2817 1022 cum
2859 967 2930 1022 ad
2987 967 3318 1036 principium
3361 966 3473 1019 vita
3520 965 3594 1020 sit

2017 1062 2267 1117 instituta
2313 1070 2477 1131 atque
2525 1060 2757 1125 directa,
2782 1074 2908 1114 eum
2940 1059 3191 1112 ordinem
3223 1064 3277 1111 et
3308 1057 3433 1111 vitae
3462 1067 3596 1111 con-

1974 1210 1981 1217 ,
2016 1153 2376 1208 tinuationem
2409 1159 2641 1207 mortem
2680 1165 2803 1207 esse
2841 1148 3159 1204 didicimus.
3203 1147 3356 1214 Quod
3386 1148 3431 1203 si
3466 1148 3594 1217 quis

2017 1253 2228 1300 natura:
2254 1243 2617 1301 similitudine
2640 1257 2748 1297 non
2784 1247 3050 1310 sequatur
3068 1238 3423 1309 principium,
3444 1236 3592 1307 quod

2016 1336 2300 1408 praecedit,
2350 1337 2514 1405 eique
2552 1341 2677 1405 apte
2716 1330 3032 1388 innocentia
3069 1331 3381 1397 virtuteque
3406 1328 3592 1383 cohae-

2018 1439 2170 1494 reat,
2212 1427 2336 1498 ejus
2374 1427 2707 1498 principium
2754 1439 2877 1481 esse
2928 1437 3037 1478 non
3100 1419 3301 1492 poterit
3358 1418 3451 1473 ille
3499 1418 3595 1488 qui

2015 1535 2202 1576 rerum
2254 1517 2589 1589 principium
2640 1522 2748 1571 est.
2801 1514 3065 1570 Obscura:
3124 1509 3596 1587 tenebricosaaque

2015 1613 2140 1667 vitae
2187 1611 2514 1682 principium
2553 1616 2640 1664 est
2677 1606 2867 1684 mundi
2923 1604 3086 1660 istius
3127 1617 3193 1657 ac
3247 1600 3597 1657 tenebrarum

2018 1703 2325 1773 princeps;
2376 1698 2647 1756 mortiferi
2704 1696 2915 1768 peccati
2962 1694 3295 1766 principium
3348 1700 3434 1748 est
3482 1690 3595 1755 ille,

333 1776 391 1830 δὲ
422 1777 594 1846 αὐτῆς
620 1776 803 1847 ἔχεται
833 1777 1071 1842 διανοίας
1092 1817 1110 1842 ,
1159 1780 1271 1842 τοῖς
1303 1780 1442 1850 πρὸς
1470 1779 1531 1832 τὸ
1562 1778 1690 1833 ίδιον
1716 1780 1917 1849 ἀγαθὸν

2019 1792 2114 1865 qui
2162 1792 2359 1848 mortis
2404 1791 2572 1846 habet
2606 1796 2959 1861 potestatem.
2997 1785 3209 1842 Idcirco
3254 1798 3367 1839 non
3415 1789 3598 1853 potest

333 1869 437 1934 τὰς
475 1869 625 1933 θείας
657 1870 840 1939 φωνάς
868 1870 1273 1941 ὲκλαμὸάνουσι
1301 1909 1317 1934 ,
1366 1871 1426 1925 τὸ
1460 1872 1553 1924 καὶ
1584 1870 1808 1941 βασιλέα
1840 1872 1920 1926 δι-

335 1960 633 2032 καιοσύνης
658 1977 717 2013 τε
745 1961 836 2014 καὶ
861 1961 1082 2032 εἰρήνης
1100 1961 1261 2015 αὐτὸν
1282 1961 1659 2033 ὀνομάζεσθαι.
1703 1961 1765 2018 Ὀ
1786 1963 1918 2035 γάρ,

333 2052 477 2106 κατὰ
506 2051 605 2123 τὴν
632 2051 979 2106 διδασκαλίαν
1003 2053 1104 2123 τῆς
1135 2054 1470 2124 προσευχῆς,
1504 2054 1676 2109 ἐλθεῖν
1707 2056 1793 2110 ἐπ’
1817 2056 1918 2111 αὐ-

330 2144 428 2198 τὸν
469 2145 572 2216 τὴν
619 2142 715 2197 τοῦ
763 2143 897 2198 Θεοῦ
945 2144 1224 2216 βασιλείαν
1262 2145 1573 2216 εὐχόμενος,
1619 2142 1806 2218 μαθὼν
1835 2148 1918 2202 ὄτι

328 2237 682 2309 δικαιοσύνης
712 2255 772 2291 τε
800 2237 894 2291 καὶ
919 2240 1140 2311 εἰρήνης
1185 2240 1302 2293 ἐστί
1333 2239 1586 2310 βασιλεὺς
1612 2242 1641 2294 ὁ
1666 2241 1918 2313 ἀληθινὸς

331 2328 592 2400 βασιλεὺς
618 2368 634 2394 ,
696 2330 1031 2402 κατορθώσει
1099 2331 1316 2396 πάντως
1380 2331 1458 2402 τῷ
1511 2333 1626 2405 ἰδίῳ
1672 2332 1773 2405 βίῳ
1818 2334 1917 2406 τὴν

327 2420 678 2492 δικαιοσύνην
706 2438 766 2475 τε
800 2424 894 2476 καὶ
918 2424 1162 2494 εἰρήνην,
1204 2423 1290 2476 ἵνα
1319 2423 1635 2498 βασιλεύσῃ,
1665 2424 1854 2490 αἰτῶν,
1888 2427 1917 2478 ὁ

326 2513 433 2584 τῆς
462 2512 815 2583 δικαιοσύνης
850 2513 1103 2585 βασιλεὺς
1147 2516 1243 2568 καὶ
1279 2516 1378 2585 τῆς
1418 2517 1660 2588 εἰρήνης.
1708 2517 1918 2570 Οὐκοῦν

326 2606 567 2675 στρατὸς
605 2606 702 2676 μὲν
725 2609 925 2660 νοεῖται
958 2606 1051 2659 τοῦ
1081 2605 1366 2677 βασιλέως,
1399 2608 1547 2661 πᾶσα
1579 2608 1747 2679 ἀρετή
1779 2625 1790 2639 ·
1827 2608 1918 2662 διὰ

325 2699 442 2771 γὰρ
489 2699 596 2769 τῆς
641 2699 984 2769 δικαιοσύνης
1027 2715 1088 2752 τε
1140 2700 1234 2753 καὶ
1277 2700 1502 2770 εἰρήνης
1553 2700 1732 2764 πάσας
1761 2695 1916 2770 οἶμαι

323 2787 439 2841 δεῖν
463 2787 566 2851 τὰς
594 2789 794 2859 ἀρετὰς
826 2791 966 2843 νοεῖν
992 2802 1006 2820 ο
1039 2790 1197 2853 εἴτις
1226 2785 1319 2844 οὖν
1351 2790 1782 2862 λειποτακτήσας
1809 2790 1918 2845 ἀπὸ

323 2881 431 2952 τῆς
461 2879 560 2933 τοῦ
593 2879 727 2934 Θεοῦ
763 2881 1023 2952 στρατιᾶς
1043 2919 1059 2945 ,
1107 2883 1172 2952 τῇ
1203 2882 1506 2954 παρατάξει
1538 2882 1646 2937 τῶν
1678 2882 1914 2953 ἀλλοφύ-

324 2971 441 3024 λῶν
489 2972 684 3024 ἑαυτὸν
736 2971 1051 3038 καταλέξειε
1075 3012 1091 3037 ,
1138 2971 1230 3026 τοῦ
1291 2973 1512 3045 εὑρέτου
1570 2975 1669 3045 τῆς
1719 2974 1916 3039 κακίας

324 3062 563 3133 ὁπλίτης
608 3062 928 3133 γενόμενος,
977 3064 1069 3118 καὶ
1118 3064 1524 3135 ἀποδυσάμενος
1568 3065 1660 3118 τὸν
1692 3065 1915 3138 θώρακα

324 3158 431 3227 τῆς
458 3156 825 3227 δικαιοσύνης,
860 3156 953 3210 καὶ
1001 3159 1182 3211 πᾶσαν
1211 3156 1311 3227 τὴν
1360 3157 1641 3228 εἰρηνικὴν
1680 3176 1914 3213 παντευο

325 3248 456 3317 χίαν
484 3264 497 3277 ·
531 3244 647 3309 πῶς
676 3240 829 3310 οὗτος
859 3246 964 3300 ὑπὸ
992 3246 1084 3298 τὸν
1107 3244 1329 3316 βασιλέα
1356 3248 1454 3316 τῆς
1479 3247 1700 3318 εἰρήνης
1722 3247 1917 3319 ταχθή-

326 3357 509 3405 σεται,
541 3339 803 3411 ῥίψασπις
829 3338 929 3408 τῆς
950 3337 1208 3410 ἀληθείας
1235 3339 1524 3409 γενόμενος
1547 3356 1561 3404 ;
1590 3341 1757 3410 Δῆλον
1785 3341 1914 3414 γὰρ,

322 3432 410 3487 ὅτι
439 3431 504 3485 τὸ
538 3431 806 3502 ἐπίσημον
833 3429 997 3484 αὑτοῦ
1042 3431 1142 3500 τῆς
1167 3430 1435 3496 ὁπλίσεως
1460 3431 1622 3497 δείξει
1647 3433 1737 3486 τὸν
1767 3432 1918 3503 βασι-

324 3524 579 3589 λεύοντα,
613 3524 732 3577 ἀντὶ
757 3523 857 3593 τῆς
891 3523 1461 3593 ὲνσκιογραφουμένης
1493 3527 1606 3587 τοῖς
1628 3525 1812 3589 ὅπλοις
1840 3527 1918 3578 εἰ·

326 3617 492 3680 κόνος
517 3616 577 3668 ὲν
608 3613 685 3685 τῷ
715 3614 1021 3685 χαρακτῆρι
1057 3613 1151 3667 τοῦ
1198 3613 1314 3685 βίου
1359 3615 1617 3670 δεικνύων
1658 3615 1749 3669 τὸν
1782 3616 1916 3670 καθ-

322 3707 657 3780 ηγούμενον.
699 3709 786 3772 Ὧς
835 3707 1104 3778 μακάριος
1144 3709 1372 3772 ἐκεῖνος,
1415 3710 1445 3762 ό
1483 3709 1587 3763 ὑπὸ
1630 3709 1729 3781 τὴν
1767 3709 1918 3765 θείαν

323 3799 669 3873 στρατηγίαν
712 3799 1043 3870 τεταγμένος
1067 3838 1081 3862 ,
1133 3800 1227 3852 καὶ
1278 3802 1389 3863 τοῖς
1430 3801 1672 3871 τάγματι
1712 3802 1820 3856 τῶν
1858 3805 1951 3857 ὲνο

326 3891 598 3963 μυριάσιν
625 3891 1041 3962 ἀριθμουμένων
1065 3890 1502 3962 κατειλεγμένος,
1531 3892 1626 3946 καὶ
1657 3894 1793 3964 μετὰ
1817 3895 1919 3966 τῆς

324 3983 531 4048 κακίας
558 3983 647 4036 διὰ
674 3983 783 4036 τῶν
810 3983 1023 4054 ἀρετῶν
1065 3983 1416 4053 όπλιζόμενος
1436 4027 1450 4048 ,
1484 3988 1541 4040 αἰ
1589 3985 1686 4058 τὴν
1736 3989 1920 4042 εἰκόνα

323 4075 427 4131 τοῦ
450 4074 737 4147 βασιλέως,
762 4074 855 4128 τοῦ
880 4075 1237 4145 ὲνδυσαμένου
1261 4076 1451 4140 αὐτὰς,
1478 4077 1914 4148 ἐπισημαίνονται.

325 4170 444 4224 Καὶ
466 4167 519 4222 τί
543 4170 648 4242 χρὴ
679 4169 986 4239 περαιτέρω
1009 4169 1099 4222 τὸν
1132 4169 1287 4236 λόγον
1312 4169 1594 4240 προάγειν,
1621 4171 1800 4235 πάσας
1818 4172 1918 4236 τὰς

328 4261 557 4332 φωνὰς,
607 4256 696 4324 αἷς
740 4260 801 4313 τὸ
847 4259 942 4313 τοῦ
990 4259 1227 4332 Χριστοῦ
1282 4261 1691 4331 διερμηνεύεται
1724 4263 1916 4334 ὄνομα,

328 4353 662 4426 προτιθέντα
689 4354 753 4423 τῇ
784 4351 1072 4423 ἀκολουθίᾳ
1096 4353 1198 4421 τῆς
1242 4352 1560 4418 ἐξετάσεως,
1604 4354 1673 4407 δι’
1700 4347 1774 4409 ὧν
1804 4354 1918 4408 ἔστι

2018 1900 2165 1952 eum,
2201 1884 2297 1952 qui
2349 1884 2618 1938 bonorum
2659 1881 2905 1936 omnium
2932 1877 3265 1949 principium
3301 1882 3408 1938 est,
3438 1872 3597 1945 prin-

2018 1976 2224 2047 cipium
2253 1990 2414 2030 suum
2441 1988 2568 2031 esse
2587 1972 2794 2036 dicere,
2827 1970 2922 2040 qui
2942 1969 3046 2024 sub
3072 1967 3424 2023 tenebrarum
3447 1966 3599 2036 prin-

2019 2067 2165 2138 cipio
2208 2066 2478 2137 ﬂagitiose
2522 2063 2691 2119 vitam
2735 2060 3010 2128 instituit;
3049 2060 3146 2131 qui
3190 2072 3356 2115 voces
3380 2058 3598 2113 divinas

2019 2161 2087 2216 ad
2118 2159 2392 2230 pr0priam
2418 2157 2709 2213 utilitatem
2739 2155 3042 2226 excipiunt,
3065 2152 3256 2208 eodem
3285 2152 3449 2207 modo
3479 2150 3599 2205 ani-

2018 2252 2127 2315 mis
2162 2248 2486 2315 adicientur,
2530 2262 2657 2303 cum
2703 2246 2936 2317 iustitia:
2980 2245 3246 2315 pacisque
3271 2257 3454 2312 regem
3497 2255 3598 2296 no-

2018 2343 2224 2399 minari
2267 2341 2552 2398 Christum
2606 2339 2935 2409 intelligent.
2967 2336 3184 2391 Etenim
3232 2334 3328 2406 qui
3376 2348 3442 2391 ex
3477 2347 3600 2403 pre-

2019 2437 2181 2493 candi
2227 2434 2522 2506 disciplina
2564 2434 2846 2494 obsecrat,
2892 2437 2954 2486 ut
3009 2433 3066 2484 in
3109 2427 3355 2499 seipsum
3413 2425 3599 2480 veniat

2018 2540 2247 2598 regnum
2284 2523 2528 2586 Domini,
2565 2536 2692 2576 cum
2732 2536 2857 2575 eum
2885 2520 2980 2590 qui
3012 2533 3141 2573 vere
3170 2525 3256 2573 est
3287 2531 3405 2576 rex.
3429 2513 3598 2583 justi-

2019 2619 2110 2674 tiae
2162 2626 2217 2672 et
2257 2616 2438 2687 .pacis
2494 2628 2680 2684 regem
2732 2626 2857 2669 esse
2920 2608 3281 2682 cognoverit,
3328 2605 3597 2678 justitiam

2019 2723 2248 2782 prorsus
2296 2716 2351 2763 et
2401 2721 2589 2778 pacem
2642 2705 2699 2759 in
2749 2703 2974 2775 pr0pria
3021 2703 3134 2757 vita
3178 2700 3595 2770 complectetur,

2018 2808 2080 2857 ut
2113 2800 2168 2855 in
2202 2814 2261 2855 se
2285 2813 2380 2854 rex
2407 2796 2639 2868 iustitia:
2669 2801 2724 2850 et
2748 2794 2898 2864 pacis
2923 2798 3130 2862 regnet.
3163 2790 3319 2858 Quod
3353 2790 3401 2844 si
3429 2788 3597 2858 hujus

2018 2892 2163 2962 regis
2199 2888 2499 2945 exercitum
2542 2887 2778 2941 virtutes
2825 2883 3034 2939 iaciunt
3079 2882 3253 2952 (nam
3288 2878 3501 2950 iustitia
3543 2883 3598 2933 et

2017 2996 2153 3052 pace
2197 2980 2434 3036 arbitror
2479 2978 2710 3033 virtutes
2751 2989 2943 3030 omnes
2992 2972 3297 3043 intelligi),
3350 2970 3443 3040 qui
3500 2967 3597 3024 Dei

2019 3070 2265 3125 militiam
2306 3070 2568 3125 deserens
2621 3083 2681 3123 se
2725 3074 2985 3136 tanquam
3033 3063 3256 3118 malitia:
3296 3060 3597 3116 inventoris

2017 3163 2275 3228 militem,
2305 3162 2520 3231 abiecto
2541 3160 2769 3230 iustitiae
2799 3157 3025 3213 thorace
3055 3162 3110 3211 et
3137 3154 3285 3209 omni
3319 3160 3598 3207 armatura

2016 3254 2278 3328 paciﬁca,
2328 3254 2382 3308 in
2431 3253 2550 3307 acie
2593 3249 3034 3306 adversariorum
3085 3246 3418 3310 constituet,
3462 3260 3599 3316 quo-

2016 3348 2180 3402 modo
2222 3346 2311 3401 hic
2341 3360 2371 3399 a
2406 3345 2640 3400 veritate
2687 3343 2902 3397 alienus
2935 3338 3039 3395 sub
3078 3337 3310 3409 iustitiae
3341 3350 3467 3406 rege
3490 3336 3599 3391 col-

2014 3438 2288 3494 iocabitur
2311 3438 2334 3491 ἰ
2356 3435 2491 3505 Ejus
2511 3437 2656 3489 enim
2685 3441 2981 3487 armaturae
3002 3430 3216 3499 insigne
3237 3428 3396 3497 plane
3415 3440 3596 3497 regem

2016 3530 2192 3600 ipsius
2239 3527 2533 3592 indicabit,
2586 3525 2787 3595 quippe
2826 3521 2920 3591 qui
2958 3519 3174 3574 vivendi
3225 3518 3437 3571 ratione
3478 3522 3599 3569 tan-

2016 3634 2180 3690 quam
2239 3619 2504 3686 impressa
2562 3614 2732 3669 armis
2791 3611 3030 3680 imagine
3079 3608 3274 3664 ducem
3337 3606 3595 3662 ostendat

2017 3726 2197 3766 suum.
2247 3708 2427 3774 Quare
2479 3705 2671 3760 beatus
2721 3703 2832 3767 ille,
2886 3700 2983 3771 qui
3039 3700 3095 3754 in
3154 3698 3340 3753 divina
3399 3697 3598 3751 militia

2017 3799 2349 3855 constitutus
2381 3806 2484 3860 est,
2508 3802 2563 3850 et
2608 3791 2894 3847 ordinibus
2922 3802 3113 3844 eorum
3137 3786 3230 3857 qui
3262 3786 3316 3839 in
3350 3784 3596 3839 millibus

2018 3890 2252 3944 millium
2279 3893 2640 3942 numerantur
2664 3880 2977 3950 adscriptus
3014 3879 3082 3943 ",
3115 3884 3307 3933 contra
3332 3874 3596 3929 malitiam

2017 3981 2315 4035 virtutibus
2362 3983 2628 4038 armatur,
2668 3989 2791 4043 quae
2832 3973 2886 4025 in
2917 3985 2983 4026 eo
3029 3970 3123 4040 qui
3154 3970 3307 4039 ipsas
3353 3966 3598 4020 induerit

2019 4073 2312 4142 imaginem
2353 4069 2499 4139 regis
2544 4067 2949 4122 demonstrant.
2982 4061 3275 4124 Caeterum,
3320 4057 3453 4129 quid
3513 4063 3599 4112 cst

2019 4177 2248 4219 necesse
2297 4167 2358 4215 ut
2410 4173 2506 4213 eas
2554 4168 2740 4220 voces,
2791 4152 2993 4224 quibus
3030 4148 3239 4205 Christi
3276 4161 3471 4201 nomen
3501 4159 3597 4197 cx-

2021 4257 2258 4327 plicatur
2295 4262 2351 4307 et
2405 4251 2471 4305 ad
2507 4256 2715 4305 rectam
2745 4261 2809 4302 ex
2844 4246 3049 4299 virtute
3072 4239 3287 4297 vivendi
3330 4237 3597 4291 rationem

2020 4348 2356 4420 pervenitur,
2407 4358 2533 4398 cum
2585 4355 2648 4395 ea
2701 4337 2939 4393 nominis
2994 4333 3213 4405 propria
3260 4330 3332 4384 sit
3378 4327 3484 4391 vis,
3539 4334 3599 4379 ut

330 4423 468 4518 πρὸς
496 4445 589 4500 τὸν
624 4446 743 4498 κατ’
774 4444 973 4515 ἀρετὴν
1002 4443 1113 4513 βίον
1137 4443 1490 4514 ὁδηγηθῆναι,
1535 4446 1764 4499 ἑκάστου
1800 4446 1914 4500 ὀνό-

2024 4441 2183 4498 nobis
2213 4439 2440 4495 omnino
2479 4434 2544 4489 ad
2578 4435 2704 4488 vita:
2735 4429 3124 4502 perfectionem
3150 4423 3442 4485 conducat,
3472 4431 3598 4488 pro-

332 4556 528 4609 ματος.
572 4536 664 4591 διὰ
693 4536 794 4605 τῆς
839 4535 1046 4598 οἰκείας
1074 4536 1385 4606 ἐμφάσεως,
1435 4522 1821 4607 συνεργοῦντός
1864 4555 1917 4591 τι

2021 4542 2310 4605 ponentes,
2364 4539 2527 4599 atque
2575 4524 2770 4579 ordine
2807 4520 3173 4580 declarantes,
3225 4513 3439 4582 longius
3471 4523 3598 4578 pro-

331 4631 552 4693 πάντως
599 4630 730 4700 ἡμῖν
780 4628 918 4700 πρὸς
966 4628 1063 4699 τὴν
1108 4630 1202 4682 τοῦ
1254 4629 1368 4699 βίου
1418 4631 1733 4699 τελείωσιν;
1782 4632 1919 4687 ἀλλὰ

329 4720 516 4784 καλῶς
548 4719 697 4790 ἔχειν
728 4719 869 4789 φημὶ
900 4718 999 4788 τὴν
1031 4719 1141 4772 τῶν
1190 4722 1669 4791 μνημονευθέντων
1715 4726 1916 4778 ἀνακεο

332 4810 750 4883 ᾳαλαιώσασθαι
805 4812 1060 4881 μνήμην·
1115 4811 1255 4865 ὥστε
1305 4815 1428 4868 τινὰ
1474 4816 1727 4883 γενέσθαι
1764 4834 1916 4888 χειρ-

333 4904 582 4974 αγωγίαν
606 4904 736 4975 ἡμῖν
760 4902 895 4973 πρὸς
917 4903 1006 4957 τὸν
1032 4903 1126 4957 τοῦ
1151 4904 1308 4971 λόγου
1335 4906 1554 4970 σκοπὸν,
1588 4907 1646 4960 ὃν
1665 4908 1723 4974 ἐξ
1744 4909 1916 4980 ἀρχῆς

334 4996 652 5067 ὑπεθέμεθα
682 5014 696 5029 ·
732 4995 1052 5067 ζητοῦντες,
1103 4996 1220 5060 πῶς
1265 4998 1330 5052 ἄν
1377 5016 1462 5062 τις
1506 5000 1566 5052 τὸ
1608 5000 1812 5053 τέλειον
1860 5003 1917 5054 ὲν

336 5089 517 5161 ἑαυτῷ
549 5086 964 5160 κατορθώσειεν.
1022 5084 1188 5158 Οἶμαι
1222 5088 1348 5161 γὰρ,
1394 5091 1443 5143 εἰ
1474 5091 1557 5143 ἀεὶ
1585 5092 1743 5145 τοῦτο
1767 5093 1919 5161 λογί-

337 5181 503 5246 ζοιτο,
534 5182 620 5234 ὅτι
650 5180 907 5244 κοινωνός
935 5181 1049 5234 ἐστι
1093 5180 1186 5234 τοῦ
1217 5183 1686 5253 προσκυνούμενον
1716 5184 1916 5254 ὀνόμα-

335 5289 448 5337 τος,
480 5270 626 5326 κατά
660 5271 721 5324 τὸ
748 5270 923 5339 δόγμα
950 5270 1058 5322 τῶν
1083 5271 1395 5325 ἀποστόλων
1427 5273 1751 5344 Χριστιανὸς
1780 5291 1918 5344 χρη-

341 5362 605 5433 ματίζων,
641 5361 956 5429 ἀναγκαίως
986 5361 1080 5415 καὶ
1107 5362 1215 5415 τῶν
1242 5361 1415 5417 ἄλλων
1444 5363 1743 5434 ὀνομάτων,
1775 5358 1856 5428 οἷς
1887 5365 1917 5416 ό

336 5457 573 5525 Χριστὸς
604 5458 828 5510 νοεῖται.
865 5455 961 5509 καὶ
990 5454 1075 5523 ἐφ’
1101 5454 1292 5509 ἑαυτοῦ
1331 5455 1502 5521 δεῖξαι
1534 5457 1632 5527 τὴν
1664 5456 1913 5528 δύναμιν,

338 5547 593 5610 κοινωνὸς
622 5546 859 5617 ἑκάστης
887 5546 1132 5616 κλήσεως
1154 5545 1243 5600 διὰ
1267 5546 1361 5599 τοῦ
1395 5546 1509 5617 βίου
1540 5549 1841 5617 γινόμενος.

2017 4597 2373 4696 grediamur?
2424 4597 2548 4673 cum
2581 4613 2721 4670 satis
2754 4624 2873 4665 mea
2922 4607 3144 4678 quidem
3203 4599 3474 4658 sententia
3500 4597 3594 4663 sit,

2019 4690 2067 4773 si
2110 4730 2194 4780 ea,
2243 4728 2367 4784 quae
2416 4703 2991 4765 commemoravimus,
3038 4694 3303 4752 memoria
3358 4690 3597 4746 breviter

2017 4779 2329 4880 repetentes
2365 4803 2420 4856 in
2454 4811 2729 4856 summam
2761 4793 3110 4864 redigamus,
3153 4799 3274 4856 quae
3323 4781 3483 4837 nobis
3526 4779 3596 4834 ad

2019 4870 2143 4958 eum
2192 4898 2354 4953 tinent
2383 4902 2643 4961 tanquam
2675 4887 2783 4942 dux
2816 4883 3070 4942 exsistat,
3117 4890 3279 4948 quem
3327 4870 3595 4929 orationis

2015 4992 2171 5049 initio
2210 4983 2618 5058 proposuimus.
2659 4993 2784 5033 cum
2828 4975 2926 5029 abs
2973 4980 3028 5029 te
3075 4973 3432 5040 quaereretur,
3458 4976 3596 5032 quo-

2014 5081 2180 5139 modo
2218 5078 2343 5151 quis
2377 5077 2432 5131 in
2468 5074 2652 5144 seipso
2682 5066 2986 5140 perfectum
3026 5058 3246 5116 vivendi
3284 5069 3459 5127 genus
3498 5067 3590 5109 as-

2015 5174 2171 5244 sequi
2220 5147 2429 5242 posset.
2480 5167 2539 5221 Si
2577 5162 2706 5234 quis
2746 5158 2892 5216 enim
2936 5152 3159 5211 assidue
3207 5147 3502 5204 meditetur
3538 5152 3594 5199 et

2016 5238 2240 5340 cogitet,
2291 5278 2352 5319 se
2412 5255 2677 5316 adorandi
2741 5249 2982 5307 nominis
3047 5260 3171 5301 esse
3234 5238 3591 5313 participem,

2024 5333 2173 5420 (ιι-οι
2202 5355 2577 5430 apostolorum
2620 5345 2874 5403 instituto
2902 5338 3279 5395 Christianum
3308 5333 3440 5399 dici,
3467 5344 3594 5389 eum

2023 5469 2124 5526 ego
2158 5423 2497 5521 singularum
2533 5442 2659 5497 vitae
2709 5434 3134 5508 appellationum
3167 5434 3474 5499 compotem
3509 5423 3593 5478 fa-

2023 5517 2193 5608 ctum.
2228 5517 2539 5598 necessario
2563 5533 2729 5590 etiam
2775 5528 3009 5586 aliorum
3050 5523 3359 5588 nominum,
3395 5517 3595 5590 quibus

339 5641 594 5698 Christus
623 5649 994 5712 nuncupatur,
1032 5642 1273 5699 arbitror
1299 5643 1354 5698 in
1394 5660 1451 5701 se
1492 5645 1610 5715 ipso
1642 5652 1992 5702 ostensurum
2034 5656 2157 5699 esse
2187 5640 2534 5710 potestatem.

434 5759 478 5793 "
504 5760 675 5834 Apoc.
704 5776 802 5834 γυ,
835 5761 860 5818 4
892 5776 1012 5834 sqq.
1080 5844 1088 5851 ε
