4034 6132
409 230 515 289 285

1681 248 1739 305 S.
1771 246 2091 306 GREGORII
2132 250 2425 309 NYSSENI

3540 252 3644 313 281

478 341 635 410 Quod
673 333 852 403 autem
882 344 1026 417 dico,
1052 351 1132 408 sic
1162 353 1273 410 fere
1302 357 1468 415 habet
1488 378 1508 414 τ
1544 358 1673 416 Tria
1703 370 1829 419 sunt
1853 380 1959 434 qua

2147 364 2272 422 Οἷόν
2302 386 2353 421 τι
2369 367 2512 436 λέγω
2535 382 2550 400 ο
2590 364 2729 437 Τρία
2750 363 2817 419 τά
2848 364 3356 436 χαρακτηριζόμενα
3386 364 3479 418 τοῦ
3513 367 3649 438 Χρι-

407 430 707 489 Christiani
736 437 898 491 vitam
922 439 1203 496 declarant
1229 453 1392 515 atque
1417 449 1782 521 distinguunt,
1810 430 1973 518 actio,

407 535 613 586 sermo,
643 527 924 594 cogitatio.
968 529 1047 583 Ex
1076 532 1163 589 bis
1210 537 1415 605 primas
1440 540 1650 596 obtinet
1683 544 1971 613 cngitatio;

408 615 652 669 secundo
705 618 824 672 loco
879 621 1103 689 ponitur
1150 639 1352 694 sermo,
1410 632 1504 700 qui
1545 643 1867 703 conceptam
1920 642 1976 690 et

406 703 731 775 impressam
781 710 966 766 animo
1014 717 1402 784 cogitationem
1454 724 1639 779 verbis
1699 728 1873 795 aperit
1921 734 1975 781 et

341 803 349 808 ·
405 795 667 862 exponit:
698 805 821 866 post
860 802 1243 870 cogitationem
1277 816 1330 863 et
1372 825 1680 867 sermonem
1714 815 1857 870 actio
1884 830 1975 870 or-

321 956 327 964 _
406 882 531 939 dine
549 887 869 956 collocatur,
901 907 1022 961 quae
1050 896 1232 951 animo
1256 902 1490 971 cogitata
1525 902 1685 960 factis
1718 907 1972 977 exsequi-

402 979 512 1028 tur.
567 974 622 1030 Si
670 980 801 1047 quid
854 983 1045 1039 horum
1108 988 1272 1059 igitur
1323 1008 1445 1058 nos,
1501 1003 1560 1050 ut
1612 999 1691 1060 lit,
1754 974 1971 1053 aut'ad

402 1064 692 1134 agendum,
741 1079 835 1124 aut
889 1073 957 1126 ad
1004 1078 1376 1146 cogitandum,
1412 1093 1506 1139 aut
1544 1086 1971 1162 ad’loquendum

401 1151 591 1220 ducit;
621 1171 760 1226 opus
784 1169 888 1225 est,
933 1175 991 1217 ut
1020 1170 1197 1223 omnia
1263 1183 1452 1228 nostra
1501 1151 1817 1244 tum’dicta,
1852 1189 1968 1235 tum

400 1240 568 1308 facta,
620 1257 733 1301 tum
770 1253 1007 1323 cogitata
1050 1258 1117 1312 ad
1166 1259 1406 1317 divinam
1440 1282 1627 1321 earum
1662 1272 1968 1336 notionum,

400 1334 602 1403 quibus
637 1336 894 1398 Christus
939 1345 1273 1417 declaratur,
1316 1357 1553 1424 regulam
1603 1360 1686 1415 sic
1730 1334 1970 1434 dirigam-

398 1432 514 1487 tur.
544 1438 604 1483 ut
645 1431 779 1486 nihil
816 1436 1139 1505 cogitemus,
1172 1442 1309 1497 nihil
1341 1444 1608 1509 dicamus.
1636 1450 1771 1505 nihil
1801 1431 1965 1508 facia-

399 1531 544 1584 mus,
587 1522 731 1591 quod
767 1537 797 1576 a
828 1527 1048 1580 sublimi
1087 1544 1274 1585 earum
1298 1534 1697 1605 signiﬁcatione
1725 1542 1963 1598 recedat.

399 1603 535 1661 Nam
594 1617 652 1662 ut
701 1612 967 1685 quidquid
1014 1634 1123 1674 non
1160 1630 1245 1677 est
1285 1603 1370 1679 ex-
1398 1627 1503 1683 ﬁde
1537 1628 1740 1687 Paulus
1775 1649 1968 1703 pecca-

2079 459 2295 513 στιανοῦ
2317 458 2406 511 τὸν
2436 457 2546 528 βίον
2578 457 2713 523 ἐστὶ,
2732 454 2949 527 πρᾶξις,
2971 455 3146 524 λόγος,
3167 454 3437 525 ἐνθύμιον-
3481 458 3535 510 Ἀ
3546 457 3647 529 ρχὴ

2074 549 2183 620 γὰρ
2214 549 2420 618 γίνεται
2447 548 2604 617 λόγου
2623 547 2822 610 παντὸς
2849 548 2881 618 ἡ
2903 547 3108 601 διάνοια
3125 564 3138 577 °
3163 544 3413 618 δεύτερον
3429 548 3484 601 δὲ
3506 550 3648 620 μετὰ

2073 639 2171 709 τὴν
2202 638 2516 709 ἐνθύμησιν,
2556 640 2584 691 6
2616 638 2771 706 λόγος
2821 639 2957 701 ἐστὶ,
3001 638 3099 709 τὴν
3145 638 3544 692 ἐντυπωθεῖσαν
3579 642 3645 710 τῇ

2072 730 2216 800 ψυχῇ
2249 731 2483 784 διάνοιαν
2513 729 2602 784 διά
2644 730 2742 800 τῆς
2784 730 2972 800 φωνῆς
3018 728 3395 785 ἐκκαλύπτων.
3444 730 3646 802 Τρίτην

2072 821 2127 874 δὲ
2151 821 2302 886 τάξιν
2331 823 2514 891 ἐπέχει
2548 821 2684 892 μετά
2708 822 2798 875 τὸν
2832 820 2954 875 νοῦν
3000 822 3092 874 καὶ
3126 820 3217 873 τὸν
3247 821 3401 889 λόγον
3432 824 3461 892 ἡ
3505 824 3647 892 πρᾶ-

2074 909 2173 975 ξις,
2204 910 2264 963 τὸ
2303 911 2489 980 νοηθὲν
2528 912 2607 974 είς
2653 902 2933 981 ἐνέργειαν
2962 910 3188 978 ἄγουσα.
3239 908 3466 974 Οὐκοῦν,
3516 910 3646 964 ὅταν

2071 1004 2149 1067 εἷς
2177 1021 2231 1055 τι
2257 1002 2458 1057 τούτων
2475 1004 2624 1074 ἡμᾶς
2644 1003 2949 1067 ἀκολούθως
2977 1002 3054 1073 τῷ
3082 1002 3182 1072 βίῳ
3204 1003 3642 1074 προσαγάγηται,

2070 1092 2250 1156 καλῶς
2283 1092 2393 1164 ἔχει
2424 1093 2619 1156 παντὸς
2653 1093 2744 1146 καὶ
2784 1094 2941 1162 λόγου
2971 1095 3065 1146 καὶ
3088 1092 3250 1164 ἔργου
3283 1095 3378 1147 καί
3412 1092 3647 1164 ἐνθυμή-

2074 1199 2242 1252 ματος
2273 1183 2340 1235 τά
2364 1183 2481 1236 θεῖα
2503 1182 2674 1237 ταῦτα
2697 1184 2961 1254 νοήματα,
2989 1183 3056 1236 δι’
3084 1176 3158 1237 ὧν
3176 1186 3204 1237 6
3225 1183 3428 1255 Κύριος
3443 1187 3644 1237 νοεῖται

2069 1274 2161 1327 καὶ
2189 1273 2535 1344 ὀνομάζεται,
2564 1275 2630 1327 δι’
2659 1274 2942 1344 ἀκριϐείας
2970 1274 3404 1337 ἐπισκοπεῖσθαι,
3433 1278 3507 1346 μὴ
3538 1275 3645 1342 ἔξω

2069 1365 2165 1435 τῆς
2193 1364 2476 1435 δυνάμεως
2511 1366 2618 1419 τῶν
2655 1366 2873 1436 ὑψηλῶν
2902 1366 3126 1421 ἐκείνων
3158 1366 3436 1437 ὀνομάτων
3473 1367 3646 1438 φέρη-

2067 1472 2155 1509 ται
2202 1456 2359 1526 ήμῶν
2390 1456 2423 1527 ἢ
2461 1456 2523 1510 τὸ
2550 1456 2726 1528 ἔργον,
2764 1457 2796 1528 ἢ
2831 1458 2858 1509 6
2888 1457 3068 1523 λόγος,
3106 1458 3139 1528 ἢ
3174 1457 3234 1512 τὸ
3266 1457 3538 1529 ἐνθύμιον.
3556 1459 3646 1521 Ὡς

2067 1546 2176 1617 γάρ
2200 1549 2228 1600 6
2254 1546 2461 1610 Παῦλός
2485 1564 2667 1617 φησιν,
2698 1548 2778 1601 ὅτι
2805 1549 2931 1610 πᾶν,
2954 1548 2982 1601 6
3003 1548 3075 1619 μὴ
3112 1548 3176 1602 ἐκ
3198 1549 3451 1613 πίστεως.
3473 1551 3648 1621 ἀμαρ-

2065 1637 2156 1691 τία
2181 1637 2347 1690 ἐστίν·
2390 1636 2561 1700 οὕτως
2607 1638 2754 1691 ἔστιν
2804 1639 2868 1691 ἐκ
2906 1637 3000 1691 τοῦ
3038 1637 3333 1692 ἀκολούθου
3370 1640 3647 1709 νοήσαντα

396 1702 514 1751 tum
570 1698 786 1766 dicit",
823 1704 897 1759 ita
927 1723 1027 1764 nos
1065 1710 1251 1766 eodem
1283 1716 1444 1771 modo
1475 1698 1790 1789 cogitantes
1808 1723 1959 1792 plane

2067 1728 2253 1797 σαφῶς
2305 1698 2705 1800 ἀποφήνασθαι,
2745 1729 2825 1783 ὅτι
2892 1730 2999 1785 πᾶν
3030 1728 3059 1782 6
3091 1728 3166 1801 μὴ
3213 1731 3293 1793 εἰς
3340 1698 3576 1799 Χριστὸν
3607 1730 3642 1798 ἢ

398 1798 695 1855 possumus
743 1791 1044 1862 aﬂirmare,
1105 1816 1443 1874 quaecunque
1489 1823 1598 1863 non
1664 1791 1966 1881 respiciunt

396 1873 698 1946 Christum,
744 1897 840 1937 seu
888 1887 1072 1953 verba,
1124 1905 1221 1946 seu
1257 1873 1419 1963 opera
1458 1897 1587 1961 sint,
1625 1915 1720 1956 seu
1757 1903 1964 1973 cogita-

396 1966 599 2032 tiones,
654 1971 746 2025 illa
793 1977 977 2031 omnia
1014 1980 1081 2034 ad
1117 1980 1173 2035 id
1226 1986 1451 2042 omnino
1497 1999 1770 2058 spectare,
1816 1966 1964 2064 quod

394 2054 619 2114 Christo
658 2065 996 2121 contrarium
1030 2079 1135 2126 est.
1167 2071 1269 2138 Qui
1309 2076 1452 2130 enim
1501 2089 1654 2133 extra
1685 2082 1861 2137 lucem
1910 2094 1965 2138 et

392 2146 559 2203 vitam
593 2160 700 2216 est,
723 2153 770 2210 is
792 2153 846 2210 in
879 2160 1120 2216 tenebris
1153 2178 1381 2233 prorsus
1406 2176 1461 2222 et
1499 2178 1675 2227 morte
1703 2189 1809 2228 non
1841 2189 1965 2231 esse

392 2253 505 2294 non
547 2251 747 2311 potest.
789 2249 1154 2313 Quamobrem
1201 2254 1272 2319 si,
1316 2260 1462 2327 quod
1506 2276 1570 2314 ex
1606 2263 1824 2319 Christo
1853 2282 1962 2321 non

395 2328 477 2392 ﬁt,
521 2340 577 2386 et
604 2334 808 2389 dicitur
836 2345 890 2392 et
922 2342 1215 2410 cogitatur,
1247 2345 1347 2410 illi,
1372 2349 1517 2418 quod
1541 2360 1626 2405 est
1665 2353 1808 2410 bono
1834 2370 1965 2409 con-

390 2420 643 2487 trarium,
692 2426 1046 2495 conjunetum
1088 2441 1174 2487 est
1206 2452 1219 2489 :
1258 2450 1324 2490 ex
1358 2437 1461 2494 hoc
1517 2442 1691 2499 cuivis
1730 2444 1962 2501 manife-

392 2501 538 2565 stum
577 2511 763 2581 fuerit,
815 2518 866 2573 id
896 2522 1041 2589 quod
1070 2523 1196 2580 hinc
1221 2527 1518 2599 colligitur,
1562 2533 1792 2599 scilicet,
1819 2537 1961 2606 quod

390 2601 665 2674 relinquat
702 2606 1005 2677 Christum,
1047 2617 1140 2684 qui
1177 2617 1365 2686 abillo
1415 2622 1698 2690 sejunctus
1739 2601 1965 2698 est—per

389 2708 513 2761 quae
534 2697 617 2750 vel
640 2700 843 2768 cogitat
870 2704 1095 2773 aliquid,
1127 2709 1208 2764 vel
1230 2710 1360 2781 agit,
1384 2714 1467 2768 vel
1494 2715 1751 2785 loquitur.
1774 2697 1962 2776 Divina

392 2784 564 2854 igitur
598 2787 687 2841 illa
725 2788 1011 2860 Prophetas
1047 2800 1209 2854 verba
1244 2803 1525 2859 verissima
1557 2815 1682 2861 sunt
1720 2827 1733 2863 :
1772 2828 1790 2860 ι
1818 2809 1963 2866 Prae-

395 2874 708 2933 varicantes
756 2885 1003 2951 reputavi
1058 2901 1248 2944 omnes
1298 2905 1612 2960 peccatores
1661 2904 1900 2958 terrae“.
1936 2923 1955 2955 ι

401 2961 472 3018 Ut
515 2967 658 3020 enim
686 2970 783 3039 qui
825 2970 1101 3031 Christum
1148 2979 1201 3033 in
1250 2987 1722 3050 persecutionihus
1770 3004 1957 3065 negat,

390 3056 562 3113 divini
612 3064 853 3120 nominis
918 3070 1303 3136 pnevaricator
1350 3084 1474 3145 est;
1527 3081 1607 3136 sic
1668 3086 1852 3151 etiam,
1913 3092 1959 3145 si

388 3148 516 3217 quis
557 3152 863 3222 veritatem,
895 3165 949 3212 et
971 3157 1267 3228 justitiam,
1299 3173 1354 3220 et
1392 3171 1761 3239 sanctitatem,
1795 3148 1849 3231 et
1880 3179 1962 3233 in-

272 3310 279 3317 .
391 3240 727 3309 tegritatem,
775 3254 831 3301 et
891 3249 937 3302 si
994 3250 1128 3319 quid
1186 3253 1327 3309 aliud
1390 3258 1578 3314 virtuti
1631 3268 1960 3324 conveniens

388 3331 682 3401 cogitatur,
732 3347 914 3407 negat,
947 3346 999 3393 et
1030 3356 1139 3410 quo
1178 3351 1421 3415 tempore
1452 3360 1642 3407 contra
1674 3358 1960 3424 perturba—

388 3422 566 3480 tiones
609 3434 662 3481 et
696 3430 826 3484 vitia
873 3430 1087 3487 fortiter
1131 3441 1479 3507 pugnandum
1521 3453 1628 3512 est,
1665 3422 1788 3503 vitae
1826 3465 1960 3505 con-

390 3516 647 3570 stantiam
676 3519 887 3590 abjicit,
928 3523 974 3578 is
1006 3539 1035 3577 a
1060 3524 1328 3596 Propheta
1357 3536 1746 3602 praevaricator
1775 3545 1959 3611 appel-

388 3606 533 3662 latur
564 3627 578 3664 :
615 3611 671 3666 in
703 3613 788 3669 his
817 3616 961 3670 enim
1000 3619 1235 3689 singulis
1278 3638 1309 3678 a
1344 3624 1587 3692 Christo,
1630 3631 1720 3699 qui
1750 3606 1958 3691 est-illa

388 3702 593 3769 omnia,
644 3706 756 3760 vita
803 3709 1034 3777 recedit,
1069 3723 1125 3767 et
1172 3716 1577 3784 praevaricator.
1612 3721 1751 3787 Quid
1798 3726 1960 3796 igitur

388 3791 537 3845 aliud
580 3809 704 3848 eum
747 3808 957 3865 oportet
1004 3800 1204 3869 facere,
1252 3807 1344 3874 qui
1392 3823 1590 3877 magno
1626 3791 1841 3869 Christi
1861 3832 1958 3871 co-

388 3882 645 3951 gnomine
689 3884 889 3953 dignus
940 3888 1165 3945 cllectus
1215 3901 1322 3955 est,
1373 3897 1476 3951 nisi
1525 3907 1583 3954 ut
1621 3905 1801 3958 omnia
1853 3922 1953 3962 sua

389 3981 503 4026 tum
528 3974 782 4043 cogitata.
803 3986 916 4032 tum
935 3980 1101 4044 dicta.
1130 3990 1245 4039 tum
1279 3987 1419 4043 facta
1449 3990 1738 4062 diligenter
1768 4000 1956 4069 explo-

385 4067 492 4127 ret,
523 4070 599 4126 et,
635 4071 815 4120 utrum
843 4084 1031 4125 eorum
1055 4074 1269 4146 singula
1296 4079 1361 4132 ad
1397 4081 1675 4140 Christum
1707 4067 1953 4160 tendant,

386 4167 457 4207 an
520 4154 591 4233 ab
635 4155 730 4211 illo
775 4159 887 4214 sint
934 4164 1130 4229 aliena,
1186 4168 1492 4239 dijudicet?
1538 4175 1721 4235 Multis
1776 4154 1954 4240 autem

384 4243 564 4300 modis
593 4245 650 4300 ﬁt
681 4248 794 4305 haec
830 4255 1091 4323 praeclara
1125 4258 1466 4328 dijudicatio.
1507 4266 1780 4340 Quidquid
1809 4276 1954 4330 enim

2068 1822 2237 1894 ῥῆμα,
2272 1821 2304 1892 ἢ
2334 1821 2513 1893 ἔργον,
2547 1822 2580 1892 ἢ
2605 1822 2802 1893 νόημα.
2827 1823 2906 1885 είς
2931 1821 2991 1874 τδ
3012 1821 3385 1890 ἀντικείμενον
3414 1820 3492 1891 τῷ
3508 1822 3647 1892 Χρι-

2063 1909 2175 1981 στῷ
2199 1911 2414 1976 πάντως
2450 1913 2569 1984 ὁρᾷ.
2596 1913 2670 1966 Ού
2704 1913 2813 1983 γὰρ
2839 1912 2954 1965 ἔστι
2974 1912 3067 1966 τὸν
3096 1911 3200 1978 ἔξω
3232 1911 3406 1981 φωτὸς
3433 1911 3467 1981 ἦ
3496 1911 3647 1981 ζωῆς

2064 2002 2370 2071 γενόμενον,
2401 2002 2475 2073 μὴ
2488 2003 2545 2054 ἐν
2568 2001 2749 2056 σκότει
2775 2002 3043 2073 πάντωςῆ
3076 2004 3133 2055 ἐν
3154 2001 3367 2072 θανάτῳ
3394 1996 3550 2054 εἶναι.
3578 2001 3645 2054 Εἰ

2063 2094 2240 2148 τοίνυν
2256 2094 2314 2147 τὸ
2338 2094 2411 2164 μὴ
2432 2093 2573 2147 κατά
2589 2095 2821 2165 Χριστὸν
2847 2093 3066 2166 ἐνεργού
3076 2094 3232 2165 μενόν
3252 2112 3309 2147 τε
3333 2095 3426 2148 καὶ
3445 2093 3646 2148 λαλούη

2068 2202 2247 2256 μενον,
2269 2185 2360 2238 καὶ
2381 2185 2686 2255 νοούμενον,
2719 2186 2854 2257 πρὸς
2868 2186 2927 2239 τὸ
2945 2185 3021 2257 τῷ
3049 2184 3237 2256 ἀγαθῷ
3270 2180 3646 2256 άντικείμενοῦ

2064 2276 2275 2339 οἰκείως
2298 2275 2428 2346 ἔχει·
2451 2277 2609 2330 παντὶ
2624 2276 2781 2345 δῆλον
2798 2276 2863 2330 ἂν
2879 2277 2984 2347 εἴη,
3003 2277 3064 2330 τὸ
3080 2276 3169 2329 διὰ
3185 2275 3388 2330 τούτων
3408 2277 3644 2345 ἀναφαι-

2062 2367 2304 2437 νόμενον,
2339 2366 2417 2418 ὅτι
2446 2365 2634 2437 ἀφίησι
2647 2368 2737 2419 τὸν
2757 2367 3009 2438 Χριστὸν.
3039 2367 3064 2419 6
3094 2366 3197 2431 ἔξω
3235 2365 3441 2419 ἐκείνου
3485 2365 3644 2434 γενό-

2068 2475 2243 2527 μενος,
2279 2457 2345 2511 δι’
2375 2451 2449 2511 ὧν
2490 2459 2522 2530 ἦ
2570 2458 2767 2511 νοεῖται
2800 2475 2874 2521 τι,
2908 2458 2942 2530 ἢ
2972 2459 3219 2529 πράττει,
3251 2459 3283 2529 ἢ
3316 2459 3636 2527 φθέγγεται.

2064 2548 2269 2602 Οὐκοῦν
2295 2549 2548 2618 ἀληθεύει
2578 2549 2751 2621 ἡθεία
2776 2548 2871 2602 τοῦ
2902 2550 3183 2621 προφήτου
3213 2549 3383 2621 φωνὴ.
3406 2550 3439 2620 ἥ
3467 2567 3604 2622 φησι
3623 2567 3639 2579 ·

2071 2659 2089 2690 ι
2121 2638 2563 2710 Παραϐαίνοντας
2614 2637 2945 2710 ἐλογισάμην
2982 2640 3189 2703 πάντας
3215 2640 3338 2702 τοὺς
3378 2640 3644 2709 ἀμαρτω-

2063 2726 2187 2791 λοὺς
2213 2728 2310 2798 τῆς
2341 2727 2464 2798 γῆς.
2497 2747 2517 2780 ι
2569 2727 2655 2792 Ὠς
2707 2727 2815 2798 γάρ
2844 2730 2873 2781 6
2897 2726 2988 2782 τὸν
3029 2728 3262 2800 Χριστὸν
3293 2728 3350 2780 ἐν
3377 2730 3486 2790 τοῖς
3513 2726 3644 2782 διω-

2062 2821 2221 2889 γμοῖς
2249 2819 2643 2891 ἀρνησάμενος,
2678 2818 3002 2890 παραϐάτης
3026 2819 3142 2872 ἐστὶ
3170 2817 3264 2872 τοῦ
3300 2836 3644 2889 προσκυνου-

2066 2909 2225 2979 μένου
2249 2910 2508 2981 ὀνόματος
2531 2926 2545 2940 ⁸
2576 2910 2719 2964 οὕτω
2744 2909 2838 2964 καὶ
2870 2910 2924 2963 εἴ
2960 2926 3046 2973 τις
3079 2909 3337 2980 ἀλήθειαν
3376 2910 3408 2981 ἢ
3442 2911 3539 2981 τὴν
3559 2910 3645 2963 δι-

1988 3038 2029 3095 C
2063 3000 2688 3074 καιοσύνηνάρνήσαιτο,
2719 3001 2752 3072 ἢ
2780 3000 2871 3054 τὸν
2916 3001 3185 3095 ἁγιασμόν
3211 3019 3271 3054 τε
3310 3000 3643 3095 καὶ-ἀφθαρ-

2065 3091 2204 3158 σίαν,
2248 3092 2281 3162 ἢ
2340 3092 2391 3146 εῐ
2432 3109 2484 3146 τι
2539 3092 2668 3147 ἄλλο
2691 3092 2799 3146 τῶν
2845 3093 2965 3147 κατ’
3000 3091 3199 3163 ἀρετὴν
3224 3092 3544 3164 νοουμένων,
3580 3093 3643 3147 ἐν

2061 3181 2236 3253 καιρῷ
2261 3184 2360 3253 τῆς
2380 3183 2488 3237 τῶν
2535 3182 2873 3254 παθημάτων
2907 3185 3340 3256 ἐπικρατήσεως,
3371 3183 3640 3239 ἀποϐάλοι

2059 3270 2152 3322 τοῦ
2188 3270 2325 3340 βίου,
2354 3271 2673 3343 παραϐάτης
2693 3273 3010 3344 ὀνομάζεται
3031 3272 3136 3326 ὑπὸ
3156 3276 3254 3343 τῆς
3276 3272 3637 3345 προφητείας

2058 3361 2126 3414 δι’
2157 3361 2387 3416 ἑκάστου
2417 3362 2620 3417 τούτων
2666 3364 2758 3418 τὸν
2790 3363 2963 3419 ταῦτα
3001 3365 3128 3419 ὄντα
3171 3365 3525 3435 παραϐαίνων
3551 3362 3639 3434 τῷ

2062 3453 2180 3524 βίῳ.
2218 3455 2283 3507 Τί
2316 3450 2409 3508 οὖν
2438 3453 2543 3526 χρὴ
2567 3455 2825 3526 πράττειν
2857 3456 2948 3509 τὸν
2972 3457 3072 3528 τῆς
3104 3457 3345 3528 μεγάλης
3376 3456 3469 3510 τοῦ
3501 3455 3641 3525 Χρι-

2061 3544 2186 3598 στοῦ
2240 3546 2556 3616 ἐπωνυμίας
2587 3547 2913 3616 ἀξιωθέντας
2956 3548 3007 3601 τί
3061 3548 3208 3613 ἄλλο,
3242 3548 3275 3620 ἢ
3315 3548 3402 3602 διά
3434 3548 3640 3613 παντὸς

2059 3636 2383 3709 φιλοκρινεῖν
2412 3638 2469 3691 ἐν
2496 3638 2672 3708 ἐαυτῷ
2697 3638 2765 3692 τὰ
2783 3638 3031 3712 νοήματά
3081 3656 3139 3693 τε
3169 3641 3264 3693 καὶ
3289 3639 3357 3694 τά
3388 3640 3636 3710 ῥήματα,

2051 3718 2151 3781 ’καὶ
2169 3727 2237 3782 τά
2265 3727 2420 3801 ἔργα,
2447 3731 2556 3782 εἴτε
2579 3730 2716 3802 πρὸς
2747 3731 2981 3802 Χριστὸν
3006 3730 3239 3785 ἕκαστον
3274 3731 3479 3785 τούτων
3510 3731 3639 3802 βλέο

2058 3835 2170 3881 πει,
2215 3821 2324 3874 εἴτε
2364 3819 2457 3874 τοῦ
2514 3822 2771 3894 Χριστοῦ·
2797 3822 3186 3894 ἠλλοτρίωται;
3232 3823 3407 3894 Πολλὴ
3437 3823 3493 3877 δὲ
3533 3824 3637 3893 τῆς

2055 3909 2378 3981 διακρίσεως
2401 3910 2508 3964 τῶν
2530 3911 2787 3967 τοιούτων
2809 3912 2955 3967 ἐστὶν
2982 3912 3015 3983 ἡ
3048 3912 3286 3967 εὐκολία.
3325 3914 3390 3966 Ὀ
3419 3911 3638 3985 γάρδιά

2058 4002 2261 4064 πάθους
2290 4002 2433 4067 τινὸς
2465 4006 2783 4076 ἐνεργεῖται,
2884 4007 3103 4069 νοεῖται,
3145 4003 3178 4074 ἦ
3212 4003 3458 4073 λέγεται,
3477 4002 3638 4058 τοῦτο

2055 4093 2308 4165 οὐδεμίαν
2338 4094 2448 4166 ἔχει
2473 4096 2610 4166 πρὸς
2644 4095 2732 4149 τὸν
2753 4094 2984 4165 Χριστὸν
3015 4096 3351 4165 συμφωνίαν,
3382 4093 3517 4147 ἀλλὰ
3537 4094 3635 4148 τὸν

2055 4183 2377 4254 χαρακτῆρα
2402 4184 2495 4237 τοῦ
2526 4184 2902 4254 ἀντικειμένου
2929 4183 3103 4253 φέρει,
3135 4184 3192 4247 6;
3220 4184 3340 4238 ἀντὶ
3370 4182 3629 4256 βορϐόρου

2055 4273 2123 4327 τά
2156 4274 2300 4343 πάθη
2331 4273 2408 4345 τῷ
2435 4276 2747 4347 μαργαρίτῃ
2773 4277 2869 4346 τῆς
2891 4275 3068 4345 ψυχῆς
3094 4274 3490 4347 προσαλείφων,
3525 4274 3633 4344 τὴν

382 4337 795 4404 perturbatione
828 4342 1008 4414 aliqua
1047 4357 1140 4401 aut
1179 4352 1376 4421 agitur,
1418 4366 1511 4411 aut
1540 4337 1830 4429 cogitatur.
1861 4377 1954 4421 aut

2060 4337 2391 4435 λαμπηδόνα,
2420 4337 2526 4419 τοῦ.
2562 4337 2747 4437 τιμίοῦ
2790 4337 2938 4420 λίθου
2969 4337 3408 4436 διαλυμαίνεται.
3458 4337 3530 4418 Τὸ
3569 4337 3631 4418 δὲ

382 4425 607 4490 dicitur,
674 4427 727 4483 id
793 4445 916 4486 cum
984 4435 1207 4493 Christo
1254 4443 1475 4500 minime
1525 4425 1799 4519 congruit,
1854 4456 1949 4510 sed

382 4513 682 4571 adversarii
737 4529 922 4576 notam
964 4532 1018 4579 et
1059 4526 1349 4599 imaginem
1415 4536 1575 4604 gerit,
1629 4513 1723 4609 qui
1780 4545 1951 4600 animi

379 4608 689 4678 margaritae
726 4626 827 4680 pro
864 4628 1022 4669 οωηο
1057 4622 1495 4687 perturbationes
1542 4608 1830 4697 admiscet,
1890 4646 1949 4693 ut

379 4698 605 4766 pretiosi
631 4701 825 4771 lapidis
846 4708 1190 4776 splendorem
1213 4714 1479 4775 deformet
1498 4736 1561 4776 ac
1577 4723 1774 4782 deleat.
1793 4726 1950 4794 Quod

377 4800 509 4842 vero
537 4789 606 4843 ab
647 4792 793 4846 omni
823 4796 1067 4851 turbida'
1087 4799 1371 4860 allectione
1411 4821 1639 4863 vacuum
1668 4820 1723 4866 et
1752 4789 1946 4883 purum

379 4885 488 4939 est.
525 4878 579 4932 id
624 4881 691 4935 ad
738 4888 1153 4957 tranquillitatis
1203 4902 1481 4951 auctorem
1539 4910 1593 4955 et
1643 4878 1945 4974 principem

381 4975 618 5037 spectat,
668 4973 762 5042 qui
784 4974 1039 5034 Christus
1064 4988 1169 5044 est,
1198 4998 1261 5037 ex
1291 5000 1399 5055 quo
1424 4994 1679 5059 tanquam
1712 5008 1778 5048 ex
1809 4973 1946 5063 puro

380 5057 809 5131 ineorruptoque
835 5064 1002 5133 fonte,
1032 5071 1124 5139 qui
1154 5087 1283 5130 suas
1312 5076 1479 5132 animi
1503 5057 1755 5138 notiones
1783 5092 1946 5155 atque

378 5145 693 5208 aﬂectiones
728 5154 909 5211 haurit
948 5169 1004 5215 et
1034 5160 1266 5231 derivat,
1318 5168 1478 5222 talem
1518 5185 1640 5224 cum
1675 5175 1947 5248 principio

378 5246 541 5307 atque
568 5241 778 5312 origine
828 5245 1239 5308 similitudinem
1285 5271 1397 5325 prae
1444 5274 1503 5314 se
1534 5241 1691 5329 feret,
1731 5266 1946 5334 qualem

379 5328 590 5385 obtinet
631 5347 754 5388 cum
801 5336 921 5406 ipso
958 5339 1131 5408 fonte,
1170 5360 1292 5414 qua:
1340 5347 1395 5402 in
1443 5351 1619 5408 rivulo
1679 5328 1944 5421 decurrit,

378 5432 608 5489 quisque
646 5421 702 5477 in
746 5427 1006 5497 amphora
1049 5434 1357 5505 resplendet
1401 5454 1568 5511 aqua.
1596 5442 1803 5500 Etenim
1835 5462 1944 5502 una

469 5592 695 5652 "Rom.
736 5614 843 5656 Juv.
887 5601 974 5658 23.
1053 5608 1096 5637 ⁷¹
1127 5607 1270 5665 Psal.
1297 5628 1484 5674 cxvnl.
1516 5617 1629 5674 H9.

2057 4453 2357 4525 καθαρεῦον
2392 4454 2573 4523 πάσης
2602 4454 2881 4525 ἐμπαθοῦς
2916 4454 3227 4518 διαθέσεως,
3264 4455 3397 4526 πρὸς
3414 4455 3503 4508 τὸν
3524 4453 3630 4525 άρ-

2056 4546 2222 4616 χηγὺν
2262 4547 2360 4617 τῆς
2405 4545 2670 4609 ἀπαθείας
2713 4546 2916 4615 βλέπει,
2957 4549 3016 4610 ὃς
3055 4549 3200 4601 ἐστιν
3232 4549 3260 4601 ὁ
3288 4547 3536 4617 Χριστὸς,
3568 4546 3631 4612 ἐξ

2054 4630 2135 4697 οῦ,
2163 4635 2412 4708 καθάπερ
2444 4639 2508 4692 ἐκ
2534 4638 2779 4708 καθαράς
2804 4641 2895 4692 καὶ
2928 4639 3206 4710 ἀφράκτου
3232 4639 3433 4709 πηγῆς,
3465 4638 3632 4709 ἀρυό-

2060 4729 2216 4797 μενός
2230 4745 2312 4790 τις
2334 4730 2414 4791 είς
2444 4729 2631 4782 ἑαυτὸν
2652 4729 2719 4783 τά
2739 4731 3002 4801 νοήματα,
3026 4731 3277 4802 τοιαύτην
3300 4730 3473 4801 ἑαυτῷ
3491 4731 3631 4799 πρὸς

2053 4816 2114 4870 τὸ
2147 4819 2494 4888 πρωτότυπον
2519 4820 2680 4885 δείξει
2724 4822 2824 4892 τὴν
2863 4822 3174 4893 ὁμοιότητα,
3210 4822 3297 4875 οἵα
3326 4823 3442 4875 ἐστὶ
3488 4822 3630 4893 πρὸς

2051 4908 2111 4962 τὸ
2158 4910 2298 4982 ὕδωρ
2346 4912 2422 4983 τῷ
2467 4911 2640 4979 ὕδατι,
2678 4913 2756 4983 τῷ
2776 4907 2859 4966 ’τε
2892 4913 3121 4990 ,πηγαίῳ
3149 4913 3227 4984 τῷ
3259 4913 3494 4985 βρύοντι,
3527 4914 3629 4967 καὶ

2049 4997 2126 5069 τῷ
2179 4999 2387 5054 ἐκεῖθεν
2430 5004 2487 5055 ὲν
2538 5000 2614 5071 τῷ
2664 5002 2903 5073 άμφορεῖ
2944 5002 3310 5073 γεγενημένῳ.
3356 5001 3472 5056 Μία
3514 5001 3628 5073 γὰρ

2047 5092 2113 5161 τῇ
2140 5090 2301 5159 φύσει
2337 5094 2369 5162 ἡ
2401 5092 2727 5163 καθαρότης,
2753 5094 2787 5163 ἦ
2827 5111 2885 5146 τε
2920 5095 2977 5146 ἐν
3007 5092 3228 5164 Χριστῷ
3257 5093 3351 5146 καὶ
3388 5094 3422 5164 η
3456 5093 3512 5145 ἐν
3543 5093 3628 5163 τῷ

2052 5181 2327 5251 μετέχοντι
2376 5182 2743 5254 θεωρουμένη.
2789 5183 2925 5237 Ἀλλ’
2971 5185 2999 5237 6
3050 5183 3145 5254 μὲν
3190 5182 3460 5253 πηγάζει’
3500 5184 3529 5235 6
3566 5183 3629 5238 δὲ

2056 5271 2293 5342 μετέχων
2343 5273 2591 5345 άρύεται,
2638 5274 2887 5344 μετάγων
2939 5274 3029 5327 ἐπὶ⁴
3055 5272 3143 5326 τὸν
3185 5272 3298 5343 βίον
3334 5272 3395 5325 τὸ
3432 5274 3488 5325 ἐν
3513 5276 3630 5337 τοῖς

2051 5363 2284 5433 νοήμασι
2313 5365 2534 5429 κάλλοςο
2562 5366 2703 5420 ὥστε
2730 5365 3049 5437 συμφωνίαν
3088 5360 3226 5419 εἶναι
3252 5361 3346 5419 τοῦ
3378 5366 3629 5437 κρυπτοῦ

2049 5454 2334 5526 ἀνθρώπου
2372 5457 2508 5529 πρὸς
2549 5457 2639 5513 τόν
2697 5457 3038 5530 φαινόμενον,
3078 5456 3481 5531 συμϐαινούσης
3523 5458 3631 5531 τῆς

3554 5610 3584 5659 )
