4034 6132
401 200 510 260 285
1466 208 1551 261 DE
1585 205 1947 263 PERFECTA
1978 208 2374 266 cumsuam
2413 211 2669 268 FORMA.
3558 204 3659 263 286

409 316 500 369 τοῦ
526 313 635 385 βίου
659 315 1073 391 εὐσχημοσύνης
1089 320 1203 384 τοῖς
1232 318 1372 373 κατά
1392 321 1622 392 Χριστὸν
1649 320 1978 391 κινουμένοις

2091 330 2143 374 ιιι
2190 323 2377 377 eadem
2407 329 2512 386 est,
2558 337 2679 392 qua:
2708 322 2762 375 in
2794 318 3036 384 Christo,
3063 314 3126 372 et‘
3153 332 3276 389 quae
3301 322 3357 372 in
3388 318 3660 372 mentibus

407 408 658 477 νοήμασι.
1916 398 1919 399 ν
2094 410 2298 466 nostris
2321 411 2659 480 conspicitur
2680 412 2912 480 puritas.
2936 408 3044 464 Sed
3068 408 3159 462 illa
3190 409 3245 462 in
3288 408 3435 463 fonte
3474 408 3659 463 nasci-

406 511 512 565 tur,
547 502 660 555 haec
692 499 819 554 inde
857 508 1043 554 manat
1075 508 1130 556 et
1164 502 1217 557 in
1248 518 1348 559 nos
1376 502 1655 558 derivatur
1691 522 1703 557 :
1747 517 1867 557 eam
1908 502 2190 554 notionmu
2243 501 2702 569 pulchritudinem
2756 502 2824 556 ad
2873 501 3039 555 vitam
3090 515 3275 556 secum
3318 500 3561 562 trahens,
3602 507 3655 553 nt

401 591 711 671 a'isconditi
759 590 1143 671 manifestique
1187 594 1425 649 hominis
1459 594 1840 649 convenientia
1878 599 1931 647 et
1971 598 2233 659 tanquam
2290 600 2594 648 concentus
2643 592 2864 661 quidam
2895 602 3171 662 appareat,
3216 607 3341 647 cum
3382 592 3504 647 vita:
3541 606 3660 646 mo-

401 668 636 736 destiam
666 690 718 734 et
744 668 1084 736 honestatem
1119 684 1368 740 notiones
1402 701 1468 740 ex
1507 686 1729 740 Christo
1769 681 2152 753 provenientcs
2195 684 2549 738 moderentur
2587 691 2640 738 et
2684 689 2960 736 moveant.

474 772 646 826 Τοῦτο
694 774 874 827 τοίνυν
935 776 1081 840 ἐστὶ,
1135 779 1276 832 κατά
1337 795 1401 846 γε
1448 779 1544 850 τὴν
1595 779 1734 850 ἐμὴν
1774 778 1976 849 κρίσιν,

402 864 463 916 τὸ
506 865 565 916 ἑν
620 863 697 935 τῷ
755 866 1066 937 Χριστιανῷ
1113 866 1212 939 βίῳ
1262 869 1493 935 τέλειον,
1537 870 1566 924 δ
1612 871 1833 924 πάντων
1870 868 1978 921 τῶν

403 953 680 1023 ὀνομάτων
708 955 789 1017 είς
831 954 892 1007 τὸ
940 954 1033 1007 τοῦ
1065 957 1304 1028 Χριστοῦ
1334 959 1748 1029 διασημαίνεται
1785 958 1975 1027 ὄνομα,

401 1044 462 1096 τὸ
487 1043 773 1097 κοινωνίαν
796 1043 942 1114 ἔχειν
973 1046 1032 1098 ὲν
1060 1045 1206 1117 ψυχῇ
1242 1065 1301 1101 τε
1335 1051 1427 1102 καὶ
1460 1049 1623 1120 λόγῳ,
1652 1049 1748 1102 καὶ
1782 1050 1840 1100 ὲν
1865 1048 1976 1109 τοῖς

402 1135 497 1189 τοῦ
522 1135 640 1205 βίου
683 1135 1124 1206 ἐπιτηδεύμασιν,
1158 1136 1297 1191 ὥστε
1332 1139 1545 1208 ὁλοτελῆ
1571 1141 1662 1193 τὸν
1688 1138 1978 1208 ἁγιασμδν,

407 1225 547 1278 κατὰ
595 1224 693 1295 τὴν
743 1224 990 1291 εὐλογίαν
1018 1223 1112 1277 τοῦ
1157 1226 1391 1290 Παύλου,
1418 1229 1503 1295 ἐφ’
1525 1225 1739 1289 ἑαυτοῦ,
1771 1227 1827 1280 ὲν
1860 1225 1978 1278 ὁλο-

405 1315 594 1386 κλήρῳ
635 1314 715 1386 τῷ
744 1314 954 1385 σώματι
1003 1314 1090 1369 ιιαὶ
1120 1318 1187 1386 τῇ
1225 1316 1368 1387 ψυχῇ
1424 1317 1520 1370 καὶ
1561 1315 1638 1385 τῷ
1685 1314 1977 1383 πνεύματι,

405 1407 511 1472 ἔξω
542 1406 640 1476 τῆς
655 1404 788 1477 πρὸς
814 1405 876 1459 τὸ
905 1406 1074 1459 κακὸν
1108 1407 1386 1475 ἐπιμιξίας
1414 1406 1675 1477 διηνεκῶς
1710 1406 1979 1476 φυλασσό-

407 1514 585 1567 μενον.
610 1499 672 1551 Εί
709 1496 767 1551 δέ
802 1514 886 1560 τις
936 1498 1083 1565 λέγοι
1107 1497 1547 1568 δυσκατόρθωτον
1585 1496 1743 1559 εἶναι,
1785 1497 1972 1568 ἐπειδὴ

403 1588 672 1658 ἄτρεπτος
688 1586 899 1658 μόνοςὸ
934 1588 1034 1659 τῆς
1068 1589 1298 1649 κτίσεως
1346 1587 1568 1659 Κύριος,
1603 1587 1810 1659 τρεπτὴ
1842 1588 1899 1640 δὲ
1936 1591 1970 1658 ἡ

402 1677 716 1750 ἀνθρωπίνη
738 1677 918 1749 φύσις,
942 1680 1035 1732 καὶ
1068 1679 1203 1750 πρὸς
1223 1679 1316 1741 τὰς
1341 1679 1639 1750 μεταϐολὰς
1656 1678 1974 1750 ἐπιτηδείως

2156 775 2215 829 In
2265 777 2368 831 hoc
2415 778 2582 846 igitur
2633 777 2776 846 (meo
2829 776 3049 845 quidem
3088 774 3324 846 judicio)
3381 774 3663 829 Christia-

2084 880 2169 919 nae
2222 866 2349 921 vitae
2395 867 2657 937 perfectio
2690 868 2792 922 sita
2849 875 2954 928 est,
3021 873 3082 919 ut
3133 867 3416 919 nominum
3451 866 3656 934 quibus

2083 955 2291 1012 Christi
2330 972 2531 1013 nomen
2578 957 2937 1028 signiﬁcatur
2959 956 3277 1026 participes,
3325 969 3517 1010 eorum
3550 955 3657 1021 vim

2044 1036 2049 1041 ’
2082 1055 2138 1104 et
2161 1049 2371 1112 animo.
2398 1058 2455 1105 et
2476 1050 2748 1113 oratione,
2771 1057 2826 1103 et
2852 1047 3069 1101 vivendi
3095 1046 3363 1102 institutis
3383 1047 3659 1115 exprima-

2076 1154 2220 1202 mus,
2270 1147 2333 1194 ut
2383 1139 2690 1195 absolutam
2740 1138 2885 1191 illam
2936 1151 2967 1190 a
3008 1136 3175 1190 Paulo
3222 1135 3657 1190 commendatam

2077 1231 2426 1286 sanctitatem
2462 1229 2827 1299 suscipientes
2849 1229 2917 1292 ⁷⁸,
2941 1242 3042 1282 nos
3066 1227 3279 1296 integro
3318 1233 3374 1280 et
3402 1240 3654 1295 corpore,

2076 1328 2129 1375 et
2158 1321 2366 1385 animo,
2397 1328 2453 1376 et
2485 1320 2682 1390 spiritu
2716 1320 2865 1373 nulla
2901 1319 3028 1374 mali
3060 1316 3418 1387 permistione
3463 1323 3656 1371 conta-

2078 1409 2316 1466 minatos
2357 1425 2771 1466 conservemus.
2807 1408 2962 1475 Quod
2989 1409 3042 1463 si
3082 1407 3209 1478 quis
3238 1406 3306 1461 ad
3353 1405 3651 1476 perfectam

2078 1503 2334 1557 virtutem
2366 1501 2768 1572 assequeudam
2797 1499 3171 1554 difﬁcillimam
3206 1512 3333 1553 esse
3353 1497 3521 1550 vitam
3555 1493 3655 1549 ob-

2073 1592 2251 1660 jieiat,
2283 1607 2493 1648 cumex
2522 1592 2672 1647 omni
2700 1599 2954 1646 creatura
2995 1590 3148 1645 solus
3192 1587 3554 1643 immutabilis
3580 1587 3655 1641 sit

2077 1682 2355 1750 Christus,
2393 1684 2716 1739 inconstans
2765 1689 2951 1736 autem
2994 1690 3190 1735 natura
3233 1680 3471 1733 humana
3499 1683 3554 1732 et
3578 1674 3655 1737 ad

404 1767 538 1838 ἔχει,
582 1769 700 1833 πῶς
728 1764 821 1823 οὖν
855 1771 967 1823 ἐστι
990 1769 1233 1833 δυνατὸν,
1263 1771 1323 1823 τὸ
1355 1773 1412 1824 ὲν
1448 1770 1525 1841 τῷ
1559 1770 1747 1841 ἁγαθῷ
1782 1770 1974 1838 πάγιόν

2082 1773 2414 1827 mutationes
2441 1771 2720 1842 proclivis,
2754 1769 2986 1839 ideoque
3020 1769 3138 1823 ﬁeri
3167 1782 3277 1822 non
3302 1781 3481 1836 posse,
3508 1773 3569 1818 ut
3590 1764 3657 1818 ad

403 1871 462 1908 τε
491 1856 584 1909 καὶ
634 1857 1038 1928 ἀμετᾲτρεπτον
1087 1860 1146 1911 ὲν
1178 1862 1243 1930 τῇ
1305 1864 1513 1931 τρεπτῇ
1564 1860 1978 1932 κατορθωθῆναι

405 1943 587 2016 φύσειο
615 1945 753 2017 πρὸς
782 1931 958 2001 τοίνυν
989 1948 1081 2000 τὸν
1108 1948 1343 2003 τοιοῦτον
1367 1950 1539 2019 λόγον,
1572 1951 1746 2005 ἐκεῖνό
1775 1967 1976 2022 φαμεν,

400 2034 486 2088 δτι
541 2035 643 2088 οὐκ
694 2036 808 2090 ἔστι
847 2038 1254 2109 στεφανωθῆναί
1316 2058 1437 2094 τινα
1466 2042 1556 2094 τὸν
1607 2043 1681 2112 μὴ
1734 2042 1979 2113 νομίμως

401 2126 710 2198 ἀθλήσαντα
730 2143 747 2161 ο
773 2127 874 2182 οὐκ
903 2126 968 2182 ἂν
994 2128 1052 2182 δὲ
1084 2130 1295 2198 γένοιτο
1336 2132 1582 2201 νομίμως
1623 2132 1869 2203 ἄθλησις,
1901 2132 1977 2205 μὴ

399 2215 554 2277 δντος
566 2214 663 2269 τοῦ
691 2217 1167 2288 προσπαλαίοντος.
1198 2221 1259 2274 Et
1296 2216 1387 2274 οὖν
1412 2222 1484 2291 μὴ
1506 2217 1573 2293 ἦν
1605 2222 1634 2275 ὁ
1664 2222 1974 2287 ἀντίπαλος,

400 2306 593 2360 οὐδ’ἆν
622 2309 650 2360 ό
687 2309 946 2376 στέφανος
978 2306 1045 2380 ἦν
1069 2326 1084 2339 ο
1124 2313 1157 2380 ή
1204 2311 1328 2381 νίκη
1355 2310 1463 2383 γὰρ
1487 2311 1609 2365 καθ’
1652 2312 1851 2384 ἑαυτὴν
1876 2314 1978 2367 οὐκ

402 2395 570 2461 ἔστιν,
595 2397 690 2450 ἐὰν
726 2397 799 2469 μὴ
835 2394 943 2469 ᾖτὺ
970 2399 1298 2469 ἡττώμενον.
1330 2402 1535 2454 Οὐκοῦν
1571 2402 1703 2472 πρὸς
1749 2404 1879 2456 αὐτὸ
1910 2404 1973 2458 τὸ

399 2488 636 2558 τρεπτὺν
659 2489 758 2559 τῆς
809 2489 1022 2559 φύσεως
1055 2490 1211 2561 ἡμῶν
1264 2491 1678 2563 ἀγωνισώμεθα,
1709 2488 1819 2547 οἷόν
1873 2511 1978 2547 τινι.

400 2579 681 2647 ἀντιπάλῳ
727 2580 816 2633 διὰ
851 2579 961 2633 τῶν
998 2580 1273 2651 λογισμῶν
1306 2582 1760 2653 συμπλεκόμενοι,
1792 2584 1854 2636 οὐ
1889 2584 1978 2638 διὰ

398 2668 494 2723 τοῦ
525 2670 853 2726 καταϐαλεῖν
898 2671 1067 2744 αὐτὴν
1126 2674 1341 2737 νικηταὶ
1377 2673 1672 2743 γινόμενοι,
1720 2673 1854 2727 ἀλλὰ
1890 2674 1978 2728 διὰ

398 2760 494 2814 τοῦ
536 2760 613 2832 μὴ
641 2764 990 2832 συγχωρῆσαι
1020 2766 1225 2816 πεσεῖν.
1262 2763 1393 2816 Οὐδὲ
1420 2763 1530 2834 γὰρ
1559 2764 1718 2833 μόνον
1755 2764 1891 2836 πρὸς
1917 2764 1976 2817 τδ

398 2852 572 2905 κακὸν
595 2854 624 2905 ὁ
653 2851 934 2922 ἄνθρωπος
956 2855 1023 2923 τῇ
1052 2857 1226 2925 τροπῇ
1266 2855 1461 2925 χρῆται
1508 2852 1563 2929 (ἦ
1592 2856 1701 2927 γὰρ
1736 2855 1802 2909 ἂν
1832 2856 1978 2926 ἀμή-

400 2960 563 3009 χανον
587 2938 657 3014 ἦν
695 2943 857 2997 αὐτὸν
888 2945 946 2997 ὲν
969 2943 1159 3015 ἀγαθῷ
1186 2945 1457 3013 γενέσθαι,
1481 2947 1530 2999 εί
1565 2947 1701 3018 πρὸς
1731 2946 1793 3000 τὺ
1826 2949 1977 3001 ὲναν-

400 3034 513 3088 τίδν
541 3034 702 3104 μόνον
754 3034 852 3104 τὴν
895 3034 1066 3107 ῥοπὴν
1095 3030 1237 3106 εἶχεν
1268 3039 1332 3089 ἐκ
1359 3034 1593 3105 φύσεως)
1622 3053 1635 3068 ·
1661 3038 1777 3090 νυνι
1813 3037 1870 3089 δὲ
1915 3036 1978 3090 τὸ

2077 1877 2196 1919 eam
2226 1864 2632 1934 perveniamus,
2673 1862 2859 1931 ibique
2888 1861 3027 1916 firmi
3058 1868 3111 1914 et
3137 1858 3506 1914 immutabiles
3525 1871 3660 1911 con-

2078 1954 2365 2019 sistamus,
2411 1952 2542 2007 huic
2594 1951 3073 2021 respondebimus,
3139 1948 3398 2001 athletam
3448 1946 3656 2000 nullum

2075 2046 2351 2110 coronari,
2385 2045 2477 2116 qui
2507 2059 2615 2098 non
2649 2044 2888 2115 legitime
2946 2038 3346 2106 certaverit";
3379 2048 3654 2092 certamen

2076 2154 2241 2208 porro
2267 2153 2377 2193 non
2400 2153 2523 2194 esse
2544 2136 2866 2207 legitimum.
2904 2134 2951 2189 si
2981 2132 3166 2186 nullus
3193 2144 3429 2198 quocum
3449 2141 3657 2198 pugnes

2076 2231 2222 2288 adsit
2249 2229 2622 2285 adversarius.
2652 2226 3019 2294 Quamobrem
3053 2224 3098 2280 si
3127 2221 3480 2277 adversarius
3546 2233 3657 2273 non

2076 2328 2180 2387 est,
2206 2337 2411 2377 corona
2460 2335 2569 2375 non
2610 2319 2755 2385 erit;
2800 2315 3030 2371 victoria
3082 2315 3250 2375 enim,
3300 2312 3407 2367 nisi
3452 2308 3658 2379 aliquid

2078 2415 2280 2469 victum
2309 2414 2402 2477 sit,
2434 2427 2558 2468 esse
2587 2426 2694 2465 non
2725 2416 2926 2480 potest.
2979 2405 3113 2460 Cum
3159 2400 3254 2459 illo
3286 2403 3471 2473 igitur,
3508 2399 3654 2469 quod

2076 2505 2133 2556 iu
2168 2513 2362 2557 natura
2390 2510 2582 2556 nostra
2603 2499 2863 2554 mutabile
2882 2506 2989 2562 est,
3018 2503 3280 2563 tanquam
3310 2507 3433 2546 eum
3456 2490 3655 2545 adver~

2078 2593 2227 2649 sario
2252 2607 2317 2647 ea
2350 2593 2565 2648 ratione
2601 2589 2898 2660 compositi
2948 2590 3293 2643 decertemus
3314 2627 3328 2650 ,
3362 2594 3419 2637 ut
3478 2583 3653 2653 ipsam

2077 2698 2186 2737 non
2240 2680 2584 2751 deﬁcientes,
2643 2679 2740 2735 sed
2790 2678 2988 2735 cadere
3053 2691 3160 2730 non
3225 2667 3604 2742 permittentes
3635 2710 3651 2736 ,

2076 2773 2319 2828 victores
2377 2771 2574 2826 simus.
2630 2769 2815 2839 Neque
2865 2782 2994 2823 vero
3041 2765 3109 2819 ad
3160 2763 3363 2817 malum
3415 2768 3659 2815 tantum-

2078 2863 2242 2916 modo
2273 2860 2696 2931 propensionem
2730 2858 2896 2913 habet
2929 2857 3095 2910 homo
3131 2873 3144 2907 :
3184 2868 3310 2908 nam
3344 2853 3390 2908 si
3424 2850 3493 2904 ad
3538 2863 3658 2905 eam

2079 2960 2297 3023 partem
2334 2951 2599 3006 duntaxat
2632 2957 2827 3004 natura
2875 2946 3132 3018 proclivis
3159 2950 3326 3008 esset,
3355 2942 3422 2997 ad
3451 2943 3655 2995 bonum

2078 3059 2199 3099 sese
2221 3058 2330 3098 non
2359 3050 2544 3113 posset
2574 3049 2914 3097 convertere.
2950 3037 3109 3093 Nunc
3138 3046 3320 3105 autem
3351 3033 3660 3106 pulcherri-

403 3124 691 3179 κάλλιστον
713 3126 812 3197 τῆς
840 3128 1042 3198 τροπῆς
1073 3126 1252 3200 ἔργον,
1283 3131 1316 3198 ἡ
1347 3129 1405 3181 ὲν
1432 3131 1542 3191 τοῖς
1575 3128 1800 3197 ἀγαθοῖς
1832 3130 1977 3182 ἐστιν

2082 3150 2231 3189 mum
2263 3135 2527 3189 motionis
2556 3148 2699 3203 opus
2727 3139 2836 3196 est,
2866 3132 3045 3201 ipsum
3078 3129 3132 3182 in
3154 3127 3313 3183 bonis
3349 3127 3660 3180 incremen-

404 3215 652 3287 αὔξησις,
704 3217 936 3271 πάντοτε
968 3218 1068 3287 τῆς
1101 3219 1237 3288 πρὸς
1269 3218 1329 3272 τὸ
1379 3221 1621 3292 κρεῖττον
1645 3219 1979 3286 ἀλλοιώσεως

403 3308 497 3360 ἐπὶ
524 3308 587 3361 τὸ
607 3307 876 3379 θειότερον
915 3310 1311 3381 μεταποιούσης
1330 3311 1420 3365 τὸν
1453 3310 1629 3375 καλῶς
1662 3312 1980 3383 ἀλλοιούμε-

404 3416 514 3454 νον.
565 3401 773 3455 Οὐκοῦν
814 3401 876 3455 τὸ
924 3401 1150 3474 φοϐερὸν
1197 3401 1336 3457 εἶναι
1392 3403 1581 3457 δοκοῦν
1628 3405 1793 3476 (λέγω
1820 3406 1876 3459 δὲ
1919 3407 1981 3460 τὸ

403 3491 646 3563 τρεπτὴν
675 3491 830 3563 ἡμῶν
850 3489 994 3547 εἶναι
1035 3493 1133 3565 τὴν
1165 3493 1371 3563 φύσιν),
1408 3492 1519 3547 οἶόν
1542 3512 1595 3549 τι
1624 3496 1820 3568 πτερὸν
1845 3498 1981 3568 πρὸς

403 3579 503 3652 τὴν
533 3581 628 3634 ἐπὶ
648 3581 718 3635 τά
750 3580 920 3652 μείζω
941 3583 1136 3653 πτῆσιν
1164 3584 1193 3635 ό
1220 3581 1373 3650 λόγος
1401 3583 1674 3648 ὑπέδειξεν
1693 3602 1708 3615 ο
1756 3586 1831 3648 ὼς
1884 3584 1981 3657 ζη-

411 3672 541 3743 μίαν
571 3668 715 3725 εἷναι
762 3674 892 3743 ἡμῖν
934 3673 994 3725 τὸ
1031 3673 1107 3744 μὴ
1140 3671 1398 3727 δύνασθαι
1438 3673 1536 3745 τὴν
1567 3674 1703 3744 πρὸς
1726 3674 1785 3727 τὸ
1811 3676 1983 3747 κρεῖτ-

405 3781 497 3818 τον
523 3765 807 3819 ἀλλοίωσιν
821 3764 1098 3831 δέξασθαι.
1117 3765 1207 3836 Μὴ
1230 3766 1409 3819 τοίνυν
1430 3766 1706 3820 λυπείσθω
1722 3769 1751 3822 ό
1771 3766 1981 3838 βλέπων

405 3859 465 3910 ὲν
497 3859 567 3929 τῇ
599 3856 760 3926 φύσει
782 3856 842 3910 τὸ
868 3856 1003 3927 πρὸς
1033 3856 1132 3928 τὴν
1166 3857 1465 3929 μεταϐολὴν
1487 3859 1810 3928 ἐπιτήδειον,
1848 3858 1983 3912 ἀλλά

409 3948 545 4021 πρὸς
566 3950 626 4003 τὸ
650 3951 893 4021 κρεῖττον
931 3949 1147 4013 πάντως
1197 3949 1594 4021 ἀλλοιούμενος,
1627 3951 1721 4004 καὶ
1753 3950 1861 4004 ἀπὸ
1899 3950 1984 4003 δό-

407 4041 508 4112 ξης
535 4042 617 4104 είς
645 4040 802 4108 δόξαν
825 4039 1354 4112 μεταμορφούμενος,
1376 4038 1518 4093 οὕτω
1553 4039 1855 4110 τρεπέσθω,
1895 4039 1983 4095 διὰ

407 4131 507 4201 τῆς
539 4128 664 4185 καθ’
693 4131 907 4203 ἡμέραν
953 4131 1233 4200 αὐξήσεως
1261 4130 1490 4184 πάντοτε
1533 4132 1794 4201 κρείττων
1834 4132 1982 4199 γινό-

412 4240 589 4295 μενος,
622 4224 720 4277 καὶ
767 4223 856 4276 ἀεὶ
887 4221 1280 4292 τελειούμενος,
1333 4222 1428 4275 καὶ
1468 4222 1734 4292 μηδέποτε
1767 4222 1903 4294 πρὸς
1922 4222 1982 4276 τὸ

409 4314 582 4385 πέρας
610 4313 829 4384 φθάνων
862 4313 962 4383 τῆς
995 4312 1348 4384 τελειότητος.
1372 4313 1582 4366 Αὐτίκα
1610 4313 1719 4385 γάρ
1740 4314 1887 4368 ἐστιν
1907 4314 1983 4379 ὡς

409 4404 621 4477 ἀληθῶς
650 4405 920 4474 τελειότης
944 4404 1006 4457 τὸ
1035 4404 1302 4474 μηδέποτε
1331 4403 1523 4474 στῆναι
1558 4404 1694 4474 πρὸς
1722 4405 1783 4458 τὸ
1807 4407 1984 4475 κρείτ·-

2082 3234 2219 3287 tum,
2249 3241 2374 3280 cum
2440 3224 2644 3294 impetu
2678 3223 2791 3287 illo,
2823 3237 2934 3293 quo
2962 3220 3030 3276 ad
3052 3219 3247 3274 melius
3280 3215 3575 3280 trahimur,
3612 3212 3660 3269 is

2080 3319 2173 3388 qui
2198 3326 2342 3373 recte
2370 3327 2637 3380 movetur,
2672 3315 2895 3371 assidue
2941 3311 3276 3368 transfertur
3310 3309 3377 3364 ad
3421 3322 3486 3364 ea
3538 3323 3662 3377 quae

2081 3410 2352 3466 diviniora
2383 3415 2530 3464 sunt.
2555 3406 2614 3462 ld
2641 3422 2795 3478 ergo,
2833 3404 2979 3475 quod
3003 3401 3404 3458 formidandum
3438 3398 3660 3453 videba-

2083 3509 2193 3562 tur,
2226 3514 2422 3570 nempe
2444 3507 2700 3553 naturam
2734 3507 2981 3552 nostram
3011 3493 3327 3547 mutabilem
3367 3505 3514 3555 esse,
3561 3501 3661 3543 no-

2081 3589 2168 3645 bis
2198 3599 2457 3656 tanquam
2497 3587 2637 3651 alas,
2663 3585 2865 3653 quibus
2886 3581 2955 3635 ad
2985 3581 3191 3649 majora
3222 3578 3489 3640 volemus,
3521 3591 3659 3645 prac-

2081 3678 2212 3733 bere
2235 3676 2736 3732 demonstravimus
2767 3691 2784 3729 :
2819 3672 3023 3727 damno
3053 3670 3198 3725 enim
3228 3666 3282 3723 id
3313 3667 3475 3721 nobis
3508 3668 3657 3719 futu-

2081 3785 2203 3824 rum
2235 3768 2427 3833 luisse,
2451 3767 2498 3823 si
2539 3766 2897 3825 mutationem
2921 3763 2989 3818 ad
3019 3761 3212 3816 melius
3227 3758 3509 3826 suscipere
3546 3770 3657 3808 non

2083 3873 2393 3930 possemus.
2434 3854 2514 3912 Ne
2542 3856 2670 3927 quis
2698 3855 2867 3927 igitur
2886 3854 2997 3909 vim
3029 3853 3084 3907 in
3110 3858 3307 3905 natura
3339 3845 3658 3901 mutationi-

2083 3951 2185 4005 bus
2208 3957 2391 4020 aptam
2407 3956 2463 4005 et
2490 3949 2741 4004 idoneam
2768 3960 3002 4002 cernens
3024 3944 3207 3999 doleat
3241 3949 3335 3994 aut
3356 3952 3659 4006 conquera-

2082 4051 2195 4108 tur,
2222 4042 2318 4097 sed
2343 4056 2467 4098 sese
2509 4040 2859 4096 continenter
2890 4037 2948 4093 in
3005 4036 3203 4091 melius
3237 4044 3560 4105 promovens
3605 4041 3657 4087 et

2082 4134 2152 4190 de
2178 4134 2349 4204 gloria
2373 4132 2429 4187 in
2459 4131 2690 4203 gloriam
2716 4130 3082 4194 transferens,
3114 4125 3453 4197 quotidianis
3488 4125 3659 4179 incre-

2083 4224 2279 4279 mentis
2307 4225 2383 4278 ita
2410 4231 2674 4287 vertatur,
2711 4230 2772 4276 ut
2818 4222 2874 4276 in
2906 4219 3025 4275 dies
3053 4218 3247 4273 melior
3283 4223 3338 4271 et
3365 4214 3658 4285 perfectior

2083 4317 2200 4383 liat,
2225 4330 2328 4371 nec
2359 4329 2599 4385 unquam
2654 4328 2715 4369 se
2742 4310 2810 4366 ad
2842 4308 3197 4382 perfectionis
3234 4316 3433 4363 metam
3472 4322 3661 4376 perve-

2088 4409 2242 4465 nisse
2282 4407 2387 4463 sibi
2414 4404 2766 4477 persuadeat.
2802 4403 2879 4457 Ea
2918 4400 3063 4457 enim
3092 4413 3217 4453 vere
3251 4395 3514 4466 perfectio
3545 4403 3654 4457 est,

408 4469 511 4550 τον·
524 4469 911 4567 αὐξανόμενον,
945 4469 1079 4568 μηδέ
1098 4469 1202 4549 τινι
1225 4469 1431 4568 πέρατι-
1443 4469 1749 4566 περιορίσαι
1772 4469 1871 4567 τὴν
1888 4512 1977 4550 τε·

2091 4509 2150 4554 ιιι
2206 4499 2302 4569 qui
2368 4469 2600 4567 augetur
2664 4494 2721 4549 in
2764 4491 2983 4554 melius,
3033 4502 3313 4558 nunquam
3364 4485 3653 4548 consistat,

406 4584 678 4657 λειότητα.

479 4769 524 4803 ⁷³
547 4770 570 4825 l
592 4767 789 4825 Thess.
823 4785 872 4833 ν,
905 4768 995 4824 '23.
1073 4769 1118 4800 ⁷³
1141 4768 1185 4823 ll
1212 4767 1352 4822 Tim.
1389 4784 1450 4837 tt,
1485 4769 1538 4823 5.

2043 4606 2264 4660 .neque
2306 4588 2559 4645 terminis
2605 4575 2733 4642 ullis
2772 4582 3165 4655 perfectionem
3208 4576 3487 4633 existimet
3532 4572 3657 4630 esse

2091 4681 2432 4738 conclusam.
