4034 6132
405 243 505 293 287

1708 239 1763 295 S.
1800 240 2122 297 GREGORH
2156 240 2444 296 NYSSENI

3543 241 3657 297 288'

413 393 467 406 ...ρ-
488 395 1899 424 .mm_
1923 391 3609 426 *ἡμή-,Μ

1231 556 1459 642 ΤΟΥ
1529 557 1675 643 ΕΝ
1744 551 2109 645 ΑΓΙΟΙΣ
2176 553 2798 643 ΓΡΗΓΟΡΙΟΥ

767 747 1120 859 ΠΕΡΙ
1208 744 1509 861 ΤΟΥ
1599 748 2017 862 ΚΑΤΑ
2103 745 2524 864 ΘΕΟΝ
2635 741 3283 860 ΣΚΟΠΟΥ

408 982 522 1034 K—U
569 984 705 1035 ΊἨΣ
754 984 939 1035 ΚΑΤΑ
992 984 1378 1038 ΑΛΗΘΕΙΑΝ
1416 984 1796 1039 ΑΣΚΗΣΕΩΣ
1820 999 1835 1015 ο
1873 984 2007 1038 ΚΑΙ
2040 985 2237 1038 ΠΡΟΣ
2276 984 2463 1037 ΤΟΥΣ
2492 979 3062 1036 ΑΠΑΙΊἨΣΑΝΤΑΣ
3091 974 3429 1030 ΑΣΚΙΙΤΑΣ
3465 968 3649 1025 ΠΕΡΙ

482 1100 620 1153 ΤΗΣ
666 1096 1078 1152 ΕΥΣΕΒΕΙΑΣ
1121 1101 1454 1154 ΣΚΟΠΟΥ⁶
1502 1101 1635 1155 ΚΑΙ
1681 1100 1823 1154 ΤΟΥ
1870 1100 2062 1156 ΟΠΩΣ
2094 1101 2246 1154 XPH
2279 1098 2644 1154 ΣΥΝΕΙΝΑΙ
2672 1092 3040 1152 ΔΛΔΗΛΟΙΣ
3074 1091 3208 1145 ΚΑΙ
3241 1091 3289 1144 Σ
3302 1083 3652 1144 ΥΝΑΓΩΝῙ·

475 1214 750 1269 ΖΕΣΘΑΙ
762 1255 778 1281 ,
822 1214 919 1269 ΥΠ
921 1218 962 1268 0
971 1217 1303 1271 ΤΥΠΩΣΙΣ.

934 1576 940 1581 ,
1476 1469 1573 1561 S.
1635 1471 1741 1561 P.
1801 1471 1921 1561 N.
1979 1467 2556 1561 GREGORII

841 1685 1025 1796 DE
1105 1680 1900 1797 PROPOSITO
1979 1678 2746 1796 SECUNDUM
2809 1676 3199 1790 DEUM

411 1923 510 1981 ET
563 1922 1171 1980 EXERCITATIONE
1228 1922 1464 1978 JUXTA
1528 1919 1992 1987 VERITATEM;
2050 1920 2146 1977 ET
2211 1920 2309 1975 AD
2369 1913 2819 1973 RELIGIOSOS
2866 1912 3001 1981 QUI
3055 1906 3656 1973 PBOPOSUERANT

483 2035 1025 2104 QUESTIONEM,
1070 2034 1170 2089 DE
1222 2032 1576 2090 PIETATIS
1613 2031 1871 2100 SCOPO,
1929 2031 2024 2087 ET
2063 2030 2163 2087 DE
2207 2026 2547 2085 RATIONE
2598 2026 2744 2094 QUA
2800 2024 3036 2082 INTER
3088 2022 3177 2079 SB
3230 2018 3654 2079 CONVERSA-

478 2149 781 2208 RENTUR
824 2149 921 2207 ET
974 2149 1123 2207 UNA
1173 2149 1790 2217 CONCERTARENT,
1838 2146 2291 2206 DESCRIPTIO
2346 2143 2762 2204 SUMHARIA.

1351 2326 1425 2377 Ex
1448 2327 1656 2389 interpr.
1677 2325 1927 2376 Frederici
1952 2322 2165 2385 Morelli,
2187 2322 2402 2374 Profess.
2424 2320 2770 2385 Reg.‘_Decani.

483 2618 543 2675 Si
595 2619 741 2691 quis,
772 2618 1108 2689 cogitatione
1163 2619 1442 2689 paululum
1517 2635 1547 2675 a
1601 2635 1832 2693 corpore
1889 2636 2022 2682 se-l

2148 2622 2214 2677 Εῐ
2235 2639 2317 2685 τις
2344 2619 2572 2692 σμικρὸν
2620 2618 2934 2689 ἀποστήσας
2971 2616 3066 2670 τοῦ
3106 2616 3357 2688 σώματος
3393 2616 3492 2689 τὴν
3544 2617 3655 2672 διά-

408 2713 622 2785 juncta.
676 2718 731 2767 et
766 2729 796 2765 a
830 2712 1304 2781 perturbationum
1349 2716 1611 2769 servitute
1638 2722 1694 2769 et
1745 2715 1978 2768 stultitia

413 2803 577 2874 plane
607 2801 895 2862 liberatus.
946 2792 1247 2870 perspicaci
1280 2815 1345 2856 ac
1392 2803 1606 2858 sincera
1635 2804 1835 2860 mentis
1864 2805 1981 2857 acie

413 2905 575 2946 suum
603 2889 772 2959 ipsius
795 2887 1038 2941 animum
1074 2887 1305 2943 intuitus
1336 2888 1519 2954 fuerit,
1553 2890 1607 2943 in
1628 2891 1749 2959 ejus
1783 2898 1977 2946 natura

413 2996 542 3037 cum
605 2980 699 3035 Dei
724 2994 849 3051 erga
873 2995 974 3034 nos
1004 2978 1344 3043 cbaritatem,
1414 2989 1526 3035 tum
1578 2982 1782 3051 opiﬁcii
1834 2983 1980 3039 illius

412 3077 750 3129 voluntatem
803 3086 938 3140 pure
974 3071 1298 3141 conspicict.
1326 3068 1441 3125 Hoc
1471 3071 1615 3125 enim
1651 3073 1811 3128 modo
1844 3090 1979 3130 con-

414 3164 666 3220 siderans
691 3161 963 3231 appetitus
989 3161 1252 3230 impetum
1284 3160 1352 3215 ad
1387 3160 1441 3215 id
1475 3161 1619 3231 quod
1656 3164 1977 3232 praeclarum

414 3258 791 3327 optimumque
824 3261 928 3316 est,
960 3251 1165 3307 homini
1191 3260 1508 3321 cognatum,
1528 3260 1585 3306 et
1623 3254 1780 3323 quasi
1802 3255 1982 3309 cohae-

413 3357 626 3407 rentem
653 3355 707 3401 et
736 3345 959 3401 insitum
990 3344 1323 3414 comperiet;
1359 3352 1414 3398 et
1450 3343 1807 3414 intelligibilis
1833 3345 1981 3402 illius

414 3455 481 3496 ac
566 3440 738 3493 beata:
817 3435 1089 3507 imaginis,
1171 3434 1331 3503 cujus
1401 3434 1563 3489 homo
1628 3434 1981 3490 simulacrum

413 3540 521 3597 est,
552 3528 1004 3600 imperturbatum
1029 3541 1093 3581 ac
1138 3524 1349 3581 felicem
1380 3538 1618 3580 amorem
1656 3532 1865 3583 natura).
1888 3540 1983 3581 co-

412 3625 681 3695 pulatum.
714 3620 1076 3675 Verumerror
1107 3618 1326 3688 quidam
1356 3617 1548 3671 harum
1567 3615 1978 3686 aspectabilium

413 3731 600 3772 rerum
634 3722 687 3768 et
714 3728 835 3783 qua:
865 3726 1081 3780 semper
1103 3708 1279 3764 lluunt
1306 3723 1403 3778 per
1441 3707 1674 3762 rationis
1703 3717 1980 3777 expertem

416 3804 770 3865 aﬂ‘ectum,et
809 3801 1142 3869 voluptatem
1192 3811 1474 3861 amaram,
1524 3797 1869 3851 instreuuum
1925 3803 1982 3851 et

416 3896 702 3952 incautum
736 3906 847 3960 prze
879 3890 1093 3959 ignavia
1124 3888 1365 3941 animum
1398 3887 1676 3956 decipiens
1705 3895 1868 3957 atque
1894 3887 1980 3941 in-

2080 2731 2247 2776 νοιαν,
2272 2714 2366 2767 καὶ
2392 2712 2492 2781 τῆς
2521 2709 2629 2763 τῶν
2656 2707 3114 2771 παϐὦν’δουλείας
3140 2725 3199 2760 τε
3230 2709 3325 2762 καὶ
3345 2711 3655 2785 ἀφροσύνης

2080 2806 2184 2870 ἔξω
2207 2804 2515 2874 γενόμενος,
2546 2801 2753 2872 εὐδήλῳ
2803 2800 2896 2854 καὶ
2952 2800 3235 2869 εἰλικρινεῖ
3274 2799 3518 2870 λογισμῷ
3557 2800 3657 2869 τὴν

2079 2895 2240 2956 αὐτὸς
2269 2893 2460 2947 ἑαυτοῦ
2489 2893 2693 2947 κατίδοι
2735 2892 2912 2962 ψυχήν
2937 2908 2951 2922 θ
2997 2891 3187 2960 ὄψεται
3214 2890 3469 2962 καθαρῶς
3498 2892 3557 2943 ἐν
3589 2892 3656 2960 τῇ

2078 2985 2278 3055 ταύτης
2316 2982 2473 3053 φύσει
2506 2983 2597 3036 τοῦ
2626 2982 2759 3036 Θεοῦ
2779 2985 2876 3052 τήν
2901 2998 2960 3034 τε
2990 2981 3118 3051 περὶ
3146 2982 3292 3052 ἡμᾶς
3319 2981 3541 3050 ἀγάπην
3561 2980 3656 3033 καὶ

2078 3077 2140 3131 τὸ
2173 3075 2415 3146 βούλημα
2442 3075 2539 3146 τῆς
2568 3073 2778 3127 ἐκείνου
2825 3071 3200 3143 δημιουργίας.
3240 3072 3475 3143 Εὐρήσει
3525 3071 3655 3141 γὰρ,

2079 3166 2264 3220 τοῦτον
2289 3166 2380 3219 τὸν
2413 3165 2612 3234 τρόπον
2643 3164 2976 3225 ἐπισκοπῶν,
3004 3162 3455 3233 συνουσιουμένην
3477 3179 3536 3214 τε
3564 3161 3657 3215 καὶ

2083 3260 2501 3328 συμπεφυκυῖαν
2524 3256 2602 3327 τῷ
2633 3255 2906 3325 ἀνθρώπῳ
2933 3256 3033 3326 τὴν
3073 3254 3166 3308 ἐπὶ
3192 3254 3252 3308 τὸ
3283 3253 3448 3307 καλόν
3476 3270 3536 3305 τε
3561 3254 3656 3306 καὶ

2080 3350 2300 3420 ἄριστον
2321 3349 2422 3418 τῆς
2446 3347 2739 3419 ἐπιθυμίας
2772 3348 2948 3417 ὁρμήν
2972 3363 2986 3376 ·
3021 3346 3115 3397 καὶ
3155 3347 3252 3415 τῆς
3280 3343 3477 3413 νοητῆς
3514 3342 3654 3395 ὲκεί-

2080 3457 2177 3510 νης
2204 3440 2298 3493 καὶ
2351 3438 2624 3509 μακαρίας
2671 3438 2896 3501 εἰκόνος.
2928 3432 2996 3509 ἧς
3021 3439 3049 3490 ό
3078 3436 3363 3506 ἄνθρωπος
3412 3435 3684 3505 μίμημακ

2078 3530 2169 3584 τὸν
2197 3530 2379 3599 ἀπαθῆ
2398 3530 2491 3583 καὶ
2517 3530 2782 3601 μακάριον
2802 3529 2981 3599 ἔρωτα
3018 3527 3364 3598 συνημμένον
3383 3529 3448 3597 τῇ
3473 3526 3655 3594 φύσει.

2094 3621 2252 3675 Ἀλλὰ
2278 3622 2452 3692 πλάιη
2483 3640 2565 3686 τις
2590 3621 2699 3674 τῶν
2732 3620 2944 3691 ὁρατῶν
2964 3619 3170 3673 τούτοιν
3201 3621 3293 3672 καὶ
3313 3620 3542 3690 ῥεόντων
3572 3617 3656 3670 ἀεὶ

2079 3712 2165 3766 διά
2196 3713 2395 3777 πάθους
2427 3712 2621 3781 ἀλόγου
2657 3712 2745 3765 καὶ
2781 3714 2981 3782 πικρᾶς
2998 3711 3190 3781 ἡδονῆς
3220 3710 3318 3782 τὴν
3352 3711 3531 3782 ἀμελῆ
3563 3712 3655 3763 καὶ

2080 3806 2386 3874 ἀφύλακτον
2415 3804 2518 3857 ὐπὸ
2561 3803 2830 3874 ῥᾳθυμίας
2861 3802 3036 3873 ψυχὴν
3086 3803 3355 3855 ἀπατῶσα
3394 3804 3488 3855 καὶ
3523 3820 3655 3872 γοη-

2080 3899 2333 3960 τεύουσα,
2387 3898 2525 3967 πρὸς
2557 3896 2753 3951 κακίαν
2784 3896 2930 3949 ἕλκει
2967 3895 3164 3965 δεινὴν,
3209 3895 3555 3964 γεννωμένην
3596 3910 3655 3947 τε

416 3998 672 4049 cantans,
707 3983 775 4038 ad
810 3981 1076 4037 nefarium
1110 3978 1303 4032 vitium
1350 3977 1517 4031 trahit
1546 3993 1577 4033 e
1615 3978 1741 4034 vitae
1767 3979 1981 4034 deliciis
2014 3978 2022 4032 1

2085 3990 2150 4042 ὲκ
2177 3988 2285 4042 τῶν
2314 3988 2511 4059 ἡδονῶν
2551 3987 2643 4041 τοῦ
2684 3987 2820 4057 βίου,
2853 3987 2947 4041 καὶ
2983 3986 3255 4056 γεννῶσαν
3289 3986 3514 4039 Θάνατον
3543 3988 3655 4048 τοῖς

415 4085 759 4152 procreatum
796 4082 850 4129 et
882 4079 1112 4127 mortem
1171 4069 1287 4125 suis
1333 4069 1670 4125 amatoribus
1731 4070 1981 4142 gignens.

416 4173 710 4241 Propterea
750 4165 995 4222 veritatis
1024 4163 1295 4225 notitiam.
1357 4162 1501 4232 quod
1536 4163 1778 4218 salutare
1805 4163 1980 4217 mctli-

414 4270 726 4321 camentum
766 4268 851 4316 est
907 4257 1124 4319 animis,
1159 4254 1458 4310 Salvatoris
1492 4254 1668 4309 nostri
1710 4255 1883 4327 gratia
1914 4254 1981 4310 iis

414 4356 510 4428 qui
544 4369 667 4409 cum
702 4351 972 4407 desiderio
999 4347 1331 4418 percipiunt,
1381 4346 1578 4416 largita
1610 4355 1713 4408 est,
1748 4359 1857 4414 qua
1880 4345 1983 4399 sol—

414 4451 561 4504 vitur
590 4460 721 4502 sane
748 4444 897 4500 fraus
925 4457 1046 4510 quae
1104 4439 1376 4494 hominem
1410 4440 1704 4502 incantat;
1739 4448 1793 4491 et
1829 4437 1983 4506 igno-

413 4542 542 4598 bilis
584 4538 759 4593 I‘astus
809 4535 995 4590 carnis
1023 4533 1393 4602 exstinguitur
1449 4537 1505 4585 et
1568 4528 1978 4597 comprimitur,

414 4634 595 4689 anima
611 4645 732 4702 quae
760 4637 869 4683 tam
901 4636 1105 4681 arctam
1141 4626 1393 4694 copulam
1425 4630 1586 4676 nacta
1621 4629 1706 4676 est
1733 4636 1829 4691 per
1848 4621 1986 4674 veri-

412 4727 543 4781 tatis
569 4725 742 4777 lucem
802 4720 870 4774 ad
906 4734 1105 4772 numen
1154 4716 1401 4771 divinum
1437 4722 1493 4770 et
1542 4713 1774 4769 salutem
1826 4726 1982 4767 suam

412 4817 664 4871 deducta.
696 4811 801 4866 Par
819 4820 903 4866 est
927 4810 1112 4877 igitur.
1146 4815 1205 4861 ut
1228 4808 1275 4863 is
1314 4810 1405 4877 qui
1426 4820 1629 4875 corpus
1652 4815 1707 4858 et
1739 4804 1979 4858 animum

407 4910 567 4979 juxta
607 4905 822 4976 pietatis
862 4903 1035 4973 legem
1093 4898 1363 4954 adducere
1403 4897 1513 4953 Deo
1558 4897 1783 4968 cogitat,
1820 4905 1983 4965 atque

411 5001 758 5056 incruentum
804 5004 1070 5063 etpurum
1122 4990 1223 5061 ipsi
1252 4991 1461 5045 cultum
1516 4988 1797 5050 exhibere,
1858 4987 1980 5041 vitae

409 5091 603 5147 ducem
638 5082 973 5142 instituendo
1030 5081 1172 5151 piam
1235 5078 1429 5143 ﬁdem,
1460 5092 1620 5146 quam
1661 5086 1978 5131 sanctorum

408 5195 574 5237 voces
605 5193 703 5249 per
733 5189 948 5231 onmem
981 5173 1139 5227 nobis
1178 5168 1520 5239 Scripturam
1550 5168 1807 5229 clamant,
1847 5155 1989 5222 am

408 5271 738 5340 morigerum
805 5274 860 5322 et
931 5263 1392 5320 obsecundantem
1468 5259 1707 5312 animum
1765 5258 1981 5312 virtutis

2087 4079 2286 4149 ἑαυτῆς
2318 4080 2587 4149 ἐρασταῖς.
2608 4078 2705 4130 Διά
2730 4078 2887 4131 τοῦτο
2910 4078 3007 4147 τὴν
3036 4077 3233 4145 γνῶσιν
3255 4076 3354 4147 τῆς
3376 4075 3655 4147 ἀληθείας,

2085 4167 2146 4220 τὸ
2192 4169 2455 4239 σωτήριον
2485 4170 2603 4231 ταῖς
2636 4168 2832 4238 ψυχαῖς
2858 4168 3175 4237 φάρμακον,
3206 4169 3239 4237 ἡ
3269 4166 3362 4220 τοῦ
3403 4167 3655 4236 Σωτῆρος

2088 4258 2242 4329 ἡμῶν
2282 4262 2393 4322 τοῖς
2423 4259 2571 4329 πόθῳ
2602 4259 2910 4329 δεχομένοις
2967 4259 3276 4330 ἐδωρήσατο
3316 4258 3474 4329 χάρις
3498 4275 3510 4286 ·
3560 4259 3655 4327 ὑφ’

2085 4344 2153 4421 ἧς
2168 4350 2347 4403 λύεται
2378 4351 2475 4421 μὲν
2513 4354 2546 4421 ἡ
2576 4351 2758 4422 ἀπάτη
2793 4353 2825 4422 ή
2855 4351 2944 4404 τὸν
2981 4350 3264 4421 ἄνθρωπον
3286 4349 3655 4421 γοητεύουσαο

2085 4440 2146 4494 τὸ
2163 4440 2220 4494 δὲ
2243 4442 2339 4511 τῆς
2370 4440 2567 4512 σαρκὸς
2592 4441 2784 4512 ἄτιμον
2818 4442 3242 4496 κατασϐέννυται
3281 4443 3553 4512 φρόνημα,
3578 4441 3656 4512 τῷ

2086 4532 2184 4604 τῆς
2203 4532 2459 4603 ἀληθείας
2511 4534 2650 4601 φωτὶ
2695 4533 2830 4605 πρὸς
2856 4534 2915 4586 τὸ
2952 4533 3104 4587 Θείόν
3125 4550 3183 4586 τε
3211 4534 3305 4587 καὶ
3333 4533 3431 4604 τὴν
3456 4534 3655 4603 ἑαυτῆς

2090 4610 2358 4692 σωτηρίαν
2388 4620 2753 4692 ὀδηγουμένης
2775 4621 2869 4690 τῆς
2888 4619 3083 4691 ψυχῆς,
3114 4622 3147 4692 ἢ
3177 4620 3274 4691 τὴν
3305 4620 3496 4674 ἕνωσιν
3537 4620 3653 4673 ἑδέ-

2088 4707 2233 4772 ξατο.
2258 4710 2349 4760 Δεῖ
2385 4709 2559 4761 τοίνυν
2594 4708 2685 4760 τὸν
2717 4708 2974 4778 μέλλοντα
3005 4708 3181 4782 ψυχὴν
3211 4709 3303 4762 καὶ
3328 4709 3487 4779 σῶμα
3513 4711 3654 4761 κατά

2088 4798 2176 4851 τὸν
2188 4800 2283 4868 τῆς
2316 4798 2596 4862 εὐσεϐείας
2623 4798 2783 4868 νόμον
2798 4798 3092 4871 προσάγειν
3112 4798 3252 4870 Θεῷ,
3270 4799 3362 4852 καὶ
3384 4799 3481 4869 τὴν
3503 4797 3662 4851 ἀναί-

2091 4909 2294 4963 μακτον
2321 4891 2465 4963 αὐτῷ
2492 4893 2584 4947 καὶ
2611 4891 2857 4963 καθαρὰν
2894 4892 3199 4947 ἀποδιδόναι
3225 4892 3495 4965 λατρείαν,
3520 4893 3650 4961 ἠγε-

2090 4985 2225 5053 μόνα
2250 5001 2309 5036 τε
2334 4983 2429 5037 τοῦ
2461 4983 2577 5054 βίου
2597 4983 2692 5053 τὴν
2713 4983 2907 5054 εὐσεϐῆ
2930 4983 3111 5037 πίστιν
3144 4983 3482 5055 ποιούμενον,
3512 4983 3579 5053 ἢν
3596 4983 3652 5035 αἰ

2086 5075 2193 5129 τῶν
2222 5074 2391 5145 ἀγίων
2420 5075 2595 5144 φωναὶ
2617 5074 2703 5126 διὰ
2734 5074 2911 5145 πάσης
2938 5076 3068 5145 ἡμῖν
3107 5073 3269 5144 βοῶσι
3296 5073 3538 5144 Γραφῆς,
3561 5071 3658 5126 οῦ-

2085 5184 2191 5230 τως
2221 5166 2447 5236 εὐπειθῆ
2486 5167 2581 5220 καὶ
2613 5166 2823 5235 εὐήνιον
2853 5165 2950 5236 τὴν
2977 5166 3154 5236 ψυχὴν
3190 5168 3303 5229 τοῖς
3330 5167 3428 5236 τῆς
3451 5166 3655 5239 ἀρετῆς

2087 5259 2372 5315 ἐπιδιδόναι
2420 5260 2668 5331 δρόμοις·
2696 5259 2888 5314 λύοντα
2921 5262 3018 5332 μὲν
3043 5261 3232 5316 ἑαυτὸν
3266 5261 3376 5314 τῶν
3406 5258 3499 5314 τοῦ
3534 5260 3652 5330 βίον

409 5360 701 5419 curriculis
765 5357 1059 5421 exhibere,
1145 5356 1385 5426 seipsum
1441 5367 1472 5406 a
1550 5351 1780 5406 vinculis
1857 5331 2022 5405 vitae‘

2084 5351 2297 5423 δεσμῶν
2319 5393 2335 5418 ,
2364 5326 2484 5406 ὅλον
2510 5326 2567 5404 δὲ
2595 5354 2661 5423 τῇ
2704 5353 2883 5407 πίστει
2907 5326 3001 5407 καὶ
3037 5353 3114 5424 τῷ
3140 5353 3238 5425 βίῳ
3264 5352 3357 5407 τοῦ
3389 5326 3645 5423 Θεοῦ-μό.

408 5451 742 5510 exsolvendo
763 5490 778 5515 ,
811 5457 982 5503 totum
1008 5462 1136 5502 vero
1163 5461 1221 5501 se
1260 5445 1383 5500 ﬁdei
1414 5452 1467 5497 et
1493 5443 1616 5496 vitae
1646 5441 1735 5497 Dei
1766 5449 1976 5496 tantum

409 5540 695 5603 tradendo.
725 5540 853 5595 dum
884 5536 1101 5606 penitus
1132 5535 1409 5604 cog-iitum
1435 5532 1702 5601 planeque
1755 5545 1977 5599 perSpe.

411 5650 558 5696 ctum
593 5636 779 5696 habet,
808 5632 857 5688 ei
894 5629 1038 5689 aoud
1087 5642 1245 5687 aucm
1284 5626 1498 5692 pictatis
1528 5624 1662 5681 ﬁdes
1710 5633 1762 5680 et
1796 5624 1970 5680 incul-

2084 5460 2171 5497 vov
2195 5443 2492 5513 γινόμενον,
2518 5443 2693 5497 εἰδότα
2713 5445 2917 5513 σαφῶς,
2936 5446 3010 5508 ὼς
3035 5438 3147 5512 ὲνῷ
3164 5444 3343 5508 πίστις
3373 5444 3661 5506 εὐσεϐείας

2084 5535 2176 5589 καὶ
2194 5534 2305 5611 βίος
2321 5534 2624 5605 ἄμεμπτος,
2646 5537 2761 5589 ἐκεῖ
2779 5539 2871 5590 καὶ
2888 5537 3122 5606 Χριστοῦ
3137 5537 3364 5609 πάρεστι
3387 5538 3618 5608 δύναμις
3638 5555 3651 5570 ·

2082 5629 2138 5679 ὲν
2182 5618 2226 5694 ᾧ
2276 5624 2332 5679 δὲ
2370 5627 2604 5697 Χριστοῦ
2650 5628 2895 5696 δύναμις,
2957 5629 3071 5681 ἐκεῖ
3134 5631 3329 5695 κακίας
3372 5630 3657 5703 ἀποφυγή.

3418 5782 3466 5801 ..ν
