4034 6132
388 358 499 421 289

1523 351 1611 406 DE
1647 342 2024 410 INSTITUTO
2068 349 2509 412 CHRISTiANO.

3531 351 3639 406 230

393 472 550 541 Μέγα
595 467 684 540 δὴ,
725 464 871 537 μέγα
914 466 1049 539 πρὸς
1081 465 1275 535 κτῆσιν
1308 464 1414 519 τῶν
1458 466 1662 536 νοητῶν
1684 468 1795 530 τοῖς
1821 465 1970 535 φόϐῳ

2073 473 2197 535 pata
2224 465 2335 518 vita
2364 462 2608 527 exsistit,
2637 463 2799 517 etiam
2830 461 3034 520 Christi
3067 461 3369 535 potentiam
3408 460 3639 526 adesse;

390 561 698 633 δεχομένοις
731 559 791 611 τὸ
837 559 995 627 ἅγιον
1026 558 1329 629 βάπτισμα.
1354 558 1427 611 Τὺ
1454 556 1562 630 γάρ
1602 557 1852 610 πλούσιον
1877 558 1971 610 καὶ

388 652 621 721 ἄφθονον
656 651 881 722 Πνεῦμα
920 650 983 703 τὸ
1016 649 1137 721 ῥέον
1169 649 1256 703 ἀεὶ
1287 651 1397 713 τοῖς
1426 649 1732 721 δεχομένοις
1756 650 1855 720 τὴν
1873 648 1972 720 χά-

390 760 496 814 ριν,
525 736 595 814 ἦς
616 741 665 794 οί
690 740 834 809 amo.
858 738 1235 809 πληρωθέντες
1258 739 1563 797 ἀπόστολοι.
1584 741 1704 802 ταῖς
1724 738 1816 792 τοῦ
1839 739 1972 809 Χρι-

388 833 517 887 στοῦ
554 831 903 902 Ἐκκλησίαις
932 831 1055 893 τοὺς
1080 831 1324 901 καρποὺς
1344 829 1685 896 ἐπεδείξαντο
1713 829 1805 882 τοῦ
1831 828 1969 899 πλη-

286 910 295 917 ’
388 922 661 995 ρώματος,
689 920 868 985 τοῦτο,
896 924 1008 984 τοῖς
1035 920 1133 991 τὴν
1166 920 1373 992 δωρεάν
1408 920 1713 991 εἰλικρινῶς
1751 918 1970 990 δεξαμέ-

385 1029 499 1074 νοις
529 1010 670 1064 κατὰ
697 1010 758 1063 τὸ
798 1009 996 1079 μέτρον
1029 1007 1129 1078 τῆς
1158 1009 1387 1063 ἑκάστου
1424 1008 1531 1062 τῶν
1570 1010 1968 1080 μετειληφὺτων

386 1103 626 1165 πίστεως
651 1140 668 1164 ,
710 1101 969 1171 συνεργὸν
1003 1101 1095 1154 κα)⁸
1148 1100 1390 1154 σύνοικον
1420 1101 1745 1172 παραμένει,
1767 1106 1965 1159 οἰκοδο·

389 1192 527 1263 μοῦν
554 1194 615 1245 ὲν
645 1192 861 1261 ἑκάστῳ
891 1191 951 1244 τὸ
988 1191 1190 1259 ἀγαθὸν
1228 1191 1362 1263 πρὸς
1400 1192 1500 1262 τὴν
1550 1194 1647 1264 τῆς
1689 1193 1861 1265 ψυχῆς
1910 1198 1967 1250 ὲν

386 1285 499 1344 τοῖς
529 1283 627 1353 τῆς
653 1282 889 1346 πίστεως
939 1281 1120 1353 ἔργοις
1167 1283 1422 1353 σπουδήν.
1471 1283 1592 1355 Χρὴ
1618 1280 1707 1339 οὖν
1741 1286 1968 1342 ἕκαστον

386 1372 544 1442 ἡμῶν
569 1372 634 1426 δι’
655 1372 856 1443 ἀρετῆς
906 1372 1283 1443 προκόπτοντα
1316 1374 1403 1426 ἀεὶ
1455 1375 1751 1445 προσάγειν
1778 1379 1968 1434 ἑαυτὸν

385 1466 467 1528 εἰς
532 1463 699 1535 ἄνδρα
742 1462 971 1530 τέλειον,
1004 1461 1146 1516 κατὰ
1190 1463 1282 1518 τὸν
1329 1464 1649 1518 Ἀπόοτολον
1682 1508 1696 1531 ,
1734 1486 1751 1517 ι
1790 1469 1966 1540 Μέχρι

387 1557 822 1626 καταντήσωμεν
847 1556 896 1608 οἱ
918 1555 1116 1618 πάντες
1136 1557 1213 1617 εἰς
1230 1553 1328 1625 τὴν
1356 1555 1581 1625 ἑνότητα
1607 1557 1704 1626 τῆς
1734 1558 1967 1622 πίστεως

386 1647 483 1701 καὶ
517 1648 615 1718 τῆς
637 1645 984 1716 ἐπιγνώσεως
1008 1645 1100 1699 τοῦ
1135 1644 1261 1699 λ’ίοῦ
1293 1647 1387 1700 τοῦ
1412 1646 1571 1711 Θεοῦ,
1597 1651 1673 1712 εἰς
1697 1649 1866 1718 ἄνδρα
1888 1651 1969 1704 τέ-

384 1740 550 1803 λειον,
578 1741 660 1802 εἰς
693 1739 889 1808 μέτρον
922 1738 1137 1809 ἡλικίας
1172 1737 1266 1791 τοῦ
1301 1738 1664 1810 πληρώματος
1705 1743 1799 1794 τού
1829 1744 1962 1814 Χρι-

2072 557 2162 610 ubi
2193 570 2322 609 vero
2348 555 2551 610 Christi
2579 556 2753 610 virtus
2795 564 2899 621 est,
2932 554 3007 609 ibi
3032 554 3151 608 vitii
3182 552 3306 625 fuga
3334 564 3437 609 est.
3464 552 3642 624 Magni

2071 647 2316 716 profecto
2355 645 2641 713 momenti,
2679 646 2879 716 magni,
2920 646 3168 716 inquam,
3216 651 3302 700 est
3355 644 3421 700 ad
3459 659 3641 699 rerum

2071 736 2493 806 intelligibilium
2524 735 2990 803 comparationem
3021 734 3074 786 in
3095 734 3165 789 iis
3186 732 3422 802 quicum
3450 733 3644 788 timore

2072 835 2262 880 sancto
2297 826 2621 895 baptismate
2649 826 2803 878 tincti
2835 836 2982 880 sunt.
3002 823 3135 877 Nam
3157 825 3309 879 dives
3334 832 3387 878 et
3413 824 3644 893 opulen-

2072 924 2162 972 tus
2196 916 2452 987 Spiritus,
2488 917 2580 986 qui
2612 931 2827 985 semper
2853 914 3160 975 infunditur
3191 916 3370 979 ineos
3398 916 3492 985 qui
3517 931 3642 985 gra-

2071 1010 2199 1063 tiam
2222 1016 2569 1078 acceperunt,
2597 1024 2704 1078 qua
2737 1007 2915 1063 sancti
2937 1007 3169 1076 apostoli
3205 1007 3413 1074 referti,
3437 1007 3643 1062 Christi

2070 1099 2335 1156 Ecclesiis
2367 1100 2579 1156 fructus
2611 1100 3002 1169 cumplementi
3069 1099 3430 1155 ostenderunt
3458 1100 3643 1170 iisqui

2068 1208 2268 1247 munus
2302 1192 2516 1247 sincere
2545 1192 2910 1256 admiserunt,
2938 1205 3037 1261 pro
3070 1204 3328 1245 mensura
3379 1192 3645 1259 cujusque

2067 1299 2256 1339 eorum
2292 1284 2387 1354 qui
2443 1284 2566 1340 fidei
2594 1285 2886 1356 participes
2932 1283 3109 1347 fuere,
3147 1282 3412 1350 adiuvans
3443 1291 3497 1339 ct
3537 1297 3644 1338 una

2070 1374 2320 1429 habitans
2346 1386 2649 1444 permanet,
2693 1382 2747 1431 et
2778 1377 2979 1429 bonum
3040 1376 3092 1428 in
3128 1389 3460 1443 unoquoque
3510 1389 3646 1428 con-

2069 1468 2251 1530 struit,
2285 1467 2351 1522 ad
2402 1468 2599 1523 anima:
2631 1468 2871 1524 studium
2918 1467 2972 1520 in
3005 1465 3127 1521 ﬁdei
3186 1465 3459 1536 operibus.
3504 1464 3647 1535 Ergo

2068 1574 2166 1628 par
2195 1570 2298 1623 est,
2332 1568 2391 1614 ut
2414 1561 2649 1632 quisque
2681 1569 2924 1616 nostrum
2974 1575 3190 1630 semper
3230 1574 3289 1614 se
3321 1559 3376 1612 in
3446 1559 3645 1612 virtute

2070 1651 2437 1721 proﬁcientem
2502 1652 2571 1707 ad
2633 1653 2804 1707 virum
2852 1653 3148 1723 perfectura
3200 1653 3453 1715 adducat,
3487 1651 3646 1720 juxta

2071 1743 2313 1812 Apostoli
2344 1744 2571 1807 dictum,
2590 1762 2609 1795 ι
2638 1743 2936 1814 Quousque
2956 1759 3315 1799 occurramus
3345 1759 3539 1797 omnes
3574 1741 3644 1796 ad

388 1802 541 1884 στοῦ.
570 1849 589 1882 ι
633 1802 706 1883 Ἠ.
747 1802 845 1902 μέν
882 1802 973 1882 τού
1011 1828 1262 1900 σώματος
1296 1802 1432 1900 πρδς
1479 1802 1536 1883 τὸ
1566 1802 1808 1885 ἀνελθεῖν
1841 1802 1960 1886 ἐπί-

2073 1802 2335 1888 nnitatem
2367 1834 2511 1899 ﬁdei,
2532 1842 2585 1889 et
2616 1802 2909 1906 agnitionis
2934 1834 3052 1889 Filii
3083 1833 3196 1900 Dei,
3220 1835 3285 1889 ad
3323 1835 3494 1890 virum
3523 1849 3646 1903 per-

384 1922 553 1984 δοσις,
586 1921 738 1975 οὐδὲν
755 1920 1002 1991 ἐφ’ἠμῖν.
1022 1922 1095 1975 Οὐ
1117 1920 1226 1992 γὰρ
1251 1924 1315 1992 τῇ
1333 1920 1426 1974 τοῦ
1451 1921 1739 1990 ἀνθρώπου
1771 1922 1966 1995 γνώμῃ

384 2012 479 2066 καὶ
510 2012 672 2083 ἡδονῇ
705 2015 893 2083 μετρεῖ
917 2013 976 2065 τὸ
1010 2012 1238 2084 μέγεθος
1267 2013 1299 2084 ἠ
1336 2013 1515 2082 φύσις,
1535 2014 1669 2068 ἀλλὰ
1700 2018 1765 2086 τῇ
1797 2016 1966 2087 αὐτῆς

381 2106 527 2174 ὁρμῇ
561 2104 655 2157 καὶ
684 2104 918 2176 ἀνάγκῃ.
943 2104 1014 2156 Τὸ
1042 2103 1099 2157 δὲ
1135 2103 1236 2173 τῆς
1261 2104 1438 2175 ψυχῆς
1463 2105 1521 2158 ὲν
1554 2107 1617 2177 τῇ
1658 2107 1756 2176 τῆς
1784 2108 1965 2177 γεννή-

383 2209 526 2256 σεως
560 2191 856 2247 ἀνανεώσει
892 2194 1088 2264 μέτρον
1118 2194 1212 2246 καὶ
1246 2194 1460 2259 κάλλος,
1492 2194 1636 2267 άπερ
1668 2195 1848 2248 δίδωσι
1876 2195 1965 2249 διὰ

381 2287 483 2357 τῆς
506 2285 601 2338 τοῦ
635 2284 923 2357 δεχομένου
965 2286 1199 2356 σπουδῆς
1230 2288 1262 2357 ἡ
1289 2285 1384 2340 τοῦ
1432 2287 1745 2359 Πνεύματος
1785 2289 1961 2360 χάρις,

383 2376 483 2446 τῆς
509 2377 786 2447 ἡμετερας
813 2377 1046 2448 ἧρτηται
1095 2376 1318 2448 γνώμης
1339 2393 1353 2406 ⁸
1399 2378 1522 2431 ὅσον
1570 2378 1678 2449 γὰρ
1710 2380 1966 2441 ἐκτείνεις

380 2468 511 2531 τοὺς
544 2467 684 2538 ὑπὲρ
715 2468 814 2538 τῆς
858 2468 1141 2532 εὐσεϐείας
1193 2468 1433 2537 ἀγῶνας,
1478 2469 1731 2523 τοσοῦτον
1780 2471 1872 2523 καὶ
1905 2469 1966 2523 τὺ

381 2556 483 2625 τῆς
506 2555 688 2626 ψυχῆς
722 2558 1116 2612 συνεκτείνεται
1144 2557 1388 2629 μέγεθος.
1425 2560 1532 2612 Καὶ
1552 2559 1647 2630 τὴν
1673 2559 1771 2629 μὲν
1797 2560 1965 2613 ἀΐδιον

382 2646 550 2718 ζωὴν,
571 2649 667 2701 καὶ
697 2647 793 2719 τὴν
819 2648 1053 2720 ἄρρητον
1085 2650 1142 2701 ὲν
1165 2650 1409 2720 οὐρανοῖς
1434 2650 1840 2720 εὐφροσύνην,ή
1870 2649 1962 2702 τοῦ

382 2736 707 2807 Πνεύματος
730 2738 909 2791 δίδωσι
946 2737 1102 2809 χάρις
1122 2755 1135 2769 ο
1171 2740 1268 2809 τὴν
1303 2740 1359 2792 δὲ
1391 2739 1547 2803 ἀξίαν
1589 2738 1681 2793 τοῦ
1713 2738 1964 2804 δέξασθαι

380 2828 453 2881 τά
475 2827 650 2901 δῶρα,
679 2829 775 2882 καὶ
814 2829 1122 2883 ἀπολαῦσαι
1150 2831 1247 2901 τῆς
1290 2831 1531 2902 χάριτος,
1561 2833 1591 2884 ὁ
1621 2830 1707 2885 διὰ
1742 2831 1840 2902 τῆς
1878 2831 1965 2883 πί-

385 2934 561 2983 στεως
597 2918 750 2990 παρὰ
774 2919 902 2983 τοὺς
931 2920 1126 2984 πόνους
1152 2920 1289 2991 ἔρως
1313 2922 1445 2993 ἔχει.

2067 1924 2294 1989 fectum,
2324 1927 2391 1981 ad
2419 1943 2729 1984 mensuram
2757 1928 2935 1983 aetatis
2963 1927 3314 1998 plenitudinis
3343 1926 3545 1981 Christi
3568 1927 3602 1978 ¹.
3621 1944 3640 1976 ι

2066 2016 2325 2086 Corporis
2374 2025 2522 2073 certe
2566 2026 2918 2087 augmentum
2973 2017 3039 2071 ad
3082 2017 3490 2072 increscendum
3536 2030 3646 2069 non

2066 2107 2122 2161 in
2162 2107 2321 2163 nobis
2355 2108 2519 2163 situm
2557 2116 2657 2164 est.
2696 2106 3126 2178 Haudquaquam
3156 2118 3347 2161 natura
3373 2122 3436 2161 ex
3469 2106 3645 2159 homi-

2068 2198 2153 2252 nis
2175 2197 2441 2253 sententia
2479 2205 2533 2252 ct
2567 2197 2791 2252 libidine
2824 2206 3087 2253 staturam
3132 2197 3376 2261 metitur,
3417 2197 3509 2251 sed
3545 2211 3646 2250 suo

2054 2287 2354 2357 ipsiusmet
2385 2288 2586 2356 impetu
2617 2294 2670 2341 ct
2699 2289 3047 2343 necessitate.
3097 2285 3278 2340 Animi
3311 2302 3436 2341 vero
3467 2285 3521 2339 in
3556 2299 3646 2336 or-

2067 2387 2155 2434 tus
2201 2379 2553 2434 renovatione
2593 2380 2789 2434 modus
2817 2386 2870 2432 et
2901 2378 3088 2444 decus,
3119 2394 3239 2448 quae
3270 2377 3503 2448 Spiritus
3521 2393 3645 2449 gra-

2067 2470 2139 2523 tia
2193 2470 2438 2540 largitur,
2468 2485 2565 2540 per
2602 2470 2722 2539 ejus
2768 2468 2862 2539 qui
2896 2478 3154 2539 acceptus
3188 2477 3292 2533 est,
3323 2469 3585 2538 studium,
3615 2487 3646 2526 a

2064 2561 2296 2615 consilio
2320 2570 2511 2615 nostro
2536 2561 2771 2630 pendent
2801 2580 2814 2614 :
2849 2576 2972 2613 nam
3001 2571 3206 2630 quanto
3234 2562 3407 2631 magis
3435 2562 3646 2618 labores

2066 2663 2163 2718 pro
2189 2649 2384 2717 pietate
2405 2649 2673 2713 extendis,
2696 2657 2846 2703 tanto
2867 2651 3029 2704 etiam
3061 2651 3233 2719 magis
3251 2652 3413 2705 animi
3437 2655 3646 2723 magni-

2067 2738 2197 2793 tudo
2228 2739 2390 2795 simul
2415 2741 2746 2796 extenditur.
2785 2741 2849 2793 Et
2872 2744 3258 2811 sempiternam
3287 2746 3449 2796 vitam
3487 2754 3649 2815 atque

2065 2830 2389 2885 iceﬂ‘abilem
2404 2847 2525 2902 quae
2545 2832 2595 2885 in
2614 2833 2768 2887 caelis
2790 2841 2873 2887 εει
2893 2835 3128 2887 laetitiam
3150 2834 3391 2904 ejusdem
3414 2837 3648 2906 Spiritus

2069 2924 2242 2992 gratia
2267 2924 2521 2978 concedit
2549 2940 2562 2976 :
2587 2923 2888 2994 accipiendi
2924 2939 3053 2980 vero
3079 2941 3302 2980 munera
3332 2926 3648 2997 dignitatem

2071 3020 2123 3067 et
2144 3013 2315 3084 gratia
2345 3012 2579 3075 fruendi,
2605 3029 2759 3067 amor
2778 3030 2874 3084 per
2900 3015 3058 3070 ﬁdem
3086 3017 3361 3071 laboribus
3384 3018 3611 3072 obtinet.

456 3098 825 3172 Πῳελθοῦσαι
859 3099 916 3154 δὲ
965 3100 1045 3165 εἰς
1083 3101 1279 3155 ταύτὸν
1314 3100 1624 3170 δικαιοσύνη
1664 3100 1839 3171 ἔργων
1872 3101 1967 3154 καὶ

2143 3103 2262 3158 Jam
2298 3119 2426 3159 vero
2458 3104 2526 3158 ad
2559 3105 2701 3161 idem
2751 3121 3057 3176 progressae
3093 3121 3318 3176 operum
3358 3108 3570 3179 justitia
3596 3118 3647 3165 et

386 3192 704 3262 Πνεύματος
745 3190 922 3262 χάρις,
978 3193 1059 3255 είς
1103 3193 1170 3262 ἢν
1222 3191 1482 3263 συνῆλθον
1533 3192 1729 3263 ψυχὴν,
1765 3191 1968 3262 ταύτην

388 3285 536 3356 ζωῆς
585 3284 861 3355 μακαρίας
913 3285 1031 3353 μετ’
1105 3283 1350 3354 ἀλλήλων
1400 3282 1740 3355 ἐνέπλησαν·
1788 3282 1971 3347 διαζυ-

387 3377 572 3443 γτῖσαι
603 3373 660 3427 δὲ
695 3373 788 3427 ἀπ’
814 3373 1058 3445 ἀλλήλων
1100 3374 1252 3428 οὐδὲν
1283 3376 1348 3446 τῇ
1384 3373 1530 3444 ψυχῇ
1585 3374 1773 3445 κέρδος
1828 3391 1970 3446 παρ·

389 3466 626 3537 έχουσιν.
667 3465 743 3517 ’Ἡ
772 3482 830 3517 τε
858 3464 969 3535 γάρ
1014 3463 1108 3518 τοῦ
1147 3464 1282 3519 Θεοῦ
1327 3465 1487 3537 χάρις
1514 3464 1711 3536 ψυχαῖς
1741 3465 1971 3535 φευγού-

391 3572 515 3618 cat;
569 3555 669 3626 τὴν
733 3554 1007 3625 σωτηρίαν
1058 3555 1160 3608 οὐκ
1206 3554 1320 3627 ἔχει
1368 3557 1672 3626 ὲπιφοιτᾷν,
1702 3557 1737 3627 ἥ
1790 3573 1848 3609 τε
1872 3556 1973 3625 τῆς

386 3647 483 3701 τοῦ
517 3644 805 3719 ἀνθρώπου
836 3647 1036 3718 ἀρετῆς
1066 3646 1313 3718 δύναμις,
1337 3647 1436 3700 οὐκ
1456 3648 1677 3717 ἐξαρκεῖ
1704 3647 1825 3701 καθ’
1842 3648 1972 3700 ἑαυ-

387 3738 489 3808 τὴν
523 3738 664 3810 πρὸς
692 3738 862 3810 τὸτῆς
897 3738 1042 3809 ζωῆς
1073 3734 1211 3802 εἶδος
1236 3739 1564 3794 ἀναϐιϐάσαι
1602 3737 1777 3808 ψυχὰς
1816 3740 1974 3808 ἀμοι-

392 3829 593 3901 ρούσας
636 3830 737 3900 τῆς
766 3831 1009 3903 χάριτος.
1052 3849 1071 3882 ι
1116 3831 1243 3885 Ἐάν
1291 3831 1367 3903 μὴ
1407 3831 1608 3903 Κύριος
1644 3830 1971 3902 οἱκοδομήσῃ

391 3916 561 3985 οἶκον,
607 3922 701 3975 καὶ
742 3922 955 3994 φυλάξῃ
1006 3922 1178 3986 πόλιν,
1223 3923 1303 3984 εἰς
1339 3921 1516 3994 μάτην
1549 3922 1752 3993 οἱπερὶ
1802 3920 1974 3975 ταῦτα

393 4013 641 4069 πονοῦσι.
677 4032 696 4065 ι
750 4013 1059 4068 Κάειτεῦθεν
1091 4014 1471 4085 διδασκόμεθα.
1505 4015 1579 4087 μὴ
1618 4014 1728 4066 δεῖν
1759 4016 1974 4085 φρονεῖν

391 4107 512 4163 ταῖς
533 4106 900 4176 ἀνθρωπίναις
923 4106 1177 4169 σπουδαῖς
1201 4104 1318 4158 ὅλον
1341 4105 1554 4159 κεῖσθαι
1575 4105 1665 4157 τὸν
1691 4104 1971 4173 στέφανον’

392 4197 509 4250 ἀλλ’
538 4198 833 4268 ἀναφέρειν
861 4197 953 4249 ἐπὶ
988 4197 1049 4249 τὺ
1085 4194 1180 4249 τοῦ
1204 4195 1336 4249 Θεοῦ
1366 4195 1577 4265 θέλημα
1600 4193 1694 4258 τὰς
1731 4193 1973 4265 περὶτοῦ

393 4288 579 4351 τέλους
602 4288 843 4351 ἐλπίδας.
880 4289 1034 4341 Ἐστι
1064 4288 1120 4342 δὲ
1151 4287 1362 4356 Θὲλημα
1386 4286 1518 4338 Θεοῦ
1540 4286 1601 4338 τὸ
1626 4285 1862 4359 καθᾶραι
1887 4285 1976 4339 διὰ

395 4379 494 4449 τῆς
527 4379 751 4450 χάριτος
785 4378 884 4450 τὴν
912 4379 1110 4451 ψυχὴν,
1133 4378 1381 4450 καθαρὰν
1407 4379 1575 4447 αὐτὴν
1605 4379 1975 4448 προσαγαγεῖν

2072 3195 2308 3266 Spiritus
2362 3194 2559 3264 gratia,
2618 3196 2672 3247 in
2728 3209 2835 3264 qua
2879 3195 3060 3249 anima
3083 3206 3505 3262 concurrerunt,
3531 3213 3649 3253 eam

2071 3289 2225 3341 beata
2256 3285 2365 3339 vita
2394 3286 2644 3340 certatim
2676 3286 2949 3356 complent
2973 3304 2986 3351 ;
3014 3287 3159 3342 seda
3190 3303 3250 3343 se
3279 3287 3513 3344 invicem
3536 3289 3641 3345 dis-

2065 3377 2290 3447 junctae,
2369 3377 2581 3432 nullum
2641 3380 2836 3433 animae
2884 3379 3312 3434 emolumentum
3371 3382 3648 3438 exhibent.

2073 3467 2282 3523 Etenim
2320 3468 2412 3524 Dei
2457 3469 2632 3540 gratia
2686 3469 2741 3523 in
2793 3470 2989 3526 animis
3014 3471 3107 3540 qui
3149 3472 3380 3527 salutem
3416 3472 3649 3544 fugiunt,

2073 3575 2182 3613 non
2216 3566 2393 3629 potest
2424 3559 2739 3630 frequenter
2768 3560 2980 3614 adesse.
3026 3559 3274 3617 Hominis
3307 3578 3437 3617 vero
3475 3566 3648 3619 virtu-

2073 3651 2144 3704 tis
2177 3651 2263 3703 vis
2296 3665 2393 3719 per
2419 3664 2480 3705 se
2522 3665 2631 3703 non
2668 3648 2867 3704 sullieit
2895 3649 2962 3704 ad
2999 3651 3211 3706 animos
3243 3653 3431 3722 gratiae
3459 3669 3648 3724 exper-

2075 3748 2177 3804 tes,
2213 3740 2281 3794 ad
2303 3740 2425 3794 vita:
2459 3739 2688 3793 formam
2730 3740 3034 3795 absolutam
3060 3742 3415 3797 extollendos.
3453 3762 3472 3796 ι
3536 3745 3649 3800 Nisi

2074 3827 2341 3884 Dominus
2373 3829 2724 3884 aediﬁcaverit
2754 3829 2998 3894 domum,
3031 3839 3085 3885 et
3116 3833 3438 3889 custodierit
3464 3834 3648 3889 civita-

2073 3929 2206 3989 tem,
2234 3923 2288 3976 in
2320 3937 2517 3975 vanum
2547 3922 2932 3976 laboraverunt
2971 3922 3060 3992 qui
3098 3923 3370 3979 aediﬁcant
3402 3942 3520 3981 eam
3544 3928 3587 3981 ’.
3626 3945 3646 3979 ι

2074 4010 2212 4067 Hinc
2257 4012 2552 4066 edoeemur
2592 4029 2699 4067 non
2738 4029 2861 4068 esse
2894 4014 2948 4067 in
2979 4022 3212 4069 mentem
3256 4015 3648 4081 inducendum,

2074 4104 2130 4156 in
2163 4103 2404 4156 immane
2435 4102 2617 4158 studio
2638 4110 2805 4157 totam
2830 4104 2987 4158 sitam
3004 4119 3125 4159 esse
3146 4119 3401 4160 coronam
3428 4123 3442 4172 ;
3466 4123 3650 4162 verum

2077 4194 2144 4248 ad
2174 4193 2267 4248 Dei
2316 4194 2649 4249 voluntatem
2690 4190 3030 4247 referendam
3087 4209 3209 4248 esse
3246 4209 3395 4264 spem
3432 4194 3498 4251 de
3546 4196 3649 4251 ﬁne

2077 4285 2376 4341 obtinendo
2409 4304 2422 4340 :
2455 4299 2619 4354 porro
2678 4281 2773 4338 Dei
2804 4284 3058 4339 voluntas
3086 4293 3189 4348 est,
3223 4292 3283 4338 ut
3316 4284 3498 4337 anima
3555 4299 3648 4355 per

2076 4378 2307 4447 gratiam
2347 4383 2609 4447 purgetur
2656 4383 2709 4429 et
2750 4389 2884 4444 pura
2914 4388 2978 4429 ac
3003 4375 3204 4430 munda
3231 4373 3343 4429 Deo
3372 4371 3649 4430 oti’eratur.

392 4470 472 4540 τῷ
501 4469 640 4540 Θεῷ.
673 4470 813 4533 Τοὺς
838 4469 945 4541 γάρ
966 4469 1237 4532 τοιούτους
1267 4471 1295 4522 ὁ
1319 4466 1521 4540 Κύριος
1553 4468 1862 4539 μακαρίζει,
1890 4467 1970 4520 λέ-

2078 4466 2212 4521 Nam
2238 4467 2495 4522 Dominus
2535 4465 2804 4536 ejusmodi
2838 4465 3026 4520 beatos
3065 4465 3341 4536 praedicat,
3393 4480 3514 4519 cum
3550 4466 3649 4532 ait,

392 4577 509 4629 γων
532 4577 546 4592 ο
589 4580 610 4612 ι
644 4561 987 4633 Μακάριοιοὶ
1011 4561 1242 4631 καθαροὶ
1256 4562 1323 4631 τῇ
1351 4559 1565 4630 καρδίᾳ,
1593 4560 1674 4613 ὅτι
1707 4560 1861 4612 αὐτοὶ
1884 4560 1976 4614 τὸν

393 4649 529 4703 Θεὸν
555 4649 798 4719 ὄψονται.
828 4670 846 4704 ι
883 4651 1051 4722 Ὁρᾷς
1080 4651 1139 4704 τὸ
1170 4649 1421 4722 βραϐεῖον
1448 4650 1545 4720 τῆς
1568 4650 1972 4721 καθαρότητος;

393 4739 463 4792 Τί
498 4743 749 4811 κρεῖττον
774 4740 868 4795 τοῦ
907 4742 1033 4796 ἰδεῖν
1071 4742 1161 4795 τὸν
1186 4741 1335 4805 Θεὸν,
1365 4740 1547 4805 καθὼς
1564 4742 1695 4813 ἡμῖν
1722 4743 1973 4812 ὲγχωρεῖ;

393 4833 488 4889 Διὸ
539 4835 633 4888 καὶ
670 4836 699 4887 ὁ
744 4834 908 4888 Δαϐὶδ
959 4836 1099 4889 αἰτεῖ
1136 4835 1311 4898 τοῦτο,
1359 4834 1567 4904 λέγων·
1618 4851 1637 4885 ι
1672 4833 1914 4888 ΓενέσΘω
1939 4835 1974 4906 ἡ

396 4926 594 4997 καρδία
625 4942 728 4995 μου
762 4925 994 4997 ἄμωμος
1014 4928 1126 4990 τοῖς
1154 4925 1485 4996 δικαιώμασί
1504 4942 1618 4990 σου,
1636 4926 1782 4989 ὅπως
1810 4925 1876 4979 ἂν
1902 4924 1978 4997 μὴ

396 5015 696 5086 αἱσχυνθῶ.
750 5037 769 5068 ι
816 5016 1100 5071 Φοϐεἰσθαι
1155 5016 1365 5071 κελεύει
1386 5018 1487 5088 τὴν
1535 5016 1831 5088 αἰσχύνηνο
1885 5017 1980 5070 καὶ

396 5101 698 5156 ἀποθέσθαι
720 5104 931 5158 κελεύει
950 5105 1173 5177 ταύτην,
1195 5106 1270 5170 ὡς
1290 5105 1491 5177 ἐσθῆτα
1514 5105 1791 5178 ρυπῶσαν.
1812 5106 1982 5159 Πάλιν

396 5194 455 5247 δέ
481 5209 645 5266 φησι’
686 5196 792 5249 «Τό
805 5213 863 5249 τε
893 5197 956 5250 ού
988 5197 1062 5268 μὴ
1080 5197 1349 5268 αἰσχυνθῶ
1383 5200 1439 5251 ὲν
1470 5198 1549 5269 τῷ
1578 5215 1644 5270 με
1672 5198 1984 5253 ἐπιϐλέπειν

396 5287 493 5339 ἐπὶ
517 5287 700 5351 πάσας
723 5287 820 5352 τὰς
842 5288 1060 5352 ἐντολάς
1084 5305 1197 5342 σου.
1232 5308 1251 5340 ι
1296 5289 1383 5343 Ἐν
1410 5289 1519 5361 γάρ
1552 5290 1629 5361 τῷ
1659 5288 1983 5362 πληρώματι

398 5374 509 5427 τῶν
533 5377 763 5431 ἐντολῶν
790 5378 998 5432 τίθεται
1026 5378 1086 5431 τὺ
1120 5378 1343 5449 Πνεῦμα
1383 5379 1481 5451 τὴν
1508 5378 1839 5451 παρρησίαν.
1868 5379 1979 5432 Καὶ

400 5467 566 5522 πάλιν
588 5486 602 5500 ·
636 5486 657 5521 ι
680 5470 924 5541 Καρδίαν
958 5468 1204 5540 καθαράν
1231 5469 1410 5522 κτίσον
1441 5471 1496 5523 ὲν
1536 5470 1679 5538 ἐμοὶ,
1708 5471 1737 5522 ὁ
1765 5468 1925 5532 Θεόςο
1953 5487 1971 5519 ι

402 5559 519 5625 καὶ,
550 5578 570 5611 ι
612 5561 889 5632 Πνεύματι
912 5559 1226 5630 ἡγεμονικῷ
1253 5558 1501 5632 στήριξόν
1534 5578 1619 5631 με.
1658 5579 1675 5611 ι
1720 5558 1976 5629 Ἀλλαχοῦ

1504 5671 1538 5710 Ι

2085 4580 2104 4612 ι
2134 4560 2284 4615 Beati
2315 4560 2519 4614 mundo
2547 4559 2732 4622 corde,
2760 4560 2889 4630 quia
2917 4559 3021 4628 ipsi
3050 4557 3215 4614 Deum
3248 4557 3507 4612 videbunt
3535 4558 3578 4612 ³.
3627 4575 3647 4610 ι

2078 4650 2316 4708 Videsne
2350 4652 2602 4724 puritatis
2625 4649 2948 4722 praemium?
2981 4648 3123 4717 Quid
3158 4649 3352 4705 melius
3376 4657 3458 4703 cst
3487 4664 3649 4719 quam

2078 4740 2247 4797 Deum
2268 4741 2472 4805 videre,
2493 4750 2763 4810 quatenus
2788 4740 2946 4794 nobis
2958 4754 3281 4794 concessum
3305 4749 3388 4794 est
3405 4739 3428 4792 ?
3444 4738 3651 4795 idcirco

2078 4834 2241 4889 etiam
2287 4832 2457 4888 David
2484 4832 2587 4887 hoc
2615 4833 2856 4902 postulat
2876 4832 3097 4887 dicens:
3130 4849 3148 4883 ι
3184 4828 3302 4884 Fiat
3331 4846 3426 4886 cor
3471 4846 3650 4886 meum

2077 4925 2415 4995 inculpatum
2461 4924 2516 4985 in
2542 4923 3034 4993 justiﬁcationibus
3092 4923 3221 4987 tuis,
3276 4931 3335 4977 ut
3373 4938 3481 4978 non
3519 4938 3652 4979 con-

2060 5002 2278 5071 .fundar
2306 5016 2351 5069 ⁸.
2395 5033 2414 5067 ι
2448 5012 2611 5069 Jubet
2659 5014 2898 5070 dedecus
2930 5022 3191 5077 metuere,
3236 5021 3287 5068 et
3321 5016 3422 5069 hoc
3454 5030 3653 5070 exuere

2077 5104 2350 5176 praecipit,
2384 5113 2646 5174 tanquam
2678 5112 2881 5159 vestem
2905 5104 3203 5160 sordidam.
3228 5103 3441 5161 Rursus
3467 5114 3652 5160 autem

2081 5198 2156 5249 ait
2180 5214 2193 5250 :
2230 5214 2247 5247 ι
2276 5193 2431 5250 Tunc
2453 5212 2559 5251 non
2587 5194 2914 5263 confundar,
2942 5212 3063 5252 cum
3089 5211 3416 5268 perspexero
3447 5198 3501 5252 in
3530 5213 3651 5251 om-

2080 5287 2243 5343 nibus
2293 5286 2568 5342 mandatis
2626 5287 2737 5341 tuis
2764 5287 2806 5340 ⁸.
2879 5305 2900 5339 ι
2954 5286 3090 5342 Nam
3158 5289 3212 5343 in
3268 5289 3649 5343 mandatorum

2083 5379 2275 5435 eﬂectu
2320 5376 2563 5448 Spiritus
2614 5379 2917 5433 libertatem
2976 5394 3040 5436 ac
3085 5378 3337 5435 fiduciam
3396 5381 3649 5435 collocat.

2085 5472 2283 5526 iterum
2328 5472 2401 5524 ait
2455 5471 2653 5526 idem:
2711 5490 2730 5523 ι
2795 5471 2905 5526 Cor
2945 5470 3205 5527 mundum
3250 5487 3373 5527 crea
3431 5472 3484 5526 in
3541 5487 3647 5535 me,

2087 5559 2228 5615 Deus
2258 5561 2277 5591 ⁸
2309 5578 2323 5628 ;
2361 5577 2378 5611 ι
2425 5568 2501 5625 ει,
2548 5579 2565 5611 ‹
2603 5558 2807 5630 Spiritu
2843 5561 3130 5632 principali
3148 5561 3410 5616 conﬁrma
3445 5561 3588 5615 me".
3625 5578 3644 5609 ι

478 5756 939 5826 'Ephes.lv,13.
1020 5738 1476 5818 ’Psai.cxxvt,i.
1553 5755 1853 5819 ’M:.ttlt.v,
1881 5755 1932 5809 8.

2071 5753 2192 5808 .‘sal.
2219 5763 2406 5816 Exuit,
2432 5752 2517 5807 80.
2596 5755 2616 5785 '
2643 5754 2773 5810 ibid.
2806 5755 2856 5812 6.
2937 5758 2957 5788 "
2989 5755 3131 5812 l’sal.
3161 5771 3212 5821 ι,
3238 5754 3319 5809 19..
3372 5755 3390 5784 ⁷
3414 5752 3543 5807 ibid.
3566 5753 3648 5807 ιιι.
