4034 6132
389 354 490 407 2'}!

1582 338 1641 396 S.
1679 336 2005 395 GREGORH
2049 338 2340 395 NYSSENI

3531 329 3642 392 292

390 469 532 526 Alibi
564 482 691 524 vero
716 467 1016 538 interrogat
1047 482 1062 519 ι
1109 482 1129 515 ι
1163 461 1299 530 Quis
1353 461 1615 518 ascendet
1644 463 1699 516 in
1724 471 1957 515 montem

2069 463 2124 515 δὲ
2143 464 2340 534 ἐρωτᾷ·
2376 481 2395 513 ι
2420 462 2514 525 Τίς
2534 461 2863 533 ἀναϐήσεται
2891 461 2969 523 είς
2995 458 3056 512 τὺ
3084 457 3208 530 ὅρος
3232 437 3325 512 τοῦ
3347 459 3551 531 Κυρίου
3573 478 3587 524 ς
3612 477 3634 511 ο

393 550 651 616 Domini?
681 578 698 612 ι
732 558 926 613 deinde
968 557 1280 625 respondet,
1333 574 1352 606 ι
1387 552 1656 608 lnuocens
1706 554 1961 608 manibus

389 661 446 706 et
476 651 680 706 mundo
710 648 872 703 corde
893 648 934 700 ⁸.
979 667 997 698 ι
1036 646 1141 699 Par
1178 655 1263 700 est
1321 661 1451 715 ergo
1478 661 1601 700 eum
1630 646 1722 714 qui
1759 646 1963 714 appetit

390 740 818 812 adjungialicui,
855 753 1034 793 mores
1082 739 1232 792 illius
1263 737 1485 791 imitari.
1547 738 1712 806 Igitur
1736 751 1962 791 necesse

388 844 474 890 est
507 845 562 887 ut
603 833 781 886 anima
826 847 948 900 quae
988 831 1191 886 Christi
1234 845 1435 899 sponsa
1496 829 1611 884 ﬁeri
1668 830 1959 893 desiderat,

389 923 779 994 pulchritudini
823 923 1030 977 Christi
1075 922 1257 992 quoad
1316 920 1440 990 ejus
1481 921 1597 976 ﬁeri
1648 922 1848 991 poterit
1888 921 1962 974 si-

389 1013 530 1067 milis
552 1012 644 1066 tiat
682 1032 695 1067 :
725 1021 960 1081 oportet,
994 1013 1238 1081 inquam,
1275 1019 1334 1064 ut
1360 1012 1540 1064 anima
1570 1026 1691 1079 quae
1708 1011 1961 1063 advolare

388 1104 454 1156 ad
486 1101 697 1158 Numen
733 1104 957 1172 cogitat,
991 1111 1044 1157 et
1071 1102 1348 1157 adhaerere
1371 1102 1612 1166 Christo,
1640 1117 1801 1156 omne
1831 1116 1960 1171 pec-

386 1202 565 1246 catum
588 1208 617 1246 a
639 1209 697 1248 se
717 1194 971 1262 expellat,
991 1192 1195 1246 furtum
1212 1193 1354 1258 dico,
1379 1200 1432 1247 et
1456 1193 1723 1261 rapinam,
1742 1192 1961 1245 etadul-

385 1284 605 1351 serium,
641 1290 695 1337 et
732 1284 1041 1350 avaritiam,
1093 1295 1148 1337 et
1195 1288 1606 1346 scortatiouem,
1659 1294 1712 1336 et
1766 1283 1960 1352 lingua:

384 1375 558 1439 virus,
593 1383 647 1428 et
673 1389 834 1429 omne
859 1374 1208 1429 manifestum
1236 1376 1559 1429 delictorum
1584 1389 1776 1444 genus,
1798 1382 1960 1443 atque

384 1468 551 1521 etiam
583 1469 881 1529 occultum,
910 1465 1216 1535 cujusmodi
1242 1476 1328 1520 est
1366 1465 1605 1529 invidia,
1638 1463 1955 1528 diliidentia,

384 1555 719 1625 malignitas,
755 1553 925 1620 fraus,
962 1562 1015 1607 et
1055 1569 1388 1623 quacunque
1443 1553 1547 1605 alia
1607 1553 1830 1606 latentia
1878 1552 1960 1605 vi-

387 1645 588 1699 tiorum
624 1646 898 1709 examina,
928 1660 1049 1714 qua:
1080 1636 1234 1714 reque
1264 1659 1328 1698 ac
1372 1655 1621 1713 apertum
1652 1631 1957 1697 erratorum

385 1751 557 1807 genus
591 1735 704 1789 odit
737 1735 1044 1805 Scriptura,
1074 1744 1128 1790 et
1162 1735 1531 1790 abominatur.
1562 1733 1804 1799 Quorum
1845 1734 1959 1788 dis-

2070 553 2188 607 εἶτα
2219 552 2567 624 ἀποκρίνεται
2595 567 2608 582 ο
2643 569 2662 602 ι
2702 549 2901 613 ’Λθῶος
2943 550 3118 620 χερσὶ,
3160 550 3256 602 καὶ
3297 549 3529 620 καθαρὸς
3570 549 3638 619 τῇ

2072 645 2284 716 καρδίᾳ.
2322 664 2341 696 ι
2372 646 2464 696 Δεῖ
2499 639 2590 696 οῦν
2621 643 2712 696 τὸν
2732 640 3099 710 ἐπιθυμοῦντα
3131 640 3471 712 οἷκειωθῆναί
3509 658 3637 705 τινι,

2069 736 2160 789 τὸν
2217 736 2423 788 ἐκείνου
2473 735 2671 803 τρόπον
2709 732 3011 803 μιμεῖσθαι.
3062 732 3267 785 Οὐκοῦν
3300 733 3508 802 ἀνάγκη
3545 733 3641 785 καὶ

2068 827 2165 897 τὴν
2216 823 2450 895 Χριστοῦ
2488 822 2756 877 ποθοῦσαν
2792 824 3044 891 γενέσθαι
3074 824 3290 895 νύμφην
3325 825 3520 896 ψυχὴν,
3562 826 3642 896 τῷ
3732 872 3743 883 ,

2069 916 2161 969 τοῦ
2196 915 2424 985 Χριστοῦ
2444 914 2771 985 ὁμοιωθῆναι
2810 914 2995 966 κάλλει
3027 912 3086 967 τὸ
3112 916 3249 968 κατά
3278 915 3523 986 δύναμιν.
3552 920 3643 971 Δεῖ

2069 1007 2164 1080 τὴν
2200 1007 2496 1077 μέλλουσαν
2526 1006 2851 1059 ἀνίπτασθαι
2891 1006 3027 1077 πρὸς
3058 1007 3116 1060 τὸ
3145 1007 3297 1059 Θεῖον
3326 1009 3522 1078 ψυχὴν,
3547 1011 3641 1062 καὶ

2070 1101 2361 1154 κολλᾶσθαι
2392 1098 2631 1170 Χριστῷ,
2679 1101 2855 1151 πᾶσαν
2904 1099 3206 1163 ἐξελαύνειν
3250 1102 3520 1170 ἁμαρτίαν
3549 1102 3641 1170 ἀφ’

2069 1197 2287 1264 ἑαυτῆς,
2323 1193 2527 1265 κλοπὴν
2578 1193 2739 1261 λέγω,
2794 1194 2885 1246 καὶ
2931 1192 3185 1263 ἁρπαγὴν
3237 1194 3327 1245 καὶ
3374 1194 3641 1263 μοιχείαν,

2069 1286 2163 1340 καὶ
2201 1286 2531 1351 πλεονεξίαν,
2564 1286 2659 1339 καὶ
2684 1285 2935 1356 πορνείαν
2959 1286 3052 1338 καὶ
3075 1284 3323 1354 γλώσσης
3344 1286 3517 1352 νόσον,
3546 1288 3642 1340 καὶ

2069 1381 2176 1432 πᾶν
2206 1379 2326 1431 ὅσον
2351 1377 2591 1449 ἐμφανὲς
2629 1376 3039 1447 ἁμαρτημάτων
3074 1376 3246 1445 γένος,
3282 1375 3373 1428 καὶ
3400 1376 3522 1428 ὅσον
3546 1376 3644 1428 λα-

2069 1470 2273 1543 θραῖον,
2292 1469 2447 1522 τοῦτό
2474 1470 2590 1521 ἐστι
2618 1467 2832 1536 φθόνος,
2860 1467 3107 1521 ἀπιστία.
3138 1465 3450 1535 κακοήθεια,
3469 1465 3638 1529 δόλος,

2067 1563 2161 1615 καὶ
2211 1562 2332 1614 ὅσον
2381 1561 2607 1613 ὓπουλον
2635 1560 2735 1630 τῆς
2775 1560 2972 1621 κακίας
3004 1558 3227 1628 σμῆνος,
3263 1559 3399 1628 ὅπερ
3432 1558 3490 1622 ἐξ
3523 1558 3641 1610 [seu

2065 1653 2143 1724 τῷ
2183 1651 2399 1723 φανερῷ
2431 1653 2575 1720 γένει
2608 1652 2715 1705 τῶν
2757 1650 3168 1722 ἁμαρτημάτων
3204 1652 3237 1720 ἡ
3269 1648 3459 1721 Γραφὴ
3497 1651 3643 1719 μισεῖ

2067 1747 2159 1799 καὶ
2186 1745 2550 1815 βδελύσσεται.
2573 1744 2729 1808 Τίνος
2757 1744 3079 1817 ἐσκόρπισεν
3104 1742 3232 1795 ὀστᾶ
3257 1743 3286 1797 ό
3310 1741 3542 1812 Κύριος;
3576 1738 3640 1794 ού

385 1829 581 1898 sipavit
611 1843 736 1885 ossa
778 1829 1042 1884 Dominus
1066 1832 1086 1863 ’
1116 1831 1139 1882 ἲ
1178 1844 1361 1884 nonne
1401 1829 1711 1883 hominibus
1743 1828 1957 1897 placere

2062 1838 2170 1891 τῶν
2195 1836 2699 1908 ἀνθρωπαρέσκωνς
2742 1836 2876 1889 Τίνα
2905 1834 3286 1905 βδελύσσεταιό
3305 1833 3525 1905 Κύριος,
3565 1832 3643 1899 ὡς

385 1923 718 1977 studentium
747 1922 765 1975 ί
797 1920 967 1987 Quem
996 1921 1345 1975 abominatur
1369 1918 1631 1973 Dominus
1669 1930 1726 1972 ut
1747 1920 1957 1973 facino-

384 2027 571 2066 rosum
597 2021 649 2067 et
684 2013 1165 2084 sanguinolentum
1193 2012 1217 2064 ?
1243 2025 1427 2066 nonne
1451 2009 1740 2067 subdolum
1777 2011 1955 2064 virum

382 2114 436 2158 et
471 2103 919 2158 fraudulentum?
943 2118 1089 2168 nam,
1132 2121 1150 2154 ι
1179 2100 1371 2157 Virum
1407 2103 1735 2173 sanguinum
1764 2109 1818 2157 et
1857 2102 1958 2156 do-

382 2194 559 2249 losum
588 2194 936 2248 abominetur
968 2193 1341 2250 Dominus‘h
1360 2192 1552 2248 Nonne
1576 2202 1762 2264 aperte
1792 2193 1958 2247 David

385 2286 453 2341 iis
490 2304 508 2337 ι
552 2287 646 2356 qui
678 2287 977 2356 loquuntur
1028 2300 1215 2354 pacem
1262 2299 1386 2340 cum
1420 2285 1618 2339 vicinis
1648 2283 1787 2345 suis.
1818 2285 1957 2337 mala

383 2391 514 2430 vero
552 2376 605 2430 in
661 2376 922 2430 cordibus
962 2376 1081 2431 suis
1137 2377 1203 2438 “,
1250 2395 1269 2428 ι
1324 2375 1703 2444 imprecatur?
1748 2372 1959 2429 Idcirco

382 2467 544 2520 etiam
572 2465 626 2519 in
659 2465 932 2547 mandatis
948 2465 1236 2530 habemus,
1262 2473 1320 2520 ut
1355 2479 1531 2535 neque
1554 2466 1622 2518 ab
1641 2464 1961 2520 hominibus

384 2562 571 2618 laudes
603 2577 959 2633 aucupentur,
995 2578 1175 2633 neque
1214 2563 1638 2633 ignominiarum
1697 2562 1766 2617 ab
1824 2563 1962 2633 ipsis

383 2672 729 2730 acceptarum
766 2660 1009 2730 pudeat:
1059 2660 1260 2715 etenim
1314 2675 1409 2716 eos
1444 2661 1536 2730 qui
1578 2676 1674 2730 per
1716 2667 1961 2717 ostenta-

384 2755 586 2808 tionem
635 2754 893 2809 virtutem
929 2755 1169 2824 aliquam
1195 2764 1452 2811 exercent
1484 2753 1769 2826 Scriptura
1800 2768 1958 2810 sacra

2058 1934 2148 1987 τὸν
2182 1933 2350 2002 ἐναγῆ
2380 1933 2474 1985 καὶ
2522 1931 2834 2001 μιαιφόνονς
2874 1931 2932 1983 οὺ
2969 1929 3059 1983 τὸν
3087 1928 3314 1982 ὓπουλον
3349 1928 3512 1999 ἄνδρα
3546 1923 3642 1982 καὶ

2059 2024 2257 2088 δόλιον;
2285 2043 2303 2075 ι
2327 2023 2519 2093 Ἄνδρα
2542 2042 2560 2074 ι
2590 2026 2699 2093 γὰρ
2735 2042 2752 2072 ι
2774 2022 3018 2092 αἱμάτων
3049 2021 3137 2074 καὶ
3159 2021 3327 2074 δόλιον
3355 2019 3639 2091 βδελύσσε-

2058 2135 2148 2171 ται
2163 2116 2385 2188 Κύριος.
2399 2135 2417 2168 ι
2439 2116 2513 2168 UO
2532 2115 2777 2186 φανερῶς
2799 2116 2827 2167 ὁ
2844 2114 3006 2167 Δαϐὶδ
3019 2116 3129 2177 τοῖς
3142 2112 3391 2166 λαλοῦσιν
3417 2115 3640 2184 εἰρήνην

2066 2210 2205 2281 μετά
2241 2209 2351 2262 τῶν
2402 2207 2626 2279 πλησίον
2669 2206 2865 2272 αὐτῶν,
2912 2206 3058 2259 κακὰ
3084 2205 3141 2258 δὲ
3168 2207 3224 2258 ἐν
3252 2209 3370 2268 ταῖς
3391 2205 3637 2275 καρδίαις

2066 2298 2264 2366 αὐτῶν,
2298 2300 2639 2370 καταρᾶται;
2674 2297 2774 2350 Διὰ
2805 2292 2961 2350 τοῦτο
3004 2296 3098 2350 καὶ
3129 2296 3635 2367 παραγγελλόμεθα,

2067 2394 2203 2464 μήτε
2232 2392 2333 2463 τὰς
2361 2391 2513 2462 παρά
2546 2389 2847 2461 ἀνθρώπων
2892 2389 3169 2459 εὐφημίας
3221 2386 3452 2453 διώκειν,
3500 2390 3636 2458 μήτε

2060 2483 2159 2547 τὰς
2186 2484 2314 2554 παρ’
2345 2481 2524 2536 αὐτῶν
2552 2480 2772 2551 ἀτιμίας
2813 2478 3162 2549 αἰσχύνεσθαι
3182 2494 3195 2508 ·
3227 2480 3352 2541 τοὺς
3377 2476 3485 2547 γάρ
3518 2479 3639 2529 ἐπι-

2060 2572 2344 2635 δεικτικῶς
2370 2571 2488 2624 οἵαν
2514 2570 2638 2624 τινὰ
2662 2571 2858 2641 ἀρετὴν
2889 2567 3193 2633 ποιοῦντας,
3222 2570 3513 2638 ἀποστερεί
3529 2566 3638 2619 τῶν

2061 2664 2119 2716 ἐν
2154 2664 2401 2734 οὐρανοῖς
2450 2660 2657 2732 μισθῶν
2700 2661 2734 2732 ὴ
2768 2660 2980 2732 Γραφὴ,
3027 2659 3102 2722 ὡς
3128 2658 3358 2712 ἐνταῦθα
3396 2657 3486 2712 τὸν
3526 2656 3638 2711 τῶν

2061 2753 2360 2825 ἀνθρώπων
2391 2752 2873 2822 ἀπολαμϐάνοντας
2902 2751 3142 2808 ἔπαινον.

383 2845 633 2900 mercede
662 2860 780 2913 quae
812 2845 863 2896 in
894 2845 1046 2899 caelis
1069 2852 1151 2898 est
1180 2845 1377 2913 privat,
1400 2851 1584 2913 utpote
1610 2846 1701 2915 qui
1728 2845 1817 2900 hic
1847 2843 2211 2899 laudationem
2243 2843 2521 2897 hominum
2551 2841 2826 2912 accipiunt
2846 2843 2911 2895 ¹².

455 2937 558 2991 Sed
584 2938 869 3006 inquiunt,
902 2938 962 2990 Et
1005 2937 1276 3007 quomodo
1306 2938 1439 2992 dicit
1470 2939 1727 2994 Dominus
1760 2958 1773 2992 :
1807 2957 1825 2990 ι
1867 2937 1958 2992 Sic

385 3026 564 3080 luceat
610 3026 700 3079 lux
759 3037 938 3081 vestra
990 3041 1174 3080 coram
1235 3026 1584 3091 hominibus,
1630 3040 1687 3082 ut
1744 3028 1960 3083 videant

2144 2935 2305 2990 Ἀλλά
2348 2952 2514 3005 φασιο
2563 2935 2674 2988 Καὶ
2718 2934 2834 2997 πῶς
2887 2934 3032 3003 λέγει
3086 2934 3115 2987 ό
3161 2927 3383 2997 Κύριος,
3429 2951 3448 2984 ι
3483 2932 3642 3005 Λαμδ

2063 3029 2218 3098 φάτω
2280 3027 2338 3081 τδ
2393 3026 2509 3096 φῶς
2563 3026 2718 3097 ὑμῶν
2772 3026 3076 3097 ἔμπροσθεν
3132 3025 3241 3079 τῶν
3301 3025 3635 3096 ἀνθρώπων,

384 3129 547 3186 opera
581 3124 757 3170 vestra
802 3115 977 3176 bona,
1021 3123 1075 3169 et
1117 3115 1418 3185 gloriﬁcent
1462 3116 1671 3172 Patrem
1720 3131 1957 3174 vestrum

2064 3119 2209 3183 ὅπως
2261 3119 2410 3172 ἴδωσι
2474 3116 2542 3171 τὰ
2585 3116 2722 3171 καλὰ
2774 3117 2931 3200 ἔργα⁸
2964 3115 3116 3187 ὑμῶν
3140 3159 3154 3182 ,
3221 3118 3315 3172 καὶ
3372 3118 3637 3183 δοξάσωσι

386 3207 479 3277 qui
530 3207 584 3262 in
626 3207 779 3260 caelis
817 3215 901 3261 est
932 3206 1059 3273 ‘3?)
1097 3208 1236 3278 Ergo
1276 3207 1378 3261 hoc
1414 3209 1507 3263 tibi
1539 3210 1789 3276 dicimus,
1816 3212 1957 3266 hunc

2062 3211 2153 3263 τὸν
2194 3210 2410 3281 Πατέρα
2458 3209 2609 3281 ὑμῶν
2653 3210 2740 3264 τὸν
2783 3212 2841 3263 ἐν
2882 3212 2994 3273 τοῖς
3030 3211 3310 3279 οὐρανοῖςς
3341 3230 3359 3262 ι
3393 3209 3639 3281 Λέγομεν

386 3313 691 3353 sermonem
726 3299 1039 3368 praecipere,
1072 3306 1130 3352 ut
1153 3302 1196 3352 is
1221 3301 1312 3369 qui
1344 3299 1435 3354 Dei
1463 3292 1730 3357 mandatis
1755 3304 1963 3358 obtem-

320 3424 326 3431 -
388 3398 558 3460 perat,
587 3389 849 3458 quidquid
876 3388 1028 3454 facit,
1051 3393 1102 3443 in
1133 3390 1283 3444 illum
1308 3392 1568 3447 intuendo
1591 3394 1777 3459 faciat,
1801 3400 1963 3463 atque

384 3481 514 3535 huic
560 3481 660 3536 soli
702 3482 916 3551 placere
966 3482 1222 3546 studeat,
1271 3485 1474 3537 trullam
1532 3484 1600 3538 ab
1650 3485 1962 3543 hominibus

383 3572 609 3642 gloriam
640 3571 889 3627 venando
928 3591 942 3626 :
977 3588 1164 3627 verum
1199 3573 1371 3644 fugiat
1409 3574 1626 3645 quidem
1676 3577 1863 3633 laudes
1896 3578 1963 3633 ab

386 3662 471 3718 his
493 3664 745 3730 tributas,
786 3677 997 3717 necnon
1043 3665 1490 3729 ostentationem,
1528 3680 1627 3736 per
1655 3667 1819 3720 vitam
1859 3681 1960 3720 au-

383 3762 491 3809 tem
533 3763 588 3809 et
626 3770 789 3824 opera
846 3766 1241 3823 cognoscatur,
1285 3762 1344 3807 ut
1388 3763 1723 3825 spectatores
1766 3757 1960 3812 horum

381 3843 582 3907 ell‘ecti,
617 3859 723 3897 non
766 3843 922 3906 dixit,
965 3852 1333 3898 ostentantem
1366 3860 1427 3899 se
1461 3848 1820 3911 admirentur,
1866 3847 1961 3902 sed

382 3937 598 3991 Patrem
628 3943 865 3989 vestrum
901 3936 993 4004 qui
1022 3935 1074 3988 in
1104 3935 1259 3989 caelis
1281 3942 1366 3989 est
1394 3935 1721 4005 glorilicent.
1742 3935 1873 3990 Nam
1895 3953 1960 3993 eo

384 4023 615 4095 gloriam
645 4038 859 4077 omnem
894 4021 1082 4077 referri
1121 4022 1300 4092 jubet,
1347 4033 1512 4094 atque
1556 4026 1622 4079 ad
1660 4026 1808 4080 illius
1861 4042 1960 4081 vo-

386 4115 646 4168 luntatem
678 4114 945 4167 actionem
969 4128 1184 4168 onmem
1215 4114 1426 4184 perlici,
1449 4116 1592 4186 apud
1613 4132 1774 4185 quem
1794 4118 1956 4171 etiam

386 4221 595 4261 merces
620 4207 898 4276 proposita
926 4215 1011 4262 est
1039 4210 1263 4265 virtutis
1291 4224 1539 4280 operum.
1568 4209 1812 4279 Cupidus
1840 4218 1959 4265 esto

384 4296 628 4358 laudum,
668 4310 790 4365 quin
839 4297 895 4349 in
945 4298 1159 4367 superis
1206 4301 1554 4366 consistunt,
1602 4300 1791 4355 dicens
1826 4301 1958 4356 illud

2062 3293 2154 3355 οὖν
2204 3319 2322 3365 σοι,
2370 3303 2452 3355 ὅτι
2507 3299 2715 3355 κελεύει
2763 3303 2791 3353 ὁ
2843 3299 3000 3370 λόγος
3054 3300 3144 3354 τὸν
3212 3297 3473 3371 ἑπόμενον
3516 3304 3639 3365 ταῖς

2062 3393 2298 3456 ἐντολαῖς
2335 3393 2428 3445 τοῦ
2470 3391 2639 3457 Θεοῦ,
2676 3393 2782 3446 πᾶν
2821 3387 2957 3464 ὅπερ
3003 3388 3068 3446 ἂν
3115 3395 3280 3462 ποιῇ,
3321 3392 3455 3464 πρὸς
3491 3395 3638 3445 ἐκεῖ-

2061 3501 2149 3538 νον
2205 3484 2465 3554 βλέποντα
2523 3487 2724 3551 ποιεῖν,
2780 3485 2874 3537 καὶ
2920 3480 3094 3554 τούτῳ
3141 3484 3286 3555 μόνῳ
3339 3484 3593 3551 ἀρέσκειν
3618 3523 3637 3550 ,

2066 3574 2333 3646 μηδεμίαν
2385 3577 2534 3646 παρὰ
2575 3574 2686 3628 τῶν
2736 3568 3038 3644 ἀνθρώπων
3075 3572 3229 3641 δόξαν
3278 3570 3593 3645 θηρώμενον
3617 3584 3632 3605 ⁴

2061 3661 2196 3717 ἀλλά
2235 3661 2457 3732 φεύγειν
2491 3663 2590 3734 μὲν
2631 3664 2757 3727 τοὺς
2798 3662 2949 3733 παρά
2980 3662 3183 3716 τούτων
3231 3663 3503 3728 ἐπαίνους,
3540 3661 3640 3717 καὶ
3718 3708 3726 3713 .

2063 3748 2160 3825 τὴν
2194 3754 2473 3819 ἐπίδειξιν,
2515 3755 2604 3810 διὰ
2628 3753 2682 3807 δέ
2710 3750 2804 3806 τοῦ
2832 3754 2946 3823 βίου
2974 3754 3067 3808 καὶ
3091 3755 3197 3808 τῶν
3220 3755 3397 3828 ἔργων
3436 3751 3638 3826 γνωρί-

2061 3844 2246 3909 ζεσθαι
2267 3844 2392 3908 πᾶς·
2423 3846 2569 3909 ὅπως
2593 3844 2784 3898 θεαταὶ
2809 3844 3010 3899 τούτων
3036 3847 3335 3917 γενόμενοι,
3362 3846 3460 3899 οὐκ
3486 3840 3634 3911 εἷπε,

2059 3939 2391 4011 Θαυμάσωσι
2415 3940 2504 3993 τὸν
2527 3938 2985 4010 ἐπιδεικνύμενον,
3021 3939 3172 4008 ἀλλὰ,
3207 3961 3226 3993 ι
3249 3941 3521 4006 Δοξάσωσι
3540 3940 3636 3999 τὸν

2060 4024 2280 4101 Πατέρα
2317 4028 2468 4099 ὑμῶν
2496 4030 2586 4084 τὸν
2631 4032 2687 4083 ἐν
2728 4034 2840 4095 τοῖς
2871 4032 3134 4103 οὐρανοῖς.
3168 4052 3187 4083 ι
3236 4035 3383 4087 Ἐκεῖ
3406 4034 3507 4105 γάρ
3536 4051 3634 4088 κει·-

2050 4120 2204 4183 ⁴λεύει
2234 4120 2413 4176 πᾶσαν
2448 4121 2812 4194 ἀναφέρεσθαι
2845 4122 3022 4191 δόξαν,
3055 4127 3148 4179 κιιιί⁵
3182 4127 3318 4198 πρὸς
3339 4128 3398 4180 τὸ
3422 4129 3633 4181 ἐκείνου

2060 4211 2272 4284 θέλημα
2323 4214 2521 4286 πρᾶξιν
2564 4215 2961 4286 ἀπαρτίζεσθαι
3007 4219 3210 4285 πᾶσαν,
3265 4220 3394 4291 παρ’
3447 4212 3490 4286 ᾧ
3535 4216 3634 4274 καὶ

2062 4303 2252 4374 μισθὸς
2294 4301 2577 4358 ἀπόκειται
2614 4305 2720 4360 τῶν
2768 4307 2867 4377 τῆς
2912 4304 3113 4378 ἀρετῆς
3162 4309 3357 4380 ἔργων.
3402 4311 3630 4381 Ὀρέγου

382 4387 642 4468 Davidis:
680 4405 700 4439 ι
744 4388 901 4458 Apud
935 4398 986 4444 te
1021 4391 1141 4446 laus
1168 4407 1287 4445 mea
1314 4392 1377 4446 “.
1418 4411 1437 4443 ι
1472 4391 1559 4456 Ει,
1594 4411 1612 4443 ι
1641 4392 1697 4445 ln
1729 4393 1956 4449 Domino

2061 4395 2164 4448 τῶν
2193 4396 2304 4450 ἄνω
2337 4394 2594 4461 ἐπαίνων,
2617 4397 2677 4450 τὸ
2711 4392 2805 4452 τοῦ
2828 4398 2990 4452 Δαόἱδ
3008 4394 3208 4469 λέγων*
3250 4420 3269 4454 ι
3300 4402 3456 4473 Παρά
3492 4403 3574 4455 σοὶ
3601 4395 3632 4454 ό

381 4480 691 4534 laudabitur
730 4480 914 4533 anima
957 4496 1075 4535 mea
1103 4482 1167 4536 ¹⁸.
1218 4501 1237 4534 ι
1279 4481 1414 4536 Eum
1459 4485 1552 4552 qui
1606 4484 1831 4539 honoris
1866 4486 1956 4540 hic

2061 4485 2277 4551 ἔπαινός
2306 4505 2426 4559 μου.
2467 4508 2486 4542 ι
2522 4488 2653 4553 Καὶ,
2690 4509 2709 4542 ‹
2758 4490 2845 4545 Ἐν
2866 4491 2959 4562 -τῷ
2990 4493 3180 4563 Κυρίῳ
3213 4495 3631 4564 ἐπαινεθήσεται

382 4572 566 4628 collati
597 4578 859 4641 appetens
885 4580 989 4636 est,
1020 4572 1282 4629 Dominus
1311 4575 1451 4628 inter
1479 4573 1731 4631 inﬁdeles
1761 4592 1954 4632 recen-

2061 4579 2095 4648 ή
2120 4578 2264 4649 ψυχή
2293 4596 2417 4650 μου.
2444 4600 2463 4631 ι
2491 4581 2594 4634 Τὸν
2622 4582 2722 4653 τῆς
2755 4581 2989 4637 ἐνταῦθα
3014 4583 3179 4654 τιμῆς
3209 4585 3490 4656 ἐφιέμενον
3513 4589 3629 4651 τοῖς

380 4675 481 4719 set.
514 4664 749 4727 Etenim,
815 4682 833 4715 ι
881 4664 1166 4730 Quomodo
1220 4681 1320 4722 vos
1377 4668 1627 4735 potestis,
1668 4686 1687 4718 ι
1756 4670 1952 4739 inquit,

2061 4669 2306 4734 ἀπίστοις
2343 4671 2694 4741 ἐγκαταλέγει
2725 4668 2753 4724 ὁ
2785 4671 3008 4744 Κύριος.
3040 4693 3057 4724 ι
3086 4674 3210 4738 Πῶς
3240 4694 3257 4725 ι
3289 4677 3396 4746 γὰρ
3421 4694 3440 4729 ι
3467 4677 3629 4731 δύναο

386 4769 404 4800 ι
445 4752 693 4815 credere,
734 4752 827 4821 qui
875 4754 944 4807 ah
993 4753 1307 4810 hominibus
1332 4755 1562 4825 gioriam
1596 4758 1868 4828 accipitis,
1897 4766 1954 4814 et

378 4842 629 4912 gloriam,
661 4858 783 4912 qua:
813 4858 843 4896 a
901 4841 1011 4898 Deo
1048 4844 1166 4899 solo
1212 4853 1319 4911 est,
1353 4862 1463 4900 non
1522 4849 1763 4917 quaeritis
1787 4851 1880 4904 "?
1925 4870 1943 4902 ι

378 4931 576 4987 Odium
605 4934 766 4987 etiam
799 4950 866 4989 ex
902 4936 1139 4991 occultis
1169 4938 1371 4993 erratis
1417 4947 1520 4994 est.
1558 4939 1793 4995 Proinde
1823 4942 1950 4997 audi

378 5024 668 5081 Dominum
714 5027 1031 5083 dicentem:
1084 5047 1103 5081 ι
1146 5029 1250 5095 Qui
1310 5031 1426 5085 odit
1475 5032 1699 5086 fratrem
1758 5050 1950 5100 suum,

377 5118 650 5172 homicida
676 5127 780 5173 est.
824 5118 889 5174 Et
917 5121 1075 5176 scitis
1133 5121 1395 5191 quoniam
1451 5123 1631 5177 omnis
1680 5124 1953 5179 homicida

377 5223 488 5263 non
511 5209 673 5265 habet
706 5210 871 5264 vitam
901 5220 1163 5267 aeternam
1192 5211 1288 5265 ³⁷.»
1311 5211 1497 5282 itaque
1534 5215 1755 5284 expellit
1782 5231 1812 5269 a
1844 5216 1951 5270 vita

376 5314 500 5352 eum
531 5300 624 5369 q-ui
654 5301 768 5355 odit
800 5300 1024 5357 fratrem
1057 5318 1241 5372 suum,
1287 5312 1547 5374 tanquam
1595 5304 1949 5360 homicidam.

374 5387 493 5442 Jam
520 5405 650 5444 vero
683 5392 824 5460 quod
871 5394 1080 5447 nullum
1129 5394 1424 5449 discrimen
1481 5394 1555 5449 sit
1612 5395 1757 5449 inter
1804 5395 1946 5449 mala

374 5480 526 5535 intus
556 5481 735 5535 abdita
783 5491 837 5537 et
887 5498 952 5537 ea
1003 5499 1123 5554 qua:
1157 5492 1370 5555 patent,
1418 5483 1545 5539 audi
1571 5486 1891 5555 Apostolum
1929 5506 1943 5541 :

380 5591 399 5625 ι
429 5573 497 5627 Ει
528 5573 672 5630 sicut
718 5590 827 5630 non
847 5578 1243 5647 probaverunt,
1275 5597 1297 5631 ι
1335 5577 1543 5648 inquit,
1579 5597 1599 5629 ι
1638 5578 1806 5633 Deum
1850 5578 1946 5634 ba-

444 5684 465 5716 '
489 5683 630 5741 Psal.
654 5700 809 5749 χχιιι,
837 5686 891 5749 5,
920 5693 972 5739 4.
1050 5687 1072 5719 ⁹
1094 5685 1242 5742 Psal.
1266 5705 1317 5753 v,
1342 5689 1393 5743 7.
1476 5690 1518 5720 ³⁸
1547 5689 1679 5744 ibid.

374 5769 487 5823 xxi,
524 5757 615 5809 26.
695 5756 738 5788 ε’
765 5755 910 5812 Ρειιι.
939 5771 1140 5824 nam,
1165 5757 1219 5812 5.

1760 5692 1797 5722 ἰ
1830 5688 1972 5763 P_s_al_.
1993 5707 2163 5757 xxrn,
2194 5693 2249 5747 3.
2330 5696 2372 5726 ¹²
2400 5694 2586 5753 Matth.
2628 5714 2703 5763 vt,
2736 5699 2785 5754 l.

1314 5757 1538 5813 "Joan.
1573 5774 1625 5825 ν,
1661 5761 1751 5815 44.
1829 5760 1869 5791 ¹⁷
1894 5761 1911 5813 l
1941 5761 2099 5818 Joan.
2125 5778 2206 5831 ιιι,
2241 5762 2326 5817 15.

2059 4759 2204 4827 σθε,ι
2233 4764 2416 4833 φησὶν,
2444 4779 2462 4813 ι
2482 4763 2638 4832 ὑμεῖς
2661 4763 2955 4828 πιστεύειν,
2973 4765 3126 4830 δόξαν
3150 4767 3300 4838 παρὰ
3326 4766 3630 4838 ἀνθρώπων

2055 4848 2417 4919 λαμϐάνοντες
2437 4867 2449 4880 ·
2476 4852 2571 4904 καὶ
2594 4851 2691 4923 τὴν
2712 4852 2866 4919 δόξαν
2886 4853 2983 4926 τὴν
3015 4855 3164 4926 παρά
3190 4855 3282 4909 τοῦ
3304 4856 3462 4926 μόνου
3490 4857 3626 4910 Θεοῦ

2052 4940 2113 4990 ού
2166 4936 2494 5010 ζητοῦντες;
2542 4961 2561 4994 ι
2625 4943 2744 4998 Τῶν
2797 4945 3017 5014 ἀφανῶν
3062 4949 3177 5000 ἐστι
3229 4949 3321 5002 καὶ
3369 4949 3429 5001 τὺ
3468 4951 3627 5018 μῖσος

2050 5028 2477 5100 ἁμαρτημάτων.
2526 5033 2636 5086 Καὶ
2673 5034 2902 5089 ἄκουσον
2951 5033 3044 5089 τοῦ
3082 5039 3284 5108 Κυρίου
3338 5039 3621 5108 λέγοντος·

2054 5140 2072 5171 ι
2096 5121 2153 5174 '0
2185 5120 2356 5192 μισῶν
2386 5120 2479 5177 τὸν
2513 5125 2738 5196 ἀδελφὸν
2773 5128 2956 5193 αὐτοῦ,
3006 5130 3446 5201 ἀνθρωποκτόνος
3481 5132 3620 5188 ἐστι.

2048 5212 2157 5264 Καὶ
2198 5213 2375 5267 οἴδατε
2418 5214 2499 5268 ὅτι
2544 5214 2650 5280 πᾶς
2698 5219 3140 5290 ἀνθρωποκτόνος
3177 5223 3275 5275 οὐκ
3313 5222 3424 5292 ἔχει
3472 5223 3622 5294 ζωὴν

2048 5303 2282 5359 αἰώνιον.
2324 5326 2342 5358 ι
2388 5309 2678 5364 Ἐκὸάλλου
2711 5308 2803 5365 οὖν
2827 5312 2924 5383 τῆς
2953 5313 3097 5384 ζωῆς
3119 5314 3206 5368 τὸν
3235 5316 3496 5387 μισοῦντα.
3524 5316 3619 5370 τὸν

2052 5392 2295 5465 ἀδελφὸν,
2329 5399 2516 5471 ὥσπερ
2544 5402 2632 5454 τὸν
2654 5403 2994 5474 ἀνδροφόνον.
3022 5407 3142 5460 Ὅτι
3164 5409 3221 5461 δὲ
3250 5408 3472 5478 οὐδεμία
3501 5408 3621 5465 δια-

2052 5487 2192 5558 φορά
2240 5488 2345 5542 τῶν
2373 5489 2520 5543 ἔνδον
2565 5492 2962 5563 κεκρυμμένων
2995 5496 3180 5563 κακῶν
3232 5496 3368 5571 πρὸς
3410 5496 3479 5549 τά
3517 5498 3617 5567 ἐμ-

2053 5579 2214 5650 φανῆ.
2248 5580 2476 5637 ἄκουσον
2507 5582 2599 5636 τοῦ
2640 5582 2961 5640 Ἀποστόλοῦ
2982 5604 2994 5616 ·
3032 5607 3050 5639 ι
3094 5586 3290 5651 Καθὼς
3319 5589 3418 5642 οὐκ
3447 5587 3627 5661 ἐδοκίτ

2863 5699 2907 5732 ⁸³
2928 5699 3118 5756 Matth.
3152 5718 3199 5770 v,
3240 5702 3323 5761 l6.
3402 5704 3445 5735 “
3467 5702 3620 5764 Psal.
3718 5700 3733 5711 ’
