4034 6132
292 345 409 402 295

1425 344 1514 399 DE.
1552 343 1924 402 INSTITUTO
1974 342 2416 401 CIIRISTIANO.

3433 347 3536 403 2%

295 479 497 534 μασαν,
541 480 561 515 ι
596 464 751 534 φησὶ,
790 483 811 516 ι
840 463 929 517 τὸν
957 462 1090 517 Θεὸν
1122 462 1265 535 ἔχειν
1293 466 1350 517 ὲν
1388 464 1700 533 ἐπιγνώσει,
1733 482 1872 535 παρ-

2000 476 2104 516 »ετο
2134 461 2188 514 in
2218 462 2444 525 notitia,
2488 459 2713 516 tradidit
2754 459 2877 517 illos
2939 458 3081 517 Deus
3134 462 3187 517 in
3246 463 3539 534 reprobutu

290 555 493 609 έδωκεν
537 556 736 618 αὐτοὺς
802 558 882 618 είς
929 555 1185 626 ἀδόκιμον
1229 555 1389 621 νοῦν,
1443 558 1617 608 ποιεῖν
1668 555 1735 608 τὰ
1788 553 1862 625 μὴ

289 645 624 717 καθήκοντα,
658 646 1119 718 πεπληρωμένους
1171 647 1319 720 πάσῃ
1361 646 1577 717 ἀδικίᾳ,
1617 645 1861 717 πορνείᾳ,

290 738 549 807 πονηρίᾳ,
585 737 886 807 πλεονεξίᾳ,
919 738 1084 809 κακίᾳ
1104 755 1118 768 ο
1153 738 1384 808 μεστοὺς
1415 737 1630 806 φθόνου,
1662 737 1821 806 φόνου
1845 776 1860 801 ,

290 825 487 894 ἔριδος,
523 825 708 889 δόλου,
739 825 1065 897 κακοηθείας
1086 842 1099 856 ·
1130 824 1473 895 ψιθυριστάς,
1507 824 1862 886 καταλάλους,

291 916 627 985 θεοστυγεῖς,
657 916 939 987 ὐϐριστάς,
963 916 1365 988 ὑπερηφάνους,
1395 914 1679 979 ἀλαζόνας,
1704 916 1866 984 ἐφευ-

298 1008 461 1078 ρέτας
492 1006 700 1073 κακῶν,
732 1006 979 1075 γονεῦσιν
1004 1006 1266 1072 ἀπειθεῖς,
1302 1006 1612 1070 ἀσυνέτους,
1639 1006 1865 1060 ἀσυνθέι.

292 1114 437 1165 τους,
472 1098 795 1169 ἀστόργους,
818 1099 1136 1166 ἀσπόνδους,
1158 1100 1540 1171 ἀνελεήμονας.
1572 1098 1780 1158 Οῖτινες
1806 1094 1868 1149 τὸ

293 1189 568 1259 δικαίωμα
617 1189 712 1242 τοῦ
745 1190 879 1243 Θεοῦ
913 1191 1223 1258 ἐπιγνόντες
1248 1231 1263 1253 ,
1298 1192 1381 1244 ὅτι
1426 1191 1475 1242 οί
1526 1187 1597 1241 τὰ
1644 1188 1868 1242 τοιαῦτα

297 1281 629 1350 πράττοντες
676 1279 814 1345 ἄξιοι
862 1278 1091 1333 θανάτου
1138 1279 1295 1332 είσίν.
1335 1297 1354 1329 ι
1403 1278 1566 1348 Ὁρᾷς
1599 1277 1744 1338 ὅπως
1771 1275 1869 1345 τὴν

297 1369 629 1440 κακοήθειαν
660 1370 755 1424 καὶ
785 1369 886 1441 τὴν
915 1369 1291 1441 ὑπερηφανίαν
1322 1369 1417 1423 καὶ
1463 1368 1552 1420 τὸν
1593 1367 1744 1420 δόλον
1777 1366 1871 1418 καὶ

295 1459 368 1513 τά
398 1460 564 1514 λοιπά
589 1458 699 1513 τῶν
743 1459 1021 1531 κρυπτῶν,
1072 1460 1149 1531 τῷ
1182 1458 1326 1530 φόνῳ
1365 1460 1457 1511 καὶ
1490 1460 1557 1529 τῇ
1593 1455 1873 1525 πλεονεξίᾳ

299 1553 392 1608 καὶ
422 1554 537 1616 τοῖς
558 1551 819 1615 τοιούτοις
857 1554 991 1605 πᾶσι
1018 1549 1324 1616 συνέταξεν.
1365 1549 1520 1604 Οὕτω
1548 1549 1603 1602 δέ
1636 1549 1749 1601 ἐστι
1779 1564 1874 1600 πο-

302 1644 442 1715 νηρὰ
497 1646 593 1698 καὶ
632 1643 860 1697 δυσίατα
910 1642 981 1697 τά
1032 1646 1151 1707 ταῖς
1203 1644 1402 1713 ψυχαῖς
1448 1639 1874 1713 ὲγκεκρυμμένα

298 1736 447 1791 κακά
472 1776 488 1800 ,
522 1734 664 1789 ὥστε
694 1735 767 1806 μὴ
792 1735 1021 1789 δυνατὸν
1049 1730 1188 1789 εἶναι
1224 1734 1312 1788 διὰ
1345 1733 1511 1805 μόνης
1546 1732 1643 1803 τῆς
1667 1730 1876 1803 ἀνθρω⁶

1936 567 1943 574 '
1969 567 2216 617 sensum,
2247 562 2308 605 ut
2337 552 2539 606 faciant
2567 567 2631 608 ea
2661 568 2784 623 qua:
2814 568 2923 607 non
2960 554 3320 621 conveniunt,
3365 556 3543 626 reple-

1970 653 2056 698 tos
2084 645 2231 723 omni
2266 645 2575 713 iniquitate,
2609 645 2835 711 malitia,
2867 645 3250 711 fornicatione,
3286 647 3537 712 avaritia,

1970 734 2253 804 nequitia;
2283 736 2473 804 plenos
2506 734 2729 800 invidia,
2791 736 3111 803 homicidio,
3168 737 3539 801 contentione,

1970 826 2118 892 dolo,
2161 827 2542 896 malignitate;
2598 841 2948 892 susurrones,
3008 827 3369 892 detractorcs,
3434 826 3544 882 Deo

1971 908 2714 981 odibiles,‘contumeliosos,
2748 918 3035 986 superbos,
3073 918 3267 982 elatos,
3293 919 3544 972 invento-

1973 1020 2063 1060 res
2096 1009 2386 1073 malorum,
2417 1008 2740 1076 parentibus
2765 1022 2870 1060 non
2907 1005 3247 1067 obedientes,
3279 1008 3546 1077 insipien-

1973 1107 2079 1163 tes,
2122 1098 2539 1167 incompositos,
2580 1099 2699 1153 sine
2728 1098 3036 1161 aﬂ‘ectione,
3074 1098 3280 1168 absque
3317 1097 3544 1164 ftedere,

1974 1188 2093 1243 sine
2145 1188 2546 1244 misericordia.
2594 1188 2699 1255 Qui
2754 1203 2877 1243 cum
2907 1189 3175 1258 justitiam
3219 1189 3311 1243 Dei
3346 1206 3549 1259 cogno-

1977 1276 2204 1342 vissent,
2232 1291 2340 1329 non
2366 1277 2778 1340 intellexerunt,
2801 1277 3061 1346 quoniam
3089 1277 3182 1346 qui
3206 1278 3328 1330 talia
3356 1285 3547 1348 agunt,

1978 1375 2154 1422 morte
2184 1367 2332 1438 digni
2377 1375 2506 1423 sunt
2531 1368 2594 1421 ³⁸.
2632 1387 2649 1420 ι
2706 1366 2871 1423 Vides
2903 1376 2963 1421 ut
3017 1369 3434 1439 malignitatem,
3494 1376 3550 1424 et

1979 1458 2321 1528 superbiam,
2353 1467 2407 1513 et
2440 1459 2688 1513 fraudem
2717 1467 2773 1513 et
2797 1468 2991 1513 caetera
3015 1461 3232 1514 occulta
3259 1459 3390 1513 vitia
3416 1459 3550 1513 εαξάί

1977 1556 2033 1603 et
2061 1548 2327 1615 avaritiae,
2360 1555 2526 1617 atque
2558 1548 2827 1614 ejusmodi
2866 1549 3024 1602 malis
3067 1549 3325 1602 omnibus
3356 1548 3553 1613 adjun-

1980 1639 2124 1694 xerit
2146 1640 2172 1692 τ
2204 1639 2283 1693 Ita
2310 1654 2475 1709 porro
2506 1653 2775 1708 perversa:
2814 1649 2869 1693 et
2913 1651 3109 1694 sanatu
3146 1640 3393 1694 difﬁciles
3425 1646 3555 1695 sunt

1986 1729 2187 1784 animis
2217 1729 2554 1785 abscondita:
2589 1730 2761 1795 labes,
2799 1737 2858 1783 ut
2884 1729 3041 1785 nefas
3063 1730 3133 1787 sit
3160 1733 3279 1786 solo
3315 1730 3554 1786 humano

300 1827 464 1898 πίνης
498 1826 736 1896 σπουδῆς
768 1827 863 1879 καὶ
897 1826 1097 1897 ἀρετῆς
1131 1824 1390 1897 ἐκτρῖψαι
1429 1824 1524 1878 καὶ
1556 1822 1789 1885 ἀνελεῖν,
1828 1821 1877 1874 εί

2000 1819 2168 1875 ιιιιάἰο
2195 1833 2259 1874 ac
2292 1820 2497 1874 virtute
2517 1819 2691 1874 deteri
2723 1828 2889 1890 atque
2953 1822 3141 1885 eximi,
3197 1822 3304 1876 nisi
3353 1828 3399 1876 si
3431 1824 3555 1892 quis

304 1919 378 1989 μή
409 1934 495 1981 τις
525 1915 626 1987 τὴν
650 1914 745 1969 τοῦ
783 1916 1100 1987 Πνεύματος
1126 1915 1353 1987 δύναμιν
1380 1914 1667 1986 σύμμαχον
1709 1929 1878 1984 προσ-

301 2008 462 2082 λάϐῃ.
517 2008 610 2060 Διὸ
638 2008 732 2061 καὶ
768 2007 797 2059 ό
845 2007 1008 2061 Δαϐίδ
1038 2022 1225 2078 φησιν*
1263 2025 1283 2059 ι
1355 2007 1449 2060 Ἐκ
1488 2005 1596 2059 τῶν
1639 2005 1881 2076 κρυφίων

308 2117 410 2171 μου
439 2098 739 2171 καθάρισόν
771 2115 858 2168 με,
894 2099 989 2152 καὶ
1008 2099 1102 2151 ἀπ’
1129 2096 1421 2169 ἀλλοτρίων
1451 2098 1632 2165 φεῖσαι
1648 2095 1739 2149 τοῦ
1759 2094 1882 2149 δού-

304 2190 396 2244 λου
429 2208 551 2244 σου.
609 2209 629 2243 ι
682 2191 779 2243 Ἐκ
808 2188 902 2243 δύο
929 2189 1039 2260 γὰρ
1078 2190 1107 2242 ὁ
1138 2184 1220 2252 είς
1260 2188 1543 2259 ἄνθρωπος
1572 2188 1880 2259 ἥρμοσται,

303 2280 488 2351 ψυχῆς
532 2296 593 2332 τε
629 2279 723 2333 καὶ
760 2278 1033 2350 σώματος.
1068 2278 1180 2332 Καὶ
1217 2278 1277 2331 τὸ
1315 2279 1434 2349 μὲν,
1480 2278 1642 2331 αὐτοῦ
1687 2276 1886 2342 ἔξωθέν

306 2374 456 2426 ἐστιν
481 2389 498 2403 ·
528 2373 563 2443 ἡ
585 2372 663 2437 δὲ,
696 2370 842 2429 ἔνδον
873 2369 1025 2441 παρά
1060 2370 1150 2423 τὸν
1181 2369 1292 2440 βίον
1321 2370 1491 2440 μένει.
1526 2369 1646 2443 Χρὴ
1676 2366 1769 2424 οὖν
1794 2370 1886 2423 τὸν

307 2464 599 2535 ἄνθρωπον
644 2464 707 2518 τὸ
758 2464 855 2534 μὲν
903 2462 1101 2547 ἔξωθεν
1146 2464 1578 2535 παραγρυπνεῖν,
1620 2462 1888 2534 τηροῦντα

313 2557 464 2627 μήτι
486 2554 595 2608 τῶν
622 2553 904 2628 σφαλερῶν
929 2554 1341 2625 ἁμαρτημάτων
1370 2554 1697 2625 προσπεσὸν,
1723 2570 1891 2607 κατα-

315 2647 471 2717 σείσῃ
527 2644 623 2698 καὶ
674 2643 979 2715 διαφθείρη.
1026 2643 1161 2714 Περὶ
1202 2634 1264 2696 οὗ
1324 2641 1415 2695 καὶ
1477 2644 1506 2696 ό
1569 2641 1890 2705 Ἀπόστολος

315 2737 534 2791 ἀπειλεῖ
562 2735 760 2803 λέγων·
798 2753 817 2787 ι
850 2735 955 2788 Τὸν
983 2733 1270 2804 φθείροντα
1306 2734 1398 2787 τὸν
1436 2733 1561 2787 ναὸν
1600 2733 1693 2787 τοῦ
1732 2733 1889 2797 Θεοῦ,

318 2828 510 2899 φθερεῖ
543 2830 572 2881 ό
611 2826 762 2890 Θεός.
797 2846 816 2879 ι
867 2826 976 2898 Τὴν
1008 2826 1067 2879 δὲ
1094 2826 1240 2880 ἔνδον
1288 2826 1375 2880 διά
1417 2827 1596 2898 πάσης
1636 2829 1892 2899 φρουρεῖν

322 2918 587 2988 φυλακῆς,
615 2920 688 2988 μή
720 2934 802 2980 τις
826 2916 983 2985 λόγος
1017 2915 1213 2979 κακίας
1241 2918 1305 2969 ἐκ
1340 2915 1537 2986 βάθους
1568 2916 1731 2970 ποθὲν
1758 2917 1894 2969 ἀνα-

326 3009 527 3079 κύψας,
567 3008 664 3061 καὶ
694 3008 783 3060 τὸν
819 3008 916 3078 τῆς
955 3005 1235 3070 εὐσεϐείας
1258 3007 1516 3076 λογισμὸν
1542 3007 1892 3079 διαφθείρας,

1990 1910 2232 1980 Spiritus
2265 1910 2560 1979 potentiam
2619 1912 3019 1980 Opitulatricem
3053 1918 3435 1984 assumpserit.
3466 1918 3555 1971 ld-

1987 2003 2138 2057 circo
2176 2001 2252 2055 ait
2283 2000 2484 2055 David;
2517 2019 2536 2052 ι
2575 2000 2659 2055 Ab
2689 2003 2918 2059 occultis
2952 2006 3088 2060 meis
3123 2007 3324 2060 munda
3355 2022 3459 2072 me,
3504 2016 3559 2061 et

1989 2094 2058 2149 ab
2088 2094 2280 2149 alienis
2308 2107 2472 2163 parce
2502 2107 2660 2147 servo
2719 2095 2901 2148 tuo“.
2942 2114 2960 2146 ι
3026 2094 3161 2149 Nam
3217 2112 3284 2151 ex
3341 2098 3559 2153 duobus

1991 2199 2136 2240 unus
2170 2184 2334 2238 homo
2389 2198 2671 2238 connexus
2709 2191 2814 2251 est,
2864 2200 2925 2239 ex
2959 2186 3140 2239 animo
3196 2186 3449 2241 videlicet
3501 2196 3555 2242 et

1991 2293 2240 2348 corpore.
2301 2277 2479 2347 Atque
2542 2277 2645 2332 hoc
2703 2278 2922 2348 quidem
2980 2285 3134 2333 extra
3197 2280 3376 2349 ipsum
3426 2287 3557 2335 est:

1993 2372 2208 2424 animus
2243 2379 2422 2422 autem
2477 2369 2625 2424 intus
2685 2361 2905 2438 propter
2941 2371 3106 2423 vitam
3165 2378 3367 2427 manet.
3410 2372 3559 2438 Qua-

1995 2468 2219 2531 propter
2247 2459 2526 2514 hominem
2559 2467 2773 2529 oportet
2828 2459 2964 2515 foris
3016 2462 3237 2530 quidem
3271 2463 3559 2532 evigilare,

1993 2550 2338 2606 Observando
2369 2565 2436 2605 ne
2461 2550 2592 2619 quid
2624 2566 2689 2603 ex
2722 2551 3049 2619 periculosis
3078 2552 3292 2608 delictis
3315 2554 3564 2611 incidens

1996 2641 2274 2697 concutiat
2310 2648 2364 2695 et
2388 2648 2721 2709 corrumpat.
2759 2639 2834 2694 De
2888 2655 2997 2710 quo
3057 2644 3219 2695 etiam
3270 2646 3565 2712 Apostolus

1998 2732 2301 2798 minitatur,
2327 2745 2451 2784 cum
2488 2731 2602 2784 ait:
2641 2748 2659 2781 ι
2701 2731 2759 2783 Si
2797 2731 2924 2799 quis
2956 2733 3219 2801 templum
3268 2734 3359 2788 Dei
3393 2736 3563 2788 viola-

1999 2824 2155 2888 verit,
2217 2823 2494 2894 dispcrdet
2553 2837 2678 2878 eum
2738 2821 2882 2877 Deus
2904 2823 2971 2877 ὀ.
3023 2842 3042 2875 ι
3106 2825 3210 2878 Par
3272 2834 3355 2880 est
3400 2829 3565 2881 etiam

2000 2916 2167 2969 animi
2194 2931 2390 2970 sensus
2425 2915 2647 2969 intimos
2678 2916 2825 2969 omni
2856 2918 3111 2971 cautione
3162 2908 3464 2983 Custodire,
3500 2935 3570 2983 ne

2002 3022 2106 3077 qua
2131 3008 2448 3063 vitiositatis
2470 3008 2608 3063 ratio
2631 3008 2882 3063 alicunde
2912 3025 3195 3080 emergens
3215 3028 3245 3064 e
3275 3013 3565 3080 prol’uudo,

325 3098 665 3167 δουλώσηται
712 3097 812 3166 τὴν
850 3095 1045 3167 ψυχὴν,
1100 3095 1394 3166 πληρώσας
1424 3096 1531 3149 τῶν
1580 3095 1894 3149 διελκόντων

2003 3101 2301 3169 depravata
2330 3100 2797 3170 pietatisjudicio,
2857 3102 3092 3154 animam
3126 3103 3192 3155 ad
3250 3103 3569 3157 servitutem

330 3190 501 3259 ἀύτὴν
515 3188 692 3259 λάθρα
721 3186 927 3241 παθῶν.
953 3208 971 3239 ι
996 3188 1069 3240 Οὐ
1089 3186 1318 3253 ζεύξεις,
1348 3207 1365 3240 ι
1396 3189 1559 3259 φησὶν
1578 3189 1605 3241 ό
1632 3187 1894 3258 μακάριος

2004 3191 2232 3261 redigat,
2270 3206 2391 3245 cum
2420 3191 2705 3247 aﬂ‘ectibus
2738 3193 2909 3263 ipsam
2940 3194 3154 3246 occulte
3187 3193 3573 3247 divelleutibus

327 3281 588 3350 Μωῦσῆς,
619 3299 638 3330 ι
669 3281 727 3332 ἐν
745 3282 811 3350 τῇ
832 3278 995 3334 ἆλωνί
1024 3296 1118 3333 σου
1137 3277 1253 3342 ζῶα
1274 3278 1533 3349 ἀλλογενῆ
1552 3280 1641 3331 ἐπὶ
1661 3280 1723 3332 τὸ
1745 3279 1895 3334 αὐτόο

327 3367 462 3440 οἷον,
488 3372 615 3443 βοῦν
648 3371 743 3424 κοιλ⁸
774 3370 909 3424 ὄνον.
935 3370 1070 3423 Οὐδὲ
1096 3372 1417 3445 συνυφανεῖς
1448 3372 1506 3423 ἐν
1541 3370 1739 3440 ίματίῳ
1756 3369 1899 3442 ἔριον

329 3463 477 3534 λίνῳ.
530 3463 606 3516 Οὐ
640 3464 976 3533 γεωργήσεις
1019 3462 1078 3515 ὲν
1116 3464 1182 3533 τῇ
1213 3462 1363 3534 χώρᾳ.
1394 3464 1494 3533 τῆς
1534 3464 1637 3533 γῆς
1663 3478 1755 3514 σου
1807 3461 1902 3516 δύο

329 3554 575 3624 καρποὺς
608 3554 700 3606 ἐπὶ
726 3553 789 3606 τὸ
825 3553 975 3606 αὐτό.
1007 3553 1141 3606 Οὐδὲ
1177 3552 1424 3623 δεύτερον
1452 3553 1547 3607 τοῦ
1570 3551 1836 3607 ἐνιαυτοῦ.
1877 3572 1897 3607 ι

329 3648 445 3702 Οὐκ
466 3645 747 3709 ἐπιϐαλεῖς
774 3644 1085 3717 ἑτερογενὲς
1111 3645 1247 3710 ζῶον
1274 3647 1365 3700 ἐπὶ
1394 3646 1578 3717 ἕτερον
1606 3648 1685 3710 είς
1716 3647 1901 3717 γονήν.

400 3831 468 3883 Τί
506 3831 682 3886 ταῦτα
714 3830 963 3902 βούλεται
984 3831 1054 3886 τά
1076 3831 1408 3903 αἰνίγματα;
1439 3832 1501 3886 τὸ
1532 3832 1607 3906 μὴ
1627 3833 1737 3889 δεῖν
1762 3836 1820 3888 ὲν
1841 3837 1908 3908 τῇ

332 3923 472 3993 αὐτῇ
492 3922 640 3994 ψυχῇ
670 3922 869 3976 κακίαν
892 3922 986 3976 καὶ
1014 3921 1214 3996 ἀρετὴν
1240 3921 1601 3993 συμφυτεύειν
1633 3923 1909 3995 ἀλλήλαις.

333 4015 472 4070 Ποία
505 4016 657 4085 φιλία
674 4014 1025 4087 σωφροσύνης
1053 4015 1188 4087 πρὸς
1218 4016 1487 4087 ἀκρασίαν
1510 4034 1525 4077 ;
1550 4017 1679 4070 ποία
1707 4015 1912 4070 δικαιο-

338 4108 507 4178 σύνης
526 4109 664 4179 πρὸς
689 4108 1157 4178 ἀδικίαν-ὁμόνοια,
1183 4107 1339 4161 ἀεὶτὸ
1363 4107 1548 4180 ἕτερον
1566 4108 1914 4175 ὑπεξίσταται

334 4199 415 4271 τῷ
462 4199 655 4270 ἑτέρῳ.
691 4200 784 4251 Δεῖ
815 4195 907 4252 οὖν
936 4199 1026 4252 τὸν
1063 4198 1226 4268 σοφὸν
1263 4200 1532 4271 γεωργὸν,
1568 4199 1819 4271 καθάπερ
1850 4202 1915 4255 ὲκ

336 4290 437 4359 τῆς
468 4292 653 4361 πηγῆς
683 4290 916 4361 ποτίμου
947 4290 1042 4343 καὶ
1072 4289 1280 4360 ἀγαθῆς
1303 4330 1319 4356 ,
1366 4290 1583 4361 καθαρά
1631 4292 1916 4363 παραπέμ-

2004 3282 2315 3352 repleverit.
2351 3301 2370 3334 ι
2418 3283 2537 3337 Non
2585 3284 2806 3354 junges,
2846 3304 2864 3336 ι
2896 3285 3073 3354 inquit
3105 3285 3297 3339 beatus
3332 3284 3570 3356 Moyses,

2011 3393 2031 3425 ι
2064 3375 2121 3427 in
2161 3389 2285 3429 area
2316 3383 2409 3428 tua
2440 3374 2641 3429 diversi
2672 3377 2888 3447 generis
2913 3378 3166 3429 anim-alia
3195 3377 3377 3442 simul,
3409 3376 3575 3430 veluti

2005 3464 2198 3520 bovem
2222 3472 2277 3519 et
2301 3467 2513 3520 asinum
2536 3468 2602 3519 “.
2625 3465 2812 3535 Neque
2835 3476 3092 3521 conteres
3117 3468 3169 3520 in
3202 3469 3365 3536 pallio
3395 3469 3576 3521 lanam

2009 3552 2273 3612 liuo.Non
2294 3559 2441 3611 coles
2462 3558 2515 3610 in
2539 3559 2656 3612 solo
2679 3566 2836 3611 terrae
2860 3565 2963 3611 tua:
2987 3558 3095 3611 duo
3116 3557 3274 3611 simul
3300 3557 3578 3612 fructuum

2010 3664 2229 3719 genera.
2246 3648 2433 3719 Neque
2455 3648 2537 3703 bis
2560 3664 2654 3719 per
2672 3664 2873 3702 annum
2888 3650 2986 3702 ".3
3008 3649 3222 3702 Animal
3244 3648 3466 3707 alterius
3486 3663 3578 3716 ge-

2009 3741 2158 3796 neris
2183 3756 2289 3794 nou
2313 3739 2481 3795 facies
2502 3742 2649 3795 coire
2668 3755 2795 3794 cum
2815 3741 2987 3794 altero
3008 3740 3073 3794 ad
3098 3737 3490 3808 procreandum
3508 3740 3575 3793 ’³.

2085 3834 2226 3901 Quid
2262 3835 2377 3890 haec
2413 3835 2517 3890 sibi
2546 3836 2736 3890 volunt
2767 3834 3094 3906 aenigmata?
3127 3833 3272 3903 quod
3303 3833 3357 3886 in
3386 3834 3578 3888 eodem

2015 3926 2199 3980 animo
2224 3926 2414 3980 vitium
2461 3935 2515 3981 et
2569 3927 2825 3981 virtutem
2889 3941 3179 3981 conserere
3207 3927 3349 3981 inter
3378 3941 3437 3983 se
3471 3942 3583 3984 non

2018 4025 2293 4087 oporteat.
2345 4016 2477 4083 Qua:
2508 4017 2876 4087 temperantiae
2931 4017 3173 4071 amicitia
3225 4025 3310 4072 est
3339 4033 3462 4073 cmn
3498 4019 3583 4073 in-

2017 4107 2403 4162 continentia?
2439 4106 2569 4173 Quae
2600 4108 2830 4178 justitia:
2878 4109 3172 4163 concordia
3214 4117 3298 4163 est
3344 4126 3467 4164 cum
3499 4113 3585 4165 in-

2014 4199 2228 4269 justitia
2253 4199 2274 4253 ?
2303 4199 2547 4253 Alterum
2579 4215 2792 4270 semper
2814 4200 3028 4255 decedit
3058 4200 3231 4255 altero
3269 4202 3583 4258 accedente.

2022 4290 2289 4358 Quocirca
2320 4291 2639 4360 prudentem
2689 4293 2979 4361 agricolam
3021 4298 3281 4364 tanquam
3304 4309 3335 4347 e
3357 4295 3585 4365 potabili

337 4393 463 4430 πειν
487 4376 583 4430 τοῦ
617 4376 732 4447 βίου
760 4378 828 4430 τά
856 4377 1070 4447 νάματα
1089 4392 1103 4406 ’
1132 4377 1268 4448 μόνα
1291 4377 1359 4432 τά
1391 4378 1483 4432 τοῦ
1513 4379 1647 4433 Θεοῦ
1675 4380 1894 4452 γεώργιι

2021 4391 2077 4437 et
2113 4383 2259 4437 bono
2287 4382 2435 4437 fonte
2461 4398 2630 4453 puros
2659 4385 3030 4455 transmittere
3065 4387 3187 4441 vitae
3246 4386 3393 4439 rivos
3424 4400 3588 4455 Opor-

337 4468 551 4531 είδότα,
582 4468 679 4521 καὶ
710 4467 919 4533 τούτοις
948 4469 1206 4522 πονοῦντα
1241 4470 1327 4523 διὰ
1360 4469 1497 4541 βίου,
1532 4472 1627 4523 καὶ
1660 4470 1913 4541 παραμέ-

339 4569 499 4613 νοντα
521 4573 534 4584 ·
566 4559 714 4622 ὅπως
742 4559 844 4613 κᾶν
872 4560 1177 4630 ὐποφύηταί
1200 4578 1281 4624 τις
1308 4560 1455 4625 ξένος
1477 4561 1734 4632 λογισμὸς
1763 4564 1819 4613 ἐν
1841 4561 1919 4633 τῷ

340 4650 560 4723 κρυφίῳ
587 4650 689 4721 τῆς
724 4651 947 4723 ἀρετῆς,
981 4654 1109 4716 τοὺς
1145 4654 1270 4717 σούς
1301 4653 1425 4707 ἰδὼν
1461 4654 1651 4718 πόνους
1687 4657 1715 4708 ὁ
1744 4654 1921 4709 πάντα

339 4741 508 4812 ὁρῶν,
548 4740 759 4810 ταχέως
802 4743 868 4810 τῇ
906 4740 1097 4793 ἑαυτοῦ
1132 4740 1355 4811 δυνάμει
1384 4740 1480 4813 τὴν
1514 4741 1743 4796 ὓπουλον
1771 4743 1921 4813 ῥίζαν

341 4833 451 4886 τῶν
483 4831 763 4902 λογισμῶν
792 4831 899 4903 πρὸ
922 4832 1021 4902 τῆς
1057 4831 1291 4904 βλάστης
1334 4835 1607 4904 ἐκτεμεῖν.
1643 4834 1779 4888 Οὐδὲ
1816 4835 1926 4906 γὰρ

346 4924 497 4978 ἔστιν
534 4924 801 4994 ἁμαρτεῖν
834 4922 931 4992 τῆς
963 4920 1194 4988 ἐλπίδος,
1228 4923 1348 4975 οὐδὲ
1374 4922 1721 4993 ἀνεκδίκητον
1751 4925 1929 4994 μεῖναι

344 5016 439 5068 τὸν
466 5013 555 5068 ἀεὶ
577 5009 983 5084 παρεδρεύοντα
1009 5012 1088 5083 τῷ
1109 5011 1246 5083 θεῷ.
1271 5014 1333 5066 Εί
1357 5013 1412 5065 δὲ
1445 5013 1544 5083 τὴν
1570 5015 1627 5089 ἒν
1650 5012 1728 5084 τῷ
1754 5013 1931 5082 Εὐαγ-

344 5106 512 5176 γελίῳ
542 5106 741 5175 χήραν,
785 5105 819 5175 ἥ
849 5105 1093 5175 προσῆγε
1134 5105 1234 5174 μὲν
1269 5105 1325 5158 οὐ
1367 5103 1732 5177 φιλανθρώπῳ
1768 5106 1928 5175 κριτῇ

345 5196 409 5249 τὸ
444 5195 544 5266 τῆς
568 5193 784 5256 ἀδικίας
816 5192 1048 5263 μέγεθος
1073 5234 1088 5259 ,
1116 5196 1149 5265 ἡ
1175 5193 1232 5247 δὲ
1263 5194 1428 5266 πολλὴ
1458 5195 1587 5266 περὶ
1613 5196 1711 5265 τὴν
1741 5194 1924 5266 δέησιν

349 5287 522 5358 σχολὴ
552 5288 648 5341 καὶ
676 5285 948 5359 καρτερία
974 5286 1249 5357 νικήσασα
1279 5285 1370 5339 τοῦ
1403 5286 1656 5340 δικαστοῦ
1686 5287 1778 5342 τὸν
1810 5288 1928 5359 τρό-

349 5397 482 5446 πον,
516 5380 741 5434 ὲκκαλεῖ
786 5380 923 5451 πρὸς
966 5378 1065 5450 τὴν
1106 5376 1201 5432 τοῦ
1235 5377 1583 5450 ἀδικήσαντος
1621 5380 1923 5451 τιμωρίαν⁸

354 5473 434 5545 μὴ
465 5472 642 5527 τοίνυν
670 5470 805 5542 μηδὲ
850 5470 916 5523 σύ
960 5469 1389 5541 προσευχόμενος
1430 5470 1689 5542 ἀπείπῃς.
1728 5471 1790 5524 Εί
1819 5470 1928 5540 γάρ

434 5670 478 5741 {5
516 5669 674 5727 Rom.
714 5688 755 5736 t,
809 5672 995 5728 28-39.
1099 5675 1141 5706 ¹⁹
1184 5672 1329 5728 Psal.
1369 5689 1525 5736 xvnr,
1570 5678 1655 5741 l3,
1690 5677 1774 5732 M.

357 5740 407 5772 ”
431 5739 590 5799 Deut.
622 5759 756 5812 χιιι,
789 5744 842 5800 9.
929 5744 977 5776 "‘
997 5744 1129 5800 Luc.
1165 5746 1318 5811 sinu,
1350 5744 1384 5799 '5
1412 5760 1531 5815 sqq.

2023 4480 2120 4534 tet,
2161 4472 2378 4543 quippe,
2410 4476 2503 4542 qui
2551 4473 2664 4529 sola
2710 4472 2803 4527 Dei
2848 4475 3063 4527 novalia
3110 4475 3254 4529 culta
3300 4477 3473 4542 novit,
3503 4483 3590 4530 at-

2026 4581 2131 4635 que
2167 4566 2221 4619 in
2256 4565 2342 4621 his
2369 4581 2466 4636 per
2492 4566 2657 4620 vitam
2680 4607 2695 4633 ,
2730 4565 2971 4621 laborem
3032 4568 3343 4636 impendere
3405 4583 3590 4638 perse-

2026 4662 2218 4720 verat,
2280 4662 2340 4708 ut
2394 4655 2645 4724 quamvis
2699 4663 2923 4708 externa
2974 4662 3028 4710 et
3095 4656 3274 4710 aliena
3342 4656 3590 4725 quaedam

2031 4747 2293 4818 cogitatio
2343 4747 2660 4815 subreperet
2687 4746 2738 4798 in
2764 4747 2982 4801 occulto
3033 4746 3274 4811 virtutis,
3323 4747 3416 4815 qui
3452 4747 3594 4801 videt

2028 4837 2234 4900 omnia,
2270 4845 2392 4891 tuos
2416 4838 2647 4889 intuitus
2678 4835 2915 4900 labores,
2949 4836 3058 4890 cito
3106 4852 3203 4890 sua
3237 4836 3410 4905 ipsius
3437 4845 3595 4906 pote-

2031 4935 2174 4979 state
2202 4925 2457 4978 latentem
2476 4922 2866 4993 cogitationum
2901 4922 3141 4977 radicem
3193 4930 3320 4978 ante
3374 4938 3595 5000 germen

2031 5014 2337 5069 exscindat.
2370 5012 2555 5083 Neque
2582 5013 2728 5068 enim
2764 5014 2846 5069 l'as
2876 5021 2959 5067 cst
2989 5028 3018 5066 a
3054 5029 3150 5083 spe
3180 5014 3462 5078 aberrare,
3496 5029 3597 5082 ne-

2032 5096 2387 5172 queinultum
2418 5116 2637 5158 manere
2666 5117 2789 5157 eum
2807 5102 2900 5172 qui
2926 5118 3142 5172 semper
3165 5102 3389 5157 Numini
3416 5104 3598 5158 adita:-

2031 5200 2135 5249 ret.
2161 5191 2317 5257 Quod
2342 5191 2389 5247 si
2426 5192 2667 5257 viduam,
2710 5208 2832 5262 qua:
2861 5194 2918 5246 in
2972 5191 3265 5264 Evangelio
3323 5208 3598 5248 memora-

2033 5293 2125 5340 tur
2144 5284 2210 5350 “,
2245 5283 2313 5337 ad
2338 5283 2577 5352 judicent
2606 5298 2717 5337 non
2779 5282 3074 5353 benignum
3108 5283 3335 5340 adduxit
3388 5286 3600 5357 injuriae

2035 5379 2391 5452 magnitudo,
2439 5386 2494 5435 et
2549 5378 2719 5432 multa
2769 5377 3107 5433 muliercula:
3171 5381 3224 5433 in
3290 5382 3603 5449 precatione

2037 5468 2300 5526 sedulitas
2331 5482 2394 5523 ac
2424 5467 2850 5540 perseverantia,
2893 5467 3100 5538 judicis
3147 5469 3396 5525 moribus
3445 5482 3608 5538 supe-

1878 5678 1924 5709 ¹⁰
1950 5677 1969 5733 i
1999 5677 2126 5734 Cor.
2170 5692 2254 5742 ut,
2292 5676 2377 5732 17.
2454 5675 2695 5747 “Deut.
2724 5692 2861 5743 xxtt,
2897 5676 2982 5733 10.
3076 5679 3118 5709 "
3159 5674 3333 5731 chit.
3375 5691 3486 5740 xu,
3518 5671 3605 5727 l9.
