4034 6132
2414 181 2440 190 ,ν

469 323 576 380 9.95
1689 317 1747 373 S.
1789 315 2119 375 οιιΕςοῐιιι
2148 316 2444 374 NYSSENI
3613 325 3718 382 296

469 436 628 499 ratis.
660 434 836 507 ipsum
869 433 934 490 ad
967 432 1299 505 punitionem
1332 430 1455 502 ejus
1503 436 1596 502 qui
1636 434 1869 503 injurius
1926 404 2037 490 fue-

2144 437 2205 491 τὸ
2237 438 2451 508 ἐκείνης
2480 435 2608 508 περὶ⁵
2657 435 2755 508 τὴν
2808 435 2990 507 δέησιν
3037 434 3286 503 ἀναιδὲς,
3322 436 3582 508 ἄρχοντος
3618 438 3717 491 ἀν-

471 535 556 581 rat
598 516 856 582 excitavit
889 544 903 581 :
941 541 1009 579 ne
1043 540 1174 579 vero
1213 533 1267 579 tu
1303 541 1521 596 quoque
1569 526 1622 579 in
1672 528 1880 579 orando
1930 526 2037 582 Deo

2144 527 2338 596 ηλεοῦς
2385 528 2563 581 ἔκλινε
2600 527 2844 598 γνώμην,
2893 527 3010 591 πῶς
3033 529 3180 597 ἡμᾶς
3205 527 3311 599 χρὴ
3337 527 3437 597 τῆς
3464 529 3590 600 περὶ
3627 528 3723 581 τὸν

471 617 711 673 animum
764 616 1124 687 despondeas.
1163 616 1297 671 Nam
1359 618 1405 673 si
1439 618 1588 670 illius
1615 617 1792 671 viduae
1824 618 2041 673 invere-

472 709 669 764 cundia
727 708 780 761 in
837 707 1112 777 precando
1156 709 1511 777 magistratus
1554 707 1781 760 immitis
1822 716 2041 761 senten-

470 801 599 853 tiam
632 798 800 862 ﬂexit,
835 797 927 867 qui
960 814 1060 853 nos
1086 799 1142 852 in
1180 798 1361 853 studio
1398 802 1581 853 cultus
1617 796 1708 853 Dei
1750 797 2057 889 desperare

469 890 780 945 convenit?
821 890 992 960 Cujus
1040 890 1470 945 misericordiam
1534 905 1677 959 δεῦρο
1753 898 2040 959 poscentes

470 989 813 1037 antevertere
841 983 1008 1036 nosti.
1052 1001 1071 1034 ι
1117 981 1499 1047 ᾸΞιιιιιιιιῐὴίιιί,
1539 1003 1556 1035 ι
1604 985 1779 1052 inquit
1806 983 2041 1051 Aposto-

405 1117 410 1123 .
469 1074 577 1134 ius.
625 1090 643 1122 ‹
684 1073 993 1142 spiritualia
1034 1074 1389 1128 charismata.
1437 1074 1498 1126 Et
1537 1074 1717 1129 adhuc
1743 1076 1825 1129 his
1853 1075 2041 1129 excel-

467 1165 751 1220 lentiorem
782 1167 927 1220 viam
959 1166 1117 1220 vobis
1149 1166 1381 1220 ostendo
1403 1166 1469 1219 ".
1528 1165 1587 1220 Si
1636 1167 1837 1236 linguis
1870 1167 2042 1221 homi-

467 1272 597 1311 num
639 1258 833 1326 loquar
871 1263 926 1311 et
961 1256 1298 1326 angelorum,
1343 1256 1666 1310 charitatem
1700 1264 1882 1309 autem
1926 1271 2039 1309 non

467 1348 719 1411 habeam,
748 1347 927 1402 factus
951 1362 1072 1401 sum
1115 1347 1265 1401 velut
1299 1360 1375 1400 res
1406 1361 1629 1408 sonans,
1677 1354 1773 1399 aut
1825 1347 2041 1416 cymba-

466 1439 579 1494 lum
611 1439 849 1493 tinniens
873 1440 939 1491 “.
973 1457 991 1490 ι
1019 1437 1172 1503 Quod
1208 1453 1335 1492 vero
1361 1437 1644 1491 charitatis
1686 1437 1895 1490 lucrum
1944 1438 2036 1503 sit,

469 1530 558 1584 hic
611 1530 889 1584 declarat:
922 1529 1216 1584 «Charitas
1257 1543 1367 1582 non
1413 1530 1720 1593 aemulatur,
1760 1544 1868 1583 non
1912 1544 2037 1598 per-

468 1634 651 1689 peram
687 1620 818 1690 agit,
866 1636 974 1673 non
1032 1618 1276 1683 inﬂatur,
1321 1635 1429 1673 non
1470 1629 1554 1675 est
1592 1621 1902 1683 ambitiosa,
1928 1637 2036 1675 non

466 1714 660 1776 quaarit
695 1722 816 1778 quae
875 1723 973 1761 sua
1004 1717 1151 1773 sunt,
1187 1723 1295 1761 non
1352 1708 1629 1773 irritatur,
1674 1725 1782 1763 non
1837 1710 2039 1780 cogitat

2147 619 2277 672 Θεὸν
2318 618 2625 688 ἀπογνῶναι
2663 621 2926 692 σπουδῆς;
2956 616 3030 675 Οὗ
3058 621 3118 674 τὸ
3151 620 3298 684 ἕλεος
3328 621 3546 690 φθάνειν
3570 616 3720 685 οἶδας

2146 709 2406 773 πολλάκις
2425 710 2550 773 τοὺς
2577 710 2881 775 αἰτοῦντας,
2913 730 2931 764 ι
2965 712 3217 784 Ζηλοῢτε,
3255 730 3272 764 ι
3303 712 3466 782 φησὶν
3489 712 3518 763 ὁ
3557 712 3718 764 Ἀπό-

2148 798 2360 863 στολος,
2398 817 2417 851 ‹
2458 799 2529 853 τά
2561 802 2906 871 πνευματικά
2954 804 3304 875 χαρίσματα,⁸
3344 803 3439 857 καὶ¹
3470 802 3552 856 ἔτι
3595 803 3719 856 καθ’

2147 886 2470 958 ὑπερϐολὴν,
2510 889 2628 941 ὁδὸν
2663 890 2791 959 ὑμῖν
2826 891 3094 962 δείκνυμι.
3141 891 3266 945 Ἐἀν
3298 893 3420 956 ταῖς
3445 890 3719 961 γλώσσαις

2144 977 2253 1029 τῶν
2292 978 2591 1051 ἀνθρώπων
2637 980 2783 1034 λαλῶ
2833 984 2928 1037 καὶ
2969 984 3076 1037 τῶν
3115 984 3382 1053 ἀγγέλων,
3415 984 3636 1054 ἀγάπην
3664 984 3721 1037 δὲ

2148 1066 2225 1137 μὴ
2247 1066 2374 1135 ἔχω,
2399 1069 2813 1140 γέγοναχαλκὸς
2835 1073 3053 1144 ὴχῶν,ῆ
3080 1074 3356 1143 κύμϐαλον
3383 1073 3667 1138 ἀλαλάζον.
3695 1095 3712 1127 ι

2147 1159 2211 1210 Τί
2248 1158 2304 1211 δὲ
2350 1159 2410 1213 τὸ
2448 1161 2635 1231 κέρδος
2675 1165 2774 1234 τῆς
2810 1164 3061 1236 ἀγάπης,
3103 1165 3351 1219 ἐντεῦθεν
3392 1166 3570 1236 δηλοῖ·
3610 1167 3720 1219 (Ὶί

2146 1249 2328 1319 ἀγάπη
2366 1251 2426 1302 οὐ
2456 1250 2708 1323 ζηλοῖ,ού
2738 1254 3158 1325 περπερεύεται,
3192 1256 3254 1309 οὐ
3289 1256 3592 1324 φυσιοῦται,
3618 1257 3720 1309 οὐκ

2146 1342 2461 1411 ἀσχημονεῖ,
2489 1344 2549 1396 οὐ
2590 1344 2741 1416 ζητεί
2767 1346 2836 1399 τά
2863 1347 3079 1418 ἑαυτῆς,
3123 1347 3184 1400 οὐ
3227 1346 3608 1419 παροξύνεται,
3655 1349 3716 1400 ού

2145 1430 2417 1498 λογίζεται
2452 1435 2511 1487 τὸ
2539 1436 2706 1489 κακὸν
2732 1475 2748 1501 ,
2780 1438 2840 1490 ού
2871 1438 3051 1509 χαίρει
3083 1441 3149 1510 τῇ
3181 1439 3364 1508 ἀδικίᾳ
3386 1456 3400 1470 ·
3435 1440 3720 1510 συγχαίρει

2145 1524 2209 1592 τῇ
2249 1522 2473 1595 ἀληθείᾳ
2495 1562 2511 1588 ,
2542 1525 2719 1578 πάντα
2754 1526 2966 1594 στέγει,
2998 1527 3174 1581 πάντα
3217 1529 3492 1589 πιστεύει,
3535 1530 3716 1582 πάντα
3803 1533 3820 1549 ⁸

2145 1613 2387 1678 ἐλπίζει,
2436 1617 2613 1670 πάντα
2653 1618 2933 1688 ὑπομένει·
2978 1622 3010 1691 ἡ
3047 1620 3234 1692 ἀγάπη
3271 1619 3526 1673 οὐδέποτε
3567 1621 3720 1673 ἐκπί-

2149 1722 2288 1758 πτει.
2319 1725 2337 1757 ι
2381 1706 2446 1759 Τί
2477 1706 2635 1762 τοῦτό
2669 1710 2852 1774 ἐστιν;
2895 1709 2957 1762 El.
2988 1710 3081 1763 καὶ
3110 1710 3219 1763 τῶν
3247 1711 3420 1763 ἄλλων
3447 1728 3532 1774 τις
3563 1710 3718 1781 τύχοι

467 1799 692 1861 malum,
756 1814 863 1851 non
917 1798 1114 1869 gaudet
1155 1813 1323 1871 super
1364 1800 1674 1869 iniquitate,
1729 1800 2035 1870 congaudet

2140 1798 2509 1868 χαρισμάτων,
2552 1795 2628 1854 ῶν
2652 1799 2712 1853 τὸ
2740 1801 2963 1870 Πνεῦμα
2998 1802 3226 1873 παρέχει
3267 1801 3535 1870 (γλώσσας
3571 1802 3719 1871 λέγω

468 1889 701 1953 veritati,
735 1888 917 1941 omnia
939 1887 1155 1953 suifert,
1180 1889 1364 1943 omnia
1396 1888 1591 1952 credit,
1625 1892 1807 1944 omnia
1830 1900 2033 1960 sperat,

465 1980 649 2032 omnia
676 1980 930 2033 sustinet.
958 1977 1213 2034 Charitas
1230 1994 1509 2049 nunquam
1537 1981 1740 2036 excidit
1761 1982 1827 2034 ⁸⁷.
1855 1999 1873 2033 ι
1896 1982 2036 2048 Quid

466 2070 568 2123 hoc
596 2071 672 2124 rei
700 2070 827 2126 est?
868 2068 1107 2125 Tametsi
1136 2071 1239 2124 alia
1266 2071 1391 2139 quis
1428 2071 1670 2124 obtineat
1709 2071 1874 2138 dona,
1916 2089 2039 2144 quae

466 2161 710 2229 Spiritus
733 2163 961 2232 praebet,
996 2162 1210 2230 linguas
1239 2161 1362 2214 dico
1403 2161 1672 2230 gentium,
1712 2172 1767 2217 et
1808 2166 2038 2235 prophe-

464 2253 615 2319 tiam,
642 2263 693 2306 et
718 2253 1002 2307 scientiam
1033 2260 1088 2306 et
1121 2253 1469 2306 sanationum
1505 2266 1754 2317 munera,
1796 2257 2035 2310 nondum

466 2358 596 2397 vero
660 2358 795 2412 pure
856 2342 1118 2397 liberatus
1178 2341 1362 2407 fuerit,
1413 2340 1653 2412 Spiritus
1690 2345 1919 2410 auxilio,
1967 2347 2039 2401 ab

465 2434 1011 2503 alfectionibus,qna3
1038 2433 1184 2487 intus
1227 2435 1571 2503 perturbant,
1622 2451 1803 2506 neque
1841 2438 2038 2494 salutis

465 2528 763 2598 perfectum
798 2528 853 2583 in
881 2527 1064 2581 animo
1111 2527 1572 2581 medicamentum
1608 2529 1923 2597 acceperit;
1982 2531 2037 2584 in

464 2625 660 2676 timore
687 2635 850 2675 casus
879 2619 1058 2673 adhuc
1089 2618 1363 2680 consistit,
1405 2617 1533 2689 quia
1579 2618 1901 2674 charitatem
1927 2635 2037 2675 non

465 2711 651 2774 habet,
696 2724 819 2780 qua:
844 2709 1055 2762 stabilit
1076 2716 1132 2762 et
1180 2707 1469 2762 confirmat
1502 2708 1557 2763 in
1604 2708 1822 2766 virtutis
1862 2719 2031 2766 statu.

465 2799 692 2865 Quando
719 2799 884 2871 ἱείιυιι·
905 2800 970 2852 ad
991 2807 1043 2853 te
1060 2799 1268 2854 venerit
1291 2799 1623 2869 precationis
1649 2799 1793 2854 illius
1815 2802 2039 2871 opulen-

465 2891 562 2956 tia,
598 2897 731 2944 tunc
772 2904 935 2944 sensu
972 2903 1178 2959 pauper
1197 2897 1336 2951 esto,
1359 2890 1691 2945 submittens
1720 2900 1771 2946 te
1800 2908 2037 2963 semper,

465 2989 516 3036 et
561 2980 843 3035 charitatis
886 2986 1269 3034 ornamentum
1319 2987 1576 3050 tanquam
1623 2979 2037 3036 fundamentum

465 3070 682 3143 aliquod
723 3070 967 3126 thesauri
1010 3070 1199 3138 gratiae
1237 3070 1421 3124 animo
1461 3085 1810 3140 comparans,
1848 3080 1903 3126 et
1941 3072 2037 3126 ad~

465 3177 653 3218 versus
689 3176 903 3216 omnem
945 3159 1196 3214 affectum
1230 3160 1469 3222 certans,
1510 3160 1793 3233 quOuSque
1820 3162 1884 3216 ad
1922 3164 2035 3232 pie-

465 3251 593 3307 tatis
641 3257 839 3304 metam
885 3258 1104 3304 ventnm
1141 3250 1264 3305 erit.
1311 3248 1525 3304 Rursus
1575 3250 1752 3320 inquit
1806 3253 2039 3322 Aposto-

463 3353 600 3397 lus:
646 3359 665 3392 ι
702 3340 759 3394 Si
809 3356 930 3409 qua:
977 3339 1033 3394 in
1086 3339 1307 3396 Christo
1354 3354 1490 3393 nova
1538 3349 1814 3403 creatura,
1855 3350 2037 3395 vetera

464 3431 796 3490 transierunt
817 3433 885 3489 ’⁸.
929 3450 950 3485 υ
1018 3431 1280 3487 Cmterum
1338 3446 1533 3486 novam
1579 3438 1885 3485 creaturam
1939 3447 2038 3502 ap-

462 3524 680 3596 pellavit
736 3522 971 3593 Spiritus
1028 3522 1203 3578 sancti
1255 3522 1739 3587 inhabitationem,
1788 3522 1842 3577 in
1901 3538 2039 3591 puro

462 3626 513 3672 et
547 3615 823 3685 ineulpato
861 3614 1024 3669 corde
1052 3614 1312 3684 omnique
1343 3614 1550 3667 malitia
1579 3620 1743 3683 atque
1779 3613 2040 3684 improbi-

462 3716 572 3763 tate
607 3722 671 3762 ac
703 3707 971 3762 dedecore
1000 3706 1194 3763 libero.
1233 3704 1369 3759 Nam
1405 3705 1629 3776 quando
1658 3707 1875 3761 animus
1907 3720 2035 3776 pec-

463 3806 644 3852 catum
686 3798 813 3852 odio
855 3806 1181 3866 prosecutus
1235 3795 1422 3857 fuerit,
1449 3812 1513 3850 ac
1571 3812 1631 3850 se
1669 3812 1768 3866 pro
1821 3797 2035 3852 viribus

465 3888 682 3943 virtutis
721 3886 1183 3941 administrationi
1218 3885 1525 3951 tradiderit,
1572 3896 1732 3956 atque
1770 3901 1895 3940 cum
1929 3889 2036 3942 vita

460 3985 828 4033 commutatus
893 3977 1133 4046 Spiritus
1188 3977 1241 4030 in
1311 3978 1370 4031 se'
1428 3976 1681 4048 gratiam.
1714 3979 2028 4048 acceperit,

466 4084 645 4126 novus
677 4068 903 4124 eilcctus
933 4075 1018 4123 est
1056 4075 1226 4132 totus,
1251 4075 1306 4123 et
1332 4077 1616 4139 reparatus
1641 4076 1804 4139 atque
1824 4070 2035 4126 instau-

466 4171 636 4216 ratus.
674 4155 985 4223 Quinetiam
1014 4157 1182 4224 istud,
1211 4175 1231 4207 ‹
1265 4155 1577 4226 Expurgate
1598 4165 1755 4213 vetus
1797 4158 2036 4214 fermen-

466 4259 616 4314 tum,
664 4256 724 4303 ut
766 4249 887 4303 sitis
931 4261 1072 4302 nova
1106 4249 1423 4315 conspersio
1458 4248 1526 4315 ",
1570 4267 1588 4297 ο
1642 4256 1696 4302 et
1741 4251 1844 4303 hoc
1898 4265 2034 4320 quo-

466 4356 589 4412 que,
630 4358 649 4392 ι
688 4339 1010 4410 Epulemur,
1043 4354 1153 4393 non
1206 4339 1263 4392 in
1294 4340 1564 4393 fermento
1598 4341 1788 4405 veteri,
1830 4342 1923 4395 sed
1979 4341 2031 4395 in

2139 1885 2330 1953 γενῶν,
2361 1889 2454 1940 καὶ
2487 1891 2840 1961 προφητείαν,
2882 1890 2976 1951 καὶ
3007 1890 3227 1959 γνῶσιν,
3276 1892 3371 1946 καὶ
3399 1892 3716 1962 χαρίσματα

2141 1980 2425 2050 ἰαμάτων),
2462 1981 2685 2051 μηδέπω
2710 1982 2766 2034 δὲ
2794 1982 3041 2054 λυτρωθῇ
3074 1983 3331 2054 καθαρῶς
3356 1984 3464 2037 ἀπὸ
3493 1985 3600 2037 τῶν
3630 1983 3717 2037 ἐν·

2136 2069 2224 2122 δον
2251 2070 2605 2140 ἐνοχλούντων
2647 2073 2832 2126 παθῶν
2877 2077 2944 2145 τῇ
2994 2073 3087 2128 τοῦ
3128 2075 3441 2145 Πνεύματος
3470 2074 3714 2146 βοηθείᾳ,

2141 2159 2275 2229 μηδὲ
2320 2161 2381 2214 τὸ
2421 2160 2626 2216 τέλειον
2652 2165 2758 2234 τῆς
2805 2163 3079 2236 σωτηρίας
3123 2165 3182 2218 ἐν
3215 2166 3280 2236 τῇ
3318 2165 3461 2235 ψυχῇ
3491 2165 3714 2234 δέξηται

2139 2248 2453 2319 φάρμακον·
2485 2252 2544 2304 ἐν
2584 2252 2733 2324 φόϐῳ
2776 2253 3112 2323 καθέστηκεν
3154 2253 3234 2306 ἔτι
3262 2256 3361 2325 τῆς
3408 2255 3667 2328 πτώσεως
3694 2295 3712 2321 ,

2136 2340 2235 2410 τὴν
2266 2341 2627 2412 στηρίζουσαν
2679 2345 2773 2397 καὶ
2818 2343 3141 2415 βεϐαιοῦσαν
3188 2346 3246 2398 ἐν
3277 2348 3344 2416 τῇ
3376 2344 3475 2417 τῆς
3511 2348 3715 2419 ἀρετῆς

2140 2433 2323 2485 στάσει
2372 2433 2447 2504 μὴ
2502 2433 2638 2505 ἔχων
2679 2435 2919 2507 ἀγάπην.
2942 2436 3114 2490 Ὅταν
3151 2433 3245 2490 οὖν
3297 2437 3422 2508 ἔλθῃ
3480 2438 3616 2510 πρὸς
3653 2441 3718 2493 al:

2137 2519 2235 2590 τῆς
2262 2520 2496 2591 δεήσεως
2523 2524 2737 2594 ἐκείνης
2771 2525 2800 2577 ὁ
2834 2524 3095 2591 πλοῦτος,
3128 2527 3249 2579 τότε
3275 2526 3425 2595 γίνου
3455 2527 3533 2599 τῷ
3574 2545 3714 2599 φροι-

2138 2611 2341 2680 νήματι
2376 2612 2562 2682 πένης,
2593 2613 2914 2667 ὑποπίπτων
2965 2614 3052 2667 ἀεὶ
3077 2654 3092 2678 ,
3139 2616 3321 2669 καὶτὸ
3368 2617 3465 2689 τῆς
3492 2619 3717 2687 ἀγάπης

2138 2702 2320 2768 καλὸν,
2351 2701 2539 2774 ὥσπερ
2571 2703 2691 2757 τινὰ
2725 2705 2966 2776 κρηπῖδα
2999 2704 3092 2758 τοῦ
3129 2706 3228 2775 τῆς
3263 2706 3480 2778 χάριτος
3512 2707 3717 2778 θησαυ-

2143 2793 2256 2862 ροῦ,
2302 2795 2612 2864 προσδοκῶν
2637 2798 2703 2867 τῇ
2736 2797 2908 2867 ψυχῇ,
2943 2797 3036 2850 καὶ
3074 2796 3210 2868 πρὸς
3237 2799 3343 2851 πᾶν
3373 2798 3714 2868 ἀγωνιζόμεσ-

2138 2902 2228 2949 νος
2272 2886 2472 2951 πάθος,
2511 2887 2671 2959 μέχρι
2711 2887 2805 2940 τοῦ
2838 2888 3116 2956 ἐφικέσθαι
3154 2891 3248 2942 τοῦ
3293 2890 3390 2961 τῆς
3430 2890 3717 2953 εὐσεϐείας

2142 2976 2363 3029 σκοποῦ.
2387 2977 2556 3030 Πάλιν
2579 2978 2742 3047 φησὶν
2757 2977 2786 3028 ὁ
2816 2977 3133 3042 ’Δπόστολος
3149 2996 3163 3009 ·
3192 2998 3210 3031 ι
3232 2979 3395 3042 Είτις
3417 2981 3475 3032 ἐν
3494 2976 3719 3050 Χριστῷ

2140 3067 2300 3137 καινὴ
2331 3066 2521 3133 κτίσις,
2545 3069 2614 3121 τὰ
2639 3068 2840 3139 ἀρχαῖα
2861 3069 3125 3138 παρῆλθε.
3157 3089 3176 3120 ι
3213 3068 3420 3138 Καινὴν
3452 3069 3508 3122 δέ
3533 3069 3717 3122 κτίσιν

2141 3156 2365 3210 ἐκάλεσε
2387 3157 2483 3229 τὴν
2500 3160 2558 3211 ἐν
2583 3157 2800 3230 καθαρᾷ
2820 3160 2913 3213 καὶ
2934 3158 3149 3230 ἀμώμῳ
3175 3159 3390 3231 καρδία,
3418 3159 3512 3212 καὶ
3535 3160 3718 3230 πάσης

2138 3250 2532 3321 ἀπηλλαγμένῃ
2582 3250 2781 3314 κακίας
2828 3251 2923 3306 καὶ
2963 3250 3227 3323 πονηρίας
3272 3250 3367 3303 καὶ
3409 3250 3673 3322 αἰσχύνης
3698 3291 3715 3314 ,

2138 3341 2410 3411 ἐνοίκησιν
2438 3340 2531 3393 τοῦ
2566 3341 2723 3410 ἀγίου
2779 3342 3117 3413 Πνεύματος.
3170 3337 3336 3396 Ὅταν
3366 3341 3475 3413 γὰρ
3506 3343 3715 3413 μισήσῃ

2143 3432 2240 3504 μὲν
2278 3434 2311 3503 ἡ
2340 3431 2486 3517 ψυχῇ
2513 3432 2574 3485 τὸ
2603 3432 2937 3504 ἁμαρτάνειν
2962 3473 2976 3499 ,
3006 3433 3263 3507 οίκειώσῃ
3290 3434 3346 3488 δέ
3375 3434 3542 3503 αὐτὴν
3570 3437 3719 3487 κατὰ

2138 3525 2365 3595 δύναμιν
2402 3528 2467 3595 τῇ
2497 3526 2595 3595 τῆς
2624 3526 2829 3597 ἀρετῆς
2862 3526 3126 3597 πολιτεία,
3156 3526 3250 3581 καὶ
3281 3524 3502 3597 δέξηται
3543 3542 3719 3596 μετα-

2139 3614 2422 3684 ποιηθεῖσα
2458 3613 2536 3683 τῷ
2567 3614 2667 3685 βίῳ
2694 3615 2791 3685 τὴν
2817 3613 2911 3667 τοῦ
2944 3615 3258 3686 Πνεύματος
3293 3617 3372 3678 είς
3395 3615 3594 3685 ἑαυτὴν
3616 3615 3717 3687 χά-

2140 3723 2245 3777 ριν,
2277 3705 2435 3776 καινὴ
2464 3705 2678 3774 γέγονεν
2701 3704 2818 3775 ὅλη,
2844 3705 2939 3758 καὶ
2959 3705 3274 3777 ἀνεκτίσθη.
3313 3705 3475 3760 Ἀλλά
3506 3707 3603 3760 καὶ
3629 3706 3715 3770 τὸ,

2144 3815 2165 3848 ι
2235 3794 2609 3866 Ἐκκαθάρατε
2652 3794 2752 3866 τὴν
2793 3794 3032 3849 παλαιὰν
3087 3795 3285 3868 ζύμην,
3331 3796 3417 3849 ἴνα
3447 3792 3546 3867 ἦτε
3589 3796 3716 3850 νέον

2137 3886 2364 3957 φύραμα
2384 3903 2400 3919 ο
2441 3904 2460 3938 ι
2490 3885 2585 3939 καὶ⁵
2623 3885 2705 3948 τὸ,
2732 3904 2751 3937 ι
2805 3885 3203 3958 Ἐορτάζωμεν,
3240 3885 3313 3959 μὴ
3340 3888 3398 3942 ἐν
3428 3887 3578 3960 ζύμῃ
3607 3903 3719 3940 πα-

2136 3978 2288 4049 λαιᾷ,
2322 3978 2435 4032 ἀλλ’
2467 3979 2525 4030 ἐν
2551 3978 2782 4048 ἀζύμοις
2830 3979 3177 4050 εἰλικρινείας
3223 3980 3317 4034 καὶ
3356 3978 3637 4049 ἀληθείας,
3689 3998 3712 4032 ι

2134 4072 2245 4132 τοῖς
2279 4070 2405 4140 περὶ
2436 4069 2533 4139 τῆς
2568 4070 2757 4140 καινῆς
2790 4068 3021 4132 κτίσεως
3067 4069 3378 4142 εἰρημένοις
3408 4072 3713 4140 συμφωνεῖ.

2136 4161 2370 4226 Πολλοὺς
2403 4163 2499 4232 μὲν
2532 4162 2639 4234 γὰρ
2684 4162 2895 4235 ἵστησιν
2938 4163 2967 4215 ὁ
3001 4161 3262 4233 πειρατὴς
3294 4164 3359 4233 τῇ
3393 4162 3535 4235 ψυχῇ
3586 4163 3717 4233 βρό-

2135 4270 2296 4322 χους·
2351 4252 2587 4308 ἐλάττων
2620 4254 2675 4308 δὲ
2714 4254 2836 4307 καθ’
2882 4254 3080 4324 ἑαυτὴν
3121 4256 3154 4323 ἡ
3187 4254 3499 4326 ἀνθρωπίνη
3550 4256 3718 4324 φύσις

2135 4345 2233 4415 τῆς
2282 4346 2400 4398 κατ’
2459 4346 2668 4400 ἐκείνου
2712 4345 2890 4417 νίκης.
2946 4345 3036 4398 Διὸ
3083 4344 3176 4398 καὶ
3222 4345 3459 4410 ὁπλίζειν
3500 4347 3646 4416 ἡμᾶς
3686 4347 3719 4400 ὁ

465 4433 666 4505 azymis
702 4432 1037 4488 sinceritatis
1070 4439 1125 4487 et
1151 4430 1397 4486 veritatis
1417 4431 1485 4498 ”,
1530 4451 1548 4483 ι
1588 4433 1736 4495 haec,
1773 4433 2029 4503 inquam,

2149 4436 2468 4500 ’Λπόστολος
2513 4435 2722 4490 κελεύει
2751 4436 2821 4489 τὰ
2870 4437 3009 4507 μέλη
3040 4438 3154 4498 τοῖς
3186 4436 3453 4508 οὐρανίοις
3487 4437 3675 4501 ὅπλοις
3700 4479 3716 4503 ,

465 4542 584 4582 cum
615 4526 705 4590 iis,
731 4540 853 4596 qua:
883 4525 952 4581 de
979 4540 1120 4579 nova
1154 4531 1408 4580 creatura
1452 4524 1598 4580 dicta
1633 4534 1785 4593 sunt,
1840 4542 2037 4583 conso-

464 4624 613 4672 nant.
663 4616 952 4672 Enimvero
1016 4617 1219 4671 multos
1283 4623 1524 4671 tentator
1585 4618 1781 4674 animze
1838 4628 2039 4677 nostra:

464 4718 687 4781 laqueos
719 4708 928 4764 tendit:
962 4708 1231 4763 inﬁrmior
1267 4719 1446 4764 autem
1474 4717 1556 4765 est
1586 4725 1684 4780 per
1719 4727 1778 4766 se
1803 4713 2039 4768 humana

464 4809 658 4856 natura
695 4815 859 4872 quam
902 4809 964 4855 ut
1001 4800 1289 4854 victoriam
1334 4816 1401 4856 ex
1446 4802 1541 4857 illo
1589 4815 1871 4873 reportare
1907 4820 2037 4876 pos-

467 4893 555 4949 sit.
620 4892 834 4946 Idcirco
896 4890 1062 4947 etiam
1102 4890 1401 4961 Apostolus
1462 4908 1678 4948 armare
1726 4910 1828 4948 nos
1879 4896 2034 4964 jubet

465 4984 705 5040 membra
763 4983 930 5038 armis
986 4982 1351 5038 ccelestibus:
1401 5000 1421 5034 ι
1475 4981 1710 5049 lnduite,
1756 5004 1775 5038 ι
1834 4986 2032 5060 inquit,

468 5097 488 5130 ι
534 5079 759 5132 loricam
796 5076 1042 5149 justiti-.e,
1074 5083 1128 5130 et
1161 5075 1403 5130 calceate
1442 5076 1611 5146 pedes
1648 5078 1705 5132 in
1760 5095 2066 5150 przepara-.

465 5173 611 5226 tione
655 5168 931 5239 Evangelii
988 5168 1186 5238 pacis;
1238 5174 1292 5222 et
1340 5174 1482 5222 state
1518 5170 1785 5225 succincti
1822 5171 2038 5228 lumbos

467 5268 677 5315 vestros
713 5260 766 5313 in
790 5259 1033 5314 veritate.
1070 5256 1128 5311 ιιι
1169 5257 1426 5314 omnibus
1487 5269 1769 5318 sumentes
1817 5275 2037 5319 scutum

467 5351 610 5417 ﬁdei,
648 5352 705 5404 in
744 5365 852 5421 quo
875 5349 1102 5420 possitis
1129 5349 1318 5404 omnia
1351 5350 1458 5405 tela
1489 5353 1815 5422 nequissimi
1875 5355 2035 5426 ignea

464 5442 812 5512 exstinguere
836 5442 902 5496 “.
945 5459 965 5494 ›
997 5439 1160 5512 (Haac
1190 5457 1319 5498 vero
1347 5449 1477 5498 sunt
1505 5444 1832 5515 impotentes
1868 5449 2034 5503 animi

465 5534 688 5604 motus.)
727 5533 928 5590 Deinde
959 5533 1167 5604 galeam
1214 5535 1407 5589 salutis
1445 5549 1726 5591 assumere
1762 5538 2031 5605 hortatur,

532 5648 578 5680 ιι
616 5646 631 5699 ι
671 5645 798 5699 Cor,
842 5658 955 5715 an,
982 5642 1082 5715 σι.
1188 5641 1429 5715 ηιροτ.
1469 5659 1565 5711 ιιι,
1596 5645 1703 5714 Si;
1744 5660 1863 5715 xm,
1896 5648 1944 5704 l.

465 5720 509 5754 ”
536 5718 670 5774 ibid.
702 5716 756 5771 8.
835 5714 877 5744 ³¹
903 5713 1097 5778 Εῃὶιοε.
1132 5726 1206 5778 τι,
1246 5712 1310 5768 15
1339 5729 1460 5780 sqq.

2048 5653 2093 5684 "
2130 5652 2149 5707 l
2183 5651 2310 5709 Cor.
2345 5667 2467 5717 xm,
2504 5650 2623 5705 4-8.

2133 4525 2223 4578 τὸν
2272 4525 2494 4596 θώρακα
2537 4527 2637 4596 τῆς
2657 4525 3049 4597 ⁸δικαιοσύνης.
3079 4525 3250 4595 λέγων
3273 4543 3288 4558 ·
3324 4546 3342 4578 ι
3367 4525 3717 4591 Ἐνδύσασθε,

2132 4616 2225 4669 καὶ
2256 4614 2594 4669 ὑποδύσασθε
2624 4617 2681 4668 ἐν
2712 4616 3000 4688 ἑτοιμασίᾳ
3032 4618 3131 4689 τῆς
3158 4620 3400 4689 εἰρήνης,
3427 4618 3520 4672 καὶ
3552 4635 3720 4689 περι-

2134 4705 2380 4771 ζώσασθε
2405 4705 2502 4777 τὴν
2526 4707 2697 4776 ὀσφὺν
2728 4708 2785 4761 ἐν
2811 4707 3061 4781 ἀληθείᾳ.
3103 4710 3224 4763 Ἐπὶ
3253 4711 3388 4764 πᾶσι
3417 4709 3474 4763 δέ
3501 4711 3592 4764 τὸν
3621 4710 3722 4763 θυ-

2139 4799 2257 4869 ρεὸν
2287 4798 2385 4869 τῆς
2415 4799 2648 4875 πίστεως
2680 4799 3066 4867 ἀναλαϐόντες,
3114 4800 3407 4873 δυνήσεσθε
3432 4802 3610 4855 πάντα
3645 4802 3722 4855 τὰ

2139 4891 2268 4962 βέλη
2296 4890 2389 4944 τοῦ
2426 4884 2670 4963 Πόνηροῦ
2706 4891 2775 4944 τά
2818 4893 3187 4964 πεπυρωμένα
3225 4892 3445 4946 σϐέσαι⁸
3488 4910 3508 4943 ι
3541 4891 3720 4945 ταῦτα

2137 4983 2194 5037 δέ
2220 4986 2333 5037 ἐστι
2367 4982 2435 5036 τὰ
2467 4983 2740 5036 ἀκόλαστα
2778 4982 2948 5054 πάθη.
2993 4985 3103 5038 Καὶ
3149 4985 3249 5055 τὴν
3286 4983 3723 5054 περικεφαλαίαν

2138 5075 2389 5141 δέξασθαι
2417 5074 2511 5129 τοῦ
2541 5076 2810 5148 σωτηρίου
2835 5078 3144 5148 παρεγγυᾷ,
3172 5077 3265 5130 καὶ
3292 5077 3387 5148 τὴν
3416 5077 3578 5144 ἀγίαν
3614 5077 3723 5146 μά-

2139 5185 2335 5240 χαιραν
2353 5166 2445 5221 τοῦ
2471 5167 2609 5220 Πνεύ
2618 5184 2805 5238 ματος.
2830 5167 3043 5238 Ταύτην
3063 5167 3119 5221 δὲ
3140 5166 3288 5237 λέγει
3308 5167 3399 5221 τὸν
3415 5168 3473 5219 ἐν
3487 5166 3722 5237 δυνάμει

2140 5258 2276 5314 Θεοῦ
2304 5260 2498 5330 Λόγον,
2536 5253 2581 5327 ᾧ
2610 5259 2715 5332 χρὴ
2741 5261 2838 5329 τὴν
2870 5258 3048 5324 δεξιὰν
3077 5259 3176 5329 τῆς
3212 5259 3390 5331 ψυχῆς
3417 5258 3719 5317 ὁπλίσαντα

2142 5352 2239 5417 τάς
2259 5351 2349 5406 τοῦ
2380 5350 2603 5422 Ἐχθροῦ
2636 5349 2885 5433 μηχανὰς
2900 5349 3319 5421 ἀποκρούεσθαι.
3337 5350 3496 5420 Ὁρᾷς
3518 5348 3719 5412 πόσους

2143 5446 2386 5511 ὑπέδειξὲ
2412 5463 2494 5499 σοι
2522 5444 2621 5515 τῆς
2656 5444 2928 5517 σωτηρίας
2947 5445 3182 5516 τρόπους
3207 5447 3235 5499 ὁ
3268 5442 3609 5505 ’Δπόστολος,
3638 5444 3719 5505 είς

2145 5541 2272 5611 μίαν
2301 5538 2573 5601 τείνοντας
2595 5537 2731 5605 ὁδὸν,
2758 5537 2853 5591 καὶ
2876 5537 3076 5591 σκοπὸν
3110 5536 3241 5603 an;
3272 5538 3328 5589 ἐν
3359 5533 3439 5599 οἷς
3463 5535 3556 5588 καὶ
3578 5535 3705 5604 πλη-

2716 5650 2764 5683 ¹⁸
2798 5648 2841 5704 ιι
2867 5648 2995 5706 Cor.
3034 5667 3086 5716 ν,
3119 5650 3205 5704 l7.
3298 5651 3344 5682 "
3370 5651 3385 5705 Ι
3414 5649 3541 5705 Cor.
3573 5665 3627 5715 ν,
3661 5648 3715 5700 7.
