4034 6132
302 289 412 346 297
1444 284 1532 340 DE
1586 281 1882 338 INSTITU'

2002 282 2441 341 CllRlSTlANO.
3464 288 3569 345 298

309 407 500 479 ροῦται
524 405 722 477 ῥᾳδίως
750 405 780 456 ὁ
809 404 944 474 πρὸς
973 406 1033 457 τὸ
1054 406 1219 475 ἀκρον
1245 404 1351 457 τῶν
1391 404 1616 458 ἐντολῶν
1645 402 1738 454 τοῦ
1770 401 1882 471 βίου

1990 415 2050 454 ac
2085 411 2334 455 sanctum
2389 400 2627 470 Spiritus
2662 401 2918 470 gladium.
2973 401 3129 456 llunc
3173 410 3350 456 autem
3414 401 3567 466 dicit,

303 500 523 570 δρόμος.
2002 489 2240 544 Verbum
2273 491 2327 545 in
2359 492 2560 546 virtute
2597 491 2710 551 Dei,
2748 507 2857 560 quo
2882 492 3038 547 decet
3070 493 3264 546 anima:
3317 493 3564 548 dextram

305 595 572 642 armatam
607 587 789 642 hostis
849 587 1087 641 fabricas
1147 586 1442 640 discutere.
1515 583 1754 638 Videsne
1785 587 1918 650 quot
1955 581 2151 634 salutis
2180 581 2374 636 modos
2429 584 2724 651 Apostolus
2756 585 2853 637 tibi
2902 585 3289 649 subindicarit,
3324 586 3420 654 qui
3495 585 3562 638 ad

306 692 471 732 unam
498 678 668 743 viam,
701 677 1057 746 eamdemque
1081 684 1276 731 metam
1301 675 1651 740 tendunt;in
1681 672 1884 744 quibus
1923 669 2083 725 facile
2118 671 2239 724 vita:
2279 673 2636 739 curriculum,
2698 674 2842 742 quod
2902 675 2968 728 ad
3021 675 3404 729 mandatorum
3469 672 3564 728 Dei

303 772 520 841 apicem
550 776 782 838 spectat,
819 769 1086 836 expletur.
1528 771 1538 779 '
1625 784 1627 787 ·

388 861 446 913 '0
496 861 598 930 μὲν
650 855 744 913 οὖν
789 860 988 922 σκοπὸς
1034 858 1132 927 τῆς
1178 855 1457 919 εὐσεϐείας
1500 855 1756 916 τοιοῦτος.
1797 855 1882 904 Δεῖ

2067 853 2252 924 Itaque
2282 853 2552 922 ejusmodi
2606 862 2692 910 est
2736 855 2952 925 pietatis
2985 871 3202 924 scepus.
3253 855 3359 910 Eos
3404 873 3565 927 porro

303 951 362 1004 δὲ
420 953 547 1014 τοὺς
614 950 924 1020 φιλοσοφεῖν
975 948 1280 1016 ἐγνωκότας
1308 987 1323 1011 ,
1382 945 1623 1018 ἀκριϐῶς
1690 944 1885 997 εἰδέναι

302 1039 467 1094 αὐτὸν
489 1080 505 1103 ,
572 1041 722 1101 ὅπως
776 1039 970 1108 ρίψωσι
1031 1039 1126 1108 μὲν
1171 1038 1383 1108 ξπάντες
1433 1035 1531 1106 τὴν
1577 1034 1882 1096 αὐθάδειαν,

301 1132 401 1185 καὶ
437 1131 498 1183 τὸ
536 1130 680 1200 μέγα
713 1131 930 1198 φρονεῖν
960 1129 1051 1181 ἐπὶ
1086 1131 1199 1191 τοῖς
1231 1125 1618 1197 κατορθώμασι
1640 1141 1653 1155 °
1692 1125 1791 1192 τήν
1823 1140 1882 1174 τε

303 1223 514 1278 ἑαυτῶν
541 1221 717 1290 ψυχὴν
754 1220 893 1290 μετὰ
920 1220 1014 1272 τοῦ
1049 1219 1164 1289 βίου
1196 1219 1594 1289 ἀρνησάμενοι,
1625 1215 1761 1286 πρὸς
1788 1215 1882 1266 ἕνα

305 1313 546 1384 βλέπωσι
576 1310 803 1363 πλοῦτον
826 1328 840 1341 ο
873 1309 933 1362 ὃν
969 1310 1065 1378 τῆς
1096 1309 1175 1370 εἰς
1203 1307 1438 1378 Χριστὸν
1466 1307 1686 1374 ἀγάπης
1721 1301 1880 1357 ἆθλον

301 1406 416 1464 τοῖς
440 1401 726 1469 ἀγαπῶσιν
762 1399 1014 1452 ἔδωκεν-ὁ
1053 1398 1213 1461 Θεὸς,
1244 1396 1426 1458 καθώς
1463 1412 1627 1466 φησιν
1657 1397 1685 1447 ὁ
1724 1393 1883 1454 αὐτὸς

316 1493 656 1554 ’Δπόστολοςο
701 1510 718 1542 ι
760 1493 839 1543 Δι’
868 1490 1144 1560 ὑπομονῆς
1167 1487 1450 1560 τρέχωμεν
1474 1487 1563 1540 τὸν
1587 1484 1779 1556 προκεί
1787 1500 1881 1552 με-

301 1603 393 1640 νον
421 1588 552 1656 ἡμῖν
575 1584 783 1651 ἀγῶνα,
815 1582 1126 1653 ἀφορῶντες
1153 1582 1232 1644 είς
1263 1581 1352 1632 τὸν
1384 1580 1482 1648 τῆς
1517 1578 1752 1638 πίστεως
1784 1577 1882 1643 ἀρ-

300 1675 468 1744 χηγὸν
519 1673 613 1726 καὶ
664 1672 952 1742 τελειωτὴν
997 1671 1222 1741 Ἰησοῦν.
1286 1689 1306 1721 ι
1347 1668 1435 1738 Μὴ
1477 1663 1569 1720 οὖν
1623 1668 1733 1728 τοῖς
1786 1663 1879 1716 τοῦ

301 1765 619 1835 Πνεύματος
640 1764 955 1834 δωρήμασιν
975 1760 1348 1832 ἐπαιρώμεθα,
1376 1759 1470 1813 καὶ
1491 1757 1570 1828 τῷ
1600 1755 1880 1826 κατορθῶ-

301 1855 392 1909 σαί
424 1873 478 1907 τι
507 1853 572 1906 δι’
613 1853 832 1924 ἀρετὴν,
863 1851 1117 1922 ἀφορμὴν
1157 1851 1410 1920 λάϐωμεν
1453 1851 1534 1910 είς
1574 1848 1633 1900 τὸ
1663 1849 1878 1918 φρονεῖν

303 1947 396 1998 καὶ
441 1943 829 2014 σεμνύνεσθαι,
861 1944 990 2011 πρὶν
1031 1942 1203 1994 ἐλθεῖν
1233 1943 1310 2003 είς
1349 1940 1501 2002 τέλος
1527 1938 1634 1991 τῶν
1664 1936 1878 1999 ἐλπιζο-

1991 943 2084 1012 qui
2143 958 2285 998 verae
2335 945 2613 1014 sapientia:
2680 946 2860 1001 studio
2927 946 3242 1001 incumbere
3308 948 3566 1004 decreve-

1991 1044 2136 1097 runt,
2171 1036 2340 1105 probe
2372 1037 2512 1091 hanc
2543 1046 2744 1091 metam
2803 1039 2947 1093 scire
2977 1048 3208 1108 oportet,
3252 1047 3311 1092 ut
3348 1055 3564 1094 onmem

1991 1128 2188 1183 lastum
2246 1137 2300 1183 et
2342 1129 2710 1198 arrogantiam
2747 1129 3042 1198 abjiciant,
3077 1145 3252 1198 neque
3305 1133 3374 1186 ob
3419 1139 3566 1187 recte

1987 1217 2129 1271 facta
2197 1219 2550 1287 superbiant;
2613 1227 2668 1273 et
2728 1233 2850 1273 cum
2923 1219 3161 1272 animam
3221 1236 3376 1274 suam
3439 1236 3562 1275 cum

1990 1308 2101 1360 vita
2163 1308 2573 1376 abnegaverint,
2642 1307 2710 1360 ad
2773 1323 2936 1360 unam
2989 1309 3322 1376 opulentiam
3374 1310 3563 1362 oculos

1988 1397 2311 1466 conjiciant,
2363 1412 2528 1466 quam
2594 1396 2735 1452 Deus
2798 1398 3078 1466 praemium
3159 1398 3443 1454 charitatis
3507 1400 3561 1452 in

1985 1488 2268 1542 Christum
2327 1489 2601 1544 concessit
2658 1488 3001 1553 amantibus,
3068 1488 3214 1542 sicut
3266 1489 3561 1557 Apostolus

1985 1578 2102 1647 ipse
2129 1577 2282 1640 dicit,
2318 1597 2336 1630 ι
2373 1577 2476 1633 Per
2526 1579 2843 1648 patientiam
2885 1595 3175 1634 curramus
3223 1584 3560 1651 propositum

1985 1669 2143 1722 nobis
2173 1679 2448 1723 certamen
2471 1711 2484 1734 ,
2521 1669 2851 1739 aspicientes
2885 1669 2940 1722 in
2973 1678 3253 1723 auctorem
3306 1670 3450 1736 ﬁdei,
3508 1680 3563 1725 et

1985 1770 2482 1814 consummatorem
2555 1759 2835 1815 Jesum".
2881 1781 2901 1814 ›
2959 1760 3038 1817 Ne
3105 1761 3272 1833 igitur
3324 1761 3560 1832 Spiritus

1989 1852 2163 1905 sancti
2205 1852 2526 1905 muneribus
2561 1852 2910 1918 extollamur,
2938 1861 2991 1908 et
3025 1868 3090 1908 ex
3127 1870 3192 1908 eo
3230 1854 3376 1924 quod
3411 1863 3562 1910 recte

1988 1943 2261 2010 egerimus
2300 1957 2395 2010 per
2421 1943 2703 2004 virtutem.
2751 1946 3098 2000 occasionem
3168 1945 3343 2001 fastus
3381 1957 3435 2002 et
3466 1963 3562 2001 su-

304 2039 481 2108 μένων
506 2052 520 2066 ⁸
557 2037 649 2090 ἴνα
680 2037 753 2107 μὴ
783 2035 1106 2104 ἐκπέσωμεν
1144 2032 1245 2102 τῆς
1274 2032 1446 2103 ὁρμῆς
1471 2073 1482 2095 ,
1511 2031 1726 2101 ἀχρεῖον
1752 2029 1880 2080 ἐαυ-

1992 2033 2192 2102 perbia:
2222 2048 2524 2097 sumamus,
2559 2035 2880 2105 priusquam
2916 2037 2982 2089 ad
3015 2038 3179 2093 ﬁnem
3217 2054 3404 2093 eorum
3437 2056 3557 2110 qua;

300 2134 412 2193 τοῖς
437 2130 530 2182 τὸν
569 2127 909 2199 προλαϐόντα
939 2127 1102 2180 πόνον
1133 2128 1200 2196 τῇ
1242 2122 1498 2192 αὐθαδείᾳ
1530 2123 1873 2192 ποιήσαντες,

301 2223 395 2275 καὶ
435 2219 647 2282 ἀνάξιοι
691 2216 950 2285 φανέντες
985 2215 1085 2285 τῆς
1124 2216 1480 2283 τελειότητος,
1515 2213 1594 2274 είς
1628 2211 1696 2278 ἢν
1724 2211 1756 2279 ἡ
1787 2207 1880 2260 τοῦ

303 2310 620 2380 Πνεύματος
650 2309 796 2378 ἡμᾶς
821 2301 969 2361 εἷλκε
997 2308 1174 2378 χάρις.
1202 2304 1370 2358 Τοῦτό
1403 2307 1518 2357 ἐστι
1552 2301 1882 2372 κατόρθωμα

303 2403 446 2473 μέγα
479 2402 794 2470 φιλοσοφίας
826 2400 885 2452 τὸ
915 2399 1083 2470 μέγαν
1107 2398 1234 2451 ὄντα
1253 2440 1266 2453 .
1288 2438 1302 2451 .
1330 2437 1344 2451 .
1369 2437 1382 2449 .
1400 2399 1512 2459 τοῖς
1547 2396 1674 2464 γὰρ.
1698 2432 1712 2446 .
1738 2435 1750 2446 .
1785 2433 1797 2446 .
1825 2433 1837 2445 .
1865 2431 1878 2444 .

302 2493 425 2547 σθαι
456 2497 524 2564 τῇ
573 2492 794 2563 καρδίᾳ,
838 2491 932 2545 καὶ
980 2487 1406 2558 καταγινώσκειν
1453 2487 1545 2540 τοῦ
1596 2486 1746 2556 βίου,
1807 2485 1881 2555 μὴ

301 2585 444 2654 ἔχειν
480 2588 540 2638 ἐν
579 2585 658 2654 τῷ
684 2585 937 2637 συνειδότι
962 2581 1110 2646 ἄξιον
1140 2581 1328 2634 ἑαυτὸν
1360 2579 1716 2650 πεποιηκέναι
1741 2576 1878 2646 Θεῷ.

1989 2134 2276 2192 sperantur
2308 2125 2618 2189 veniamus,
2655 2135 2713 2179 ut
2747 2142 2815 2180 ne
2845 2129 3164 2184 excidamus
3191 2145 3219 2182 a
3251 2131 3555 2200 proposito,

1985 2216 2171 2271 labore
2192 2218 2346 2285 prius
2368 2217 2638 2271 exhausto
2672 2219 2829 2273 nobis
2856 2235 2952 2289 per
2985 2223 3352 2290 arrogantiam
3378 2223 3555 2276 inutili

1993 2307 2230 2374 reddito,
2264 2323 2388 2362 cum
2425 2307 2632 2378 indigni
2670 2308 2771 2363 visi
2808 2311 3072 2366 fuerimus
3103 2311 3454 2381 perfectione,
3489 2312 3559 2366 ad

1989 2413 2151 2467 quam
2187 2413 2291 2453 nos
2321 2399 2558 2470 Spiritus
2594 2403 2768 2474 gratia
2803 2403 3070 2458 trahebat.
3117 2403 3230 2458 Hoc
3263 2404 3450 2475 ingens
3476 2413 3562 2459 est

1988 2503 2166 2557 operae
2194 2492 2429 2557 pretium
2470 2492 2637 2547 studii
2678 2493 2978 2562 sapientiae,
3016 2495 3058 2549 si
3097 2494 3143 2549 is
3177 2495 3267 2563 qui
3303 2505 3447 2549 recte
3482 2494 3563 2549 fa-

1989 2579 2094 2634 ctis
2147 2595 2376 2650 magnus
2430 2593 2535 2646 est,
2581 2585 2856 2640 submisso
2894 2593 2948 2638 et
2991 2600 3125 2654 puro
3171 2585 3336 2641 corde
3381 2587 3472 2652 sit,
3507 2597 3563 2643 et

302 2660 467 2734 vitam
502 2677 863 2741 condemnet,
926 2687 1101 2742 neque
1135 2673 1389 2728 conscius
1448 2672 1642 2733 fuerit,
1685 2668 1828 2738 quod
1861 2668 2100 2737 seipsum
2151 2669 2259 2726 Deo
2290 2673 2510 2743 dignum
2540 2677 2889 2745 reputaverit.

369 2768 452 2822 Τά
479 2768 580 2838 μὲν
600 2767 664 2836 δὴ
689 2766 830 2819 κατὰ
854 2764 948 2835 τὴν
973 2763 1160 2816 ἐλπίδα
1182 2763 1273 2817 τοῦ
1302 2762 1500 2816 σκοποῦ
1527 2764 1637 2823 τοῖς
1663 2757 1876 2828 φιλοσό-

303 2878 415 2930 φως
440 2859 540 2931 ζῇν
571 2857 912 2929 αἱρουμένοις
943 2857 1140 2918 ἱκανῶς
1177 2854 1424 2926 εἰρῆσθαι
1450 2854 1758 2923 νομίζομεν.
1792 2853 1882 2902 Δεῖ

303 2956 358 3008 δὲ
384 2953 574 3008 λοιπὸν
609 2949 921 3022 προσθεῖναι
952 2950 1062 3011 τοῖς
1087 2946 1414 3018 εἰρημένοις,
1459 2947 1604 3007 ὅπως
1639 2944 1738 3013 μὲν
1777 2941 1880 3012 χρὴ

305 3050 544 3102 συνεῖναι
566 3045 696 3106 τοὺς
736 3041 1007 3104 τοιούτους
1049 3038 1316 3109 ἀλλήλοις
1345 3041 1362 3058 ⁶
1384 3039 1529 3098 ὅπως
1577 3035 1632 3088 δὲ
1669 3033 1880 3104 τρέχειν

309 3139 422 3206 μετ’
467 3133 735 3204 ἀλλήλων,
761 3130 866 3194 ἕως
893 3129 958 3183 ἂν
991 3130 1082 3182 ἐπὶ
1107 3129 1206 3199 τὴν
1238 3127 1350 3180 ἄνω
1377 3127 1532 3179 πόλιν
1557 3124 1877 3193 ἀφίκωνται.

307 3227 425 3300 Χρὴ
456 3225 638 3280 τοίνυν
675 3223 767 3276 τὸν
793 3222 862 3276 τά
899 3221 990 3274 τοῦ
1038 3220 1151 3290 βίου
1188 3219 1374 3273 τούτου
1423 3217 1593 3287 σεμνά
1626 3213 1883 3286 καθαρῶς

306 3318 662 3389 ἀτιμάζοντα,
697 3316 793 3368 καὶ
831 3312 1159 3384 ἀρνούμενον
1195 3315 1374 3364 πᾶσαν
1406 3310 1504 3379 τὴν
1536 3309 1684 3362 κάτω
1705 3305 1880 3372 δόξαν,

305 3408 644 3482 ἀρνήσασθαι
665 3405 804 3477 μετά
824 3405 916 3458 τοῦ
941 3404 1054 3475 βίου
1081 3405 1174 3457 καὶ
1193 3403 1290 3472 τὴν
1310 3401 1513 3454 οἰκείαν
1534 3399 1731 3470 ψυχήν.
1755 3400 1884 3469 Ἀρ-

2056 2758 2188 2824 Qua:
2215 2760 2376 2831 igitur
2408 2765 2680 2832 pertinent
2713 2765 2777 2819 ad
2812 2781 2961 2834 spem
2983 2767 3132 2836 sc0pi
3162 2767 3458 2838 attingendi
3493 2769 3562 2825 iis

1981 2852 2076 2921 qui
2120 2853 2206 2922 pie
2241 2856 2622 2924 sapienterque
2655 2859 2836 2912 vivere
2872 2868 3291 2928 proposuerunt,
3348 2860 3563 2917 abundo

1985 2946 2259 3014 explicata
2295 2961 2416 3002 esse
2465 2962 2775 3003 censemus.
2829 2948 2945 3002 Jam
2983 2966 3109 3004 vero
3152 2952 3418 3021 reliquum
3455 2962 3561 3020 est,

1989 3042 2047 3087 ut
2072 3036 2138 3090 iis
2168 3051 2288 3105 qua:
2315 3037 2458 3091 dicta
2484 3047 2613 3092 sunt
2645 3039 2931 3104 addamus,
2963 3040 3234 3110 quomodo
3265 3043 3398 3097 tales
3431 3058 3563 3098 con-

1987 3130 2190 3184 versari
2250 3131 2394 3184 inter
2431 3146 2491 3186 se
2547 3139 2814 3200 oporteat,
2877 3144 2929 3186 et
2977 3133 3252 3202 quomodo
3311 3138 3558 3190 certatim

1989 3237 2231 3282 currere,
2262 3222 2435 3277 donec
2459 3222 2526 3276 ad
2557 3238 2858 3293 supernam
2887 3225 3161 3281 civitatem
3190 3230 3557 3297 pervenerint.

1989 3315 2254 3380 Quocirca
2284 3331 2424 3385 opus
2453 3325 2539 3371 est
2566 3331 2688 3370 eum
2725 3318 2818 3385 qui
2859 3317 3022 3386 hujus
3054 3321 3180 3373 vitae
3208 3335 3296 3375 res
3332 3322 3562 3390 praecla-

1988 3422 2077 3462 ras
2107 3408 2266 3476 plane
2294 3407 2546 3478 despicit,
2579 3417 2633 3461 et
2686 3422 2903 3464 omnem
2939 3410 3274 3465 mundanam
3324 3413 3554 3482 gloriam

306 3520 462 3573 νησις
481 3501 540 3554 δὲ
565 3499 763 3570 ψυχῆς,
789 3499 850 3551 τὸ
883 3495 1130 3568 μηδαμοῦ
1159 3494 1339 3565 ζητεῖν
1365 3493 1423 3546 τὸ
1439 3491 1631 3546 ἑαυτοῦ
1653 3491 1881 3561 θέλημα,

1994 3499 2244 3568 abnegat,
2276 3501 2439 3555 etiam
2469 3514 2592 3555 cum
2632 3500 2742 3554 vita
2801 3503 3038 3555 animam
3081 3504 3350 3571 propriam
3389 3504 3558 3558 abne—

305 3595 441 3648 ἀλλά
468 3593 532 3645 τὸ
562 3592 772 3661 θέλημα
794 3587 883 3641 τοῦ
909 3586 1063 3640 Θεοῦ·
1097 3585 1190 3639 καὶ
1213 3584 1386 3654 τούτῳ
1415 3582 1715 3654 κεχρῆσθαι
1749 3580 1882 3634 καθ-

305 3675 449 3756 άπερ
487 3681 676 3752 ἀγαθῷ
705 3679 1034 3749 κυϐερνήτῃ,
1059 3675 1138 3747 τῷ
1172 3676 1233 3728 τὸ
1260 3674 1436 3729 κοινὸν
1475 3676 1746 3745 πλήρωμα
1783 3673 1882 3742 τῆς

305 3774 666 3844 ἀδελφότητπ
697 3771 814 3842 μεθ’
851 3767 1101 3839 ὁμονοίας
1144 3767 1239 3820 ἐπὶ
1260 3767 1353 3818 τὸν
1387 3764 1580 3835 λιμένα
1606 3757 1699 3816 τοῦ
1735 3763 1879 3816 θείου

307 3865 614 3936 θελήματος·
641 3861 1020 3923 ἀπευθύνοντιο
1051 3856 1348 3926 κεκτῆσθαι
1374 3856 1430 3909 δὲ
1462 3856 1612 3908 οὐδὲν
1649 3855 1798 3926 παρά
1821 3856 1882 3907 τὸ

307 3956 508 4018 κοινὸν,
531 3952 668 4022 πλὴν
689 3951 784 4005 τοῦ
807 3951 867 4003 τὸ
892 3950 1052 4020 σῶμα
1070 3947 1433 4010 καλύπτοντος
1457 3945 1697 4016 ἱματίου.
1727 3946 1801 3998 U6
1811 3965 1882 4000 τω

307 4049 417 4119 γὰρ
436 4045 782 4116 ἑτοιμότερον
806 4043 978 4106 ἔσται,
996 4042 1058 4093 τὸ
1080 4039 1231 4110 παρά
1250 4038 1357 4091 τῶν
1381 4038 1738 4110 προεστώτων
1761 4042 1879 4091 ἐπι-

305 4140 644 4210 τασσόμενον
690 4134 806 4206 μεθ’
854 4133 1051 4203 ἡδονῆς
1090 4132 1186 4184 καὶ⁹
1217 4131 1429 4193 ἐλπίδος
1459 4130 1752 4202 προθύμως
1787 4130 1886 4201 μὶν

308 4234 506 4292 τελεῖν,
545 4229 620 4291 ὼς
654 4226 838 4280 δοῦλον
866 4222 1105 4296 Χριστοῦ
1143 4222 1238 4276 καὶ
1280 4221 1655 4290 ἠγορασμένον
1678 4222 1754 4284 είς
1789 4223 1884 4291 τὴν

311 4323 496 4394 κοινὴν
519 4322 626 4374 τῶν
659 4317 902 4386 ἀδελφῶν
932 4317 1142 4388 χρείαν.
1168 4313 1338 4367 Τοῦτο
1365 4312 1472 4382 γὰρ
1496 4314 1590 4365 καλ¹
1618 4316 1645 4366 ὁ
1685 4314 1886 4383 Κύριος

309 4415 579 4485 βούλεται,
592 4411 786 4478 λέγων·
799 4427 816 4459 ι
839 4409 896 4460 '0
909 4407 1076 4459 θέλων
1096 4407 1153 4460 ἐν
1171 4406 1298 4475 ὑμῖν
1318 4403 1532 4473 πρῶτος
1553 4401 1646 4454 καὶ⁹
1665 4403 1882 4470 μέγας,

1993 3605 2140 3660 gare.
2165 3591 2374 3646 Anima:
2405 3607 2534 3646 vero
2573 3594 2861 3661 abnegatio
2901 3600 3004 3655 est,
3043 3594 3374 3646 voluntatem
3408 3609 3560 3647 suam

1994 3699 2264 3752 nusquam
2327 3700 2590 3754 quaerere,
2660 3687 2754 3742 sed
2812 3684 2903 3739 Dei
2959 3685 3314 3749 voluntatem,
3392 3699 3565 3753 eaque

1993 3777 2160 3831 veluti
2218 3779 2354 3831 bona
2418 3777 2800 3848 gubernatrice
2855 3777 2975 3842 uti;
3039 3790 3160 3845 qua:
3213 3790 3559 3830 communem

1995 3868 2349 3926 fraternitatis
2383 3879 2584 3926 ccetum
2616 3887 2739 3926 cum
2771 3870 3066 3926 concordia
3115 3869 3180 3922 ad
3215 3879 3429 3937 portum
3477 3868 3562 3922 di-

1991 3964 2129 4016 vina:
2173 3964 2468 4019 voluntatis
2499 3963 2686 4033 dirigit
2718 3980 2732 4029 ;
2774 3963 2971 4018 deinde
3024 3961 3159 4014 nihil
3188 3961 3292 4014 nisi
3327 3961 3376 4014 id
3418 3962 3562 4030 quod

1995 4069 2283 4109 commune
2310 4063 2394 4111 est
2420 4055 2737 4126 possidere,
2765 4062 3130 4124 praeterquam
3155 4053 3562 4117 vestimentum,

1991 4146 2136 4213 quod
2167 4161 2363 4214 corpus
2407 4155 2573 4216 tegat.
2642 4147 2733 4200 Sic
2777 4161 3014 4215 namque
3071 4144 3382 4214 expeditius
3434 4146 3563 4209 erit,

1993 4238 2138 4307 quod
2171 4253 2200 4291 a
2231 4240 2540 4308 praepositis
2575 4238 2888 4308 injunctum
2917 4238 3040 4298 erit,
3068 4251 3192 4290 cum
3214 4224 3565 4304 ju’cunditatc

1993 4340 2047 4386 et
2080 4348 2175 4403 spe
2205 4333 2460 4388 alacriter
2492 4333 2779 4402 perﬁcere,
2817 4342 2876 4386 ut
2915 4347 3132 4386 servum
3166 4330 3391 4392 Christi,
3419 4341 3471 4384 et
3497 4331 3562 4384 ad

1994 4439 2336 4479 communem
2373 4425 2603 4480 fratrum
2655 4441 2814 4478 usum
2852 4424 3213 4492 redemptum.
3274 4420 3387 4475 Hoc
3418 4421 3565 4474 enim

309 4507 450 4559 έστω
483 4505 700 4557 πάντων
730 4500 975 4571 ἔσχατος,
1020 4501 1114 4551 καὶ
1151 4498 1378 4567 πάντων
1399 4493 1604 4558 δοῦλος.
1630 4514 1648 4545 ι
1687 4495 1804 4566 Χρὴ
1833 4496 1882 4549 δὲ

1997 4515 2110 4568 vult
2151 4517 2315 4571 etiam
2351 4515 2637 4579 Dominus,
2675 4532 2798 4570 cum
2857 4517 2972 4570 ait:
3020 4533 3038 4564 ι
3088 4512 3191 4578 Qui
3239 4513 3352 4567 vult
3423 4513 3566 4566 inter

308 4599 409 4668 τὴν
445 4595 702 4664 τοιαύτην
726 4591 971 4645 δουλείαν
1003 4589 1151 4659 παρὰ
1179 4591 1288 4650 τοῖς
1317 4586 1620 4658 ἀνθρώποις
1654 4587 1885 4656 ἄμισθον

311 4689 483 4752 εἶναι,
512 4689 610 4740 καὶ
641 4685 847 4754 ὀφείλει
867 4687 894 4736 ὁ
920 4682 1158 4744 τοιοῦτος
1191 4679 1554 4749 ὑποτετάχθαι
1584 4681 1753 4744 πᾶσι,
1790 4681 1885 4734 καὶ

311 4778 564 4846 καθάπερ
597 4775 813 4830 δανείου
836 4771 1115 4844 χρεώστης
1139 4773 1432 4842 θεραπεύει
1453 4775 1578 4838 τοὺς
1603 4774 1884 4852 ἀδελφούς.

309 4871 431 4943 Χρὴ
467 4871 526 4924 δὲ
559 4872 656 4923 καὶ
693 4868 819 4930 τοὺς
850 4865 1198 4937 προεστῶτας
1232 4866 1326 4919 τοῦ
1359 4869 1731 4938 πνευματικοῦ
1759 4869 1884 4922 τού-

308 4981 406 5016 του
437 4960 624 5033 χοροῦ,
647 4960 768 5012 τότε
798 4958 1022 5028 μέγεθος
1041 4957 1140 5028 τῆς
1160 4958 1339 5011 αὐτῶν
1362 4960 1697 5024 σκοποῦντας
1721 4978 1886 5032 φρον-

309 5055 476 5120 τίδος,
513 5054 720 5122 καὶτῆς
743 5050 1136 5120 ἐφεδρευούσης
1156 5050 1254 5120 τὴν
1280 5050 1461 5103 πίστιν
1483 5052 1681 5116 κακίας
1702 5054 1720 5074 ¹
1751 5053 1886 5121 λογι-

312 5147 550 5219 ζομένης
580 5147 680 5210 τὰς
718 5146 914 5216 τέχνας
941 5144 1105 5211 ἀξίως
1134 5144 1232 5214 τῆς
1276 5145 1593 5209 ἐπιστασίας
1624 5148 1884 5214 ἀγωνίζε-

313 5241 473 5303 σθαι,
511 5240 607 5292 καὶ
644 5238 718 5308 μὴ
750 5237 886 5308 πρὸς
925 5237 1022 5306 τὴν
1049 5234 1297 5299 ἐξουσίαν
1323 5237 1496 5307 αἴρειν
1520 5239 1580 5290 τὸ
1614 5240 1887 5310 φρόνημα.

310 5333 405 5384 Δεῖ
426 5331 533 5402 γὰρ
558 5331 615 5382 ἐν
635 5332 702 5400 τῇ
736 5326 1027 5398 ἐπιστασία
1054 5325 1275 5396 μείζονα
1309 5328 1403 5395 μὲν
1424 5329 1532 5380 τῶν
1558 5328 1732 5382 ἄλλων
1766 5332 1893 5394 τοὺς

313 5422 671 5493 προεστῶτας
695 5422 876 5473 πονεῖν
897 5461 911 5486 ,
941 5418 1338 5487 ταπεινοτέρως
1370 5420 1423 5472 δὲ
1445 5420 1552 5474 τῶν
1577 5421 1892 5492 ἀρχομένων

309 5514 553 5584 φρονεῖν,
581 5511 677 5565 καὶ
715 5510 884 5563 τύπον
910 5509 1096 5562 δούλου
1130 5507 1220 5560 τὸν
1245 5509 1452 5562 ἑαυτῶν
1476 5509 1592 5577 βίον
1626 5513 1889 5583 παρέχειν

405 5685 450 5718 ³¹
475 5683 642 5741 Hebr.
699 5700 798 5746 xu,
868 5683 920 5745 1,
962 5683 1015 5736 2.
1103 5683 1148 5714 ⁸³
1177 5683 1362 5736 Matth.
1405 5699 1530 5748 xxv,
1578 5683 1661 5737 H.

553 5781 826 5840 ΡΑτιιοι.
868 5779 984 5838 Gn.
1021 5779 1235 5838 XLVI.

1993 4622 2091 4661 vos
2119 4607 2328 4677 primus
2350 4616 2406 4663 et
2429 4597 2660 4679 magnus
2685 4624 2830 4673 esse,
2856 4608 3100 4661 onmium
3129 4608 3201 4662 sit
3233 4611 3562 4675 postremus.

1991 4709 2042 4753 et
2070 4700 2311 4752 omnium
2349 4715 2539 4754 servus
2562 4701 2626 4755 ³³.
2661 4721 2678 4750 ι
2714 4700 2911 4752 Verum
2945 4697 3213 4766 ejusmodi
3250 4695 3562 4749 servitutem

1991 4790 2132 4859 apud
2170 4791 2416 4845 homines
2445 4794 2740 4860 gratuitam
2771 4806 2894 4846 esse
2941 4797 3178 4859 oportet,
3225 4794 3280 4841 et
3313 4787 3405 4855 qui
3441 4786 3564 4840 talis

1991 4889 2095 4944 est,
2125 4882 2378 4936 omnibus
2400 4883 2559 4936 debet
2590 4882 2809 4949 subjici,
2845 4898 2907 4935 ac
2927 4881 3092 4934 veluti
3128 4894 3308 4932 usura:
3339 4877 3564 4931 debitor

1991 4969 2256 5026 fratribus
2283 4974 2566 5026 inservire.
2609 4973 2689 5025 Ad
2724 4973 2840 5025 hinc
2873 4987 2970 5026 eos
3013 4970 3107 5039 qui
3135 4968 3260 5022 huic
3295 4967 3564 5037 spirituali

1987 5065 2162 5117 choro
2190 5065 2584 5133 prmﬁeiuntur,
2635 5064 3071 5133 magnitudinem
3106 5075 3218 5115 suae
3250 5075 3396 5114 cura:
3429 5075 3564 5113 con-

1997 5153 2328 5219 siderantes,
2363 5167 2416 5211 et
2448 5158 2670 5212 malitiae
2703 5172 2824 5226 qua:
2865 5154 2985 5208 fidei
3020 5152 3329 5216 insidiatur,
3374 5159 3428 5203 et
3468 5149 3565 5202 do-

1998 5246 2143 5301 losas
2177 5253 2326 5300 artes
2361 5245 2674 5309 meditatur,
2714 5261 2811 5314 pro
2833 5243 3098 5314 dignitate
3137 5257 3249 5296 suae
3281 5240 3564 5311 praefectu-

1997 5353 2071 5390 ra:
2102 5336 2368 5391 sollicitos
2396 5351 2519 5390 esse
2585 5334 2865 5398 convenit,
2897 5345 2949 5386 et
2987 5348 3096 5385 non
3162 5331 3373 5385 ratione
3407 5337 3564 5399 pote-

2006 5429 2164 5484 statis
2204 5441 2430 5499 magnos
2484 5426 2712 5496 Spiritus
2780 5440 2986 5495 gerere.
3026 5423 3236 5478 Etenim
3297 5423 3454 5478 decet
3511 5421 3565 5474 in

2001 5519 2322 5588 praefectura
2381 5519 2733 5583 constitutos,
2797 5517 3060 5587 majorem
3119 5515 3339 5587 quidem
3397 5527 3563 5585 quam

3259 5779 3327 5838 ιο
