4034 6132
512 230 618 287 299

1754 242 1809 297 S.
1853 238 2178 298 GREGORII
2215 239 2508 302 NYSSENI

3660 251 3770 306 500

514 344 607 400 alii
657 345 895 402 laborem
959 350 1267 418 suspicere,
1334 353 1658 410 submissius
1715 373 1843 413 vero
1915 372 2055 428 quan

2156 407 2158 414 ,
2185 360 2296 422 τοῖς
2330 359 2510 424 ἄλλοις
2533 400 2546 423 ,
2586 360 3054 432 παρακαταθήκην
3082 361 3217 415 Θεοῦ
3253 362 3573 432 νομίζοντας
3595 363 3765 431 ἔχειν,

514 434 718 489 subditi
751 451 810 490 se
841 451 1050 506 gerere,
1092 452 1156 491 ac
1191 453 1290 505 pro
1327 442 1469 495 servi
1505 443 1744 516 imagine
1767 450 2083 519 exemplove

513 526 677 578 vitam
737 541 890 581 suam
927 526 1052 581 aliis
1115 528 1395 596 exhibere,
1447 533 1576 587 dum
1641 537 1768 593 illos
1830 549 2086 609 reputant

511 612 818 682 depositum
852 630 976 670 esse
1008 615 1124 683 Dei,
1174 620 1265 688 qui
1300 621 1424 676 ﬁdei
1463 639 1575 678 sure
1605 629 1884 683 commissi
1933 639 2082 684 sunt.

515 701 606 755 Sic
660 703 823 771 igitur
855 707 1173 774 praepositos
1211 721 1422 778 oportet
1449 712 1677 769 fratrum
1733 732 1922 772 curam
1987 719 2085 771 ha-

507 793 656 857 bere,
677 803 732 847 ut
755 795 912 865 probi
947 803 1258 853 tenerorum
1287 800 1610 860 educatores
1642 822 1956 876 puerorum,
1981 811 2077 880 qui

505 883 642 953 ipsis
675 899 702 937 a
733 887 1054 955 parentibus
1081 889 1265 945 traditi
1293 902 1442 947 sunt.
1477 894 1770 954 Enimvero
1799 899 1853 953 hi
1882 915 2083 971 puero-

506 991 625 1030 rum
647 976 868 1033 habitus
895 981 1328 1047 considerantes,
1347 986 1472 1041 huic
1489 989 1734 1056 verbera,
1750 992 1826 1046 illi
1849 996 2076 1065 monita,

505 1069 660 1122 alteri
683 1069 924 1136 laudem,
949 1073 1103 1128 alteri
1125 1077 1328 1145 aliquid
1359 1078 1627 1147 ejusmodi
1657 1081 1945 1140 admovent
1974 1104 1988 1154 ;
2014 1101 2078 1143 ac

503 1159 640 1213 nihil
682 1161 876 1215 horum
907 1163 972 1217 ad
1004 1167 1257 1236 gratiam,
1289 1185 1465 1240 neque
1483 1177 1549 1228 ad
1574 1175 1759 1229 odium
1791 1188 2072 1248 praestant,
2095 1184 2107 1202 ‘

499 1249 965 1317 quemadmodum
996 1255 1314 1322 spirituales
1340 1277 1558 1330 quoque
1588 1266 2076 1334 praapositifaccre

499 1334 719 1390 debent.
756 1335 811 1390 Si
848 1337 920 1392 ita
957 1340 1188 1396 invicem
1218 1345 1396 1402 allecti
1433 1350 1670 1417 fueritis,
1728 1368 1854 1408 cum
1887 1359 2072 1428 subje-

496 1423 571 1476 cti
612 1433 724 1480 tum
771 1429 1040 1499 magistri,
1075 1431 1154 1486 illi
1207 1435 1427 1504 quidem
1474 1454 1599 1496 cum
1661 1446 1864 1515 gaudio
1897 1423 2073 1517 jussis

497 1528 562 1568 ac
593 1516 864 1573 mandatis
897 1520 1364 1593 obtemperantes,
1395 1529 1450 1584 hi
1471 1547 1603 1588 vero
1637 1549 1760 1590 eum
1790 1516 2071 1609 voluptate

497 1604 696 1662 fratres
731 1608 798 1662 ad
851 1611 1154 1681 perfectum
1198 1627 1403 1672 statum
1455 1625 1863 1696 provehentes;
1919 1604 1973 1685 et
2021 1632 2066 1686 si

493 1696 796 1755 honoribus
867 1702 1102 1758 invicem
1165 1710 1552 1777 prreveniatis,
1618 1716 1936 1785 angelorum
2012 1721 2066 1775 in
2102 1713 2142 1767 Β

493 1789 657 1844 terris
687 1790 854 1845 vitam
903 1794 1133 1866 degetis.
1171 1797 1405 1854 lnducat
1435 1817 1566 1858 vero
1611 1805 1714 1860 sibi
1746 1808 1981 1878 quisque
2011 1811 2064 1865 in

491 1887 750 1946 mentem,
785 1898 844 1939 se
874 1900 984 1940 non
1019 1884 1188 1943 fratre
1226 1891 1404 1944 solum
1463 1908 1587 1948 cum
1650 1913 1761 1966 quo
1817 1909 2067 1957 versatur

491 1971 804 2029 inferiorem
836 1975 1307 2051 inﬁrmioremque
1344 1999 1492 2048 esse,
1531 1987 1626 2042 sed
1673 1991 1869 2060 quovis
1898 1995 2064 2048 etiam

488 2059 747 2130 homine;
790 2063 893 2119 hoc
918 2067 1065 2120 enim
1095 2082 1457 2139 cognoscens,
1497 2059 1804 2149 discipulus
1873 2098 2062 2139 revera

484 2152 689 2208 Christi
722 2156 844 2211 erit.
873 2157 1008 2212 Cum
1060 2175 1190 2231 ergo
1223 2162 1551 2222 humilitatis
1585 2168 1797 2227 fruetus
1847 2175 2060 2241 sciatis,

483 2250 536 2296 ct
568 2243 748 2301 fastus
778 2247 1059 2314 damnum,
1091 2251 1380 2308 imitamini
1417 2257 1729 2325 Dominum,
1765 2270 1822 2316 et
1859 2279 1968 2319 uno
2003 2265 2060 2320 in

481 2351 713 2407 corpore
735 2348 896 2410 atque
926 2341 1108 2395 anima
1144 2359 1251 2397 una
1284 2346 1352 2401 ad
1389 2363 1684 2418 supernam
1716 2357 2061 2416 vocationem

481 2429 710 2493 currite,
777 2431 1066 2502 diligentes
1122 2433 1294 2490 Deum
1338 2446 1395 2494 et
1445 2455 1543 2496 vos
1594 2443 1850 2502 invicem.
1920 2449 2056 2508 Nam

479 2534 635 2579 amor
668 2527 722 2575 et
772 2521 937 2576 timor
998 2523 1210 2580 Domini
1256 2529 1491 2598 primum
1529 2533 1664 2603 legis
1691 2539 2058 2608 complemen-

481 2621 593 2664 tum
618 2620 722 2667 est.
761 2611 1151 2672 Verumtamen
1183 2635 1293 2674 non
1322 2621 1671 2692 simpliciter,
1709 2644 1885 2699 neque
1933 2631 2051 2688 for—

479 2700 618 2754 tuito
663 2701 823 2757 nobis
875 2704 1142 2762 adversus
1188 2708 1357 2763 Deum
1412 2711 1657 2768 charitas
1714 2717 1826 2772 indi
1888 2728 2053 2791 atque

479 2790 644 2844 inseri
700 2791 858 2857 solet,
913 2795 1008 2848 sed
1059 2812 1154 2865 per
1195 2798 1414 2856 labores
1466 2805 1670 2860 multos
1723 2815 1777 2861 et
1822 2790 2051 2881 magnas

475 2895 658 2946 curas,
700 2888 754 2936 et
798 2887 1237 2951 coopcrationem
1279 2891 1504 2960 Christi,
1548 2906 1712 2964 prout
1764 2899 1902 2954 dixit
1950 2901 2053 2959 Sa-

478 2973 703 3041 pientia,
765 2993 780 3022 ι
824 2971 878 3027 Si
923 2976 1090 3043 enim,
1135 2997 1153 3028 ι
1211 2980 1410 3051 inquit,
1467 3002 1486 3035 ‹
1551 2989 1842 3056 quaesieris
1901 3009 2045 3063 eam,

472 3065 631 3132 quasi
661 3066 970 3134 pecuniam,
1000 3076 1055 3122 et
1089 3068 1232 3124 sicut
1264 3073 1553 3130 thesauros
1582 3077 1836 3138 cll‘oderis
1870 3059 2043 3155 illam,
2077 3059 2119 3115 ε

472 3164 604 3210 tunc
633 3155 904 3229 intelliges
939 3159 1190 3216 timorem
1225 3161 1460 3231 Domini,
1515 3176 1568 3222 et
1601 3171 1888 3230 scientiam
1950 3176 2046 3234 Dei

472 3269 720 3326 invenies
741 3270 809 3324 “.
848 3290 867 3323 ι
916 3271 1207 3341 Agnitione
1239 3291 1370 3332 vero
1425 3279 1517 3335 Dei
1582 3283 1824 3352 inventa,
1876 3291 2040 3348 etiam

479 3369 683 3417 metum
745 3362 908 3419 facile
961 3368 1414 3436 comprehendes,
1472 3382 1526 3427 et
1590 3377 1735 3445 quod
1797 3382 2047 3451 sequitur

486 3461 634 3510 recte
675 3455 944 3525 perﬁcies,
986 3457 1305 3516 charitatem
1345 3461 1470 3518 dico
1498 3463 1550 3518 in
1587 3467 1871 3539 vicinum;
1916 3489 2043 3532 nam

466 3563 590 3602 enm
620 3548 854 3617 primum
884 3557 938 3605 et
983 3566 1238 3623 magnum
1294 3553 1481 3611 labore
1513 3571 1892 3629 comparatum
1926 3575 2032 3631 cst,

2187 449 2278 514 οὓς
2309 451 2728 523 ἐπιστεύθησαν.
2761 451 2948 517 Οὕτως
2975 449 3067 506 οὖν
3095 453 3201 524 χρὴ
3248 455 3372 514 τοὺς
3417 457 3767 526 προεστῶτας

2183 542 2556 612 ἐπιμελεῖσθαι
2581 543 2690 596 τῶν
2720 543 2985 614 ἀδελφῶν,
3010 544 3085 608 ὡς
3123 545 3190 598 ἂν
3227 546 3452 615 χρηστοὶ
3484 545 3768 614 παιδαγω-

2183 634 2269 702 γοὶ
2297 635 2502 689 παίδων
2524 635 2770 704 ἁπαλῶν,
2793 634 2886 699 οὒς
2911 635 3313 706 ἐπιστεύθησαν
3339 636 3489 706 παρὰ
3515 637 3625 689 τῶν
3653 653 3766 689 πα-

2182 724 2354 793 τέρων
2400 725 2601 780 αὐτῶν.
2664 727 2891 779 Ἐκεῖνοι
2940 725 3048 796 γάρ
3089 725 3198 778 τῶν
3245 724 3453 779 παίδων
3489 725 3590 788 τὰς
3621 724 3770 790 ἕξεις

2183 814 2530 879 σκοποῦντες,
2555 816 2632 887 τῷ
2667 817 2763 887 μὲν
2798 816 3032 887 πληγὰς,
3057 816 3135 888 τῷ
3161 817 3216 871 δὲ
3251 816 3558 880 νουθεσίαν,
3592 816 3672 888 τῷ
3704 818 3767 871 δὲ

2181 905 2420 972 ἔπαινον,
2462 907 2541 978 τῷ
2577 909 2633 962 δὲ
2670 909 2798 963 ἄλλο
2838 927 2892 962 τι
2934 908 3043 962 τῶν
3073 907 3329 962 τοιούτων
3368 908 3764 980 προσάγουσιν,

2177 998 2330 1052 οὐδὲν
2357 998 2480 1051 οὔτε
2510 999 2646 1070 πρὸς
2674 1001 2854 1072 χάριν,
2898 998 3023 1054 οὔτε
3052 999 3191 1072 πρὸς
3219 999 3519 1071 ἀπέχθειαν
3551 1003 3765 1058 τούτων

2177 1088 2493 1154 ποιοῦντες,
2540 1091 2724 1155 καθὼς
2773 1093 2868 1146 ml.
2910 1093 2960 1144 οἱ
3008 1094 3370 1163 πνευματικοὶ
3417 1098 3763 1167 προεστῶτες

2177 1184 2351 1235 ποιεῖν
2376 1181 2700 1251 ὀφείλουσιν.
2740 1183 2863 1237 Ἑὰν
2891 1183 3062 1248 οὕτως
3102 1184 3264 1255 ἔχητε
3296 1187 3432 1257 πρὸς
3463 1187 3754 1260 ἀλλήλους,

2177 1273 2231 1326 οἴ
2249 1291 2307 1325 τε
2336 1274 2648 1342 ὑφεστῶτες
2674 1276 2768 1329 καὶ
2795 1276 2844 1328 οἱ
2868 1275 3175 1329 διδάσκαλοι
3197 1316 3212 1340 ,
3238 1276 3290 1329 οἱ
3319 1277 3418 1346 μὲν
3439 1279 3760 1350 πειθόμενοι

2179 1365 2316 1436 μετὰ
2354 1370 2531 1439 χαρᾶς
2563 1369 2677 1431 τοῖς
2715 1368 3190 1438 ἐπιταττομένοις,
3227 1371 3275 1423 οἱ
3308 1367 3367 1423 δὲ
3407 1370 3526 1440 μεθ’
3559 1371 3758 1444 ἡδονῆς

2173 1458 2300 1520 τοὺς
2324 1459 2586 1528 ἀδελφοὺς
2619 1460 2712 1514 ἐπὶ
2740 1461 2801 1513 τὸ
2832 1459 3038 1514 τέλειον
3066 1461 3469 1532 προαγόμενοι,
3507 1463 3603 1518 καὶ
3628 1468 3756 1529 ταῖς

2173 1551 2358 1619 τιμαῖς
2410 1551 2676 1622 ἀλλήλους
2723 1551 3038 1623 προηγῆσθε
3065 1567 3080 1583 ο
3104 1551 3196 1606 τὸν
3231 1551 3339 1604 τῶν
3365 1553 3616 1622 ἀγγέλων
3654 1557 3756 1610 ἐπὶ

2171 1641 2270 1712 τῆς
2299 1641 2404 1712 γῆς
2432 1642 2660 1713 ζήσεσθε
2688 1643 2821 1714 βίον.
2843 1643 3086 1698 Πειθὲτω
3105 1644 3162 1697 δὲ
3191 1643 3418 1708 ἕκαστος
3440 1646 3651 1712 ἐαυτὸν,
3673 1647 3756 1713 ὡς

2170 1730 2230 1783 ού
2257 1731 2350 1784 τοῦ
2388 1734 2635 1796 συνόντος
2674 1732 2906 1802 ἀδελφοῦ
2941 1733 3101 1804 μόνον
3134 1734 3250 1787 ἐστὶ
3286 1734 3710 1806 καταδεέστερος
3731 1776 3752 1804 ,

2168 1821 2306 1875 ἀλλά
2347 1823 2440 1876 ml
2476 1823 2675 1887 παντὸς
2711 1823 3002 1896 ἀνθρώπου
3026 1842 3039 1856 °
3080 1824 3240 1879 τοῦτο
3278 1825 3388 1897 γὰρ
3426 1825 3748 1894 γινώσκων,

2170 1916 2420 1987 μαθητὴς
2443 1915 2594 1970 ἔσται
2613 1915 2781 1978 ὅντως
2800 1915 3061 1988 Χριστοῦ.
3095 1917 3310 1980 Εἰδότες
3331 1912 3424 1972 οῦν
3443 1920 3541 1988 τῆς
3563 1936 3753 1974 ταπει-

2166 2008 2386 2080 νότητος
2415 2009 2541 2073 τοὺς
2570 2009 2836 2079 καρποὺς,
2870 2010 2963 2062 ml.
2978 2008 3077 2080 τὴν
3099 2008 3304 2080 ζημίαν
3329 2007 3422 2062 τοῦ
3445 2009 3634 2080 τύφου,
3657 2029 3751 2082 μι-

2169 2099 2415 2170 μήσασθε
2439 2099 2530 2153 τὸν
2549 2099 2826 2172 Δεσπότην
2845 2139 2860 2166 ,
2893 2099 2984 2153 ml
3004 2101 3085 2154 ἐνὶ
3110 2099 3323 2170 σώματι
3346 2102 3437 2154 ml
3466 2103 3563 2173 μιᾷ
3595 2102 3745 2176 ψυχῇ

2163 2193 2390 2260 χωρεῖτε
2423 2189 2562 2260 πρὸς
2596 2190 2698 2260 τὴν
2725 2189 2838 2244 ἄνω
2877 2190 3093 2262 κλῆσιν,
3135 2191 3459 2260 ἀγαπῶντες
3482 2193 3572 2248 τὸν
3610 2195 3750 2251 Θεὸν

2162 2282 2256 2335 καὶ
2287 2281 2572 2352 ἀλλήλους.
2612 2281 2823 2352 Ἀγάπη
2852 2280 2960 2352 γὰρ
2982 2283 3075 2335 ml.
3109 2282 3273 2351 φόϐος
3300 2286 3328 2338 6
3356 2285 3492 2356 πρὸς
3512 2287 3744 2359 Κύριον,

2161 2373 2220 2426 τὸ
2236 2373 2449 2446 πρῶτον
2469 2373 2563 2427 τοῦ
2588 2373 2753 2444 νόμου
2779 2372 2896 2426 ἐστὶ
2922 2373 3219 2445 πλήρωμα.
3240 2375 3388 2446 Πλὴν
3408 2377 3508 2448 οὑχ
3532 2377 3744 2445 ἁπλῶς,

2159 2466 2278 2520 οὐδὲ
2307 2465 2625 2537 αὐτομάτως
2655 2467 2787 2536 ἡμῖν
2822 2468 2854 2536 ἠ
2896 2467 3032 2538 πρὸς
3063 2466 3194 2520 Θεὸν
3219 2467 3407 2538 ἀγάπη
3432 2469 3746 2539 ἐγγίνεσθαι

2158 2557 2421 2626 πέφυκεν,
2455 2555 2591 2609 ἀλλὰ
2619 2555 2707 2609 διὰ
2743 2555 2952 2610 πολλῶν
2981 2557 3159 2610 πόνων
3187 2558 3282 2611 ml.
3306 2559 3554 2629 μεγάλων
3578 2577 3746 2639 φρον-

2156 2649 2338 2713 τίδων,
2370 2649 2463 2701 ml.
2495 2645 2787 2718 συνεργίας
2812 2646 2913 2716 τῆς
2943 2645 3039 2700 τοῦ
3069 2648 3305 2719 Χριστοῦ
3327 2689 3341 2715 ,
3375 2649 3559 2713 καθὼς
3587 2651 3745 2723 εἴρη-

2155 2757 2250 2793 κεν
2282 2741 2315 2809 ή
2359 2739 2546 2807 Σοφία.
2592 2756 2612 2790 ι
2657 2737 2783 2792 Ἐάν
2809 2738 2914 2810 γάρ
2956 2738 3199 2812 ζητήσῃς
3242 2739 3433 2812 αὐτὴν,
3480 2759 3500 2792 ι
3538 2742 3732 2812 φησὶν,

2160 2849 2177 2880 ι
2218 2830 2294 2892 ὡς
2347 2828 2630 2900 ἀργύριον,
2685 2829 2782 2882 ml.
2829 2829 2906 2892 ὼς
2957 2829 3264 2902 θησαυροὺς
3322 2831 3733 2905 ἐξερευνήσῃς,

2152 2921 2276 2974 τότε
2319 2923 2632 2993 συννοήσεις
2660 2921 2824 2990 φόϐον
2858 2920 3084 2993 Κυρίου,
3130 2922 3227 2976 καὶ
3259 2922 3555 2991 ἐπίγνωσιν
3598 2923 3740 2977 Θεοῦ

2153 3013 2426 3083 εὑρήσεις.
2468 3031 2487 3064 ι
2514 3013 2648 3066 Θεοῦ
2673 3013 2728 3066 δὲ
2752 3014 3048 3083 ἐπίγνωσιν
3081 3013 3277 3086 εὑρὼν,
3303 3016 3397 3068 καὶ
3420 3015 3584 3086 φόϐον
3613 3032 3732 3070 συν·

2152 3107 2366 3178 νοήσεις
2411 3107 2627 3178 ῥαδίως,
2659 3108 2751 3162 καὶ
2781 3108 2842 3163 τὸ
2867 3109 3065 3181 ἐφεξῆς
3093 3109 3487 3181 κατορθώσεις,
3517 3111 3576 3165 τὸ
3596 3112 3736 3180 ἁγα-

2152 3201 2282 3268 πᾷν,
2303 3198 2574 3270 λέγω.τὸν
2599 3200 2856 3272 πλησίον·
2888 3201 2982 3255 τοῦ
3005 3200 3114 3272 γὰρ
3135 3202 3350 3273 πρώτου
3375 3203 3470 3256 καὶ
3495 3204 3734 3274 μεγάλου

2153 3291 2303 3363 πόνῳ
2331 3292 2626 3363 κτηθέντος
2647 3331 2663 3358 ,
2687 3292 2749 3346 τὸ
2768 3293 3019 3365 δεύτερον
3041 3293 3260 3349 ἔλαττον
3287 3293 3368 3359 ὂν,
3391 3293 3736 3368 ἀπονώτερόν

2152 3387 2301 3439 ἐστιν
2317 3403 2330 3417 ·
2367 3385 2489 3438 ἐπεὶ
2510 3387 2538 3438 6
2562 3385 2653 3438 τὸν
2682 3385 2814 3439 Θεὸν
2847 3387 2922 3458 μὴ
2950 3387 3182 3456 ἀγαπῶν
3206 3387 3265 3453 ἐξ
3288 3388 3417 3458 ὅλης
3457 3389 3690 3460 καρδίας
3713 3429 3732 3454 ,

2153 3479 2248 3531 ml.
2277 3475 2336 3542 ἐξ
2367 3478 2494 3550 ὅλης
2510 3478 2767 3543 διανοίας,
2802 3477 2919 3542 πῶς
2951 3478 3017 3532 ἂν
3043 3480 3210 3549 ὑγιῶς
3236 3480 3330 3533 ml
3368 3480 3572 3544 ἀδόλως
3609 3483 3734 3534 ἐπι-

2157 3570 2370 3642 μελοῖτο
2390 3570 2490 3640 τῆς
2521 3570 2628 3623 τῶν
2652 3568 2894 3640 ἀδελφῶν
2913 3571 3160 3642 ἀγάπηςς

467 3638 768 3694 secundum
804 3639 952 3710 quod
986 3643 1171 3701 minus
1231 3651 1334 3710 est,
1395 3645 1614 3704 levioris
1647 3649 1855 3708 laboris
1897 3663 2025 3713 est:
2066 3638 2506 3732 quandoquidem
2537 3660 2628 3730 qui
2661 3638 2829 3715 Deum
2883 3675 2993 3714 non
3041 3670 3188 3717 amat
3257 3677 3324 3720 ex
3368 3670 3486 3719 toto
3537 3667 3728 3735 corde,

460 3741 514 3790 et
543 3751 607 3791 ex
639 3742 752 3791 tota
795 3745 998 3806 mente,
1049 3740 1272 3809 quinam
1309 3739 1524 3797 sincere
1565 3751 1619 3797 et
1670 3747 1862 3804 sedulo
1898 3751 2185 3813 charitatis
2223 3758 2279 3812 in
2314 3756 2512 3811 fratres
2547 3771 2736 3810 curam
2771 3755 3039 3811 haberet?

532 3827 1015 3889 Vernmenimvero
1061 3849 1182 3888 cum
1234 3835 1456 3891 malitiae
1499 3840 1692 3894 artifex
1727 3853 1920 3904 nactus
1963 3859 2046 3905 est

462 3936 586 3976 eum
625 3923 716 3992 qui
754 3931 920 3977 totam
951 3923 1189 3978 animam
1219 3923 1329 3980 Deo
1360 3942 1466 3982 non
1499 3931 1694 4000 tradit,
1751 3942 1805 3989 et
1839 3952 2044 3996 vacuus

459 4020 545 4067 est
583 4027 615 4065 a
665 4013 958 4071 dilectione
1001 4017 1165 4082 illius,
1221 4015 1379 4073 facile
1433 4023 1709 4092 mancipat
1758 4033 1810 4081 et
1859 4031 2041 4098 pravis

460 4103 882 4173 cogitationibus
919 4107 1251 4178 praecipitem
1305 4112 1418 4180 dat,
1469 4113 1597 4168 dum
1632 4132 1780 4172 nunc
1814 4118 1944 4174 facit
1980 4130 2039 4177 ut

458 4196 644 4262 gravia
681 4195 966 4252 vidcantur
998 4197 1296 4270 Scriptura:
1327 4205 1602 4272 mandata,
1641 4216 1697 4263 et
1736 4225 2030 4266 onerosum

459 4286 826 4343 ministerium
877 4289 1142 4348 fratribus
1174 4296 1498 4363 exhibitum,
1545 4298 1708 4355 modo
1738 4301 1804 4355 ad
1835 4318 2030 4372 super-

2213 3853 2316 3907 Τὸν
2340 3853 2398 3906 δὲ
2431 3851 2507 3923 μὴ
2539 3851 2636 3923 τὴν
2667 3850 2840 3923 ψυχὴν
2873 3852 3001 3922 ὃλην
3041 3853 3357 3908 ἀποδιδόντα
3388 3855 3507 3928 Θεῷ
3533 3898 3547 3922 ,
3588 3859 3726 3931 μηδὲ

2141 3943 2277 4016 πρὸς
2307 3941 2404 4014 τὴν
2433 3942 2640 3995 ἐκείνου
2675 3941 3045 4013 κεκενωμένον
3077 3943 3300 4016 ἀγάπην
3319 3984 3333 4008 ,
3363 3946 3537 4015 εὑρὼν
3572 3951 3601 4002 ὁ
3624 3949 3727 4022 τῆς

2138 4033 2336 4098 κακίας
2387 4032 2634 4104 τεχνίτης
2684 4033 2960 4104 χειροῦται
3002 4035 3200 4105 ῥᾳδίως
3232 4035 3510 4109 λογισμοῖς
3555 4056 3725 4112 πονη-

2139 4129 2250 4198 ροῖς
2277 4124 2647 4190 ὑποσκελίζων
2672 4165 2686 4190 ,
2739 4123 2834 4177 νῦν
2869 4125 2968 4195 μὲν
3019 4125 3190 4197 βαρέα
3220 4127 3504 4194 φαίνεσθαι
3551 4130 3723 4184 ποιῶν

2137 4219 2205 4271 τὰ
2243 4218 2342 4288 τῆς
2387 4216 2609 4289 Γραφῆς
2647 4216 3036 4286 ἐπιτάγματα,
3077 4218 3171 4270 καὶ
3213 4219 3428 4289 ἐπαχθῆ
3483 4220 3583 4292 τὴν
3639 4223 3721 4285 είς

2137 4307 2262 4370 τοὺς
2293 4307 2555 4375 ἀδελφοὺς
2587 4304 2882 4376 θεραπείαν
2904 4322 2918 4336 ·
2955 4304 3050 4359 νῦν
3101 4306 3160 4359 δὲ
3206 4307 3448 4380 ἐπαίρων
3477 4310 3558 4373 είς
3588 4309 3721 4364 ἀλαο

453 4377 598 4433 biam
641 4387 697 4435 et
724 4379 925 4436 fastum
961 4385 1172 4438 extollit
1200 4386 1407 4456 abipso
1435 4388 1489 4442 in
1512 4404 1807 4447 conservos
1834 4393 2029 4461 ofﬁcio,

2156 4397 2347 4464 ζονείαν
2383 4397 2474 4450 καὶ
2499 4395 2665 4465 τῦφον
2685 4397 2778 4448 ἀπ’
2805 4397 2976 4467 αὐτῆς
2999 4395 3101 4467 τῆς
3133 4397 3213 4460 εἰς
3240 4377 3366 4462 τοὺς
3398 4399 3720 4470 ὁμοδούλους

457 4479 516 4524 ιιι
548 4472 778 4542 gloriam
831 4474 902 4528 ab
953 4475 1268 4530 hominibus
1322 4487 1548 4547 quaerat,
1605 4491 1658 4536 et
1690 4481 1953 4539 honorem
1999 4502 2029 4542 a

453 4562 716 4620 fratribus
761 4566 962 4638 exigat,
1024 4567 1207 4638 itaque
1233 4568 1530 4625 inﬁdelium
1558 4581 1677 4628 acta
1716 4575 1918 4631 ambiat
1975 4587 2030 4634 et

451 4663 693 4724 praestet.
745 4657 956 4711 Etenim
989 4657 1224 4715 inlidelis
1255 4668 1338 4717 est
1364 4661 1456 4730 qui
1491 4661 1764 4721 humanos
1795 4681 1891 4736 pro
1920 4681 2030 4723 cm-

451 4747 682 4804 lestibus
719 4748 957 4805 honores
991 4759 1238 4816 venatur,
1279 4752 1738 4823 quemadmodum
1764 4755 2027 4816 Dominus

451 4838 569 4907 ipse
617 4840 815 4895 alicubi
877 4840 1050 4895 dicit:
1122 4861 1138 4892 ι
1183 4841 1468 4909 Quomodo
1525 4862 1622 4901 vos
1655 4847 1880 4904 credere
1938 4864 2028 4920 po-

447 4929 636 4992 testis,
700 4931 792 5001 qui
826 4933 1053 5002 gloriam
1095 4949 1126 4987 a
1179 4935 1336 4990 vobis
1401 4936 1634 4991 invicem
1675 4938 1926 5009 accipitis
1977 4948 2031 4996 et

447 5020 708 5078 honorem
739 5037 766 5076 a
800 5024 908 5080 Deo
935 5029 1054 5080 solo
1093 5041 1203 5080 non
1245 5027 1494 5097 quaaritis
1520 5029 1603 5080 3'?
1633 5047 1650 5080 ›
1689 5029 2032 5102 Quapmpter

443 5114 487 5168 si
530 5117 774 5172 eharitas
835 5133 864 5171 a
907 5117 1017 5173 Deo
1064 5118 1325 5183 adfuerit,
1364 5135 1648 5177 necessum
1701 5132 1786 5180 cst
1819 5125 2027 5196 reliqua

448 5207 612 5261 etiam
675 5209 803 5264 huic
862 5209 1160 5275 adhaerere,
1201 5219 1255 5265 et
1291 5209 1594 5268 fraternum
1647 5229 1924 5283 amorem,
1973 5228 2027 5274 et

447 5295 723 5351 lenitatem
775 5304 826 5352 et
885 5299 1178 5355 candorem
1230 5300 1438 5372 absque
1488 5304 1727 5373 fictione,
1765 5323 2020 5378 perseve-

445 5387 678 5441 rantiam
711 5394 766 5441 et
817 5388 1160 5445 sedulitatem
1198 5393 1248 5445 in
1285 5393 1574 5462 precibus,
1598 5411 1928 5469 omnemque
1960 5400 2015 5455 in

439 5490 639 5547 genere
672 5477 946 5533 virtutem.
999 5480 1265 5544 Quoniam
1317 5492 1499 5540 autem
1541 5486 1761 5557 quando
1817 5505 2010 5561 magna

513 5656 559 5687 ³³
581 5653 740 5710 Prov.
779 5672 836 5720 ll,
864 5657 918 5723 4,
953 5657 1002 5710 5.
1057 5658 1099 5689 ³⁵
1122 5657 1276 5713 Joan.
1314 5676 1364 5727 τ,
1389 5663 1478 5717 44.

2132 4489 2404 4552 διακονίας
2426 4529 2439 4549 ,
2463 4487 2536 4550 ὡς
2562 4487 2659 4559 τὴν
2681 4487 2832 4558 παρὰ
2859 4487 2966 4542 τῶν
2996 4487 3298 4559 ἀνθρώπων
3323 4489 3477 4554 δόξαν
3511 4489 3717 4562 ζητεῖν,

2133 4579 2227 4632 καὶ
2255 4578 2417 4650 τιμὴν
2448 4577 2597 4649 παρὰ
2633 4577 2740 4632 τῶν
2775 4578 3014 4650 ἀδελφῶν
3049 4582 3293 4633 ἐπαιτεῖν
3316 4597 3329 4612 ·
3362 4582 3455 4633 καὶ
3481 4580 3625 4634 οὕτω
3651 4581 3720 4635 τά

2130 4666 2240 4720 τῶν
2267 4668 2512 4722 ἀπίστων
2555 4668 3074 4739 πραγματευόμενος
3108 4670 3200 4724 ml
3229 4670 3416 4725 ποιῶν.
3451 4673 3716 4735 Ἀπιστος

2131 4761 2239 4831 γάρ
2269 4761 2297 4813 6
2329 4759 2426 4822 τὰς
2459 4759 2804 4830 ἀνθρωπίνας
2842 4760 2961 4813 ἀντὶ
2994 4761 3102 4814 τῶν
3152 4762 3419 4833 οὐρανίων
3467 4763 3716 4834 θηρεύων

2129 4851 2325 4923 τιμὰς,
2354 4851 2429 4914 ὡς
2471 4851 2632 4915 αὐτὸς
2666 4849 2768 4904 πού
2812 4869 2974 4922 φησιν
3025 4855 3054 4906 6
3085 4853 3286 4924 Κύριος
3306 4871 3319 4885 ·
3361 4873 3379 4905 ι
3404 4853 3530 4918 Πῶς
3560 4854 3716 4912 adva-

2129 4943 2222 4996 σθε
2255 4944 2411 5014 ὑμεῖς
2437 4941 2712 4996 πιστεύειν
2731 4981 2744 5005 ,
2787 4941 2946 5010 δόξαν
2972 4945 3102 5016 παρ’
3129 4945 3372 5016 ἀλλήλων
3403 4945 3467 4998 λα
3477 4946 3714 5016 μϐάνονν

2123 5054 2215 5099 τες
2235 5079 2248 5102 ,
2277 5036 2371 5089 καὶ
2395 5035 2492 5107 τὴν
2520 5035 2678 5100 δόξαν
2707 5037 2804 5106 τὴν
2839 5037 2988 5108 παρὰ
3017 5037 3110 5090 τοῦ
3145 5039 3304 5109 μόνου
3345 5038 3478 5092 Θεοῦ
3513 5039 3576 5093 οὐ
3609 5038 3709 5110 ζη-

2123 5126 2370 5193 τοῦντες;
2403 5146 2421 5179 ι
2468 5127 2716 5198 Ἀγάπης
2767 5123 2859 5182 οῦν
2909 5131 3042 5200 ἡμῖν
3073 5129 3356 5202 παρούσης
3399 5130 3493 5184 τοῦ
3547 5131 3707 5195 Θεοῦ,

2123 5219 2336 5290 ἀνάγκη
2377 5220 2472 5273 καὶ
2502 5221 2569 5274 τὰ
2602 5220 2763 5274 λοιπά
2786 5220 2959 5290 ταύτῃ
3000 5221 3348 5287 συνέπεσθαι,
3373 5223 3467 5275 ml.
3495 5222 3560 5277 τὸ
3582 5224 3704 5294 φιλ-

2127 5308 2352 5377 άδελφον
2376 5350 2392 5375 ,
2442 5309 2504 5362 τὸ
2544 5312 2718 5383 πρᾶον
2743 5351 2757 5375 ,
2789 5311 2850 5363 τὸ
2888 5310 3245 5382 ἀνυπόκριτον
3270 5350 3284 5375 ,
3331 5311 3393 5364 τὸ
3436 5313 3568 5385 περὶ
3607 5313 3706 5378 τάς

2125 5400 2289 5471 εὐχάς
2321 5401 2543 5472 διαρκὲς
2581 5403 2672 5455 καὶ
2699 5402 3006 5467 σπουδαῖον,
3037 5403 3130 5455 ml.
3158 5402 3344 5467 ἁπλῶς
3369 5405 3550 5458 πᾶσαν
3577 5404 3705 5474 ἀρε-

2119 5493 2236 5562 τήν.
2286 5493 2372 5556 Ὣς
2403 5493 2458 5546 δὲ
2494 5493 2729 5564 μεγάλου
2758 5492 2850 5546 τοῦ
2897 5494 3174 5564 κτήματος
3211 5493 3395 5558 ὄντος,
3449 5494 3703 5566 μεγάλων
