4034 6132
250 284 341 343 ὅθι
1408 278 1498 334 DE
1527 274 1905 335 INSTITUTO
1933 274 2369 336 CllRlSTlANO.
3417 275 3524 333 30%

257 405 337 461 δεῖ
365 402 541 457 πόνων
572 402 706 474 περὶ
740 402 839 473 τὴν
866 400 1080 473 κτῆσιν,
1112 400 1174 455 οὐ
1208 402 1345 473 πρὸς
1373 400 1598 468 ἔνδειξιν
1635 400 1844 476 ἀνθρώ-

1963 408 2030 459 est
2058 402 2362 473 possessio,
2394 400 2609 473 magnis
2637 399 2803 456 etiam
2836 397 2906 454 ad
2945 412 3067 456 eam
3128 395 3521 469 acquirendatn

254 513 370 550 πων
398 491 717 565 γινομένων,
748 492 864 547 ἀλλ’
891 493 973 555 είς
1009 491 1071 545 τὸ
1097 491 1292 562 ἀρέσαι
1323 491 1441 565 Θεῷ
1471 493 1550 564 τῷ
1574 494 1645 549 τά
1707 511 1841 568 κρυ-

1963 493 2233 550 ιεὸοτίδιιε
2298 507 2440 564 opus
2495 499 2633 549 est:
2687 505 2800 547 non
2851 490 2947 561 qui
2994 489 3061 544 ad
3099 488 3524 546 ostentationem

252 585 361 639 πτά
388 585 572 638 είδότι.
607 584 738 648 Τοῖς
771 582 829 637 δὲ
858 582 1116 651 ἀγαπῶσι
1157 581 1252 636 τὸν
1313 583 1446 640 Θεὸν
1496 584 1717 648 εὔκολος
1745 584 1843 638 καὶ

1963 583 2236 639 nominum
2264 583 2671 656 suscipiuntur,
2702 597 2896 640 verum
2929 581 2996 637 ad
3026 580 3351 652 placendum
3391 577 3523 646 Deo,

254 676 375 746 ήδῦς
405 675 436 728 ό
485 674 650 739 πόνος
675 673 784 728 τῶν
824 672 1056 727 ἐντολῶν
1081 714 1097 738 ,
1133 672 1370 744 ἐλαφρὸν
1414 675 1511 728 καὶ
1541 675 1841 746 ἐπέραστον

1963 677 2044 747 tui
2071 677 2292 732 occulta
2320 677 2498 732 novit.
2531 676 2700 747 Atqui
2725 674 2898 752 Deum
2922 672 3233 729 amantibus
3264 670 3443 728 facilis
3471 680 3525 726 et

253 771 378 841 ημῖν
403 767 499 821 τὸν
535 766 727 835 ἀγῶνα
752 766 854 838 τῆς
885 762 1025 835 πρὸς
1069 763 1278 818 ἐκεῖνον
1305 764 1526 835 ἀγάπης
1560 762 1838 834 ποιούσης.

253 861 339 914 Διὸ
369 859 467 914 καὶ
490 861 521 913 ό
547 858 795 930 Πονηρὸς
822 858 999 914 πάντα
1023 856 1347 926 ἀγωνίζεται
1366 857 1567 928 τρόπον
1594 854 1843 909 ἐκϐαλεῖν

253 951 341 1005 τὸν
365 950 462 1004 τοῦ
495 949 705 1022 Κυρίου
736 948 900 1018 φόϐον
935 950 1001 1002 ἐκ
1029 947 1138 1002 τῶν
1164 947 1351 1019 ψυχῶν
1385 947 1543 1019 ἡμῶν
1561 987 1576 1013 ,
1606 946 1701 1001 καὶ
1730 946 1845 1000 δια-

254 1039 412 1093 λῦσαι
441 1038 541 1109 τὴν
569 1037 711 1109 πρὸς
739 1038 944 1091 ἐκεῖνον
969 1037 1192 1108 ἀγάπην
1236 1037 1450 1109 ἡδοναῖς
1480 1034 1840 1107 παρανόμοις.

254 1129 434 1193 Δεινὸς
466 1130 580 1200 γάρ
619 1131 790 1195 ἐστιν,
825 1129 874 1181 εί
911 1128 1289 1200 ῥᾳθυμοῦντας
1319 1127 1471 1200 εὖροι
1510 1128 1638 1190 τοὺς
1671 1125 1843 1197 φύλα·

256 1238 357 1286 κας
378 1262 395 1287 ,
427 1220 626 1290 κλέψαι
674 1220 898 1292 καιρὸν,
933 1220 1029 1274 καὶ
1060 1218 1396 1274 ἐπεισελθεῖν
1436 1219 1550 1283 τοῖς
1583 1217 1684 1288 τῆς
1716 1217 1845 1288 ἀρε-

254 1313 356 1382 τῆς
386 1311 569 1374 πόνοις
594 1349 612 1373 ,
642 1310 738 1364 καὶ
764 1312 1128 1383 κατασπεῖραι
1168 1306 1248 1381 τῷ
1289 1309 1422 1380 σίτῳ
1448 1307 1518 1363 τά
1547 1306 1713 1362 αὐτοῦ
1760 1308 1844 1373 ζι-

257 1404 417 1469 ζάνια
432 1423 445 1434 ·
475 1401 767 1472 λοιδορίαν,
792 1402 954 1471 λέγω,
976 1403 1161 1471 τῦφον,
1183 1401 1509 1469 κενοδοξίαν,
1530 1400 1697 1471 τιμῆς
1725 1401 1845 1453 ἐπι-

257 1495 457 1567 θυμίαν
477 1536 492 1560 ,
536 1497 633 1549 καὶ
680 1496 750 1549 τὰ
793 1495 959 1549 λοιπά
985 1496 1084 1564 τῆς
1133 1495 1332 1559 κακίας
1361 1494 1843 1566 δημιουργήματα.

257 1590 350 1642 Δεῖ
366 1584 462 1641 οὖν
485 1587 866 1659 ἐγρηγορέναι,
885 1586 981 1642 καὶ
994 1590 1181 1660 τηρεῖν
1198 1587 1463 1642 πάντοθεν
1480 1586 1569 1640 τὸν
1601 1584 1846 1656 Ἐχθρὸν,

1946 766 2230 838 iucundus
2261 772 2347 823 est
2373 766 2531 822 labor
2559 764 2971 831 mandatorum,
3000 777 3126 818 cum
3158 762 3278 818 leve
3321 768 3376 817 et
3401 775 3523 833 gra-

1948 865 2066 913 tum
2110 856 2273 913 nobis
2305 862 2583 912 certamen
2632 853 2833 911 eliiciat
2871 854 3116 909 cbaritas
3147 866 3279 923 erga
3332 850 3522 907 Deum.

1950 948 2298 1022 Quapropter
2330 948 2511 1006 malus
2550 949 2700 1004 omni
2745 946 2961 1002 ratione
3010 944 3293 1001 contendit
3331 951 3393 998 ut
3430 942 3525 999 Dei

1951 1052 2159 1099 metum
2189 1057 2258 1098 ex
2306 1042 2506 1098 animis
2561 1039 2771 1097 nostris
2802 1038 3062 1110 expellat,
3094 1042 3150 1092 et
3181 1049 3421 1091 amorem
3470 1033 3529 1089 in

1952 1136 2126 1193 Deum
2160 1134 2542 1207 voluptatibus
2576 1130 2878 1203 illegitimis
2912 1128 3199 1184 dissolvat.
3236 1125 3531 1181 Enimvero

1953 1226 2173 1283 subtilis
2208 1233 2316 1291 est,
2344 1225 2391 1281 si
2419 1231 2700 1295 torpentes
2731 1220 2988 1278 socordia
3030 1217 3305 1274 invenerit
3345 1224 3533 1272 custo—

1954 1317 2074 1386 des,
2103 1319 2159 1372 in
2195 1314 2461 1387 rapienda
2482 1313 2917 1385 opportunitate,
2946 1320 3000 1367 et
3028 1311 3236 1367 sensim
3268 1309 3533 1366 invaden-

1955 1407 2044 1463 dis
2090 1407 2315 1462 virtutis
2376 1405 2698 1470 laboribus,
2734 1411 2899 1474 atque
2945 1401 3258 1458 inserendis
3306 1400 3535 1458 zizaniis
3584 1432 3591 1435 ι

1958 1500 2076 1555 suis
2123 1497 2404 1554 frumento
2449 1515 2464 1552 :
2522 1494 2831 1553 convicium
2884 1493 3030 1559 dico,
3062 1493 3284 1561 fastum,
3319 1492 3536 1548 inanem

1962 1591 2217 1661 gloriam,
2249 1588 2477 1647 honoris
2511 1587 2892 1658 cupiditatem,
2923 1593 2983 1642 et
3005 1586 3114 1641 alia
3163 1584 3286 1640 vitii
3321 1583 3533 1640 effecta.

257 1681 407 1743 ὅπως
438 1679 542 1733 κᾶν
569 1679 855 1752 προσϐάλῃ
883 1679 1005 1733 τινά
1040 1679 1289 1750 μηχανὴν
1321 1680 1411 1733 ὑπ’
1441 1677 1847 1749 ἀναισχυντίας,

1963 1684 2148 1756 Itaque
2175 1681 2405 1756 vigilare
2448 1688 2687 1753 oportet,
2718 1687 2774 1735 et
2823 1677 3067 1748 undique
3119 1676 3403 1732 inimicum
3435 1676 3537 1732 ob-
3585 1730 3594 1738 ,

260 1771 392 1842 πρὶν
430 1770 674 1840 ἅψασθαι
728 1770 830 1841 τῆς
872 1769 1052 1841 ψυχῆς
1108 1768 1572 1840 ἀποκρουσθῆναι.
1628 1770 1851 1841 Μνημοο

1963 1792 2201 1841 servare,
2241 1780 2304 1830 ut
2353 1772 2570 1830 etiamsi
2620 1768 2887 1826 fabricam
2941 1766 3246 1823 admoverit
3296 1767 3538 1838 aliquam

260 1863 447 1916 νεύετε
477 1861 535 1915 δέ
585 1879 677 1933 μοι
728 1860 965 1933 συνεχῶς
1013 1862 1109 1914 καὶ
1140 1861 1331 1915 τούτου
1355 1900 1371 1926 ,
1416 1862 1501 1915 δτι
1546 1861 1712 1915 Ἅϐελ
1753 1861 1853 1932 μὲν

1963 1882 2067 1942 prat
2111 1866 2452 1939 impudentia
2502 1876 2627 1929 sua,
2670 1870 2964 1932 antequam
3007 1858 3247 1914 animam
3285 1860 3536 1929 attingat,

261 1953 571 2024 προσέφερε
598 1951 679 2022 τῷ
714 1951 904 2026 Κυρίῳ
939 1952 1133 2007 θυσίαν
1179 1951 1288 2007 ἀπὸ
1332 1951 1447 2005 τῶν
1491 1950 1854 2023 πρωτοτόκων

1963 1960 2291 2017 excutiatur.
2325 1954 2443 2012 Hoc
2491 1968 2711 2026 quoque
2745 1952 3064 2022 frequenter
3102 1950 3159 2005 in
3215 1950 3536 2004 memoriam

260 2045 556 2117 προϐάτων
604 2044 702 2098 καὶ
741 2044 850 2098 ἀπὸ
891 2045 1159 2099 στεάτιιιιν⁸
1197 2044 1339 2098 Κάῐν
1377 2044 1436 2098 δὲ
1468 2044 1576 2097 ἀπὸ
1611 2044 1709 2115 μὲν
1744 2042 1855 2097 τῶν

1963 2059 2232 2114 revocate,
2262 2047 2410 2120 quod
2443 2045 2577 2101 Abel
2613 2044 2836 2114 quidem
2864 2039 3063 2097 obtulit
3095 2038 3540 2095 Domino-sacri-

261 2135 495 2208 καρπῶν
530 2136 633 2205 τῆς
657 2137 784 2206 γῆς,
807 2136 923 2190 ἀλλ’
956 2136 1057 2189 οὐκ
1080 2135 1189 2190 ἀπὸ
1210 2136 1322 2190 τῶν
1348 2136 1657 2209 προϐάτων·
1697 2155 1716 2188 ι
1741 2135 1856 2190 Καὶ

1963 2144 2142 2201 licium
2170 2141 2239 2198 de
2265 2136 2653 2213 primogenitis
2677 2133 2886 2202 ovium,
2926 2140 2980 2189 et
3001 2134 3068 2189 de
3088 2130 3339 2203 adipibus
3365 2150 3379 2186 :
3406 2130 3539 2186 Cain

260 2228 499 2295 ἐπεῖδε,›
533 2228 718 2297 φησιν,
755 2246 775 2279 ι
807 2229 835 2282 ό
868 2227 1000 2292 Θεὸς
1022 2228 1117 2282 ἐπὶ
1138 2229 1258 2291 ταῖς
1284 2228 1496 2292 θυσίαις
1527 2226 1623 2281 τοῦ
1649 2225 1817 2280 ’Δϐελ
1834 2238 1854 2261 ⁸

1963 2241 2139 2292 autem
2200 2248 2268 2289 ex
2312 2229 2588 2286 fructibus
2635 2225 2858 2299 quidem
2912 2235 3092 2288 terra,
3151 2224 3250 2280 sed
3300 2237 3412 2279 non
3472 2241 3542 2281 ex

260 2322 356 2373 ἐπὶ
386 2320 448 2373 δὲ
494 2323 609 2384 τοῖς
634 2319 827 2392 δώροις
872 2318 967 2373 τοῦ
995 2319 1135 2374 Κάῖν
1179 2320 1241 2373 οὐ
1283 2320 1605 2392 προσέσχεν.
1636 2336 1658 2372 ι
1696 2320 1855 2373 Ἐστι

1963 2325 2172 2381 ovibus.
2206 2341 2226 2375 ι
2253 2322 2318 2377 Et
2364 2319 2627 2390 respexit,
2661 2335 2682 2371 ι
2717 2317 2917 2388 inquit,
2952 2334 2973 2369 ι
3005 2314 3151 2373 Deus
3183 2316 3253 2371 ad
3286 2317 3543 2374 victimas

258 2413 448 2467 τοίνυν
475 2415 668 2484 μαθεῖν
696 2415 762 2467 ἐκ
791 2416 889 2485 τῆς
917 2412 1178 2483 ἱστορίας,
1205 2412 1281 2478 ὡς
1306 2413 1599 2484 εὐάρεστον
1632 2411 1714 2484 τῷ
1741 2413 1856 2467 Κυ-

1963 2414 2114 2482 Abel,
2178 2414 2247 2471 ad
2276 2426 2508 2469 munera
2567 2417 2752 2465 autem
2813 2407 2951 2464 Cain
2981 2422 3092 2463 non
3146 2408 3467 2463 attendit“.
3518 2429 3538 2462 ι

264 2505 370 2576 ρίῳ
398 2505 510 2557 πᾶν
530 2504 591 2558 τὸ
620 2504 760 2576 μετά
789 2502 957 2572 φόϐου
987 2505 1082 2558 καὶ
1102 2504 1357 2567 πίστεως,
1372 2504 1433 2557 οὐ
1461 2503 1523 2556 τὸ
1551 2500 1857 2565 πολυτελῶς

1963 2506 2131 2580 Igitur
2160 2521 2229 2563 ex
2271 2505 2508 2562 historia
2563 2517 2722 2560 sacra
2765 2502 2976 2559 discere
3007 2501 3134 2558 licet
3166 2517 3331 2573 quam
3386 2518 3545 2560 acce-

258 2598 396 2653 ἀνευ
446 2596 668 2667 ἀγάπης
714 2596 1016 2666 γινόμενον.
1050 2594 1186 2649 Οὐδὲ
1230 2594 1340 2666 γὰρ
1391 2593 1646 2666 Ἀϐραὰμ
1678 2592 1856 2657 ἄλλως

1963 2606 2115 2671 ptum
2145 2598 2219 2654 sit
2248 2596 2484 2652 Domino
2515 2609 2684 2650 omne
2739 2592 2888 2665 quod
2920 2607 3047 2648 cum
3104 2593 3301 2650 timore
3328 2602 3384 2650 et
3438 2596 3543 2658 ﬁde

261 2685 490 2751 ἐδέξατο
530 2683 630 2756 τὴν
669 2684 918 2753 εὐλογίαν
951 2682 1101 2755 παρά
1141 2682 1235 2736 τοῦ
1268 2682 1638 2754 Μελχισεδὲκ,
1676 2682 1853 2755 ἀλλ’ἢ

1963 2692 2039 2757 tit,
2071 2705 2185 2746 non
2216 2688 2362 2760 quod
2400 2694 2727 2756 sumptuose
2770 2684 2979 2754 absque
3009 2683 3301 2742 charitate.
3357 2685 3544 2758 Neque

260 2777 362 2842 τὰς
395 2776 655 2847 ἀπαρχάς
684 2776 781 2828 καὶ
804 2774 874 2828 τά
897 2774 1085 2847 καίρια
1116 2775 1457 2847 προσήνεγκε
1482 2774 1563 2846 τῷ
1593 2775 1732 2846 ίερεῖ
1758 2774 1855 2829 τοῦ

1963 2782 2104 2837 enim
2155 2780 2317 2835 aliter
2376 2774 2655 2833 Abraham
2690 2776 2997 2847 accepisset
3026 2776 3460 2834 benedictionem
3513 2794 3545 2834 a

260 2870 427 2925 Θεοῦ.
459 2871 668 2939 Καίρια
700 2867 759 2921 δὲ
802 2867 951 2935 λέγει
999 2866 1096 2920 καὶ
1126 2865 1409 2938 ἀκροθίνια
1434 2867 1545 2922 τῶν
1589 2867 1859 2938 ὑπαρχόν-

261 2979 373 3015 των
400 3000 419 3024 ,
453 2959 627 3030 αὐτὴν
659 2957 758 3029 τὴν
791 2957 968 3027 ψυχὴν
1002 2957 1098 3012 καὶ
1147 2957 1240 3011 τὸν
1271 2957 1396 3011 νοῦν
1415 2998 1430 3024 ,
1460 2957 1697 3012 κελεύων
1723 2959 1858 3029 ἡμῖν

267 3054 341 3124 μὴ
379 3049 780 3124 μικροπρεπῶς
809 3049 958 3103 θύειν
986 3049 1066 3119 τῷ
1087 3048 1207 3120 Θεῷ
1234 3048 1333 3113 τὰς
1362 3049 1601 3113 αίνέσεις
1632 3050 1726 3103 καὶ
1758 3049 1857 3114 τὰς

263 3145 459 3216 εὐχὰς,
496 3142 631 3214 μηδὲ
655 3141 725 3195 τά
752 3140 983 3211 τυχόντα
1022 3139 1102 3212 τῷ
1119 3140 1362 3213 Δεσπότῃ
1392 3141 1687 3213 προσάγειν
1703 3181 1720 3208 ,
1749 3139 1864 3195 ἀλλ’

262 3240 402 3292 εἴτι
443 3235 660 3306 καίριον
691 3232 791 3302 τῆς
817 3232 994 3304 ψυχῆς
1016 3275 1031 3297 ,
1069 3231 1269 3301 μᾶλλον
1304 3232 1364 3293 δὲ
1395 3231 1565 3302 αὐτὴν
1597 3231 1696 3305 τὴν
1736 3230 1864 3305 ὃλην

264 3327 584 3385 ἀνατιθέναι
608 3326 750 3397 Θεῷ.
781 3326 917 3396 Περὶ
948 3324 1128 3395 μέντοι
1151 3323 1265 3379 τῶν
1295 3324 1398 3395 τῆς
1426 3324 1627 3395 ἀρετῆς
1654 3323 1862 3395 μερῶν,

264 3422 427 3474 ποῖον
455 3419 710 3488 κρεῖττον
735 3414 1009 3486 ἡγεῖσθαι,
1051 3414 1145 3468 καὶ
1177 3414 1281 3486 πρὸ
1319 3413 1428 3467 τῶν
1462 3413 1637 3469 ἀλλων
1673 3414 1864 3487 ἐπιτη-

264 3513 452 3567 δεύειν
477 3550 495 3574 ,
534 3510 633 3563 καὶ
665 3510 816 3562 ποῖον
870 3506 1060 3561 τούτου
1116 3505 1368 3579 δεύτερον
1394 3545 1412 3572 ,
1460 3506 1555 3561 καὶ
1598 3506 1669 3560 τὰ
1703 3505 1866 3561 λοιπά

266 3602 472 3675 ἐφεξῆς
495 3641 513 3666 ,
562 3601 666 3655 οὐκ
721 3600 869 3653 ἐστιν
921 3602 1116 3653 εἰπεῖν.
1184 3599 1453 3671 Ἀλλήλων
1507 3599 1614 3672 γὰρ
1663 3600 1865 3672 ὁμοίως

265 3695 487 3766 ἔχονται
509 3732 527 3756 ,
546 3692 642 3745 καὶ
659 3692 728 3745 δι’
740 3691 987 3761 ἀλλήλων
1008 3690 1101 3743 ἐπὶ
1122 3689 1219 3761 τὴν
1235 3690 1477 3762 κορυφὴν
1500 3692 1627 3754 τοὺς
1649 3691 1867 3763 χρωμέ-

264 3802 395 3849 νους
415 3784 734 3852 ἀνάγουσιν.
760 3782 826 3834 Ἦ
851 3780 949 3852 μὶν
966 3780 1072 3853 γάρ
1091 3778 1330 3853 ἁπλότης
1350 3784 1419 3853 τῇ
1454 3782 1665 3853 ὑπακοῇ
1688 3798 1867 3853 παρα-

264 3877 491 3932 δίδωσιν
512 3892 526 3905 ⁸
552 3876 588 3945 ἡ
615 3873 671 3927 δὲ
697 3871 935 3944 ὑπακοὴ,
951 3875 1018 3944 τῇ
1077 3872 1257 3927 πίστει
1282 3890 1297 3904 ο
1320 3873 1459 3945 αὐτη
1485 3875 1541 3929 δὲ
1561 3877 1627 3946 τῇ
1652 3875 1826 3929 ἐλπίδι
1846 3891 1863 3908 ·

267 3971 367 4023 καὶ
391 3970 427 4037 ἠ
458 3966 641 4032 ἐλπὶς,
659 3966 726 4037 τῇ
765 3964 1077 4037 δικαιοσύνῃ
1104 3982 1117 3997 ι
1162 3965 1391 4037 κάκείνη
1411 4008 1427 4030 ,
1470 3969 1538 4038 τῇ
1578 3967 1821 4039 διακονίᾳ
1848 3986 1863 4000 ο

269 4058 366 4113 καὶ
391 4055 556 4127 αὕτη,
578 4058 646 4125 τῇ
670 4055 1018 4126 ταπεινότητι
1036 4072 1052 4087 ο
1078 4056 1229 4128 παρά
1253 4056 1311 4109 δὲ
1339 4056 1540 4128 ταύτης
1562 4059 1596 4128 ἡ
1626 4060 1867 4132 πραότης

273 4145 792 4219 προλαμϐάνεται·
816 4148 848 4217 ἡ
869 4147 950 4211 δὲ,
975 4148 1041 4218 τῇ
1065 4148 1209 4218 χαρᾷ
1236 4148 1502 4219 προσάγει
1521 4164 1538 4180 ο
1560 4151 1593 4221 ἡ
1623 4148 1681 4203 δὲ
1701 4150 1865 4222 χαρὰ,

272 4242 339 4311 τῇ
372 4239 569 4310 ἀγάπη
587 4254 602 4270 ·
622 4239 826 4310 ἐκείνη,
844 4241 910 4309 τῇ
939 4239 1070 4311 εὐχῇ
1082 4256 1107 4310 ὀ
1135 4240 1231 4293 καὶ
1250 4238 1421 4303 οὕτως
1446 4240 1690 4313 ἀλλήλων
1718 4242 1869 4314 ἐξηρ-

273 4331 547 4402 τημέναι,
582 4329 677 4383 καὶ
724 4328 1092 4402 ἐξαρτήσασαι
1123 4332 1214 4384 τὸν
1244 4331 1498 4402 ἐχόμενον
1518 4372 1534 4397 ,
1567 4330 1655 4386 ἐπ’
1696 4333 1869 4406 αὐτὴν

1960 2871 2347 2936 Melchisedec,
2380 2870 2492 2925 nisi
2541 2868 2820 2941 primitias
2862 2875 2917 2923 et
2948 2867 3224 2940 praecipua
3255 2868 3548 2927 obtulisset

1958 2964 2232 3021 sacerdoti
2259 2962 2353 3019 Dei
2374 2962 2442 3017 ³¹¹.
2476 2960 2757 3030 Praecipua
2786 2974 2917 3016 vero
2961 2959 3113 3026 dicit,
3168 2967 3223 3016 et
3275 2961 3547 3033 primitias

1967 3056 2376 3121 manubiarum,
2410 3054 2648 3109 animam
2680 3053 2856 3124 ipsam
2878 3058 2933 3108 et
2957 3062 3215 3119 mentem,
3245 3051 3375 3109 dum
3408 3069 3547 3125 pm-

1966 3147 2102 3219 cipit
2130 3147 2290 3204 nobis
2318 3161 2434 3201 non
2470 3143 2693 3203 sordide
2722 3141 3037 3200 sacriﬁcare
3059 3143 3170 3198 Deo
3199 3142 3548 3202 laudationes

1964 3249 2018 3296 et
2054 3252 2290 3311 preces;
2322 3252 2387 3294 ac
2415 3252 2594 3308 neque
2622 3236 2854 3291 Domino
2886 3235 3093 3306 quaevis
3118 3233 3336 3303 olferre,
3369 3235 3466 3293 sed
3498 3238 3548 3295 si

1966 3331 2098 3403 quid
2129 3332 2186 3386 in
2221 3330 2407 3385 anima
2442 3328 2769 3400 primarium
2807 3327 2993 3395 fuerit,
3026 3327 3137 3383 imo
3163 3328 3338 3400 ipsam
3374 3334 3547 3385 totam

1965 3423 2078 3479 Deo
2104 3436 2451 3480 consecrare.
2482 3418 2751 3477 Caeterum
2784 3434 2908 3493 qua:
2937 3419 3162 3476 virtutis
3189 3428 3373 3491 partes
3402 3438 3548 3493 prae-

1965 3515 2263 3571 stantiores
2289 3513 2586 3570 censendae
2621 3512 2758 3576 sint,
2823 3520 2880 3567 et
2935 3512 3137 3580 quibus
3194 3513 3375 3581 primo
3422 3522 3550 3571 ante

1967 3607 2106 3664 alias
2136 3605 2565 3662 incumbendum
2598 3604 2688 3669 sit,
2715 3612 2771 3658 et
2823 3602 3057 3673 reliquis
3109 3601 3392 3675 deinceps,
3435 3607 3549 3663 dici

1965 3712 2075 3754 non
2104 3705 2307 3768 potest.
2354 3695 2492 3751 Nam
2523 3694 2757 3750 virtutes
2791 3694 2936 3750 inter
2965 3709 3024 3750 se
3056 3709 3321 3751 connexa:
3373 3710 3547 3757 sunt:

1967 3804 2032 3844 ac
2061 3803 2159 3861 per
2183 3803 2243 3845 se
2272 3788 2508 3844 invicem
2554 3786 2798 3842 cultores
2850 3785 2918 3841 ad
2953 3800 3216 3843 cacumen
3259 3790 3546 3859 extollunt.

1968 3881 2183 3938 Etenim
2217 3880 2550 3952 simplicitas
2597 3878 2928 3935 obedientiae
2976 3877 3178 3947 tradit,
3237 3880 3550 3938 obedientia

1934 3975 2093 4031 -ﬁdei
2120 3994 2135 4031 :
2169 3975 2284 4030 haec
2313 3989 2443 4029 vero
2475 3973 2615 4044 spei,
2643 3981 2698 4028 et
2737 3986 2865 4042 spes
2885 3971 3116 4042 justitia:
3141 3990 3156 4040 ;
3183 3972 3398 4043 justitia
3444 3976 3550 4030 mi—

1969 4067 2218 4131 nistcrio,
2263 4077 2320 4123 et
2352 4066 2724 4122 ministerium
2755 4064 3050 4132 humilitati
3085 4081 3101 4133 ;
3133 4065 3203 4122 ab
3231 4066 3336 4124 hac
3363 4076 3546 4125 autem

1968 4160 2260 4217 clementia
2313 4159 2638 4223 assumitur,
2700 4173 2822 4230 qua:
2859 4158 3058 4230 gaudio
3089 4157 3381 4229 admovet;
3416 4179 3550 4234 gau-

1968 4252 2117 4307 dium
2142 4251 2396 4307 charitati
2421 4267 2436 4315 ;
2462 4251 2579 4305 haec
2603 4248 2899 4321 precationi
2928 4267 2944 4304 :
2971 4256 3025 4305 et
3050 4251 3132 4306 sic
3159 4267 3190 4306 a
3222 4267 3281 4308 se
3314 4253 3549 4312 invicem

1969 4343 2228 4415 pendent,
2283 4349 2339 4398 et
2373 4341 2663 4398 sublimem
2691 4356 2816 4395 eum
2850 4340 2945 4411 qui
2994 4357 3272 4413 appeusus
3307 4341 3548 4399 adhaeret

272 4424 543 4491 ἀνάγουσι
598 4420 694 4476 τοῦ
755 4421 1091 4492 ποθουμένου
1137 4423 1236 4494 τὴν
1285 4425 1533 4497 κορυφὴν
1558 4468 1570 4489 ,
1616 4425 1859 4501 καθάπερ

1969 4435 2037 4490 ad
2075 4437 2253 4505 ipsum
2310 4433 2570 4490 verticem
2611 4440 2812 4504 Optata:
2846 4431 2924 4489 rei
2984 4433 3212 4499 vehunt,
3269 4432 3431 4488 sicuti
3481 4450 3549 4489 ex

274 4512 613 4575 ἀπεναντίας
651 4513 686 4582 ἡ
722 4513 956 4584 πονηρία
1001 4514 1128 4577 τοὺς
1156 4514 1355 4585 ἑαυτῆς
1394 4515 1611 4584 φίλους,
1642 4516 1732 4571 διά
1758 4517 1867 4572 τῶν

272 4604 497 4659 οἰκείων
522 4604 696 4675 αὐτῆς
728 4604 931 4675 μερῶν,
956 4605 1047 4658 ἐπὶ
1089 4605 1190 4676 τὴν
1229 4605 1464 4678 ἐσχάτην
1500 4608 1729 4678 κατάγει
1770 4624 1869 4663 κα·-

274 4694 423 4748 κίαν.
469 4695 565 4746 Δεῖ
611 4694 670 4747 δὲ
719 4694 866 4764 ἡμᾶς
904 4697 969 4766 τῇ
1009 4695 1141 4767 εὐχῇ
1200 4695 1364 4750 πλέον
1403 4697 1865 4772 προσκαρτερεῖνο

272 4780 389 4840 οἷον
420 4786 532 4857 γάρ
575 4786 870 4858 κορυιραῖός
898 4803 984 4849 τις
1027 4786 1122 4839 τοῦ
1148 4786 1311 4858 χοροῦ
1336 4787 1445 4841 τῶν
1472 4790 1684 4861 ἀρετῶν
1726 4789 1863 4864 αὕτη

272 4880 576 4949 τυγχάνει,
608 4880 705 4932 καὶ
754 4878 1014 4932 συνάπτει
1046 4878 1110 4932 δι’
1147 4879 1433 4950 ἁγιότητος
1479 4883 1746 4952 μυστικῆς
1772 4883 1865 4937 καὶ

276 4970 667 5041 πνευματικῆς
701 4970 981 5041 ἐνεργείας
1014 4970 1109 5024 καὶ
1149 4972 1442 5035 διαθέσεως
1478 4972 1717 5046 ἀρρήτου
1745 4975 1865 5047 Θεῷ

273 5064 370 5116 τὸν
387 5065 456 5135 τῇ
489 5063 624 5133 εὐχῇ
659 5062 1170 5134 προσκαρτεροῦντα
1190 5079 1206 5095 ο
1236 5062 1296 5128 ὃς
1319 5062 1456 5129 ζέων
1484 5062 1564 5136 τῷ
1586 5065 1753 5138 πόθῳ,
1770 5067 1834 5120 κό
1850 5099 1864 5108 ο

277 5169 375 5224 ρον
422 5153 527 5222 τῆς
580 5154 750 5224 εὐχῆς
786 5154 884 5224 οὐχ
931 5153 1174 5226 εὑρίσκει
1201 5171 1217 5187 °
1264 5156 1353 5209 ἀεὶ
1389 5156 1448 5209 δὲ
1486 5154 1565 5226 τῷ
1593 5157 1741 5230 πόθῳ
1768 5158 1864 5213 τοῦ

275 5245 489 5314 ἀγαθοῦ
513 5246 851 5318 εὑρίσκεται,
884 5246 1025 5301 κατά
1048 5247 1111 5301 τὸ
1135 5247 1422 5320 εἰρημένον
1439 5265 1454 5280 ·
1497 5267 1518 5301 ι
1545 5250 1608 5304 Oi
1630 5249 1868 5323 τρώγον-

275 5336 373 5398 τὲς
395 5354 484 5405 με,
512 5336 592 5390 ἔτι
624 5337 940 5391 πεινάσουσι
963 5353 980 5366 ·
1012 5339 1104 5391 καί
1128 5339 1177 5392 oi
1205 5340 1447 5404 πίνοντές
1482 5356 1572 5412 με,
1607 5340 1686 5395 ἔτι
1708 5341 1866 5414 διψή-

280 5441 458 5479 σουσι.
487 5445 509 5478 ι
538 5427 651 5480 Καὶ
683 5427 942 5498 ἀλλαχοῦο
986 5428 1268 5492 ιἘδωκας
1304 5429 1642 5502 εὐφροσύνην
1664 5433 1745 5496 είς
1769 5434 1868 5503 τὴν

280 5516 512 5586 καρδίαν
546 5532 674 5588 μου.
701 5533 721 5566 ι
760 5516 870 5570 Καὶ
896 5519 925 5571 ό
955 5517 1181 5587 Κύριος·
1219 5535 1239 5570 ι
1271 5518 1336 5572 Ἦ
1368 5509 1616 5589 βασιλεία
1645 5519 1752 5574 τῶν
1774 5522 1865 5574 οὐ·

1971 4527 2200 4581 adverso
2224 4525 2547 4596 improbitas
2569 4525 2779 4580 amicos
2807 4540 2940 4581 suos
2969 4540 3062 4593 per
3085 4520 3334 4596 proprias
3365 4532 3549 4595 partes

1971 4630 2101 4671 suas
2129 4613 2195 4669 ad
2221 4622 2529 4670 extremam
2566 4614 2827 4685 deprimit
2855 4613 3176 4685 nequitiam.
3216 4613 3381 4669 Nobis
3419 4630 3550 4669 vero

1970 4708 2205 4778 amplius
2247 4706 2486 4761 orationi
2539 4705 2906 4762 insistendum
2955 4712 3080 4761 est:
3130 4705 3400 4777 siquidem
3436 4705 3549 4762 haec

1969 4797 2135 4851 veluti
2172 4795 2325 4850 chori
2358 4796 2624 4849 virtutum
2649 4794 2894 4849 antistita
2923 4794 3173 4865 quaedam
3205 4803 3310 4860 est,
3356 4805 3410 4851 et
3454 4813 3550 4868 per

1970 4888 2320 4944 sanctitatem
2351 4900 2607 4941 arcanam
2653 4892 2709 4941 et
2761 4886 3101 4956 spiritualem
3170 4886 3438 4943 actionem
3494 4897 3550 4945 et

1971 4976 2224 5034 allectum
2259 4974 2703 5038 inenarrabilem,
2738 4973 2849 5030 Deo
2888 4974 3173 5046 coniungit
3205 4991 3329 5031 eum
3364 4977 3457 5049 qui
3491 4978 3549 5045 in

1970 5084 2134 5140 prece
2162 5074 2514 5139 perseverat;
2543 5068 2638 5138 qui
2667 5066 2940 5123 desiderio
2968 5063 3209 5131 fervens,
3240 5068 3547 5141 satietatem

1970 5157 2306 5229 precationis
2335 5172 2444 5212 non
2476 5156 2687 5213 invenit
2714 5174 2728 5211 :
2768 5156 2880 5211 imo
2919 5170 3135 5225 semper
3165 5170 3195 5209 a
3226 5155 3354 5211 boni
3384 5171 3550 5228 appe-

1973 5249 2078 5302 titu
2130 5247 2429 5317 corripitur
2480 5247 2638 5316 juxta
2669 5247 2722 5302 id
2775 5246 2920 5318 quod
2980 5244 3186 5300 dictum
3234 5254 3355 5303 est:
3390 5265 3409 5299 ι
3443 5247 3547 5315 Qui

1973 5339 2145 5395 edunt
2179 5353 2282 5402 me,
2316 5337 2496 5391 adhuc
2525 5337 2792 5402 csurient,
2821 5346 2875 5392 et
2899 5337 2994 5408 qui
3018 5336 3211 5392 bibunt
3236 5353 3344 5403 me,
3369 5337 3552 5396 adhuc

1974 5430 2165 5487 sitient
2188 5426 2253 5484 ³⁸.
2297 5447 2316 5482 ι
2378 5429 2556 5501 Atque
2620 5429 2789 5484 alibi:
2827 5447 2845 5481 ι
2918 5428 3124 5486 Dedisti
3182 5430 3426 5486 laetitiam
3492 5431 3551 5487 in

1975 5521 2138 5578 corde
2168 5536 2291 5577 meo
2315 5521 2379 5573 3’.
2422 5540 2441 5572 ι
2502 5519 2567 5574 Et
2605 5518 2893 5587 Dominus,
2930 5539 2951 5575 ι
2991 5519 3231 5592 Regnum
3284 5522 3551 5580 caelorum

359 5695 404 5727 ³⁸
428 5695 562 5752 Gen.
608 5710 683 5763 tv,
720 5695 776 5760 4,
807 5694 860 5749 5.
957 5695 1000 5727 ³⁷
1027 5692 1161 5751 Gen.
1194 5712 1304 5763 xw,
1340 5695 1406 5751 18
1434 5712 1556 5766 sqq.
1651 5697 1696 5729 ³⁸
1718 5695 1859 5753 Eccli

1963 5714 2069 5761 ωε.
2099 5697 2192 5756 29.
2244 5665 2312 5734 “³⁹
2340 5699 2486 5757 Psal.
2521 5717 2596 5758 ιν.
2628 5703 2683 5758 7.
