4034 6132
491 245 598 300 305
624 208 630 214 ’

1763 234 1819 288 s.
1861 195 2186 288 c'neconn
2212 229 2505 286 NYSSENI

3651 233 3761 288 304

491 357 636 412 intra
695 371 793 412 vos
849 357 1018 413 est“.
1077 375 1096 406 ι
1159 354 1406 426 Regnum
1463 350 1755 422 appellavit
1807 349 2065 423 gaudium

2173 348 2351 420 ρανῶν
2401 345 2548 410 ἐντὸς
2583 344 2738 418 ὑμῶν
2783 345 2920 399 ἐστι.
2959 345 3242 400 Βασιλείαν
3290 345 3348 400 δὲ
3401 345 3500 416 τὴν
3557 345 3764 400 ἄνωθεν

494 447 734 517 desuper
767 447 992 502 insitum
1041 445 1238 499 animis
1275 459 1372 514 per
1424 443 1672 514 spiritum
1711 459 1723 494 :
1782 438 1927 509 quod
1981 445 2064 492 est

493 537 729 592 arrhabo
763 535 1081 606 sempiterni
1112 534 1321 607 gaudii,
1355 548 1464 604 quo
1493 545 1622 588 tunc
1655 531 1906 588 fruentur
1939 544 2067 584 san-

493 637 708 684 ctorum
744 627 955 681 animm.

564 720 735 789 Igitur
768 717 1027 786 quoniam
1063 717 1398 772 declaratum
1427 721 1510 773 est
1551 716 1674 786 quis
1727 714 1799 769 sit
1846 712 2066 784 pictatis

491 826 712 880 scopus,
753 826 917 879 quem
976 810 1044 863 iis
1108 809 1452 880 propositum
1485 822 1608 864 esse
1658 805 1935 870 convenit,
1971 803 2064 874 qui

489 901 602 956 Deo
632 901 856 956 charam
896 901 1197 957 instituunt
1229 901 1416 967 vitam,
1452 915 1573 970 qua:
1602 907 1687 955 est
1717 899 1911 952 animm
1932 911 2064 967 pur-

490 978 748 1063 gatio,'et
776 991 1017 1062 Spiritus
1042 992 1220 1046 sancti
1254 1007 1350 1062 per
1383 992 1650 1046 bonorum
1681 1004 1906 1060 operum
1939 1003 2065 1058 pro-

489 1085 691 1139 fectum
723 1084 1051 1138 inliabitatio
1077 1104 1089 1138 :
1117 1085 1355 1153 quisque
1378 1093 1618 1138 vestrum
1651 1084 1831 1136 anima
1861 1096 1925 1136 eo
1954 1095 2062 1150 quo

489 1171 926 1243 demonstratum
980 1181 1063 1225 est
1123 1170 1288 1226 modo
1354 1181 1680 1242 praeparata,
1739 1185 1803 1224 ac
1864 1169 2064 1224 referta

492 1277 677 1316 amore
723 1261 946 1326 divino,
995 1263 1068 1314 ita
1121 1262 1362 1331 seipsum
1425 1262 1676 1331 precibus
1738 1269 1792 1316 et
1840 1261 2067 1329 jejuniis

407 1408 416 1416 ,
488 1349 691 1413 tradat,
730 1365 938 1404 memor
968 1349 1090 1417 ejus
1144 1351 1238 1420 qui
1285 1349 1353 1404 ad
1403 1348 1626 1404 assidue
1659 1349 1926 1404 orandum
1969 1363 2066 1403 co-

487 1438 759 1503 hortatur,
817 1449 873 1494 et
928 1439 996 1493 ad
1049 1456 1158 1494 non
1195 1441 1438 1510 segniter
1493 1439 1786 1510 agendum.
1847 1439 2064 1494 Etenim

489 1529 752 1584 sedulitas
785 1532 836 1584 in
864 1533 1199 1601 precatione,
1219 1547 1416 1602 magna
1434 1532 1593 1587 nobis
1623 1532 1888 1601 largitur:
1923 1531 2067 1586 dun-

487 1628 637 1673 taxat
669 1621 878 1675 intenta
909 1628 962 1675 et
990 1629 1138 1675 recta
1167 1620 1507 1676 conscientia
1562 1619 1727 1674 faciat
1763 1621 1865 1676 hoc
1905 1621 2062 1690 quis-

2169 441 2290 502 ταῖς
2330 437 2527 509 ψυχαῖς
2559 437 2647 492 διὰ
2687 437 2780 490 τοῦ
2821 435 3138 507 Πνεύματος
3167 437 3522 508 ὲγγινομένην
3561 437 3765 507 εὐφρο-

2167 529 2334 598 σύνην
2366 527 2659 593 ἐκάλεσεν,
2725 527 2849 597 ἥτις
2890 527 3039 580 ἐστὶν
3089 525 3346 597 ἀρραϐὼν
3385 526 3484 598 τῆς
3539 526 3766 581 αίωνίου

2170 619 2348 688 χαρᾶς
2368 657 2382 678 ,
2411 611 2480 688 ἦς
2515 617 2882 671 ἀπολαύσουσι
2914 617 3036 670 τότε
3064 618 3121 670 αἱ
3149 616 3257 672 τῶν
3299 617 3468 685 ἁγίων
3491 617 3687 690 ψυχαί.

2249 710 2400 762 Ἐπεὶ
2427 710 2602 763 τοίνυν
2631 709 2923 774 δέδεικται,
2951 708 3034 772 τίς
3053 710 3082 761 ὁ
3101 710 3201 779 τῆς
3232 709 3510 771 εὐσεϐείας
3535 711 3765 775 σκοπὸς,

2166 801 2224 854 ὃν
2250 802 2356 874 χρὴ
2385 803 2704 873 προκεῖσθαι
2729 804 2841 865 τοῖς
2864 803 2956 855 τὸν
2980 800 3202 870 Θεοφιλῆ
3241 801 3353 871 βίον
3387 801 3758 872 αἱρουμένοις,

2165 894 2224 956 ὅς
2267 895 2382 946 ἐστι
2428 894 2608 964 ψυχῆς
2639 893 3008 964 καθαρισμδς,
3053 893 3146 946 καὶ
3182 891 3276 945 τοῦ
3327 893 3645 964 Πνεύματος
3691 891 3763 946 δι’

2166 981 2342 1054 ἔργων
2376 982 2595 1051 ἀγαθῶν
2647 983 2930 1052 προκοπῆς
2980 983 3288 1053 ὲνοίκησις·
3342 982 3572 1048 ἕκαστος
3604 985 3764 1054 ὑμῶν

2167 1074 2310 1128 κατά
2350 1075 2441 1128 τὸν
2480 1075 2871 1146 ἀποδειχθέντα
2924 1074 3124 1147 τρόπον
3177 1076 3606 1147 παρασκευάσας
3661 1077 3763 1147 τὴν

2167 1164 2364 1236 ψυχὴν,
2391 1167 2484 1218 καὶ
2513 1167 2715 1237 μεστὴν
2743 1167 2886 1219 θείου
2911 1167 3139 1236 ποιήσας
3165 1166 3395 1237 ἔρωτος,
3423 1167 3596 1231 οὕτως
3625 1170 3764 1222 ἀπο-

2167 1255 2304 1308 δότω
2338 1256 2528 1310 ἐαυτὸν
2560 1260 2680 1320 ταῖς
2717 1258 2906 1327 εὐχαῖς
2939 1257 3032 1310 καὶ
3059 1259 3361 1326 νηστείαις,
3411 1259 3764 1329 μεμνημένος

2168 1345 2263 1402 τοῦ
2300 1347 2775 1417 παρακαλοῦντος,
2830 1348 2890 1400 τὸ
2927 1347 3285 1410 ἀδιαλείπτως
3337 1349 3760 1419 προσεύχεσθαι,

2170 1438 2264 1492 καὶ
2317 1438 2390 1509 μὴ
2435 1439 2712 1493 ἐκκακεῖν.
2765 1438 2827 1492 Ἦ
2861 1439 2967 1511 γὰρ
2999 1439 3128 1510 περὶ
3171 1439 3268 1510 τὴν
3315 1441 3478 1511 εὐχὴν
3533 1441 3759 1512 σπουδὴ,

2175 1529 2385 1602 μεγάλα
2435 1531 2564 1600 ἡμῖν
2615 1529 2938 1601 χαρίζεται·
2982 1531 3140 1600 μόνον
3199 1532 3434 1602 συντόνῳ
3483 1533 3576 1586 καὶ
3624 1534 3760 1604 ὀρθῇ

2175 1622 2472 1680 συνειδήσει
2495 1622 2653 1676 τοῦτο
2682 1623 2902 1675 ποιοίτω
2928 1622 3176 1688 ἕκαστος,
3213 1624 3461 1694 μηδαμοῦ
3490 1626 3635 1678 κατά
3659 1626 3762 1696 τὴν

487 1727 632 1782 quc;
669 1727 936 1782 nusquam
970 1713 1302 1782 cogitatione
1368 1720 1566 1783 sponte
1627 1714 2062 1784 circumvagans,

2171 1710 2406 1767 διάνοιαν
2435 1713 2695 1776 ἑκουσίως
2723 1712 3206 1784 περιπλανώμενος
3229 1732 3243 1746 ·
3280 1715 3412 1783 μηδὲ
3448 1715 3643 1787 ὥσπερ
3667 1717 3763 1770 ὑπ’

488 1819 666 1873 neque
695 1813 753 1858 ut
804 1806 1130 1860 necessitate
1163 1818 1414 1860 exortum
1459 1806 1701 1861 debitum
1752 1805 2066 1870 exsolvens,

490 1893 584 1949 sed
643 1894 808 1948 animi
863 1895 1196 1950 desiderium
1250 1904 1417 1966 atque
1469 1911 1711 1953 amorem
1762 1897 2065 1967 complens.

491 1981 758 2054 Suggeret
784 1985 949 2039 etiam
984 1985 1250 2042 Dominus
1285 1987 1402 2057 ipse
1429 1989 1770 2058 petentibus,
1794 1987 2068 2058 quomodo

487 2077 817 2146 precandun
861 2079 953 2144 sit,
978 2078 1134 2147 juxta
1161 2080 1213 2134 id
1243 2081 1387 2151 quod
1421 2081 1624 2136 dictum
1658 2089 1771 2137 est:
1807 2080 1914 2148 Qui
1946 2088 2069 2152 pre—

489 2183 610 2223 cem
643 2170 736 2224 dat
770 2171 1034 2240 precanti.
1064 2171 1236 2241 Igitur
1264 2183 1318 2226 et
1354 2179 1541 2242 petere
1571 2180 1811 2242 oportet,
1847 2179 1901 2227 et
1926 2172 2069 2227 scire

488 2272 612 2312 eum
643 2258 816 2328 quiin
880 2259 1371 2330 precatione,qua:
1435 2261 1576 2314 tanti
1631 2261 1894 2316 momenti
1961 2269 2066 2325 est,

487 2356 827 2418 perseverat,
869 2366 1063 2422 magno
1113 2351 1298 2406 studio
1338 2367 1644 2423 magnaque
1685 2354 1882 2407 virium
1932 2368 2066 2408 con-

487 2441 748 2505 tcutione,
783 2450 1063 2496 certamen
1112 2442 1319 2497 subire.
1359 2443 1632 2508 Quoniam
1692 2444 1880 2498 vitium
1930 2444 2067 2499 insi-

487 2532 672 2587 diatur
723 2531 998 2601 ejusmodi
1064 2533 1460 2602 potissimum,
1518 2533 1761 2604 undique
1824 2535 2068 2590 studium

488 2623 708 2680 honesti
738 2640 992 2694 quaerens
1022 2633 1288 2681 evertere.
1326 2623 1464 2680 llinc
1510 2627 1760 2695 corporis
1798 2637 1851 2682 et
1901 2627 2068 2681 animi

489 2715 662 2781 labes,
697 2715 825 2771 inde
849 2717 1101 2782 mollitia,
1150 2725 1207 2772 et
1257 2717 1472 2771 incuria
1504 2727 1557 2772 et
1609 2718 1956 2788 negligentia,
2016 2725 2070 2773 et

490 2814 708 2873 caetera,
740 2807 944 2877 quibus
981 2808 1163 2862 anima
1199 2807 1540 2879 profligatur,
1575 2825 1671 2879 per
1699 2818 1884 2879 partes
1923 2809 2070 2868 dire-

490 2905 601 2968 pta,
646 2905 701 2950 et
765 2896 833 2951 ad
874 2898 1088 2952 hostem
1157 2913 1318 2952 suum
1351 2899 1657 2971 transfuga.
1695 2900 2066 2975 Quamobrem

489 3003 588 3059 par
616 2995 701 3045 est
743 2989 1035 3054 rationem,
1080 2998 1334 3060 tanquam
1374 2991 1698 3060 prudentem
1737 2994 2063 3063 gubernato-

489 3092 626 3146 rem,
684 3079 880 3133 animae
922 3078 1241 3148 praesidere,
1305 3087 1363 3133 ut
1425 3081 1596 3149 ipsam
1661 3091 1941 3152 comparet
2000 3083 2066 3138 ad

489 3177 640 3226 recta
677 3170 1068 3241 navigandum,
1104 3178 1159 3226 et
1186 3171 1569 3242 appellendum
1614 3173 1680 3226 ad
1712 3184 1926 3242 portum
1974 3177 2067 3246 qui

490 3280 711 3321 sursum
742 3269 823 3322 est
851 3283 864 3332 ;
897 3274 951 3320 et
975 3265 1224 3320 eamdem
1252 3265 1522 3336 integram
1561 3267 1754 3323 reddat
1807 3268 1938 3333 Deo,
1973 3272 2067 3340 qui

490 3356 614 3411 fidei
645 3357 924 3413 commisit
963 3365 1018 3413 et
1075 3357 1294 3428 repetit.
1352 3357 1526 3413 Porro
1581 3362 1903 3431 praepositos
1960 3379 2068 3416 una

489 3449 744 3520 opitulari
780 3451 906 3504 huic
933 3450 1110 3513 decet,
1171 3455 1339 3518 atque
1371 3450 1520 3503 omni
1558 3451 1744 3505 studio
1796 3459 1848 3505 et
1879 3451 2068 3506 admo-

486 3544 695 3598 nitione
751 3542 1027 3612 precantis
1087 3541 1442 3612 cupiditatem
1501 3542 1556 3595 in
1621 3542 1904 3612 proposito
1966 3555 2097 3616 suo.

485 3637 649 3690 alere.
676 3633 891 3690 Etenim
929 3648 1120 3690 eorum
1149 3633 1245 3702 qui
1292 3648 1418 3688 vere
1455 3641 1753 3704 precantur
1801 3633 2064 3687 virtutum

484 3729 697 3784 fructus
721 3729 1147 3799 intclligentibus
1173 3735 1450 3788 ostensus,
1520 3743 1628 3782 non
1663 3728 1730 3783 iis
1772 3729 1936 3783 modo
1973 3731 2066 3799 qui

486 3819 764 3891 progressi
808 3819 1033 3881 fuerint,
1078 3817 1174 3872 sed
1205 3825 1260 3871 et
1306 3817 1607 3871 infantibus
1639 3818 1839 3883 adhuc,
1875 3828 1929 3873 ct
1979 3818 2065 3872 di-

488 3909 736 3978 sciplina:
757 3906 1043 3975 egentibus
1075 3903 1225 3958 utilis
1260 3905 1498 3970 exsistit,
1535 3905 1662 3958 dum
1700 3905 1850 3974 ipsos
1882 3905 1948 3959 ad
2003 3921 2089 3971 ea.

487 4013 610 4069 quae
650 3995 838 4050 vident
884 3993 1153 4048 imitanda
1189 3995 1450 4048 concitat.
1497 3996 1764 4050 Caeterum
1810 4011 1958 4065 purae
2003 4011 2067 4050 ac

486 4090 717 4145 sincera:
741 4085 1072 4156 precationis
1096 4084 1308 4141 fructus
1333 4087 2063 4154 est,simplicitas,charitas,

487 4181 790 4247 humilitas,
831 4178 1147 4243 tolerantia,
1192 4178 1546 4235 innocentia:
1583 4181 1797 4251 aliaque
1827 4181 2066 4251 ejusmo-

485 4270 564 4338 di,
599 4285 720 4340 qua:
749 4267 971 4324 :eternis
999 4266 1273 4322 fructibus
1336 4279 1622 4336 antecunt,
1669 4286 1770 4341 per
1828 4271 2065 4326 studiosi

2168 1804 2418 1876 ἀνάγκης
2449 1803 2703 1858 ἀκούσιον
2735 1804 2891 1875 χρέος
2936 1804 3255 1871 ἀποδιδοὺς,
3291 1805 3403 1859 ἀλλ’
3449 1805 3629 1876 ἔρωτα
3663 1808 3762 1861 καὶ

2171 1895 2333 1947 πόθον
2362 1895 2695 1965 ἀποπληρῶν
2728 1895 2829 1963 τῆς
2865 1894 3062 1965 ψυχῆς.
3095 1893 3265 1948 Δῶσει
3314 1896 3370 1948 δὲ
3401 1897 3492 1950 καὶ
3537 1897 3701 1961 αὐτὸς
3733 1899 3763 1951 ό

2172 1987 2372 2056 Κύριος
2407 1989 2515 2048 τοῖς
2543 1985 2781 2038 αἰτοῦσιν
2815 1986 2963 2048 ὅπως
2995 1984 3250 2056 εὔχεσθαι
3285 1987 3382 2052 δεῖ,
3419 1987 3560 2041 κατά
3584 1989 3644 2041 τὸ
3679 1989 3762 2041 εί-
3861 2023 3867 2025 -

2176 2075 2408 2147 ρημένον
2449 2090 2461 2102 ·
2521 2076 2579 2128 '0
2629 2075 2803 2138 διδοὺς
2852 2075 3016 2146 εὐχὴν
3052 2077 3130 2146 τῷ
3182 2077 3479 2148 εὐχομένῳ.
3529 2080 3623 2132 Δεῖ
3665 2074 3764 2134 οὖν

2171 2172 2341 2223 αἰτεῖν
2369 2208 2384 2234 ,
2435 2169 2529 2222 καί⁵
2574 2168 2773 2222 εἰδέναι
2820 2169 2913 2221 τὸν
2958 2171 3022 2239 τῇ
3067 2170 3199 2241 εὐχῇ
3246 2170 3763 2241 προσκαρτεροῦντα

2173 2260 2459 2331 πράγματι
2486 2259 2724 2331 τοσούτῳ
2752 2301 2765 2326 ,
2797 2260 2935 2331 μετὰ
2980 2261 3182 2330 πολλῆς
3211 2263 3451 2333 σπουδῆς
3476 2264 3568 2317 καὶ
3601 2263 3762 2317 δυνά-

2176 2371 2328 2426 μεως,
2365 2353 2607 2408 ὲναθλεῖν
2659 2353 2736 2424 τῷ
2774 2353 2966 2422 ἀγῶνι.
3013 2354 3166 2407 Ἐπεὶ
3223 2356 3455 2426 μάλιστα
3502 2359 3536 2428 ἡ
3589 2358 3762 2412 κακία

2171 2447 2281 2507 τοῖς
2314 2443 2574 2508 τοιούτοις
2598 2444 2898 2513 ἐφεδρεύει,
2939 2444 3203 2498 πάντοθεν
3232 2445 3469 2517 ζητοῦσα
3503 2449 3762 2521 περιτρέ-

2171 2538 2269 2607 ψαι
2297 2535 2394 2607 τὴν
2424 2537 2679 2609 σπουδήν.
2723 2537 2963 2591 Ἐκεῖθεν
3012 2538 3192 2601 ἄνεσις
3236 2537 3486 2608 σώματος
3526 2539 3623 2592 καὶ
3654 2539 3762 2609 ψυ-

2173 2629 2276 2699 χῆς
2306 2645 2319 2660 ·
2361 2627 2611 2682 ἐντεῦθεν
2657 2627 2916 2698 μαλακία,
2969 2629 3062 2682 καὶ
3092 2628 3313 2699 ἀκηδία,
3347 2631 3442 2683 καὶ
3472 2630 3756 2703 ὀλιγωρία,

2172 2720 2267 2774 καὶ
2296 2718 2365 2772 τά
2387 2717 2571 2779 λοιπὰ,
2602 2717 2669 2770 δι’
2699 2709 2772 2772 ὧν
2801 2717 3101 2771 ἀπόλλυται
3131 2717 3277 2790 ψυχὴ
3309 2719 3448 2773 κατὰ
3481 2720 3646 2790 μέρος
3671 2721 3762 2792 ἀρ-

2173 2810 2477 2881 παζομένη,
2523 2811 2615 2863 καὶ
2644 2808 3018 2878 αὐτομολοῦσα
3050 2809 3185 2880 πρὸς
3212 2809 3303 2864 τὸν
3333 2810 3523 2882 ἐχθρὸν
3561 2812 3760 2883 αὐτῆς.

2173 2901 2295 2972 Χρὴ
2331 2897 2424 2954 οὖν
2453 2900 2745 2970 ἐφεστάναι
2781 2901 2847 2970 τῇ
2878 2900 3022 2970 ψυχῇ
3067 2900 3317 2973 καθάπερ
3365 2902 3528 2972 σοφὸν
3561 2903 3762 2974 κυϐερ-

2172 2991 2340 3061 νήτην
2386 2988 2476 3043 τδν
2545 2987 2802 3057 λογισμὸν
2837 3025 2852 3050 ,
2911 2989 3398 3058 παρασκευάζοντα
3445 2989 3762 3045 εὑθυπλοεῖν

2173 3081 2308 3150 πρὸς
2340 3080 2432 3133 τὸν
2461 3079 2572 3133 ἄνω
2605 3078 2800 3148 λιμένα
2826 3117 2841 3142 ,
2873 3079 2966 3132 καὶ
2996 3079 3094 3151 τὴν
3123 3079 3302 3151 ψυχὴν
3331 3081 3589 3153 ἀκέραιον
3619 3084 3762 3137 ἀπο·-

2170 3174 2378 3227 διδόντα
2417 3173 2495 3243 τῷ
2545 3173 2894 3228 πιστεύσαντι
2923 3173 3061 3244 Θεῷ.
3098 3174 3207 3226 Καὶ
3239 3175 3364 3238 τοὺς
3408 3177 3760 3245 προεστῶτας

2170 3265 2226 3318 δὲ
2256 3264 2361 3334 χρὴ
2391 3265 2901 3335 συναντιλαμϐάνειν
2925 3264 3003 3335 τῷ
3032 3263 3258 3335 τοιούτῳ
3281 3305 3298 3330 ,
3327 3267 3421 3319 καὶ
3451 3267 3538 3320 διὰ
3576 3269 3760 3340 πάσης

2173 3357 2409 3426 σπουδῆς
2442 3357 2535 3409 καὶ
2561 3355 2842 3418 νουθεσίας
2878 3355 3102 3427 τρέφειν
3146 3356 3245 3427 τὴν
3277 3359 3402 3428 περὶ
3432 3358 3492 3412 τὸ
3530 3362 3760 3430 προκεί-

2173 3464 2334 3518 μενον
2362 3445 2454 3499 τοῦ
2483 3447 2776 3517 εὐχομένου
2810 3447 3132 3517 ἐπιθυμίαν..
3158 3447 3278 3500 Τῶν
3310 3449 3416 3520 γὰρ
3462 3450 3630 3514 ὅντως
3665 3453 3759 3505 εύ-

2169 3538 2414 3608 χομένων
2437 3538 2465 3588 ὁ
2498 3539 2708 3610 καρπὸς
2737 3538 2844 3590 τῶν
2873 3537 3088 3609 ἀρετῶν
3109 3540 3222 3602 τοῖς
3254 3541 3522 3595 συνιοῦσιν
3555 3544 3758 3597 ἐπιδει-

2170 3629 2434 3700 κνύμενος
2460 3671 2474 3695 ,
2516 3630 2577 3682 ού
2607 3628 2685 3698 τῷ
2725 3628 3059 3699 προκόψαντι
3095 3630 3280 3701 μόνῳ,
3316 3631 3451 3685 ἀλλὰ
3503 3633 3594 3686 καὶ
3641 3637 3759 3699 τοῖς

2170 3721 2250 3774 ἔτι
2282 3722 2493 3792 νηπίοις
2521 3721 2615 3775 καὶ
2643 3720 2918 3791 δεομένοις
2946 3720 3294 3786 διδασκαλίας
3316 3763 3330 3786 ,
3361 3725 3626 3794 χρήσιμος
3669 3725 3759 3794 γί-

2169 3829 2339 3872 νεται,
2367 3812 2688 3883 προτρέπων
2715 3812 2909 3875 αὐτοὺς
2939 3814 3018 3871 εἰς
3052 3813 3280 3884 μίμησιν
3303 3806 3376 3866 ὧν
3397 3815 3586 3885 ὁρῶσι.
3610 3816 3760 3888 Καρ-

2170 3901 2268 3964 πὺς
2297 3901 2339 3954 δ’
2377 3901 2700 3973 εἰλικρινοῦς
2745 3901 2909 3971 εὐχῆς
2952 3902 3190 3972 ἁπλότης
3219 3943 3233 3968 ,
3295 3904 3480 3974 ἀγάπη
3505 3943 3519 3968 ,
3561 3921 3757 3959 ταπει-

2168 3992 2470 4064 νοφροσύνη
2493 4031 2507 4055 ,
2555 3991 2822 4063 καρτερία
2847 4031 2862 4055 ,
2896 3991 3098 4045 ἀκακία
3123 4031 3136 4054 ,
3174 3994 3268 4046 καὶ
3313 3993 3384 4046 τὰ
3428 3994 3686 4058 τοιαῦτα,
3719 3996 3754 4051 ἃ

2169 4085 2275 4155 πρὸ
2325 4082 2435 4136 τῶν
2487 4083 2720 4136 αἰωνίων
2779 4082 3041 4153 καρπῶν,
3100 4084 3251 4155 παρὰ
3300 4085 3390 4137 τὸν
3431 4085 3545 4154 βίον
3581 4088 3610 4138 ὁ
3657 4085 3752 4139 τοῦ

2171 4175 2458 4228 σπουδαίου
2617 4173 2847 4227 ἐνταῦθα
2881 4173 3184 4243 βλαστάνει.
3215 4175 3436 4239 Τούτοις
3461 4176 3593 4247 εὐχὴ
3623 4177 3756 4230 καλ-

2168 4268 2463 4333 λωπίζεται
2490 4269 2602 4330 τοῖς
2632 4267 2865 4337 καρποῖς
2895 4280 2908 4296 ·
2941 4266 3224 4337 ἀποροῦσα
3269 4267 3325 4321 δὲ
3363 4268 3566 4321 τούτων
3595 4309 3610 4333 ,
3646 4270 3754 4338 μά-

483 4361 720 4416 vitam...
757 4358 848 4414 hic
877 4358 1172 4429 pullulant.
1229 4357 1392 4413 Hisce
1455 4358 1728 4414 fructibus
1772 4358 2065 4414 decoratur

2170 4377 2317 4413 ταιον
2342 4359 2454 4430 ἔχει
2485 4360 2644 4411 πόνον
2664 4375 2677 4390 ο
2705 4358 2795 4410 καὶ
2824 4358 2923 4410 οὐκ
2950 4357 3088 4428 αύτὴ
3119 4358 3294 4427 μόνον,
3315 4359 3450 4413 ἀλλὰ
3481 4361 3572 4414 καὶ
3605 4362 3754 4414 πᾶσα

482 4453 772 4524 precatio:
833 4451 1040 4523 quibus
1076 4451 1121 4506 si
1183 4450 1543 4516 destituatur,
1607 4451 1824 4506 inanem
1895 4454 2062 4508 sumit

487 4546 730 4600 laborem
765 4562 778 4612 ;
816 4558 995 4614 neque
1039 4544 1156 4614 ipsa
1197 4541 1484 4605 duntaxat,
1536 4543 1631 4598 scd
1681 4544 1842 4599 etiam
1883 4543 2060 4598 omnis

482 4635 841 4704 philosophiae
879 4634 965 4688 via
993 4642 1046 4689 et
1087 4634 1251 4697 ratio,
1292 4650 1415 4704 quae
1447 4651 1667 4706 germen
1713 4635 1876 4691 habet
1907 4635 2057 4706 ejus-

481 4728 669 4794 modi,
714 4727 943 4796 justitiaa
999 4742 1191 4797 reapse
1247 4735 1330 4782 est
1384 4728 1580 4783 semita
1633 4737 1685 4784 et
1728 4729 1796 4784 ad
1847 4737 2058 4784 rectum

480 4815 630 4870 ducit
685 4818 935 4883 exitum;
995 4817 1082 4871 his
1127 4826 1306 4872 autem
1368 4817 1598 4888 privata.
1650 4835 1848 4874 nomen
1899 4821 2061 4876 inane

481 4911 827 4979 rclinquitur.
879 4909 1084 4981 Ecquis
1131 4921 1217 4965 cst
1273 4927 1407 4966 usus
1461 4913 1591 4966 vitis
1643 4914 1897 4978 excultae,
1952 4917 2060 4971 nisi

479 4998 691 5056 fructus
739 4999 947 5066 adsint,
998 5015 1237 5071 quorum
1288 5001 1462 5072 gratia
1505 5003 1723 5059 labores
1759 5006 2073 5073 exantlavit

479 5091 761 5162 agricola?
793 5092 947 5158 Quod
977 5093 1192 5147 lucrum
1225 5101 1308 5147 est
1340 5092 1534 5164 jejunii
1575 5103 1630 5150 et
1661 5097 1934 5153 orationis
2005 5106 2062 5154 et

479 5184 770 5253 pervigilii,
814 5185 860 5239 si
892 5200 996 5254 pax
1019 5192 1073 5241 et
1103 5183 1364 5256 gaudium
1393 5195 1446 5240 et
1480 5186 1744 5252 Charitas,
1774 5196 1828 5243 et
1861 5190 2059 5260 reliqui

480 5270 694 5325 fructus
719 5273 911 5341 gratiae
937 5274 1167 5344 spiritus
1210 5289 1320 5328 non
1354 5273 1678 5331 adfuerint?
1720 5288 2059 5350 quapropter

483 5359 705 5415 labores
735 5360 935 5431 jcjunii
963 5373 1018 5419 et
1055 5365 1326 5420 orationis
1355 5371 1409 5419 et
1441 5372 1765 5422 cazterorum
1809 5383 2061 5438 operum,

481 5463 605 5504 cum
642 5451 815 5505 multa
844 5452 1194 5522 jucunditate
1239 5455 1597 5528 etcharitate
1630 5466 1683 5513 et
1730 5473 1828 5528 spe
1872 5459 2060 5514 consi-

551 5629 597 5662 ‘°
617 5628 750 5688 Luc.
778 5644 910 5700 xvu,
931 5627 1022 5686 21.

2169 4450 2484 4520 φιλοσοφίας
2513 4449 2628 4510 ὁδὸς
2650 4447 2902 4516 τοιαύτην
2930 4447 3029 4516 μὲν
3045 4447 3243 4518 ἔχουσα
3268 4449 3527 4520 βλάστην,
3551 4450 3755 4503 δικαιο-

2171 4543 2336 4614 σύνης
2360 4541 2524 4603 ὅντως
2556 4537 2701 4592 ἐστὶν
2734 4537 2850 4599 ὁδὸς
2869 4576 2884 4600 ,
2918 4538 3010 4590 καὶ
3039 4539 3174 4610 πρὸς
3206 4539 3363 4611 ὀρθὸν
3392 4540 3514 4608 ἄγει
3549 4541 3702 4605 τέλος
3733 4558 3748 4572 ο

2167 4637 2374 4692 τούτων
2428 4634 2485 4688 δὲ
2533 4632 2870 4703 ἐστερημένη
2897 4671 2912 4697 ,
2948 4633 3102 4685 κενὸν
3140 4632 3310 4704 ὄνομα
3344 4635 3748 4691 καταλείπεται.

2169 4733 2235 4785 Τί
2274 4730 2464 4800 ὄφελος
2502 4727 2744 4798 ἀμπέλου
2781 4727 3192 4798 πεπονημένης,
3226 4727 3456 4796 καρπῶν
3485 4729 3559 4799 μὴ
3611 4745 3753 4799 παρ-

2167 4819 2355 4881 όντων,
2398 4810 2473 4869 ὧν
2499 4816 2660 4869 ἕνεκα
2687 4817 2714 4868 ὁ
2739 4815 2984 4886 γεωργὸς
3013 4814 3103 4867 τὸν
3143 4814 3302 4869 πόνον
3335 4817 3596 4887 ὑπέμεινε
3621 4836 3636 4884 ;
3685 4817 3752 4870 Τί

2166 4909 2356 4980 κέρδος
2384 4908 2640 4978 νηστείας
2679 4907 2772 4960 καὶ
2820 4907 3128 4977 προσευχῆς
3166 4908 3258 4960 καὶ
3301 4909 3638 4979 ἀγρυπνίας,
3673 4909 3752 4964 ει-

2169 5002 2337 5072 ρήνης
2367 4998 2610 5067 ἀπούσης
2644 4998 2738 5050 καὶ
2767 4999 2938 5068 χαρᾶς
2971 4997 3066 5051 καὶ
3097 4998 3317 5068 ἀγάπης
3340 5041 3354 5065 ,
3383 5000 3609 5053 καὶτῶν
3636 5000 3751 5053 λοιο

2165 5093 2284 5148 πῶν
2332 5092 2429 5162 τῆς
2473 5090 2569 5144 τοῦ
2620 5088 2932 5158 ΙῙνεύματος
2979 5088 3197 5159 χάριτος
3245 5091 3470 5162 καρπῶν
3497 5109 3512 5156 ;
3539 5094 3632 5144 Δεῖ
3657 5089 3751 5148 οὖν

2163 5187 2292 5249 τοὺς
2327 5185 2425 5256 μὲν
2460 5185 2653 5248 πόνους
2679 5183 2779 5252 τῆς
2808 5183 3061 5251 νηστείας
3083 5184 3174 5235 καὶ
3203 5183 3302 5253 τῆς
3326 5184 3492 5256 εὐχῆς
3520 5186 3613 5238 καὶ
3645 5189 3751 5241 τῶν

2163 5258 2365 5328 λοιπῶν
2386 5273 2560 5347 ἔργων
2605 5271 2742 5344 μετά
2788 5270 2989 5342 πολλῆς
3034 5272 3229 5341 ἡδονῆς
3273 5274 3368 5325 καὶ
3395 5274 3620 5345 ἀγάπης
3657 5278 3750 5328 καὶ

2163 5365 2373 5428 ἐλπίδος
2402 5363 2727 5434 ὑφίστασθαι
2748 5378 2760 5393 ³
2804 5362 2872 5417 τὰ
2901 5362 2958 5415 δὲ
2989 5363 3122 5434 ἄνοη
3153 5362 3261 5416 τῶν
3293 5363 3471 5417 πόνων
3500 5367 3595 5420 καὶ
3625 5369 3751 5431 τοὺς

2164 5457 2429 5528 καρποὺς,
2455 5458 2522 5527 τῇ
2545 5453 2638 5509 τοῦ
2663 5453 2983 5525 [Ινεύματος
3005 5452 3139 5510 εἶναι
3171 5456 3448 5512 πιστεύειν
3477 5458 3748 5531 ἐνεργείᾳ.
