4034 6132
278 288 392 346 505

1426 292 1514 349 DE
1552 292 1924 351 INSTITUTO
1961 293 2396 350 CHRISTIANO.

3431 290 3538 347 306

279 417 437 463 stere
491 407 759 464 convenit.
820 406 1011 466 Flores
1061 423 1190 465 vero
1236 409 1482 466 laborum
1535 418 1588 469 et
1630 411 1862 482 fructus,
1910 416 1958 472 Δ
2006 413 2238 483 Spiritus
2282 409 2612 467 sanctissimi
2674 406 2990 478 operatione
3058 406 3250 462 adesse
3279 473 3282 478 γ
3310 413 3537 459 οτοαοῐιο-

277 495 417 551 dum
452 505 554 552 est.

357 587 421 638 Εί
454 585 498 638 δ’
524 584 589 638 ἂν
618 585 797 657 ἑαυτῷ
840 604 924 651 τις
954 587 1218 656 λογίζοιτο
1265 588 1438 644 ταῦτα
1458 630 1473 654 ,
1524 591 1616 644 καὶ
1662 591 1722 644 τὸ
1755 593 1860 646 πᾶν

283 672 567 744 ἀνατιθείη
601 677 712 737 τοῖς
760 675 940 738 πόνοις
970 717 984 742 ,
1026 676 1147 729 ἀντὶ
1174 677 1282 729 τῶν
1310 677 1599 748 ἀκηράτων
1640 679 1861 733 ἐκείνων

285 764 550 834 καρπῶν,
579 764 897 829 ἀλαζονείας
945 765 1023 836 τῷ
1073 767 1298 838 τοιούτῳ
1351 769 1603 840 φρόνημα
1648 769 1859 839 φύεται.

284 857 376 909 Διὸ
406 855 512 926 χρὴ
535 857 660 918 τοὺς
699 856 796 924 μὲν
823 857 960 927 ὑπὲρ
989 857 1086 927 τῆς
1125 859 1327 930 ἀρετῆς
1351 858 1564 928 ἀγῶνας
1595 859 1714 929 μεθ’
1740 861 1862 930 ἡδο-

283 946 384 1015 νῆς
419 946 712 1016 ὑπομένειν
736 964 750 976 ·
789 946 886 1017 τὴν
918 947 974 1000 δὲ
1007 947 1272 1019 λύτρωσιν
1305 949 1403 1018 τῆς
1429 948 1628 1020 ψυχῆς,
1653 952 1717 1003 ἐκ
1754 950 1863 1003 τῶν

285 1035 476 1089 παθῶν
520 1035 599 1105 τῷ
643 1035 760 1107 Θεῷ
797 1036 1136 1091 ἀνατιθέναι·
1187 1039 1262 1102 ὡς
1301 1038 1366 1092 ἂν
1406 1039 1547 1092 οὕτω
1599 1040 1862 1109 κρείττων

285 1127 490 1196 ἑαυτῆς
529 1130 560 1197 ὴ
586 1127 731 1198 ψυχὴ
754 1129 1040 1200 γενομένη,
1067 1130 1162 1182 καὶ
1187 1129 1287 1200 τῆς
1312 1128 1406 1182 τοῦ
1448 1129 1670 1199 Ἐχθροῦ
1703 1131 1858 1184 δυναι

283 1219 536 1288 τωτάτης
563 1219 761 1283 κακίας
785 1261 800 1285 ,
837 1222 1150 1292 οἰκητήριον
1175 1221 1374 1289 ἀγαθὸν
1407 1221 1601 1290 ἑαυτὴν
1638 1222 1862 1292 παρέξει

284 1307 365 1376 τῷ
404 1308 766 1379 προσκυνητῷ
795 1309 890 1361 καὶ⁷
929 1310 1068 1379 ἁγίῳ
1119 1310 1426 1380 Πνεύματι,
1479 1309 1609 1380 παρ’
1659 1302 1719 1362 οὗ
1766 1309 1863 1380 τὴν

285 1399 554 1453 ἀθάνατον
581 1400 674 1452 τοῦ
704 1400 939 1469 Χριστοῦ
973 1401 1212 1455 λαϐοῦσα
1249 1401 1470 1471 εἰρήνην
1489 1441 1504 1465 ,
1535 1400 1864 1454 συνάπτεται

284 1489 354 1542 δι’
382 1490 551 1559 αὐτῆς
570 1528 586 1552 ,
613 1490 705 1542 καὶ
733 1491 1130 1561 προσκολλᾶται
1164 1489 1241 1561 τῷ
1286 1490 1489 1562 Κυρίῳ.
1538 1491 1601 1543 Εί
1631 1490 1689 1543 δέ
1721 1508 1863 1554 τινες

287 1581 456 1649 μήπω
482 1580 574 1632 τὸν
598 1581 698 1650 τῆς
732 1581 905 1650 ἄκρας
934 1581 1100 1651 εὐχῆς
1126 1581 1277 1634 τόνον
1306 1580 1517 1651 ἔχοντες
1535 1619 1550 1642 ,
1594 1580 1727 1650 μηδὲ
1767 1581 1864 1650 τὴν

283 1669 641 1741 ὀφειλομένην
673 1671 750 1740 τῷ
795 1671 1080 1742 πράγματι
1131 1671 1364 1742 σπουδήν
1391 1689 1451 1725 τε
1495 1673 1590 1725 καὶ
1615 1670 1860 1740 δύναμιν,

283 1761 753 1827 ἀπολιμπάνονται
785 1763 987 1834 ταύτης
1017 1763 1116 1834 τῆς
1153 1762 1384 1833 ἀρετῆς,
1435 1763 1493 1816 ὲν
1532 1764 1641 1825 τοῖς
1686 1761 1863 1825 ἀλλοις

2041 585 2199 652 Quod
2232 585 2277 641 si
2309 584 2432 654 quis
2459 583 2574 637 luec
2603 582 2707 638 sibi
2735 581 2837 651 ipsi
2870 581 3236 651 imputaverit,
3277 591 3330 638 et
3353 585 3536 638 omnia

1963 677 2242 731 laboribus
2271 675 2386 729 suis
2412 672 2686 735 tribuerit,
2722 672 2839 727 vice
2891 679 3219 726 :eternorum
3253 671 3534 728 fructuum

1962 765 2199 828 illorum,
2231 762 2554 832 arrogantia:
2585 760 2810 831 spiritus
2838 759 2966 814 huic
3005 759 3213 813 homini
3253 759 3534 816 inseritur.

1962 853 2172 930 idcirco
2199 853 2269 908 ob
2297 854 2550 907 virtutem
2578 857 2838 920 suscepta
2863 849 3165 905 certamina
3197 865 3320 904 cum
3345 851 3540 919 jucun-

1961 946 2128 1002 ditate
2159 961 2258 1016 par
2285 955 2370 1000 est
2409 944 2700 1009 sustinere,
2741 951 2796 998 et
2856 941 3025 997 animi
3059 942 3434 998 liberationem
3467 943 3535 997 ab

1963 1037 2246 1092 affectibus
2272 1035 2382 1091 Deo
2409 1043 2694 1104 acceptam
2724 1033 2886 1099 ferre,
2921 1040 2980 1087 ut
3007 1034 3086 1088 sic
3122 1035 3302 1086 anima
3333 1040 3543 1088 semet-

1963 1127 2080 1196 ipsa
2112 1128 2301 1182 melior
2337 1127 2557 1190 effecta,
2615 1133 2670 1181 et
2705 1124 3069 1196 potentissimi
3120 1123 3295 1179 hostis
3329 1125 3535 1178 malitia

1962 1219 2233 1288 superior,
2273 1219 2610 1273 domicilium
2637 1218 2837 1272 bonum
2871 1217 3110 1287 praebeat
3139 1231 3199 1270 se
3254 1215 3536 1282 adorando

1962 1318 2264 1380 sanctoque
2299 1309 2548 1378 Spiritui,
2589 1324 2620 1363 a
2652 1324 2763 1379 quo
2799 1307 3097 1363 immortali
3136 1306 3341 1361 Christi
3404 1321 3538 1376 pace

1963 1408 2184 1469 accepta
2232 1399 2528 1469 copulatur
2584 1414 2682 1469 per
2719 1413 2863 1463 eam,
2907 1405 2961 1453 et
3009 1398 3380 1468 agglutinatur
3433 1396 3538 1450 Do-

1961 1489 2130 1544 mino.
2166 1488 2320 1555 Quod
2353 1489 2400 1544 si
2437 1489 2687 1560 quidam,
2721 1488 2815 1558 qui
2850 1487 3092 1542 nondum
3125 1485 3383 1556 perfectae
3411 1499 3539 1555 pre-

1963 1579 2196 1634 cationis
2264 1578 2508 1648 vigorem
2577 1587 2808 1643 tenent,
2869 1592 3046 1646 neque
3103 1576 3345 1631 debitum
3409 1575 3538 1631 huic

1963 1669 2182 1740 negotio
2217 1670 2573 1733 studium,-et
2599 1669 2706 1723 vim
2741 1669 3013 1734 obtinent,
3044 1667 3241 1739 privati
3271 1678 3400 1722 sunt
3433 1667 3537 1722 hac

1963 1760 2206 1826 virtute;
2245 1761 2300 1813 in
2367 1758 2579 1814 caeteris
2639 1759 2949 1828 compleant
3008 1758 3397 1824 obedientiam,
3437 1773 3536 1829 pro

284 1850 676 1922 πληρούτωσαν
698 1853 797 1924 τὴν
837 1852 1098 1924 ὑπακοὴν,
1124 1853 1264 1906 κατά
1298 1851 1522 1922 δύναμιν
1564 1851 1864 1905 διακονοῦν-

1966 1848 2175 1903 viribus
2229 1848 2630 1915 ministrantes,
2668 1849 2924 1902 alacriter
2976 1856 3288 1918 operantes,
3346 1848 3536 1904 sedulo

279 1959 393 2007 τες,
416 1942 713 2014 προθύμως
732 1944 1106 2016 ἐργαζόμενοι,
1137 1943 1437 2008 σπουδαίως
1463 1943 1860 2014 θεραπεύοντες

284 2034 404 2105 μεθ’
429 2035 628 2104 ἡδονῆς
653 2075 668 2100 ,
705 2036 778 2106 μὴ
812 2035 904 2088 ἐπὶ
935 2035 1109 2106 μισθῷ
1138 2052 1264 2099 τινι,
1306 2035 1439 2105 μηδὲ
1462 2034 1561 2104 τῆς
1592 2033 1862 2105 ἀνθρωπί-

280 2141 380 2193 νης
411 2124 573 2194 δόξης
599 2123 782 2188 ἕνεκα,
817 2123 950 2194 μηδὲ
971 2125 1046 2186 ὼς
1071 2122 1374 2194 ἀλλοτρίοις
1405 2123 1618 2193 σώμασι
1649 2124 1743 2177 καὶ
1769 2123 1863 2192 ψυ-

277 2215 404 2282 χαῖς
442 2211 877 2282 ὑπηρετούμενσι
901 2250 915 2275 ,
956 2211 1070 2264 ἀλλ’
1114 2211 1190 2274 ὡς
1231 2211 1469 2282 Χριστοῦ
1515 2211 1752 2276 δούλοις,
1787 2211 1862 2275 ὡς

278 2302 574 2373 ἡμετέροις
604 2301 927 2372 σπλάγχνοις
946 2342 960 2366 ,
991 2301 1228 2371 καθαρὸν
1273 2300 1428 2372 ἡμῶν
1458 2303 1551 2354 καὶ
1593 2301 1778 2355 ἄδολον
1805 2301 1862 2354 τὸ

277 2394 443 2463 ἔργον
473 2392 756 2464 ἀποφανθῇ
790 2392 865 2464 τῷ
895 2394 1101 2464 Κυρίῳ.
1135 2393 1560 2463 Προφασιζέσθω
1587 2393 1642 2446 δὲ
1675 2395 1862 2464 μηδεὶς

277 2482 584 2552 ἀδυναμίαν
614 2482 694 2543 είς
721 2481 820 2552 τὴν
854 2482 958 2535 τῶν
980 2482 1157 2536 καλῶν
1186 2481 1362 2553 ἔργων
1397 2483 1629 2554 σπουδήν
1661 2499 1673 2512 '
1711 2483 1861 2537 οὐδὲν

277 2571 387 2643 γὰρ
409 2574 438 2625 ό
459 2571 594 2635 Θεὸς
617 2571 874 2626 ἀδύνατον
902 2573 1194 2626 ἐπιτάττειο
1222 2592 1240 2624 ι
1258 2575 1351 2635 Ὃς
1369 2573 1514 2637 sev,»
1549 2574 1701 2644 φησὶ,
1735 2591 1752 2624 ι
1774 2591 1863 2626 που

277 2663 402 2735 τίσῃ
426 2663 684 2737 ποτήριον
712 2662 918 2736 ψυχροῦ
948 2664 1027 2726 εἰς
1053 2664 1220 2734 ὄνομα
1249 2663 1510 2733 μαθητοῦ,
1545 2665 1693 2735 ἀμὴν
1721 2664 1864 2733 λέγω

277 2756 428 2823 ὑμῖν,
460 2755 524 2806 ού
561 2754 636 2826 μὴ
667 2754 903 2826 ἀπολέσῃ
937 2754 1026 2807 τὸν
1057 2754 1245 2824 μισθὸν
1280 2753 1466 2808 αὑτοῦ.
1496 2772 1515 2807 ι
1565 2755 1628 2808 Τί
1654 2754 1753 2825 τῆς
1778 2755 1864 2809 ὲν-

277 2846 438 2917 τολῆς
488 2846 694 2918 ταύτης
743 2847 1167 2918 εύχερέστερον;
1223 2847 1319 2900 καὶ
1347 2848 1375 2899 δ
1421 2846 1611 2916 μισθὸς
1643 2847 1734 2900 τοῦ
1770 2848 1871 2921 εὐέ

279 2937 478 3009 χεροῦς
514 2936 678 3008 ἔργου
703 2977 719 3002 ,
773 2938 1112 3009 ἐπουράνιος.
1164 2938 1273 2990 Καὶ
1315 2937 1477 2992 πάλιν
1503 2954 1517 2968 ·
1577 2957 1595 2988 ι
1634 2939 1746 3006 Ἐφ’
1784 2937 1865 2992 ἑνὶ

277 3029 488 3082 τούτων
513 3030 825 3099 ἐποιήσατε,
845 3029 966 3098 ἐμοὶ
992 3028 1338 3098 ἐποιήσατε.»
1364 3028 1436 3080 Τὸ
1465 3028 1562 3097 μὲν
1587 3027 1865 3096 ἐπίταγμα

282 3120 515 3190 μικρόνο
548 3120 609 3172 τὸ
641 3120 697 3172 δὲ
730 3121 829 3190 τῆς
859 3121 1102 3191 ὑπακοῆς
1130 3121 1320 3190 κέρδος
1345 3159 1360 3182 ,
1393 3117 1548 3172 πολύ.
1585 3120 1745 3170 Ὥστε
1777 3119 1865 3171 ού-

277 3212 368 3264 δὲν
399 3211 540 3282 ὑπὲρ
580 3211 806 3282 δύναμιν
859 3212 1076 3265 ἀπαιτεῖ
1102 3229 1114 3242 ·
1149 3210 1285 3264 ἀλλὰ
1333 3209 1436 3263 κᾶν
1495 3209 1688 3282 μικρὸν
1712 3248 1727 3272 ,
1759 3209 1863 3263 κᾶν
1891 3192 1932 3250 C

280 3299 429 3370 μέγα
453 3302 634 3371 ποιῇς,
652 3299 844 3354 ἕπεταί
874 3317 954 3354 σοι
980 3300 1121 3354 κατὰ
1147 3299 1244 3370 τὴν
1268 3298 1585 3370 προαίρεσιν
1605 3302 1632 3351 ὁ
1653 3299 1858 3369 μισθός.

292 3391 422 3443 Ἐὰν
455 3391 556 3462 μὲν
585 3391 693 3461 γὰρ
719 3392 797 3453 είς
821 3388 988 3460 ὄνομα
1021 3391 1114 3444 καὶ
1143 3388 1305 3459 φόϐον
1337 3387 1492 3453 Θεοῦ,
1523 3388 1749 3459 λαμπρὰ
1777 3388 1866 3440 καὶ

277 3480 648 3551 ἀναφαίρετος
692 3477 857 3551 ἦλθεν
909 3483 940 3551 ἡ
987 3481 1196 3551 δωρεά’
1234 3479 1328 3534 ἐὰν
1374 3479 1430 3532 δὲ
1473 3480 1551 3542 εἰς
1584 3477 1868 3545 ἐπίδειξιν,

277 3569 514 3624 ἄκουσον
549 3569 809 3641 ὀμνύντος
849 3569 1011 3624 αὑτοῦ
1060 3569 1153 3624 τοῦ
1181 3568 1385 3640 Κυρίου
1413 3584 1426 3599 ·
1470 3585 1488 3618 ι
1513 3568 1683 3639 Ἀμὴν
1727 3568 1871 3636 λέγω

277 3665 443 3734 ὑμῖν,
485 3662 749 3732 ἀπέχουσι
775 3661 868 3715 τὸν
915 3661 1103 3733 μισθὸν
1147 3661 1348 3714 αὐτῶν.
1377 3680 1396 3714 ι
1443 3661 1556 3712 Ἵνα
1580 3659 1636 3712 δὲ
1676 3659 1750 3731 μή
1779 3675 1862 3722 τις

277 3751 440 3805 τοῦτο
503 3751 684 3823 πάθῃ,
735 3750 1098 3821 παραγγέλλει
1149 3752 1262 3813 τοῖς
1319 3747 1617 3820 μαθηταῖς,
1651 3748 1744 3823 καὶ
1794 3746 1861 3799 δι’

279 3841 508 3895 ἐκείνων
535 3821 684 3911 ἡμῖν’
707 3840 969 3893 «Βλέπετε
991 3839 1065 3911 μὴ
1086 3840 1348 3910 ποιήσητε
1367 3839 1466 3909 τὴν
1491 3821 1860 3909 ὲλεημοςῖύνην

281 3930 523 4002 ὑμῶν,ἢ
557 3930 654 4004 τὴν
690 3931 886 4004 εὐχὴν,
922 3931 956 4002 ἢ
985 3930 1082 4004 τὴν
1117 3920 1388 4001 νηστείαν,
1422 3928 1726 4001 ἔμπροσθεν
1753 3927 1862 3981 τῶν

280 4020 589 4092 ἀνθρώπων
609 4040 622 4054 ·
664 4023 712 4075 εί
741 4023 798 4076 δὲ
834 4022 907 4094 μή
958 4037 1042 4090 γε,
1085 4020 1275 4092 μισθὸν
1302 4021 1402 4074 οὐκ
1432 4019 1579 4092 ἔχετε
1614 4018 1762 4088 παρὰ
1787 4017 1864 4088 τῷ

281 4112 462 4184 Πατρὶ
506 4113 680 4184 ὑμῶν,
729 4112 807 4184 τῷ
835 4115 892 4168 έν
938 4114 1051 4176 τοῖς
1097 4112 1364 4184 οὐρανοῖς.
1395 4129 1414 4165 ι
1454 4109 1610 4181 Αὐτῷ
1634 4109 1759 4175 δόξα
1785 4111 1865 4174 είς

282 4206 412 4269 τοὺς
436 4206 658 4272 αίῶνας.
695 4205 883 4277 Ἀμήν.

1961 1954 2086 1994 cum
2116 1939 2400 2009 voluptate
2427 1940 2634 1993 cultum
2675 1939 3080 2009 impendentes,
3131 1955 3239 1994 non
3294 1938 3362 1995 ob
3395 1955 3539 1994 mer-

1960 2027 2146 2082 cedem
2178 2028 2366 2093 ullam,
2398 2042 2573 2097 neque
2607 2026 2856 2081 humanae
2889 2029 3073 2096 gloriae
3114 2043 3302 2092 causa,
3357 2043 3538 2096 neque

1961 2124 2021 2170 ιιι
2047 2116 2239 2173 alienis
2271 2117 2592 2187 corporibus
2639 2125 2694 2170 et
2743 2117 2940 2172 animis
2998 2118 3381 2183 inservientes,
3439 2119 3537 2173 sed

1959 2213 2223 2276 tanquam
2263 2206 2467 2261 Christi
2503 2207 2698 2272 servis,
2735 2216 2788 2263 et
2842 2207 3049 2263 nostris
3083 2208 3412 2272 visceribus,
3477 2217 3537 2264 ut

1961 2311 2156 2365 purum
2187 2304 2241 2352 et
2280 2297 2490 2354 fraudis
2542 2315 2738 2370 expers
2795 2315 2932 2370 opus
2992 2307 3243 2356 nostrum
3304 2299 3536 2356 Domino

1962 2395 2162 2457 pateat.
2194 2386 2364 2444 Nemo
2412 2399 2596 2444 autem
2661 2390 3089 2445 imbecillitatem
3147 2397 3411 2460 praetexat
3465 2389 3535 2444 ad

1962 2478 2315 2534 honestarum
2348 2481 2622 2536 actionum
2653 2481 2917 2537 studium.
2971 2480 3125 2536 Nihil
3189 2481 3334 2536 enim
3391 2479 3537 2537 Deus

1963 2570 2231 2639 praecipit,
2269 2571 2414 2640 quod
2450 2573 2564 2626 ﬁeri
2597 2587 2708 2626 non
2739 2572 2939 2641 possit;
2967 2572 3167 2641 quippe
3196 2585 3318 2626 cum
3347 2570 3534 2625 dicat:

1970 2679 1987 2711 ι
2016 2659 2068 2714 Si
2087 2661 2210 2730 quis
2237 2663 2528 2731 praebuerit
2553 2663 2806 2733 poculum
2827 2678 2981 2733 aquae
3001 2662 3209 2732 frigidae
3229 2663 3286 2716 in
3316 2663 3537 2718 nomine

1963 2749 2239 2820 discipuli,
2271 2767 2428 2806 amen
2469 2751 2591 2806 dico
2626 2752 2803 2816 vobis,
2845 2768 2955 2806 non
2991 2754 3201 2806 amittet
3227 2754 3533 2810 mercedem

1965 2852 2119 2893 suam
2141 2839 2206 2894 υ.
2251 2859 2270 2892 ι
2307 2838 2449 2905 Quid
2483 2840 2588 2894 hoc
2617 2842 2876 2896 mandato
2902 2841 3162 2897 facilius?
3188 2842 3354 2911 Atqui
3389 2857 3535 2896 mer-

1964 2943 2056 2986 ces
2098 2939 2206 2984 tam
2248 2931 2383 2986 levis
2419 2938 2473 2986 et
2505 2932 2772 3002 expeditae
2800 2947 2999 3003 operae,
3034 2933 3276 2989 caelestis
3309 2940 3414 2988 est.
3470 2931 3538 2988 Et

1965 3036 2202 3078 rursus:
2251 3041 2270 3075 ι
2314 3021 2565 3088 Quandiu
2605 3022 2814 3078 fecistis
2848 3024 2940 3078 uni
2971 3025 3039 3080 de
3082 3025 3190 3091 bis,
3227 3026 3358 3081 mihi
3404 3025 3538 3081 feci-

1967 3113 2069 3168 stis
2098 3113 2172 3168 “.
2206 3131 2250 3181 ,ι
2283 3111 2504 3169 Jussum
2560 3115 2780 3182 quidem
2812 3116 3068 3186 exiguum
3100 3127 3181 3177 est
3209 3135 3224 3183 ;
3254 3118 3536 3187 obtempe-

1971 3206 2165 3259 rantize
2203 3219 2336 3260 vero
2374 3213 2615 3275 quaestus
2660 3207 2873 3278 ingens.
2931 3208 3111 3275 Quare
3144 3210 3285 3264 nihil
3342 3219 3538 3280 praeter

1972 3297 2116 3353 vires
2152 3298 2421 3368 exposcit.
2452 3297 2654 3353 Verum
2685 3300 2800 3354 sive
2844 3316 3090 3370 parvum,
3120 3302 3234 3356 sive
3282 3317 3538 3372 magnum

1969 3389 2100 3458 quid
2135 3387 2325 3457 facias,
2356 3389 2604 3459 sequitur
2631 3399 2683 3445 te
2708 3406 2919 3447 merces
2967 3407 3034 3446 ex
3065 3392 3368 3462 proposito.
3400 3392 3538 3446 Nam

1969 3478 2014 3532 si
2054 3479 2106 3532 in
2139 3480 2357 3535 nomine
2382 3489 2437 3536 et
2464 3481 2660 3536 timore
2688 3481 2784 3537 Dei
2815 3480 2928 3547 fiat,
2975 3482 3109 3537 illud
3140 3490 3193 3537 et
3219 3483 3366 3553 quod
3399 3485 3538 3554 eripi

1970 3582 2082 3621 non
2109 3568 2282 3636 possit
2313 3567 2516 3622 donum
2563 3569 2758 3636 venit;
2821 3569 2907 3622 sin
2947 3576 3126 3623 autem
3180 3570 3246 3623 ad
3293 3579 3538 3627 ostenta-

1969 3658 2192 3723 tionem,
2233 3658 2359 3712 audi
2403 3659 2684 3727 jurantem
2717 3657 2893 3728 ipsum
2948 3657 3274 3714 Dominum:
3309 3678 3328 3712 ι
3361 3662 3536 3715 Amen

1968 3748 2091 3803 dico
2135 3749 2310 3814 vobis,
2349 3758 2676 3819 receperunt
2707 3748 3013 3805 mercedem
3045 3765 3200 3805 suam
3227 3750 3293 3806 “.
3336 3771 3356 3804 ι
3417 3750 3534 3806 Jam

1967 3853 2034 3892 ne
2061 3839 2183 3909 quis
2222 3838 2323 3893 hoc
2354 3839 2688 3911 experiatur,
2717 3840 2960 3910 praecipit
2991 3840 3298 3910 discipulis,
3336 3852 3390 3896 et
3439 3857 3539 3912 per

1968 3927 2092 3984 illos
2121 3929 2278 3985 nobis
2301 3929 2347 3962 “
2377 3949 2391 3986 :
2426 3950 2444 3984 ι
2506 3931 2693 3986 Videte
2726 3946 2798 3987 ne
2827 3931 3231 4003 eleemosynam
3271 3939 3534 3997 vestram,

1978 4029 2073 4075 aut
2100 4038 2290 4092 preces
2320 4032 2414 4077 aut
2437 4023 2705 4092 jejunium
2738 4024 2952 4080 faciatis
2983 4038 3164 4078 coram
3189 4023 3532 4079 hominibus:

1973 4113 2217 4182 alioquin
2278 4115 2583 4168 mercedem
2642 4131 2752 4170 non
2811 4115 3082 4170 habebitis
3138 4115 3279 4185 apud
3320 4115 3536 4170 Patrem

1969 4214 2238 4273 vestrum,
2273 4206 2364 4276 qui
2396 4205 2450 4261 in
2483 4205 2638 4263 ccelis
2667 4214 2771 4263 est.
2811 4225 2829 4260 ι
2861 4204 3000 4263 lluic
3021 4206 3192 4280 gloria
3225 4206 3279 4262 in
3311 4207 3529 4263 saecula.

1967 4293 2159 4349 Amen.

372 4473 416 4504 ⁴⁵¹
439 4472 631 4529 Matth.
672 4488 729 4540 Χ,
770 4471 880 4541 42;
914 4471 1079 4527 Marc.
1116 4489 1192 4536 rx,
1225 4472 1313 4528 40.
1391 4472 1436 4506 ⁵⁸
1459 4469 1646 4524 Matth.
1693 4485 1818 4536 xxv,
1848 4471 1864 4525 Δ

2013 4471 2056 4503 ⁸⁸
2087 4469 2277 4526 Matth.
2321 4487 2394 4540 vr,
2427 4471 2482 4537 2,
2517 4471 2570 4528 5.
2646 4473 2691 4505 “
2714 4471 2841 4528 ibid.
