  <div class='ocr_page' id='page_1' title='image "/cluster/home/n/w/nwhite01/storage/ocr_20150623/46/mdp.39015011915447/161.png"; bbox 0 0 4034 6132; ppageno 0'>
   <div class='ocr_carea' id='block_1_1' title="bbox 477 278 588 336">
    <p class='ocr_par' dir='ltr' id='par_1_1' title="bbox 477 278 588 336">
     <span class='ocr_line' id='line_1_1' title="bbox 477 278 588 336; baseline -0.027 0"><span class='ocrx_word' id='word_1_1' title='bbox 477 278 588 336; x_wconf 82' lang='grc'><strong>507</strong></span> 
     </span>
    </p>
   </div>
   <div class='ocr_carea' id='block_1_2' title="bbox 1724 272 2484 333">
    <p class='ocr_par' dir='ltr' id='par_1_2' title="bbox 1724 272 2484 333">
     <span class='ocr_line' id='line_1_2' title="bbox 1724 272 2484 333; baseline -0.004 -3"><span class='ocrx_word' id='word_1_2' title='bbox 1724 276 1782 330; x_wconf 88' lang='lat' dir='ltr'><strong>S.</strong></span> <span class='ocrx_word' id='word_1_3' title='bbox 1825 273 2152 333; x_wconf 78' lang='lat' dir='ltr'><strong>GREGORII</strong></span> <span class='ocrx_word' id='word_1_4' title='bbox 2190 272 2484 330; x_wconf 75' lang='lat' dir='ltr'><strong>NYSSENI</strong></span> 
     </span>
    </p>
   </div>
   <div class='ocr_carea' id='block_1_3' title="bbox 487 428 3709 460">
    <p class='ocr_par' dir='ltr' id='par_1_3' title="bbox 487 428 3709 460">
     <span class='ocr_line' id='line_1_3' title="bbox 487 428 3709 460; baseline 0.001 -3"><span class='ocrx_word' id='word_1_5' title='bbox 487 428 3709 460; x_wconf 43' lang='grc' dir='ltr'><strong>κεῖ-Μ</strong></span> 
     </span>
    </p>
   </div>
   <div class='ocr_carea' id='block_1_4' title="bbox 1659 616 2559 734">
    <p class='ocr_par' dir='ltr' id='par_1_4' title="bbox 1659 616 2559 734">
     <span class='ocr_line' id='line_1_4' title="bbox 1659 616 2559 734; baseline -0.001 -5"><span class='ocrx_word' id='word_1_6' title='bbox 1659 617 1958 734; x_wconf 89' lang='grc' dir='ltr'><strong>ΤΟΥ</strong></span> <span class='ocrx_word' id='word_1_7' title='bbox 2067 616 2559 732; x_wconf 89' lang='grc' dir='ltr'>ΑΥΤΟΥ</span> 
     </span>
    </p>
   </div>
   <div class='ocr_carea' id='block_1_5' title="bbox 808 833 3395 996">
    <p class='ocr_par' dir='ltr' id='par_1_5' title="bbox 808 833 3395 996">
     <span class='ocr_line' id='line_1_5' title="bbox 808 833 3395 996; baseline -0 -51"><span class='ocrx_word' id='word_1_8' title='bbox 808 859 1096 947; x_wconf 91' lang='grc' dir='ltr'><strong>ΠΡΟΣ</strong></span> <span class='ocrx_word' id='word_1_9' title='bbox 1169 861 1457 948; x_wconf 87' lang='grc' dir='ltr'><strong>ΤΟΥΣ</strong></span> <span class='ocrx_word' id='word_1_10' title='bbox 1505 860 2277 949; x_wconf 87' lang='grc' dir='ltr'><strong>ΑΧΘΟΜΕΝΟΥΣ</strong></span> <span class='ocrx_word' id='word_1_11' title='bbox 2330 862 2574 947; x_wconf 85' lang='grc' dir='ltr'>ΤΑΙΣ</span> <span class='ocrx_word' id='word_1_12' title='bbox 2629 833 3395 996; x_wconf 36' lang='grc' dir='ltr'><strong>ΕΠΙΤΙΜΗΣΕΣΙ..</strong></span> 
     </span>
    </p>
   </div>
   <div class='ocr_carea' id='block_1_6' title="bbox 1787 1233 2421 1348">
    <p class='ocr_par' dir='ltr' id='par_1_6' title="bbox 1787 1233 2421 1348">
     <span class='ocr_line' id='line_1_6' title="bbox 1787 1233 2421 1348; baseline 0 -2"><span class='ocrx_word' id='word_1_13' title='bbox 1787 1233 2421 1348; x_wconf 86' lang='lat' dir='ltr'><strong>EJUSDEM</strong></span> 
     </span>
    </p>
   </div>
   <div class='ocr_carea' id='block_1_7' title="bbox 488 1457 3728 1600">
    <p class='ocr_par' dir='ltr' id='par_1_7' title="bbox 488 1457 3728 1600">
     <span class='ocr_line' id='line_1_7' title="bbox 488 1457 3728 1600; baseline 0.002 -38"><span class='ocrx_word' id='word_1_14' title='bbox 488 1471 1096 1566; x_wconf 75' lang='lat' dir='ltr'><strong>ADVERSUS</strong></span> <span class='ocrx_word' id='word_1_15' title='bbox 1165 1457 1393 1565; x_wconf 19' lang='lat' dir='ltr'><strong>EOS.</strong></span> <span class='ocrx_word' id='word_1_16' title='bbox 1472 1472 1685 1577; x_wconf 84' lang='lat' dir='ltr'><strong>QUI</strong></span> <span class='ocrx_word' id='word_1_17' title='bbox 1758 1469 2693 1561; x_wconf 82' lang='lat' dir='ltr'><strong>CASTIGATIONES</strong></span> <span class='ocrx_word' id='word_1_18' title='bbox 2766 1471 3111 1562; x_wconf 61' lang='lat' dir='ltr'><strong>IEGRE</strong></span> <span class='ocrx_word' id='word_1_19' title='bbox 3197 1473 3728 1600; x_wconf 61' lang='lat' dir='ltr'><strong>FERUNT.</strong></span> 
     </span>
    </p>
   </div>
   <div class='ocr_carea' id='block_1_8' title="bbox 1665 1656 2515 1726">
    <p class='ocr_par' dir='ltr' id='par_1_8' title="bbox 1665 1656 2515 1726">
     <span class='ocr_line' id='line_1_8' title="bbox 1665 1656 2515 1726; baseline -0.005 -14"><span class='ocrx_word' id='word_1_20' title='bbox 1665 1659 1934 1726; x_wconf 83' lang='lat' dir='ltr'><strong>(Gentiano</strong></span> <span class='ocrx_word' id='word_1_21' title='bbox 1955 1656 2176 1710; x_wconf 78' lang='lat' dir='ltr'><strong>Herveto</strong></span> <span class='ocrx_word' id='word_1_22' title='bbox 2193 1658 2515 1720; x_wconf 73' lang='lat' dir='ltr'><strong>interprete.)</strong></span> 
     </span>
    </p>
   </div>
   <div class='ocr_carea' id='block_1_9' title="bbox 553 1954 2047 2034">
    <p class='ocr_par' dir='ltr' id='par_1_9' title="bbox 553 1958 2046 2023">
     <span class='ocr_line' id='line_1_9' title="bbox 553 1958 2046 2023; baseline -0.007 -3"><span class='ocrx_word' id='word_1_23' title='bbox 553 1965 748 2021; x_wconf 89' lang='lat' dir='ltr'><strong>Sermo</strong></span> <span class='ocrx_word' id='word_1_24' title='bbox 777 1962 872 2019; x_wconf 86' lang='lat' dir='ltr'><strong>Dei</strong></span> <span class='ocrx_word' id='word_1_25' title='bbox 899 1977 964 2018; x_wconf 87' lang='lat' dir='ltr'><strong>ac</strong></span> <span class='ocrx_word' id='word_1_26' title='bbox 999 1963 1142 2018; x_wconf 88' lang='lat' dir='ltr'><strong>ratio</strong></span> <span class='ocrx_word' id='word_1_27' title='bbox 1175 1975 1302 2018; x_wconf 85' lang='lat' dir='ltr'><strong>vere</strong></span> <span class='ocrx_word' id='word_1_28' title='bbox 1334 1958 1519 2017; x_wconf 83' lang='lat' dir='ltr'><strong>divina</strong></span> <span class='ocrx_word' id='word_1_29' title='bbox 1552 1971 1641 2014; x_wconf 84' lang='lat' dir='ltr'><strong>res</strong></span> <span class='ocrx_word' id='word_1_30' title='bbox 1666 1965 1750 2014; x_wconf 87' lang='lat' dir='ltr'><strong>est</strong></span> <span class='ocrx_word' id='word_1_31' title='bbox 1783 1965 1837 2013; x_wconf 90' lang='lat' dir='ltr'><strong>et</strong></span> <span class='ocrx_word' id='word_1_32' title='bbox 1865 1971 2046 2023; x_wconf 84' lang='lat' dir='ltr'><strong>sacra,</strong></span> 
     </span>
    </p>
   </div>
   <div class='ocr_carea' id='block_1_10' title="bbox 2148 1954 3733 2034">
    <p class='ocr_par' dir='ltr' id='par_1_10' title="bbox 2224 1954 3733 2034">
     <span class='ocr_line' id='line_1_10' title="bbox 2224 1954 3733 2034; baseline 0.005 -26"><span class='ocrx_word' id='word_1_33' title='bbox 2224 1956 2376 2008; x_wconf 86' lang='grc' dir='ltr'>Θείον</span> <span class='ocrx_word' id='word_1_34' title='bbox 2402 1954 2616 2025; x_wconf 82' lang='grc' dir='ltr'>άληθῶς</span> <span class='ocrx_word' id='word_1_35' title='bbox 2635 1956 2728 2010; x_wconf 77' lang='grc' dir='ltr'>καὶ</span> <span class='ocrx_word' id='word_1_36' title='bbox 2750 1956 2893 2028; x_wconf 76' lang='grc' dir='ltr'>ἱερὸν</span> <span class='ocrx_word' id='word_1_37' title='bbox 2919 1957 3106 2030; x_wconf 83' lang='grc' dir='ltr'>χρῆμα</span> <span class='ocrx_word' id='word_1_38' title='bbox 3133 1960 3162 2012; x_wconf 86' lang='grc' dir='ltr'><strong>ό</strong></span> <span class='ocrx_word' id='word_1_39' title='bbox 3186 1958 3342 2028; x_wconf 85' lang='grc' dir='ltr'><strong>λόγος</strong></span> <span class='ocrx_word' id='word_1_40' title='bbox 3365 1959 3519 2026; x_wconf 78' lang='grc' dir='ltr'>Θεοῦ,</span> <span class='ocrx_word' id='word_1_41' title='bbox 3545 1962 3733 2034; x_wconf 83' lang='grc' dir='ltr'>κτῆμα</span> 
     </span>
    </p>
   </div>
   <div class='ocr_carea' id='block_1_11' title="bbox 479 2048 2050 2127">
    <p class='ocr_par' dir='ltr' id='par_1_11' title="bbox 479 2048 2050 2127">
     <span class='ocr_line' id='line_1_11' title="bbox 479 2048 2050 2127; baseline -0.006 -16"><span class='ocrx_word' id='word_1_42' title='bbox 479 2057 679 2111; x_wconf 84' lang='lat' dir='ltr'><strong>eximia</strong></span> <span class='ocrx_word' id='word_1_43' title='bbox 719 2055 1032 2127; x_wconf 87' lang='lat' dir='ltr'><strong>possessio,</strong></span> <span class='ocrx_word' id='word_1_44' title='bbox 1077 2069 1188 2109; x_wconf 90' lang='lat' dir='ltr'><strong>non</strong></span> <span class='ocrx_word' id='word_1_45' title='bbox 1221 2052 1442 2108; x_wconf 77' lang='lat' dir='ltr'><strong>aliunde</strong></span> <span class='ocrx_word' id='word_1_46' title='bbox 1493 2052 1712 2115; x_wconf 86' lang='lat' dir='ltr'><strong>adnata,</strong></span> <span class='ocrx_word' id='word_1_47' title='bbox 1776 2048 1872 2104; x_wconf 90' lang='lat' dir='ltr'><strong>sed</strong></span> <span class='ocrx_word' id='word_1_48' title='bbox 1925 2062 2050 2102; x_wconf 79' lang='lat' dir='ltr'><strong>cum</strong></span> 
     </span>
    </p>
   </div>
   <div class='ocr_carea' id='block_1_12' title="bbox 481 2141 2050 2214">
    <p class='ocr_par' dir='ltr' id='par_1_12' title="bbox 481 2141 2050 2214">
     <span class='ocr_line' id='line_1_12' title="bbox 481 2141 2050 2214; baseline -0.006 -13"><span class='ocrx_word' id='word_1_49' title='bbox 481 2159 675 2201; x_wconf 87' lang='lat' dir='ltr'><strong>natura</strong></span> <span class='ocrx_word' id='word_1_50' title='bbox 727 2147 1036 2214; x_wconf 89' lang='lat' dir='ltr'><strong>commista,</strong></span> <span class='ocrx_word' id='word_1_51' title='bbox 1087 2145 1294 2200; x_wconf 91' lang='lat' dir='ltr'><strong>homini</strong></span> <span class='ocrx_word' id='word_1_52' title='bbox 1357 2159 1557 2199; x_wconf 90' lang='lat' dir='ltr'><strong>munus</strong></span> <span class='ocrx_word' id='word_1_53' title='bbox 1591 2141 2050 2214; x_wconf 89' lang='lat' dir='ltr'><strong>pretiosissimum</strong></span> 
     </span>
    </p>
   </div>
   <div class='ocr_carea' id='block_1_13' title="bbox 479 2233 2052 2310">
    <p class='ocr_par' dir='ltr' id='par_1_13' title="bbox 479 2233 2052 2310">
     <span class='ocr_line' id='line_1_13' title="bbox 479 2233 2052 2310; baseline -0.003 -17"><span class='ocrx_word' id='word_1_54' title='bbox 479 2241 550 2295; x_wconf 89' lang='lat' dir='ltr'><strong>ab</strong></span> <span class='ocrx_word' id='word_1_55' title='bbox 583 2239 778 2310; x_wconf 76' lang='lat' dir='ltr'><strong>opiﬁce</strong></span> <span class='ocrx_word' id='word_1_56' title='bbox 808 2240 864 2293; x_wconf 90' lang='lat' dir='ltr'><strong>in</strong></span> <span class='ocrx_word' id='word_1_57' title='bbox 894 2255 1018 2293; x_wconf 90' lang='lat' dir='ltr'><strong>eum</strong></span> <span class='ocrx_word' id='word_1_58' title='bbox 1049 2237 1418 2294; x_wconf 87' lang='lat' dir='ltr'><strong>descendens.</strong></span> <span class='ocrx_word' id='word_1_59' title='bbox 1452 2236 1640 2308; x_wconf 84' lang='lat' dir='ltr'><strong>Itaque</strong></span> <span class='ocrx_word' id='word_1_60' title='bbox 1671 2243 1726 2291; x_wconf 91' lang='lat' dir='ltr'><strong>et</strong></span> <span class='ocrx_word' id='word_1_61' title='bbox 1759 2233 1827 2288; x_wconf 91' lang='lat' dir='ltr'><strong>ad</strong></span> <span class='ocrx_word' id='word_1_62' title='bbox 1857 2234 2052 2290; x_wconf 87' lang='lat' dir='ltr'><strong>simili-</strong></span> 
     </span>
    </p>
   </div>
   <div class='ocr_carea' id='block_1_14' title="bbox 479 2325 2050 2389">
    <p class='ocr_par' dir='ltr' id='par_1_14' title="bbox 479 2325 2050 2389">
     <span class='ocr_line' id='line_1_14' title="bbox 479 2325 2050 2389; baseline -0.004 -4"><span class='ocrx_word' id='word_1_63' title='bbox 479 2331 725 2386; x_wconf 75' lang='lat' dir='ltr'><strong>tudinem</strong></span> <span class='ocrx_word' id='word_1_64' title='bbox 763 2330 855 2385; x_wconf 88' lang='lat' dir='ltr'><strong>Dei</strong></span> <span class='ocrx_word' id='word_1_65' title='bbox 916 2330 1032 2389; x_wconf 82' lang='lat' dir='ltr'><strong>iieri</strong></span> <span class='ocrx_word' id='word_1_66' title='bbox 1089 2330 1310 2385; x_wconf 89' lang='lat' dir='ltr'><strong>dicitur.</strong></span> <span class='ocrx_word' id='word_1_67' title='bbox 1381 2329 1593 2384; x_wconf 89' lang='lat' dir='ltr'><strong>Etenim</strong></span> <span class='ocrx_word' id='word_1_68' title='bbox 1625 2329 1730 2384; x_wconf 90' lang='lat' dir='ltr'><strong>hoc</strong></span> <span class='ocrx_word' id='word_1_69' title='bbox 1782 2327 1947 2382; x_wconf 90' lang='lat' dir='ltr'><strong>etiam</strong></span> <span class='ocrx_word' id='word_1_70' title='bbox 1982 2325 2050 2380; x_wconf 92' lang='lat' dir='ltr'><strong>ah</strong></span> 
     </span>
    </p>
   </div>
   <div class='ocr_carea' id='block_1_15' title="bbox 479 2417 2052 2489">
    <p class='ocr_par' dir='ltr' id='par_1_15' title="bbox 479 2417 2052 2489">
     <span class='ocr_line' id='line_1_15' title="bbox 479 2417 2052 2489; baseline -0.003 -15"><span class='ocrx_word' id='word_1_71' title='bbox 479 2421 598 2475; x_wconf 86' lang='lat' dir='ltr'><strong>aliis</strong></span> <span class='ocrx_word' id='word_1_72' title='bbox 629 2420 1002 2476; x_wconf 75' lang='lat' dir='ltr'><strong>animantibus</strong></span> <span class='ocrx_word' id='word_1_73' title='bbox 1038 2419 1237 2485; x_wconf 80' lang='lat' dir='ltr'><strong>differt,</strong></span> <span class='ocrx_word' id='word_1_74' title='bbox 1267 2427 1321 2475; x_wconf 90' lang='lat' dir='ltr'><strong>et</strong></span> <span class='ocrx_word' id='word_1_75' title='bbox 1348 2419 1536 2474; x_wconf 82' lang='lat' dir='ltr'><strong>divina</strong></span> <span class='ocrx_word' id='word_1_76' title='bbox 1565 2417 1802 2489; x_wconf 90' lang='lat' dir='ltr'><strong>quadam</strong></span> <span class='ocrx_word' id='word_1_77' title='bbox 1847 2429 2052 2487; x_wconf 84' lang='lat' dir='ltr'><strong>praero-</strong></span> 
     </span>
    </p>
   </div>
   <div class='ocr_carea' id='block_1_16' title="bbox 479 2507 2051 2582">
    <p class='ocr_par' dir='ltr' id='par_1_16' title="bbox 479 2507 2051 2582">
     <span class='ocr_line' id='line_1_16' title="bbox 479 2507 2051 2582; baseline -0.001 -17"><span class='ocrx_word' id='word_1_78' title='bbox 479 2513 659 2582; x_wconf 79' lang='lat' dir='ltr'><strong>gativa</strong></span> <span class='ocrx_word' id='word_1_79' title='bbox 701 2511 1052 2582; x_wconf 85' lang='lat' dir='ltr'><strong>peculiariter</strong></span> <span class='ocrx_word' id='word_1_80' title='bbox 1110 2511 1426 2582; x_wconf 76' lang='lat' dir='ltr'><strong>insignitur,</strong></span> <span class='ocrx_word' id='word_1_81' title='bbox 1464 2511 1624 2566; x_wconf 81' lang='lat' dir='ltr'><strong>valde</strong></span> <span class='ocrx_word' id='word_1_82' title='bbox 1684 2509 1888 2580; x_wconf 88' lang='lat' dir='ltr'><strong>alioqui</strong></span> <span class='ocrx_word' id='word_1_83' title='bbox 1928 2507 2051 2564; x_wconf 84' lang='lat' dir='ltr'><strong>aliis</strong></span> 
     </span>
    </p>
   </div>
   <div class='ocr_carea' id='block_1_17' title="bbox 478 2602 2052 2676">
    <p class='ocr_par' dir='ltr' id='par_1_17' title="bbox 478 2602 2052 2676">
     <span class='ocr_line' id='line_1_17' title="bbox 478 2602 2052 2676; baseline -0.001 -18"><span class='ocrx_word' id='word_1_84' title='bbox 478 2605 535 2658; x_wconf 89' lang='lat' dir='ltr'><strong>in</strong></span> <span class='ocrx_word' id='word_1_85' title='bbox 569 2605 734 2660; x_wconf 85' lang='lat' dir='ltr'><strong>rebus</strong></span> <span class='ocrx_word' id='word_1_86' title='bbox 784 2620 979 2676; x_wconf 82' lang='lat' dir='ltr'><strong>magna</strong></span> <span class='ocrx_word' id='word_1_87' title='bbox 1016 2620 1142 2660; x_wconf 93' lang='lat' dir='ltr'><strong>cum</strong></span> <span class='ocrx_word' id='word_1_88' title='bbox 1202 2604 1506 2676; x_wconf 87' lang='lat' dir='ltr'><strong>pecudibus</strong></span> <span class='ocrx_word' id='word_1_89' title='bbox 1555 2602 2052 2658; x_wconf 86' lang='lat' dir='ltr'><strong>communicatione</strong></span> 
     </span>
    </p>
   </div>
   <div class='ocr_carea' id='block_1_18' title="bbox 478 2693 2049 2766">
    <p class='ocr_par' dir='ltr' id='par_1_18' title="bbox 478 2693 2049 2766">
     <span class='ocr_line' id='line_1_18' title="bbox 478 2693 2049 2766; baseline -0.001 -18"><span class='ocrx_word' id='word_1_90' title='bbox 478 2696 759 2765; x_wconf 73' lang='lat' dir='ltr'><strong>praeditus.</strong></span> <span class='ocrx_word' id='word_1_91' title='bbox 789 2693 924 2749; x_wconf 88' lang='lat' dir='ltr'><strong>Nam</strong></span> <span class='ocrx_word' id='word_1_92' title='bbox 953 2697 1238 2751; x_wconf 89' lang='lat' dir='ltr'><strong>oculorum</strong></span> <span class='ocrx_word' id='word_1_93' title='bbox 1277 2695 1469 2766; x_wconf 81' lang='lat' dir='ltr'><strong>ﬁgura,</strong></span> <span class='ocrx_word' id='word_1_94' title='bbox 1515 2702 1569 2750; x_wconf 86' lang='lat' dir='ltr'><strong>et</strong></span> <span class='ocrx_word' id='word_1_95' title='bbox 1598 2696 1848 2764; x_wconf 82' lang='lat' dir='ltr'><strong>corporis</strong></span> <span class='ocrx_word' id='word_1_96' title='bbox 1896 2709 2049 2750; x_wconf 89' lang='lat' dir='ltr'><strong>com-</strong></span> 
     </span>
    </p>
   </div>
   <div class='ocr_carea' id='block_1_19' title="bbox 479 2785 2048 2859">
    <p class='ocr_par' dir='ltr' id='par_1_19' title="bbox 479 2785 2048 2859">
     <span class='ocr_line' id='line_1_19' title="bbox 479 2785 2048 2859; baseline -0.001 -19"><span class='ocrx_word' id='word_1_97' title='bbox 479 2788 701 2856; x_wconf 87' lang='lat' dir='ltr'><strong>positio,</strong></span> <span class='ocrx_word' id='word_1_98' title='bbox 732 2803 1033 2859; x_wconf 89' lang='lat' dir='ltr'><strong>eorumque</strong></span> <span class='ocrx_word' id='word_1_99' title='bbox 1070 2798 1122 2843; x_wconf 91' lang='lat' dir='ltr'><strong>et</strong></span> <span class='ocrx_word' id='word_1_100' title='bbox 1148 2803 1268 2858; x_wconf 81' lang='lat' dir='ltr'><strong>quae</strong></span> <span class='ocrx_word' id='word_1_101' title='bbox 1299 2789 1365 2840; x_wconf 93' lang='lat' dir='ltr'><strong>ad</strong></span> <span class='ocrx_word' id='word_1_102' title='bbox 1394 2795 1574 2841; x_wconf 89' lang='lat' dir='ltr'><strong>cutem</strong></span> <span class='ocrx_word' id='word_1_103' title='bbox 1608 2793 1847 2851; x_wconf 83' lang='lat' dir='ltr'><strong>exstant,</strong></span> <span class='ocrx_word' id='word_1_104' title='bbox 1892 2796 1946 2840; x_wconf 88' lang='lat' dir='ltr'><strong>et</strong></span> <span class='ocrx_word' id='word_1_105' title='bbox 1994 2785 2048 2839; x_wconf 93' lang='lat' dir='ltr'><strong>in</strong></span> 
     </span>
    </p>
   </div>
   <div class='ocr_carea' id='block_1_20' title="bbox 478 2875 2048 2945">
    <p class='ocr_par' dir='ltr' id='par_1_20' title="bbox 478 2875 2048 2945">
     <span class='ocr_line' id='line_1_20' title="bbox 478 2875 2048 2945; baseline 0.002 -18"><span class='ocrx_word' id='word_1_106' title='bbox 478 2884 670 2930; x_wconf 72' lang='lat' dir='ltr'><strong>ventre</strong></span> <span class='ocrx_word' id='word_1_107' title='bbox 703 2875 938 2943; x_wconf 87' lang='lat' dir='ltr'><strong>latitant,</strong></span> <span class='ocrx_word' id='word_1_108' title='bbox 973 2877 1250 2931; x_wconf 87' lang='lat' dir='ltr'><strong>hominem</strong></span> <span class='ocrx_word' id='word_1_109' title='bbox 1285 2893 1396 2930; x_wconf 88' lang='lat' dir='ltr'><strong>non</strong></span> <span class='ocrx_word' id='word_1_110' title='bbox 1434 2878 1762 2931; x_wconf 85' lang='lat' dir='ltr'><strong>nobilitant:</strong></span> <span class='ocrx_word' id='word_1_111' title='bbox 1800 2876 2048 2945; x_wconf 89' lang='lat' dir='ltr'><strong>quando-</strong></span> 
     </span>
    </p>
   </div>
   <div class='ocr_carea' id='block_1_21' title="bbox 479 2966 2050 3036">
    <p class='ocr_par' dir='ltr' id='par_1_21' title="bbox 479 2966 2050 3036">
     <span class='ocr_line' id='line_1_21' title="bbox 479 2966 2050 3036; baseline 0.002 -19"><span class='ocrx_word' id='word_1_112' title='bbox 479 2966 698 3036; x_wconf 88' lang='lat' dir='ltr'><strong>quidem</strong></span> <span class='ocrx_word' id='word_1_113' title='bbox 726 2974 780 3022; x_wconf 88' lang='lat' dir='ltr'><strong>et</strong></span> <span class='ocrx_word' id='word_1_114' title='bbox 814 2973 1127 3032; x_wconf 87' lang='lat' dir='ltr'><strong>terrestres,</strong></span> <span class='ocrx_word' id='word_1_115' title='bbox 1166 2974 1218 3021; x_wconf 91' lang='lat' dir='ltr'><strong>et</strong></span> <span class='ocrx_word' id='word_1_116' title='bbox 1257 2967 1544 3036; x_wconf 89' lang='lat' dir='ltr'><strong>aquatiles,</strong></span> <span class='ocrx_word' id='word_1_117' title='bbox 1589 2975 1642 3021; x_wconf 92' lang='lat' dir='ltr'><strong>et</strong></span> <span class='ocrx_word' id='word_1_118' title='bbox 1681 2969 1954 3031; x_wconf 84' lang='lat' dir='ltr'><strong>volucres,</strong></span> <span class='ocrx_word' id='word_1_119' title='bbox 1996 2975 2050 3022; x_wconf 89' lang='lat' dir='ltr'><strong>et</strong></span> 
     </span>
    </p>
   </div>
   <div class='ocr_carea' id='block_1_22' title="bbox 483 3055 2048 3127">
    <p class='ocr_par' dir='ltr' id='par_1_22' title="bbox 483 3055 2048 3127">
     <span class='ocr_line' id='line_1_22' title="bbox 483 3055 2048 3127; baseline -0.001 -15"><span class='ocrx_word' id='word_1_120' title='bbox 483 3071 675 3112; x_wconf 89' lang='lat' dir='ltr'><strong>omnes</strong></span> <span class='ocrx_word' id='word_1_121' title='bbox 707 3055 944 3127; x_wconf 90' lang='lat' dir='ltr'><strong>denique</strong></span> <span class='ocrx_word' id='word_1_122' title='bbox 970 3056 1276 3110; x_wconf 88' lang='lat' dir='ltr'><strong>animantes</strong></span> <span class='ocrx_word' id='word_1_123' title='bbox 1329 3056 1544 3109; x_wconf 88' lang='lat' dir='ltr'><strong>illorum</strong></span> <span class='ocrx_word' id='word_1_124' title='bbox 1579 3056 1874 3127; x_wconf 89' lang='lat' dir='ltr'><strong>participes</strong></span> <span class='ocrx_word' id='word_1_125' title='bbox 1927 3071 2048 3110; x_wconf 88' lang='lat' dir='ltr'><strong>cer-</strong></span> 
     </span>
    </p>
   </div>
   <div class='ocr_carea' id='block_1_23' title="bbox 480 3145 2049 3217">
    <p class='ocr_par' dir='ltr' id='par_1_23' title="bbox 480 3145 2049 3217">
     <span class='ocr_line' id='line_1_23' title="bbox 480 3145 2049 3217; baseline 0.001 -18"><span class='ocrx_word' id='word_1_126' title='bbox 480 3154 701 3201; x_wconf 88' lang='lat' dir='ltr'><strong>nantur.</strong></span> <span class='ocrx_word' id='word_1_127' title='bbox 727 3145 841 3201; x_wconf 85' lang='lat' dir='ltr'><strong>Hoc</strong></span> <span class='ocrx_word' id='word_1_128' title='bbox 874 3161 1004 3201; x_wconf 85' lang='lat' dir='ltr'><strong>vero</strong></span> <span class='ocrx_word' id='word_1_129' title='bbox 1033 3147 1340 3217; x_wconf 88' lang='lat' dir='ltr'><strong>principem</strong></span> <span class='ocrx_word' id='word_1_130' title='bbox 1377 3146 1619 3201; x_wconf 91' lang='lat' dir='ltr'><strong>omnium</strong></span> <span class='ocrx_word' id='word_1_131' title='bbox 1643 3145 1795 3213; x_wconf 90' lang='lat' dir='ltr'><strong>facit,</strong></span> <span class='ocrx_word' id='word_1_132' title='bbox 1841 3155 1896 3202; x_wconf 88' lang='lat' dir='ltr'><strong>et</strong></span> <span class='ocrx_word' id='word_1_133' title='bbox 1922 3147 2049 3201; x_wconf 88' lang='lat' dir='ltr'><strong>bea-</strong></span> 
     </span>
    </p>
   </div>
   <div class='ocr_carea' id='block_1_24' title="bbox 479 3235 2047 3308">
    <p class='ocr_par' dir='ltr' id='par_1_24' title="bbox 479 3235 2047 3308">
     <span class='ocr_line' id='line_1_24' title="bbox 479 3235 2047 3308; baseline 0.001 -16"><span class='ocrx_word' id='word_1_134' title='bbox 479 3238 755 3293; x_wconf 90' lang='lat' dir='ltr'><strong>tissimum</strong></span> <span class='ocrx_word' id='word_1_135' title='bbox 794 3238 1174 3294; x_wconf 88' lang='lat' dir='ltr'><strong>demonstrat:</strong></span> <span class='ocrx_word' id='word_1_136' title='bbox 1208 3254 1317 3308; x_wconf 92' lang='lat' dir='ltr'><strong>quo</strong></span> <span class='ocrx_word' id='word_1_137' title='bbox 1356 3237 1582 3306; x_wconf 90' lang='lat' dir='ltr'><strong>copiose</strong></span> <span class='ocrx_word' id='word_1_138' title='bbox 1640 3235 1787 3292; x_wconf 90' lang='lat' dir='ltr'><strong>Deus</strong></span> <span class='ocrx_word' id='word_1_139' title='bbox 1841 3237 2047 3293; x_wconf 89' lang='lat' dir='ltr'><strong>ditatus</strong></span> 
     </span>
    </p>
   </div>
   <div class='ocr_carea' id='block_1_25' title="bbox 478 3327 2048 3398">
    <p class='ocr_par' dir='ltr' id='par_1_25' title="bbox 478 3327 2048 3398">
     <span class='ocr_line' id='line_1_25' title="bbox 478 3327 2048 3398; baseline -0.001 -15"><span class='ocrx_word' id='word_1_140' title='bbox 478 3328 599 3397; x_wconf 87' lang='lat' dir='ltr'><strong>ejus</strong></span> <span class='ocrx_word' id='word_1_141' title='bbox 628 3328 850 3397; x_wconf 87' lang='lat' dir='ltr'><strong>paulum</strong></span> <span class='ocrx_word' id='word_1_142' title='bbox 880 3328 1040 3383; x_wconf 89' lang='lat' dir='ltr'><strong>nobis</strong></span> <span class='ocrx_word' id='word_1_143' title='bbox 1088 3329 1403 3398; x_wconf 86' lang='lat' dir='ltr'><strong>impertivit,</strong></span> <span class='ocrx_word' id='word_1_144' title='bbox 1430 3328 1487 3382; x_wconf 92' lang='lat' dir='ltr'><strong>in</strong></span> <span class='ocrx_word' id='word_1_145' title='bbox 1539 3327 1731 3397; x_wconf 88' lang='lat' dir='ltr'><strong>primis</strong></span> <span class='ocrx_word' id='word_1_146' title='bbox 1779 3334 1839 3383; x_wconf 79' lang='lat' dir='ltr'><strong>ut</strong></span> <span class='ocrx_word' id='word_1_147' title='bbox 1893 3329 2048 3383; x_wconf 92' lang='lat' dir='ltr'><strong>illum</strong></span> 
     </span>
    </p>
   </div>
   <div class='ocr_carea' id='block_1_26' title="bbox 477 3418 2050 3489">
    <p class='ocr_par' dir='ltr' id='par_1_26' title="bbox 477 3418 2050 3489">
     <span class='ocr_line' id='line_1_26' title="bbox 477 3418 2050 3489; baseline 0.001 -17"><span class='ocrx_word' id='word_1_148' title='bbox 477 3419 808 3484; x_wconf 87' lang='lat' dir='ltr'><strong>intueamur,</strong></span> <span class='ocrx_word' id='word_1_149' title='bbox 837 3426 891 3474; x_wconf 88' lang='lat' dir='ltr'><strong>et</strong></span> <span class='ocrx_word' id='word_1_150' title='bbox 919 3432 1283 3489; x_wconf 72' lang='lat' dir='ltr'><strong>agnoscamus</strong></span> <span class='ocrx_word' id='word_1_151' title='bbox 1329 3432 1637 3474; x_wconf 72' lang='lat' dir='ltr'><strong>sermonem</strong></span> <span class='ocrx_word' id='word_1_152' title='bbox 1679 3418 1952 3474; x_wconf 89' lang='lat' dir='ltr'><strong>sermonis</strong></span> <span class='ocrx_word' id='word_1_153' title='bbox 1986 3433 2050 3473; x_wconf 90' lang='lat' dir='ltr'><strong>ac</strong></span> 
     </span>
    </p>
   </div>
   <div class='ocr_carea' id='block_1_27' title="bbox 483 3507 2048 3581">
    <p class='ocr_par' dir='ltr' id='par_1_27' title="bbox 483 3507 2048 3581">
     <span class='ocr_line' id='line_1_27' title="bbox 483 3507 2048 3581; baseline 0.001 -20"><span class='ocrx_word' id='word_1_154' title='bbox 483 3508 710 3564; x_wconf 84' lang='lat' dir='ltr'><strong>rationis</strong></span> <span class='ocrx_word' id='word_1_155' title='bbox 761 3507 1097 3579; x_wconf 80' lang='lat' dir='ltr'><strong>largitorem,</strong></span> <span class='ocrx_word' id='word_1_156' title='bbox 1151 3518 1204 3564; x_wconf 90' lang='lat' dir='ltr'><strong>et</strong></span> <span class='ocrx_word' id='word_1_157' title='bbox 1234 3508 1487 3581; x_wconf 81' lang='lat' dir='ltr'><strong>religiose</strong></span> <span class='ocrx_word' id='word_1_158' title='bbox 1530 3509 1833 3566; x_wconf 88' lang='lat' dir='ltr'><strong>serviamus</strong></span> <span class='ocrx_word' id='word_1_159' title='bbox 1875 3510 1923 3565; x_wconf 88' lang='lat' dir='ltr'><strong>ei</strong></span> <span class='ocrx_word' id='word_1_160' title='bbox 1956 3511 2048 3580; x_wconf 88' lang='lat' dir='ltr'><strong>qui</strong></span> 
     </span>
    </p>
   </div>
   <div class='ocr_carea' id='block_1_28' title="bbox 477 3599 2047 3674">
    <p class='ocr_par' dir='ltr' id='par_1_28' title="bbox 477 3599 2047 3674">
     <span class='ocr_line' id='line_1_28' title="bbox 477 3599 2047 3674; baseline 0.002 -21"><span class='ocrx_word' id='word_1_161' title='bbox 477 3609 586 3654; x_wconf 90' lang='lat' dir='ltr'><strong>tam</strong></span> <span class='ocrx_word' id='word_1_162' title='bbox 619 3599 758 3655; x_wconf 88' lang='lat' dir='ltr'><strong>bene</strong></span> <span class='ocrx_word' id='word_1_163' title='bbox 787 3615 888 3657; x_wconf 91' lang='lat' dir='ltr'><strong>nos</strong></span> <span class='ocrx_word' id='word_1_164' title='bbox 935 3616 1033 3656; x_wconf 89' lang='lat' dir='ltr'><strong>sua</strong></span> <span class='ocrx_word' id='word_1_165' title='bbox 1065 3600 1240 3671; x_wconf 88' lang='lat' dir='ltr'><strong>ipsius</strong></span> <span class='ocrx_word' id='word_1_166' title='bbox 1286 3603 1462 3674; x_wconf 82' lang='lat' dir='ltr'><strong>gratia</strong></span> <span class='ocrx_word' id='word_1_167' title='bbox 1509 3603 1879 3659; x_wconf 81' lang='lat' dir='ltr'><strong>exornaverit.</strong></span> <span class='ocrx_word' id='word_1_168' title='bbox 1919 3601 2047 3658; x_wconf 89' lang='lat' dir='ltr'><strong>Ser-</strong></span> 
     </span>
    </p>
   </div>
   <div class='ocr_carea' id='block_1_29' title="bbox 477 3693 2042 3766">
    <p class='ocr_par' dir='ltr' id='par_1_29' title="bbox 477 3693 2042 3766">
     <span class='ocr_line' id='line_1_29' title="bbox 477 3693 2042 3766; baseline 0.003 -20"><span class='ocrx_word' id='word_1_169' title='bbox 477 3709 640 3746; x_wconf 85' lang='lat' dir='ltr'><strong>mone</strong></span> <span class='ocrx_word' id='word_1_170' title='bbox 675 3693 999 3764; x_wconf 87' lang='lat' dir='ltr'><strong>rationeque</strong></span> <span class='ocrx_word' id='word_1_171' title='bbox 1035 3710 1135 3749; x_wconf 91' lang='lat' dir='ltr'><strong>nos</strong></span> <span class='ocrx_word' id='word_1_172' title='bbox 1172 3695 1329 3765; x_wconf 77' lang='lat' dir='ltr'><strong>longe</strong></span> <span class='ocrx_word' id='word_1_173' title='bbox 1359 3711 1592 3766; x_wconf 90' lang='lat' dir='ltr'><strong>corpore</strong></span> <span class='ocrx_word' id='word_1_174' title='bbox 1633 3696 2042 3760; x_wconf 89' lang='lat' dir='ltr'><strong>imbecilliores,</strong></span> 
     </span>
    </p>
   </div>
   <div class='ocr_carea' id='block_1_30' title="bbox 480 3782 2044 3847">
    <p class='ocr_par' dir='ltr' id='par_1_30' title="bbox 480 3782 2044 3847">
     <span class='ocr_line' id='line_1_30' title="bbox 480 3782 2044 3847; baseline 0.004 -13"><span class='ocrx_word' id='word_1_175' title='bbox 480 3782 738 3838; x_wconf 76' lang='lat' dir='ltr'><strong>fortiores</strong></span> <span class='ocrx_word' id='word_1_176' title='bbox 777 3783 1098 3838; x_wconf 82' lang='lat' dir='ltr'><strong>fortioribus</strong></span> <span class='ocrx_word' id='word_1_177' title='bbox 1131 3785 1470 3847; x_wconf 79' lang='lat' dir='ltr'><strong>exsistimus,</strong></span> <span class='ocrx_word' id='word_1_178' title='bbox 1497 3793 1551 3838; x_wconf 89' lang='lat' dir='ltr'><strong>et</strong></span> <span class='ocrx_word' id='word_1_179' title='bbox 1578 3787 1762 3840; x_wconf 90' lang='lat' dir='ltr'><strong>omnia</strong></span> <span class='ocrx_word' id='word_1_180' title='bbox 1795 3788 2044 3840; x_wconf 73' lang='lat' dir='ltr'><strong>servituti</strong></span> 
     </span>
    </p>
   </div>
   <div class='ocr_carea' id='block_1_31' title="bbox 481 3869 2044 3940">
    <p class='ocr_par' dir='ltr' id='par_1_31' title="bbox 481 3869 2044 3940">
     <span class='ocr_line' id='line_1_31' title="bbox 481 3869 2044 3940; baseline 0.004 -18"><span class='ocrx_word' id='word_1_181' title='bbox 481 3870 881 3938; x_wconf 86' lang='lat' dir='ltr'><strong>mancipamus,</strong></span> <span class='ocrx_word' id='word_1_182' title='bbox 912 3885 976 3925; x_wconf 91' lang='lat' dir='ltr'><strong>ac</strong></span> <span class='ocrx_word' id='word_1_183' title='bbox 998 3869 1122 3925; x_wconf 90' lang='lat' dir='ltr'><strong>usui</strong></span> <span class='ocrx_word' id='word_1_184' title='bbox 1154 3872 1618 3940; x_wconf 86' lang='lat' dir='ltr'><strong>nostrojuhemus</strong></span> <span class='ocrx_word' id='word_1_185' title='bbox 1647 3874 2044 3931; x_wconf 89' lang='lat' dir='ltr'><strong>obsecundare.</strong></span> 
     </span>
    </p>
   </div>
   <div class='ocr_carea' id='block_1_32' title="bbox 481 3957 2048 4032">
    <p class='ocr_par' dir='ltr' id='par_1_32' title="bbox 481 3957 2048 4032">
     <span class='ocr_line' id='line_1_32' title="bbox 481 3957 2048 4032; baseline 0.005 -21"><span class='ocrx_word' id='word_1_186' title='bbox 481 3957 561 4011; x_wconf 85' lang='lat' dir='ltr'><strong>ita</strong></span> <span class='ocrx_word' id='word_1_187' title='bbox 603 3965 793 4013; x_wconf 88' lang='lat' dir='ltr'><strong>tauros</strong></span> <span class='ocrx_word' id='word_1_188' title='bbox 827 3959 1138 4022; x_wconf 89' lang='lat' dir='ltr'><strong>domamus,</strong></span> <span class='ocrx_word' id='word_1_189' title='bbox 1170 3971 1224 4014; x_wconf 85' lang='lat' dir='ltr'><strong>et</strong></span> <span class='ocrx_word' id='word_1_190' title='bbox 1255 3960 1390 4030; x_wconf 76' lang='lat' dir='ltr'><strong>jugo</strong></span> <span class='ocrx_word' id='word_1_191' title='bbox 1424 3961 1771 4032; x_wconf 86' lang='lat' dir='ltr'><strong>subjicimus,</strong></span> <span class='ocrx_word' id='word_1_192' title='bbox 1817 3973 2048 4019; x_wconf 87' lang='lat' dir='ltr'><strong>terram-</strong></span> 
     </span>
    </p>
   </div>
   <div class='ocr_carea' id='block_1_33' title="bbox 482 4047 2048 4120">
    <p class='ocr_par' dir='ltr' id='par_1_33' title="bbox 482 4047 2048 4120">
     <span class='ocr_line' id='line_1_33' title="bbox 482 4047 2048 4120; baseline 0.007 -22"><span class='ocrx_word' id='word_1_193' title='bbox 482 4061 588 4115; x_wconf 87' lang='lat' dir='ltr'><strong>que</strong></span> <span class='ocrx_word' id='word_1_194' title='bbox 635 4047 832 4103; x_wconf 85' lang='lat' dir='ltr'><strong>aratris</strong></span> <span class='ocrx_word' id='word_1_195' title='bbox 879 4049 1233 4118; x_wconf 84' lang='lat' dir='ltr'><strong>proscindere</strong></span> <span class='ocrx_word' id='word_1_196' title='bbox 1295 4064 1640 4120; x_wconf 88' lang='lat' dir='ltr'><strong>apparamus,</strong></span> <span class='ocrx_word' id='word_1_197' title='bbox 1690 4067 1755 4108; x_wconf 89' lang='lat' dir='ltr'><strong>ac</strong></span> <span class='ocrx_word' id='word_1_198' title='bbox 1816 4055 2048 4110; x_wconf 89' lang='lat' dir='ltr'><strong>celerem</strong></span> 
     </span>
    </p>
   </div>
   <div class='ocr_carea' id='block_1_34' title="bbox 479 4139 2046 4213">
    <p class='ocr_par' dir='ltr' id='par_1_34' title="bbox 479 4139 2046 4213">
     <span class='ocr_line' id='line_1_34' title="bbox 479 4139 2046 4213; baseline 0.006 -20"><span class='ocrx_word' id='word_1_199' title='bbox 479 4153 678 4210; x_wconf 83' lang='lat' dir='ltr'><strong>equum</strong></span> <span class='ocrx_word' id='word_1_200' title='bbox 723 4139 893 4196; x_wconf 88' lang='lat' dir='ltr'><strong>frenis</strong></span> <span class='ocrx_word' id='word_1_201' title='bbox 931 4142 1354 4212; x_wconf 87' lang='lat' dir='ltr'><strong>comprimentes</strong></span> <span class='ocrx_word' id='word_1_202' title='bbox 1375 4143 1714 4200; x_wconf 88' lang='lat' dir='ltr'><strong>obedientem</strong></span> <span class='ocrx_word' id='word_1_203' title='bbox 1762 4145 2046 4213; x_wconf 87' lang='lat' dir='ltr'><strong>habemus,</strong></span> 
     </span>
    </p>
   </div>
   <div class='ocr_carea' id='block_1_35' title="bbox 479 4231 2049 4306">
    <p class='ocr_par' dir='ltr' id='par_1_35' title="bbox 479 4231 2049 4306">
     <span class='ocr_line' id='line_1_35' title="bbox 479 4231 2049 4306; baseline 0.007 -20"><span class='ocrx_word' id='word_1_204' title='bbox 479 4241 533 4286; x_wconf 88' lang='lat' dir='ltr'><strong>et</strong></span> <span class='ocrx_word' id='word_1_205' title='bbox 562 4231 776 4286; x_wconf 89' lang='lat' dir='ltr'><strong>tardum</strong></span> <span class='ocrx_word' id='word_1_206' title='bbox 811 4232 1027 4287; x_wconf 89' lang='lat' dir='ltr'><strong>asinum</strong></span> <span class='ocrx_word' id='word_1_207' title='bbox 1083 4233 1322 4290; x_wconf 76' lang='lat' dir='ltr'><strong>fustibus</strong></span> <span class='ocrx_word' id='word_1_208' title='bbox 1376 4238 1766 4306; x_wconf 91' lang='lat' dir='ltr'><strong>compellentes</strong></span> <span class='ocrx_word' id='word_1_209' title='bbox 1815 4238 2049 4297; x_wconf 87' lang='lat' dir='ltr'><strong>facimus</strong></span> 
     </span>
    </p>
   </div>
   <div class='ocr_carea' id='block_1_36' title="bbox 478 4319 2051 4393">
    <p class='ocr_par' dir='ltr' id='par_1_36' title="bbox 478 4319 2051 4393">
     <span class='ocr_line' id='line_1_36' title="bbox 478 4319 2051 4393; baseline 0.005 -15"><span class='ocrx_word' id='word_1_210' title='bbox 478 4319 818 4386; x_wconf 82' lang='lat' dir='ltr'><strong>celeriorem,</strong></span> <span class='ocrx_word' id='word_1_211' title='bbox 851 4322 1128 4393; x_wconf 87' lang='lat' dir='ltr'><strong>durasque</strong></span> <span class='ocrx_word' id='word_1_212' title='bbox 1161 4325 1338 4381; x_wconf 88' lang='lat' dir='ltr'><strong>mulas</strong></span> <span class='ocrx_word' id='word_1_213' title='bbox 1382 4326 1633 4381; x_wconf 87' lang='lat' dir='ltr'><strong>vehicula</strong></span> <span class='ocrx_word' id='word_1_214' title='bbox 1661 4329 1878 4384; x_wconf 89' lang='lat' dir='ltr'><strong>trahere</strong></span> <span class='ocrx_word' id='word_1_215' title='bbox 1924 4345 2051 4386; x_wconf 79' lang='lat' dir='ltr'><strong>one-</strong></span> 
     </span>
    </p>
   </div>
   <div class='ocr_carea' id='block_1_37' title="bbox 478 4413 2049 4486">
    <p class='ocr_par' dir='ltr' id='par_1_37' title="bbox 478 4413 2049 4486">
     <span class='ocr_line' id='line_1_37' title="bbox 478 4413 2049 4486; baseline 0.006 -19"><span class='ocrx_word' id='word_1_216' title='bbox 478 4429 646 4484; x_wconf 85' lang='lat' dir='ltr'><strong>raque</strong></span> <span class='ocrx_word' id='word_1_217' title='bbox 685 4413 929 4483; x_wconf 86' lang='lat' dir='ltr'><strong>bajulare</strong></span> <span class='ocrx_word' id='word_1_218' title='bbox 963 4414 1207 4484; x_wconf 80' lang='lat' dir='ltr'><strong>cogimus</strong></span> <span class='ocrx_word' id='word_1_219' title='bbox 1236 4431 1250 4480; x_wconf 91' lang='lat'>;</span> <span class='ocrx_word' id='word_1_220' title='bbox 1284 4417 1697 4486; x_wconf 77' lang='lat' dir='ltr'><strong>elephantorum</strong></span> <span class='ocrx_word' id='word_1_221' title='bbox 1752 4434 1880 4474; x_wconf 84' lang='lat' dir='ltr'><strong>vero</strong></span> <span class='ocrx_word' id='word_1_222' title='bbox 1913 4421 2049 4476; x_wconf 69' lang='grc' dir='ltr'><strong>θαυ-</strong></span> 
     </span>
    </p>
   </div>
   <div class='ocr_carea' id='block_1_38' title="bbox 479 4505 2043 4582">
    <p class='ocr_par' dir='ltr' id='par_1_38' title="bbox 479 4505 2043 4582">
     <span class='ocr_line' id='line_1_38' title="bbox 479 4505 2043 4582; baseline 0.005 -22"><span class='ocrx_word' id='word_1_223' title='bbox 479 4519 597 4560; x_wconf 88' lang='lat' dir='ltr'><strong>sam</strong></span> <span class='ocrx_word' id='word_1_224' title='bbox 627 4506 874 4574; x_wconf 88' lang='lat' dir='ltr'><strong>corporis</strong></span> <span class='ocrx_word' id='word_1_225' title='bbox 895 4505 1113 4572; x_wconf 89' lang='lat' dir='ltr'><strong>molem,</strong></span> <span class='ocrx_word' id='word_1_226' title='bbox 1148 4521 1211 4560; x_wconf 91' lang='lat' dir='ltr'><strong>ac</strong></span> <span class='ocrx_word' id='word_1_227' title='bbox 1239 4509 1577 4563; x_wconf 85' lang='lat' dir='ltr'><strong>camelorum</strong></span> <span class='ocrx_word' id='word_1_228' title='bbox 1612 4511 2043 4582; x_wconf 82' lang='lat' dir='ltr'><strong>magnitudinem</strong></span> 
     </span>
    </p>
   </div>
   <div class='ocr_carea' id='block_1_39' title="bbox 2153 2047 3726 2121">
    <p class='ocr_par' dir='ltr' id='par_1_39' title="bbox 2153 2047 3726 2121">
     <span class='ocr_line' id='line_1_39' title="bbox 2153 2047 3726 2121; baseline 0.002 -19"><span class='ocrx_word' id='word_1_229' title='bbox 2153 2047 2448 2120; x_wconf 81' lang='grc' dir='ltr'>ἐξαίρετον,</span> <span class='ocrx_word' id='word_1_230' title='bbox 2488 2047 2588 2102; x_wconf 83' lang='grc' dir='ltr'><strong>οὐκ</strong></span> <span class='ocrx_word' id='word_1_231' title='bbox 2634 2047 2854 2104; x_wconf 78' lang='grc' dir='ltr'>ἄλλοθεν</span> <span class='ocrx_word' id='word_1_232' title='bbox 2886 2050 3336 2121; x_wconf 79' lang='grc' dir='ltr'>προσγενόμενον,</span> <span class='ocrx_word' id='word_1_233' title='bbox 3366 2050 3500 2105; x_wconf 83' lang='grc' dir='ltr'>ἀλλὰ</span> <span class='ocrx_word' id='word_1_234' title='bbox 3535 2068 3726 2119; x_wconf 86' lang='grc' dir='ltr'>συγκε-</span> 
     </span>
    </p>
   </div>
   <div class='ocr_carea' id='block_1_40' title="bbox 2151 2139 3736 2214">
    <p class='ocr_par' dir='ltr' id='par_1_40' title="bbox 2151 2139 3736 2214">
     <span class='ocr_line' id='line_1_40' title="bbox 2151 2139 3736 2214; baseline 0.003 -22"><span class='ocrx_word' id='word_1_235' title='bbox 2151 2139 2422 2210; x_wconf 89' lang='grc' dir='ltr'>κραμένον</span> <span class='ocrx_word' id='word_1_236' title='bbox 2463 2141 2528 2210; x_wconf 81' lang='grc' dir='ltr'>τῇ</span> <span class='ocrx_word' id='word_1_237' title='bbox 2591 2139 2772 2209; x_wconf 84' lang='grc' dir='ltr'>φύσει,</span> <span class='ocrx_word' id='word_1_238' title='bbox 2837 2140 3108 2214; x_wconf 82' lang='grc' dir='ltr'><strong>ἀνθρώπῳ</strong></span> <span class='ocrx_word' id='word_1_239' title='bbox 3177 2141 3348 2212; x_wconf 89' lang='grc' dir='ltr'>δῶρον</span> <span class='ocrx_word' id='word_1_240' title='bbox 3401 2142 3736 2214; x_wconf 86' lang='grc' dir='ltr'>τιμιώτατον</span> 
     </span>
    </p>
   </div>
   <div class='ocr_carea' id='block_1_41' title="bbox 2151 2230 3732 2302">
    <p class='ocr_par' dir='ltr' id='par_1_41' title="bbox 2151 2230 3732 2302">
     <span class='ocr_line' id='line_1_41' title="bbox 2151 2230 3732 2302; baseline 0.002 -17"><span class='ocrx_word' id='word_1_241' title='bbox 2151 2231 2303 2302; x_wconf 72' lang='grc' dir='ltr'>παρὰ</span> <span class='ocrx_word' id='word_1_242' title='bbox 2328 2230 2422 2284; x_wconf 81' lang='grc' dir='ltr'>τοῦ</span> <span class='ocrx_word' id='word_1_243' title='bbox 2457 2231 2957 2302; x_wconf 78' lang='grc' dir='ltr'><strong>δημιουργήσαντος</strong></span> <span class='ocrx_word' id='word_1_244' title='bbox 3003 2235 3082 2296; x_wconf 87' lang='grc' dir='ltr'><strong>είς</strong></span> <span class='ocrx_word' id='word_1_245' title='bbox 3111 2232 3272 2287; x_wconf 84' lang='grc' dir='ltr'>αὑτὸν</span> <span class='ocrx_word' id='word_1_246' title='bbox 3305 2232 3478 2287; x_wconf 84' lang='grc' dir='ltr'>ἐλθόν.</span> <span class='ocrx_word' id='word_1_247' title='bbox 3509 2234 3601 2288; x_wconf 78' lang='grc' dir='ltr'>Διὸ</span> <span class='ocrx_word' id='word_1_248' title='bbox 3636 2235 3732 2289; x_wconf 74' lang='grc' dir='ltr'>καὶ</span> 
     </span>
    </p>
   </div>
   <div class='ocr_carea' id='block_1_42' title="bbox 2151 2321 3734 2397">
    <p class='ocr_par' dir='ltr' id='par_1_42' title="bbox 2151 2321 3734 2397">
     <span class='ocr_line' id='line_1_42' title="bbox 2151 2321 3734 2397; baseline 0.002 -21"><span class='ocrx_word' id='word_1_249' title='bbox 2151 2322 2273 2376; x_wconf 86' lang='grc' dir='ltr'>καθ’</span> <span class='ocrx_word' id='word_1_250' title='bbox 2297 2322 2554 2391; x_wconf 88' lang='grc' dir='ltr'>ὁμοίωσιν</span> <span class='ocrx_word' id='word_1_251' title='bbox 2585 2321 2721 2375; x_wconf 74' lang='grc' dir='ltr'>Θεοῦ</span> <span class='ocrx_word' id='word_1_252' title='bbox 2749 2323 3075 2393; x_wconf 85' lang='grc' dir='ltr'>γεγενῆσθαι</span> <span class='ocrx_word' id='word_1_253' title='bbox 3101 2321 3342 2393; x_wconf 87' lang='grc' dir='ltr'>λέγεται.</span> <span class='ocrx_word' id='word_1_254' title='bbox 3379 2323 3566 2397; x_wconf 82' lang='grc' dir='ltr'>Τούτῳ</span> <span class='ocrx_word' id='word_1_255' title='bbox 3598 2324 3734 2394; x_wconf 81' lang='grc' dir='ltr'>γοῦν</span> 
     </span>
    </p>
   </div>
   <div class='ocr_carea' id='block_1_43' title="bbox 2151 2411 3734 2488">
    <p class='ocr_par' dir='ltr' id='par_1_43' title="bbox 2151 2411 3734 2488">
     <span class='ocr_line' id='line_1_43' title="bbox 2151 2411 3734 2488; baseline 0.003 -22"><span class='ocrx_word' id='word_1_256' title='bbox 2151 2414 2263 2483; x_wconf 82' lang='grc' dir='ltr'>ἔχει</span> <span class='ocrx_word' id='word_1_257' title='bbox 2302 2414 2396 2466; x_wconf 81' lang='grc' dir='ltr'>καὶ</span> <span class='ocrx_word' id='word_1_258' title='bbox 2438 2411 2574 2484; x_wconf 83' lang='grc' dir='ltr'>πρὸς</span> <span class='ocrx_word' id='word_1_259' title='bbox 2605 2414 2672 2468; x_wconf 82' lang='grc' dir='ltr'><strong>τὰ</strong></span> <span class='ocrx_word' id='word_1_260' title='bbox 2718 2413 2851 2468; x_wconf 83' lang='grc' dir='ltr'>ἄλλα</span> <span class='ocrx_word' id='word_1_261' title='bbox 2883 2413 2997 2477; x_wconf 82' lang='grc' dir='ltr'>ζῶα</span> <span class='ocrx_word' id='word_1_262' title='bbox 3041 2413 3138 2486; x_wconf 75' lang='grc' dir='ltr'>τὴν</span> <span class='ocrx_word' id='word_1_263' title='bbox 3173 2415 3458 2487; x_wconf 75' lang='grc' dir='ltr'>διαφοράν,</span> <span class='ocrx_word' id='word_1_264' title='bbox 3505 2418 3600 2470; x_wconf 81' lang='grc' dir='ltr'>καὶ</span> <span class='ocrx_word' id='word_1_265' title='bbox 3650 2416 3734 2488; x_wconf 80' lang='grc' dir='ltr'>τῷ</span> 
     </span>
    </p>
   </div>
   <div class='ocr_carea' id='block_1_44' title="bbox 2153 2505 3729 2578">
    <p class='ocr_par' dir='ltr' id='par_1_44' title="bbox 2153 2505 3729 2578">
     <span class='ocr_line' id='line_1_44' title="bbox 2153 2505 3729 2578; baseline 0.001 -18"><span class='ocrx_word' id='word_1_266' title='bbox 2153 2505 2371 2560; x_wconf 86' lang='grc' dir='ltr'>θεοειδεῖ</span> <span class='ocrx_word' id='word_1_267' title='bbox 2404 2506 2833 2577; x_wconf 75' lang='grc' dir='ltr'><strong>πλεονεκτήματι</strong></span> <span class='ocrx_word' id='word_1_268' title='bbox 2878 2505 3186 2569; x_wconf 73' lang='grc' dir='ltr'><strong>ἰδιαζόντως</strong></span> <span class='ocrx_word' id='word_1_269' title='bbox 3226 2506 3729 2578; x_wconf 77' lang='grc' dir='ltr'><strong>χαρακτηρίζεται,</strong></span> 
     </span>
    </p>
   </div>
   <div class='ocr_carea' id='block_1_45' title="bbox 2153 2596 3733 2669">
    <p class='ocr_par' dir='ltr' id='par_1_45' title="bbox 2153 2596 3733 2669">
     <span class='ocr_line' id='line_1_45' title="bbox 2153 2596 3733 2669; baseline 0.001 -19"><span class='ocrx_word' id='word_1_270' title='bbox 2153 2597 2358 2669; x_wconf 79' lang='grc' dir='ltr'>σφόδρα</span> <span class='ocrx_word' id='word_1_271' title='bbox 2383 2600 2495 2662; x_wconf 88' lang='grc' dir='ltr'>τοῖς</span> <span class='ocrx_word' id='word_1_272' title='bbox 2527 2597 2708 2661; x_wconf 79' lang='grc' dir='ltr'>ἄλλοις</span> <span class='ocrx_word' id='word_1_273' title='bbox 2742 2597 2940 2668; x_wconf 81' lang='grc' dir='ltr'>πολλὴν</span> <span class='ocrx_word' id='word_1_274' title='bbox 2968 2596 3104 2668; x_wconf 78' lang='grc' dir='ltr'>ἔχων</span> <span class='ocrx_word' id='word_1_275' title='bbox 3144 2597 3244 2667; x_wconf 82' lang='grc' dir='ltr'>τὴν</span> <span class='ocrx_word' id='word_1_276' title='bbox 3277 2600 3560 2652; x_wconf 76' lang='grc' dir='ltr'>κοινωνίαν</span> <span class='ocrx_word' id='word_1_277' title='bbox 3592 2599 3733 2668; x_wconf 83' lang='grc' dir='ltr'>πρὸς</span> 
     </span>
    </p>
   </div>
   <div class='ocr_carea' id='block_1_46' title="bbox 2150 2690 3732 2763">
    <p class='ocr_par' dir='ltr' id='par_1_46' title="bbox 2150 2690 3732 2763">
     <span class='ocr_line' id='line_1_46' title="bbox 2150 2690 3732 2763; baseline 0.003 -21"><span class='ocrx_word' id='word_1_278' title='bbox 2150 2690 2219 2742; x_wconf 87' lang='grc' dir='ltr'>τὰ</span> <span class='ocrx_word' id='word_1_279' title='bbox 2251 2691 2588 2760; x_wconf 81' lang='grc' dir='ltr'>βοσκήματα.</span> <span class='ocrx_word' id='word_1_280' title='bbox 2641 2690 2962 2760; x_wconf 84' lang='grc' dir='ltr'>Ὀφθαλμῶν</span> <span class='ocrx_word' id='word_1_281' title='bbox 2995 2690 3102 2762; x_wconf 81' lang='grc' dir='ltr'>γὰρ</span> <span class='ocrx_word' id='word_1_282' title='bbox 3146 2690 3334 2756; x_wconf 84' lang='grc' dir='ltr'>τύπος,</span> <span class='ocrx_word' id='word_1_283' title='bbox 3372 2692 3468 2744; x_wconf 74' lang='grc' dir='ltr'>καὶ</span> <span class='ocrx_word' id='word_1_284' title='bbox 3510 2692 3732 2763; x_wconf 84' lang='grc' dir='ltr'>σαρκῶν</span> 
     </span>
    </p>
   </div>
   <div class='ocr_carea' id='block_1_47' title="bbox 2151 2782 3730 2854">
    <p class='ocr_par' dir='ltr' id='par_1_47' title="bbox 2151 2782 3730 2854">
     <span class='ocr_line' id='line_1_47' title="bbox 2151 2782 3730 2854; baseline 0.003 -20"><span class='ocrx_word' id='word_1_285' title='bbox 2151 2782 2450 2846; x_wconf 80' lang='grc' dir='ltr'>διάπλασις,</span> <span class='ocrx_word' id='word_1_286' title='bbox 2492 2783 2600 2834; x_wconf 87' lang='grc' dir='ltr'><strong>τῶν</strong></span> <span class='ocrx_word' id='word_1_287' title='bbox 2640 2800 2701 2834; x_wconf 88' lang='grc' dir='ltr'><strong>τε</strong></span> <span class='ocrx_word' id='word_1_288' title='bbox 2750 2782 2840 2836; x_wconf 82' lang='grc' dir='ltr'>ἐπὶ</span> <span class='ocrx_word' id='word_1_289' title='bbox 2869 2783 2970 2854; x_wconf 79' lang='grc' dir='ltr'>τῆς</span> <span class='ocrx_word' id='word_1_290' title='bbox 3006 2783 3345 2852; x_wconf 87' lang='grc' dir='ltr'>ἐπιφανείας,</span> <span class='ocrx_word' id='word_1_291' title='bbox 3383 2784 3478 2838; x_wconf 66' lang='grc' dir='ltr'><strong>καὶ⁵</strong></span> <span class='ocrx_word' id='word_1_292' title='bbox 3526 2783 3634 2838; x_wconf 88' lang='grc' dir='ltr'><strong>τῶν</strong></span> <span class='ocrx_word' id='word_1_293' title='bbox 3670 2786 3730 2838; x_wconf 84' lang='grc' dir='ltr'><strong>ἐν</strong></span> 
     </span>
    </p>
   </div>
   <div class='ocr_carea' id='block_1_48' title="bbox 2153 2871 3724 2946">
    <p class='ocr_par' dir='ltr' id='par_1_48' title="bbox 2153 2871 3724 2946">
     <span class='ocr_line' id='line_1_48' title="bbox 2153 2871 3724 2946; baseline 0.002 -23"><span class='ocrx_word' id='word_1_294' title='bbox 2153 2871 2346 2944; x_wconf 70' lang='grc' dir='ltr'>γαστρὶ</span> <span class='ocrx_word' id='word_1_295' title='bbox 2392 2873 2819 2943; x_wconf 78' lang='grc' dir='ltr'>κρυπτομένων,</span> <span class='ocrx_word' id='word_1_296' title='bbox 2863 2874 2925 2928; x_wconf 86' lang='grc' dir='ltr'><strong>ού</strong></span> <span class='ocrx_word' id='word_1_297' title='bbox 2979 2874 3231 2945; x_wconf 82' lang='grc' dir='ltr'>σεμνύνει</span> <span class='ocrx_word' id='word_1_298' title='bbox 3273 2874 3364 2928; x_wconf 83' lang='grc' dir='ltr'><strong>τὸν</strong></span> <span class='ocrx_word' id='word_1_299' title='bbox 3401 2874 3686 2946; x_wconf 79' lang='grc' dir='ltr'>ἄνθρωπον</span> <span class='ocrx_word' id='word_1_300' title='bbox 3711 2891 3724 2903; x_wconf 91' lang='grc'><strong>·</strong></span> 
     </span>
    </p>
   </div>
   <div class='ocr_carea' id='block_1_49' title="bbox 2151 2963 3725 3036">
    <p class='ocr_par' dir='ltr' id='par_1_49' title="bbox 2151 2963 3725 3036">
     <span class='ocr_line' id='line_1_49' title="bbox 2151 2963 3725 3036; baseline 0.002 -20"><span class='ocrx_word' id='word_1_301' title='bbox 2151 2963 2336 3034; x_wconf 84' lang='grc' dir='ltr'>ἐπειδὴ</span> <span class='ocrx_word' id='word_1_302' title='bbox 2368 2965 2460 3016; x_wconf 78' lang='grc' dir='ltr'>καὶ</span> <span class='ocrx_word' id='word_1_303' title='bbox 2493 2965 2547 3016; x_wconf 84' lang='grc' dir='ltr'><strong>ἐν</strong></span> <span class='ocrx_word' id='word_1_304' title='bbox 2582 2963 2876 3035; x_wconf 83' lang='grc' dir='ltr'>χερσαίοις,</span> <span class='ocrx_word' id='word_1_305' title='bbox 2910 2965 3000 3018; x_wconf 81' lang='grc' dir='ltr'>καὶ</span> <span class='ocrx_word' id='word_1_306' title='bbox 3042 2965 3281 3036; x_wconf 88' lang='grc' dir='ltr'>ἐνύδροις</span> <span class='ocrx_word' id='word_1_307' title='bbox 3301 3006 3314 3027; x_wconf 90' lang='grc'><strong>,</strong></span> <span class='ocrx_word' id='word_1_308' title='bbox 3355 2966 3449 3018; x_wconf 78' lang='grc' dir='ltr'><strong>καὶ</strong></span> <span class='ocrx_word' id='word_1_309' title='bbox 3480 2968 3725 3036; x_wconf 81' lang='grc' dir='ltr'>πτηνοῖς,</span> 
     </span>
    </p>
   </div>
   <div class='ocr_carea' id='block_1_50' title="bbox 2150 3053 3725 3128">
    <p class='ocr_par' dir='ltr' id='par_1_50' title="bbox 2150 3053 3725 3128">
     <span class='ocr_line' id='line_1_50' title="bbox 2150 3053 3725 3128; baseline 0.002 -21"><span class='ocrx_word' id='word_1_310' title='bbox 2150 3055 2244 3108; x_wconf 78' lang='grc' dir='ltr'><strong>καὶ</strong></span> <span class='ocrx_word' id='word_1_311' title='bbox 2270 3056 2433 3107; x_wconf 80' lang='grc' dir='ltr'>πᾶσιν</span> <span class='ocrx_word' id='word_1_312' title='bbox 2460 3054 2646 3116; x_wconf 81' lang='grc' dir='ltr'>ἁπλῶς</span> <span class='ocrx_word' id='word_1_313' title='bbox 2677 3053 2835 3118; x_wconf 78' lang='grc' dir='ltr'>ζώοις</span> <span class='ocrx_word' id='word_1_314' title='bbox 2860 3057 2892 3125; x_wconf 84' lang='grc' dir='ltr'>ἡ</span> <span class='ocrx_word' id='word_1_315' title='bbox 2922 3055 3144 3110; x_wconf 75' lang='grc' dir='ltr'>ἐκείνων</span> <span class='ocrx_word' id='word_1_316' title='bbox 3170 3057 3422 3126; x_wconf 80' lang='grc' dir='ltr'>μετουσία</span> <span class='ocrx_word' id='word_1_317' title='bbox 3446 3055 3725 3128; x_wconf 81' lang='grc' dir='ltr'>βλέπεται.</span> 
     </span>
    </p>
   </div>
   <div class='ocr_carea' id='block_1_51' title="bbox 2150 3145 3728 3220">
    <p class='ocr_par' dir='ltr' id='par_1_51' title="bbox 2150 3145 3728 3220">
     <span class='ocr_line' id='line_1_51' title="bbox 2150 3145 3728 3220; baseline 0.003 -22"><span class='ocrx_word' id='word_1_318' title='bbox 2150 3145 2318 3198; x_wconf 82' lang='grc' dir='ltr'>Τοῦτο</span> <span class='ocrx_word' id='word_1_319' title='bbox 2349 3146 2404 3200; x_wconf 81' lang='grc' dir='ltr'><strong>δὲ</strong></span> <span class='ocrx_word' id='word_1_320' title='bbox 2433 3148 2674 3218; x_wconf 77' lang='grc' dir='ltr'>ἡγεμόνα</span> <span class='ocrx_word' id='word_1_321' title='bbox 2697 3147 2802 3200; x_wconf 88' lang='grc' dir='ltr'><strong>τῶν</strong></span> <span class='ocrx_word' id='word_1_322' title='bbox 2833 3147 3047 3203; x_wconf 86' lang='grc' dir='ltr'>πάντων</span> <span class='ocrx_word' id='word_1_323' title='bbox 3077 3151 3240 3215; x_wconf 87' lang='grc' dir='ltr'>ποιεῖ,</span> <span class='ocrx_word' id='word_1_324' title='bbox 3271 3150 3364 3202; x_wconf 76' lang='grc' dir='ltr'>καὶ</span> <span class='ocrx_word' id='word_1_325' title='bbox 3392 3149 3728 3220; x_wconf 80' lang='grc' dir='ltr'>μακαριστὸν</span> 
     </span>
    </p>
   </div>
   <div class='ocr_carea' id='block_1_52' title="bbox 2150 3237 3728 3316">
    <p class='ocr_par' dir='ltr' id='par_1_52' title="bbox 2150 3237 3728 3316">
     <span class='ocr_line' id='line_1_52' title="bbox 2150 3237 3728 3316; baseline 0.005 -28"><span class='ocrx_word' id='word_1_326' title='bbox 2150 3237 2529 3291; x_wconf 85' lang='grc' dir='ltr'>ἀποδείκνυσιν</span> <span class='ocrx_word' id='word_1_327' title='bbox 2549 3255 2562 3268; x_wconf 74' lang='grc' dir='ltr'><strong>ο</strong></span> <span class='ocrx_word' id='word_1_328' title='bbox 2587 3239 2724 3309; x_wconf 83' lang='grc' dir='ltr'>ὅπερ</span> <span class='ocrx_word' id='word_1_329' title='bbox 2751 3239 2882 3303; x_wconf 85' lang='grc' dir='ltr'>Θεὸς</span> <span class='ocrx_word' id='word_1_330' title='bbox 2913 3239 3050 3311; x_wconf 75' lang='grc' dir='ltr'>ἔχων</span> <span class='ocrx_word' id='word_1_331' title='bbox 3080 3240 3368 3306; x_wconf 78' lang='grc' dir='ltr'>πλουσίως,</span> <span class='ocrx_word' id='word_1_332' title='bbox 3393 3242 3570 3311; x_wconf 88' lang='grc' dir='ltr'>ὀλίγον</span> <span class='ocrx_word' id='word_1_333' title='bbox 3595 3245 3728 3316; x_wconf 80' lang='grc' dir='ltr'>ἡμῖν</span> 
     </span>
    </p>
   </div>
   <div class='ocr_carea' id='block_1_53' title="bbox 2079 3297 3731 3402">
    <p class='ocr_par' dir='ltr' id='par_1_53' title="bbox 2079 3297 3731 3402">
     <span class='ocr_line' id='line_1_53' title="bbox 2079 3297 3731 3402; baseline 0.007 -24"><span class='ocrx_word' id='word_1_334' title='bbox 2079 3297 2123 3352; x_wconf 80' lang='grc' dir='ltr'><strong>Β</strong></span> <span class='ocrx_word' id='word_1_335' title='bbox 2151 3327 2469 3398; x_wconf 83' lang='grc' dir='ltr'>ἐχαρίσατο,</span> <span class='ocrx_word' id='word_1_336' title='bbox 2510 3329 2597 3382; x_wconf 82' lang='grc' dir='ltr'><strong>ἵνα</strong></span> <span class='ocrx_word' id='word_1_337' title='bbox 2629 3330 2843 3400; x_wconf 87' lang='grc' dir='ltr'>πρῶτον</span> <span class='ocrx_word' id='word_1_338' title='bbox 2877 3333 3079 3384; x_wconf 81' lang='grc' dir='ltr'>ἐκεῖνον</span> <span class='ocrx_word' id='word_1_339' title='bbox 3122 3331 3434 3402; x_wconf 81' lang='grc' dir='ltr'>βλέπωμεν,</span> <span class='ocrx_word' id='word_1_340' title='bbox 3464 3335 3558 3387; x_wconf 79' lang='grc' dir='ltr'>καὶ</span> <span class='ocrx_word' id='word_1_341' title='bbox 3585 3350 3731 3402; x_wconf 79' lang='grc' dir='ltr'>γνω-</span> 
     </span>
    </p>
   </div>
   <div class='ocr_carea' id='block_1_54' title="bbox 2154 3419 3728 3498">
    <p class='ocr_par' dir='ltr' id='par_1_54' title="bbox 2154 3419 3728 3498">
     <span class='ocr_line' id='line_1_54' title="bbox 2154 3419 3728 3498; baseline 0.005 -29"><span class='ocrx_word' id='word_1_342' title='bbox 2154 3419 2388 3491; x_wconf 77' lang='grc' dir='ltr'>ρίζωμεν</span> <span class='ocrx_word' id='word_1_343' title='bbox 2419 3419 2574 3488; x_wconf 91' lang='grc' dir='ltr'>λόγον</span> <span class='ocrx_word' id='word_1_344' title='bbox 2597 3421 2690 3474; x_wconf 82' lang='grc' dir='ltr'><strong>τού</strong></span> <span class='ocrx_word' id='word_1_345' title='bbox 2720 3422 2880 3491; x_wconf 86' lang='grc' dir='ltr'>λόγου</span> <span class='ocrx_word' id='word_1_346' title='bbox 2904 3423 3122 3494; x_wconf 85' lang='grc' dir='ltr'>δοτῆρα,</span> <span class='ocrx_word' id='word_1_347' title='bbox 3148 3425 3240 3478; x_wconf 76' lang='grc' dir='ltr'><strong>καὶ</strong></span> <span class='ocrx_word' id='word_1_348' title='bbox 3267 3424 3616 3496; x_wconf 80' lang='grc' dir='ltr'>λατρεύωμεν</span> <span class='ocrx_word' id='word_1_349' title='bbox 3645 3425 3728 3498; x_wconf 85' lang='grc' dir='ltr'>τῷ</span> 
     </span>
    </p>
   </div>
   <div class='ocr_carea' id='block_1_55' title="bbox 2148 3508 3725 3587">
    <p class='ocr_par' dir='ltr' id='par_1_55' title="bbox 2148 3508 3725 3587">
     <span class='ocr_line' id='line_1_55' title="bbox 2148 3508 3725 3587; baseline 0.005 -25"><span class='ocrx_word' id='word_1_350' title='bbox 2148 3508 2318 3572; x_wconf 75' lang='grc' dir='ltr'>οὕτως</span> <span class='ocrx_word' id='word_1_351' title='bbox 2352 3511 2498 3581; x_wconf 75' lang='grc' dir='ltr'>ἡμᾶς</span> <span class='ocrx_word' id='word_1_352' title='bbox 2530 3511 2708 3576; x_wconf 90' lang='grc' dir='ltr'>καλῶς</span> <span class='ocrx_word' id='word_1_353' title='bbox 2747 3515 2812 3584; x_wconf 79' lang='grc' dir='ltr'>τῇ</span> <span class='ocrx_word' id='word_1_354' title='bbox 2862 3513 2968 3585; x_wconf 74' lang='grc' dir='ltr'>ἰδίᾳ</span> <span class='ocrx_word' id='word_1_355' title='bbox 3005 3517 3484 3587; x_wconf 84' lang='grc' dir='ltr'>κατακοσμήσαντι</span> <span class='ocrx_word' id='word_1_356' title='bbox 3517 3517 3725 3587; x_wconf 86' lang='grc' dir='ltr'>χάριτι.</span> 
     </span>
    </p>
   </div>
   <div class='ocr_carea' id='block_1_56' title="bbox 2149 3599 3730 3677">
    <p class='ocr_par' dir='ltr' id='par_1_56' title="bbox 2149 3599 3730 3677">
     <span class='ocr_line' id='line_1_56' title="bbox 2149 3599 3730 3677; baseline 0.006 -25"><span class='ocrx_word' id='word_1_357' title='bbox 2149 3599 2247 3653; x_wconf 77' lang='grc' dir='ltr'><strong>Διὰ</strong></span> <span class='ocrx_word' id='word_1_358' title='bbox 2267 3600 2455 3670; x_wconf 86' lang='grc' dir='ltr'>λόγους</span> <span class='ocrx_word' id='word_1_359' title='bbox 2487 3602 2742 3672; x_wconf 89' lang='grc' dir='ltr'>ίσχύομεν</span> <span class='ocrx_word' id='word_1_360' title='bbox 2769 3602 2875 3657; x_wconf 88' lang='grc' dir='ltr'><strong>τῶν</strong></span> <span class='ocrx_word' id='word_1_361' title='bbox 2910 3605 3144 3677; x_wconf 76' lang='grc' dir='ltr'>ἰσχυρῶν</span> <span class='ocrx_word' id='word_1_362' title='bbox 3173 3606 3332 3659; x_wconf 80' lang='grc' dir='ltr'>πλέον</span> <span class='ocrx_word' id='word_1_363' title='bbox 3362 3606 3608 3671; x_wconf 87' lang='grc' dir='ltr'>ἀσθενεῖς</span> <span class='ocrx_word' id='word_1_364' title='bbox 3637 3607 3730 3661; x_wconf 82' lang='grc' dir='ltr'><strong>δν·</strong></span> 
     </span>
    </p>
   </div>
   <div class='ocr_carea' id='block_1_57' title="bbox 2149 3693 3731 3770">
    <p class='ocr_par' dir='ltr' id='par_1_57' title="bbox 2149 3693 3731 3770">
     <span class='ocr_line' id='line_1_57' title="bbox 2149 3693 3731 3770; baseline 0.003 -23"><span class='ocrx_word' id='word_1_365' title='bbox 2149 3711 2238 3758; x_wconf 89' lang='grc' dir='ltr'><strong>τες</strong></span> <span class='ocrx_word' id='word_1_366' title='bbox 2269 3693 2330 3748; x_wconf 86' lang='grc' dir='ltr'><strong>τὸ</strong></span> <span class='ocrx_word' id='word_1_367' title='bbox 2359 3695 2538 3766; x_wconf 87' lang='grc' dir='ltr'>σῶμα,</span> <span class='ocrx_word' id='word_1_368' title='bbox 2564 3697 2657 3750; x_wconf 76' lang='grc' dir='ltr'><strong>καὶ</strong></span> <span class='ocrx_word' id='word_1_369' title='bbox 2686 3697 2860 3750; x_wconf 87' lang='grc' dir='ltr'>πάντα</span> <span class='ocrx_word' id='word_1_370' title='bbox 2883 3697 3230 3769; x_wconf 79' lang='grc' dir='ltr'>δουλούμεθά,</span> <span class='ocrx_word' id='word_1_371' title='bbox 3257 3700 3350 3753; x_wconf 63' lang='grc' dir='ltr'><strong>καλ⁵</strong></span> <span class='ocrx_word' id='word_1_372' title='bbox 3378 3701 3496 3762; x_wconf 86' lang='grc' dir='ltr'>ταῖς</span> <span class='ocrx_word' id='word_1_373' title='bbox 3527 3699 3731 3770; x_wconf 77' lang='grc' dir='ltr'>ἡμετέ-</span> 
     </span>
    </p>
   </div>
   <div class='ocr_carea' id='block_1_58' title="bbox 2153 3788 3730 3863">
    <p class='ocr_par' dir='ltr' id='par_1_58' title="bbox 2153 3788 3730 3863">
     <span class='ocr_line' id='line_1_58' title="bbox 2153 3788 3730 3863; baseline 0.004 -26"><span class='ocrx_word' id='word_1_374' title='bbox 2153 3803 2272 3856; x_wconf 89' lang='grc' dir='ltr'>ραις</span> <span class='ocrx_word' id='word_1_375' title='bbox 2311 3788 2693 3857; x_wconf 81' lang='grc' dir='ltr'>ὑπηρετεῖσθαι</span> <span class='ocrx_word' id='word_1_376' title='bbox 2727 3789 2938 3860; x_wconf 86' lang='grc' dir='ltr'>χρείαις</span> <span class='ocrx_word' id='word_1_377' title='bbox 2973 3790 3280 3862; x_wconf 87' lang='grc' dir='ltr'>κελεύομεν.</span> <span class='ocrx_word' id='word_1_378' title='bbox 3311 3790 3465 3844; x_wconf 81' lang='grc' dir='ltr'>Οὖτω</span> <span class='ocrx_word' id='word_1_379' title='bbox 3492 3791 3730 3863; x_wconf 86' lang='grc' dir='ltr'>ταύρους</span> 
     </span>
    </p>
   </div>
   <div class='ocr_carea' id='block_1_59' title="bbox 2148 3877 3730 3953">
    <p class='ocr_par' dir='ltr' id='par_1_59' title="bbox 2148 3877 3730 3953">
     <span class='ocr_line' id='line_1_59' title="bbox 2148 3877 3730 3953; baseline 0.003 -24"><span class='ocrx_word' id='word_1_380' title='bbox 2148 3877 2455 3948; x_wconf 77' lang='grc' dir='ltr'>δαμάζομεν</span> <span class='ocrx_word' id='word_1_381' title='bbox 2482 3880 2575 3932; x_wconf 68' lang='grc' dir='ltr'><strong>καὶ</strong></span> <span class='ocrx_word' id='word_1_382' title='bbox 2605 3881 2885 3950; x_wconf 86' lang='grc' dir='ltr'>ὑπάγομεν</span> <span class='ocrx_word' id='word_1_383' title='bbox 2910 3881 2986 3952; x_wconf 83' lang='grc' dir='ltr'>τῷ</span> <span class='ocrx_word' id='word_1_384' title='bbox 3015 3881 3183 3950; x_wconf 78' lang='grc' dir='ltr'>ζυγῷ,</span> <span class='ocrx_word' id='word_1_385' title='bbox 3215 3881 3308 3936; x_wconf 72' lang='grc' dir='ltr'><strong>καὶ</strong></span> <span class='ocrx_word' id='word_1_386' title='bbox 3336 3883 3437 3952; x_wconf 81' lang='grc' dir='ltr'>γῆν</span> <span class='ocrx_word' id='word_1_387' title='bbox 3472 3881 3730 3953; x_wconf 80' lang='grc' dir='ltr'>ἀρότροις</span> 
     </span>
    </p>
   </div>
   <div class='ocr_carea' id='block_1_60' title="bbox 2148 3970 3730 4044">
    <p class='ocr_par' dir='ltr' id='par_1_60' title="bbox 2148 3970 3730 4044">
     <span class='ocr_line' id='line_1_60' title="bbox 2148 3970 3730 4044; baseline 0.001 -20"><span class='ocrx_word' id='word_1_388' title='bbox 2148 3970 2467 4042; x_wconf 82' lang='grc' dir='ltr'>ἀνατέμνειν</span> <span class='ocrx_word' id='word_1_389' title='bbox 2497 3971 3018 4044; x_wconf 78' lang='grc' dir='ltr'>παρασκευάζομεν,</span> <span class='ocrx_word' id='word_1_390' title='bbox 3063 3973 3154 4026; x_wconf 74' lang='grc' dir='ltr'><strong>καὶ</strong></span> <span class='ocrx_word' id='word_1_391' title='bbox 3195 3974 3357 4026; x_wconf 75' lang='grc' dir='ltr'>ἵππον</span> <span class='ocrx_word' id='word_1_392' title='bbox 3401 3975 3570 4043; x_wconf 77' lang='grc' dir='ltr'>ταχὺν</span> <span class='ocrx_word' id='word_1_393' title='bbox 3613 3976 3730 4036; x_wconf 82' lang='grc' dir='ltr'>τοῖς</span> 
     </span>
    </p>
   </div>
   <div class='ocr_carea' id='block_1_61' title="bbox 2148 4058 3728 4132">
    <p class='ocr_par' dir='ltr' id='par_1_61' title="bbox 2148 4058 3728 4132">
     <span class='ocr_line' id='line_1_61' title="bbox 2148 4058 3728 4132; baseline 0.003 -20"><span class='ocrx_word' id='word_1_394' title='bbox 2148 4058 2359 4129; x_wconf 79' lang='grc' dir='ltr'>ψαλίοις</span> <span class='ocrx_word' id='word_1_395' title='bbox 2389 4061 2752 4130; x_wconf 84' lang='grc' dir='ltr'>κατάγχοντες</span> <span class='ocrx_word' id='word_1_396' title='bbox 2785 4060 2979 4132; x_wconf 77' lang='grc' dir='ltr'>ἔχομεν</span> <span class='ocrx_word' id='word_1_397' title='bbox 3007 4061 3252 4131; x_wconf 82' lang='grc' dir='ltr'>εὐπειθῆ,</span> <span class='ocrx_word' id='word_1_398' title='bbox 3286 4061 3492 4114; x_wconf 76' lang='grc' dir='ltr'>καὶτὸν</span> <span class='ocrx_word' id='word_1_399' title='bbox 3523 4060 3728 4132; x_wconf 75' lang='grc' dir='ltr'>βραδὺν</span> 
     </span>
    </p>
   </div>
   <div class='ocr_carea' id='block_1_62' title="bbox 2149 4151 3724 4223">
    <p class='ocr_par' dir='ltr' id='par_1_62' title="bbox 2149 4151 3724 4223">
     <span class='ocr_line' id='line_1_62' title="bbox 2149 4151 3724 4223; baseline 0 -19"><span class='ocrx_word' id='word_1_400' title='bbox 2149 4151 2266 4204; x_wconf 80' lang='grc' dir='ltr'>δνον</span> <span class='ocrx_word' id='word_1_401' title='bbox 2321 4153 2433 4215; x_wconf 86' lang='grc' dir='ltr'>τοῖς</span> <span class='ocrx_word' id='word_1_402' title='bbox 2484 4152 2737 4223; x_wconf 75' lang='grc' dir='ltr'>ῥοπάλοις</span> <span class='ocrx_word' id='word_1_403' title='bbox 2787 4154 3098 4222; x_wconf 88' lang='grc' dir='ltr'>ἐπείγοντες</span> <span class='ocrx_word' id='word_1_404' title='bbox 3143 4151 3400 4223; x_wconf 77' lang='grc' dir='ltr'>ποιοῦμεν</span> <span class='ocrx_word' id='word_1_405' title='bbox 3435 4152 3724 4223; x_wconf 81' lang='grc' dir='ltr'>ὀξύτερον,</span> 
     </span>
    </p>
   </div>
   <div class='ocr_carea' id='block_1_63' title="bbox 2151 4241 3727 4315">
    <p class='ocr_par' dir='ltr' id='par_1_63' title="bbox 2151 4241 3727 4315">
     <span class='ocr_line' id='line_1_63' title="bbox 2151 4241 3727 4315; baseline 0.002 -21"><span class='ocrx_word' id='word_1_406' title='bbox 2151 4241 2362 4305; x_wconf 78' lang='grc' dir='ltr'>καὶτὰς</span> <span class='ocrx_word' id='word_1_407' title='bbox 2393 4242 2633 4314; x_wconf 81' lang='grc' dir='ltr'>σκληράς</span> <span class='ocrx_word' id='word_1_408' title='bbox 2668 4244 2921 4314; x_wconf 77' lang='grc' dir='ltr'>ἡμιόνους</span> <span class='ocrx_word' id='word_1_409' title='bbox 2952 4246 3201 4315; x_wconf 85' lang='grc' dir='ltr'>ὀχήματα</span> <span class='ocrx_word' id='word_1_410' title='bbox 3229 4244 3408 4298; x_wconf 81' lang='grc' dir='ltr'>’έλκειν</span> <span class='ocrx_word' id='word_1_411' title='bbox 3441 4245 3534 4298; x_wconf 77' lang='grc' dir='ltr'><strong>καὶ</strong></span> <span class='ocrx_word' id='word_1_412' title='bbox 3563 4243 3727 4313; x_wconf 83' lang='grc' dir='ltr'>ἀχθο-</span> 
     </span>
    </p>
   </div>
   <div class='ocr_carea' id='block_1_64' title="bbox 2151 4333 3727 4406">
    <p class='ocr_par' dir='ltr' id='par_1_64' title="bbox 2151 4333 3727 4406">
     <span class='ocr_line' id='line_1_64' title="bbox 2151 4333 3727 4406; baseline 0.001 -21"><span class='ocrx_word' id='word_1_413' title='bbox 2151 4335 2333 4403; x_wconf 85' lang='grc' dir='ltr'>φορεῖν</span> <span class='ocrx_word' id='word_1_414' title='bbox 2361 4333 2739 4403; x_wconf 79' lang='grc' dir='ltr'>ἀναγκάζομεν</span> <span class='ocrx_word' id='word_1_415' title='bbox 2758 4352 2772 4366; x_wconf 86' lang='grc'><strong>·</strong></span> <span class='ocrx_word' id='word_1_416' title='bbox 2804 4334 3108 4403; x_wconf 75' lang='grc' dir='ltr'>ἐλεφάντων</span> <span class='ocrx_word' id='word_1_417' title='bbox 3137 4336 3195 4389; x_wconf 82' lang='grc' dir='ltr'><strong>δὲ</strong></span> <span class='ocrx_word' id='word_1_418' title='bbox 3221 4336 3320 4406; x_wconf 82' lang='grc' dir='ltr'><strong>τὴν</strong></span> <span class='ocrx_word' id='word_1_419' title='bbox 3350 4337 3727 4406; x_wconf 86' lang='grc' dir='ltr'>ἐκκεχυμένην</span> 
     </span>
    </p>
   </div>
   <div class='ocr_carea' id='block_1_65' title="bbox 2149 4423 3728 4498">
    <p class='ocr_par' dir='ltr' id='par_1_65' title="bbox 2149 4423 3728 4498">
     <span class='ocr_line' id='line_1_65' title="bbox 2149 4423 3728 4498; baseline 0.005 -23"><span class='ocrx_word' id='word_1_420' title='bbox 2149 4423 2538 4494; x_wconf 85' lang='grc' dir='ltr'>πολυσαρκίαν,</span> <span class='ocrx_word' id='word_1_421' title='bbox 2586 4426 2680 4479; x_wconf 72' lang='grc' dir='ltr'>καὶ</span> <span class='ocrx_word' id='word_1_422' title='bbox 2727 4427 2984 4497; x_wconf 79' lang='grc' dir='ltr'>καμήλων</span> <span class='ocrx_word' id='word_1_423' title='bbox 3032 4426 3093 4480; x_wconf 80' lang='grc' dir='ltr'><strong>τὸ</strong></span> <span class='ocrx_word' id='word_1_424' title='bbox 3141 4427 3367 4497; x_wconf 86' lang='grc' dir='ltr'>μέγεθος</span> <span class='ocrx_word' id='word_1_425' title='bbox 3401 4429 3728 4498; x_wconf 80' lang='grc' dir='ltr'>εὐμηχάνως</span> 
     </span>
    </p>
   </div>
   <div class='ocr_carea' id='block_1_66' title="bbox 2151 4515 3728 4589">
    <p class='ocr_par' dir='ltr' id='par_1_66' title="bbox 2151 4515 3728 4589">
     <span class='ocr_line' id='line_1_66' title="bbox 2151 4515 3728 4589; baseline 0.004 -23"><span class='ocrx_word' id='word_1_426' title='bbox 2151 4515 2284 4585; x_wconf 77' lang='grc' dir='ltr'>πρὸς</span> <span class='ocrx_word' id='word_1_427' title='bbox 2306 4515 2365 4567; x_wconf 83' lang='grc' dir='ltr'><strong>τὸ</strong></span> <span class='ocrx_word' id='word_1_428' title='bbox 2384 4515 2572 4568; x_wconf 74' lang='grc' dir='ltr'>δοκοῦν</span> <span class='ocrx_word' id='word_1_429' title='bbox 2598 4517 3108 4589; x_wconf 78' lang='grc' dir='ltr'>μεταχειριζόμεθα.</span> <span class='ocrx_word' id='word_1_430' title='bbox 3144 4519 3423 4573; x_wconf 82' lang='grc' dir='ltr'>Ἐντεῦθεν</span> <span class='ocrx_word' id='word_1_431' title='bbox 3443 4521 3537 4573; x_wconf 77' lang='grc' dir='ltr'><strong>καὶ</strong></span> <span class='ocrx_word' id='word_1_432' title='bbox 3560 4520 3728 4588; x_wconf 82' lang='grc' dir='ltr'>βάθος</span> 
     </span>
    </p>
   </div>
   <div class='ocr_carea' id='block_1_67' title="bbox 478 4596 2047 4682">
    <p class='ocr_par' dir='ltr' id='par_1_67' title="bbox 478 4596 2045 4667">
     <span class='ocr_line' id='line_1_67' title="bbox 478 4596 2045 4667; baseline 0.006 -17"><span class='ocrx_word' id='word_1_433' title='bbox 478 4598 546 4650; x_wconf 89' lang='lat' dir='ltr'><strong>ad</strong></span> <span class='ocrx_word' id='word_1_434' title='bbox 589 4596 642 4650; x_wconf 90' lang='lat' dir='ltr'><strong>id</strong></span> <span class='ocrx_word' id='word_1_435' title='bbox 692 4596 835 4666; x_wconf 90' lang='lat' dir='ltr'><strong>quod</strong></span> <span class='ocrx_word' id='word_1_436' title='bbox 886 4597 1062 4667; x_wconf 89' lang='lat' dir='ltr'><strong>placet</strong></span> <span class='ocrx_word' id='word_1_437' title='bbox 1129 4596 1276 4652; x_wconf 85' lang='lat' dir='ltr'><strong>facili</strong></span> <span class='ocrx_word' id='word_1_438' title='bbox 1338 4608 1454 4653; x_wconf 88' lang='lat' dir='ltr'><strong>arte</strong></span> <span class='ocrx_word' id='word_1_439' title='bbox 1509 4602 1870 4659; x_wconf 86' lang='lat' dir='ltr'><strong>traducimus.</strong></span> <span class='ocrx_word' id='word_1_440' title='bbox 1907 4604 2045 4660; x_wconf 87' lang='lat' dir='ltr'><strong>llinc</strong></span> 
     </span>
    </p>
   </div>
   <div class='ocr_carea' id='block_1_68' title="bbox 2148 4596 3728 4682">
    <p class='ocr_par' dir='ltr' id='par_1_68' title="bbox 2152 4605 3728 4682">
     <span class='ocr_line' id='line_1_68' title="bbox 2152 4605 3728 4682; baseline 0.003 -23"><span class='ocrx_word' id='word_1_441' title='bbox 2152 4605 2540 4676; x_wconf 88' lang='grc' dir='ltr'>περαιούμεθα,</span> <span class='ocrx_word' id='word_1_442' title='bbox 2577 4607 2671 4660; x_wconf 73' lang='grc' dir='ltr'>καὶ</span> <span class='ocrx_word' id='word_1_443' title='bbox 2704 4608 2882 4679; x_wconf 82' lang='grc' dir='ltr'>μικρῷ</span> <span class='ocrx_word' id='word_1_444' title='bbox 2920 4608 3060 4678; x_wconf 81' lang='grc' dir='ltr'>ξύλῳ</span> <span class='ocrx_word' id='word_1_445' title='bbox 3095 4608 3186 4663; x_wconf 84' lang='grc' dir='ltr'>διὰ</span> <span class='ocrx_word' id='word_1_446' title='bbox 3216 4610 3609 4682; x_wconf 79' lang='grc' dir='ltr'>κυϐερνητικῆς</span> <span class='ocrx_word' id='word_1_447' title='bbox 3655 4611 3728 4664; x_wconf 69' lang='grc' dir='ltr'>τὰ</span> 
     </span>
    </p>
   </div>
   <div class='ocr_carea' id='block_1_69' title="bbox 478 4685 2047 4770">
    <p class='ocr_par' dir='ltr' id='par_1_69' title="bbox 478 4685 2045 4763">
     <span class='ocr_line' id='line_1_69' title="bbox 478 4685 2045 4763; baseline 0.004 -24"><span class='ocrx_word' id='word_1_448' title='bbox 478 4687 640 4740; x_wconf 88' lang='lat' dir='ltr'><strong>etiam</strong></span> <span class='ocrx_word' id='word_1_449' title='bbox 672 4686 836 4741; x_wconf 91' lang='lat' dir='ltr'><strong>maris</strong></span> <span class='ocrx_word' id='word_1_450' title='bbox 867 4685 1196 4755; x_wconf 89' lang='lat' dir='ltr'><strong>profundum</strong></span> <span class='ocrx_word' id='word_1_451' title='bbox 1229 4687 1554 4756; x_wconf 83' lang='lat' dir='ltr'><strong>trajieimus,</strong></span> <span class='ocrx_word' id='word_1_452' title='bbox 1592 4699 1647 4744; x_wconf 88' lang='lat' dir='ltr'><strong>et</strong></span> <span class='ocrx_word' id='word_1_453' title='bbox 1681 4691 1878 4761; x_wconf 82' lang='lat' dir='ltr'><strong>exiguo</strong></span> <span class='ocrx_word' id='word_1_454' title='bbox 1901 4691 2045 4763; x_wconf 82' lang='lat' dir='ltr'><strong>ligno</strong></span> 
     </span>
    </p>
   </div>
   <div class='ocr_carea' id='block_1_70' title="bbox 2148 4685 3727 4770">
    <p class='ocr_par' dir='ltr' id='par_1_70' title="bbox 2148 4696 3727 4770">
     <span class='ocr_line' id='line_1_70' title="bbox 2148 4696 3727 4770; baseline 0.001 -19"><span class='ocrx_word' id='word_1_455' title='bbox 2148 4697 2324 4764; x_wconf 77' lang='grc' dir='ltr'>ἄφατα</span> <span class='ocrx_word' id='word_1_456' title='bbox 2365 4696 2472 4749; x_wconf 87' lang='grc' dir='ltr'><strong>τῶν</strong></span> <span class='ocrx_word' id='word_1_457' title='bbox 2507 4697 2758 4766; x_wconf 84' lang='grc' dir='ltr'>πελαγῶν</span> <span class='ocrx_word' id='word_1_458' title='bbox 2801 4699 3154 4770; x_wconf 86' lang='grc' dir='ltr'>ἐφοδεύομεν,</span> <span class='ocrx_word' id='word_1_459' title='bbox 3215 4701 3309 4754; x_wconf 84' lang='grc' dir='ltr'>καὶ</span> <span class='ocrx_word' id='word_1_460' title='bbox 3349 4703 3446 4770; x_wconf 86' lang='grc' dir='ltr'>τῆς</span> <span class='ocrx_word' id='word_1_461' title='bbox 3493 4700 3727 4769; x_wconf 87' lang='grc' dir='ltr'>πορείας</span> 
     </span>
    </p>
   </div>
   <div class='ocr_carea' id='block_1_71' title="bbox 481 4775 2044 4849">
    <p class='ocr_par' dir='ltr' id='par_1_71' title="bbox 481 4775 2044 4849">
     <span class='ocr_line' id='line_1_71' title="bbox 481 4775 2044 4849; baseline 0.006 -22"><span class='ocrx_word' id='word_1_462' title='bbox 481 4775 690 4829; x_wconf 84' lang='lat' dir='ltr'><strong>ratione</strong></span> <span class='ocrx_word' id='word_1_463' title='bbox 726 4776 1064 4845; x_wconf 81' lang='lat' dir='ltr'><strong>gubernante</strong></span> <span class='ocrx_word' id='word_1_464' title='bbox 1086 4777 1310 4846; x_wconf 83' lang='lat' dir='ltr'><strong>pelagus</strong></span> <span class='ocrx_word' id='word_1_465' title='bbox 1350 4779 1681 4835; x_wconf 87' lang='lat' dir='ltr'><strong>immensum</strong></span> <span class='ocrx_word' id='word_1_466' title='bbox 1727 4782 2044 4849; x_wconf 86' lang='lat' dir='ltr'><strong>lustramus,</strong></span> 
     </span>
    </p>
   </div>
   <div class='ocr_carea' id='block_1_72' title="bbox 478 4863 2045 4944">
    <p class='ocr_par' dir='ltr' id='par_1_72' title="bbox 478 4863 2045 4944">
     <span class='ocr_line' id='line_1_72' title="bbox 478 4863 2045 4944; baseline 0.007 -25"><span class='ocrx_word' id='word_1_467' title='bbox 478 4875 678 4920; x_wconf 88' lang='lat' dir='ltr'><strong>etcum</strong></span> <span class='ocrx_word' id='word_1_468' title='bbox 708 4865 921 4921; x_wconf 87' lang='lat' dir='ltr'><strong>itineris</strong></span> <span class='ocrx_word' id='word_1_469' title='bbox 952 4867 1100 4922; x_wconf 89' lang='lat' dir='ltr'><strong>illius</strong></span> <span class='ocrx_word' id='word_1_470' title='bbox 1131 4863 1406 4924; x_wconf 88' lang='lat' dir='ltr'><strong>indicibus</strong></span> <span class='ocrx_word' id='word_1_471' title='bbox 1433 4872 1631 4927; x_wconf 88' lang='lat' dir='ltr'><strong>amotis</strong></span> <span class='ocrx_word' id='word_1_472' title='bbox 1664 4888 1696 4928; x_wconf 88' lang='lat' dir='ltr'><strong>e</strong></span> <span class='ocrx_word' id='word_1_473' title='bbox 1744 4884 2045 4944; x_wconf 87' lang='lat' dir='ltr'><strong>conspectu</strong></span> 
     </span>
    </p>
   </div>
   <div class='ocr_carea' id='block_1_73' title="bbox 480 4957 2046 5035">
    <p class='ocr_par' dir='ltr' id='par_1_73' title="bbox 480 4957 2046 5035">
     <span class='ocr_line' id='line_1_73' title="bbox 480 4957 2046 5035; baseline 0.007 -23"><span class='ocrx_word' id='word_1_474' title='bbox 480 4963 642 5012; x_wconf 75' lang='lat' dir='ltr'><strong>terrae</strong></span> <span class='ocrx_word' id='word_1_475' title='bbox 673 4957 931 5022; x_wconf 88' lang='lat' dir='ltr'><strong>abiimus,</strong></span> <span class='ocrx_word' id='word_1_476' title='bbox 981 4959 1299 5016; x_wconf 64' lang='lat' dir='ltr'><strong>caelestibus</strong></span> <span class='ocrx_word' id='word_1_477' title='bbox 1335 4961 1508 5032; x_wconf 79' lang='lat' dir='ltr'><strong>signis</strong></span> <span class='ocrx_word' id='word_1_478' title='bbox 1565 4973 1683 5019; x_wconf 89' lang='lat' dir='ltr'><strong>tuto</strong></span> <span class='ocrx_word' id='word_1_479' title='bbox 1741 4968 2046 5035; x_wconf 82' lang='lat' dir='ltr'><strong>proﬁcisci-</strong></span> 
     </span>
    </p>
   </div>
   <div class='ocr_carea' id='block_1_74' title="bbox 479 5052 2045 5131">
    <p class='ocr_par' dir='ltr' id='par_1_74' title="bbox 479 5052 2045 5131">
     <span class='ocr_line' id='line_1_74' title="bbox 479 5052 2045 5131; baseline 0.008 -30"><span class='ocrx_word' id='word_1_480' title='bbox 479 5063 622 5112; x_wconf 87' lang='lat' dir='ltr'><strong>mur,</strong></span> <span class='ocrx_word' id='word_1_481' title='bbox 661 5063 726 5104; x_wconf 91' lang='lat' dir='ltr'><strong>ac</strong></span> <span class='ocrx_word' id='word_1_482' title='bbox 762 5060 923 5105; x_wconf 87' lang='lat' dir='ltr'><strong>nauta</strong></span> <span class='ocrx_word' id='word_1_483' title='bbox 959 5066 1023 5105; x_wconf 87' lang='lat' dir='ltr'><strong>ea</strong></span> <span class='ocrx_word' id='word_1_484' title='bbox 1054 5052 1193 5107; x_wconf 90' lang='lat' dir='ltr'><strong>duce</strong></span> <span class='ocrx_word' id='word_1_485' title='bbox 1229 5052 1331 5107; x_wconf 86' lang='lat' dir='ltr'><strong>iter</strong></span> <span class='ocrx_word' id='word_1_486' title='bbox 1395 5054 1546 5124; x_wconf 82' lang='lat' dir='ltr'><strong>facit,</strong></span> <span class='ocrx_word' id='word_1_487' title='bbox 1589 5065 1648 5112; x_wconf 90' lang='lat' dir='ltr'><strong>ut</strong></span> <span class='ocrx_word' id='word_1_488' title='bbox 1685 5060 1844 5114; x_wconf 88' lang='lat' dir='ltr'><strong>stella</strong></span> <span class='ocrx_word' id='word_1_489' title='bbox 1907 5060 2045 5131; x_wconf 80' lang='lat' dir='ltr'><strong>Magi</strong></span> 
     </span>
    </p>
   </div>
   <div class='ocr_carea' id='block_1_75' title="bbox 478 5140 2046 5206">
    <p class='ocr_par' dir='ltr' id='par_1_75' title="bbox 478 5140 2046 5206">
     <span class='ocr_line' id='line_1_75' title="bbox 478 5140 2046 5206; baseline 0.007 -12"><span class='ocrx_word' id='word_1_490' title='bbox 478 5140 841 5196; x_wconf 88' lang='lat' dir='ltr'><strong>ducebantur.</strong></span> <span class='ocrx_word' id='word_1_491' title='bbox 881 5142 1016 5197; x_wconf 86' lang='lat' dir='ltr'><strong>Coeli</strong></span> <span class='ocrx_word' id='word_1_492' title='bbox 1056 5151 1236 5198; x_wconf 88' lang='lat' dir='ltr'><strong>autem</strong></span> <span class='ocrx_word' id='word_1_493' title='bbox 1269 5145 1584 5202; x_wconf 85' lang='lat' dir='ltr'><strong>latitudines</strong></span> <span class='ocrx_word' id='word_1_494' title='bbox 1637 5155 1690 5202; x_wconf 87' lang='lat' dir='ltr'><strong>et</strong></span> <span class='ocrx_word' id='word_1_495' title='bbox 1734 5150 2046 5206; x_wconf 84' lang='lat' dir='ltr'><strong>conforma-</strong></span> 
     </span>
    </p>
   </div>
   <div class='ocr_carea' id='block_1_76' title="bbox 478 5230 2044 5312">
    <p class='ocr_par' dir='ltr' id='par_1_76' title="bbox 478 5230 2044 5312">
     <span class='ocr_line' id='line_1_76' title="bbox 478 5230 2044 5312; baseline 0.008 -29"><span class='ocrx_word' id='word_1_496' title='bbox 478 5230 655 5286; x_wconf 87' lang='lat' dir='ltr'><strong>tiones</strong></span> <span class='ocrx_word' id='word_1_497' title='bbox 681 5240 910 5300; x_wconf 67' lang='lat' dir='ltr'><strong>repertae</strong></span> <span class='ocrx_word' id='word_1_498' title='bbox 939 5242 1087 5300; x_wconf 88' lang='lat' dir='ltr'><strong>sunt,</strong></span> <span class='ocrx_word' id='word_1_499' title='bbox 1111 5243 1164 5288; x_wconf 90' lang='lat' dir='ltr'><strong>et</strong></span> <span class='ocrx_word' id='word_1_500' title='bbox 1193 5235 1475 5291; x_wconf 89' lang='lat' dir='ltr'><strong>stellarum</strong></span> <span class='ocrx_word' id='word_1_501' title='bbox 1506 5237 1822 5304; x_wconf 88' lang='lat' dir='ltr'><strong>multitudo,</strong></span> <span class='ocrx_word' id='word_1_502' title='bbox 1856 5250 1911 5295; x_wconf 90' lang='lat' dir='ltr'><strong>ct</strong></span> <span class='ocrx_word' id='word_1_503' title='bbox 1937 5257 2044 5312; x_wconf 89' lang='lat' dir='ltr'><strong>qua</strong></span> 
     </span>
    </p>
   </div>
   <div class='ocr_carea' id='block_1_77' title="bbox 477 5322 2045 5397">
    <p class='ocr_par' dir='ltr' id='par_1_77' title="bbox 477 5322 2045 5397">
     <span class='ocr_line' id='line_1_77' title="bbox 477 5322 2045 5397; baseline 0.009 -24"><span class='ocrx_word' id='word_1_504' title='bbox 477 5335 709 5389; x_wconf 68' lang='lat' dir='ltr'><strong>quaeque</strong></span> <span class='ocrx_word' id='word_1_505' title='bbox 727 5322 798 5375; x_wconf 91' lang='lat' dir='ltr'><strong>sit</strong></span> <span class='ocrx_word' id='word_1_506' title='bbox 832 5324 1228 5393; x_wconf 79' lang='lat' dir='ltr'><strong>magnitudine,</strong></span> <span class='ocrx_word' id='word_1_507' title='bbox 1274 5342 1490 5397; x_wconf 91' lang='lat' dir='ltr'><strong>quoque</strong></span> <span class='ocrx_word' id='word_1_508' title='bbox 1531 5331 1839 5396; x_wconf 86' lang='lat' dir='ltr'><strong>intervallo,</strong></span> <span class='ocrx_word' id='word_1_509' title='bbox 1885 5331 2045 5387; x_wconf 84' lang='lat' dir='ltr'><strong>item-</strong></span> 
     </span>
    </p>
   </div>
   <div class='ocr_carea' id='block_1_78' title="bbox 477 5412 2044 5492">
    <p class='ocr_par' dir='ltr' id='par_1_78' title="bbox 477 5412 2044 5492">
     <span class='ocr_line' id='line_1_78' title="bbox 477 5412 2044 5492; baseline 0.011 -29"><span class='ocrx_word' id='word_1_510' title='bbox 477 5426 582 5480; x_wconf 91' lang='lat' dir='ltr'><strong>que</strong></span> <span class='ocrx_word' id='word_1_511' title='bbox 605 5412 747 5466; x_wconf 84' lang='lat' dir='ltr'><strong>lunae</strong></span> <span class='ocrx_word' id='word_1_512' title='bbox 793 5412 988 5484; x_wconf 77' lang='lat' dir='ltr'><strong>figura,</strong></span> <span class='ocrx_word' id='word_1_513' title='bbox 1024 5425 1078 5469; x_wconf 90' lang='lat' dir='ltr'><strong>et</strong></span> <span class='ocrx_word' id='word_1_514' title='bbox 1108 5419 1239 5486; x_wconf 89' lang='lat' dir='ltr'><strong>quid</strong></span> <span class='ocrx_word' id='word_1_515' title='bbox 1280 5421 1383 5474; x_wconf 87' lang='lat' dir='ltr'><strong>soli</strong></span> <span class='ocrx_word' id='word_1_516' title='bbox 1431 5421 1665 5486; x_wconf 89' lang='lat' dir='ltr'><strong>accidat,</strong></span> <span class='ocrx_word' id='word_1_517' title='bbox 1695 5423 1843 5492; x_wconf 90' lang='lat' dir='ltr'><strong>quod</strong></span> <span class='ocrx_word' id='word_1_518' title='bbox 1875 5425 2044 5480; x_wconf 89' lang='lat' dir='ltr'><strong>certis</strong></span> 
     </span>
    </p>
   </div>
   <div class='ocr_carea' id='block_1_79' title="bbox 476 5501 2043 5585">
    <p class='ocr_par' dir='ltr' id='par_1_79' title="bbox 476 5501 2043 5585">
     <span class='ocr_line' id='line_1_79' title="bbox 476 5501 2043 5585; baseline 0.01 -31"><span class='ocrx_word' id='word_1_519' title='bbox 476 5501 808 5573; x_wconf 88' lang='lat' dir='ltr'><strong>quibusdam</strong></span> <span class='ocrx_word' id='word_1_520' title='bbox 860 5506 1197 5576; x_wconf 88' lang='lat' dir='ltr'><strong>temporibus</strong></span> <span class='ocrx_word' id='word_1_521' title='bbox 1247 5510 1461 5565; x_wconf 90' lang='lat' dir='ltr'><strong>radium</strong></span> <span class='ocrx_word' id='word_1_522' title='bbox 1517 5512 1864 5582; x_wconf 89' lang='lat' dir='ltr'><strong>abscondat;</strong></span> <span class='ocrx_word' id='word_1_523' title='bbox 1929 5516 2043 5585; x_wconf 88' lang='lat' dir='ltr'><strong>jam</strong></span> 
     </span>
    </p>
   </div>
   <div class='ocr_carea' id='block_1_80' title="bbox 475 5592 2041 5676">
    <p class='ocr_par' dir='ltr' id='par_1_80' title="bbox 475 5592 2041 5676">
     <span class='ocr_line' id='line_1_80' title="bbox 475 5592 2041 5676; baseline 0.011 -32"><span class='ocrx_word' id='word_1_524' title='bbox 475 5607 606 5646; x_wconf 84' lang='lat' dir='ltr'><strong>vero</strong></span> <span class='ocrx_word' id='word_1_525' title='bbox 671 5592 738 5647; x_wconf 92' lang='lat' dir='ltr'><strong>de</strong></span> <span class='ocrx_word' id='word_1_526' title='bbox 790 5601 934 5649; x_wconf 89' lang='lat' dir='ltr'><strong>terra</strong></span> <span class='ocrx_word' id='word_1_527' title='bbox 989 5611 1206 5668; x_wconf 86' lang='lat' dir='ltr'><strong>quoque</strong></span> <span class='ocrx_word' id='word_1_528' title='bbox 1244 5609 1515 5656; x_wconf 89' lang='lat' dir='ltr'><strong>commota</strong></span> <span class='ocrx_word' id='word_1_529' title='bbox 1571 5604 2041 5676; x_wconf 69' lang='lat' dir='ltr'><strong>philosophantur,</strong></span> 
     </span>
    </p>
   </div>
   <div class='ocr_carea' id='block_1_81' title="bbox 478 5683 2041 5771">
    <p class='ocr_par' dir='ltr' id='par_1_81' title="bbox 478 5683 2041 5771">
     <span class='ocr_line' id='line_1_81' title="bbox 478 5683 2041 5771; baseline 0.013 -36"><span class='ocrx_word' id='word_1_530' title='bbox 478 5685 680 5755; x_wconf 81' lang='lat' dir='ltr'><strong>quique</strong></span> <span class='ocrx_word' id='word_1_531' title='bbox 707 5683 799 5738; x_wconf 82' lang='lat' dir='ltr'><strong>ﬁat</strong></span> <span class='ocrx_word' id='word_1_532' title='bbox 831 5693 889 5740; x_wconf 92' lang='lat' dir='ltr'><strong>ut</strong></span> <span class='ocrx_word' id='word_1_533' title='bbox 920 5690 1264 5748; x_wconf 86' lang='lat' dir='ltr'><strong>naturalibus</strong></span> <span class='ocrx_word' id='word_1_534' title='bbox 1287 5693 1464 5749; x_wconf 90' lang='lat' dir='ltr'><strong>soluta</strong></span> <span class='ocrx_word' id='word_1_535' title='bbox 1502 5693 1860 5754; x_wconf 82' lang='lat' dir='ltr'><strong>firmamentis</strong></span> <span class='ocrx_word' id='word_1_536' title='bbox 1893 5700 2041 5771; x_wconf 87' lang='lat' dir='ltr'><strong>ipsa-</strong></span> 
     </span>
    </p>
   </div>
   <div class='ocr_carea' id='block_1_82' title="bbox 2145 4787 3724 4860">
    <p class='ocr_par' dir='ltr' id='par_1_82' title="bbox 2145 4787 3724 4860">
     <span class='ocr_line' id='line_1_82' title="bbox 2145 4787 3724 4860; baseline 0.003 -22"><span class='ocrx_word' id='word_1_537' title='bbox 2145 4787 2358 4858; x_wconf 80' lang='grc' dir='ltr'>ἐκείνης</span> <span class='ocrx_word' id='word_1_538' title='bbox 2393 4788 2488 4840; x_wconf 79' lang='grc' dir='ltr'><strong>οὐκ</strong></span> <span class='ocrx_word' id='word_1_539' title='bbox 2521 4788 2732 4859; x_wconf 76' lang='grc' dir='ltr'>ἔχοντες</span> <span class='ocrx_word' id='word_1_540' title='bbox 2771 4788 3033 4859; x_wconf 75' lang='grc' dir='ltr'>σύμϐολα,</span> <span class='ocrx_word' id='word_1_541' title='bbox 3066 4791 3193 4842; x_wconf 85' lang='grc' dir='ltr'>ὅταν</span> <span class='ocrx_word' id='word_1_542' title='bbox 3238 4790 3341 4860; x_wconf 81' lang='grc' dir='ltr'>γῆν</span> <span class='ocrx_word' id='word_1_543' title='bbox 3393 4790 3724 4860; x_wconf 63' lang='grc' dir='ltr'>ἀποκρύψω-</span> 
     </span>
    </p>
   </div>
   <div class='ocr_carea' id='block_1_83' title="bbox 2148 4879 3722 4950">
    <p class='ocr_par' dir='ltr' id='par_1_83' title="bbox 2148 4879 3722 4950">
     <span class='ocr_line' id='line_1_83' title="bbox 2148 4879 3722 4950; baseline 0.001 -20"><span class='ocrx_word' id='word_1_544' title='bbox 2148 4895 2281 4949; x_wconf 91' lang='grc' dir='ltr'>μεν,</span> <span class='ocrx_word' id='word_1_545' title='bbox 2328 4881 2438 4941; x_wconf 88' lang='grc' dir='ltr'>τοῖς</span> <span class='ocrx_word' id='word_1_546' title='bbox 2481 4881 2599 4931; x_wconf 80' lang='grc' dir='ltr'>κατ’</span> <span class='ocrx_word' id='word_1_547' title='bbox 2645 4879 2871 4949; x_wconf 82' lang='grc' dir='ltr'>οὐρανὸν</span> <span class='ocrx_word' id='word_1_548' title='bbox 2927 4881 3172 4950; x_wconf 84' lang='grc' dir='ltr'>σημείοις</span> <span class='ocrx_word' id='word_1_549' title='bbox 3210 4879 3465 4949; x_wconf 85' lang='grc' dir='ltr'>ἀσφαλῶς</span> <span class='ocrx_word' id='word_1_550' title='bbox 3492 4879 3722 4950; x_wconf 80' lang='grc' dir='ltr'>ὁδηγού-</span> 
     </span>
    </p>
   </div>
   <div class='ocr_carea' id='block_1_84' title="bbox 2149 4967 3720 5042">
    <p class='ocr_par' dir='ltr' id='par_1_84' title="bbox 2149 4967 3720 5042">
     <span class='ocr_line' id='line_1_84' title="bbox 2149 4967 3720 5042; baseline 0.001 -22"><span class='ocrx_word' id='word_1_551' title='bbox 2149 4967 2286 5039; x_wconf 86' lang='grc' dir='ltr'>μεθα</span> <span class='ocrx_word' id='word_1_552' title='bbox 2303 5009 2316 5034; x_wconf 93' lang='grc'><strong>,</strong></span> <span class='ocrx_word' id='word_1_553' title='bbox 2341 4970 2432 5021; x_wconf 77' lang='grc' dir='ltr'><strong>καὶ</strong></span> <span class='ocrx_word' id='word_1_554' title='bbox 2459 4970 2643 5038; x_wconf 83' lang='grc' dir='ltr'>ὁδηγεῖ</span> <span class='ocrx_word' id='word_1_555' title='bbox 2669 4970 2758 5022; x_wconf 85' lang='grc' dir='ltr'><strong>τὸν</strong></span> <span class='ocrx_word' id='word_1_556' title='bbox 2787 4969 2987 5042; x_wconf 84' lang='grc' dir='ltr'>ναύτην</span> <span class='ocrx_word' id='word_1_557' title='bbox 3016 4971 3090 5035; x_wconf 83' lang='grc' dir='ltr'>ὡς</span> <span class='ocrx_word' id='word_1_558' title='bbox 3116 4972 3239 5034; x_wconf 63' lang='lat' dir='ltr'><strong>toi};</strong></span> <span class='ocrx_word' id='word_1_559' title='bbox 3267 4971 3488 5038; x_wconf 88' lang='grc' dir='ltr'>Μάγους</span> <span class='ocrx_word' id='word_1_560' title='bbox 3515 4970 3654 5036; x_wconf 78' lang='grc' dir='ltr'>ἀστή</span> <span class='ocrx_word' id='word_1_561' title='bbox 3665 4987 3720 5040; x_wconf 87' lang='grc' dir='ltr'><strong>ρ.</strong></span> 
     </span>
    </p>
   </div>
   <div class='ocr_carea' id='block_1_85' title="bbox 2148 5059 3723 5133">
    <p class='ocr_par' dir='ltr' id='par_1_85' title="bbox 2148 5059 3723 5133">
     <span class='ocr_line' id='line_1_85' title="bbox 2148 5059 3723 5133; baseline -0.001 -19"><span class='ocrx_word' id='word_1_562' title='bbox 2148 5059 2387 5132; x_wconf 76' lang='grc' dir='ltr'>Οὐρανοῦ</span> <span class='ocrx_word' id='word_1_563' title='bbox 2415 5061 2471 5113; x_wconf 80' lang='grc' dir='ltr'>δὲ</span> <span class='ocrx_word' id='word_1_564' title='bbox 2500 5061 2674 5132; x_wconf 82' lang='grc' dir='ltr'>πλάτη</span> <span class='ocrx_word' id='word_1_565' title='bbox 2707 5063 2799 5114; x_wconf 78' lang='grc' dir='ltr'><strong>καὶ</strong></span> <span class='ocrx_word' id='word_1_566' title='bbox 2826 5063 3079 5132; x_wconf 78' lang='grc' dir='ltr'>σχήματα</span> <span class='ocrx_word' id='word_1_567' title='bbox 3106 5061 3363 5133; x_wconf 79' lang='grc' dir='ltr'>ἐξευρέθη</span> <span class='ocrx_word' id='word_1_568' title='bbox 3394 5063 3485 5115; x_wconf 81' lang='grc' dir='ltr'><strong>καὶ</strong></span> <span class='ocrx_word' id='word_1_569' title='bbox 3513 5060 3723 5129; x_wconf 77' lang='grc' dir='ltr'>πλῆθος</span> 
     </span>
    </p>
   </div>
   <div class='ocr_carea' id='block_1_86' title="bbox 2145 5151 3725 5224">
    <p class='ocr_par' dir='ltr' id='par_1_86' title="bbox 2145 5151 3725 5224">
     <span class='ocr_line' id='line_1_86' title="bbox 2145 5151 3725 5224; baseline 0.001 -20"><span class='ocrx_word' id='word_1_570' title='bbox 2145 5153 2406 5223; x_wconf 81' lang='grc' dir='ltr'>ἀστέρων,</span> <span class='ocrx_word' id='word_1_571' title='bbox 2435 5153 2528 5204; x_wconf 74' lang='grc' dir='ltr'><strong>καὶ</strong></span> <span class='ocrx_word' id='word_1_572' title='bbox 2554 5153 2701 5215; x_wconf 80' lang='grc' dir='ltr'>ὅπως</span> <span class='ocrx_word' id='word_1_573' title='bbox 2743 5152 2969 5217; x_wconf 83' lang='grc' dir='ltr'>ἕκαστος</span> <span class='ocrx_word' id='word_1_574' title='bbox 3014 5153 3277 5224; x_wconf 85' lang='grc' dir='ltr'>μεγέθους</span> <span class='ocrx_word' id='word_1_575' title='bbox 3300 5153 3410 5222; x_wconf 77' lang='grc' dir='ltr'>ἔχει</span> <span class='ocrx_word' id='word_1_576' title='bbox 3429 5193 3442 5216; x_wconf 90' lang='grc'><strong>,</strong></span> <span class='ocrx_word' id='word_1_577' title='bbox 3469 5151 3561 5204; x_wconf 73' lang='grc' dir='ltr'><strong>καὶ</strong></span> <span class='ocrx_word' id='word_1_578' title='bbox 3602 5151 3725 5205; x_wconf 68' lang='grc' dir='ltr'>διας</span> 
     </span>
    </p>
   </div>
   <div class='ocr_carea' id='block_1_87' title="bbox 2148 5240 3724 5313">
    <p class='ocr_par' dir='ltr' id='par_1_87' title="bbox 2148 5240 3724 5313">
     <span class='ocr_line' id='line_1_87' title="bbox 2148 5240 3724 5313; baseline -0.001 -18"><span class='ocrx_word' id='word_1_579' title='bbox 2148 5243 2436 5312; x_wconf 87' lang='grc' dir='ltr'>στήματος,</span> <span class='ocrx_word' id='word_1_580' title='bbox 2462 5244 2554 5296; x_wconf 72' lang='grc' dir='ltr'><strong>καὶ</strong></span> <span class='ocrx_word' id='word_1_581' title='bbox 2576 5243 2676 5312; x_wconf 76' lang='grc' dir='ltr'><strong>τῆς</strong></span> <span class='ocrx_word' id='word_1_582' title='bbox 2701 5243 2927 5313; x_wconf 86' lang='grc' dir='ltr'>σελήνης</span> <span class='ocrx_word' id='word_1_583' title='bbox 2957 5243 3275 5313; x_wconf 85' lang='grc' dir='ltr'>σημείωσις,</span> <span class='ocrx_word' id='word_1_584' title='bbox 3299 5242 3394 5295; x_wconf 76' lang='grc' dir='ltr'><strong>καὶ</strong></span> <span class='ocrx_word' id='word_1_585' title='bbox 3418 5240 3467 5293; x_wconf 80' lang='grc' dir='ltr'><strong>τε</strong></span> <span class='ocrx_word' id='word_1_586' title='bbox 3493 5241 3724 5310; x_wconf 72' lang='grc' dir='ltr'>πάσχων</span> 
     </span>
    </p>
   </div>
   <div class='ocr_carea' id='block_1_88' title="bbox 2144 5332 3722 5406">
    <p class='ocr_par' dir='ltr' id='par_1_88' title="bbox 2144 5332 3722 5406">
     <span class='ocr_line' id='line_1_88' title="bbox 2144 5332 3722 5406; baseline -0.003 -18"><span class='ocrx_word' id='word_1_587' title='bbox 2144 5337 2172 5388; x_wconf 88' lang='grc' dir='ltr'><strong>ὁ</strong></span> <span class='ocrx_word' id='word_1_588' title='bbox 2200 5335 2348 5405; x_wconf 82' lang='grc' dir='ltr'>ἥλιος</span> <span class='ocrx_word' id='word_1_589' title='bbox 2381 5334 2692 5397; x_wconf 75' lang='grc' dir='ltr'>κατά¹τινας</span> <span class='ocrx_word' id='word_1_590' title='bbox 2727 5336 2952 5405; x_wconf 89' lang='grc' dir='ltr'>χρόνους</span> <span class='ocrx_word' id='word_1_591' title='bbox 2983 5335 3080 5406; x_wconf 84' lang='grc' dir='ltr'>τὴν</span> <span class='ocrx_word' id='word_1_592' title='bbox 3113 5336 3306 5388; x_wconf 84' lang='grc' dir='ltr'>ἀκτῖνα</span> <span class='ocrx_word' id='word_1_593' title='bbox 3343 5332 3680 5386; x_wconf 82' lang='grc' dir='ltr'>καλύπτεται</span> <span class='ocrx_word' id='word_1_594' title='bbox 3706 5349 3722 5363; x_wconf 76' lang='grc' dir='ltr'><strong>ο</strong></span> 
     </span>
    </p>
   </div>
   <div class='ocr_carea' id='block_1_89' title="bbox 2151 5425 3724 5497">
    <p class='ocr_par' dir='ltr' id='par_1_89' title="bbox 2151 5425 3724 5497">
     <span class='ocr_line' id='line_1_89' title="bbox 2151 5425 3724 5497; baseline -0.001 -19"><span class='ocrx_word' id='word_1_595' title='bbox 2151 5427 2250 5496; x_wconf 74' lang='grc' dir='ltr'>ἤδη</span> <span class='ocrx_word' id='word_1_596' title='bbox 2283 5425 2337 5478; x_wconf 76' lang='grc' dir='ltr'>δὲ</span> <span class='ocrx_word' id='word_1_597' title='bbox 2366 5426 2615 5479; x_wconf 78' lang='grc' dir='ltr'>καὶκατὰ</span> <span class='ocrx_word' id='word_1_598' title='bbox 2639 5426 2742 5496; x_wconf 78' lang='grc' dir='ltr'>γῆς</span> <span class='ocrx_word' id='word_1_599' title='bbox 2773 5426 3092 5497; x_wconf 89' lang='grc' dir='ltr'>κινουμένης</span> <span class='ocrx_word' id='word_1_600' title='bbox 3121 5425 3535 5494; x_wconf 84' lang='grc' dir='ltr'>φιλοσοφοῦμεν,</span> <span class='ocrx_word' id='word_1_601' title='bbox 3571 5425 3724 5488; x_wconf 81' lang='grc' dir='ltr'>ὅπως</span> 
     </span>
    </p>
   </div>
   <div class='ocr_carea' id='block_1_90' title="bbox 2150 5513 3723 5587">
    <p class='ocr_par' dir='ltr' id='par_1_90' title="bbox 2150 5513 3723 5587">
     <span class='ocr_line' id='line_1_90' title="bbox 2150 5513 3723 5587; baseline -0.001 -20"><span class='ocrx_word' id='word_1_602' title='bbox 2150 5517 2382 5586; x_wconf 87' lang='grc' dir='ltr'>λυομένη</span> <span class='ocrx_word' id='word_1_603' title='bbox 2414 5514 2518 5568; x_wconf 83' lang='grc' dir='ltr'><strong>τῶν</strong></span> <span class='ocrx_word' id='word_1_604' title='bbox 2547 5515 2789 5584; x_wconf 83' lang='grc' dir='ltr'>φυσικῶν</span> <span class='ocrx_word' id='word_1_605' title='bbox 2824 5515 3160 5587; x_wconf 85' lang='grc' dir='ltr'>ἐρεισμάτων</span> <span class='ocrx_word' id='word_1_606' title='bbox 3185 5516 3321 5586; x_wconf 79' lang='grc' dir='ltr'>αὐτή</span> <span class='ocrx_word' id='word_1_607' title='bbox 3353 5532 3412 5568; x_wconf 86' lang='grc' dir='ltr'><strong>τε</strong></span> <span class='ocrx_word' id='word_1_608' title='bbox 3441 5513 3723 5584; x_wconf 81' lang='grc' dir='ltr'>ἀναϐράσ-</span> 
     </span>
    </p>
   </div>
   <div class='ocr_carea' id='block_1_91' title="bbox 2154 5604 3723 5677">
    <p class='ocr_par' dir='ltr' id='par_1_91' title="bbox 2154 5604 3723 5677">
     <span class='ocr_line' id='line_1_91' title="bbox 2154 5604 3723 5677; baseline -0.003 -16"><span class='ocrx_word' id='word_1_609' title='bbox 2154 5626 2325 5672; x_wconf 80' lang='grc' dir='ltr'>σεται,</span> <span class='ocrx_word' id='word_1_610' title='bbox 2359 5608 2452 5662; x_wconf 76' lang='grc' dir='ltr'><strong>καὶ</strong></span> <span class='ocrx_word' id='word_1_611' title='bbox 2479 5609 2604 5671; x_wconf 77' lang='grc' dir='ltr'>τοὺς</span> <span class='ocrx_word' id='word_1_612' title='bbox 2634 5607 2884 5671; x_wconf 77' lang='grc' dir='ltr'>ἐποίκους</span> <span class='ocrx_word' id='word_1_613' title='bbox 2909 5609 3047 5677; x_wconf 86' lang='grc' dir='ltr'><strong>μετά</strong></span> <span class='ocrx_word' id='word_1_614' title='bbox 3072 5607 3180 5660; x_wconf 90' lang='grc' dir='ltr'><strong>τῶν</strong></span> <span class='ocrx_word' id='word_1_615' title='bbox 3209 5605 3567 5676; x_wconf 79' lang='grc' dir='ltr'>ἐπικειμένων</span> <span class='ocrx_word' id='word_1_616' title='bbox 3597 5604 3723 5658; x_wconf 74' lang='grc' dir='ltr'>κλοο</span> 
     </span>
    </p>
   </div>
   <div class='ocr_carea' id='block_1_92' title="bbox 2153 5697 3723 5771">
    <p class='ocr_par' dir='ltr' id='par_1_92' title="bbox 2153 5697 3723 5771">
     <span class='ocr_line' id='line_1_92' title="bbox 2153 5697 3723 5771; baseline 0.013 -33"><span class='ocrx_word' id='word_1_617' title='bbox 2153 5704 2244 5756; x_wconf 46' lang='grc' dir='ltr'>νεῖ,</span> <span class='ocrx_word' id='word_1_618' title='bbox 2279 5700 2569 5771; x_wconf 71' lang='grc' dir='ltr'>Συμϐόλοις</span> <span class='ocrx_word' id='word_1_619' title='bbox 2595 5700 2646 5752; x_wconf 78' lang='grc' dir='ltr'>δὲ</span> <span class='ocrx_word' id='word_1_620' title='bbox 2674 5702 2780 5762; x_wconf 80' lang='grc' dir='ltr'>τοῖς</span> <span class='ocrx_word' id='word_1_621' title='bbox 2805 5699 3339 5771; x_wconf 77' lang='grc' dir='ltr'>παρατετηρημένοις</span> <span class='ocrx_word' id='word_1_622' title='bbox 3365 5697 3457 5751; x_wconf 75' lang='grc' dir='ltr'>καὶ</span> <span class='ocrx_word' id='word_1_623' title='bbox 3479 5697 3723 5766; x_wconf 66' lang='grc' dir='ltr'>αὐχμοὺς</span> 
     </span>
    </p>
   </div>
  </div>
