4034 6132
254 251 439 348 ⁸509

1632 269 1717 323 DE
1766 271 2300 333 CASTIGATIONE.

3488 303 3590 359 510

331 369 827 443 παραθεωρῶμεν,
880 374 974 428 καὶ
1030 377 1334 450 ἐπομϐρίας
1391 385 1911 456 προμαντευόμεθα,

2025 407 2126 461 que
2173 395 2448 463 subsiliat,
2477 409 2531 454 et
2560 402 2770 461 incolas
2804 422 3033 479 quaeque
3069 411 3320 481 adjacent
3381 432 3589 473 concu-

330 463 429 516 καὶ
466 465 576 526 τοῖς
608 465 674 517 ἐκ
720 468 824 536 γῆς
857 467 1146 538 φυομένοις
1187 471 1278 525 τὸν
1319 471 1474 541 λόγον
1522 475 1910 546 προσάγοντες,

328 552 431 616 τὰς
462 552 654 622 φύσεις
681 554 792 610 τῶν
825 555 1063 627 βοτανῶν
1089 559 1434 633 ἐξετάζομεν,
1465 564 1558 617 καὶ
1582 563 1678 634 τὴν
1709 566 1805 636 μὲν
1838 565 1914 636 τῷ

330 644 649 716 τραυματίᾳ
683 647 945 718 σωτήριον
978 649 1381 723 ἀποφαίνομεν,
1420 654 1585 726 ἀλλην
1613 657 1913 727 ἐπιτήδειον

332 732 469 804 πρὸς
506 732 674 787 ῦπνον
701 735 779 806 τῷ
812 738 887 807 μὴ
922 739 1255 809 καθεύδοντι,
1299 745 1490 816 ἑτέραν
1523 747 1729 817 ἥπατος
1776 749 1914 801 ἰατι-

333 826 456 895 κὴν,
492 825 589 878 καὶ
622 825 789 896 ἀλλην
814 828 913 892 τὰς
941 832 1336 900 ἐπαναστάσεις
1361 837 1453 890 τοῦ
1483 837 1716 910 σπληνὸς
1747 857 1914 894 κατα-

335 916 681 972 στέλλουσαν.
725 919 829 973 Ἐὦ
855 921 952 986 τὰς
984 926 1310 998 ἐπιστήμας,
1344 929 1543 1000 ἀφίημι
1584 930 1682 994 τὰς
1723 933 1914 1001 τέχνας

334 1004 433 1069 τάς
473 1007 798 1076 ἀναγκαίας,
837 1010 936 1075 τὰς
974 1014 1108 1086 πρὸς
1144 1017 1349 1089 τροφήν
1379 1021 1579 1085 πᾶσαν,
1607 1021 1704 1093 τὴν
1737 1023 1914 1076 ποικί-

335 1096 436 1168 λην
487 1099 597 1153 τῶν
645 1102 1095 1174 ἐπιτηδευμάτων
1142 1109 1404 1180 περίοδον.
1458 1113 1531 1164 Τὸ
1571 1111 1628 1165 δὲ
1677 1113 1914 1167 τοιοῦτον

338 1188 496 1257 ζῶον,
537 1191 597 1244 τὸ
646 1194 829 1262 σοφὸν,
866 1195 927 1248 τὸ
967 1200 1294 1267 πρακτικὸν,
1343 1202 1402 1256 τὸ
1444 1202 1806 1276 δραστήριον,
1854 1205 1914 1258 τὸ

339 1283 672 1351 μνημονικὸν
691 1321 705 1346 ,
753 1283 814 1337 τὸ
854 1285 1088 1342 ἐνταῦθα
1120 1288 1180 1342 ὃν
1209 1291 1303 1344 καὶ
1331 1291 1399 1343 τὰ
1429 1292 1662 1362 ἀλλαχοῦ
1697 1292 1910 1363 βλέπον,

332 1372 418 1425 διά
447 1376 510 1425 τὸ
552 1373 824 1439 ποικίλαις
853 1376 1066 1445 ἡδοναῖς
1099 1379 1192 1432 καὶ
1219 1379 1494 1451 διαφόροις
1531 1382 1726 1437 πάθεσι
1761 1401 1915 1454 περι-

335 1461 608 1527 έλκεσθαι,
647 1464 764 1529 ἐνὸς
791 1465 1067 1536 ὀλιγώρως
1097 1468 1227 1539 ἔχει,
1255 1471 1354 1542 τῆς
1383 1472 1617 1544 ἀληθοῦς
1650 1472 1795 1544 ζωῆς
1823 1475 1915 1528 καὶ

332 1555 431 1625 τῆς
481 1556 688 1620 οἰκείας
740 1559 1030 1630 σωτηρίας.
1090 1564 1200 1616 Καὶ
1247 1565 1274 1617 ὁ
1329 1565 1653 1636 προὸλέπων
1706 1567 1913 1638 τροπὰς

334 1645 534 1712 ἀέρων,
574 1648 673 1718 τὴν
726 1649 1020 1706 ἀνάστασιν
1061 1654 1158 1725 οὐχ
1195 1657 1363 1726 ὁρᾷς·
1415 1659 1443 1710 ὀ
1481 1659 1580 1722 τὰς
1615 1659 1914 1729 μεταϐολὰς

335 1735 442 1788 τῶν
475 1737 739 1792 ἐνιαυτῶν
773 1740 926 1805 εἰδὼς
947 1781 964 1806 ,
1008 1743 1106 1815 τὴν
1143 1747 1441 1817 μεταόολὴν
1485 1749 1544 1801 οὐ
1577 1749 1791 1819 βλέπεις
1820 1749 1914 1803 τοῦ
1947 1733 1989 1789 Β

340 1823 472 1894 βίου·
510 1827 540 1878 ὁ
561 1828 651 1882 τὸν
680 1830 808 1884 ῐδιον
835 1831 1018 1885 δοῦλον
1049 1835 1296 1888 ἀπαιτῶν
1329 1837 1428 1901 τὰς
1451 1837 1678 1901 εὐθύνας
1701 1832 1776 1893 ὧν
1801 1840 1916 1893 δια-

337 1913 666 1980 πράττεται,
694 1916 787 1970 τοῦ
831 1917 926 1971 σοῦ
957 1919 1144 1990 κριτοῦ
1175 1923 1268 1974 καὶ
1309 1925 1514 1995 Κυρίου
1546 1927 1644 1996 τῆς
1670 1926 1916 1992 ἐξουσίας

335 2008 717 2075 καταφρονεῖς.

405 2201 594 2257 Ταῦτα
630 2203 730 2257 οὐκ
775 2204 889 2259 ἐστι
933 2207 1026 2284 τοῦ
1069 2208 1308 2278 λογικοῦ,
1345 2211 1457 2266 ἀλλ’
1484 2216 1563 2276 εἰς
1607 2214 1816 2286 μωρίαν
1856 2217 1916 2270 τὸ

335 2292 556 2360 λογικὸν
591 2297 1056 2366 παρατρέποντος.
1084 2301 1438 2374 Δικαιοσύνην
1459 2304 1558 2358 οὐκ
1585 2305 1794 2370 ἀσκεῖς,
1819 2306 1916 2379 τὴν

337 2385 541 2456 ἀρετὴν
592 2387 654 2440 οὐ
709 2388 1029 2458 μανθάνεις,
1085 2393 1249 2463 εὐχῆς
1303 2395 1541 2466 ἀμελεῖς.
1597 2397 1708 2450 Καὶ
1759 2397 1916 2451 τοῦτο

338 2474 607 2545 ἐδήλωσεν
640 2478 673 2546 ή
710 2477 868 2548 χθιζὴ
898 2480 1100 2551 ἡμέρα.
1134 2483 1314 2547 Ποίοις
1345 2484 1452 2557 γὰρ
1489 2485 1783 2557 ὀφθαλμοῖς
1815 2486 1914 2558 τὴν

337 2572 626 2644 Κυριακὴν
662 2575 826 2645 ὁρᾷς,
863 2577 893 2629 ό
923 2577 1194 2648 ἀτιμάσας
1239 2579 1300 2632 τὸ
1340 2578 1654 2646 Σάϐϐατον;
1693 2574 1770 2632 Ἦ
1814 2579 1915 2632 οὐκ

335 2654 479 2723 οἶδας
515 2660 592 2724 ὡς
625 2661 852 2732 ἀδελφαὶ
879 2656 1038 2719 αὗται
1067 2667 1124 2720 αἱ
1157 2667 1358 2738 ἡμέραι
1383 2685 1398 2733 ;
1444 2669 1546 2722 κάν
1571 2670 1651 2731 είς
1675 2668 1773 2738 τὴν
1796 2667 1913 2722 ἐτέ-

337 2767 436 2821 ραν
473 2750 802 2825 ἐξυϐρίσῃς,
831 2757 897 2826 τῇ
932 2757 1094 2829 ἑτέρᾳ,
1130 2758 1519 2830 προσκρούεις;
1567 2760 1744 2830 Ἔχων
1790 2759 1914 2814 νοῦν

338 2845 430 2898 καὶ
466 2845 652 2913 λόγον,
671 2847 734 2900 οὐ
763 2852 1000 2922 προορᾷς
1029 2852 1091 2905 τὸ
1117 2854 1325 2924 πρέπον
1352 2855 1446 2908 καὶ
1472 2854 1768 2926 συμφέρον,
1794 2855 1915 2909 οὐδὲ

338 2935 593 3006 ἐμμελῶς
626 2940 752 3008 ποιῇ
780 2941 878 3011 τῆς
908 2941 1103 2995 σαυτοῦ
1125 2943 1420 3008 ἀθανασίας
1440 2944 1540 3017 τὴν
1578 2945 1913 3016 ἐπιμέλειαν,

337 3031 459 3086 οὐδέ
481 3028 832 3104 δια[σ]κέπτῃ
860 3032 957 3102 τὴν
975 3034 1172 3087 σαυτοῦ
1197 3035 1357 3105 φύσιν
1377 3037 1524 3099 ὅστις
1550 3035 1620 3103 εί,
1644 3037 1736 3090 καὶ
1754 3038 1807 3090 τί
1827 3054 1916 3107 γε-

339 3124 524 3180 νέσθαι
550 3127 799 3180 δύνασαι’
839 3125 1036 3194 γαστρί⁸
1064 3125 1119 3178 δέ
1149 3127 1242 3178 καὶ
1277 3126 1573 3195 λαγνείαις,
1603 3129 1698 3181 καὶ
1727 3127 1915 3198 ἀργίᾳ,

341 3216 440 3270 καὶ
475 3216 630 3288 ὕπνῳ
652 3215 748 3270 τοῦ
771 3214 902 3268 Θεοῦ
927 3217 1019 3269 καὶ
1040 3215 1330 3287 εὐεργέτου
1355 3215 1616 3286 προδίδως
1641 3217 1701 3269 τὸ
1727 3216 1917 3288 δῶρον,

341 3311 432 3363 ἴνα
464 3327 544 3363 σοι
589 3310 937 3382 ἀχρεῖον.καὶ
970 3309 1245 3378 ἀνωφελὲς
1282 3309 1376 3361 καὶ
1415 3309 1643 3375 μάταιον
1673 3307 1915 3378 γένηται.

338 3402 626 3472 Αἴσχιστον
644 3402 822 3467 τοῦτο,
844 3401 937 3455 καὶ
959 3400 1157 3472 νηπίας
1184 3398 1397 3470 φρενὸς,
1421 3399 1511 3452 καὶ
1529 3400 1625 3471 τῆς
1650 3398 1922 3470 ἐπαχθοῦς

341 3494 678 3566 κατηγορίας
700 3493 868 3560 ἄξιον.
897 3486 1098 3546 ’Ἦττον
1119 3491 1162 3544 δ’
1181 3491 1248 3545 ἀν
1264 3487 1333 3562 ἦν
1359 3491 1550 3554 κακὸν,
1569 3491 1616 3542 εί
1641 3489 1717 3561 μὴ
1739 3489 1921 3543 νοοῦν-

336 3601 434 3647 τες
459 3581 668 3637 οἴκοθεν
709 3583 802 3636 καὶ
829 3581 960 3652 παρ’
985 3579 1190 3635 ἑαυτῶν
1208 3579 1268 3633 τὸ
1291 3579 1584 3650 συμφέρον,
1611 3577 1769 3631 ἄλλου
1791 3576 1921 3646 γοῦν

340 3671 734 3744 εἰσηγουμένου
775 3673 837 3726 τὸ
881 3672 1187 3744 χρήσιμον,
1226 3669 1576 3740 ἐπειθόμεθα.
1619 3669 1692 3722 Τὸ
1723 3667 1780 3722 δέ
1824 3669 1922 3738 οὐχ

335 3766 516 3831 οὕτως
546 3767 683 3837 ἔχει,
715 3765 851 3820 ἀλλὰ
880 3765 972 3818 καὶ
1012 3763 1218 3834 σφόδρα
1249 3765 1361 3826 τοῖς
1387 3761 1730 3824 διδασκάλοις
1761 3759 1923 3831 ἀχθό-

342 3855 508 3926 μεθα,
559 3855 654 3909 καὶ
701 3853 951 3925 χαλεπῶς
981 3852 1161 3906 αὐτῶν
1204 3850 1302 3923 τὴν
1331 3849 1610 3905 νουθεσίαν
1659 3850 1921 3922 φέρομεν,

342 3949 441 4002 καὶ
460 3951 581 4012 ταῖς
609 3947 937 4017 συμϐουλαῖς
961 3943 1326 4016 βαρυνόμεθα.
1351 3941 1677 4012 Ναυτιῶμεν
1701 3941 1758 3995 δέ
1787 3941 1923 4012 πρὸς

341 4041 444 4113 τὴν
474 4040 723 4094 παιδείαν
753 4038 862 4092 τῶν
889 4037 1090 4100 καλῶν,
1123 4036 1197 4100 ὡς
1225 4035 1275 4088 οἱ
1306 4035 1580 4088 κακόσιτοι
1605 4033 1714 4087 τῶν
1746 4032 1924 4105 ἀρρώ-

345 4151 487 4187 στων
519 4133 656 4203 πρὸς
681 4131 750 4185 τά
774 4131 881 4200 δ’ᾲα
899 4130 968 4184 τά
993 4127 1144 4200 παρά
1170 4127 1277 4181 τῶν
1309 4125 1509 4197 ἰατρῶν
1529 4125 1710 4188 αὐτοῖς
1737 4123 1922 4195 ὀρεγό·

348 4243 507 4298 μενα.
558 4224 678 4280 Κᾶν
725 4223 1012 4294 ἐπίπληξις
1051 4221 1300 4290 γένηται,
1349 4217 1774 4290 χαλεπαίνομεψ
1823 4216 1923 4269 κᾶν

347 4315 683 4386 τραχυτέρου
722 4314 1041 4385 ἀκούσωμεν
1077 4313 1354 4383 ῥήματος,
1387 4308 1920 4380 δυσανασχετοῦμεν·

350 4407 455 4461 κᾶν
482 4405 915 4460 ἀποκλεισθῶσιν
947 4407 1076 4476 ἡμῖν
1108 4401 1397 4474 ἀφορισμῷ
1425 4403 1480 4456 ai
1515 4401 1674 4474 θύραι
1704 4400 1804 4471 τῆς
1836 4402 1926 4453 ἐκ-
1955 4411 2002 4468 Ῑ)

349 4497 598 4568 κλησίας,
638 4495 1087 4568 βλασφημοῦμεν.
1139 4488 1305 4557 Οὗτος
1347 4494 1405 4547 δέ
1435 4493 1534 4546 οὐκ
1568 4491 1683 4544 ἔστι
1721 4489 1926 4561 μανθα-

347 4588 546 4640 νόντων
593 4587 827 4658 τρόπος,
861 4585 981 4639 οὐδέ
1019 4584 1231 4655 ὑπακοὴ
1282 4583 1573 4654 μαθητῶν,
1620 4582 1754 4636 ἀλλὰ
1802 4598 1929 4635 στα-

351 4677 587 4731 σιαστῶν
607 4677 703 4731 καὶ
725 4676 1047 4749 μαχομένων
1070 4676 1389 4745 φιλονεικία.
1417 4674 1633 4728 Παιδίου
1650 4674 1758 4744 γάρ
1776 4673 1928 4737 τάξιν

347 4770 377 4822 ὁ
410 4769 656 4841 μαθητὴς
688 4769 907 4839 ἐπέχειν
950 4768 1185 4838 ὀφείλει,
1214 4768 1273 4831 ὃς
1318 4767 1511 4838 τέχνης
1543 4766 1576 4837 ἢ
1620 4767 1929 4837 ἐπιστήμης

346 4861 677 4932 ἐπιθυμήσει
708 4862 836 4932 μιᾶς
859 4860 966 4914 τῶν
1001 4859 1197 4925 ἔξωθεν
1220 4876 1235 4892 ·
1270 4861 1298 4914 ὁ
1335 4860 1391 4912 δὲ
1423 4858 1700 4911 εὐσέϐειαν
1731 4856 1931 4911 ἁσκού·

351 4972 542 5026 μενος,
580 4954 720 5025 μετά
770 4953 1012 5017 πλείονος
1056 4955 1155 5024 τῆς
1193 4949 1513 5023 προσθήκης
1559 4945 1696 5002 εἷναι
1733 4948 1930 5020 βρέφος

349 5047 553 5116 ὀφείλει
578 5064 592 5079 ·
628 5045 816 5116 ἐπειδὴ
845 5047 938 5100 καὶ
961 5047 990 5099 ό
1017 5044 1219 5118 Κύριος
1245 5043 1460 5114 ἐκείνην
1487 5042 1585 5112 τὴν
1610 5040 1826 5111 ἡλικίαν
1856 5040 1931 5104 ὡς

349 5139 578 5210 εὐπειθῆ
604 5141 716 5202 τοῖς
745 5141 877 5210 παρ’
903 5136 1094 5191 ἑαυτοῦ
1126 5137 1368 5200 ἐπαίνοις
1401 5134 1680 5204 ἐσέμνυνε.
1711 5133 1784 5186 Τὸ
1806 5150 1935 5187 παι-

346 5231 459 5287 δίον
488 5233 672 5286 τοίνυν
713 5232 813 5284 οὐκ
851 5230 1098 5301 ἐμϐαίνει
1135 5229 1258 5292 τοὺς
1302 5227 1656 5299 χαρακτῆρας
1699 5226 1793 5280 καὶ
1835 5226 1933 5289 τὰς

346 5325 619 5396 γραμμὰς
653 5324 834 5395 ἇσπερ
872 5322 940 5377 ἂν
981 5324 1009 5375 ὁ
1046 5321 1358 5394 διδάσκαλος
1391 5319 1468 5390 τῷ
1503 5319 1655 5390 κηρῷ
1693 5319 1932 5389 ἐνσημή-

344 5435 510 5488 νηται
525 5435 538 5447 ·
571 5417 693 5471 οὐδὲ
716 5417 958 5486 στοιχεῖα
980 5415 1311 5482 καινοτομεῖ,
1335 5413 1426 5465 ὐπ’
1455 5411 1703 5478 ἐξουσίας
1723 5410 1935 5481 ἐμπλή-

1944 3078 1992 3142 C

2022 487 2142 553 tiat,
2175 504 2242 544 ex
2283 491 2452 561 signis
2475 494 2779 554 observatis
2805 507 2860 553 et
2890 510 3057 560 aestus
3085 507 3480 576 perspicimus,
3537 521 3590 565 et

2025 579 2226 637 imbres
2281 581 2496 641 futuros
2539 589 2906 656 przedicimus.
2942 593 3208 651 Praeterea
3246 597 3314 653 ad
3363 615 3427 655 ea
3469 618 3590 672 quae
3642 633 3649 640 -

2022 675 2165 724 terra
2186 674 2330 742 parit
2355 675 2618 732 rationem
2648 679 3016 750 admoventes,
3045 695 3271 745 naturas
3295 689 3586 747 herbarum

2021 766 2414 835 perquirimus,
2443 777 2496 824 et
2521 770 2662 826 hanc
2686 775 2876 829 saucio
2900 779 3190 833 salutarem
3219 781 3585 850 decernimus,

2021 854 2250 909 alteram
2279 873 2473 914 somno
2496 876 2606 915 non
2631 864 2923 920 dormienti
2947 869 3292 925 conciliando
3311 873 3582 940 idoneam,

2021 946 2183 1001 aliam
2216 949 2450 1018 jecinori
2484 956 2753 1019 sanando,
2794 965 2848 1011 ct
2882 959 3041 1013 aliam
3092 961 3252 1018 lienis
3283 967 3588 1022 tumoribus

2019 1039 2465 1108 comprimendis.
2517 1041 2720 1100 Omitto
2774 1049 3068 1116 scientias,
3129 1061 3274 1109 artes
3315 1056 3585 1126 relinquo,

1983 1191 1986 1193 Α
2020 1137 2135 1184 tum
2167 1135 2544 1202 necessarias,
2591 1146 2705 1192 tum
2750 1156 2872 1210 quae
2910 1141 2975 1195 ad
3013 1143 3240 1201 delicias
3270 1147 3590 1218 omnigcnas

2021 1223 2276 1291 attinent,
2305 1226 2518 1282 varium
2555 1245 2773 1300 quoque
2797 1234 3104 1289 studiorum
3155 1240 3365 1292 orbem.
3418 1239 3590 1295 Caete—

2022 1326 2142 1366 rum
2174 1313 2280 1369 tale
2311 1317 2536 1383 animal,
2587 1321 2844 1389 sapiens,
2893 1323 2959 1378 ad
3000 1325 3268 1394 agendum
3313 1327 3589 1392 idoneum,

2020 1403 2376 1475 laboriosum,
2411 1412 2677 1466 memoria
2705 1415 2914 1480 valens,
2946 1418 3202 1487 quodque
3229 1420 3372 1488 quod
3403 1421 3490 1474 hic
3537 1429 3589 1474 et

2020 1511 2142 1566 qum
2177 1498 2305 1554 alibi
2346 1509 2475 1556 sunt
2500 1504 2698 1570 cernit,
2731 1506 2859 1574 quia
2899 1508 3066 1564 variis
3097 1510 3469 1580 voluptatibus
3526 1529 3589 1568 ac

2021 1589 2254 1647 diversis
2288 1592 2570 1649 aﬂectibus
2610 1596 3023 1668 circumagitur,
3055 1601 3219 1658 unius
3255 1603 3334 1658 rei
3365 1609 3590 1674 penuria

2024 1680 2254 1750 laborat,
2286 1699 2430 1740 verae
2462 1686 2680 1742 vivendi
2712 1690 2961 1758 rationis,
2995 1703 3048 1746 et
3088 1709 3202 1748 sua:
3241 1696 3413 1766 ipsius
3446 1699 3592 1754 salu-

2024 1773 2116 1840 tis;
2148 1782 2313 1844 atque
2339 1776 2432 1846 qui
2464 1779 2609 1835 aeris
2630 1784 3085 1839 commutationes
3115 1785 3366 1855 intueris,
3405 1804 3590 1845 resur-

2023 1865 2460 1944 rectionemjnon
2497 1871 2689 1940 vides;
2747 1874 2840 1942 qui
2897 1890 3162 1931 annorum
3200 1883 3590 1939 conversiones

2022 1953 2187 2020 nosti,
2221 1943 2343 2011 vitai
2373 1958 2728 2014 mutationem
2759 1976 2868 2016 non
2920 1965 3137 2031 cernis;
3171 1968 3262 2036 qui
3304 1983 3333 2022 a
3389 1969 3590 2026 famulo

2023 2049 2117 2099 tuo
2145 2044 2510 2102 administrati
2539 2051 2800 2106 rationem
2832 2055 3028 2125 exigis,
3058 2056 3254 2114 iudicis
3290 2070 3341 2114 et
3377 2059 3593 2116 Domini

2022 2143 2346 2204 potestatem
2382 2144 2709 2199 contemnis.

2092 2228 2240 2286 llaec-
2257 2233 2375 2303 ejus
2401 2249 2508 2289 non
2542 2237 2785 2308 suntqui
2816 2239 3024 2295 ratione
3068 2243 3325 2310 praeditus
3357 2252 3461 2308 est,
3495 2247 3588 2302 sed

2021 2328 2140 2398 ejus
2167 2331 2260 2400 qui
2292 2331 2561 2387 rationem
2587 2334 2641 2388 in
2696 2335 2967 2391 insaniam
2997 2340 3284 2395 convertit.
3312 2338 3588 2395 Justitiam

2021 2434 2130 2474 non
2163 2421 2463 2488 meditaris,
2501 2425 2762 2480 virtutem
2795 2442 2904 2481 non
2929 2427 3191 2494 addiscis,
3226 2432 3587 2500 precationem

2020 2511 2286 2582 negligis:
2322 2513 2481 2582 cujus
2513 2515 2591 2570 rei
2622 2516 2912 2574 hesternus
2945 2520 3148 2576 indicio
3178 2521 3294 2578 dies
3319 2531 3421 2579 est.
3455 2523 3588 2589 Qui-

2021 2600 2123 2657 bus
2161 2603 2306 2657 enim
2365 2606 2539 2662 oculis
2599 2607 2742 2662 diem
2797 2610 3141 2666 Dominicum
3197 2613 3448 2679 intueris,
3495 2616 3589 2686 qui

2024 2691 2322 2749 Sabbatum
2355 2697 2742 2756 dedecorasti?
2768 2700 2853 2756 An
2885 2702 2985 2758 hos
3017 2705 3199 2761 nescis
3229 2705 3346 2760 dies
3374 2721 3588 2776 germa-

2021 2799 2123 2842 nos
2147 2787 2309 2842 esse?
2341 2788 2419 2842 Ac
2448 2790 2494 2844 si
2522 2790 2577 2844 in
2627 2792 2857 2848 alterum
2889 2794 3127 2864 injurius
3157 2797 3254 2860 sis,
3287 2805 3338 2852 te
3367 2799 3420 2852 in
3453 2799 3590 2852 alte-

2022 2892 2143 2931 rum
2177 2877 2520 2949 impingere?
2548 2880 2628 2936 Tu
2661 2884 2861 2940 mentis
2889 2893 2944 2940 et
2975 2886 3206 2942 rationis
3228 2903 3452 2958 compos
3480 2904 3588 2944 non

2023 2967 2276 3038 provides
2301 2971 2432 3040 quid
2485 2971 2677 3029 deceat
2707 2984 2761 3029 et
2816 2976 3109 3044 conducat,
3163 2994 3264 3034 nec
3325 2980 3592 3036 concinne

2022 3064 2129 3112 tum
2157 3073 2347 3115 curam
2385 3063 2532 3132 geris
2560 3064 3011 3135 immortalitatis,
3056 3084 3158 3125 nec
3216 3078 3365 3125 tuam
3417 3073 3587 3127 inter-

2021 3149 2190 3220 pellas
2216 3159 2465 3208 naturam
2499 3155 2752 3224 quisnam
2784 3158 2881 3226 sis,
2911 3167 2966 3213 et
2985 3159 3113 3230 quid
3146 3161 3213 3217 de
3239 3169 3291 3217 te
3321 3161 3435 3216 ﬁeri
3470 3179 3594 3232 pos-

2022 3241 2123 3307 sit,
2154 3245 2250 3300 sed
2298 3257 2506 3312 ventre,
2544 3249 2788 3317 libidine,
2827 3252 2962 3316 otio,
2993 3266 3056 3307 ac
3115 3268 3331 3320 somno,
3390 3253 3481 3309 Dei
3543 3265 3594 3310 et

2022 3333 2392 3395 benefactoris
2421 3340 2625 3396 donum
2674 3343 2884 3412 prodis,
2917 3351 2974 3398 ut
3005 3344 3076 3400 sit
3107 3346 3299 3401 inutile
3353 3346 3471 3410 tibi,
3508 3348 3595 3400 in-

2021 3431 2368 3486 commodum
2391 3439 2446 3486 et
2477 3432 2658 3488 inane.
2705 3431 3046 3503 Turpissima
3080 3435 3195 3490 haec
3249 3451 3337 3491 res
3381 3445 3484 3496 est,
3544 3445 3595 3491 et

2018 3521 2297 3589 juvenilis,
2330 3522 2382 3577 id
2413 3531 2497 3578 est
2527 3524 2679 3579 stulti
2707 3524 2897 3589 animi,
2941 3532 2995 3579 et
3047 3527 3199 3596 gravi
3247 3527 3595 3580 accusatione

2024 3611 2208 3682 digna.
2239 3612 2415 3668 Minus
2450 3621 2629 3668 autem
2663 3614 2865 3668 malum
2923 3621 3088 3680 esset,
3124 3615 3166 3669 si
3199 3630 3298 3670 nos
3339 3616 3594 3670 intrinse-

2024 3715 2122 3756 cus
2159 3710 2214 3756 et
2241 3716 2272 3755 a
2308 3702 2467 3757 nobis
2495 3702 2629 3772 ipsis
2660 3684 2792 3772 quid
2821 3703 3100 3773 expediret
3133 3719 3242 3758 non
3276 3705 3594 3774 intelligen-

2025 3801 2129 3859 tes,
2190 3807 2315 3848 cum
2347 3793 2485 3849 alius
2516 3795 2658 3864 quod
2692 3793 2815 3848 usui
2858 3795 2930 3849 sit
2977 3793 3216 3857 adducit,
3256 3795 3305 3849 ei
3351 3793 3592 3849 credere-

2024 3898 2168 3939 mus.
2203 3883 2260 3937 ιιι
2308 3900 2438 3939 vero
2468 3899 2578 3940 non
2625 3885 2788 3939 habet
2828 3884 2923 3949 ita,
2958 3885 3052 3941 sed
3089 3885 3252 3940 etiam
3312 3886 3466 3942 valde
3498 3901 3596 3941 nos

2024 3975 2299 4044 magistris
2327 3983 2382 4031 et
2411 3975 2729 4032 doctoribus
2759 3976 3128 4048 indignamur,
3167 3991 3232 4032 ac
3267 3993 3464 4033 eorum
3503 3976 3603 4032 ad-

2026 4068 2380 4122 monitionem
2411 4083 2554 4136 aegre
2591 4067 2852 4134 ferimus,
2891 4076 2946 4122 et
2988 4069 3236 4124 consiliis
3286 4084 3596 4139 gravamur.

2026 4157 2365 4215 Nauseamus
2391 4174 2519 4213 vero
2548 4159 2614 4214 ad
2640 4174 2820 4214 rerum
2846 4159 3197 4215 honestarum
3226 4161 3594 4230 disciplinam,

2026 4251 2251 4323 perinde
2301 4265 2365 4306 ac
2410 4251 2598 4322 aegroti
2646 4252 2827 4306 cibum
2879 4251 3219 4307 fastidientes
3252 4251 3322 4305 ad
3375 4252 3597 4321 opsonia

2029 4359 2149 4414 qua:
2174 4344 2282 4399 illis
2336 4343 2533 4399 medici
2597 4343 2904 4415 porrigunt.
2963 4345 3041 4400 Ac
3077 4345 3122 4400 si
3155 4345 3279 4414 quis
3336 4345 3597 4412 increpet,

2029 4438 2422 4493 exacerbamur
2451 4457 2465 4506 ;
2498 4438 2543 4492 si
2575 4438 2826 4507 asperius
2862 4439 3084 4493 verbum
3117 4437 3424 4499 audiamus,
3460 4436 3600 4490 indi-

2029 4546 2306 4602 gnamur;
2351 4531 2508 4602 sique
2566 4532 2727 4587 nobis
2789 4531 2855 4585 ad
2902 4531 3302 4602 separationem
3357 4529 3601 4584 ecclesia:

2033 4622 2179 4679 fores
2208 4622 2559 4688 obscrantur,
2598 4623 2665 4678 ad
2697 4623 2946 4678 convicia
2982 4622 3230 4687 feriatur,
3264 4636 3327 4674 ac
3351 4621 3602 4688 blasphe-

2033 4728 2267 4770 mamus.
2294 4713 2334 4766 li
2367 4730 2474 4769 non
2508 4723 2635 4769 sunt
2674 4714 3002 4769 discentium
3033 4727 3234 4778 mores,
3264 4726 3439 4780 neque
3481 4711 3603 4764 obe-

2033 4805 2235 4860 dientia
2268 4804 2687 4874 discipulorum,
2730 4805 2827 4860 sed
2877 4803 3264 4859 seditiosorum
3315 4809 3368 4856 et
3397 4815 3602 4870 pugna-

2033 4897 2178 4951 cium
2208 4896 2506 4951 contentio.
2529 4895 2701 4951 Puelli
2729 4896 2874 4951 enim
2899 4895 3072 4950 vice'm
3095 4892 3398 4961 discipulus
3421 4890 3605 4947 subire

2034 4989 2215 5052 debet,
2247 4988 2340 5058 qui
2371 4994 2542 5042 artem
2570 4988 2653 5041 vel
2685 4989 2971 5043 scientiam
3003 4987 3240 5056 aliquam
3268 4984 3335 5038 de
3363 4984 3604 5039 externis

2036 5080 2428 5136 desideraverit
2459 5099 2470 5134 :
2502 5080 2594 5150 qui
2629 5095 2756 5134 vero
2787 5080 3041 5148 pietatem
3075 5077 3390 5142 meditatur,
3413 5075 3604 5143 majori

2036 5187 2161 5226 cum
2195 5172 2516 5227 accessione
2548 5170 2730 5226 infans
2759 5187 2880 5227 csse
2907 5171 3067 5226 debet
3096 5189 3108 5224 :
3139 5168 3440 5240 praasertim
3475 5182 3604 5221 cum

2036 5266 2197 5321 ctiam
2227 5263 2489 5319 Dominus
2517 5264 2662 5316 illam
2684 5270 2895 5317 aetatem
2927 5262 3092 5316 veluti
3133 5261 3200 5314 ad
3245 5258 3606 5316 ohediendum

2039 5365 2283 5428 paratam
2339 5355 2454 5410 suis
2527 5353 2701 5422 ipsius
2770 5352 3024 5406 laudibus
3083 5352 3376 5407 ornaverit.
3441 5349 3608 5419 Atqui

2043 5451 2257 5523 puellus
2283 5463 2390 5504 non
2425 5447 2660 5517 insurgit
2708 5445 2760 5498 in
2790 5445 3138 5500 characteres
3196 5451 3250 5498 et
3283 5444 3608 5497 lineamenta

2041 5559 2160 5613 (line
2210 5550 2512 5612 praeceptor
2563 5541 2617 5593 in
2658 5553 2783 5593 cera
2843 5537 3208 5606 inscripserit,
3263 5551 3438 5602 neque
3475 5549 3617 5586 nova

2047 5640 2266 5694 molitur
2295 5637 2583 5701 elementa,
2617 5632 2822 5705 aliquid
2867 5631 2993 5686 novi
3043 5631 3097 5684 in
3147 5628 3340 5684 litteris
3396 5627 3618 5680 licentia

345 5527 483 5564 κτου
529 5507 848 5580 νεωτερίζον
893 5507 1018 5576 περὶ
1058 5503 1126 5559 τὰ
1170 5505 1502 5575 γράμματα·
1543 5502 1677 5556 ἀλλά
1712 5501 1935 5574 πρώτην

351 5599 455 5669 μέν
494 5600 562 5667 τῇ
592 5595 816 5669 γραφίδι
857 5598 970 5658 τοῖς
1015 5591 1108 5649 τοῦ
1142 5592 1462 5647 διδασκάλου
1495 5591 1686 5654 τύποις
1721 5593 1938 5644 ἐνασκεῖ

345 5691 448 5761 τὴν
480 5693 672 5762 χεῖρα·
711 5688 943 5759 ὀνόματα
972 5687 1027 5741 δὲ
1058 5687 1158 5741 οὐκ
1189 5684 1322 5742 ἄλλα
1355 5688 1463 5749 τοῖς
1503 5685 1784 5749 στοιχείοις
1817 5684 1936 5737 ἐπιη
