4034 6132
504 246 605 302 διι

1772 271 1829 329 S.
1864 274 2194 336 GREGORII
2230 282 2273 336 Ν
2282 282 2499 342 YSSEN
2507 287 2524 341 Ι

503 361 700 419 stolida
757 374 1051 437 attentans,
1103 376 1195 431 sed
1251 379 1479 454 primam
1533 386 1761 459 graphio
1810 392 1864 446 in
1920 398 2049 451 ηοιίε

503 459 852 498 nmnnnlnric
877 476 1092 498 mrmnm
1124 480 1335 498 τινι-ιη..
1397 477 1613 498 .......:_-
1660 496 1715 498 ___
1744 497 1775 498 η
1994 488 2028 498 ..

2169 399 2337 470 λέγει,
2372 404 2485 458 ἀλλ’
2516 405 2660 479 ἅπερ
2705 408 2938 481 ἤκουσε·
2976 415 3136 470 παντὶ
3165 418 3221 472 δὲ
3256 420 3444 496 τρόπῳ
3487 425 3583 481 καὶ
3612 412 3751 498 λόγῳ

503 459 852 526 praeceptoris
876 476 1093 526 manum
1124 480 1361 539 exercet,
1397 477 1621 533 nomina
1660 496 1791 538 vero
1820 499 1928 540 non
1959 488 2067 543 alia

502 555 566 593 ex
610 544 893 605 elementis
940 552 1148 623 colligit
1197 573 1359 628 quam
1411 578 1474 619 ea
1513 582 1635 636 qua:
1686 570 1916 641 audivit,
1970 575 2067 637 sed

501 634 650 686 omni
683 637 861 702 modo,
904 644 1117 700 ratione
1146 662 1210 702 ac
1243 665 1404 719 opera
1437 658 1684 727 magistri
1718 662 2066 721 traditionem

500 721 764 781 imitatur.
798 729 952 795 Quod
983 736 1028 790 si
1064 742 1282 807 quando
1311 721 1673 818 negligentius
1711 755 1841 824 quid
1872 759 2063 827 egerit,

499 814 644 869 cutis
706 818 826 887 ejus
862 825 1184 886 verberibus
1240 835 1525 905 alliciatur,
1566 844 1739 915 plagis
1771 857 2066 906 contumax

500 918 608 957 non
643 906 892 976 eﬂicitur,
932 932 1108 988 neque
1139 924 1428 992 perfractis
1480 906 1694 990 tabellis
1746 952 1776 991 a
1808 941 2066 1010 magistro

497 994 632 1060 abit,
662 998 757 1054 sed
794 1003 1110 1075 aliquandiu
1140 1013 1315 1071 dolori
1342 1034 1556 1080 amaras
1588 1024 1862 1086 instillans
1892 1032 2065 1103 lacry‘

498 1102 637 1153 mas,
669 1092 976 1166 disciplinis
1008 1104 1352 1177 adhrerescit,
1382 1123 1740 1188 versaturque
1771 1123 1950 1178 acrior
2009 1126 2064 1180 in

498 1181 872 1253 meditatione,
904 1206 1012 1247 non
1040 1203 1218 1252 autem
1249 1203 1606 1279 negligentior
1652 1181 1853 1266 evadit.
1914 1215 2063 1272 Alias

497 1284 714 1328 rursum
750 1277 795 1332 si
832 1287 1088 1353 tanquam
1123 1287 1340 1357 juvenis
1386 1277 1451 1349 ac
1488 1313 1665 1357 novus
1719 1318 1912 1373 parum
1949 1323 2062 1363 rem

496 1370 672 1424 curet,
710 1378 742 1422 a
783 1366 921 1425 cibis
967 1373 1246 1433 abstinere
1291 1381 1535 1452 iubetur,
1585 1396 1639 1443 et
1693 1366 1857 1448 famis
1898 1410 2060 1464 pmna

498 1463 718 1522 propter
748 1462 1054 1520 socordiam
1097 1467 1426 1531 damnatur:
1482 1492 1762 1548 permanet
1817 1502 1947 1543 vero
2004 1490 2060 1544 in

499 1543 626 1598 ludo
647 1547 810 1604 etiam
844 1555 1016 1622 solus,
1050 1559 1171 1617 aliis
1209 1565 1275 1619 ad
1328 1543 1617 1637 prandium
1651 1574 2059 1638 discedentibus

497 1733 679 1782 autem
711 1744 819 1787 non
850 1735 955 1800 sic,
989 1740 1080 1809 qui
1113 1745 1327 1802 audivit
1379 1757 1580 1817 tamen,
1612 1773 1631 1806 ι
1670 1754 1787 1813 Nisi
1829 1775 2058 1819 conver-
2091 1757 2131 1811 Β

494 1817 709 1882 tamiui,
766 1830 821 1879 et
869 1830 1025 1896 quasi
1077 1835 1239 1901 puelli
1296 1838 1470 1904 ﬁalis,
1532 1861 1641 1901 non
1691 1848 1966 1909 intrabitis
2002 1855 2058 1910 in

494 1919 721 1976 regnum
748 1913 1011 1971 cmlorum
1041 1921 1079 1974 ¹.
1118 1940 1138 1972 θ
1185 1923 1290 1980 Sed
1321 1930 1367 1983 si
1410 1934 1628 2000 quando
1680 1941 1929 2009 asperius
1971 1960 2059 2000 sa~

490 1997 763 2060 cerdotem
798 2008 981 2079 specie
1021 2026 1085 2067 ac
1114 2029 1246 2071 voce
1278 2022 1637 2093 corrigentem
1664 2041 1905 2088 erratum
1936 2052 2059 2106 per-

490 2090 714 2159 ceperit,
761 2096 937 2163 palam
980 2107 1328 2175 contradicit,
1378 2090 1448 2169 et.
1479 2116 1621 2173 inter
1664 2121 1856 2181 dentes
1906 2090 2058 2182 niur-

494 2190 696 2248 murat,
726 2192 778 2240 et
814 2189 1143 2253 circumiens
1168 2196 1341 2255 forum
1365 2219 1427 2259 ac
1455 2207 1662 2276 plateas
1696 2216 2053 2275 conviciatur.

490 2268 554 2324 Et
578 2273 624 2326 si
655 2275 724 2329 ab
754 2281 990 2338 ecclesia
1022 2288 1364 2359 excludatur,
1396 2299 1696 2358 orationem
1730 2311 2052 2375 contemnit,

490 2377 548 2416 se
580 2378 704 2419 cum
738 2381 766 2421 a
797 2373 1017 2444 populo,
1048 2382 1163 2433 tum
1195 2397 1225 2435 a
1263 2389 1536 2455 mysteriis
1575 2393 1695 2449 sine
1744 2397 1852 2451 ulla
1886 2400 2052 2456 dissi-

487 2454 783 2514 mulatione
838 2462 1155 2535 abducens;
1220 2454 1330 2529 aut,
1351 2474 1492 2533 forte
1557 2497 1627 2538 ne
1671 2484 1799 2541 huic
1834 2490 2052 2559 quidem

492 2546 756 2615 mppliclo
819 2552 1093 2622 addictus,
1127 2576 1186 2616 se
1215 2564 1284 2619 ab
1333 2570 1565 2625 ecclesia
1607 2546 1912 2648 submovet,
1972 2583 2052 2639 ira

485 2643 674 2691 contra
706 2645 1021 2716 episcopum
1047 2662 1378 2721 commotus,
1404 2675 1466 2715 ac
1494 2661 1661 2719 Deum
1687 2676 1740 2722 et
1762 2669 2048 2730 Dominum

485 2736 790 2784 aversatus.
853 2731 960 2788 Sed
1021 2738 1294 2807 ejusmodi
1364 2746 1571 2805 homini
1626 2755 1915 2814 dicendum
1968 2776 2052 2820 est

484 2815 630 2879 quod
664 2816 853 2885 Paulo,
880 2835 1003 2878 cum
1027 2826 1205 2886 adhuc
1240 2832 1440 2892 Saulus
1470 2850 1637 2909 esset,
1698 2846 1905 2906 dictum
1941 2861 2046 2921 est,

488 2918 510 2952 ι
538 2902 745 2960 Durum
781 2911 878 2965 tibi
908 2924 1011 2982 est,
1046 2933 1081 2971 ο
1129 2920 1314 2989 homo,
1348 2937 1539 2985 contra
1574 2934 1825 2997 stimulos
1884 2947 2049 3001 calci-

484 3000 631 3050 trare
652 2998 675 3029 ²
708 3015 721 3051 :
764 3018 784 3052 ι
818 3002 934 3059 sive
970 3020 1000 3060 a
1033 3010 1208 3081 teipso
1239 3013 1406 3072 Deum
1441 3021 1733 3094 dimiseris,
1795 3045 2045 3104 reputato

482 3085 627 3152 quod
660 3090 753 3158 qui
786 3106 815 3145 a
853 3096 967 3151 sole
1005 3099 1288 3170 sejunctus
1312 3118 1418 3175 est,
1473 3114 1528 3166 in
1563 3120 1804 3178 tenebris
1835 3085 1889 3178 ert
1918 3130 2050 3184 cali-

483 3172 609 3242 gine
650 3178 816 3235 vitam
870 3185 1054 3258 degit;
1105 3193 1221 3250 sive
1274 3172 1618 3265 orationibus
1680 3220 1739 3268 ut
1796 3216 1907 3275 indi

548 3359 696 3420 Nihil
731 3367 855 3426 falsi
882 3383 975 3430 aut
1008 3381 1276 3439 mendacii
1309 3389 1574 3462 scriptum
1600 3408 1682 3455 est
1712 3400 1765 3455 in
1809 3401 2053 3479 Evange-

480 3453 592 3521 liis,
624 3472 801 3530 neque
827 3463 1028 3523 Christi
1056 3474 1338 3541 praedictio
1359 3453 1561 3540 exitum
1594 3453 1849 3548 faliacem

476 3542 584 3599 Per
607 3545 825 3607 Petrum
864 3557 1136 3632 episcopis
1175 3565 1326 3623 dedit
1359 3572 1565 3632 clavem
1600 3583 1905 3641 caelestium
1944 3588 2048 3646 ho-

475 3649 705 3707 norum;
748 3656 984 3714 agnosce
1022 3654 1170 3722 quod
1219 3659 1455 3732 solutus,
1503 3669 1713 3730 solutus
1755 3690 1835 3739 es,
1886 3687 1941 3734 et
1978 3681 2044 3736 li-

481 3735 640 3794 gatus
678 3731 914 3791 vinculis
938 3737 1307 3805 invisibilibus
1333 3731 1668 3817 constrictus
1702 3779 1784 3819 es.
1819 3764 1874 3821 Si
1896 3771 2043 3826 oculi

474 3813 574 3866 tibi
610 3828 797 3873 essent
852 3825 1054 3893 quibus
1116 3844 1375 3891 cerneres
1428 3844 1597 3900 animi
1651 3852 2038 3927 substantiam,

475 3905 813 3927 Ant---l_..-,a_
876 3913 934 3927 -.ι
960 3915 970 3926 ι
1089 3918 1102 3927 .

1764 3905 1778 3907 -
1796 3905 1803 3906 ,

472 3905 818 3963 ostenderem
875 3913 972 3967 tibi
1010 3918 1103 3985 qui
1152 3934 1181 3974 a
1239 3934 1623 3992 communione
1677 3940 1906 4002 abactus
1957 3966 2038 4019 es,

474 3993 710 4019 munda—-
754 4002 886 4019 ΑΑ-ι
1059 4011 1092 4019 "
1302 4017 1309 4019 “

1728 3993 1906 4002 τήν-ν
1958 3993 2038 4019 νυ,

474 3993 713 4062 speciem
748 4002 1118 4074 condemnati,
1160 4017 1503 4083 gravissimis
1556 4028 1791 4090 vinculis
1828 4041 2042 4099 cervice

470 4080 737 4153 depressi,
783 4093 991 4151 nullum
1027 4104 1391 4163 membrorum
1422 4112 1650 4173 liberum
1682 4131 1776 4178 aut
1801 4128 2040 4188 solutum

470 4172 740 4233 habentis.
766 4181 947 4252 Atque
990 4189 1197 4251 utinam
1234 4211 1358 4253 cum
1399 4205 1505 4259 vita
1553 4215 1880 4283 supplicium
1928 4233 2039 4283 ter-

468 4264 812 4328 minaretur!
848 4273 1005 4333 Nunc
1033 4296 1162 4339 vero
1193 4286 1239 4340 si
1270 4291 1401 4362 quid
1432 4296 1730 4359 humanum
1770 4315 2013 4369 evenerit

462 4728 752 4793 quemdam
808 4733 981 4792 fetore
1035 4749 1089 4796 et
1136 4747 1392 4808 sordibus
1441 4761 1682 4819 carceris
1742 4775 2031 4837 notatum,

464 4816 682 4837 Δημὼ,
993 4831 1002 4837 .

462 4816 687 4885 abigunt
721 4838 839 4878 eam
869 4831 1063 4886 semita
1087 4851 1207 4907 qua:
1236 4842 1302 4895 ad
1334 4843 1475 4901 bona
1513 4850 1683 4907 ducit.
1725 4854 1841 4915 Non
1901 4877 2033 4919 con-

460 4909 659 4965 cedunt
690 4923 749 4968 ut
800 4922 1022 4979 ordines
1058 4925 1583 5007 justorumcernat,
1626 4955 1681 5001 et
1727 4953 2027 5020 angelicam

1571 5001 1581 5007 ,
1764 5001 2025 5020 δονηη...

462 5001 698 5057 laetitiam
722 5022 737 5071 ;
763 5011 959 5068 misera
1000 5033 1130 5074 vero
1158 5031 1270 5077 tum
1307 5042 1420 5082 sure
1452 5047 1511 5086 se
1557 5041 1880 5099 temeritatis
1932 5058 2025 5102 ve-

460 5090 742 5150 hementer
790 5115 1101 5173 accusans,
1153 5111 1497 5187 lugensque,
1544 5138 1607 5179 ac
1645 5128 1906 5199 plorans,
1969 5145 2024 5192 et

456 5195 677 5247 gemens
715 5189 768 5242 in
802 5191 979 5248 locum
1014 5204 1306 5282 quemdam
1350 5210 1563 5268 tristem
1630 5225 1888 5292 tanquam
1931 5242 2029 5282 an-

455 5274 640 5341 gulum
673 5280 884 5347 abjecta
918 5274 1281 5362 permanebit,
1310 5299 1459 5358 luctu
1484 5321 1761 5379 nunquam
1805 5314 2025 5375 [inituro

455 5377 519 5416 ac
571 5364 845 5426 insolabili
895 5377 951 5430 in
981 5387 1243 5441 aeternum
1286 5406 1478 5462 pmnas
1533 5399 1707 5459 luens.
1765 5425 1783 5457 ι
1843 5407 2023 5468 Nolite

454 5451 591 5519 fieri,
624 5474 643 5506 ι
680 5457 877 5530 inquit,
909 5484 928 5517 r
957 5469 1098 5526 sicut
1124 5451 1301 5547 equus
1327 5492 1381 5537 et
1412 5489 1612 5557 mulus,
1653 5496 1855 5566 quibus
1904 5518 2011 5559 non

554 5630 782 5693 ‘Matth.
815 5656 967 5710 xvm,
1003 5647 1055 5702 5.
1160 5655 1313 5711 ‘Act.
1358 5676 1433 5727 Ix,
1471 5665 1522 5724 5.

2175 493 2269 545 καὶ
2309 495 2456 566 ἔργῳ
2502 502 2747 570 μιμεῖται
2787 503 2882 557 τοῦ
2932 505 3242 580 καθηγητοῦ
3288 513 3386 585 τὴν
3415 493 3749 590 παράδοσιν.

2178 584 2273 637 Ἂν
2298 586 2354 638 δέ
2391 604 2492 641 που
2522 593 2614 644 καὶ
2653 592 2975 666 ρᾳθυμῆσαν
3007 599 3463 680 ἀποτυμπανισθῇ
3619 609 3752 664 σκύ-

2173 691 2273 739 τει,
2310 678 2371 730 οὐ
2399 677 2724 749 θρασύνεται
2752 688 2819 756 τῇ
2857 686 3073 760 πληγῇ,
3106 692 3228 745 οὐδὲ
3273 696 3372 759 τὰς
3412 677 3630 765 δέλτους
3671 700 3751 771 τῷ

2172 761 2472 836 διδασκάλῳ
2498 770 2835 842 περιρῥῆξαν
2863 775 3160 849 ἀποφοιτᾷ’
3195 781 3308 834 ἀλλ’
3351 787 3437 838 ἐπ’
3463 761 3643 856 ὀλίγον

2172 853 2422 924 ἀλγηδόνι
2458 862 2649 932 πικρὸν
2683 864 2977 931 ἐπιστάξαν
3009 868 3069 922 τὸ
3106 871 3372 944 δάκρυον,
3417 853 3599 948 ἔχεται
3641 853 3751 935 τῶν

2175 946 2531 1017 μαθημάτων,
2553 952 2646 1004 καὶ
2671 956 3063 1030 συντονώτερον
3089 964 3217 1034 περὶ
3237 965 3334 1037 τὴν
3359 946 3610 1040 μελέτην,
3632 973 3748 1026 ἀλλ’

2171 1035 2269 1090 οὐκ
2293 1038 2654 1114 ἀμελέστερον
2688 1047 2917 1114 γίνεται.
2967 1053 3186 1107 ’Ἂλλοτε
3219 1035 3380 1112 πάλιν
3411 1035 3748 1135 ὀλιγωρήσας

2169 1127 2245 1189 ὡς
2272 1129 2410 1194 νέος,
2448 1134 2725 1191 κελεύεται
2753 1139 2932 1208 μένειν
2961 1143 3238 1211 ἀπόσιτος,
3264 1151 3360 1204 καὶ
3388 1151 3467 1223 τῷ
3489 1152 3630 1225 λιμῷ
3649 1157 3748 1225 τὴν

2172 1218 2444 1291 ῥᾳθυμίαν
2482 1225 2921 1294 καταδικάζεται.
2966 1234 3279 1306 Παραμένει
3306 1241 3363 1293 δὲ
3391 1218 3466 1313 τῶ
3494 1218 3739 1299 διδασκα·

2169 1313 2296 1385 λείῳ
2328 1308 2428 1369 καὶ
2463 1318 2640 1388 μόνος,
2680 1322 2788 1376 τῶν
2826 1326 3003 1381 ἄλλων
3036 1329 3242 1385 παίδων
3275 1308 3747 1407 ἀναχωρησάντων

2171 1405 2256 1457 ἐπ’
2306 1406 2544 1477 ἄριστον,
2593 1413 2777 1483 τηρῶν
2832 1417 2895 1470 τὸ
2960 1420 3287 1493 πρόσταγμα
3343 1426 3440 1481 σὺν
3468 1405 3748 1503 εὐλαϐείᾳ

2171 1495 2359 1568 πολλῇ.
2422 1500 2481 1553 Ὁ
2531 1503 2855 1574 Χριστιανὸς
2901 1507 2957 1562 δὲ
3007 1511 3105 1581 οὐχ
3157 1512 3352 1580 οὕτως,
3400 1520 3429 1571 ό
3481 1495 3743 1586 ἀκούσας,

2174 1604 2195 1639 ι
2237 1588 2332 1641 Ἂν
2370 1592 2442 1663 μὴ
2482 1597 2756 1666 στραφῆτε
2795 1600 2889 1652 καὶ¹
2932 1601 3163 1674 γένησθε
3210 1606 3286 1670 ὡς
3327 1609 3395 1662 τὰ
3442 1611 3650 1676 παιδία,
3681 1613 3744 1667 ού

2172 1678 2245 1748 μὴ
2272 1679 2547 1754 εἰσέλθητε
2580 1687 2662 1751 είς
2688 1687 2786 1759 τὴν
2812 1692 3090 1760 βασιλείαν
3118 1695 3227 1751 τῶν
3250 1698 3489 1769 οὐρανῶν
3514 1719 3529 1733 ο
3565 1722 3584 1755 ι
3628 1703 3743 1760 ἀλλ’

2159 1771 2286 1824 ὅταν
2329 1773 2725 1850 αὐστηρότερον
2758 1781 2842 1854 ἴδῃ
2870 1783 2963 1837 τὸν
3009 1786 3160 1858 ίερέα
3195 1790 3433 1860 σχήματι
3463 1794 3556 1846 καὶ
3586 1798 3739 1868 φωνῇ

2159 1863 2535 1935 διορθούμενον
2566 1869 2627 1923 τὸ
2667 1872 3066 1947 πλημμέλημα,
3118 1882 3415 1950 προφανῶς
3445 1863 3737 1956 ἀντιλέγει,

2158 1955 2250 2009 καὶ
2273 1956 2364 2008 ὑπ’
2394 1958 2582 2014 ὀδόντα
2609 1965 2887 2032 γογγύςει,
2916 1971 3008 2022 καὶ
3035 1974 3368 2042 περινοστῶν
3395 1975 3494 2047 τὴν
3524 1976 3740 2067 ἀγορὰν

2157 2050 2251 2103 καὶ
2277 2051 2344 2104 τὰ
2377 2051 2594 2121 ἄμφοδα
2626 2053 2964 2128 λοιδορεῖται.
2998 2059 3115 2115 Κᾶν
3144 2062 3245 2132 τῆς
3277 2050 3567 2137 ἐκκλησίας
3595 2050 3738 2124 ἀπο-

2156 2140 2401 2212 κλεισθῇ,
2451 2150 2785 2217 καταφρονεῖ
2824 2153 2922 2222 τῆς
2954 2152 3147 2224 εὐχῆς,
3180 2155 3597 2229 ἁπροσποιήτως
3636 2161 3735 2215 τοῦ

2154 2230 2282 2286 λαοῦ
2335 2234 2430 2286 καὶ
2467 2235 2574 2287 τῶν
2622 2240 2936 2312 μυστηρίων
2976 2244 3450 2317 ἀποτεμνόμενος*
3489 2250 3521 2323 ἢ
3569 2252 3737 2323 τυχὸν

2153 2322 2273 2375 οὐδὲ
2306 2323 2628 2394 ὑποϐληθείς
2658 2328 2826 2402 ταύτῃ
2872 2335 2941 2404 τῇ
2987 2336 3245 2408 τιμωρίᾳ,
3277 2340 3467 2394 ἑαυτὸν
3505 2322 3606 2413 τῆς
3635 2322 3737 2398 ὲκ-

2153 2408 2380 2480 κλησίας
2408 2413 2633 2483 ἀπάγει,
2671 2415 2760 2470 διά
2789 2419 2887 2487 τὴν
2917 2421 3085 2494 ὀργὴν
3109 2425 3209 2497 τὴν
3241 2429 3376 2500 πρὸς
3398 2431 3486 2484 τὸν
3510 2408 3737 2487 ἐπίσκο-

2152 2517 2273 2566 πον,
2323 2502 2418 2555 καί
2460 2502 2551 2556 τὸν
2594 2503 2726 2559 Θεὸν
2773 2509 2865 2562 καὶ
2916 2512 3191 2585 Δεσπότην
3237 2518 3732 2593 ἀποστρεφόμενος.

2149 2590 2380 2647 Λεκτέον
2412 2595 2468 2648 δὲ
2495 2597 2572 2667 τῷ
2600 2599 2823 2671 τοιούτῳ
2853 2602 2909 2657 τὸ
2936 2605 3072 2677 πρὸς
3101 2609 3309 2665 Παῦλον
3336 2590 3737 2686 λεχθὲνξὴνίκα

2150 2681 2229 2736 ἔτι
2261 2683 2463 2748 Σαῦλος
2488 2687 2769 2760 ἐτύγχανε·
2800 2711 2821 2745 r
2862 2694 3102 2767 Σκληρόν
3142 2716 3243 2765 σοι,
3279 2681 3553 2773 ἄνθρωπε,
3588 2681 3737 2776 πρὸς

2149 2772 2350 2845 κέντρα
2376 2775 2670 2841 λακτίζειν.
2715 2799 2735 2833 ι
2770 2783 2892 2837 Εἴτε
2930 2786 3038 2839 άπὸ
3073 2790 3269 2844 σαυτοῦ
3300 2772 3393 2848 τὸν
3415 2793 3549 2848 Θεὸν
3584 2772 3737 2868 ἀφῆο

2148 2880 2268 2928 κας,
2304 2864 2516 2935 λόγισαι
2549 2869 2631 2923 ὅτι
2664 2873 2693 2924 ὁ
2723 2871 2820 2926 τοῦ
2848 2875 2997 2946 ἡλίου
3039 2878 3420 2951 χωριζόμενος,
3451 2884 3510 2938 ὲν
3545 2864 3735 2940 σκότει

2146 2955 2240 3007 καὶ
2268 2953 2415 3027 ζόφῳ
2435 2957 2610 3029 διάγει
2636 2961 2726 3016 τὸν
2769 2963 2883 3034 βίον
2906 2982 2921 2997 ·
2943 2967 3052 3021 εἴτε
3075 2969 3395 3044 ἀπεϐλήθικ
3417 2974 3525 3027 τῶν
3549 2976 3734 3048 εὐχῶν

2146 3045 2223 3111 ὡς
2265 3047 2503 3116 ἀνάξιος,
2556 3053 2883 3111 ἀνακάλεσαι
2931 3062 2998 3131 τῇ
3053 3063 3312 3136 μετανοίᾳ
3356 3064 3468 3137 τήν⁵
3500 3045 3734 3140 πρώτην

2078 3117 2122 3178 C
2154 3138 2504 3196 κατάστασιν.

1912 3236 2052 3292 gnus
2090 3225 2415 3291 interdictas
2462 3236 2560 3303 sis,
2635 3253 2733 3309 per
2769 3242 3146 3312 paenitentiam
3220 3246 3458 3316 primum
3515 3255 3729 3307 statum

2219 3411 2387 3469 Οὐδὲν
2448 3416 2640 3487 ψεῦδος
2694 3421 2753 3475 ὲν
2805 3423 3150 3494 Εὐαγγελίοις
3205 3431 3545 3500 γέγραπται,
3602 3434 3733 3489 οὐδὲ

2149 3503 2452 3576 πρόρρησις
2492 3509 2586 3562 τοῦ
2627 3511 2863 3583 Χριστοῦ
2901 3516 3244 3590 ὲσφαλμένην
3273 3518 3385 3591 ἔχει
3432 3520 3528 3595 τὴν
3561 3522 3732 3578 ἐκσα-

2150 3610 2253 3648 σιν.
2302 3596 2401 3650 Διά
2450 3597 2656 3672 Πέτρου
2698 3601 2864 3658 ἔδωκε
2907 3609 3020 3671 τοῖς
3050 3609 3368 3675 ἐπισκόποις
3410 3613 3509 3684 τὴν
3542 3614 3731 3670 κλεῖδα

2146 3682 2253 3739 τῶν
2282 3687 2619 3759 ἐπουρανίων
2647 3692 2820 3763 τιμῶν
2841 3709 2856 3724 ⁸
2888 3696 3121 3764 γίνωσκε
3162 3699 3243 3752 ὅτι
3272 3682 3726 3771 λυθεὶςτλέλυσαι,

2150 3775 2243 3827 καὶ
2295 3776 2469 3841 δεθεὶς
2519 3782 2632 3844 τοῖς
2678 3783 2936 3855 ἀοράτοις
2974 3787 3191 3859 δεσμοῖς
3242 3794 3613 3867 κατασφίγγῃ.
3660 3797 3730 3851 Et

2148 3865 2456 3939 ὀφθαλμοὺς
2484 3866 2626 3942 εἶχες
2658 3874 2794 3946 πρὸς
2833 3876 2932 3947 τὴν
2967 3878 3154 3934 οὐσίαν
3190 3883 3289 3953 τῆς
3314 3883 3512 3955 ψυχῆς,
3547 3865 3729 3953 ἐδειξα

2148 3958 2213 4011 ἄν
2236 3976 2318 4012 σοι
2342 3961 2420 4031 τῷ
2448 3962 2811 4037 ἀφωρισμένῳ
2841 3968 3023 4039 σχῆμα
3046 3976 3530 4047 κατακεκριμένου,
3555 3977 3727 4051 βαρυ-

2147 4050 2330 4126 τάτοις
2376 4052 2595 4124 δεσμοῖς
2644 4057 2736 4109 τὸν
2787 4058 2988 4128 αὐχένα
3026 4064 3374 4134 πιεζομένου,
3408 4068 3560 4123 οὐδὲν
3610 4071 3725 4126 τῶν

2150 4116 2326 4211 μελῶν
2355 4116 2635 4217 ἐλεύθερον
2669 4147 2701 4218 ἢ
2730 4116 2915 4203 ἄνετον
2942 4116 3302 4221 ἔχοντος..Καὶ
3326 4116 3438 4213 sit):
3466 4160 3544 4231 τῷ
3565 4161 3666 4234 βίῳ
3683 4166 3720 4233 ἡ

2144 4234 2383 4305 τιμωρία
2398 4238 2768 4309 περιωρίξετοῐ
2788 4244 2901 4296 νυνὶ
2914 4242 2967 4295 δὲ
2986 4244 3093 4319 [ἂν]
3104 4245 3437 4317 ἀνθρώπινόν
3448 4268 3499 4306 τι
3512 4254 3721 4325 animi),

2019 4355 2034 4380 ,
2146 4324 2239 4375 ml.
2267 4324 2459 4397 ἀθρόον
2485 4336 2735 4405 παραστῇ
2760 4336 2792 4404 ή
2819 4336 3063 4412 τελευτὴ,
3088 4343 3164 4406 ὡς
3188 4343 3425 4413 κλέπτης
3453 4346 3510 4397 ὲν
3536 4324 3717 4411 νυκτὶ,

2021 4449 2035 4475 ,
2071 4414 2115 4471 D
2144 4413 2378 4481 γίνωσκε
2412 4419 2718 4476 κεκλεῖσθαί
2756 4442 2837 4479 σοι
2875 4427 2943 4482 τά
2975 4433 3106 4485 ἐκεῖ.
3149 4434 3457 4505 Ἐπιμελεῖς
3484 4438 3591 4490 είσι
3623 4437 3719 4490 καὶ

2148 4500 2223 4573 μὴ
2260 4506 2576 4576 παιζόμενοι
2616 4512 2665 4566 οἱ
2704 4513 2803 4584 τῆς
2843 4515 3117 4586 βασιλείας
3149 4500 3398 4595 θυρωροίο
3424 4524 3588 4594 ὁρῶσι
3613 4525 3718 4597 τὴν

2141 4592 2319 4664 ψυχὴν
2340 4596 2407 4650 τὰ
2434 4599 2526 4653 τοῦ
2553 4601 2857 4675 ἀφορισμοῦ
2885 4608 3152 4680 φέρουσαν
3175 4592 3436 4683 σύμϐολα.
3458 4592 3564 4679 ῨὭς
3590 4592 3717 4670 τινα

2140 4685 2234 4739 τοῦ
2265 4687 2635 4763 δεσμωτηρίου
2673 4698 2737 4767 τῇ
2766 4699 2907 4771 κόμῃ
2945 4703 3039 4754 καὶ
3074 4704 3152 4775 τῷ
3178 4705 3332 4777 ῥύπῳ
3370 4707 3713 4780 κατηγορούο

2141 4797 2322 4849 μενον.
2357 4785 2747 4844 ἀπελαύνουσιν
2784 4793 2948 4865 αὐτὴν
2974 4799 3073 4869 τῆς
3114 4800 3205 4852 ἐπὶ
3233 4800 3302 4853 τὰ
3342 4801 3480 4854 καλά
3511 4803 3747 4901 φερούοὶ

2141 4890 2236 4901 ---
2282 4875 2438 4901 nhs.
2481 4879 2532 4901 -.ι
2596 4900 2615 4901 κ
2816 4887 2829 4901 ,
3077 4889 3172 4901 .--
3278 4890 3290 4901 .
3395 4892 3407 4901 .

2136 4890 2236 4944 σης
2280 4875 2399 4930 ὁδοῦ
2425 4893 2438 4907 ·
2475 4879 2536 4932 ού
2587 4887 3026 4957 συγχωρήσουσιν
3075 4889 3201 4943 ἰδεῖν
3235 4890 3305 4945 τὰ
3347 4892 3601 4963 τάγματα
3630 4894 3697 4948 δι-

2136 4963 2324 5029 καίων,
2352 4968 2445 5020 καὶ
2474 4970 2769 5045 ἀγγελικὴν
2806 4976 3162 5050 εὐφροσύνην.
3210 4980 3276 5033 Ἥ
3300 4980 3355 5032 δὲ
3394 4981 3553 5035 ἀθλία
3584 4983 3710 5037 τότε
3808 4977 3825 4990 ⁸

2135 5054 2305 5109 πολλὰ
2343 5059 2442 5130 τῆς
2484 5061 2737 5129 ἀϐουλίας
2768 5067 2968 5141 ἑαυτὴν
2996 5072 3462 5145 καταμεμφομένη
3484 5112 3500 5137 ,
3536 5073 3708 5144 οἰμώ-

2132 5144 2298 5209 ξουσα
2328 5149 2383 5202 δὲ
2421 5153 2513 5205 καὶ
2546 5155 2861 5230 ὀδυρομένη,
2895 5161 2987 5215 καὶ
3017 5163 3297 5227 στένουσα,
3331 5166 3425 5217 καὶ
3458 5166 3707 5237 σκυθρω-

2131 5238 2217 5309 πῷ
2244 5257 2348 5294 τινι
2378 5243 2548 5317 τόπῳ,
2580 5242 2690 5301 οἷον
2713 5252 2884 5322 γωνίᾳ
2906 5256 3355 5326 προσερριμμένη
3382 5254 3702 5316 διατελέσει,

2128 5327 2217 5381 τὸν
2254 5330 2485 5402 ἄληκτον
2521 5335 2752 5409 ὀδυρμόν
2783 5342 2877 5395 καὶ⁵
2913 5344 3340 5415 ἀπαραμύθητον
3377 5346 3458 5408 είς
3497 5346 3702 5410 αἰῶνας

2127 5420 2431 5477 ὲκτίνουσα.
2466 5445 2484 5477 ί
2531 5427 2622 5500 Μὴ
2651 5430 2900 5498 γίνεσθε,
2940 5452 2959 5485 ι
2988 5434 3179 5505 φησιν,
3223 5453 3242 5486 ε
3284 5434 3361 5497 ὡς
3407 5436 3573 5500 ἵππος
3605 5437 3700 5538 κοιλ

2127 5512 2348 5538 .ι.Λ---.--
2422 5515 2493 5538 ,7-
2534 5536 2544 5538 μ
2566 5521 2579 5538 ο
2665 5521 2688 5538 ο
2859 5523 2871 5538 ι
3098 5527 3111 5538 ι
3304 5525 3331 5538 ει
3436 5528 3449 5538 ι
3569 5528 3585 5538 ι

2126 5512 2367 5584 ἡμίονος,
2417 5515 2495 5584 οἷς
2526 5521 2624 5574 οὐκ
2664 5521 2776 5578 ἔστι
2812 5523 3023 5589 σύνεσις
3045 5544 3058 5557 ’
3093 5527 3151 5580 ὲν
3180 5525 3340 5598 κημῷ
3366 5528 3459 5581 καὶ
3496 5526 3700 5599 χαλινῷ

3651 311 3750 366 51⁸2
3817 362 3829 376 ,
