4034 6132
347 307 446 364 315

1633 312 1722 368 DE
1762 310 2295 370 CASTIGATIONE.

3497 314 3602 370 ιλιι

348 423 437 486 τὰς
470 419 721 490 σιαγόνας
753 422 932 476 αὐτῶν
961 422 1165 492 ἄγξεις.
1203 443 1220 476 ι
1258 425 1360 478 Τὸν
1391 423 1620 496 σκληρὸν
1649 426 1678 478 6
1705 424 1917 496 ψαλμὸς

2030 430 2104 479 est
2134 424 2484 480 intellectus:
2523 426 2576 480 in
2612 440 2769 480 eamo
2805 434 2858 481 et
2891 426 3046 480 freno
3105 426 3359 482 maxillas
3413 441 3602 484 eorum

347 511 621 568 ἁπαλύνων
652 512 825 566 ταῦτά
857 531 1028 585 φησι,
1061 515 1156 568 καὶ
1202 509 1311 569 οἷον
1349 516 1512 587 ἐλαίῳ
1559 516 1918 586 ἐκμαλάσσων

344 609 454 668 ταῖς
487 605 864 676 παραινέσεσι.
903 607 1136 678 Κάμψον
1170 603 1262 661 οῦν
1291 608 1381 662 τὸν
1411 608 1633 679 αὐχένα,
1660 604 1800 673 εἶξον
1842 609 1919 672 ὡς

343 695 487 766 ζυγῷ
517 699 632 760 τοῖς
658 698 1086 768 προστάγμασι·
1123 699 1184 752 τὸ
1216 700 1450 771 σκληρὸν
1485 701 1917 771 άπορῥήγνυται,

341 788 398 839 τὸ
425 783 574 840 εἶκον
605 789 698 842 καὶ
731 789 1114 860 καμπτόμενον
1147 792 1431 861 ὀρθοῦται·
1461 794 1554 846 καὶ
1579 793 1818 846 διδάσκει
1859 810 1918 846 σε

340 879 494 932 τοῦτο
521 882 554 950 ἡ
584 881 676 933 ἐπὶ
702 885 815 945 τοῖς
857 887 1044 950 φυτοῖς
1073 887 1258 955 πεῖρα.
1290 885 1380 955 Μὴ
1407 884 1496 938 τὸν
1526 885 1740 955 χαλινὸν
1767 885 1922 939 ἐνδα-

341 971 449 1025 κὼν
472 973 720 1044 ὁρμήσῃς
747 975 838 1027 ἐπὶ
870 976 959 1028 τὸν
988 976 1232 1046 κρημνὸν
1256 1015 1270 1040 ,
1299 977 1332 1047 ἢ
1376 976 1435 1028 τὸ
1463 975 1754 1048 βάραθρον.
1785 975 1919 1030 ἀλλὰ

341 1064 656 1135 περιαχθεὶς
682 1067 773 1144 τὸν
797 1067 998 1136 αὐχένα
1021 1071 1084 1138 τῇ
1112 1069 1256 1138 χειρὶ
1277 1066 1368 1120 τοῦ
1393 1068 1682 1132 άναϐάτου,
1706 1069 1797 1120 ἐπὶ
1822 1066 1919 1138 τὴν

343 1155 616 1220 σώζουσαν
650 1157 766 1210 ὁδὸν
805 1158 1220 1230 κατευθύνθητι·
1254 1161 1380 1214 ὅταν
1410 1160 1726 1230 ἐπιτίμησιν
1767 1158 1916 1231 δέξῃ,

341 1248 458 1300 εἰπὲ
489 1249 595 1301 ἀπὸ
627 1248 886 1312 εὐλαϐοῦς
927 1250 1103 1320 ψυχῆς
1135 1251 1195 1303 τὸ
1238 1250 1544 1313 Δα6ιτικὸν,
1599 1268 1619 1300 ι
1687 1247 1921 1316 Ἀγαθὸν

344 1356 452 1409 μοι,
483 1339 563 1390 ὅτι
591 1339 959 1402 ἐταπείνωσάς
1002 1357 1090 1409 με,
1116 1341 1263 1402 ὅπως
1305 1339 1370 1392 ἂν
1407 1340 1563 1410 μάθω
1591 1339 1658 1392 τά
1699 1336 1922 1392 δικαιώ-

343 1431 490 1500 ματά
533 1448 644 1484 σου.
693 1450 712 1482 ›
763 1431 855 1502 Μὴ
902 1433 1265 1503 ἐπισκοπικῆς
1305 1433 1592 1496 αὐθαδείας
1646 1428 1785 1486 εἶναι
1829 1432 1922 1485 τὸν

339 1522 642 1594 ἁφορισμὸν
674 1522 900 1594 νομίσῃς
924 1539 939 1554 ⁶
991 1522 1241 1595 πατρῷος
1283 1526 1310 1578 6
1346 1524 1526 1594 νόμος,
1566 1523 1792 1586 παλαιὸς
1823 1524 1922 1593 τῆς

352 1614 679 1684 Ἑκκλησίας
700 1615 879 1668 κανὼν
910 1615 1016 1668 ἀπὸ
1044 1615 1137 1667 τοῦ
1153 1615 1318 1684 νόμου
1337 1614 1640 1686 ἀρξάμενος
1663 1615 1756 1667 καὶ
1784 1631 1919 1682 κρα-

338 1705 553 1768 τυνθεὶς
602 1707 660 1758 ἐν
697 1709 763 1775 τῇ
804 1707 1008 1776 χάριτι.
1049 1705 1336 1776 Θεώρησον
1388 1706 1478 1758 τὸν
1513 1706 1664 1773 ἅγιον
1708 1703 1920 1758 Παῦλον

338 1797 402 1849 δι’
434 1797 734 1851 ἐπιστολῶν
757 1799 853 1861 τάς
879 1799 1179 1867 ἀποφάσεις
1203 1798 1296 1851 τοῦ
1324 1796 1628 1867 ἀφορισμοῦ
1655 1796 1796 1849 κατὰ
1816 1795 1923 1848 τῶν

339 1890 657 1944 ὑπευθύνων
687 1891 1057 1961 ἐκπέμποντα,
1092 1892 1186 1944 καὶ
1212 1891 1302 1944 τὸν
1327 1890 1613 1960 Κορίνθιον
1643 1892 1924 1942 νεανίσκον

337 1982 415 2052 τῷ
452 1982 682 2054 τοιούτῳ
723 1983 1036 2055 ἰατρεύοντα
1088 1982 1385 2053 φαρμάκῳ,
1435 1980 1526 2033 τὸν
1571 1984 1637 2052 τῇ
1690 1981 1927 2051 μητρυιᾷ

339 2059 650 2138 σαταῗθικῶς
689 2076 1058 2145 ἐπιμανέντα·
1119 2093 1137 2126 ι
1194 2074 1289 2126 Ὃν
1333 2072 1438 2143 γὰρ
1482 2072 1672 2141 ἀγαπᾷ
1722 2071 1929 2142 Κύριος

338 2166 606 2230 παιδεύει,
641 2169 893 2237 μαστιγοῖ
924 2166 980 2218 δὲ
1012 2165 1124 2219 υἱὸν
1147 2164 1205 2217 ὃν
1234 2163 1620 2235 παραδέχεται.
1655 2183 1673 2214 ι
1713 2163 1786 2215 Οὐ
1818 2160 1926 2233 γάρ

337 2259 479 2311 εἰσιν
526 2257 584 2310 αἱ
626 2257 776 2327 ῥίζαι
804 2257 903 2326 τῆς
934 2256 1178 2318 παιδείας
1211 2255 1475 2324 γλυκεῖαι,
1513 2253 1648 2308 ἀλλὰ
1689 2253 1925 2325 πικραί·

338 2347 557 2418 καρπὸν
599 2347 656 2400 δὲ
691 2349 772 2410 είς
825 2347 1048 2416 ὕστερον
1105 2346 1460 2416 βλαστάνουσι
1497 2344 1703 2417 κηρίων
1742 2343 1928 2415 ἡδύτε-

340 2456 456 2508 ρον.
487 2439 598 2492 Καὶ
619 2437 707 2491 διὰ
735 2436 892 2490 τοῦτο
927 2435 1083 2506 χρεία
1116 2435 1193 2505 τῷ
1224 2436 1320 2506 μὲν
1348 2435 1671 2505 άσκουμένῳ
1699 2433 1794 2486 τοῦ
1831 2450 1927 2503 μο-

335 2528 513 2599 χθεῖν,
553 2527 632 2594 τῷ
664 2527 721 2579 δὲ
759 2525 1011 2579 ἀσκοῦντι
1055 2526 1147 2578 καὶ
1185 2525 1401 2596 πληγῆς
1441 2525 1535 2578 καὶ
1575 2522 1926 2594 τραχύτητος.

336 2619 453 2673 Καὶ
482 2618 562 2688 τῷ
596 2619 694 2689 μὲν
723 2617 1000 2688 Μωσαῖκῷ
1032 2617 1180 2688 νόμῳ
1209 2618 1266 2670 αἱ
1298 2617 1560 2686 τέσσαρες
1588 2614 1807 2678 δεκάδες
1841 2612 1930 2684 μέ-

336 2729 428 2782 χρι
458 2709 558 2764 νῦν
579 2711 634 2762 αἱ
661 2709 882 2780 νομικαὶ
903 2708 1009 2761 τῶν
1043 2707 1266 2778 πληγῶν
1295 2706 1722 2778 παραμένουσιν,
1760 2705 1820 2757 οὑ
1853 2703 1930 2774 τῷ

334 2799 685 2870 εὐαγγελικῷ
709 2800 765 2851 δὲ
798 2799 897 2868 βίῳ
923 2815 936 2830 ·
966 2798 1152 2868 ἐπειδὴ
1183 2798 1400 2852 πάντων
1431 2799 1458 2850 6
1486 2796 1641 2864 λόγος
1672 2796 1806 2860 ἐστὶ,
1835 2795 1929 2847 καὶ

336 2894 526 2956 ἕλεος,
559 2893 655 2946 καὶ
691 2891 904 2961 ῥάϐδος,
941 2891 1036 2944 καὶ
1071 2889 1436 2960 παράκλησις,
1485 2887 1578 2940 καὶ
1614 2886 1814 2956 πληγή.
1854 2885 1928 2938 Ού

337 2986 448 3056 γάρ
480 2983 762 3054 τύπτομέν
794 3000 856 3035 σε
885 2981 957 3044 ὡς
985 2981 1226 3050 οἰκέτην,
1249 2980 1386 3033 ἀλλὰ
1415 2976 1740 3048 παιδεύομεν
1769 2993 1827 3028 σε
1856 2975 1931 3039 ὡς

337 3076 654 3146 ἐλεύθερονθ
690 3075 772 3127 σοὶ
799 3072 908 3144 γάρ
942 3075 1006 3126 ἐκ
1041 3073 1140 3143 τῆς
1168 3072 1384 3143 Σάρῥας
1419 3070 1520 3140 τῆς
1553 3068 1839 3138 ἐλευθέρας
1871 3066 1931 3118 τὸ

336 3170 522 3238 γένος,
560 3167 660 3221 οὐκ
696 3168 759 3220 ἐκ
795 3166 894 3237 τῆς
943 3167 1125 3237 Ἀγαρ
1157 3165 1256 3234 τῆς
1289 3163 1500 3232 δούλης.
1532 3160 1836 3230 Αἱδούμεθά
1872 3176 1930 3211 σε

337 3265 414 3328 ὡς
451 3263 572 3316 υἱὸν
601 3263 701 3333 τῆς
731 3260 1020 3331 ἐλευθέρας
1040 3299 1056 3324 ,
1079 3260 1180 3312 οὐκ
1211 3257 1551 3328 ἀτιμάζομεν
1581 3256 1656 3320 ὡς
1689 3257 1933 3326 γέννημα

337 3357 440 3427 τῆς
463 3354 776 3424 παιδίσκης.
801 3352 900 3406 Διὰ
920 3352 1078 3406 τοῦτο
1099 3353 1218 3415 ταῖς
1238 3349 1564 3420 ἐλευθερίοις
1583 3350 1932 3420 ἐπιτιμήσεσι

339 3447 628 3517 λυποῦμέν
653 3463 713 3498 σε
734 3442 1175 3516 πλημμελοῦντα,
1204 3443 1263 3496 οὐ
1290 3442 1450 3512 σῶμα
1479 3433 1771 3506 ξαίνοντες,
1797 3439 1934 3494 ἀλλὰ

338 3539 524 3610 ψυχὴν
562 3537 840 3599 άνιῶντες.
882 3536 979 3588 “Av
1008 3535 1063 3587 δὲ
1093 3533 1187 3588 καὶ
1221 3532 1410 3586 τούτου
1444 3530 1780 3600 φειδώμεθα,
1816 3530 1934 3594 πῶς

341 3649 400 3684 σε
436 3629 838 3700 παιδεύσομεν;
869 3624 1393 3698 Δυσμεταχείριστὸς
1427 3625 1576 3678 ἐστιν
1608 3625 1636 3676 6
1678 3623 1932 3676 διδασκα-

339 3723 495 3787 λικὸς
529 3721 708 3790 λόγος,
739 3721 889 3790 καὶὴ
937 3717 1128 3788 ἀγωγὴ
1165 3717 1264 3785 τῆς
1295 3715 1517 3785 ἀρετῆς,
1549 3715 1645 3768 καὶ
1684 3713 1934 3784 ποικίλην

340 3816 600 3884 ἐπιζητεῖ
639 3814 738 3882 τὴν
776 3812 878 3882 τῆς
911 3809 1231 3872 ἐπιστασίας
1265 3806 1608 3874 οἰκονομίαν,
1649 3807 1759 3866 τοῖς
1796 3806 1933 3858 ὑπο-

344 3907 626 3978 κειμένοις
659 3904 842 3974 ῆθεσιν
880 3901 1074 3972 ἑαυτὴν
1123 3897 1602 3971 προσαρμόζουσα.
1650 3895 1806 3948 Ἔστι
1844 3912 1932 3958 τις

343 3999 610 4070 εὐπειθὴς
640 3999 734 4051 καὶ
760 3998 858 4066 τὴν
888 3994 1112 4064 γνώμην
1142 3993 1422 4061 εὐάγωγος
1448 4007 1462 4053 ;
1503 3989 1675 4058 τούτῳ
1698 3990 1726 4040 6
1764 3989 1937 4058 πρᾶος

345 4097 441 4149 καὶ
475 4091 686 4154 ἁπαλὸς
712 4087 943 4160 ἁρμόζει
979 4079 1156 4155 λόγος.
1192 4084 1386 4146 Ἀλλος
1416 4082 1650 4153 σκληρὸς
1684 4082 1775 4134 καὶ⁸
1809 4079 1938 4132 ἀνά-

347 4202 563 4256 γωγος;
605 4182 883 4254 μαστίγων
921 4178 1132 4250 χρῄζει.
1178 4175 1244 4229 Τί
1272 4173 1365 4228 οὖν
1404 4175 1720 4242 ποιήσομεν,
1753 4167 1937 4239 ἐπειδὴ

351 4280 583 4350 ῥάϐδους
631 4277 694 4328 οὐ
744 4269 1265 4344 μεταχειριζόμεθα;
1314 4265 1711 4335 καταλείψομεν
1774 4259 1936 4316 αὑτὸν

348 4370 724 4443 ἁπρονόητον;
758 4365 871 4434 Οὐχ
901 4363 1093 4426 οὕτως.
1148 4360 1308 4413 Ἀλλὰ
1336 4360 1427 4414 τὸν
1473 4358 1637 4412 αὐτὸν
1666 4356 1809 4426 λόγῳ
1842 4371 1938 4425 με·

2024 518 2369 589 constringes
2396 518 2438 574 ³.
2475 537 2495 572 ι
2557 518 2767 574 Durum
2829 527 2884 575 et
2925 527 3307 575 contumacem
3362 521 3604 590 psalmus

2022 609 2309 666 cmolliens
2340 611 2456 665 haec
2487 611 2586 673 ait,
2632 618 2687 665 et
2733 609 2906 665 veluti
2956 611 3077 668 oleo
3133 612 3604 667 adhortationibus

2023 700 2302 770 mitigans.
2346 699 2582 756 lncurva
2647 716 2779 770 ergo
2835 703 3129 766 cervicem,
3172 711 3439 772 prtecepta
3487 711 3604 756 tan-

2022 807 2185 862 quam
2213 793 2404 863 jugum
2437 793 2582 848 subi.
2629 793 2787 859 Quod
2821 793 3020 847 durum
3068 802 3152 850 est
3196 793 3604 864 confringitur;

2025 885 2170 954 quod
2204 886 2350 940 cedit
2379 896 2432 941 et
2468 885 2728 948 ﬂectitur,
2764 895 2976 940 rectum
3008 885 3281 952 cllicitur;
3342 885 3490 955 quod
3553 893 3606 940 te

2025 979 2189 1032 etiam
2223 977 2279 1031 in
2313 978 2516 1046 plantis
2548 978 2882 1047 experientia
2916 979 3096 1032 docet.
3133 977 3212 1032 Ne
3264 978 3420 1032 freno
3472 977 3606 1032 den-

2028 1070 2180 1125 tibus
2219 1085 2540 1140 compresso
2570 1070 2806 1140 rapiaris
2834 1071 2887 1123 in
2942 1054 3327 1139 praecipitium,
3383 1077 3477 1122 aut
3511 1070 3606 1124 ba-

2025 1163 2296 1228 rathrum,
2326 1163 2420 1217 sed
2449 1163 2865 1217 accommodata
2896 1161 3083 1216 manui
3103 1162 3348 1216 sessoris
3373 1162 3604 1224 cervice,

2026 1255 2091 1308 ad
2133 1255 2271 1308 viam
2302 1269 2421 1324 quae
2456 1262 2508 1307 te
2556 1259 2735 1307 servet
2769 1259 2916 1306 recta
2947 1251 3212 1316 ducaris;
3257 1265 3379 1304 cum
3424 1252 3604 1304 incre-

2025 1347 2196 1418 paris,
2229 1346 2319 1400 dic
2355 1345 2541 1399 animo
2571 1345 2830 1413 religioso
2869 1343 3182 1398 Davidicum
3237 1342 3366 1395 illud
3401 1361 3414 1396 :
3447 1360 3465 1392 ι
3506 1341 3604 1396 Βο-

2025 1453 2155 1490 num
2188 1436 2323 1490 mihi
2378 1442 2484 1500 est,
2522 1435 2668 1504 quod
2706 1435 3085 1488 humiliaveris
3135 1448 3242 1496 me,
3279 1440 3337 1486 ut
3396 1432 3604 1486 discam

2020 1527 2444 1596 justilicationes
2480 1533 2605 1580 tuas
2626 1526 2668 1578 ⁸.
2701 1544 2719 1577 ›
2752 1525 2830 1580 Ne
2851 1525 3287 1596 scgregationem
3321 1523 3604 1578 arbitreris

2023 1609 2146 1674 es'se
2185 1617 2252 1671 ab
2287 1617 2673 1687 episcoporum
2719 1617 2948 1671 audacia
3000 1615 3325 1685 profectam;
3364 1623 3595 1684 paterna

2026 1709 2114 1764 lex
2141 1715 2246 1773 est,
2277 1709 2503 1775 antiqua
2532 1706 2792 1762 Ecclesia:
2822 1707 3034 1776 regula,
3068 1722 3189 1776 quae
3217 1721 3247 1760 a
3282 1707 3399 1777 lege
3433 1707 3602 1761 traxit

2028 1803 2318 1872 originem,
2356 1808 2410 1856 et
2435 1800 2489 1854 in
2524 1801 2700 1872 gratia
2751 1800 3010 1855 obtinuit.
3064 1801 3452 1870 Contemplare
3483 1814 3610 1854 san-

2027 1902 2175 1949 ctum
2241 1892 2395 1945 illum
2456 1891 2687 1946 Paulum
2737 1906 2837 1960 per
2888 1891 3170 1960 Epistolas
3236 1889 3608 1959 separationis

2026 2000 2218 2057 pmnas
2257 1985 2314 2038 in
2341 1984 2612 2039 obnoxios
2643 1982 3084 2053 pronuntiandas
3129 1981 3504 2046 mandantem,
3555 1988 3611 2034 ct

2027 2075 2374 2130 Corinthium
2431 2075 2686 2144 juvenem
2754 2073 3025 2143 ejusmodi
3064 2073 3471 2128 medicamento
3520 2085 3610 2127 sa-

2027 2175 2270 2229 nantem,
2299 2166 2394 2236 qui
2424 2167 2671 2222 satanica
2720 2167 2873 2220 rabie
2904 2166 3177 2235 percitus,
3239 2179 3493 2220 novercae
3547 2179 3608 2220 se

2028 2258 2488 2314 commiscuerat:
2523 2259 2724 2324 «Quem
2757 2258 2905 2312 enim
2935 2256 3198 2311 Dominus
3215 2255 3599 2326 diligit,casti—

2028 2359 2152 2424 gat;
2183 2351 2397 2423 ﬂagello
2427 2360 2607 2407 autem
2634 2351 2760 2406 ferit
2782 2365 2941 2420 quem
2963 2350 3290 2418 suscipit!»
3326 2347 3445 2403 Non
3465 2353 3594 2402 sunt

2028 2445 2175 2501 enim
2206 2444 2421 2499 radices
2460 2443 2790 2498 eruditionis
2815 2443 3026 2504 dulces,
3067 2440 3161 2496 sed
3192 2455 3431 2504 amarae;
3481 2437 3600 2492 fru-

2028 2545 2180 2592 ctum
2221 2544 2402 2591 autem
2434 2536 2490 2589 in
2525 2544 2804 2606 posterum
2837 2535 3146 2604 germinant
3188 2531 3326 2585 favis
3388 2529 3610 2585 suavio-

2028 2641 2166 2680 rem.
2215 2624 2281 2679 Et
2330 2625 2540 2679 idcirco
2574 2625 2760 2678 labore
2819 2621 3040 2693 quidem
3082 2623 3133 2677 ei
3183 2621 3276 2692 qui
3323 2628 3611 2676 exercetur

2031 2733 2169 2786 opus
2200 2725 2328 2783 est;
2403 2717 2453 2771 ei
2501 2725 2680 2770 autem
2733 2715 2828 2785 qui
2882 2721 3118 2779 exercet,
3149 2722 3205 2769 et
3254 2713 3503 2776 verbere,
3556 2720 3614 2767 et

2031 2809 2352 2878 asperitate.
2405 2808 2484 2862 Ac
2543 2808 2600 2862 in
2631 2807 2749 2876 lege
2806 2805 3046 2861 Mosaica
3110 2805 3340 2861 decades
3377 2811 3615 2874 quatuor

2032 2900 2321 2967 hucusque
2344 2897 2627 2968 plagarum
2656 2906 3000 2966 permanent,
3027 2913 3138 2952 non
3160 2905 3342 2952 autem
3369 2896 3424 2950 in
3447 2910 3612 2950 evan-

2033 2991 2200 3060 gelica
2238 2991 2346 3044 vita
2382 3010 2393 3044 :
2429 2991 2697 3060 siquidem
2739 2991 2985 3044 omnium
3025 3004 3206 3046 sermo
3239 2996 3343 3053 est,
3394 2986 3613 3043 miseri-

1960 3103 2002 3160 ο
2035 3081 2223 3136 cordia
2249 3089 2302 3136 et
2331 3081 2508 3152 virga,
2545 3080 2858 3136 adhortatio
2892 3089 2947 3136 et
2977 3082 3157 3152 plaga.
3188 3078 3306 3134 Non
3334 3079 3478 3134 enim
3515 3076 3613 3133 tibi

2035 3174 2261 3228 verbera
2297 3172 2590 3228 inferimus
2626 3180 2688 3227 ut
2747 3188 2928 3237 servo,
2959 3171 3057 3227 sed
3107 3180 3159 3226 te
3186 3170 3520 3240 castigamus
3551 3173 3616 3221 ut

2035 3265 2266 3320 liberum
2298 3283 2311 3318 :
2357 3263 2458 3318 tibi
2497 3263 2643 3318 enim
2685 3278 2754 3318 ex
2784 3262 2922 3317 Sara
2955 3262 3129 3317 libera
3158 3277 3332 3332 genus
3362 3267 3468 3324 est,
3503 3274 3615 3313 non

2033 3370 2099 3410 ex
2139 3354 2285 3424 Agar
2317 3368 2496 3410 serva.
2523 3353 2863 3408 Reveremur
2886 3361 2941 3407 te
2975 3361 3035 3407 ut
3070 3353 3253 3407 liberae
3278 3351 3472 3417 lilium,
3503 3364 3614 3404 non

2034 3446 2434 3501 dedecoramus
2472 3455 2531 3500 ut
2568 3445 2780 3499 ancillae
2817 3444 3176 3514 progeniem:
3223 3443 3295 3498 ob
3332 3441 3387 3496 id
3427 3442 3615 3496 liberis

2035 3538 2506 3608 increpationibus
2544 3544 2596 3591 te
2625 3536 2882 3601 angimus
2912 3540 3251 3603 peccantem,
3284 3548 3392 3587 non
3414 3546 3616 3602 corpus

2034 3638 2358 3701 pungentes,
2407 3629 2502 3681 sed
2537 3627 2782 3685 animum
2838 3625 3176 3679 cruciantes.
3235 3623 3392 3689 Quod
3429 3625 3476 3678 si
3547 3623 3616 3676 ab

1995 3766 2005 3773 .
2035 3716 2139 3771 hac
2168 3730 2226 3770 re
2257 3713 2655 3776 abstineamus,
2711 3727 2820 3782 quo
2862 3720 2915 3766 te
2968 3721 3126 3782 pacto
3171 3710 3617 3780 castigabimus?

2035 3805 2280 3860 Doeendi
2324 3804 2465 3858 ratio
2496 3812 2579 3859 est
2639 3812 2874 3858 tractatu
2929 3803 3184 3868 difficilis,
3234 3803 3616 3872 institutioquc

2034 3897 2281 3960 virtutis,
2319 3910 2383 3949 ac
2409 3897 2614 3949 variam
2642 3896 2871 3965 requirit
2892 3895 3383 3950 administrationis
3402 3893 3619 3964 dispen-

2037 3990 2324 4048 sationem,
2350 4002 2472 4057 qua:
2504 4002 2563 4041 se
2605 3988 2850 4041 moribus
2881 3994 2940 4040 ut
2977 4000 3100 4040 sese
3131 3984 3369 4042 oﬂ‘erunt
3389 3997 3611 4038 accom-

2038 4080 2240 4134 modet.
2269 4078 2364 4133 Est
2394 4078 2665 4147 quispiam
2707 4077 2970 4133 obediens
3005 4084 3058 4132 ct
3093 4077 3161 4131 ad
3209 4075 3610 4131 instituendum

2038 4172 2220 4227 animo
2252 4169 2471 4224 facilis?
2501 4169 2636 4224 lluic
2663 4170 2801 4224 lenis
2824 4177 2878 4223 et
2921 4168 3071 4222 mitis
3111 4169 3362 4238 congruit
3409 4183 3614 4224 sermo.

2038 4264 2189 4322 Alius
2227 4265 2399 4320 durus
2448 4272 2504 4320 et
2553 4263 2848 4319 indocilis?
2907 4260 3240 4316 Verberibus
3277 4267 3418 4327 eget.
3475 4258 3619 4325 Quid

2041 4360 2209 4430 igitur
2256 4358 2542 4425 faciemus,
2597 4371 2722 4411 cum
2783 4354 2951 4425 virg:e
3018 4368 3128 4408 non
3190 4351 3616 4407 conceduntur?

348 4458 802 4534 ταρῥυθμίσομεν
852 4456 933 4518 είς
985 4454 1112 4509 ἄλλο
1164 4452 1349 4522 σχῆμα
1404 4449 1738 4520 ὑποκειμένῃ
1783 4446 1929 4517 χρείᾳ

2050 4451 2256 4506 Eumne
2283 4451 2429 4505 nulla
2459 4465 2615 4514 cura,
2665 4449 2812 4503 nulla
2842 4445 3184 4518 providentia
3216 4443 3568 4513 dignabimur
3594 4443 3618 4496 Υ

350 4552 690 4621 κατάλληλον
711 4566 724 4579 υ
754 4550 848 4602 καὶ
872 4548 1059 4617 ὥσπερ
1087 4547 1156 4599 τὰ
1184 4545 1293 4614 ὄψα
1331 4546 1397 4614 τῇ
1444 4542 1612 4613 μικρᾷ
1650 4538 1940 4610 προσθέσει

350 4643 460 4696 τῶν
494 4640 828 4712 ἀρτυμάτων
873 4639 1010 4709 πρὸς
1049 4637 1149 4699 τὰς
1193 4634 1442 4696 ἐναντίας
1490 4631 1780 4701 ποιότητας
1826 4630 1938 4682 δια-

358 4735 640 4805 μείϐεται,
669 4732 780 4786 ἀπὸ
818 4731 912 4785 τοῦ
959 4730 1248 4798 στύφοντος
1279 4728 1357 4790 είς
1391 4725 1452 4778 τὸ
1481 4724 1673 4792 γλυκὺ,
1708 4721 1941 4805 καὶᾼάπὸ

354 4800 450 4880 τοῦ
475 4825 706 4895 γλυκέος
730 4825 810 4886 εἰς
834 4823 895 4876 τὺ
923 4822 1120 4890 στύφον
1153 4817 1594 4892 μεταϐαλλόμενα
1610 4832 1622 4846 ο
1654 4800 1828 4877 οὕτως
1849 4815 1940 4867 καὶ

354 4919 386 4970 6
419 4917 689 4989 ἡμέτερος
722 4915 878 4982 λόγος
905 4916 970 4984 τῇ
1009 4912 1292 4984 προσθήκῃ
1325 4910 1434 4964 τῶν
1480 4901 1774 4980 σχημάτων
1807 4906 1942 4978 πρὸς

356 5011 650 5080 διαφόρους
674 5007 864 5079 χρείας
890 5001 1310 5076 μετατυποῦται,
1339 5001 1403 5054 ἵν’
1427 5001 1685 5072 ἐπινοηθῇ
1713 5000 1942 5054 ἑκάστου

357 5102 422 5153 τὸ
441 5105 728 5173 τρόφιμον.

435 5284 523 5354 Μὴ
553 5278 648 5336 οῦν
669 5284 726 5335 ἐν
747 5283 864 5344 ταῖς
892 5279 1119 5350 γωνίαις
1149 5297 1250 5350 μου
1275 5279 1590 5341 καταλάλει,
1626 5279 1798 5348 τραχὺ
1830 5277 1944 5329 όνο-

364 5377 552 5446 μάζων
595 5377 656 5429 τὸ
695 5372 1102 5436 διδασκαλικὸν,
1153 5373 1288 5443 μηδὲ
1335 5373 1458 5435 τοὺς
1502 5370 1792 5433 κοινωνοὺς
1836 5369 1945 5422 τῶν

362 5467 780 5537 ἁμαρτημάτων
816 5464 1103 5526 κοινωνοὺς
1143 5461 1251 5514 τῶν
1279 5461 1398 5515 κατ’
1446 5461 1581 5532 ἐμοῦ
1625 5459 1945 5530 ποιούμενος

367 5557 629 5628 μέμψεων
652 5598 664 5622 ,
699 5556 904 5629 καθέζῃ
944 5557 1146 5627 κρίνων
1192 5556 1486 5608 ἐπίσκοπον
1521 5553 1659 5625 μετὰ
1694 5553 1787 5607 τοῦ
1824 5570 1948 5605 συν-

448 5737 628 5794 'Psal.
662 5741 889 5798 xul.9.
971 5740 989 5772 ⁸⁵
1016 5740 1156 5798 Psal.
1187 5735 1488 5818 cxvutﬂl.

2036 4545 2155 4600 Non
2201 4545 2274 4598 ita
2305 4560 2456 4600 sane.
2487 4533 2594 4598 Sed
2625 4558 2747 4596 eum
2776 4539 2961 4595 verbis
3003 4537 3071 4593 ad
3111 4538 3274 4591 aliam
3307 4550 3623 4591 accommoo

2037 4638 2160 4692 dam
2195 4638 2268 4691 rei
2319 4637 2580 4704 subjectae
2605 4634 2835 4687 formam
2898 4630 3168 4684 concinne
3217 4627 3609 4681 traducemus:

2037 4744 2099 4781 ae
2128 4726 2586 4798 quemadmodum
2614 4723 2841 4791 opsonia
2865 4720 3339 4775 condimentorum
3358 4758 3374 4782 ,
3414 4717 3616 4798 exiguo

2037 4797 2409 4875 additamento
2440 4817 2506 4872 ad
2538 4814 2842 4870 contrarias
2872 4812 3164 4882 qualitates
3209 4797 3616 4877 permutantur,

2046 4929 2111 4969 ex
2145 4913 2257 4968 acri
2286 4912 2339 4965 in
2371 4910 2549 4972 dulce,
2579 4916 2633 4962 et
2662 4922 2726 4961 ex
2757 4905 2906 4959 dulci
2938 4904 2992 4957 in
3024 4915 3148 4955 acre
3186 4914 3453 4954 conversa
3485 4918 3497 4953 :
3545 4900 3620 4954 ita

2047 5013 2102 5060 et
2153 5013 2338 5058 noster
2393 5015 2578 5056 sermo
2635 4998 2930 5069 iigurarum
2966 4991 3286 5062 adjectione
3328 4991 3394 5045 ad
3439 4990 3623 5047 varios

2049 5094 2187 5154 usus
2217 5091 2662 5156 transformatur,
2719 5095 2778 5143 ut
2821 5084 2968 5157 quod
3002 5080 3274 5152 cujusque
3311 5080 3624 5136 oducationi

2051 5186 2304 5257 congruit
2340 5184 2696 5253 intelligatur.

2121 5277 2199 5332 Ne
2234 5277 2400 5346 igitur
2429 5276 2484 5328 in
2517 5271 2730 5342 angulis
2759 5269 2826 5324 de
2860 5270 2945 5320 ine
2987 5259 3326 5334 obloquaris,
3370 5278 3626 5335 asperum

2053 5370 2349 5427 nominans
2379 5365 2611 5423 docendi
2640 5376 2833 5434 genus,
2872 5372 3048 5428 neque
3082 5371 3203 5410 cum
3237 5363 3457 5411 tuorum
3503 5370 3627 5412 sce-

2052 5466 2224 5518 lerum
2257 5458 2622 5532 participibus
2649 5464 2970 5510 communes
3005 5448 3111 5501 mei
3171 5449 3629 5518 reprehensiones

2057 5555 2284 5621 faciens,
2314 5553 2557 5611 assidcas
2589 5549 2907 5620 episcopum
2929 5550 3052 5597 cum
3078 5539 3340 5597 vanitatis
3365 5552 3628 5596 consessu

1607 5733 1625 5764 ⁸
1649 5732 1815 5788 Hebr.
1860 5747 1957 5789 xu.
1998 5728 2048 5784 G.
