4034 6132
410 305 514 362 515

1645 310 1702 365 S.
1739 308 2069 368 GREGORII
2101 312 2398 370 NYSSENI

3564 314 3671 374 816

408 418 688 492 judicans.
728 421 996 494 Equidem
1051 436 1161 478 non
1199 435 1343 495 aegre
1393 423 1565 481 feram
1613 429 1772 500 quasi
1807 432 1992 487 animo

2102 433 2271 506 εδρίου
2302 437 2401 506 τῆς
2441 436 2820 507 ματαιότητος.
2871 433 3012 504 Ἐγὼ
3053 433 3108 488 δὲ
3151 433 3212 488 οὐ
3243 433 3672 506 παραχθησομαι

413 528 616 570 novum
647 514 777 584 quid
809 528 1024 584 passus,
1057 514 1103 569 si
1137 529 1170 570 θ
1215 515 1503 588 discipulis
1546 519 1679 577 meis
1706 530 1990 577 contuma-

413 606 598 662 ciores
631 606 1009 676 indignentur.
1039 603 1138 662 Est
1162 607 1308 662 enim
1333 623 1398 664 ea
1428 610 1714 666 hominum
1747 615 1991 682 peculia-

414 701 495 758 ris
519 701 765 772 quaedam
790 699 1028 766 affectio,
1060 717 1182 772 quae
1209 703 1278 758 ab
1307 704 1462 760 initio
1491 706 1557 761 ad
1608 706 1770 763 ﬁnem
1819 723 1991 778 usque

415 793 582 848 vitam
607 793 902 847 comitatur
931 811 942 858 ;
978 807 1044 848 ac
1071 795 1165 864 qui
1197 795 1321 852 aliis
1369 797 1623 867 imperat,
1672 800 1992 870 parentibus

416 882 474 938 in
508 889 681 937 totum
706 882 754 938 is
778 883 1045 940 molestus
1071 895 1126 940 et
1150 887 1334 958 gravis
1362 899 1465 955 est,
1499 889 1611 946 imo
1653 891 1822 948 etiam
1874 907 1994 949 sce-

415 974 604 1030 leratis
622 981 677 1030 et
705 975 912 1046 iniquis
941 977 1168 1034 odiosus
1192 997 1206 1034 :
1235 981 1487 1052 quisquis
1517 983 1666 1038 enim
1703 993 1992 1055 peccatum

414 1063 689 1136 prohibet,
719 1065 1094 1136 aegritudinem
1131 1068 1295 1139 parit.
1348 1071 1424 1127 Ac
1456 1087 1543 1128 me
1570 1073 1623 1128 id
1673 1084 1872 1144 prater
1899 1089 1993 1132 cas

414 1170 506 1211 res
533 1170 656 1226 quae
682 1157 1028 1214 extrinsecus
1080 1169 1407 1228 occurrunt,
1455 1164 1587 1220 satis
1645 1164 1873 1221 historia
1905 1180 1996 1221 ec-

413 1242 727 1298 clesiastica
755 1245 934 1300 docet.
975 1245 1112 1312 Quis
1154 1247 1338 1320 Moyse
1368 1261 1554 1320 pastor
1585 1256 1938 1322 praestantior
1965 1257 1988 1310 ‘l

414 1333 552 1400 Quis
582 1336 836 1406 princeps
859 1338 936 1393 ita
967 1337 1284 1396 moderatus
1310 1356 1376 1396 ac
1401 1343 1540 1398 lenis
1561 1343 1584 1397 ?
1607 1345 1702 1413 qui
1725 1345 1908 1400 omnia
1941 1346 1994 1400 in

417 1425 604 1496 populi
631 1427 862 1497 gratiam
892 1428 1094 1500 factus,
1135 1432 1396 1499 nutritor,
1438 1432 1759 1502 imperator,
1801 1450 1991 1491 sacer-

417 1519 542 1584 dos,
570 1536 734 1576 verus
761 1523 1026 1592 pater,.in
1065 1523 1207 1580 bello
1237 1539 1463 1581 servans
1482 1564 1501 1590 ,
1528 1525 1582 1580 iu
1609 1526 1827 1583 deserto
1861 1544 1994 1584 nus-

416 1625 580 1680 quam
612 1618 705 1665 aut
737 1619 875 1678 sata,
916 1621 1013 1668 aut
1035 1623 1220 1670 aratro
1254 1615 1398 1670 culta
1431 1615 1578 1671 bona
1606 1609 1992 1688 suppeditans,

411 1702 506 1772 jus
530 1710 657 1773 apte
689 1704 902 1769 dicens,
943 1705 1064 1761 sine
1093 1720 1284 1762 errore
1334 1706 1445 1762 dux
1484 1709 1625 1776 viae;
1677 1717 1734 1764 et
1775 1711 1994 1766 tandem

2092 528 2190 599 τὴν
2225 526 2400 600 ψυχὴν
2431 527 2617 582 καινόν
2661 545 2713 580 τι
2744 527 3004 596 πάσχων,
3039 527 3087 579 εί
3125 523 3381 595 ἄχθονταί
3424 541 3524 594 μου
3558 524 3671 578 τῶν

2096 618 2351 690 μαθητῶν
2381 620 2430 672 οί
2466 619 2836 691 σκληρότεροι.
2880 618 3055 682 Πάθος
3091 615 3202 687 γάρ
3235 617 3352 668 ἐστι
3381 614 3536 668 τοῦτο
3568 617 3667 668 ἀν-

2094 709 2362 780 θρώπινον
2388 713 2445 778 ἐξ
2477 712 2652 783 ἀρχῆς
2689 712 2769 774 είς
2791 709 2942 773 τέλος
2971 708 3050 778 τῷ
3077 708 3175 778 βίῳ
3217 705 3623 778 παρακόλουθον
3651 722 3666 738 ο

2093 801 2186 854 καὶ
2219 799 2388 873 βαρὺς
2420 801 2518 872 μὲν
2551 800 2582 851 6
2609 801 2790 871 ἄρχων
2817 797 2893 862 ὡς
2921 798 3014 850 ἐπὶ
3042 798 3152 850 πᾶν
3179 798 3291 859 τοῖς
3321 793 3666 864 ἀρχομένοιςο

2093 892 2204 952 τοῖς
2227 889 2284 942 δέ
2312 892 2526 962 μιαροῖς
2552 891 2646 942 καὶ
2673 888 3012 961 παρανόμοις
3033 886 3128 940 καὶ
3153 885 3341 955 μίσους
3370 883 3536 948 ἄξιος.
3562 884 3671 935 Λυο

2094 982 2187 1033 πεῖ
2215 980 2320 1052 γὰρ
2364 981 2459 1051 τὴν
2490 979 2762 1052 ἁμαρτίαν
2801 977 3060 1032 κωλύωνο
3109 976 3200 1030 καί
3241 992 3307 1046 με
3342 974 3498 1028 τοῦτο
3531 973 3671 1044 μετὰ

2093 1073 2201 1126 τῶν
2228 1072 2424 1137 ἔξωθεν
2456 1073 2796 1143 πραγμάτων
2827 1069 3025 1133 ἱκανῶς
3050 1069 3145 1122 καὶ
3176 1069 3208 1138 ὴ
3241 1066 3669 1137 ἐκκλησιαστικὴ

2098 1166 2310 1235 ἱστορία
2330 1164 2589 1218 διδάσκει.
2620 1165 2716 1227 Τίς
2743 1162 3005 1234 κρείττων
3037 1161 3242 1232 ποιμὴν
3269 1159 3545 1223 Μωσέως;
3587 1159 3671 1222 τίς

2094 1255 2152 1308 δὲ
2181 1255 2362 1326 ἀρχων
2387 1255 2628 1328 ἐμμελὴς
2673 1254 2815 1308 οῦτω
2843 1255 2937 1308 καὶ
2970 1255 3157 1324 ἦπιος,
3187 1252 3362 1306 πάντα
3380 1251 3666 1320 γινόμενος

2094 1346 2174 1418 τῷ
2195 1347 2327 1418 λαῷ,
2356 1347 2610 1419 τροφεὺς,
2640 1347 2969 1419 στρατηγὸς,
3006 1347 3182 1416 ίερεύς
3203 1388 3216 1410 ,
3244 1342 3582 1414 αὐτοπατὴρ,
3615 1344 3671 1395 ἐν

2085 1439 2356 1509 πολέμοις
2399 1438 2607 1504 σώζων,
2655 1441 2713 1492 ἐν
2763 1441 2953 1510 ἐρήμῳ
2996 1439 3248 1507 ἄσπαρτα
3296 1436 3391 1489 καὶ
3432 1436 3670 1504 ἀνήροτα

2097 1529 2345 1600 χορηγῶν
2369 1529 2569 1598 ἀγαθά,
2598 1528 2833 1592 δικάζων
2862 1528 3132 1600 ἐμμελῶς.
3167 1526 3419 1589 ἀπλανῶς
3440 1525 3670 1595 ὀδηγῶνς

2097 1619 2273 1672 καίτοι
2296 1620 2386 1673 ἐπὶ
2414 1619 2616 1673 τούτων
2644 1619 3081 1690 κατεστασιάσθη
3103 1619 3178 1682 ώς
3198 1618 3414 1682 ἀδικῶν,
3440 1616 3674 1688 ὑϐρίσθη

2095 1709 2173 1772 ώς
2221 1708 2506 1778 βλάπτων,
2548 1709 2958 1780 κατεγογγύσθη
3001 1709 3078 1772 ώς
3121 1710 3170 1762 οἱ
3209 1708 3532 1769 κλέπτοντες
3577 1706 3676 1759 καὶ

415 1801 598 1850 tamen
634 1795 998 1853 seditionibus
1035 1805 1093 1852 ut
1135 1798 1374 1868 injurius
1413 1799 1652 1869 agitatus
1685 1808 1791 1865 est,
1845 1817 1987 1856 con-

2102 1798 2472 1870 νοσφιζόμενοι
2495 1839 2509 1864 ,
2547 1799 2939 1877 ἐϐλασφημήθη
2976 1799 3052 1863 ώς
3082 1799 3467 1868 ἀνεπιστήμων
3511 1812 3678 1867 στρα-

415 1885 577 1940 viciis
612 1895 672 1941 ut
695 1887 896 1943 laadens
930 1889 1156 1959 petitus,
1188 1897 1250 1944 ut
1277 1889 1520 1945 latrones
1549 1901 1604 1946 et
1642 1890 1999 1948 fraudatorcs

416 1992 698 2035 murmure
723 1979 999 2048 turbatus,
1038 1981 1346 2036 maledictis
1385 1989 1446 2036 ut
1475 1982 1765 2054 imperitus
1819 1962 1991 2053 impeo

417 2075 570 2124 rator
597 2084 660 2124 ac
702 2071 880 2127 malus
939 2070 1228 2140 praefectus
1276 2072 1594 2137 lacessitus,
1650 2072 1996 2142 periclitatus

413 2159 577 2214 etiam
608 2167 693 2215 est
728 2175 796 2215 ne
818 2161 941 2230 ipso
979 2161 1241 2232 fungendi
1273 2162 1568 2218 sacerdotii
1597 2161 1780 2218 ofticio
1817 2163 1996 2233 priva-

416 2258 587 2315 retur,
627 2252 850 2322 quando
879 2251 1091 2308 Dathan
1119 2262 1175 2308 et
1209 2253 1417 2309 Abiron
1450 2253 1657 2324 ﬁliique
1681 2254 1824 2311 Core
1851 2254 1998 2312 sedi-

416 2340 616 2400 tiosam
649 2357 836 2396 secum
870 2343 1082 2413 plebem
1119 2357 1228 2398 una
1256 2352 1417 2414 rupto
1451 2343 1658 2400 fcedere
1697 2359 1762 2400 ex
1793 2345 1997 2416 populo

419 2432 776 2496 abducentes,
809 2432 1028 2505 profani
1065 2450 1126 2490 se
1170 2431 1485 2492 sacerdotes
1531 2444 1846 2492 sanctorum
1875 2451 1996 2491 ma-

417 2538 525 2592 gno
544 2534 744 2580 conatu
772 2541 897 2583 esse
923 2527 1346 2594 contenderunt,
1380 2544 1446 2584 ac
1480 2529 1716 2586 feminas
1748 2530 1844 2600 qui
1880 2529 1998 2586 suf-

419 2615 578 2674 ﬁrent
610 2620 915 2690 elegerunt,
957 2631 1010 2678 et
1041 2638 1151 2677 non
1206 2625 1380 2678 multo
1416 2632 1542 2694 post
1579 2621 1782 2679 sancta"
1805 2624 1999 2695 attige-

419 2717 568 2774 runt,
602 2709 892 2780 ignemque
920 2715 1216 2782 mysticum
1243 2713 1637 2778 accenderunt,
1691 2715 1836 2784 quod
1874 2724 2000 2769 ante

419 2800 705 2854 incensum
751 2801 1043 2858 sufflantes
1087 2805 1325 2862 exussit.
1382 2803 1568 2874 Usque
1625 2803 1760 2859 adeo
1812 2805 1999 2873 populi

420 2889 746 2960 praefectura
783 2890 1132 2962 docendique
1167 2909 1371 2950 munus
1415 2909 1504 2950 res
1531 2901 1617 2950 est
1653 2893 2001 2948 oﬂendiculis

418 2977 678 3043 obnoxia,
713 2987 771 3033 ut
815 2978 953 3035 Mosi
990 2995 1060 3036 ne
1108 2981 1311 3038 fratres
1354 2983 1576 3054 quidem
1611 2983 1997 3053 pepercerim:

420 3071 551 3141 quin
578 3080 633 3127 et
656 3070 821 3126 Maria
861 3073 1284 3144 obloquebatur,
1333 3085 1388 3130 et
1439 3075 1623 3130 Aaron
1657 3076 2003 3132 conviciaba-

2100 1891 2266 1962 τηγὺς
2302 1891 2395 1944 καὶ
2425 1890 2736 1962 προστάτης
2777 1893 2878 1944 οὐκ
2926 1890 3159 1958 ἀγαθὸς,
3191 1887 3531 1943 ἐκινδύνευσε
3577 1887 3677 1939 καὶ

2100 1981 2270 2052 αὐτῆς
2308 1979 2410 2049 τῆς
2453 1979 2748 2051 ἱερωσύνης
2775 1981 3149 2050 ἀπελαθῆναι,
3187 1979 3348 2050 ἡνίκα
3379 1976 3556 2066 Δαθάν
3583 1975 3684 2029 καὶ

2113 2072 2376 2146 ’Δϐειρὼν
2403 2073 2496 2126 καὶ
2524 2074 2630 2127 υἱοὶ
2655 2074 2797 2144 Κορέ
2823 2075 2992 2144 δῆμον
3024 2071 3293 2143 στασιώδη
3321 2071 3437 2142 μεθ’
3467 2069 3680 2122 ἐαυτῶν

2102 2166 2195 2219 τοῦ
2239 2164 2370 2219 λαοῦ
2409 2165 2839 2237 ἀπορρήξαντες,
2887 2166 3100 2236 βέϐηλοι
3147 2166 3255 2219 τῶν
3303 2164 3474 2231 ἁγίων
3515 2164 3682 2233 ἱερεῖς

2103 2257 2466 2326 ἐφιλονείκουν
2499 2252 2670 2320 εἶναι,
2713 2257 2806 2310 καὶ
2850 2257 2950 2320 τὰς
2983 2256 3339 2326 θυμιατρίδας
3376 2253 3681 2324 μετεχειρί-

2105 2349 2275 2414 ζοντο,
2317 2348 2410 2402 καὶ
2438 2349 2561 2402 ὅσον
2601 2347 2812 2401 οὐδέπω
2849 2347 2957 2401 τῶν
2989 2347 3158 2416 ἁγίων
3197 2347 3453 2416 ἥπτοντο,
3492 2343 3584 2396 καῖ
3621 2343 3684 2396 τὸ

2105 2438 2217 2508 πῦρ
2265 2440 2502 2509 ἀνῆπτον
2544 2439 2605 2492 τὸ
2646 2437 2935 2514 μυστικὸν,
2988 2436 3016 2490 δ
3061 2437 3168 2508 πρὸ
3210 2436 3304 2489 τοῦ
3343 2434 3688 2506 θυμιάματος

2106 2531 2230 2595 τοὺς
2271 2529 2576 2601 θυμιῶντας
2619 2528 2937 2598 κατέφλεξε.
2979 2529 3088 2583 Καὶ
3134 2528 3387 2581 τοσοῦτόν
3427 2527 3492 2596 γέ
3537 2527 3688 2580 ἐστιν

2106 2624 2578 2696 εὐπρόσκρουστον
2603 2622 2907 2694 προστασία
2931 2621 3063 2674 λαοῦ
3095 2622 3188 2674 καὶ
3221 2621 3280 2674 τὸ
3303 2620 3686 2674 διδαπαλικδν

2106 2711 2438 2781 ἐπιτήδευμα
2465 2749 2479 2774 ,
2527 2710 2668 2764 ὥστε
2719 2711 2841 2764 οὐδέ
2902 2711 2952 2763 οἱ
3013 2709 3230 2778 ἀδελφοὶ
3264 2711 3356 2762 τοῦ
3406 2710 3687 2773 Μωῦσέως

2107 2801 2422 2869 ἐφείσαντο·
2461 2801 2596 2855 ἀλλά
2635 2801 2729 2855 καὶ
2757 2801 2946 2872 Μαρία
2985 2801 3289 2867 κατελάλει,
3329 2801 3422 2855 καὶ
3473 2800 3690 2871 Ἀαρὼν

2108 2893 2400 2962 ἐλοιδόρει,
2434 2892 2528 2946 καὶ
2559 2891 2618 2945 τὸ
2648 2892 2903 2962 φορτικὸν
2933 2892 3031 2962 τῆς
3081 2892 3257 2963 ἀρχῆς
3309 2892 3407 2962 τὴν
3452 2891 3692 2961 φυσικὴν

2108 2983 2423 3055 παρώξυνεν
2451 2984 2660 3041 εῦνοιαν
2682 3025 2696 3049 ,
2734 2984 2827 3037 καὶ
2859 2984 2986 3046 τοὺς
3028 2983 3390 3046 οἰκειοτάτους
3421 2981 3498 3052 τῷ
3525 2982 3694 3034 πολυ-

2113 3078 2296 3148 μόχθῳ
2322 3077 2475 3150 ἀνδρὶ
2503 3077 2890 3147 ἐπανέστησεν.
2940 3075 3078 3129 Ἀλλ’
3109 3073 3261 3128 οὐδὲν
3300 3075 3428 3143 περὶ
3455 3073 3633 3127 τοῦτο·
3663 3075 3694 3127 6

422 3172 556 3220 tur:
588 3180 653 3219 ac
684 3165 903 3236 imperii
933 3181 1076 3223 onus
1119 3168 1493 3246 importunum
1531 3169 1836 3224 naturalem
1870 3184 1998 3224 cou-

2111 3169 2207 3239 μὲν
2229 3167 2338 3238 γάρ
2357 3163 2425 3238 ἦν
2448 3167 2710 3236 Μωῦσῆς,
2729 3167 2824 3219 καὶ
2841 3165 2993 3219 οὐδὲν
3015 3163 3210 3218 ἐαυτοῦ
3229 3163 3427 3235 χείρων
3452 3162 3689 3230 ἐγένετο·

425 3259 624 3314 citavit
689 3259 1170 3324 benevolentiam,
1223 3269 1277 3314 et
1332 3260 1700 3315 amicissimos
1754 3275 2005 3332 quosque

421 3348 544 3403 viro
573 3349 852 3406 laborioso
877 3358 938 3405 ut
966 3352 1317 3422 insurgerent
1349 3351 1500 3406 fecit.
1537 3349 1736 3407 Verum
1769 3351 1906 3406 nihil
1937 3352 2003 3406 ad

421 3439 530 3496 hoc
558 3441 668 3507 ille,
705 3441 974 3512 siquidem
1011 3453 1132 3499 erat
1176 3452 1442 3514 perpetuo
1483 3443 1720 3516 Moyses,
1767 3451 1822 3500 et
1868 3445 2006 3500 nihil

422 3533 611 3604 seipso
633 3532 870 3590 deterior
896 3536 1181 3592 evadebat.
1211 3537 1294 3591 Ab
1322 3537 1432 3592 illis
1487 3551 1622 3592 vero
1652 3545 2005 3607 peccatorum

421 3627 478 3681 in
505 3625 698 3682 ducem
733 3626 876 3685 Deus
910 3643 1104 3700 poenas
1134 3630 1339 3699 exegit,
1383 3643 1524 3696 quas
1570 3629 1812 3684 luerunt.
1861 3627 2007 3696 Quid

422 3720 514 3790 qui
541 3729 664 3792 post
687 3737 808 3776 eum
831 3721 1204 3792 praefuerunt?
1225 3719 1419 3776 Nonne
1445 3720 1764 3791 religionem
1798 3720 2005 3775 docens

422 3810 595 3865 Isaias
620 3826 774 3866 serra
804 3811 1080 3866 dissectus
1105 3811 1230 3866 est?
1276 3809 1472 3865 Nonne
1512 3809 1781 3865 Jeremias
1815 3819 2006 3867 contra

423 3901 632 3954 cultum
663 3900 934 3954 idolorum
975 3901 1318 3956 concionans
1341 3901 1583 3955 clamore
1614 3899 1876 3972 fatigatus
1899 3911 2004 3971 est,

425 3999 481 4044 et
505 3990 658 4043 lacus
681 4003 806 4042 eum
855 3995 910 4044 et
952 3989 1424 4044 catarrhactarum
1475 3990 1745 4060 supplicia
1776 4005 2006 4060 excepe-

427 4089 556 4134 runt
577 4079 600 4132 ?
621 4078 760 4132 Num
797 4078 1095 4136 Zacharias
1130 4082 1274 4136 inter
1301 4082 1563 4152 templum
1591 4091 1646 4138 et
1671 4083 1844 4138 altare
1861 4082 2006 4138 bello

427 4171 629 4239 petitus
657 4179 741 4225 est
769 4179 822 4225 et
851 4170 1203 4228 trucidatus?
1232 4172 1496 4228 Dominus
1543 4189 1764 4245 quoque
1817 4181 2006 4230 noster

424 4261 544 4330 ipse
577 4276 758 4317 nonne
786 4277 886 4332 pro
933 4262 1129 4318 ovibus
1173 4273 1360 4334 pastor
1409 4267 1628 4320 occisus
1672 4265 2007 4321 est?nonne

426 4369 527 4424 pro
547 4354 616 4409 iis
643 4369 784 4424 quos
820 4355 1132 4421 erudiebat,
1158 4357 1287 4412 odio
1324 4358 1550 4414 habitus
1584 4359 1738 4414 cruci
1768 4358 2005 4415 sufﬁxus

425 4446 712 4512 est?Quid
737 4446 910 4501 Paulo
956 4456 1122 4517 caput
1165 4448 1452 4504 abscidit?
1496 4448 1638 4516 Quid
1680 4447 1902 4504 Petrum
1937 4449 2005 4504 ad

2107 3262 2158 3314 οἱ
2209 3261 2266 3315 δέ
2305 3261 2414 3314 τῶν
2455 3263 2535 3325 εἰς
2581 3259 2673 3314 τὸν
2715 3258 2957 3329 ἡγεμόνα
3005 3255 3492 3327 πλημμελημάτων
3542 3256 3696 3326 παρά

2107 3349 2243 3404 Θεοῦ
2269 3350 2368 3413 τὰς
2391 3350 2544 3414 δίκας
2572 3351 2666 3404 καὶ
2687 3350 3067 3420 ἀπῃτήθησαν,
3102 3350 3198 3402 καὶ
3228 3349 3514 3402 ἀπέτισαν.
3544 3347 3611 3401 Τί
3643 3349 3693 3401 οί

2112 3443 2250 3514 μετά
2284 3443 2506 3509 τοῦτον;
2543 3443 2656 3513 Οὐχ
2697 3442 2926 3505 Ἡσαΐας
2957 3441 3057 3512 τὴν
3105 3441 3386 3495 εὐσέϐειαν
3425 3441 3696 3496 διδάσκων

2107 3533 2370 3606 ὲπρίσθη;
2407 3534 2518 3604 Οὐχ
2574 3534 2844 3605 Ἱερεμίας
2875 3533 2976 3603 τὴν
3008 3532 3453 3604 εἰδωλολατρείαν
3485 3534 3699 3601 ἀποκη-

2110 3626 2316 3701 ρύττων
2356 3625 2680 3696 κατεϐοήθη,
2729 3626 2823 3680 καὶ
2855 3625 3047 3678 λάκκοι
3089 3625 3251 3678 αὑτὸν
3300 3625 3394 3679 καὶ
3431 3625 3699 3695 τιμωρίαι

2108 3718 2506 3790 καταρῤακτῶν
2546 3717 2878 3783 διεδέξαντο;
2926 3717 3005 3772 Οὐ
3042 3717 3318 3788 Ζαχαρίας
3355 3715 3558 3787 μεταξὺ
3600 3715 3699 3768 τοῦ

2107 3808 2237 3862 ναοῦ
2272 3809 2363 3862 καὶ
2390 3807 2484 3862 τοῦ
2520 3807 2905 3878 θυσιαστηρίου
2933 3807 3244 3878 ἐπολεμήθη
3273 3807 3364 3859 καὶ
3387 3805 3650 3875 ὲφονεύθη
3677 3821 3693 3869 ;

2120 3902 2180 3957 Ὀ
2210 3901 2410 3971 Κύριος
2441 3900 2596 3971 ἡμῶν
2625 3899 2692 3972 [6]
2727 3900 2888 3964 αὐτὸς
2917 3901 2977 3952 οὐ
3012 3899 3140 3971 περὶ
3177 3898 3286 3952 τῶν
3326 3897 3634 3969 προϐάτων,
3671 3897 3700 3948 6

2107 3994 2332 4065 ποιμὴν,
2378 3993 2591 4062 ἐσφάγη
2609 3995 2640 4058 ;’
2668 3994 2730 4045 οὐ
2779 3993 2908 4062 περὶ
2945 3993 3054 4046 τῶν
3083 3991 3484 4060 παιδευομένων
3531 4005 3698 4060 μιση⁴

2108 4085 2222 4148 θεῒς
2255 4075 2612 4154 ἐσταυρώθῖῃ
2657 4083 2721 4135 Τί
2763 4083 2974 4136 Παῦλον
3006 4083 3105 4153 τῆς
3145 4081 3388 4151 κεφαλῆς
3415 4081 3695 4150 ἀπέτεμες

2107 4173 2160 4225 τί
2221 4173 2424 4243 Πέτρον
2479 4172 2572 4224 ἐπὶ
2621 4171 2712 4224 τὸν
2766 4172 2997 4243 σταυρὸν
3046 4170 3258 4240 Cadmca;
3311 4171 3363 4224 τί
3403 4173 3529 4234 τούς
3574 4171 3699 4223 καθ’

2107 4263 2335 4316 ἕκαστον
2357 4262 2463 4316 τῶν
2487 4262 2744 4334 μαθητῶν
2782 4265 2904 4326 ταῖς
2945 4263 3216 4327 ποικίλαις
3233 4263 3528 4333 τιμωρίαις
3556 4280 3699 4331 παρο

2109 4355 2341 4420 έδωκεν;
2378 4356 2454 4409 Οὐ
2487 4355 2547 4408 τὸ
2573 4355 2802 4409 κωλύειν
2835 4357 2933 4425 τὴν
2975 4357 3267 4426 ἁμαρτίαν,
3301 4356 3397 4410 καὶ
3424 4354 3699 4408 παιδεύειν

2108 4445 2482 4518 δικαιοσύνην;
2559 4447 2669 4498 ’Δεὶ
2737 4447 2845 4517 γάρ
2905 4446 3090 4518 ἐχθροὶ
3151 4446 3261 4501 τῶν
3323 4446 3702 4514 ἐλεγχομένων

423 4553 643 4595 crucem
687 4540 960 4595 sustulit?
1002 4538 1144 4606 Quid
1193 4540 1443 4612 singulos
1495 4542 1795 4612 discipulos
1836 4541 1998 4597 variis

2117 4537 2370 4608 μαθητῶν
2408 4539 2456 4590 οἱ
2493 4537 2596 4607 τῆς
2637 4537 2896 4608 ἀληθείας
2945 4517 3090 4606 φίλοι
3132 4555 3190 4591 τε
3233 4539 3328 4591 καὶ
3366 4535 3698 4590 διδάσκαλοι.

426 4631 716 4688 tormentis
739 4631 1013 4688 tradidit?
1044 4631 1240 4688 Nonne
1275 4634 1426 4704 quod
1475 4633 1836 4704 prohiberent
1874 4648 1998 4704 ρετ·

2122 4629 2316 4699 Ἡμεῖς
2344 4627 2400 4681 δὲ
2429 4628 2642 4682 οὐδέπω
2675 4629 2815 4700 ὑπὲρ
2843 4629 2938 4699 τῆς
2968 4629 3226 4700 ἀληθείας
3259 4628 3698 4700 ἐῤῥαπίσθημεν,

424 4736 627 4806 catum,
651 4732 706 4781 et
737 4724 1335 4796 docerentjustitiam?
1375 4725 1606 4797 Semper
1641 4725 1790 4781 enim
1829 4725 1998 4781 disci-

2113 4719 2322 4773 οὐδέπω
2345 4721 2410 4790 τῇ
2433 4719 2595 4790 σαρκὶ
2618 4717 2711 4772 τὸν
2734 4718 2980 4773 κίνδυνον
3007 4718 3324 4789 ἐδεξάμεθα.
3350 4717 3458 4771 Καὶ
3481 4717 3533 4769 τί
3561 4717 3701 4786 μέγα

425 4815 572 4884 pulis
617 4831 758 4886 quos
821 4816 1261 4886 reprehendunt,
1318 4816 1480 4872 invisi
1553 4823 1686 4871 sunt
1744 4815 1998 4870 veritatis

2115 4811 2182 4865 ἂν
2209 4809 2622 4880 γογγυσθῶμεν,
2655 4812 2705 4864 οί
2735 4811 2830 4864 τοῦ
2857 4810 3259 4881 σταυρωθέντος
3287 4809 3521 4862 διάκονοι
3546 4825 3560 4874 ;
3614 4808 3702 4869 Ὠς

426 4915 698 4964 amatores
724 4915 781 4964 et
813 4909 1080 4978 magistri.
1109 4907 1220 4965 Nos
1252 4920 1432 4965 autem
1458 4909 1706 4964 nondum
1747 4907 1998 4962 veritatis

2111 4903 2288 4976 πατὴρ
2329 4903 2363 4973 ἢ
2404 4903 2593 4975 μήτηρ
2638 4901 2862 4974 δέχομαί
2902 4920 2994 4956 σου
3036 4902 3135 4967 τὰς
3193 4899 3567 4971 σκληρότητας
3608 4900 3701 4952 καὶ

426 5001 651 5057 nomine
696 5002 986 5073 colaphum
1015 5001 1186 5056 ullum
1222 5001 1370 5072 passi
1400 5016 1616 5065 sumus,
1668 5013 1850 5069 neque
1898 4997 1998 5052 ad-

2109 4995 2513 5067 παροξυσμούς.

429 5090 537 5146 huc
559 5096 811 5164 corporis
840 5095 1146 5165 periculum
1176 5093 1465 5148 subiimus.
1516 5091 1596 5146 Ac
1635 5091 1767 5161 quid
1808 5086 1988 5158 magni
2029 5102 2458 5154 murmuremus,
2492 5090 2586 5162 qui
2643 5089 2896 5147 crucifixi
2942 5088 3182 5146 ministri.
3227 5085 3462 5142 sumus?
3522 5080 3702 5138 Veluti

429 5194 583 5261 pater
607 5195 702 5243 aut
721 5195 898 5244 mater
943 5198 1067 5246 tuas
1113 5186 1444 5244 insolentias
1491 5184 2057 5256 exacerbationesque
2097 5182 2423 5254 amplector.
