4034 6132
399 334 502 394 51⁸1

408 496 3534 544 W‘

1711 337 1802 392 DE
1846 337 2312 405 VIRGINII'ATE.

3549 350 3653 406 318

3525 508 3622 519 θ’*

3525 522 3621 534 ...ι-

1210 655 1438 741 ΤΟΥ
1528 655 1675 740 ΕΝ
1734 653 2096 742 ΑΓΙΟΙΣ
2207 659 2826 750 ΓΡΗΓΟΡΙΟΥ

1384 849 1740 964 ΠΕΡΙ
1801 853 2669 970 ΠΑΡΘΕΝΙΑΣ

1077 1063 1450 1119 ΕΠΙΣΤΟΛΗ
1470 1065 1990 1120 ΠΡΟΤΡΕΠΤΙΚΗ
2014 1064 2139 1122 ΕΙΣ
2172 1069 2312 1124 ΤΟΝ
2340 1071 2492 1123 KAT’
2509 1071 2790 1128 ΑΡΕῚἨΝ
2803 1071 2980 1127 ΒΙΟΝ.

1481 1408 1576 1497 s.
1655 1410 1756 1497 P.
1827 1409 1945 1497 N.
1991 1351 2576 1502 GREGORII

1275 1641 1472 1754 DE
1583 1641 2770 1759 VIRGINITATE.

1141 1860 1502 1918 EPISTOLA
1552 1859 2135 1917 EXHORTATORIA
2180 1860 2292 1939 AD
2330 1859 2559 1917 FRUGI
2623 1862 2878 1922 γιΤΑΜ.

1602 2022 1776 2072 (Petro
1812 2019 2069 2072 Galesinio
2099 2022 2390 2086 interprete.
2420 2023 2438 2085 )

479 2386 538 2440 Ὀ
568 2385 668 2457 μὲν
693 2383 894 2449 σκοπὸς
914 2383 1006 2437 τοῦ
1028 2383 1186 2454 λόγου
1214 2382 1381 2449 ἐστὶν,
1404 2383 1697 2454 ἐπιθυμίαν
1725 2384 1826 2455 τῆς
1847 2385 1967 2438 κατ’
1995 2414 1997 2422 ι

2141 2383 2332 2443 Oratio
2383 2386 2497 2440 haec
2539 2385 2722 2442 omnis
2765 2398 2831 2442 eo
2861 2393 3092 2456 spectat,
3125 2394 3206 2450 ut,
3247 2385 3342 2458 qui
3391 2387 3513 2457 ejus
3545 2387 3651 2441 \im

396 2477 597 2547 ἀρετὴν
624 2475 774 2545 ζωῆς
803 2477 916 2538 τοῖς
959 2473 1372 2548 ἐντυγχάνουσιν
1409 2475 1725 2546 ἐμποιῆσαι·
1758 2474 1967 2528 πολλῶν

395 2566 450 2620 δὲ
481 2567 558 2638 τῷ
583 2567 872 2638 κοινοτέρῳ
901 2565 1017 2636 βίῳ,
1058 2564 1239 2629 καθὼς
1261 2565 1543 2635 ὠνόμασεν
1575 2567 1604 2617 ὁ
1635 2565 1776 2628 θεῖος
1807 2565 1970 2618 Ἀπό-

397 2655 602 2724 στολος,
625 2657 735 2710 τῶν
768 2654 1167 2727 περισπασμῶν
1196 2655 1552 2726 ἐγκειμένων,
1589 2654 1902 2723 ἀναγκαίως
1941 2657 1971 2708 ό

394 2747 571 2815 λόγος,
601 2747 790 2818 ὥσπερ
814 2747 935 2800 τινὰ
964 2747 1132 2818 θύραν
1157 2747 1250 2800 καὶ
1279 2745 1480 2800 εἴσοδον
1508 2747 1609 2815 τῆς
1643 2745 1970 2817 σεμνοτέρας

394 2837 704 2908 διαγωγῆς,
744 2839 835 2892 τὸν
877 2839 975 2908 τῆς
1018 2838 1312 2908 παρθενίας
1355 2837 1664 2891 ὑποτίθεται
1715 2836 1848 2906 βίον,
1895 2837 1971 2900 ὡς

395 2926 518 2980 οὔτε
545 2930 660 2990 τοῖς
679 2927 1004 2998 ἐμπλακείσι
1033 2931 1098 2999 τῇ
1125 2928 1218 2981 τοῦ
1245 2928 1359 2999 βίου
1383 2929 1652 2997 κοινότητι
1687 2928 1866 2998 ῥᾴδιον
1912 2927 1973 2980 τὸ

396 3017 521 3069 καθ’
548 3018 778 3087 ἡσυχίαν
821 3019 1268 3090 προσφιλοσοφῶν
1309 3022 1374 3091 τῇ
1423 3019 1669 3090 θειοτέρα
1694 3019 1842 3090 ζωῇ,
1879 3019 1973 3072 καὶ

396 3113 507 3172 τοῖς
531 3109 960 3180 ἀποταξαμένοις
990 3111 1165 3181 πάντη
1190 3111 1268 3182 τῷ
1294 3110 1592 3183 ταραχώδει
1625 3111 1744 3180 βίῳ,
1773 3111 1974 3182 πολλῆς

399 3201 648 3264 εὐκολίας
694 3199 860 3272 οὔσης
924 3204 1044 3265 ταῖς
1105 3201 1462 3272 ὑψηλοτέραις
1509 3202 1786 3272 ἀσχολίαις
1836 3219 1976 3274 παρ-

398 3292 636 3361 εδρεύειν
659 3293 1096 3363 ἀπερισπάστως.
1125 3293 1235 3346 Καὶ
1268 3293 1451 3364 ἐπειδὴ
1487 3294 1604 3346 καθ’
1639 3294 1834 3363 ἑαυτήν
1860 3311 1975 3356 πως

400 3385 676 3455 ἀργοτέρα
702 3383 838 3452 πρὸς
860 3383 921 3437 τὸ
952 3383 1156 3437 πείθειν
1190 3384 1337 3438 ἐστὶν
1364 3386 1396 3455 ἠ
1426 3385 1721 3456 συμϐουλὴ,
1755 3385 1847 3437 καὶ
1876 3385 1977 3437 ούκ

400 3481 465 3533 ἀν
493 3495 579 3541 τις
603 3477 802 3547 ῥαδίως
825 3475 1162 3545 ύπαγάγοιτό
1185 3491 1306 3528 τινα
1327 3473 1467 3546 ψιλῷ
1491 3475 1568 3544 τῷ
1589 3474 1730 3544 λόγῳ
1759 3475 1896 3546 πρός
1923 3492 1976 3527 τι

400 3567 508 3621 τῶν
535 3566 886 3636 ὠφελούντων
909 3566 1347 3636 ἐγκελευόμενος,
1375 3567 1424 3618 εί
1450 3565 1523 3637 μὴ
1553 3565 1815 3637 πρότερον
1845 3565 1978 3618 ἀπο-

404 3655 717 3727 σεμνύνειεν
760 3656 967 3721 ἐκεῖνο,
1005 3654 1143 3725 πρὸς
1179 3653 1208 3706 ὃ
1248 3653 1340 3708 τὸν
1384 3654 1660 3724 ἀκροατὴν
1695 3653 1975 3727 παρορμᾷο

402 3749 593 3800 τούτου
628 3745 788 3819 χάριν
820 3745 928 3800 ἀπὸ
952 3745 1059 3798 τῶν
1089 3744 1380 3814 ἐγκωμίων
1415 3744 1516 3814 τῆς
1548 3743 1845 3815 παρθενίας
1876 3745 1977 3813 ἀρ-

403 3838 656 3909 ξάμενος,
699 3836 873 3900 οὕτως
903 3839 982 3900 είς
999 3837 1098 3908 τὴν
1130 3835 1438 3908 συμϐουλὴν
1472 3836 1788 3908 καταλήγει.
1822 3835 1976 3890 Μᾶλ-

401 3931 491 3984 λον
523 3929 581 3983 δέ
613 3946 732 3992 πως
761 3929 856 3982 τοῦ
885 3931 940 3984 ἐν
970 3928 1184 3999 ἑκάστῳ
1215 3926 1401 3992 καλοῦ,
1435 3928 1529 3982 καὶ
1553 3927 1640 3981 διά
1668 3929 1767 3999 τῆς
1796 3945 1977 4000 παρα-

404 4020 604 4085 θέσεως
637 4021 746 4075 τῶν
769 4019 1025 4073 ἐναντίων
1060 4019 1484 4091 φανερουμένου,
1544 4018 1852 4087 ἀναγκαίως
1878 4019 1978 4072 καὶ

401 4115 500 4185 τῆς
532 4114 850 4184 δυσχερείας
877 4113 969 4166 τοῦ
1005 4113 1309 4184 κοινοτέρου
1341 4111 1454 4183 βίου
1487 4114 1674 4183 μνήμη
1703 4131 1790 4174 τις
1824 4114 1980 4182 γέγο-

402 4224 510 4260 νεν.
552 4202 688 4260 Εἶτα
714 4205 1016 4276 εὐμεθόδως
1041 4205 1330 4277 ὑπογραφὴ
1377 4223 1461 4268 τις
1499 4204 1841 4276 παρεισήχθη
1881 4205 1975 4268 τοῦ

404 4299 541 4352 κατά
571 4298 886 4368 φιλοσοφίαν
922 4297 1070 4366 βίου,
1115 4296 1209 4350 καὶ
1237 4295 1298 4348 τὸ
1366 4295 1441 4366 μὴ
1484 4294 1742 4348 δύνασθαι
1784 4294 1975 4348 τούτου

404 4394 582 4459 τυχεῖν
616 4389 710 4440 τὸν
740 4389 797 4440 ἐν
832 4390 1122 4457 κοσμικαῖς
1151 4387 1280 4441 ὄντα
1313 4386 1612 4458 φροντίσιν,
1649 4387 1978 4440 κατεσκευά-

406 4479 525 4550 σθη.
561 4479 671 4550 Τῆς
693 4478 750 4532 δὲ
781 4476 1094 4548 σωματικῆς
1132 4476 1423 4547 ἐπιθυμίας
1452 4474 1728 4548 ἀργούσης
1765 4478 1822 4529 ἐν
1865 4478 1977 4540 τοῖς

404 4569 857 4639 ἀποταξαμένοις,
889 4568 1193 4632 ἀκολούθως
1230 4567 1538 4640 ἐπεζητήθη
1574 4569 1626 4621 τί
1665 4569 1726 4621 τὸ
1764 4566 1976 4640 άληθῶς

403 4661 757 4731 ἐπιθυμητόν.
793 4654 868 4714 Οὗ
896 4660 1051 4730 χάριν
1082 4660 1175 4714 καὶ
1199 4659 1298 4728 τὴν
1324 4659 1723 4730 ἐπιθυμητικὴν
1749 4658 1976 4729 δύναμιν

404 4751 555 4822 παρά
594 4751 688 4804 τοῦ
713 4749 1056 4821 Δημιουργοῦ
1095 4750 1193 4819 τῆς
1231 4747 1444 4818 φύσεως
1485 4749 1639 4820 ἡμῶν
1688 4748 1972 4817 ἐλάϐομεν.

404 4842 604 4896 Τούτου
629 4841 686 4896 δὲ
709 4843 830 4895 καθ’
852 4841 976 4895 ὅσον
1004 4835 1113 4894 οἷόν
1144 4859 1204 4893 τε
1230 4837 1297 4912 ἦν
1318 4839 1769 4907 ἐκκαλυφθέντος,
1801 4840 1972 4910 ἐφάνη

403 4935 710 5000 ἀκολούθως
747 4936 840 4988 καί
873 4951 991 4988 τινα
1027 4934 1242 5005 μέθοδον
1290 4933 1427 5004 πρὸς
1465 4933 1526 4985 τὸ
1566 4936 1744 5002 τυχεῖν
1785 4931 1974 4984 τούτου

2073 2485 2466 2546 assequuntur,
2496 2473 2564 2530 iis
2590 2474 2835 2545 profecto
2869 2476 2994 2530 vitae
3022 2461 3286 2539 honestae,
3324 2482 3378 2529 et
3403 2489 3524 2544 quae
3542 2474 3652 2528 vir-

2069 2567 2171 2621 tuti
2222 2566 2458 2622 maxime
2506 2567 2816 2633 conveniat,
2872 2567 3105 2621 allatura
3139 2566 3210 2620 sit
3256 2565 3652 2635 cupiditatem;

2069 2656 2352 2729 permultae
2385 2656 2531 2711 enim
2564 2671 2687 2711 cum
2731 2657 2862 2722 sint,
2899 2665 2956 2712 ut
2995 2657 3167 2712 divini
3205 2656 3453 2727 Apostoli
3487 2655 3654 2711 verba

2075 2755 2219 2810 utar,
2266 2746 2677 2812 distractiones,
2734 2763 2856 2818 quae
2889 2748 3168 2802 communi
3213 2747 3496 2804 hominum
3533 2748 3654 2800 vitae

2072 2837 2428 2909 impendent;
2477 2839 2796 2894 necessario
2836 2838 2951 2893 haec
2983 2836 3203 2908 quidem
3249 2838 3446 2900 oratio,
3498 2836 3654 2907 quasi

2072 2932 2343 3000 quosdam
2397 2931 2692 2986 sanctioris
2723 2930 3030 3000 disciplina:
3061 2929 3266 2994 aditus,
3310 2938 3474 2998 atque
3509 2927 3654 2983 fores

2073 3021 2358 3092 virginalis
2384 3021 2508 3076 vitae
2539 3021 2780 3078 rationes
2811 3021 3136 3076 constituit:
3178 3027 3440 3092 tanquam
3483 3035 3655 3090 neque

2075 3110 2164 3175 iis,
2186 3112 2277 3180 qui
2309 3112 2361 3165 in
2393 3112 2496 3165 hac
2515 3112 2641 3166 vita:
2665 3112 2910 3182 vulgaris
2939 3113 3200 3168 societate
3229 3111 3478 3181 occupati
3507 3120 3655 3173 sunt,

2077 3202 2235 3258 facile
2266 3203 2338 3257 sit
2365 3203 2545 3258 otioso
2587 3203 2773 3257 animo
2810 3220 2870 3259 se
2897 3204 3184 3259 divinioris
3215 3203 3339 3257 vitae
3389 3201 3658 3257 institutis

2077 3294 2310 3359 tradere,
2346 3301 2400 3349 et
2440 3295 2567 3359 illis,
2598 3295 2692 3365 qui
2722 3296 2790 3350 ab
2822 3296 2971 3349 omni
3001 3295 3330 3350 turbulenta:
3363 3294 3487 3348 vita!
3520 3309 3651 3348 con-

2077 3387 2368 3442 suetudine
2407 3403 2466 3441 se
2517 3396 2888 3451 removerunt,
2924 3387 3082 3443 valde
3129 3396 3440 3457 promptum
3485 3387 3556 3441 sit
3594 3400 3660 3440 ac

2078 3474 2256 3537 facile,
2296 3474 2350 3528 in
2381 3475 2724 3544 gravioribus
2760 3491 2943 3530 rerum
2971 3475 3281 3530 divinarum
3314 3474 3515 3529 studiis
3541 3473 3660 3528 sine

2079 3569 2188 3622 ulla
2238 3567 2676 3636 interpellatione
2707 3582 2771 3622 ac
2811 3566 2982 3620 libere
3020 3567 3253 3621 versari.
3286 3567 3352 3620 Et
3399 3566 3658 3636 quoniam

2082 3661 2267 3728 aliquo
2295 3659 2462 3713 modo
2490 3657 2785 3711 consilium
2832 3671 2930 3726 per
2957 3671 3018 3711 se
3049 3670 3158 3710 non
3190 3656 3415 3709 multam
3443 3657 3509 3710 ad
3539 3671 3661 3725 per-

2083 3750 2425 3807 suadendum
2475 3742 2584 3802 vim
2621 3747 2808 3812 habet,
2851 3761 3029 3816 neque
3080 3745 3174 3815 qui
3217 3745 3285 3799 ad
3315 3761 3404 3802 res
3449 3747 3660 3816 aliquas

2083 3843 2246 3898 utiles
2303 3850 2356 3897 et
2403 3840 2673 3895 salutares
2724 3839 3072 3902 adhortatur,
3130 3837 3292 3892 facile
3346 3838 3660 3908 quempiam

2081 3933 2317 4004 simplici
2355 3932 2650 3987 verborum
2689 3928 2901 3984 ratione
2936 3926 3125 3992 ﬂectit,
3162 3928 3268 3983 nisi
3309 3927 3443 3983 illud
3487 3943 3658 3982 unum

2081 4030 2209 4078 ante
2248 4023 2505 4092 graviter,
2538 4027 2593 4074 et
2620 4019 2798 4088 ample
2833 4019 3201 4084 exernaverit,
3235 4017 3299 4073 ad
3327 4020 3472 4089 quod
3501 4019 3656 4072 audi-

2077 4121 2250 4168 torem
2289 4111 2471 4180 ipsum
2527 4109 2808 4178 impellere
2859 4109 3082 4164 studet:
3136 4116 3426 4178 propterea
3482 4109 3659 4162 oratio

2078 4204 2216 4270 hinc,
2246 4218 2368 4273 quae
2395 4201 2630 4256 consilio
2656 4200 3004 4255 concluditur
3033 4209 3088 4256 et
3117 4202 3462 4264 terminatur,
3493 4215 3522 4253 a
3551 4200 3661 4255 vir-

2077 4295 2325 4367 ginitatis
2357 4293 2612 4348 laudibus
2635 4307 2830 4347 exorsa
2855 4299 2960 4348 est.
2988 4291 3121 4358 Quae
3148 4299 3329 4346 autem
3358 4292 3557 4360 cuique
3583 4293 3659 4346 rei

2079 4388 2200 4442 laus
2222 4384 2558 4452 attribuitur,
2588 4398 2653 4439 ea
2681 4385 2808 4454 quia
2830 4398 3014 4438 rerum
3043 4383 3186 4437 inter
3211 4397 3270 4437 se
3299 4383 3659 4452 pugnantium

2079 4478 2445 4550 appositione,
2495 4478 2656 4548 quasi
2699 4466 3048 4531 contentione
3081 4476 3339 4546 quadam,
3393 4475 3663 4530 illustrior

2078 4570 2156 4635 ﬁt,
2192 4587 2299 4626 non
2332 4572 2452 4626 sine
2477 4584 2649 4626 causa
2680 4583 2709 4622 a
2730 4568 2892 4623 nobis
2923 4567 3316 4630 molestiarum,
3346 4582 3408 4620 ac
3436 4566 3661 4620 difﬁcul-

2078 4670 2272 4724 tatum,
2315 4662 2515 4730 quibus
2551 4662 2791 4715 humana
2827 4660 2932 4713 vita
2963 4659 3213 4723 aliicitur,
3278 4658 3482 4712 mentio
3515 4657 3660 4712 facta

2075 4764 2175 4809 est.
2209 4753 2413 4807 Deinde
2440 4753 2734 4822 explicatio
2773 4750 3045 4822 quaedam,
3078 4758 3131 4803 ct
3162 4751 3252 4803 illa
3286 4747 3501 4818 quidem
3531 4747 3658 4802 breo

2077 4847 2161 4902 vis
2193 4855 2278 4901 cst
2311 4844 2625 4898 introducta
2649 4845 2776 4898 vitae
2802 4845 2970 4907 illius,
3004 4859 3126 4914 quae
3161 4840 3517 4912 philosophia:
3536 4855 3637 4893 con

2077 4947 2338 4994 sentanea
2398 4942 2504 5000 est,
2556 4935 2803 5004 illudque
2847 4951 2981 4989 sane
3020 4935 3342 4989 conclusum
3391 4941 3496 4996 est,
3550 4946 3656 4983 non

403 5024 687 5094 ἐπινοῆσαι
720 5022 815 5077 τοῦ
842 5023 1066 5092 ἀγαθοῦ.
1094 5021 1303 5092 Εὑρέθη
1326 5020 1502 5075 τοίνυν
1539 5021 1744 5093 ἀληθὴς
1771 5019 1974 5092 παρθε-

2079 5042 2241 5098 posse
2269 5040 2388 5081 eam
2431 5025 2556 5079 vitae
2590 5025 2861 5079 rationem
2897 5038 3225 5094 quemquam
3273 5022 3513 5090 assequi,
3567 5019 3658 5083 qui

404 5115 522 5180 νία,
556 5118 589 5187 ἡ
620 5115 821 5180 παντὸς
847 5115 940 5168 τοῦ
971 5115 1030 5180 ἐξ
1072 5112 1357 5185 ἁμαρτιῶν
1397 5112 1674 5184 μολυσμοῦ
1705 5111 1975 5182 καθαρεύ-

404 5221 554 5269 ουσα,
582 5206 720 5278 πρὸς
744 5205 840 5276 τὴν
859 5205 1112 5276 τοιαύτην
1138 5204 1378 5259 ἐπίνοιαν
1407 5203 1724 5275 ἐπιτηδείως
1755 5203 1970 5273 ἔχουσα·

407 5299 541 5354 ὥστε
591 5297 769 5352 πάντα
799 5298 892 5351 τὸν
923 5295 1012 5350 διὰ
1056 5297 1220 5364 μέσου
1254 5295 1442 5363 λόγον,
1477 5294 1581 5348 κᾶν
1629 5294 1765 5364 πρὸς
1809 5294 1973 5363 ἐτερά

405 5407 520 5445 τινα
554 5391 772 5462 βλέπειν
801 5390 952 5460 δοκῇ,
978 5389 1113 5459 πρὸς
1137 5388 1197 5441 τὸ
1233 5387 1333 5458 τῆς
1359 5386 1655 5459 παρθενίας
1682 5385 1973 5440 συντείνειν

406 5484 697 5554 ἐγκώμιον.
729 5482 840 5546 Τὰς
883 5483 942 5536 δέ
987 5480 1216 5553 μερικάς
1261 5479 1542 5551 ὑποθήκας
1591 5477 1685 5533 τοῦ
1732 5480 1974 5532 τοιούτου

410 5573 543 5642 βίου,
574 5575 696 5626 ὅσαι
718 5576 827 5636 τοῖς
851 5571 1095 5644 ἀκριϐῶς
1123 5569 1366 5642 μετιοῦσι
1394 5570 1494 5642 τὴν
1519 5569 1820 5640 σεμνότητα
1848 5568 1977 5622 ταύ-

409 5682 500 5738 την
537 5665 994 5735 ἐπετηδεύθησαν,
1041 5662 1259 5734 φεύγων
1300 5663 1398 5734 τὴν
1441 5662 1706 5733 ἀμετρίαν
1745 5664 1772 5714 ό
1817 5661 1972 5728 λόγος

411 5758 742 5830 παρέδραμε,
776 5755 1072 5821 καθολικῶς
1109 5773 1168 5808 τε
1195 5753 1283 5810 διὰ
1303 5753 1410 5810 τῶν
1441 5753 1814 5824 γενικωτέρων
1847 5769 1984 5822 παρ-

2081 5122 2138 5174 in
2191 5117 2449 5173 humanis
2501 5117 2738 5188 negotiis
2789 5115 3014 5170 omnino
3064 5125 3334 5170 versatur.
3387 5110 3494 5165 Sed
3532 5125 3656 5162 cum

2079 5225 2292 5272 eorum,
2321 5210 2415 5280 qui
2445 5224 2630 5265 rerum
2681 5207 3044 5261 humanarum
3084 5221 3273 5261 curam
3318 5203 3651 5272 abiecerunt,

2081 5301 2328 5371 corporis
2350 5301 2623 5369 cupiditas
2653 5296 2934 5353 debilitata
2957 5295 3049 5361 sit,
3077 5303 3131 5350 et
3155 5295 3311 5364 quasi
3336 5295 3654 5363 languescat

2083 5392 2364 5464 appetitio,
2420 5391 2553 5445 illud
2596 5389 2724 5443 item
2758 5387 2950 5442 ordine
2992 5386 3280 5455 quaesitum
3314 5392 3430 5467 est,
3469 5398 3592 5454 quae
3625 5397 3656 5436 a

2083 5483 2240 5539 nobis
2281 5497 2371 5538 res
2410 5482 2482 5537 sit
2523 5495 2654 5536 vere
2693 5476 3014 5549 appetenda.
3059 5476 3229 5544 Cujus
3263 5476 3339 5530 rei
3381 5475 3554 5545 gratia
3589 5473 3658 5527 ab

2081 5588 2147 5629 eo
2173 5574 2266 5643 qui
2293 5581 2504 5628 natura:
2529 5557 2740 5626 nostrae
2760 5567 2984 5624 eti‘ector
3010 5572 3116 5628 est,
3150 5565 3322 5634 ipsam
3367 5563 3656 5632 appetitio-

2081 5668 2168 5721 nis
2200 5666 2308 5718 vim
2357 5673 2719 5733 naturamque
2763 5677 2864 5718 nos
2907 5658 3234 5730 accepimus.
3278 5657 3393 5723 Qua
3429 5655 3657 5725 quidem

2079 5770 2158 5822 re,
2183 5755 2361 5827 quoad
2383 5755 2498 5812 ﬁeri
2530 5755 2725 5825 potuit,
2753 5754 2910 5826 plane
2937 5749 3230 5823 explicata,
3273 5762 3448 5819 neque
3480 5745 3648 5801 etiam
