  <div class='ocr_page' id='page_1' title='image "/cluster/home/n/w/nwhite01/storage/ocr_20150623/46/mdp.39015011915447/167.png"; bbox 0 0 4034 6132; ppageno 0'>
   <div class='ocr_carea' id='block_1_1' title="bbox 367 260 514 368">
    <p class='ocr_par' dir='ltr' id='par_1_1' title="bbox 367 260 514 368">
     <span class='ocr_line' id='line_1_1' title="bbox 367 260 514 368; baseline 0.014 -3"><span class='ocrx_word' id='word_1_1' title='bbox 367 307 473 368; x_wconf 76' lang='grc'><strong>519</strong></span> <span class='ocrx_word' id='word_1_2' title='bbox 510 260 514 265; x_wconf 16' lang='grc' dir='ltr'>ι</span> 
     </span>
    </p>
   </div>
   <div class='ocr_carea' id='block_1_2' title="bbox 1598 315 2354 374">
    <p class='ocr_par' dir='ltr' id='par_1_2' title="bbox 1598 315 2354 374">
     <span class='ocr_line' id='line_1_2' title="bbox 1598 315 2354 374; baseline 0.001 -3"><span class='ocrx_word' id='word_1_3' title='bbox 1598 316 1654 371; x_wconf 86' lang='lat' dir='ltr'><strong>S.</strong></span> <span class='ocrx_word' id='word_1_4' title='bbox 1697 315 2024 374; x_wconf 81' lang='lat' dir='ltr'><strong>GREGORII</strong></span> <span class='ocrx_word' id='word_1_5' title='bbox 2061 317 2354 374; x_wconf 74' lang='lat' dir='ltr'><strong>NYSSENI</strong></span> 
     </span>
    </p>
   </div>
   <div class='ocr_carea' id='block_1_3' title="bbox 3508 316 3614 377">
    <p class='ocr_par' dir='ltr' id='par_1_3' title="bbox 3508 316 3614 377">
     <span class='ocr_line' id='line_1_3' title="bbox 3508 316 3614 377; baseline -0.028 0"><span class='ocrx_word' id='word_1_6' title='bbox 3508 316 3614 377; x_wconf 71' lang='lat'><strong>320</strong></span> 
     </span>
    </p>
   </div>
   <div class='ocr_carea' id='block_1_4' title="bbox 369 425 1951 508">
    <p class='ocr_par' dir='ltr' id='par_1_4' title="bbox 369 425 1942 502">
     <span class='ocr_line' id='line_1_4' title="bbox 369 425 1942 502; baseline 0.007 -25"><span class='ocrx_word' id='word_1_7' title='bbox 369 430 697 495; x_wconf 68' lang='lat' dir='ltr'><strong>praepostere</strong></span> <span class='ocrx_word' id='word_1_8' title='bbox 738 425 915 481; x_wconf 91' lang='lat' dir='ltr'><strong>visum</strong></span> <span class='ocrx_word' id='word_1_9' title='bbox 957 434 1060 494; x_wconf 88' lang='lat' dir='ltr'><strong>est,</strong></span> <span class='ocrx_word' id='word_1_10' title='bbox 1094 426 1361 482; x_wconf 88' lang='lat' dir='ltr'><strong>rationem</strong></span> <span class='ocrx_word' id='word_1_11' title='bbox 1408 430 1722 499; x_wconf 83' lang='lat' dir='ltr'><strong>quamdam,</strong></span> <span class='ocrx_word' id='word_1_12' title='bbox 1777 441 1942 502; x_wconf 86' lang='lat' dir='ltr'><strong>atque</strong></span> 
     </span>
    </p>
   </div>
   <div class='ocr_carea' id='block_1_5' title="bbox 2053 425 3624 508">
    <p class='ocr_par' dir='ltr' id='par_1_5' title="bbox 2053 428 3624 508">
     <span class='ocr_line' id='line_1_5' title="bbox 2053 428 3624 508; baseline 0.001 -20"><span class='ocrx_word' id='word_1_13' title='bbox 2053 436 2401 507; x_wconf 75' lang='grc' dir='ltr'>ιγγελμάτων</span> <span class='ocrx_word' id='word_1_14' title='bbox 2459 436 2820 505; x_wconf 85' lang='grc' dir='ltr'>προσαγαγὼν</span> <span class='ocrx_word' id='word_1_15' title='bbox 2859 434 2983 507; x_wconf 74' lang='grc' dir='ltr'>’τήν</span> <span class='ocrx_word' id='word_1_16' title='bbox 3039 428 3378 508; x_wconf 79' lang='grc' dir='ltr'>παραίνεσιν,</span> <span class='ocrx_word' id='word_1_17' title='bbox 3444 442 3624 508; x_wconf 80' lang='grc' dir='ltr'>ἐμπε-</span> 
     </span>
    </p>
   </div>
   <div class='ocr_carea' id='block_1_6' title="bbox 374 517 1938 594">
    <p class='ocr_par' dir='ltr' id='par_1_6' title="bbox 374 517 1938 594">
     <span class='ocr_line' id='line_1_6' title="bbox 374 517 1938 594; baseline 0.008 -27"><span class='ocrx_word' id='word_1_18' title='bbox 374 531 514 568; x_wconf 72' lang='grc' dir='ltr'>νιειηι</span> <span class='ocrx_word' id='word_1_19' title='bbox 538 517 813 588; x_wconf 80' lang='lat' dir='ltr'><strong>indagare,</strong></span> <span class='ocrx_word' id='word_1_20' title='bbox 847 533 953 587; x_wconf 91' lang='lat' dir='ltr'><strong>qua</strong></span> <span class='ocrx_word' id='word_1_21' title='bbox 984 520 1087 574; x_wconf 89' lang='lat' dir='ltr'><strong>hoc</strong></span> <span class='ocrx_word' id='word_1_22' title='bbox 1112 535 1243 574; x_wconf 87' lang='lat' dir='ltr'><strong>sane</strong></span> <span class='ocrx_word' id='word_1_23' title='bbox 1265 521 1468 576; x_wconf 91' lang='lat' dir='ltr'><strong>bonum</strong></span> <span class='ocrx_word' id='word_1_24' title='bbox 1500 538 1938 594; x_wconf 91' lang='lat' dir='ltr'><strong>assequeremur.</strong></span> 
     </span>
    </p>
   </div>
   <div class='ocr_carea' id='block_1_7' title="bbox 377 605 1944 688">
    <p class='ocr_par' dir='ltr' id='par_1_7' title="bbox 377 605 1944 688">
     <span class='ocr_line' id='line_1_7' title="bbox 377 605 1944 688; baseline 0.009 -29"><span class='ocrx_word' id='word_1_25' title='bbox 377 605 510 660; x_wconf 85' lang='lat' dir='ltr'><strong>Vera</strong></span> <span class='ocrx_word' id='word_1_26' title='bbox 541 609 725 677; x_wconf 77' lang='lat' dir='ltr'><strong>igitur,</strong></span> <span class='ocrx_word' id='word_1_27' title='bbox 753 617 804 664; x_wconf 93' lang='lat' dir='ltr'><strong>et</strong></span> <span class='ocrx_word' id='word_1_28' title='bbox 829 610 1002 664; x_wconf 90' lang='lat' dir='ltr'><strong>solida</strong></span> <span class='ocrx_word' id='word_1_29' title='bbox 1029 612 1314 681; x_wconf 76' lang='lat' dir='ltr'><strong>virginitas</strong></span> <span class='ocrx_word' id='word_1_30' title='bbox 1344 629 1467 669; x_wconf 90' lang='lat' dir='ltr'><strong>cum</strong></span> <span class='ocrx_word' id='word_1_31' title='bbox 1505 616 1666 672; x_wconf 93' lang='lat' dir='ltr'><strong>nullis</strong></span> <span class='ocrx_word' id='word_1_32' title='bbox 1693 626 1944 688; x_wconf 88' lang='lat' dir='ltr'><strong>peccato-</strong></span> 
     </span>
    </p>
   </div>
   <div class='ocr_carea' id='block_1_8' title="bbox 373 694 1940 776">
    <p class='ocr_par' dir='ltr' id='par_1_8' title="bbox 373 694 1940 776">
     <span class='ocr_line' id='line_1_8' title="bbox 373 694 1940 776; baseline 0.008 -27"><span class='ocrx_word' id='word_1_33' title='bbox 373 712 494 750; x_wconf 86' lang='lat' dir='ltr'><strong>rum</strong></span> <span class='ocrx_word' id='word_1_34' title='bbox 525 699 780 752; x_wconf 88' lang='lat' dir='ltr'><strong>sordibus</strong></span> <span class='ocrx_word' id='word_1_35' title='bbox 813 700 1141 766; x_wconf 89' lang='lat' dir='ltr'><strong>obsolescat,</strong></span> <span class='ocrx_word' id='word_1_36' title='bbox 1180 718 1245 757; x_wconf 90' lang='lat' dir='ltr'><strong>ea</strong></span> <span class='ocrx_word' id='word_1_37' title='bbox 1280 704 1346 758; x_wconf 91' lang='lat' dir='ltr'><strong>ad</strong></span> <span class='ocrx_word' id='word_1_38' title='bbox 1383 694 1524 761; x_wconf 85' lang='lat' dir='ltr'><strong>hanc</strong></span> <span class='ocrx_word' id='word_1_39' title='bbox 1558 706 1729 776; x_wconf 84' lang='lat' dir='ltr'><strong>ipsam</strong></span> <span class='ocrx_word' id='word_1_40' title='bbox 1789 709 1940 762; x_wconf 84' lang='lat' dir='ltr'><strong>inda-</strong></span> 
     </span>
    </p>
   </div>
   <div class='ocr_carea' id='block_1_9' title="bbox 373 788 1944 864">
    <p class='ocr_par' dir='ltr' id='par_1_9' title="bbox 373 788 1944 864">
     <span class='ocr_line' id='line_1_9' title="bbox 373 788 1944 864; baseline 0.008 -24"><span class='ocrx_word' id='word_1_41' title='bbox 373 789 645 857; x_wconf 77' lang='lat' dir='ltr'><strong>gationem</strong></span> <span class='ocrx_word' id='word_1_42' title='bbox 697 788 914 843; x_wconf 90' lang='lat' dir='ltr'><strong>inventa</strong></span> <span class='ocrx_word' id='word_1_43' title='bbox 958 799 1041 846; x_wconf 90' lang='lat' dir='ltr'><strong>est</strong></span> <span class='ocrx_word' id='word_1_44' title='bbox 1077 793 1232 848; x_wconf 86' lang='lat' dir='ltr'><strong>valde</strong></span> <span class='ocrx_word' id='word_1_45' title='bbox 1266 797 1707 850; x_wconf 89' lang='lat' dir='ltr'><strong>&#39;accommodata.</strong></span> <span class='ocrx_word' id='word_1_46' title='bbox 1739 797 1944 864; x_wconf 87' lang='lat' dir='ltr'><strong>Quam-</strong></span> 
     </span>
    </p>
   </div>
   <div class='ocr_carea' id='block_1_10' title="bbox 372 879 1943 958">
    <p class='ocr_par' dir='ltr' id='par_1_10' title="bbox 372 879 1943 958">
     <span class='ocr_line' id='line_1_10' title="bbox 372 879 1943 958; baseline 0.008 -26"><span class='ocrx_word' id='word_1_47' title='bbox 372 879 556 932; x_wconf 90' lang='lat' dir='ltr'><strong>obrem</strong></span> <span class='ocrx_word' id='word_1_48' title='bbox 584 895 923 950; x_wconf 67' lang='lat' dir='ltr'><strong>quaecunque</strong></span> <span class='ocrx_word' id='word_1_49' title='bbox 944 882 1046 937; x_wconf 89' lang='lat' dir='ltr'><strong>hac</strong></span> <span class='ocrx_word' id='word_1_50' title='bbox 1081 887 1330 939; x_wconf 90' lang='lat' dir='ltr'><strong>oratione</strong></span> <span class='ocrx_word' id='word_1_51' title='bbox 1352 889 1599 958; x_wconf 79' lang='lat' dir='ltr'><strong>exposita</strong></span> <span class='ocrx_word' id='word_1_52' title='bbox 1631 899 1778 955; x_wconf 88' lang='lat' dir='ltr'><strong>sunt,</strong></span> <span class='ocrx_word' id='word_1_53' title='bbox 1839 893 1943 946; x_wconf 88' lang='lat' dir='ltr'><strong>etsi</strong></span> 
     </span>
    </p>
   </div>
   <div class='ocr_carea' id='block_1_11' title="bbox 374 969 1941 1053">
    <p class='ocr_par' dir='ltr' id='par_1_11' title="bbox 374 969 1941 1053">
     <span class='ocr_line' id='line_1_11' title="bbox 374 969 1941 1053; baseline 0.01 -33"><span class='ocrx_word' id='word_1_54' title='bbox 374 969 481 1021; x_wconf 92' lang='lat' dir='ltr'><strong>alio</strong></span> <span class='ocrx_word' id='word_1_55' title='bbox 508 979 754 1038; x_wconf 89' lang='lat' dir='ltr'><strong>spectare</strong></span> <span class='ocrx_word' id='word_1_56' title='bbox 783 971 1057 1038; x_wconf 89' lang='lat' dir='ltr'><strong>videntur,</strong></span> <span class='ocrx_word' id='word_1_57' title='bbox 1089 977 1272 1030; x_wconf 86' lang='lat' dir='ltr'><strong>omnia</strong></span> <span class='ocrx_word' id='word_1_58' title='bbox 1299 986 1478 1034; x_wconf 87' lang='lat' dir='ltr'><strong>tamen</strong></span> <span class='ocrx_word' id='word_1_59' title='bbox 1511 981 1576 1034; x_wconf 89' lang='lat' dir='ltr'><strong>ad</strong></span> <span class='ocrx_word' id='word_1_60' title='bbox 1607 981 1748 1036; x_wconf 90' lang='lat' dir='ltr'><strong>hanc</strong></span> <span class='ocrx_word' id='word_1_61' title='bbox 1777 982 1941 1053; x_wconf 89' lang='lat' dir='ltr'><strong>virgi-</strong></span> 
     </span>
    </p>
   </div>
   <div class='ocr_carea' id='block_1_12' title="bbox 374 1053 1944 1138">
    <p class='ocr_par' dir='ltr' id='par_1_12' title="bbox 374 1053 1944 1138">
     <span class='ocr_line' id='line_1_12' title="bbox 374 1053 1944 1138; baseline 0.013 -34"><span class='ocrx_word' id='word_1_62' title='bbox 374 1053 549 1106; x_wconf 89' lang='lat' dir='ltr'><strong>nalem</strong></span> <span class='ocrx_word' id='word_1_63' title='bbox 577 1055 788 1109; x_wconf 88' lang='lat' dir='ltr'><strong>Iaudem</strong></span> <span class='ocrx_word' id='word_1_64' title='bbox 819 1058 978 1126; x_wconf 85' lang='lat' dir='ltr'><strong>plane</strong></span> <span class='ocrx_word' id='word_1_65' title='bbox 1004 1060 1335 1120; x_wconf 88' lang='lat' dir='ltr'><strong>referuntur.</strong></span> <span class='ocrx_word' id='word_1_66' title='bbox 1366 1063 1590 1136; x_wconf 81' lang='lat' dir='ltr'><strong>Singula</strong></span> <span class='ocrx_word' id='word_1_67' title='bbox 1613 1070 1759 1122; x_wconf 89' lang='lat' dir='ltr'><strong>enim</strong></span> <span class='ocrx_word' id='word_1_68' title='bbox 1781 1068 1944 1138; x_wconf 87' lang='lat' dir='ltr'><strong>hujus</strong></span> 
     </span>
    </p>
   </div>
   <div class='ocr_carea' id='block_1_13' title="bbox 374 1147 1946 1228">
    <p class='ocr_par' dir='ltr' id='par_1_13' title="bbox 374 1147 1946 1228">
     <span class='ocr_line' id='line_1_13' title="bbox 374 1147 1946 1228; baseline 0.009 -29"><span class='ocrx_word' id='word_1_69' title='bbox 374 1147 497 1200; x_wconf 67' lang='lat' dir='ltr'><strong>vita:</strong></span> <span class='ocrx_word' id='word_1_70' title='bbox 530 1159 798 1219; x_wconf 64' lang='lat' dir='ltr'><strong>praecepta</strong></span> <span class='ocrx_word' id='word_1_71' title='bbox 840 1158 1003 1220; x_wconf 91' lang='lat' dir='ltr'><strong>atque</strong></span> <span class='ocrx_word' id='word_1_72' title='bbox 1025 1155 1304 1219; x_wconf 87' lang='lat' dir='ltr'><strong>instituta,</strong></span> <span class='ocrx_word' id='word_1_73' title='bbox 1337 1172 1457 1226; x_wconf 72' lang='lat' dir='ltr'><strong>quae</strong></span> <span class='ocrx_word' id='word_1_74' title='bbox 1496 1158 1785 1228; x_wconf 80' lang='lat' dir='ltr'><strong>diligenter</strong></span> <span class='ocrx_word' id='word_1_75' title='bbox 1819 1169 1946 1214; x_wconf 88' lang='lat' dir='ltr'><strong>sunt</strong></span> 
     </span>
    </p>
   </div>
   <div class='ocr_carea' id='block_1_14' title="bbox 373 1245 1944 1320">
    <p class='ocr_par' dir='ltr' id='par_1_14' title="bbox 373 1245 1944 1320">
     <span class='ocr_line' id='line_1_14' title="bbox 373 1245 1944 1320; baseline 0.01 -29"><span class='ocrx_word' id='word_1_76' title='bbox 373 1245 428 1291; x_wconf 92' lang='lat' dir='ltr'><strong>et</strong></span> <span class='ocrx_word' id='word_1_77' title='bbox 457 1249 711 1295; x_wconf 88' lang='lat' dir='ltr'><strong>accurate</strong></span> <span class='ocrx_word' id='word_1_78' title='bbox 760 1245 974 1297; x_wconf 80' lang='lat' dir='ltr'><strong>exculta</strong></span> <span class='ocrx_word' id='word_1_79' title='bbox 1017 1246 1086 1299; x_wconf 84' lang='lat' dir='ltr'><strong>ab</strong></span> <span class='ocrx_word' id='word_1_80' title='bbox 1128 1247 1212 1311; x_wconf 91' lang='lat' dir='ltr'><strong>iis,</strong></span> <span class='ocrx_word' id='word_1_81' title='bbox 1258 1249 1348 1318; x_wconf 91' lang='lat' dir='ltr'><strong>qui</strong></span> <span class='ocrx_word' id='word_1_82' title='bbox 1386 1261 1588 1316; x_wconf 82' lang='lat' dir='ltr'><strong>sanctae</strong></span> <span class='ocrx_word' id='word_1_83' title='bbox 1619 1253 1742 1305; x_wconf 70' lang='lat' dir='ltr'><strong>vita:</strong></span> <span class='ocrx_word' id='word_1_84' title='bbox 1781 1251 1944 1320; x_wconf 87' lang='lat' dir='ltr'><strong>hujus</strong></span> 
     </span>
    </p>
   </div>
   <div class='ocr_carea' id='block_1_15' title="bbox 376 1331 1941 1412">
    <p class='ocr_par' dir='ltr' id='par_1_15' title="bbox 376 1331 1941 1412">
     <span class='ocr_line' id='line_1_15' title="bbox 376 1331 1941 1412; baseline 0.009 -31"><span class='ocrx_word' id='word_1_85' title='bbox 376 1331 668 1398; x_wconf 75' lang='lat' dir='ltr'><strong>participes</strong></span> <span class='ocrx_word' id='word_1_86' title='bbox 686 1340 836 1395; x_wconf 91' lang='lat' dir='ltr'><strong>sunt,</strong></span> <span class='ocrx_word' id='word_1_87' title='bbox 868 1335 1092 1388; x_wconf 88' lang='lat' dir='ltr'><strong>nimiam</strong></span> <span class='ocrx_word' id='word_1_88' title='bbox 1116 1336 1404 1391; x_wconf 82' lang='lat' dir='ltr'><strong>verborum</strong></span> <span class='ocrx_word' id='word_1_89' title='bbox 1430 1340 1640 1409; x_wconf 92' lang='lat' dir='ltr'><strong>copiam</strong></span> <span class='ocrx_word' id='word_1_90' title='bbox 1659 1339 1941 1412; x_wconf 73' lang='lat' dir='ltr'><strong>effugiens,</strong></span> 
     </span>
    </p>
   </div>
   <div class='ocr_carea' id='block_1_16' title="bbox 375 1419 1946 1500">
    <p class='ocr_par' dir='ltr' id='par_1_16' title="bbox 375 1419 1946 1500">
     <span class='ocr_line' id='line_1_16' title="bbox 375 1419 1946 1500; baseline 0.01 -29"><span class='ocrx_word' id='word_1_91' title='bbox 375 1419 492 1474; x_wconf 70' lang='lat' dir='ltr'><strong>haec</strong></span> <span class='ocrx_word' id='word_1_92' title='bbox 538 1425 811 1489; x_wconf 84' lang='lat' dir='ltr'><strong>percurrit</strong></span> <span class='ocrx_word' id='word_1_93' title='bbox 860 1426 1068 1480; x_wconf 89' lang='lat' dir='ltr'><strong>oratio:</strong></span> <span class='ocrx_word' id='word_1_94' title='bbox 1108 1441 1172 1481; x_wconf 90' lang='lat' dir='ltr'><strong>ac</strong></span> <span class='ocrx_word' id='word_1_95' title='bbox 1211 1430 1509 1499; x_wconf 84' lang='lat' dir='ltr'><strong>generatim</strong></span> <span class='ocrx_word' id='word_1_96' title='bbox 1557 1447 1654 1500; x_wconf 90' lang='lat' dir='ltr'><strong>per</strong></span> <span class='ocrx_word' id='word_1_97' title='bbox 1701 1447 1946 1487; x_wconf 86' lang='lat' dir='ltr'><strong>commu-</strong></span> 
     </span>
    </p>
   </div>
   <div class='ocr_carea' id='block_1_17' title="bbox 377 1509 1944 1592">
    <p class='ocr_par' dir='ltr' id='par_1_17' title="bbox 377 1509 1944 1592">
     <span class='ocr_line' id='line_1_17' title="bbox 377 1509 1944 1592; baseline 0.011 -32"><span class='ocrx_word' id='word_1_98' title='bbox 377 1509 467 1563; x_wconf 91' lang='lat' dir='ltr'><strong>nia</strong></span> <span class='ocrx_word' id='word_1_99' title='bbox 509 1521 776 1583; x_wconf 68' lang='lat' dir='ltr'><strong>prmeepta</strong></span> <span class='ocrx_word' id='word_1_100' title='bbox 805 1515 1195 1574; x_wconf 81' lang='lat' dir='ltr'><strong>adhortatione</strong></span> <span class='ocrx_word' id='word_1_101' title='bbox 1231 1521 1518 1589; x_wconf 90' lang='lat' dir='ltr'><strong>producta,</strong></span> <span class='ocrx_word' id='word_1_102' title='bbox 1573 1538 1661 1578; x_wconf 90' lang='lat' dir='ltr'><strong>res</strong></span> <span class='ocrx_word' id='word_1_103' title='bbox 1701 1524 1944 1592; x_wconf 85' lang='lat' dir='ltr'><strong>singulas</strong></span> 
     </span>
    </p>
   </div>
   <div class='ocr_carea' id='block_1_18' title="bbox 376 1601 1945 1682">
    <p class='ocr_par' dir='ltr' id='par_1_18' title="bbox 376 1601 1945 1682">
     <span class='ocr_line' id='line_1_18' title="bbox 376 1601 1945 1682; baseline 0.01 -28"><span class='ocrx_word' id='word_1_104' title='bbox 376 1601 449 1654; x_wconf 91' lang='lat' dir='ltr'><strong>ita</strong></span> <span class='ocrx_word' id='word_1_105' title='bbox 478 1603 712 1671; x_wconf 82' lang='lat' dir='ltr'><strong>quodam</strong></span> <span class='ocrx_word' id='word_1_106' title='bbox 747 1607 909 1661; x_wconf 91' lang='lat' dir='ltr'><strong>modo</strong></span> <span class='ocrx_word' id='word_1_107' title='bbox 942 1611 1374 1680; x_wconf 82' lang='lat' dir='ltr'><strong>comprehendit,</strong></span> <span class='ocrx_word' id='word_1_108' title='bbox 1406 1622 1463 1666; x_wconf 90' lang='lat' dir='ltr'><strong>ut</strong></span> <span class='ocrx_word' id='word_1_109' title='bbox 1491 1628 1666 1682; x_wconf 83' lang='lat' dir='ltr'><strong>neque</strong></span> <span class='ocrx_word' id='word_1_110' title='bbox 1699 1629 1785 1669; x_wconf 91' lang='lat' dir='ltr'><strong>res</strong></span> <span class='ocrx_word' id='word_1_111' title='bbox 1808 1615 1945 1669; x_wconf 89' lang='lat' dir='ltr'><strong>ullas</strong></span> 
     </span>
    </p>
   </div>
   <div class='ocr_carea' id='block_1_19' title="bbox 377 1697 1943 1777">
    <p class='ocr_par' dir='ltr' id='par_1_19' title="bbox 377 1697 1943 1777">
     <span class='ocr_line' id='line_1_19' title="bbox 377 1697 1943 1777; baseline 0.01 -30"><span class='ocrx_word' id='word_1_112' title='bbox 377 1697 717 1752; x_wconf 91' lang='lat' dir='ltr'><strong>necessarias</strong></span> <span class='ocrx_word' id='word_1_113' title='bbox 764 1706 1072 1767; x_wconf 77' lang='lat' dir='ltr'><strong>przetereat,</strong></span> <span class='ocrx_word' id='word_1_114' title='bbox 1109 1717 1284 1772; x_wconf 89' lang='lat' dir='ltr'><strong>neque</strong></span> <span class='ocrx_word' id='word_1_115' title='bbox 1321 1712 1472 1758; x_wconf 84' lang='lat' dir='ltr'><strong>extra</strong></span> <span class='ocrx_word' id='word_1_116' title='bbox 1515 1707 1732 1760; x_wconf 90' lang='lat' dir='ltr'><strong>modum</strong></span> <span class='ocrx_word' id='word_1_117' title='bbox 1782 1721 1943 1777; x_wconf 86' lang='lat' dir='ltr'><strong>vage-</strong></span> 
     </span>
    </p>
   </div>
   <div class='ocr_carea' id='block_1_20' title="bbox 2047 527 3617 601">
    <p class='ocr_par' dir='ltr' id='par_1_20' title="bbox 2047 527 3617 601">
     <span class='ocr_line' id='line_1_20' title="bbox 2047 527 3617 601; baseline 0.001 -20"><span class='ocrx_word' id='word_1_118' title='bbox 2047 528 2288 600; x_wconf 83' lang='grc' dir='ltr'>ριείληφε</span> <span class='ocrx_word' id='word_1_119' title='bbox 2313 527 2510 599; x_wconf 85' lang='grc' dir='ltr'><strong>τρόπον</strong></span> <span class='ocrx_word' id='word_1_120' title='bbox 2530 529 2650 583; x_wconf 84' lang='grc' dir='ltr'>τινὰ</span> <span class='ocrx_word' id='word_1_121' title='bbox 2669 529 2734 582; x_wconf 89' lang='grc' dir='ltr'><strong>τά</strong></span> <span class='ocrx_word' id='word_1_122' title='bbox 2755 527 3108 582; x_wconf 74' lang='grc' dir='ltr'>καθέκαστοψ</span> <span class='ocrx_word' id='word_1_123' title='bbox 3124 527 3200 591; x_wconf 84' lang='grc' dir='ltr'>ὡς</span> <span class='ocrx_word' id='word_1_124' title='bbox 3227 528 3360 598; x_wconf 89' lang='grc' dir='ltr'>μήτε</span> <span class='ocrx_word' id='word_1_125' title='bbox 3388 544 3440 581; x_wconf 87' lang='grc' dir='ltr'><strong>τι</strong></span> <span class='ocrx_word' id='word_1_126' title='bbox 3472 543 3617 601; x_wconf 86' lang='grc' dir='ltr'>παρ-</span> 
     </span>
    </p>
   </div>
   <div class='ocr_carea' id='block_1_21' title="bbox 2049 619 3616 690">
    <p class='ocr_par' dir='ltr' id='par_1_21' title="bbox 2049 619 3616 690">
     <span class='ocr_line' id='line_1_21' title="bbox 2049 619 3616 690; baseline -0.001 -16"><span class='ocrx_word' id='word_1_127' title='bbox 2049 621 2173 674; x_wconf 84' lang='grc' dir='ltr'>ιδεῖν</span> <span class='ocrx_word' id='word_1_128' title='bbox 2221 620 2333 672; x_wconf 88' lang='grc' dir='ltr'><strong>τῶν</strong></span> <span class='ocrx_word' id='word_1_129' title='bbox 2381 620 2732 689; x_wconf 80' lang='grc' dir='ltr'><strong>ἀναγκαίων,</strong></span> <span class='ocrx_word' id='word_1_130' title='bbox 2785 620 2880 674; x_wconf 76' lang='grc' dir='ltr'><strong>καὶ</strong></span> <span class='ocrx_word' id='word_1_131' title='bbox 2929 620 3026 690; x_wconf 84' lang='grc' dir='ltr'><strong>τὴν</strong></span> <span class='ocrx_word' id='word_1_132' title='bbox 3071 619 3335 689; x_wconf 80' lang='grc' dir='ltr'>ἀμετρίαν</span> <span class='ocrx_word' id='word_1_133' title='bbox 3378 619 3616 687; x_wconf 82' lang='grc' dir='ltr'>φυλάξα-</span> 
     </span>
    </p>
   </div>
   <div class='ocr_carea' id='block_1_22' title="bbox 2047 695 3617 785">
    <p class='ocr_par' dir='ltr' id='par_1_22' title="bbox 2047 695 3617 785">
     <span class='ocr_line' id='line_1_22' title="bbox 2047 695 3617 785; baseline 0.001 -20"><span class='ocrx_word' id='word_1_134' title='bbox 2047 713 2190 769; x_wconf 79' lang='grc' dir='ltr'>σθαι.</span> <span class='ocrx_word' id='word_1_135' title='bbox 2217 714 2412 777; x_wconf 86' lang='grc' dir='ltr'>Ἔθους</span> <span class='ocrx_word' id='word_1_136' title='bbox 2440 715 2496 766; x_wconf 89' lang='grc' dir='ltr'><strong>δέ</strong></span> <span class='ocrx_word' id='word_1_137' title='bbox 2531 715 2694 768; x_wconf 78' lang='grc' dir='ltr'>πᾶσιν</span> <span class='ocrx_word' id='word_1_138' title='bbox 2724 714 2895 779; x_wconf 76' lang='grc' dir='ltr'>ὄντος,</span> <span class='ocrx_word' id='word_1_139' title='bbox 2923 695 3326 785; x_wconf 74' lang='grc' dir='ltr'>προθυμότερον</span> <span class='ocrx_word' id='word_1_140' title='bbox 3350 713 3617 784; x_wconf 87' lang='grc' dir='ltr'>ἀντιλαμ-</span> 
     </span>
    </p>
   </div>
   <div class='ocr_carea' id='block_1_23' title="bbox 2046 802 3620 876">
    <p class='ocr_par' dir='ltr' id='par_1_23' title="bbox 2046 802 3620 876">
     <span class='ocr_line' id='line_1_23' title="bbox 2046 802 3620 876; baseline 0.002 -22"><span class='ocrx_word' id='word_1_141' title='bbox 2046 802 2302 858; x_wconf 79' lang='grc' dir='ltr'>ϐάνεσθαι</span> <span class='ocrx_word' id='word_1_142' title='bbox 2334 805 2532 865; x_wconf 82' lang='grc' dir='ltr'>παντὸς</span> <span class='ocrx_word' id='word_1_143' title='bbox 2572 805 3022 876; x_wconf 87' lang='grc' dir='ltr'>ἐπιτηδεύματος,</span> <span class='ocrx_word' id='word_1_144' title='bbox 3055 805 3106 857; x_wconf 84' lang='grc' dir='ltr'><strong>εί</strong></span> <span class='ocrx_word' id='word_1_145' title='bbox 3146 821 3298 866; x_wconf 88' lang='grc' dir='ltr'>τινας</span> <span class='ocrx_word' id='word_1_146' title='bbox 3333 804 3390 856; x_wconf 90' lang='grc' dir='ltr'><strong>ἐν</strong></span> <span class='ocrx_word' id='word_1_147' title='bbox 3427 805 3620 874; x_wconf 87' lang='grc' dir='ltr'>ἐκείνῳ</span> 
     </span>
    </p>
   </div>
   <div class='ocr_carea' id='block_1_24' title="bbox 2046 895 3621 967">
    <p class='ocr_par' dir='ltr' id='par_1_24' title="bbox 2046 895 3621 967">
     <span class='ocr_line' id='line_1_24' title="bbox 2046 895 3621 967; baseline 0.001 -21"><span class='ocrx_word' id='word_1_148' title='bbox 2046 895 2611 967; x_wconf 84' lang='grc' dir='ltr'>προευδοκιμήσαντας</span> <span class='ocrx_word' id='word_1_149' title='bbox 2645 897 2742 949; x_wconf 82' lang='grc' dir='ltr'>ίδοι</span> <span class='ocrx_word' id='word_1_150' title='bbox 2759 935 2773 959; x_wconf 94' lang='grc'><strong>,</strong></span> <span class='ocrx_word' id='word_1_151' title='bbox 2805 896 3119 963; x_wconf 87' lang='grc' dir='ltr'>ἀναγκαίως</span> <span class='ocrx_word' id='word_1_152' title='bbox 3146 896 3239 948; x_wconf 76' lang='grc' dir='ltr'><strong>καὶ</strong></span> <span class='ocrx_word' id='word_1_153' title='bbox 3265 895 3375 947; x_wconf 86' lang='grc' dir='ltr'><strong>τῶν</strong></span> <span class='ocrx_word' id='word_1_154' title='bbox 3404 896 3462 948; x_wconf 90' lang='grc' dir='ltr'><strong>ἐν</strong></span> <span class='ocrx_word' id='word_1_155' title='bbox 3488 896 3621 963; x_wconf 82' lang='grc' dir='ltr'>ἀγα-</span> 
     </span>
    </p>
   </div>
   <div class='ocr_carea' id='block_1_25' title="bbox 2050 985 3620 1058">
    <p class='ocr_par' dir='ltr' id='par_1_25' title="bbox 2050 985 3620 1058">
     <span class='ocr_line' id='line_1_25' title="bbox 2050 985 3620 1058; baseline 0.001 -22"><span class='ocrx_word' id='word_1_156' title='bbox 2050 985 2148 1057; x_wconf 79' lang='grc' dir='ltr'><strong>μίᾳ</strong></span> <span class='ocrx_word' id='word_1_157' title='bbox 2169 985 2582 1055; x_wconf 71' lang='grc' dir='ltr'>διαλαμψάντων</span> <span class='ocrx_word' id='word_1_158' title='bbox 2615 989 2785 1055; x_wconf 84' lang='grc' dir='ltr'>ἁγίων</span> <span class='ocrx_word' id='word_1_159' title='bbox 2818 989 3037 1058; x_wconf 84' lang='grc' dir='ltr'>μνήμην</span> <span class='ocrx_word' id='word_1_160' title='bbox 3067 986 3466 1056; x_wconf 77' lang='grc' dir='ltr'>ἐποιησάμεθα.</span> <span class='ocrx_word' id='word_1_161' title='bbox 3509 986 3620 1040; x_wconf 78' lang='grc' dir='ltr'><strong>Καὶ</strong></span> 
     </span>
    </p>
   </div>
   <div class='ocr_carea' id='block_1_26' title="bbox 2047 1077 3617 1149">
    <p class='ocr_par' dir='ltr' id='par_1_26' title="bbox 2047 1077 3617 1149">
     <span class='ocr_line' id='line_1_26' title="bbox 2047 1077 3617 1149; baseline -0.001 -19"><span class='ocrx_word' id='word_1_162' title='bbox 2047 1079 2233 1149; x_wconf 81' lang='grc' dir='ltr'>ἐπειδὴ</span> <span class='ocrx_word' id='word_1_163' title='bbox 2281 1079 2353 1148; x_wconf 84' lang='grc' dir='ltr'><strong>μὴ</strong></span> <span class='ocrx_word' id='word_1_164' title='bbox 2396 1077 2648 1131; x_wconf 83' lang='grc' dir='ltr'>τοσοῦτον</span> <span class='ocrx_word' id='word_1_165' title='bbox 2677 1079 2744 1132; x_wconf 80' lang='grc' dir='ltr'>τὰ</span> <span class='ocrx_word' id='word_1_166' title='bbox 2794 1081 2850 1132; x_wconf 91' lang='grc' dir='ltr'><strong>ἐν</strong></span> <span class='ocrx_word' id='word_1_167' title='bbox 2877 1081 2988 1141; x_wconf 85' lang='grc' dir='ltr'>τοῖς</span> <span class='ocrx_word' id='word_1_168' title='bbox 3026 1079 3358 1148; x_wconf 84' lang='grc' dir='ltr'>διηγήμασιν</span> <span class='ocrx_word' id='word_1_169' title='bbox 3403 1077 3617 1130; x_wconf 80' lang='grc' dir='ltr'>ὑποδεί-</span> 
     </span>
    </p>
   </div>
   <div class='ocr_carea' id='block_1_27' title="bbox 2047 1169 3618 1241">
    <p class='ocr_par' dir='ltr' id='par_1_27' title="bbox 2047 1169 3618 1241">
     <span class='ocr_line' id='line_1_27' title="bbox 2047 1169 3618 1241; baseline -0.001 -20"><span class='ocrx_word' id='word_1_170' title='bbox 2047 1187 2232 1239; x_wconf 90' lang='grc' dir='ltr'>γματα</span> <span class='ocrx_word' id='word_1_171' title='bbox 2283 1169 2534 1224; x_wconf 90' lang='grc' dir='ltr'>δύνανται</span> <span class='ocrx_word' id='word_1_172' title='bbox 2567 1170 2702 1241; x_wconf 75' lang='grc' dir='ltr'>πρὸς</span> <span class='ocrx_word' id='word_1_173' title='bbox 2754 1171 3088 1241; x_wconf 85' lang='grc' dir='ltr'>κατόρθωσιν</span> <span class='ocrx_word' id='word_1_174' title='bbox 3139 1171 3377 1240; x_wconf 84' lang='grc' dir='ltr'>ἀρετῆς,</span> <span class='ocrx_word' id='word_1_175' title='bbox 3431 1170 3554 1221; x_wconf 83' lang='grc' dir='ltr'>ὅσον</span> <span class='ocrx_word' id='word_1_176' title='bbox 3584 1171 3618 1240; x_wconf 84' lang='grc' dir='ltr'><strong>ή</strong></span> 
     </span>
    </p>
   </div>
   <div class='ocr_carea' id='block_1_28' title="bbox 2050 1258 3615 1332">
    <p class='ocr_par' dir='ltr' id='par_1_28' title="bbox 2050 1258 3615 1332">
     <span class='ocr_line' id='line_1_28' title="bbox 2050 1258 3615 1332; baseline -0.001 -22"><span class='ocrx_word' id='word_1_177' title='bbox 2050 1259 2197 1322; x_wconf 82' lang='grc' dir='ltr'>ζῶσα</span> <span class='ocrx_word' id='word_1_178' title='bbox 2232 1259 2418 1330; x_wconf 83' lang='grc' dir='ltr'>φωνὴ,</span> <span class='ocrx_word' id='word_1_179' title='bbox 2451 1261 2543 1313; x_wconf 71' lang='grc' dir='ltr'><strong>καὶ</strong></span> <span class='ocrx_word' id='word_1_180' title='bbox 2574 1260 2640 1313; x_wconf 73' lang='grc' dir='ltr'>τὰ</span> <span class='ocrx_word' id='word_1_181' title='bbox 2681 1260 3046 1332; x_wconf 78' lang='grc' dir='ltr'>ἐνεργούμενα</span> <span class='ocrx_word' id='word_1_182' title='bbox 3077 1259 3184 1312; x_wconf 91' lang='grc' dir='ltr'><strong>τῶν</strong></span> <span class='ocrx_word' id='word_1_183' title='bbox 3224 1258 3443 1326; x_wconf 83' lang='grc' dir='ltr'>ἀγαθῶν</span> <span class='ocrx_word' id='word_1_184' title='bbox 3480 1259 3615 1310; x_wconf 83' lang='grc' dir='ltr'>ὐπο-</span> 
     </span>
    </p>
   </div>
   <div class='ocr_carea' id='block_1_29' title="bbox 2041 1347 3620 1421">
    <p class='ocr_par' dir='ltr' id='par_1_29' title="bbox 2041 1347 3620 1421">
     <span class='ocr_line' id='line_1_29' title="bbox 2041 1347 3620 1421; baseline -0.001 -21"><span class='ocrx_word' id='word_1_185' title='bbox 2041 1349 2351 1419; x_wconf 85' lang='grc' dir='ltr'>δείγματα⁶</span> <span class='ocrx_word' id='word_1_186' title='bbox 2417 1351 2730 1419; x_wconf 86' lang='grc' dir='ltr'>ἀναγκαίως</span> <span class='ocrx_word' id='word_1_187' title='bbox 2767 1351 2902 1421; x_wconf 83' lang='grc' dir='ltr'>πρὸς</span> <span class='ocrx_word' id='word_1_188' title='bbox 2951 1349 3027 1420; x_wconf 82' lang='grc' dir='ltr'><strong>τῷ</strong></span> <span class='ocrx_word' id='word_1_189' title='bbox 3077 1350 3219 1403; x_wconf 83' lang='grc' dir='ltr'>τέλει</span> <span class='ocrx_word' id='word_1_190' title='bbox 3279 1347 3371 1400; x_wconf 79' lang='grc' dir='ltr'><strong>τοῦ</strong></span> <span class='ocrx_word' id='word_1_191' title='bbox 3419 1347 3620 1415; x_wconf 86' lang='grc' dir='ltr'>λόγου,</span> 
     </span>
    </p>
   </div>
   <div class='ocr_carea' id='block_1_30' title="bbox 2047 1429 3621 1510">
    <p class='ocr_par' dir='ltr' id='par_1_30' title="bbox 2047 1429 3621 1510">
     <span class='ocr_line' id='line_1_30' title="bbox 2047 1429 3621 1510; baseline -0.003 -17"><span class='ocrx_word' id='word_1_192' title='bbox 2047 1439 2141 1494; x_wconf 75' lang='grc' dir='ltr'>τοῦ</span> <span class='ocrx_word' id='word_1_193' title='bbox 2197 1440 2612 1497; x_wconf 79' lang='grc' dir='ltr'>θεοσεόεστάτου</span> <span class='ocrx_word' id='word_1_194' title='bbox 2676 1429 2974 1496; x_wconf 79' lang='grc' dir='ltr'>ἐπισκόπου</span> <span class='ocrx_word' id='word_1_195' title='bbox 3034 1443 3127 1495; x_wconf 79' lang='grc' dir='ltr'>καὶ</span> <span class='ocrx_word' id='word_1_196' title='bbox 3188 1439 3399 1510; x_wconf 77' lang='grc' dir='ltr'>Πατρὸς</span> <span class='ocrx_word' id='word_1_197' title='bbox 3464 1438 3621 1508; x_wconf 81' lang='grc' dir='ltr'>ἡμῶν</span> 
     </span>
    </p>
   </div>
   <div class='ocr_carea' id='block_1_31' title="bbox 2050 1529 3622 1605">
    <p class='ocr_par' dir='ltr' id='par_1_31' title="bbox 2050 1529 3622 1605">
     <span class='ocr_line' id='line_1_31' title="bbox 2050 1529 3622 1605; baseline -0.002 -21"><span class='ocrx_word' id='word_1_198' title='bbox 2050 1532 2507 1603; x_wconf 82' lang='grc' dir='ltr'>ἐπεμνήσθημεν,</span> <span class='ocrx_word' id='word_1_199' title='bbox 2565 1533 2640 1596; x_wconf 84' lang='grc' dir='ltr'>ὡς</span> <span class='ocrx_word' id='word_1_200' title='bbox 2673 1535 2831 1605; x_wconf 87' lang='grc' dir='ltr'>μόνου</span> <span class='ocrx_word' id='word_1_201' title='bbox 2875 1533 3113 1596; x_wconf 81' lang='grc' dir='ltr'>δυνατῶς</span> <span class='ocrx_word' id='word_1_202' title='bbox 3156 1533 3370 1603; x_wconf 78' lang='grc' dir='ltr'>ἔχοντος</span> <span class='ocrx_word' id='word_1_203' title='bbox 3402 1529 3472 1582; x_wconf 91' lang='grc' dir='ltr'><strong>τά</strong></span> <span class='ocrx_word' id='word_1_204' title='bbox 3507 1546 3622 1582; x_wconf 86' lang='grc' dir='ltr'>τοι-</span> 
     </span>
    </p>
   </div>
   <div class='ocr_carea' id='block_1_32' title="bbox 2049 1621 3625 1698">
    <p class='ocr_par' dir='ltr' id='par_1_32' title="bbox 2049 1621 3625 1698">
     <span class='ocr_line' id='line_1_32' title="bbox 2049 1621 3625 1698; baseline -0.004 -20"><span class='ocrx_word' id='word_1_205' title='bbox 2049 1624 2186 1678; x_wconf 81' lang='grc' dir='ltr'>αῦτα</span> <span class='ocrx_word' id='word_1_206' title='bbox 2234 1625 2531 1681; x_wconf 85' lang='grc' dir='ltr'>παιδεύειν.</span> <span class='ocrx_word' id='word_1_207' title='bbox 2605 1627 2672 1679; x_wconf 85' lang='grc' dir='ltr'>Ἥ</span> <span class='ocrx_word' id='word_1_208' title='bbox 2725 1626 2782 1678; x_wconf 86' lang='grc' dir='ltr'><strong>δέ</strong></span> <span class='ocrx_word' id='word_1_209' title='bbox 2839 1628 3025 1698; x_wconf 86' lang='grc' dir='ltr'>μνήμη</span> <span class='ocrx_word' id='word_1_210' title='bbox 3071 1625 3170 1678; x_wconf 88' lang='grc' dir='ltr'><strong>οὐκ</strong></span> <span class='ocrx_word' id='word_1_211' title='bbox 3224 1623 3310 1678; x_wconf 84' lang='grc' dir='ltr'>ἐπ’</span> <span class='ocrx_word' id='word_1_212' title='bbox 3363 1621 3625 1692; x_wconf 83' lang='grc' dir='ltr'>ὀνόματος</span> 
     </span>
    </p>
   </div>
   <div class='ocr_carea' id='block_1_33' title="bbox 2051 1715 3626 1788">
    <p class='ocr_par' dir='ltr' id='par_1_33' title="bbox 2051 1715 3626 1788">
     <span class='ocr_line' id='line_1_33' title="bbox 2051 1715 3626 1788; baseline -0.003 -17"><span class='ocrx_word' id='word_1_213' title='bbox 2051 1719 2292 1786; x_wconf 84' lang='grc' dir='ltr'>γέγονεν,</span> <span class='ocrx_word' id='word_1_214' title='bbox 2340 1716 2474 1770; x_wconf 80' lang='grc' dir='ltr'>ἀλλὰ</span> <span class='ocrx_word' id='word_1_215' title='bbox 2518 1717 2607 1769; x_wconf 84' lang='grc' dir='ltr'><strong>διά</strong></span> <span class='ocrx_word' id='word_1_216' title='bbox 2649 1736 2810 1772; x_wconf 90' lang='grc' dir='ltr'>τινων</span> <span class='ocrx_word' id='word_1_217' title='bbox 2853 1719 3247 1788; x_wconf 79' lang='grc' dir='ltr'>γνωρισμάτων</span> <span class='ocrx_word' id='word_1_218' title='bbox 3309 1715 3371 1768; x_wconf 83' lang='grc' dir='ltr'><strong>τὸ</strong></span> <span class='ocrx_word' id='word_1_219' title='bbox 3421 1716 3626 1768; x_wconf 86' lang='grc' dir='ltr'>ἐκεῖνον</span> 
     </span>
    </p>
   </div>
   <div class='ocr_carea' id='block_1_34' title="bbox 376 1779 1951 1880">
    <p class='ocr_par' dir='ltr' id='par_1_34' title="bbox 376 1787 1943 1865">
     <span class='ocr_line' id='line_1_34' title="bbox 376 1787 1943 1865; baseline 0.01 -27"><span class='ocrx_word' id='word_1_220' title='bbox 376 1792 485 1839; x_wconf 91' lang='lat' dir='ltr'><strong>tur.</strong></span> <span class='ocrx_word' id='word_1_221' title='bbox 527 1787 662 1841; x_wconf 89' lang='lat' dir='ltr'><strong>Cum</strong></span> <span class='ocrx_word' id='word_1_222' title='bbox 694 1798 872 1845; x_wconf 89' lang='lat' dir='ltr'><strong>autem</strong></span> <span class='ocrx_word' id='word_1_223' title='bbox 908 1792 962 1846; x_wconf 94' lang='lat' dir='ltr'><strong>in</strong></span> <span class='ocrx_word' id='word_1_224' title='bbox 1007 1808 1158 1849; x_wconf 92' lang='lat' dir='ltr'><strong>more</strong></span> <span class='ocrx_word' id='word_1_225' title='bbox 1202 1804 1363 1865; x_wconf 89' lang='lat' dir='ltr'><strong>atque</strong></span> <span class='ocrx_word' id='word_1_226' title='bbox 1400 1797 1678 1852; x_wconf 83' lang='lat' dir='ltr'><strong>hominum</strong></span> <span class='ocrx_word' id='word_1_227' title='bbox 1709 1813 1943 1855; x_wconf 86' lang='lat' dir='ltr'><strong>consue-</strong></span> 
     </span>
    </p>
   </div>
   <div class='ocr_carea' id='block_1_35' title="bbox 2053 1779 3625 1880">
    <p class='ocr_par' dir='ltr' id='par_1_35' title="bbox 2053 1779 3625 1880">
     <span class='ocr_line' id='line_1_35' title="bbox 2053 1779 3625 1880; baseline -0.004 -19"><span class='ocrx_word' id='word_1_228' title='bbox 2053 1779 2182 1861; x_wconf 72' lang='grc' dir='ltr'>εἶναι</span> <span class='ocrx_word' id='word_1_229' title='bbox 2225 1779 2314 1862; x_wconf 68' lang='grc' dir='ltr'><strong>τδν</strong></span> <span class='ocrx_word' id='word_1_230' title='bbox 2348 1808 2672 1880; x_wconf 86' lang='grc' dir='ltr'>δηλούμενον</span> <span class='ocrx_word' id='word_1_231' title='bbox 2713 1811 2741 1861; x_wconf 87' lang='grc' dir='ltr'>ὁ</span> <span class='ocrx_word' id='word_1_232' title='bbox 2779 1779 2934 1875; x_wconf 76' lang='grc' dir='ltr'>λόγος</span> <span class='ocrx_word' id='word_1_233' title='bbox 2965 1779 3211 1878; x_wconf 54' lang='grc' dir='ltr'>ᾐνίξατο·</span> <span class='ocrx_word' id='word_1_234' title='bbox 3268 1806 3354 1858; x_wconf 84' lang='grc' dir='ltr'><strong>ἵνα</strong></span> <span class='ocrx_word' id='word_1_235' title='bbox 3401 1805 3476 1876; x_wconf 84' lang='grc' dir='ltr'>μὴ</span> <span class='ocrx_word' id='word_1_236' title='bbox 3510 1805 3625 1866; x_wconf 84' lang='grc' dir='ltr'>τοῖς</span> 
     </span>
    </p>
   </div>
   <div class='ocr_carea' id='block_1_36' title="bbox 377 1876 1946 1958">
    <p class='ocr_par' dir='ltr' id='par_1_36' title="bbox 377 1876 1946 1958">
     <span class='ocr_line' id='line_1_36' title="bbox 377 1876 1946 1958; baseline 0.01 -29"><span class='ocrx_word' id='word_1_237' title='bbox 377 1876 564 1933; x_wconf 88' lang='lat' dir='ltr'><strong>tudine</strong></span> <span class='ocrx_word' id='word_1_238' title='bbox 605 1880 737 1934; x_wconf 91' lang='lat' dir='ltr'><strong>illud</strong></span> <span class='ocrx_word' id='word_1_239' title='bbox 777 1883 1015 1950; x_wconf 89' lang='lat' dir='ltr'><strong>positum</strong></span> <span class='ocrx_word' id='word_1_240' title='bbox 1050 1886 1141 1949; x_wconf 90' lang='lat' dir='ltr'><strong>sit,</strong></span> <span class='ocrx_word' id='word_1_241' title='bbox 1176 1896 1235 1941; x_wconf 93' lang='lat' dir='ltr'><strong>ut</strong></span> <span class='ocrx_word' id='word_1_242' title='bbox 1281 1903 1470 1943; x_wconf 89' lang='lat' dir='ltr'><strong>omnes</strong></span> <span class='ocrx_word' id='word_1_243' title='bbox 1505 1890 1570 1943; x_wconf 91' lang='lat' dir='ltr'><strong>iis</strong></span> <span class='ocrx_word' id='word_1_244' title='bbox 1601 1890 1946 1958; x_wconf 91' lang='lat' dir='ltr'><strong>potissimum</strong></span> 
     </span>
    </p>
   </div>
   <div class='ocr_carea' id='block_1_37' title="bbox 377 1970 1950 2044">
    <p class='ocr_par' dir='ltr' id='par_1_37' title="bbox 377 1970 1950 2044">
     <span class='ocr_line' id='line_1_37' title="bbox 377 1970 1950 2044; baseline 0.01 -22"><span class='ocrx_word' id='word_1_245' title='bbox 377 1983 499 2024; x_wconf 91' lang='lat' dir='ltr'><strong>sese</strong></span> <span class='ocrx_word' id='word_1_246' title='bbox 532 1970 728 2026; x_wconf 90' lang='lat' dir='ltr'><strong>studiis</strong></span> <span class='ocrx_word' id='word_1_247' title='bbox 760 1973 910 2040; x_wconf 89' lang='lat' dir='ltr'><strong>dent,</strong></span> <span class='ocrx_word' id='word_1_248' title='bbox 942 1990 1174 2044; x_wconf 92' lang='lat' dir='ltr'><strong>quorum</strong></span> <span class='ocrx_word' id='word_1_249' title='bbox 1209 1979 1370 2032; x_wconf 89' lang='lat' dir='ltr'><strong>laude</strong></span> <span class='ocrx_word' id='word_1_250' title='bbox 1401 1981 1550 2035; x_wconf 90' lang='lat' dir='ltr'><strong>viros</strong></span> <span class='ocrx_word' id='word_1_251' title='bbox 1578 1982 1822 2037; x_wconf 88' lang='lat' dir='ltr'><strong>illustres</strong></span> <span class='ocrx_word' id='word_1_252' title='bbox 1855 1998 1950 2037; x_wconf 76' lang='lat' dir='ltr'><strong>ex.-</strong></span> 
     </span>
    </p>
   </div>
   <div class='ocr_carea' id='block_1_38' title="bbox 374 2061 1950 2142">
    <p class='ocr_par' dir='ltr' id='par_1_38' title="bbox 374 2061 1950 2142">
     <span class='ocr_line' id='line_1_38' title="bbox 374 2061 1950 2142; baseline 0.005 -26"><span class='ocrx_word' id='word_1_253' title='bbox 374 2063 578 2118; x_wconf 89' lang='lat' dir='ltr'><strong>stitisse</strong></span> <span class='ocrx_word' id='word_1_254' title='bbox 611 2061 868 2129; x_wconf 86' lang='lat' dir='ltr'><strong>viderint,</strong></span> <span class='ocrx_word' id='word_1_255' title='bbox 927 2068 1241 2122; x_wconf 87' lang='lat' dir='ltr'><strong>necessario</strong></span> <span class='ocrx_word' id='word_1_256' title='bbox 1293 2069 1388 2138; x_wconf 89' lang='lat' dir='ltr'><strong>qui</strong></span> <span class='ocrx_word' id='word_1_257' title='bbox 1437 2071 1726 2126; x_wconf 76' lang='lat' dir='ltr'><strong>cmlibatus</strong></span> <span class='ocrx_word' id='word_1_258' title='bbox 1777 2072 1950 2142; x_wconf 82' lang='lat' dir='ltr'><strong>gloria</strong></span> 
     </span>
    </p>
   </div>
   <div class='ocr_carea' id='block_1_39' title="bbox 374 2150 1948 2230">
    <p class='ocr_par' dir='ltr' id='par_1_39' title="bbox 374 2150 1948 2230">
     <span class='ocr_line' id='line_1_39' title="bbox 374 2150 1948 2230; baseline 0.009 -28"><span class='ocrx_word' id='word_1_259' title='bbox 374 2150 694 2221; x_wconf 84' lang='lat' dir='ltr'><strong>ﬂoruerunt,</strong></span> <span class='ocrx_word' id='word_1_260' title='bbox 737 2171 833 2211; x_wconf 92' lang='lat' dir='ltr'><strong>eos</strong></span> <span class='ocrx_word' id='word_1_261' title='bbox 866 2157 953 2226; x_wconf 86' lang='lat' dir='ltr'><strong>pie</strong></span> <span class='ocrx_word' id='word_1_262' title='bbox 983 2161 1554 2216; x_wconf 84' lang='lat' dir='ltr'><strong>commemoravimus.</strong></span> <span class='ocrx_word' id='word_1_263' title='bbox 1602 2160 1666 2214; x_wconf 86' lang='lat' dir='ltr'><strong>Et</strong></span> <span class='ocrx_word' id='word_1_264' title='bbox 1691 2162 1948 2230; x_wconf 87' lang='lat' dir='ltr'><strong>quoniam</strong></span> 
     </span>
    </p>
   </div>
   <div class='ocr_carea' id='block_1_40' title="bbox 376 2248 1948 2324">
    <p class='ocr_par' dir='ltr' id='par_1_40' title="bbox 376 2248 1948 2324">
     <span class='ocr_line' id='line_1_40' title="bbox 376 2248 1948 2324; baseline 0.008 -28"><span class='ocrx_word' id='word_1_265' title='bbox 376 2259 551 2312; x_wconf 89' lang='lat' dir='ltr'><strong>neque</strong></span> <span class='ocrx_word' id='word_1_266' title='bbox 591 2248 752 2302; x_wconf 85' lang='lat' dir='ltr'><strong>rebus</strong></span> <span class='ocrx_word' id='word_1_267' title='bbox 811 2251 1102 2304; x_wconf 88' lang='lat' dir='ltr'><strong>narrandis</strong></span> <span class='ocrx_word' id='word_1_268' title='bbox 1157 2254 1403 2321; x_wconf 88' lang='lat' dir='ltr'><strong>exempla</strong></span> <span class='ocrx_word' id='word_1_269' title='bbox 1461 2254 1524 2306; x_wconf 90' lang='lat' dir='ltr'><strong>ad</strong></span> <span class='ocrx_word' id='word_1_270' title='bbox 1569 2255 1783 2310; x_wconf 85' lang='lat' dir='ltr'><strong>virtutis</strong></span> <span class='ocrx_word' id='word_1_271' title='bbox 1826 2271 1948 2324; x_wconf 88' lang='lat' dir='ltr'><strong>per-</strong></span> 
     </span>
    </p>
   </div>
   <div class='ocr_carea' id='block_1_41' title="bbox 377 2335 1949 2417">
    <p class='ocr_par' dir='ltr' id='par_1_41' title="bbox 377 2335 1949 2417">
     <span class='ocr_line' id='line_1_41' title="bbox 377 2335 1949 2417; baseline 0.008 -29"><span class='ocrx_word' id='word_1_272' title='bbox 377 2335 664 2392; x_wconf 82' lang='lat' dir='ltr'><strong>fectionem</strong></span> <span class='ocrx_word' id='word_1_273' title='bbox 714 2348 923 2395; x_wconf 90' lang='lat' dir='ltr'><strong>tantum</strong></span> <span class='ocrx_word' id='word_1_274' title='bbox 957 2344 1173 2412; x_wconf 86' lang='lat' dir='ltr'><strong>quidem</strong></span> <span class='ocrx_word' id='word_1_275' title='bbox 1221 2345 1477 2398; x_wconf 86' lang='lat' dir='ltr'><strong>momenti</strong></span> <span class='ocrx_word' id='word_1_276' title='bbox 1519 2345 1741 2412; x_wconf 86' lang='lat' dir='ltr'><strong>habent,</strong></span> <span class='ocrx_word' id='word_1_277' title='bbox 1776 2363 1949 2417; x_wconf 88' lang='lat' dir='ltr'><strong>quan-</strong></span> 
     </span>
    </p>
   </div>
   <div class='ocr_carea' id='block_1_42' title="bbox 377 2432 1946 2507">
    <p class='ocr_par' dir='ltr' id='par_1_42' title="bbox 377 2432 1946 2507">
     <span class='ocr_line' id='line_1_42' title="bbox 377 2432 1946 2507; baseline 0.008 -27"><span class='ocrx_word' id='word_1_278' title='bbox 377 2435 490 2482; x_wconf 89' lang='lat' dir='ltr'><strong>tum</strong></span> <span class='ocrx_word' id='word_1_279' title='bbox 506 2439 650 2485; x_wconf 86' lang='lat' dir='ltr'><strong>certe</strong></span> <span class='ocrx_word' id='word_1_280' title='bbox 676 2432 838 2488; x_wconf 81' lang='lat' dir='ltr'><strong>habet</strong></span> <span class='ocrx_word' id='word_1_281' title='bbox 861 2443 972 2487; x_wconf 87' lang='lat' dir='ltr'><strong>tmn</strong></span> <span class='ocrx_word' id='word_1_282' title='bbox 998 2449 1100 2488; x_wconf 81' lang='lat' dir='ltr'><strong>vox</strong></span> <span class='ocrx_word' id='word_1_283' title='bbox 1121 2435 1261 2495; x_wconf 89' lang='lat' dir='ltr'><strong>viva,</strong></span> <span class='ocrx_word' id='word_1_284' title='bbox 1288 2443 1399 2489; x_wconf 90' lang='lat' dir='ltr'><strong>tum</strong></span> <span class='ocrx_word' id='word_1_285' title='bbox 1427 2437 1658 2491; x_wconf 76' lang='lat' dir='ltr'><strong>maxime</strong></span> <span class='ocrx_word' id='word_1_286' title='bbox 1678 2440 1946 2507; x_wconf 76' lang='lat' dir='ltr'><strong>exempla,</strong></span> 
     </span>
    </p>
   </div>
   <div class='ocr_carea' id='block_1_43' title="bbox 376 2521 1949 2593">
    <p class='ocr_par' dir='ltr' id='par_1_43' title="bbox 376 2521 1949 2593">
     <span class='ocr_line' id='line_1_43' title="bbox 376 2521 1949 2593; baseline 0.009 -24"><span class='ocrx_word' id='word_1_287' title='bbox 376 2531 495 2584; x_wconf 67' lang='lat' dir='ltr'><strong>qua:</strong></span> <span class='ocrx_word' id='word_1_288' title='bbox 525 2533 612 2573; x_wconf 86' lang='lat' dir='ltr'><strong>res</strong></span> <span class='ocrx_word' id='word_1_289' title='bbox 645 2521 916 2575; x_wconf 85' lang='lat' dir='ltr'><strong>salutares</strong></span> <span class='ocrx_word' id='word_1_290' title='bbox 939 2521 1182 2591; x_wconf 85' lang='lat' dir='ltr'><strong>gignunt</strong></span> <span class='ocrx_word' id='word_1_291' title='bbox 1209 2543 1222 2578; x_wconf 91' lang='lat'><strong>:</strong></span> <span class='ocrx_word' id='word_1_292' title='bbox 1264 2523 1472 2578; x_wconf 89' lang='lat' dir='ltr'><strong>idcirco</strong></span> <span class='ocrx_word' id='word_1_293' title='bbox 1498 2525 1624 2593; x_wconf 87' lang='lat' dir='ltr'><strong>jure</strong></span> <span class='ocrx_word' id='word_1_294' title='bbox 1653 2535 1706 2581; x_wconf 89' lang='lat' dir='ltr'><strong>et</strong></span> <span class='ocrx_word' id='word_1_295' title='bbox 1739 2530 1949 2592; x_wconf 90' lang='lat' dir='ltr'><strong>merito,</strong></span> 
     </span>
    </p>
   </div>
   <div class='ocr_carea' id='block_1_44' title="bbox 2048 1898 3626 1970">
    <p class='ocr_par' dir='ltr' id='par_1_44' title="bbox 2048 1898 3626 1970">
     <span class='ocr_line' id='line_1_44' title="bbox 2048 1898 3626 1970; baseline -0.003 -18"><span class='ocrx_word' id='word_1_296' title='bbox 2048 1899 2183 1970; x_wconf 85' lang='grc' dir='ltr'><strong>μετά</strong></span> <span class='ocrx_word' id='word_1_297' title='bbox 2234 1898 2405 1952; x_wconf 81' lang='grc' dir='ltr'>ταῦτα</span> <span class='ocrx_word' id='word_1_298' title='bbox 2446 1899 2796 1970; x_wconf 80' lang='grc' dir='ltr'>καθομιλοῦσι</span> <span class='ocrx_word' id='word_1_299' title='bbox 2839 1899 2917 1968; x_wconf 80' lang='grc' dir='ltr'>τῷ</span> <span class='ocrx_word' id='word_1_300' title='bbox 2959 1898 3099 1969; x_wconf 86' lang='grc' dir='ltr'>λόγῳ</span> <span class='ocrx_word' id='word_1_301' title='bbox 3137 1898 3390 1968; x_wconf 87' lang='grc' dir='ltr'>ἀνόνητος</span> <span class='ocrx_word' id='word_1_302' title='bbox 3420 1899 3452 1967; x_wconf 87' lang='grc' dir='ltr'><strong>ή</strong></span> <span class='ocrx_word' id='word_1_303' title='bbox 3486 1912 3626 1965; x_wconf 83' lang='grc' dir='ltr'>συμ-</span> 
     </span>
    </p>
   </div>
   <div class='ocr_carea' id='block_1_45' title="bbox 2045 1985 3625 2063">
    <p class='ocr_par' dir='ltr' id='par_1_45' title="bbox 2045 1985 3625 2063">
     <span class='ocr_line' id='line_1_45' title="bbox 2045 1985 3625 2063; baseline -0.001 -22"><span class='ocrx_word' id='word_1_304' title='bbox 2045 1989 2208 2060; x_wconf 79' lang='grc' dir='ltr'>ϐουλὴ</span> <span class='ocrx_word' id='word_1_305' title='bbox 2248 1985 2386 2044; x_wconf 79' lang='grc' dir='ltr'>εἶναι</span> <span class='ocrx_word' id='word_1_306' title='bbox 2416 1989 2540 2063; x_wconf 83' lang='grc' dir='ltr'>δόξῃ</span> <span class='ocrx_word' id='word_1_307' title='bbox 2560 2032 2574 2054; x_wconf 89' lang='grc'><strong>,</strong></span> <span class='ocrx_word' id='word_1_308' title='bbox 2605 1991 2682 2060; x_wconf 79' lang='grc' dir='ltr'><strong>τῷ</strong></span> <span class='ocrx_word' id='word_1_309' title='bbox 2717 1990 3036 2062; x_wconf 80' lang='grc' dir='ltr'>παρελθόντι</span> <span class='ocrx_word' id='word_1_310' title='bbox 3085 1991 3177 2043; x_wconf 86' lang='grc' dir='ltr'><strong>τὸν</strong></span> <span class='ocrx_word' id='word_1_311' title='bbox 3218 1989 3331 2058; x_wconf 88' lang='grc' dir='ltr'>βίον</span> <span class='ocrx_word' id='word_1_312' title='bbox 3361 2004 3625 2059; x_wconf 80' lang='grc' dir='ltr'>προσφοι-</span> 
     </span>
    </p>
   </div>
   <div class='ocr_carea' id='block_1_46' title="bbox 2045 2077 3626 2150">
    <p class='ocr_par' dir='ltr' id='par_1_46' title="bbox 2045 2077 3626 2150">
     <span class='ocr_line' id='line_1_46' title="bbox 2045 2077 3626 2150; baseline -0.001 -18"><span class='ocrx_word' id='word_1_313' title='bbox 2045 2081 2142 2149; x_wconf 82' lang='grc' dir='ltr'>τᾷν</span> <span class='ocrx_word' id='word_1_314' title='bbox 2175 2081 2302 2143; x_wconf 78' lang='grc' dir='ltr'>τοὺς</span> <span class='ocrx_word' id='word_1_315' title='bbox 2333 2080 2482 2144; x_wconf 82' lang='grc' dir='ltr'>νέους</span> <span class='ocrx_word' id='word_1_316' title='bbox 2515 2081 2873 2149; x_wconf 81' lang='grc' dir='ltr'>ἐγκελεύουσα</span> <span class='ocrx_word' id='word_1_317' title='bbox 2901 2098 2912 2110; x_wconf 90' lang='grc'><strong>·</strong></span> <span class='ocrx_word' id='word_1_318' title='bbox 2944 2080 3080 2134; x_wconf 77' lang='grc' dir='ltr'>ἀλλὰ</span> <span class='ocrx_word' id='word_1_319' title='bbox 3127 2081 3261 2150; x_wconf 77' lang='grc' dir='ltr'>πρὸς</span> <span class='ocrx_word' id='word_1_320' title='bbox 3304 2079 3462 2131; x_wconf 78' lang='grc' dir='ltr'>τοῦτο</span> <span class='ocrx_word' id='word_1_321' title='bbox 3502 2077 3626 2148; x_wconf 80' lang='grc' dir='ltr'><strong>βλέ-</strong></span> 
     </span>
    </p>
   </div>
   <div class='ocr_carea' id='block_1_47' title="bbox 2048 2166 3613 2243">
    <p class='ocr_par' dir='ltr' id='par_1_47' title="bbox 2048 2166 3613 2243">
     <span class='ocr_line' id='line_1_47' title="bbox 2048 2166 3613 2243; baseline -0.002 -21"><span class='ocrx_word' id='word_1_322' title='bbox 2048 2187 2239 2234; x_wconf 81' lang='grc' dir='ltr'>ποντες</span> <span class='ocrx_word' id='word_1_323' title='bbox 2265 2171 2440 2240; x_wconf 86' lang='grc' dir='ltr'>μόνον,</span> <span class='ocrx_word' id='word_1_324' title='bbox 2473 2166 2582 2224; x_wconf 75' lang='grc' dir='ltr'>οἷον</span> <span class='ocrx_word' id='word_1_325' title='bbox 2628 2169 2766 2224; x_wconf 77' lang='grc' dir='ltr'>εἶναι</span> <span class='ocrx_word' id='word_1_326' title='bbox 2806 2173 3072 2243; x_wconf 76' lang='grc' dir='ltr'>προσήκει</span> <span class='ocrx_word' id='word_1_327' title='bbox 3103 2171 3193 2224; x_wconf 82' lang='grc' dir='ltr'><strong>τὸν</strong></span> <span class='ocrx_word' id='word_1_328' title='bbox 3221 2170 3462 2223; x_wconf 87' lang='grc' dir='ltr'>τοιούτου</span> <span class='ocrx_word' id='word_1_329' title='bbox 3496 2167 3613 2238; x_wconf 85' lang='grc' dir='ltr'>βίου</span> 
     </span>
    </p>
   </div>
   <div class='ocr_carea' id='block_1_48' title="bbox 2055 2257 3617 2332">
    <p class='ocr_par' dir='ltr' id='par_1_48' title="bbox 2055 2257 3617 2332">
     <span class='ocr_line' id='line_1_48' title="bbox 2055 2257 3617 2332; baseline -0.004 -18"><span class='ocrx_word' id='word_1_330' title='bbox 2055 2259 2390 2332; x_wconf 85' lang='grc' dir='ltr'>καθηγητὴν,</span> <span class='ocrx_word' id='word_1_331' title='bbox 2422 2261 2746 2328; x_wconf 77' lang='grc' dir='ltr'>ἐκλέγωνται</span> <span class='ocrx_word' id='word_1_332' title='bbox 2775 2263 2987 2324; x_wconf 79' lang='grc' dir='ltr'>ἑαυτοῖς</span> <span class='ocrx_word' id='word_1_333' title='bbox 3015 2264 3093 2324; x_wconf 87' lang='grc' dir='ltr'><strong>είς</strong></span> <span class='ocrx_word' id='word_1_334' title='bbox 3120 2261 3340 2331; x_wconf 83' lang='grc' dir='ltr'>ὁδηγίαν</span> <span class='ocrx_word' id='word_1_335' title='bbox 3370 2260 3496 2320; x_wconf 67' lang='grc' dir='ltr'>τοὺς</span> <span class='ocrx_word' id='word_1_336' title='bbox 3525 2257 3617 2308; x_wconf 75' lang='grc' dir='ltr'>ἀεὶ</span> 
     </span>
    </p>
   </div>
   <div class='ocr_carea' id='block_1_49' title="bbox 2056 2346 3628 2420">
    <p class='ocr_par' dir='ltr' id='par_1_49' title="bbox 2056 2346 3628 2420">
     <span class='ocr_line' id='line_1_49' title="bbox 2056 2346 3628 2420; baseline -0.003 -20"><span class='ocrx_word' id='word_1_337' title='bbox 2056 2349 2202 2418; x_wconf 79' lang='grc' dir='ltr'>παρὰ</span> <span class='ocrx_word' id='word_1_338' title='bbox 2233 2349 2333 2417; x_wconf 77' lang='grc' dir='ltr'>τῆς</span> <span class='ocrx_word' id='word_1_339' title='bbox 2361 2349 2454 2401; x_wconf 75' lang='grc' dir='ltr'>τοῦ</span> <span class='ocrx_word' id='word_1_340' title='bbox 2490 2349 2623 2402; x_wconf 84' lang='grc' dir='ltr'>Θεοῦ</span> <span class='ocrx_word' id='word_1_341' title='bbox 2658 2349 2877 2420; x_wconf 85' lang='grc' dir='ltr'>χάριτος</span> <span class='ocrx_word' id='word_1_342' title='bbox 2907 2351 2985 2412; x_wconf 75' lang='grc' dir='ltr'><strong>εἰς</strong></span> <span class='ocrx_word' id='word_1_343' title='bbox 3017 2348 3353 2418; x_wconf 86' lang='grc' dir='ltr'>προστασίαν</span> <span class='ocrx_word' id='word_1_344' title='bbox 3374 2347 3473 2417; x_wconf 84' lang='grc' dir='ltr'>τῆς</span> <span class='ocrx_word' id='word_1_345' title='bbox 3509 2346 3628 2397; x_wconf 84' lang='grc' dir='ltr'>κατ’</span> 
     </span>
    </p>
   </div>
   <div class='ocr_carea' id='block_1_50' title="bbox 2056 2438 3631 2512">
    <p class='ocr_par' dir='ltr' id='par_1_50' title="bbox 2056 2438 3631 2512">
     <span class='ocr_line' id='line_1_50' title="bbox 2056 2438 3631 2512; baseline -0.004 -18"><span class='ocrx_word' id='word_1_346' title='bbox 2056 2441 2255 2512; x_wconf 84' lang='grc' dir='ltr'>ἀρετὴν</span> <span class='ocrx_word' id='word_1_347' title='bbox 2285 2441 2558 2504; x_wconf 83' lang='grc' dir='ltr'>πολιτείας</span> <span class='ocrx_word' id='word_1_348' title='bbox 2590 2441 3081 2512; x_wconf 75' lang='grc' dir='ltr'>ἀναδεικνυμένοιςο</span> <span class='ocrx_word' id='word_1_349' title='bbox 3116 2443 3149 2510; x_wconf 79' lang='grc' dir='ltr'><strong>ἢ</strong></span> <span class='ocrx_word' id='word_1_350' title='bbox 3195 2439 3304 2510; x_wconf 85' lang='grc' dir='ltr'>γὰρ</span> <span class='ocrx_word' id='word_1_351' title='bbox 3333 2438 3631 2510; x_wconf 81' lang='grc' dir='ltr'>εὑρήσουσι</span> 
     </span>
    </p>
   </div>
   <div class='ocr_carea' id='block_1_51' title="bbox 2057 2527 3556 2603">
    <p class='ocr_par' dir='ltr' id='par_1_51' title="bbox 2057 2527 3556 2603">
     <span class='ocr_line' id='line_1_51' title="bbox 2057 2527 3556 2603; baseline 0 -19"><span class='ocrx_word' id='word_1_352' title='bbox 2057 2532 2144 2584; x_wconf 88' lang='grc' dir='ltr'><strong>τὸν</strong></span> <span class='ocrx_word' id='word_1_353' title='bbox 2170 2530 2520 2603; x_wconf 79' lang='grc' dir='ltr'>ζητούμενον,</span> <span class='ocrx_word' id='word_1_354' title='bbox 2551 2532 2584 2603; x_wconf 81' lang='grc' dir='ltr'><strong>ἢ</strong></span> <span class='ocrx_word' id='word_1_355' title='bbox 2609 2527 2720 2585; x_wconf 76' lang='grc' dir='ltr'>οἷον</span> <span class='ocrx_word' id='word_1_356' title='bbox 2758 2533 2864 2603; x_wconf 83' lang='grc' dir='ltr'><strong>χρὴ</strong></span> <span class='ocrx_word' id='word_1_357' title='bbox 2890 2531 3026 2586; x_wconf 71' lang='grc' dir='ltr'>εἶναι</span> <span class='ocrx_word' id='word_1_358' title='bbox 3053 2534 3153 2586; x_wconf 91' lang='grc' dir='ltr'><strong>οὐκ</strong></span> <span class='ocrx_word' id='word_1_359' title='bbox 3179 2534 3556 2603; x_wconf 81' lang='grc' dir='ltr'>ἀγνοήσουσιν.</span> 
     </span>
    </p>
   </div>
   <div class='ocr_carea' id='block_1_52' title="bbox 379 2608 3633 2692">
    <p class='ocr_par' dir='ltr' id='par_1_52' title="bbox 379 2608 3633 2692">
     <span class='ocr_line' id='line_1_52' title="bbox 379 2608 3633 2692; baseline 0.004 -34"><span class='ocrx_word' id='word_1_360' title='bbox 379 2608 478 2662; x_wconf 85' lang='lat' dir='ltr'><strong>hac</strong></span> <span class='ocrx_word' id='word_1_361' title='bbox 500 2625 670 2678; x_wconf 90' lang='lat' dir='ltr'><strong>prope</strong></span> <span class='ocrx_word' id='word_1_362' title='bbox 693 2623 934 2666; x_wconf 81' lang='lat' dir='ltr'><strong>extrema</strong></span> <span class='ocrx_word' id='word_1_363' title='bbox 961 2616 1231 2680; x_wconf 90' lang='lat' dir='ltr'><strong>oratione,</strong></span> <span class='ocrx_word' id='word_1_364' title='bbox 1260 2616 1653 2686; x_wconf 79' lang='lat' dir='ltr'><strong>religiosissimi</strong></span> <span class='ocrx_word' id='word_1_365' title='bbox 1679 2619 1950 2690; x_wconf 86' lang='lat' dir='ltr'><strong>episcopi,</strong></span> <span class='ocrx_word' id='word_1_366' title='bbox 2028 2629 2082 2676; x_wconf 91' lang='lat' dir='ltr'><strong>et</strong></span> <span class='ocrx_word' id='word_1_367' title='bbox 2144 2622 2326 2677; x_wconf 89' lang='lat' dir='ltr'><strong>Patris</strong></span> <span class='ocrx_word' id='word_1_368' title='bbox 2370 2624 2541 2678; x_wconf 89' lang='lat' dir='ltr'><strong>nostri</strong></span> <span class='ocrx_word' id='word_1_369' title='bbox 2589 2625 2959 2690; x_wconf 89' lang='lat' dir='ltr'><strong>meminimus,</strong></span> <span class='ocrx_word' id='word_1_370' title='bbox 2999 2623 3154 2692; x_wconf 82' lang='lat' dir='ltr'><strong>quasi</strong></span> <span class='ocrx_word' id='word_1_371' title='bbox 3197 2637 3339 2677; x_wconf 91' lang='lat' dir='ltr'><strong>unus</strong></span> <span class='ocrx_word' id='word_1_372' title='bbox 3386 2620 3633 2676; x_wconf 87' lang='lat' dir='ltr'><strong>omnium</strong></span> 
     </span>
    </p>
   </div>
   <div class='ocr_carea' id='block_1_53' title="bbox 376 2700 3631 2786">
    <p class='ocr_par' dir='ltr' id='par_1_53' title="bbox 376 2700 3631 2786">
     <span class='ocr_line' id='line_1_53' title="bbox 376 2700 3631 2786; baseline 0.004 -34"><span class='ocrx_word' id='word_1_373' title='bbox 376 2700 612 2754; x_wconf 81' lang='lat' dir='ltr'><strong>maxime</strong></span> <span class='ocrx_word' id='word_1_374' title='bbox 691 2704 868 2771; x_wconf 85' lang='lat' dir='ltr'><strong>possit</strong></span> <span class='ocrx_word' id='word_1_375' title='bbox 949 2705 1061 2760; x_wconf 84' lang='lat' dir='ltr'><strong>haec</strong></span> <span class='ocrx_word' id='word_1_376' title='bbox 1111 2708 1227 2775; x_wconf 92' lang='lat' dir='ltr'><strong>ipsa</strong></span> <span class='ocrx_word' id='word_1_377' title='bbox 1275 2723 1397 2777; x_wconf 64' lang='lat' dir='ltr'><strong>quae</strong></span> <span class='ocrx_word' id='word_1_378' title='bbox 1447 2710 1740 2778; x_wconf 80' lang='lat' dir='ltr'><strong>quaerimus</strong></span> <span class='ocrx_word' id='word_1_379' title='bbox 1795 2711 2010 2768; x_wconf 86' lang='lat' dir='ltr'><strong>docere.</strong></span> <span class='ocrx_word' id='word_1_380' title='bbox 2054 2713 2255 2769; x_wconf 84' lang='lat' dir='ltr'><strong>Mentio</strong></span> <span class='ocrx_word' id='word_1_381' title='bbox 2309 2723 2487 2770; x_wconf 90' lang='lat' dir='ltr'><strong>autem</strong></span> <span class='ocrx_word' id='word_1_382' title='bbox 2519 2716 2637 2786; x_wconf 84' lang='lat' dir='ltr'><strong>ejus</strong></span> <span class='ocrx_word' id='word_1_383' title='bbox 2693 2732 2800 2770; x_wconf 89' lang='lat' dir='ltr'><strong>non</strong></span> <span class='ocrx_word' id='word_1_384' title='bbox 2837 2716 3154 2770; x_wconf 86' lang='lat' dir='ltr'><strong>nominatim</strong></span> <span class='ocrx_word' id='word_1_385' title='bbox 3197 2715 3338 2768; x_wconf 82' lang='lat' dir='ltr'><strong>facta</strong></span> <span class='ocrx_word' id='word_1_386' title='bbox 3381 2721 3486 2776; x_wconf 88' lang='lat' dir='ltr'><strong>est,</strong></span> <span class='ocrx_word' id='word_1_387' title='bbox 3534 2713 3631 2768; x_wconf 86' lang='lat' dir='ltr'><strong>sed</strong></span> 
     </span>
    </p>
   </div>
   <div class='ocr_carea' id='block_1_54' title="bbox 377 2793 3634 2877">
    <p class='ocr_par' dir='ltr' id='par_1_54' title="bbox 377 2793 3634 2877">
     <span class='ocr_line' id='line_1_54' title="bbox 377 2793 3634 2877; baseline 0.003 -29"><span class='ocrx_word' id='word_1_388' title='bbox 377 2808 446 2848; x_wconf 84' lang='lat' dir='ltr'><strong>ex</strong></span> <span class='ocrx_word' id='word_1_389' title='bbox 465 2793 791 2864; x_wconf 86' lang='lat' dir='ltr'><strong>quibusdam</strong></span> <span class='ocrx_word' id='word_1_390' title='bbox 827 2797 999 2864; x_wconf 82' lang='lat' dir='ltr'><strong>signis</strong></span> <span class='ocrx_word' id='word_1_391' title='bbox 1028 2801 1205 2853; x_wconf 86' lang='lat' dir='ltr'><strong>oratio</strong></span> <span class='ocrx_word' id='word_1_392' title='bbox 1236 2801 1354 2869; x_wconf 92' lang='lat' dir='ltr'><strong>ipsa</strong></span> <span class='ocrx_word' id='word_1_393' title='bbox 1392 2803 1631 2856; x_wconf 89' lang='lat' dir='ltr'><strong>ostendit</strong></span> <span class='ocrx_word' id='word_1_394' title='bbox 1659 2817 1780 2856; x_wconf 91' lang='lat' dir='ltr'><strong>eum</strong></span> <span class='ocrx_word' id='word_1_395' title='bbox 1809 2819 1951 2868; x_wconf 85' lang='lat' dir='ltr'><strong>esse,</strong></span> <span class='ocrx_word' id='word_1_396' title='bbox 1993 2821 2152 2874; x_wconf 89' lang='lat' dir='ltr'><strong>quem</strong></span> <span class='ocrx_word' id='word_1_397' title='bbox 2204 2822 2306 2862; x_wconf 92' lang='lat' dir='ltr'><strong>nos</strong></span> <span class='ocrx_word' id='word_1_398' title='bbox 2357 2808 2727 2877; x_wconf 89' lang='lat' dir='ltr'><strong>signiﬁcamus</strong></span> <span class='ocrx_word' id='word_1_399' title='bbox 2761 2827 2773 2862; x_wconf 95' lang='lat'>:</span> <span class='ocrx_word' id='word_1_400' title='bbox 2812 2815 2869 2862; x_wconf 90' lang='lat' dir='ltr'><strong>ut</strong></span> <span class='ocrx_word' id='word_1_401' title='bbox 2911 2824 2979 2862; x_wconf 91' lang='lat' dir='ltr'><strong>ne</strong></span> <span class='ocrx_word' id='word_1_402' title='bbox 3014 2807 3107 2877; x_wconf 92' lang='lat' dir='ltr'><strong>qui</strong></span> <span class='ocrx_word' id='word_1_403' title='bbox 3154 2814 3339 2876; x_wconf 90' lang='lat' dir='ltr'><strong>postea</strong></span> <span class='ocrx_word' id='word_1_404' title='bbox 3407 2805 3462 2858; x_wconf 90' lang='lat' dir='ltr'><strong>in</strong></span> <span class='ocrx_word' id='word_1_405' title='bbox 3527 2802 3634 2856; x_wconf 88' lang='lat' dir='ltr'><strong>hoc</strong></span> 
     </span>
    </p>
   </div>
   <div class='ocr_carea' id='block_1_55' title="bbox 379 2889 3608 2968">
    <p class='ocr_par' dir='ltr' id='par_1_55' title="bbox 379 2889 3608 2968">
     <span class='ocr_line' id='line_1_55' title="bbox 379 2889 3608 2968; baseline 0.002 -28"><span class='ocrx_word' id='word_1_406' title='bbox 379 2900 631 2940; x_wconf 89' lang='lat' dir='ltr'><strong>sermone</strong></span> <span class='ocrx_word' id='word_1_407' title='bbox 669 2896 976 2952; x_wconf 79' lang='lat' dir='ltr'><strong>versantur,</strong></span> <span class='ocrx_word' id='word_1_408' title='bbox 1031 2889 1083 2943; x_wconf 94' lang='lat' dir='ltr'><strong>id</strong></span> <span class='ocrx_word' id='word_1_409' title='bbox 1122 2893 1409 2945; x_wconf 88' lang='lat' dir='ltr'><strong>consilium</strong></span> <span class='ocrx_word' id='word_1_410' title='bbox 1460 2895 1526 2948; x_wconf 92' lang='lat' dir='ltr'><strong>iis</strong></span> <span class='ocrx_word' id='word_1_411' title='bbox 1569 2895 1817 2950; x_wconf 88' lang='lat' dir='ltr'><strong>videatur</strong></span> <span class='ocrx_word' id='word_1_412' title='bbox 1897 2897 2109 2962; x_wconf 89' lang='lat' dir='ltr'><strong>inutile,</strong></span> <span class='ocrx_word' id='word_1_413' title='bbox 2176 2899 2244 2965; x_wconf 90' lang='lat' dir='ltr'><strong>si,</strong></span> <span class='ocrx_word' id='word_1_414' title='bbox 2292 2899 2384 2968; x_wconf 91' lang='lat' dir='ltr'><strong>qui</strong></span> <span class='ocrx_word' id='word_1_415' title='bbox 2426 2900 2482 2952; x_wconf 93' lang='lat' dir='ltr'><strong>in</strong></span> <span class='ocrx_word' id='word_1_416' title='bbox 2539 2900 2677 2955; x_wconf 87' lang='lat' dir='ltr'><strong>hanc</strong></span> <span class='ocrx_word' id='word_1_417' title='bbox 2723 2900 2937 2954; x_wconf 79' lang='lat' dir='ltr'><strong>vivendi</strong></span> <span class='ocrx_word' id='word_1_418' title='bbox 3011 2900 3154 2952; x_wconf 90' lang='lat' dir='ltr'><strong>viam</strong></span> <span class='ocrx_word' id='word_1_419' title='bbox 3201 2896 3608 2968; x_wconf 85' lang='lat' dir='ltr'><strong>ingrediuntur,</strong></span> 
     </span>
    </p>
   </div>
   <div class='ocr_carea' id='block_1_56' title="bbox 380 2975 3634 3060">
    <p class='ocr_par' dir='ltr' id='par_1_56' title="bbox 380 2975 3634 3060">
     <span class='ocr_line' id='line_1_56' title="bbox 380 2975 3634 3060; baseline 0.002 -30"><span class='ocrx_word' id='word_1_420' title='bbox 380 2991 438 3030; x_wconf 90' lang='lat' dir='ltr'><strong>se</strong></span> <span class='ocrx_word' id='word_1_421' title='bbox 460 2977 524 3029; x_wconf 90' lang='lat' dir='ltr'><strong>ad</strong></span> <span class='ocrx_word' id='word_1_422' title='bbox 551 2975 781 3044; x_wconf 84' lang='lat' dir='ltr'><strong>juvenes</strong></span> <span class='ocrx_word' id='word_1_423' title='bbox 807 2978 1057 3032; x_wconf 83' lang='lat' dir='ltr'><strong>conferre</strong></span> <span class='ocrx_word' id='word_1_424' title='bbox 1085 2980 1430 3048; x_wconf 90' lang='lat' dir='ltr'><strong>juberentur.</strong></span> <span class='ocrx_word' id='word_1_425' title='bbox 1481 2985 1549 3038; x_wconf 88' lang='lat' dir='ltr'><strong>At</strong></span> <span class='ocrx_word' id='word_1_426' title='bbox 1576 3001 1704 3039; x_wconf 92' lang='lat' dir='ltr'><strong>vero</strong></span> <span class='ocrx_word' id='word_1_427' title='bbox 1734 2987 1836 3041; x_wconf 85' lang='lat' dir='ltr'><strong>hoc</strong></span> <span class='ocrx_word' id='word_1_428' title='bbox 1869 2989 2044 3043; x_wconf 91' lang='lat' dir='ltr'><strong>solum</strong></span> <span class='ocrx_word' id='word_1_429' title='bbox 2090 2988 2146 3042; x_wconf 89' lang='lat' dir='ltr'><strong>bi</strong></span> <span class='ocrx_word' id='word_1_430' title='bbox 2177 2990 2460 3055; x_wconf 88' lang='lat' dir='ltr'><strong>intuendo,</strong></span> <span class='ocrx_word' id='word_1_431' title='bbox 2491 3007 2684 3060; x_wconf 89' lang='lat' dir='ltr'><strong>nempe</strong></span> <span class='ocrx_word' id='word_1_432' title='bbox 2754 2992 2968 3060; x_wconf 92' lang='lat' dir='ltr'><strong>qualem</strong></span> <span class='ocrx_word' id='word_1_433' title='bbox 3037 3004 3158 3044; x_wconf 91' lang='lat' dir='ltr'><strong>esse</strong></span> <span class='ocrx_word' id='word_1_434' title='bbox 3201 2988 3392 3043; x_wconf 88' lang='lat' dir='ltr'><strong>deceat</strong></span> <span class='ocrx_word' id='word_1_435' title='bbox 3467 2985 3634 3052; x_wconf 87' lang='lat' dir='ltr'><strong>hujus</strong></span> 
     </span>
    </p>
   </div>
   <div class='ocr_carea' id='block_1_57' title="bbox 377 3067 3634 3152">
    <p class='ocr_par' dir='ltr' id='par_1_57' title="bbox 377 3067 3634 3152">
     <span class='ocr_line' id='line_1_57' title="bbox 377 3067 3634 3152; baseline 0.002 -30"><span class='ocrx_word' id='word_1_436' title='bbox 377 3067 503 3123; x_wconf 69' lang='lat' dir='ltr'><strong>vitae</strong></span> <span class='ocrx_word' id='word_1_437' title='bbox 553 3067 972 3132; x_wconf 90' lang='lat' dir='ltr'><strong>moderatorem,</strong></span> <span class='ocrx_word' id='word_1_438' title='bbox 1014 3071 1253 3141; x_wconf 87' lang='lat' dir='ltr'><strong>deligant</strong></span> <span class='ocrx_word' id='word_1_439' title='bbox 1303 3089 1398 3128; x_wconf 90' lang='lat' dir='ltr'><strong>eos</strong></span> <span class='ocrx_word' id='word_1_440' title='bbox 1447 3076 1553 3129; x_wconf 90' lang='lat' dir='ltr'><strong>sibi</strong></span> <span class='ocrx_word' id='word_1_441' title='bbox 1607 3076 1798 3145; x_wconf 90' lang='lat' dir='ltr'><strong>duces,</strong></span> <span class='ocrx_word' id='word_1_442' title='bbox 1853 3080 1948 3148; x_wconf 89' lang='lat' dir='ltr'><strong>qui</strong></span> <span class='ocrx_word' id='word_1_443' title='bbox 1988 3095 2211 3136; x_wconf 87' lang='lat' dir='ltr'><strong>munere</strong></span> <span class='ocrx_word' id='word_1_444' title='bbox 2239 3097 2302 3135; x_wconf 90' lang='lat' dir='ltr'><strong>ac</strong></span> <span class='ocrx_word' id='word_1_445' title='bbox 2321 3081 2656 3152; x_wconf 81' lang='lat' dir='ltr'><strong>benignitate</strong></span> <span class='ocrx_word' id='word_1_446' title='bbox 2682 3081 2774 3136; x_wconf 90' lang='lat' dir='ltr'><strong>Dei</strong></span> <span class='ocrx_word' id='word_1_447' title='bbox 2800 3082 3037 3136; x_wconf 84' lang='lat' dir='ltr'><strong>instituti</strong></span> <span class='ocrx_word' id='word_1_448' title='bbox 3063 3091 3210 3145; x_wconf 91' lang='lat' dir='ltr'><strong>sunt,</strong></span> <span class='ocrx_word' id='word_1_449' title='bbox 3273 3089 3332 3133; x_wconf 91' lang='lat' dir='ltr'><strong>ut</strong></span> <span class='ocrx_word' id='word_1_450' title='bbox 3389 3079 3634 3134; x_wconf 71' lang='lat' dir='ltr'><strong>honesta:</strong></span> 
     </span>
    </p>
   </div>
   <div class='ocr_carea' id='block_1_58' title="bbox 379 3164 3619 3248">
    <p class='ocr_par' dir='ltr' id='par_1_58' title="bbox 379 3164 3619 3248">
     <span class='ocr_line' id='line_1_58' title="bbox 379 3164 3619 3248; baseline 0.003 -32"><span class='ocrx_word' id='word_1_451' title='bbox 379 3164 504 3218; x_wconf 63' lang='lat' dir='ltr'><strong>vitae</strong></span> <span class='ocrx_word' id='word_1_452' title='bbox 533 3165 695 3234; x_wconf 90' lang='lat' dir='ltr'><strong>hujus</strong></span> <span class='ocrx_word' id='word_1_453' title='bbox 729 3165 1036 3222; x_wconf 86' lang='lat' dir='ltr'><strong>rationibus</strong></span> <span class='ocrx_word' id='word_1_454' title='bbox 1066 3167 1328 3236; x_wconf 64' lang='lat' dir='ltr'><strong>praasint:</strong></span> <span class='ocrx_word' id='word_1_455' title='bbox 1381 3170 1457 3224; x_wconf 85' lang='lat' dir='ltr'><strong>ita</strong></span> <span class='ocrx_word' id='word_1_456' title='bbox 1482 3171 1754 3227; x_wconf 82' lang='lat' dir='ltr'><strong>enim-aut</strong></span> <span class='ocrx_word' id='word_1_457' title='bbox 1783 3173 2061 3230; x_wconf 87' lang='lat' dir='ltr'><strong>invenient</strong></span> <span class='ocrx_word' id='word_1_458' title='bbox 2093 3177 2145 3232; x_wconf 92' lang='lat' dir='ltr'><strong>id</strong></span> <span class='ocrx_word' id='word_1_459' title='bbox 2168 3177 2312 3248; x_wconf 91' lang='lat' dir='ltr'><strong>quod</strong></span> <span class='ocrx_word' id='word_1_460' title='bbox 2335 3186 2586 3248; x_wconf 65' lang='lat' dir='ltr'><strong>quaerunt</strong></span> <span class='ocrx_word' id='word_1_461' title='bbox 2615 3195 2629 3246; x_wconf 91' lang='lat'><strong>;</strong></span> <span class='ocrx_word' id='word_1_462' title='bbox 2667 3189 2780 3244; x_wconf 86' lang='lat' dir='ltr'><strong>aut,</strong></span> <span class='ocrx_word' id='word_1_463' title='bbox 2842 3178 3004 3248; x_wconf 79' lang='lat' dir='ltr'><strong>quale</strong></span> <span class='ocrx_word' id='word_1_464' title='bbox 3071 3177 3175 3230; x_wconf 90' lang='lat' dir='ltr'><strong>hoc</strong></span> <span class='ocrx_word' id='word_1_465' title='bbox 3235 3191 3358 3231; x_wconf 87' lang='lat' dir='ltr'><strong>esse</strong></span> <span class='ocrx_word' id='word_1_466' title='bbox 3415 3175 3619 3230; x_wconf 80' lang='lat' dir='ltr'><strong>debeat</strong></span> 
     </span>
    </p>
   </div>
   <div class='ocr_carea' id='block_1_59' title="bbox 381 3255 877 3327">
    <p class='ocr_par' dir='ltr' id='par_1_59' title="bbox 381 3255 877 3327">
     <span class='ocr_line' id='line_1_59' title="bbox 381 3255 877 3327; baseline -0.002 -16"><span class='ocrx_word' id='word_1_467' title='bbox 381 3269 492 3311; x_wconf 90' lang='lat' dir='ltr'><strong>non</strong></span> <span class='ocrx_word' id='word_1_468' title='bbox 529 3255 877 3327; x_wconf 87' lang='lat' dir='ltr'><strong>ignorabunt.</strong></span> 
     </span>
    </p>
   </div>
   <div class='ocr_carea' id='block_1_60' title="bbox 1073 3349 1295 3406">
    <p class='ocr_par' dir='ltr' id='par_1_60' title="bbox 1073 3349 1295 3406">
     <span class='ocr_line' id='line_1_60' title="bbox 1073 3349 1295 3406; baseline 0.009 -2"><span class='ocrx_word' id='word_1_469' title='bbox 1073 3349 1223 3406; x_wconf 78' lang='lat' dir='ltr'><strong>CAP.</strong></span> <span class='ocrx_word' id='word_1_470' title='bbox 1253 3352 1295 3406; x_wconf 85' lang='grc'><strong>1.</strong></span> 
     </span>
    </p>
   </div>
   <div class='ocr_carea' id='block_1_61' title="bbox 667 3438 1688 3514">
    <p class='ocr_par' dir='ltr' id='par_1_61' title="bbox 667 3438 1688 3514">
     <span class='ocr_line' id='line_1_61' title="bbox 667 3438 1688 3514; baseline 0 -18"><span class='ocrx_word' id='word_1_471' title='bbox 667 3438 711 3496; x_wconf 82' lang='grc' dir='ltr'><em>Ο</em></span> <span class='ocrx_word' id='word_1_472' title='bbox 719 3441 823 3493; x_wconf 81' lang='lat' dir='ltr'><strong>mni</strong></span> <span class='ocrx_word' id='word_1_473' title='bbox 847 3438 1002 3493; x_wconf 83' lang='lat' dir='ltr'><strong>laude</strong></span> <span class='ocrx_word' id='word_1_474' title='bbox 1021 3442 1356 3508; x_wconf 74' lang='lat' dir='ltr'><strong>praestantior</strong></span> <span class='ocrx_word' id='word_1_475' title='bbox 1375 3442 1688 3514; x_wconf 71' lang='lat' dir='ltr'><strong>virginitas.</strong></span> 
     </span>
    </p>
   </div>
   <div class='ocr_carea' id='block_1_62' title="bbox 449 3531 1948 3603">
    <p class='ocr_par' dir='ltr' id='par_1_62' title="bbox 449 3531 1948 3603">
     <span class='ocr_line' id='line_1_62' title="bbox 449 3531 1948 3603; baseline 0.001 -17"><span class='ocrx_word' id='word_1_476' title='bbox 449 3533 694 3600; x_wconf 80' lang='lat' dir='ltr'><strong>Augusta</strong></span> <span class='ocrx_word' id='word_1_477' title='bbox 743 3531 834 3586; x_wconf 88' lang='lat' dir='ltr'><strong>illa</strong></span> <span class='ocrx_word' id='word_1_478' title='bbox 878 3531 1205 3603; x_wconf 82' lang='lat' dir='ltr'><strong>virginitatis</strong></span> <span class='ocrx_word' id='word_1_479' title='bbox 1253 3532 1498 3601; x_wconf 86' lang='lat' dir='ltr'><strong>quaedam</strong></span> <span class='ocrx_word' id='word_1_480' title='bbox 1553 3533 1712 3603; x_wconf 90' lang='lat' dir='ltr'><strong>quasi</strong></span> <span class='ocrx_word' id='word_1_481' title='bbox 1762 3531 1948 3600; x_wconf 82' lang='lat' dir='ltr'><strong>facies,</strong></span> 
     </span>
    </p>
   </div>
   <div class='ocr_carea' id='block_1_63' title="bbox 381 3623 2005 3694">
    <p class='ocr_par' dir='ltr' id='par_1_63' title="bbox 381 3623 2005 3694">
     <span class='ocr_line' id='line_1_63' title="bbox 381 3623 2005 3694; baseline -0.002 -16"><span class='ocrx_word' id='word_1_482' title='bbox 381 3639 502 3693; x_wconf 78' lang='lat' dir='ltr'><strong>quae</strong></span> <span class='ocrx_word' id='word_1_483' title='bbox 547 3638 670 3677; x_wconf 91' lang='lat' dir='ltr'><strong>cum</strong></span> <span class='ocrx_word' id='word_1_484' title='bbox 715 3623 769 3676; x_wconf 94' lang='lat' dir='ltr'><strong>in</strong></span> <span class='ocrx_word' id='word_1_485' title='bbox 817 3623 992 3691; x_wconf 90' lang='lat' dir='ltr'><strong>pretio</strong></span> <span class='ocrx_word' id='word_1_486' title='bbox 1039 3630 1118 3677; x_wconf 91' lang='lat' dir='ltr'><strong>est</strong></span> <span class='ocrx_word' id='word_1_487' title='bbox 1161 3623 1305 3692; x_wconf 90' lang='lat' dir='ltr'><strong>apud</strong></span> <span class='ocrx_word' id='word_1_488' title='bbox 1345 3639 1535 3678; x_wconf 91' lang='lat' dir='ltr'><strong>omnes</strong></span> <span class='ocrx_word' id='word_1_489' title='bbox 1575 3624 1667 3694; x_wconf 92' lang='lat' dir='ltr'><strong>qui</strong></span> <span class='ocrx_word' id='word_1_490' title='bbox 1703 3623 1770 3678; x_wconf 88' lang='lat' dir='ltr'><strong>de</strong></span> <span class='ocrx_word' id='word_1_491' title='bbox 1808 3625 1953 3680; x_wconf 88' lang='lat' dir='ltr'><strong>bono</strong></span> <span class='ocrx_word' id='word_1_492' title='bbox 2000 3668 2005 3674; x_wconf 97' lang='lat'><strong>.</strong></span> 
     </span>
    </p>
   </div>
   <div class='ocr_carea' id='block_1_64' title="bbox 381 3715 1953 3786">
    <p class='ocr_par' dir='ltr' id='par_1_64' title="bbox 381 3715 1953 3786">
     <span class='ocr_line' id='line_1_64' title="bbox 381 3715 1953 3786; baseline 0 -15"><span class='ocrx_word' id='word_1_493' title='bbox 381 3717 594 3771; x_wconf 85' lang='lat' dir='ltr'><strong>sincero</strong></span> <span class='ocrx_word' id='word_1_494' title='bbox 622 3716 894 3784; x_wconf 86' lang='lat' dir='ltr'><strong>judicent,</strong></span> <span class='ocrx_word' id='word_1_495' title='bbox 924 3721 1035 3769; x_wconf 92' lang='lat' dir='ltr'><strong>tum</strong></span> <span class='ocrx_word' id='word_1_496' title='bbox 1068 3716 1134 3770; x_wconf 91' lang='lat' dir='ltr'><strong>iis</strong></span> <span class='ocrx_word' id='word_1_497' title='bbox 1165 3715 1298 3769; x_wconf 90' lang='lat' dir='ltr'><strong>solis</strong></span> <span class='ocrx_word' id='word_1_498' title='bbox 1325 3716 1612 3785; x_wconf 89' lang='lat' dir='ltr'><strong>contingit,</strong></span> <span class='ocrx_word' id='word_1_499' title='bbox 1655 3718 1854 3786; x_wconf 91' lang='lat' dir='ltr'><strong>quibus</strong></span> <span class='ocrx_word' id='word_1_500' title='bbox 1885 3717 1953 3771; x_wconf 89' lang='lat' dir='ltr'><strong>ad</strong></span> 
     </span>
    </p>
   </div>
   <div class='ocr_carea' id='block_1_65' title="bbox 384 3806 1954 3877">
    <p class='ocr_par' dir='ltr' id='par_1_65' title="bbox 384 3806 1954 3877">
     <span class='ocr_line' id='line_1_65' title="bbox 384 3806 1954 3877; baseline 0.001 -16"><span class='ocrx_word' id='word_1_501' title='bbox 384 3808 702 3877; x_wconf 64' lang='lat' dir='ltr'><strong>praeclarum</strong></span> <span class='ocrx_word' id='word_1_502' title='bbox 735 3806 839 3859; x_wconf 86' lang='lat' dir='ltr'><strong>hoc</strong></span> <span class='ocrx_word' id='word_1_503' title='bbox 876 3807 1115 3860; x_wconf 91' lang='lat' dir='ltr'><strong>studium</strong></span> <span class='ocrx_word' id='word_1_504' title='bbox 1156 3806 1248 3858; x_wconf 93' lang='lat' dir='ltr'><strong>Dei</strong></span> <span class='ocrx_word' id='word_1_505' title='bbox 1283 3807 1455 3874; x_wconf 87' lang='lat' dir='ltr'><strong>gratia</strong></span> <span class='ocrx_word' id='word_1_506' title='bbox 1492 3808 1722 3877; x_wconf 87' lang='lat' dir='ltr'><strong>benigne</strong></span> <span class='ocrx_word' id='word_1_507' title='bbox 1772 3809 1954 3876; x_wconf 85' lang='lat' dir='ltr'><strong>opitu-</strong></span> 
     </span>
    </p>
   </div>
   <div class='ocr_carea' id='block_1_66' title="bbox 384 3895 1955 3970">
    <p class='ocr_par' dir='ltr' id='par_1_66' title="bbox 384 3895 1955 3970">
     <span class='ocr_line' id='line_1_66' title="bbox 384 3895 1955 3970; baseline 0.003 -19"><span class='ocrx_word' id='word_1_508' title='bbox 384 3899 547 3960; x_wconf 92' lang='lat' dir='ltr'><strong>letur,</strong></span> <span class='ocrx_word' id='word_1_509' title='bbox 590 3897 674 3949; x_wconf 91' lang='lat' dir='ltr'><strong>vel</strong></span> <span class='ocrx_word' id='word_1_510' title='bbox 719 3911 787 3948; x_wconf 84' lang='lat' dir='ltr'><strong>ex</strong></span> <span class='ocrx_word' id='word_1_511' title='bbox 835 3895 1057 3949; x_wconf 91' lang='lat' dir='ltr'><strong>nomine</strong></span> <span class='ocrx_word' id='word_1_512' title='bbox 1103 3910 1212 3964; x_wconf 93' lang='lat' dir='ltr'><strong>quo</strong></span> <span class='ocrx_word' id='word_1_513' title='bbox 1255 3897 1631 3964; x_wconf 88' lang='lat' dir='ltr'><strong>compellatur,</strong></span> <span class='ocrx_word' id='word_1_514' title='bbox 1687 3899 1955 3970; x_wconf 88' lang='lat' dir='ltr'><strong>insignem</strong></span> 
     </span>
    </p>
   </div>
   <div class='ocr_carea' id='block_1_67' title="bbox 385 3983 1956 4053">
    <p class='ocr_par' dir='ltr' id='par_1_67' title="bbox 385 3983 1956 4053">
     <span class='ocr_line' id='line_1_67' title="bbox 385 3983 1956 4053; baseline 0.001 -13"><span class='ocrx_word' id='word_1_515' title='bbox 385 3985 597 4041; x_wconf 89' lang='lat' dir='ltr'><strong>laudem</strong></span> <span class='ocrx_word' id='word_1_516' title='bbox 629 3984 827 4038; x_wconf 88' lang='lat' dir='ltr'><strong>habet:</strong></span> <span class='ocrx_word' id='word_1_517' title='bbox 866 3998 993 4036; x_wconf 89' lang='lat' dir='ltr'><strong>nam</strong></span> <span class='ocrx_word' id='word_1_518' title='bbox 1025 3983 1423 4051; x_wconf 90' lang='lat' dir='ltr'><strong>incorruptum,</strong></span> <span class='ocrx_word' id='word_1_519' title='bbox 1459 3999 1580 4053; x_wconf 76' lang='lat' dir='ltr'><strong>qua:</strong></span> <span class='ocrx_word' id='word_1_520' title='bbox 1607 4000 1711 4039; x_wconf 83' lang='lat' dir='ltr'><strong>vox</strong></span> <span class='ocrx_word' id='word_1_521' title='bbox 1758 3987 1813 4041; x_wconf 90' lang='lat' dir='ltr'><strong>in</strong></span> <span class='ocrx_word' id='word_1_522' title='bbox 1845 3989 1956 4044; x_wconf 89' lang='lat' dir='ltr'><strong>vir-</strong></span> 
     </span>
    </p>
   </div>
   <div class='ocr_carea' id='block_1_68' title="bbox 382 4075 1956 4150">
    <p class='ocr_par' dir='ltr' id='par_1_68' title="bbox 382 4075 1956 4150">
     <span class='ocr_line' id='line_1_68' title="bbox 382 4075 1956 4150; baseline 0.002 -19"><span class='ocrx_word' id='word_1_523' title='bbox 382 4077 613 4150; x_wconf 87' lang='lat' dir='ltr'><strong>ginitate</strong></span> <span class='ocrx_word' id='word_1_524' title='bbox 659 4075 726 4130; x_wconf 92' lang='lat' dir='ltr'><strong>de</strong></span> <span class='ocrx_word' id='word_1_525' title='bbox 779 4075 1074 4128; x_wconf 90' lang='lat' dir='ltr'><strong>multorum</strong></span> <span class='ocrx_word' id='word_1_526' title='bbox 1129 4076 1527 4131; x_wconf 90' lang='lat' dir='ltr'><strong>consuetudine</strong></span> <span class='ocrx_word' id='word_1_527' title='bbox 1577 4077 1796 4144; x_wconf 91' lang='lat' dir='ltr'><strong>dicitur,</strong></span> <span class='ocrx_word' id='word_1_528' title='bbox 1836 4077 1956 4148; x_wconf 90' lang='lat' dir='ltr'><strong>ejus</strong></span> 
     </span>
    </p>
   </div>
   <div class='ocr_carea' id='block_1_69' title="bbox 385 4165 1957 4241">
    <p class='ocr_par' dir='ltr' id='par_1_69' title="bbox 385 4165 1957 4241">
     <span class='ocr_line' id='line_1_69' title="bbox 385 4165 1957 4241; baseline 0.003 -19"><span class='ocrx_word' id='word_1_529' title='bbox 385 4167 750 4237; x_wconf 86' lang='lat' dir='ltr'><strong>integritatem</strong></span> <span class='ocrx_word' id='word_1_530' title='bbox 791 4166 1082 4235; x_wconf 82' lang='lat' dir='ltr'><strong>signiﬁcat.</strong></span> <span class='ocrx_word' id='word_1_531' title='bbox 1113 4165 1298 4237; x_wconf 86' lang='lat' dir='ltr'><strong>Itaque</strong></span> <span class='ocrx_word' id='word_1_532' title='bbox 1331 4183 1397 4222; x_wconf 79' lang='lat' dir='ltr'><strong>ex</strong></span> <span class='ocrx_word' id='word_1_533' title='bbox 1427 4184 1493 4224; x_wconf 87' lang='lat' dir='ltr'><strong>eo</strong></span> <span class='ocrx_word' id='word_1_534' title='bbox 1549 4170 1772 4226; x_wconf 90' lang='lat' dir='ltr'><strong>nomine</strong></span> <span class='ocrx_word' id='word_1_535' title='bbox 1811 4171 1957 4241; x_wconf 88' lang='lat' dir='ltr'><strong>quod</strong></span> 
     </span>
    </p>
   </div>
   <div class='ocr_carea' id='block_1_70' title="bbox 385 4258 1958 4332">
    <p class='ocr_par' dir='ltr' id='par_1_70' title="bbox 385 4258 1958 4332">
     <span class='ocr_line' id='line_1_70' title="bbox 385 4258 1958 4332; baseline 0.002 -18"><span class='ocrx_word' id='word_1_536' title='bbox 385 4259 723 4314; x_wconf 91' lang='lat' dir='ltr'><strong>tantumdem</strong></span> <span class='ocrx_word' id='word_1_537' title='bbox 764 4259 962 4322; x_wconf 88' lang='lat' dir='ltr'><strong>valeat,</strong></span> <span class='ocrx_word' id='word_1_538' title='bbox 1009 4258 1312 4329; x_wconf 89' lang='lat' dir='ltr'><strong>intelligere</strong></span> <span class='ocrx_word' id='word_1_539' title='bbox 1339 4268 1424 4314; x_wconf 90' lang='lat' dir='ltr'><strong>est</strong></span> <span class='ocrx_word' id='word_1_540' title='bbox 1450 4260 1612 4330; x_wconf 88' lang='lat' dir='ltr'><strong>hujus</strong></span> <span class='ocrx_word' id='word_1_541' title='bbox 1640 4261 1768 4316; x_wconf 91' lang='lat' dir='ltr'><strong>doni</strong></span> <span class='ocrx_word' id='word_1_542' title='bbox 1820 4278 1958 4332; x_wconf 67' lang='lat' dir='ltr'><strong>prae-</strong></span> 
     </span>
    </p>
   </div>
   <div class='ocr_carea' id='block_1_71' title="bbox 384 4351 1958 4422">
    <p class='ocr_par' dir='ltr' id='par_1_71' title="bbox 384 4351 1958 4422">
     <span class='ocr_line' id='line_1_71' title="bbox 384 4351 1958 4422; baseline 0.001 -15"><span class='ocrx_word' id='word_1_543' title='bbox 384 4352 641 4408; x_wconf 89' lang='lat' dir='ltr'><strong>stantiam</strong></span> <span class='ocrx_word' id='word_1_544' title='bbox 669 4369 682 4406; x_wconf 93' lang='lat'><strong>:</strong></span> <span class='ocrx_word' id='word_1_545' title='bbox 718 4351 1010 4420; x_wconf 91' lang='lat' dir='ltr'><strong>siquidem,</strong></span> <span class='ocrx_word' id='word_1_546' title='bbox 1047 4365 1169 4405; x_wconf 93' lang='lat' dir='ltr'><strong>cum</strong></span> <span class='ocrx_word' id='word_1_547' title='bbox 1199 4352 1366 4404; x_wconf 88' lang='lat' dir='ltr'><strong>multa</strong></span> <span class='ocrx_word' id='word_1_548' title='bbox 1400 4353 1511 4406; x_wconf 89' lang='lat' dir='ltr'><strong>sint</strong></span> <span class='ocrx_word' id='word_1_549' title='bbox 1544 4368 1667 4422; x_wconf 73' lang='lat' dir='ltr'><strong>qua:</strong></span> <span class='ocrx_word' id='word_1_550' title='bbox 1694 4369 1817 4408; x_wconf 92' lang='lat' dir='ltr'><strong>cum</strong></span> <span class='ocrx_word' id='word_1_551' title='bbox 1848 4354 1958 4408; x_wconf 87' lang='lat' dir='ltr'><strong>vir-</strong></span> 
     </span>
    </p>
   </div>
   <div class='ocr_carea' id='block_1_72' title="bbox 384 4442 1958 4513">
    <p class='ocr_par' dir='ltr' id='par_1_72' title="bbox 384 4442 1958 4513">
     <span class='ocr_line' id='line_1_72' title="bbox 384 4442 1958 4513; baseline 0.001 -15"><span class='ocrx_word' id='word_1_552' title='bbox 384 4452 500 4498; x_wconf 89' lang='lat' dir='ltr'><strong>tute</strong></span> <span class='ocrx_word' id='word_1_553' title='bbox 555 4452 834 4511; x_wconf 84' lang='lat' dir='ltr'><strong>gerantur,</strong></span> <span class='ocrx_word' id='word_1_554' title='bbox 880 4443 1056 4496; x_wconf 92' lang='lat' dir='ltr'><strong>solum</strong></span> <span class='ocrx_word' id='word_1_555' title='bbox 1104 4443 1208 4495; x_wconf 91' lang='lat' dir='ltr'><strong>hoc</strong></span> <span class='ocrx_word' id='word_1_556' title='bbox 1248 4442 1550 4512; x_wconf 83' lang='lat' dir='ltr'><strong>incorrupti</strong></span> <span class='ocrx_word' id='word_1_557' title='bbox 1597 4444 1958 4513; x_wconf 88' lang='lat' dir='ltr'><strong>appellatione</strong></span> 
     </span>
    </p>
   </div>
   <div class='ocr_carea' id='block_1_73' title="bbox 382 4533 1958 4606">
    <p class='ocr_par' dir='ltr' id='par_1_73' title="bbox 382 4533 1958 4606">
     <span class='ocr_line' id='line_1_73' title="bbox 382 4533 1958 4606; baseline -0.001 -15"><span class='ocrx_word' id='word_1_558' title='bbox 382 4547 633 4591; x_wconf 89' lang='lat' dir='ltr'><strong>ornatum</strong></span> <span class='ocrx_word' id='word_1_559' title='bbox 662 4543 764 4590; x_wconf 90' lang='lat' dir='ltr'><strong>est.</strong></span> <span class='ocrx_word' id='word_1_560' title='bbox 799 4534 894 4588; x_wconf 89' lang='lat' dir='ltr'><strong>Sin</strong></span> <span class='ocrx_word' id='word_1_561' title='bbox 926 4544 1107 4588; x_wconf 90' lang='lat' dir='ltr'><strong>autem</strong></span> <span class='ocrx_word' id='word_1_562' title='bbox 1143 4533 1468 4588; x_wconf 87' lang='lat' dir='ltr'><strong>beneﬁcium</strong></span> <span class='ocrx_word' id='word_1_563' title='bbox 1504 4535 1606 4588; x_wconf 92' lang='lat' dir='ltr'><strong>hoc</strong></span> <span class='ocrx_word' id='word_1_564' title='bbox 1639 4534 1734 4589; x_wconf 89' lang='lat' dir='ltr'><strong>Dei</strong></span> <span class='ocrx_word' id='word_1_565' title='bbox 1755 4534 1958 4606; x_wconf 88' lang='lat' dir='ltr'><strong>Optimi</strong></span> 
     </span>
    </p>
   </div>
   <div class='ocr_carea' id='block_1_74' title="bbox 383 4624 1958 4697">
    <p class='ocr_par' dir='ltr' id='par_1_74' title="bbox 383 4624 1958 4697">
     <span class='ocr_line' id='line_1_74' title="bbox 383 4624 1958 4697; baseline 0.001 -17"><span class='ocrx_word' id='word_1_566' title='bbox 383 4628 600 4681; x_wconf 79' lang='lat' dir='ltr'><strong>Maximi</strong></span> <span class='ocrx_word' id='word_1_567' title='bbox 649 4628 814 4681; x_wconf 91' lang='lat' dir='ltr'><strong>etiam</strong></span> <span class='ocrx_word' id='word_1_568' title='bbox 869 4624 1278 4695; x_wconf 63' lang='lat' dir='ltr'><strong>praedicandum</strong></span> <span class='ocrx_word' id='word_1_569' title='bbox 1319 4632 1426 4688; x_wconf 91' lang='lat' dir='ltr'><strong>est,</strong></span> <span class='ocrx_word' id='word_1_570' title='bbox 1474 4625 1701 4681; x_wconf 76' lang='lat' dir='ltr'><strong>sulﬁciet</strong></span> <span class='ocrx_word' id='word_1_571' title='bbox 1730 4627 1796 4681; x_wconf 88' lang='lat' dir='ltr'><strong>ad</strong></span> <span class='ocrx_word' id='word_1_572' title='bbox 1839 4627 1958 4697; x_wconf 88' lang='lat' dir='ltr'><strong>ejus</strong></span> 
     </span>
    </p>
   </div>
   <div class='ocr_carea' id='block_1_75' title="bbox 1984 3371 2031 3433">
    <p class='ocr_par' dir='ltr' id='par_1_75' title="bbox 1984 3371 2031 3433">
     <span class='ocr_line' id='line_1_75' title="bbox 1984 3371 2031 3433; baseline 0 0"><span class='ocrx_word' id='word_1_573' title='bbox 1984 3371 2031 3433; x_wconf 73' lang='grc' dir='ltr'><strong>(Ξ</strong></span> 
     </span>
    </p>
   </div>
   <div class='ocr_carea' id='block_1_76' title="bbox 2660 3355 3028 3433">
    <p class='ocr_par' dir='ltr' id='par_1_76' title="bbox 2660 3355 3028 3433">
     <span class='ocr_line' id='line_1_76' title="bbox 2660 3355 3028 3433; baseline 0.008 -25"><span class='ocrx_word' id='word_1_574' title='bbox 2660 3355 2908 3433; x_wconf 32' lang='grc' dir='ltr'><strong>ΚΕΦΑΛ..</strong></span> <span class='ocrx_word' id='word_1_575' title='bbox 2950 3357 3028 3412; x_wconf 74' lang='grc' dir='ltr'><strong>Αν.</strong></span> 
     </span>
    </p>
   </div>
   <div class='ocr_carea' id='block_1_77' title="bbox 2261 3446 3424 3515">
    <p class='ocr_par' dir='ltr' id='par_1_77' title="bbox 2261 3446 3424 3515">
     <span class='ocr_line' id='line_1_77' title="bbox 2261 3446 3424 3515; baseline 0 -17"><span class='ocrx_word' id='word_1_576' title='bbox 2261 3447 2381 3500; x_wconf 85' lang='grc' dir='ltr'>Ὅτι</span> <span class='ocrx_word' id='word_1_577' title='bbox 2409 3447 2687 3515; x_wconf 75' lang='grc' dir='ltr'>κρείττων</span> <span class='ocrx_word' id='word_1_578' title='bbox 2717 3447 3020 3514; x_wconf 77' lang='grc' dir='ltr'>ἐγκωμίων</span> <span class='ocrx_word' id='word_1_579' title='bbox 3045 3448 3082 3515; x_wconf 74' lang='grc' dir='ltr'>ἡ</span> <span class='ocrx_word' id='word_1_580' title='bbox 3117 3446 3424 3513; x_wconf 81' lang='grc' dir='ltr'>παρθενία.</span> 
     </span>
    </p>
   </div>
   <div class='ocr_carea' id='block_1_78' title="bbox 2124 3534 3634 3608">
    <p class='ocr_par' dir='ltr' id='par_1_78' title="bbox 2124 3534 3634 3608">
     <span class='ocr_line' id='line_1_78' title="bbox 2124 3534 3634 3608; baseline -0.001 -16"><span class='ocrx_word' id='word_1_581' title='bbox 2124 3539 2196 3592; x_wconf 83' lang='grc' dir='ltr'>Τὸ</span> <span class='ocrx_word' id='word_1_582' title='bbox 2224 3539 2416 3608; x_wconf 80' lang='grc' dir='ltr'>σεμνὸν</span> <span class='ocrx_word' id='word_1_583' title='bbox 2443 3541 2541 3608; x_wconf 86' lang='grc' dir='ltr'>τῆς</span> <span class='ocrx_word' id='word_1_584' title='bbox 2568 3537 2861 3608; x_wconf 88' lang='grc' dir='ltr'>παρθενίας</span> <span class='ocrx_word' id='word_1_585' title='bbox 2901 3534 3057 3602; x_wconf 74' lang='grc' dir='ltr'>εἶδος,</span> <span class='ocrx_word' id='word_1_586' title='bbox 3103 3537 3132 3590; x_wconf 83' lang='grc' dir='ltr'>ὃ</span> <span class='ocrx_word' id='word_1_587' title='bbox 3157 3538 3292 3591; x_wconf 82' lang='grc' dir='ltr'>πᾶσι</span> <span class='ocrx_word' id='word_1_588' title='bbox 3322 3537 3418 3607; x_wconf 81' lang='grc' dir='ltr'><strong>μὲν</strong></span> <span class='ocrx_word' id='word_1_589' title='bbox 3449 3537 3634 3608; x_wconf 86' lang='grc' dir='ltr'>τίμιόν</span> 
     </span>
    </p>
   </div>
   <div class='ocr_carea' id='block_1_79' title="bbox 2053 3627 3636 3698">
    <p class='ocr_par' dir='ltr' id='par_1_79' title="bbox 2053 3627 3636 3698">
     <span class='ocr_line' id='line_1_79' title="bbox 2053 3627 3636 3698; baseline -0.003 -13"><span class='ocrx_word' id='word_1_590' title='bbox 2053 3631 2167 3685; x_wconf 85' lang='grc' dir='ltr'>ἐστι</span> <span class='ocrx_word' id='word_1_591' title='bbox 2194 3633 2302 3693; x_wconf 83' lang='grc' dir='ltr'>τοῖς</span> <span class='ocrx_word' id='word_1_592' title='bbox 2329 3629 2389 3680; x_wconf 84' lang='grc' dir='ltr'><strong>τὸ</strong></span> <span class='ocrx_word' id='word_1_593' title='bbox 2415 3628 2578 3682; x_wconf 87' lang='grc' dir='ltr'>καλὸν</span> <span class='ocrx_word' id='word_1_594' title='bbox 2614 3631 2673 3682; x_wconf 90' lang='grc' dir='ltr'><strong>ἐν</strong></span> <span class='ocrx_word' id='word_1_595' title='bbox 2708 3627 3038 3698; x_wconf 82' lang='grc' dir='ltr'>καθαρότητι</span> <span class='ocrx_word' id='word_1_596' title='bbox 3069 3629 3348 3698; x_wconf 87' lang='grc' dir='ltr'>κρίνουσι·</span> <span class='ocrx_word' id='word_1_597' title='bbox 3391 3628 3636 3698; x_wconf 80' lang='grc' dir='ltr'>παραγί-</span> 
     </span>
    </p>
   </div>
   <div class='ocr_carea' id='block_1_80' title="bbox 2052 3715 3634 3791">
    <p class='ocr_par' dir='ltr' id='par_1_80' title="bbox 2052 3715 3634 3791">
     <span class='ocr_line' id='line_1_80' title="bbox 2052 3715 3634 3791; baseline -0.001 -17"><span class='ocrx_word' id='word_1_598' title='bbox 2052 3737 2198 3774; x_wconf 87' lang='grc' dir='ltr'>νεται</span> <span class='ocrx_word' id='word_1_599' title='bbox 2217 3721 2273 3772; x_wconf 84' lang='grc' dir='ltr'><strong>δὲ</strong></span> <span class='ocrx_word' id='word_1_600' title='bbox 2298 3721 2479 3790; x_wconf 83' lang='grc' dir='ltr'>μόνοις</span> <span class='ocrx_word' id='word_1_601' title='bbox 2503 3715 2587 3782; x_wconf 76' lang='grc' dir='ltr'><strong>οἷς</strong></span> <span class='ocrx_word' id='word_1_602' title='bbox 2609 3720 2673 3773; x_wconf 83' lang='grc' dir='ltr'><strong>ἂν</strong></span> <span class='ocrx_word' id='word_1_603' title='bbox 2702 3719 2847 3790; x_wconf 82' lang='grc' dir='ltr'>ἡτού</span> <span class='ocrx_word' id='word_1_604' title='bbox 2873 3720 3005 3773; x_wconf 85' lang='grc' dir='ltr'><strong>Θεοῦ</strong></span> <span class='ocrx_word' id='word_1_605' title='bbox 3036 3721 3197 3791; x_wconf 87' lang='grc' dir='ltr'>χάρις</span> <span class='ocrx_word' id='word_1_606' title='bbox 3227 3720 3472 3790; x_wconf 85' lang='grc' dir='ltr'>εὐμενῶς</span> <span class='ocrx_word' id='word_1_607' title='bbox 3497 3721 3634 3791; x_wconf 82' lang='grc' dir='ltr'>πρὸς</span> 
     </span>
    </p>
   </div>
   <div class='ocr_carea' id='block_1_81' title="bbox 2051 3809 3637 3882">
    <p class='ocr_par' dir='ltr' id='par_1_81' title="bbox 2051 3809 3637 3882">
     <span class='ocr_line' id='line_1_81' title="bbox 2051 3809 3637 3882; baseline 0.003 -20"><span class='ocrx_word' id='word_1_608' title='bbox 2051 3810 2150 3878; x_wconf 85' lang='grc' dir='ltr'>τὴν</span> <span class='ocrx_word' id='word_1_609' title='bbox 2180 3809 2391 3879; x_wconf 83' lang='grc' dir='ltr'>ἀγαθὴν</span> <span class='ocrx_word' id='word_1_610' title='bbox 2411 3809 2613 3881; x_wconf 89' lang='grc' dir='ltr'>ταύτην</span> <span class='ocrx_word' id='word_1_611' title='bbox 2637 3810 2930 3880; x_wconf 75' lang='grc' dir='ltr'>ἐπιθυμίαν</span> <span class='ocrx_word' id='word_1_612' title='bbox 2965 3812 3422 3882; x_wconf 83' lang='grc' dir='ltr'>συναγωνίσηται·</span> <span class='ocrx_word' id='word_1_613' title='bbox 3447 3813 3637 3866; x_wconf 79' lang='grc' dir='ltr'>αὐτόθι</span> 
     </span>
    </p>
   </div>
   <div class='ocr_carea' id='block_1_82' title="bbox 2059 3899 3634 3975">
    <p class='ocr_par' dir='ltr' id='par_1_82' title="bbox 2059 3899 3634 3975">
     <span class='ocr_line' id='line_1_82' title="bbox 2059 3899 3634 3975; baseline 0.001 -21"><span class='ocrx_word' id='word_1_614' title='bbox 2059 3901 2156 3970; x_wconf 84' lang='grc' dir='ltr'>μὲν</span> <span class='ocrx_word' id='word_1_615' title='bbox 2183 3901 2292 3971; x_wconf 79' lang='grc' dir='ltr'>ἔχει</span> <span class='ocrx_word' id='word_1_616' title='bbox 2316 3899 2407 3954; x_wconf 85' lang='grc' dir='ltr'><strong>τὸν</strong></span> <span class='ocrx_word' id='word_1_617' title='bbox 2430 3901 2706 3971; x_wconf 85' lang='grc' dir='ltr'>πρέποντα</span> <span class='ocrx_word' id='word_1_618' title='bbox 2733 3900 2974 3965; x_wconf 79' lang='grc' dir='ltr'>ἔπαινον,</span> <span class='ocrx_word' id='word_1_619' title='bbox 2999 3902 3106 3955; x_wconf 83' lang='grc' dir='ltr'><strong>ἀπὸ</strong></span> <span class='ocrx_word' id='word_1_620' title='bbox 3133 3903 3234 3973; x_wconf 84' lang='grc' dir='ltr'>τῆς</span> <span class='ocrx_word' id='word_1_621' title='bbox 3255 3905 3634 3975; x_wconf 80' lang='grc' dir='ltr'>προσηγορίας</span> 
     </span>
    </p>
   </div>
   <div class='ocr_carea' id='block_1_83' title="bbox 2053 3992 3637 4068">
    <p class='ocr_par' dir='ltr' id='par_1_83' title="bbox 2053 3992 3637 4068">
     <span class='ocr_line' id='line_1_83' title="bbox 2053 3992 3637 4068; baseline 0.003 -23"><span class='ocrx_word' id='word_1_622' title='bbox 2053 3994 2152 4063; x_wconf 85' lang='grc' dir='ltr'>τῆς</span> <span class='ocrx_word' id='word_1_623' title='bbox 2202 3992 2704 4064; x_wconf 83' lang='grc' dir='ltr'>συνονομαξομένης</span> <span class='ocrx_word' id='word_1_624' title='bbox 2748 3995 2906 4064; x_wconf 86' lang='grc' dir='ltr'>αὐτῇ.</span> <span class='ocrx_word' id='word_1_625' title='bbox 2954 3994 3026 4047; x_wconf 84' lang='grc' dir='ltr'>Τὸ</span> <span class='ocrx_word' id='word_1_626' title='bbox 3076 3995 3185 4066; x_wconf 87' lang='grc' dir='ltr'>γὰρ</span> <span class='ocrx_word' id='word_1_627' title='bbox 3227 3995 3459 4068; x_wconf 78' lang='grc' dir='ltr'>ἄφθορον</span> <span class='ocrx_word' id='word_1_628' title='bbox 3491 3998 3637 4051; x_wconf 78' lang='grc' dir='ltr'>κατὰ</span> 
     </span>
    </p>
   </div>
   <div class='ocr_carea' id='block_1_84' title="bbox 2055 4084 3635 4156">
    <p class='ocr_par' dir='ltr' id='par_1_84' title="bbox 2055 4084 3635 4156">
     <span class='ocr_line' id='line_1_84' title="bbox 2055 4084 3635 4156; baseline 0.002 -19"><span class='ocrx_word' id='word_1_629' title='bbox 2055 4085 2152 4155; x_wconf 86' lang='grc' dir='ltr'>τὴν</span> <span class='ocrx_word' id='word_1_630' title='bbox 2186 4085 2469 4155; x_wconf 86' lang='grc' dir='ltr'>συνήθειαν</span> <span class='ocrx_word' id='word_1_631' title='bbox 2509 4084 2617 4137; x_wconf 87' lang='grc' dir='ltr'><strong>τῶν</strong></span> <span class='ocrx_word' id='word_1_632' title='bbox 2648 4085 2854 4138; x_wconf 83' lang='grc' dir='ltr'>πολλῶν</span> <span class='ocrx_word' id='word_1_633' title='bbox 2886 4085 2978 4137; x_wconf 80' lang='grc' dir='ltr'><strong>ἐπὶ</strong></span> <span class='ocrx_word' id='word_1_634' title='bbox 3007 4087 3107 4156; x_wconf 86' lang='grc' dir='ltr'><strong>τῆς</strong></span> <span class='ocrx_word' id='word_1_635' title='bbox 3147 4085 3442 4156; x_wconf 87' lang='grc' dir='ltr'>παρθενίας</span> <span class='ocrx_word' id='word_1_636' title='bbox 3473 4087 3635 4156; x_wconf 79' lang='grc' dir='ltr'>λεγόο</span> 
     </span>
    </p>
   </div>
   <div class='ocr_carea' id='block_1_85' title="bbox 2061 4175 3628 4248">
    <p class='ocr_par' dir='ltr' id='par_1_85' title="bbox 2061 4175 3628 4248">
     <span class='ocr_line' id='line_1_85' title="bbox 2061 4175 3628 4248; baseline 0.003 -22"><span class='ocrx_word' id='word_1_637' title='bbox 2061 4191 2237 4244; x_wconf 86' lang='grc' dir='ltr'>μενον,</span> <span class='ocrx_word' id='word_1_638' title='bbox 2286 4175 2617 4244; x_wconf 88' lang='grc' dir='ltr'>σημαντικόν</span> <span class='ocrx_word' id='word_1_639' title='bbox 2651 4176 2764 4227; x_wconf 82' lang='grc' dir='ltr'>ἐστι</span> <span class='ocrx_word' id='word_1_640' title='bbox 2809 4177 2907 4244; x_wconf 83' lang='grc' dir='ltr'>τῆς</span> <span class='ocrx_word' id='word_1_641' title='bbox 2943 4178 3002 4226; x_wconf 87' lang='grc' dir='ltr'><strong>ἐν</strong></span> <span class='ocrx_word' id='word_1_642' title='bbox 3051 4176 3188 4246; x_wconf 81' lang='grc' dir='ltr'>αὐτῇ</span> <span class='ocrx_word' id='word_1_643' title='bbox 3239 4177 3628 4248; x_wconf 79' lang='grc' dir='ltr'>καθαρότητος.</span> 
     </span>
    </p>
   </div>
   <div class='ocr_carea' id='block_1_86' title="bbox 2058 4265 3634 4338">
    <p class='ocr_par' dir='ltr' id='par_1_86' title="bbox 2058 4265 3634 4338">
     <span class='ocr_line' id='line_1_86' title="bbox 2058 4265 3634 4338; baseline 0.002 -20"><span class='ocrx_word' id='word_1_644' title='bbox 2058 4267 2221 4318; x_wconf 81' lang='grc' dir='ltr'>Ὥστε</span> <span class='ocrx_word' id='word_1_645' title='bbox 2245 4265 2329 4319; x_wconf 84' lang='grc' dir='ltr'>διὰ</span> <span class='ocrx_word' id='word_1_646' title='bbox 2349 4267 2441 4320; x_wconf 84' lang='grc' dir='ltr'>τοῦ</span> <span class='ocrx_word' id='word_1_647' title='bbox 2473 4266 2913 4336; x_wconf 80' lang='grc' dir='ltr'>ίσοδυναμοῦντος</span> <span class='ocrx_word' id='word_1_648' title='bbox 2942 4266 3204 4336; x_wconf 83' lang='grc' dir='ltr'>ὀνόματος</span> <span class='ocrx_word' id='word_1_649' title='bbox 3226 4267 3370 4321; x_wconf 82' lang='grc' dir='ltr'>ἐστιν</span> <span class='ocrx_word' id='word_1_650' title='bbox 3396 4269 3634 4338; x_wconf 87' lang='grc' dir='ltr'>ἐπιγνῶ-</span> 
     </span>
    </p>
   </div>
   <div class='ocr_carea' id='block_1_87' title="bbox 2057 4356 3636 4430">
    <p class='ocr_par' dir='ltr' id='par_1_87' title="bbox 2057 4356 3636 4430">
     <span class='ocr_line' id='line_1_87' title="bbox 2057 4356 3636 4430; baseline 0.001 -19"><span class='ocrx_word' id='word_1_651' title='bbox 2057 4375 2146 4413; x_wconf 90' lang='grc' dir='ltr'><strong>ναι</strong></span> <span class='ocrx_word' id='word_1_652' title='bbox 2192 4358 2290 4428; x_wconf 81' lang='grc' dir='ltr'><strong>τὴν</strong></span> <span class='ocrx_word' id='word_1_653' title='bbox 2326 4357 2628 4429; x_wconf 79' lang='grc' dir='ltr'>ὑπερϐολὴν</span> <span class='ocrx_word' id='word_1_654' title='bbox 2675 4357 2768 4409; x_wconf 80' lang='grc' dir='ltr'><strong>τοῦ</strong></span> <span class='ocrx_word' id='word_1_655' title='bbox 2802 4356 3044 4410; x_wconf 90' lang='grc' dir='ltr'>τοιούτου</span> <span class='ocrx_word' id='word_1_656' title='bbox 3082 4359 3437 4430; x_wconf 84' lang='grc' dir='ltr'>χαρίσματος,</span> <span class='ocrx_word' id='word_1_657' title='bbox 3475 4361 3636 4430; x_wconf 70' lang='grc' dir='ltr'>εἴπερ</span> 
     </span>
    </p>
   </div>
   <div class='ocr_carea' id='block_1_88' title="bbox 2059 4446 3635 4518">
    <p class='ocr_par' dir='ltr' id='par_1_88' title="bbox 2059 4446 3635 4518">
     <span class='ocr_line' id='line_1_88' title="bbox 2059 4446 3635 4518; baseline 0.001 -18"><span class='ocrx_word' id='word_1_658' title='bbox 2059 4447 2266 4500; x_wconf 83' lang='grc' dir='ltr'>πολλῶν</span> <span class='ocrx_word' id='word_1_659' title='bbox 2290 4447 2457 4500; x_wconf 79' lang='grc' dir='ltr'>ὄντων</span> <span class='ocrx_word' id='word_1_660' title='bbox 2475 4447 2582 4499; x_wconf 88' lang='grc' dir='ltr'><strong>τῶν</strong></span> <span class='ocrx_word' id='word_1_661' title='bbox 2617 4449 2735 4500; x_wconf 85' lang='grc' dir='ltr'>κατ’</span> <span class='ocrx_word' id='word_1_662' title='bbox 2759 4446 2958 4518; x_wconf 84' lang='grc' dir='ltr'>ἀρετὴν</span> <span class='ocrx_word' id='word_1_663' title='bbox 2987 4448 3439 4518; x_wconf 83' lang='grc' dir='ltr'>ἐπιτελουμένων,</span> <span class='ocrx_word' id='word_1_664' title='bbox 3471 4449 3635 4518; x_wconf 85' lang='grc' dir='ltr'>μόνον</span> 
     </span>
    </p>
   </div>
   <div class='ocr_carea' id='block_1_89' title="bbox 2058 4536 3637 4610">
    <p class='ocr_par' dir='ltr' id='par_1_89' title="bbox 2058 4536 3637 4610">
     <span class='ocr_line' id='line_1_89' title="bbox 2058 4536 3637 4610; baseline 0 -18"><span class='ocrx_word' id='word_1_665' title='bbox 2058 4538 2215 4592; x_wconf 81' lang='grc' dir='ltr'>τοῦτο</span> <span class='ocrx_word' id='word_1_666' title='bbox 2239 4541 2306 4609; x_wconf 82' lang='grc' dir='ltr'>τῇ</span> <span class='ocrx_word' id='word_1_667' title='bbox 2351 4539 2633 4608; x_wconf 69' lang='grc' dir='ltr'>ἐπωνυμίᾳ</span> <span class='ocrx_word' id='word_1_668' title='bbox 2669 4536 2762 4589; x_wconf 83' lang='grc' dir='ltr'>τοῦ</span> <span class='ocrx_word' id='word_1_669' title='bbox 2794 4538 3071 4609; x_wconf 78' lang='grc' dir='ltr'>ἀφθάρτου</span> <span class='ocrx_word' id='word_1_670' title='bbox 3115 4538 3424 4610; x_wconf 86' lang='grc' dir='ltr'>τετίμηται.</span> <span class='ocrx_word' id='word_1_671' title='bbox 3469 4540 3531 4593; x_wconf 65' lang='lat' dir='ltr'><strong>Et</strong></span> <span class='ocrx_word' id='word_1_672' title='bbox 3573 4539 3637 4592; x_wconf 78' lang='grc' dir='ltr'><strong>δὲ</strong></span> 
     </span>
    </p>
   </div>
   <div class='ocr_carea' id='block_1_90' title="bbox 2061 4628 3637 4702">
    <p class='ocr_par' dir='ltr' id='par_1_90' title="bbox 2061 4628 3637 4702">
     <span class='ocr_line' id='line_1_90' title="bbox 2061 4628 3637 4702; baseline -0.009 -17"><span class='ocrx_word' id='word_1_673' title='bbox 2061 4630 2165 4702; x_wconf 84' lang='grc' dir='ltr'>χρὴ</span> <span class='ocrx_word' id='word_1_674' title='bbox 2197 4630 2288 4682; x_wconf 71' lang='grc' dir='ltr'><strong>καὶ</strong></span> <span class='ocrx_word' id='word_1_675' title='bbox 2322 4631 2389 4682; x_wconf 81' lang='grc' dir='ltr'>δι’</span> <span class='ocrx_word' id='word_1_676' title='bbox 2422 4628 2709 4698; x_wconf 85' lang='grc' dir='ltr'>ἐγκωμίων</span> <span class='ocrx_word' id='word_1_677' title='bbox 2734 4629 2936 4698; x_wconf 88' lang='grc' dir='ltr'>ταύτην</span> <span class='ocrx_word' id='word_1_678' title='bbox 2963 4629 3055 4682; x_wconf 82' lang='grc' dir='ltr'><strong>τοῦ</strong></span> <span class='ocrx_word' id='word_1_679' title='bbox 3085 4629 3338 4696; x_wconf 86' lang='grc' dir='ltr'>Μεγάλου</span> <span class='ocrx_word' id='word_1_680' title='bbox 3363 4629 3498 4682; x_wconf 82' lang='grc' dir='ltr'>Θεοῦ</span> <span class='ocrx_word' id='word_1_681' title='bbox 3525 4630 3637 4683; x_wconf 83' lang='grc' dir='ltr'><strong>δω-</strong></span> 
     </span>
    </p>
   </div>
   <div class='ocr_carea' id='block_1_91' title="bbox 382 4708 1951 4793">
    <p class='ocr_par' dir='ltr' id='par_1_91' title="bbox 382 4717 1951 4788">
     <span class='ocr_line' id='line_1_91' title="bbox 382 4717 1951 4788; baseline 0.002 -15"><span class='ocrx_word' id='word_1_682' title='bbox 382 4717 909 4774; x_wconf 90' lang='lat' dir='ltr'><strong>commendationem</strong></span> <span class='ocrx_word' id='word_1_683' title='bbox 964 4718 1184 4773; x_wconf 91' lang='lat' dir='ltr'><strong>divinus</strong></span> <span class='ocrx_word' id='word_1_684' title='bbox 1244 4718 1567 4788; x_wconf 86' lang='lat' dir='ltr'><strong>Apostolus,</strong></span> <span class='ocrx_word' id='word_1_685' title='bbox 1625 4719 1717 4787; x_wconf 87' lang='lat' dir='ltr'><strong>qui</strong></span> <span class='ocrx_word' id='word_1_686' title='bbox 1767 4721 1951 4788; x_wconf 88' lang='lat' dir='ltr'><strong>paucis</strong></span> 
     </span>
    </p>
   </div>
   <div class='ocr_carea' id='block_1_92' title="bbox 2053 4708 3636 4793">
    <p class='ocr_par' dir='ltr' id='par_1_92' title="bbox 2059 4720 3636 4793">
     <span class='ocr_line' id='line_1_92' title="bbox 2059 4720 3636 4793; baseline 0 -19"><span class='ocrx_word' id='word_1_687' title='bbox 2059 4723 2186 4793; x_wconf 87' lang='grc' dir='ltr'><strong>ρεάν</strong></span> <span class='ocrx_word' id='word_1_688' title='bbox 2230 4720 2642 4791; x_wconf 85' lang='grc' dir='ltr'>ἀποσεμνύνειν,</span> <span class='ocrx_word' id='word_1_689' title='bbox 2687 4722 2848 4792; x_wconf 81' lang='grc' dir='ltr'>ἀρκεῖ</span> <span class='ocrx_word' id='word_1_690' title='bbox 2887 4721 3023 4792; x_wconf 79' lang='grc' dir='ltr'>πρὸς</span> <span class='ocrx_word' id='word_1_691' title='bbox 3064 4723 3342 4792; x_wconf 85' lang='grc' dir='ltr'>εὐφημίαν</span> <span class='ocrx_word' id='word_1_692' title='bbox 3384 4722 3554 4792; x_wconf 86' lang='grc' dir='ltr'>αὐτῆς</span> <span class='ocrx_word' id='word_1_693' title='bbox 3602 4723 3636 4774; x_wconf 83' lang='grc' dir='ltr'>ὁ</span> 
     </span>
    </p>
   </div>
   <div class='ocr_carea' id='block_1_93' title="bbox 381 4806 1951 4876">
    <p class='ocr_par' dir='ltr' id='par_1_93' title="bbox 381 4806 1951 4876">
     <span class='ocr_line' id='line_1_93' title="bbox 381 4806 1951 4876; baseline 0 -16"><span class='ocrx_word' id='word_1_694' title='bbox 381 4808 564 4864; x_wconf 87' lang='lat' dir='ltr'><strong>verbis</strong></span> <span class='ocrx_word' id='word_1_695' title='bbox 613 4823 830 4862; x_wconf 89' lang='lat' dir='ltr'><strong>omnem</strong></span> <span class='ocrx_word' id='word_1_696' title='bbox 878 4807 1100 4860; x_wconf 91' lang='lat' dir='ltr'><strong>laudum</strong></span> <span class='ocrx_word' id='word_1_697' title='bbox 1153 4806 1636 4876; x_wconf 84' lang='lat' dir='ltr'><strong>ampliﬁcationem</strong></span> <span class='ocrx_word' id='word_1_698' title='bbox 1675 4807 1951 4871; x_wconf 89' lang='lat' dir='ltr'><strong>obscuret,</strong></span> 
     </span>
    </p>
   </div>
   <div class='ocr_carea' id='block_1_94' title="bbox 382 4899 1956 4969">
    <p class='ocr_par' dir='ltr' id='par_1_94' title="bbox 382 4899 1956 4969">
     <span class='ocr_line' id='line_1_94' title="bbox 382 4899 1956 4969; baseline -0.001 -15"><span class='ocrx_word' id='word_1_699' title='bbox 382 4909 626 4954; x_wconf 86' lang='lat' dir='ltr'><strong>sanetam</strong></span> <span class='ocrx_word' id='word_1_700' title='bbox 657 4907 822 4968; x_wconf 85' lang='lat' dir='ltr'><strong>atque</strong></span> <span class='ocrx_word' id='word_1_701' title='bbox 859 4899 1191 4968; x_wconf 77' lang='lat' dir='ltr'><strong>inculpatum</strong></span> <span class='ocrx_word' id='word_1_702' title='bbox 1225 4913 1342 4952; x_wconf 90' lang='lat' dir='ltr'><strong>eam</strong></span> <span class='ocrx_word' id='word_1_703' title='bbox 1371 4900 1672 4968; x_wconf 86' lang='lat' dir='ltr'><strong>appellans,</strong></span> <span class='ocrx_word' id='word_1_704' title='bbox 1710 4915 1830 4969; x_wconf 70' lang='lat' dir='ltr'><strong>qua:</strong></span> <span class='ocrx_word' id='word_1_705' title='bbox 1854 4900 1956 4955; x_wconf 91' lang='lat' dir='ltr'><strong>hoc</strong></span> 
     </span>
    </p>
   </div>
   <div class='ocr_carea' id='block_1_95' title="bbox 383 4989 1956 5061">
    <p class='ocr_par' dir='ltr' id='par_1_95' title="bbox 383 4989 1956 5061">
     <span class='ocr_line' id='line_1_95' title="bbox 383 4989 1956 5061; baseline 0.001 -16"><span class='ocrx_word' id='word_1_706' title='bbox 383 5007 612 5046; x_wconf 87' lang='lat' dir='ltr'><strong>munere</strong></span> <span class='ocrx_word' id='word_1_707' title='bbox 663 5002 854 5045; x_wconf 87' lang='lat' dir='ltr'><strong>ornata</strong></span> <span class='ocrx_word' id='word_1_708' title='bbox 912 4992 1000 5044; x_wconf 89' lang='lat' dir='ltr'><strong>sit.</strong></span> <span class='ocrx_word' id='word_1_709' title='bbox 1044 4989 1201 5055; x_wconf 79' lang='lat' dir='ltr'><strong>Quod</strong></span> <span class='ocrx_word' id='word_1_710' title='bbox 1247 4991 1291 5045; x_wconf 93' lang='lat' dir='ltr'><strong>si</strong></span> <span class='ocrx_word' id='word_1_711' title='bbox 1332 4993 1475 5044; x_wconf 88' lang='lat' dir='ltr'><strong>enim</strong></span> <span class='ocrx_word' id='word_1_712' title='bbox 1501 5000 1744 5061; x_wconf 67' lang='lat' dir='ltr'><strong>augusta:</strong></span> <span class='ocrx_word' id='word_1_713' title='bbox 1794 4992 1956 5061; x_wconf 92' lang='lat' dir='ltr'><strong>bujus</strong></span> 
     </span>
    </p>
   </div>
   <div class='ocr_carea' id='block_1_96' title="bbox 383 5081 1958 5153">
    <p class='ocr_par' dir='ltr' id='par_1_96' title="bbox 383 5081 1958 5153">
     <span class='ocr_line' id='line_1_96' title="bbox 383 5081 1958 5153; baseline -0.001 -15"><span class='ocrx_word' id='word_1_714' title='bbox 383 5083 713 5153; x_wconf 85' lang='lat' dir='ltr'><strong>virginitatis</strong></span> <span class='ocrx_word' id='word_1_715' title='bbox 745 5098 808 5138; x_wconf 90' lang='lat' dir='ltr'><strong>ea</strong></span> <span class='ocrx_word' id='word_1_716' title='bbox 835 5091 920 5137; x_wconf 91' lang='lat' dir='ltr'><strong>est</strong></span> <span class='ocrx_word' id='word_1_717' title='bbox 947 5081 1282 5152; x_wconf 83' lang='lat' dir='ltr'><strong>perfunctio,</strong></span> <span class='ocrx_word' id='word_1_718' title='bbox 1313 5089 1372 5135; x_wconf 90' lang='lat' dir='ltr'><strong>ut</strong></span> <span class='ocrx_word' id='word_1_719' title='bbox 1402 5082 1711 5152; x_wconf 90' lang='lat' dir='ltr'><strong>inculpatus</strong></span> <span class='ocrx_word' id='word_1_720' title='bbox 1737 5097 1801 5137; x_wconf 89' lang='lat' dir='ltr'><strong>ac</strong></span> <span class='ocrx_word' id='word_1_721' title='bbox 1832 5098 1958 5136; x_wconf 91' lang='lat' dir='ltr'><strong>san-</strong></span> 
     </span>
    </p>
   </div>
   <div class='ocr_carea' id='block_1_97' title="bbox 381 5174 1958 5245">
    <p class='ocr_par' dir='ltr' id='par_1_97' title="bbox 381 5174 1958 5245">
     <span class='ocr_line' id='line_1_97' title="bbox 381 5174 1958 5245; baseline 0.001 -17"><span class='ocrx_word' id='word_1_722' title='bbox 381 5183 504 5229; x_wconf 91' lang='lat' dir='ltr'><strong>ctus</strong></span> <span class='ocrx_word' id='word_1_723' title='bbox 542 5175 813 5229; x_wconf 82' lang='lat' dir='ltr'><strong>ellieiare:</strong></span> <span class='ocrx_word' id='word_1_724' title='bbox 849 5191 926 5230; x_wconf 73' lang='lat' dir='ltr'><strong>ea:</strong></span> <span class='ocrx_word' id='word_1_725' title='bbox 976 5183 1159 5230; x_wconf 91' lang='lat' dir='ltr'><strong>autem</strong></span> <span class='ocrx_word' id='word_1_726' title='bbox 1196 5189 1357 5229; x_wconf 90' lang='lat' dir='ltr'><strong>voces</strong></span> <span class='ocrx_word' id='word_1_727' title='bbox 1405 5176 1623 5245; x_wconf 91' lang='lat' dir='ltr'><strong>proprie</strong></span> <span class='ocrx_word' id='word_1_728' title='bbox 1669 5190 1734 5229; x_wconf 87' lang='lat' dir='ltr'><strong>ac</strong></span> <span class='ocrx_word' id='word_1_729' title='bbox 1780 5174 1958 5245; x_wconf 91' lang='lat' dir='ltr'><strong>primo</strong></span> 
     </span>
    </p>
   </div>
   <div class='ocr_carea' id='block_1_98' title="bbox 382 5263 1955 5334">
    <p class='ocr_par' dir='ltr' id='par_1_98' title="bbox 382 5263 1955 5334">
     <span class='ocr_line' id='line_1_98' title="bbox 382 5263 1955 5334; baseline 0.001 -18"><span class='ocrx_word' id='word_1_730' title='bbox 382 5263 450 5316; x_wconf 89' lang='lat' dir='ltr'><strong>ad</strong></span> <span class='ocrx_word' id='word_1_731' title='bbox 483 5265 784 5333; x_wconf 89' lang='lat' dir='ltr'><strong>incorrupti</strong></span> <span class='ocrx_word' id='word_1_732' title='bbox 829 5263 922 5318; x_wconf 89' lang='lat' dir='ltr'><strong>Dei</strong></span> <span class='ocrx_word' id='word_1_733' title='bbox 961 5264 1190 5334; x_wconf 86' lang='lat' dir='ltr'><strong>gloriam</strong></span> <span class='ocrx_word' id='word_1_734' title='bbox 1227 5271 1593 5333; x_wconf 89' lang='lat' dir='ltr'><strong>usurpantur:</strong></span> <span class='ocrx_word' id='word_1_735' title='bbox 1642 5269 1955 5334; x_wconf 72' lang='lat' dir='ltr'><strong>ecquaenam</strong></span> 
     </span>
    </p>
   </div>
   <div class='ocr_carea' id='block_1_99' title="bbox 383 5353 1956 5428">
    <p class='ocr_par' dir='ltr' id='par_1_99' title="bbox 383 5353 1956 5428">
     <span class='ocr_line' id='line_1_99' title="bbox 383 5353 1956 5428; baseline 0.001 -22"><span class='ocrx_word' id='word_1_736' title='bbox 383 5353 561 5422; x_wconf 89' lang='lat' dir='ltr'><strong>major</strong></span> <span class='ocrx_word' id='word_1_737' title='bbox 595 5369 718 5409; x_wconf 89' lang='lat' dir='ltr'><strong>esse</strong></span> <span class='ocrx_word' id='word_1_738' title='bbox 756 5364 937 5425; x_wconf 88' lang='lat' dir='ltr'><strong>potest</strong></span> <span class='ocrx_word' id='word_1_739' title='bbox 979 5357 1100 5412; x_wconf 89' lang='lat' dir='ltr'><strong>laus</strong></span> <span class='ocrx_word' id='word_1_740' title='bbox 1138 5356 1486 5428; x_wconf 87' lang='lat' dir='ltr'><strong>virginitatis,</strong></span> <span class='ocrx_word' id='word_1_741' title='bbox 1532 5371 1696 5426; x_wconf 89' lang='lat' dir='ltr'><strong>quam</strong></span> <span class='ocrx_word' id='word_1_742' title='bbox 1743 5355 1956 5411; x_wconf 89' lang='lat' dir='ltr'><strong>ostendi</strong></span> 
     </span>
    </p>
   </div>
   <div class='ocr_carea' id='block_1_100' title="bbox 381 5444 1955 5517">
    <p class='ocr_par' dir='ltr' id='par_1_100' title="bbox 381 5444 1955 5517">
     <span class='ocr_line' id='line_1_100' title="bbox 381 5444 1955 5517; baseline 0.001 -20"><span class='ocrx_word' id='word_1_743' title='bbox 381 5457 501 5497; x_wconf 89' lang='lat' dir='ltr'><strong>eam</strong></span> <span class='ocrx_word' id='word_1_744' title='bbox 544 5444 610 5498; x_wconf 89' lang='lat' dir='ltr'><strong>iis</strong></span> <span class='ocrx_word' id='word_1_745' title='bbox 636 5446 799 5502; x_wconf 87' lang='lat' dir='ltr'><strong>rebus</strong></span> <span class='ocrx_word' id='word_1_746' title='bbox 839 5456 1117 5502; x_wconf 88' lang='lat' dir='ltr'><strong>castorum</strong></span> <span class='ocrx_word' id='word_1_747' title='bbox 1157 5463 1384 5503; x_wconf 88' lang='lat' dir='ltr'><strong>suorum</strong></span> <span class='ocrx_word' id='word_1_748' title='bbox 1419 5462 1749 5502; x_wconf 87' lang='lat' dir='ltr'><strong>arcanorum</strong></span> <span class='ocrx_word' id='word_1_749' title='bbox 1784 5446 1955 5517; x_wconf 35' lang='lat' dir='ltr'><strong>partie</strong></span> 
     </span>
    </p>
   </div>
   <div class='ocr_carea' id='block_1_101' title="bbox 382 5534 1954 5609">
    <p class='ocr_par' dir='ltr' id='par_1_101' title="bbox 382 5534 1954 5609">
     <span class='ocr_line' id='line_1_101' title="bbox 382 5534 1954 5609; baseline 0.002 -21"><span class='ocrx_word' id='word_1_750' title='bbox 382 5534 532 5603; x_wconf 87' lang='lat' dir='ltr'><strong>cipes</strong></span> <span class='ocrx_word' id='word_1_751' title='bbox 562 5536 720 5604; x_wconf 88' lang='lat' dir='ltr'><strong>quasi</strong></span> <span class='ocrx_word' id='word_1_752' title='bbox 754 5537 887 5593; x_wconf 92' lang='lat' dir='ltr'><strong>deos</strong></span> <span class='ocrx_word' id='word_1_753' title='bbox 917 5536 1155 5606; x_wconf 82' lang='lat' dir='ltr'><strong>efﬁcere,</strong></span> <span class='ocrx_word' id='word_1_754' title='bbox 1187 5549 1244 5594; x_wconf 90' lang='lat' dir='ltr'><strong>ut</strong></span> <span class='ocrx_word' id='word_1_755' title='bbox 1272 5540 1405 5596; x_wconf 86' lang='lat' dir='ltr'><strong>socii</strong></span> <span class='ocrx_word' id='word_1_756' title='bbox 1437 5538 1660 5609; x_wconf 89' lang='lat' dir='ltr'><strong>quidam</strong></span> <span class='ocrx_word' id='word_1_757' title='bbox 1690 5538 1800 5593; x_wconf 85' lang='lat' dir='ltr'><strong>sint</strong></span> <span class='ocrx_word' id='word_1_758' title='bbox 1835 5538 1954 5608; x_wconf 89' lang='lat' dir='ltr'><strong>glo-</strong></span> 
     </span>
    </p>
   </div>
   <div class='ocr_carea' id='block_1_102' title="bbox 385 5626 1957 5699">
    <p class='ocr_par' dir='ltr' id='par_1_102' title="bbox 385 5626 1957 5699">
     <span class='ocr_line' id='line_1_102' title="bbox 385 5626 1957 5699; baseline 0.003 -21"><span class='ocrx_word' id='word_1_759' title='bbox 385 5626 480 5679; x_wconf 64' lang='lat' dir='ltr'><strong>ria:</strong></span> <span class='ocrx_word' id='word_1_760' title='bbox 512 5627 682 5682; x_wconf 87' lang='lat' dir='ltr'><strong>solius</strong></span> <span class='ocrx_word' id='word_1_761' title='bbox 711 5643 835 5682; x_wconf 90' lang='lat' dir='ltr'><strong>vere</strong></span> <span class='ocrx_word' id='word_1_762' title='bbox 858 5629 1034 5683; x_wconf 88' lang='lat' dir='ltr'><strong>sancti</strong></span> <span class='ocrx_word' id='word_1_763' title='bbox 1063 5637 1228 5699; x_wconf 88' lang='lat' dir='ltr'><strong>atque</strong></span> <span class='ocrx_word' id='word_1_764' title='bbox 1261 5631 1523 5698; x_wconf 89' lang='lat' dir='ltr'><strong>inculpati</strong></span> <span class='ocrx_word' id='word_1_765' title='bbox 1561 5628 1676 5692; x_wconf 83' lang='lat' dir='ltr'><strong>Dei,</strong></span> <span class='ocrx_word' id='word_1_766' title='bbox 1713 5630 1957 5684; x_wconf 86' lang='lat' dir='ltr'><strong>necessi-</strong></span> 
     </span>
    </p>
   </div>
   <div class='ocr_carea' id='block_1_103' title="bbox 384 5717 1954 5794">
    <p class='ocr_par' dir='ltr' id='par_1_103' title="bbox 384 5717 1954 5794">
     <span class='ocr_line' id='line_1_103' title="bbox 384 5717 1954 5794; baseline 0.002 -21"><span class='ocrx_word' id='word_1_767' title='bbox 384 5717 575 5776; x_wconf 84' lang='lat' dir='ltr'><strong>tudine</strong></span> <span class='ocrx_word' id='word_1_768' title='bbox 623 5734 747 5774; x_wconf 88' lang='lat' dir='ltr'><strong>cum</strong></span> <span class='ocrx_word' id='word_1_769' title='bbox 786 5736 850 5775; x_wconf 91' lang='lat' dir='ltr'><strong>eo</strong></span> <span class='ocrx_word' id='word_1_770' title='bbox 907 5721 1142 5791; x_wconf 85' lang='lat' dir='ltr'><strong>puritate</strong></span> <span class='ocrx_word' id='word_1_771' title='bbox 1181 5731 1342 5793; x_wconf 83' lang='lat' dir='ltr'><strong>atque</strong></span> <span class='ocrx_word' id='word_1_772' title='bbox 1375 5723 1687 5794; x_wconf 82' lang='lat' dir='ltr'><strong>integritate</strong></span> <span class='ocrx_word' id='word_1_773' title='bbox 1737 5731 1954 5778; x_wconf 87' lang='lat' dir='ltr'><strong>eontra-</strong></span> 
     </span>
    </p>
   </div>
   <div class='ocr_carea' id='block_1_104' title="bbox 2051 4811 3639 4882">
    <p class='ocr_par' dir='ltr' id='par_1_104' title="bbox 2051 4811 3639 4882">
     <span class='ocr_line' id='line_1_104' title="bbox 2051 4811 3639 4882; baseline 0.001 -17"><span class='ocrx_word' id='word_1_774' title='bbox 2051 4813 2195 4875; x_wconf 80' lang='grc' dir='ltr'>θεῖος</span> <span class='ocrx_word' id='word_1_775' title='bbox 2239 4812 2557 4875; x_wconf 87' lang='grc' dir='ltr'>Ἀπόστολος</span> <span class='ocrx_word' id='word_1_776' title='bbox 2577 4851 2592 4876; x_wconf 90' lang='grc'><strong>,</strong></span> <span class='ocrx_word' id='word_1_777' title='bbox 2630 4811 2698 4865; x_wconf 79' lang='grc' dir='ltr'>δι’</span> <span class='ocrx_word' id='word_1_778' title='bbox 2727 4811 2919 4880; x_wconf 84' lang='grc' dir='ltr'>ὀλίγων</span> <span class='ocrx_word' id='word_1_779' title='bbox 2947 4813 3206 4882; x_wconf 76' lang='grc' dir='ltr'>ῥημάτων</span> <span class='ocrx_word' id='word_1_780' title='bbox 3238 4816 3417 4868; x_wconf 84' lang='grc' dir='ltr'>πᾶσαν</span> <span class='ocrx_word' id='word_1_781' title='bbox 3459 4815 3639 4881; x_wconf 73' lang='grc' dir='ltr'>ἐγκωο</span> 
     </span>
    </p>
   </div>
   <div class='ocr_carea' id='block_1_105' title="bbox 2056 4900 3638 4974">
    <p class='ocr_par' dir='ltr' id='par_1_105' title="bbox 2056 4900 3638 4974">
     <span class='ocr_line' id='line_1_105' title="bbox 2056 4900 3638 4974; baseline -0.001 -18"><span class='ocrx_word' id='word_1_782' title='bbox 2056 4903 2192 4973; x_wconf 86' lang='grc' dir='ltr'>μίων</span> <span class='ocrx_word' id='word_1_783' title='bbox 2232 4902 2537 4974; x_wconf 77' lang='grc' dir='ltr'>ὑπερϐολὴν</span> <span class='ocrx_word' id='word_1_784' title='bbox 2570 4901 2892 4972; x_wconf 72' lang='grc' dir='ltr'>ἀποκρύψας</span> <span class='ocrx_word' id='word_1_785' title='bbox 2913 4941 2926 4963; x_wconf 88' lang='grc'><strong>,</strong></span> <span class='ocrx_word' id='word_1_786' title='bbox 2957 4900 3015 4964; x_wconf 82' lang='grc' dir='ltr'>ὃς</span> <span class='ocrx_word' id='word_1_787' title='bbox 3050 4903 3212 4970; x_wconf 80' lang='grc' dir='ltr'>ἁγίαν</span> <span class='ocrx_word' id='word_1_788' title='bbox 3261 4904 3356 4957; x_wconf 74' lang='grc' dir='ltr'><strong>καὶ</strong></span> <span class='ocrx_word' id='word_1_789' title='bbox 3402 4903 3638 4972; x_wconf 82' lang='grc' dir='ltr'>ἄμωμον</span> 
     </span>
    </p>
   </div>
   <div class='ocr_carea' id='block_1_106' title="bbox 2053 4993 3634 5065">
    <p class='ocr_par' dir='ltr' id='par_1_106' title="bbox 2053 4993 3634 5065">
     <span class='ocr_line' id='line_1_106' title="bbox 2053 4993 3634 5065; baseline 0.002 -19"><span class='ocrx_word' id='word_1_790' title='bbox 2053 4995 2150 5065; x_wconf 82' lang='grc' dir='ltr'><strong>τὴν</strong></span> <span class='ocrx_word' id='word_1_791' title='bbox 2175 4994 2592 5064; x_wconf 80' lang='grc' dir='ltr'>κεκοσμημένην</span> <span class='ocrx_word' id='word_1_792' title='bbox 2620 4993 2711 5057; x_wconf 28' lang='grc' dir='ltr'>διὰ,</span> <span class='ocrx_word' id='word_1_793' title='bbox 2725 4993 2822 5062; x_wconf 83' lang='grc' dir='ltr'>τῆς</span> <span class='ocrx_word' id='word_1_794' title='bbox 2845 4993 3066 5064; x_wconf 79' lang='grc' dir='ltr'>χάριτος</span> <span class='ocrx_word' id='word_1_795' title='bbox 3097 4993 3300 5064; x_wconf 80' lang='grc' dir='ltr'>ταύτης</span> <span class='ocrx_word' id='word_1_796' title='bbox 3331 4994 3634 5063; x_wconf 83' lang='grc' dir='ltr'>ὠνόμασεν.</span> 
     </span>
    </p>
   </div>
   <div class='ocr_carea' id='block_1_107' title="bbox 2055 5074 3640 5154">
    <p class='ocr_par' dir='ltr' id='par_1_107' title="bbox 2055 5074 3640 5154">
     <span class='ocr_line' id='line_1_107' title="bbox 2055 5074 3640 5154; baseline -0.001 -17"><span class='ocrx_word' id='word_1_797' title='bbox 2055 5086 2116 5138; x_wconf 75' lang='lat' dir='ltr'><strong>Et</strong></span> <span class='ocrx_word' id='word_1_798' title='bbox 2145 5085 2253 5154; x_wconf 79' lang='grc' dir='ltr'>γὰρ</span> <span class='ocrx_word' id='word_1_799' title='bbox 2281 5083 2341 5135; x_wconf 82' lang='grc' dir='ltr'><strong>τὸ</strong></span> <span class='ocrx_word' id='word_1_800' title='bbox 2368 5074 2699 5153; x_wconf 82' lang='grc' dir='ltr'>κατόρθωμα</span> <span class='ocrx_word' id='word_1_801' title='bbox 2729 5084 2825 5151; x_wconf 85' lang='grc' dir='ltr'>τῆς</span> <span class='ocrx_word' id='word_1_802' title='bbox 2853 5083 3055 5153; x_wconf 79' lang='grc' dir='ltr'>σεμνῆς</span> <span class='ocrx_word' id='word_1_803' title='bbox 3091 5082 3292 5152; x_wconf 87' lang='grc' dir='ltr'>ταύτης</span> <span class='ocrx_word' id='word_1_804' title='bbox 3340 5082 3640 5152; x_wconf 81' lang='grc' dir='ltr'>παρθενίας</span> 
     </span>
    </p>
   </div>
   <div class='ocr_carea' id='block_1_108' title="bbox 2064 5172 3640 5245">
    <p class='ocr_par' dir='ltr' id='par_1_108' title="bbox 2064 5172 3640 5245">
     <span class='ocr_line' id='line_1_108' title="bbox 2064 5172 3640 5245; baseline -0.002 -17"><span class='ocrx_word' id='word_1_805' title='bbox 2064 5176 2200 5240; x_wconf 84' lang='grc' dir='ltr'>ἐστί,</span> <span class='ocrx_word' id='word_1_806' title='bbox 2240 5175 2301 5228; x_wconf 75' lang='grc' dir='ltr'>τὸ</span> <span class='ocrx_word' id='word_1_807' title='bbox 2344 5175 2570 5245; x_wconf 84' lang='grc' dir='ltr'>άμωμόν</span> <span class='ocrx_word' id='word_1_808' title='bbox 2602 5190 2722 5227; x_wconf 88' lang='grc' dir='ltr'>τινα</span> <span class='ocrx_word' id='word_1_809' title='bbox 2753 5173 3008 5241; x_wconf 82' lang='grc' dir='ltr'>γενέσθαι</span> <span class='ocrx_word' id='word_1_810' title='bbox 3047 5175 3138 5228; x_wconf 77' lang='grc' dir='ltr'>καὶ</span> <span class='ocrx_word' id='word_1_811' title='bbox 3173 5174 3358 5241; x_wconf 69' lang='grc' dir='ltr'><strong>ἕιὶγιον⁹</strong></span> <span class='ocrx_word' id='word_1_812' title='bbox 3385 5173 3556 5228; x_wconf 86' lang='grc' dir='ltr'>ταῦτα</span> <span class='ocrx_word' id='word_1_813' title='bbox 3578 5172 3640 5226; x_wconf 78' lang='grc' dir='ltr'>δὲ</span> 
     </span>
    </p>
   </div>
   <div class='ocr_carea' id='block_1_109' title="bbox 2063 5265 3640 5338">
    <p class='ocr_par' dir='ltr' id='par_1_109' title="bbox 2063 5265 3640 5338">
     <span class='ocr_line' id='line_1_109' title="bbox 2063 5265 3640 5338; baseline -0.003 -16"><span class='ocrx_word' id='word_1_814' title='bbox 2063 5269 2130 5322; x_wconf 75' lang='grc' dir='ltr'>τὰ</span> <span class='ocrx_word' id='word_1_815' title='bbox 2168 5269 2405 5338; x_wconf 86' lang='grc' dir='ltr'>ὀνόματα</span> <span class='ocrx_word' id='word_1_816' title='bbox 2434 5267 2639 5337; x_wconf 88' lang='grc' dir='ltr'>κυρίως</span> <span class='ocrx_word' id='word_1_817' title='bbox 2681 5265 2774 5320; x_wconf 78' lang='grc' dir='ltr'>καὶ</span> <span class='ocrx_word' id='word_1_818' title='bbox 2797 5266 3027 5336; x_wconf 85' lang='grc' dir='ltr'>πρώτως</span> <span class='ocrx_word' id='word_1_819' title='bbox 3055 5267 3134 5329; x_wconf 87' lang='grc' dir='ltr'><strong>είς</strong></span> <span class='ocrx_word' id='word_1_820' title='bbox 3159 5265 3316 5330; x_wconf 82' lang='grc' dir='ltr'>δόξαν</span> <span class='ocrx_word' id='word_1_821' title='bbox 3345 5265 3640 5336; x_wconf 78' lang='grc' dir='ltr'>παραλαμ-</span> 
     </span>
    </p>
   </div>
   <div class='ocr_carea' id='block_1_110' title="bbox 2063 5356 3641 5430">
    <p class='ocr_par' dir='ltr' id='par_1_110' title="bbox 2063 5356 3641 5430">
     <span class='ocr_line' id='line_1_110' title="bbox 2063 5356 3641 5430; baseline -0.003 -17"><span class='ocrx_word' id='word_1_822' title='bbox 2063 5361 2282 5415; x_wconf 77' lang='grc' dir='ltr'>ϐάνεται</span> <span class='ocrx_word' id='word_1_823' title='bbox 2312 5360 2404 5412; x_wconf 83' lang='grc' dir='ltr'>τοῦ</span> <span class='ocrx_word' id='word_1_824' title='bbox 2433 5358 2710 5428; x_wconf 75' lang='grc' dir='ltr'>ἀφθάρτου</span> <span class='ocrx_word' id='word_1_825' title='bbox 2735 5356 2893 5411; x_wconf 73' lang='grc' dir='ltr'><strong>Θεοῦο</strong></span> <span class='ocrx_word' id='word_1_826' title='bbox 2916 5357 3000 5421; x_wconf 82' lang='grc' dir='ltr'><strong>τίς</strong></span> <span class='ocrx_word' id='word_1_827' title='bbox 3030 5356 3229 5430; x_wconf 82' lang='grc' dir='ltr'>μείζων</span> <span class='ocrx_word' id='word_1_828' title='bbox 3255 5357 3469 5420; x_wconf 79' lang='grc' dir='ltr'>ἔπαινος</span> <span class='ocrx_word' id='word_1_829' title='bbox 3495 5373 3641 5428; x_wconf 79' lang='grc' dir='ltr'>παρο</span> 
     </span>
    </p>
   </div>
   <div class='ocr_carea' id='block_1_111' title="bbox 2062 5447 3638 5520">
    <p class='ocr_par' dir='ltr' id='par_1_111' title="bbox 2062 5447 3638 5520">
     <span class='ocr_line' id='line_1_111' title="bbox 2062 5447 3638 5520; baseline -0.003 -15"><span class='ocrx_word' id='word_1_830' title='bbox 2062 5452 2276 5517; x_wconf 85' lang='grc' dir='ltr'>θενίας,</span> <span class='ocrx_word' id='word_1_831' title='bbox 2310 5450 2342 5520; x_wconf 83' lang='grc' dir='ltr'><strong>ἢ</strong></span> <span class='ocrx_word' id='word_1_832' title='bbox 2375 5450 2434 5502; x_wconf 83' lang='grc' dir='ltr'><strong>τὸ</strong></span> <span class='ocrx_word' id='word_1_833' title='bbox 2480 5449 2860 5520; x_wconf 79' lang='grc' dir='ltr'>ἀποδειχθῆναι</span> <span class='ocrx_word' id='word_1_834' title='bbox 2903 5449 2993 5503; x_wconf 85' lang='grc' dir='ltr'><strong>διὰ</strong></span> <span class='ocrx_word' id='word_1_835' title='bbox 3040 5448 3243 5502; x_wconf 90' lang='grc' dir='ltr'>τούτων</span> <span class='ocrx_word' id='word_1_836' title='bbox 3285 5447 3638 5502; x_wconf 83' lang='grc' dir='ltr'>θεοποιοῦσαν</span> 
     </span>
    </p>
   </div>
   <div class='ocr_carea' id='block_1_112' title="bbox 2061 5537 3639 5612">
    <p class='ocr_par' dir='ltr' id='par_1_112' title="bbox 2061 5537 3639 5612">
     <span class='ocr_line' id='line_1_112' title="bbox 2061 5537 3639 5612; baseline -0.003 -18"><span class='ocrx_word' id='word_1_837' title='bbox 2061 5543 2257 5612; x_wconf 90' lang='grc' dir='ltr'>τρόπον</span> <span class='ocrx_word' id='word_1_838' title='bbox 2299 5540 2420 5592; x_wconf 78' lang='grc' dir='ltr'>τινὰ</span> <span class='ocrx_word' id='word_1_839' title='bbox 2470 5540 2596 5601; x_wconf 82' lang='grc' dir='ltr'>τοὺς</span> <span class='ocrx_word' id='word_1_840' title='bbox 2638 5539 2744 5592; x_wconf 83' lang='grc' dir='ltr'><strong>τῶν</strong></span> <span class='ocrx_word' id='word_1_841' title='bbox 2801 5537 3058 5610; x_wconf 89' lang='grc' dir='ltr'>καθαρῶν</span> <span class='ocrx_word' id='word_1_842' title='bbox 3105 5539 3273 5610; x_wconf 84' lang='grc' dir='ltr'>αὐτῆς</span> <span class='ocrx_word' id='word_1_843' title='bbox 3320 5537 3639 5608; x_wconf 84' lang='grc' dir='ltr'>μυστηρίων</span> 
     </span>
    </p>
   </div>
   <div class='ocr_carea' id='block_1_113' title="bbox 2065 5627 3638 5704">
    <p class='ocr_par' dir='ltr' id='par_1_113' title="bbox 2065 5627 3638 5704">
     <span class='ocr_line' id='line_1_113' title="bbox 2065 5627 3638 5704; baseline -0.002 -20"><span class='ocrx_word' id='word_1_844' title='bbox 2065 5630 2484 5704; x_wconf 83' lang='grc' dir='ltr'>μετεσχηκότας,</span> <span class='ocrx_word' id='word_1_845' title='bbox 2510 5631 2589 5692; x_wconf 85' lang='grc' dir='ltr'><strong>είς</strong></span> <span class='ocrx_word' id='word_1_846' title='bbox 2625 5629 2686 5682; x_wconf 83' lang='grc' dir='ltr'><strong>τὸ</strong></span> <span class='ocrx_word' id='word_1_847' title='bbox 2713 5629 2966 5698; x_wconf 83' lang='grc' dir='ltr'>γενέσθαι</span> <span class='ocrx_word' id='word_1_848' title='bbox 2999 5631 3196 5691; x_wconf 73' lang='grc' dir='ltr'>αὐτοὺς</span> <span class='ocrx_word' id='word_1_849' title='bbox 3224 5633 3512 5691; x_wconf 80' lang='grc' dir='ltr'>κοινωνοὺς</span> <span class='ocrx_word' id='word_1_850' title='bbox 3533 5627 3638 5696; x_wconf 83' lang='grc' dir='ltr'>τῆς</span> 
     </span>
    </p>
   </div>
   <div class='ocr_carea' id='block_1_114' title="bbox 2060 5720 3632 5795">
    <p class='ocr_par' dir='ltr' id='par_1_114' title="bbox 2060 5720 3632 5795">
     <span class='ocr_line' id='line_1_114' title="bbox 2060 5720 3632 5795; baseline -0.004 -16"><span class='ocrx_word' id='word_1_851' title='bbox 2060 5723 2212 5795; x_wconf 80' lang='grc' dir='ltr'>δόξης</span> <span class='ocrx_word' id='word_1_852' title='bbox 2241 5721 2331 5776; x_wconf 73' lang='grc' dir='ltr'><strong>τοῦ</strong></span> <span class='ocrx_word' id='word_1_853' title='bbox 2358 5721 2520 5792; x_wconf 88' lang='grc' dir='ltr'>μόνου</span> <span class='ocrx_word' id='word_1_854' title='bbox 2545 5721 2620 5785; x_wconf 85' lang='grc' dir='ltr'><strong>ῶς</strong></span> <span class='ocrx_word' id='word_1_855' title='bbox 2648 5722 2861 5795; x_wconf 82' lang='grc' dir='ltr'>άληθῶς</span> <span class='ocrx_word' id='word_1_856' title='bbox 2894 5723 3049 5792; x_wconf 80' lang='grc' dir='ltr'>ἁγίου</span> <span class='ocrx_word' id='word_1_857' title='bbox 3089 5725 3182 5778; x_wconf 78' lang='grc' dir='ltr'>καὶ</span> <span class='ocrx_word' id='word_1_858' title='bbox 3209 5723 3436 5793; x_wconf 81' lang='grc' dir='ltr'>ἀμώμου</span> <span class='ocrx_word' id='word_1_859' title='bbox 3459 5720 3594 5774; x_wconf 79' lang='grc' dir='ltr'>Θεοῦ</span> <span class='ocrx_word' id='word_1_860' title='bbox 3617 5759 3632 5784; x_wconf 97' lang='grc'><strong>,</strong></span> 
     </span>
    </p>
   </div>
  </div>
