4034 6132
371 297 466 354 521

1722 287 1810 342 DE
1853 287 2320 346 VIRGINITATE.

3517 289 3622 346 522

372 412 456 468 διά
478 407 850 480 καθαρότητος
882 405 1032 476 αὐτῷ
1070 404 1164 459 καὶ
1185 402 1492 475 ἀφθαρσίας
1519 401 1942 474 οἰκειουμένους.

2051 402 2250 456 henda.
2287 400 2614 472 Quicunque
2646 399 2790 456 'vero
2828 401 3041 474 longius
3072 399 3359 468 iorationis
3411 400 3623 474 digres-

372 505 518 556 Ὅσοι
559 500 617 553 δὲ
655 499 899 570 μακροὺς
938 497 1194 559 ἐπαίνους
1236 497 1294 548 ἐν
1331 495 1640 560 διεξοδικῶς
1686 495 1940 548 κατατεί-

367 609 509 646 νουσι
539 592 739 660 λόγοις,
762 589 836 652 ὡς
856 589 944 642 διὰ
969 587 1172 641 τούτων
1199 587 1596 658 προσθήσοντές
1623 605 1673 639 τι
1706 585 1782 656 τῷ
1812 585 1942 639 θαύο

371 701 495 755 ματι
522 683 627 753 τῆς
646 679 966 752 παρθενίας,
997 678 1285 748 λελήθασιν
1314 679 1559 742 ἑαυτοὺς,
1595 677 1737 731 κατά
1759 695 1823 746 γε
1845 678 1942 748 τὴν

367 772 506 842 ἐμὴν
545 769 746 841 κρίσιν,
788 766 1187 838 ἐναντιούμενοι
1228 767 1306 838 τῷ
1351 767 1465 837 ίδίῳ
1513 766 1720 837 σκοπῷο
1763 766 1831 820 δι’
1870 759 1944 820 ὧν

363 863 672 933 ἐξαίρουσιν
707 861 785 922 είς
832 857 1087 929 μέγεθος,
1119 856 1360 910 ὕποπτον
1405 856 1682 919 ποιοῦντες
1721 855 1810 908 διὰ
1839 853 1946 908 τῶν

365 954 658 1023 ἐγκωμίων
692 952 782 1004 τὸν
806 951 1047 1003 ἔπαινον.
1073 948 1214 1002 Ὅσα
1242 948 1351 1019 γὰρ
1385 951 1441 1001 ἐν
1465 951 1530 1018 τῇ
1568 947 1728 1017 φύσει
1754 948 1814 1000 τὸ
1845 964 1943 1017 με-

363 1045 579 1114 γαλεῖον
613 1044 728 1112 ἔχει
751 1083 766 1109 ,
809 1042 1017 1095 οἴκοθεν
1037 1041 1097 1094 τὸ
1125 1041 1310 1111 θαῦμα
1347 1041 1638 1108 ἐπάγεται,
1667 1041 1820 1094 οὐδὲν
1846 1040 1946 1110 τῆς

365 1136 430 1188 ἐκ
467 1133 574 1187 τῶν
604 1133 779 1201 λόγων
814 1132 1142 1202 συνηγορίας
1171 1131 1416 1201 δεόμεναι
1441 1131 1694 1202 καθάπερ
1727 1133 1755 1184 6
1790 1131 1949 1203 ούρα-

363 1227 473 1289 νδς,
503 1226 536 1296 ἢ
563 1227 592 1278 6
625 1225 797 1295 ἥλιος,
825 1223 856 1294 ἢ
898 1223 1026 1278 ἄλλο
1051 1241 1103 1276 τι
1135 1223 1244 1276 τῶν
1271 1223 1366 1276 τοῦ
1401 1225 1604 1295 κόσμου
1628 1224 1943 1296 θαυμάτων·

363 1325 476 1384 τοῖς
505 1321 561 1373 δὲ
593 1319 997 1388 ταπεινοτέροις
1039 1317 1146 1371 τῶν
1176 1319 1624 1388 ἐπιτηδευμάτων
1657 1320 1778 1373 ἀντὶ
1817 1320 1948 1374 ὑπο-

365 1413 574 1484 ϐάθρας
609 1415 638 1464 6
669 1411 822 1479 λόγος
861 1411 1161 1480 γινόμενος,
1207 1411 1472 1480 μεγέθους
1506 1411 1626 1465 τινά
1651 1411 1946 1480 φαντασίαν

363 1501 453 1554 διὰ
489 1502 591 1570 τῆς
627 1499 736 1553 τῶν
764 1499 1000 1552 ἐπαίνων
1038 1499 1316 1566 περινοίας
1353 1499 1728 1570 προστίθησιν.
1780 1500 1946 1556 Ὅθεν

363 1592 628 1654 πολλάκις
673 1590 733 1643 τὸ
780 1591 844 1641 ἐκ
891 1589 997 1644 τῶν
1045 1591 1336 1660 ἐγκωμίων
1403 1590 1946 1661 κατασκευαζόμενον

365 1683 589 1754 θαῦμα,
624 1683 698 1744 ὡς
739 1680 1125 1750 σεσοφισμένον
1173 1679 1645 1734 καθυποπτεύεται
1693 1681 1799 1734 ὑπὸ
1829 1683 1944 1752 τῶν

2047 494 2297 550 sionibus
2332 491 2497 562 hujus
2528 494 2605 546 rei
2630 492 2793 549 latius
2827 493 3101 563 explicant
3122 492 3332 559 laudes,
3364 493 3524 561 quasi
3554 509 3621 549 ex

2047 588 2150 641 hoc
2193 585 2398 655 aliquid
2452 584 2762 639 admirabili
2810 585 2937 640 huic
2967 585 3220 656 virginali
3273 585 3458 640 studio
3512 587 3623 640 sint

2047 679 2307 742 addituri,
2338 678 2392 731 hi
2431 676 2678 748 profecto
2711 677 2843 730 mihi
2882 678 3094 746 seipsos
3142 678 3397 749 ignorare
3428 677 3621 732 viden-

2047 778 2158 833 tur,
2185 785 2308 824 cum
2338 784 2450 824 suae
2473 768 2754 823 sententiae
2787 782 3118 838 magnopere
3152 767 3255 836 ipsi
3284 776 3616 838 repugnent:

2047 861 2246 930 quibus
2277 861 2422 914 enim
2450 860 2716 915 encomiis
2753 874 2812 914 se
2845 859 2925 914 rei
2957 860 3384 930 magnitudinem
3430 862 3623 930 ampli-

2049 952 2212 1007 ﬁcare
2229 952 2588 1015 arbitrantur,
2610 950 2804 1007 iisdem
2827 958 3134 1021 suspectam
3157 950 3361 1006 faciunt
3379 951 3616 1007 laudem.

2047 1043 2182 1097 Nam
2223 1059 2346 1113 qua:
2391 1051 2587 1096 natura
2632 1043 2928 1107 excellunt,
2974 1041 3389 1098 admirationem
3434 1058 3619 1099 secum

2049 1133 2304 1200 aﬂ'erunt,
2367 1148 2547 1204 neque
2603 1133 2914 1187 orationum
2973 1133 3277 1201 patrocinio
3338 1133 3617 1204 indigent:

2049 1227 2230 1297 qualia
2264 1235 2395 1281 sunt
2417 1226 2636 1290 coelum,
2675 1227 2778 1290 sol,
2812 1234 3118 1296 caateraque
3147 1226 3201 1281 id
3235 1216 3469 1295 generis,
3501 1243 3622 1298 quae

2049 1317 2106 1371 in
2130 1318 2279 1372 omni
2311 1318 2472 1380 caelo,
2501 1325 2556 1372 et
2600 1325 2743 1372 terra
2783 1315 2989 1385 aliquid
3033 1316 3351 1371 admirabile
3377 1317 3617 1373 habent:

2047 1409 2434 1464 humilioribus
2479 1419 2657 1464 autem
2700 1409 2898 1463 studiis
2927 1409 3104 1462 oratio
3136 1424 3233 1477 pro
3270 1408 3624 1467 fundamento

2047 1501 2326 1572 proposita
2360 1501 2596 1570 aliquam
2626 1500 3021 1570 magnitudinis
3057 1500 3366 1569 opinionem
3404 1502 3622 1557 laudum

2049 1593 2279 1648 artiﬁcio
2310 1593 2574 1662 adjungit.
2605 1591 2791 1662 Itaque
2821 1593 2879 1646 ﬁt
2907 1593 3226 1662 plerumque
3253 1600 3311 1647 ut
3337 1593 3624 1650 admiratio

2049 1698 2170 1754 qua:
2197 1684 2467 1738 encomiis
2519 1692 2889 1753 comparatur,
2928 1685 3093 1738 veluti
3135 1685 3505 1739 commentitia
3557 1685 3626 1740 ab

363 1749 691 1846 ἀνθρώπων.
725 1749 984 1834 Ἐπαινος
1011 1771 1068 1824 δὲ
1110 1771 1266 1842 μόνος
1301 1772 1482 1834 ἱκανὸς
1511 1773 1613 1842 τῆς
1645 1749 1940 1844 παρθενίας

2050 1749 2360 1831 hominibus
2389 1749 2961 1846 suspecta'habeatur.
2993 1775 3137 1847 Ergo
3162 1776 3278 1832 haec
3313 1778 3431 1834 laus
3454 1778 3624 1848 virgi-

362 1867 518 1930 ἐστὶ,
558 1869 621 1918 τὸ
659 1864 941 1935 κρείττονα
996 1863 1104 1916 τῶν
1146 1863 1379 1917 ἐπαίνων
1415 1859 1553 1918 εἶναι
1603 1864 1701 1934 τὴν
1742 1865 1943 1936 ἀρετὴν

361 1955 791 2026 ἀποφήνασθαι,
832 1954 924 2007 καὶ
961 1953 1041 2024 τῷ
1083 1953 1183 2022 βίῳ
1227 1953 1505 2023 θαυμάσαι
1556 1946 1817 2025 μᾶλλονῆ
1865 1953 1944 2025 τῷ

360 2049 505 2117 λόγῳ
530 2047 630 2118 τὴν
669 2045 1036 2116 καθαρότητα·
1071 2045 1099 2096 6
1125 2043 1181 2096 δὲ
1213 2043 1467 2097 ὑπόθεσιν
1499 2044 1788 2114 ἐγκωμίων
1811 2045 1942 2097 ταύ⁸

359 2157 462 2210 την
490 2139 597 2191 ὑπὸ
641 2136 946 2207 φιλοτιμίας
990 2132 1342 2203 ποιούμενος,
1384 2135 1527 2189 ἔοικε
1569 2136 1668 2207 τὴν
1713 2136 1946 2204 σταγόνα

360 2231 474 2283 τῶν
501 2227 720 2283 οἰκείων
750 2227 986 2301 ἱδρώτων
1016 2229 1294 2296 ἀξιόλογον
1333 2229 1411 2290 είς
1443 2228 1759 2298 προσθήκην
1795 2227 1945 2297 νομί-

364 2320 484 2384 ζειν
508 2319 587 2390 τῷ
609 2321 822 2392 ἀπείρῳ
847 2319 1071 2385 πελάγει
1100 2319 1448 2389 γενήσεσθαι,
1474 2317 1588 2387 είγε
1621 2317 1944 2390 ἀνθρωπίνῳ

363 2413 514 2484 λόγῳ
536 2411 760 2465 δυνατὸν
787 2408 924 2464 εἶναι
955 2413 1050 2482 τὴν
1080 2411 1350 2481 τοσαύτην
1382 2413 1542 2482 χάριν
1575 2406 1943 2480 ἀποσεμνῦναι

366 2505 760 2559 πεπίστευκεν.
796 2503 867 2556 Ἢ
905 2503 1014 2573 γὰρ
1042 2503 1138 2575 τὴν
1179 2503 1372 2557 ἑαυτοῦ
1401 2503 1627 2572 δύναμιν
1673 2501 1876 2570 ἀγνοεῖ,
1907 2501 1940 2572 ἢ

360 2598 389 2651 6
418 2597 638 2650 ἐπαινεῖ
659 2595 759 2648 οὐκ
779 2595 1084 2650 ἐπίσταται.

2044 1866 2234 1921 nitatis
2264 1867 2482 1936 egregia
2509 1874 2616 1929 est,
2647 1873 2706 1919 ut
2731 1866 2944 1920 scilicet
2982 1873 3190 1920 statuat
3219 1867 3342 1936 quis
3369 1867 3623 1922 virtutem

2043 1954 2217 2023 ipsam
2243 1954 2392 2007 omni
2415 1969 2536 2008 esse
2558 1954 2718 2008 laude
2745 1954 3200 2022 praestantiorem,
3226 1964 3389 2025 atque
3417 1972 3478 2012 ex
3510 1957 3627 2026 ipso

2045 2044 2232 2114 potius
2265 2043 2389 2098 vitae
2427 2058 2647 2112 genere,
2676 2058 2841 2112 quam
2869 2059 2935 2098 ex
2967 2044 3147 2114 aliqua
3175 2047 3424 2100 oratione
3454 2046 3626 2101 casti-

2046 2144 2210 2191 tatem
2244 2135 2513 2205 suSpiciat
2545 2141 2710 2204 atque
2741 2133 3076 2200 admiretur;
3126 2151 3250 2190 nam
3283 2138 3375 2207 qui
3430 2137 3484 2191 in
3523 2139 3626 2192 hoc

2050 2226 2381 2294 virginitatis
2427 2225 2714 2280 laudandae
2743 2234 3067 2297 argumento
3101 2227 3287 2296 gloriae
3327 2228 3628 2297 cupiditate
3727 2231 3729 2234 ⁴

2051 2317 2319 2373 adductus
2369 2327 2641 2382 versatur,
2692 2334 2801 2372 non
2830 2319 2898 2373 ab
2930 2333 2994 2373 eo
3044 2320 3202 2388 plane
3233 2321 3515 2378 dissimilis
3543 2327 3626 2375 est

2049 2408 2143 2477 qui
2198 2409 2432 2478 aliquam
2489 2409 2705 2463 sudoris
2755 2409 2840 2465 sui
2885 2409 3109 2476 stillam,
3146 2426 3307 2480 quam
3363 2412 3410 2465 is
3445 2410 3623 2480 magni

2051 2499 2232 2561 faciat.
2272 2501 2540 2554 immenso
2571 2499 2708 2552 mari
2740 2506 2894 2569 putet
2939 2499 3054 2554 fore
3085 2500 3534 2562 additamentum,
3575 2499 3623 2554 si
3680 2543 3686 2552 .

2050 2593 2214 2646 modo
2246 2592 2524 2645 hominum
2557 2607 2808 2650 sermone
2847 2592 3144 2647 crediderit
3171 2601 3379 2646 tantum
3422 2606 3624 2646 munus

304 2732 314 2743 .
364 2703 535 2759 posse
562 2687 831 2744 illustrari
858 2694 1022 2757 atque
1059 2687 1267 2744 ornari.
1306 2687 1414 2744 Aut
1444 2688 1588 2744 enim
1634 2687 1683 2744 is
1724 2698 1949 2743 suarum
1985 2683 2185 2740 virium
2242 2685 2464 2755 ignarus
2490 2691 2596 2750 est,
2634 2692 2729 2740 aut
2772 2683 2826 2738 id
2861 2685 3004 2755 quod
3038 2685 3221 2741 laudat
3283 2699 3393 2740 non
3459 2683 3621 2738 intel-

360 2780 503 2850 ligit.

1002 2927 1248 2981 ΚΕΦΔΛ.
1284 2927 1359 2983 B'.

362 3038 492 3092 Ὅτι
557 3035 714 3092 ἰδιον
747 3036 857 3106 τῆς
903 3036 1064 3103 θείας
1096 3054 1160 3092 τε
1202 3037 1300 3091 καὶ
1341 3036 1656 3106 ἀσωμάτου
1712 3036 1952 3106 φύσεως

679 3107 1026 3177 κατόρθωμά
1051 3108 1222 3162 ἐστιν
1252 3108 1291 3175 ’ἡ
1321 3108 1628 3176 παρθενία.

437 3237 723 3303 Συνέσεως
749 3237 858 3310 γὰρ
883 3240 1014 3309 ἡμῖν
1043 3238 1203 3310 χρεία
1232 3237 1448 3308 πολλῆς,
1478 3239 1544 3292 δι’
1570 3230 1637 3310 ἧς
1667 3237 1781 3290 ἔστι
1809 3238 1948 3307 γνῶ-

361 3351 454 3387 ναι
481 3332 582 3403 τὴν
610 3330 910 3403 ὑπερϐολὴν
933 3331 1033 3400 τῆς
1063 3332 1282 3401 χάριτος
1315 3329 1520 3402 ταύτης
1538 3370 1552 3394 ,
1580 3331 1702 3400 ¹ήτις
1731 3347 1948 3384 συνεπι-

360 3427 571 3479 νοεῖται
599 3423 698 3493 μὲν
721 3421 800 3493 τῷ
822 3421 1083 3493 ἀφθάρτῳ
1119 3422 1294 3492 Πατρί
1315 3439 1327 3451 ·
1361 3422 1388 3474 ὃ
1414 3423 1478 3494 δὴ
1506 3423 1600 3475 καὶ
1624 3422 1944 3493 παράδοξον,

360 3517 421 3568 ὲν
455 3515 637 3586 Πατρὶ
661 3513 957 3584 παρθενίαν
991 3513 1336 3584 εὑρίσκεσθαι
1354 3552 1368 3578 ,
1394 3514 1470 3584 τῷ
1491 3531 1550 3566 τε
1583 3514 1710 3567 Υἱὸν
1736 3514 1944 3584 ἔχοντι,

361 3606 607 3676 καὶ’δίχα
631 3604 835 3668 πάθους
860 3605 1204 3676 γεννήσαντι·
1230 3604 1307 3676 τῷ
1327 3605 1383 3658 δὲ
1413 3607 1708 3673 Μονογενεῖ
1729 3605 1847 3676 Θεῷ
1871 3604 1948 3675 τῷ

358 3697 468 3766 τῆς
494 3694 802 3766 ἀφθαρσίας
823 3696 1042 3766 χορηγῷ
1070 3696 1644 3767 συγκαταλαμϐάνεται
1664 3735 1679 3760 ,
1705 3696 1840 3766 όμοῦ
1871 3695 1949 3766 τῷ

361 3785 598 3857 καθαρῷ
626 3785 719 3838 καὶ
741 3785 944 3838 ἀπαθεῖ
979 3785 1080 3855 τῆς
1108 3787 1412 3858 γεννήσεως
1445 3786 1609 3840 αὑτοῦ
1640 3786 1946 3856 συνεκλάμ-

361 3879 542 3947 ψασα.
585 3875 754 3929 Πάλιν
780 3875 840 3928 τὸ
863 3870 980 3930 ἴσον
1018 3876 1337 3946 παράδοξον,
1364 3878 1492 3941 Υἱὸς
1535 3877 1622 3931 διά
1650 3877 1948 3948 παρθενίας

360 3969 682 4037 νοούμενος.
718 3964 1092 4036 Ἐνθεωρεῖται
1111 3965 1165 4019 δὲ
1185 3965 1444 4030 ὡσαύτως
1467 3966 1560 4019 καὶ
1580 3968 1646 4037 τῇ
1670 3960 1770 4018 τοῦ
1792 3966 1946 4034 ἁγίου

361 4056 692 4126 Πνεύματος
721 4057 921 4125 φυσικῇ
956 4055 1048 4108 καὶ
1077 4054 1336 4126 ἀφθάρτῳ
1359 4055 1709 4124 καθαρότητι.
1746 4054 1819 4106 Τὸ
1843 4054 1948 4124 γὰρ

363 4147 611 4218 καθαρὸν
645 4148 737 4199 καὶ
779 4146 1051 4218 ἄφθαρτον
1091 4145 1383 4216 ὀνομάσας,
1422 4145 1566 4215 ἄλλῳ
1595 4145 1820 4213 ὀνόματι
1851 4144 1949 4216 τὴν

365 4238 674 4311 παρθενίαν
698 4238 993 4308 ἐσήμανας.
1036 4238 1190 4308 Πάσῃ
1219 4237 1276 4290 δέ
1304 4239 1370 4307 τῇ
1397 4235 1751 4307 ύπερκοσμίῳ
1792 4235 1949 4304 φύσει

365 4327 864 4399 συμπολιτεύεται,
895 4327 981 4380 διὰ
1017 4328 1115 4398 τῆς
1141 4326 1408 4388 ἀπαθείας
1445 4325 1809 4397 συμπαροῦσα
1831 4328 1950 4389 ταῖς

2677 2919 2905 2976 CAPUT
2940 2919 3003 2975 II.

2058 3034 2262 3089 Divina:
2291 3041 2339 3087 et
2368 3033 2684 3109 incorporea:
2712 3041 2918 3109 natura:
2941 3035 3230 3109 proprium,
3265 3045 3313 3090 et
3339 3039 3620 3109 perfectum

2537 3103 2856 3172 virginitatis
2892 3105 3136 3173 ofﬁcium.

2119 3236 2474 3308 lntelligentia
2501 3219 2610 3290 non
2656 3250 2822 3305 parva
2850 3251 3072 3306 egemus
3095 3275 3110 3302 ,
3161 3246 3220 3293 ut
3257 3239 3621 3311 cognitionem

2047 3344 2242 3399 capere
2271 3329 2546 3397 possimus
2573 3327 2738 3396 hujus
2761 3329 3077 3385 excellentis
3104 3332 3314 3400 gratiae,
3343 3347 3464 3402 quae
3495 3348 3620 3388 cum

2048 3419 2369 3489 incorrupto
2407 3427 2563 3489 patre
2592 3421 3090 3489 comprehenditur.
3140 3421 3249 3477 Res
3285 3423 3624 3478 admirabilis

2047 3517 2150 3577 est,
2185 3517 2348 3579 atque
2377 3510 2660 3574 inusitata,
2690 3519 2748 3563 ut
2774 3510 3062 3580 virginitas
3097 3511 3149 3564 in
3177 3511 3338 3566 Patre
3381 3513 3624 3568 invenia-

2049 3609 2157 3666 tur,
2193 3602 2285 3668 qui
2314 3607 2367 3652 et
2401 3597 2600 3651 Filium
2642 3600 2826 3662 habet,
2867 3607 2921 3654 et
2952 3598 3148 3653 Filium
3192 3601 3398 3671 absque
3426 3604 3622 3659 affectu

2049 3692 2254 3764 genuit.
2297 3690 2431 3744 Cum
2462 3690 2741 3758 unigenito
2772 3699 2952 3745 autem
2983 3689 3113 3754 Deo,
3144 3693 3235 3760 qui
3264 3694 3441 3748 omnis
3467 3694 3625 3764 pudi-

2049 3783 2209 3846 citiae,
2239 3789 2294 3836 et
2338 3781 2669 3850 incorrupta:
2703 3781 3030 3851 virginitatis
3067 3789 3258 3836 auctor
3289 3792 3396 3850 est,
3457 3785 3620 3841 simul

2059 3872 2430 3942 cognoscitur,
2461 3886 2584 3924 cum
2628 3872 2682 3926 in
2708 3872 2827 3940 ejus
2861 3871 3076 3941 pudica,
3107 3881 3269 3942 atque
3311 3874 3625 3946 incorrupta

2050 3963 2400 4034 generatione
2421 3963 2626 4032 pariter
2645 3962 2898 4017 eluxerit.
2917 3961 3238 4034 Rursusque
3258 3966 3454 4021 mirum
3471 3983 3624 4039 aeque

2049 4060 2132 4106 est
2161 4051 2356 4106 Filium
2403 4052 2459 4105 in
2491 4052 2806 4121 virginitate
2851 4054 3259 4123 comprehendi.
3317 4057 3625 4130 Eademque

2051 4144 2267 4199 ratione
2293 4144 2347 4196 in
2385 4141 2624 4213 Spiritus
2649 4144 2822 4198 sancti
2849 4147 3082 4200 naturali
3115 4155 3278 4218 atque
3309 4150 3623 4222 incorrupta

2051 4236 2288 4306 puritate
2342 4242 2678 4304 spectantur.
2731 4235 2868 4290 Cum
2904 4238 3047 4292 enim
3081 4253 3296 4308 .purum
3349 4245 3621 4310 nominas,

2052 4335 2214 4398 atque
2243 4327 2642 4396 incorruptum,
2665 4327 3028 4398 virginitatem
3059 4329 3166 4383 alio
3196 4332 3418 4385 nomine
3452 4333 3625 4403 signi-

363 4419 767 4490 ὑπερεχούσαις
803 4418 1111 4488 δυνάμεσιν,
1135 4417 1260 4471 οὗτε
1281 4417 1425 4480 τινὸς
1460 4417 1568 4470 τῶν
1600 4417 1759 4471 θείων
1794 4435 1947 4489 χωρι-

2052 4419 2223 4475 ﬁcas:
2260 4434 2382 4489 quae
2410 4420 2466 4473 in
2503 4421 2759 4476 universa
2807 4421 3044 4491 denique
3074 4422 3282 4478 caelesti
3306 4434 3503 4477 natura
3545 4427 3625 4480 si-

364 4511 611 4583 ζομένη,
654 4510 749 4563 καὶ
790 4510 1000 4573 οὐδενὸς
1037 4510 1143 4565 τῶν
1186 4509 1441 4565 ἐναντίων
1495 4511 1936 4580 προσαπτομένη.

365 4603 561 4656 Πάντα
582 4599 693 4670 γὰρ
711 4600 811 4653 ὅσα
827 4600 921 4652 καὶ
941 4598 1098 4669 φύσει
1114 4599 1249 4672 [καὶ]
1267 4599 1578 4670 προαιρέσει
1602 4599 1736 4671 πρὸς
1753 4601 1952 4672 ἀρετὴν

366 4691 649 4754 νένευκεν,
667 4689 744 4760 τῷ
769 4689 993 4761 καθαρῷ
1015 4691 1228 4754 πάντως
1250 4691 1602 4762 ἐνωραῖζεται
1622 4692 1721 4761 τῆς
1742 4691 1952 4762 ἀφθαρ-

370 4784 524 4848 σίας·
561 4785 657 4838 καὶ
697 4785 797 4838 ὅσα
831 4784 1006 4837 πάντα
1048 4787 1128 4849 εἰς
1163 4786 1261 4856 τὴν
1299 4787 1546 4841 ἐναντίαν
1593 4786 1951 4858 ἀποκέκριται

367 4874 550 4939 τάξιν,
585 4877 654 4945 τῇ
684 4872 1001 4927 ἀποπτώσει
1041 4876 1139 4946 τῆς
1171 4874 1541 4946 καθαρότητος
1581 4875 1805 4930 τοιαῦτά
1837 4879 1953 4929 ἐστι

370 4965 471 5019 καὶ
501 4965 848 5036 ὀνομάζεται.
883 4967 978 5030 Τίς
1006 4963 1098 5020 οὖν
1131 4967 1412 5038 ἐξαρκέσει
1432 4968 1657 5040 δύναμις
1685 4968 1859 5038 λόγων
1885 4970 1950 5039 τῇ

368 5059 616 5130 τοσαύτῃ
647 5058 832 5128 χάριτι
876 5058 1284 5129 παρισωθῆναι;
1321 5060 1390 5111 Ἦ
1438 5059 1552 5123 πῶς
1583 5061 1644 5112 ού
1674 5059 1953 5130 φοϐεῖσθαι

371 5149 503 5221 χρὴ,
535 5149 611 5220 μὴ
639 5149 730 5202 διὰ
752 5149 851 5219 τῆς
879 5150 986 5202 τῶν
1011 5149 1246 5204 ἐπαίνων
1274 5149 1508 5220 σπουδῆς
1535 5151 1840 5222 λυμήνηται
1869 5169 1954 5216 τις

371 5241 442 5293 τὸ
474 5241 758 5311 μεγαλεῖον
780 5240 874 5294 τοῦ
904 5240 1231 5311 ἀξιώματος,
1267 5242 1474 5294 ἐλάττω
1500 5243 1599 5314 τὴν
1623 5245 1752 5314 περὶ
1787 5243 1952 5297 αὑτοῦ

370 5329 535 5392 δόξαν
561 5331 663 5400 τῆς
685 5329 1130 5402 προειλημμένης
1153 5334 1264 5393 τοῖς
1284 5332 1578 5402 ἀκροαταῖς
1608 5333 1916 5405 ἐμποιήσας
1935 5350 1949 5399 ;

373 5419 592 5474 Οὐκοῦν
619 5420 803 5484 καλῶς
826 5419 958 5491 ἔχει,
991 5422 1118 5485 τοὺς
1148 5421 1243 5491 μὲν
1274 5423 1740 5493 ἐγκωμιαστικοὺς
1766 5425 1956 5494 λόγους

374 5508 478 5561 ἐπὶ
514 5509 720 5580 ταύτης
754 5512 869 5582 ἐᾷν,
902 5510 977 5574 ὡς
1025 5511 1304 5581 ἀμήχανον
1341 5514 1458 5573 ταῖς
1502 5512 1824 5582 ὑπερϐολαῖς
1856 5513 1954 5582 τῆς

374 5597 693 5660 ὑποθέσεως
725 5599 1024 5669 συνεπᾶραι
1072 5598 1164 5650 τὸν
1200 5595 1377 5665 λόγον·
1421 5597 1495 5659 ὡς
1527 5599 1619 5652 καὶ
1651 5598 1766 5650 ἔστι
1794 5599 1953 5652 δυνα-

376 5687 479 5740 τὸν
523 5689 611 5743 ἀεὶ
657 5689 967 5758 μεμνῆσθαι
1013 5689 1103 5743 τοῦ
1134 5689 1276 5743 θείου
1320 5689 1652 5760 χαρίσματος
1683 5733 1696 5756 ,
1728 5691 1822 5744 καὶ
1863 5691 1954 5742 ἐπὶ

2052 4511 2164 4564 mul
2212 4518 2485 4574 versatur,
2535 4511 2662 4581 quia
2697 4527 2820 4566 cum
2859 4512 2929 4567 ab
2967 4510 3251 4568 aifectibus
3303 4529 3474 4568 vacua
3530 4517 3622 4582 sit,

2051 4601 2384 4657 sublimibus
2432 4602 2540 4657 illis
2566 4603 2928 4671 potestatibus
2979 4603 3224 4658 inhaeret.
3259 4602 3446 4674 Neque
3470 4620 3622 4672 vero,

2053 4693 2155 4747 etsi
2185 4708 2215 4745 a
2251 4693 2419 4748 nullis
2450 4693 2615 4748 rebus
2663 4692 2865 4748 divinis
2912 4693 3158 4763 seiuncta
3195 4703 3278 4748 est
3317 4698 3620 4766 virginitas,

2053 4784 2348 4839 contrariis
2382 4793 2564 4837 tamen
2589 4793 2674 4838 est
2703 4782 2868 4837 rebus
2900 4781 3178 4852 adjuncta.
3204 4783 3413 4838 Cuncta
3455 4785 3622 4852 enim,

2055 4891 2178 4946 quae
2227 4882 2282 4930 et
2335 4882 2531 4930 natura
2570 4881 2624 4928 et
2671 4874 2903 4928 consilio
2954 4875 3021 4929 ad
3064 4875 3319 4929 virtutem
3354 4871 3624 4946 prOpensa

2056 4975 2203 5032 sunt,
2231 4967 2457 5021 omnino
2501 4965 2828 5036 incorrupta:
2865 4967 3218 5037 virginitatis,
3246 4967 3626 5036 pudicitimqtte

2056 5059 2346 5128 splendore
2403 5059 2777 5124 decorantur;
2839 5073 2959 5128 quae
3010 5071 3138 5112 vero
3190 5058 3246 5112 in
3292 5058 3624 5112 contrariam

2055 5149 2274 5204 virtutis
2307 5156 2511 5219 partem
2557 5149 2820 5218 proclivia
2849 5147 3119 5211 feruntur,
3161 5148 3431 5202 castitatis
3470 5148 3624 5217 lapsu

2053 5255 2120 5294 ea
2145 5240 2278 5292 talia
2328 5247 2382 5292 et
2415 5247 2565 5300 sunt,
2614 5247 2668 5292 et
2708 5237 3078 5292 nominantur.
3113 5239 3473 5304 Quamobrem
3509 5253 3628 5309 quae

2057 5335 2206 5381 tanta
2231 5328 2334 5382 erit
2357 5326 2571 5381 dicendi
2597 5325 2833 5380 lacultas
2859 5333 2911 5380 et
2944 5327 3121 5394 copia,
3151 5342 3274 5396 quae
3308 5335 3414 5381 tam
3445 5326 3625 5396 magni

2055 5419 2300 5474 muneris
2321 5418 2641 5489 dignitatem
2671 5416 2928 5472 laudibus
2961 5432 3179 5487 aequare
3206 5418 3418 5487 possit?
3441 5416 3628 5482 Quove

2055 5519 2216 5581 pacto
2251 5525 2362 5564 non
2421 5508 2934 5579 pertimescendum,
2986 5517 3046 5562 ut
3080 5525 3150 5564 ne
3181 5509 3363 5564 studio
3408 5508 3625 5564 laudum

2057 5604 2181 5672 quis
2212 5602 2492 5672 dignitatis
2521 5600 2931 5672 amplitudinem
2962 5601 3142 5666 laedat,
3170 5601 3216 5656 si
3247 5601 3510 5659 minorem
3537 5600 3626 5661 iis.

2057 5692 2151 5762 qui
2186 5693 2439 5759 audiunt,
2469 5708 2632 5764 quam
2667 5694 2771 5764 ipsi
2803 5701 2961 5749 antea
2991 5690 3378 5763 conceperant,
3415 5689 3627 5757 opinio-
