4034 6132
388 300 490 355 525

1629 290 1686 345 S.
1743 286 2075 346 (ιιιεοοῐιιι
2127 285 2422 342 NYSSENI

3536 286 3641 340 3‘2!»

390 429 511 471 nem
556 413 610 468 in
661 409 934 467 laudando
964 406 1191 464 afferat?
1229 405 1498 462 Praeclare
1538 405 1724 479 itaque
1763 407 1967 478 agitur,

2074 405 2319 476 γλώττης
2355 403 2498 474 ἔχειν
2531 419 2592 454 το
2632 401 2853 470 ἀγαθὸν,
2893 401 3030 471 ὅπερ
3075 398 3204 452 ἴδιον
3241 399 3338 470 μὲν
3370 400 3468 471 τῆς
3502 400 3645 455 ἀσωο

389 511 578 578 siquae
609 506 662 560 in
684 503 920 573 alicujus
949 501 1029 554 rei
1059 499 1317 554 laudibus
1341 512 1632 555 versantur
1667 501 1967 564 orationes,

389 599 444 652 in
491 598 594 650 hac
647 599 1076 664 praetereantur:
1127 589 1286 658 quasi
1319 587 1538 644 difﬁcile
1593 589 1664 644 sit
1703 588 1970 644 orationis

388 688 497 740 vim
544 696 602 739 et
633 683 845 752 capiam
900 693 1246 750 comparare,
1301 695 1423 749 quas
1469 679 1795 750 gravissimo
1841 679 1971 735 huic

390 783 716 846 argumento
734 771 1096 841 respondeat:
1130 770 1589 840 quemadmodum
1613 779 1807 826 contra
1836 771 1970 826 illud

387 869 552 922 facile
579 873 686 927 est,
719 865 965 919 divinum
1017 865 1126 919 hoc
1166 878 1372 919 munus
1415 871 1678 934 perpetua
1709 864 1972 920 memoria

389 960 592 1020 colere,
631 966 796 1026 atque
828 954 881 1008 id
909 957 1110 1010 bonum
1133 955 1188 1010 in
1218 969 1313 1010 ore
1335 970 1548 1026 semper
1577 955 1796 1023 habere,
1825 957 1970 1028 quod

388 1051 731 1117 incorporea:
756 1047 1063 1117 divinaque
1096 1056 1305 1102 naturae
1338 1049 1619 1118 proprium
1650 1049 1870 1119 quidem
1907 1064 1970 1103 ac

385 1142 723 1210 pmoipuum
767 1147 889 1205 est;
933 1139 1028 1194 Dei
1071 1147 1252 1194 tamen
1289 1140 1624 1210 benignitate
1673 1141 1742 1196 iis
1781 1140 1966 1206 etiam,

386 1232 479 1300 qui
518 1247 548 1286 e
591 1245 757 1286 carne
801 1239 854 1285 et
901 1231 1168 1297 sanguine
1214 1230 1390 1286 ell‘ccti
1445 1231 1611 1300 hujus
1644 1231 1768 1286 vitae
1800 1246 1968 1285 usura

391 1323 667 1383 fruuntur,
692 1319 879 1374 datum
903 1328 957 1374 et
977 1321 1245 1375 tributum
1271 1328 1376 1385 est,
1411 1328 1469 1374 ut
1494 1320 1780 1390 virginitas
1808 1319 1967 1390 quasi

389 1425 608 1464 manum
661 1409 944 1464 munditia:
987 1409 1459 1480 participationem
1496 1411 1804 1481 porrigens,
1868 1411 1965 1465 ho-

388 1501 598 1555 minum
628 1510 879 1556 naturam
915 1501 1110 1557 vitiosa
1136 1501 1422 1556 affectione
1468 1503 1737 1570 abjectam
1773 1517 1967 1558 rursus

387 1593 580 1663 erigat,
611 1603 665 1645 et
689 1591 755 1645 ad
783 1591 1094 1647 caelestium
1131 1592 1644 1660 contemplationem
1677 1593 1963 1662 perducat.

385 1683 469 1739 Ob
498 1699 617 1738 eam
666 1685 812 1739 enim
843 1699 1066 1739 causam
1100 1683 1235 1738 mihi
1277 1683 1538 1738 Dominus
1587 1692 1774 1739 noster
1803 1683 1964 1739 Jesus

385 1774 664 1841 Christus,
720 1790 750 1828 a
787 1790 898 1845 quo
925 1775 1092 1830 veluti
1127 1773 1279 1830 fonte
1310 1775 1544 1844 quodam
1579 1775 1758 1831 omnis
1795 1777 1965 1831 casti-
2002 1753 2042 1808 Β

387 1867 570 1920 monia
615 1874 823 1930 manat,
858 1882 968 1920 non
1010 1867 1321 1936 nuptiarum
1349 1868 1436 1920 via
1465 1867 1714 1936 quaesita,
1745 1868 1800 1922 in
1828 1867 1967 1922 hanc

383 1955 551 2009 vitam
583 1956 865 2026 ingressus
895 1955 1130 2022 videtur,
1173 1963 1234 2010 ut
1277 1971 1341 2010 ex
1374 1971 1440 2011 eo
1471 1957 1655 2021 modo,
1689 1972 1800 2028 quo
1845 1972 1968 2013 car-

384 2060 508 2101 nem
536 2046 832 2101 humanam
868 2049 1190 2117 assumpsit,
1236 2048 1557 2102 admirabile
1589 2049 1715 2114 hoc,
1756 2056 1810 2104 et
1851 2063 1968 2103 ma-

383 2151 550 2208 gnum
596 2137 760 2208 plane
803 2138 1126 2208 mysterium
1169 2137 1486 2208 pateﬁeret:
1519 2140 1800 2208 quoniam,
1847 2153 1968 2210 quae

383 2227 480 2283 Dei
521 2229 816 2283 adventum
877 2228 1302 2294 demonstraret,
1347 2229 1463 2284 sola
1513 2232 1742 2285 castitas
1770 2230 1965 2284 idonea

382 2324 506 2374 est:
542 2332 706 2388 quam
751 2318 908 2372 aliter
952 2316 1191 2387 perfecte
1232 2319 1458 2373 omnino
1490 2327 1752 2387 praestare
1803 2333 1967 2374 nemo

385 2415 584 2478 potest,
644 2408 752 2463 nisi
806 2409 902 2478 qui
941 2408 1012 2462 ab
1052 2407 1199 2461 omni
1251 2409 1435 2463 carnis
1465 2407 1660 2463 affectu
1697 2423 1758 2464 se
1801 2409 1966 2465 etiam

383 2508 549 2571 atque
579 2502 744 2556 etiam
785 2507 959 2555 totum
1008 2500 1287 2556 averterit.
1317 2500 1474 2566 Quod
1503 2501 1649 2556 enim
1686 2501 1740 2555 in
1785 2501 1967 2557 Maria:

384 2588 622 2662 Virginis
675 2592 951 2647 inviolatae
1001 2606 1233 2663 corpore
1272 2592 1525 2648 effectum
1574 2600 1679 2660 est,
1728 2592 1964 2663 perfecta

381 2682 588 2738 Christi
642 2683 948 2749 divinitate,
996 2698 1120 2753 quae
1169 2684 1227 2738 in
1272 2685 1388 2753 ipsa
1418 2667 1644 2754 Virgine
1681 2685 1963 2740 eluxerat:

385 2775 486 2827 hoc
509 2774 686 2842 ipsum
711 2773 766 2827 in
795 2774 944 2827 omni
972 2775 1156 2829 animo
1184 2775 1474 2845 contingit,
1503 2776 1596 2844 qui
1623 2775 1694 2828 sit
1715 2776 1968 2832 castitate

383 2871 632 2927 ornatus,
684 2862 1067 2932 rationemque
1108 2863 1304 2918 ducem
1348 2864 1401 2917 in
1434 2865 1683 2936 virginali
1722 2865 1837 2921 vita
1877 2880 1966 2921 se-

395 2961 615 3022 quatur.
648 2952 916 3018 Quoniam
945 2968 1054 3007 non
1085 2953 1344 3023 amplius,
1379 2961 1438 3007 ut
1470 2955 1719 3025 corporis
1743 2955 1967 3010 humani

384 3045 618 3101 formam
645 3044 1003 3114 habitumque
1026 3042 1240 3109 induat,
1269 3053 1533 3101 venturus
1558 3053 1641 3100 est
1667 3045 1967 3112 Dominus;

385 3151 495 3194 non
523 3137 670 3192 enim
691 3136 857 3192 etiam
881 3134 1158 3200 novimus,
1195 3134 1395 3204 inquit,
1421 3136 1721 3191 secundum
1743 3150 1964 3190 carnem
1992 3117 2035 3178 ο

381 3225 696 3291 Christum;
727 3223 824 3280 sed
857 3224 910 3279 in
952 3224 1151 3294 spiritu
1191 3225 1394 3289 veniet,
1429 3217 1485 3280 et
1518 3223 1734 3280 Patrem
1775 3238 1963 3280 secum

381 3318 562 3382 ducet,
606 3325 666 3372 ut
696 3316 934 3389 quodam
975 3316 1098 3371 loco
1131 3322 1369 3370 testatur
1407 3315 1782 3387 Evangelium.
1813 3315 1964 3381 Quu-

387 3411 530 3464 niam
565 3408 728 3479 igitur
755 3414 906 3463 tanta
935 3407 1022 3462 vis
1047 3406 1384 3477 virginitatis
1415 3414 1522 3472 est,
1556 3414 1612 3461 ut
1639 3415 1694 3462 et
1729 3406 1786 3460 in
1810 3406 1966 3486 caelis

383 3500 526 3571 apud
553 3499 846 3571 spirituum
880 3498 1102 3556 Patrem
1131 3505 1374 3564 maneat,
1407 3506 1462 3554 et
1492 3513 1618 3554 cum
1649 3481 1964 3552 coelestibus

383 3591 497 3646 illis
543 3591 821 3648 mentibus
851 3607 963 3647 una
1004 3592 1258 3658 exsultet,
1304 3598 1362 3647 et
1404 3590 1636 3646 salutem
1667 3588 1962 3643 humanam

381 3681 651 3754 attingat;
699 3699 933 3754 cumque
965 3682 1136 3739 Deum
1179 3684 1360 3754 ipsum
1393 3697 1494 3739 sua
1523 3681 1578 3737 vi
1605 3681 1672 3736 ad
1711 3682 1965 3737 humanae

378 3774 506 3830 vitae
529 3777 973 3830 communionem
1004 3775 1190 3840 ducat,
1237 3775 1626 3843 hominemque
1657 3789 1852 3829 rursus
1894 3772 1962 3829 ad

379 3865 687 3920 cmlestium
725 3880 912 3920 rerum
941 3865 1299 3933 cupiditatem
1332 3864 1576 3931 excitet;
1617 3871 1781 3934 atque
1826 3863 1963 3918 adeo

383 3955 664 4010 hominum
693 3971 818 4011 cum
841 3954 953 4010 Deo
976 3954 1364 4010 familiaritatis
1385 3954 1663 4010 vinculum
1687 3952 1960 4023 quoddam

382 4048 500 4101 hac
531 4060 656 4101 cum
689 4047 796 4115 sit;
829 4055 885 4104 et
914 4062 1000 4114 ea,
1031 4063 1153 4120 qua:
1185 4046 1433 4103 vicissim
1469 4053 1666 4101 natura
1696 4045 1851 4100 valde
1875 4044 1961 4099 di-

383 4143 554 4200 stant,
599 4135 719 4207 ipsa
748 4139 1049 4196 concilians
1096 4139 1153 4193 in
1207 4152 1537 4194 consensum
1581 4136 1962 4192 concordiam-

381 4238 489 4296 que
516 4223 765 4296 redigat:
798 4242 920 4297 quae
950 4227 1165 4284 dicendi
1205 4227 1288 4282 vis
1325 4227 1560 4284 inveniri
1597 4235 1804 4296 posset,
1838 4241 1962 4298 quae

2075 498 2245 568 μάτου
2279 495 2490 565 φύσεώς
2515 497 2630 548 ἐστι
2653 495 2748 546 καὶ
2776 491 3071 562 ὲξαίρετον’
3102 491 3207 544 ὐπὸ
3231 490 3646 562 φιλανθρωπίας

2069 589 2127 642 δὲ
2153 585 2311 652 Θεοῦ,
2335 588 2431 641 καί¹
2456 587 2567 649 τοῖς
2594 584 2679 636 διὰ
2704 582 2900 653 σαρκὸς
2921 582 3015 635 καὶ
3036 582 3266 652 αἵματος
3291 581 3515 653 λαχοῦσι
3542 585 3646 656 τὴν

2072 678 2215 749 ζωὴν
2249 677 2510 749 ἐχαρίσθη
2529 715 2544 741 ,
2573 676 2659 729 ἵνα
2689 673 3120 744 καταϐληθεῖσαν
3158 673 3255 743 τὴν
3295 673 3645 746 ἀνθρωπίνην

2072 767 2232 838 φύσιν
2259 769 2363 822 ὐπὸ
2384 771 2483 839 τῆς
2505 765 2781 838 ὲμπαθοῦς
2800 764 3110 828 διαθέσεως,
3135 762 3324 835 ὥσπερ
3343 763 3467 820 τινὰ
3486 768 3645 838 χεῖρα

2069 858 2168 931 τὴν
2192 860 2291 929 τῆς
2320 858 2690 928 καθαρότητος
2733 853 3022 926 μετουσίαν
3061 853 3318 926 ὀρέξασα,
3352 855 3513 908 πάλιν
3543 857 3647 928 όρ-

2071 951 2221 1023 θὼσῃ
2247 991 2260 1016 ,
2298 951 2390 1005 καὶ⁴
2437 951 2574 1022 πρὸς
2606 949 2676 1003 τὰ
2718 949 2831 1004 ἄνω
2859 947 3075 1019 βλέπειν
3105 949 3513 1020 χειραγωγήσῃ.
3546 948 3647 1002 Διά

2069 1043 2226 1097 τοῦτο
2265 1043 2375 1113 γὰρ
2400 1039 2551 1114 οἶμαι
2583 1042 2678 1094 καὶ
2704 1043 2802 1112 τὴν
2847 1039 3030 1110 πηγὴν
3059 1038 3158 1108 τῆς
3185 1038 3512 1110 ἀφθαρσίας,
3544 1039 3645 1093 αὐ-

2069 1133 2160 1187 τὸν
2179 1133 2270 1187 τὸν
2298 1133 2502 1203 Κύριον
2526 1132 2682 1203 ήμῶν
2724 1130 2932 1202 Ἰησοῦν
2957 1131 3211 1204 Χριστὸν,
3243 1130 3318 1202 μὴ
3346 1131 3433 1185 διὰ
3463 1131 3644 1201 γάμου

2070 1224 2329 1283 εἰσελθεῖν
2357 1227 2436 1288 είς
2463 1225 2554 1279 τὸν
2585 1224 2809 1296 κόσμον,
2838 1225 2926 1279 ἵνα
2952 1225 3246 1296 ἐνδείξηται
3280 1224 3368 1278 διὰ
3394 1223 3488 1277 τοῦ
3517 1223 3646 1294 τρόο

2070 1332 2171 1370 που
2203 1317 2300 1386 τῆς
2340 1316 2804 1389 ὲνανθρωπήσεως
2845 1317 2906 1370 τὸ
2953 1317 3100 1388 μέγα
3129 1315 3288 1369 τοῦτο
3325 1317 3642 1388 μυστήριον,

2068 1411 2150 1463 ὅτι
2174 1408 2307 1462 Θεοῦ
2331 1410 2631 1480 παρουσίαν
2651 1410 2746 1462 καὶ
2768 1409 2972 1463 εἴσοδον
2991 1410 3126 1480 μόνη
3152 1409 3458 1480 καθαρότης
3481 1412 3642 1482 ίκανή

2068 1501 2184 1554 ἔστι
2221 1498 2517 1565 δείξασθαιο
2557 1501 2627 1571 ἢν
2669 1499 2844 1564 άλλως
2880 1501 2980 1554 οὐκ
3017 1499 3134 1554 ἐστι
3177 1501 3315 1572 πρὸς
3361 1502 3646 1573 ἀκρίϐειαν

2069 1591 2250 1645 πᾶσαν
2269 1589 2699 1662 κατορθωθῆναι,
2724 1593 2772 1644 εί
2803 1591 2877 1662 μὴ
2907 1593 3185 1655 παντελῶς
3211 1610 3295 1655 τις
3315 1591 3508 1646 ἑαυτὸν
3535 1593 3646 1648 τῶν

2072 1681 2348 1753 σαρκικῶν
2387 1682 2728 1752 παθημάτων
2771 1683 3200 1753 ἀλλοτριώσειεν.
3243 1684 3420 1756 Ὅπερ
3447 1684 3557 1757 γὰρ
3588 1687 3648 1739 ὲν

2069 1775 2135 1843 τῇ
2170 1772 2417 1843 ἀμιάντῳ
2447 1773 2639 1843 Μαρίᾳ
2669 1772 3220 1845 γέγονεισωματικῶς
3241 1812 3255 1838 ,
3297 1774 3390 1827 τοῦ
3422 1774 3647 1846 πληρώ-

2072 1879 2238 1931 ματος
2261 1863 2360 1932 τῆς
2394 1862 2646 1932 θεότητος
2670 1863 2729 1916 ὲν
2765 1861 2842 1932 τῷ
2867 1863 3086 1933 Χριστῷ
3122 1863 3210 1918 διὰ
3238 1864 3338 1934 τῆς
3365 1865 3644 1935 Παρθένου

2067 1951 2463 2022 ἐκλάμψαντος
2492 1953 2650 2006 τοῦτο
2675 1953 2769 2006 καὶ
2798 1953 2890 2006 ἐπὶ
2920 1953 3100 2022 πάσης
3120 1954 3296 2025 ψυχῆς
3316 1957 3457 2009 κατὰ
3488 1955 3646 2025 λόγον

2071 2042 2508 2114 παρθενευούσης
2544 2044 2773 2112 γίνεται.
2806 2045 3003 2098 Οὐκέτι
3037 2047 3353 2118 σωματικὴν
3390 2049 3647 2119 ποιουμέ-

2068 2154 2160 2189 νου
2190 2136 2284 2190 τοῦ
2330 2136 2535 2207 Κυρίου
2563 2135 2660 2206 τὴν
2701 2137 3025 2208 παρουσίαν·
3057 2137 3117 2190 οὐ
3167 2137 3276 2209 γὰρ
3306 2136 3645 2208 γινώσκομεν

2069 2227 2148 2280 ἔτι
2168 2267 2183 2292 ,
2216 2228 2383 2298 φησὶ,
2420 2225 2562 2281 κατὰ
2590 2229 2768 2299 σάρκα
2799 2227 3051 2298 Χριστόν·
3085 2227 3219 2280 ἀλλὰ
3260 2230 3646 2300 πνευματικῶς

2068 2315 2526 2386 είσοικιξομένου,
2562 2317 2776 2370 καὶτὸν
2821 2317 3034 2388 Πατέρα
3075 2316 3267 2370 ἑαυτοῦ
3304 2321 3646 2387 συνεισάγον-

2067 2423 2158 2468 τος
2179 2445 2195 2470 ,
2225 2405 2407 2471 καθώς
2440 2407 2570 2478 φησί
2605 2425 2706 2461 που
2740 2407 2802 2461 τὸ
2832 2407 3181 2476 Εὐαγγέλιον.
3226 2408 3381 2462 Ἐπεὶ
3419 2405 3511 2463 οὖν
3554 2429 3645 2464 το·-

2070 2497 2239 2568 σαύτη
2270 2499 2387 2551 ἐστὶ
2414 2499 2513 2569 τῆς
2541 2499 2894 2572 παρθενίαςὴ
2925 2499 3173 2570 δύναμις,
3205 2499 3278 2563 ὡς
3308 2501 3403 2555 καὶ
3440 2503 3499 2553 ὲν
3533 2504 3647 2565 τοῖς

2067 2589 2313 2660 οὐρανοῖς
2355 2591 2504 2662 παρά
2541 2590 2620 2661 τῷ
2673 2591 2847 2663 Πατρὶ
2899 2591 3006 2647 τῶν
3059 2591 3384 2662 πνευμάτων
3439 2593 3644 2663 μένειν,

2069 2680 2163 2733 καὶ
2193 2680 2333 2751 μετά
2372 2681 2480 2733 τῶν
2510 2680 2898 2752 ὐπερκοσμίων
2937 2681 3184 2752 χορεύειν
3216 2682 3518 2752 δυνάμεων,
3549 2685 3647 2738 καὶ
3685 2735 3694 2744 ,

2067 2768 2168 2840 τῆς
2195 2770 2542 2842 ἀνθρωπίνης
2571 2771 2843 2842 σωτηρίας
2872 2771 3228 2840 ἐφάπτεσθαι·
3263 2771 3352 2825 τὸν
3383 2774 3481 2842 μὲν
3513 2773 3647 2827 Θεὸν

2069 2862 2136 2913 δι’
2171 2861 2371 2932 ἑαυτῆς
2401 2863 2536 2933 πρὸς
2568 2863 2664 2933 τὴν
2693 2861 2786 2915 τοῦ
2819 2862 3158 2933 ἀνθρωπίνου
3204 2863 3318 2933 βίου
3359 2866 3646 2920 κοινωνίαν

2073 2952 2404 3020 κατάγουσα,
2434 2952 2524 3005 τὸν
2552 2952 2609 3005 δὲ
2641 2951 2924 3022 ἄνθρωπον
2949 2955 3007 3006 ὲν
3036 2953 3201 3024 ἑαυτῇ
3237 2953 3374 3023 πρὸς
3401 2953 3501 3024 τὴν
3533 2953 3645 3008 τῶν

2069 3044 2332 3116 οὐρανίων
2364 3043 2656 3115 ἐπιθυμίαν
2700 3044 3008 3115 πτεροῦσα,
3038 3045 3133 3098 καὶ
3165 3046 3324 3098 οἱονεὶ
3350 3046 3646 3117 σύνδεσμός

2067 3154 2150 3200 τις
2187 3136 2443 3207 γινομένη
2467 3136 2568 3205 τῆς
2614 3135 2960 3206 ἀνθρωπίνης
2981 3135 3117 3207 πρὸς
3148 3136 3240 3189 τὸν
3270 3135 3401 3189 Θεὸν
3430 3137 3645 3190 οἰκειὼ-

2070 3244 2207 3290 σεως
2226 3267 2240 3293 ,
2272 3227 2339 3282 τὰ
2368 3227 2618 3281 τοσοῦτον
2657 3226 2904 3298 ἀλλήλοις
2923 3226 3213 3296 ἀφεστῶτα
3252 3228 3318 3297 τῇ
3349 3225 3538 3296 φύσει,
3572 3228 3642 3300 τῇ

2069 3318 2196 3388 παρ’
2229 3319 2424 3389 ἑαυτῆς
2455 3319 2704 3390 μεσιτείᾳ
2751 3320 2830 3383 είς
2864 3319 3185 3390 συμφωνίαν
3213 3319 3519 3387 ἀνάγουσα,
3557 3317 3645 3382 τίς

2067 3407 2134 3462 ἂν
2162 3408 2409 3480 εὑρεθείη
2437 3408 2665 3480 δύναμις
2701 3408 2874 3477 λόγων
2909 3409 3234 3464 συνανιοῦσα
3261 3409 3338 3480 τῷ
3365 3408 3640 3480 θαύματι;

2079 3501 2218 3554 Ἀλλ’
2245 3500 2432 3572 ἐπειδὴ
2458 3501 2657 3556 ἄτοπον
2679 3500 2956 3564 παντελῶς
2982 3501 3216 3570 ἀφώνοις
3236 3502 3270 3572 ἢ
3293 3501 3643 3573 ἀναισθήτοις

2063 3593 2247 3664 ὅμοιον
2282 3591 2586 3662 φαίνεσθαι,
2619 3593 2724 3650 ml.
2740 3593 2849 3647 τῶν
2879 3593 2971 3647 δύο
2997 3592 3057 3647 τὸ
3099 3594 3304 3665 ἕτερον,
3348 3594 3381 3664 ἦ
3420 3595 3497 3665 μὴ
3542 3595 3646 3646 e7:-

2064 3684 2359 3752 εγνωκέναι
2382 3684 2558 3738 δοκεῖν
2581 3683 2650 3739 τὰ
2667 3685 2766 3754 τῆς
2790 3684 3085 3755 παρθενίας
3106 3683 3266 3749 καλὰ,
3297 3685 3331 3754 ἢ
3362 3683 3642 3754 ἄπληκτον

2064 3777 2159 3830 καὶ
2190 3777 2446 3848 ἀκίνητον
2492 3777 2626 3849 πρὸς
2660 3777 2758 3848 τὴν
2801 3777 2908 3829 τῶν
2941 3775 3118 3830 καλῶν
3151 3775 3402 3846 αἴσθησιν
3436 3774 3642 3829 ἐπιδει-

2063 3868 2276 3940 χθῆναι·
2295 3867 2502 3939 βραχέα
2521 3867 2644 3922 τινὰ
2667 3867 2794 3941 περὶ
2815 3867 2985 3937 αὐτῆς
3011 3868 3203 3931 εἰπεῖν,
3218 3865 3305 3920 διὰ
3329 3866 3390 3919 τὸ
3417 3865 3524 3919 δεῖν
3546 3867 3644 3918 ἐπὶ

2063 3961 2201 4016 πᾶσι
2250 3959 2533 4014 πείθεσθαι
2580 3963 2646 4032 τῇ
2689 3959 2908 4031 ἐξουσίᾳ
2942 3959 3037 4012 τοῦ
3085 3959 3435 4025 ἐπιτάξαντος
3479 3960 3636 4028 ἡμῖν,

2063 4048 2544 4120 προεθυμήθημεν.
2608 4047 2812 4119 Μηδεὶς
2869 4047 2926 4100 δὲ
2973 4048 3099 4111 τοὺς
3158 4046 3644 4118 κομπῶδεστέρους

2062 4135 2194 4206 παρ’
2224 4134 2380 4206 ἡμῶν
2408 4134 2733 4206 ἐπιζητείτω
2761 4135 2869 4188 τῶν
2893 4133 3083 4202 λόγων·
3114 4133 3228 4186 ἔστι
3260 4133 3358 4203 μὲν
3386 4134 3494 4204 γὰρ
3516 4133 3642 4186 οὐδὲ

2062 4225 2404 4298 βουλομένοις
2431 4228 2562 4298 ἡμῖν
2597 4226 2728 4288 ἴσως
2773 4225 2993 4279 δυνατὸν
3024 4225 3084 4279 τὸ
3120 4225 3381 4289 τοιοῦτον,
3434 4225 3641 4295 ἀμελε-

382 4315 652 4373 mirabilis
681 4317 846 4388 hujus
872 4318 948 4374 rei
980 4318 1410 4389 magnitudinem
1447 4319 1821 4389 assequatur?
1850 4315 1958 4374 Sed

2068 4315 2242 4386 τήτοις
2280 4309 2398 4369 οὖσι
2427 4315 2526 4386 τῆς
2557 4313 2809 4386 τοιαύτης
2855 4315 3072 4382 λέξεως.
3105 4316 3168 4368 Ei
3211 4314 3268 4368 δὲ
3317 4315 3410 4368 καὶ
3451 4315 3640 4386 παρῆν

380 4404 509 4474 quia
537 4405 834 4462 absurdum
859 4407 1018 4478 plane
1038 4415 1121 4463 est
1144 4415 1421 4462 mutarum
1448 4422 1654 4472 rerum,
1675 4413 1731 4462 et
1744 4420 1956 4472 earum,

2068 4404 2154 4459 τοῦ
2185 4405 2487 4477 κομπάζειν
2517 4408 2549 4476 η
2595 4406 2822 4478 δύναμις
2841 4445 2858 4470 ,
2887 4408 2986 4460 οὐκ
3018 4406 3085 4461 ἂν
3111 4406 3206 4460 τοῦ
3248 4409 3401 4478 κοινῇ
3428 4406 3642 4458 λυσιτε-

379 4510 502 4567 qua:
528 4512 694 4552 sensu
725 4505 933 4566 carent,
986 4499 1222 4554 similem
1269 4513 1329 4554 se
1355 4513 1479 4555 esse
1515 4497 1711 4562 videri,
1753 4513 1786 4554 e
1821 4496 1958 4554 duo-

2068 4496 2280 4561 λοῦντος
2316 4497 2377 4550 τὸ
2413 4497 2471 4549 ἐν
2519 4497 2719 4565 ὀλίγοις
2757 4499 3110 4568 εὐδοκιμῆσαι
3165 4499 3639 4570 προετιμήσαμεν.

379 4586 592 4658 busque
628 4589 862 4643 alterum
893 4595 999 4654 est,
1034 4596 1096 4644 ut
1134 4595 1228 4642 aut
1265 4589 1390 4659 quis
1431 4588 1723 4660 virginales
1765 4588 1954 4647 laudes

2068 4589 2253 4658 Ζητεῖν
2276 4587 2384 4660 γὰρ
2407 4587 2465 4652 ἐξ
2487 4587 2738 4643 ἁπάντων
2757 4584 2910 4659 οἶμαι
2934 4590 3043 4642 δεῖν
3065 4590 3156 4643 τόν
3179 4606 3242 4656 γε
3278 4588 3399 4643 νοῦν
3423 4588 3638 4658 ἔχοντα,

380 4690 492 4732 non
518 4679 809 4749 agnovisse
841 4679 1108 4747 videatur,
1140 4687 1235 4734 aut
1268 4681 1337 4735 ad
1365 4680 1558 4735 harum
1588 4679 1954 4750 cognitionem

2068 4678 2162 4732 οὐκ
2192 4679 2254 4743 ἐξ
2291 4671 2364 4732 ὧν
2395 4679 2534 4750 ὑπὲρ
2567 4681 2694 4744 τοὺς
2731 4679 2951 4745 λοιποὺς
2997 4681 3475 4752 θαυμασθήσεται,
3517 4680 3640 4732 ἀλλ’

376 4782 486 4822 non
519 4778 853 4825 commotum
889 4785 949 4827 se
985 4787 1163 4843 neque
1186 4771 1443 4828 affectum
1471 4772 1809 4828 ostenderit:
1850 4785 1954 4827 nos

2068 4765 2124 4834 ἐξ
2146 4761 2221 4822 ὧν
2251 4769 2318 4823 ἂν
2356 4772 2450 4824 καὶ
2474 4771 2662 4826 ἑαυτὸν
2691 4773 2786 4824 καὶ
2818 4772 2944 4836 τοὺς
2966 4771 3186 4835 λοιποὺς
3213 4772 3564 4842 ὠφελήσειεν.

377 4861 483 4915 hoc
503 4861 622 4931 ipso
657 4863 725 4919 de
753 4878 950 4934 genere
983 4872 1101 4920 toto
1126 4881 1300 4936 pauca
1341 4865 1590 4936 quaedam
1622 4878 2057 4922 commemorare
2127 4865 2536 4935 proposuimus,
2583 4864 2838 4934 quoniam
2901 4864 3067 4931 illius,
3131 4865 3223 4933 qui
3268 4862 3424 4918 nobis
3497 4877 3642 4930 prae-

375 4951 542 5023 cepit,
597 4953 828 5024 imperio
875 4956 1131 5013 omnibus
1192 4956 1250 5011 in
1305 4957 1471 5012 rebus
1516 4957 1821 5027 parendum
1892 4962 2030 5011 erat.
2070 4952 2257 5025 Neque
2297 4970 2426 5011 vero
2472 4955 2814 5025 magniﬁcam
2871 4955 3161 5010 verborum
3207 4954 3638 5011 ostentationem

375 5043 500 5113 quis
523 5057 553 5097 a
581 5047 740 5102 nobis
773 5048 1018 5117 requirat
1045 5066 1059 5103 :
1092 5048 1536 5118 quandoquidem
1561 5049 1728 5104 etiam
1759 5047 1806 5102 si
1848 5061 1951 5103 nos
1989 5055 2365 5117 expeteremus
2435 5047 2539 5103 hoc
2573 5047 2807 5104 fortasse
2827 5047 3006 5113 nobis,
3043 5047 3095 5102 id
3131 5049 3394 5103 orationis
3459 5064 3640 5118 genus

378 5138 808 5210 negligentibus,
839 5149 1105 5212 praestare
1133 5154 1243 5195 non
1279 5140 1488 5196 liceret.
1572 5138 1670 5194 Sin
1747 5146 1932 5196 autem
2004 5138 2241 5195 facultas
2288 5139 2447 5195 nobis
2487 5140 2653 5209 hujus
2692 5141 3100 5207 ostentationis,
3149 5157 3271 5212 quae
3328 5142 3637 5212 generatim

377 5231 558 5287 minus
585 5233 823 5302 expedit,
874 5232 1102 5302 inesset,
1154 5232 1209 5288 in
1238 5232 1567 5288 concionum
1600 5247 1800 5303 genere
1833 5247 1951 5288 eam
1991 5231 2303 5302 approbari,
2358 5232 2463 5288 hoc
2502 5248 2603 5288 nos
2645 5234 2922 5305 antiquius
2955 5234 3268 5291 habuimus.
3333 5234 3465 5288 Nam
3534 5229 3635 5303 qui

379 5324 587 5378 ratione
634 5326 894 5396 praeditus
935 5336 1042 5395 est,
1095 5328 1145 5384 ei
1198 5328 1548 5399 potissimum
1597 5328 1950 5398 quaerendum
1989 5341 2114 5383 esse
2145 5329 2405 5397 arbitror,
2447 5343 2558 5385 non
2600 5329 2802 5400 quibus
2865 5329 3031 5387 rebus
3101 5331 3392 5385 maximam
3434 5339 3638 5399 praeter

373 5426 602 5477 exteros
634 5421 1049 5481 admirationem
1096 5425 1180 5480 sui
1217 5425 1564 5493 excitaverit,
1611 5425 1708 5480 sed
1742 5423 1944 5494 quibus
1983 5438 2108 5479 cum
2137 5425 2264 5494 sibi,
2302 5432 2426 5482 tum
2443 5425 2658 5482 czetcris
2691 5426 3066 5497 adjumentum
3095 5426 3168 5482 sit
3196 5425 3484 5480 allaturus.
