4034 6132
359 289 472 346 525

417 408 420 412 ’
987 401 1234 458 ΚΕΦΔΛ.
1267 401 1344 456 Γ’.

365 541 578 610 κνήμη
610 539 729 594 τῶν
767 539 835 593 ἐκ
899 539 1004 593 τοῦ
1030 537 1224 608 γάμου
1270 537 1604 606 δυσχερῶν,
1640 537 1960 610 malueram-

433 607 529 735 ξὶὶς
567 607 676 665 τοῦ
719 611 828 664 τὸν
884 607 1218 680 γεγραφότα
1261 610 1369 663 τὸν
1404 610 1592 677 λόγον
1615 607 1702 677 μὴ
1735 607 1962 679 ἀγαμον

434 699 465 734 ε
493 697 614 735 ναι.

432 859 563 913 Εῖθε
595 873 714 921 πως
744 849 855 910 οἷόν
894 874 953 910 τε
995 853 1064 925 ἦν
1109 858 1276 928 κάμοί
1318 875 1373 911 τι
1418 858 1668 926 γενέσθαι
1708 858 1866 912 πλέον
1895 860 1962 912 ἐκ

360 951 460 1019 τῆς
508 948 764 1019 τοιαύτης
812 948 1075 1018 σπουδῆς·
1135 949 1212 1013 ὡς
1261 948 1402 1020 μετά
1448 949 1692 1014 πλείονος
1749 952 1814 1006 ἂν
1859 953 1961 1023 τῆς

363 1041 672 1112 προθυμίας
700 1039 791 1093 τὸν
839 1038 970 1108 ’περὶ⁹
1017 1037 1222 1092 τούτων
1259 1039 1417 1093 πόνον
1455 1040 1859 1112 ἀνεστησάμην,
1885 1041 1961 1094 ετ-

361 1149 471 1202 περ
500 1130 643 1184 κατὰ
669 1130 732 1183 τὸ
768 1128 1154 1201 γεγραμμένον
1173 1169 1187 1194 ,
1217 1130 1303 1182 ἐπ’
1335 1130 1508 1184 ἐλπίδι
1540 1131 1632 1184 τοῦ
1669 1135 1960 1202 μετασχεῖν

361 1224 468 1276 τῶν
496 1226 562 1276 ἐκ
588 1222 681 1276 τοῦ
712 1222 944 1294 ἀρότρου
987 1223 1081 1275 καὶ¹
1122 1222 1348 1292 ἀλοητοῦ
1373 1222 1744 1294 γεννημάτων,
1776 1225 1957 1294 ἐφιλο-

365 1316 562 1367 πόνουν
582 1315 673 1367 τὸν
705 1313 882 1380 λόγον.
932 1313 1069 1366 Νυνὶ
1113 1313 1170 1366 δὲ
1220 1313 1418 1384 τρόπον
1466 1314 1587 1367 τινὰ
1629 1315 1833 1384 ματαία
1866 1316 1960 1369 καί¹

362 1407 620 1475 ἀνόνητος
664 1407 698 1476 ἡ
731 1403 934 1473 γνῶσις
981 1404 1104 1474 ἐμοὶ
1141 1403 1252 1457 τῶν
1287 1405 1385 1474 τῆς
1432 1405 1730 1476 παρθενίας
1753 1406 1955 1470 καλῶν,

362 1498 438 1559 ὡς
471 1497 548 1565 τῷ
577 1495 659 1564 βοῒ
688 1494 756 1548 τὰ
785 1494 1122 1564 γεννήματα,
1171 1493 1248 1564 τῷ
1294 1495 1431 1564 μετά
1480 1496 1673 1566 χημῶν
1707 1499 1958 1566 ἐπιστρε-

364 1588 584 1658 φομένῳ
619 1588 716 1658 τὴν
756 1585 1028 1656 ἆλωναοῆ
1081 1585 1158 1650 ὡς
1205 1586 1283 1657 τῷ
1330 1587 1553 1657 διψῶντι
1587 1588 1647 1641 τὺ
1690 1589 1958 1662 ἀπορρέον

362 1681 472 1731 τῶν
505 1679 766 1750 κρημνῶν
805 1679 971 1753 ὕδωρ,
1002 1682 1131 1735 ὅταν
1179 1681 1467 1750 ἀνέφικτον
1583 1681 1859 1752 Μακάριοι
1900 1682 1956 1736 δὲ

1702 280 1794 338 DE
1829 279 2292 338 VIRGINITATE.

1991 424 2038 479 Α

3535 280 3640 340 326

2662 397 2892 455 CAPUT
2940 398 3033 454 ΠΙ.

2066 535 2511 591 Commemoratio
2543 534 2933 603 difﬁcultatum,
2989 550 3049 587 ac
3081 532 3444 587 molestiarum
3466 571 3485 595 ,
3517 549 3640 602 quas

2132 623 2161 660 e
2200 606 2398 675 nuptiis
2428 602 2688 659 exsistunt
2717 620 2736 658 :
2780 622 2884 673 qua
2918 606 2971 657 in
3001 621 3056 658 re
3091 602 3488 675 demonstratur
3515 605 3640 658 item

2133 677 2214 741 is,
2263 673 2352 745 qui
2389 677 2683 730 oralionem
2733 675 2870 728 hanc
2911 676 3259 744 conscripsit,
3313 673 3500 729 caelebs
3535 690 3640 729 non

2135 747 2318 816 fuisse.
3525 817 3532 823 _

2133 854 2354 910 Utinam
2384 854 2567 926 aliquo
2609 853 2772 909 modo
2805 851 2918 909 fieri
2953 862 3155 923 posset,
3181 860 3244 907 ut
3277 868 3341 908 ex
3377 853 3482 908 hoc
3522 863 3639 908 stu-

2062 947 2154 1003 dio
2195 947 2326 1000 mihi
2362 961 2581 1017 quoque
2631 943 2836 1014 aliquid
2877 945 3111 1014 amplius
3140 945 3495 1014 contingeret,
3528 960 3638 1014 quo

2063 1040 2420 1111 propensiore
2475 1037 2642 1093 animi
2694 1043 2995 1100 voluntate,
3052 1050 3154 1106 ego
3205 1037 3260 1090 in
3311 1035 3414 1090 hoc
3471 1037 3638 1093 studii

2065 1148 2262 1202 genere
2334 1117 2584 1186 viaborem
2642 1131 2952 1200 posuissem
2986 1146 2998 1181 :
3040 1128 3298 1198 quoniam
3340 1129 3385 1182 si
3441 1144 3505 1183 ea
3541 1144 3638 1198 spe

2061 1225 2318 1288 ducerer,
2360 1233 2438 1289 ut,
2471 1221 2927 1294 quemadmodum
2961 1219 3156 1276 litteris
3191 1219 3463 1290 proditum
3515 1229 3636 1286 est,

2061 1315 2277 1387 frugum
2311 1330 2434 1386 quas
2462 1331 2526 1371 ex
2581 1313 2828 1368 aratione
2885 1312 3152 1365 triturave
3223 1311 3636 1381 percipiuntur,

2062 1419 2271 1480 partem
2326 1423 2426 1479 ego
2479 1421 2697 1477 quoque
2785 1405 3021 1476 aliquam
3087 1403 3334 1469 ferrem;
3386 1413 3640 1459 accurate

2059 1516 2193 1556 sane
2257 1499 2312 1554 in
2392 1500 2497 1554 hac
2538 1499 2788 1554 oratione
2839 1498 3230 1552 elaborassem.
3289 1492 3446 1549 Nunc
3511 1510 3640 1551 vero

2061 1591 2195 1646 mihi
2249 1591 2598 1661 virginalium
2645 1589 2870 1644 laudum
2930 1587 3170 1659 cognitio
3207 1587 3444 1657 quodam
3477 1586 3640 1640 modo

2059 1681 2239 1738 inanis
2281 1691 2363 1737 est
2395 1696 2460 1736 ac
2493 1680 2714 1736 minime
2747 1680 3051 1744 fructuosa,
3083 1678 3274 1749 quales
3303 1677 3480 1732 solent
3517 1692 3640 1732 esse

363 1765 444 1833 οἷς
476 1773 534 1823 ὲν
575 1771 795 1844 ἐξουσίᾳ
821 1771 929 1824 τῶν
976 1772 1259 1843 βελτιόνων
1309 1772 1460 1826 ἐστὶν
1504 1774 1538 1844 ἡ
1582 1773 1816 1844 αἵρεσις,
1864 1775 1958 1828 καὶ

2061 1782 2219 1830 terrae
2249 1773 2435 1844 fruges
2499 1773 2674 1838 bovi,
2743 1772 2837 1842 qui
2888 1786 2984 1826 ore
3056 1770 3224 1825 frenis
3277 1769 3537 1840 impedito
3572 1767 3639 1822 ad

365 1865 462 1915 οὐκ
478 1863 935 1935 ἀπετειχίσθησαν
956 1864 1032 1936 τῷ
1051 1866 1213 1936 κοινῴ
1232 1865 1632 1938 προληφθέντες
1653 1865 1772 1938 βίῳ,
1791 1867 1959 1922 καθά·-

366 1973 473 2026 περ
497 1958 658 2025 ἡμεῖς
701 1950 810 2009 οἷόν
853 1973 960 2009 τινι
1008 1957 1246 2028 χάσματι
1291 1957 1428 2028 πρὸς
1453 1957 1514 2010 τὸ
1541 1957 1638 2028 τῆς
1665 1958 1960 2030 παρθενίας

364 2048 628 2118 καύχημα
664 2047 1030 2120 διειργόμεθα,
1065 2049 1200 2120 πρὸς
1231 2050 1297 2121 ἥν
1323 2048 1423 2102 οὐκ
1460 2048 1606 2102 ἔστιν
1645 2050 1958 2104 ἐπανελθεῖν

360 2137 442 2190 ἔτι
488 2139 580 2192 τὸν
624 2137 770 2206 ἅπαξ
823 2139 898 2210 τῷ
933 2137 1184 2210 κοσμικῴ
1228 2138 1328 2209 βίῳ
1364 2140 1425 2192 τὸ
1482 2141 1626 2209 ἴχνος
1675 2141 1959 2212 ἐναπερεί-

363 2242 553 2293 σαντα.
589 2231 688 2284 Διά
718 2229 877 2285 τοῦτο
905 2229 1092 2284 θεαταὶ
1126 2229 1287 2299 μόνον
1323 2229 1432 2283 τῶν
1470 2231 1764 2302 ἀλλοτρίων
1793 2233 1960 2304 ἐσμὲν

360 2322 544 2374 καλῶν
585 2323 770 2392 ἡμεῖς,
820 2321 916 2375 καὶ
956 2322 1231 2392 μάρτυρες
1259 2322 1357 2392 τῆς
1390 2321 1666 2395 ἑκατέρων
1694 2327 1960 2397 μακαριό-

359 2428 522 2480 τητος
546 2428 560 2442 ο
592 2412 694 2465 κᾶν
726 2429 780 2464 τι
809 2410 979 2475 δεξιὸν
1018 2412 1144 2482 περὶ
1175 2411 1468 2482 παρθενίας
1499 2417 1800 2486 νοήσωμεν,
1831 2415 1960 2469 ταύ-

357 2508 452 2567 τὸν
493 2504 775 2573 πάσχομεν
820 2504 930 2566 τοῖς
976 2503 1248 2572 ὀψοποιοῖς
1295 2521 1354 2558 τε
1409 2505 1503 2559 καὶ
1549 2507 1869 2578 ὑπηρέταις,
1909 2507 1958 2560 οἳ

360 2596 460 2666 τὴν
490 2592 878 2665 ἐπιτραπέζιον
914 2593 1021 2646 τῶν
1063 2594 1330 2648 πλουσίων
1376 2597 1588 2668 τρυφὴν
1621 2598 1800 2662 ἄλλοις
1830 2599 1961 2670 ἡδύ-

360 2703 562 2748 νουσιν,
622 2685 832 2748 οὐδενὸς
877 2686 1029 2740 αὐτοὶ
1083 2684 1193 2740 τῶν
1250 2690 1778 2760 παρεσκευασμένων
1830 2708 1961 2764 μετ·-

361 2780 612 2850 ἐχοντες·
643 2777 719 2841 ὡς
766 2777 1036 2849 μακάριόν
1069 2795 1132 2847 γε
1183 2778 1249 2833 ἂν
1288 2775 1377 2851 ἦν,
1417 2782 1466 2834 εί
1502 2780 1576 2852 μὴ
1623 2781 1794 2846 οὕτως
1821 2779 1956 2853 εἶχε,

363 2871 500 2942 μηδὲ
549 2872 619 2940 τῇ
660 2869 1045 2941 ὑπεροὸουλίᾳ
1075 2871 1136 2925 τὸ
1181 2871 1342 2928 καλὸν
1390 2873 1788 2946 ἐγνωρίσαμεν.
1824 2877 1960 2930 Νυνὶ

361 2961 418 3013 δὲ
447 2959 682 3029 ζηλωτοὶ
710 2959 808 3028 μὲν
834 2959 1024 3023 ὅντως,
1065 2961 1161 3013 καὶ
1190 2961 1372 3031 πάσης
1413 2963 1579 3032 εὐχῆς
1632 2965 1726 3017 καὶ
1770 2965 1961 3018 ἐπιθυ-

366 3052 492 3122 μίας
519 3051 776 3105 ἐπέκεινα
823 3053 1171 3123 πράττοντες,
1221 3048 1302 3115 οἷς
1346 3055 1379 3124 ἡ
1421 3053 1648 3126 δύναμις
1677 3056 1784 3110 τῶν
1818 3058 1958 3110 ἀπο-

361 3145 608 3198 λαύσεων
677 3143 786 3197 τῶν
831 3143 1051 3213 ἀγαθῶν
1104 3144 1308 3198 τούτων
1364 3146 1464 3199 οὐκ
1516 3147 1956 3203 ἀποκέκλεισται.

375 3237 566 3309 Ἡμεῖς
609 3235 667 3288 δὲ
696 3236 946 3308 καθάπερ
984 3236 1032 3288 οἱ
1057 3238 1124 3308 τῇ
1154 3235 1398 3308 πολιτείᾳ
1424 3239 1442 3258 '
1469 3237 1562 3291 τοῦ
1612 3239 1838 3294 πλούτου
1863 3241 1962 3314 τὴν

364 3327 576 3380 ἑαυτῶν
608 3325 1092 3398 παραθεωροῦντες
1117 3326 1328 3390 πενίαν,
1358 3327 1541 3382 πλεῖον
1567 3329 1822 3385 ἀνιῶνται
1849 3335 1962 3396 τοῖς

365 3418 602 3484 παροῦσι
650 3417 745 3471 καὶ
786 3417 1224 3488 δυσχεραίνουσι·
1267 3418 1358 3471 τὸν
1403 3419 1566 3473 αὐτὸν
1613 3421 1811 3492 τρόπον
1852 3424 1961 3495 ὅσῳ

365 3509 530 3563 πλέον
573 3509 666 3562 τὸν
712 3511 811 3581 τῆς
856 3511 1153 3581 παρθενίας
1207 3510 1435 3565 πλοῦτον
1489 3513 1960 3586 ὲπιγινώσκομεν,

363 3601 605 3674 τοσούτῳ
637 3601 837 3673 μᾶλλον
883 3602 1223 3674 οίκτείρομεν
1261 3601 1354 3656 τὸν
1388 3601 1547 3657 ἄλλον
1577 3603 1710 3675 βίον,
1744 3605 1832 3659 διὰ
1860 3607 1962 3679 τῆς

362 3694 472 3749 τῶν
501 3695 788 3766 βελτιόνων
813 3694 1244 3768 παρεξετάσεως,
1271 3689 1380 3749 οἷον
1415 3696 1508 3750 καὶ
1541 3697 1665 3752 ὅσον
1691 3699 1960 3770 πτωχεύει

365 3785 898 3856 καταμανθάνοντες.
933 3786 1008 3839 Οὐ
1059 3784 1204 3854 λέγω
1250 3785 1409 3856 μόνον
1449 3787 1549 3840 ὅσα
1594 3787 1821 3860 ὕστερον
1847 3792 1960 3855 τοῖς

364 3880 488 3933 κατ’
523 3877 724 3948 ἀρετὴν
751 3876 1068 3946 βεϐιωκόσιν
1108 3877 1410 3944 ἀπόκειται,
1433 3877 1570 3933 ἀλλὰ
1606 3879 1701 3934 καὶ
1725 3883 1828 3935 ὅσα
1857 3881 1960 3952 τῆς

368 3969 655 4040 παρούσης
684 3970 800 4022 ἐστὶ
831 3967 996 4038 ζωῆς.
1035 3968 1098 4022 Εἰ
1132 3969 1240 4040 γάρ
1284 3987 1369 4033 τις
1397 3969 1640 4042 ἀκριϐῶς
1685 3971 1958 4037 ἐξετάζειν

367 4059 542 4113 ἐθέλοι
571 4059 666 4112 τοῦ
701 4058 815 4129 βίου
843 4059 1030 4112 τούτου
1069 4059 1130 4112 τὸ
1176 4059 1310 4130 πρὸς
1354 4059 1454 4130 τὴν
1503 4062 1798 4132 παρθενίαν
1843 4063 1957 4118 διά-

369 4167 554 4222 φορον,
607 4150 878 4221 τοσαύτην
924 4150 1146 4221 εὑρήσει
1190 4149 1290 4222 τὴν
1329 4149 1611 4225 διαφορὰν,
1636 4154 1732 4224 ὅση
1773 4154 1959 4225 σχεδὸν

367 4244 504 4314 πρὸς
533 4243 604 4296 τά
631 4242 858 4314 οὐράνια
899 4240 1006 4295 τῶν
1029 4227 1285 4310 ἐπιγείων
1313 4243 1488 4295 ἐστίν·
1527 4243 1704 4310 ἔξεστι
1733 4245 1791 4298 δὲ
1817 4245 1958 4315 γνῶ-

366 4355 454 4390 ναι
476 4337 575 4406 τὴν
604 4331 699 4387 τοῦ
737 4335 894 4405 λόγου
920 4334 1196 4405 ἀλήθειαν,
1227 4334 1364 4387 αὐτὰ
1396 4334 1860 4406 διασκεψαμένους
1886 4339 1956 4393 τά

2059 1880 2242 1921 aream
2290 1865 2672 1921 convertitur:
2720 1864 2774 1919 id
2828 1863 2974 1933 quod
3030 1862 3233 1918 accidit
3283 1863 3410 1918 item
3465 1861 3515 1917 ei
3546 1862 3636 1932 qui

2061 1972 2260 2028 aquam
2315 1959 2429 2012 sitit
2458 1972 2489 2011 e
2527 1955 2817 2026 praeruptis
2876 1954 3028 2010 saxis
3079 1953 3429 2018 defluentem,
3466 1969 3639 2024 neque

2060 2065 2179 2106 eam
2217 2064 2414 2120 capere
2445 2056 2646 2122 potest.
2677 2047 2948 2103 Praeclare
3000 2047 3218 2118 quidem
3271 2061 3395 2100 cum
3423 2045 3492 2100 iis
3525 2045 3640 2115 agi-

2063 2152 2172 2207 tur,
2224 2142 2425 2212 quibus
2482 2143 2752 2212 integrum
2785 2149 2839 2196 et
2879 2140 3111 2194 liberum
3145 2149 3229 2195 est
3278 2139 3506 2194 meliora
3537 2139 3636 2194 de-

2062 2235 2266 2307 ligere:
2322 2235 2522 2306 quippe
2579 2215 2704 2290 cum
2753 2234 3145 2289 communi-se
3200 2234 3324 2288 vitae
3361 2233 3634 2300 dederint,

2061 2327 2220 2398 quasi
2288 2328 2434 2382 vallo
2499 2327 2683 2397 aliquo
2717 2326 3069 2396 circumsepti
3133 2340 3244 2380 non
3335 2332 3635 2381 tenentur:

2060 2415 2520 2486 quemadmodum
2571 2432 2692 2481 nos,
2733 2415 2826 2486 qui
2879 2415 3046 2470 veluti
3079 2416 3316 2485 quodam
3365 2424 3636 2469 terrarum

2062 2508 2211 2561 hiatu
2261 2509 2635 2578 prohibemur,
2695 2507 2991 2578 quominus
3025 2508 3092 2561 ad
3123 2509 3262 2561 hanc
3316 2507 3638 2578 virginalem

2061 2600 2289 2670 gloriam
2331 2600 2677 2664 accedamus,
2713 2613 2877 2668 quam
2910 2599 3178 2669 attingere
3232 2599 3340 2654 illis
3401 2600 3638 2669 amplius

2061 2705 2169 2743 non
2230 2690 2377 2755 licet,
2425 2691 2517 2760 qui
2556 2690 2610 2743 in
2659 2689 2911 2744 humana:
2963 2691 3088 2744 vitae
3138 2689 3416 2744 curriculo
3468 2691 3639 2744 vesti-

2059 2783 2206 2850 gium
2265 2781 2431 2835 semel
2480 2781 2878 2850 impresserint.
2936 2779 3117 2846 Quare
3178 2795 3279 2836 nos
3335 2782 3637 2838 alienarum

2060 2872 2284 2927 laudum
2323 2880 2680 2942 spectatores,
2757 2873 3038 2942 beataeque
3073 2873 3300 2926 aliorum
3353 2873 3480 2930 vita:
3552 2881 3637 2930 Ie-

2062 2973 2196 3027 stes,
2242 2963 2370 3017 licet
2407 2978 2665 3033 magnum
2698 2961 2925 3032 aliquid,
2980 2969 3034 3018 et
3064 2963 3384 3031 praeclarum
3429 2963 3496 3018 de
3527 2965 3640 3018 vir-

2064 3054 2288 3124 ginitate
2317 3054 2651 3125 cogitemus:
2702 3061 2886 3110 tamen
2940 3053 3083 3109 idem
3135 3054 3297 3111 nobis
3349 3056 3637 3127 contingit,

2065 3145 2210 3215 quod
2267 3145 2644 3200 conditoribus
2717 3143 3169 3215 administrisque
3231 3147 3472 3201 convivii
3530 3163 3638 3204 usu

2065 3235 2252 3290 venire
2299 3235 2461 3300 solet,
2513 3236 2607 3306 qui
2665 3234 3154 3306 conquisitissimis
3213 3236 3354 3291 cibis
3389 3237 3458 3291 ad
3505 3236 3640 3292 alio-

2065 3341 2185 3381 rum
2240 3328 2572 3397 voluptatem
2622 3327 2854 3382 divitum
2892 3341 3114 3382 mensas
3167 3327 3478 3395 condiunt;
3534 3329 3640 3400 ipsi

2062 3435 2192 3476 vero
2232 3435 2418 3475 earum
2471 3435 2675 3483 rerum,
2707 3435 2830 3490 qua:
2888 3427 3162 3490 apparatae
3209 3427 3376 3486 sunt,
3432 3423 3639 3477 nullam

2063 3515 2289 3566 omnino
2352 3518 2561 3580 partem
2619 3510 2820 3564 habent
2870 3527 2885 3564 :
2933 3525 3099 3579 quam
3146 3510 3292 3564 beati
3347 3526 3640 3578 essemus,

2062 3603 2170 3657 nisi
2219 3617 2309 3658 res
2358 3604 2431 3656 ita
2486 3616 2545 3656 se
2584 3600 2854 3668 haberet,
2909 3615 3090 3670 neque
3148 3615 3250 3655 nos
3309 3611 3640 3672 praepostero

2063 3693 2294 3748 consilio
2369 3705 2606 3762 seroque
2680 3691 2887 3746 malum
2941 3705 3424 3762 cognosceremus.
3481 3692 3643 3750 Certe

2063 3782 2295 3854 hujusce
2335 3781 2512 3838 laudis
2547 3781 2600 3835 hi
2632 3779 3035 3837 aemulationem
3067 3797 3257 3837 revera
3291 3782 3638 3853 profitentur,

2063 3890 2126 3930 ac
2167 3875 2309 3946 plus
2339 3890 2492 3939 sane,
2539 3889 2702 3945 quam
2767 3873 2998 3944 cupiunt
3028 3880 3084 3929 et
3128 3883 3357 3944 optant,
3393 3875 3472 3930 illi
3516 3876 3645 3946 qui-

2060 3967 2183 4022 dem
2234 3975 2450 4039 agunt,
2515 3968 2716 4038 quibus
2789 3966 2856 4020 ad
2927 3966 3070 4021 bona
3137 3967 3252 4022 haec
3308 3966 3643 4038 perfruenda

2060 4072 2173 4112 non
2223 4067 2307 4112 est
2359 4059 2678 4114 obstructus
2740 4057 2942 4114 aditus.
2991 4057 3100 4112 Nos
3133 4073 3265 4114 vero
3302 4060 3415 4130 jam
3467 4062 3524 4115 in
3575 4073 3641 4117 ea

2059 4164 2240 4221 porro.
2274 4150 2586 4206 conditione
2646 4165 2841 4207 sumus
2898 4153 2953 4209 in
2995 4166 3103 4221 qua
3159 4152 3218 4219 ii,
3282 4154 3378 4224 qui
3415 4153 3641 4210 divitia-

2060 4258 2204 4308 rum,
2258 4250 2422 4314 atque
2499 4257 2662 4313 opum
2715 4243 3074 4312 amplitudine
3127 4259 3283 4299 suam
3338 4260 3464 4299 cum
3511 4246 3640 4320 ipsi

2066 4334 2508 4404 contemplemur
2561 4343 2958 4406 paupertatem,
3023 4335 3258 4404 majores
3311 4351 3378 4390 ex
3451 4351 3640 4392 rerum

367 4427 689 4496 πράγματα.
739 4423 911 4476 Πόθεν
953 4423 1008 4476 δέ
1027 4441 1109 4486 τις
1149 4423 1454 4495 ἀρξάμενος
1485 4424 1714 4490 ἐπαξίας
1760 4425 1827 4480 ἂν
1865 4426 1954 4481 τὸν

2061 4442 2285 4483 suarum
2343 4437 2488 4484 statu
2549 4429 2652 4483 sibi
2723 4435 2946 4484 struunt
2986 4428 3425 4492 sollicitudines,
3479 4428 3642 4485 vehe-

370 4515 542 4586 βαρὺν
586 4512 774 4566 τοῦτον
822 4511 1323 4584 ἐκτραγῳδήσειεν;
1380 4512 1452 4564 Ἦ
1475 4511 1592 4576 πῶς
1640 4513 1705 4566 ἄν
1755 4531 1839 4577 τις
1887 4512 1958 4566 τὰ

371 4607 528 4660 κοινά
563 4604 660 4658 τοῦ
695 4603 812 4675 βίου
845 4603 936 4657 ὑπ’
962 4603 1083 4673 ὄψιν
1104 4603 1300 4671 ἀγάγοι
1345 4602 1512 4668 κακὰ,
1553 4602 1591 4657 ἃ
1619 4603 1819 4668 πάντες
1859 4603 1958 4674 μὲν

368 4701 419 4753 οἱ
451 4699 728 4770 ἄνθρωποι
757 4696 845 4749 διὰ
882 4695 980 4766 τῆς
1016 4695 1210 4766 πείρας
1257 4695 1615 4764 γινώσκουσιν
1637 4737 1652 4761 ,
1703 4696 1804 4750 οὐκ
1843 4693 1961 4753 οῖδα

367 4789 425 4842 δὲ
455 4791 604 4850 ὅπως
634 4789 691 4841 ὲν
713 4787 895 4850 αὐτοῖς
922 4788 1035 4849 τοῖς
1070 4786 1266 4840 εἰδόσιν
1303 4787 1442 4840 αὐτὰ
1481 4787 1762 4842 λανθάνειν
1796 4792 1831 4860 ἡ
1859 4789 1960 4859 φύ-

370 4899 457 4945 σις
502 4881 909 4952 ἐμηχανήσατο,
968 4879 1228 4944 ἑκουσίως
1281 4879 1388 4932 τῶν
1439 4879 1740 4952 ἀνθρώπων
1778 4884 1837 4938 ὲν
1877 4881 1958 4948 οἷς

367 4974 507 5026 εἰσιν
549 4969 926 5040 ἀγνοούντων;
955 4969 1142 5024 Βούλει
1186 4971 1293 5025 ἀπὸ
1343 4971 1452 5025 τῶν
1502 4971 1734 5042 ἡδίστων
1778 4972 1959 5044 ἀρξώ-

369 5066 547 5137 μεθς;
582 5063 796 5120 Οὐκοῦν
830 5064 891 5116 τὸ
927 5063 1217 5132 κεφάλαιον
1248 5063 1353 5118 τῶν
1392 5066 1449 5118 ὲν
1490 5064 1566 5136 τῷ
1595 5065 1757 5137 γάμῳ
1793 5083 1960 5119 σπου-

364 5155 678 5228 δαζομένων
702 5155 765 5208 τὸ
817 5156 1218 5228 κεχαρισμένης
1263 5157 1541 5228 ἐπιτυχεῖν
1573 5160 1689 5213 ἐστι
1720 5159 1960 5230 συμόιώ-

367 5263 528 5310 σεως.
581 5247 695 5299 Καὶ
737 5247 801 5317 δὴ
847 5245 997 5300 ταῦθ’
1039 5247 1210 5310 οὕτως
1263 5248 1454 5319 ἐχέτω,
1486 5249 1576 5303 καὶ
1616 5249 1704 5304 διὰ
1741 5251 1958 5306 πάντων

366 5340 714 5412 μακαριστὸς
740 5338 1140 5410 ὑπογεγράφθω
1169 5342 1197 5394 ὁ
1224 5342 1430 5412 γάμοςο
1458 5343 1612 5412 γένος
1653 5345 1955 5416 εὐδόκιμον,

362 5428 600 5494 πλοῦτος
638 5430 845 5502 ἀρκῶν,
877 5430 1062 5502 ἡλικία
1113 5431 1502 5502 συμϐαίνουσα,
1529 5435 1628 5506 τῆς
1656 5434 1805 5507 ὧρας
1827 5436 1959 5491 αὐτὸ

359 5523 427 5576 τὺ
456 5521 642 5586 ἄνθος,
673 5522 895 5593 φίλτρον
938 5523 1098 5586 πολὺ,
1130 5523 1224 5576 καὶ
1274 5517 1384 5578 οἷόν
1412 5528 1576 5622 «ἐστιν
1610 5529 1670 5581 έν
1713 5528 1958 5600 ἐκατέρῳ

360 5614 510 5686 ὑπὲρ
539 5613 636 5667 τοῦ
682 5613 844 5667 ἀλλου
890 5613 1258 5668 ὑπονοεῖσθαν
1308 5613 1533 5685 γλυκεῖα
1569 5618 1754 5691 ἐκείνη
1809 5619 1957 5689 φιλο-

358 5705 544 5760 νεικία
572 5703 638 5758 τὸ
687 5705 876 5758 ἑαυτὸν
903 5703 1184 5774 βούλεσθαι
1234 5707 1389 5777 νικᾷν
1423 5709 1480 5760 ἐν
1515 5710 1581 5780 τῇ
1613 5709 1800 5784 ἀγάπῃ
1831 5711 1957 5766 ἑκά.

2061 4520 2410 4590 rnentiusque
2449 4530 2773 4590 torquentur
2804 4537 2818 4573 :
2850 4521 2926 4576 ita
2952 4535 3052 4576 nos
3099 4535 3209 4591 quo
3244 4521 3417 4591 magis
3471 4520 3640 4590 virgi-

2061 4610 2251 4664 nitatis
2299 4610 2519 4666 divitias
2566 4610 2991 4681 cognoscimus,
3047 4624 3114 4664 eo
3166 4608 3420 4678 gravius,
3473 4607 3640 4664 rebus

2060 4702 2380 4758 melioribus
2431 4703 2722 4773 indagatis,
2770 4703 2915 4757 aliud
2960 4702 3084 4757 vitae
3127 4717 3298 4773 genus
3355 4701 3636 4772 lugemus;

2060 4809 2184 4850 cum
2227 4795 2731 4852 animadvertamus
2775 4796 2976 4864 quibus
3021 4795 3306 4865 quantisve
3347 4793 3505 4848 bonis
3547 4809 3639 4848 ca-

2059 4895 2196 4951 reat,
2228 4901 2405 4957 neque
2450 4886 2520 4941 iis
2574 4887 2775 4950 solum,
2809 4901 2930 4957 quae
2963 4887 3086 4942 illos
3131 4892 3374 4950 manent,
3408 4884 3502 4956 qui
3536 4885 3637 4940 ho-

2059 4987 2216 5033 neste
2276 4983 2534 5049 casteque
2592 4978 2893 5044 vixerunt,
2938 4978 3032 5034 sed
3098 4977 3205 5032 illis
3279 4977 3444 5033 etiam
3516 4993 3658 5048 quae.

2060 5069 2225 5139 hujus
2273 5070 2397 5124 vita:
2460 5071 2680 5140 propria
2713 5078 2864 5126 sunt.
2899 5069 2956 5124 Si
2996 5069 3123 5140 quis
3159 5068 3304 5124 enim
3349 5069 3636 5139 diligenter

2059 5161 2348 5229 exquirere
2384 5162 2558 5226 velit,
2605 5178 2728 5232 quae
2787 5163 2858 5219 sit
2914 5161 3078 5231 hujus
3131 5177 3162 5214 a
3227 5161 3476 5230 virginali
3525 5160 3633 5218 vita

2059 5251 2480 5319 dissimilitudo,
2534 5261 2742 5307 tantam
2803 5251 3049 5324 profecto
3106 5253 3373 5319 inveniet,
3429 5263 3636 5325 quanta

2061 5343 2232 5401 ferme
2260 5351 2345 5400 est
2389 5351 2732 5400 terrenarum
2776 5358 2960 5401 rerum
2996 5359 3027 5399 a
3057 5345 3376 5403 coelestibus
3407 5366 3420 5402 :
3453 5347 3633 5419 hujus

2058 5451 2167 5507 que
2215 5435 2480 5492 orationis
2517 5435 2800 5491 veritatem
2839 5437 3112 5508 cognitam
3142 5477 3158 5504 ,
3187 5438 3636 5510 exploratamque

2059 5528 2096 5582 ii
2155 5527 2355 5584 habere
2386 5537 2637 5598 possunt,
2679 5527 2773 5598 qui
2825 5543 2916 5585 res
2975 5531 3125 5601 ipsas
3182 5531 3394 5587 ratione
3423 5532 3637 5587 animo-

2058 5635 2166 5691 que
2229 5621 2606 5677 lustraverint.
2669 5621 2831 5679 Unde
2891 5623 3058 5695 igitur
3111 5625 3236 5695 quis
3280 5624 3494 5682 initium
3551 5624 3636 5678 fa-

2061 5713 2276 5778 ciendo,
2327 5713 2576 5768 acerbam
2619 5713 2760 5770 hanc
2819 5714 2984 5771 vitam
3041 5716 3246 5788 tragice
3279 5717 3416 5772 satis
3445 5716 3634 5784 deplo-
