4034 6132
394 297 496 354 327
1601 278 1659 330 S.
1701 274 2032 331 GREGORII
2065 270 2360 327 NYSSENI
3540 265 3650 327 328

384 414 580 477 raret?
616 412 723 467 Aut
762 400 1033 478 quomodo
1056 398 1173 454 haec
1204 393 1518 451 communia
1564 394 1688 449 vitae
1747 393 1957 451 incom-

2083 408 2239 465 τερον.
2289 388 2580 464 Προσέστω
2630 389 2838 453 τούτοις
2889 387 3017 454 δόξα
3074 389 3168 442 καὶ
3221 389 3507 446 δυναστεία
3559 394 3654 446 καὶ

384 508 547 566 moda
597 506 669 562 ob
704 500 892 557 oculos
942 498 1188 565 poneret,
1221 503 1347 544 cum
1397 502 1465 543 ex
1509 502 1614 543 usu
1675 486 1811 542 satis
1844 486 1960 540 haec

2083 481 2409 554 περιφάνεια,
2446 480 2539 534 καὶ
2571 481 2679 534 πᾶν
2708 480 2736 533 ὅ
2780 496 2832 532 τι
2870 478 3068 550 βούλει.
3103 479 3378 552 Ἀλλ’“δρα
3424 482 3520 536 καὶ
3556 482 3656 554 τὴν

388 601 506 670 ipsa
547 611 738 654 omnes
791 585 1139 657 intelligant?
1195 583 1273 638 Ac
1325 581 1512 637 nescio
1546 581 1818 651 quomodo
1847 580 1964 670 [ηπ-τ

2083 575 2178 637 toi;
2213 572 2686 644 ἀπηριθμημένοις
2733 574 2989 643 χρηστοῖς
3044 572 3356 642 ἀναγκαίως
3404 590 3654 645 συμπαρσ

387 662 510 744 tura
564 684 761 745 effecit,
811 689 869 735 ut
945 676 1063 730 haec
1139 673 1256 743 ipsa
1311 673 1494 743 ignota
1546 672 1659 725 sint
1715 670 1824 736 iis,
1870 668 1965 738 qui

2083 664 2237 719 >ῦσαν
2269 665 2365 718 καὶ
2393 664 2812 735 ὑποσμύχουσαν
2837 662 3015 735 λύπην
3046 702 3062 718 .

388 773 862 847 eat-perspiciunt,
918 782 1043 823 cum
1077 763 1351 826 homines,
1396 763 1453 817 in
1515 761 1716 833 quibus
1764 760 1846 815 hae
1878 774 1967 814 res
2006 757 2218 825 insunt,
2261 757 2409 812 ultro
2461 757 2732 827 ignorent.
2816 753 2925 811 Sed
2962 755 3185 810 lubetue
3278 763 3339 809 ut
3390 770 3421 809 a
3493 756 3660 812 rebus

397 866 812 944 iucundissimis
876 859 1278 920 exordiamur?
1321 856 1492 930 Igitur
1559 871 1743 912 rerum
1795 853 2039 910 omnium
2079 867 2216 924 quas
2266 852 2323 908 in
2382 851 2587 922 nuptiis
2644 850 2892 907 homines
2936 855 3245 920 expetunt,
3303 855 3470 919 caput
3525 849 3661 904 illud

389 941 495 1029 est,
571 969 632 1015 ut
681 958 992 1014 convictum
1025 994 1041 1020 ,
1088 955 1324 1023 vitaeque
1410 951 1727 1006 societatem
1787 947 2240 1019 iucundissimam
2300 952 2682 1015 assequuntur.
2739 946 2919 1015 Atque
3014 943 3129 1000 haec
3203 941 3423 1014 quidem
3466 943 3543 998 ita
3600 958 3663 1006 se

389 1052 672 1113 habeant,
762 1046 1073 1117 uuptiaeque
1145 1043 1292 1098 omni
1339 1056 1407 1097 ex
1478 1048 1633 1112 parte
1707 1054 1870 1109 quam
1915 1037 2247 1094 beatissimae
2298 1036 2720 1094 describantur:
2772 1035 2990 1107 generis
3058 1034 3320 1090 nobilitas
3351 1074 3366 1100 ,
3443 1032 3664 1088 divitia-

391 1164 511 1204 rum
545 1146 700 1211 satis,
752 1153 878 1213 apta
911 1141 1201 1210 utriusque
1237 1146 1391 1205 aetas,
1434 1133 1861 1210 pulchritudinis
1910 1132 2032 1199 llos,
2072 1133 2314 1190 charitas
2351 1148 2585 1198 summa,
2642 1140 2701 1188 et
2733 1132 2949 1202 'quanta
3006 1129 3243 1186 maxima
3299 1127 3529 1201 cogitari
3565 1140 3663 1197 po-

389 1247 499 1296 test
549 1237 835 1305 utriusque
914 1247 1042 1303 erga
1084 1232 1313 1286 alterum
1348 1248 1363 1286 :
1396 1228 1578 1284 dulcis
1620 1227 1716 1281 illa
1785 1227 2086 1295 contentio,
2131 1240 2259 1281 cum
2328 1227 2466 1281 alter
2526 1226 2756 1282 alterum
2823 1225 2878 1280 in
2930 1237 3117 1279 amore
3195 1222 3377 1278 studet
3420 1222 3660 1277 vincere.

392 1327 669 1384 Accedant
720 1325 788 1380 ad
845 1324 961 1378 haec
1017 1322 1210 1393 gloria,
1257 1336 1408 1390 opes,
1460 1318 1705 1389 potentia
1740 1356 1755 1384 ,
1812 1316 2089 1386 splendor,
2133 1324 2188 1373 et
2249 1332 2414 1373 omne
2450 1317 2719 1388 denique,
2804 1314 2953 1385 quod
3015 1314 3143 1370 addi
3180 1314 3352 1369 lubet.
3406 1311 3663 1368 Attamen

398 1428 459 1475 tu
504 1419 664 1474 velim
723 1415 910 1472 videas
948 1412 1323 1486 aegritudinem
1355 1411 1693 1484 quamdam,
1728 1424 1851 1481 quae
1876 1409 2085 1466 sensim
2157 1411 2438 1469 hominem
2486 1410 2727 1474 conﬁcit,
2783 1423 3008 1479 unaque
3063 1406 3381 1463 necessario
3448 1405 3517 1461 iis
3585 1419 3664 1461 re-

394 1514 501 1569 bus
554 1513 719 1579 inest,
778 1525 899 1581 qua:
940 1511 997 1564 in
1054 1507 1215 1564 bonis
1263 1516 1564 1563 numeratae
1607 1512 1761 1562 sunt.

467 1603 739 1659 Praetereo
796 1600 1095 1665 invidiam,
1164 1615 1285 1670 quae
1321 1599 1584 1656 concitari
1640 1598 1698 1652 in
1752 1610 1847 1653 eos
1891 1610 1980 1652 so-

400 1696 504 1759 let,
559 1694 648 1763 qui
708 1691 893 1762 gloria:
939 1688 1174 1745 assecuti
1207 1696 1336 1743 sunt
1389 1686 1753 1758 splendorem,
1800 1698 1980 1755 neque

2154 1593 2229 1648 Οὐ
2252 1593 2394 1663 λέγω
2414 1591 2506 1646 τὸν
2529 1593 2638 1656 τοῖς
2662 1588 3034 1661 εὐδοκιμοῦσιν
3061 1591 3419 1662 ἐπιφυόμενον
3449 1591 3664 1661 φθόνον,

2085 1685 2180 1739 καὶ
2205 1684 2286 1750 τὸ,
2316 1684 2604 1755 πρόχειρον
2636 1678 2774 1735 εἶναι
2801 1680 2936 1752 πρὸς
2966 1679 3258 1752 ἐπιϐουλὴν
3304 1680 3411 1734 τῶν
3451 1680 3666 1752 ἀνθρώ-

399 1797 787 1850 commemoro,
834 1795 999 1852 quam
1062 1778 1223 1834 facile
1272 1779 1556 1835 hominum
1586 1777 1805 1834 insidiis
1841 1776 1977 1832 illud

2083 1792 2200 1831 πων
2247 1774 2310 1829 τὸ
2352 1773 2541 1828 δοκοῦν
2587 1773 2874 1845 εὐημερεῖν
2928 1773 2985 1827 ἐν
3029 1771 3105 1842 τῷ
3141 1770 3259 1841 βίῳ,
3306 1772 3400 1825 καὶ
3441 1773 3523 1825 ὅτι
3555 1774 3667 1836 πᾶς

399 1876 706 1947 expositum
755 1874 846 1941 sit,
870 1882 1007 1930 'cum
1059 1873 1183 1943 quis
1238 1871 1293 1927 in
1347 1873 1457 1926 vita
1514 1872 1681 1928 rebus
1716 1870 1979 1927 secundis

400 1967 476 2021 uti
517 1965 752 2030 videtur,
811 1977 1044 2034 quamve
1092 1969 1319 2033 paratus
1373 1963 1445 2017 sit
1474 1961 1689 2025 omnis,
1724 1961 1820 2016 cui
1880 1961 1980 2016 bo-

401 2072 597 2113 norum
647 2055 880 2126 aequatio
916 2069 1027 2109 non
1075 2054 1364 2124 contingit,
1416 2053 1668 2109 naturale
1703 2051 1977 2124 quoddam

401 2147 588 2204 odium
653 2146 853 2201 habere
905 2146 961 2200 in
1013 2160 1175 2209 eum,
1217 2146 1312 2216 qui
1369 2145 1494 2216 plus
1556 2145 1784 2216 adeptus
1851 2151 1976 2201 est:

402 2249 566 2311 atque
616 2246 909 2310 propterea
956 2236 1065 2304 iis,
1112 2238 1205 2308 qui
1245 2235 1448 2306 Optima
1502 2237 1669 2291 animi
1710 2236 1982 2293 constitu-

401 2331 553 2384 tione
605 2342 726 2383 esse
766 2327 1021 2383 videntur
1048 2365 1063 2391 ,
1115 2333 1340 2395 propter
1371 2327 1739 2396 suspicionem
1786 2340 1982 2396 quam-

402 2421 526 2476 dam
578 2418 951 2474 molestiarum
988 2418 1113 2488 plus
1154 2418 1263 2472 vita
1322 2418 1474 2482 haec,
1516 2432 1678 2488 quam
1731 2418 1982 2487 volupta-

402 2516 517 2565 tum
579 2507 964 2566 all‘ert.gMissa
1014 2508 1132 2564 haec
1180 2507 1323 2564 facio
1353 2546 1369 2574 ,
1416 2508 1577 2578 quasi
1627 2515 1819 2562 contra
1884 2522 1981 2563 eos

402 2601 585 2657 omnis
644 2601 965 2671 languescat
1019 2599 1244 2655 invidia.
1312 2601 1383 2652 At
1449 2613 1558 2654 non
1615 2597 1775 2655 facile
1832 2600 1982 2654 iuve-

404 2691 526 2745 nire
570 2695 881 2761 quempiam
916 2691 1064 2757 licet,
1095 2692 1149 2745 in
1202 2704 1312 2761 quo
1354 2690 1471 2744 haec
1498 2689 1608 2744 duo
1649 2690 1812 2746 simul
1852 2704 1983 2745 con-

404 2780 694 2843 venerint,
729 2787 791 2833 ut
843 2781 1304 2850 secundioribus.
1332 2794 1495 2850 quam
1546 2779 1704 2835 multi
1738 2819 1754 2845 ,
1813 2781 1980 2836 rebus

407 2876 613 2931 utatur,
643 2877 698 2924 et
747 2868 1008 2924 invidiam
1041 2870 1300 2925 declinet.
1356 2868 1462 2925 Sed
1496 2880 1680 2926 tamen
1713 2870 1980 2926 faciamus

406 2974 528 3015 esse
578 2966 635 3012 ut
684 2958 753 3013 ab
790 2959 876 3015 his
914 2960 1196 3024 omnibus,
1257 2959 1303 3015 si
1361 2959 1609 3027 videtur,
1647 2954 1818 3015 vacua
1869 2960 1977 3025 sit,

405 3059 461 3107 ct
513 3048 683 3103 libera
716 3049 999 3107 hominum
1066 3051 1221 3116 vita;
1272 3050 1664 3118 videamusque
1746 3067 1812 3106 an
1861 3052 1978 3107 fieri

2078 1869 2107 1921 6
2150 1868 2225 1939 μὴ
2269 1865 2561 1938 ίσομοιρῶν
2613 1864 2669 1919 ἐν
2707 1862 2787 1934 τῷ
2834 1862 3121 1933 κρείττονι,
3163 1861 3389 1931 φυσικόν
3428 1879 3479 1915 τι
3526 1862 3666 1934 πρὸς

2079 1959 2171 2013 τὸν
2199 1957 2537 2030 ὑπερέχοντα
2576 1956 2637 2009 τὸ
2663 1957 2819 2026 μῖσος
2852 1953 2964 2024 ἔχει
2981 1970 2994 1984 ·
3022 1953 3116 2007 καὶ
3142 1953 3229 2008 διὰ
3265 1952 3422 2007 τοῦτο
3450 1953 3518 2008 δι’
3561 1954 3666 2006 ὐπα-

2079 2050 2236 2121 οψίας
2262 2052 2376 2113 τοῖς
2400 2047 2647 2102 δοκοῦσιν
2679 2046 2931 2116 εὐθυμεῖν
2958 2047 2986 2100 ό
3016 2046 3128 2117 βίος
3153 2047 3319 2114 ἐστὶν,
3349 2045 3517 2100 πλείω
3555 2046 3666 2099 τῶν

2079 2143 2250 2215 ἡδέων
2291 2140 2362 2195 τά
2400 2139 2617 2212 λυπηρά
2662 2139 3049 2210 παρεχόμενος.
3080 2137 3327 2209 Παρίημι
3366 2137 3560 2205 ταῦτα,
3588 2135 3665 2201 ὡς

2078 2234 2175 2289 καὶ
2218 2231 2310 2285 τοῦ
2351 2231 2545 2301 φθόνου
2596 2232 2715 2284 κατ’
2759 2229 2982 2284 ἐκείνων
3022 2228 3338 2301 ἀργοῦντος.
3372 2229 3562 2282 Καίτοι
3599 2245 3664 2297 γε

2079 2325 2141 2377 οὐ
2203 2323 2382 2395 ῥᾴδιόν
2431 2324 2576 2377 ἐστιν
2636 2323 2814 2394 εὑρεῖν
2863 2322 2969 2393 ὅτῳ
3031 2321 3100 2374 τὰ
3152 2320 3244 2374 δύο
3287 2322 3429 2375 κατὰ
3469 2319 3666 2373 ταύτὸν

2082 2411 2403 2484 συνηνέχθη,
2435 2414 2529 2465 καὶ
2567 2411 2707 2483 ὑπὲρ
2748 2414 2875 2475 τοὺς
2917 2410 3144 2475 πολλοὺς
3183 2411 3538 2482 εὐδαιμονεῖν,
3570 2411 3666 2464 καὶ

2079 2503 2392 2574 διαφεύγειν
2419 2502 2509 2556 τὸν
2540 2501 2748 2572 φθόνον.
2780 2502 2926 2574 Πλὴν
2958 2501 3091 2555 ἀλλὰ
3116 2501 3333 2555 πάντων
3353 2500 3463 2554 τῶν
3489 2500 3667 2554 τοιού-

2078 2611 2189 2652 των
2209 2594 2496 2667 ἐλευθέραν
2524 2595 2703 2647 αὐτῶν
2722 2593 2820 2666 τὴν
2846 2592 3011 2664 ζωὴν,
3038 2593 3087 2646 εί
3116 2593 3280 2659 δοκεῖ,
3313 2591 3663 2663 ὐποθώμεθα.

2078 2690 2190 2745 Καὶ
2223 2689 2420 2759 ἴδωμεν
2456 2689 2503 2741 εί
2549 2687 2770 2742 δυνατόν
2808 2688 2953 2740 ἐστιν
3001 2684 3252 2757 εὐθυμεῖν
3291 2685 3416 2749 τοὺς
3454 2686 3510 2738 ἐν
3550 2702 3667 2738 τοι·

2080 2781 2218 2852 αύτῃ
2248 2780 2529 2847 διάγοντας
2558 2778 2845 2850 εὐημερίᾳ.
2898 2778 2963 2830 Τί
3011 2771 3103 2831 οῦν
3144 2777 3294 2830 ἔσται
3330 2777 3392 2829 τὸ
3437 2774 3665 2842 λυποῦν,

2080 2873 2247 2942 ἐρεῖς,
2300 2871 2350 2923 εί
2400 2868 2535 2940 μηδὲ
2570 2859 2606 2921 ὃ
2649 2869 2838 2938 φθόνος
2876 2867 2987 2922 τῶν
3030 2868 3486 2939 εὐδαιμονούντων
3531 2870 3666 2924 καθ-

2082 2961 2315 3031 dabant;
2349 2957 2518 3012 Τοῦτο
2550 2958 2680 3011 αὐτό
2714 2975 2856 3028 φημι
2901 2958 2962 3010 τὸ
3005 2957 3092 3012 διὰ
3122 2958 3335 3011 πάντων
3366 2959 3548 3021 αὐτοῖς
3574 2958 3668 3012 τὸν

2084 3054 2196 3125 βίον
2228 3050 2774 3121 καταγλυκαίνεσθαι,
2806 3044 2963 3103 τοῦτό
2994 3051 3110 3103 ἐστι
3138 3050 3199 3102 τὸ
3232 3050 3329 3120 τῆς
3358 3050 3532 3120 λύπης
3559 3049 3668 3103 ὑπο

406 3144 600 3215 possit,
652 3149 715 3196 ut
747 3141 841 3212 qui
876 3141 980 3196 hoc
1027 3140 1271 3196 secundo
1300 3155 1483 3195 rerum
1531 3155 1697 3197 cursu
1729 3149 1978 3208 utuntur,

2084 3124 2360 3215 έκκαυμα.
2394 3144 2537 3206 Ἕως
2578 3141 2684 3213 γὰρ
2709 3140 2983 3213 ἄνθρωποι
3030 3135 3157 3206 ὦσι,
3190 3141 3252 3195 τὸ
3290 3141 3480 3213 θνητὸν
3507 3141 3667 3196 τοῦτο

405 3235 702 3308 tranquillo
740 3239 1001 3302 recteque
1055 3230 1222 3284 animi
1264 3238 1413 3286 statu
1463 3230 1594 3286 sint.
1632 3231 1771 3297 Quid
1817 3233 1984 3302 igitur

407 3329 534 3394 erit,
569 3327 804 3399 inquies,
836 3324 979 3397 quod
1018 3323 1326 3379 molestiam
1372 3322 1583 3388 afferat,
1624 3324 1737 3380 nisi
1787 3323 1988 3380 floren-

406 3422 655 3478 tissimos
719 3418 970 3474 homines
1034 3414 1277 3487 attigerit
1353 3415 1600 3470 invidia?
1648 3414 1763 3471 Hoc
1807 3416 1986 3487 ipsum

407 3514 659 3579 dixerim,
691 3527 816 3568 cum
849 3510 1071 3565 illorum
1103 3510 1218 3564 vita
1249 3509 1504 3566 omnibus
1532 3509 1860 3565 circumﬂuit
1887 3510 1986 3566 bo-

407 3607 516 3670 nis,
549 3603 696 3677 quod
719 3612 803 3660 est
821 3602 1029 3658 doloris
1053 3600 1492 3656 incitamentum.
1517 3601 1652 3655 Nam
1701 3616 1864 3671 quam
1892 3601 1986 3657 diu

409 3697 575 3753 homo
603 3710 692 3753 res
718 3695 967 3749 mortalis
997 3702 1105 3757 est,
1132 3699 1186 3747 et
1210 3691 1417 3746 caduca
1452 3710 1467 3761 ;
1499 3695 1862 3763 sepulcraque
1889 3707 1985 3747 eo-

407 3803 556 3852 rum,
581 3802 627 3842 a.
640 3787 837 3857 quibus
863 3793 1018 3839 ortus
1038 3790 1123 3839 est
1151 3784 1426 3853 intuetur;
1464 3786 1508 3840 si
1532 3785 1809 3853 paululum
1826 3786 1986 3842 modo

409 3878 642 3936 rationis
670 3885 752 3932 est
776 3876 1065 3945 particeps,
1088 3873 1145 3927 in
1173 3873 1364 3930 dolore
1414 3881 1531 3939 est,
1583 3875 1679 3944 qui
1712 3891 1838 3931 cum
1882 3876 1987 3931 hac

409 3971 524 4026 vita
553 3967 879 4034 conjunctus
901 3964 1144 4035 separari
1173 3974 1228 4040 et
1276 3965 1434 4029 avelli
1461 3979 1569 4019 non
1598 3972 1793 4035 potest.
1847 3965 1984 4020 Nam

413 4060 657 4123 assidua,
716 4058 1142 4126 quotidianaque
1206 4057 1398 4112 mortis
1438 4057 1774 4126 exspectatio
1818 4055 1987 4111 nullis

414 4151 602 4216 certis,
629 4164 808 4219 neque
858 4147 1095 4203 definitis
1126 4147 1299 4219 signis
1345 4149 1585 4220 cognita,
1625 4148 1720 4204 sed
1757 4156 1983 4219 propter

413 4247 653 4301 incertos
687 4254 850 4296 casus
875 4254 1109 4309 semper,
1139 4239 1306 4294 veluti
1356 4254 1623 4309 praesens,
1657 4240 1986 4310 perterrefa-

413 4328 586 4398 ciens,
608 4333 751 4388 hanc
776 4331 901 4387 vitae
924 4329 1321 4400 jucunditatem
1350 4340 1613 4401 perpetuo
1669 4334 1873 4396 turbat,
1904 4339 1986 4386 at-

412 4444 521 4500 que
552 4441 759 4492 rerum,
809 4439 931 4495 quae
984 4428 1294 4493 sperantur,
1325 4431 1471 4478 metu
1525 4423 1742 4478 laetitias
1793 4439 1983 4480 omnes
2015 4455 2060 4510 ι)

415 4519 694 4593 pervertit.
749 4515 807 4571 Si
841 4516 988 4571 enim
1020 4512 1137 4568 ﬁeri
1169 4522 1375 4584 posset,
1428 4521 1490 4568 ut
1520 4525 1644 4570 ante
1681 4516 1980 4586 periculum

410 4624 617 4674 rerum,
648 4622 785 4680 quas
812 4613 1001 4677 postea
1030 4604 1155 4675 quis
1180 4613 1263 4660 est
1282 4611 1565 4674 expertus,
1588 4603 1826 4660 disceret
1849 4623 1864 4673 ;
1891 4613 1983 4660 aut

411 4703 589 4773 aliqua
619 4701 723 4755 alia
746 4698 1061 4768 conjectura
1097 4695 1164 4761 is,
1203 4694 1299 4765 qui
1343 4694 1401 4748 in
1432 4693 1536 4749 hac
1559 4693 1670 4749 vita
1701 4702 1979 4760 versatur,

411 4808 501 4849 res
532 4792 844 4864 perspicere
874 4795 1085 4859 posset,
1117 4791 1358 4855 quantus
1392 4783 1640 4854 profecto
1689 4786 1841 4840 tieret
1863 4784 1985 4839 illo-

409 4900 534 4940 rum
569 4895 892 4946 concursus,
924 4878 1019 4950 qui
1056 4878 1123 4933 ad
1150 4877 1523 4946 virginitatem
1557 4891 1588 4929 a
1612 4875 1820 4946 nuptiis
1853 4890 1985 4931 con-

412 4977 664 5049 fugerent
696 4977 720 5030 ?
743 4975 951 5043 Quanta
978 4978 1160 5033 cautio
1183 4978 1530 5049 provisioque
1564 4977 1729 5031 animi
1757 4974 1982 5031 adhibe-

411 5076 586 5133 retur,
621 5074 680 5122 ut
716 5068 1193 5138 inexplicabilihus
1232 5069 1301 5125 iis
1348 5070 1563 5140 laqueis
1599 5083 1880 5139 nunquam
1926 5081 1986 5122 se

413 5160 742 5227 irrctissent,
772 5175 1005 5230 quorum
1033 5159 1277 5217 difﬁciles
1300 5160 1477 5216 nodos
1502 5174 1611 5215 non
1641 5166 1821 5229 potest
1845 5158 1985 5213 alius

413 5265 669 5309 accurate
688 5267 1042 5324 cognoscere,
1068 5254 1174 5309 nisi
1205 5252 1299 5326 qui
1320 5252 1529 5309 retibus
1564 5251 1699 5322 ipsis
1731 5251 1986 5321 illaquea-

412 5353 504 5400 tus
530 5346 783 5398 tenetur?
809 5344 1073 5400 Cerneres
1107 5344 1274 5411 enim,
1306 5344 1353 5398 si
1384 5343 1487 5397 hoc
1516 5350 1698 5397 tamen
1733 5341 1852 5396 sine
1889 5356 1985 5410 pe-

413 5435 785 5502 culoliceret,
810 5437 1039 5490 multam
1089 5450 1271 5489 rerum
1337 5435 1479 5489 inter
1530 5449 1591 5488 se
1638 5431 1984 5488 dissimilium

414 5523 907 5595 perturbationem,
946 5523 1118 5578 risum
1151 5525 1304 5579 luctu
1340 5525 1656 5586 admistum,
1688 5536 1983 5577 mmrorem

412 5631 547 5671 cum
562 5615 748 5669 laetitia
772 5616 1085 5678 confusum,
1114 5630 1437 5686 semperque
1467 5616 1556 5683 iis,
1575 5615 1667 5686 qui
1689 5614 1804 5669 nati
1837 5619 1984 5680 sunt,

414 5717 642 5780 propter
665 5722 810 5780 spes,
848 5721 987 5779 quas
1015 5707 1118 5763 sibi
1147 5717 1478 5779 proponunt,
1510 5717 1740 5766 mortem
1773 5707 1985 5778 impen-

2086 3236 2182 3288 καὶ
2209 3233 2470 3304 ἐπίκηρον
2499 3234 2751 3304 πρᾶγμα,
2787 3233 2881 3286 καὶ
2920 3233 3046 3295 τοὺς
3087 3232 3289 3302 τάφους
3321 3232 3429 3286 τῶν
3468 3235 3563 3304 ἀφ’
3590 3225 3667 3288 ὧν

2087 3324 2341 3393 γεγόνασι
2387 3323 2677 3394 βλέπωσιν,
2720 3323 3020 3395 ἀχώριστον
3063 3323 3243 3393 ἔχουσι
3285 3324 3378 3378 καὶ
3413 3324 3667 3388 συνεζευ-

2087 3419 2296 3489 γμένην
2327 3420 2394 3488 τῇ
2425 3418 2536 3488 ζωῇ
2574 3417 2674 3489 τὴν
2705 3415 2901 3488 λύπην,
2944 3419 2992 3470 εί
3031 3419 3125 3472 καὶ
3170 3419 3363 3490 μικρὸν
3392 3419 3668 3491 μετέχοιεν

2086 3507 2181 3560 τοῦ
2211 3504 2541 3575 λογίζεσθαι.
2579 3506 2646 3559 Ἥ
2672 3505 2780 3578 γὰρ
2812 3506 3061 3578 διηνεκὴς
3090 3508 3183 3561 τοῦ
3222 3508 3449 3563 θανάτου
3497 3528 3669 3581 προσ-

2086 3596 2259 3662 δοκία,
2293 3597 2395 3649 οὐκ
2426 3596 2518 3650 ἐπὶ
2547 3598 2726 3667 ρητοῖ;
2751 3614 2861 3650 τισι
2894 3599 3142 3669 σημείοις
3169 3600 3665 3671 ἐπιγινωσκομένη,

2088 3689 2223 3744 ἀλλά
2261 3690 2350 3745 διὰ
2401 3689 2501 3760 τὴν
2551 3689 2774 3760 ἀδηλίαν
2815 3689 2909 3744 τοῦ
2969 3691 3273 3760 μέλλοντος,
3319 3694 3547 3747 πάντοτε
3590 3693 3670 3757 ὡς

2087 3782 2409 3852 ἐνεστηκυῖα
2438 3780 2706 3850 φοϐοῦσα,
2737 3779 2837 3852 τὴν
2874 3780 2961 3834 ἀεὶ
3010 3782 3287 3854 παροῦσαν
3329 3784 3670 3856 εὐφροσύνην

2088 3874 2296 3941 συγχεῖ,
2324 3872 2400 3942 τῷ
2429 3872 2577 3942 φόϐῳ
2609 3872 2714 3927 τῶν
2740 3871 3104 3945 ἐλπιζομένων
3130 3874 3229 3938 τὰς
3256 3875 3519 3946 εὐθυμίας
3549 3879 3670 3931 ἐπι·-

2085 3961 2452 4033 ταράσσουσα.
2487 3962 2550 4015 Εἰ
2575 3961 2682 4032 γὰρ
2718 3957 2786 4034 ἦν
2826 3962 3047 4018 δυνατὸν
3080 3964 3185 4036 πρὸ
3221 3967 3322 4035 τῆς
3370 3965 3563 4036 πείρας
3598 3964 3672 4020 τὰ

2086 4052 2196 4106 τῶν
2220 4053 2636 4124 πεπειραμένων
2668 4051 2879 4124 μαθεῖν,
2902 4054 2951 4107 εί
2975 4054 3082 4126 γὰρ
3114 4035 3241 4125 ἐξῆν
3275 4054 3341 4108 δι’
3376 4035 3554 4127 ἀλλης
3599 4071 3672 4110 τι-

2087 4143 2176 4207 νὸς
2218 4145 2462 4208 ἐπινοίας
2510 4145 2659 4208 ἐντὸς
2699 4144 2793 4198 τοῦ
2826 4145 2939 4215 βίου
2966 4147 3289 4220 ,γενόμενον,
3336 4147 3671 4203 ἐποπτεῦσαι

2087 4233 2156 4286 τά
2190 4234 2510 4305 πράγματα·
2541 4235 2705 4299 πόσος
2729 4235 2794 4289 ἂν
2821 4232 2888 4306 ἦν
2910 4237 2938 4289 ὁ
2963 4235 3159 4308 δρόμος
3178 4236 3285 4290 τῶν
3310 4237 3671 4307 αὐτομολούν-

2086 4341 2195 4377 των
2229 4326 2364 4397 πρὸς
2399 4325 2498 4396 τὴν
2529 4325 2823 4397 παρθενίαν
2854 4327 2963 4381 ἀπὸ
3000 4327 3094 4380 τοῦ
3118 4328 3331 4399 γάμουί
3382 4329 3521 4399 πόση
3560 4347 3670 4398 φυ-

2087 4415 2228 4487 λακὴ
2261 4417 2355 4471 καὶ
2399 4418 2707 4488 προμήθεια
2747 4417 2839 4472 τοῦ
2904 4419 3110 4489 μήποτε
3156 4420 3415 4489 ἀφύκτοις
3461 4421 3671 4489 πάγαις

2088 4508 2511 4581 ἐγκρατηθῆναι,
2535 4503 2610 4563 ὧν
2635 4509 2734 4580 τὴν
2758 4510 3040 4564 δυσκολίαν
3072 4511 3171 4564 οὐκ
3209 4511 3355 4567 ἔστιν
3383 4513 3559 4577 ἄλλως
3595 4514 3671 4567 δι’

2083 4599 2367 4671 ἀκριϐείας
2399 4599 2608 4670 μαθεῖν,
2648 4601 2721 4672 μὴ
2758 4601 2908 4664 ἐντὸς
2941 4601 3049 4656 τῶν
3092 4602 3311 4673 ἀρκύων
3332 4604 3665 4674 γενόμενονί

2081 4688 2236 4754 Εἶδες
2260 4690 2367 4761 γάρ
2416 4692 2503 4757 ἂν,
2532 4691 2690 4762 εἴπερ
2743 4692 2869 4746 ἰδεῖν
2916 4693 3211 4759 ἀκινδύνως
3258 4696 3408 4766 ἐξῆν,
3464 4697 3669 4769 πολλὴν

2081 4783 2192 4837 τῶν
2229 4783 2485 4838 ἐναντίων
2514 4784 2610 4856 τὴν
2641 4784 2918 4855 σύγχυσιν,
2965 4787 3173 4854 γέλωτα
3208 4787 3462 4859 δακρύοις
3487 4789 3670 4860 ἐμπε-

2084 4874 2380 4947 φυρμένον,
2415 4876 2510 4929 καὶ¹
2555 4875 2732 4946 λύπην
2778 4878 3137 4950 εὐφροσύναις
3176 4882 3666 4952 συμμεμιγμένην,

2084 4967 2359 5038 πανταχοῦ
2387 4971 2504 5032 τοῖς
2533 4969 2836 5040 γινομένοις
2866 4973 3218 5045 συμπαρόντα
3249 4973 3337 5027 διὰ
3375 4973 3485 5027 τῶν
3512 4975 3671 5030 ὲλπί-

2082 5060 2189 5114 δων
2212 5058 2305 5113 τὸν
2335 5058 2580 5125 θάνατον,
2615 5060 2708 5113 καλ⁵
2755 5061 2983 5115 ἑκάστου
3030 5062 3137 5116 τῶν
3180 5064 3301 5118 καθ’
3330 5064 3524 5136 ἡδονὴν
3566 5065 3671 5134 ἐφ-

2084 5150 2405 5221 απτόμενον.
2451 5152 2619 5206 Ὅταν
2680 5152 2765 5224 ἴδῃ
2821 5154 2850 5206 ὁ
2902 5154 3132 5225 νυμφίος
3181 5157 3241 5209 τὸ
3304 5156 3671 5228 ἀγαπώμενον

2086 5242 2394 5315 πρόσωπον,
2429 5242 2591 5307 εὐθὺς
2617 5243 2833 5308 πάντως
2860 5247 2954 5299 καὶ
2992 5247 3021 5298 ό
3064 5247 3225 5315 φόϐος
3257 5249 3349 5302 τοῦ
3383 5250 3667 5320 χωρισμοῦ

2088 5335 2487 5407 συνεισέρχεται
2507 5352 2521 5364 ·
2570 5336 2675 5389 κᾶν
2707 5336 2914 5411 ἀκούσῃ
2941 5340 3040 5409 τῆς
3081 5340 3301 5411 ἡδίστης
3332 5343 3533 5413 φωνῆς,
3570 5346 3670 5397 καὶ

2083 5424 2144 5478 τὸ
2175 5425 2249 5497 μὴ
2278 5424 2606 5479 ἀκούσεσθαί
2651 5443 2782 5480 ποτε
2812 5430 3081 5498 ἐννοήσειο
3109 5432 3203 5483 καὶ
3226 5431 3351 5484 ὅταν
3387 5433 3667 5505 εὐφρανθῇ

2084 5520 2151 5590 τῇ
2192 5517 2392 5589 θεωρίᾳ
2433 5517 2527 5571 τοῦ
2572 5518 2822 5585 κάλλους,
2865 5521 2986 5573 τότε
3024 5522 3256 5591 μάλιστα
3306 5524 3519 5594 φρίττει
3564 5525 3669 5595 τὴν

2086 5608 2412 5680 προσδοκίαν
2455 5608 2549 5662 τοῦ
2594 5610 2854 5675 πένθους·
2897 5610 2991 5665 ἐὰν
3024 5612 3093 5665 τὰ
3135 5612 3290 5685 τίμια
3331 5616 3396 5685 τῇ
3428 5615 3667 5686 νεότητι,

2087 5702 2181 5755 καὶ
2214 5702 2313 5757 ὅσα
2345 5700 2493 5775 παρὰ
2520 5703 2627 5759 τῶν
2658 5704 2896 5773 ἀνοήτων
2931 5705 3289 5770 σπουδάζεται
3322 5708 3663 5783 κατανοήσῃσ
