4034 6132
283 278 392 343 :29

1635 274 1720 330 DE
1751 275 2232 337 VIRGINITATE.~

3456 276 3558 332 530

287 384 398 444 οἷον
427 388 698 461 ὀφθαλμὸν
745 391 856 453 τοῖς
894 389 1178 461 βλεφάροις
1223 391 1539 463 λάμποντα,
1580 393 1674 447 καὶ
1711 394 1882 464 ὀφρὺν

1987 394 2132 458 dere,
2185 409 2250 449 ae
2283 394 2496 467 singula
2569 411 2691 467 quae
2746 397 2802 450 in
2855 395 3134 466 voluptate
3202 392 3377 464 posita
3431 401 3562 448 sunt

287 481 725 553 περικεχυμένην
763 480 842 550 τῷ
883 482 1108 554 ὀμματι,
1145 484 1239 536 καὶ
1288 484 1519 556 παρειὰν
1560 487 1615 537 ὲν
1644 487 1760 557 ἡδεῖ
1783 487 1878 541 καὶ

285 570 548 641 γλαφυρῷ
603 571 943 642 μειδιάματι,
999 572 1092 626 καὶ
1144 573 1319 643 χεῖλος
1373 575 1768 646 ἐπηνθισμένον
1801 577 1879 648 τῷ

287 661 502 732 φυσικῷ
535 663 860 733 ἐρυθήματι,
893 662 1072 733 κόμην
1097 681 1156 716 τε
1182 667 1493 737 χρυσομιγῆ
1527 670 1622 721 καὶ
1657 667 1877 738 βαθεῖαν

283 753 360 825 τῷ
386 754 619 823 ποικίλῳ
639 755 736 824 τῆς
766 755 1044 824 ἐμπλοκῆς
1067 758 1131 826 τῇ
1165 756 1373 827 κεφαλῇ
1401 758 1873 829 περιστίλϐουσαν,

284 846 377 900 καὶ
422 847 604 898 πᾶσαν
648 845 748 916 τὴν
802 847 1137 918 πρόσκαιρον
1185 849 1411 917 ἀγλαΐαν
1471 852 1706 922 ἐκείνην,
1754 853 1876 906 τότε

284 937 525 1001 πάντως,
561 936 667 990 κᾶν
725 937 918 1008 μικρὸν
965 938 1114 1009 αὐτῷ
1159 944 1336 1012 προσῇ
1393 941 1486 995 τοῦ
1541 943 1872 1011 λογίζεσθαι,

283 1027 505 1080 κάκεῖνο
545 1029 609 1098 τῇ
637 1027 782 1098 ψυχῇ
813 1029 1001 1088 ἐννοεῖ,
1026 1030 1106 1082 ὅτι
1135 1029 1293 1084 τοῦτο
1337 1032 1397 1084 τὸ
1437 1032 1632 1097 κάλλος
1665 1036 1876 1106 οἰχήσε-

279 1120 370 1173 ταί
405 1137 538 1173 ποτε
571 1119 848 1192 διαρρυὲν,
892 1121 986 1174 καὶ¹
1032 1123 1112 1184 εἰς
1150 1121 1210 1174 τὸ
1243 1123 1316 1192 μὴ
1364 1123 1422 1176 ὃν
1471 1127 1877 1196 περιστήσεται,

281 1211 446 1264 ὀστέα
477 1210 710 1282 βδελυρά
739 1227 799 1262 τε
839 1212 934 1264 καὶ
968 1211 1180 1282 εἰδεχθῆ
1212 1214 1335 1266 ἀντί
1370 1214 1464 1266 τοῦ
1488 1215 1582 1268 νῦν
1622 1217 1882 1287 φαινομέο

280 1319 372 1354 νου
407 1302 722 1372 γενόμενον,
753 1302 905 1355 οὐδὲν
939 1303 1103 1372 ἴχνος,
1134 1303 1284 1356 οὐδὲν
1323 1307 1686 1376 μνημόσυνον,
1726 1310 1880 1364 οὐδὲν

280 1393 536 1462 λείψανον
566 1391 658 1446 τοῦ
686 1394 953 1464 παρόντος
990 1393 1184 1458 ἄνθους
1209 1395 1626 1467 ἐπιφερόμενον.

1992 486 2284 556 attingere.
2319 485 2565 555 Sponsus
2600 486 2882 541 honestam
2918 484 3131 550 faciem,
3186 491 3240 538 et
3270 481 3559 536 amabilem

1984 592 2109 632 cum
2141 577 2337 644 cernit,
2367 577 2627 632 continuo
2657 592 2781 632 eum
2836 563 3015 632 metus
3063 575 3296 640 invadit,
3347 591 3416 629 ne
3444 591 3473 629 a
3503 590 3562 629 se

1985 666 2334 737 disjungatur
2361 685 2376 734 ;
2407 682 2529 721 eum
2565 667 2950 723 suavissimam
2973 682 3161 722 vocem
3191 666 3418 720 auribus
3437 681 3561 734 per-

1985 759 2184 831 cipiet,
2218 759 2270 815 ei
2307 759 2364 814 in
2395 767 2631 816 mentem
2661 761 2844 816 statim
2874 761 3092 827 veniet,
3137 774 3167 812 a
3195 775 3255 814 se
3278 770 3556 826 nunquam

1987 852 2223 922 amplius
2257 852 2503 906 auditum
2537 852 2642 915 iri;
2698 852 2940 907 formoso
2979 860 3033 906 et
3083 849 3291 905 liberali
3334 854 3557 918 aspectu

1984 956 2107 996 eum
2175 943 2479 999 delectatus
2527 954 2631 1009 est,
2694 952 2808 997 tum
2862 945 3042 997 luctus
3097 941 3557 1012 exspectationem

1985 1033 2200 1088 horret:
2233 1050 2298 1089 ac
2327 1035 2564 1105 denique
2597 1051 2717 1105 qum
2737 1035 3114 1089 adolescentes
3141 1033 3196 1087 in
3223 1031 3393 1102 pretio
3416 1037 3471 1085 et
3503 1029 3557 1092 in

1981 1126 2194 1183 honore
2226 1129 2450 1191 habent,
2482 1128 2864 1199 quaeveinsani
2897 1135 3180 1195 expetunt,
3216 1126 3261 1179 si
3291 1138 3354 1178 ea
3387 1123 3562 1177 intuo-

1982 1218 2151 1284 bitur,
2193 1220 2346 1275 verbi
2371 1237 2559 1286 causa,
2590 1221 2808 1275 oculum
2867 1217 3247 1289 palpebrarum
3274 1220 3561 1268 venustate

1982 1311 2279 1380 insignem,
2321 1313 2671 1382 supercilium
2720 1312 2865 1367 oculi
2904 1313 3101 1365 decore
3142 1304 3557 1366 circumfusum,

1983 1417 2154 1472 genas
2187 1402 2363 1458 forma
2399 1411 2454 1460 ct
2506 1405 2694 1475 lepore
2715 1403 2950 1473 eleganti
3008 1400 3315 1461 afﬂuentes,
3347 1396 3558 1449 labrum

285 1485 524 1538 naturali
559 1483 758 1539 rubore
808 1485 1097 1546 suffusum,
1144 1501 1354 1540 comam
1388 1501 1524 1541 auro
1578 1487 1865 1553 intextam,
1905 1493 2103 1562 capitis
2131 1495 2395 1550 verticem
2426 1496 2597 1550 variis
2651 1495 2928 1550 coloribus
2993 1491 3335 1564 gemmisque
3392 1484 3562 1540 reful-

278 1585 522 1647 gentem,
562 1586 617 1632 et
655 1593 869 1632 omnem
901 1579 1051 1632 illum
1082 1579 1320 1650 denique
1374 1584 1680 1651 venustatis
1715 1583 2062 1653 splendorem
2087 1587 2180 1657 qui
2214 1588 2281 1642 ad
2302 1597 2516 1658 tempus
2581 1595 2808 1643 manet:
2865 1595 2980 1640 tum
3053 1582 3300 1645 omnino,
3369 1579 3417 1634 si
3476 1575 3560 1630 vel

280 1669 570 1737 paululum
608 1669 839 1723 rationis
866 1669 918 1722 in
957 1685 1022 1724 eo
1051 1670 1143 1734 sit,
1183 1671 1315 1726 illud
1364 1672 1528 1727 simul
1568 1682 1750 1729 mente
1815 1677 2082 1742 intuetur,
2150 1695 2366 1736 omnem
2427 1682 2576 1736 illam
2634 1690 2978 1737 venustatem
3039 1677 3332 1748 aliquando
3401 1687 3531 1744 pror

281 1776 387 1815 sus
417 1761 769 1815 interituram
810 1777 954 1827 esse,
991 1763 1057 1818 ad
1109 1779 1236 1818 ossa
1298 1764 1588 1831 deformia,
1639 1769 1820 1838 turpia
1862 1783 1926 1823 ac
2002 1769 2144 1825 foeda
2199 1774 2497 1840 redactam,
2555 1773 2759 1830 amissa
2801 1773 3034 1844 pristina
3081 1771 3284 1842 specie,
3349 1767 3559 1822 nullum

279 1863 470 1910 autem
517 1857 830 1926 vestigium,
902 1855 1110 1909 nullum
1189 1866 1624 1922 monumentum,
1690 1861 1872 1914 nullas
1911 1862 2076 1933 hujus
2106 1864 2257 1921 ﬂoris
2287 1865 2546 1935 reliquias
2573 1863 2907 1920 aﬂerentem.

356 1950 420 2002 Εἰ
450 1949 626 2002 ταῦτα
662 1949 755 2002 καὶ
785 1949 852 2002 τὰ
877 1947 1101 2002 τοιαῦτα
1143 1950 1422 2015 διανοοῖτο,
1458 1947 1567 2022 ἆρα
1594 1953 1650 2004 ἐν
1685 1953 1884 2023 εὐφρο-

2057 1957 2115 2012 Si
2143 1958 2306 2029 igitur
2333 1958 2472 2022 haec,
2525 1966 2830 2027 cmteraque
2861 1953 3178 2025 hujusmodi
3211 1967 3399 2008 secum
3432 1949 3556 2020 quis

279 2039 422 2112 σύνῃ
475 2039 769 2110 βιώσεται;
817 2036 926 2110 ἆρα
973 2042 1254 2094 πιστεύσει
1290 2045 1402 2106 τοῖς
1441 2043 1703 2115 παροῦσιν
1736 2045 1884 2116 αὑτῷ

275 2133 564 2201 χρηστοῖς,
590 2129 666 2192 ὼς
714 2131 800 2184 ἀεὶ
851 2131 1295 2202 παραμένουσιν;
1323 2129 1402 2184 Ἦ
1446 2132 1600 2204 δῆλον
1650 2137 1714 2188 ἐκ
1756 2135 1884 2188 τού-

182 2203 192 2214 ’
282 2238 418 2285 των,
444 2224 527 2275 ὅτι
565 2221 816 2292 καθάπερ
842 2221 900 2274 ἐν
932 2225 1053 2284 ταῖς
1083 2220 1189 2274 τῶν
1224 2221 1446 2293 ὀνείρων
1479 2203 1712 2289 ἀπάταις
1743 2227 1884 2296 ἀμη-

276 2319 536 2390 χανήσει,
576 2316 668 2370 καὶ
716 2317 960 2379 ἀπίστως
1003 2319 1140 2386 πρὸς
1183 2316 1272 2368 τὸν
1309 2315 1420 2386 βίον
1463 2316 1595 2382 ἔξει,
1623 2317 1698 2380 ὡς
1731 2315 1884 2371 ἀλλο-

272 2411 456 2484 τρίοις
499 2407 780 2482 προσέχων
819 2409 931 2471 τοῖς
975 2407 1338 2478 φαινομένοις.
1390 2409 1598 2472 Συνιεῖς
1642 2409 1881 2474 πάντως,

274 2506 447 2574 εἴπερ
477 2502 618 2572 ἔχεις
650 2499 772 2552 τινὰ
803 2498 912 2552 τῶν
951 2498 1119 2551 ὀντων
1151 2497 1456 2568 ἐπίσκεψιν,
1490 2499 1571 2552 ὅτι
1601 2499 1751 2553 οὐδὲν
1774 2501 1883 2554 τῶν

273 2597 334 2648 ὲν
371 2593 450 2664 τῷ
481 2592 582 2662 βίῳ
611 2589 970 2661 φαινομένων,
997 2588 1073 2652 ὼς
1115 2589 1228 2642 ἔστι
1259 2591 1528 2659 φαίνεται,
1559 2589 1694 2643 ἀλλά
1740 2589 1883 2644 κατὰ

273 2687 385 2750 τὰς
427 2682 713 2754 ἀπατηλάς
769 2679 1088 2750 φαντασίας,
1136 2680 1299 2750 ἕτερα
1346 2681 1460 2734 ἀνθ’
1505 2680 1706 2753 ἐτέρων
1750 2683 1885 2754 ἡμῖν

277 2777 659 2850 προδείκνυσι,
687 2771 984 2836 διαπαίζων
1026 2774 1150 2836 τοὺς
1190 2773 1369 2827 ἐλπίσι
1412 2774 1548 2845 πρὸς
1588 2775 1752 2830 αὐτὸν
1789 2792 1884 2830 κε·

275 2869 554 2939 χηνότας·
590 2865 686 2918 καὶ
721 2862 808 2916 διὰ
854 2861 954 2932 τῆς
992 2863 1100 2915 τῶν
1140 2864 1478 2934 φαινομένων
1518 2863 1725 2934 πλάνης
1752 2882 1883 2933 συγ-

275 2960 580 3012 καλύπτων
627 2955 791 3018 αὐτὸς
846 2953 1074 3016 ἑαυτὸν,
1123 2954 1228 3017 ἕως
1276 2955 1343 3008 ἂν
1391 2953 1601 3026 ἀθρόως
1657 2957 1716 3007 ἐν
1766 2958 1883 3019 ταῖς

280 3049 615 3122 μεταϐολαῖς
643 3045 924 3116 ἐλεγχθείη
954 3045 1081 3100 ἄλλο
1111 3062 1163 3098 τι
1205 3045 1281 3098 ὣν
1309 3044 1460 3117 παρά
1484 3045 1582 3116 τὴν
1612 3046 1885 3117 ἀνθρωπί-

275 3162 385 3215 νην
417 3141 630 3204 ἐλπίδα,
665 3140 762 3209 τὴν
789 3138 877 3192 διὰ
903 3138 1001 3209 τῆς
1032 3137 1248 3205 ἀπάτης
1289 3141 1402 3201 τοῖς
1449 3139 1694 3210 ἀνοήτοις
1731 3138 1883 3205 ἐγγι-

275 3235 544 3309 νομένην.
594 3231 760 3295 Ποίας
814 3225 906 3284 οὖν
937 3231 1130 3301 ἡδονῆς
1181 3229 1306 3294 ἄξια
1338 3229 1416 3300 τῷ
1463 3229 1634 3284 ταῦτα
1675 3230 1883 3299 λογιζο-

1987 2049 2171 2104 animo
2201 2050 2488 2120 reputarit,
2538 2064 2667 2103 num
2706 2047 2948 2117 jucunde
2977 2047 3163 2101 vivet?
3203 2044 3344 2099 Nunt
3387 2045 3441 2098 in
3488 2043 3558 2097 iis

1987 2155 2106 2211 quae
2140 2142 2258 2212 ipse
2295 2141 2437 2196 bona
2498 2138 2742 2210 possidet
2787 2137 3038 2191 fiduciam
3084 2149 3344 2206 Spemque
3370 2139 3555 2203 ponet,

1986 2234 2141 2302 quasi
2176 2232 2267 2286 illa
2292 2240 2555 2302 perpetuo
2582 2238 2837 2285 maneant
2864 2227 3087 2283 ?Nonne
3112 2243 3176 2280 ex
3199 2227 3285 2280 his
3306 2226 3559 2293 explora-

1986 2333 2100 2376 tum
2133 2323 2316 2387 habet,
2353 2337 2414 2377 se
2443 2320 2605 2376 veluti
2641 2319 3045 2375 insomniorum
3089 2316 3324 2372 fallaciis
3377 2317 3557 2370 incer-

1987 2421 2100 2467 tum
2129 2412 2264 2478 fore,
2294 2413 2432 2467 nihil
2457 2412 2511 2466 in
2538 2413 2624 2477 iis,
2649 2427 2770 2482 quae
2799 2410 2867 2465 ad
2897 2410 3038 2464 hanc
3064 2409 3231 2464 vitam
3262 2406 3555 2478 pertinent,

1987 2521 2047 2560 se
2079 2505 2203 2559 fidei
2233 2505 2572 2568 habiturum,
2608 2519 2733 2558 eum
2771 2505 2826 2557 in
2864 2517 2958 2557 eas
2981 2515 3091 2565 res,
3131 2515 3252 2570 quae
3303 2498 3560 2554 videntur

1986 2610 2126 2660 esse,
2156 2603 2416 2664 tanquam
2447 2597 2501 2649 in
2553 2595 2760 2650 alienas
2791 2592 3112 2649 incumbat?
3141 2590 3259 2645 Jam
3296 2591 3458 2661 plane
3483 2589 3560 2643 in.

1985 2686 2270 2758 telligis,si
2291 2702 2496 2754 rerum,
2518 2701 2638 2757 qua:
2664 2693 2812 2753 sunt,
2830 2685 3067 2755 aliquam
3093 2682 3360 2738 rationem
3383 2689 3556 2744 tenes,

1985 2777 2118 2831 nihil
2173 2792 2368 2832 eorum
2412 2792 2535 2847 qua:
2594 2778 2649 2831 in
2708 2777 2810 2830 hac
2852 2776 2966 2828 vita
3019 2773 3256 2843 speciem
3319 2772 3559 2841 aliquam

1984 2869 2229 2940 praebent
2254 2872 2350 2932 ita,
2377 2877 2437 2924 ut
2469 2877 2574 2932 est,
2617 2866 2812 2930 videri,
2855 2865 2949 2921 sed
2980 2862 3165 2918 omnia
3188 2877 3254 2918 ex
3281 2860 3560 2932 opinionis

1982 2974 2171 3016 errore
2196 2959 2411 3014 diversa
2447 2973 2569 3014 sese
2605 2955 2768 3012 nobis
2801 2953 3132 3018 ostendere;
3187 2967 3285 3022 spe
3317 2965 3410 3006 eos
3435 2950 3560 3004 illu-

1983 3050 2183 3115 dendo,
2211 3051 2304 3120 qui
2351 3050 2459 3105 illis
2512 3048 2708 3103 intenti
2763 3055 2914 3111 sunt,
2959 3043 3395 3112 occultaudoque
3438 3054 3562 3097 sese

1984 3142 2165 3212 specie
2187 3140 2419 3211 quadam
2451 3154 2640 3195 eorum
2670 3153 2791 3209 qua:
2819 3137 3095 3204 videntur,
3121 3135 3250 3191 dum
3297 3133 3562 3205 evestigio

1985 3235 2042 3288 in
2108 3232 2632 3290 commutationibus
2703 3229 2907 3302 aliquid
2984 3229 3131 3285 aliud
3221 3237 3560 3300 compertum

277 3331 440 3402 μένῳ
474 3329 724 3397 φανεῖται
765 3325 833 3377 τά
878 3322 1010 3394 ἡδέα
1058 3321 1151 3374 τοῦ
1201 3321 1353 3391 βίου;
1387 3321 1524 3375 Πότε
1566 3321 1880 3394 αἰσθήσεται

1987 3327 2056 3380 sit
2084 3335 2278 3396 printer
2307 3323 2589 3380 hominum
2632 3338 2806 3394 spem,
2853 3337 2972 3392 quae
3001 3321 3185 3377 stultis
3213 3335 3400 3376 errore
3427 3335 3564 3391 quo-

272 3422 434 3477 κατά
478 3417 736 3490 ἀλήθειαν
786 3417 814 3468 ὁ
863 3414 1034 3468 ταῦτα
1060 3413 1292 3485 φρονῶν,
1339 3414 1434 3467 καὶ
1485 3416 1594 3477 τοῖς
1633 3412 1881 3467 δοκοῦσιν

275 3513 442 3585 αὐτῷ
471 3514 725 3583 παρεῖναι
754 3509 1008 3580 χρηστοῖς
1037 3507 1502 3578 εὐφρανθήσεται;
1538 3506 1651 3559 Οὐκ
1691 3506 1777 3559 ἀεὶ
1806 3505 1882 3576 τῷ

274 3605 445 3677 φόϐῳ
496 3606 595 3675 τῆς
648 3599 949 3672 μεταϐολῆς
1009 3599 1438 3670 ταραττόμενος,
1487 3597 1883 3668 ἀνεπαίσθητον

273 3699 409 3768 ἔχει
439 3695 541 3762 τὴν
569 3690 678 3745 τῶν
712 3690 992 3761 παρόντων
1028 3687 1363 3753 ἀπόλαυσιν;
1408 3685 1513 3740 Ἐὦ
1543 3687 1760 3756 σημεῖα,
1790 3685 1885 3738 καὶ

272 3787 558 3856 ὀνείρους,
591 3784 686 3837 καὶ
723 3781 1004 3852 κληδόνας,
1049 3778 1143 3832 καὶ
1187 3779 1314 3841 τοὺς
1347 3775 1621 3839 τοιούτους
1663 3774 1881 3846 λήρους,

277 3883 477 3936 πάντα
525 3877 630 3930 ὑπὸ
681 3873 914 3946 ματαίας
958 3870 1244 3940 συνηθείας
1281 3867 1761 3940 παρατηρούμενα,
1791 3865 1884 3920 καὶ

275 3974 435 4047 πρὸς
467 3970 530 4023 τὸ
564 3971 742 4040 χεῖρον
789 3965 1218 4034 ὑποπτευόμενα.
1260 3960 1420 4014 Ἀλλά
1461 3960 1649 4030 καιρὸς
1683 3959 1884 4010 ὠδίνων

272 4068 390 4138 τὴν
428 4063 592 4117 παῖδα
625 4056 1058 4128 καταλαμϐάνει·
1108 4053 1202 4106 καὶ
1247 4052 1367 4122 οὐχ).
1414 4052 1601 4114 παιδὸς
1649 4051 1883 4118 γένεσις,

273 4157 433 4214 ἀλλά
479 4153 710 4209 θανάτου
761 4148 1027 4221 παρουσία
1067 4147 1129 4200 τὸ
1182 4147 1414 4216 πρᾶγμα
1460 4145 1758 4215 νομίζεται,
1791 4145 1886 4198 καὶ

275 4253 528 4311 θάνατος
574 4246 674 4316 τῆς
705 4240 1075 4314 κυοφορούσης
1108 4239 1194 4292 διὰ
1242 4235 1334 4290 τοῦ
1369 4237 1524 4290 τόκου
1571 4235 1879 4300 ὲλπίζεται·

275 4341 559 4403 πολλάκις
607 4338 662 4391 δὲ
719 4336 813 4389 καί
852 4335 950 4404 τῆς
993 4332 1237 4404 πονηρᾶς
1286 4327 1487 4399 ταύτης
1529 4329 1783 4400 μαντείας
1823 4330 1883 4382 οὐ

275 4430 715 4502 διεψεύσθησαν,
773 4425 908 4480 ἀλλά
963 4425 1090 4496 πρὶν
1153 4423 1408 4494 ἑορτάσαι
1465 4421 1562 4492 τὴν
1619 4421 1886 4489 γενέθλιον

274 4525 515 4597 ἑορτὴν,
546 4522 676 4592 πρίν
707 4535 851 4582 τινος
882 4517 989 4570 τῶν
1021 4517 1139 4569 κατ’
1177 4515 1364 4568 ἐλπίδα
1397 4513 1615 4582 ἀγαθῶν
1653 4514 1886 4581 ἀπογεύ-

277 4617 519 4678 σασθαι,
547 4613 708 4675 εὐθὺς
751 4614 830 4699 εἰς
871 4609 1085 4699 θρῆνον,
1110 4608 1208 4682 τὴν
1235 4607 1412 4699 χαράν
1452 4604 1884 4699 μεθηρμόσαντο.
1921 4645 1963 4699 D

280 4707 424 4771 Ἔτι
453 4703 535 4774 τῷ
565 4701 770 4771 φίλτρῳ
797 4698 1031 4763 ζέοντες,
1062 4697 1140 4752 ἔτι
1168 4699 1280 4760 τοῖς
1312 4695 1496 4759 πόθοις
1521 4693 1886 4764 ἀκμάζοντες,

275 4794 452 4849 οὔπω
497 4791 608 4844 τῶν
645 4788 788 4844 κατά
834 4787 924 4841 τὸν
964 4787 1075 4857 βίον
1107 4786 1336 4857 ἡδίστων
1363 4783 1619 4847 λαϐόντες
1661 4783 1758 4852 τὴν
1801 4781 1890 4834 αῖ-

278 4885 530 4954 σθησιν,
580 4880 768 4950 ὥσπερ
811 4878 955 4940 τινος
1003 4876 1250 4932 ἐνυπνίου
1311 4875 1612 4946 φαντασίᾳ,
1674 4872 1892 4926 πάντων

275 4976 510 5038 εἰθέως
542 4973 652 5026 τῶν
685 4975 741 5025 ἐν
773 4971 960 5041 χερσὶν
986 4967 1381 5042 ἐχωρίσθησαν.
1414 4968 1496 5022 Τά
1542 4966 1598 5019 δὲ
1643 4965 1735 5017 ἐπὶ
1771 4966 1892 5017 τού-

273 5051 417 5131 τοις
447 5061 574 5131 οἷα;
605 5063 894 5134 Πορθεῖται
948 5062 1044 5131 μὲν
1099 5061 1204 5114 ὑπὸ
1247 5059 1356 5113 τῶν
1402 5059 1616 5112 οἰκείων
1672 5057 1748 5120 ὡς
1788 5056 1893 5109 ὑπὸ

1983 3418 2108 3473 dam
2137 3418 2465 3474 innascitur.
2500 3415 2643 3487 Ergo
2671 3429 2779 3487 qua
2801 3415 3078 3485 voluptate
3105 3415 3177 3479 ei,
3209 3415 3302 3484 qui
3333 3414 3447 3468 hazc
3474 3427 3564 3468 ra-

1982 3511 2134 3565 tione
2159 3524 2346 3565 secum
2375 3510 2600 3580 cogitat,
2629 3508 2794 3578 digna
2821 3506 3110 3562 videntur?
3136 3503 3279 3558 Num
3319 3504 3445 3559 vitae
3472 3503 3565 3573 ju-

1985 3599 2294 3656 cunditates
2323 3600 2370 3654 is
2414 3613 2546 3654 vere
2591 3598 2814 3664 sentiet,
2853 3596 2949 3666 qui
2987 3595 3103 3650 haec
3135 3594 3466 3664 intelligit,et
3493 3594 3564 3651 iis

1984 3691 2172 3756 rebus,
2205 3704 2344 3760 quas
2378 3697 2534 3760 putat
2561 3690 2618 3748 in
2649 3689 2812 3747 bonis
2854 3687 3077 3753 habere,
3109 3686 3333 3743 omnino
3355 3687 3566 3759 gaude-

1984 3780 2096 3836 bit?
2141 3795 2252 3836 non
2324 3780 2728 3837 vicissitudinis
2775 3787 3037 3851 perpetuo
3090 3786 3241 3834 metu
3311 3777 3563 3846 affectus,

1985 3878 2227 3944 gustum,
2254 3875 2344 3944 qui
2376 3890 2445 3929 ex
2471 3873 2559 3928 his
2582 3872 2745 3928 rebus
2769 3873 3006 3942 capitur,
3037 3870 3158 3927 sine
3192 3885 3357 3927 sensu
3409 3873 3565 3927 volu-

1986 3966 2149 4035 ptatis
2181 3966 2441 4023 habebit?
2483 3965 2754 4020 Praetereo
2777 3966 2954 4037 signa,
3013 3963 3282 4036 prodigia,
3314 3966 3562 4031 somnia,

1987 4058 2428 4122 vaticinationes,
2451 4067 2788 4127 eaeterasque
2811 4041 2861 4112 id
2893 4058 3110 4126 generis
3144 4059 3376 4127 ineptias
3408 4075 3564 4129 :quze

1988 4146 2169 4198 omnia
2201 4147 2366 4200 stulta
2397 4146 2676 4200 hominum
2721 4146 3119 4201 consuetudine
3164 4148 3454 4204 observata
3507 4151 3562 4204 in

1989 4235 2228 4304 pejorem
2271 4244 2482 4305 partem
2513 4237 2881 4307 conjecturam
2944 4239 3184 4294 trahunt.
3216 4239 3323 4294 Sed
3351 4249 3565 4311 tempus

1989 4330 2233 4398 pariendi
2287 4331 2475 4396 instat,
2525 4331 2733 4386 laborat
2798 4333 2977 4402 puella
3023 4348 3054 4387 e
3110 4333 3331 4399 dolore;
3389 4349 3565 4405 neque

1990 4421 2143 4491 pueri
2183 4429 2360 4487 ortus,
2415 4423 2509 4478 sed
2544 4423 2674 4493 quia
2708 4437 2856 4480 mors
2887 4433 2998 4477 tum
3027 4425 3294 4490 imminet,
3344 4425 3450 4480 hoc
3473 4442 3564 4481 ne-

1991 4514 2194 4584 gotium
2225 4523 2448 4584 putatur
2480 4535 2494 4570 :
2521 4531 2669 4572 mors
2689 4516 2833 4572 enim
2867 4517 3194 4586 praegnantis
3231 4525 3454 4587 propter
3481 4518 3566 4572 in-

1992 4611 2200 4659 certum
2235 4605 2655 4673 partusexitum
2681 4606 2942 4674 timetur;
3000 4621 3206 4674 eosque
3254 4620 3397 4676 saepe
3451 4606 3565 4664 haec

1993 4695 2133 4748 mala
2165 4695 2433 4751 divinatio
2469 4712 2577 4751 non
2613 4695 2806 4751 fefellit
2847 4715 2859 4750 :
2900 4704 3029 4750 ante
3064 4711 3190 4751 vero
3221 4712 3382 4766 quam
3419 4697 3563 4753 diem

1992 4785 2230 4840 natalem
2276 4785 2508 4856 egerint,
2563 4784 2875 4856 bonumque
2930 4786 3122 4850 ullum,
3171 4785 3315 4856 quod
3366 4787 3421 4840 in
3470 4803 3576 4857 spe

1992 4883 2161 4941 esset,
2199 4875 2560 4947 degustarint,
2593 4891 2752 4932 omne
2775 4877 3029 4948 gaudium
3065 4877 3122 4930 in
3152 4891 3441 4932 maerorem
3476 4894 3565 4934 re-

1993 4973 2155 5034 pente
2181 4971 2610 5020 eommutarunt.
2671 4964 2938 5021 Prmterea
2974 4965 3067 5036 qui
3119 4980 3305 5020 amore
3335 4966 3567 5039 flagrant

1997 5071 2171 5127 neque
2204 5057 2330 5112 dum
2361 5071 2564 5122 rerum,
2595 5071 2718 5128 quae
2741 5058 2795 5111 in
2827 5057 2934 5112 vita
2963 5056 3378 5127 jucundissimae
3414 5067 3562 5122 sunt,

1995 5147 2150 5216 quasi
2192 5148 2374 5218 specie
2429 5148 2730 5219 voluptatis
2783 5147 2963 5216 aliqua
2995 5148 3052 5200 in
3115 5147 3325 5203 somnis
3361 5149 3564 5214 oblata,

272 5158 582 5230 πολεμίων
619 5159 648 5210 ὀ
685 5155 954 5226 θάλαμος’
992 5151 1383 5216 καλλωπίζεται
1416 5150 1471 5203 δὲ
1506 5151 1628 5203 ἀντὶ
1670 5149 1764 5203 τοῦ
1801 5149 1896 5202 θα-

269 5254 481 5322 λάμου
537 5248 625 5301 διὰ
677 5245 772 5299 τοῦ
822 5245 993 5314 τάφου
1045 5245 1074 5296 ὁ
1120 5242 1380 5307 θάνατος’
1432 5240 1757 5312 ἀνακλήσεις
1804 5241 1897 5294 ἐπὶ

268 5342 512 5397 τούτων
541 5339 806 5408 ἀνόνητοι,
835 5337 930 5390 καὶ
959 5335 1175 5407 μάταιοι
1197 5335 1393 5407 χειρῶν
1419 5335 1623 5407 κρότοι·
1650 5334 1922 5404 ἀναμνή-,

273 5452 421 5496 σεις
451 5430 547 5484 τοῦ
584 5429 852 5502 προτέρου
882 5427 1020 5497 βίου,
1049 5428 1282 5500 κατάραι
1317 5427 1456 5480 κατά
1499 5425 1609 5479 τῶν
1657 5423 1884 5494 συμϐου-

1993 5437 2181 5477 eorum
2217 5421 2530 5476 cubiculum
2563 5436 2593 5476 a
2628 5421 2964 5485 domesticis,
2996 5431 3054 5476 ut
3085 5422 3153 5476 ab
3184 5423 3455 5487 hostibus,
3484 5423 3569 5478 di-

271 5523 616 5581 λευσάντων
662 5521 752 5573 τὸν
792 5520 988 5590 γάμον,
1031 5519 1267 5590 μέμψεις
1303 5516 1445 5571 κατὰ
1469 5517 1576 5569 τῶν
1611 5515 1688 5587 μὴ
1731 5515 1884 5568 κωλυι

1996 5515 2194 5584 ripitur
2234 5533 2247 5567 ε
2308 5514 2657 5583 euhiculique
2707 5515 2826 5566 loco
2862 5511 3069 5567 funeris
3103 5515 3378 5584 exsequiae
3408 5531 3570 5579 exora

273 5617 524 5670 σάντων
547 5610 716 5679 φίλων
737 5624 750 5636 ·
783 5611 840 5662 ἐν
871 5608 1021 5680 αἰτίᾳ
1050 5607 1218 5678 πολλῇ
1257 5608 1305 5660 οἰ
1335 5607 1532 5674 γονεῖς,
1567 5604 1633 5659 ἄν
1663 5621 1721 5657 τε
1755 5621 1880 5675 περι

1997 5612 2236 5658 nantur:
2274 5604 2480 5658 insanae
2510 5605 2564 5658 in
2598 5604 2683 5658 his
2719 5603 3133 5659 lamentationes
3169 5620 3232 5660 ac
3255 5605 3565 5677 plangor-cs,

271 5708 464 5766 ὄντες
492 5702 747 5772 τύχωσιν,
779 5700 844 5754 ἂν
873 5716 933 5752 τε
970 5701 1064 5753 καὶ
1101 5701 1195 5769 μήθ
1228 5696 1596 5766 ἀγανάκτησις
1623 5694 1762 5749 κατὰ
1800 5696 1884 5765 τῆς

2005 5695 2194 5749 inanes
2234 5711 2490 5750 manuum
2547 5693 2924 5766 percussiones
2978 5701 3238 5752 anteacta:
3277 5697 3398 5752 vitm
3422 5709 3565 5755 coms

525 5797 802 5859 Parnm.
852 5794 968 5854 Gn.
1008 5794 1219 5854 XLVI.
3089 5791 3157 5851 11

1996 5253 2214 5294 sensum
2246 5245 2508 5307 ceperunt
2545 5257 2558 5291 :
2590 5238 2642 5291 hi
2671 5238 2738 5291 ab
2786 5236 3058 5302 omnibus,
3087 5252 3207 5307 quae
3229 5237 3283 5293 in
3314 5239 3566 5296 manibus

1995 5336 2201 5395 tenent,
2226 5329 2408 5383 subito
2429 5327 2782 5383 divelluntur.
2803 5327 2882 5381 Ad
2910 5327 3024 5382 haec
3054 5328 3184 5384 illud
3217 5330 3400 5394 etiam,
3422 5331 3568 5400 quod
