4034 6132
429 324 530 381 551

1733 326 1793 381 S.
1834 324 2170 383 GREGORII
2210 326 2507 384 NYSSENI

3615 340 3723 397 5'52

431 442 1025 507 memorationes,dirm
1039 442 1431 498 detestationes
1456 458 1643 498 eorum
1671 445 1765 515 qui
1796 448 2018 514 nuptias

2140 448 2471 521 ἰνθρωπίνης
2517 449 2684 521 ζωῆς,
2735 449 3039 521 κατηγορίὰ
3096 450 3276 523 πάσης
3330 450 3429 523 τῆς
3483 452 3722 523 φύσεως,

420 545 733 595 suaserunt
762 557 774 592 :
809 536 1044 609 querelae
1073 535 1416 605 gravissima:
1449 535 1517 590 de
1537 537 1752 601 amicis,
1785 539 1878 609 qui
1912 555 2021 595 non

415 630 878 703 :proliibuerunt:
912 608 972 681 in
1001 640 1197 696 magna
1219 627 1381 697 culpa
1407 636 1682 698 parentes,
1721 629 1765 684 si
1797 608 2019 698 adsunt,

435 727 520 780 sin
552 723 752 786 minus,
780 718 1144 774 stomachatio
1179 724 1233 774 et
1264 718 1565 789 deploratio
1595 719 1848 775 humana:
1874 722 2018 785 vitaz,

428 825 753 884 naturaeque
778 811 961 867 omnis
984 811 1361 882 reprehensio,
1403 816 1459 867 et
1491 820 1685 865 contra
1718 811 1812 868 Dei
1847 813 2021 883 ipsius

434 905 829 978 providentiam
860 904 1274 960 criminationes
1303 914 1356 959 et
1388 904 1770 960 accusationes
1799 908 2015 962 multae:

435 1016 618 1055 secum
646 1013 862 1069 pugnae,
900 997 1100 1052 bellum
1128 1011 1253 1052 cum
1292 996 1359 1052 iis
1392 998 1483 1067 qui
1524 997 1801 1053 adhortati
1841 1008 1970 1054 sunt
2002 1018 2015 1052 :

435 1092 602 1148 nullis
633 1100 727 1144 aut
762 1090 943 1145 verbis
976 1096 1070 1144 aut
1101 1088 1262 1144 rebus
1283 1089 1669 1146 insulsissimis
1716 1090 2014 1147 abstinent.

436 1184 585 1252 Quos
617 1183 762 1238 enim
800 1181 1147 1254 perturbatio
1178 1182 1379 1237 mentis
1427 1183 1789 1253 superaverit,
1819 1191 1873 1238 et
1928 1185 2022 1255 qui

2123 541 2246 594 κατ’
2268 540 2440 609 αὐτῆς
2471 541 2569 611 τῆς
2608 540 2759 604 θείας
2789 542 3103 611 οἰκονομίας
3135 542 3370 613 μέμψεις
3402 545 3599 599 πολλαὶ
3623 546 3727 601 καὶ

2124 629 2467 700 ἐγκλήματα,
2511 631 2656 701 μάχη
2714 630 2847 701 πρὸς
2898 631 3109 696 ἑαυτὸν,
3140 632 3374 703 πόλεμος
3424 634 3568 689 κατά
3607 633 3725 690 τῶν

2123 720 2550 775 νουθετοῦντων·
2587 723 2762 787 οὐδεὶς
2813 723 2921 778 τῶν
2961 725 3327 780 ἀτοπωτάτων
3364 727 3543 791 ὄκνος,
3595 728 3726 782 οὔτε

2125 815 2407 886 ῥημάτων,
2430 814 2552 868 οὗτε
2580 816 2940 887 πραγμάτων.
2968 817 3234 882 Πολλάκις
3260 818 3338 882 δὲ,
3361 814 3443 883 οἷς
3462 818 3526 874 ἂν
3555 820 3727 892 ὑπερ-

2127 909 2229 977 σχῇ
2261 906 2323 960 τδ
2357 906 2548 971 πάθος,
2596 909 2690 961 καὶ
2738 909 3139 981 περισσοτέρως
3187 911 3470 983 καταποθῇ
3506 913 3534 965 6
3575 913 3727 981 λογισ

2128 999 2264 1068 σμὸς
2304 999 2407 1053 ὑπὸ
2436 1001 2537 1072 τῆς
2569 1001 2767 1072 λύπης,
2808 1004 2886 1066 εἰς
2932 1003 3253 1076 πικρότερον
3292 1005 3522 1075 πέραςή
3555 1022 3728 1078 τραγο

2068 1142 2073 1145 λ
2127 1095 2263 1165 ῳδία
2327 1098 2644 1169 κατέληξεν,
2682 1100 2802 1154 οὐδὲ
2839 1100 2931 1154 τοῦ
2961 1103 3403 1174 περιλειφθέντος
3435 1102 3726 1158 ἐπιϐιῶναι

2127 1191 2193 1261 τῇ
2231 1193 2484 1264 συμφορᾷ
2511 1192 2847 1262 δυνηθέντος.

437 1301 546 1355 prae
577 1284 763 1338 dolore
795 1296 939 1351 saepe
970 1289 1153 1335 mente
1186 1279 1532 1345 deseruntur,
1589 1280 1756 1351 pejori
1778 1282 2016 1338 termino
2054 1299 2245 1342 eorum
2278 1288 2543 1361 tragoedia
2587 1306 2731 1361 saepe
2770 1292 3034 1347 conclusa
3069 1301 3174 1359 est,
3214 1308 3341 1348 cum
3404 1289 3583 1347 dolori
3634 1306 3726 1346 re-

437 1378 631 1433 sistere
666 1375 849 1428 minus
882 1373 1180 1443 potuerint.

509 1469 618 1526 Sed
656 1470 770 1524 ιιιιιο
809 1469 1113 1531 mittamus,
1164 1483 1435 1539 ponamus
1476 1468 1723 1530 meliora.
1757 1469 2019 1525 laborum

437 1567 493 1619 in
552 1562 815 1633 pariendo
873 1560 1177 1631 periculum
1243 1559 1401 1631 fugit,
1436 1569 1599 1617 natus
1631 1567 1715 1616 est
1765 1563 2023 1619 ei-scitus

437 1671 593 1726 puer,
626 1654 804 1725 imago
835 1654 951 1723 ipsa
990 1661 1279 1723 parcntqu
1311 1652 1520 1708 formaa.
1576 1651 1741 1708 Vides
1771 1652 2021 1723 profecto

439 1752 645 1816 quanto
672 1744 726 1797 in
753 1745 895 1798 bono
930 1743 1028 1796 tibi
1060 1757 1126 1796 ex
1155 1749 1480 1813 argumento
1506 1744 1721 1799 ratione
1745 1745 2023 1815 gratifice-

437 1849 527 1893 tur
551 1838 747 1891 oratio.
782 1834 965 1901 Quid?
988 1834 1155 1890 Estne
1184 1843 1473 1905 propterea
1497 1836 1822 1906 deplorandi
1848 1846 2022 1892 mate-

437 1931 519 1986 ria
557 1929 867 1992 itnminuta,
899 1942 966 1981 an
1017 1941 1125 1980 non
1163 1927 1345 1997 potius
1389 1927 1664 1982 adaucta?
1699 1927 1835 1983 Nam
1898 1942 2026 1983 cum

439 2022 751 2091 superiores
810 2019 888 2072 illi
942 2016 1262 2074 formidines
1334 2020 1635 2085 sustinent,
1709 2030 1823 2073 tum
1885 2020 2029 2075 hanc

438 2115 602 2171 etiam
637 2112 731 2167 lilii
770 2124 941 2167 causa
983 2117 1442 2181 assumpserunt;
1474 2120 1728 2166 metuunt
1766 2112 1935 2177 enim,
1963 2128 2032 2168 ne

438 2206 567 2277 quid
596 2206 650 2258 in
688 2203 1013 2259 educatione
1038 2202 1117 2257 rei
1149 2203 1363 2257 acerbae
1385 2201 1620 2269 accidat,
1646 2218 1714 2258 ne
1739 2217 1848 2274 qua
1876 2218 2031 2258 com-

441 2300 624 2351 munis
663 2297 808 2350 mala
846 2295 1068 2348 fortuna
1103 2293 1439 2363 impendeat,
1478 2309 1615 2350 neve
1644 2293 1907 2350 fortuitus
1931 2293 2032 2349 ali-

441 2388 564 2457 quis
592 2400 757 2441 casus
787 2390 882 2437 aut
912 2383 1187 2448 morbum,
1220 2394 1313 2438 aut
1352 2383 1572 2447 febrim,
1596 2391 1692 2437 aut
1724 2384 2031 2455 periculum

439 2480 488 2534 ei
531 2476 753 2549 aliquod
789 2477 1072 2547 importet.
1124 2476 1306 2547 Atque
1335 2476 1453 2531 haec
1492 2478 1713 2548 quidem
1742 2479 2033 2549 utriusque

441 2561 784 2637 communia;
844 2569 935 2622 illa
969 2582 1122 2631 vero,
1156 2583 1279 2638 qua:
1337 2569 1532 2625 uxoris
1595 2576 1728 2624 sunt
1779 2572 2029 2641 propria,

443 2664 566 2735 quis
612 2660 1047 2717 commemoret?
1090 2667 1149 2713 ut
1201 2666 1605 2729 praetereamus
1690 2676 1753 2715 ea
1805 2676 1928 2731 qua:
1976 2660 2072 2719 in.

446 2760 704 2826 promptu
759 2762 907 2816 sunt,
969 2758 1134 2820 atque
1193 2751 1452 2807 omnibus
1495 2750 1807 2815 notissima,
1868 2750 2033 2805 veluti

447 2844 778 2918 praegnantis
816 2843 1115 2908 molestias,
1172 2843 1418 2913 pariendi
1477 2843 1804 2914 periculum,
1836 2841 2030 2897 educa-

450 2939 617 2994 tionis
648 2937 890 2998 labores,
922 2942 976 2989 et
1009 2934 1304 3003 quamdam
1361 2934 1598 3005 denique
1643 2934 1826 2990 cordis
1861 2933 2034 3004 ipsius

451 3043 562 3100 prae
596 3041 783 3081 amore
806 3025 902 3079 ﬁlii
949 3024 1103 3095 quasi
1147 3023 1586 3079 convulsionem.
1637 3023 1694 3079 Si
1735 3039 1865 3079 vero
1887 3038 2037 3077 com-

2212 1464 2349 1519 Ἀλλ’
2384 1465 2505 1536 οὐχὶ
2544 1464 2732 1519 τοῦτο·
2786 1463 3116 1536 ὑποθώμεθα
3162 1465 3218 1519 δέ
3262 1465 3333 1520 τὰ
3380 1467 3594 1539 βελτίω,
3642 1472 3728 1525 ὅτι

2128 1559 2222 1611 καὶ
2259 1556 2479 1627 διέφυγε
2526 1556 2633 1611 τῶν
2682 1556 2892 1611 ὠδίνων
2924 1557 3014 1610 τόν
3048 1557 3317 1626 κίνδυνον,
3368 1562 3460 1614 καὶ
3499 1562 3728 1634 γέγονεν

2127 1654 2310 1716 αὐτοῖς
2349 1653 2499 1716 παῖς,
2537 1650 2668 1704 αὐτὸ
2711 1651 2810 1722 τῆς
2857 1650 3006 1723 ὥρας
3048 1652 3155 1706 τῶν
3200 1656 3620 1725 γεννησαμένων
3666 1657 3730 1710 τὸ

2128 1743 2515 1814 ἀπεικόνισμα.
2566 1742 2631 1794 Τί
2665 1737 2792 1810 οὗν;
2843 1742 3125 1814 ἠλαττώθη
3173 1742 3262 1797 διὰ
3315 1745 3520 1801 τούτων
3554 1750 3589 1818 ἡ
3629 1746 3728 1802 τοῦ

2128 1835 2414 1889 λυπεῖσθαι
2467 1832 2759 1899 ὑπόθεσις;
2804 1833 2837 1903 ἢ
2873 1833 2993 1905 οὐχί
3027 1835 3120 1887 καὶ
3160 1836 3478 1907 προσθήκας
3523 1840 3729 1910 μᾶλλον

2131 1926 2383 1994 ἐδέξατο;
2440 1925 2579 1989 Τούς
2611 1943 2671 1978 τε
2701 1925 2809 1996 γὰρ
2837 1925 3132 1997 προτέρους
3165 1926 3346 1996 ἔχουσι
3378 1929 3595 1998 φόϐους,
3630 1933 3731 1986 καὶ

2129 2020 2221 2073 τὸν
2254 2019 2394 2090 ὑπὲρ
2423 2017 2518 2071 τοῦ
2560 2018 2750 2072 τέκνου
2782 2017 3135 2090 προσέλαϐον,
3170 2021 3244 2091 μή
3277 2037 3330 2073 τι
3372 2022 3551 2094 συμϐῇ
3594 2024 3731 2096 περὶ

2129 2111 2229 2181 τὴν
2245 2109 2555 2181 ἀνατροφὴν
2581 2109 2745 2179 ἀηδές
2767 2125 2780 2139 ο
2804 2110 2880 2180 μή
2906 2127 2989 2173 τις
3008 2111 3220 2182 πονηρά
3244 2113 3504 2183 συντυχία
3523 2130 3538 2145 ’
3573 2115 3649 2186 μή
3670 2133 3726 2169 τι

2134 2202 2445 2274 σύμπτωμα
2462 2200 2569 2255 τῶν
2601 2199 2986 2271 ἀϐουλήτων,ἢ
3009 2201 3198 2266 πάθος,
3216 2201 3250 2271 ἢ
3271 2203 3537 2274 πήρωσιν,
3563 2204 3733 2276 ἢκίν-

2132 2295 2284 2349 δυνον
2302 2294 2557 2365 ἐπαγάγῃ
2585 2293 2716 2347 τινά.
2750 2292 2858 2345 Καὶ
2876 2291 3044 2345 ταῦτα
3064 2293 3161 2363 μὲν
3178 2293 3506 2364 ἀμφοτέρων
3537 2296 3695 2349 κοινά
3710 2312 3725 2326 ·

2134 2388 2202 2442 τὰ
2238 2388 2295 2442 δὲ
2326 2387 2423 2457 τῆς
2449 2385 2693 2459 γαμετῆς
2724 2384 2851 2449 ἴδια,
2883 2383 2968 2446 τίς
3006 2383 3072 2437 ἂν
3107 2383 3571 2456 ἐξαριθμήσαιτο;
3607 2387 3733 2441 Ἵνα

2134 2480 2243 2552 γὰρ
2276 2479 2527 2549 ἐάσωμεν
2562 2476 2628 2529 τὰ
2661 2475 2926 2547 πρόχειρα
2952 2473 3124 2528 ταῦτα
3158 2475 3252 2528 καὶ
3284 2479 3419 2530 πᾶσι
3449 2477 3731 2549 γνώριμα,

2134 2573 2193 2626 τὸ
2221 2572 2317 2643 τῆς
2357 2569 2650 2641 κυοφορίας
2688 2567 2871 2638 ἄχθος,
2901 2566 2993 2621 τὸν
3027 2569 3085 2620 ἐν
3114 2569 3232 2631 ταῖς
3270 2567 3435 2622 ὠδῖσ(
3458 2569 3731 2637 κίνδυνον,

2135 2665 2227 2718 τὸν
2262 2663 2402 2734 ὑπὲρ
2432 2663 2529 2734 τῆς
2561 2660 2871 2732 ἀνατροφῆς
2899 2658 3080 2722 πόνον,
3112 2659 3173 2712 τὸ
3230 2660 3328 2731 τὴν
3373 2661 3600 2732 καρδίαν
3633 2662 3738 2715 αὐ-

2134 2757 2235 2828 τῆς
2285 2754 2362 2826 τῷ
2414 2753 2657 2825 τεχθέντι
2719 2749 3247 2820 συναποσχίζεσθαιο
3306 2750 3407 2805 κᾶν
3468 2752 3736 2806 πλειόνων

2138 2849 2432 2919 γενήσηται
2467 2847 2672 2917 μήτηρ,
2708 2846 2787 2907 εἰς
2819 2843 3057 2896 τοσαῦτα
3088 2842 3526 2915 κατατέμνεσθαι
3556 2845 3736 2915 αὐτῆς

2137 2940 2235 3012 τὴν
2264 2938 2463 3009 ψυχὴν,
2491 2937 2612 2999 ὅσος
2636 2936 2664 2987 ὁ
2691 2933 2924 3006 ἀριθμὸς
2957 2933 3066 2987 τῶν
3100 2933 3304 2987 τέκνων
3345 2935 3512 2988 ἐστίν·
3540 2935 3601 2988 τὸ
3622 2934 3738 2988 τῶν
3828 2970 3831 2975 ‹

2143 3028 2544 3099 συμϐαινόντων
2590 3026 2817 3090 ἐκείνοις
2871 3026 2970 3096 τὴν
3023 3025 3274 3095 αἴσθησιν
3322 3027 3379 3079 ἐν
3422 3030 3535 3091 τοῖς
3580 3026 3740 3092 ἰδίοις

452 3120 691 3194 plurium
722 3117 1020 3173 liberorum
1047 3124 1224 3172 mater
1264 3124 1368 3182 est,
1403 3118 1523 3187 ejus
1554 3117 1771 3171 animus
1799 3117 1855 3170 in
1909 3115 2036 3171 toti-

2142 3123 2470 3192 σπλάγχνοις
2513 3119 2764 3191 δέχεσθαι
2788 3136 2802 3149 °
2858 3118 2953 3174 καὶ
2998 3119 3176 3173 πάντα
3218 3117 3288 3173 τὰ
3328 3119 3552 3174 τοιαῦτα
3593 3120 3740 3189 γνὼ-

453 3216 576 3271 dem
604 3226 767 3268 curas
798 3209 1147 3274 distrahitur,
1205 3218 1339 3280 quot
1379 3209 1457 3262 illi
1486 3223 1718 3263 numero
1748 3216 1897 3273 sunt,
1925 3215 2041 3261 tan-

454 3319 783 3377 quam,qua:
812 3301 922 3357 illis
959 3300 1236 3367 accidant,
1283 3300 1463 3371 ipsius
1524 3298 1829 3354 visceribus
1875 3297 2039 3352 infixa

455 3400 617 3471 plane
645 3397 909 3452 bzereant.
968 3392 1096 3449 Haec
1125 3403 1332 3457 autem,
1378 3407 1500 3462 quae
1536 3396 1824 3461 perspecta
1850 3403 2040 3443 omnes

455 3493 678 3559 habent,
724 3489 853 3561 quis
891 3486 1140 3543 oratione
1194 3482 1628 3556 complectatur?
1656 3479 1767 3537 Sed
1821 3479 2042 3551 quando

454 3585 547 3641 illa
580 3599 645 3640 ex
672 3581 861 3638 divino
894 3586 1170 3651 praecepto
1200 3591 1309 3631 non
1345 3584 1429 3631 est
1461 3575 1547 3631 sui
1572 3573 1735 3645 juris,
1762 3587 1950 3628 verum
1974 3571 2043 3628 ab

452 3676 575 3748 ejus
601 3671 969 3738 voluntate,in
993 3670 1151 3740 cujus
1175 3667 1403 3723 arbitrio
1427 3675 1652 3738 propter
1681 3665 1900 3735 nuptias
1934 3671 2039 3731 est,

454 3767 678 3824 omnino
702 3763 901 3835 pendet
933 3782 946 3829 ς
980 3763 1026 3818 si
1043 3761 1242 3830 exiguo
1266 3767 1511 3828 tempore
1527 3764 1611 3812 est
1637 3756 1706 3810 ab
1731 3770 1797 3811 eo
1826 3754 2040 3821 relicta,

454 3856 614 3927 quasi
641 3855 819 3923 capite
849 3867 880 3905 a
926 3866 986 3907 se
1024 3849 1294 3903 convulso
1361 3845 1717 3901 solitudinem
1741 3843 1905 3899 .ferre
1930 3858 2043 3901 non

456 3954 661 4019 potest,
685 3953 740 3999 et
766 3953 1025 4012 tanquam
1048 3941 1171 3995 vitae
1194 3937 1572 4001 solitudinem,
1606 3934 2045 4006 viduitatemquo

455 4038 706 4108 exiguam
736 4035 836 4090 viri
870 4033 1277 4103 separationem
1330 4030 1749 4100 interpretatur,
1779 4028 2044 4086 continuo

458 4135 638 4185 metus
662 4125 908 4191 eﬂicit,ut
926 4125 982 4179 in
1005 4123 1154 4179 nulla
1174 4124 1246 4175 sit
1268 4120 1455 4178 rerum
1482 4120 1899 4191 exspectatione
1928 4134 2044 4175 me-

458 4221 678 4275 liorum.
715 4219 893 4288 Atque
921 4230 1041 4273 eam
1073 4215 1144 4270 ob
1174 4228 1399 4270 causam
1435 4214 1629 4269 oculus
1674 4212 1797 4280 ejus
1846 4212 2041 4283 plenus

458 4310 894 4385 perturbationis
942 4323 1009 4364 ac
1082 4306 1394 4362 formidinis
1460 4305 1516 4360 in
1575 4305 1776 4360 aedium
1833 4303 2041 4359 aditum

459 4406 773 4475 ostiumque
796 4401 1080 4473 conjectus
1102 4406 1208 4467 est;
1234 4414 1394 4454 aures
1425 4406 1606 4453 autem
1634 4397 2041 4453 susurrationes

2144 3232 2283 3287 ριμα
2312 3215 2476 3267 πᾶσιν
2508 3213 2637 3266 ὄντα
2670 3212 2722 3265 τί
2768 3211 2832 3266 ἄν
2861 3228 2943 3275 τις
2967 3210 3148 3280 λέγοις
3210 3211 3348 3265 Ἀλλ’
3375 3212 3561 3283 ἐπειδὴ
3590 3215 3738 3269 κατά

2141 3307 2200 3359 τὸ
2228 3307 2367 3361 θεῖον
2402 3299 2604 3374 λόγιον,
2635 3305 2734 3375 οὐχ
2764 3302 2968 3374 ἑαυτῆς
2997 3305 3114 3357 ἐστι
3153 3303 3339 3374 κυρία,
3375 3306 3511 3375 πρὸς
3548 3305 3607 3359 δὲ
3642 3306 3740 3360 τὸν

2141 3398 2229 3452 διὰ
2272 3396 2365 3450 τοῦ
2414 3397 2594 3467 γάμου
2645 3396 3009 3468 κυριεύσαντα
3060 3397 3158 3469 τὴν
3207 3397 3560 3471 ἀποστροφὴν
3597 3398 3737 3469 ἔχει,

2144 3488 2247 3543 κᾶν
2304 3489 2438 3561 πρὸς
2476 3489 2654 3557 ὀλίγον
2707 3488 2872 3542 αὐτοῦ
2935 3488 3176 3561 μονωθῇ,
3223 3490 3296 3554 ὡς
3347 3489 3444 3559 τῆς
3491 3491 3740 3561 κεφαλῆς

2143 3578 2521 3653 διεζευγμένη,
2562 3582 2624 3634 οὐ
2674 3580 2829 3652 φέρει
2880 3581 2981 3652 τὴν
3028 3580 3287 3652 μόνωσιν,
3333 3580 3471 3637 ἀλλά
3504 3581 3740 3652 μελέτην

2148 3673 2273 3728 τινὰ
2299 3673 2398 3743 τῆς
2427 3675 2484 3727 ἐν
2531 3673 2597 3744 τῇ
2643 3672 2839 3745 χηρείᾳ
2872 3672 3040 3742 ζωῆς,
3084 3673 3178 3725 καὶ
3206 3673 3306 3745 τὴν
3338 3674 3397 3726 ἐν
3442 3671 3609 3742 ὀλίγῳ
3639 3671 3740 3726 τοῦ

2124 3765 2338 3838 ἀνδρὸς
2372 3762 2719 3835 ἀναχώρησιν
2749 3762 3075 3828 οἰωνίξεται.
3112 3762 3289 3827 Εὐθὺς
3334 3764 3364 3817 6
3396 3762 3560 3833 φόϐος
3601 3763 3743 3816 ἀπό-

2145 3875 2345 3930 γνωσιν
2376 3857 2595 3929 ἐμποιεῖ
2638 3855 2749 3910 τῶν
2781 3855 3164 3928 χρηστοτέρων
3214 3855 3464 3910 ἐλπίδων.
3504 3855 3616 3908 Καὶ
3647 3854 3742 3909 διὰ

2148 3949 2306 4004 τοῦτο
2332 3952 2359 4004 ὁ
2377 3950 2476 4021 μὲν
2504 3948 2779 4021 ὀφθαλμὸς
2810 3949 2939 4021 περὶ
2954 3948 3054 4018 τὴν
3070 3948 3269 4003 εἴσοδον
3293 3948 3742 4020 πέπηγε,γέμων

2147 4044 2390 4115 ταραχῆς
2417 4042 2513 4098 καὶ
2525 4043 2805 4113 πτοήσεως
2826 4059 2840 4073 ο
2873 4041 2978 4112 ἡδὲ
3007 4040 3145 4113 άκοὴ
3174 4041 3302 4104 τοὺς
3332 4040 3742 4103 ὑπολαλοῦντας

2146 4131 3095 4206 περιεργάζεται·συγκόπτεταιδέἡ
3129 4131 3326 4207 καρδία
3361 4129 3741 4202 μαστιζομένη

2146 4225 2223 4297 τῷ
2248 4224 2417 4296 φόϐῳ,
2457 4224 2549 4277 καὶ
2582 4223 2711 4294 πρίν
2731 4241 2782 4277 τι
2804 4222 3284 4294 προσαγγελθῆναι
3312 4222 3577 4293 νεώτερον
3597 4240 3611 4254 ν
3639 4221 3741 4275 καὶ

2154 4314 2312 4387 μόνον
2361 4313 2531 4384 ψόφος
2572 4314 2678 4383 πρὸ
2722 4312 2830 4366 τῶν
2863 4311 3042 4384 θυρῶν
3073 4313 3106 4385 ἢ
3140 4311 3542 4383 ὑπονοηθεὶς,ἢ
3582 4311 3741 4380 γενό-

2151 4423 2329 4479 μενος,
2365 4404 2554 4478 ὥσπερ
2596 4421 2681 4469 τις
2722 4404 2952 4474 ἄγγελος
2980 4405 3165 4459 κακῶν
3202 4404 3463 4477 ἐξαίφνης
3502 4403 3603 4474 τὴν
3636 4404 3744 4474 ψυ-

460 4491 876 4566 obloquentium
936 4492 1273 4557 observant;
1335 4502 1630 4560 rerumque
1708 4487 2036 4543 terribilium

2148 4496 2249 4568 χὴν
2286 4495 2646 4567 διεκλόνησεν.
2691 4494 2802 4548 Καὶ
2844 4494 2915 4548 τὰ
2967 4494 3066 4565 μὲν
3102 4494 3228 4561 ἔξω,
3273 4495 3423 4562 δεξιά
3452 4495 3616 4565 τυχὸν
3644 4496 3745 4549 καὶ

459 4595 611 4644 metu
659 4584 973 4656 perculsum
1010 4594 1107 4637 cor
1134 4580 1256 4651 ejus
1291 4577 1660 4650 disrumpitur
1709 4595 1724 4633 :
1755 4587 1881 4632 ante
1911 4592 2043 4634 vero

459 4694 625 4749 quam
656 4690 841 4734 rerum
864 4689 1134 4732 novarum
1167 4673 1374 4745 aliquid
1413 4672 1641 4728 allatum
1672 4672 1764 4739 sit,
1797 4672 1927 4727 ostii
1965 4672 2046 4727 vel

462 4773 617 4830 s’olus
676 4768 1047 4839 concrepitus,
1111 4767 1229 4823 sive
1274 4765 1477 4834 factus,
1544 4766 1661 4822 sive
1710 4765 2046 4836 cogitatione

463 4864 916 4937 comprehensus,
950 4860 1110 4931 quasi
1143 4861 1413 4914 malarum
1447 4873 1632 4914 rerum
1662 4857 1892 4913 nuntius
1915 4871 2045 4912 eve-

463 4957 625 5027 stigio
666 4954 787 5027 ejus
822 4953 1065 5008 animum
1105 4953 1404 5007 commovit
1442 4969 1455 5005 :
1511 4952 1854 5021 fortasseque
1909 4948 2049 5003 nihil

465 5050 680 5105 absenti
713 5045 912 5103 marito
961 5045 1178 5102 adversi
1214 5044 1436 5108 accidit,
1483 5053 1577 5100 aut
1610 5051 1758 5099 metu
1784 5042 2046 5114 dignum;

465 5140 563 5197 sed
593 5138 762 5192 animi
826 5134 1302 5198 consternatione,
1367 5135 1523 5188 nullo
1552 5138 1781 5204 accepto
1825 5132 2044 5197 nuntio,

466 5240 757 5287 mentema
804 5227 1067 5300 jucundis
1110 5227 1277 5283 rebus
1313 5226 1379 5282 ad
1434 5226 1713 5281 contraria
1751 5224 2045 5281 convertit.

467 5321 594 5377 Haec
625 5329 711 5378 est
749 5320 989 5376 felicium
1022 5320 1308 5376 hominum
1343 5319 1474 5386 vita,
1507 5333 1619 5373 non
1650 5316 1807 5373 valde
1837 5317 2050 5373 scilicet

470 5414 631 5487 digna
653 5427 795 5469 :non
820 5414 967 5469 enim
985 5428 1109 5469 cum
1131 5411 1379 5485 virginali
1399 5412 1650 5467 libertate
1673 5417 2045 5480 comparatur.

425 5502 433 5508 ’
474 5505 637 5577 Atqui
685 5504 876 5570 multa,
909 5520 1029 5575 quae
1086 5505 1335 5575 graviora
1369 5513 1519 5569 sunt,
1552 5517 1885 5573 percurrens
1908 5517 2049 5572 prte-

473 5597 605 5654 terit
634 5596 832 5653 oratio.
864 5594 998 5651 Nam
1037 5611 1181 5668 saepe
1201 5597 1294 5652 illa
1330 5612 1453 5651 cum
1502 5594 1910 5651 adolescentula
1942 5603 2047 5659 est,

475 5699 639 5760 atque
694 5687 749 5742 in
817 5701 1035 5758 sponsae
1099 5686 1392 5759 splendore
1437 5686 1637 5751 elucet,
1710 5683 2052 5754 fortasseque

475 5780 659 5841 adhuc
679 5779 869 5852 sponsi
898 5775 1130 5835 adventu
1168 5779 1347 5845 rubet,
1390 5787 1445 5835 et
1472 5778 1684 5849 pudens
1714 5776 2050 5846 limis'aspc-

2146 4587 2357 4650 οὐδενὸς
2382 4585 2507 4654 ἄξια
2537 4584 2702 4657 φόϐου
2723 4603 2736 4616 ο
2771 4585 2963 4655 φθάνει
2994 4586 3049 4639 δέ
3078 4588 3111 4658 ἡ
3141 4585 3472 4656 λειποθυμία
3503 4586 3605 4657 τὴν
3635 4587 3741 4654 ἀγ-

2150 4678 2355 4748 γελίαν,
2402 4677 2496 4731 καὶ
2547 4677 2878 4750 ἀναστρέφει
2928 4677 3065 4748 πρὸς
3106 4676 3167 4731 τὸ
3201 4677 3441 4733 ἐναντίον
3474 4676 3585 4731 ἀπὸ
3632 4676 3745 4732 τῶν

2147 4768 2319 4840 ἡδέων
2364 4768 2464 4838 τὴν
2515 4766 2759 4838 γνώμην.
2811 4766 3062 4831 Τοιοῦτος
3112 4766 3222 4821 τῶν
3274 4765 3661 4837 εὖθυμούντων
3714 4768 3745 4820 ό

2150 4860 2283 4932 βίος,
2335 4859 2396 4912 οὐ
2430 4857 2571 4913 πάνυ
2619 4857 2912 4928 γε’ἄξιος’
2961 4858 3023 4912 οὐ
3069 4857 3179 4929 γὰρ
3218 4860 3283 4930 τῇ
3314 4856 3596 4929 ἐλευθερίᾳ
3645 4858 3747 4928 τῆς

2149 4949 2446 5021 παρθενίας
2503 4946 2934 5015 ἀντεξετάζεται.
3004 4946 3198 5001 Καίτοι
3241 4946 3413 5001 πολλὰ
3452 4946 3563 4999 τῶν
3612 4963 3747 4998 σκυ-

2150 5037 2508 5110 θρωποτέρων
2536 5039 2565 5091 6
2597 5037 2753 5106 λόγος
2799 5037 3101 5109 ἐπιτρέχων
3152 5037 3433 5092 κατέλιπε.
3470 5035 3747 5099 Πολλάκις

2151 5131 2260 5205 γὰρ
2308 5130 2538 5201 κάκείνη
2583 5127 2663 5182 ἐτι
2713 5128 2807 5183 νέα
2850 5129 2927 5201 τῷ
2978 5128 3213 5199 σώματι,
3256 5128 3338 5181 ἔτι
3379 5129 3445 5199 τῇ
3492 5130 3746 5198 νυμφικῇ

2152 5223 2354 5297 ἀγλαΐᾳ
2386 5221 2675 5277 στίλϐουσα
2694 5262 2709 5288 ,
2742 5220 2826 5274 ἔτι
2851 5219 3011 5292 τυχὸν
3037 5219 3349 5292 ἐρυθριῶσα
3376 5218 3468 5272 τοῦ
3500 5218 3745 5288 νυμφίου

2150 5318 2251 5387 τὴν
2293 5314 2519 5384 εἴσοδον,
2553 5312 2647 5367 καὶ
2683 5310 2822 5384 μετά
2865 5308 3046 5376 αἰδοῦς
3093 5309 3498 5373 ὑποϐλέπουσα,
3527 5308 3620 5361 ὅτε
3650 5306 3746 5360 καὶ

2154 5409 2516 5482 θερμοτέρους
2568 5401 2706 5459 εἶναι
2746 5402 3032 5475 συμϐαίνει
3078 5403 3206 5466 τοὺς
3253 5400 3474 5464 πόθους,
3526 5397 3620 5451 ὐπ’
3660 5397 3746 5449 ai-

2157 5502 2357 5574 σχύνης
2401 5499 2537 5571 πρὸς
2587 5496 2646 5550 τὸ
2695 5494 2996 5566 ἐκφανῆναι
3044 5493 3447 5565 κωλυομένους,
3480 5489 3745 5559 ἐξαίφνης

2155 5596 2315 5667 χήρα.
2355 5591 2451 5646 καὶ
2482 5589 2662 5653 ἀθλία,
2706 5587 2799 5640 καὶ
2828 5584 3054 5658 ἕρημος,
3089 5586 3182 5640 καὶ
3229 5585 3405 5639 πάντα
3431 5581 3500 5636 τά
3526 5579 3745 5650 φευκτά

2161 5680 2855 5757 μεταλαμϐάνειόνόματα,
2901 5678 2992 5731 καὶ
3042 5678 3143 5748 τὴν
3171 5676 3308 5740 τέως
3339 5670 3599 5745 λαμπράν
3649 5667 3745 5723 καὶ

2159 5778 2477 5849 λευχείμονα
2517 5773 2610 5826 καὶ
2661 5770 3041 5842 περίϐλεπτον,
3094 5767 3305 5841 ἁθρόως
3353 5762 3742 5835 καταμελαίνει
