4034 6132
342 279 451 335 535

1651 319 1655 323 ,
1690 272 1776 326 DE
1816 266 2281 326 VIRGIMTATE.

3487 265 3592 320 554

347 389 732 467 προσπεσοῦσα
760 394 793 462 ἡ
829 391 1103 464 συμφορὰ,
1136 389 1230 444 καὶ
1262 388 1574 461 περιϐάλλει
1606 389 1685 460 τῷ
1713 388 1918 451 πένθει,

2034 389 2134 437 ctat
2170 402 2180 436 :
2216 380 2659 451 quandoquidem
2684 393 2809 434 cum
2842 379 3358 450 animicupiditatcs
3386 380 3593 453 pudore

344 486 437 540 τὸν
466 482 735 553 νυμφικόν
773 482 973 552 κόσμον
1000 481 1388 552 ἀποσυλήσασα
1408 497 1422 511 ·
1456 476 1575 534 εἷτα
1604 480 1765 549 ζόφος
1797 480 1918 532 ἀντὶ

342 578 440 647 τῆς
484 578 545 629 ἐν
591 575 824 628 παστάδι
851 574 1254 645 λαμπρότητος,
1298 577 1393 628 καὶ
1422 573 1682 645 θρηνῳδοὶ
1711 571 1808 635 τὰς
1841 572 1918 624 oi-

347 668 538 739 μωγὰς
595 666 981 729 ἐπιτείνουσαι,
1033 667 1127 720 καὶ
1168 668 1321 736 μῖσος
1369 664 1510 718 κατὰ
1563 664 1670 719 τῶν
1716 666 1921 733 ἐπιχει-

345 757 583 830 ρούντων
621 757 884 827 πραΰνειν
924 757 991 809 τὰ
1032 755 1178 827 πάθη
1201 795 1215 820 ,
1252 756 1515 835 ᾲπέχθεια
1559 756 1778 817 σιτίων,
1822 771 1919 825 τη-

341 846 514 902 κεδὼν
542 846 819 918 σώματος,
858 848 1128 918 κατήφεια
1147 848 1341 918 ψυχῆς,
1375 847 1639 918 ἐπιθυμία
1666 846 1914 911 θανάτου,

343 942 438 994 καὶ
478 940 671 1012 μέχρις
711 938 877 993 αὐτοῦ
926 941 1020 992 τοῦ
1054 940 1283 994 θανάτου
1327 929 1585 1003 πολλάκις
1627 938 1912 1009 ἰσχύσασα.

353 1032 479 1085 Ἐὰν
498 1031 555 1084 δὲ
585 1031 676 1085 καὶ
706 1030 917 1102 παυσθῇ
945 1049 1060 1094 πως
1086 1031 1163 1102 τῷ
1191 1033 1367 1104 χρόνῳ
1393 1036 1427 1102 ἡ
1459 1031 1731 1104 συμφορὰ,
1758 1030 1918 1085 πάλιν

345 1122 476 1192 ἄλλη
537 1122 813 1193 συμφορὰ,
863 1122 973 1175 εἴτε
1015 1123 1247 1195 ὑπάρχει
1284 1124 1470 1185 τέκνα,
1520 1124 1630 1176 εἴτε
1674 1122 1770 1176 καὶ
1819 1122 1914 1193 μή.

348 1213 514 1266 Ὄντα
544 1212 642 1282 μὲν
688 1211 818 1283 γὰρ,
856 1213 1067 1282 ὀρφανὰ
1095 1214 1311 1277 πάντως
1346 1214 1483 1277 ἐστὶ,
1528 1213 1621 1267 καὶ
1652 1214 1736 1268 διὰ
1763 1212 1920 1267 τοῦτο

346 1305 576 1371 ἐλεεινὰ,
603 1306 698 1359 καί
739 1306 805 1358 δι’
843 1304 1022 1357 αὐτῶν
1057 1305 1119 1357 τὸ
1151 1304 1320 1369 πάθος
1366 1304 1816 1370 ἀνακαινίζοντα·
1870 1307 1919 1359 εἰ

345 1394 402 1447 δὲ
437 1394 513 1465 μὴ
550 1394 659 1465 εἴη,
708 1392 1004 1465 πρόρριζον
1050 1394 1255 1463 οἴχεται
1294 1394 1354 1447 τὸ
1393 1395 1486 1447 τοῦ
1530 1393 1917 1465 κατοιχομένου

352 1485 716 1566 μνημόσυνον,
758 1486 853 1538 καὶ
894 1481 955 1537 τὺ
988 1485 1158 1539 κακὸν
1196 1486 1336 1556 ὑπὲρ
1370 1485 1722 1557 παραμυθίαν
1751 1485 1917 1539 ἐστίν.

361 1578 464 1632 Ἐῶ
491 1578 562 1631 τὰ
592 1577 726 1632 ἄλλα
752 1579 820 1631 τὰ
851 1578 950 1649 τῆς
976 1579 1200 1650 χηρείας
1232 1579 1356 1633 ἴδια.
1390 1579 1484 1643 Τίς
1512 1579 1619 1651 γὰρ
1647 1579 1712 1633 ἂν
1744 1580 1920 1634 πάντα

353 1666 489 1737 μετὰ
519 1665 805 1737 ἀκριϐείας
842 1667 1315 1738 ἀπαριθμήσαιτο;
1352 1669 1478 1730 τοὺς
1513 1668 1759 1739 ἐχθροὺς,
1798 1670 1922 1731 τοὺς

349 1757 578 1819 οἰκείους
597 1772 611 1786 ο
643 1756 769 1819 τοὺς
797 1755 895 1826 μὲν
928 1755 1355 1826 ἐπεμϐαίνοντας
1383 1758 1448 1827 τῇ
1490 1738 1741 1826 συμφορᾷ
1760 1771 1771 1783 ·
1797 1755 1922 1816 τοὺς
1952 1738 1995 1794 Β

349 1841 405 1896 δὲ
448 1841 906 1913 φαιδρυνομένους
958 1843 1023 1911 τῇ
1087 1841 1326 1912 ἐρημίᾳ,
1382 1842 1475 1894 καὶ
1539 1839 1655 1910 μεθ’
1732 1838 1923 1909 ἡδονῆς

352 1932 647 2003 βλέποντας
671 1934 730 1985 ἐν
760 1931 941 2012 πικρῷ
971 1931 1232 2003 ὀφθαλμῷ
1261 1932 1351 1985 τὸν
1378 1930 1729 1984 διαπίπτοντα
1756 1925 1922 1991 οἷκον,

348 2025 443 2079 καὶ
470 2024 596 2088 τοὺς
621 2025 1093 2097 καταφρονοῦντας
1110 2025 1345 2087 οἰκέτας,
1369 2023 1463 2077 καὶ
1500 2024 1676 2077 πάντα
1707 2021 1773 2075 τὰ
1791 2021 1926 2075 ἄλλα

348 2117 448 2170 ὅσα
478 2117 745 2187 πάρεστιν
770 2115 1018 2184 ἀφθόνως
1049 2116 1141 2169 ἐπὶ
1172 2115 1281 2168 τῶν
1307 2115 1563 2168 τοιούτων
1588 2114 1929 2185 δυστυχημά·

347 2208 456 2262 των
485 2209 648 2280 όρᾷν·
676 2206 742 2261 δι’
768 2200 842 2261 ὧν
863 2209 920 2260 αἱ
957 2206 1148 2261 πολλαὶ
1174 2207 1267 2260 καὶ
1286 2205 1530 2277 δεύτεραι
1563 2207 1652 2259 ὑπ’
1683 2207 1927 2278 ἀνάγκης

352 2302 490 2374 πρὸς
537 2302 639 2371 τὴν
676 2300 785 2354 τῶν
827 2301 1026 2370 ὁμοίων
1054 2299 1242 2352 κακῶν
1282 2299 1677 2371 παρεϐάλλοντο
1712 2292 1924 2370 πεῖραν,

348 2393 451 2445 οὐκ
502 2391 822 2460 ἐνεγκοῦσαι
875 2391 982 2443 τῶν
1049 2390 1469 2459 ἐπεγγελῶντων
1516 2391 1614 2462 τὴν
1681 2391 1925 2464 πικρίαν,

352 2484 542 2555 ὥσπερ
575 2483 912 2553 ἀμυνόμεναι
946 2483 1071 2546 τοὺς
1116 2482 1463 2554 λυπήσαντας
1502 2486 1616 2545 τοῖς
1647 2483 1795 2546 ἰδίοις
1839 2501 1932 2537 κα-

351 2579 486 2639 κοῖς·
542 2574 738 2629 πολλαὶ
773 2574 828 2627 δὲ
856 2577 921 2645 τῇ
963 2575 1152 2647 μνήμῃ
1193 2575 1303 2627 τῶν
1351 2574 1792 2646 συμϐεϐηκότων,
1822 2577 1931 2628 πᾶν

348 2669 531 2723 ὀτιοῦν
564 2668 877 2739 ὑπέστησαν
928 2667 1147 2735 μᾶλλον,
1197 2667 1229 2738 ἥ
1277 2669 1535 2738 ἐμπεσεῖν
1583 2668 1649 2720 ἐκ
1678 2667 1930 2740 δευτέρου

349 2762 419 2829 τῇ
448 2757 559 2811 τῶν
606 2755 899 2827 συμφορῶν
941 2757 1236 2827 ὁμοιότητι.
1271 2758 1379 2810 Καὶ
1424 2758 1473 2809 εί
1529 2757 1705 2828 βούλει
1743 2759 1933 2830 μαθεῖν

349 2850 421 2904 τὰ
450 2851 685 2919 δυσχερῆ
728 2846 821 2901 τοῦ
852 2848 1157 2922 κοινοτέρου
1189 2847 1324 2919 βίου,
1360 2850 1590 2904 ἄκουσον
1620 2845 1707 2903 οἷα
1742 2850 1931 2918 λέγουο

351 2960 440 2995 σιν
479 2943 538 2994 αἱ
581 2944 647 3012 τῇ
695 2940 861 3011 πείρα
887 2941 976 2993 τὸν
1023 2939 1134 3009 βίον
1176 2941 1532 3010 γνωρίσασαι,
1571 2944 1718 3006 ὅπως
1760 2960 1934 3013 μακα-

2021 473 2257 545 quodam
2287 472 2746 541 comprimuntur,
2781 484 2890 540 quo
2914 470 3098 525 minus
3120 486 3239 526 sese
3269 471 3591 539 ostendant,

2020 566 2265 619 acriores
2299 562 2414 619 ﬁeri
2445 562 2714 633 contingit
2743 580 2757 616 :
2786 571 2897 616 tum
2930 561 2999 617 de
3022 562 3315 632 improviso
3335 564 3590 630 viduitas,

2019 670 2287 719 aerumna,
2312 653 2553 711 solitudo
2597 671 2609 707 :
2641 668 2829 721 quaeve
2872 653 3161 708 horribilia
3189 663 3337 722 sunt,
3365 655 3590 710 nomina

2020 748 2127 804 sibi
2156 747 2408 817 imponit,
2443 753 2497 801 et
2529 759 2677 807 ecce,
2708 760 2829 815 quae
2860 744 3006 799 lauta
3040 746 3199 801 modo
3239 755 3358 800 erat
3390 748 3597 801 amictu

2019 838 2254 895 candido
2307 844 2614 908 ornatuque
2664 837 2902 908 insigni,
2954 848 3173 907 repente
3230 853 3350 908 quae
3402 838 3596 894 incidit

2019 928 2304 982 calamitas
2353 942 2472 982 eam
2504 927 2651 997 pulla
2700 934 2872 990 veste,
2909 932 3135 994 atroque
3161 926 3349 981 habitu
3394 926 3592 987 induit,

2019 1021 2425 1090 dilaceratoque
2459 1035 2674 1089 sponsae
2734 1027 2953 1084 ornatu,
2988 1020 3041 1072 in
3104 1019 3309 1073 luctum
3364 1019 3511 1072 illam
3543 1025 3597 1073 et

2021 1115 2333 1184 squalorem
2370 1112 2628 1181 conjicit;
2657 1110 2854 1166 deinde
2882 1126 2980 1181 pro
3015 1110 3137 1165 luce
3160 1111 3213 1164 in
3243 1112 3467 1181 nuptiali
3494 1127 3595 1167 cu-

2019 1207 2202 1263 biculo
2241 1205 2416 1277 caligo
2435 1213 2489 1261 et
2510 1206 2775 1269 tenebrat,
2832 1203 3039 1268 luctus,
3070 1203 3446 1259 lamentabiles
3476 1204 3597 1274 plo-

2019 1305 2173 1353 ratus
2231 1304 2395 1367 atque
2456 1295 2642 1351 odium
2711 1295 2766 1349 in
2832 1310 2929 1350 eos
2977 1294 3069 1363 qui
3134 1294 3375 1349 dolerent
3424 1296 3597 1351 lenire

2020 1392 2323 1457 conantur;
2348 1389 2567 1459 cibique
2598 1390 2951 1452 abstinentia,
2982 1390 3229 1458 corporis
3262 1390 3434 1452 tabes,
3460 1406 3597 1446 con-

2020 1481 2216 1536 tractio
2238 1481 2607 1551 demissioque
2650 1480 3088 1544 animi,-mortis
3134 1480 3427 1550 cupiditas,
3479 1496 3599 1551 quae

2021 1586 2165 1640 Saepe
2195 1571 2262 1625 ad
2297 1571 2470 1641 ipsam
2503 1585 2677 1640 usque
2707 1579 2938 1626 mortem
2962 1569 3241 1641 perdurat.
3275 1572 3372 1625 Sin
3415 1579 3597 1626 autem

2021 1662 2206 1730 aliquo
2246 1662 2407 1717 modo
2453 1661 2511 1715 fit
2558 1670 2619 1717 ut
2669 1671 2913 1731 tempore
2955 1662 3239 1732 mitigetur
3292 1662 3596 1726 calamitas,

2025 1767 2247 1807 rursum
2300 1753 2405 1806 alia
2451 1753 2978 1819 exorituraerumna,
3014 1753 3129 1809 sive
3157 1754 3357 1808 liberos
3415 1753 3598 1823 habet,

2023 1847 2139 1902 sive
2195 1841 2366 1901 caret.
2411 1844 2622 1901 Etenim
2678 1847 2724 1901 si
2786 1847 2968 1911 habet,
3023 1847 3165 1901 orbir
3191 1847 3416 1901 omnino
3441 1855 3596 1910 sunt,

2025 1943 2312 2003 propterea
2348 1934 2827 1988 commiseratione
2852 1935 3024 2005 digni,
3055 1943 3220 2005 atque
3252 1951 3317 1990 ex
3350 1935 3432 1991 his
3458 1936 3596 2006 ipsis

2024 2024 2234 2080 doloris
2271 2024 2497 2081 aﬂ‘ectus
2526 2034 2852 2092 renovatur;
2885 2026 2970 2081 sin
2996 2027 3220 2080 omnino
3260 2034 3600 2092 caret,mor-

2028 2123 2107 2177 tui
2145 2125 2406 2179 memoria
2437 2124 2686 2179 funditus
2712 2124 2953 2190 tollitur,
2995 2125 3322 2195 graviusque
3346 2134 3430 2180 est
3456 2127 3602 2181 sola-

2002 2214 2104 2268 «tio
2130 2216 2348 2270 malum.
2376 2213 2627 2286 Reliqua,
2663 2231 2784 2286 quae
2809 2225 2938 2271 sunt
2969 2216 3255 2271 viduitatis
3285 2217 3503 2287 propria
3524 2218 3603 2272 in-

2027 2304 2334 2369 commoda,
2358 2304 2571 2358 omitto.
2598 2305 2811 2371 Quotus
2838 2305 2982 2359 enim
3003 2305 3235 2375 quisque
3253 2314 3356 2369 est,
3377 2306 3468 2377 qui
3486 2321 3603 2360 om-

2028 2394 2119 2448 nia
2172 2402 2429 2451 accurate
2461 2397 2788 2452 enunieret?
2828 2404 2886 2450 ut
2936 2397 3192 2453 inimicos
3247 2397 3601 2464 domesticos,

2031 2493 2142 2539 tum
2169 2500 2263 2541 eos
2293 2487 2384 2555 qui
2413 2487 2469 2541 in
2497 2486 2861 2541 calamitatem
2892 2487 3159 2552 incidunt,
3183 2495 3297 2542 tum
3331 2488 3451 2544 illos
3499 2491 3595 2560 qui

2030 2592 2091 2632 ea
2124 2578 2419 2632 solitudine
2443 2578 2702 2649 gaudent,
2751 2593 3029 2648 sensuque
3056 2580 3288 2649 quodam
3316 2581 3604 2636 oculorum

2030 2668 2243 2738 iniquo,
2274 2676 2325 2722 et
2356 2683 2478 2721 cmn
2509 2669 2786 2737 voluptate
2820 2670 3088 2724 labentem
3112 2670 3357 2737 domum,
3385 2688 3605 2729 servos-

2033 2775 2139 2828 que
2166 2759 2346 2813 omnia
2377 2760 2712 2831 negligentes
2765 2761 3057 2829 aspiciunt,
3110 2769 3444 2832 cunctasque
3470 2764 3607 2818 alias

2034 2868 2123 2907 res
2157 2852 2435 2915 adversas,
2473 2866 2610 2922 quas
2662 2852 2864 2907 multas
2901 2852 2956 2906 in
3010 2853 3079 2907 iis
3111 2853 3330 2923 quidem
3380 2870 3608 2911 cernere

2036 2943 2163 2997 licet
2189 2961 2202 2997 :
2233 2958 2464 3013 quarum
2503 2958 2671 2997 causa
2695 2957 2803 2997 non
2825 2958 3013 3015 pauere
3043 2945 3322 3008 mulieres,
3361 2960 3486 2999 cum
3515 2960 3608 3000 eas

354 3034 569 3107 ρίζουσι
593 3034 692 3103 τὴν
721 3034 865 3103 ζωὴν
888 3033 995 3087 τῶν
1029 3031 1089 3098 ἐξ
1120 3034 1296 3105 ἀρχῆς
1319 3035 1410 3087 τὸν
1450 3037 1508 3088 ἐν
1530 3036 1796 3107 παρθενίᾳ
1823 3035 1933 3108 βίον

2038 3033 2403 3089 deridentium
2430 3034 2772 3103 iniquitatem
2801 3049 2910 3088 non
2945 3033 3167 3096 ferrent,
3191 3052 3255 3090 ex
3280 3036 3612 3092 necessitate

353 3124 756 3195 προελομένων.
806 3124 900 3177 καὶ
945 3123 1019 3194 μὴ
1061 3123 1148 3177 διὰ
1183 3125 1467 3194 συμφορᾶς
1516 3125 1934 3195 μεταμαθόντων

354 3218 422 3271 τὸ
452 3217 692 3280 κάλλιον,
726 3217 808 3270 ὅτι
838 3215 1054 3268 πάντων
1086 3214 1193 3267 τῶν
1230 3214 1486 3267 τοιούτων
1520 3214 1702 3269 κακῶν
1747 3215 1936 3268 ἀνεπί-

350 3309 545 3370 δεκτός
595 3309 742 3361 ἐστιν
774 3308 807 3376 ἡ
846 3306 1109 3377 παρθενία
1135 3321 1149 3334 °
1184 3305 1284 3358 οὐκ
1323 3305 1584 3374 ὀρφανίαν
1621 3305 1825 3377 θρηνεῖ,
1876 3307 1935 3359 οὐ

354 3402 590 3474 χηρείαν
622 3400 902 3469 ὀδύρεταιο
936 3399 1023 3451 ἀεὶ
1057 3397 1370 3467 σύνεστιτῷ
1398 3397 1660 3469 ἀφθάρτῳ
1690 3399 1933 3470 νυμφίῳ.

351 3494 447 3547 ἀεὶ
473 3491 838 3561 ἐπαγαλλεται
877 3493 988 3554 τοῖς
1026 3490 1125 3562 τῆς
1162 3491 1443 3555 εὐσεϐείας
1471 3493 1807 3564 γεννήμασι·
1848 3494 1938 3544 τόν

346 3602 420 3638 τε
448 3580 595 3639 οἷκον
623 3584 713 3638 τὸν
736 3583 950 3654 ἀληθῶς
977 3583 1104 3636 ἴδιον
1131 3585 1262 3637 πᾶσι
1296 3582 1599 3647 καλλίστοις
1625 3585 1726 3654 ὁρᾷ
1759 3583 1937 3655 διηνε-

350 3672 474 3735 κῶς
503 3672 919 3744 εύθηνούμενον,
947 3671 1036 3724 διὰ
1069 3672 1129 3725 τὸ
1158 3678 1410 3743 παρεῖναι
1443 3674 1536 3727 καὶ
1577 3674 1805 3726 ἐνοικεῖν
1850 3675 1937 3727 ἀεὶ

348 3764 451 3817 ’τὸν
479 3762 576 3817 τοῦ
608 3765 756 3818 οἴκου
804 3763 1077 3835 Δεσπότην
1096 3780 1110 3794 ο
1147 3765 1231 3834 ἐφ’
1262 3757 1329 3836 ἦς
1359 3768 1387 3819 ὁ
1419 3765 1646 3829 θάνατος
1688 3767 1748 3818 οὑ
1773 3783 1939 3836 χωρι-

356 3857 524 3927 σμὸν,
577 3857 715 3911 ἀλλὰ
763 3857 1053 3927 συνάφειαν
1085 3857 1179 3910 τοῦ
1216 3856 1546 3927 ποθουμένου
1586 3859 1759 3910 ποιεῖ’
1809 3856 1937 3910 ὅταν

350 3948 472 4019 γὰρ
497 3948 763 4020 ἀναλύσῃ,
785 3948 905 4002 τότε
940 3949 1034 4003 σὺν
1062 3948 1279 4021 Χριστῷ
1310 3950 1538 4018 γίνεται,
1566 3948 1746 4013 καθώς
1773 3966 1936 4020 φησιν

348 4042 392 4094 ὁ
426 4038 770 4103 ’Δπόστολος.

2037 3126 2232 3180 iterum
2284 3141 2343 3180 se
2382 3125 2643 3180 similium
2681 3127 2948 3179 malorum
2998 3127 3243 3195 periculo
3271 3125 3610 3196 objecerunt,

2035 3220 2193 3288 quasi
2224 3218 2382 3274 malis
2418 3217 2532 3273 suis
2577 3232 2766 3288 poenas
2795 3218 3049 3288 petierint
3094 3220 3163 3275 ab
3201 3219 3290 3282 iis,
3343 3235 3373 3273 a
3409 3221 3610 3290 quibus

2036 3311 2277 3366 dolorem
2319 3311 2650 3381 acceperint.
2703 3310 3026 3380 Complures
3079 3328 3209 3367 vero
3264 3314 3611 3384 superiorum

2037 3403 2305 3457 malorum
2338 3402 2718 3458 recordatione
2747 3403 2965 3472 quidvis
2991 3403 3288 3470 sustinere,
3321 3421 3383 3459 ac
3406 3406 3614 3476 perpeti

2042 3495 2374 3559 maluerunt,
2415 3509 2577 3564 quam
2634 3493 2692 3548 in
2744 3494 2955 3550 similes
3013 3511 3207 3551 rursus
3276 3498 3615 3552 calamitates

2041 3585 2348 3640 incurrere.
2380 3585 2478 3639 Sin
2543 3592 2722 3639 autem
2781 3599 3102 3641 communes
3137 3587 3299 3654 hujus
3332 3587 3616 3642 vitaadiliir

2039 3676 2271 3731 cultates
2300 3689 2631 3744 cognoscere
2669 3674 2847 3742 cupis,
2881 3675 3039 3728 velim
3093 3675 3286 3730 audias
3318 3690 3439 3744 qua:
3469 3691 3618 3730 com-

2043 3773 2343 3820 memorent
2395 3765 2674 3831 mulieres,
2730 3781 2852 3836 qua:
2884 3765 3015 3819 illud
3038 3767 3158 3819 vita:
3182 3782 3356 3837 genus
3382 3775 3617 3837 expertae

2040 3866 2403 3928 cognoscunt,
2425 3872 2589 3927 quam
2624 3856 2973 3913 beatissimas
3016 3872 3109 3911 eas
3161 3872 3285 3913 esse
3335 3872 3457 3927 quae
3503 3857 3616 3911 vir-

2046 3949 2249 4021 ginalis
2299 3949 2424 4004 vitae
2470 3949 2742 4003 rationem
2795 3946 3138 4018 delegerunt,
3192 3963 3372 4018 neque
3408 3964 3475 4005 ex
3508 3949 3618 4003 ulla

2048 4040 2381 4102 calamitate,
2404 4038 2537 4110 quid
2560 4038 2756 4094 melius
2783 4046 2950 4101 esset,
2981 4039 3312 4105 didicerunt,
3360 4040 3617 4110 quoniam

354 4130 436 4186 ab
459 4130 720 4184 omnibus
749 4130 836 4185 his
869 4130 1035 4185 malis
1055 4144 1229 4184 vacua
1254 4135 1341 4184 est
1363 4129 1691 4201 virginitas;
1756 4145 1867 4184 non
1907 4129 2197 4186 orbitatem
2265 4120 2434 4202 luget,
2470 4144 2579 4183 non
2620 4128 2938 4183 viduitatem
2992 4129 3341 4195 lamentatur,
3405 4143 3621 4198 unaque

356 4244 581 4299 setitpcr
605 4237 691 4282 est
710 4242 834 4281 cum
863 4227 1180 4296 incorrupto
1210 4241 1436 4296 sponso,
1464 4234 1517 4280 et
1543 4226 1812 4281 fructibus
1832 4226 2051 4296 pietatis
2067 4232 2328 4297 perpetuo
2351 4224 2572 4296 gaudet,
2593 4238 2657 4279 ac
2677 4224 2900 4279 domum
2931 4238 3059 4280 vere
3076 4225 3349 4295 propriam
3371 4225 3619 4278 omnirc-

369 4334 495 4373 rum
526 4320 858 4389 optimarum
897 4332 1093 4386 genere
1122 4316 1470 4370 continenter
1497 4317 1803 4372 institutam
1846 4315 2022 4382 videt,
2059 4324 2349 4387 propterea
2375 4314 2525 4386 quod
2560 4314 2753 4370 harum
2775 4315 2973 4370 aedium
3030 4314 3294 4370 Dominus
3328 4330 3436 4369 una
3475 4331 3621 4371 sem-

360 4427 466 4483 per
484 4418 570 4465 cst
624 4416 789 4478 atque
861 4406 1071 4468 incolit,
1113 4407 1204 4461 ubi
1254 4421 1363 4461 non
1400 4407 1825 4477 sejunctionem,
1862 4409 1955 4463 sed
1982 4409 2425 4479 conjunctionem
2500 4422 2622 4463 cum
2692 4422 2780 4472 eo,
2854 4409 3016 4478 cujus
3065 4400 3339 4464 desiderio
3385 4416 3622 4474 tenetur,

368 4516 525 4557 mors
558 4498 760 4566 edicit;
796 4513 920 4552 cum
951 4498 1096 4551 enim
1133 4497 1476 4564 dissolvitur,
1543 4498 1723 4567 inquit
1766 4498 2064 4568 Apostolus
2115 4498 2170 4563 ¹,
2230 4505 2343 4553 tum
2400 4505 2485 4552 est
2522 4512 2647 4553 cum
2682 4496 2924 4552 Christo.

452 4597 616 4652 Ἀλλά
647 4596 838 4666 καιρὸς
870 4592 937 4648 ἂν
967 4594 1074 4666 εἴη,
1106 4593 1291 4665 ἐπειδὴ
1331 4594 1401 4647 τὰ
1432 4593 1540 4647 τῶν
1571 4594 1933 4666 εὐθυμούντωι

2125 4592 2231 4649 Sed
2263 4594 2523 4664 quoniam
2568 4609 2690 4665 quae
2736 4594 2803 4647 ad
2838 4595 2991 4651 laetos
3033 4593 3282 4649 homines
3314 4595 3626 4664 pertinent,

362 4691 435 4743 ἐκ
480 4688 685 4760 μέρους
718 4684 1029 4756 ἐξήτασται,
1073 4689 1166 4738 καὶ
1197 4685 1324 4748 τοὺς
1352 4684 1573 4756 ἐτέρους
1615 4686 1946 4739 ἐποπτεῦσαι

366 4782 518 4852 βίους
559 4779 638 4850 τῷ
686 4778 849 4848 λόγῳ,
882 4773 963 4839 οἷς
997 4776 1091 4830 καὶ
1121 4777 1322 4842 πενίαι,
1354 4778 1448 4832 καὶ
1479 4777 1818 4849 δυσκληρίαι,
1856 4778 1948 4831 καὶ

363 4872 554 4926 λοιπαὶ
585 4871 695 4924 τῶν
744 4869 1097 4939 ἀνθρωπίνων
1144 4867 1330 4922 παθῶν
1374 4870 1651 4941 συμφοραὶ
1700 4886 1953 4941 παραπε-

366 4966 614 5036 πήγασιν
633 4982 646 4995 ·
682 4957 798 5016 οἷον
837 4961 1113 5032 πηρώσεις
1139 4979 1200 5016 τε
1256 4964 1351 5016 καὶ
1382 4963 1549 5026 νόσοι,
1580 4961 1674 5016 καὶ
1701 4963 1800 5016 ὅσα
1842 4981 1953 5017 τοι·

370 5057 511 5111 αὖτα
556 5058 626 5127 τῇ
684 5055 1001 5127 ἀνθρωπίνῃ
1058 5055 1169 5127 ζωῇ
1229 5054 1709 5125 συγκεκλήρωται·
1767 5057 1825 5108 ἐν
1875 5046 1957 5116 οἷς

370 5146 577 5200 ἅπασιν
622 5148 652 5198 ό
708 5144 806 5215 μὲν
856 5144 977 5197 καθ’
1023 5144 1216 5198 ἑαυτὸν
1261 5143 1391 5208 ζῶν,
1442 5144 1475 5214 ἢ
1524 5142 1806 5213 διαφεύγει
1861 5144 1959 5213 τὴν

374 5238 651 5311 πεῖραν,ἢ
687 5239 817 5310 ῥᾷον
838 5236 1081 5305 διαφέρει
1113 5235 1210 5306 τὴν
1251 5236 1559 5308 συμφορὰν,
1589 5252 1961 5307 συγκεκροτη-

375 5333 546 5402 μένην
575 5331 716 5401 ἔχων
748 5329 877 5402 περὶ
914 5329 1077 5382 αὐτὸν
1104 5327 1202 5399 τὴν
1223 5327 1482 5391 διάνοιαν,
1518 5312 1621 5382 καί
1643 5328 1778 5398 πρὸς
1810 5327 1961 5380 οὐδὲν

369 5420 503 5474 ἄλλο
521 5424 642 5484 ταῖς
663 5420 911 5492 φροντίσι
937 5419 1378 5490 περιελκόμενος.
1412 5420 1470 5473 ὐ
1488 5420 1545 5474 δὲ
1569 5420 1704 5492 πρὸς
1726 5423 1960 5489 γυναῖκα

368 5513 471 5566 καὶ
500 5512 667 5566 τέκνα
702 5512 1122 5585 μεμερισμένος,
1157 5510 1279 5565 οὐδὲ
1319 5511 1510 5585 σχολὴν
1542 5513 1666 5583 ἄγει
1700 5512 1957 5576 πολλάκις

453 5696 470 5727 τ
498 5696 739 5767 Philipp.
776 5712 812 5761 ι,
830 5695 921 5751 25.

2052 4693 2180 4740 sunt
2208 4684 2390 4753 aliqua
2416 4699 2483 4738 ex
2512 4692 2667 4751 parte
2699 4697 2729 4736 a
2760 4683 2921 4737 nobis
2948 4682 3203 4752 indagata
3227 4722 3242 4744 ,
3272 4690 3486 4753 tempus
3514 4685 3624 4754 jam

2052 4786 2156 4843 est,
2200 4781 2259 4828 ut
2295 4775 2398 4829 hac
2437 4773 2685 4828 oratione
2717 4782 2946 4828 caeteras
2999 4774 3123 4827 vitae
3163 4773 3404 4829 rationes
3442 4790 3630 4845 perse-

2055 4882 2307 4939 quamur,
2339 4880 2461 4934 quae
2495 4864 2913 4935 paupertatibus
2933 4902 2946 4926 ,
2984 4864 3149 4919 rebus
3180 4863 3429 4921 adversis
3450 4905 3465 4930 ,
3499 4866 3629 4919 reli-

2056 4959 2290 5028 quisque
2328 4954 2597 5010 malorum
2635 4954 3000 5010 humanorum
3038 4962 3166 5009 sunt
3200 4954 3495 5025 implicata:
3531 4972 3631 5027 pe-

2058 5050 2275 5106 stibus:
2304 5048 2496 5118 quales
2521 5047 2748 5102 omnino
2770 5057 2899 5102 sunt
2926 5046 3129 5110 febres,
3159 5048 3373 5113 morbi,
3403 5058 3454 5103 et
3482 5063 3630 5119 qute-
3678 5031 3683 5037 ⁷
3717 5047 3724 5053 ’

2056 5155 2272 5211 cunque
2296 5139 2347 5192 id
2370 5137 2587 5209 generis
2609 5138 2860 5193 humana:
2879 5138 3001 5191 vitae
3022 5137 3375 5193 acciderunt:
3396 5154 3628 5208 quorum

2056 5232 2299 5288 omnium
2324 5231 2629 5300 periculum
2661 5242 2755 5284 aut
2781 5230 3039 5292 declinat,
3065 5238 3159 5284 aut
3182 5245 3375 5286 eorum
3401 5231 3629 5286 calami-

2059 5332 2225 5380 tatem
2277 5324 2488 5394 acquius
2522 5321 2628 5379 fert
2664 5322 2744 5386 is,
2779 5321 2874 5391 qui
2911 5321 3016 5377 sibi
3051 5322 3219 5388 vivit,
3273 5330 3461 5394 utpote
3506 5338 3630 5379 cum

2060 5416 2240 5471 omnis
2272 5414 2392 5484 ejus
2424 5413 2621 5467 mentis
2651 5412 2911 5481 cogitatio
2939 5412 2994 5465 in
3024 5411 3145 5483 ipso
3171 5412 3419 5478 haereat,
3452 5429 3631 5485 neque

2064 5510 2364 5565 alienarum
2399 5516 2583 5563 rerum
2620 5505 2769 5561 curis
2801 5503 3302 5573 abstrahatur.Qui
3327 5520 3458 5561 vero
3488 5522 3631 5561 uxo-
