4034 6132
1630 224 1687 280 S.
1724 218 2057 278 GREGORII
2097 216 2386 275 NYSSENI
3528 202 3638 261 336

390 254 493 283 ’ΖΕΗ

391 272 496 312 ῧῧὶ)

390 366 473 424 ris
521 376 586 418 ac
638 359 931 415 liberorum
990 347 1322 420 cogitatione
1376 342 1692 404 detinetur,
1736 343 1959 408 propter
1990 372 2003 415 Α

2107 341 2171 401 ›ῖς
2220 336 2371 399 ἰδίοις
2420 327 2769 395 ἐπιστενάξαι
2805 327 3016 391 κακοῖς,
3064 323 3166 395 τῆς
3215 320 3322 376 τῶν
3373 317 3646 390 φιλτάτων

390 467 575 514 rerum
610 449 714 506 sibi
756 440 1206 501 cliarissimarum
1239 446 1463 496 curam,
1499 443 1622 500 qua:
1667 427 1721 481 in
1767 421 1961 479 alienis
1991 411 2003 415 ’

2113 428 2340 501 ροντίδος
2360 425 2458 497 τὴν
2479 422 2709 493 καρδίαν
2727 416 3106 491 περιεχούσης.
3138 414 3208 467 Ἦ
3232 412 3370 483 τάχα
3390 411 3648 480 περιττόν

392 545 553 601 malis
577 540 817 595 animum
855 538 1121 600 occupat,
1154 539 1298 595 smpe
1325 537 1429 578 nec
1457 521 1627 575 otium
1659 514 1881 587 quidem
1916 513 1964 566 is

2107 539 2182 574 στι
2221 521 2333 583 τοῖς
2370 513 2819 588 ὁμολογουμένοις
2869 504 3220 577 ἐνδιατρίϐειν
3262 502 3340 574 τῷ
3370 503 3514 573 λόγῳ
3538 515 3553 530 ⁸
3601 502 3653 553 εἰ

394 600 558 691 habet
614 636 674 684 ut
714 625 831 681 suis
871 622 991 691 ipse
1026 617 1207 672 doleat
1258 608 1644 666 incommodis.
1701 603 1809 658 Sed
1851 600 1962 655 for—

397 734 545 780 tasse
580 724 1049 788 supervacaneum
1080 714 1165 762 εει
1192 705 1311 759 haec
1342 709 1772 756 commemorare
1800 733 1814 758 ,
1845 704 1967 761 quae

396 808 829 887 exploratissima
857 808 1020 859 sunt:
1045 796 1246 855 etenim
1278 796 1324 850 si
1349 800 1530 846 tantus
1561 788 1734 851 labor,
1753 792 1970 838 tantave

400 872 618 963 nti-seria
651 914 775 955 cum
811 893 878 950 iis
908 891 1202 972 conjuncta
1232 894 1350 950 est,
1378 897 1500 954 qua:
1532 881 1589 934 in
1622 878 1789 933 rebus
1823 872 1971 944 opti-

399 999 502 1052 mis
532 1010 653 1051 esse
686 989 963 1050 videntur,
993 964 1122 1054 quid
1154 978 1355 1048 aliquis
1383 975 1452 1030 de
1482 974 1647 1029 rebus
1672 964 1966 1025 contrariis

401 1087 753 1160 opinabitur,
811 1073 1254 1150 quandoquidem
1313 1075 1399 1123 est
1452 1065 1685 1121 veritate
1744 1057 1974 1115 inferior

401 1180 580 1234 omnis
622 1177 711 1229 illa
749 1167 1020 1227 sermonis
1059 1160 1389 1232 explicatio,
1419 1172 1525 1228 qua
1560 1153 1685 1225 quis
1718 1152 1859 1205 hanc
1893 1145 1976 1203 vi-

403 1279 517 1324 tam
550 1266 620 1320 ob
656 1262 845 1314 oculos
877 1255 1120 1313 omnium
1181 1262 1384 1321 ponere
1426 1241 1697 1301 conatur?
1721 1240 1978 1295 Attamen

2070 612 2176 684 γὰρ
2218 613 2327 674 τοῖς
2377 606 2591 662 δοκοῦσι
2634 603 2818 665 καλοῖς
2860 600 3113 661 τοσοῦτος
3149 594 3308 657 πόνος
3340 593 3437 647 καὶ
3462 591 3655 645 ταλαι-

2070 703 2252 775 πωρία
2284 700 2656 765 συνέζευκται,
2685 696 2740 749 τί
2767 694 2833 749 ἄν
2859 709 2944 754 τις
2977 688 3105 760 περὶ¹
3124 686 3232 741 τῶν
3257 685 3511 739 ἐναντίων
3534 700 3656 736 στο-

2072 773 2328 866 χάσαιτο;
2365 792 2542 844 Ἤπου
2589 789 2740 842 πᾶσα
2772 784 2929 853 λόγου
2958 778 3249 851 ὑπογραφὴ
3276 776 3377 847 τῆς
3399 773 3659 846 ἀληθείας

2073 865 2311 936 ἐλάττων
2340 880 2475 943 ἐστὶ,
2508 878 2601 932 τὸν
2632 875 2746 947 βίον
2775 870 2956 927 αὐτῶν
2986 870 3078 923 ὑπ’
3117 868 3236 938 ὄψιν
3275 867 3503 934 ἀγαγεῖν
3530 865 3657 917 ἐπι-

2075 972 2352 1046 χειροῦσα.
2412 968 2550 1023 Ἀλλ’
2598 967 2743 1022 ἔστιν
2785 966 2914 1026 ἴσως
2951 960 3017 1016 δι’
3048 960 3227 1027 ὀλίγου
3272 956 3336 1009 τὸ
3382 954 3514 1009 πολὺ
3559 953 3661 1022 τῆς

2076 1041 2218 1119 κατά
2272 1062 2370 1132 τὴν
2426 1061 2570 1132 ζωὴν
2621 1056 2811 1129 ἀηδίας
2860 1049 3211 1116 ἐνδείξασθαι,
3266 1045 3349 1100 ὅτι
3402 1041 3661 1105 ἐναντίως

2078 1156 2216 1228 πρὸς
2245 1154 2371 1217 τοὺς
2396 1150 2686 1222 εὐημερεῖν
2714 1143 3003 1207 δοκοῦντας
3034 1135 3549 1209 συγκεκληρωμένοι
3581 1133 3663 1203 τῷ

2082 1224 2202 1317 βίῳ,
2234 1245 2328 1299 καὶ
2361 1242 2458 1306 τὰς
2486 1239 2663 1302 λύπας
2706 1236 2816 1291 ἀπὸ
2847 1234 2955 1289 τῶν
2986 1231 3243 1286 ἐναντίων
3291 1228 3496 1298 έχουσι.
3536 1224 3665 1287 Τοῖς

409 1359 610 1413 multas
643 1354 875 1406 fortasse
907 1346 1070 1415 hujus
1092 1343 1214 1396 vitae
1248 1335 1677 1408 injucunditatcs
1701 1346 1767 1386 ex
1789 1326 1979 1400 paucis

2107 1313 2182 1391 ιὲν
2219 1335 2327 1408 γὰρ
2357 1328 2653 1402 εὐθυμοῦσι
2698 1327 2958 1399 ταράσσει
2998 1323 3088 1378 τὸν
3136 1321 3249 1392 βίον
3285 1322 3314 1372 6
3351 1313 3664 1389 προσδοκὼ-

407 1443 774 1503 demonstrari
804 1440 930 1493 licet
955 1406 1257 1505 :vquoniam
1282 1406 1482 1500 quibus
1508 1426 1614 1479 hoc
1647 1423 1773 1477 vita:
1808 1430 1982 1491 genus

2107 1444 2246 1490 ιενος
2384 1422 2479 1478 καὶ
2539 1418 2970 1492 παραγινόμενος
3033 1413 3293 1477 θάνατος,
3349 1407 3559 1493 τούτοις
3605 1406 3667 1461 δὲ

408 1537 708 1607 contingit,
749 1533 793 1588 si
827 1532 1218 1599 comparentur
1249 1537 1371 1577 cum
1410 1520 1515 1583 iis,
1548 1515 1643 1588 qui
1684 1513 1828 1571 beati
1861 1524 1986 1566 esse

2107 1487 2342 1588 νυμφορά
2376 1517 2522 1568 ἐστιν
2565 1487 2886 1583 ήνάναῦολὴ
2932 1504 3027 1559 τοῦ
3057 1504 3287 1558 θανάτου
3312 1518 3326 1532 ·
3364 1487 3459 1554 καὶ
3489 1500 3517 1552 6
3569 1498 3669 1569 μὲν

412 1633 703 1690 videntur,
744 1640 775 1679 e
811 1621 976 1676 rebus
1013 1614 1308 1673 contrariis
1348 1612 1594 1667 dolorem
1649 1621 1715 1661 ac
1766 1602 1985 1659 mmsti-

2089 1609 2201 1681 βίος
2226 1610 2408 1672 αὐτοῖς
2442 1605 2578 1676 πρὸς
2600 1602 2662 1656 τὸ
2693 1600 2932 1657 ἐναντίον
2959 1597 3276 1668 διέστηκεν,
3307 1595 3342 1664 ή
3371 1593 3429 1648 δέ
3461 1590 3672 1662 ἀθυμία

412 1724 543 1775 tiam
581 1716 824 1785 capiunt.
860 1708 996 1765 Nam
1027 1708 1114 1762 his
1149 1704 1245 1776 qui
1283 1700 1543 1774 gaudenti
1589 1702 1722 1754 sunt
1759 1695 1942 1749 animo
1966 1733 1983 1761 ,

2107 1700 2228 1771 πρὸς
2271 1698 2332 1751 τὸ
2375 1694 2507 1750 αὐτὸ
2548 1692 2721 1765 πέρας
2751 1689 3083 1760 ἀμφοτέροις
3123 1684 3479 1755 συμφέρεται.
3510 1680 3674 1737 Οὕτω

415 1821 508 1867 aut
537 1813 884 1879 exspectata.
911 1807 1030 1856 aut
1064 1812 1185 1869 qua:
1219 1796 1331 1866 jam
1373 1794 1544 1848 instat
1580 1803 1729 1845 mors
1766 1793 1985 1858 pertur-

412 1876 691 1958 bationem
723 1894 921 1961 affert;
968 1890 1079 1946 illis
1132 1902 1264 1944 vero
1314 1884 1600 1941 calamitas
1648 1887 1736 1936 est
1783 1876 1982 1934 dilatio

416 1993 646 2049 mortis:
715 1987 934 2056 vitaque
980 1995 1169 2038 eorum
1220 1980 1363 2033 inter
1417 1990 1476 2032 se
1524 1970 1805 2029 contraria
1858 1977 1985 2033 est,

415 2085 684 2159 quasique
733 2075 1020 2146 interiecto
1052 2073 1319 2127 diametro
1342 2068 1550 2123 distat:
1587 2065 1879 2132 utriusque
1912 2066 1992 2114 ta-

425 2193 549 2233 men
605 2168 953 2228 imbecillitas
1011 2162 1177 2218 animi
1229 2160 1420 2215 eodem
1474 2156 1711 2213 termino
1760 2150 2006 2227 commi:

421 2281 627 2327 scetur.
662 2261 1027 2331 Quamobrem
1081 2252 1364 2323 multiplex
1419 2258 1474 2305 et
1519 2247 1674 2302 varia
1706 2254 1793 2301 est
1831 2244 1991 2315 copia

428 2362 730 2422 malorum,
761 2368 884 2426 quae
911 2366 942 2405 a
973 2346 1183 2419 nuptiis
1210 2343 1487 2400 exsistunt
1518 2359 1532 2395 :
1571 2337 1816 2393 dolorem
1845 2335 1992 2390 enim

428 2450 591 2509 liberi
632 2447 744 2504 nati
777 2458 933 2516 atque
964 2442 1297 2511 important,
1332 2447 1398 2488 ac
1430 2446 1541 2486 non
1575 2428 1727 2495 nati;
1776 2431 1831 2481 et
1868 2439 1996 2479 rur-

430 2555 530 2596 sus
567 2546 678 2591 tam
714 2513 861 2596 vivi,
899 2542 1062 2600 quam
1102 2523 1325 2580 mortui.
1365 2518 1469 2575 Hic
1504 2519 1651 2575 enim
1692 2513 1992 2570 liberorum

424 2626 775 2686 multitudine
825 2621 1059 2695 gaudet.
1107 2631 1233 2673 cum
1276 2628 1390 2670 non
1442 2611 1578 2669 satis
1612 2608 1814 2665 habeat
1846 2602 1997 2661 unde

426 2722 577 2784 alat;
636 2716 725 2770 ille
787 2726 916 2767 vero
980 2707 1194 2764 haerede
1255 2711 1408 2759 caret
1477 2700 1806 2756 facultatum
1869 2711 2000 2753 sua-

431 2825 587 2871 rum,
615 2808 670 2861 in
700 2803 900 2873 quibus
941 2797 1178 2870 maxime
1222 2791 1567 2850 elaboravit:
1615 2795 1782 2859 atque
1824 2788 1994 2841 unius

427 2899 648 2970 quidem
676 2896 818 2950 bona
849 2890 1068 2945 fortuna
1095 2887 1325 2941 alterius
1371 2883 1740 2940 calamitatem
1796 2877 1960 2935 efﬁcit
1981 2917 1998 2943 ,

430 3006 555 3047 cum
584 2988 687 3044 sibi
722 2993 955 3053 uterque
989 2978 1121 3035 illud
1156 2977 1378 3034 evenire
1419 2975 1588 3037 velit,
1621 2986 1731 3044 quo
1764 2970 1999 3025 alterum

2093 1789 2428 1862 πολύτροπός
2477 1790 2592 1841 ἐστι
2621 1784 2716 1839 καὶ
2748 1781 2963 1852 ποικίλη
2998 1778 3105 1834 τῶν
3144 1779 3209 1830 ἐκ
3234 1775 3329 1830 τοῦ
3362 1773 3541 1846 γάμου
3571 1790 3677 1827 κα-

2094 1884 2207 1940 κῶν
2234 1886 2267 1953 ἠ
2299 1880 2562 1953 χορηγία*
2610 1874 2837 1930 λυποῦσι
2877 1872 2985 1944 γάρ
3030 1870 3232 1943 ὁμοίως
3268 1866 3363 1921 καὶ
3398 1866 3676 1936 γινόμενοι

2095 1974 2282 2039 παῖδες
2317 1976 2410 2026 καὶ
2455 1970 2529 2042 μὴ
2570 1964 2948 2035 ἐλπιζόμενον
3004 1963 3099 2017 καὶ
3140 1959 3303 2015 πάλιν
3345 1957 3545 2022 ζῶντες
3579 1955 3679 2009 καὶ

2097 2061 2550 2132 ἀποθνήσκοντες.
2593 2055 2651 2107 Ὀ
2689 2053 2787 2124 μὲν
2825 2052 2936 2124 γὰρ
2967 2050 3275 2122 εὐθηνεῖται
3318 2047 3525 2109 παισὶν,
3554 2044 3679 2098 οὐδὲ

2095 2152 2303 2225 τροφῆς
2329 2150 2464 2221 ἔχων
2490 2146 2685 2209 ἱκανῶς
2703 2160 2717 2174 ·
2742 2144 2820 2215 τῷ
2840 2144 2897 2197 δὲ
2917 2142 3016 2213 οὐχ
3045 2141 3271 2195 ὕπεστιν
3300 2141 3328 2192 6
3352 2135 3446 2191 τοῦ
3469 2136 3675 2206 κλήρου

2098 2245 2337 2314 διάδοχος
2381 2241 2475 2295 ἐπὶ
2519 2238 2731 2301 πολλοῖς
2757 2232 2839 2299 οἷς
2881 2233 3206 2305 ἐμόχθησεν,
3237 2230 3332 2283 καὶ
3365 2230 3422 2282 ἐν
3456 2226 3680 2297 ἀγαθῶν

2104 2339 2268 2411 μοίρᾳ
2296 2333 2392 2406 τὴν
2436 2332 2542 2387 τῶν
2590 2328 2884 2400 ἀλλοτρίων
2915 2327 3149 2380 ποιεῖται
3193 2321 3520 2411 συμφοράη
3551 2318 3684 2372 ἐκά-

2101 2399 2256 2500 τερος
2287 2399 2465 2479 αὐτῶν
2503 2423 2681 2475 ἐκεῖνο
2703 2415 2958 2488 γενέσθαι
2998 2413 3337 2484 βουλόμενος,
3375 2409 3458 2478 ἐφ’
3484 2399 3530 2477 ᾧ
3549 2407 3683 2461 δυσ-

2104 2498 2372 2592 φοροῦντα
2409 2514 2591 2586 βλέπει
2637 2512 2727 2565 τὸν
2775 2509 2980 2579 ἓτερον.
3020 2500 3093 2576 Ὦ
3141 2503 3240 2575 μὲν
3279 2500 3386 2573 γάρ
3421 2498 3684 2568 τέθνηκεν

2104 2587 2457 2682 ήγαπημένος
2482 2607 2631 2668 παῖς,
2655 2600 2701 2672 ᾧ
2729 2601 2786 2654 δέ
2815 2598 3018 2677 ἐπεϐίω
3055 2597 3083 2650 6
3104 2596 3311 2656 ἄσωτος
3332 2608 3345 2622 ’
3380 2590 3601 2645 ἐλεεινοὶ
3623 2587 3685 2641 δέ

2106 2681 2434 2775 ἀμφότεροι·
2468 2701 2496 2753 6
2530 2698 2627 2769 μὲν
2664 2693 2758 2748 τὸν
2797 2692 3025 2747 θάνατον
3048 2687 3143 2743 τοῦ
3187 2685 3398 2749 παιδὸς,
3430 2685 3461 2737 6
3490 2682 3548 2736 δὲ
3580 2681 3686 2752 τὴν

2109 2774 2253 2864 ζωὴν
2280 2790 2622 2862 ὀδυρόμενος.
2670 2785 2775 2841 Ἐῶ
2823 2780 3151 2856 ζηλοτυπίας
3181 2778 3276 2832 καὶ
3322 2776 3522 2847 μάχας,
3571 2774 3686 2826 εἴτε

2109 2885 2169 2951 ἐξ
2205 2883 2420 2956 ἀληθῶν
2449 2881 2809 2955 πραγμάτων,
2838 2876 2948 2931 εἴτε
2971 2874 3032 2939 ἐξ
3055 2869 3322 2927 ὑπονοιῶν
3351 2865 3685 2936 συνισταμὲ-

2109 2995 2224 3043 νας,
2256 2978 2335 3040 εἰς
2380 2969 2468 3029 οἷα
2514 2973 2661 3043 πάθη
2693 2972 2784 3025 καὶ
2810 2962 3116 3040 ’συμφοράς
3159 2962 3545 3033 καταλήγουσι.
3588 2956 3689 3020 Τίς

430 3076 672 3135 cruciari
698 3073 868 3129 videt.
900 3072 979 3125 Ac
1020 3069 1149 3124 huic
1192 3073 1446 3122 mortuus
1498 3071 1585 3120 est
1627 3063 1997 3119 suavissimus

2107 3071 2215 3141 γὰρ
2258 3068 2325 3123 ἂν
2371 3068 2547 3121 πάντα
2597 3063 2733 3136 μετά
2775 3062 3061 3133 ἀκριϐείας
3090 3056 3567 3129 ἀπαριθμήσαιτος
3612 3050 3687 3106 ΣΞ)

426 3185 568 3242 puer
598 3186 611 3221 :
644 3164 725 3221 illi
756 3170 981 3232 superat
1018 3158 1308 3230 prodigus.
1338 3154 1584 3224 Uterque
1614 3167 1749 3209 sane
1778 3150 2009 3207 commi-

436 3240 717 3318 seratione
741 3254 941 3325 dignus
966 3270 981 3306 :
1014 3264 1162 3305 unus
1190 3247 1409 3319 quidem
1440 3240 1537 3299 ﬁlii
1567 3249 1798 3299 mortem
1820 3281 1839 3308 ,
1870 3241 2008 3295 alter

430 3365 571 3408 vero
621 3349 790 3403 vitam
845 3344 1015 3415 luget.
1065 3340 1335 3395 Praetereo
1379 3337 1580 3408 quibus
1627 3332 1914 3389 affectibus
1960 3340 2013 3385 et

439 3438 842 3500 calamitatibus
883 3432 1262 3506 suspiciones,
1301 3436 1357 3486 et
1392 3428 1560 3493 rixae,
1603 3425 1688 3481 vel
1742 3440 1808 3481 ex
1847 3422 2013 3478 rebus

428 3537 617 3599 veris,
650 3532 736 3589 vel
763 3546 795 3588 e
827 3527 988 3585 falsis
1022 3522 1450 3597 cogitationibus
1477 3524 1685 3575 exorta:
1711 3515 2016 3573 terminen-

439 3639 549 3685 tur.
585 3626 723 3693 Quis
754 3623 900 3679 enim
932 3617 1118 3675 omnia
1165 3613 1457 3686 diligenter
1503 3623 1736 3666 narrare
1780 3602 2017 3677 posset?

436 3722 522 3776 Tu
553 3735 682 3775 vero
710 3717 758 3773 si
785 3713 928 3771 scire
951 3709 1038 3765 vis
1060 3746 1076 3773 ,
1105 3717 1164 3761 ut
1195 3707 1280 3760 bis
1308 3704 1476 3758 rebus
1509 3702 1613 3756 vita
1636 3700 1707 3755 sit
1730 3695 2017 3753 hominum

442 3812 764 3880 implicata,
806 3817 876 3857 ne
915 3800 1047 3854 mihi
1086 3806 1304 3866 repetas
1346 3793 1603 3861 antiquas
1630 3787 2016 3850 narrationes,

445 3877 567 3972 quae
629 3895 807 3967 poetis
864 3889 1178 3944 fabularum
1235 3889 1559 3953 argumenta
1619 3877 2016 3949 praebuerunt;

446 3969 578 4050 nam
617 3997 842 4059 propter
883 3977 1260 4037 incredibilem
1307 3972 1599 4047 quamdam
1650 3969 2021 4027 insulsitatem

442 4083 651 4140 fabulae
686 4080 790 4133 illae
819 4074 1041 4148 quidem
1082 4077 1386 4142 putantur:
1423 4067 1478 4120 in
1510 4065 1597 4129 his
1628 4063 1776 4119 enim
1821 4061 2023 4116 libero-

449 4191 572 4231 rum
605 4170 783 4228 catdcs
806 4209 821 4235 ,
851 4181 916 4223 ac
943 4164 1271 4221 voracitates
1294 4200 1309 4225 ,
1343 4158 1572 4212 fratrum
1602 4151 2020 4213 trucidationes,

444 4271 697 4324 virorum
747 4274 950 4325 neces,
1012 4262 1249 4310 matrum
1290 4247 1775 4318 interemptiones,
1828 4240 2024 4298 nefarii

452 4361 632 4416 coitus
650 4396 665 4421 ,
692 4363 748 4411 et
775 4351 928 4407 varia
958 4347 1195 4416 denique
1222 4349 1434 4397 natura:
1460 4336 1797 4409 perturbatio
1817 4374 1832 4399 ,
1862 4331 2023 4401 cujus

444 4442 1029 4508 coniunemorationem
1056 4437 1127 4500 ii,
1154 4434 1245 4505 qui
1273 4440 1456 4487 vetera
1480 4434 1738 4491 narrant,
1759 4440 1798 4489 a.
1816 4421 2023 4494 nuptiis

453 4539 839 4600 esordiuntur,
864 4527 1293 4601 hujusmodique
1318 4520 1725 4577 calamitatibus
1755 4514 2027 4570 narratio-

447 4649 580 4690 nem
612 4630 788 4700 ipsam
820 4621 1180 4679 concludunt.
1217 4614 1419 4671 Verum
1467 4610 1724 4667 omnibus
1764 4607 1851 4662 his
1892 4619 2033 4676 prae-

456 4721 763 4786 termissis,
804 4726 859 4772 tu
901 4715 1062 4771 velim
1096 4713 1152 4766 in
1188 4711 1354 4780 hujus
1395 4706 1518 4761 vita
1568 4703 1784 4758 theatro
1825 4710 2030 4768 tragm-

390 4820 415 4877 ‘.
457 4815 578 4870 dias
608 4819 821 4883 spectes
841 4849 857 4875 ,
887 4819 1121 4876 quarum
1149 4801 1375 4857 omnino
1403 4795 1672 4852 ministra:
1704 4790 2026 4847 hominibus

460 4881 663 4976 nuptiae
690 4909 842 4958 sunt.
878 4895 1018 4953 Veni
1045 4895 1112 4949 ad
1143 4891 1352 4963 judicia
1372 4931 1387 4955 ,
1418 4893 1696 4958 pertracta
1724 4883 1794 4938 de
1832 4882 1918 4937 his
1949 4881 2028 4935 le-

458 5012 573 5067 ges.
599 4991 847 5049 invenies
871 4990 927 5043 in
952 4988 1062 5043 illis
1084 4999 1172 5040 res
1196 4983 1263 5038 de
1290 4980 1496 5049 nuptiis
1520 4977 1759 5032 nefarias
1789 4993 1802 5029 :
1836 4987 2033 5044 quem-

458 5087 752 5143 admodum
805 5083 987 5145 enim,
1024 5091 1150 5134 cum
1188 5074 1433 5128 medicos
1487 5071 1556 5124 de
1608 5068 1776 5124 variis
1816 5064 2026 5121 morbis

460 5182 800 5235 disserentes
850 5171 1129 5232 audieris,
1171 5163 1739 5232 animadverterisque
1785 5159 2031 5230 quibus,

2055 4395 2101 4451 ι)

2109 3159 2165 3213 δὲ
2188 3140 2234 3213 εί
2260 3157 2433 3229 βούλει
2460 3155 2668 3228 μαθεῖν,
2702 3155 2849 3216 ὅπως
2884 3150 3265 3223 ἐμπέπλησται
3293 3144 3401 3198 τῶν
3432 3140 3690 3198 τοιούτων

2113 3249 2302 3305 κακῶν
2326 3248 2361 3320 ή
2388 3246 2705 3319 ἀνθρωπίνη
2738 3243 2870 3314 ζωὴ.
2913 3243 2986 3313 μή
3025 3258 3116 3311 μοι
3158 3238 3435 3309 ἀναλάϐῃς
3466 3234 3536 3289 τά
3578 3250 3688 3286 πα-

2113 3342 2241 3396 λαιά
2266 3343 2600 3413 διηγήματα,
2645 3338 2681 3392 ἃ
2703 3340 2814 3402 τοῖς
2845 3338 3096 3406 ποιηταῖς
3125 3335 3235 3388 τῶν
3273 3332 3565 3404 δραμάτων
3588 3329 3692 3393 τάς

2115 3433 2399 3497 ὑποθέσεις
2430 3431 2597 3485 ἐδωκε
2614 3448 2628 3462 ο
2676 3429 2835 3501 μῦθοι
2861 3428 2970 3500 γὰρ
2996 3428 3182 3481 ἐκεῖνα
3207 3423 3297 3480 διὰ
3321 3422 3418 3493 τὴν
3461 3419 3695 3491 ὑπερϐο-

2115 3525 2214 3596 λὴν
2243 3524 2342 3595 τῆς
2372 3523 2599 3588 ἀτοπίας
2621 3521 2950 3595 νομίζονται,
2988 3520 3047 3574 ἐν
3087 3511 3170 3581 οἷς
3197 3514 3557 3584 παιδοφονίσι,
3599 3511 3697 3566 καὶ

2115 3617 2489 3687 τεκνοφαγίαι,
2517 3616 2665 3685 φόνοι
2691 3632 2752 3669 τε
2775 3612 3006 3685 ἀνδρῶν,
3037 3609 3133 3665 καὶ¹
3163 3605 3569 3680 μητροκτονίαι,
3599 3603 3698 3658 καὶ

2118 3704 2362 3779 ἀδελφῶν
2399 3707 2624 3776 σφαγαὶ,
2654 3704 2748 3758 καὶ
2782 3703 2954 3774 μίξεις
2993 3700 3319 3772 παράνομοι,
3359 3696 3456 3750 καὶ
3490 3697 3523 3766 ἡ
3559 3711 3700 3747 πανο

2118 3800 2349 3872 τοδαπὴ’
2372 3798 2470 3869 τῆς
2515 3796 2728 3867 φύσεως
2767 3795 3057 3865 σύγχυσις’
3099 3793 3172 3863 ἢν
3199 3791 3249 3843 οί
3290 3788 3359 3842 τά
3388 3789 3589 3858 ἀρχαῖα
3618 3784 3701 3839 δι-

2122 3892 2411 3965 ηγούμενοι
2446 3890 2556 3945 ἀπὸ
2581 3889 2774 3960 γάμων
2799 3887 3090 3959 ἀρχόμενοι
3110 3886 3208 3955 τῆς
3237 3882 3587 3952 ἀφηγήσεως,
3614 3878 3698 3942 είς

2122 3985 2220 4048 τὰς
2263 3983 2516 4046 τοιαύτας
2554 3980 2837 4052 συμφορὰς
2864 3977 3283 4048 καταλήγουσιν.
3334 3970 3472 4024 Ἀλλ’
3511 3970 3699 4025 ἐκεῖνα

2125 4077 2304 4132 πάντα
2336 4072 2672 4136 καταλιπὼν,
2701 4070 2978 4142 θεώρησον
3005 4067 3097 4121 ἐπὶ
3136 4067 3236 4136 τῆς
3279 4062 3562 4134 παρούσης
3601 4058 3700 4116 τοῦ

2128 4166 2243 4237 βίου
2286 4164 2489 4236 σκηνῆς
2518 4163 2616 4226 τάς
2661 4163 2719 4216 ἐν
2768 4159 2916 4230 αὐτῷ
2961 4156 3300 4229 τραγῳδίας’
3344 4147 3420 4209 ὧν
3466 4150 3704 4223 χορηγὸς

2126 4258 2332 4327 γίνεται
2359 4257 2471 4318 τοῖς
2498 4252 2807 4325 ἀνθρώποις
2828 4253 2857 4305 6
2891 4251 3089 4321 γάμος.
3135 4247 3288 4303 Ἐλθὲ
3319 4245 3413 4299 ἐπὶ
3449 4243 3518 4297 τὰ
3544 4242 3705 4297 δικα-

2131 4348 2347 4417 στήρια,
2394 4343 2667 4415 ἀνάγνωθι
2713 4343 2837 4406 τοὺς
2884 4342 3010 4412 περὶ
3055 4338 3258 4393 τούτων
3306 4336 3537 4406 νόμους,

2129 4438 2354 4508 κατόψει
2380 4436 2449 4490 τὰ
2485 4435 2593 4491 τῶν
2621 4434 2814 4504 γάμων
2855 4432 3163 4503 ἀπόρρητα.
3200 4430 3412 4498 Ὥσπερ
3438 4426 3547 4497 γὰρ
3575 4424 3708 4478 ὅταν

2134 4529 2334 4603 ἰατρῶν
2381 4527 2618 4598 ἀκούσῃς
2666 4525 2736 4579 τὰ
2780 4522 3000 4577 ποικίλα
3038 4520 3187 4591 πάθη
3235 4519 3560 4586 διεξιόντων,
3604 4514 3710 4586 τὴν

2133 4618 2423 4689 ἀθλιότητα
2472 4616 2760 4687 μανθάνεις
2781 4613 2874 4667 τοῦ
2904 4612 3244 4684 ἀνθρωπίνου
3280 4609 3548 4680 σώματος,
3579 4605 3712 4660 οἵων

2133 4709 2228 4762 καὶ
2273 4708 2414 4761 ὅσων
2449 4706 2633 4761 κακῶν
2666 4706 2910 4760 δεκτικόν
2951 4708 3066 4758 ἐστι
3094 4702 3508 4772 διδασκόμενος’
3535 4695 3713 4759 οὕτως

2134 4797 2352 4851 ἐπειδὰν
2377 4801 2486 4862 τοῖς
2513 4799 2698 4868 νόμοις
2733 4798 2982 4870 ἐντύχῃς,
3019 4796 3113 4850 καὶ
3155 4793 3298 4865 γνῷς
3322 4792 3419 4855 τὰς
3448 4788 3713 4859 πολυτρόο

2140 4905 2271 4951 πους
2310 4889 2416 4943 τῶν
2459 4890 2650 4960 γάμων
2697 4887 3060 4960 παρανομίας,
3107 4885 3229 4939 καθ’
3256 4877 3329 4937 ὧν
3373 4883 3572 4935 ἐκεῖνοι
3613 4879 3716 4941 τὰς

2138 4980 2404 5052 τιμωρίας
2441 4980 2730 5053 ὁρίζουσιν,
2761 4980 3004 5053 ἀκριϐῶς
3042 4979 3268 5051 διδάσκῃ
3304 4974 3397 5029 τοῦ
3435 4971 3615 5043 γάμου
3648 4970 3718 5023 τὰ

2141 5070 2268 5125 ῐδια.
2300 5071 2435 5126 Οὔτε
2468 5075 2577 5144 γάρ
2626 5073 2806 5143 ἰατρὸς
2847 5070 2915 5125 τά
2947 5070 3023 5142 μὴ
3051 5070 3179 5123 ὄντα
3221 5064 3514 5138 θεραπεύει
3544 5056 3719 5132 πάθη,

2097 5161 2104 5169 ’
2141 5161 2263 5216 οὔτε
2292 5162 2455 5234 νόμος
2490 5164 2559 5217 τὰ
2601 5164 2675 5236 μὴ
2707 5163 2964 5233 γινόμενα
3003 5159 3294 5232 θεραπεύει
3333 5156 3499 5212 κακά.

461 5278 660 5339 quotve
692 5265 899 5323 morbis
929 5278 1130 5333 corpus
1158 5263 1457 5316 humanum
1497 5254 1633 5309 allici
1678 5258 1888 5324 potest,
1931 5250 2077 5308 illius
2111 5254 2361 5313 miserias
2425 5255 2751 5325 cognoscis:
2822 5255 2896 5307 ita
2965 5268 3033 5308 ex
3096 5252 3335 5323 legibus,
3403 5262 3526 5303 cum
3593 5261 3717 5317 per-

464 5359 668 5430 spicias
693 5355 882 5421 multa,
921 5363 976 5409 et
1006 5352 1178 5417 varia,
1206 5366 1329 5421 qua:
1351 5349 1405 5404 in
1428 5348 1634 5417 nuptiis
1658 5349 1865 5401 scelera
1888 5344 2329 5412 committuntur,
2356 5361 2588 5417 quorum
2615 5360 2789 5416 poma:
2826 5344 3039 5415 legibus
3061 5343 3196 5414 ipsis
3225 5340 3583 5403 definiuntur,
3629 5353 3720 5394 ac-

468 5462 659 5505 curate
681 5446 964 5517 intelligis,
989 5460 1110 5515 qum
1132 5452 1260 5500 sunt
1282 5440 1598 5511 nuptiarum
1627 5435 1849 5506 propria
1878 5452 1891 5487 :
1927 5447 2105 5503 neque
2134 5436 2279 5490 enim
2309 5444 2403 5491 aut
2430 5436 2676 5493 medicus
2700 5449 2816 5501 eos,
2842 5434 2937 5505 qui
2968 5448 3076 5490 non
3100 5439 3249 5497 sunt,
3281 5430 3503 5485 morbos
3531 5436 3719 5495 curat,

468 5561 570 5603 nec
594 5544 789 5601 delicta
809 5543 935 5598 item
957 5580 970 5607 ,
1008 5556 1127 5610 qua:
1156 5554 1267 5595 non
1306 5537 1747 5598 committuntur,
1777 5532 1924 5602 leges
1953 5528 2211 5600 puniunt.
3744 5508 3749 5512 ’
