4034 6132
310 338 410 392 557

918 449 1164 502 ΚΕΦΑΛ.
1199 450 1270 505 Δ’.

312 565 434 617 Ὀτι
483 563 678 616 πάντα
716 561 789 616 τὰ
822 563 972 617 κατὰ
1009 563 1114 616 τὸν
1135 563 1280 632 ,βίον
1301 563 1511 629 ἄτοπα,
1550 561 1659 630 τὴν
1686 563 1881 632 ἀρχὴν

380 632 494 686 ἀπὸ
524 633 631 686 τοῦ
661 632 848 700 γάμου
876 633 1001 702 ἔχει
1024 649 1034 660 ·
1059 627 1193 702 sup
1225 633 1321 686 καί
1353 632 1476 698 οἶος
1499 627 1534 685 ὁ
1561 627 1881 700 κὰτὰὶὶᾆῖῆ-

375 707 541 758 θειαν
575 700 1030 770 ἀποταξάμενος
1057 700 1137 767 τῷ
1168 704 1284 769 ,ϐίῳ
1314 703 1505 756 ἐστίν.

287 817 293 822 ’
374 811 587 864 Μᾶλλον
629 811 684 862 δὲ
730 811 784 865 τί
823 811 926 882 χρὴ
961 812 1297 881 μικρολόγως
1343 813 1436 866 τοῦ
1484 814 1725 868 τοιούτου
1764 814 1878 884 βίου

306 903 398 974 τὴν
439 904 668 957 ἀτοπίαν
702 904 964 974 ἐλέγχειν,
989 907 1045 956 ἐν
1089 905 1274 975 μόναις
1317 906 1581 975 μοιχείαις
1604 946 1619 970 ,
1651 907 1744 960 καὶ
1769 907 1882 960 δια-

308 997 546 1058 στάσεσι,
581 995 676 1050 καὶ
715 996 1025 1059 ἐπιϐουλαῖς
1048 997 1456 1068 περιορίζοντας
1476 999 1574 1069 τὴν
1599 1000 1706 1053 τῶν
1741 1017 1879 1069 συμ-

307 1086 484 1156 φορῶν
523 1085 820 1156 ἀρίθμησιν
849 1103 863 1152 ;
898 1086 1044 1140 δοκεῖ
1079 1087 1188 1157 γάρ
1223 1105 1310 1157 μοι
1339 1086 1416 1157 τῷ
1446 1087 1758 1160 ὑψηλοτέρῳ
1786 1089 1881 1142 καὶ

305 1175 648 1245 ἀληθεστέρῳ
681 1175 843 1245 λόγῳ,
877 1177 1023 1228 πᾶσα
1068 1176 1100 1245 ἠ
1129 1176 1220 1227 τοῦ
1279 1175 1392 1246 βίου
1429 1177 1598 1230 κακία
1620 1219 1632 1242 ,
1660 1179 1694 1248 ἡ
1746 1178 1880 1231 πᾶσι

306 1265 593 1333 πράγμασι
638 1264 732 1315 καὶ
766 1263 1193 1333 ἐπιτηδεύμασιν
1247 1263 1675 1336 ἐνθεωρουμένη,
1719 1267 1882 1338 p.qu-

308 1355 435 1424 μίαν
463 1355 736 1424 εὑρίσκειν
763 1355 935 1426 ἀρχὴν
971 1355 1110 1408 κατὰ
1145 1355 1245 1424 τῆς
1272 1356 1364 1408 τοῦ
1395 1356 1682 1428 ἀνθρώπου
1712 1357 1878 1427 ζωῆς,

303 1447 354 1497 εί
374 1463 458 1507 τις
496 1445 684 1497 ἑαυτὸν
719 1445 792 1514 μὴ
836 1445 1108 1512 ὑπαγάγοι
1136 1449 1202 1517 τῇ
1234 1447 1445 1517 ἀνάγκῃ
1481 1447 1575 1500 τοῦ
1614 1448 1728 1518 βίου
1762 1448 1882 1501 τού-

301 1551 416 1586 του.
461 1535 619 1587 Οὕτω
654 1535 710 1586 δέ
730 1536 858 1604 ἡμῖν
888 1537 921 1605 ἡ
953 1535 1175 1604 ἀλήθεια
1195 1535 1287 1588 τοῦ
1314 1537 1469 1604 λόγου
1497 1539 1878 1610 φανερωθήσε-

301 1645 410 1679 ται.
456 1628 512 1679 Ὀ
529 1627 627 1698 τὴν
659 1625 752 1679 τοῦ
781 1626 895 1695 βίου
939 1626 1130 1680 τούτου
1165 1628 1378 1698 ἀπάτην
1412 1631 1751 1701 κατανοήσας
1779 1647 1878 1684 κα-

303 1717 454 1787 θαρῴ
489 1717 564 1786 τῷ
589 1719 688 1786 τῆς
733 1717 913 1787 ψυχῆς
955 1717 1238 1789 ὀφθαλμῷ,
1286 1719 1378 1772 καὶ
1419 1721 1743 1790 ὑψηλότερος
1772 1720 1878 1774 τῶν

1651 331 1739 386 DE
1775 329 2241 388 VIRGINITATE.

1909 464 1956 520 A

3457 331 3562 388 338

2597 446 2825 502 CAPUT
2865 445 2954 502 IV.

1984 557 2322 626 Quwcunque
2374 557 2428 610 in
2468 555 2563 611 hac
2610 561 2716 612 vita
2760 561 2995 614 eveniunt
3043 559 3309 622 absurda,
3353 560 3564 615 initium

2055 627 2590 700 obnuptiishabent.
2643 629 2846 700 Qualis
2881 631 3004 682 item
3037 645 3148 683 esse
3179 629 3361 683 debeat
3391 632 3438 685 is
3473 631 3562 700 qui

2055 697 2211 765 hujus
2241 713 2295 751 se
2324 698 2442 751 vita:
2471 699 2718 752 societate
2745 699 3044 753 abduxerit.

2053 813 2122 866 At
2168 827 2300 867 vero
2352 813 2484 882 quid
2542 813 2708 882 hujus
2761 815 2886 868 vitae
2946 814 3349 870 absurditatem
3406 813 3560 869 brevi

1981 902 2231 957 oratione
2268 903 2658 972 praestringere
2692 919 2790 959 nos
2825 911 3075 974 oportet,
3107 904 3201 974 qui
3235 902 3523 958 adulteriis
3548 945 3563 970 ,

1981 992 2228 1048 dissidiis
2249 1033 2264 1057 ,
2295 993 2742 1049 dissensionibus
2767 1035 2781 1058 ,
2814 1003 2978 1064 atque
3017 993 3236 1049 insidiis
3273 995 3564 1049 calamita-

1983 1092 2098 1137 tum
2128 1084 2602 1139 enumerationem
2633 1085 3036 1140 terminemus?
3064 1085 3263 1139 veriori
3291 1087 3436 1140 enim
3472 1101 3562 1138 ra—

1983 1176 2140 1230 tione
2174 1176 2308 1230 mihi
2343 1177 2523 1232 omnis
2548 1177 2672 1230 vita:
2705 1177 3060 1246 improbitas,
3097 1192 3222 1246 quae
3256 1185 3310 1231 ct
3342 1177 3564 1231 cunctis

1980 1267 2038 1320 in
2075 1267 2242 1322 rebus
2264 1308 2277 1330 ,
2308 1276 2362 1322 et
2395 1267 2595 1323 studiis
2634 1268 2903 1330 cernitur,
2939 1267 3149 1321 nullum
3182 1267 3245 1320 in-
3273 1266 3556 1320 hominum

1981 1356 2094 1410 vita
2149 1356 2440 1426 imperium
2488 1357 2689 1412 habere
2736 1357 2970 1420 videtur,
3014 1357 3124 1412 nisi
3170 1357 3294 1426 quis
3358 1358 3553 1427 hujus-

1982 1445 2130 1500 modi
2183 1447 2308 1500 vitae
2355 1449 2737 1504 necessitatem
2783 1449 2887 1503 sibi
2915 1449 3034 1518 ipse
3068 1450 3335 1518 imponat.
3387 1448 3564 1516 Atque

1982 1535 2086 1591 hoc
2107 1537 2325 1606 quidem
2354 1538 2515 1592 modo
2546 1539 2708 1609 hujus
2735 1539 3004 1595 orationis
3033 1539 3234 1594 veritas
3261 1538 3420 1594 nobis
3445 1553 3564 1608 ape.

1981 1627 2171 1681 rietur.
2214 1627 2317 1693 Qui
2344 1629 2508 1699 hujus
2535 1631 2656 1685 vitae
2690 1629 2912 1687 fraudes
2959 1647 3098 1702 puro
3155 1632 3353 1687 mentis
3397 1647 3564 1688 sensu

1982 1719 2402 1788 animadvertit,
2436 1730 2491 1776 et
2526 1722 2695 1779 altius
2723 1737 2753 1776 a
2789 1724 2982 1790 rebus,
3009 1739 3132 1794 quae
3166 1724 3254 1778 hic
3288 1731 3561 1794 expetun-

303 1807 539 1861 ἐνταῦθα
561 1809 1005 1878 σπουδαζομένων
1026 1809 1332 1879 γενόμενος’
1361 1811 1476 1875 καὶ,
1510 1810 1690 1876 καθώς
1712 1829 1874 1882 φησιν

1988 1822 2084 1874 Lur,
2134 1826 2192 1866 se
2224 1811 2400 1878 tollit,
2438 1813 2767 1881 omniaque,
2815 1821 2875 1867 ut
2903 1822 2988 1868 est
3030 1812 3173 1882 apud
3216 1814 3562 1883 Apostolum,

301 1901 328 1953 ό
363 1899 719 1962 Ἀπόστολος,
746 1899 995 1969 καθάπερ
1018 1900 1138 1953 τινὰ
1171 1899 1377 1970 δυσώδη
1431 1901 1671 1954 σκύϐαλα
1706 1903 1882 1955 πάντα

302 1993 599 2062 περιορῶν,
630 1993 722 2045 καὶ
762 1993 960 2062 τρόπον
1009 1992 1128 2045 τινὰ
1161 1993 1254 2044 τοῦ
1287 1991 1401 2062 βίου
1436 1993 1632 2056 παντὸς
1673 1993 1761 2046 διὰ
1785 1995 1883 2064 τῆς

300 2083 392 2135 τοῦ
432 2083 614 2152 γάμου
650 2083 1048 2153 ἀναχωρήσεως
1092 2082 1282 2136 ἑαυτὸν
1317 2083 1606 2152 ἐξοικίσας,
1630 2084 1884 2155 οὐδεμίαν

299 2172 412 2244 ἔχει
460 2173 744 2227 κοινωνίαν
779 2173 914 2243 πρὸς
943 2173 1012 2228 τά
1040 2175 1186 2228 κακὰ
1217 2172 1286 2227 τὰ
1321 2172 1636 2244 ἀνθρώπινα
1669 2193 1682 2206 ·
1705 2176 1887 2230 πλεον-

303 2265 458 2329 εξίαν
481 2263 624 2331 λέγω
641 2264 734 2316 καὶ
763 2263 975 2332 φθόνον,
1002 2265 1170 2334 ὀργήν
1197 2280 1256 2317 τε
1287 2264 1380 2317 καὶ
1409 2267 1582 2335 μῖσος,
1613 2267 1706 2320 καὶ
1724 2268 1886 2338 κενῆς

300 2353 462 2424 δόξης
507 2354 801 2424 ἐπιθυμίαν
823 2395 836 2418 ,
874 2356 966 2408 καὶ
997 2354 1066 2407 τὰ
1113 2354 1248 2408 ἄλλα
1279 2356 1377 2408 ὅσα
1407 2354 1647 2408 τοιούτου
1700 2358 1888 2426 γένους

301 2443 474 2496 ἐστίν.
508 2443 733 2498 Πάντων
772 2444 828 2497 δέ
876 2443 982 2496 τῶν
1011 2444 1264 2498 τοιούτων
1293 2446 1391 2516 τὴν
1435 2446 1682 2500 ἀτέλειαν
1727 2447 1886 2518 ἔχων,

302 2537 393 2590 καὶ
427 2535 520 2590 διὰ
556 2537 772 2590 πάντων
802 2534 1190 2607 ἐλευθεριάζων
1216 2537 1309 2590 καὶ
1336 2537 1630 2608 είρηνεύων
1659 2538 1736 2609 τῷ
1765 2538 1886 2611 βίῳ,

299 2630 398 2682 οὐκ
448 2629 595 2682 ἔστιν
641 2630 728 2697 ἐφ’
767 2621 870 2696 ᾧτε
919 2628 1280 2700 φιλονεικήσει
1330 2631 1442 2694 τοῖς
1488 2632 1761 2699 γειτνιῶσι
1797 2633 1889 2688 τὸν

301 2719 525 2788 φθόνον,
554 2717 764 2782 οὐδενὸς
795 2717 900 2770 τῶν
925 2716 1180 2771 τοιούτων
1209 2720 1531 2790 ἁπτόμενος,
1549 2716 1630 2786 οἷς
1653 2724 1681 2775 ό
1700 2722 1892 2792 φθόνος

301 2811 355 2862 ἐν
374 2812 450 2879 τῇ
485 2809 598 2879 ζωῇ
640 2808 966 2878 περιφύεται
999 2826 1012 2838 ·
1049 2811 1248 2873 παντὸς
1286 2816 1390 2882 γὰρ
1422 2811 1515 2864 τοῦ
1562 2814 1766 2884 κόσμου
1791 2815 1890 2888 τὴν

302 2899 504 2954 ἑαυτοῦ
537 2899 683 2969 ζωὴν
710 2900 1011 2971 ὑπεράρας,
1034 2903 1126 2954 καὶ
1170 2902 1327 2972 μόνον
1351 2902 1527 2973 τίμιον
1546 2905 1724 2977 ἑαυτῷ
1761 2909 1892 2978 κτῆ-

304 3010 378 3061 μα
391 2991 639 3062 νομίζων
663 2989 761 3062 τὴν
785 2993 1004 3064 ἀρετὴν,
1023 2993 1223 3047 ἄλυπόν
1251 3011 1370 3050 τινα
1399 2999 1492 3051 καὶ
1507 2999 1777 3070 εἰρηνικὸν
1797 3000 1891 3053 καὶ¹

302 3079 520 3151 ἄμαχον
552 3080 816 3150 βιοτεύσει
851 3081 985 3151 βίον.
1004 3083 1112 3153 Τῆς
1133 3085 1240 3154 γὰρ
1267 3084 1464 3154 ἀρετῆς
1492 3089 1524 3157 ἡ
1549 3086 1759 3156 κτῆσις,
1789 3088 1889 3142 κᾶν

301 3172 510 3233 πάντες
539 3171 838 3242 μετέχωσιν
868 3172 1038 3243 αὐτῆς
1070 3173 1366 3243 ἄνθρωποι,
1394 3175 1534 3228 κατὰ
1558 3178 1656 3248 τὴν
1693 3178 1887 3232 ἑαυτοῦ

302 3262 540 3332 δύναμιν
565 3261 816 3326 ἕκαστος,
849 3263 934 3316 ἀεὶ
965 3263 1180 3334 πλήρης
1200 3266 1310 3330 τοῖς
1332 3267 1687 3338 ἐπιθυμοῦσίν
1705 3271 1852 3322 ἐστιν
1871 3287 1884 3302 ·

303 3354 363 3406 ού
393 3354 544 3407 κατά
571 3352 669 3423 τὴν
705 3354 794 3406 ἐπὶ
827 3357 928 3424 γῆς
956 3356 1166 3425 κτῆσιν,
1191 3356 1256 3426 ἣν
1283 3357 1618 3428 διαιροῦντες
1639 3360 1718 3423 είς
1745 3361 1888 3430 τμήη

308 3463 479 3516 ματα,
497 3447 624 3499 ὅσον
646 3445 712 3500 ἂν
737 3447 1010 3518 προσθῶσι
1034 3452 1096 3519 τῇ
1127 3450 1226 3520 μιᾷ
1252 3451 1447 3520 μερίδι,
1473 3450 1724 3506 τοσοῦτον
1743 3451 1888 3522 ὑφεί-

302 3536 461 3590 λοντο
485 3538 584 3607 τῆς
610 3537 826 3608 ἐτέρας,
861 3540 956 3591 καὶ
1006 3539 1459 3610 πλεονασμὸςτοῦ
1490 3542 1628 3608 ἐνὸς,
1654 3543 1886 3596 ἐλάττω-

304 3629 385 3692 σίς
419 3631 544 3681 ἐστι
576 3627 668 3680 τοῦ
699 3629 1145 3700 συμμετέχοντος.
1182 3632 1341 3684 ’Ὀθεν
1388 3632 1480 3686 καὶ
1519 3635 1574 3686 αί
1621 3636 1748 3705 περὶ
1791 3633 1885 3687 τοῦ

300 3719 554 3783 πλείονος
573 3719 764 3790 μάχαι,
799 3720 886 3774 διά
900 3721 959 3773 τὸ
990 3722 1123 3791 πρὸς
1142 3721 1200 3774 τὸ
1217 3721 1565 3776 ἐλαττοῦσθαι
1599 3726 1751 3793 μῖσος
1773 3725 1887 3785 τοῖς

298 3813 614 3884 ἀνθρώποις
649 3813 1023 3867 συνίστανται·
1049 3815 1255 3868 ἐκείνου
1280 3816 1334 3868 δὲ
1363 3815 1714 3884 ἀνεπίφθονός
1741 3817 1886 3870 ἐστιν

298 3905 330 3974 ή
363 3905 656 3970 πλεονεξία
694 3905 786 3957 τοῦ
815 3907 1109 3976 κτήματος,
1141 3909 1231 3960 καὶ
1254 3911 1281 3960 ὁ
1309 3908 1368 3960 τὸ
1398 3908 1579 3962 πλεῖον
1609 3911 1883 3980 ἀρπάσας,

297 3994 566 4064 οὐδεμίαν
594 3996 790 4066 ἤνεγκε
827 3996 1026 4066 ζημίαν
1065 3998 1143 4068 τῷ
1179 4003 1464 4069 μετασχεῖν
1510 4001 1745 4066 ἀξιοῦντι
1777 4002 1886 4056 τῶν

300 4083 434 4138 ῐσων
464 4100 477 4112 ⁸
522 4085 662 4147 ἀλλ’.
677 4087 799 4139 ὅσον
833 4087 947 4140 ἐστί
996 4105 1079 4152 τις
1127 4090 1450 4160 χωρητικὸς,
1473 4091 1632 4154 αὐτός
1665 4109 1724 4144 τε
1751 4092 1888 4162 πλη-

299 4173 492 4245 ροῦται
527 4175 628 4244 τῆς
672 4177 883 4246 ἀγαθῆς
937 4176 1231 4246 ἐπιθυμίας
1258 4219 1272 4240 ,
1307 4179 1399 4231 καὶ
1437 4181 1465 4233 ό
1495 4180 1721 4244 πλοῦτος
1777 4182 1885 4235 τῶν

299 4263 518 4334 ἀρετῶν
551 4265 608 4316 ὲν
648 4267 760 4328 τοῖς
810 4265 1168 4336 προλαϐοῦσιν
1207 4268 1267 4319 οὐ
1314 4267 1784 4323 καταναλίσκεται.
1828 4271 1885 4323 ὐ

297 4356 484 4408 τοίνυν
530 4357 667 4426 πρὸς
724 4357 906 4410 τοῦτον
952 4358 1275 4412 ἀποϐλέπων
1310 4359 1400 4412 τὸν
1455 4360 1588 4429 βίον,
1645 4362 1737 4414 καὶ
1788 4362 1885 4434 τὴν

1982 1903 2141 1972 quasi
2201 1903 2389 1973 putida
2442 1911 2691 1958 stercora
2731 1902 2963 1974 despicit
2993 1907 3034 1968 ³,
3085 1913 3249 1974 atque
3296 1906 3363 1959 ab
3416 1906 3560 1960 omni

1985 1994 2108 2048 vitae
2157 1994 2592 2060 consuetudine,
2651 1994 2952 2064 repudiatis
3019 1995 3257 2064 nuptiis,
3325 1995 3562 2065 quodam

1984 2084 2147 2138 modo
2182 2099 2241 2140 se
2275 2085 2550 2150 removit;
2598 2084 2810 2138 nullum
2844 2085 3070 2138 omnino
3099 2084 3262 2140 habet
3303 2100 3427 2139 cum
3464 2085 3566 2138 bu-

1984 2175 2164 2230 mauis
2196 2175 2368 2240 vitiis,
2407 2175 2661 2242 avaritia,
2706 2176 2955 2246 inquam,
2989 2175 3225 2240 invidia,
3253 2175 3412 2241 odio,
3450 2176 3566 2248 glo-

1985 2266 2192 2336 rizeque
2241 2265 2547 2336 cupiditate
2592 2267 3020 2332 commercium,
3074 2281 3250 2337 neque
3294 2281 3419 2321 cum
3463 2282 3566 2322 ca:-

1986 2358 2156 2422 teris,
2191 2373 2312 2428 quae
2340 2357 2395 2413 id
2429 2357 2650 2429 generis
2686 2366 2835 2413 sunt.
2867 2357 2970 2424 Qui
3003 2357 3149 2413 enim
3199 2357 3269 2412 ab
3307 2357 3566 2413 omnibus
3639 2429 3642 2431 Α

1987 2449 2075 2505 his
2109 2465 2316 2506 vacuus
2353 2461 2520 2520 atque
2565 2451 2792 2505 omnino
2845 2451 2985 2506 liber
3027 2456 3147 2514 est,
3182 2457 3237 2504 et
3273 2450 3457 2520 quiete
3485 2449 3568 2503 vi-

1987 2541 2099 2605 vit,
2136 2540 2276 2594 nihil
2311 2555 2446 2596 sane
2467 2548 2585 2603 est,
2616 2540 2670 2593 in
2698 2554 2810 2610 quo
2841 2539 2967 2609 plus
2997 2539 3201 2594 habere
3227 2539 3564 2604 contendat,

1989 2635 2084 2680 aut
2115 2635 2310 2680 contra
2343 2641 2403 2681 se
2436 2626 2674 2696 alicujus
2714 2627 2792 2682 rei
2841 2628 3018 2695 gratia
3067 2628 3378 2682 vicinorum
3425 2629 3567 2683 invi-

1987 2715 2136 2771 diam
2169 2723 2547 2781 commoveat,
2582 2733 2707 2772 cum
2743 2717 2883 2772 nihil
2916 2732 3107 2772 earum
3147 2717 3220 2772 sit
3255 2733 3440 2773 rerum
3475 2734 3566 2775 as-

1988 2813 2213 2861 secutus
2234 2845 2250 2872 ,
2286 2821 2352 2861 ex
2383 2807 2586 2876 quibus
2618 2807 2674 2860 in
2706 2807 2810 2861 bac
2840 2808 2952 2862 vita
2986 2809 3299 2862 concitetur
3325 2807 3564 2875 invidia;

1988 2911 2117 2950 nam
2143 2897 2238 2966 qui
2271 2897 2339 2952 ab
2368 2898 2626 2952 omnibus
2657 2898 2915 2953 humanis
2936 2897 3104 2952 rebus
3129 2898 3370 2952 animum
3402 2913 3562 2954 suum

1990 2988 2301 3058 superando
2332 2988 2561 3046 abduxit
2579 3029 2593 3050 ,
2619 2997 2672 3044 et
2701 2990 2956 3044 virtutem
2987 2989 3160 3044 solam
3181 3029 3196 3054 ,
3217 3004 3342 3060 quas
3368 3004 3568 3060 magno

1995 3096 2028 3136 a
2058 3097 2116 3138 se
2146 3083 2469 3149 aestimetur,
2504 3083 2917 3152 possessionem
2952 3081 3056 3137 sibi
3093 3081 3330 3149 statuit,
3369 3081 3459 3136 hic
3493 3082 3568 3137 ab

1995 3174 2143 3238 omni
2176 3181 2326 3230 certe
2356 3174 2548 3229 dolore
2593 3188 2820 3229 vacuam
2842 3213 2858 3239 ,
2893 3173 3168 3244 quietam,
3210 3181 3376 3244 atque
3423 3175 3568 3230 otio-

1994 3280 2111 3321 sam
2164 3266 2330 3320 vitam
2374 3265 2574 3336 deget:
2619 3265 2844 3320 virtutis
2892 3266 3038 3320 enim
3093 3265 3413 3336 possessio,
3463 3265 3566 3321 etsi

1995 3353 2158 3409 homo
2202 3369 2304 3424 pro
2347 3354 2490 3408 virili
2533 3355 2767 3425 quisque
2803 3353 3044 3422 aliquam
3078 3352 3200 3422 ejus
3233 3360 3447 3422 partem
3483 3359 3568 3406 te.

1994 3455 2123 3512 net,
2174 3446 2546 3516 appetentium
2600 3452 2781 3498 tamen
2823 3444 3158 3515 cupiditates
3201 3459 3419 3514 semper
3469 3459 3564 3497 ex-

1994 3537 2140 3606 plet.
2174 3553 2281 3591 non
2318 3546 2376 3591 ut
2410 3536 2592 3605 aliqua
2643 3536 2746 3590 soli
2801 3535 3120 3605 possessio,
3155 3551 3316 3603 quam
3362 3535 3457 3604 qui
3509 3536 3563 3588 in

1992 3638 2180 3697 partes
2211 3627 2502 3691 dividunt,
2536 3633 2802 3694 quantum
2836 3627 2931 3679 uni
2965 3626 3107 3696 parti
3156 3625 3396 3688 addunt,
3445 3635 3567 3679 tau-

1992 3727 2107 3774 tum
2141 3720 2207 3774 de
2239 3719 2410 3773 altera
2437 3718 2775 3783 detrahunt,
2814 3723 2980 3787 atque
3019 3718 3096 3771 ita
3140 3717 3286 3787 quod
3335 3717 3428 3770 uni
3474 3732 3566 3772 re-

1997 3809 2244 3874 dundat,
2297 3808 2350 3862 id
2402 3807 2564 3878 plane
2619 3807 2773 3861 deest
2822 3805 3014 3871 alteri,
3063 3805 3158 3876 qui
3223 3805 3408 3860 socius
3452 3812 3555 3859 est.

1997 3901 2151 3957 Unde
2184 3901 2252 3956 de
2283 3900 2476 3970 majori
2507 3898 2972 3968 cumulatiorique
2998 3906 3152 3968 parte
3179 3896 3564 3952 contentiones

1989 3995 2264 4049 exsistunt
2291 4010 2307 4059 ;
2340 4008 2406 4047 ex
2433 4007 2499 4048 eo
2531 3992 2674 4046 enim
2698 4030 2712 4056 ,
2745 3974 3240 4061 quod-imminutio
3271 3987 3415 4041 facta
3445 3994 3560 4052 est,

1992 4083 2285 4138 conﬂatum
2321 4093 2406 4138 cst
2445 4082 2668 4145 odium,
2717 4081 2940 4135 virtutis
2988 4095 3120 4134 vero
3165 4080 3211 4134 si
3262 4081 3390 4148 quis
3440 4094 3558 4132 ma-

1987 4175 2162 4246 jorem
2204 4182 2410 4243 partem
2450 4173 2782 4242 occupavit,
2831 4171 2901 4226 ab
2945 4171 3149 4225 invidia
3188 4185 3395 4225 vacuus
3424 4179 3518 4224 est
3543 4208 3560 4233 ,

1991 4281 2170 4336 neque
2201 4280 2328 4319 vero
2360 4265 2452 4334 qui
2493 4264 2615 4332 plus
2651 4263 2719 4316 ab
2747 4278 2810 4316 ea
2841 4263 3060 4332 rapuit,
3096 4261 3266 4314 ullum
3305 4261 3352 4313 ei
3390 4259 3564 4336 detri-

1993 4335 2236 4412 mentum
2287 4355 2640 4425 importavit,
2689 4354 2780 4423 qui
2830 4367 3013 4424 azquas
3065 4360 3250 4421 partes
3299 4349 3441 4403 ferre
3481 4335 3564 4402 di-

299 4447 509 4517 ἀρετὴν
554 4447 730 4518 ἑαυτῷ
764 4447 1104 4520 θησαυρίζων
1124 4490 1139 4513 ,
1172 4451 1237 4520 ἢν
1270 4449 1442 4513 οὐδεὶς
1463 4452 1584 4522 ὅρος
1612 4452 1884 4522 ἀνθρώπι-

1992 4462 2157 4516 gnum
2188 4461 2246 4501 se
2273 4461 2397 4500 esse
2425 4445 2577 4498 ducit
2609 4460 2622 4508 ;
2656 4444 2747 4498 sed
2769 4481 2784 4507 ,
2836 4451 2895 4496 ut
2942 4441 3175 4512 quisque
3220 4454 3394 4508 capax
3441 4447 3558 4502 est,

301 4550 390 4598 νος
447 4537 802 4607 περιγράφει,
849 4533 958 4608 ἆρα
986 4539 1332 4604 καταδέξεταί
1382 4557 1511 4593 ποτε
1539 4541 1673 4611 πρός
1693 4559 1745 4594 τι
1779 4541 1886 4595 τῶν

301 4625 582 4679 ταπεινῶν
622 4628 715 4680 καὶ
759 4629 1158 4700 πεπατημένων
1206 4631 1302 4701 τὴν
1333 4632 1528 4684 ἑαυτοῦ
1555 4632 1730 4703 ψυχὴν
1776 4634 1890 4685 ἐπι-

271 4714 486 4772 ’κλῖναι
527 4736 542 4784 ;
601 4715 711 4792 ἆρα
771 4719 1108 4791 θαυμάσεται
1169 4723 1260 4776 τὸν
1309 4725 1491 4793 γήϊνον
1546 4725 1772 4777 πλοῦτον
1798 4767 1813 4789 ,
1852 4724 1886 4796 ἢ

301 4810 629 4864 δυναστείαν
675 4811 1044 4883 ἀνθρωπίνην,
1084 4813 1116 4882 ἦ
1151 4815 1275 4868 ἄλλο
1319 4832 1371 4866 τι
1414 4816 1523 4869 τῶν
1573 4816 1665 4868 ὑπ’
1704 4816 1888 4880 ἀνοίας

303 4902 798 4971 σπουδαζομένων;
836 4904 896 4955 Εί
937 4904 1036 4974 μέν
1056 4905 1163 4976 γάρ
1196 4923 1276 4968 τις
1309 4905 1387 4958 ἔτι
1421 4906 1548 4977 περὶ
1576 4906 1746 4960 ταῦτα
1773 4906 1885 4960 διά·-

301 5006 488 5044 κειται
523 4991 818 5054 ταπεινῶς,
841 4991 945 5056 ἔξω
973 4992 1065 5046 τοῦ
1091 4993 1332 5047 τοιούτου
1355 4995 1420 5048 ἂν
1455 4996 1539 5065 εἴη
1576 4995 1759 5066 χοροῦ,
1796 4996 1892 5049 καὶ

302 5082 458 5135 οὐδὲν
495 5083 629 5153 πρὸς
667 5083 757 5136 τὸν
801 5083 1066 5156 ἡμέτερον
1113 5084 1222 5150 ἕξει
1263 5085 1417 5152 λόγον
1445 5101 1460 5114 ⁸
1502 5086 1548 5138 εί
1591 5086 1648 5138 δὲ
1686 5085 1753 5139 τά
1783 5086 1893 5139 ἄνω

305 5172 517 5238 φρονεῖ,
554 5171 646 5222 καὶ
699 5175 1216 5244 συμμετεωροπορεῖ
1263 5173 1338 5243 τῷ
1378 5173 1513 5244 Θεῷ,
1566 5175 1892 5246 ὑψηλότερος

303 5259 530 5324 πάντως
578 5261 686 5314 τῶν
740 5262 994 5316 τοιούτων
1036 5265 1202 5328 ἐστὶν,
1234 5265 1333 5318 ούκ
1377 5265 1515 5336 ἔχων
1565 5265 1665 5337 τὴν
1709 5265 1892 5337 κοινὴν

303 5352 568 5423 ἀφορμὴν
606 5353 709 5423 τῆς
759 5355 886 5426 περὶ
924 5353 1096 5408 ταῦτα
1126 5355 1351 5426 πλάνης,
1383 5357 1473 5410 τὸν
1502 5357 1677 5428 γάμον
1705 5356 1849 5426 λέγω
1875 5374 1888 5387 ⁸

302 5441 406 5494 τοῦ
442 5443 547 5514 γὰρ
594 5445 737 5516 ὑπὲρ
783 5450 908 5510 τοὺς
935 5447 1126 5511 ἄλλους
1172 5447 1343 5501 θέλειν
1372 5444 1614 5516 εἷναι,τὸ
1659 5449 1893 5521 χαλεπὸν

303 5533 474 5587 τοῦτο
507 5536 697 5602 πάθος,
745 5539 778 5609 ή
835 5540 1212 5610 ὑπερηφανία,
1250 5540 1280 5594 ὃ
1311 5539 1374 5612 δὴ
1407 5541 1638 5614 μάλιστα
1672 5541 1895 5615 σπέρμα

390 5715 412 5745 ²
452 5711 682 5785 Philipp.
711 5715 858 5780 lll,8.

1991 4536 2066 4590 ita
2100 4545 2153 4590 et
2182 4544 2330 4590 recta
2358 4535 2662 4604 cupiditate
2687 4533 2960 4602 expletur,
2995 4540 3047 4585 et
3087 4531 3249 4585 rebus
3283 4530 3349 4582 iis
3374 4567 3387 4589 ,
3424 4543 3560 4595 quas

1988 4641 2155 4695 supra
2206 4626 2594 4691 meminimus,
2658 4641 2768 4681 non
2832 4621 3236 4696 exhauriuntur
3291 4619 3559 4670 virtutum

1989 4715 2210 4768 divitiae.
2255 4713 2442 4783 Itaque
2475 4712 2810 4767 hancvitam
2843 4711 2937 4780 qui
2984 4709 3252 4770 intuetur,
3303 4715 3464 4774 atque
3507 4705 3559 4757 in

1996 4806 2235 4868 virtute,
2271 4820 2392 4874 quae
2420 4804 2567 4859 nulla
2598 4803 2882 4856 hominum
2939 4801 3254 4856 deﬁnitione
3303 4797 3557 4851 describi-

1995 4905 2105 4962 tur,
2133 4911 2324 4950 omnes
2346 4896 2451 4951 sibi
2477 4896 2766 4949 thesauros
2788 4894 3106 4955 constituit,
3133 4906 3200 4943 an
3225 4903 3463 4958 unquam
3495 4893 3560 4939 ait

1992 5005 2083 5045 res
2109 4989 2251 5044 ullas
2285 4988 2558 5050 humiles,
2591 4994 2645 5041 et
2677 4985 2914 5041 caducas
2947 4985 3190 5037 animum
3239 4997 3400 5037 suum
3432 4994 3561 5048 pro-

1993 5083 2185 5136 clivem
2235 5079 2366 5135 ferri
2426 5078 2699 5149 patietur?
2739 5078 2823 5130 An
2884 5083 3134 5130 terrenas
3187 5070 3442 5131 divitias,
3493 5081 3560 5118 an

1993 5170 2274 5225 hominum
2315 5184 2448 5238 opes
2476 5207 2491 5232 ,
2519 5175 2573 5222 et
2607 5166 2904 5237 potentiam
2931 5203 2946 5227 ,
2978 5177 3047 5216 an
3093 5161 3241 5214 aliud
3278 5156 3560 5228 quidpiam
3611 5209 3618 5218 _

1993 5279 2180 5320 eorum
2204 5302 2219 5326 ,
2253 5278 2373 5332 quae
2403 5276 2514 5331 pra:
2547 5259 2779 5315 stultitia
2808 5260 3163 5325 expetuntur,
3193 5252 3239 5307 is
3268 5245 3562 5303 admirabi-
3623 5302 3633 5316 ι

1999 5355 2138 5410 tur?
2173 5353 2386 5408 Etenim
2422 5352 2613 5421 siquis
2645 5350 2716 5402 ita
2753 5346 2946 5401 humili
2974 5352 3078 5406 est,
3108 5352 3160 5397 et
3193 5342 3408 5411 abjecto
3442 5336 3563 5388 ani—
3633 5368 3647 5388 κ

1994 5462 2085 5502 mo
2104 5486 2118 5511 ,
2157 5453 2216 5500 ut
2243 5444 2308 5500 ad
2339 5443 2453 5497 haec
2483 5441 2602 5510 ipsa
2626 5437 2914 5500 adiciatur,
2943 5436 2991 5491 is
3021 5434 3212 5504 utique
3243 5439 3328 5486 est
3355 5429 3425 5483 ab
3451 5428 3559 5480 hoc

1994 5546 2142 5596 ccetu
2169 5538 2382 5595 alienus
2402 5577 2416 5602 ,
2461 5533 2704 5602 nihilque
2730 5530 2798 5586 ad
2825 5537 3073 5586 nostrum
3103 5539 3408 5584 sermonem
3433 5549 3456 5588 _.»
3475 5520 3560 5574 sin
