4034 6132
384 291 489 348 559

1658 301 1714 356 S.
1759 300 2084 359 GREGORII
2117 304 2162 359 Ν
2170 304 2414 363 YSSENI

3531 312 3632 367 340

387 419 569 467 autem
604 415 848 470 coelestia
878 417 1077 487 cogitat
1106 460 1120 483 ,
1153 418 1451 488 divinaque
1484 421 1646 476 simul
1683 437 1808 478 cum
1847 422 1953 477 Deo

2067 445 2138 490 τις
2183 427 2593 500 εἰπὼνῆρίζαν
2644 432 2822 501 πάσης
2872 430 2972 501 τῆς
3027 430 3170 484 κατὰ
3216 431 3314 500 τὴν
3361 429 3636 499 ἁμαρτίαν

368 508 812 575 .rontemplatur,
848 508 915 562 ad
950 510 1299 567 sublimiores
1331 513 1422 566 hic
1463 514 1688 569 omnino
1729 532 1815 571 res
1867 533 1955 572 re-

391 596 537 652 lictis
592 598 887 654 humilibus
936 609 1262 666 contuetur,
1311 619 1435 658 cum
1477 606 1702 663 minime
1745 610 1952 678 nuptiis

2061 519 2322 590 ἀκάνθης,
2340 521 2432 574 τοῦ
2448 520 2653 584 εἰκότος
2675 524 2773 593 οὐχ
2793 524 3188 594 ἁμαρτήσεται,
3214 520 3371 576 τοῦτο
3400 521 3641 592 μάλιστα

2059 610 2123 662 ἐκ
2153 612 2252 680 τῆς
2284 611 2461 675 αίτίας
2492 612 2586 666 τοῦ
2611 613 2789 684 γάμου
2818 613 2915 684 τὴν
2942 612 3114 684 ἀρχὴν
3146 613 3278 684 ἔχει.

392 688 606 745 vinctus
642 690 743 754 sit,
776 690 919 745 unde
946 695 1256 750 communis
1288 698 1505 752 exsistit
1532 701 1751 754 occasio
1780 716 1879 754 cur
1909 702 1962 754 in
1995 694 2269 771 ejusmodi
2302 718 2485 758 rerum
2510 720 2698 759 errore
2727 708 2853 775 quis
2883 713 3166 771 versetur;
3195 719 3319 758 nam
3353 719 3476 759 cum
3514 702 3640 772 quis

394 780 504 833 vult
532 795 594 834 se
622 781 745 836 aliis
783 785 1128 851 praeponere,
1168 788 1530 857 gravissimus
1561 799 1643 847 est
1679 791 1766 846 hic
1797 792 2066 862 superbiae
2092 792 2324 849 allectus
2348 812 2363 849 :
2390 810 2547 864 quem
2579 796 2627 849 si
2655 797 2781 865 quis
2806 811 2993 851 semen
3021 836 3035 859 ,
3068 796 3153 851 vel
3181 795 3366 865 potius
3402 793 3639 849 radicem

390 876 590 929 dixerit
615 878 795 931 omnis
824 880 995 947 spinae
1015 920 1029 945 ,
1069 897 1191 951 quae
1225 898 1256 938 e
1281 894 1508 954 peccato
1537 897 1620 941 est
1641 928 1654 950 ,
1702 903 1808 941 non
1838 904 1867 941 a
1904 896 2054 943 recto
2092 887 2138 944 is
2169 889 2469 946 aberrabit.
2515 888 2613 947 Hic
2645 906 2778 948 sane
2809 891 3038 948 affectus
3066 905 3096 944 a
3126 890 3439 960 nuptiarum
3474 902 3642 943 causa

393 971 607 1025 initium
638 972 873 1026 maxime
904 973 1088 1031 habet.

461 1060 581 1117 Non
630 1064 777 1118 enim
825 1073 1006 1134 potest
1041 1068 1363 1137 plerumque
1396 1083 1598 1125 avarus
1639 1069 1803 1139 hujus
1838 1071 1950 1124 vitii

391 1152 595 1207 liberos
636 1168 930 1219 accusare,
983 1172 1161 1225 neque
1212 1158 1341 1213 item
1376 1160 1457 1225 is,
1493 1160 1586 1230 qui
1630 1176 1739 1230 pra:
1768 1159 1954 1230 gloria:

391 1245 651 1300 aviditate
698 1246 924 1313 insanit,
962 1263 1137 1317 neque
1172 1251 1266 1319 qui
1316 1251 1542 1307 honoris
1581 1252 1763 1306 studio
1810 1261 1959 1306 tene-

393 1346 501 1402 tur,
548 1354 616 1393 ne
660 1338 823 1407 hujus
864 1340 993 1393 mali
1047 1355 1270 1397 causam
1322 1344 1387 1396 ad
1430 1344 1744 1414 progeniem
1782 1344 1955 1413 ipsam

2133 1072 2206 1125 Οὐ
2250 1075 2357 1143 γάρ
2401 1074 2546 1129 ἐστιν
2588 1075 2663 1139 ὡς
2707 1075 2800 1127 ἐπὶ
2845 1073 2907 1127 τδ
2964 1074 3129 1139 πολὺ,
3176 1072 3268 1127 τὸν
3313 1072 3641 1143 πλεονέκτην

2068 1167 2141 1238 μὴ
2191 1168 2317 1230 τοὺς
2363 1166 2530 1231 πέλας
2584 1166 2929 1221 ὲπαιτιᾶσθαι
2957 1207 2972 1231 ,
3024 1167 3058 1237 ἢ
3100 1165 3191 1219 τὸν
3234 1165 3500 1237 δοξομανῆ
3547 1164 3644 1218 καὶ

2067 1257 2344 1327 φιλότιμον
2392 1257 2467 1329 μὴ
2526 1258 2605 1320 είς
2656 1257 2717 1311 τδ
2764 1256 2920 1326 γένος
2973 1257 3283 1324 ἀνενεγκεῖν
3331 1255 3426 1308 τοῦ
3467 1254 3641 1309 κακοῦ

2066 1349 2164 1419 τὴν
2193 1349 2369 1403 αἰτίαν
2390 1366 2403 1379 ·
2436 1349 2515 1412 ὡς
2544 1348 2608 1403 ἂν
2634 1350 2709 1421 μὴ
2738 1349 2973 1403 ἐλάττων
3000 1348 3181 1418 δοκοίη
3206 1348 3314 1403 τῶν
3344 1348 3448 1418 πρὸ
3475 1346 3642 1401 αὑτοῦ

391 1430 633 1495 referat,
686 1440 747 1485 ut
795 1447 863 1487 ne
906 1432 1006 1499 iis,
1052 1434 1143 1503 qui
1191 1443 1318 1490 ante
1367 1451 1428 1491 se
1474 1437 1587 1489 nati
1632 1444 1794 1498 sunt,
1848 1435 1964 1504 ipse

2067 1441 2378 1508 γεγονότων,
2406 1441 2500 1494 καὶ
2526 1441 2612 1495 ἵνα
2644 1442 2815 1511 μέγας
2847 1443 2958 1501 τοῖς
2990 1440 3127 1511 μετὰ
3152 1439 3325 1494 ταῦτα
3347 1439 3640 1509 νομίζοιτο,

394 1521 619 1577 inferior
654 1522 933 1588 videatur,
969 1535 1022 1580 et
1065 1534 1126 1579 ut
1160 1540 1189 1579 a
1224 1529 1489 1597 posteris,
1531 1529 1769 1597 aliquam
1807 1526 1874 1580 de
1905 1541 1963 1580 sc

395 1617 969 1670 commemorationem
1013 1617 1203 1673 liberis
1241 1620 1356 1675 suis
1396 1619 1793 1690 relinquendo,
1850 1633 1965 1670 ma-

392 1721 532 1776 gnus
566 1711 791 1763 omnino
833 1710 1178 1765 existimetur
1219 1730 1233 1765 :
1282 1713 1584 1781 eodemque
1630 1711 1791 1766 modo
1839 1711 1964 1766 reli-

2061 1530 2374 1604 καταλιπών
2414 1548 2534 1585 τινα
2572 1534 2683 1595 τοῖς
2706 1531 2764 1599 ἐξ
2804 1530 2967 1585 αὐτοῦ
2998 1522 3311 1603 διηγήματα
3340 1544 3354 1560 ·
3382 1529 3645 1591 ὡσαύτως

2060 1622 2117 1675 δὲ
2145 1624 2241 1675 καὶ
2273 1623 2342 1676 τά
2375 1623 2535 1676 λοιπὰ
2556 1624 2656 1675 ὅσα
2685 1622 2865 1694 ψυχῆς
2886 1624 3034 1677 ἐστιν
3065 1622 3492 1694 ἀρρωστήματα,
3512 1620 3646 1689 @06-

2063 1732 2173 1780 νος,
2210 1717 2304 1768 καὶ
2337 1716 2691 1785 μνησικακία,
2724 1714 2819 1770 καὶ
2862 1718 3050 1787 μῖσος,
3083 1714 3176 1767 καὶ
3205 1713 3258 1767 εί
3305 1730 3359 1766 τι
3403 1710 3646 1765 τοιοῦτον

392 1812 549 1867 quat,
583 1813 704 1868 quae
743 1809 871 1855 sunt
926 1802 1093 1855 animi
1159 1803 1551 1872 argritudines,
1609 1804 1847 1866 invidia,
1907 1813 1961 1858 et

2067 1807 2154 1860 ἓτε
2162 1824 2271 1880 ρον,
2286 1782 2384 1877 τῆς
2397 1782 2565 1877 αθτῆς
2576 1807 2752 1871 αἰτίας
2764 1782 3018 1880 ἤρτηται.
3033 1806 3216 1860 Πάντα
3226 1803 3335 1876 γὰρ
3348 1802 3518 1857 ταῦτα
3531 1804 3647 1866 τοῖς

394 1888 617 1954 odium,
672 1891 999 1961 injuriarum
1047 1894 1391 1956 recordatio.
1429 1895 1473 1949 si
1502 1909 1623 1965 qua:
1650 1896 1769 1949 aliae
1800 1905 1963 1960 sunt,

393 1980 463 2034 ab
524 1979 628 2034 hac
688 1994 822 2035 sane
883 1995 1050 2036 causa
1113 1983 1556 2052 proﬁciscuntur.
1635 1983 1760 2039 llaec
1820 1985 1963 2040 enim

393 2068 579 2122 omnia
615 2069 669 2122 in
704 2068 789 2124 his
826 2084 933 2122 una
967 2069 1191 2137 insunt,
1228 2073 1320 2141 qui
1355 2071 1499 2127 hanc
1548 2073 1716 2127 vitam
1771 2074 1965 2142 attige-

395 2170 561 2214 runt:
609 2175 639 2214 a
684 2161 889 2230 quibus
936 2162 1156 2231 quidem
1206 2164 1373 2220 rebus
1418 2164 1513 2234 qui
1563 2165 1965 2223 remotissimus

392 2256 511 2313 est,
570 2258 829 2320 tauquam
891 2266 957 2306 ex
1010 2253 1116 2306 alta
1174 2254 1357 2325 aliqua
1408 2257 1631 2324 specula
1683 2258 1963 2312 hominum

393 2340 838 2409 perturbationes
897 2343 1056 2413 longe
1119 2346 1505 2415 prospiciens,
1564 2364 1755 2403 eorum
1818 2349 1967 2405 dolet

392 2433 730 2498 caecitatem,
784 2434 877 2503 qui
909 2433 1077 2491 rebus
1121 2436 1206 2492 his
1246 2438 1538 2497 fallacibus
1573 2459 1697 2499 sese
1751 2443 1964 2497 manci-

395 2530 592 2590 parunt
614 2562 627 2585 ,
658 2537 952 2594 rerumque
1002 2524 1363 2585 humanarum
1396 2534 1819 2604 prosperitatem
1853 2553 1967 2590 ma-

392 2630 557 2682 gnum
590 2616 797 2686 aliquid
829 2632 952 2673 esse
988 2629 1270 2689 putarunt.
1306 2622 1442 2678 Cum
1477 2626 1623 2679 enim
1656 2626 1745 2681 hic
1775 2644 1968 2697 quem-

393 2702 536 2772 piam
579 2704 853 2760 hominem
897 2710 1099 2773 rebus,
1140 2726 1262 2780 quze
1300 2712 1353 2767 in
1398 2713 1510 2768 vita
1544 2706 1836 2782 eveniunt,
1874 2734 1964 2773 sc-

395 2794 595 2850 cnndis
629 2793 912 2851 ﬂorentem
933 2839 948 2860 ,
980 2798 1429 2873 honoribusque,
1462 2816 1557 2859 aut
1598 2806 1794 2876 opibus
1816 2848 1830 2871 ,
1873 2817 1967 2862 aut

393 2885 636 2954 potentia
669 2894 923 2939 ornatum
953 2889 1135 2955 videt,
1187 2907 1377 2947 eorum
1419 2897 1679 2965 quidem,
1729 2899 1823 2968 qui
1870 2901 1967 2954 ha-

392 2992 513 3030 rum
544 2992 726 3031 rerum
761 2981 945 3035 studio
974 2980 1298 3048 efferuntur,
1338 2987 1479 3042 ridet
1515 2988 1823 3054 insaniam,
1859 2991 1961 3046 hu-

394 3080 674 3136 manaeque
716 3068 842 3123 vitae
882 3081 1128 3141 tempus,
1178 3082 1238 3127 ut
1277 3091 1307 3129 a
1353 3075 1695 3134 Psalmorum
1740 3094 1962 3139 auctore

393 3160 663 3214 terminus
709 3161 830 3229 ejus
882 3172 1067 3220 certus
1113 3165 1294 3223 dictus
1337 3178 1457 3233 est,
1501 3187 1664 3241 quam
1710 3174 1967 3230 brevissi-

396 3263 541 3302 mum
592 3262 881 3307 numerat:
931 3255 1128 3311 deinde
1167 3258 1398 3317 inﬁnitis
1445 3262 1555 3319 illis
1593 3266 1809 3321 saeculis
1843 3284 1965 3321 cum

392 3340 594 3411 exiguo
638 3342 744 3399 hoc
790 3345 916 3400 vitae
964 3349 1142 3417 spatio
1204 3352 1449 3422 collatis,
1510 3357 1792 3412 mollitiem
1846 3360 1967 3429 ejus

395 3432 576 3502 luget,
613 3436 706 3504 qui
753 3437 820 3492 ad
869 3454 956 3495 res
999 3440 1317 3510 hujusmodi
1366 3447 1621 3505 sordidas
1641 3491 1663 3516 ,i
1691 3450 1966 3519 humiles,

390 3540 621 3597 quaeque
655 3527 722 3582 ad
756 3539 969 3602 tempus
996 3543 1238 3600 manent,
1282 3537 1525 3594 animum
1555 3520 1786 3599 extollit.
1823 3545 1968 3612 Quid

391 3617 540 3673 enim
583 3634 766 3677 causae
806 3633 928 3690 est,
977 3641 1077 3681 cur
1125 3627 1182 3682 in
1236 3628 1308 3686 iis
1358 3631 1495 3701 ipsis
1537 3634 1705 3690 rebus
1754 3636 1966 3707 honos,

390 3725 554 3780 quem
586 3715 831 3784 plerique
875 3727 1170 3788 expetunt,
1222 3722 1294 3777 sit
1344 3722 1681 3782 beatitudine
1726 3727 1971 3800 dignus?

388 3801 661 3868 Quoniam
698 3806 828 3874 quid
862 3809 968 3872 iis,
1000 3811 1094 3879 qui
1135 3811 1345 3867 lmnore
1384 3814 1563 3869 affecti
1610 3828 1772 3884 sunt,
1818 3823 1970 3877 addit

393 3894 617 3948 honor?
666 3896 829 3965 Atqui
865 3913 928 3951 ea
963 3900 1281 3956 conditione
1326 3911 1488 3961 natus
1525 3915 1610 3961 est
1664 3916 1723 3962 ut
1768 3914 1971 3967 m'oria-

397 3993 510 4051 tur,
544 3987 790 4042 mortalis
822 3988 909 4042 hic
939 3999 1161 4056 manet,
1193 3993 1308 4047 sive
1353 3994 1528 4053 honos
1571 3999 1621 4053 ei
1671 4001 1965 4071 tribuatur,

397 4077 515 4131 sive
546 4092 678 4131 non.
713 4076 822 4132 Aut
858 4081 1028 4135 multa
1063 4082 1261 4154 jugera
1294 4094 1451 4143 terra:
1488 4093 1854 4159 possedisse?
1885 4097 1966 4154 Ad

396 4169 862 4237 quem’Optimum
896 4170 1057 4227 linem
1101 4174 1206 4229 hoc
1240 4178 1491 4246 perducit
1534 4197 1665 4249 eos,
1711 4187 1806 4255 qui
1864 4180 1970 4243 ista

396 4259 801 4341 possederunt,
833 4262 941 4319 nisi
971 4264 1096 4334 quis
1129 4266 1354 4324 demens
1383 4272 1685 4333 arbitretur
1714 4293 1811 4333 sua
1848 4297 1972 4338 esse

396 4365 460 4408 ea
486 4391 501 4416 ,
542 4368 663 4422 quae
702 4354 854 4409 nullo
894 4364 1055 4425 pacto
1096 4358 1163 4412 ad
1205 4376 1265 4415 se
1304 4364 1614 4431 pertinent;
1653 4384 1763 4438 prae
1797 4374 1969 4428 multa

1986 3125 2036 3183 Ε

2066 1903 2193 1971 περὶ
2228 1901 2318 1955 τὸν
2357 1900 2469 1971 βίον
2500 1899 2737 1973 τοῦτο[ν]
2759 1900 3112 1972 ἐπτοημένοις
3149 1895 3642 1968 συμπολιτεύεται·

2061 1985 2136 2046 ὧν
2174 1994 2202 2045 ό
2231 1991 2335 2057 ἔξω
2371 1991 2682 2062 γενόμενος,
2713 1990 2964 2061 καθάπερ
2988 1989 3080 2043 ἐπί
3102 2006 3245 2052 τινος
3275 1987 3485 2058 ὑψηλῆς
3514 2002 3646 2039 σκο-

2063 2085 2193 2148 πιᾶς
2244 2083 2523 2154 πόρρωθεν
2574 2081 2890 2136 ἐποπτεύων
2923 2081 2991 2135 τὰ
3033 2079 3346 2152 ἀνθρώπινα
3368 2078 3536 2147 πάθη,
3561 2079 3645 2131 οῖ·-

2062 2175 2266 2246 κτείρει
2297 2175 2395 2245 τῆς
2423 2173 2757 2244 τυφλότητος
2799 2174 2922 2236 τοὺς
2966 2175 3032 2244 τῇ
3063 2171 3285 2242 τοιαύτῃ
3324 2170 3646 2240 ματαιότητι

2062 2265 2511 2335 δεδουλωμένους,
2543 2264 2636 2317 καὶ
2670 2264 2812 2334 μέγα
2854 2261 3136 2334 κρίνοντας
3168 2262 3269 2333 τὴν
3307 2261 3408 2332 τῆς
3443 2258 3645 2331 σαρκὸς

2064 2356 2384 2428 εὐπραγίαν,
2416 2356 2586 2409 ’Ὅταν
2614 2355 2722 2426 γάρ
2762 2371 2883 2408 τινα
2926 2352 3033 2407 τῶν
3080 2351 3381 2425 ἀνθρώπων
3418 2351 3509 2405 ὲπί
3538 2367 3647 2403 τινι

2062 2447 2169 2500 τῶν
2204 2444 2345 2499 κατὰ
2385 2443 2496 2513 βίον
2527 2444 2611 2515 ἴδῃ
2647 2443 3029 2514 περίϐλεπτον,
3056 2441 3378 2512 ἀξιώμασιν,
3411 2439 3443 2511 ἢ
3478 2437 3649 2492 πλού-

2062 2554 2195 2603 τοις,
2227 2535 2259 2608 ἢ
2289 2536 2628 2598 δυναστείαις
2673 2535 2948 2607 κομῶντα,
2976 2534 3257 2604 καταγελᾷ
3304 2531 3410 2602 τῆς
3457 2530 3648 2594 ἀνοίας

2063 2630 2171 2683 τῶν
2193 2629 2280 2682 διὰ
2315 2627 2485 2682 ταῦτα
2514 2624 2933 2696 πεφυσημένων,
2960 2625 3052 2678 καὶ
3095 2622 3319 2695 ἀριθμεῖ
3363 2622 3454 2675 τὸν
3490 2620 3651 2691 μήκι-

2067 2736 2189 2772 στον
2210 2719 2398 2789 χρόνον
2444 2717 2537 2770 τοῦ
2581 2716 2919 2787 ἀνθρωπίνου
2956 2714 3093 2785 βίου,
3120 2713 3262 2767 κατὰ
3292 2714 3389 2784 τὴν
3416 2710 3645 2782 εἰρημέ-

2065 2827 2162 2879 νην
2193 2808 2294 2860 ὖπὸ
2320 2806 2412 2860 τοῦ
2456 2808 2511 2860 Ψ
2513 2805 2757 2877 αλμῳδοῢ
2811 2804 3148 2875 προθεσμίαν
3181 2820 3193 2835 ·
3230 2799 3348 2857 εἶτα
3396 2818 3649 2873 παραμε-

2065 2900 2208 2972 τρῶν
2230 2903 2342 2962 τοῖς
2369 2896 2613 2969 ἀπείροις
2629 2897 2786 2949 αίῶσι
2806 2895 2867 2948 τὸ
2883 2895 3166 2964 ἀκαριαῖον
3179 2890 3337 2946 τοῦτο
3350 2891 3536 2961 διᾴστη
3546 2908 3648 2961 μα,

2067 2995 2204 3045 ἐλεεῖ
2233 2992 2329 3063 τῆς
2348 2991 2673 3061 χαυνότητος
2696 2988 2787 3042 τὸν
2814 2987 2908 3040 ἐπὶ
2938 2990 3050 3050 τοῖς
3075 2986 3214 3040 οὕτω
3244 2984 3520 3055 γλίσχροις
3552 2985 3651 3037 καὶ

2067 3085 2338 3146 ταπεινοῖς
2370 3083 2464 3135 καὶ
2507 3079 2860 3151 προσκαίροις
2902 3079 3001 3151 τὴν
3048 3077 3226 3148 ψυχὴν
3265 3074 3645 3145 ἐπαιρόμενον.

2069 3179 2133 3231 Τί
2156 3179 2264 3248 γὰρ
2302 3176 2449 3241 ἄξιόν
2476 3177 2591 3227 ἐστι
2631 3171 2980 3245 μακαρισμοῦ
3011 3170 3120 3225 τῶν
3158 3168 3389 3222 ἐνταῦθα
3427 3170 3460 3237 ή
3490 3165 3649 3236 τιμὴ,

2069 3272 2130 3325 τὸ
2167 3269 2317 3341 παρὰ
2361 3268 2572 3332 πολλοῖς
2612 3266 3083 3335 σπουδαζόμενον;
3122 3263 3275 3317 Ἐπεὶ
3301 3261 3366 3332 δὴ
3404 3261 3457 3313 τί
3489 3258 3652 3312 πλέον

2068 3365 2178 3425 τοῖς
2205 3360 2587 3431 τετιμημένοις
2621 3357 2978 3430 προστίθησι;
3030 3356 3276 3427 διαμένει
3319 3352 3428 3423 γὰρ
3458 3349 3651 3420 θνητὸς

2069 3454 2097 3506 ὁ
2121 3452 2330 3523 θνητὸς,
2359 3451 2460 3504 κᾶν
2489 3452 2737 3521 τιμᾶται,
2760 3448 2865 3503 κᾶν
2900 3449 2996 3520 μή,
3030 3450 3102 3503 Ἢ
3131 3448 3191 3501 τὸ
3231 3445 3402 3500 πολλὰ
3443 3441 3650 3513 πλέθρα

2069 3541 2366 3613 κεκτῆσθαι
2395 3540 2528 3611 γῆς;
2557 3540 2727 3594 Τοῦτο
2757 3539 2814 3593 δὲ
2843 3539 2922 3603 είς
2944 3539 2996 3592 τί
3017 3540 3191 3611 πέρας
3218 3536 3454 3609 χρηστὸν
3481 3551 3651 3589 κατα-

2069 3636 2226 3705 λήγει
2268 3636 2378 3697 τοῖς
2406 3634 2784 3705 κτησαμένοις,
2812 3634 2963 3696 ἐκτὸς
2994 3630 3088 3686 τοῦ
3128 3630 3335 3684 οἴεσθαι
3375 3628 3468 3683 τὸν
3500 3629 3653 3699 ἀνόη-

2069 3746 2160 3782 τον
2191 3726 2384 3781 ἑαυτοῦ
2419 3722 2558 3779 εἶναι
2596 3725 2662 3779 τὰ
2699 3726 2867 3795 μηδὲν
2892 3726 3271 3798 προσήκοντα;
3296 3724 3481 3792 ἀγνοεῖ
3519 3722 3651 3792 γὰρ,

2069 3819 2142 3881 ὡς
2176 3820 2369 3883 ἔοικεν,
2400 3818 2505 3870 ὑπὸ
2556 3816 2757 3888 πολλῆς
2781 3815 3146 3888 λαιμαργίας,
3170 3816 3251 3868 ὅτι
3303 3813 3396 3867 τοῦ
3443 3813 3653 3883 Κυρίου

2073 3912 2174 3984 μέν
2215 3915 2361 3967 ἐστιν
2393 3915 2426 3983 ἡ
2475 3913 2545 3982 γῆ
2576 3909 2790 3981 ἀληθῶς
2815 3952 2830 3976 ,
2860 3911 2954 3963 καὶ
3001 3907 3061 3961 τὺ
3126 3907 3401 3979 πλήρωμα
3455 3906 3650 3975 αὐτῆς.

2071 4004 2330 4068 Βασιλεὺς
2356 4005 2466 4076 γὰρ
2499 4003 2678 4073 πάσης
2709 4002 2806 4073 τῆς
2835 4002 2937 4072 γῆς
2960 4003 2987 4053 ὁ
3018 4000 3149 4064 Θεός
3171 4016 3188 4032 ·
3221 4001 3333 4062 τοῖς
3358 3998 3415 4051 δὲ
3441 3995 3653 4067 ἀνθρώ-

2072 4112 2194 4158 ποις
2221 4095 2282 4148 τὸ
2320 4095 2419 4165 τῆς
2464 4092 2776 4157 πλεονεξίας
2821 4091 2992 4156 πάθος
3029 4088 3375 4162 ψευδώνυμον
3414 4090 3513 4159 τῆς
3548 4106 3654 4141 κυο

2075 4185 2322 4256 ριότητος
2375 4184 2470 4254 τὴν
2506 4182 2876 4255 προσηγορίαν
2907 4181 3089 4235 δίδωσι
3127 4179 3234 4234 τῶν
3285 4179 3438 4232 οὐδὲν
3476 4195 3653 4251 προσ-

2069 4276 2328 4347 ηκόντων.
2375 4276 2441 4328 Ἦ
2478 4275 2575 4346 μὲν
2604 4274 2710 4346 γὰρ
2733 4275 2827 4344 γῆ,
2869 4272 3052 4336 καθώς
3079 4290 3241 4344 φησιν
3273 4273 3303 4325 ὁ
3342 4271 3502 4341 σοφὸς
3526 4271 3649 4324 Ἐκ-

2072 4365 2419 4436 κλησιαστὴς,
2457 4366 2536 4428 είς
2565 4363 2657 4416 τὸν
2694 4363 2865 4417 αίῶνα
2918 4362 3153 4432 ἕστηκε,
3186 4361 3388 4425 πάσαις
3440 4361 3653 4432 ὑπηρε-

393 4445 537 4498 enim
576 4445 906 4502 inexhausta
941 4448 1239 4517 aviditate,
1276 4460 1335 4506 ut
1373 4456 1667 4513 verisimile
1700 4471 1812 4525 est,
1864 4465 1965 4521 hoc

2071 4457 2236 4511 τοῦσα
2270 4458 2388 4519 ταῖς
2411 4457 2644 4522 γενεαῖς,
2666 4455 2759 4507 καὶ
2798 4453 2983 4507 ἄλλοτε
3010 4451 3200 4517 ἄλλους
3237 4454 3363 4516 τοὺς
3396 4454 3515 4507 κατ’
3548 4452 3654 4506 αὐ-

392 4536 643 4606 ignorat,
705 4537 852 4607 quod
912 4537 1126 4594 Domini
1182 4551 1266 4598 est
1324 4554 1513 4610 terra,
1573 4557 1628 4601 et
1686 4553 1971 4621 plenitudo

393 4625 517 4707 ejus
550 4625 592 4680 ³.
632 4627 749 4680 Rex
793 4628 939 4681 enim
991 4631 1174 4686 omnis
1228 4640 1390 4688 terrae
1439 4635 1749 4707 Dominus;
1807 4642 1975 4698 hOmi-

394 4702 559 4773 nibus
621 4732 749 4773 vero
803 4728 866 4773 ut
917 4736 1136 4788 rerum,
1195 4740 1333 4791 quas
1397 4729 1715 4797 possident,
1765 4733 1974 4789 domini

390 4809 755 4879 appellentur,
794 4811 937 4867 falso
987 4813 1093 4868 hoc
1138 4814 1251 4871 illis
1303 4819 1500 4873 tribuit
1549 4824 1795 4880 avaritiae
1838 4827 1973 4882 all‘e-

389 4907 535 4955 ctus.
580 4900 748 4957 Terra
785 4904 962 4971 enim,
1020 4906 1199 4976 inquit
1247 4911 1466 4979 sapiens
1498 4911 1864 4973 Ecclesiastes
1895 4919 1961 4984 ³⁵,

391 4994 446 5047 in
474 5003 743 5050 aeternum
771 4997 951 5062 stetit,
988 4998 1249 5054 omnibus
1280 5002 1537 5055 aetatibus
1569 5007 1962 5077 suppeditans,

389 5086 639 5158 aliosque
667 5088 902 5144 subinde
952 5105 983 5145 e
1031 5105 1091 5145 se
1123 5100 1282 5147 natos
1309 5096 1581 5149 nutriens.
1614 5097 1801 5168 Neque
1834 5118 1964 5157 vero

389 5177 640 5235 homines
672 5180 758 5235 sui
788 5188 1116 5250 potestatem
1157 5183 1393 5251 habent,
1418 5186 1511 5241 sed
1543 5202 1609 5241 ex
1638 5191 1921 5247 voluntate
1946 5234 1960 5258 ,

391 5278 639 5341 nutuque
667 5274 870 5338 summi
904 5275 1138 5332 rectoris
1180 5275 1460 5348 pendent:
1498 5296 1621 5335 cum
1666 5284 1810 5339 enim
1860 5303 1962 5341 ne-

390 5364 605 5430 sciunt,
659 5366 715 5419 in
760 5366 905 5421 hanc
935 5368 1105 5423 vitam
1152 5370 1562 5439 ingrediuntur,
1606 5390 1730 5429 cum
1781 5387 1964 5433 autem

390 5454 617 5509 minime
644 5456 873 5524 volunt,
907 5472 973 5511 ex
1000 5459 1191 5514 eadem
1225 5477 1419 5519 rursus
1452 5476 1691 5520 exeunt:
1730 5483 1966 5538 cumque

390 5545 641 5601 vicissim
686 5555 992 5602 nascantur
1026 5558 1079 5604 et
1114 5550 1424 5620 intereant,
1478 5554 1679 5626 insigni
1733 5559 1962 5615 stultitia

463 5731 483 5763 ³
514 5730 637 5789 Psal
662 5744 822 5800 mu,
868 5732 917 5786 1.
995 5733 1035 5764 ³⁸
1061 5732 1241 5789 Eccle.
1274 5751 1312 5799 ι,
1339 5742 1391 5791 4.

2071 4548 2169 4620 τήν
2219 4547 2534 4617 γινομένους
2568 4545 2923 4617 ἐκτρέφουσα.
2982 4546 3046 4597 Οἱ
3095 4543 3152 4597 δὲ
3206 4543 3480 4615 ἄνθρωποι
3528 4544 3653 4597 οὐδὲ

2071 4639 2276 4694 ἑαυτῶν
2305 4639 2454 4702 ὄντες
2496 4637 2693 4707 κύριοι,
2721 4637 2854 4692 ἀλλὰ
2883 4637 3020 4708 πρὸς
3064 4637 3125 4692 τὸ
3151 4636 3244 4692 τοῦ
3274 4637 3499 4706 ἄγοντος
3525 4635 3653 4706 βού-

2072 4732 2240 4802 λημα,
2268 4732 2357 4784 ὅτε
2393 4730 2493 4784 οὐκ
2534 4729 2731 4794 ἴσασιν,
2773 4731 2851 4793 είς
2888 4728 2985 4800 τὴν
3025 4729 3168 4800 ζωὴν
3195 4729 3518 4800 περιιόντες,
3555 4727 3654 4780 καὶ

2071 4826 2158 4879 ὅτε
2196 4824 2271 4896 μὴ
2295 4823 2591 4894 βούλονται,
2623 4822 2782 4876 πάλιν
2815 4823 2981 4893 αὐτῆς
3008 4821 3384 4893 χωριζόμενοι,
3415 4821 3520 4874 ὑπὸ
3550 4820 3655 4890 τῆς

2073 4918 2275 4986 πολλῆς
2304 4916 2655 4987 ματαιότητος
2680 4915 2951 4986 κυριεύειν
2975 4916 3174 4969 οἴονται
3201 4914 3392 4982 αὐτῆς,
3428 4913 3477 4965 οί
3509 4912 3653 4968 κατὰ

2072 5009 2291 5080 καιροὺς
2319 5008 2591 5079 γινόμενοί
2612 5023 2671 5059 τε
2695 5007 2787 5059 καὶ
2810 5005 3303 5076 ἁπολλύμενοι,τῆς
3335 5004 3422 5057 ἀεὶ
3457 5001 3673 5085 μενού-ἱ

2073 5119 2191 5174 σης.
2236 5102 2294 5154 '0
2329 5096 2421 5154 οὖν
2449 5098 2857 5169 ἐπεσκεμμένος
2888 5097 3097 5163 -ταῦτα,
3133 5096 3228 5150 καί⁹
3252 5095 3339 5149 διὰ
3365 5094 3523 5148 τοῦτο
3552 5101 3680 5201 πεεί

2274 5191 2300 5201 .-
2392 5192 2417 5201 .ι
2560 5189 2572 5201 ο
2774 5190 2796 5201 ς
2865 5187 2876 5201 ο
2923 5187 2947 5201 Α
3009 5187 3022 5201 1
3305 5186 3354 5201 ον
3558 5200 3563 5201 ,
3578 5200 3583 5201 γ
3601 5181 3622 5201 Ι

2072 5191 2342 5265 ριφρονῶν
2390 5192 2489 5244 ὅσα
2520 5189 2678 5260 τίμια
2712 5190 2825 5250 τοῖς
2854 5187 3159 5259 ἀνθρώποις
3194 5186 3503 5257 νομίζεται,
3553 5181 3679 5253 μό-ξ

2068 5305 2165 5357 νης
2196 5287 2253 5340 δὲ
2298 5285 2397 5354 τῆς
2448 5282 2598 5345 θείας
2626 5281 2769 5351 ζωῆς
2799 5280 2935 5351 ἔχων
2968 5280 3059 5333 τὸν
3100 5279 3298 5349 ἔρωτα,
3335 5280 3363 5330 ὁ
3390 5273 3543 5337 εἰδὼς
3564 5274 3653 5327 ὅτι

2068 5380 2216 5433 πᾶσα
2245 5376 2380 5449 σὰρξ
2409 5375 2618 5446 χόρτος,
2659 5374 2752 5425 καὶ
2796 5375 2943 5426 πᾶσα
2975 5370 3102 5436 δόξα
3128 5368 3416 5439 ἀνθρώπου
3438 5367 3514 5429 ὡς
3552 5365 3650 5419 ἄν-

2065 5471 2156 5534 θος
2192 5469 2406 5540 χόρτου,
2457 5466 2585 5519 πότε
2619 5465 2853 5535 σπουδῆς
2890 5463 3038 5531 ἄξιον
3067 5462 3155 5517 τὸν
3182 5462 3373 5533 χόρτον
3401 5459 3648 5530 οἰήσεται

2064 5564 2154 5618 τὸν
2207 5562 2444 5633 σήμερον
2492 5559 2620 5613 ὄντα
2643 5598 2656 5624 ,
2691 5558 2786 5611 καὶ
2842 5554 3030 5627 αὔριον
3061 5555 3160 5608 οὐκ
3190 5553 3447 5606 ἐσόμενον
3479 5544 3644 5614 ;Οἷδε
