4034 6132
305 261 401 319 δέ,
954 300 961 307 .
1641 259 1730 313 οε
1790 256 2255 315 VlRGlNI'l‘Al'E.
3472 263 3578 321 διε

302 382 465 454 γάρδ
502 380 911 452 ὲπεσκεμμένος
964 379 1033 434 τὰ
1062 379 1181 436 θεῖα
1219 380 1429 449 καλῶς,
1458 382 1540 436 ὅτι
1587 382 1649 436 οὺ
1688 382 1756 436 τὰ
1788 382 1878 437 ἀν-

1995 398 2052 439 se
2081 390 2243 439 terrae
2275 383 2549 439 dominari
2582 385 2846 451 credunt,
2902 400 3029 456 quae
3078 399 3294 455 semper
3334 393 3574 443 maneat.

304 472 547 544 θρώπινα
572 473 736 541 μόνον
768 473 869 527 οὐκ
894 473 1005 545 ἔχει
1035 472 1097 526 τὸ
1126 474 1342 541 πάγιον,
1382 473 1497 527 ἀλλ’
1536 474 1612 538 ὡς
1644 474 1764 527 οὐδὲ
1793 470 1886 527 τοῦ

1995 474 2132 546 Ergo
2158 475 2250 545 qui
2285 476 2402 530 haec
2428 488 2610 532 meme
2637 478 2906 543 intuetur,
2935 479 3151 549 hacque
3183 477 3251 533 de
3280 492 3450 533 causa
3477 495 3575 550 pro

302 565 503 633 κόσμου
556 565 758 631 παντὸς
815 567 896 630 είς
942 565 1003 620 τὸ
1051 565 1295 636 διηνεκὲς
1345 566 1750 638 ἠρεμήσοντος,
1802 564 1891 619 διὰ

303 654 457 710 τοῦτο
479 656 558 721 ὡς
588 656 880 729 ἀλλοτρίας
919 658 1014 712 καὶ
1043 656 1379 729 προσκαίρου
1410 658 1607 729 ταύτης
1644 660 1889 731 ὑπερορᾷ

302 748 398 819 τῆς
427 748 575 819 ζωῆς
596 766 609 781 ·
638 750 827 820 ἐπειδὴ
866 752 895 803 ὁ
934 750 1161 822 οὐρανὸς
1190 751 1284 803 καὶ
1310 752 1344 821 ἡ
1373 750 1443 821 γῆ
1474 749 1889 822 παρελεύσεται,

302 839 441 893 κατά
487 837 588 909 τὴν
612 839 707 893 τοῦ
739 841 990 912 Σωτῆρος
1018 841 1224 911 φωνὴν,
1250 842 1344 894 καὶ
1376 840 1552 895 πάντα
1589 839 1688 911 τὴν
1721 857 1887 911 μετα-

304 930 639 1001 στοιχείωσιν
687 931 1000 1001 ἀναγκαίως
1047 932 1345 1004 ἐκδέχεται.
1391 931 1490 986 Διά
1538 930 1699 985 τοῦτο
1726 973 1741 997 ,
1788 931 1893 995 ἕως

301 1023 448 1076 ἐστὶν
482 1024 542 1076 ἐν
586 1022 666 1095 τῷ
701 1024 920 1094 σκήνει,
964 1023 1146 1089 καθώς
1185 1041 1349 1096 φησιν
1381 1026 1409 1077 δ
1451 1023 1798 1088 Ἀπόστολος,
1829 1021 1893 1077 τὸ

301 1114 636 1185 πρόσκαιρον
673 1114 1100 1185 ἐνδεικνύμενος,
1130 1114 1462 1187 βαρούμενος
1491 1114 1590 1185 τὴν
1611 1114 1889 1186 παροῦσαν

301 1202 465 1272 ζωὴν,
502 1201 583 1273 τῷ
631 1202 1003 1274 μακρύνεσθαι
1035 1204 1187 1276 αὐτῷ
1227 1205 1329 1278 τὴν
1362 1204 1655 1276 παροικίαν
1686 1203 1889 1276 ταύτην

298 1291 567 1363 ὀδύρεται,
586 1293 776 1365 ὥσπερ
796 1296 890 1349 καὶ
907 1297 935 1348 6
952 1294 1255 1367 Ψαλμῳδὸς
1274 1297 1331 1350 ἐν
1347 1295 1509 1373 ᾠδαῖς
1530 1295 1698 1360 θείαις
1716 1295 1888 1365 λέγων

299 1382 618 1453 πεποίηται.
651 1384 857 1447 Ὄντως
884 1384 992 1455 γὰρ
1019 1386 1080 1439 ἐν
1110 1386 1291 1439 σκότει
1317 1380 1649 1456 βιοτεύουσιν
1674 1387 1723 1440 οί
1751 1385 1890 1457 μετὰ

296 1473 406 1527 τῶν
460 1475 835 1547 σκηνωμάτων
863 1476 1066 1530 τούτων
1110 1479 1175 1549 τῇ
1221 1475 1333 1548 ζωῇ
1369 1476 1777 1547 παροικοῦντες.
1813 1471 1887 1531 Οῦ

296 1567 459 1637 χάριν
505 1566 765 1631 στενάξας
794 1570 822 1621 δ
850 1568 1140 1640 Προφήτης
1167 1569 1304 1639 πρὸς
1332 1568 1430 1640 τὴν
1462 1570 1763 1642 παράτασιν
1791 1570 1890 1641 τῆς

295 1659 615 1731 παροικίας,
649 1679 666 1712 ι
705 1657 895 1730 omet,
934 1678 953 1713 ι
1002 1660 1191 1739 φησὶνι
1238 1679 1256 1711 ι
1298 1661 1442 1730 δτιή
1489 1661 1748 1731 παροικία
1783 1677 1884 1731 μου

295 1725 618 1821 ἐμακρύνθη
648 1752 662 1805 l
703 1770 723 1803 ιν
755 1725 942 1804 έκότει
980 1725 1035 1804 δέ
1065 1725 1191 1821 ’τῆν’
1237 1725 1549 1821 αἰτίαν-τῆς
1570 1725 1884 1823 -κατηφείας
1915 1725 1960 1786 Β

292 1841 496 1912 ταύτης
532 1840 789 1912 ἀνέθηκε.
833 1842 907 1894 Τὸ
957 1842 1064 1913 γὰρ
1110 1842 1300 1907 σκότος
1335 1845 1399 1914 τῇ
1454 1843 1689 1913 Ἐϐραΐδι
1735 1847 1885 1917 φωνῇ

295 1934 488 2003 κηὸὰρ
507 1934 872 2005 ὀνομάζεσθαι
908 1933 1311 2007 μεμαθήκαμεν
1330 1952 1342 1965 ·
1362 1931 1397 2006 ἦ
1418 1936 1526 2004 γάρ
1554 1936 1629 1999 ὡς
1650 1936 1885 2007 ἀληθῶς,

295 2023 550 2097 καθάπερ
603 2025 838 2096 ἀορασίᾳ
888 2026 995 2078 τινὶ
1047 2029 1336 2097 νυκτερινῇ
1387 2028 1789 2098 κεκρατημένοι
1835 2030 1886 2082 oi

293 2110 600 2182 ἄνθρωποι,
651 2112 796 2165 οὕτω
855 2114 996 2184 πρὸς
1033 2114 1132 2185 τὴν
1182 2116 1281 2186 τῆς
1335 2114 1552 2187 ἀπάτης
1596 2117 1887 2187 ἐπίγνωσιν

294 2201 752 2272 ἁμδλυωποῦσιν·
776 2205 877 2257 οὐκ
898 2204 1099 2268 εἰδότες
1126 2205 1207 2257 ὃτι
1232 2205 1408 2258 πάντα
1430 2207 1528 2259 ὅσα
1553 2208 1708 2278 τίμια
1741 2210 1798 2261 ἐν
1820 2212 1887 2281 τῇ

293 2293 405 2364 ζωῇ
436 2293 609 2366 ταύτῃ
632 2296 1015 2368 νενόμισται,ἢ
1045 2299 1139 2350 καὶ
1163 2298 1262 2350 ὅσα⁸
1294 2299 1428 2368 πρὶς
1452 2298 1511 2351 τὸ
1536 2299 1777 2354 ἐναντίον
1793 2302 1888 2354 ὑπ-

291 2381 574 2455 είληπται,
603 2388 663 2441 ἐν
691 2387 828 2458 μόνῃ
856 2390 922 2460 τῇ
956 2387 1220 2458 ὑπολήψει
1254 2387 1362 2441 τῶν
1390 2391 1632 2459 ἀνοήτων
1659 2391 1889 2464 ὑφέστη-

293 2493 388 2531 κεν
411 2494 426 2507 ·
465 2478 610 2531 αύτά
663 2478 721 2532 δὲ
753 2479 838 2547 ἐφ’
878 2478 1086 2532 ἑαυτῶν
1138 2481 1285 2534 ἐστιν
1341 2481 1550 2552 οὐδαμῆ
1599 2482 1752 2536 οὐδέν
1787 2500 1799 2514 ·
1823 2482 1887 2536 οὐ

292 2569 589 2638 δυσγένεια
608 2587 694 2633 τις
714 2612 729 2636 ,
760 2571 861 2624 ούκ
890 2571 1241 2643 εὐδοκίμησις
1289 2572 1509 2641 γένους,
1543 2573 1605 2625 οὐ
1636 2572 1794 2640 δόξα,
1825 2575 1887 2628 ού

293 2662 646 2732 περιφάνεια,
678 2662 739 2715 ού
767 2662 838 2716 τὰ
864 2663 1068 2718 παλαιὰ
1112 2664 1446 2735 διηγήματα,
1474 2665 1567 2734 οὐχ
1597 2667 1625 2718 ὁ
1653 2666 1747 2718 ἐπὶ
1772 2667 1889 2730 τοῖς

292 2752 558 2807 ἐνεστῶσι
593 2752 795 2823 τῦφος,
825 2755 886 2811 οὐ
920 2756 980 2808 τὸ
1027 2759 1247 2827 κρατεῖν
1282 2757 1487 2828 ἐτέρων
1511 2798 1526 2825 ,
1559 2758 1621 2811 ού
1663 2757 1723 2811 τὸ
1754 2759 1889 2811 ὑπο-

293 2847 503 2917 χείριον
540 2843 680 2900 εἶναι
716 2864 729 2875 °
770 2848 991 2901 πλοῦτοί
1039 2866 1099 2902 τε
1152 2850 1244 2903 καὶ
1280 2850 1526 2920 τρυφαὶ,
1565 2850 1658 2904 καὶ
1709 2850 1889 2903 πενίαι

294 2942 382 2994 καὶ
414 2940 669 3011 ἀπορίαι,
703 2942 795 2995 καὶ
845 2943 1018 2995 πᾶσαι
1042 2943 1098 2994 αἱ
1129 2941 1225 2995 τοῦ
1260 2942 1376 3011 βίου
1415 2942 1743 3012 ἀνωμαλίαι,
1778 2946 1890 3006 τοῖς

1990 570 2166 624 nihilo
2202 585 2268 626 ea
2306 578 2505 640 putat,
2535 587 2658 642 quae
2697 572 2978 626 hominum
3012 572 3210 641 vulgus
3246 572 3301 626 in
3352 573 3571 642 pretio,

1991 670 2156 731 atque
2187 662 2242 717 in
2274 662 2485 717 honore
2513 663 2675 717 habet
2700 702 2715 727 ,
2744 666 2949 733 quique
2974 664 3218 719 cmlestis
3243 664 3367 719 vitae
3391 667 3574 720 solum

1992 768 2177 809 amore
2227 752 2468 817 ducitur,
2502 752 2807 824 fanumque
2859 768 2983 809 esse
3036 768 3254 808 onmem
3307 769 3571 818 carnem,

1992 844 2263 915 quasique
2304 844 2415 899 feni
2456 843 2646 900 liorem
2683 860 2909 900 omnem-
2937 846 3177 901 hominis
3210 846 3440 915 gloriam
3482 846 3570 901 vi-

1991 938 2103 1002 det,
2132 936 2395 994 studione
2421 937 2652 1008 dignum
2677 937 2865 993 fenum
2887 951 3127 1008 unquam
3156 937 3389 1008 putabit,
3421 938 3570 1008 quod

1992 1027 2157 1084 hodie
2188 1034 2306 1093 est,
2342 1042 2469 1084 cras
2497 1043 2608 1083 non
2646 1026 2933 1082 futurum?
2957 1025 3060 1094 Qui
3089 1027 3237 1082 enim
3265 1028 3449 1084 divina
3480 1043 3569 1084 rc-

1989 1129 2078 1176 cte
2114 1120 2540 1190 contemplatur,
2573 1119 2664 1175 hic
2689 1118 3074 1176 animadvertit
3106 1135 3217 1175 non
3262 1122 3447 1176 solum
3478 1135 3569 1177 res

1990 1211 2268 1266 humanas
2296 1211 2434 1265 nihil
2468 1209 2612 1265 ﬁrmi
2644 1210 3189 1280 solidique'hahere,
3229 1210 3358 1277 sed,
3409 1212 3570 1281 quasi

1989 1317 2170 1371 neque
2210 1303 2508 1358 universus
2540 1302 2628 1355 hic
2661 1300 2906 1357 mundus
2932 1301 2987 1355 in
3021 1311 3346 1371 perpetuum
3381 1302 3452 1357 sit
3483 1301 3571 1356 τυσ-

1989 1402 2181 1461 turns,
2218 1402 2504 1464 pr0pterea
2540 1395 2706 1447 vitam
2742 1393 2885 1448 hanc
2917 1394 3073 1464 quasi
3109 1394 3387 1460 alienam,
3419 1409 3568 1449 eam-

1988 1502 2098 1556 que
2131 1484 2397 1541 caducam
2441 1484 2710 1555 negligit:
2754 1485 3051 1555 quoniam,
3087 1491 3146 1539 ut
3180 1499 3314 1540 voce
3350 1482 3566 1539 Domini

1990 1575 2364 1647 signiﬁcatum
2398 1581 2484 1630 est
2515 1573 2559 1641 ⁸,
2592 1575 2719 1629 coeli
2756 1581 2811 1628 et
2841 1580 2992 1629 terra
3031 1573 3380 1637 transibunt,
3426 1586 3568 1626 cun—

1990 1675 2190 1738 ctaque
2243 1666 2434 1721 formae
2475 1666 2962 1721 commutationem
3011 1665 3337 1719 necessario.
3373 1679 3571 1735 exspe-

1988 1767 2162 1815 ctant.
2214 1757 2584 1824 Quamobrem
2617 1758 2864 1829 quandiu
2901 1757 3139 1827 aliquis,
3188 1756 3368 1825 inquit
3419 1756 3566 1825 Apo-

1990 1852 2167 1907 stolus
2190 1852 2211 1883 ⁸
2236 1890 2251 1917 ,
2287 1852 2345 1905 in
2377 1851 2483 1906 hoc
2514 1849 2832 1904 habitacula
2869 1857 2983 1917 est,
3027 1848 3418 1903 mortalitatem
3455 1862 3574 1918 pra:

1989 1960 2049 2000 se
2079 1944 2300 2011 ferens,
2349 1944 2563 2016 hacque
2616 1944 2725 1998 vita
2777 1953 3076 2013 gravatus,
3126 1941 3409 2012 prorogari
3460 1940 3578 1996 sibi

1987 2036 2136 2091 hunc
2165 2036 2463 2091 incolatum
2498 2036 2681 2099 dolet,
2718 2044 2777 2088 ut
2803 2035 2857 2088 in
2890 2034 3093 2088 divinis
3124 2033 3381 2087 cantibus
3407 2031 3565 2087 Psal-

1990 2128 2186 2184 mistes
2214 2128 2417 2183 cecinit
2445 2145 2461 2197 ;
2492 2143 2620 2182 vere
2647 2127 2791 2181 enim
2820 2127 2876 2180 in
2898 2126 3140 2181 tenebris
3162 2126 3353 2179 vivunt
3377 2125 3444 2190 ii,
3471 2123 3573 2195 qui

1989 2221 2044 2275 in
2095 2219 2183 2276 his
2229 2220 2608 2275 tabernaculis
2648 2219 2817 2273 vitam
2867 2217 3120 2289 degunt:
3168 2218 3357 2287 itaque
3400 2215 3591 2286 hujus.

1989 2313 2265 2369 incolatus
2308 2312 2755 2383 prorogationem
2782 2309 3059 2381 PrOpheta
3109 2309 3198 2365 his
3255 2308 3446 2364 verbis
3482 2307 3568 2361 lu-

1988 2411 2074 2477 get
2104 2423 2160 2460 ιι
2191 2403 2282 2459 ναι
2308 2404 2461 2469 mihi,
2494 2404 2752 2473 quoniam
2788 2404 3062 2459 incolatus
3093 2401 3586 2471 meusprolonga-A

1990 2506 2078 2550 tus
2101 2504 2183 2551 est
2211 2496 2263 2548 ‘l
2303 2513 2321 2547 ι
2346 2493 2613 2550 Tenebris
2657 2509 2822 2565 porro
2848 2493 3157 2558 domicilii,
3185 2500 3239 2547 et
3295 2490 3569 2545 incolatus

1989 2587 2156 2657 hujus
2175 2601 2400 2641 causam
2426 2586 2615 2640 tribuit
2643 2603 2656 2639 :
2685 2586 3037 2641 Hebraeorum
3064 2586 3214 2639 enim
3240 2597 3370 2638 voce
3392 2581 3572 2637 Cedar

1990 2679 2246 2734 tenebras
2277 2678 2537 2748 appellari
2575 2693 2605 2731 a
2643 2678 2985 2748 sapientibus
3019 2675 3317 2732 didicimus
3346 2690 3360 2739 ;
3393 2679 3487 2728 aut
3516 2672 3571 2728 id

1991 2770 2215 2840 quidem
2266 2784 2501 2824 revera:
2558 2777 2615 2822 ut
2665 2771 2811 2823 enim
2859 2766 3107 2838 quaedam
3161 2764 3343 2820 noctis
3392 2762 3573 2832 caligo

1991 2862 2325 2916 mortalibus
2356 2860 2682 2923 oll‘unditur,
2722 2860 2805 2915 sic
2851 2859 2904 2914 lii
2946 2858 3015 2914 ad
3051 2857 3260 2914 erroris
3302 2854 3571 2926 cognitio-

1993 2969 2115 3009 nem
2146 2955 2519 3016 obcwcantur,
2549 2959 2733 3022 utpote
2760 2966 2884 3007 cum
2916 2950 3143 3005 minime
3169 2948 3390 3004 videant
3411 2987 3425 3012 ,
3450 2958 3573 3015 quae

297 3036 391 3105 μὲν
426 3036 781 3100 ἀπαιδεύτοις
826 3038 1086 3109 πάμπολυ
1134 3038 1411 3109 διαφέρειν
1449 3039 1697 3093 δοκοῦσιν
1718 3080 1732 3104 ,
1762 3041 1889 3094 ὅταν

1995 3046 2047 3100 in
2079 3046 2182 3099 hac
2216 3045 2327 3099 vita
2359 3059 2575 3100 summa
2601 3043 3007 3114 magniﬁcaque
3043 3041 3361 3096 existimata
3404 3043 3571 3099 sunt,

293 3127 493 3198 ἡδονὴν
525 3128 790 3181 ποιῶνται
820 3128 928 3183 τῶν
952 3129 1212 3182 τοιούτων
1251 3132 1554 3202 κριτήριον.

1995 3151 2182 3207 quaeve
2213 3137 2269 3190 in
2301 3135 2599 3190 contrariis
2628 3141 2758 3190 sunt
2790 3134 2957 3189 rebus
2987 3131 3175 3186 habita
3198 3168 3212 3195 ,
3242 3128 3427 3184 omnia
3462 3126 3576 3180 haec

298 3223 477 3276 solum
531 3219 730 3275 insana
785 3220 1020 3290 quadam
1053 3221 1341 3275 hominum
1397 3221 1658 3291 opinione
1713 3224 1846 3280 talia
1885 3227 2169 3283 exstitisse
2197 3243 2210 3279 :
2280 3241 2344 3281 ea
2377 3239 2508 3279 vero
2539 3238 2636 3294 per
2665 3239 2726 3279 se
2755 3223 2892 3277 nihil
2925 3221 3152 3277 omnino
3185 3226 3315 3275 sunt
3344 3237 3356 3272 :
3425 3217 3575 3273 nnila

294 3312 656 3384 ignobilitas,
688 3314 903 3368 nullum
948 3315 1164 3371 illustre
1211 3331 1418 3383 genus,
1470 3317 1618 3371 nulla
1665 3318 1876 3389 gloria,
1924 3324 2108 3378 nullus
2141 3320 2423 3392 splendor,
2454 3319 2620 3375 nullae
2682 3318 2750 3372 de
2820 3315 3123 3385 majoribus
3175 3328 3575 3370 commemora-

294 3409 506 3473 tiones,
546 3408 701 3462 nulla
746 3425 934 3464 rerum
982 3412 1340 3478 praesentium
1369 3412 1538 3465 animi
1569 3413 1766 3478 elatio,
1799 3417 2048 3489 nihilque
2074 3420 2241 3475 estin
2276 3418 2414 3472 alios
2476 3414 2785 3479 dominari,
2854 3412 3101 3482 nihilque
3171 3410 3405 3464 aliorum
3474 3407 3577 3461 im-

295 3505 455 3574 perio
505 3504 688 3559 teneri
718 3522 734 3560 :
769 3519 881 3559 non
934 3505 1170 3571 divitiae,
1222 3521 1333 3561 non
1389 3517 1688 3577 paupertas
1713 3551 1727 3575 ,
1777 3527 1887 3567 non
1928 3524 2180 3585 egestas,
2249 3513 2414 3567 nulla:
2443 3510 2683 3580 denique
2717 3506 2881 3576 hujus
2907 3508 3030 3571 vitae
3095 3503 3451 3573 inaequabiles
3479 3518 3574 3555 va-

294 3600 562 3662 rietates,
597 3612 739 3667 quar
768 3597 1041 3667 imperitis
1088 3597 1308 3667 quidem
1356 3599 1717 3667 hominibus,
1757 3618 1883 3657 cum
1930 3603 1989 3659 hi
2057 3605 2397 3674 voluptatem
2458 3600 2576 3657 suis
2633 3598 2894 3653 sensibus
2957 3595 3277 3656 metiantur,
3344 3592 3577 3648 multum

294 3691 548 3746 eminere
577 3688 859 3744 videntur.

337 3775 465 3855 ’Τῷ
492 3785 551 3839 δὲ
577 3784 769 3855 ὑψηλῷ
807 3785 908 3856 τὴν
940 3783 1176 3838 διάνοιαν
1214 3785 1391 3840 πάντα
1423 3788 1663 3859 ὁμότιμα
1708 3789 1887 3859 φαίνε-

296 3893 408 3940 ται,
467 3876 564 3929 καὶ
607 3876 758 3929 οὐδὲν
785 3875 1177 3947 προτιμότερον
1212 3876 1306 3930 τοῦ
1357 3878 1545 3950 ἑτέρου
1574 3880 1634 3932 τὸ
1661 3879 1872 3951 ἕτερον,

296 3968 376 4040 τῷ
404 3968 612 4038 ὁμοίως
638 3968 728 4021 διὰ
774 3966 883 4021 τῶν
909 3968 1168 4022 ἐναντίων
1215 3968 1305 4022 τὸν
1350 3970 1449 4040 τῆς
1499 3970 1644 4040 ζωῆς
1690 3971 1889 4043 δρόμον

300 4060 588 4122 ἀνύεσθαι,
625 4059 718 4112 καὶ
753 4059 875 4129 ἴσην
905 4061 962 4113 ἐν
992 4060 1227 4131 ἑκατέρα
1259 4060 1366 4114 τῶν
1391 4059 1597 4131 λήξεων
1630 4063 1728 4132 τὴν
1754 4064 1891 4133 πρὴς

301 4155 362 4209 τὸ
398 4149 465 4207 εὖ
496 4153 530 4224 ἢ
564 4152 752 4215 κακῶς
781 4153 879 4223 ζῇν
901 4152 1131 4223 δύναμιν
1174 4154 1521 4223 ἐνυπάρχειν,
1546 4153 1636 4207 διά
1669 4154 1775 4207 τῶν
1805 4155 1892 4208 δε-

305 4232 439 4313 ξιῶν
469 4244 652 4299 ὅπλων
674 4245 768 4299 καὶ
794 4244 1119 4315 ἀριστερῶν,
1156 4246 1321 4315 φησιν
1363 4247 1392 4297 δ
1425 4245 1766 4309 Ἀπόστολος,
1808 4246 1896 4301 διὰ

306 4338 467 4408 δόξης
517 4337 613 4390 καὶ
666 4337 890 4407 ἀτιμίας
912 4353 926 4367 ·
956 4336 1022 4389 δι’
1045 4329 1118 4391 ὧν
1147 4338 1175 4390 ὁ
1208 4336 1307 4407 μὲν
1348 4337 1758 4409 κεκαθαρμένος
1806 4339 1897 4393 τὸν

308 4430 435 4482 νοῦν
469 4429 564 4481 καὶ
594 4428 1003 4499 ἐπεσκεμμένος
1036 4426 1132 4499 τὴν
1162 4428 1270 4481 τῶν
1311 4429 1482 4483 ὄντων
1506 4430 1781 4500 ἀλήθειαν,
1807 4433 1893 4498 ὀρ-

309 4520 421 4583 θῶς
456 4518 670 4573 ὁδεύσει
697 4519 797 4591 τὴν
837 4520 1094 4590 πορείαν,
1121 4520 1228 4574 ἀπὸ
1275 4520 1544 4587 γενέσεως
1604 4520 1765 4592 μέχρι
1797 4523 1894 4592 τῆς

310 4611 495 4677 ἐξόδου
534 4611 628 4665 τὸν
652 4612 983 4682 τεταγμένον
1031 4611 1181 4682 αὐτῷ
1227 4612 1416 4683 χρόνον
1464 4612 1893 4683 διεξερχόμενος

312 4701 452 4755 ἀλλά
491 4701 634 4755 κατά
662 4700 763 4772 τὴν
795 4700 905 4755 τῶν
945 4701 1239 4773 ὁδοιπόρων
1269 4701 1556 4774 συνήθειαν
1581 4704 1676 4756 τοῦ
1710 4705 1899 4775 πρόσω

313 4794 594 4864 ἐχόμενος,
633 4792 814 4862 ὀλίγον
870 4796 1103 4848 ποιεῖται
1155 4794 1263 4848 τῶν
1310 4794 1758 4866 προφαινομένων
1808 4793 1900 4848 τοῦ

312 4880 493 4949 λόγον.
544 4880 782 4952 Σύνηθες
836 4880 946 4951 γάρ
981 4883 1094 4946 τοῖς
1149 4880 1518 4952 ὁδοιποροῦσιν
1563 4881 1656 4934 ἐπὶ
1696 4881 1758 4934 τὸ
1801 4884 1900 4952 τῆς

313 4973 437 5026 ὁδοῦ
493 4974 670 5044 πέρας
713 4973 914 5044 ὁμοίως
938 4972 1255 5042 ἐπείγεσθαι
1280 5013 1295 5036 ,
1325 4973 1390 5027 ἄν
1421 4989 1481 5026 τε
1512 4972 1599 5026 διὰ
1627 4971 1904 5043 λειμώνων

319 5067 414 5119 καὶ
440 5066 737 5137 συμφύτων
767 5066 1002 5138 χωρίων,
1024 5066 1090 5120 ἄν
1111 5083 1171 5121 τε
1196 5066 1263 5121 δι’
1284 5064 1633 5138 ἐρημοτέρων
1654 5065 1746 5118 καὶ
1768 5080 1903 5135 τρα-

319 5158 565 5230 χυτέρων
595 5158 778 5212 τόπων
833 5158 1172 5230 διέρχωνται,
1214 5158 1310 5213 καὶ
1334 5157 1458 5211 οὕτε
1484 5157 1546 5211 τὸ
1583 5157 1683 5229 ἡδὺ
1728 5173 1906 5229 παρα-

320 5249 605 5320 κατέσχεν,
629 5248 756 5303 οὔτε
782 5249 843 5303 τὸ
867 5250 1030 5320 ἀηδὲς
1064 5250 1387 5304 ἐνεπόδισεν.
1431 5249 1588 5303 Οὕτω
1616 5248 1712 5302 καὶ
1742 5248 1905 5312 αὐτὸς

223 5387 227 5390 .
321 5343 731 5415 ἀμεταστρεπτὶ⁸
764 5342 900 5412 πρὸς
932 5342 1024 5395 τὸν
1071 5342 1427 5413 προκείμενον
1483 5343 1685 5395 σκοπὸν
1725 5337 1904 5410 ἑαυτῴ

323 5434 729 5505 ἐπειχθήσεται,
748 5435 886 5507 πρὸς
910 5433 1063 5488 οὐδὲν
1084 5433 1194 5487 τῶν
1214 5433 1484 5503 παροδίων
1506 5430 1903 5502 ἐπιστρεφόμε-

323 5536 417 5585 νος
435 5521 596 5579 ’ἀλλά
619 5524 757 5596 πρὸς
782 5524 940 5595 μόνον
972 5522 1198 5594 οὐρανὸν
1230 5520 1441 5591 βλέπων
1467 5521 1552 5575 δια
1562 5519 1785 5590 περάσει
1812 5518 1904 5571 τὸν

402 5699 425 5731 ⁵
447 5697 637 5758 Matth.
662 5716 809 5768 xxiv,
845 5700 934 5757 55.
1011 5698 1092 5753 'll
1115 5699 1242 5761 Cor,
1271 5716 1320 5766 v,
1365 5698 1419 5755 4.
1499 5699 1518 5730 ⁶
1550 5695 1695 5753 Psal.
1721 5708 1869 5750 εχιτ.
1895 5692 1948 5749 ἓ.

2064 3789 2131 3843 At
2175 3803 2304 3844 vero
2339 3785 2432 3856 qui
2475 3797 2672 3854 magno
2713 3782 2936 3851 altoque
2997 3785 3096 3834 est'
3137 3778 3353 3844 animo,
3393 3778 3577 3833 omnia

1993 3885 2107 3938 haec
2153 3880 2304 3950 paria
2337 3893 2480 3943 esse,
2526 3889 2705 3945 neque
2762 3888 2875 3929 rem
2909 3884 3072 3925 unam
3111 3870 3269 3924 alteri
3318 3877 3578 3940 praestare

1993 3981 2173 4046 putat,
2201 3971 2463 4042 quoniam
2519 3985 2584 4023 ex
2616 3967 2783 4023 rebus
2817 3965 2961 4019 inter
3015 3978 3073 4018 se
3114 3961 3408 4018 contrariis
3456 3962 3578 4017 vitae

1993 4079 2193 4120 cursus
2243 4077 2397 4132 aeque
2452 4058 2774 4123 coniicitur,
2836 4056 3177 4125 aequalisque
3225 4055 3281 4108 in
3343 4063 3579 4123 utraque

1994 4153 2120 4208 vitae
2163 4150 2477 4207 conditione
2510 4156 2563 4203 et
2619 4148 2757 4201 bene
2806 4154 2861 4202 et
2920 4145 3061 4198 male
3136 4144 3354 4199 vivendi
3434 4144 3581 4199 inest

1996 4241 2267 4307 facultas;
2328 4247 2440 4294 tam
2495 4253 2562 4293 ex
2620 4237 2785 4292 rebus
2834 4237 3064 4299 dextris,
3105 4235 3291 4304 inquit
3336 4236 3576 4304 Aposto-

1997 4335 2106 4401 lus,
2171 4347 2334 4404 quam
2398 4330 2687 4391 sinistris,
2745 4336 2800 4383 ct
2852 4343 3005 4396 aeque
3040 4343 3105 4380 ex
3165 4325 3383 4394 gloria,
3416 4333 3581 4395 atque

1999 4442 2065 4482 ex
2122 4425 2303 4493 aliqua
2362 4421 2711 4493 ignominia:
2772 4420 2823 4471 in
2881 4418 3081 4486 quibus
3132 4414 3351 4484 quidem
3417 4416 3582 4468 rebus

1935 4495 2085 4576 l)is,
2140 4510 2232 4580 qui
2284 4521 2421 4577 pura
2478 4515 2662 4560 mente
2726 4502 2829 4556 fuit
2883 4511 2938 4555 et
2983 4502 3341 4567 incorrupta,
3397 4512 3581 4551 rerum

2004 4601 2291 4657 veritatem
2321 4598 2554 4654 intuitus
2600 4603 2717 4660 est,
2774 4595 2842 4649 ab
2873 4602 2995 4647 ortu
3040 4606 3214 4660 usque
3248 4589 3313 4643 ad
3371 4590 3581 4644 obitum

2005 4694 2331 4767 praeﬁnitum
2394 4691 2498 4746 sibi
2551 4699 2763 4758 tempus
2793 4684 3195 4756 percurrendo,
3259 4690 3410 4736 recta
3438 4682 3584 4735 hunc

2013 4789 2192 4857 ipsum
2249 4786 2374 4838 vitae
2401 4796 2622 4837 cursum
2658 4779 2904 4841 coniicit,
2941 4792 3063 4832 cum
3116 4789 3294 4844 neque
3329 4772 3581 4841 volupta-

2006 4887 2121 4932 tum
2179 4874 2460 4931 blanditiis
2499 4871 2819 4932 molliatur,
2870 4882 3049 4937 neque
3101 4864 3265 4919 rebus
3318 4862 3581 4934 gravibus

2011 4968 2327 5025 debilitetnr
2356 4978 2419 5018 ac
2452 4963 2821 5033 deprimatur,-
2851 4959 2945 5015 sed
2975 4957 3245 5010 viatorum
3283 4969 3435 5009 more
3472 4952 3582 5006 lon-

2011 5062 2133 5131 gius
2201 5070 2550 5129 progressus,
2584 5068 2808 5124 parvam
2861 5064 3049 5107 earum
3100 5062 3305 5114 rerum,
3367 5060 3487 5115 qua:
3525 5060 3585 5099 se

2011 5151 2121 5206 illis
2181 5147 2478 5204 ostendunt
2503 5184 2531 5214 ,-
2580 5144 2845 5201 rationem
2899 5142 3082 5196 habet.
3139 5136 3279 5191 Illud
3322 5137 3470 5192 enim
3528 5137 3584 5189 in

2011 5240 2415 5297 consuetudine
2472 5254 2660 5294 eorum
2712 5245 2798 5293 est
2841 5235 2935 5305 qui
2990 5230 3451 5303 peregrinantur,
3524 5234 3587 5279 ut

2013 5335 2127 5389 sive
2167 5330 2359 5403 pratis,
2402 5330 2516 5385 sive
2542 5329 2732 5388 .cultis
2779 5326 2927 5397 agris
2959 5364 2974 5391 ,
3026 5325 3139 5379 sive
3170 5321 3347 5377 vastis
3401 5318 3588 5375 deser-

2011 5427 2190 5495 tisque
2231 5422 2369 5477 locis
2400 5421 2503 5478 iter
2531 5418 2756 5479 faciant,
2817 5432 2995 5487 neque
3036 5414 3112 5470 rei
3144 5414 3311 5469 ullius
3343 5410 3586 5467 oblecta-

2011 5517 2180 5583 tione,
2219 5529 2396 5583 neque
2430 5526 2489 5569 re
2540 5512 2724 5584 aliqua
2779 5509 3008 5564 molesta
3045 5503 3315 5576 impediti,
3362 5498 3585 5557 itineris
