4034 6132
310 305 415 361 545

1566 306 1623 361 S.
1642 304 1987 362 .GREGORII
2027 305 2321 361 NYSSENI

3469 303 3575 360 ειι

310 438 534 478 cursum
591 423 862 478 coniicere
918 431 1214 480 maturent.
1268 423 1500 494 Parique
1547 423 1762 479 ratione
1799 424 1923 486 hic,

2031 424 2126 487 ίον,
2163 424 2412 493 καθάπερ
2439 442 2519 487 τις
2546 424 2886 495 κυϐερνήτης
2925 419 3130 490 ἀγαθὸς
3159 420 3296 493 πρὸς
3335 419 3432 476 τὸν
3466 420 3579 475 ἀνω

313 529 414 569 nec
463 514 786 569 diverticula
817 554 831 578 ,
891 529 1068 582 neque
1118 515 1331 570 viarum
1393 515 1656 570 ﬂexiones
1708 516 1886 584 respi-

313 608 527 673 ciendo,
569 608 636 661 ad
687 607 816 661 illud
871 606 1017 675 quod
1085 607 1192 662 sibi
1252 607 1492 661 maxime
1545 606 1886 676 propositum

313 711 417 763 est,
447 701 670 754 omnino
699 697 1018 768 perveniet,
1059 699 1155 753 sed
1189 700 1244 753 in
1292 700 1493 753 coelum
1550 699 1726 754 solum
1753 713 1890 752 con-

315 789 540 854 tuendo,
572 789 718 842 hunc
769 788 894 842 vitae
939 803 1161 842 cursum
1198 827 1213 852 ,
1265 795 1526 857 tanquam
1561 787 1761 856 aliquis
1790 801 1888 854 ops

315 882 484 935 timus
537 880 891 950 gubernator.
926 879 1203 944 conﬁciet,
1259 879 1351 948 qui
1385 880 1610 933 cmlcste
1667 875 1889 947 aliquod

319 971 471 1027 sidus
528 971 790 1026 intuendo
843 970 911 1024 ad
975 971 1028 1025 id
1066 971 1222 1026 navis
1275 985 1497 1024 cursum
1559 968 1769 1038 dirigit.
1806 968 1896 1020 Ille

318 1075 450 1115 vero
484 1100 498 1122 ,
542 1061 632 1113 cui
693 1060 944 1115 obtusior
981 1068 1065 1114 est
1122 1059 1319 1113 mentis
1389 1057 1536 1112 acies
1565 1098 1580 1121 ,
1634 1056 1896 1111 inferiora

320 1153 544 1221 respicit
569 1192 584 1215 ,
643 1161 696 1207 et
734 1152 801 1205 ad
839 1152 1088 1222 corporis
1137 1152 1445 1221 voluptates
1473 1191 1486 1214 ,
1527 1158 1787 1218 tanquam
1831 1150 1897 1201 ad

324 1243 582 1312 pabulum
665 1243 948 1312 pecudes,
1012 1245 1251 1296 animum
1317 1242 1548 1310 adjicit,
1616 1239 1900 1307 ventrique

325 1333 470 1399 soli,
515 1333 837 1402 eaiterisque
889 1334 1096 1388 ventris
1167 1333 1356 1386 vitium
1430 1329 1902 1400 consequentibus

324 1421 487 1473 rebus
538 1420 756 1476 deditus
797 1422 967 1488 vivit;
1003 1422 1165 1492 Quive
1194 1437 1222 1474 a
1263 1421 1374 1474 vita
1429 1419 1616 1474 divina
1653 1434 1901 1481 aversus,

326 1518 381 1565 et
411 1525 440 1563 a
482 1519 928 1566 testamentorum
960 1512 1247 1583 promissis
1303 1511 1515 1565 alienus
1538 1551 1552 1573 ,
1587 1510 1723 1564 nihil
1759 1509 1902 1561 aliud

329 1604 384 1657 in
427 1603 588 1658 bonis
642 1618 764 1658 esse
817 1614 992 1675 putat,
1045 1605 1150 1659 nisi
1201 1619 1325 1658 cum
1360 1603 1486 1673 quis
1541 1601 1596 1656 in
1659 1600 1908 1670 corporis

328 1695 607 1766 voluptate
651 1704 758 1760 est,
801 1697 889 1751 hic
937 1698 1219 1767 profecto,
1269 1703 1321 1751 et
1369 1694 1548 1750 omnis
1595 1694 1778 1757 homo,
1813 1690 1906 1762 qui

1994 515 2193 568 σκοπὸν
2243 514 2532 568 διευθύνων
2573 513 2633 567 τὸ
2677 513 2906 584 σκάφος.
2955 513 3012 567 '0
3050 513 3107 566 δὲ
3137 511 3312 583 παχὺς
3342 511 3440 584 τὴν
3461 512 3580 566 65d-

1992 623 2158 669 νοιαν,
2208 607 2300 659 καὶ
2351 606 2502 660 κάτω
2535 605 2766 676 βλέπων,
2800 605 2894 658 καὶ
2952 603 3309 673 συγκεκυφὼς
3335 605 3398 674 τῇ
3428 602 3579 673 ψυχῇ

1993 700 2130 770 πρὸς
2157 699 2222 752 τὰ
2251 699 2384 768 ἡδέα
2405 697 2498 750 τού
2528 695 2802 768 σώματος.
2839 695 3090 766 καθάπερ
3123 693 3259 765 πρὸς
3285 693 3383 763 τὴν
3406 691 3582 763 νομὴν

1993 792 2060 844 τὰ
2092 789 2432 860 βοσκήματα,
2469 787 2606 860 μόνῃ
2635 790 2700 858 τῇ
2731 788 2928 857 γαστρὶ
2949 786 3043 840 καὶ
3071 788 3182 847 τοῖς
3217 783 3353 852 μετὰ
3382 782 3583 852 γαστέ-

1999 899 2066 952 ρα
2105 880 2210 944 ζῶν
2236 922 2250 947 ,
2290 879 2800 951 ἀπηλλοτριωμένος
2841 877 2934 931 τοῦ
2979 876 3112 930 Θεοῦ
3148 877 3244 947 τῆς
3290 876 3456 946 ζωῆς,
3493 875 3585 928 καὶ

1999 972 2145 1037 ξένος
2199 972 2306 1025 τῶν
2347 971 2622 1043 διαθηκῶν
2650 956 2758 1040 τῆς.
2794 971 3162 1039 ἐπαγγελίας,
3196 968 3348 1020 οὐδὲν
3396 967 3586 1038 ἓτερον

1998 1064 2201 1132 ἀγαθὸν
2226 1059 2361 1116 εἶναι
2384 1062 2639 1132 νομίζων,
2665 1062 2779 1132 ἢτὸ
2811 1061 3043 1132 ήσθῆναι
3073 1059 3161 1113 διὰ
3183 1057 3276 1110 τοῦ
3310 1056 3584 1128 σώματος,

2001 1152 2156 1218 οὗτος
2206 1157 2387 1218 ἐστιν,
2433 1155 2527 1207 καὶ
2578 1156 2685 1218 πᾶς
2717 1157 2744 1207 ὁ
2790 1151 3047 1214 τοιοῦτος,
3085 1151 3113 1202 ὁ
3152 1152 3209 1203 ἐν
3246 1148 3426 1201 σκότει
3473 1147 3590 1200 δια-

2003 1245 2378 1315 πορευόμενος,
2408 1243 2588 1307 καθώς
2624 1261 2786 1313 φησιν
2811 1246 2843 1312 ἡ
2869 1242 3078 1312 Γραφὴ,
3110 1243 3138 1294 ὁ
3165 1239 3275 1292 τῶν
3301 1241 3357 1292 ἐν
3380 1237 3459 1308 τῷ
3488 1237 3591 1307 βίῳ

2003 1337 2174 1406 τούτῳ
2201 1337 2384 1390 κακῶν
2421 1335 2647 1407 εύρέτης
2670 1354 2682 1367 ο
2711 1339 2766 1389 ἐν
2799 1335 3009 1397 τούτοις
3035 1333 3142 1406 γὰρ
3167 1332 3260 1385 καὶ
3288 1328 3590 1394 πλεονεξία,

2005 1431 2099 1483 καὶ
2139 1429 2324 1482 παθῶν
2367 1430 2650 1491 ἀκολασία,
2701 1430 2794 1483 καὶ
2835 1431 2868 1500 ή
2903 1428 3036 1499 πρὸς
3089 1428 3187 1489 τὰς
3224 1422 3419 1495 ἡδονὰς
3451 1423 3595 1492 ἀμε-

2006 1523 2130 1593 τρία
2154 1564 2168 1587 ,
2197 1523 2452 1591 φιλαρχία
2484 1539 2543 1574 τε
2583 1523 2754 1587 πᾶσα,
2786 1521 2880 1573 καὶ
2919 1517 3083 1589 κενῆς
3109 1516 3266 1585 δόξης
3297 1511 3588 1582 ἐπιθυμία,

2009 1613 2102 1665 καὶ
2147 1614 2174 1665 ὁ
2221 1611 2402 1674 λοιπὸς
2449 1612 2636 1681 ὅμιλος
2672 1611 2779 1666 τῶν
2822 1610 3210 1664 συνοικούντων
3243 1604 3430 1660 παθῶν
3479 1605 3597 1667 τοῖς

2011 1703 2338 1776 ἀνθρώποις.
2391 1705 2610 1774 Ἔχεται
2659 1704 2768 1775 γάρ
2819 1721 2934 1766 πως
2995 1704 3052 1756 ἐν
3102 1702 3214 1764 τοῖς
3269 1699 3460 1760 κακοῖς
3499 1693 3595 1749 τοῦ

331 1786 388 1840 in
445 1800 510 1841 eo
554 1802 782 1844 numero
813 1795 919 1855 est,
978 1789 1032 1844 in
1087 1789 1353 1855 tenebris,
1389 1797 1450 1842 ut
1494 1785 1696 1840 divinis
1741 1783 1909 1838 Litte—

2027 1797 2198 1868 ἑτέρου
2221 1796 2282 1849 τὸ
2329 1795 2544 1868 ἕτερον,
2581 1795 2678 1850 καὶ
2720 1787 2875 1866 ᾧπερ
2899 1793 2966 1848 ἂν
2993 1793 3055 1846 τὸ
3088 1792 3146 1846 ἓν
3193 1789 3599 1864 παραγένηται,

330 1878 409 1934 ris
447 1879 716 1949 scriptum
766 1878 940 1945 est",
989 1879 1274 1944 ambulat,
1303 1891 1426 1933 cum
1463 1875 1518 1930 in
1564 1875 1673 1930 vita
1719 1874 1914 1944 hujus-

333 1969 480 2024 modi
553 1970 698 2024 mala
766 1970 1123 2025 introducat:
1165 1971 1220 2024 in
1301 1969 1389 2024 his
1424 1969 1573 2024 enim
1638 1967 1912 2030 avaritia,

333 2061 500 2115 animi
533 2061 870 2131 impotentia,
895 2062 1187 2117 immodica
1214 2062 1280 2115 ad
1316 2062 1624 2131 voluptates
1657 2057 1873 2114 aﬂ‘ectio
1897 2100 1912 2126 ,

337 2151 555 2220 imperii
594 2152 906 2222 cupiditas,
966 2153 1148 2209 inanis
1170 2153 1356 2225 gloriae
1407 2152 1693 2222 appetitio,
1741 2165 1804 2204 ac
1830 2165 1916 2204 re-

335 2241 483 2312 liqua
515 2241 658 2297 inest
716 2257 905 2298 earum
978 2260 1099 2314 quae
1166 2253 1296 2299 sunt
1346 2243 1663 2299 hominibus
1722 2248 1919 2296 contu-

336 2333 614 2401 bernales,
653 2335 1132 2403 perturbationum
1174 2333 1492 2390 multitudo.
1537 2332 1613 2386 Ex
1656 2333 1739 2388 bis
1771 2333 1918 2386 enim

338 2425 568 2491 morbis,
623 2426 762 2480 alter
815 2426 1057 2496 quodam
1100 2425 1262 2482 modo
1307 2425 1535 2481 alterius
1586 2425 1807 2479 vinculo
1841 2433 1921 2478 te-

338 2521 522 2580 netur,
574 2522 628 2570 et
685 2515 770 2571 cui
823 2531 966 2571 unus
999 2531 1066 2571 ex
1097 2515 1182 2570 his
1214 2515 1472 2582 accedit,
1526 2514 1721 2584 reliqui
1763 2513 1920 2582 quasi

341 2604 579 2658 naturali
636 2604 874 2676 quadam
943 2606 1274 2660 necessitate
1343 2603 1610 2674 compulsi
1641 2645 1657 2670 ,
1695 2602 1762 2657 ad
1799 2617 1921 2656 eum

341 2705 718 2751 concurrunt:
751 2697 804 2753 id
841 2697 984 2771 quod
1025 2697 1080 2751 in
1116 2707 1308 2753 catena
1340 2695 1457 2752 ﬁeri
1489 2696 1739 2752 videmus
1765 2713 1777 2749 :
1804 2695 1924 2766 ejus

344 2788 492 2843 enim
550 2788 821 2859 principio
868 2795 1124 2852 attracto,
1159 2803 1339 2858 neque
1404 2787 1600 2857 reliqui
1656 2786 1804 2840 illius
1835 2802 1926 2840 or-

345 2879 445 2935 bes
505 2883 814 2937 consistere
865 2891 1118 2952 possunt,
1177 2881 1273 2936 sed
1302 2881 1531 2935 ultimus
1585 2890 1795 2935 catena:
1837 2894 1928 2935 or-

346 2971 434 3027 bis
473 2987 596 3026 cum
633 2975 811 3043 primo
857 2974 1024 3028 simul
1088 2981 1268 3029 motus
1324 2981 1428 3037 est,
1463 2988 1585 3027 cum
1640 2989 1704 3028 ex
1737 2988 1928 3028 eorum

348 3069 614 3132 perpetuo
652 3063 845 3118 ordine
892 3063 988 3134 qui
1055 3062 1217 3118 simul
1255 3063 1452 3118 annexi
1491 3070 1616 3117 sunt
1667 3065 1886 3120 circulis
1912 3105 1928 3130 ,

2019 1889 2114 1944 καὶ
2153 1887 2222 1941 τὰ
2261 1886 2423 1942 λοιπά
2449 1886 2699 1959 καθάπερ
2740 1885 2848 1940 ὑπό
2894 1901 3039 1948 τινος
3081 1881 3321 1953 φυσικῆς
3349 1880 3602 1948 ἀνάγκης

2020 1977 2306 2048 ἑλκόμενα,
2333 1975 2733 2047 συνεισέρχεται
2755 1975 2992 2038 πάντως.
3019 1967 3143 2028 Οἶον
3163 1973 3221 2024 ἐν
3242 1968 3428 2023 ἁλύσει
3447 1966 3602 2036 γίνε-

2020 2088 2134 2134 ται,
2161 2070 2260 2140 τῆς
2287 2070 2461 2140 ἀρχῆς
2487 2067 2939 2137 ἐπισπασθείσης,
2968 2065 3087 2118 οὺδέ
3115 2063 3212 2127 τὰς
3245 2059 3437 2123 λοιπὰς
3467 2061 3605 2128 ἠρε-

2027 2165 2146 2234 μεῖν
2178 2162 2275 2232 τῆς
2309 2161 2548 2223 ἁλύσεως
2600 2159 2845 2228 ἀγκύλας
2906 2157 3129 2210 δυνατόν
3178 2156 3348 2216 ἐστιν,
3403 2149 3518 2205 ἀλλ’
3564 2150 3602 2219 ἡ

2024 2253 2167 2308 κατά
2213 2252 2273 2305 τὸ
2310 2251 2497 2322 ἐτερον
2533 2251 2707 2322 πέρας
2739 2250 2838 2318 τῆς
2874 2247 3115 2310 ἁλύσεως
3144 2243 3358 2315 ἀγκύλη
3393 2257 3609 2296 συνεκιο

2026 2342 2162 2414 νήθη
2213 2343 2281 2413 τῇ
2328 2340 2539 2411 πρώτῃ,
2574 2339 2713 2393 κατὰ
2759 2336 2821 2390 τὸ
2867 2335 3156 2390 ἀκόλουθον
3196 2334 3282 2388 ἀεὶ
3314 2332 3409 2386 καὶ
3437 2345 3609 2401 προσ-

2027 2434 2150 2504 εχὲς
2175 2432 2282 2486 ἀπὸ
2314 2430 2408 2484 τοῦ
2437 2430 2652 2502 πρώτου
2680 2429 2770 2482 διὰ
2814 2428 2920 2481 τῶν
2947 2423 3368 2498 παρακειμένων
3389 2421 3487 2492 τῆς
3521 2436 3611 2472 κι-

2029 2528 2234 2596 νήσεως
2256 2522 2552 2595 προϊούσης
2575 2539 2591 2551 ⁸
2619 2521 2790 2585 οὕτως
2829 2519 3205 2591 ἐμπέπλεκται
3253 2516 3348 2569 xui.
3399 2510 3612 2582 συμπέ-

2030 2632 2198 2684 φυκεν
2227 2614 2474 2685 ἀλλήλοις
2510 2612 2580 2666 τά
2618 2610 2935 2684 ἀνθρώπινα
2962 2609 3131 2679 πάθη,
3155 2607 3248 2662 καὶ
3270 2607 3336 2658 δι’
3365 2604 3480 2666 ἐνὸς
3512 2599 3612 2654 τοῦ

2031 2707 2522 2778 ἐπικρατήσαντος,
2550 2706 2644 2758 καὶ
2668 2706 2696 2758 ὁ
2732 2703 2917 2766 λοιπὸς
2941 2701 3048 2754 τῶν
3077 2699 3265 2753 κακῶν
3303 2695 3457 2758 ὁλκὸς
3489 2709 3618 2746 συν-

2032 2798 2340 2868 εισέρχεται
2369 2799 2434 2867 τῇ
2467 2794 2633 2866 ψυχῇ.
2669 2794 2780 2848 Καὶ
2814 2796 2862 2848 εί
2891 2795 2995 2865 χρή
3025 2809 3107 2846 σοι
3153 2789 3476 2863 διαγράφειν
3514 2786 3618 2858 τὴν

2036 2887 2279 2961 πονηρὰν
2325 2887 2528 2958 ταύτην
2567 2886 2775 2950 ἁλυσιν,
2807 2886 3007 2940 ὑπόθου
3033 2883 3153 2938 τινὰ
3184 2884 3272 2938 διά
3311 2898 3456 2946 τινος
3487 2880 3617 2952 ἠδο-

2035 2981 2132 3050 νῆς
2181 2976 2272 3031 τοῦ
2335 2977 2476 3030 κατά
2534 2975 2634 3047 τὴν
2680 2975 2985 3040 κενοδοξίαν
3031 2972 3330 3044 ἡττηθῆναι
3367 2969 3573 3033 πάθους
3599 2984 3616 3001 ο

2037 3071 2175 3127 ἀλλά
2202 3073 2268 3142 τῇ
2291 3069 2564 3140 κενοδοξία
2589 3068 2680 3122 καὶ
2709 3071 2742 3138 ή
2773 3067 2867 3120 τοῦ
2905 3067 3147 3128 πλείονος
3177 3065 3363 3135 ἔφεσις
3396 3077 3625 3134 συνηκο-

352 3167 383 3206 a
440 3154 616 3223 primo
666 3155 834 3208 motio
899 3155 1018 3225 ipsa
1079 3155 1510 3226 progrediatur:
1548 3156 1620 3209 ita
1703 3155 1923 3210 humani

2032 3165 2326 3235 λούθησενο
2368 3163 2428 3215 οὐ
2487 3161 2596 3232 γὰρ
2646 3159 2762 3213 ἐστι
2820 3159 3147 3230 πλεονέκτην
3198 3155 3489 3227 γενέσθαι,
3540 3153 3619 3224 μὴ

356 3245 587 3301 ali‘ectus
643 3247 894 3316 impliciti
949 3247 1092 3302 inter
1139 3261 1198 3302 se
1259 3254 1424 3314 atque
1470 3247 1702 3302 connexi
1754 3255 1923 3313 sunt,

2031 3255 2244 3324 ἐκείνης
2285 3252 2379 3305 ἐπὶ
2433 3251 2492 3305 τὸ
2545 3251 2715 3317 πάθος
2762 3249 3231 3321 χειραγωγούσης.
3275 3245 3410 3302 Εἶτα
3453 3248 3486 3316 ή
3522 3243 3620 3297 τοῦ

355 3353 609 3408 saepeque
657 3340 749 3404 tit,
788 3348 870 3404 ut,
915 3354 1039 3393 cum
1093 3355 1235 3394 unus
1293 3338 1690 3409 imperaverit,
1727 3339 1934 3409 reliqua

355 3430 486 3484 item
543 3431 861 3486 morborum
904 3433 1061 3487 turba
1121 3432 1364 3486 animum
1398 3431 1640 3486 invadat.
1685 3431 1865 3500 Atque
1891 3431 1936 3486 si

358 3522 475 3576 haec
509 3523 728 3592 quidem
773 3524 886 3594 ipsa
931 3524 1087 3595 quasi
1147 3523 1413 3578 malorum
1467 3532 1662 3578 catena
1715 3523 1809 3578 tibi
1842 3539 1938 3578 ex-

362 3615 594 3684 plicetur
654 3631 878 3671 necesse
923 3627 1040 3678 est,
1106 3615 1194 3672 fac
1229 3631 1353 3672 esse
1421 3616 1734 3686 quempiam
1769 3656 1783 3681 ,
1841 3616 1935 3686 qui

360 3723 471 3776 prae
523 3709 799 3778 voluptate
839 3710 1072 3778 quadam
1117 3709 1189 3763 sit
1249 3707 1430 3763 inanis
1499 3708 1686 3779 gloriae
1739 3708 1938 3764 aliectu

363 3809 695 3867 superatus;
730 3807 816 3855 est
872 3801 999 3854 huic
1042 3816 1175 3854 sane
1207 3799 1385 3854 inanis
1421 3799 1608 3868 gloria:
1649 3799 1939 3868 cupiditati

365 3891 626 3958 adjuncta
656 3893 820 3944 etiam
853 3892 1117 3961 appetitio
1149 3891 1422 3961 qutudam,
1460 3898 1518 3943 ut
1550 3892 1671 3959 plus
1714 3891 1758 3943 is
1791 3905 1942 3946 asse-

367 3988 605 4045 quatur:
640 3981 900 4046 quoniam
955 3995 1062 4033 non
1113 3987 1291 4049 potest
1349 3978 1472 4048 quis
1518 3979 1640 4049 plus
1697 3979 1930 4033 habendi
1971 3983 2274 4051 cupiditate
2341 3983 2551 4044 teneri,

2035 3345 2378 3400 πλεονεκτεῖν
2410 3345 2504 3397 καὶ
2541 3344 2797 3414 προέχειν
2833 3342 3172 3413 ἐπιθυμία,ἣ
3203 3339 3371 3412 ὀργὴν
3395 3338 3622 3404 ἐξάπτει

2037 3438 2172 3507 πρὸς
2208 3435 2268 3488 τὸ
2296 3434 2587 3506 ὁμόφυλον,
2622 3433 2655 3504 ἢ
2692 3434 2829 3505 πρὸς
2865 3433 2925 3486 τὸ
2948 3432 3256 3504 ὑποχείριον
3283 3430 3381 3502 τὴν
3410 3430 3625 3499 ὑπερη-

2040 3527 2256 3598 φανίαν,
2291 3526 2324 3598 ἢ
2374 3525 2508 3596 πρὸς
2540 3526 2600 3578 τὸ
2655 3527 2920 3597 ὑπερέχον
2954 3526 3046 3578 τὸν
3073 3525 3264 3592 φθόνον
3289 3541 3303 3555 ·
3328 3521 3521 3593 φθόνου
3564 3519 3629 3572 δὲ

2042 3617 2392 3688 ἀκόλουθοςή
2441 3618 2727 3688 ὑπόκρισις
2780 3617 2988 3685 γίνεται
3021 3631 3034 3644 '
3070 3615 3283 3686 ἐκείνης
3315 3617 3348 3684 ὴ
3388 3611 3583 3683 πικρία
3610 3652 3629 3676 ,

2044 3710 2246 3782 ταύτης
2299 3713 2332 3782 ή
2371 3709 2753 3782 μισανθρωπία
2777 3726 2791 3740 ’
2827 3709 3031 3762 τούτων
3086 3710 3340 3763 ἁπάντων
3373 3709 3436 3759 τὸ
3473 3704 3632 3768 τέλος

2047 3803 2390 3873 κατάκρισις,
2431 3802 2508 3865 είς
2538 3801 2761 3870 γέενναν
2793 3800 2886 3854 καὶ
2921 3801 3108 3864 σκότος
3157 3801 3251 3853 καὶ
3302 3798 3413 3870 πῦρ
3459 3813 3634 3851 κατα-

2049 3893 2215 3962 λήγου
2224 3909 2310 3946 σοι.

2628 3981 2732 4036 nisi
2785 3982 2948 4051 hujus
2999 3981 3227 4037 aﬂ'ectus
3273 3980 3386 4034 dux
3449 3987 3504 4034 et
3531 3991 3634 4032 co-

373 4085 492 4124 mes
541 4072 791 4138 qmmlam
873 4073 943 4123 sit
998 4072 1186 4141 gloriae
1228 4071 1510 4138 aviditas;
1578 4070 1772 4126 deinde
1836 4076 2098 4142 appetitio
2141 4075 2291 4140 lure,
2326 4090 2431 4145 qua
2479 4075 2605 4144 quis
2683 4073 2934 4138 allicitnr,
3001 4084 3061 4127 ut
3115 4083 3168 4127 et
3218 4089 3405 4144 opum,
3446 4080 3498 4126 et
3551 4070 3641 4124 di-

370 4162 597 4234 gnitatis
657 4163 1014 4231 amplitudine
1045 4163 1256 4218 caateris
1302 4163 1422 4232 ipse
1480 4162 1742 4229 antistet,
1774 4163 1858 4218 vel
1889 4165 1942 4217 in
1982 4166 2222 4234 mqnales
2269 4167 2505 4221 concitat
2552 4166 2724 4230 iram,
2782 4166 2864 4218 vel
2897 4164 3209 4234 superbiam
3284 4164 3338 4216 in
3409 4160 3639 4216 inferio-

373 4269 500 4319 res,
548 4253 632 4308 vel
677 4253 731 4307 in
791 4255 1099 4322 superiores
1134 4243 1423 4316 invidiam,
1490 4253 1652 4323 cujus
1697 4256 1850 4309 socia
1925 4266 2007 4310 est
2084 4256 2379 4312 simultas:
2421 4256 2586 4326 hujus
2650 4269 2779 4310 vero
2826 4269 3008 4309 comes
3097 4253 3367 4308 acerbitas
3398 4293 3412 4316 ,
3469 4266 3636 4321 quam

371 4348 558 4402 odium
592 4346 867 4416 quoddam
909 4347 1188 4400 hominum
1233 4347 1632 4416 consequitur:
1669 4356 1726 4401 at
1787 4347 1982 4402 horum
2041 4356 2284 4403 omnium
2329 4356 2668 4420 postremum
2716 4363 2799 4402 est
2848 4345 3150 4412 damnatio,
3199 4345 3255 4398 in
3304 4345 3635 4415 gehennam,

373 4437 653 4500 tenebras,
707 4443 871 4506 atque
920 4436 1098 4506 ignem
1138 4437 1419 4491 desinens.

444 4530 610 4586 Vides
657 4531 848 4584 horum
901 4531 1142 4584 omnium
1217 4530 1484 4584 malorum
1551 4531 1708 4601 quasi
1768 4532 1909 4586 viam

2027 4549 2035 4587 μ
2143 4532 2303 4604 Ὁρᾷς
2335 4531 2425 4585 τὸν
2450 4531 2605 4586 ὁλκὸν
2634 4531 2740 4584 τῶν
2780 4531 2984 4597 κακῶν,
3015 4531 3163 4594 ὅπως
3195 4529 3311 4594 ἐνὸς
3351 4527 3418 4581 τά
3461 4527 3643 4580 πάντα

373 4621 834 4694 quemadmodum
878 4621 1128 4676 videlicet
1157 4622 1225 4676 ab
1268 4637 1377 4676 uno
1422 4622 1720 4693 voluptatis
1755 4625 1923 4680 affecti

2047 4623 2142 4677 τοῦ
2179 4627 2318 4679 κατά
2347 4625 2444 4694 τήν
2480 4623 2672 4695 ἡδονὴν
2720 4622 2996 4696 ἐξέρχεται
3022 4624 3260 4688 πάθουςς
3305 4619 3520 4691 Ἐπειδὴ
3543 4616 3643 4673 οὖν

375 4721 576 4768 cuncta
617 4713 1089 4785 proﬁciscuntur?
1123 4712 1491 4778 Quamobrem
1541 4715 1633 4769 ubi
1685 4715 1923 4784 ejusmod

2053 4719 2198 4784 ἅπαξ
2233 4718 2479 4787 εἰσῆλθεν
2515 4720 2594 4780 είς
2624 4716 2714 4770 τὸν
2750 4716 2915 4786 βίονὴ
2945 4715 3232 4770 ἀκολουθία
3249 4713 3357 4767 τῶν
3383 4713 3641 4766 τοιούτων

377 4805 648 4858 malorum
703 4805 1000 4875 conjuncta
1057 4805 1349 4859 multitudo
1384 4805 1438 4859 in
1501 4807 1640 4861 hanc
1677 4808 1839 4862 vitam
1869 4825 1956 4863 se-

377 4897 483 4951 mel
521 4913 642 4952 sese
680 4898 945 4966 eonjecit,
1003 4912 1109 4950 una
1141 4906 1247 4963 est,
1290 4906 1348 4950 ut
1384 4898 1453 4951 ab
1499 4899 1584 4954 bis
1637 4900 1954 4964 liberemur,

376 4988 556 5052 ratio,
587 5004 748 5058 quam
804 4989 857 5043 in
911 4988 1112 5044 divinis
1145 4989 1368 5044 Litteris
1399 4989 1864 5058 contemplemur:
1893 5005 1957 5044 ea

379 5090 561 5135 autem
600 5087 718 5144 est,
755 5092 814 5135 ut
851 5082 920 5136 ab
973 5082 1066 5137 illa
1113 5083 1239 5135 vita:
1270 5081 1556 5150 dist'iplina
1605 5098 1706 5137 nos
1762 5097 1958 5137 avoce-

382 5189 526 5236 mus,
565 5189 688 5244 quae
745 5175 908 5230 rebus
949 5176 1206 5246 gravibus
1235 5182 1317 5228 est
1347 5183 1509 5242 atque
1567 5174 1812 5228 molestis
1865 5188 1955 5227 as-

385 5266 547 5320 tricta
581 5285 597 5334 ;
627 5282 804 5337 neque
835 5268 1006 5331 enim,
1063 5267 1150 5321 cui
1208 5265 1500 5320 Sodomam
1543 5265 1783 5320 incolere
1809 5264 1958 5319 cordi

385 5365 490 5418 est,
532 5357 671 5426 ignis
723 5358 955 5412 imbrem
1009 5357 1287 5412 declinare
1327 5357 1414 5409 hic
1471 5365 1648 5426 potest
1681 5376 1692 5410 :
1728 5372 1829 5410 nec
1866 5355 1960 5426 qui

389 5446 646 5502 Sodomis
695 5461 954 5517 egressus
978 5491 992 5514 ,
1029 5450 1224 5504 iterum
1259 5451 1322 5502 ad
1387 5449 1537 5503 urbis
1595 5448 1865 5501 excidium
1903 5463 1961 5502 se

389 5535 680 5600 convertit,
732 5538 786 5592 in
829 5545 1065 5594 statuam
1116 5540 1248 5595 salis
1281 5557 1386 5595 non
1431 5554 1786 5595 concrescere
1819 5578 1831 5603 ,
1865 5554 1959 5592 nc-

464 5719 504 5752 "
527 5717 684 5775 Joan.
713 5732 814 5784 λιι,
843 5717 932 5772 55.

2061 4809 2270 4872 παθῶν,
2305 4809 2431 4877 μίαν
2471 4807 2686 4878 ὁρῶμεν
2726 4809 2790 4860 ἐκ
2819 4807 2918 4874 τῆς
2952 4806 3058 4860 τῶν
3088 4803 3460 4859 θεοπνεύστων
3495 4803 3644 4872 Γραο

2057 4899 2172 4966 φῶν
2198 4897 2509 4967 συμϐουλῆς
2539 4899 2636 4966 τὴν
2675 4896 2905 4962 διέξοδον
2947 4895 3171 4958 τούτων,
3214 4895 3272 4947 τὸ
3305 4891 3645 4964 χωρισθῆναι

2059 4991 2153 5043 τοῦ
2185 4988 2425 5042 τοιούτου
2467 4987 2601 5058 βίου,
2638 4988 2732 5040 τοῦ
2763 4988 3116 5058 συνημμένην
3147 4986 3360 5056 ἔχοντος
3385 4987 3442 5037 ἐν
3463 4981 3648 5052 ἐαυτῷ

2061 5079 2158 5151 τὴν
2179 5079 2287 5131 τῶν
2315 5077 2555 5148 ἀνιαρῶν
2584 5077 2957 5147 ἀκολούθησιν’
3002 5078 3100 5130 οὐκ
3149 5076 3264 5129 ἐστι
3293 5074 3422 5146 γὰρ,
3461 5075 3517 5126 ἐν
3546 5074 3650 5126 Σο-

2062 5171 2247 5242 δόμοις
2290 5170 2757 5241 φιλοχωρήσαντα,
2818 5171 3099 5239 διαφυγεῖν
3155 5169 3254 5240 τήν
3311 5169 3404 5221 τοῦ
3469 5166 3651 5237 πυρὸς

2063 5261 2403 5332 ἐπομϐρίαν·
2450 5261 2571 5314 ούδέ
2613 5263 2704 5315 τὸν
2737 5260 2840 5325 ἔξω
2886 5261 3134 5331 Σοδόμων
3186 5261 3493 5330 γενόμενον,
3522 5254 3645 5311 εἶτα

2065 5353 2224 5406 πὰλιν
2267 5351 2671 5423 ἐπιστραφέντα
2706 5351 2840 5424 πρὸς
2866 5352 2965 5422 τὴν
2993 5352 3275 5422 ἐρήμωσιν
3303 5349 3527 5419 ταύτης,
3567 5348 3650 5420 μὴ

2060 5447 2299 5514 παγῆναι
2329 5443 2529 5514 στήλην
2569 5443 2693 5507 ἁλός
2714 5460 2728 5473 ο
2765 5443 2879 5497 ἀλλ’
2906 5443 3026 5495 ούδέ
3059 5443 3158 5512 τῆς
3188 5442 3502 5511 Αἰγυπτίων
3526 5440 3652 5495 δου-

2057 5535 2205 5599 λείας
2267 5533 2747 5606 ἀπαλλαγήσεται,
2778 5535 2807 5587 0
2860 5535 2934 5608 μὴ
2976 5532 3292 5590 καταλιπὼν
3347 5532 3444 5605 τὴν
3481 5532 3659 5601 Δίγυ-
