4034 6132
388 263 498 320 345

392 401 547 451 πτον,
590 381 686 450 τὴν
712 387 1038 461 ὑποϐρύχιον
1086 393 1226 464 λέγω
1260 397 1463 470 ταύτην
1514 400 1676 474 ζωὴν,
1725 407 1818 460 καὶ
1845 408 1959 462 δια-

391 477 493 540 ϐὰς
521 477 642 547 οὐχὶ
682 480 780 551 τὴν
822 483 1087 554 Ἐρυθρὰν
1122 487 1357 560 ἐκείνην,
1393 490 1528 546 ἀλλά
1561 494 1661 565 τὴν
1706 497 1962 565 μέλαιναν

387 567 591 639 ταύτην
615 571 711 624 καὶ
737 572 943 646 ζοφώδη
978 576 1071 630 τοῦ
1113 577 1226 648 βίου
1273 579 1577 638 Θάλασσαν·
1603 588 1747 654 εἰδὲ,
1782 589 1959 655 καθώς

387 664 599 753 φησινὸ
627 663 849 739 Κύριος,
880 667 974 721 ἐὰν
1006 672 1080 740 μὴ
1103 670 1440 748 ἐλευθερώσῃ
1474 677 1621 748 ἡμᾶς
1653 682 1684 750 ἡ
1715 680 1958 753 ἀλήθεια,

384 751 462 821 τῷ
491 753 648 824 κακῷ
687 756 784 826 τῆς
813 758 1052 824 δουλείας
1098 764 1526 838 ἐναπομένομεν,
1555 770 1672 835 πῶς
1716 751 1863 828 ἐστιν
1901 778 1960 830 ὲν

381 843 451 911 τῇ
488 843 715 916 ἀληθεία
754 847 1005 914 γενέσθαι
1041 850 1131 905 τὸν
1158 852 1423 924 ζητοῦντα
1452 859 1665 929 ψεῦδος,
1690 865 1782 917 καὶ
1812 867 1868 918 ἐν
1892 870 1958 939 τῇ

386 931 560 1003 πλάνῃ
592 933 686 988 τοῦ
719 936 834 1005 βίου
857 939 1320 1014 ἀναστρεφόμενον
1346 965 1360 1012 ;
1397 948 1513 1013 πῶς
1535 950 1590 1004 δέ
1616 970 1698 1016 τις
1720 953 1814 1025 τὴν
1843 931 1960 1009 δουζ

383 1022 530 1076 λείαν
569 1027 884 1097 ἀποδράσει,
921 1034 949 1084 ὁ
981 1037 1099 1098 ταῖς
1149 1037 1414 1106 ἀνάγκαις
1458 1041 1556 1112 τῆς
1585 1022 1797 1111 φύσεως
1823 1049 1956 1102 ὑπο-

385 1113 585 1183 χείριον
633 1116 756 1180 δοὺς
803 1119 902 1190 τὴν
937 1121 1071 1175 ίδίαν
1124 1123 1308 1195 Ceu-qv;
1361 1129 1784 1204 Γνωριμώτερος
1817 1139 1860 1190 δ’
1891 1139 1956 1194 ἂν

382 1201 593 1267 γένοιτο
625 1205 756 1274 ἡμῖν
782 1206 869 1261 διά
900 1227 1043 1274 τινος
1073 1215 1512 1287 παραδείγματος
1537 1223 1565 1274 ό
1595 1225 1721 1294 περὶ
1752 1228 1957 1283 τούτων

382 1289 772 1368 λόγος.”Ωσπερ
785 1313 868 1360 τις
884 1302 1124 1373 ποταμὸς
1145 1306 1416 1378 χειμέριος
1447 1289 1681 1382 ῥεύματι
1697 1321 1956 1389 τραχυνό-

384 1400 562 1452 μενος,
601 1387 694 1440 καὶ
732 1389 872 1442 κατά
900 1392 996 1464 τὴν
1034 1396 1226 1450 ἐαυτοῦ
1268 1401 1564 1471 φερόμενος
1611 1387 1953 1477 φύσιν,ξύλα

380 1492 439 1528 τε
471 1477 563 1529 καὶ¹
597 1477 805 1546 λίθους,
833 1485 927 1536 καὶ
968 1487 1076 1539 πᾶν
1114 1489 1174 1542 τὸ
1214 1495 1524 1564 παρατυχὺν
1559 1497 1953 1570 ὑπολαμϐάνων

376 1565 455 1635 τῷ
484 1569 703 1640 ῥείθρῳ,
733 1572 911 1642 μόνοις
935 1580 1044 1640 τοῖς
1082 1581 1202 1633 κατ’
1231 1583 1391 1637 αὐτὸν
1414 1590 1716 1658 γινομένοις
1737 1565 1952 1662 ’σφαλε-

378 1659 472 1730 po;
521 1663 615 1716 καὶ
667 1665 991 1736 κινδυνώδης
1033 1672 1180 1735 ἐστὶ,
1211 1677 1322 1738 τοῖς
1364 1675 1418 1729 δὲ
1456 1680 1737 1751 πόρρωθεν
1788 1659 1951 1741 αὐτὸν

377 1750 806 1822 φυλασσομένοις
853 1759 973 1828 εἰκῆ
1011 1763 1096 1831 ῥεῖ
1120 1778 1134 1792 ’
1164 1763 1305 1818 οὕτω
1342 1769 1431 1820 καὶ
1459 1750 1676 1841 τὴντοῦ
1713 1775 1828 1845 βίου
1858 1795 1951 1831 τα·
1982 1767 2023 1825 Β

376 1841 548 1934 ραχὴν
569 1845 600 1897 ὁ
626 1846 751 1899 κατ’
793 1849 960 1921 αὐτὴν
1007 1853 1242 1922 γεγονὼς
1299 1861 1459 1930 μόνος
1510 1841 1822 1934 ὑφίσταται,
1857 1871 1951 1924 καὶ

374 1933 534 2033 μόνος
564 1936 889 2033 ’ἀναδέχεται
938 1941 1060 1996 καθ’
1089 1945 1282 2001 ἑαυτοῦ
1322 1949 1392 2004 τὰ
1435 1952 1602 2025 πάθη,
1634 1956 1776 2029 ἅπερ
1823 1960 1947 2033 ἂνὴ

1725 285 1814 342 DE
1847 286 2307 354 VlRGINlTATE.

3537 318 3641 376 546

1987 413 2034 472 Α
2062 430 2168 484 que
2220 417 2289 473 ab
2332 419 2714 494 Egyptiorum
2755 430 3019 487 servitute
3048 447 3121 512 se.
3155 433 3279 502 quis
3305 431 3637 499 vindicabit,

2066 506 2172 563 nisi
2246 508 2573 583 Egyptum,
2622 517 2676 572 id
2746 533 2830 576 est
2898 522 3040 578 hanc
3078 509 3421 578 submersam
3469 524 3636 581 vitam

2065 599 2302 669 deserat,
2345 613 2398 660 et
2439 621 2547 662 non
2586 607 2832 666 Rubrum
2875 613 3030 680 illud,
3062 613 3157 671 sed
3194 615 3406 684 nigrum
3446 615 3549 670 hoc
3581 623 3638 671 et

2062 691 2356 749 obscurum
2389 699 2514 753 vita:
2549 715 2699 756 mare
2752 709 3035 770 transeat;
3101 707 3148 760 si
3204 713 3384 761 autem
3435 707 3541 762 nisi
3573 707 3638 762 li-

2060 783 2332 843 beraverit
2356 805 2478 854 nos,
2503 801 2562 847 ut
2588 793 2765 865 inquit
2794 795 3114 865 Dominus”,
3146 800 3370 866 veritas,
3408 800 3463 854 in
3491 800 3635 856 malo

2060 877 2342 934 servitutis
2400 886 2882 952 permanebimus,
2942 889 3218 958 quomodo
3272 897 3491 959 potest,
3540 891 3635 960 qui

2059 965 2256 1024 falsum
2283 974 2500 1041 quaerit,
2538 977 2700 1045 quive
2745 978 2798 1032 in
2841 979 3004 1049 hujus
3039 981 3163 1034 vitae
3215 983 3495 1036 erroribus
3525 989 3630 1045 est,

2058 1061 2113 1116 in
2170 1065 2400 1121 veritate
2426 1069 2889 1137 versari?Quove
2922 1079 3082 1140 pacto
3123 1073 3246 1140 quis
3307 1074 3410 1128 hoc
3438 1073 3632 1142 jugum

2058 1155 2339 1212 servitutis
2385 1156 2673 1226 dejecerit,
2728 1160 2822 1229 qui
2875 1163 3039 1214 vitam
3096 1176 3273 1226 suam,
3321 1163 3477 1232 quasi
3517 1178 3632 1218 ser—

2056 1259 2202 1310 vam,
2235 1245 2288 1299 in
2343 1255 2550 1301 natura:
2603 1250 2961 1306 necessitates
2990 1251 3261 1320 conjicit?
3293 1251 3398 1306 Sed
3448 1255 3631 1308 notior

2055 1337 2276 1407 quidem
2331 1339 2490 1394 nobis
2537 1341 2818 1410 proposito
2864 1342 3048 1412 aliquo
3101 1344 3349 1414 exemplo
3403 1345 3507 1399 erit
3563 1345 3630 1400 de

2055 1430 2142 1484 his
2194 1431 2356 1500 plane
2401 1433 2598 1486 oratio.
2636 1433 3103 1499 Quemadmodum
3159 1439 3336 1494 amnis
3393 1439 3624 1508 aliquis,

2055 1521 2148 1590 qui
2181 1537 2280 1576 sua
2337 1532 2532 1577 natura
2587 1525 2720 1580 satis
2770 1525 3079 1596 proﬂuens,
3144 1529 3388 1585 incitatis
3461 1545 3630 1600 aqua-

2053 1626 2174 1664 rum
2231 1611 2663 1680 proﬂuxionibus
2719 1617 2960 1686 rapidior
3005 1618 3180 1673 fertur
3209 1659 3222 1682 ,
3290 1619 3542 1690 lignaque
3573 1627 3628 1674 et

2053 1702 2291 1772 lapides,
2330 1715 2384 1760 et
2427 1708 2634 1771 omnia,
2677 1724 2800 1779 quae
2844 1709 2948 1765 sibi
2990 1711 3205 1765 obviam
3244 1712 3403 1776 fiunt,
3455 1711 3508 1766 in
3549 1711 3628 1766 ai-

2051 1808 2210 1847 veum
2240 1795 2402 1864 rapit,
2457 1798 2822 1853 calamitatem
2871 1799 2960 1853 hic
3006 1808 3059 1854 et
3086 1801 3386 1870 periculum
3423 1801 3490 1858 iis
3524 1802 3626 1856 im-

2050 1892 2252 1952 portat,
2283 1886 2378 1957 qui
2423 1902 2592 1959 prope
2639 1889 2905 1955 incolunt,
2963 1891 3071 1947 illis
3103 1907 3233 1948 vero
3284 1891 3488 1948 frustra
3528 1892 3625 1947 de-

2047 1975 2188 2039 ﬂuit,
2253 1979 2346 2048 qui
2403 1979 2562 2051 longe
2609 1982 2804 2037 remoti
2838 1995 2962 2036 eum
3000 1983 3216 2038 vitant:
3254 1983 3351 2048 ita,
3391 1984 3484 2054 qui
3514 1983 3618 2039 sibi

370 2019 532 2087 φύσις
551 2023 859 2090 ἀκολούθως
882 2029 1043 2100 ἑαυτῇ
1080 2034 1277 2102 ῥέουσα
1299 2040 1409 2102 τοῖς
1435 2041 1504 2094 δι’
1527 2019 1693 2116 αύτῆς
1723 2019 1937 2119 πορευολ

371 2112 556 2143 ...ευιηρ
588 2116 894 2143 ι..-----..ι-.-
929 2123 1127 2143 ι,ρ,μξᾉ
1243 2126 1266 2143 ει
1301 2129 1310 2143 1
1389 2130 1415 2142 ι.
1552 2134 1577 2143 ...
1615 2135 1663 2143 Α-
1883 2141 1904 2143 A-

2254 2019 2346 2048 ει...
2403 2019 2562 2051 Nube
2609 2019 2804 2037 κων..
2838 2019 2962 2036 νυ...
3202 2025 3216 2038 .
3254 2019 3351 2048 ...η
3391 2019 3484 2054 ψ..
3514 2019 3618 2039 σω.

2047 2067 2212 2138 hujus
2267 2070 2390 2125 vitae
2456 2072 2922 2141 perturbationem
2982 2073 3235 2143 peperit,
3291 2087 3410 2128 eam
3471 2073 3621 2128 solus

370 2112 556 2182 μένοις
585 2116 894 2186 ἀναγκαίως
924 2123 1208 2193 ἐπάγεται,
1238 2126 1324 2182 διά
1349 2130 1456 2185 τῶν
1485 2134 1578 2187 τοῦ
1609 2135 1721 2206 βίου
1759 2141 1945 2194 κακῶν

365 2206 751 2271 ἐπικλύζουσα.
786 2211 849 2265 El
878 2213 935 2266 δέ
966 2231 1049 2278 τις
1070 2219 1356 2274 καταλίποι
1388 2225 1479 2277 τὸν
1513 2226 1807 2302 χείμαρρον
1820 2233 1942 2286 τοῦ-

362 2311 476 2390 τον,
497 2296 573 2361 ῶς
606 2317 768 2370 φησιν
800 2304 831 2374 ή
861 2304 1070 2378 Γραφὴ,
1098 2311 1269 2365 καὶτὸ
1298 2312 1441 2386 ὕδωρ
1464 2318 1525 2370 τὸ
1548 2296 1936 2390 ἀνυπόστατον,

362 2385 468 2451 ἔξω
498 2390 710 2454 πάντως
726 2394 895 2460 ἔσται,
916 2398 1056 2452 κατὰ
1076 2400 1173 2471 τὴν
1193 2403 1293 2472 τῆς
1317 2405 1461 2478 ᾠδῆς
1487 2409 1819 2481 ἀκολουθίαν,
1839 2418 1938 2489 τῆς

360 2478 533 2550 θήρας
562 2481 672 2536 τῶν
697 2484 922 2540 ὀδόντων
947 2489 1038 2542 τοῦ
1075 2490 1210 2560 βίου,
1242 2496 1492 2570 καθάπερ
1538 2478 1814 2574 στρουθίον
1858 2478 1936 2582 τῶ

353 2573 460 2644 τῆς
493 2577 694 2648 ἀρετῆς
717 2580 900 2652 πτερῷ
928 2582 1156 2650 διαπτάς
1179 2589 1278 2658 τὴν
1301 2593 1520 2661 παγίδα.
1557 2597 1773 2672 Ἐπειδὴ
1796 2573 1924 2674 γὰρ,

355 2666 499 2720 κατά
530 2668 590 2720 τὺ
627 2669 790 2739 ῥηθὲν
833 2673 964 2743 ἡμῖν
1005 2676 1097 2730 ἐπὶ
1134 2679 1226 2731 τοῦ
1270 2685 1571 2756 χειμάρρου
1605 2666 1928 2764 ὑπόδειγμα,

352 2757 640 2822 παντοίαις
691 2765 951 2832 ταραχαῖς
999 2767 1093 2821 καὶ
1143 2770 1476 2841 ἀνωμαλίαις
1525 2757 1930 2853 πλημμύρωνό

352 2847 696 2917 ἀνθρώπινος
744 2851 856 2920 βίος
881 2855 968 2909 ἀεὶ
998 2857 1240 2929 φέρεται,
1282 2865 1422 2918 κατά
1451 2866 1544 2921 τοῦ
1570 2847 1807 2941 πρῄανούς
1830 2878 1929 2949 τῆς

352 2939 572 3008 φύσεως
596 2944 978 3015 προχεόμενος,
1002 2950 1093 3003 καὶ
1129 2952 1279 3007 οὐδὲν
1315 2955 1511 3029 ἕστηκε
1544 2939 1652 3016 τῶν
1682 2964 1742 3018 ὲν
1779 2939 1926 3038 αὐτῶ

351 3030 823 3102 σπουδαζομένων,
853 3037 972 3092 οὐδὲ
1021 3040 1280 3112 ἀναμένει
1316 3046 1414 3118 τὴν
1464 3050 1780 3128 πλησμονὴν
1816 3030 1923 3113 τῶν

348 3121 760 3192 ἐπιθυμούντων
797 3129 974 3184 αὐτῶν
1000 3146 1012 3160 ⁶
1052 3135 1230 3189 πάντα
1283 3138 1338 3191 δέ
1394 3141 1463 3194 τά
1520 3148 1925 3213 προσπίπτοντα

347 3305 437 3358 ἀεὶ
462 3309 635 3378 παρὸν
666 3309 744 3380 τῷ
772 3313 982 3386 σφοδρῷ
1010 3318 1110 3387 τῆς
1140 3322 1372 3391 παρόδου
1405 3305 1685 3398 διαφεύγει
1720 3332 1819 3403 τὴν
1843 3335 1926 3387 αι’-

348 3397 561 3469 σθησιν,
593 3401 698 3455 ὑπὸ
729 3404 826 3474 τῆς
853 3407 1078 3462 κατόπιν
1103 3411 1364 3485 ἐπιρροῆς
1386 3416 1493 3471 τῶν
1516 3397 1803 3493 ὀφθαλμῶν
1830 3428 1927 3498 ἀρ-

345 3490 702 3561 παζομένων’
739 3494 829 3549 διὰ
879 3499 1036 3553 τοῦτο
1076 3503 1349 3571 λυσιτελὲς
1398 3509 1465 3564 ἂν
1496 3512 1582 3585 εἴη
1617 3517 1805 3588 πόρρω
1829 3519 1921 3572 τοῦ

340 3583 583 3636 τοιούτου
613 3583 886 3657 ῥεύματος
937 3591 1161 3658 ἑαυτοὺς
1215 3599 1446 3670 ἀνέχειν,
1487 3602 1562 3667 ὠς
1611 3605 1676 3661 ἂν
1707 3609 1781 3677 μὴ
1815 3609 1923 3663 τῶν

338 3675 594 3731 ἀστάτων
614 3681 1014 3752 περιεχόμενοι,
1045 3687 1150 3741 τῶν
1179 3690 1265 3743 ἀεὶ
1292 3692 1540 3748 ἑστώτων
1565 3675 1924 3771 όλιγωρήσαι·

342 3784 463 3837 μεν.
508 3769 634 3833 Πῶς
665 3771 774 3844 γὰρ
829 3775 942 3829 ἐστι
976 3777 1066 3831 τόν
1115 3785 1534 3853 προσπαθοῦντά
1566 3808 1670 3843 τινι
1721 3792 1829 3847 τῶν
1863 3797 1920 3848 ἐν

335 3854 418 3952 τῶ
463 3855 572 3952 βίωΔ
599 3858 804 3931 τούτῳ,
849 3864 936 3918 διὰ
963 3867 1150 3932 τέλους
1182 3871 1326 3942 ἔχειν
1373 3874 1432 3928 τὸ
1464 3877 1827 3952 ποθούμενον;
1855 3884 1920 3937 Τί

332 3946 446 3998 τῶν
481 3947 716 4018 μάλιστα
748 3957 1190 4029 σπουδαζομένων
1249 3966 1422 4020 εἰσαεὶ
1469 3973 1774 4042 παραμένει
1807 3992 1918 4028 τοι·

334 4036 521 4103 οὖτον;
560 4042 688 4094 ποία
727 4046 973 4116 νεότητος
998 4051 1181 4123 ἀκμή;
1216 4054 1299 4118 τίς
1329 4036 1670 4132 δυνάμεως
1705 4066 1917 4136 μορφῆς

333 4129 592 4202 εύμοιρξα
617 4150 632 4197 ;
655 4135 739 4198 τίς
762 4136 986 4202 πλοῦτος
1010 4158 1023 4205 ;
1057 4142 1181 4196 ποία
1202 4144 1360 4211 δόξα;
1390 4148 1470 4211 τίς
1493 4148 1814 4220 δυναστεία;
1840 4157 1914 4208 Οὐ

335 4219 510 4272 πάντα
548 4221 615 4274 τὰ
671 4225 893 4279 τοιαῦτα
929 4231 1120 4300 μικρὸν
1173 4232 1480 4303 ἀνθήσαντα
1506 4238 1716 4308 χρόνον,
1755 4243 1914 4297 πάλιν

330 4310 606 4381 ἀτερρύη,
643 4315 737 4367 καὶ
791 4318 925 4388 πρὸς
976 4321 1076 4391 τὴν
1121 4323 1372 4378 ἐναντίαν
1407 4327 1733 4398 ἐπωνυμίαν
1779 4349 1908 4402 μετ·

2043 2161 2301 2227 sustinet,
2355 2171 2410 2218 et
2445 2163 2597 2220 solus
2621 2179 2716 2220 eos
2753 2180 2852 2219 sua
2907 2172 3104 2235 sponte
3135 2165 3327 2233 recipit
3364 2163 3615 2227 affectus,

2040 2252 2097 2306 in
2137 2268 2276 2324 quos
2331 2263 2548 2320 natura,
2593 2272 2714 2326 qua:
2755 2271 2857 2312 suo
2911 2256 3145 2327 quodam
3205 2271 3370 2312 cursu
3427 2255 3618 2319 fertur,

2038 2355 2162 2395 cum
2216 2341 2300 2398 his
2351 2344 2473 2397 vitae
2527 2345 2683 2399 malis
2736 2345 3104 2412 circumﬂuat,
3158 2346 3281 2401 illos
3338 2344 3618 2415 impellit,

2036 2432 2129 2502 qui
2155 2431 2275 2502 ejus
2296 2449 2518 2489 cursum
2546 2441 2748 2490 tenent.
2783 2435 2889 2491 Sed
2917 2438 2960 2492 si
2991 2437 3135 2506 quis,
3162 2444 3221 2490 ut
3250 2444 3335 2491 est
3367 2435 3419 2489 in
3443 2435 3617 2490 sacris

2034 2521 2258 2578 Litteris
2285 2565 2300 2589 ,
2339 2533 2635 2580 torrentem
2661 2527 2826 2590 hunc,
2876 2527 3383 2596 intolerabilemque
3420 2540 3615 2596 aquam

2034 2615 2337 2684 relinquit,
2380 2616 2471 2670 hic
2509 2617 2668 2686 plane
2714 2617 2855 2672 liber
2907 2618 3030 2684 erit,
3089 2625 3149 2672 ut
3192 2617 3247 2671 in
3283 2617 3502 2672 Psalmo
3531 2629 3617 2672 se-

2031 2707 2221 2778 quitur
2253 2709 2294 2773 ⁸,
2327 2724 2357 2762 a
2385 2709 2641 2779 captione
2673 2711 2915 2766 dentium
2971 2710 3135 2780 hujus
3160 2711 3304 2776 vitae,
3335 2725 3398 2764 ac
3448 2708 3614 2764 veluti

2030 2815 2222 2870 passer
2252 2815 2281 2855 e
2305 2801 2514 2871 laqueis
2557 2801 2658 2856 alis
2689 2802 2910 2856 virtutis
2938 2801 3197 2857 evolabit.
3227 2799 3495 2866 Quoniam
3522 2799 3616 2869 igi-

2029 2899 2139 2954 tur,
2169 2900 2226 2946 ut
2257 2892 2350 2946 illo
2381 2893 2501 2963 ipso
2527 2894 2788 2948 torrentis
2816 2894 3064 2964 exemplo
3095 2900 3259 2963 patet,
3293 2891 3464 2946 variis
3497 2903 3614 2960 per-

2029 2982 2428 3038 turbationibus
2466 2983 2998 3055 inaequabilibusque
3040 2997 3223 3038 rerum
3255 2980 3610 3037 varietatibus

2028 3067 2225 3123 referta
2254 3068 2562 3123 mortalium
2589 3069 2720 3132 vita,
2750 3068 2818 3123 ad
2849 3075 3060 3122 naturae
3088 3067 3510 3123 declinationem
3539 3063 3612 3119 ef-

2029 3156 2150 3212 fusa
2183 3173 2398 3229 semper
2433 3157 2625 3226 fertur;
2661 3175 2728 3214 ne
2758 3159 3057 3230 quidquam
3118 3157 3375 3212 consistit
3425 3169 3606 3209 rerum

2026 3265 2146 3320 quae
2173 3251 2226 3304 in
2262 3266 2326 3307 ea
2358 3251 2690 3316 ambiantur,
2722 3267 2900 3322 neque
2929 3257 3232 3320 exspectat,
3270 3247 3397 3303 dum
3431 3245 3607 3316 ii,qui

2025 3340 2324 3410 cupiditate
2378 3340 2562 3410 aliqua
2623 3349 2901 3405 tenentur,
2955 3340 3204 3395 satietate
3262 3337 3603 3408 expleantur,

2025 3447 2257 3502 cumque
2292 3433 2494 3496 omnia,
2526 3448 2645 3502 qum
2665 3433 2865 3503 impetu
2893 3432 3130 3503 quodam
3161 3429 3411 3486 feruntur
3434 3444 3604 3500 prope

2025 3523 2190 3576 simul
2216 3524 2572 3587 accesserint,
2609 3533 2663 3577 et
2697 3540 2819 3594 quae
2851 3525 3149 3592 attingunt,
3203 3535 3427 3576 cursum
3470 3535 3605 3574 con-

2026 3612 2274 3678 fecerint,
2324 3613 2578 3684 quodque
2635 3629 2852 3683 semper
2914 3628 3155 3684 praesens
3216 3611 3391 3680 adest,
3453 3609 3601 3664 ﬂuxu

2021 3699 2258 3771 quodam
2285 3701 2625 3757 clandestino
2657 3719 2723 3758 ex
2766 3703 2941 3760 oculis
2981 3709 3254 3773 ereptum,
3297 3715 3423 3756 cum
3472 3714 3601 3756 sen-

2022 3808 2145 3848 sum
2203 3801 2454 3848 uostrum
2507 3794 2674 3850 celeri
2734 3795 2968 3851 transitu
3020 3794 3598 3865 eﬂugiatzpropterea

2019 3884 2152 3938 utile
2181 3897 2313 3939 sane
2343 3891 2490 3940 esset
2519 3892 2674 3940 extra
2703 3885 2850 3942 hunc
2884 3887 3011 3940 vita}
3047 3884 3272 3939 ﬂuctum
3326 3884 3483 3953 longe
3539 3895 3598 3935 se

2016 3981 2221 4041 tenero,
2255 3982 2314 4029 ut
2346 3991 2415 4031 ne
2442 3975 2609 4031 rebus
2642 3977 2728 4033 his
2753 3977 2976 4033 caducis
3003 3990 3104 4031 nos
3129 3973 3371 4046 impediti
3394 3988 3458 4028 ea
3479 3987 3599 4042 quae

2016 4066 2348 4136 sempiterna
2376 4075 2505 4124 sunt
2557 4069 2779 4124 omnino
2832 4067 3221 4136 despiciamus.
3278 4066 3399 4132 Quo
3449 4064 3595 4119 enim

2014 4157 2178 4213 modo
2215 4168 2395 4227 potest
2427 4159 2514 4214 his
2543 4160 2670 4214 vitae
2692 4159 2858 4215 rebus
2888 4159 3135 4214 addictus
3165 4158 3385 4214 assidue
3417 4157 3470 4212 id
3493 4157 3595 4210 ha-

2013 4248 2163 4316 bere,
2192 4250 2336 4320 quod
2368 4250 2425 4306 in
2465 4255 2655 4316 rebus,
2689 4267 2811 4323 qua:
2837 4252 3073 4306 maxime
3102 4255 3450 4322 expetuntur,
3495 4262 3595 4318 op-

2014 4341 2178 4396 tabile
2210 4351 2295 4398 est
2325 4349 2385 4397 ut
2416 4352 2681 4414 perpetuo
2721 4343 2978 4397 maneat?
3001 4339 3159 4407 Quod
3210 4339 3410 4394 adulta
3457 4343 3595 4391 aeta-

327 4404 528 4471 έπεσε;
572 4402 670 4469 Τίς
700 4409 890 4462 ἐνεϐίω
929 4411 1218 4478 διαπαντὸς
1245 4419 1310 4488 τῇ
1348 4419 1590 4489 νεότητα
1628 4422 1730 4474 τίνι
1761 4423 1912 4497 διήρ-

2041 4430 2086 4485 is
2118 4433 2306 4502 robur,
2339 4450 2461 4504 quze
2489 4434 2685 4490 virium
2732 4442 2826 4489 aut
2873 4434 3065 4489 forma:
3114 4430 3424 4502 integritas,
3470 4443 3593 4498 qua

325 4513 456 4550 κεσε
499 4498 776 4564 διατέλους
813 4503 846 4570 ἡ
878 4503 1132 4575 δύναμις;
1167 4508 1237 4560 Τὸ
1270 4510 1325 4562 δὲ
1363 4510 1455 4563 τοῦ
1498 4513 1721 4578 κάλλους
1758 4516 1917 4582 ἄνθος

2035 4540 2169 4595 >pes,
2201 4498 2321 4597 qua
2347 4498 2540 4598 éloria,
2573 4545 2694 4600 qua:
2721 4527 3002 4599 potentia?
3025 4541 3208 4580 nonne
3252 4523 3436 4579 omnia
3472 4523 3590 4575 haec

323 4582 416 4658 ἆρ’
457 4589 580 4659 οὐχὶ
617 4593 710 4650 καὶ
734 4593 914 4646 αὐτῶν
939 4595 1046 4648 τῶν
1071 4598 1212 4651 κατά
1243 4600 1303 4653 τὸ
1331 4601 1431 4673 ἔαρ
1471 4607 1913 4676 προφαινομένων

2035 4619 2100 4672 rel
2147 4620 2346 4690 exiguo
2393 4629 2636 4684 tempore
2686 4635 2810 4674 cum
2862 4617 3175 4682 ﬂoruerint,
3237 4629 3433 4669 rursus
3482 4611 3588 4666 dif-

321 4679 763 4755 ὠκυμορώτερον
817 4687 849 4756 ἡ
889 4687 1048 4755 φύσις
1099 4691 1460 4764 ἐποίησε;Τά
1520 4698 1619 4767 μὲν
1670 4699 1778 4771 γὰρ
1810 4702 1912 4772 τῆς

2035 4710 2216 4773 luunt,
2241 4679 2424 4779 "atque
2453 4711 2504 4764 in
2534 4710 2864 4764 contrariam
2895 4709 3134 4762 nominis
3165 4705 3584 4776 appellationem

318 4770 471 4840 ὧρας
520 4774 883 4847 ἐπιλαϐούσης
927 4778 1224 4852 ἐϐλάστησε
1248 4823 1261 4846 ,
1289 4786 1383 4838 καὶ
1433 4789 1625 4858 μικρὸν
1663 4770 1908 4864 ἀπανθή-

320 4874 494 4914 σαντα
555 4864 766 4934 χρόνον,
796 4867 956 4920 πάλιν
988 4871 1218 4941 ὰνέζησε
1239 4889 1250 4901 ·
1283 4875 1375 4926 καὶ
1420 4877 1579 4931 πάλιν
1628 4880 1900 4954 ἀπερρύη,

317 4952 415 5003 καὶ
444 4953 608 5007 πάλιν
638 4957 1002 5026 ἐκόμασε,καὶ
1031 4961 1088 5014 τὸ
1109 4962 1200 5017 νῦν
1227 4965 1419 5030 κάλλος
1447 4971 1538 5022 καὶ
1567 4973 1645 5034 είς
1679 4976 1904 5048 νεότητα

2010 4798 2223 4853 deﬂuxu
2265 4799 2658 4855 conciderunt?
2684 4800 2817 4866 Quis
2847 4800 2998 4855 omni
3029 4809 3272 4869 tempore
3313 4798 3366 4851 in
3397 4797 3586 4852 adole-

2011 4890 2218 4946 scentia
2243 4891 2266 4945 ?
2299 4891 2399 4944 Cui
2420 4901 2686 4960 perpetuo
2709 4893 3129 4962 suppeditarunt
3161 4891 3351 4945 vires?
3388 4889 3583 4944 Annon

2008 4981 2436 5051 pulchritudinis
2461 4983 2650 5036 florem
2681 4983 2845 5038 citius
2882 4983 2965 5038 vel
2997 4981 3106 5036 illis
3153 4981 3285 5050 Ipsis
3332 4981 3580 5043 ﬂoribus,

314 5042 507 5108 ἔδειξε.
548 5047 621 5099 Τὸ
657 5047 711 5101 δὲ
761 5049 1097 5120 ἀνθρώπινον
1135 5055 1293 5120 ἄνθος
1325 5057 1525 5131 ἆπαξή
1555 5064 1717 5131 φύσις
1760 5042 1901 5122 κατὰ

2035 5075 2098 5144 [ιιί
2131 5090 2189 5129 se
2225 5074 2400 5143 primo
2431 5075 2746 5140 ostendunt,
2781 5075 3129 5130 interiturum
3163 5083 3359 5128 natura
3382 5073 3585 5129 eﬂicit?
3631 5079 3634 5082 ’

311 5134 379 5186 τὸ
431 5135 531 5208 ἔαρ
587 5138 687 5207 τῆς
742 5141 991 5212 νεότητος
1046 5143 1282 5214 δείξασα,
1322 5143 1439 5203 εἶτα
1486 5153 1788 5221 ἀπέσϐεσε,
1821 5157 1896 5229 τῷ

2035 5168 2135 5232 Quae
2169 5182 2300 5220 sane
2338 5175 2583 5236 tempore
2610 5182 2714 5222 suo
2746 5174 2943 5220 natura
2972 5166 3239 5230 consevit,
3275 5181 3398 5220 cum
3429 5166 3578 5220 brevi

314 5228 556 5296 χειμῶνι
585 5232 679 5282 τοῦ
731 5234 918 5304 γήρως
960 5235 1328 5304 ἐναφανίσασα
1355 5259 1367 5272 ·
1396 5240 1657 5309 ὡσαύτως
1709 5250 1800 5302 καὶ
1830 5251 1896 5305 τὰ

2035 5273 2242 5328 tmpore
2260 5256 2564 5321 ﬂoruerint,
2591 5274 2784 5314 rursus
2803 5265 3057 5327 surgunt,
3085 5273 3277 5313 rursus
3303 5257 3574 5322 difﬂuunt,

307 5318 448 5372 ἄλλα
495 5319 674 5374 πάντα
721 5324 859 5394 πρὸς
906 5325 1096 5396 καιρὸν
1117 5327 1215 5398 τὴν
1252 5331 1350 5401 τῆς
1396 5335 1596 5404 σαρκὸς
1645 5339 1896 5412 αἴσθησιν

2035 5318 2194 5404 ursus
2228 5348 2612 5411 frondescunt,
2644 5358 2808 5419 atque
2849 5349 2992 5404 hanc
3021 5349 3241 5419 quidem
3268 5351 3576 5421 pulchritu-

305 5410 710 5481 ἀπατήσαντα,
752 5411 871 5470 εἶτα
922 5417 1239 5490 παρέδραμε
1292 5426 1383 5477 καὶ
1423 5410 1803 5505 συνεκαλύφθηή
1829 5440 1891 5508 τῇ

2035 5442 2138 5496 inis
2189 5444 2425 5513 speciem
2481 5440 2665 5496 adulta
2732 5443 2786 5497 in
2831 5451 2990 5498 aetate
3049 5452 3244 5498 natura
3306 5443 3571 5499 ostendit.

305 5501 470 5576 λήθῃ.
517 5504 672 5558 Ἐπεὶ
693 5502 786 5563 οὖν
806 5511 861 5562 αἱ
889 5510 1134 5566 τοιαῦται
1166 5515 1456 5583 μεταϐολαὶ
1481 5523 1621 5578 κατά
1649 5542 1770 5581 τινα
1797 5528 1893 5598 τῆς

2035 5550 2162 5590 tuam
2195 5550 2320 5592 vero
2353 5534 2634 5591 hominum
2670 5536 3131 5606 pulchritudinem
3167 5537 3218 5592 in
3257 5537 3576 5592 adolescen-

384 5679 581 5739 ‘Joan.
610 5701 731 5756 vui,
759 5687 845 5742 52.
921 5690 941 5721 ⁸
969 5687 1116 5744 Psal.
1150 5705 1343 5761 czaxm,
1379 5693 1427 5747 7.
