4034 6132
301 351 414 408 2H9

1650 343 1740 398 DE
1779 342 2252 401 VIRGINITATE.

3465 351 3570 436 s50

316 466 773 538 Ἐλευθερωθεῖσα
828 466 936 539 γὰρ
993 465 1138 533 ἅπαξ
1191 466 1298 519 τῶν
1365 464 1620 519 τοιούτων
1671 467 1848 537 χρεῶν
1876 509 1890 530 ,

2007 464 2257 530 stionem,
2296 465 2647 536 studiumque
2687 472 2772 522 est
2799 468 3046 538 corporis
3081 469 3300 524 inventa
3340 469 3569 543 virgini-

301 559 487 614 ούκέτι
549 558 849 612 κινδυνεύει
904 557 978 629 μὴ
1028 556 1108 627 τῷ
1152 559 1271 611 κατ’
1317 557 1495 626 ὀλίγον
1542 556 1897 627 προσεθισμῷ

302 654 434 724 περὶ
479 652 551 706 τὰ
602 651 862 718 δοκοῦντα
910 650 1058 721 νόμῳ
1114 650 1218 703 τινὶ
1269 650 1482 718 φύσεως
1543 649 1897 719 συγκεχωρῆ-

304 745 459 806 σθαι,
499 747 559 796 ὲν
610 743 924 812 ἀποστροφῇ
979 742 1069 793 καὶ
1121 740 1309 810 ἀγνοίᾳ
1343 740 1444 809 τῆς
1493 738 1641 802 θείας
1690 755 1747 791 τε
1801 739 1897 791 καὶ

302 835 587 905 ἀκηράτου
631 834 854 903 γένηται
898 832 1121 902 ἡδονῆς,
1168 831 1235 901 ἢν
1284 831 1418 902 μόνη
1458 832 1490 902 ἡ
1525 830 1748 900 καρδίας
1798 846 1896 882 κα-

305 927 563 995 θαρᾶςης,
604 924 697 977 τοῦ
747 925 803 977 ἑν
855 926 985 994 ἡμῖν
1029 920 1379 993 ἡγεμονικοῦ,
1425 920 1675 993 θηρεύειν
1718 920 1892 990 πέφυ-

305 1032 424 1068 κεν.

1996 566 2099 623 tas,
2124 563 2205 623 ut,
2233 571 2357 611 cum
2387 555 2760 626 aﬂ'ectionum,
2783 574 2906 628 quae
2938 574 2967 612 a
2991 569 3184 614 natura
3212 560 3431 615 tributae
3485 563 3568 617 vi-

1997 646 2222 712 dentur,
2257 647 2587 703 oblivionem
2610 649 2798 703 animo
2815 650 3050 705 maxime
3072 651 3338 716 attulerit,
3363 652 3569 707 nullam

1996 738 2222 794 inducat
2289 740 2676 795 necessitatem
2733 741 2971 797 sordidis
3009 742 3194 796 carnis
3234 741 3435 798 debitis
3472 759 3571 796 va-

1998 830 2180 886 candi.
2221 829 2357 884 Nam
2382 832 2476 886 ubi
2533 833 2701 887 semel
2749 833 2900 888 hisce
2934 833 3160 889 liberata
3214 843 3297 889 est
3335 834 3570 901 debitis,

1997 935 2107 974 non
2143 921 2255 991 jam
2291 923 2527 992 amplius
2578 924 2880 993 periculum
2932 935 3036 990 est,
3093 940 3161 980 ne
3214 925 3573 980 assuetudine

1996 1013 2212 1067 tandem
2248 1029 2451 1079 rerum,
2487 1030 2609 1084 quae
2639 1026 2850 1069 natura!
2880 1017 3117 1085 quadam
3164 1017 3284 1086 lege
3343 1017 3573 1087 permis-

305 1122 385 1163 sae
422 1105 698 1169 videntur,
756 1118 939 1158 veram
1008 1104 1157 1156 illam
1219 1109 1382 1171 atque
1418 1101 1782 1156 immortalem
1833 1104 2170 1173 voluptatem
2229 1112 2518 1159 aversetur
2566 1110 2740 1177 'atque
2772 1104 2963 1176 fugiat,
2998 1120 3161 1176 quam
3211 1120 3308 1161 cor
3367 1107 3567 1163 solum,

306 1214 445 1263 pura
469 1197 612 1268 ejus,
654 1195 749 1266 qui
797 1211 898 1251 nos
941 1195 1101 1264 regit,
1174 1196 1340 1249 animi
1406 1194 1721 1266 integritate
1767 1193 2028 1261 adhibita,
2062 1211 2260 1267 capere
2286 1197 2443 1251 solet.

904 1290 1157 1345 ΚΕΦΑΛ.
1199 1291 1289 1357 q'.

306 1408 441 1461 Ὀτι
478 1402 680 1472 Ἠλίας
716 1405 812 1460 καὶ
856 1404 1137 1470 Ἰωάννης
1162 1403 1272 1469 τῆς
1290 1403 1591 1472 ἀκριϐείας
1619 1402 1725 1457 τοῦ
1746 1403 1891 1467 βίου

731 1476 946 1530 τούτου
979 1473 1465 1543 ἐπεμελήθησαν.

379 1567 479 1621 Διά
513 1565 674 1619 τοῦτό
732 1582 822 1636 μοι
875 1563 1147 1619 δοκεῖκαὶ
1191 1562 1220 1614 6
1279 1562 1453 1634 μέγας
1495 1563 1555 1615 ἑν
1588 1562 1891 1632 προφήταις

320 1659 531 1723 Ἠλίας,
560 1659 655 1712 καὶ
680 1661 709 1711 6
760 1659 817 1710 ἑν
859 1655 1132 1725 πνεύματι
1171 1655 1264 1708 καὶ
1291 1653 1517 1724 δυνάμει
1548 1653 1734 1706 Ἠλίου
1773 1653 1889 1723 μετ’

2604 1288 2837 1344 CAPUT
2875 1288 2959 1343 Vl.

1993 1402 2145 1458 Elia:
2191 1412 2241 1457 et
2284 1401 2521 1458 Joannes
2583 1402 2891 1524 diligenter):
2932 1402 3124 1456 harum
3185 1417 3371 1455 cura»:
3418 1402 3575 1458 adhi-

2697 1488 2859 1524 uerun
2892 1511 2906 1524 .

2697 1488 2906 1526 uerum.

2063 1562 2145 1619 Ob
2176 1579 2294 1619 eam
2332 1579 2553 1620 causam
2601 1578 2832 1634 magnus
2865 1564 2919 1618 in
2956 1562 3233 1634 prOphetis
3269 1563 3399 1617 mihi
3430 1563 3578 1619 vide-

1992 1662 2084 1709 tur
2113 1654 2285 1719 Elias,
2346 1663 2401 1710 et
2455 1655 2503 1710 is
2551 1654 2643 1725 qui
2678 1664 2869 1725 postea
2903 1654 2958 1709 in
3017 1653 3213 1725 Spiritu
3272 1663 3326 1709 et
3376 1654 3575 1711 virtute

308 1753 515 1805 ἐκεῖνον
546 1749 891 1820 ἐπιδημήσας
910 1747 989 1818 τῷ
1026 1747 1146 1819 βίῳ,
1171 1741 1232 1802 οὗ
1269 1744 1469 1817 μείζων
1489 1745 1661 1808 οὐδεὶς
1696 1746 1752 1798 ἑν
1770 1761 1891 1812 γεν-

2007 1743 2125 1800 Elia:
2152 1746 2207 1801 in
2248 1745 2415 1800 vitam
2454 1745 2617 1809 venit,
2663 1759 2772 1815 quo
2804 1760 2936 1799 sane
2984 1745 3039 1798 in
3089 1743 3231 1799 natis
3284 1744 3572 1800 mulierum

307 1844 493 1914 νητοῖς
520 1839 818 1910 γυναικῶν.
864 1838 1033 1910 Εἴπερ
1073 1856 1125 1892 τι
1160 1840 1253 1891 καὶ
1279 1838 1463 1909 ἕτερον
1494 1839 1528 1908 ή
1553 1838 1670 1890 κατ’
1698 1835 1894 1898 αὐτοὺς

311 1932 523 2005 ἱστορία
559 1931 862 2003 παραδηλοῖ
896 1930 960 1983 δι’
991 1930 1328 2001 αἰνίγματος,
1372 1928 1529 1982 τοῦτο
1562 1927 1797 1999 μάλιστα
1817 1925 1895 1998 τῷ

311 2022 429 2093 ἰδίῳ
447 2020 795 2091 δογματίζειν
828 2020 948 2091 βίῳ,
971 2020 1032 2073 τὸ
1076 2019 1409 2092 χωρισθῆναι
1434 2019 1535 2089 τῆς
1564 2019 1656 2072 τοῦ
1687 2019 1895 2089 ἀνθρω-

309 2112 467 2166 πίνου
499 2112 616 2181 βίου
653 2110 972 2175 ἀκολουθίας
1021 2112 1112 2164 τὸν
1162 2112 1227 2181 τῇ
1265 2110 1465 2180 θεωρία
1500 2109 1606 2162 τῶν
1651 2109 1897 2180 ἀοράτων

310 2202 677 2273 σχολάζοντασ
726 2201 801 2265 ὡς
836 2200 901 2254 ἂν
930 2200 1005 2271 μὴ
1041 2203 1164 2264 ταῖς
1208 2200 1484 2263 τοιαύταις
1522 2199 1756 2262 ἀπάταις
1778 2199 1897 2260 ταῖς

306 2293 401 2347 διὰ
426 2292 538 2345 τῶν
571 2291 874 2361 αίσθήσεων
906 2289 1217 2360 γινομέναις
1266 2289 1663 2362 προσεθισθεὶς,
1698 2287 1897 2356 σύγχυ-

308 2385 400 2440 σίν
420 2402 542 2438 τινα
569 2384 663 2438 καὶ
695 2383 904 2453 πλάνην
927 2382 1087 2438 πάθοι
1104 2382 1233 2454 περὶ
1254 2383 1352 2453 τὴν
1372 2381 1466 2435 τοῦ
1494 2380 1661 2444 ὅντως
1690 2376 1895 2448 ἀγαθοῦ

303 2476 516 2547 κρίσιν.
546 2475 868 2547 ⁹Ἀμφότεροι
895 2474 1004 2546 γὰρ
1036 2473 1199 2537 εὐθὺς
1218 2476 1282 2527 ἑκ
1309 2473 1445 2527 νέων
1479 2470 1899 2541 ἀπεξενώθηεαν

306 2566 415 2636 τῆς
443 2565 793 2637 ἀνθρωπίνης
832 2563 997 2635 ζωῆς,
1034 2564 1128 2618 καὶ
1150 2561 1261 2618 οἷον
1294 2563 1398 2629 ἔξω
1420 2564 1517 2633 τῆς
1543 2562 1756 2632 φύσεως
1776 2563 1901 2614 ἑαυ-

305 2659 444 2721 τοὺς
478 2657 710 2727 ἔστησαν
731 2659 797 2728 τῇ
812 2657 941 2727 περὶ
968 2656 1069 2727 τὴν
1102 2654 1303 2727 βρῶσιν
1326 2656 1419 2708 καὶ
1452 2655 1609 2707 πόσιν
1631 2651 1902 2725 ὑπεροψίᾳ

308 2750 415 2821 τῆς
458 2748 719 2819 συνήθους
747 2748 841 2801 καὶ
860 2751 1254 2818 νενομισμένης
1282 2749 1507 2818 τροφῆς,
1544 2746 1638 2799 καὶ
1667 2747 1735 2816 τῇ
1760 2744 1904 2798 κατά

306 2841 417 2913 τὴν
429 2841 634 2913 ἔρημον
664 2840 931 2912 διαγωγῇ,
954 2839 1030 2903 ὡς
1060 2841 1153 2893 καὶ
1187 2838 1285 2910 τὴν
1313 2837 1483 2909 ἀκοὴν
1512 2837 1898 2907 ἀπεριήχητον,

311 2931 411 2987 καὶ
435 2930 746 3000 ἀπλάνητον
779 2931 962 2993 αὐτοῖς
999 2927 1336 2998 φυλαχθῆναι
1377 2927 1475 2998 τὴν
1503 2925 1646 2995 ὄψιν,
1676 2926 1767 2979 καὶ
1802 2924 1902 2995 τὴν

310 3022 509 3092 γεῦσιν
546 3021 726 3091 ἁπλῆν
752 3037 811 3073 τε
855 3021 950 3074 καὶ
1010 3020 1469 3090 ἀπραγμάτευτον
1505 3017 1799 3087 διαμεῖναι,
1838 3015 1903 3066 ἐκ
1926 3079 1941 3092 _

1996 1852 2157 1891 nemo
2201 1836 2377 1907 major
2427 1845 2654 1891 exortus
2698 1844 2800 1890 est.
2834 1835 2964 1901 Quae
3008 1850 3173 1906 porro
3218 1835 3283 1890 de
3321 1835 3405 1891 his
3443 1835 3580 1907 ipsis

1996 1935 2253 1982 narratur
2310 1927 2559 1993 historia,
2597 1928 2698 1982 etsi
2755 1927 2885 1998 quid
2937 1927 3084 1981 aliud
3127 1928 3383 1992 obscure,
3445 1924 3580 1981 illud

1996 2028 2178 2072 tamen
2212 2018 2447 2073 maxime
2490 2017 2718 2081 indicat,
2751 2016 2896 2087 quod
2918 2018 3040 2071 vita:
3077 2019 3344 2073 rationem
3398 2017 3578 2084 docet,

1999 2117 2079 2175 ut,
2108 2109 2202 2180 qui
2232 2108 2442 2165 scilicet
2475 2108 2914 2180 contemplandis
2968 2108 3154 2173 rebus,
3190 2124 3312 2178 quze
3360 2109 3583 2163 minimc

1997 2203 2099 2258 sub
2138 2210 2421 2272 aspectum
2467 2202 2694 2267 cadunt,
2730 2216 2788 2256 se
2816 2201 2989 2264 dedit,
3054 2200 3143 2256 hic
3200 2201 3267 2256 ab
3331 2200 3584 2254 humanae

1999 2291 2125 2346 vita:
2153 2291 2550 2347 consuetudine
2565 2292 2777 2347 alienus
2808 2289 2920 2354 iiat,
2942 2305 3011 2345 ne
3032 2288 3349 2359 huiusmodi
3377 2287 3585 2342 fraudi-

2000 2383 2125 2447 bus,
2162 2398 2285 2453 quae
2311 2383 2565 2440 sensibus
2600 2382 3012 2453 concipiuntur,
3050 2381 3323 2449 addictus,
3363 2388 3584 2453 pertur-
3650 2455 3659 2463 ι

2000 2475 2224 2531 batione
2263 2485 2430 2547 atque
2457 2476 2657 2533 mentis
2679 2492 2869 2534 errore
2896 2478 2949 2532 iu
2979 2477 3125 2532 illius
3154 2476 3364 2546 judicio
3381 2475 3586 2531 allicia-

1952 2606 1960 2613 .
2003 2575 2111 2633 tur,
2144 2570 2290 2636 quod
2320 2583 2378 2623 re
2410 2581 2539 2622 vera
2576 2567 2778 2621 bonum
2828 2577 2930 2621 est.
3000 2565 3066 2620 Ili
3097 2565 3258 2621 ambo
3309 2568 3378 2622 ab
3402 2567 3581 2623 adole-

2003 2661 2211 2713 scentia
2252 2673 2374 2713 sese
2405 2658 2587 2713 statim
2625 2657 2693 2712 ab
2729 2658 2981 2713 humanae
3014 2658 3137 2713 vita:
3181 2659 3443 2714 societate
3494 2674 3582 2713 re-

2003 2756 2328 2804 moverunt:
2391 2764 2517 2805 cum
2569 2750 2716 2805 enim
2775 2751 3035 2821 potionis,
3094 2759 3259 2821 atque
3313 2750 3445 2815 eihi,
3491 2749 3588 2822 qui

2003 2842 2217 2898 caeteris
2234 2842 2297 2897 ad
2321 2842 2441 2897 vitae
2455 2842 2915 2898 sustentationem
2954 2850 3040 2898 est
3061 2842 3244 2908 datus,
3278 2842 3587 2914 despicien-

2004 2933 2102 2996 tia,
2134 2917 2249 2987 tum
2291 2934 2421 2995 vita,
2460 2950 2620 3002 quam
2646 2934 2699 2987 in
2732 2934 3031 2990 solitudine
3055 2944 3305 3005 egerunt,
3333 2950 3391 2990 se
3429 2934 3588 3006 quasi

2007 3038 2038 3077 a
2075 3032 2281 3078 natura:
2311 3024 2622 3079 alienarunt
2662 3025 2938 3090 instituto,
2979 3035 3039 3080 ut
3084 3033 3139 3082 et
3182 3040 3344 3081 aures
3378 3041 3410 3080 a
3449 3034 3590 3081 stre-

310 3114 411 3167 τοῦ
450 3115 844 3186 προστυχόντος
860 3112 1146 3184 ἑκατέροις
1171 3110 1550 3181 πληρουμένης
1565 3110 1664 3179 τῆς
1693 3107 1899 3178 χρείας.

2008 3115 2127 3186 pitu
2181 3125 2234 3170 et
2276 3117 2468 3172 oculos
2537 3117 2604 3172 ab
2647 3133 2835 3173 errore
2883 3124 3195 3183 tuerentur,
3244 3128 3299 3172 et
3366 3124 3589 3189 gustatu

328 3204 608 3258 Ἐντεῦθεν
661 3205 742 3266 εἱς
793 3201 992 3272 πολλὴν
1033 3201 1216 3255 εὐδίαν
1260 3201 1353 3253 καὶ
1394 3199 1634 3270 γαλήνην
1669 3198 1775 3250 ἀπὸ
1797 3196 1904 3250 τῶν

315 3296 520 3363 ἔξωθεν
552 3295 796 3368 θορύϐων
832 3296 1192 3364 κατέστησαν,
1239 3293 1333 3347 καὶ
1367 3291 1455 3345 διὰ
1495 3290 1653 3343 τοῦτο
1685 3291 1763 3352 είς
1814 3306 1901 3342 το-

318 3389 512 3442 σοῦτον
568 3386 797 3459 μέγεθος
852 3388 960 3441 τῶν
992 3386 1148 3440 θείων
1176 3383 1530 3456 χαρισμάτων
1569 3382 1904 3453 ἐπήρθησαν,

314 3482 445 3535 ὅσον
482 3482 607 3552 περὶ
633 3480 896 3550 ἑκατέρου
920 3480 1123 3533 τούτων
1147 3478 1473 3550 μνημονεύει
1489 3475 1706 3544 ὁλόγος.
1723 3473 1908 3536 Ἠλίας

321 3573 425 3645 μὲν
449 3575 554 3642 γὰρ
601 3572 854 3645 καθάπερ
903 3572 1104 3643 ταμίας
1140 3588 1223 3634 τις
1251 3568 1360 3623 τῶν
1398 3566 1493 3622 τοῦ
1526 3567 1660 3621 Θεοῦ
1691 3566 1908 3637 δωρεῶν

306 3664 620 3731 καταστὰς,
654 3665 754 3729 τάς
783 3666 847 3719 ἑκ
890 3657 985 3717 τοῦ
1019 3661 1246 3734 ούρανοῦ
1273 3660 1461 3734 χρείας
1512 3661 1632 3713 κατ’
1661 3660 1907 3727 ἐξουσίαν

320 3757 421 3813 καὶ
449 3756 757 3811 ἀποκλείειν
812 3760 925 3821 τοῖς
986 3755 1379 3828 ἁμαρτάνουσι,
1428 3755 1521 3808 καὶ
1550 3752 1755 3806 ἀνιέναι
1797 3754 1910 3815 τοῖς

325 3847 645 3919 μετανοοῦσι
680 3847 865 3919 κύριος
905 3843 992 3919 ἦν.
1031 3848 1133 3901 Τὸν
1154 3846 1211 3900 δὲ
1242 3843 1495 3915 Ἰωάννην
1517 3842 1755 3897 τοιοῦτον
1786 3841 1911 3911 μέν-

319 3957 411 3993 τοι
461 3939 931 4010 θαυματοποιῆσαι
978 3939 1128 3993 οὐδέν
1187 3954 1349 4008 φησιν
1395 3939 1428 4007 ἡ
1470 3936 1590 3989 θεία
1639 3933 1906 4004 Ἱστορίαν

322 4032 711 4104 περισσότερον
749 4032 803 4085 δὲ
836 4033 867 4099 ἢ
901 4030 1041 4085 κατὰ
1079 4029 1252 4084 πάντα
1284 4029 1570 4099 προςήτην
1599 4026 1658 4079 τὸ
1685 4027 1741 4078 ἑν
1762 4023 1910 4095 αὐτῷ

323 4122 574 4193 χάρισμα
629 4121 781 4191 παρά
826 4120 917 4174 τοῦ
951 4121 1018 4175 τὰ
1059 4118 1275 4190 κρυπτὰ
1310 4117 1595 4187 βλέποντος
1629 4114 1908 4185 μεμαρτύ-

329 4228 511 4283 ρηταιο
535 4212 675 4283 τάχα
702 4211 780 4264 ὅτι
811 4210 1057 4282 καθαράν
1093 4227 1152 4262 τε
1179 4209 1272 4262 καὶ
1298 4206 1477 4276 ἀμιγῆ
1508 4206 1688 4274 πάσης
1722 4205 1910 4273 ὑλικῆς

323 4302 710 4373 προσπαθείας
756 4301 854 4372 τὴν
889 4299 1095 4354 ἑαυτῶν
1154 4295 1444 4367 ἐπιθυμίαν
1489 4295 1579 4348 ἀπ’
1627 4293 1801 4364 ἀρχῆς
1833 4296 1912 4355 είς

324 4391 483 4456 τέλος
511 4391 590 4463 τῷ
609 4391 801 4463 Κυρίῳ
835 4389 1125 4460 ἀνέθηκαν,
1162 4385 1284 4442 οὕτε
1315 4387 1395 4450 είς
1425 4385 1628 4438 τέκνων
1655 4383 1908 4454 στοργὴν,

2006 3205 2239 3277 simplici
2266 3218 2487 3273 essent,
2512 3216 2566 3263 et
2598 3209 2665 3263 ad
2696 3208 2899 3263 nullam
2932 3225 3044 3264 rem
3081 3216 3307 3280 parato,
3324 3208 3585 3263 nimirum

2008 3311 2133 3352 cun
2170 3297 2554 3354 necessitatem
2588 3300 2766 3354 vietus
2807 3314 2875 3354 ex
2917 3298 3206 3369 quibusvis
3240 3299 3426 3364 rebus,
3469 3314 3591 3371 quae

2008 3387 2227 3457 utrique
2278 3387 2496 3442 obviam
2557 3387 2771 3453 fierent,
2840 3404 2973 3444 sane
3027 3391 3331 3460 explerent.
3375 3390 3593 3457 Quam-

1972 3484 1975 3485 ⁷
2004 3480 2193 3535 obrem
2217 3480 2283 3535 ab
2305 3481 2551 3535 externis
2581 3474 3094 3551 perturbationibus
3116 3483 3335 3545 remoti,
3364 3484 3419 3537 in
3442 3497 3592 3538 sum-

2010 3587 2096 3626 ma
2122 3571 2249 3627 vita:
2278 3572 2677 3641 tranquillitate
2703 3580 2867 3642 atque
2897 3573 3011 3627 otio
3042 3588 3161 3628 sese
3191 3574 3592 3628 constituerunt

2009 3665 2244 3735 indeque
2275 3665 2342 3718 ad
2369 3672 2579 3717 tantam
2600 3664 2910 3719 divinorum
2934 3678 3222 3718 munerum
3246 3663 3591 3718 altitudinem

2017 3757 2147 3810 elati
2181 3763 2338 3819 sunt,
2372 3764 2633 3826 quantam
2666 3756 2781 3811 haec
2810 3755 2877 3811 dc
2934 3765 3169 3824 utroque
3201 3762 3594 3810 commemorat

2010 3846 2207 3903 oratio.
2239 3846 2390 3904 Elias
2443 3848 2589 3903 enim
2627 3848 2787 3918 quasi
2853 3847 2948 3902 Dei
3010 3863 3299 3903 munerum
3352 3854 3593 3918 quaestor

2014 3940 2238 4011 aliquis,
2273 3956 2396 3995 cum
2464 3956 2528 3996 ex
2566 3948 2834 4010 potestate
2869 3940 3103 4010 quadam
3170 3939 3295 3994 coeli
3360 3939 3594 3993 admini-

2019 4035 2339 4089 strationem
2366 4032 2608 4095 haberet,
2634 4031 2779 4086 illius
2809 4042 2863 4087 et
2891 4030 3275 4101 peccatoribus
3299 4029 3593 4084 obstruen-

2012 4125 2091 4190 di,
2127 4137 2180 4179 et
2220 4125 2324 4188 iis,
2375 4123 2467 4194 qui
2503 4123 2882 4193 ptenitentiain
2926 4122 3134 4192 agendo
3181 4121 3591 4192 resipiscerent,

2014 4215 2294 4284 aperiendi
2354 4223 2678 4284 potestatem
2734 4213 2946 4267 habuit.
2980 4213 3248 4268 Joannem
3302 4229 3430 4267 vero
3483 4213 3592 4268 tale

2012 4307 2218 4378 aliquid
2262 4306 2585 4360 miraculum
2646 4305 2868 4368 fecisse,
2910 4305 3048 4360 nihil
3106 4304 3306 4360 divinis
3354 4313 3439 4358 est
3482 4303 3593 4357 Lit-

2019 4399 2153 4454 teris
2186 4398 2496 4468 proditum:
2550 4406 2603 4451 at
2639 4397 2704 4461 is,
2741 4399 2834 4467 qui
2880 4412 2967 4452 res
3021 4396 3267 4451 occultas
3305 4393 3591 4466 perspicit,

324 4482 452 4538 οὔτε
472 4486 552 4548 είς
581 4481 839 4552 γυναικὸς
869 4480 1143 4552 φροντίδα,
1168 4477 1290 4532 οὗτε
1324 4478 1404 4542 είς
1431 4476 1557 4531 ἄλλο
1589 4492 1641 4527 τι
1674 4475 1782 4528 τῶν
1819 4475 1905 4527 άν-

2019 4463 2276 4544 testatum
2310 4489 2553 4559 reliquit,
2590 4463 2773 4558 majus
2803 4489 2877 4543 illi
2912 4504 3114 4543 munus
3140 4502 3263 4542 esse
3304 4463 3588 4545 tributum,

326 4574 620 4646 θρωπίνων
648 4574 1076 4645 ἀσχολήσαντεςο
1110 4570 1162 4624 οἵ
1184 4586 1247 4640 γε
1283 4569 1416 4640 μηδὲ
1441 4570 1538 4639 τῆς
1561 4565 1909 4637 καθ’ὴμέραν

324 4667 634 4735 ἀναγκαίας
682 4650 886 4737 τροξῆς
916 4663 1147 4735 πρέπειν
1187 4663 1398 4725 ἑαυτοῖς
1434 4648 1788 4723 ύπολαὸόντες
1812 4657 1910 4729 τὴν

332 4758 627 4831 μέριμναν,
657 4758 755 4821 τῆς
786 4774 845 4810 τε
869 4755 979 4810 τῶν
1024 4755 1333 4826 ἐνδυμάτων
1375 4751 1914 4824 σεμνότητοςθκρείτ-

323 4868 455 4915 τους
497 4849 893 4921 ἑπιδειχθέντες
913 4891 927 4916 ,
956 4851 1019 4901 ἑκ
1054 4848 1163 4901 τῶν
1191 4847 1551 4918 ἐπιτυχόντων
1578 4847 1787 4909 ἑαυτοῖς
1815 4844 1913 4907 τὰς

328 4940 521 5012 χρείας
570 4940 978 5012 ἀπεσχεδίαζον,
1028 4941 1056 4992 6
1105 4938 1202 5009 μὲν
1239 4937 1497 5009 δέρμασιν
1530 4936 1772 5006 αἰγείοις,
1803 4937 1830 4988 6
1857 4935 1913 4987 δὲ

329 5032 580 5103 καμήλου
637 5030 783 5104 θριξὶ
844 5030 1246 5103 σκεπαζόμενος
1271 5047 1285 5061 ·
1314 5031 1414 5083 οὐκ
1453 5029 1519 5084 ἂν
1553 5032 1633 5092 είς
1658 5030 1829 5081 ἐκεῖνο
1855 5027 1914 5080 τὸ

332 5125 585 5197 μέγεθος,
617 5124 691 5188 ὡς
721 5120 897 5195 οἴμαι,
955 5124 1278 5194 φθάσαντες,
1318 5124 1365 5175 εί
1399 5124 1517 5186 ταῖς
1541 5121 1634 5175 τοῦ
1665 5119 1914 5192 σώματος

328 5217 693 5290 ἡδυπαθείαις
728 5217 832 5269 ὑπ’)
860 5216 953 5269 τοῦ
974 5216 1153 5286 γάμου
1179 5213 1689 5285 κατεμαλόηεθησαν.
1725 5211 1913 5267 Ταῦτα

325 5310 388 5363 δὲ
412 5310 509 5380 οὐχ
541 5308 747 5373 ἁπλῶς,
786 5306 942 5370 ἀλλὰ,
972 5305 1152 5367 καθώς
1185 5322 1347 5376 φησιν
1389 5306 1417 5357 6
1463 5303 1800 5369 Ἀπόστολος,
1836 5306 1913 5368 είς

327 5400 617 5456 νουθεσίαν
650 5400 807 5471 ἡμῶν
840 5399 1274 5469 ἀναγέγραπται,
1303 5398 1389 5450 ἵνα
1404 5398 1537 5469 πρὸς
1568 5398 1658 5451 τὸν
1692 5397 1915 5450 ἐκείνων

330 5496 449 5567 βίον
489 5495 585 5548 καὶ
619 5493 711 5547 τὺν
741 5490 947 5546 ἑαυτῶν
993 5489 1428 5561 κατευθύνωμεν.
1476 5491 1539 5543 Τί
1583 5485 1675 5543 οὖν
1708 5492 1769 5543 ὲκ
1796 5489 1917 5542 τού-

325 5603 441 5641 των
470 5583 849 5656 μανθάνομεν;
886 5581 960 5635 Τὸ
1002 5580 1124 5634 καθ’
1160 5574 1451 5652 ὁμοιότητα
1484 5580 1591 5634 τῶν
1623 5580 1792 5649 ἁγίων
1819 5582 1913 5633 ἀν-

329 5678 498 5751 δρῶν,
532 5676 723 5748 μηδενὶ
771 5675 880 5728 τῶν
926 5674 1192 5745 βιωτικῶν
1234 5674 1571 5745 πραγμάτων
1610 5690 1916 5744 προσασχο-

328 5773 446 5824 ’λεῖν
481 5769 581 5841 τὴν
607 5767 845 5822 διάνοιαν
875 5766 964 5820 τὸν
998 5765 1366 5846 ἐφορμοῦντα
1397 5766 1472 5839 τῷ
1497 5766 1615 5837 Θεῷ
1646 5765 1917 5837 συναφθῆυ

2014 4596 2176 4652 quam
2219 4581 2436 4635 ca‘tcris
2461 4581 2715 4636 omnibus
2750 4580 3050 4650 prophetis.
3084 4577 3208 4634 llaec
3239 4577 3474 4632 fortasse
3508 4576 3601 4630 his

2015 4674 2229 4728 duobus
2291 4674 2662 4745 contigerunt,
2721 4672 2982 4741 quoniam
3034 4686 3248 4740 puram,
3305 4668 3599 4737 omnisque

2016 4765 2315 4820 materialis
2347 4774 2624 4831 exnertem
2656 4761 2966 4817 allectionis
3001 4778 3156 4817 suam
3203 4764 3256 4815 in
3286 4759 3396 4813 Deo
3443 4758 3603 4828 cupi-.

2016 4858 2240 4912 ditatem
2303 4861 2629 4926 posuerunt,
2685 4870 2864 4925 neque
2917 4855 3215 4909 liberorum
3289 4852 3593 4916 amoribus,

2017 4963 2194 5018 neque
2247 4946 2543 5015 conjugum
2581 4944 2747 5009 curis,
2800 4959 2975 5013 neque
3008 4942 3219 4997 caeteris
3253 4941 3377 4996 ullis
3430 4940 3602 4995 rebus

2018 5035 2275 5090 humanis
2304 5032 2520 5097 intenti,
2548 5049 2614 5087 ne
2654 5032 2960 5113 quotidiani
3008 5032 3249 5101 quidem,
3291 5045 3355 5084 ac
3403 5045 3595 5084 neces-

2016 5127 2145 5183 sarii
2202 5127 2380 5180 vietus
2422 5140 2610 5180 curam
2644 5125 2710 5178 ad
2775 5139 2835 5179 se
2890 5124 3165 5194 pertinere
3218 5126 3590 5177 censuerunt:

2017 5217 2362 5285 vestiumque
2391 5215 2524 5269 luxu
2556 5215 2798 5284 abiecto,
2829 5229 2893 5268 ex
2930 5212 2999 5266 iis
3028 5226 3152 5281 qua:
3196 5210 3586 5276 oil‘erebantur,

2017 5306 2178 5362 facile
2199 5306 2300 5361 sibi
2336 5305 2649 5360 necessaria
2675 5304 2975 5376 parabant:
3009 5317 3154 5356 unus
3176 5300 3320 5356 enim
3370 5301 3594 5371 quidem

2018 5400 2259 5471 caprinis
2295 5398 2551 5469 pellibus,
2605 5397 2742 5449 alter
2772 5395 2897 5465 pilis
2936 5394 3127 5449 cameli
3176 5394 3408 5448 amictus
3436 5398 3589 5447 erat:

2019 5509 2196 5562 neque
2225 5492 2492 5561 profecto,
2526 5497 2585 5543 ut
2613 5488 2873 5551 arbitror,
2900 5486 2966 5540 ad
3005 5501 3123 5539 eam
3161 5485 3595 5555 magnitudinem

2022 5583 2417 5653 pervenissent,
2451 5580 2494 5635 si
2527 5579 2727 5649 nuptim
2757 5593 2852 5632 eos
2900 5579 3147 5648 corporis
3180 5576 3594 5631 oblectamentis

2022 5675 2282 5728 delinitos
2319 5673 2704 5727 mollivissent.
2747 5669 2873 5725 Haec
2922 5684 3088 5741 porro
3113 5684 3220 5722 non
3256 5669 3376 5724 sine
3398 5682 3591 5733 causa,

2025 5765 2140 5831 sel,
2181 5776 2239 5819 ut
2295 5774 2379 5819 est
2439 5764 2580 5834 apud
2626 5764 2967 5835 Apostolum,
3034 5761 3098 5815 ad
3158 5770 3400 5817 nostram
3452 5772 3592 5811 sane
