4072 6156
441 787 452 860 ἓ

490 331 590 390 851
1718 332 1775 385 8.
1839 330 2166 388 GREGORH
2221 330 2514 388 NYSSENI
3643 332 3748 388 552

485 435 792 507 doctrinam
824 455 1029 520 scripta
1055 454 1206 511 sunt,
1233 462 1426 518 nempe
1465 453 1523 501 ut
1555 445 1621 500 ad
1660 447 1885 501 illorum
1929 449 2055 503 vita:
2083 503 2085 508 ,

2189 465 2276 502 αι·
2313 449 2432 501 οὐδὲ
2453 447 2561 519 γάρ
2585 449 2700 501 ἐστι
2739 447 2961 501 δυνατὸν
2981 447 3072 501 τὸν
3101 449 3182 512 είς
3227 447 3395 502 πολλὰ
3427 449 3492 518 τῇ
3536 449 3752 520 διανοίᾳ

487 544 794 598 institutum
853 558 952 596 nos
1011 541 1140 594 item
1196 540 1361 594 vitam
1418 549 1667 595 nostram
1721 540 2052 610 dirigamus.

2196 541 2527 611 ιαχεόμενον,
2584 539 2715 611 πρὸς
2752 539 2886 593 Θεοῦ
2940 541 3269 612 κατανόησιν
3316 542 3410 596 καί⁹
3455 541 3752 612 ἐπιθυμίαν

488 633 628 705 Ergo
655 633 784 704 quid
819 649 884 687 ex
917 632 1002 686 his
1027 631 1338 686 documenti
1385 632 1755 703 percipimus?
1788 631 1844 686 Id
1899 648 2053 697 sane,

2195 632 2556 703 ύθυπορῆσαι.

488 736 568 790 ut,
600 724 879 796 preposito
908 731 1226 778 sanctorum
1268 725 1508 778 virorum
1570 723 1845 795 exemplo,
1915 723 1982 778 iis
2031 725 2197 778 rebus
2266 738 2388 792 quae
2443 723 2510 777 ad
2569 721 2712 777 hanc
2772 723 2938 776 vitam
2997 724 3295 792 pertinent,
3379 739 3622 778 antmum
3681 739 3754 779 ne

487 819 711 888 adjiciat
736 819 784 873 is
821 818 914 887 qui
952 833 1012 872 se
1063 833 1185 870 cum
1248 816 1357 872 Deo
1390 817 1640 886 junctum
1686 832 1810 872 esse
1841 816 2059 871 studet:
2105 815 2222 870 ﬁeri
2253 815 2400 870 enim
2441 829 2549 869 non
2593 823 2792 884 potest,
2824 821 2884 868 ut
2955 819 3115 884 cujus
3159 816 3378 871 animus
3450 816 3751 870 multarum

491 930 674 971 rerum
703 913 854 968 curis
880 913 1227 977 distrahitur,
1262 912 1308 966 is
1329 913 1382 966 in
1406 911 1500 966 Dci
1519 913 2065 982 contemplationem,
2105 909 2571 981 cupiditatemque
2605 909 2764 980 plane
2797 918 2946 964 totus
2979 910 3284 964 incumbat.

1080 1046 1311 1102 CAPUT
1346 1046 1457 1101 VII.

495 1157 600 1224 Qui
641 1157 823 1210 multis
870 1173 1045 1210 rerum
1102 1159 1244 1210 curis
1269 1157 1573 1220 distinetur,
1607 1157 1724 1225 ﬁeri
1760 1172 1863 1209 non
1898 1164 2068 1224 potest

899 1237 956 1279 ut
979 1228 1062 1280 hic
1091 1230 1270 1281 animo
1293 1231 1360 1281 sit
1393 1228 1644 1297 perfecto.

566 1340 692 1393 Mihi
727 1354 859 1393 sane
912 1339 1149 1422 videtur,
1189 1341 1332 1409 quod
1367 1339 1433 1393 de
1484 1339 1569 1393 his
1600 1346 1933 1408 praeceptum
1965 1345 2069 1405 est,

2757 1048 3012 1102 ΚΕΦΑΛ.
3067 1047 3142 1102 Z'.

2169 1168 2290 1221 Ὅτι
2317 1165 2423 1220 τὸν
2452 1167 2538 1231 εις
2567 1165 2764 1220 πολλὰ
2795 1165 3176 1233 μεριζῦμενον
3222 1163 3604 1234 τελειωθῆναι
3639 1166 3754 1234 τὴν

2680 1237 2893 1305 ψυχὴν
2916 1235 3233 1289 ἀδύνατον.

2243 1349 2402 1401 Δοκεῖ
2445 1349 2502 1401 δέ
2567 1365 2657 1417 μοι
2711 1347 2777 1400 δι’
2823 1348 3216 1418 ύποδείγματος
3253 1347 3644 1418 ἐναργέστερον
3683 1347 3753 1400 ἂν

494 1435 747 1502 exemplo
806 1433 1076 1490 illustrius
1142 1433 1259 1508 fieri
1323 1448 1508 1504 posse.
1581 1431 1858 1486 Ponamus
1907 1431 2074 1500 igitur

2189 1441 2513 1510 ταραστῆσαι
2537 1439 2598 1492 τὸ
2633 1439 2984 1510 περὶτούτων
3006 1440 3202 1510 δόγμα.
3244 1438 3602 1509 Ὑποθώμεθα
3641 1440 3752 1508 γάρ

495 1539 712 1593 aquam,
743 1539 909 1593 quaea
940 1523 1087 1579 fonte
1107 1525 1290 1594 aliquo
1310 1531 1516 1585 manat,
1539 1524 1592 1576 in
1623 1523 1866 1578 diversas
1883 1521 2077 1576 ﬂuxio—

2189 1549 2223 1584 :t
2251 1530 2394 1602 ὕδωρ
2426 1533 2490 1584 ἐκ
2514 1532 2694 1603 πηγῆς
2723 1531 3109 1602 προχεόμενον,
3150 1535 3230 1592 είς
3263 1531 3549 1601 διαφόρους
3581 1531 3757 1600 ἀπορ-

496 1632 616 1680 ncs,
648 1632 710 1671 ac
728 1617 900 1682 rivos,
929 1629 989 1671 ut
1021 1616 1100 1682 fit,
1123 1617 1361 1687 dispergi
1400 1625 1568 1686 atque
1591 1616 1870 1687 dissipari.
1897 1614 2078 1680 Quan-

501 1708 596 1761 diu
633 1716 783 1763 certe
809 1709 883 1762 ita
921 1708 1116 1772 fertur,
1149 1708 1217 1761 ad
1250 1708 1429 1762 nullas
1469 1721 1564 1762 eas
1603 1721 1712 1770 res,
1762 1721 1884 1776 qua:
1936 1706 2080 1776 agrio

2177 1621 2306 1692 ῥοάς
2335 1621 2478 1674 κατά
2525 1621 2585 1674 τὸ
2619 1621 2830 1690 συμϐὰν
2860 1621 3250 1691 διασχίζεσθαι.
3303 1619 3515 1672 Οὐκοῦν
3551 1619 3655 1682 ἓως
3690 1619 3758 1671 ἂν

2177 1712 2318 1766 οὓτω
2351 1712 2603 1784 φέρηται,
2632 1714 2710 1774 εἰς
2739 1711 2890 1764 οὐδὲν
2917 1711 3024 1764 τῶν
3048 1712 3182 1784 πρὸς
3209 1711 3309 1782 τὴν
3335 1711 3606 1783 γεωργίαν
3627 1728 3760 1782 χρη-

500 1801 730 1855 cultum
761 1802 1075 1872 expediant,
1118 1803 1224 1857 erit
1267 1800 1710 1868 accommodata;
1768 1815 1893 1855 cum
1930 1801 2078 1856 illius

2189 1803 2353 1874 σίμων
2392 1804 2693 1873 ἐπιτήδειον
2723 1803 2894 1866 ἔσται,
2921 1807 3016 1874 τῆς
3035 1806 3113 1867 είς
3139 1805 3310 1857 πολλά
3331 1804 3625 1874 διαχύσεως
3649 1806 3760 1859 ὀλί-

503 1910 658 1964 aquzr.
687 1897 743 1949 in
775 1897 979 1950 multas
1020 1905 1204 1966 partes
1237 1896 1528 1966 dissipatio
1572 1895 1830 1965 exiguum
1866 1895 1917 1949 id
1961 1895 2073 1950 clli-

501 1983 631 2048 ciat,
658 1984 801 2054 quod
841 1985 897 2038 in
934 1984 1168 2054 singulis
1221 1985 1472 2055 partibus
1507 1992 1673 2040 tenue
1717 1991 1825 2051 est,
1875 1985 2076 2055 vixque

502 2089 614 2146 pra:
647 2075 912 2131 tenuitate
940 2085 1228 2131 movetur:
1266 2076 1350 2132 sin
1373 2083 1554 2132 autem
1584 2077 1710 2146 quis
1737 2092 1930 2132 omnes
1955 2078 2076 2147 ejus

500 2165 781 2234 dispersos
810 2166 960 2223 rivos
994 2167 1240 2238 colligat,
1277 2167 1492 2238 quodve
1517 2168 1722 2238 passim
1749 2168 2074 2239 dissipatum

504 2265 612 2323 est,
656 2258 710 2313 in
770 2275 942 2316 unum
978 2260 1192 2314 alveum
1229 2260 1545 2325 concludat,
1609 2261 1677 2316 ad
1717 2263 1918 2316 multas
1955 2261 2078 2315 vita:

504 2349 944 2416 commoditates,
978 2359 1031 2405 et
1060 2367 1154 2408 eas
1186 2352 1408 2422 quidem
1441 2354 1788 2408 necessarias
1826 2352 2078 2407 uberiore

507 2447 754 2494 uteretur
783 2456 948 2512 aqua,
985 2458 1106 2512 quae
1161 2444 1217 2497 in
1265 2459 1434 2498 unum
1470 2444 1543 2498 sit
1574 2443 1751 2498 locum
1811 2443 2078 2498 derivata.

505 2528 582 2584 Ita
623 2533 903 2587 hominum
934 2549 1111 2599 mens,
1144 2535 1188 2589 si
1253 2535 1460 2606 passim
1521 2535 1864 2602 diffunditur,
1906 2550 2081 2605 eoque

505 2623 870 2692 potissimum,
908 2641 1016 2695 quo
1052 2641 1311 2684 sensuum
1365 2628 1637 2684 illecebris
1667 2629 1898 2698 rapitur,
1956 2643 2082 2699 per-

507 2723 670 2784 petuo
709 2715 908 2769 diffluit
962 2731 1025 2770 ac
1079 2717 1401 2788 dissipatur,
1460 2719 1664 2774 nullam
1724 2721 1881 2791 plane
1945 2719 2080 2774 mihi

508 2821 758 2875 magnam
787 2807 892 2859 vim
925 2806 1125 2862 habere
1156 2808 1372 2862 videtur
1414 2808 1481 2862 ad
1516 2825 1639 2864 cum
1689 2823 1938 2875 cursum,
1987 2809 2080 2879 qui

509 2897 575 2955 ad
609 2912 800 2955 verum
831 2897 1032 2954 bonum
1089 2899 1369 2971 pertinet;
1439 2900 1530 2955 sed
1565 2901 1610 2956 si
1669 2901 1912 2970 undique
1961 2915 2083 2955 sese

509 2993 815 3062 collegerit,
848 3000 1012 3060 atque
1059 3009 1112 3046 in
1161 3008 1220 3047 se
1249 2993 1539 3062 receperit,
1574 3001 1797 3062 totaque
1835 2991 1901 3046 ad
1936 3006 2079 3058 eam,

508 3100 632 3155 quae
671 3084 774 3140 sibi
825 3085 1045 3155 propria
1102 3094 1205 3149 est,
1255 3099 1318 3138 ac
1352 3084 1620 3138 naturalis
1655 3084 1898 3139 muneris
1959 3083 2084 3137 fun-

509 3171 745 3226 ctiouem
778 3171 1111 3241 impellatur,
1135 3172 1272 3226 nihil
1299 3171 1519 3242 quidem
1544 3171 1934 3242 impedimento
1958 3173 2084 3239 erit,

509 3267 809 3337 quominus
874 3263 941 3318 ad
1001 3264 1284 3333 superiora
1359 3263 1588 3324 feratur,
1651 3271 1816 3332 atque
1875 3279 2078 3326 rerum,

512 3343 632 3431 qua:
653 3374 777 3413 vere
809 3364 959 3421 sunt,
989 3357 1270 3411 veritatem
1308 3355 1560 3426 attingat.
1593 3353 1658 3408 Ut
1697 3354 1840 3408 enim
1890 3369 2083 3423 magna

512 3467 666 3522 aqua:
691 3451 774 3506 vis
805 3466 961 3520 aqua:
988 3447 1248 3504 ductibus
1280 3447 1494 3501 obtecta
1523 3455 1574 3500 et
1603 3446 1884 3508 conclusa,
1920 3461 2083 3514 sarpe,

512 3560 635 3601 cum
659 3544 742 3598 vis
799 3542 890 3596 illa
946 3548 1220 3608 erumpat,
1283 3540 1336 3593 in
1393 3539 1626 3593 sublime
1698 3539 1890 3601 fertur,
1949 3553 2088 3607 quo-

511 3636 657 3691 niam
719 3649 831 3689 non
884 3632 1048 3688 habet
1107 3646 1214 3702 qua
1285 3628 1642 3693 diffundatur,
1724 3627 1887 3697 idque
1960 3643 2084 3682 cum

513 3735 694 3782 motus
719 3725 840 3796 ejus
869 3725 1136 3779 naturalis
1181 3723 1272 3777 ille
1317 3721 1409 3787 sit,
1470 3728 1530 3774 ut
1559 3721 1813 3774 deorsum
1847 3719 2083 3774 feratur:

516 3817 597 3873 sic
627 3818 865 3870 humana
893 3830 1048 3868 mens
1085 3814 1239 3882 quasi
1277 3818 1512 3881 angusto
1541 3811 1776 3880 quodam
1808 3825 1961 3880 aqua:
1982 3810 2086 3864 du-

517 3920 631 3968 ctu,
663 3921 786 3960 cum
821 3906 1066 3973 undique
1112 3902 1449 3955 continentia
1499 3902 1616 3970 ipsa
1670 3903 2086 3970 comprimatur,

518 4012 692 4066 neque
721 3994 913 4048 habeat
945 3992 1088 4046 unde
1124 3998 1375 4059 erumpat
1397 4031 1412 4051 ,
1458 3990 1755 4060 agitatione
1785 3990 1902 4059 ipsa
1933 4001 2091 4045 natu-

519 4087 620 4142 rali
649 4085 715 4139 ad
743 4100 924 4138 rerum
957 4084 1262 4136 co-lestium
1293 4083 1529 4151 quodam
1566 4081 1727 4136 modo
1759 4082 2091 4136 excitabitur

520 4177 934 4249 appetitionem.
970 4173 1103 4227 Nam
1145 4190 1320 4244 neque
1350 4175 1588 4238 animus,
1614 4175 1704 4245 qui
1731 4176 1954 4245 perenni
1979 4178 2094 4246 agi-

519 4271 728 4326 tatione
757 4279 1026 4330 movetur,
1065 4269 1370 4322 consistere
1402 4275 1602 4338 potest,
1627 4283 1750 4322 cum
1783 4269 1851 4322 ab
1888 4283 1974 4332 eo,
1998 4267 2092 4336 qui

520 4366 672 4419 illum
723 4361 920 4424 effecit,
973 4359 1284 4430 hujusmodi
1345 4368 1525 4414 motus
1569 4369 1823 4414 naturam
1864 4360 2094 4415 sortitus

521 4458 632 4511 sit:
663 4468 860 4524 neque,
893 4453 941 4507 si
975 4452 1320 4522 prohibetur,
1354 4451 1648 4521 quominus
1691 4451 1756 4504 ad
1788 4466 1876 4504 res
1904 4450 2094 4505 inanes

2182 1915 2278 1966 γον
2307 1897 2366 1950 τὸ
2402 1897 2460 1949 ἐν
2493 1897 2726 1967 ἑκάστῳ,
2773 1898 2867 1950 καὶ
2905 1897 3154 1967 ἀδρανὲς,
3192 1897 3285 1949 καὶ
3319 1897 3633 1967 δυσκίνητον
3655 1898 3762 1950 ὑπὸ

2181 1989 2396 2050 ἀτονίας
2415 1987 2691 2058 ποιούσης·
2722 1989 2772 2040 εί
2795 1988 2852 2041 δέ
2880 2005 2961 2044 τις
2989 1988 3167 2050 πάσας
3186 1987 3351 2042 αὐτοῦ
3379 1987 3474 2052 τὰς
3495 1987 3763 2052 ἀτάκτους

2181 2081 2460 2154 ἀπορῥοάς
2494 2081 2815 2150 συναγάγοι,
2848 2082 2942 2134 καὶ
2976 2082 3055 2144 είς
3087 2081 3145 2134 ἓν
3181 2081 3394 2150 ῥεῖθρον
3425 2081 3486 2133 τὸ
3517 2079 3764 2150 πολλαχῆ

2183 2171 2320 2238 τέως
2350 2172 2745 2244 ἐσκεδασμένον
2771 2171 3095 2244 ἀθροίσειεν,
3125 2173 3205 2237 είς
3235 2172 3401 2226 πολλά
3426 2172 3610 2226 ἀντῶν
3632 2173 3766 2242 βιω-

2185 2266 2360 2334 φελῶν
2388 2266 2479 2319 καὶ
2528 2264 2813 2335 χρησίμων
2859 2263 3039 2334 ἀθρόῳ
3077 2265 3169 2317 καὶ
3231 2265 3647 2334 συντεταγμένῳ
3683 2262 3766 2332 τῷ

2187 2358 2629 2428 ὓδατιχρήσαιτο.
2660 2356 2815 2410 Οὕτω
2855 2375 2944 2427 μοι
2973 2357 3118 2409 δοκεί
3170 2356 3264 2409 καὶ
3291 2358 3319 2410 6
3348 2355 3471 2418 νοῦς
3499 2357 3528 2408 6
3561 2354 3772 2425 ἀνθρώ-

2187 2466 2359 2513 πινος,
2400 2450 2450 2501 εἰ
2502 2450 2598 2519 μὲν
2646 2448 2919 2519 πανταχοῦ
2949 2448 3230 2518 διαχέοιτο,
3266 2448 3400 2518 πρὸς
3438 2447 3498 2500 τὸ
3530 2447 3770 2518 ἀρέσκον

2187 2543 2274 2595 ἀεὶ
2301 2544 2416 2604 τοῖς
2455 2541 2828 2612 αἰσθητηρίοις
2869 2542 3004 2612 ῥέων
3053 2540 3146 2593 καὶ
3197 2537 3637 2607 σκεδαννύμενος,
3671 2555 3776 2607 {mo

2187 2630 2376 2702 δεμίαν
2407 2629 2684 2700 ἀξιόλογον
2720 2632 2947 2702 δύναμιν
2978 2630 3146 2700 ίσχειν
3179 2629 3315 2701 πρὸς
3349 2629 3445 2697 τὴν
3470 2628 3560 2680 ἐπὶ
3592 2627 3653 2680 τὸ
3679 2628 3775 2681 ὃν·

2192 2741 2293 2787 τως
2320 2723 2522 2792 ἀγαθὸν
2557 2724 2782 2795 πορείαν
2807 2739 2821 2752 ο
2865 2726 2913 2777 εί
2951 2724 3008 2777 δὲ
3054 2721 3386 2792 πανταχόθεν
3422 2718 3771 2788 ἀνακληθεὶς,

2189 2815 2432 2885 καὶπερὶ
2453 2815 2644 2868 ἑαυτὸν
2666 2814 2991 2885 ἀθροισθεὶς,
3019 2813 3356 2883 συνηγμένος
3375 2811 3468 2864 καὶ
3486 2810 3774 2880 ἀδιάχυτος

2191 2906 2326 2979 πρὸς
2341 2907 2439 2977 τὴν
2468 2907 2673 2960 οἰκείαν
2706 2906 2882 2977 ἐαυτῷ
2904 2907 2997 2960 καὶ
3029 2906 3172 2960 κατά
3193 2905 3354 2974 φύσιν
3385 2903 3662 2974 ἐνέργειαν
3685 2921 3778 2955 κι-

2189 3001 2350 3062 νοῖτο,
2375 2999 2526 3052 οὐδὲν
2547 2998 2610 3051 τὸ
2638 2997 2847 3052 κωλύον
2879 2998 3040 3052 αὐτὸν
3057 2998 3210 3050 ἐσται
3241 2997 3375 3064 πρὸς
3397 2995 3463 3049 τὰ
3484 2995 3593 3049 ἄνω
3613 2995 3781 3063 φέρε-

2194 3088 2340 3153 σθαι,
2362 3089 2454 3142 καὶ
2485 3091 2582 3159 τῆς
2611 3087 2863 3158 ἀληθείας
2891 3087 2999 3141 τῶν
3015 3087 3181 3140 ὄντων
3203 3085 3558 3154 ἐφάπτεσθαι.
3586 3083 3780 3137 Καθά-

2114 3182 2156 3239 C
2191 3193 2298 3246 περ
2322 3175 2431 3246 γὰρ
2458 3175 2520 3228 τὸ
2559 3176 3085 3246 περιεστεγασμένον
3128 3175 3218 3228 διὰ
3249 3175 3482 3244 σωλῆνος
3507 3174 3650 3244 ὕδωρ
3675 3173 3780 3244 δρ-

2191 3268 2303 3320 Οιον
2330 3268 2588 3330 πολλάκις
2620 3267 2721 3320 ὑπὸ
2754 3269 2850 3337 τῆς
2875 3268 3268 3338 ἀναθλιὸοότης
3297 3267 3416 3337 βίας
3437 3268 3529 3320 ἐπὶ
3561 3267 3629 3319 τὰ
3659 3268 3784 3320 ἀνω

2190 3357 2436 3426 φέρεται,
2472 3359 2574 3410 οὐκ
2613 3357 2731 3426 ἔχον
2759 3360 2864 3428 ὅπη
2893 3358 3140 3430 διαχυθῇ,
3186 3358 3279 3411 καὶ
3315 3358 3502 3418 ταῦτα,
3535 3374 3788 3425 καταφε-

2193 3447 2318 3521 ροῦς
2345 3448 2493 3518 αύτῷ
2520 3449 2621 3519 τῆς
2648 3449 2788 3503 κατά
2817 3449 2976 3518 φύσιν
3015 3448 3179 3520 οὔσης
3201 3450 3466 3518 κινήσεως
3489 3446 3656 3500 ὀὕτω
3679 3450 3791 3500 καὶ

2190 3539 2218 3591 6
2266 3538 2396 3601 νοῦς
2428 3541 2455 3591 6
2492 3539 2852 3610 ἀνθρώπινος,
2899 3533 3008 3592 οἷόν
3041 3557 3184 3602 τινος
3218 3539 3454 3610 σωλῆνος
3514 3532 3792 3605 στεγανοῦ

2191 3630 2290 3700 τῆς
2315 3630 2637 3700 ἐγκρατείας
2683 3631 2844 3684 αὐτὸν
2874 3631 3249 3700 ἁπανταχόθεν
3286 3629 3788 3701 περισφιγγούσης,

2193 3719 2634 3790 ἀναληφθήσεταί
2685 3737 2801 3784 πως
2833 3719 2938 3772 ὑπὸ
2987 3719 3086 3789 τῆς
3122 3719 3214 3772 τοῦ
3263 3718 3526 3772 κινεῖσθαι
3563 3717 3790 3785 φύσεως

2196 3809 2331 3882 πρὸς
2363 3809 2460 3880 τὴν
2482 3809 2590 3863 τῶν
2612 3809 2956 3879 ὑψηλοτέρων
2987 3808 3301 3878 ἐπιθυμίαν,
3336 3808 3434 3861 ούκ
3465 3806 3600 3877 ἔχων
3637 3806 3789 3860 ὅπου

2195 3903 2510 3973 παραρῥυῇ.
2531 3901 2667 3955 Οὔτε
2689 3901 2796 3974 γὰρ
2821 3902 3009 3973 στῆναί
3026 3919 3154 3956 ποτε
3172 3901 3391 3954 δυνατόν
3421 3901 3533 3952 ἐστι
3558 3899 3651 3969 τὴν
3665 3899 3796 3952 ἀει-

2196 3994 2414 4064 κίνητον
2443 3991 2550 4046 ὑπὸ
2577 3991 2668 4045 τοῦ
2691 3992 3051 4062 πεποιηκότος
3078 3991 3334 4060 εἰληφότα
3355 3989 3451 4060 τὴν
3475 3989 3650 4057 φύσιν,
3682 3992 3794 4043 καὶ

2197 4085 2277 4146 είς
2299 4082 2367 4135 τὰ
2393 4082 2596 4153 μάταια
2619 4081 2854 4152 χρῆσθαι
2883 4085 2948 4152 τῇ
2979 4082 3188 4152 κινήσει
3233 4080 3594 4149 κωλυόμενον,
3627 4079 3791 4148 ἀμή-

2197 4193 2356 4246 χανον
2400 4175 2474 4246 μὴ
2536 4175 2670 4245 πρὸς
2700 4174 2796 4245 τὴν
2842 4173 3097 4243 ἀλήθειαν
3125 4175 3340 4235 πάντως
3382 4170 3787 4241 εὐθυπορῆσαι,

2197 4263 2276 4334 τῷ
2337 4264 2670 4333 πανταχόθεν
2717 4264 2824 4316 ἀπὸ
2864 4263 2972 4316 τῶν
3003 4263 3218 4316 ἀτόπων
3257 4261 3637 4330 ἀπείργεσθαι·
3681 4262 3792 4314 καὶ

2200 4355 2308 4426 γὰρ
2334 4355 2391 4406 ἐν
2413 4357 2531 4417 ταῖς
2560 4354 2863 4417 πολυοδίαις
2890 4353 3030 4406 οὕτω
3064 4353 3294 4423 μάλιστα
3314 4352 3438 4414 τοὺς
3470 4350 3792 4418 ὁδοιπόρους

2201 4447 2414 4516 ὁρῶμεν
2446 4446 2544 4514 τῆς
2575 4445 2786 4507 εὐθείας
2832 4447 2930 4516 οὐχ
2963 4446 3394 4516 ἁμαρτάνοντας,
3443 4445 3566 4495 ὅταν
3594 4438 3687 4510 τὴν
3720 4443 3792 4496 ἐν

521 4566 588 4606 eo
615 4554 765 4602 motu
797 4554 1005 4609 utatur,
1038 4545 1264 4598 dubium
1298 4553 1401 4608 est,
1444 4544 1577 4614 quin
1611 4559 1736 4598 cum
1772 4544 2014 4613 undique
2067 4560 2085 4597 ε

2201 4541 2321 4601 ταῖς
2359 4537 2545 4600 ἄλλαις
2572 4537 2709 4598 ὁδοῖς
2749 4537 2954 4606 πλάνην
3010 4538 3400 4607 προμαθόντες,
3434 4533 3787 4588 ἐκκλίνωσιν.

522 4644 685 4700 rebus
766 4637 1024 4694 absurdis
1084 4637 1402 4708 repellatur,
1462 4634 1528 4689 ad
1591 4634 1878 4689 veritatem
1945 4643 2094 4688 recta

524 4734 748 4788 omnino
776 4729 1108 4785 contendat:
1142 4729 1193 4781 in
1231 4728 1419 4782 multis
1454 4726 1598 4780 enim
1649 4710 1942 4779 itineribus
1983 4726 2097 4778 via-

526 4834 672 4879 tores
701 4821 938 4876 maxime
968 4819 1213 4874 videmus
1246 4826 1393 4872 recta
1421 4815 1504 4869 via
1538 4831 1644 4870 non
1673 4815 1949 4878 aberrare,
1971 4828 2095 4866 cum

526 4917 858 4986 reliquorum
887 4915 1140 4968 itinerum
1177 4927 1364 4966 errore
1419 4918 1546 4964 ante
1595 4907 1844 4962 instructi
1876 4907 2100 4961 omnino

523 5015 771 5071 caveant,
813 5022 884 5063 ne
913 5007 1190 5066 aberrent,
1229 5003 1392 5057 veluti
1429 5003 1498 5063 is,
1533 5000 1624 5070 qui
1668 5001 1721 5053 in
1774 4999 1970 5053 itinere
2017 4996 2096 5049 fa-

524 5098 719 5153 ciendo
740 5113 863 5153 cum
919 5113 978 5153 se
1008 5097 1075 5151 ab
1109 5095 1358 5158 incertis,
1397 5092 1837 5160 transversisque
1886 5089 2095 5144 semitis

526 5191 834 5254 abduxerit,
863 5189 1038 5260 magis
1071 5189 1126 5242 in
1161 5196 1310 5243 recta
1359 5201 1418 5240 se
1464 5185 1548 5238 via
1579 5182 1964 5238 conservabit:
2023 5181 2096 5234 ita

527 5285 744 5339 animus
770 5292 956 5339 noster
993 5298 1022 5336 a
1051 5283 1216 5337 rebus
1251 5279 1508 5334 inanibus
1535 5291 1782 5338 aversus,
1829 5275 1882 5328 in
1933 5274 2097 5327 rebus

528 5387 647 5442 qum
679 5380 825 5437 sunt,
855 5373 1138 5426 veritatem
1169 5371 1328 5441 plane
1351 5377 1624 5439 agnoscet.
1656 5365 1840 5434 Itaque
1862 5363 1928 5416 de
1950 5377 2098 5415 sum-

2209 4629 2296 4691 Ὠς
2326 4630 2353 4680 ὁ
2381 4627 2488 4680 τῶν
2525 4625 2954 4697 πεπλανημένων
2994 4627 3194 4698 τρίϐων
3224 4627 3280 4678 ἐν
3307 4625 3383 4696 τῷ
3423 4622 3621 4678 ὁδεύειν
3655 4625 3795 4676 ἀνα-

2197 4719 2476 4789 χωρήσας,
2503 4719 2594 4770 ἐπὶ
2626 4718 2724 4787 τῆς
2773 4718 2989 4778 εὐθείας
3047 4717 3248 4787 μᾶλλον
3296 4716 3483 4769 ἑαυτὸν
3513 4715 3740 4784 φυλάξει
3770 4733 3786 4748 ·

2199 4811 2370 4872 οὕτως
2422 4808 2638 4878 ήμῶνή
2673 4807 2878 4862 διάνοια
2909 4811 2982 4879 τῇ
3019 4809 3335 4879 ἀποστροφῇ
3375 4808 3481 4860 τῶν
3537 4807 3790 4876 ματαίων

2199 4904 2299 4974 τὴν
2328 4905 2384 4956 ἐν
2412 4905 2520 4964 τοῖς
2549 4897 2697 4954 οῦσιν
2732 4901 2988 4972 ἀλήθειαν
3019 4900 3398 4968 ἐπιγνώσεται.
3445 4900 3657 4953 Ἔοικεν
3686 4896 3793 4952 οὖν

2201 4994 2374 5048 ταῦτα
2410 4993 2686 5045 παιδεύειν
2715 4994 2858 5062 ἡμᾶς
2899 4996 2964 5064 τῇ
2995 4995 3180 5064 μνήμῃ
3226 4993 3334 5044 τῶν
3359 4991 3605 5061 μεγάλων
3647 5005 3793 5057 προ-

2203 5084 2389 5155 φητῶν
2416 5085 2660 5146 ἐκείνων,
2684 5083 2744 5136 τὸ
2780 5084 2967 5153 μηδενὶ
2994 5085 3098 5136 τῶν
3126 5086 3182 5136 ἐν
3221 5082 3298 5152 τῷ
3327 5082 3513 5150 κόσμῳ
3552 5078 3795 5131 σπουδα-

2204 5177 2444 5248 ζομένων
2490 5177 2890 5247 ὲμπλέκεσθαι·
2931 5177 2990 5230 ἒν
3035 5177 3090 5229 δὲ
3138 5176 3246 5228 τῶν
3279 5173 3732 5242 σπουδαζομένων
3763 5174 3796 5225 6

2203 5270 2378 5339 γάμος
2404 5269 2548 5322 ἐστίν
2576 5285 2590 5300 ’
2634 5268 2830 5340 μᾶλλον
2860 5269 2917 5322 δέ
2947 5268 3088 5339 ἀρχὴ
3123 5267 3215 5319 καὶ
3257 5267 3381 5337 ῥίζα
3412 5264 3510 5334 τῆς
3536 5262 3643 5314 τῶν
3678 5279 3797 5332 μά-

2204 5360 2368 5412 ταίων
2398 5360 2657 5428 σπουδῆς.

529 5464 633 5517 uiis
661 5463 768 5520 illis
798 5462 1079 5533 prophetis
1111 5460 1557 5516 commemoratio
1589 5474 1688 5513 nos
1739 5459 1804 5512 ad
1832 5458 1934 5509 hoc
1961 5452 2179 5508 erudire
2205 5452 2442 5515 videtur,
2475 5459 2534 5505 ut
2605 5453 2672 5507 iis
2733 5453 2922 5517 rebus,
2975 5468 3099 5522 qua:
3170 5452 3224 5505 in
3285 5451 3386 5505 hac
3439 5449 3549 5502 vita
3617 5462 3792 5515 expe-

530 5565 737 5622 tuntur,
767 5571 833 5611 ne
861 5555 1234 5626 implicemur:
1284 5555 1339 5610 in
1367 5566 1598 5622 quarum
1641 5567 1822 5609 rerum
1875 5563 2101 5606 numcm
2139 5556 2267 5604 sunt
2302 5549 2525 5619 nuptiae,
2557 5564 2677 5620 qua:
2705 5550 3008 5605 studiorum
3081 5548 3323 5602 inanium
3349 5559 3532 5602 semen
3601 5544 3792 5612 potius

531 5657 677 5717 sunt.
719 5658 880 5720 atque
919 5647 1270 5721 principium.
