4072 6156
317 265 427 327 353

941 400 1192 455 ΚΕΦΑΛ.
1212 403 1294 456 H'.

400 523 516 575 Ὅτι
540 524 686 577 οὐδὲ
715 528 748 580 ό
764 525 950 598 γάμος
974 529 1092 584 τῶν
1114 531 1623 604 κατεγνωσμένων
1641 537 1835 594 ἐστίν.

389 657 602 727 Μηδεὶς
624 660 679 713 δὲ
705 662 792 717 διὰ
806 664 1008 718 τούτων
1033 667 1181 737 ἡμᾶς
1199 668 1410 724 ἀθετεῖν
1433 672 1626 726 οἰέσθω
1646 673 1743 745 τὴν
1766 677 1907 730 οἱκο-

317 747 515 816 νομίαν
554 751 650 802 τοῦ
707 754 916 823 γάμου·
944 757 1004 809 ού
1042 758 1152 829 γὰρ
1204 761 1505 832 ἀγνοοῦμεν
1527 764 1608 817 ὅτι
1637 766 1730 818 καὶ
1753 760 1906 832 οὗτος

319 840 415 930 τῆς
443 840 540 893 τοῦ
566 841 700 895 Θεοῦ
735 845 984 914 εὐλογίας
1015 851 1114 902 οὐκ
1162 851 1546 924 ἠλλοτρίωται·
1575 855 1690 909 ἀλλ’
1720 859 1905 930 ἐπειδὴ

316 928 509 982 τούτου
543 931 642 1000 μὲν
677 934 957 1006 αὐτάρκης
979 940 1272 1012 συνήγορος
1306 941 1400 995 καὶ
1437 945 1470 1014 ἡ
1500 945 1650 1016 κοινὴ
1677 947 1788 1000 τῶν
1811 928 1905 1001 ἀνέ

318 1016 556 1087 θρώπων
585 1021 748 1089 φύσις
776 1026 943 1091 ἐστὶν,
978 1028 1282 1099 αὐτόματον
1313 1033 1410 1101 τὴν
1439 1035 1574 1105 πρὸς
1593 1036 1663 1089 τά
1686 1039 1908 1095 τοιαῦτα

321 1114 494 1184 ῥοπὴν
539 1119 811 1173 ἐντιθείσα
850 1123 984 1176 πᾶσι
1029 1127 1142 1189 τοῖς
1174 1125 1260 1180 διὰ
1305 1127 1486 1200 γάμου
1518 1131 1799 1202 προϊοῦσιν
1826 1137 1905 1199 είς

315 1206 569 1276 γέννησιν
594 1226 606 1237 ·
660 1211 957 1266 ἀντιϐαίνει
984 1214 1040 1267 δέ
1078 1233 1194 1279 πως
1233 1219 1266 1288 ἡ
1310 1220 1577 1289 παρθενία
1620 1227 1684 1295 τῇ
1721 1224 1900 1294 φύσει·

315 1295 569 1364 περιττὸν
601 1297 668 1350 ἂν
707 1299 792 1368 είη
834 1303 963 1372 περὶ
996 1304 1176 1374 γάμου
1211 1311 1526 1381 προτροπὴν
1575 1314 1670 1365 καὶ
1701 1314 1902 1385 παραί-

313 1401 458 1437 νεσιν
489 1385 794 1454 φιλοπόνως
853 1393 1211 1463 συγγράφειν,
1256 1397 1353 1467 τὴν
1405 1398 1903 1470 δυσανταγώνιστον

312 1475 481 1528 αὑτοῦ
532 1479 1003 1552 προϐαλλομένους
1051 1487 1349 1558 συνήγορον
1391 1490 1489 1561 τὴν
1517 1492 1730 1564 ἡδονὴν,
1763 1495 1902 1566 πλὴν

311 1569 467 1640 εἰμὴ
516 1572 656 1641 τάχα
716 1573 805 1626 διὰ
843 1576 970 1639 τοὺς
1019 1576 1088 1630 τὰ
1133 1579 1381 1650 δόγματα
1436 1583 1533 1654 τῆς
1575 1586 1902 1658 Ἐκκλησίας

309 1662 843 1730 παραχαράσσοντας
869 1664 978 1718 τῶν
1011 1667 1267 1722 τοιούτων
1294 1671 1450 1740 χρεία
1475 1671 1646 1740 λόγων
1675 1674 1740 1728 ἂν
1774 1676 1860 1746 εἴη
1880 1693 1895 1707 ·

1666 287 1752 343 DE
1793 288 2260 352 VlliGlNl'l‘ATE.

1936 417 1986 472 Α
2087 431 2090 434 .

2602 417 2830 474 CAPUT
2869 421 2996 474 \‘lll.

2165 549 2276 605 Nec
2300 554 2698 608 matrimonium
2723 574 2833 611 esse
2871 559 2923 610 in
2963 557 3115 612 rebus
3147 558 3435 614 damnatas.

2076 678 2246 736 Nemo
2275 697 2403 736 vero
2434 699 2498 738 ex
2545 685 2632 746 iis,
2667 703 2788 756 qum
2843 689 3101 753 diximus,
3149 691 3202 744 in
3261 693 3578 761 Opinionem

2006 773 2207 838 veniat,
2248 790 2346 829 nos
2381 779 2712 834 matrimonii
2777 783 3087 851 improbare
3143 785 3583 842 institutionem:

2005 877 2114 916 non
2143 865 2286 918 enim
2323 867 2666 936 ignoramus,
2716 888 2893 942 neque
2941 875 3073 928 illud
3122 890 3151 928 a
3207 876 3588 932 benedictione

2005 954 2099 1010 Dei
2140 955 2312 1013 fuisse
2353 960 2611 1016 alienum.
2652 961 2758 1017 Sed
2789 963 3046 1032 quoniam
3097 966 3200 1020 hoc
3233 967 3408 1036 ipsum
3449 968 3585 1022 satis

2005 1059 2265 1105 accurate
2328 1051 2573 1107 defendit
2633 1057 2944 1111 communis
3025 1057 3302 1110 hominum
3365 1067 3580 1125 natura,

2003 1155 2126 1209 qua:
2150 1156 2248 1196 sua
2281 1151 2478 1212 Sponte
2528 1144 2594 1198 ad
2627 1144 2944 1213 hujusmodi
2977 1161 3064 1200 res
3099 1148 3208 1199 vim
3261 1149 3454 1201 inserit
3513 1151 3582 1204 iis

2002 1233 2098 1302 qui
2122 1234 2453 1290 matrimonii
2493 1238 2580 1291 via
2625 1239 2854 1308 quaesita
2897 1239 2962 1290 ad
2999 1238 3292 1292 liberorum
3329 1255 3586 1307 procrea-

2003 1325 2206 1380 tionem
2235 1329 2530 1383 accedunt:
2591 1343 2800 1385 naturae
2834 1331 2978 1385 enim
3012 1331 3248 1400 quodam
3303 1332 3464 1385 modo
3499 1348 3584 1386 re.-

2003 1418 2148 1474 sistit
2174 1420 2484 1490 virginitas;
2517 1437 2981 1492 supervacaneum
3029 1424 3216 1492 utique
3255 1430 3422 1485 esset,
3481 1423 3582 1476 ad-

2003 1509 2331 1567 monitiones
2371 1521 2533 1582 atque
2565 1514 2906 1568 hortationes
2948 1514 3016 1569 de
3071 1515 3420 1568 matrimonio
3453 1515 3580 1569 dili-

2001 1608 2192 1672 genter
2244 1604 2616 1667 conscribere,
2676 1620 2801 1659 cum
2838 1606 3092 1674 voluptas
3149 1605 3269 1674 ipsa
3303 1604 3577 1668 ostendat,

2002 1706 2062 1746 se
2093 1695 2423 1749 acerrimum
2479 1695 2627 1752 illius
2689 1697 3052 1765 patrocinium
3115 1695 3418 1764 suscipere,
3473 1694 3576 1749 nisi

306 1747 400 1810 οὓς
422 1755 994 1825 κεκαυτηριασμένους
1020 1758 1118 1830 τὴν
1148 1760 1285 1814 ἰδίαν
1327 1764 1628 1834 συνείδησιν
1656 1767 1684 1818 6
1731 1768 1885 1821 Ἀπό-

2005 1783 2240 1842 fortasse
2275 1794 2456 1842 tamen
2484 1787 2570 1842 his
2597 1789 2942 1845 sermonibus
2991 1803 3131 1858 opus
3165 1794 3312 1843 esset
3357 1794 3580 1856 pr0pter

310 1840 495 1904 στολος
519 1843 774 1912 ὀνομάζει
800 1863 812 1875 ·
843 1847 936 1900 καὶ
959 1848 1137 1913 καλῶς
1164 1853 1435 1922 ὁνομάζει’
1464 1855 1545 1908 ὅτι
1575 1859 1898 1912 καταλιπόν-

306 1947 402 1994 τες
436 1934 536 2002 τὴν
585 1935 809 2003 ὁδηγίαν
859 1937 954 1991 τοῦ
1005 1941 1161 2008 ἁγίου
1189 1943 1522 2014 Πνεύματος,
1547 1947 1633 2000 διὰ
1656 1948 1755 2020 τῆς
1792 1951 1900 2004 τῶν

303 2025 579 2094 δαιμόνων
596 2027 944 2094 διδασκαλίας
973 2032 1136 2096 οὐλάς
1152 2053 1305 2100 τινας
1325 2038 1420 2090 καὶ
1440 2039 1764 2110 ἐκκαύματα
1780 2046 1897 2107 ταῖς

304 2116 561 2186 καρδίαις
587 2119 766 2172 αὐτῶν
796 2123 1218 2192 ἐγχαράσσουσι,
1237 2127 1304 2180 τὰ
1333 2128 1428 2181 τοῦ
1455 2129 1588 2183 Θεοῦ
1625 2133 1898 2204 κτίσματα

303 2207 722 2278 βδελυσσόμενοι
751 2213 824 2276 ὡς
845 2215 1148 2287 μιάσματα,
1177 2219 1268 2272 καὶ
1314 2223 1391 2284 είς
1427 2223 1596 2276 κακὸν
1639 2226 1894 2296 φέροντα,

303 2299 406 2351 καὶ
442 2302 627 2354 κακῶν
673 2304 842 2368 αἴτια,
878 2307 1066 2362 καὶτὰ
1108 2311 1334 2364 τοιαῦτα
1376 2316 1892 2386 προσαγορεύοντες.

317 2391 481 2445 ’Λλλά
508 2393 560 2444 τί
602 2412 691 2463 μοι
724 2398 849 2461 τοὺς
887 2399 992 2464 ἕξω
1015 2402 1238 2473 κρίνειν,
1280 2405 1442 2475 φησὶν
1472 2409 1500 2458 ὁ
1532 2408 1892 2476 Ἀπόστολος;

298 2479 412 2546 ἔξω
431 2484 536 2554 γάρ
562 2487 699 2538 εἰσιν
730 2487 804 2553 ὡς
851 2489 1067 2560 ἀληθῶς
1098 2495 1295 2549 ἐκεῖνοι
1336 2500 1435 2568 τῆς
1470 2497 1565 2552 τοῦ
1598 2501 1756 2570 λόγου
1784 2502 1893 2557 τῶν

302 2576 623 2644 μυστηρίων
651 2578 841 2649 αὐλῆς.
865 2581 966 2636 οὐκ
1002 2585 1060 2636 ἐν
1090 2588 1154 2655 τῇ
1185 2588 1362 2661 σκέπῃ
1392 2590 1484 2643 τοῦ
1513 2591 1669 2656 Θεοῦ,
1691 2593 1806 2646 ἀλλ’
1833 2596 1891 2647 ἐν

295 2665 369 2735 τῇ
403 2665 615 2737 μάνδρᾳ
635 2668 728 2721 τοῦ
753 2671 997 2744 Πονηροῦ
1025 2676 1368 2746 αὐλιζόμενοι
1395 2697 1407 2710 ·
1433 2683 1482 2734 oi
1516 2682 1889 2756 ἐζωγρημένοι

296 2757 384 2819 εἰς
411 2757 471 2809 τὸ
497 2760 704 2813 ἐκείνου
741 2763 972 2836 θέλημα,
1000 2768 1141 2821 κατά
1170 2769 1273 2840 τὴν
1301 2771 1394 2826 τοῦ
1421 2773 1744 2830 Ἀποστόλου
1777 2797 1890 2846 φω·

295 2847 419 2917 νὴν,
451 2851 545 2904 καὶ
562 2850 651 2905 διὰ
677 2853 834 2909 τοῦτο
862 2857 934 2927 μὴ
963 2860 1256 2927 συνιέντες,
1288 2863 1368 2916 ὅτι
1387 2865 1566 2937 πάσης
1589 2868 1789 2940 ἀρετῆς
1821 2871 1880 2922 ἐν

300 2940 562 3037 μεσότητι
594 2941 992 3017 θεωρουμένης,
1023 2950 1057 3020 ἡ
1085 2951 1178 3003 ἐπὶ
1210 2952 1276 3006 τά
1309 2955 1690 3037 παρακείμενα
1711 2976 1886 3030 παρα-

293 3035 475 3104 τροπὴ
493 3036 661 3090 κακία
689 3038 836 3091 ἐστίν
854 3057 868 3070 ο
898 3039 1139 3109 ὑφέσεως
1159 3043 1268 3116 γὰρ
1303 3045 1395 3098 καὶ
1421 3035 1722 3114 ἐπιτάσεως
1751 3069 1885 3108 παν-

2003 1891 2121 1939 eos,
2185 1879 2279 1947 qui
2331 1877 2582 1934 Ecclesia
2634 1891 2904 1950 praecepta
2953 1889 3116 1949 atque
3158 1879 3405 1934 instituta
3451 1892 3577 1930 cor-

2003 1972 2313 2033 rumpunt:
2353 1982 2493 2035 quos
2542 1968 2898 2022 cauteriatam
2959 1983 3114 2024 suam
3180 1967 3578 2023 conscientiam

2003 2054 2266 2112 habentes
2304 2068 2462 2112 vocat
2493 2059 2788 2128 Apostolus
2815 2061 2857 2123 °,
2904 2066 2959 2113 et
3005 2066 3153 2114 recte
3189 2066 3367 2122 vocat,
3447 2074 3577 2128 pro-

2002 2155 2184 2216 pterea
2232 2149 2398 2216 quod,
2436 2150 2687 2218 spiritum
2737 2150 2929 2204 ducem
2962 2148 3342 2218 relinquendo,
3375 2147 3579 2202 daemo-

2003 2236 2214 2290 niorum
2245 2237 2514 2304 doctrinis
2549 2238 2838 2292 cicatrices
2884 2237 3175 2307 quasdam,
3234 2244 3398 2305 atque
3454 2237 3575 2290 inu-

1999 2330 2205 2383 stiones
2233 2331 2495 2384 cordibus
2527 2331 2642 2385 suis
2677 2331 3018 2399 imprimunt,
3053 2343 3141 2383 res
3176 2343 3205 2381 a
3236 2327 3343 2382 Deo
3361 2339 3574 2384 creatas

1997 2420 2350 2482 detestantes,
2383 2425 2545 2491 quasi
2582 2422 2809 2492 impurae
2844 2423 2948 2474 illae
2978 2422 3107 2482 sint,
3142 2419 3206 2474 ad
3257 2421 3574 2488 malumque

1998 2514 2238 2585 trahant,
2273 2523 2436 2585 atque
2469 2519 2524 2570 in
2555 2531 2722 2570 causa
2753 2515 2864 2569 sint
2910 2515 3202 2576 malorum,
3239 2519 3293 2567 et
3320 2512 3433 2566 haec
3490 2519 3574 2564 at-

1997 2619 2104 2673 que
2129 2606 2234 2659 alia
2265 2606 2540 2675 ejusmodi
2574 2606 2841 2662 dicentes.
2895 2605 2966 2659 At
2993 2605 3125 2674 quid
3157 2603 3223 2658 ad
3252 2619 3337 2658 me
3385 2611 3570 2659 extra-

1993 2711 2128 2752 neos
2155 2697 2424 2766 judicare,
2459 2697 2638 2768 inquit
2663 2699 3066 2768 Apostolus”?
3109 2697 3363 2752 Extranei
3399 2697 3568 2764 enim,

1994 2799 2049 2846 et
2082 2789 2242 2843 alieni
2273 2805 2334 2843 re
2364 2805 2493 2843 vera
2525 2801 2652 2844 sunt
2683 2790 2762 2843 illi
2796 2805 2825 2843 a
2881 2805 3002 2845 sese
3041 2789 3449 2859 domicilioque,
3513 2790 3570 2844 in

1994 2895 2104 2948 quo
2159 2881 2548 2948 mysteriorum
2607 2894 2788 2934 sermo
2823 2881 3035 2948 positus
3068 2887 3174 2941 est,
3207 2879 3303 2948 qui
3346 2893 3454 2932 non
3512 2877 3567 2933 in

1993 2969 2087 3024 Dei
2116 2970 2394 3040 praesidio,
2430 2969 2525 3025 sed
2560 2969 2614 3023 in
2643 2969 2906 3038 spelunca
2938 2968 3139 3023 diaboli
3191 2968 3259 3022 ad
3305 2969 3427 3038 ejus
3471 2982 3568 3022 vo-

1994 3058 2257 3113 luntatem
2289 3067 2722 3125 commorantur,
2745 3059 3048 3114 secundum
3072 3073 3258 3113 vocem
3285 3058 3564 3127 Apostoli:

290 3125 465 3220 ταχοῦ
495 3145 578 3190 τις
595 3129 656 3180 τὸ
687 3129 849 3198 μέσον
876 3131 1171 3197 ἐπιλαϐὼν,
1195 3113 1309 3206 ,τὴν
1341 3138 1540 3210 ἀρετὴν
1571 3141 1636 3193 ἐκ
1666 3144 1763 3213 τῆς
1786 3161 1884 3196 και

1989 3157 2387 3219 proptereaque
2418 3163 2527 3204 non
2559 3149 2889 3220 intelligunt,
2915 3164 3040 3204 cum
3070 3149 3248 3204 virtus
3280 3149 3459 3203 omnis
3510 3148 3563 3202 in

292 3214 425 3280 κίας
445 3217 696 3290 διέκρινε.
730 3221 1068 3295 Σαφέστερος
1093 3225 1137 3278 δ’
1164 3225 1231 3280 ἂν
1262 3227 1392 3298 ἡμῖν
1427 3231 1455 3282 6
1492 3229 1648 3299 λόγος
1678 3233 1885 3301 γένοιτο

290 3307 388 3360 ἐπ’
417 3308 598 3361 αὐτῶν
622 3309 730 3363 τῶν
774 3315 1117 3385 πραγμάτων
1161 3315 1509 3388 δεικνύμενος
1531 3338 1544 3351 ·
1581 3323 1762 3378 Δειλία
1789 3326 1884 3379 καὶ

291 3397 498 3468 θράσος
524 3400 616 3454 δύο
645 3403 834 3456 κακίαι
861 3406 1002 3459 κατὰ
1025 3407 1085 3460 τὺ
1107 3408 1349 3462 ἐναντίον
1390 3413 1695 3481 νοούμεναι,
1729 3416 1761 3487 ἠ
1784 3417 1882 3485 μὲν

289 3489 440 3544 κατά
478 3490 733 3564 ἔλλειψιν,
769 3496 803 3566 ἡ
850 3495 907 3549 δέ
941 3498 1082 3552 κατά
1116 3499 1453 3572 πλεονασμὸν
1481 3504 1879 3577 πεποιθήσεως,

296 3582 471 3652 μέσην
504 3585 853 3656 περιέχουσιν
883 3589 1063 3644 αὐτῶν
1093 3591 1194 3661 τὴν
1239 3592 1510 3663 ἀνδρείαν.
1542 3595 1710 3650 Πάλιν
1738 3598 1768 3651 ὀ
1787 3599 1880 3652 εὑ-

291 3671 466 3742 σεϐὴς
499 3672 620 3727 οὕτε
660 3674 838 3742 ἄθεος,
874 3677 997 3732 οὔτε
1029 3680 1380 3755 δεισιδαίμων
1405 3689 1551 3743 ἐστίν
1574 3707 1587 3721 ⁸
1637 3692 1751 3747 ἴσον
1771 3693 1880 3764 γὰρ

284 3764 381 3816 ἐπ’
412 3767 618 3833 ἀμφοῖν
649 3765 710 3817 τὸ
743 3767 1020 3839 ἀσέϐημα,
1052 3773 1146 3825 καὶ
1177 3775 1238 3826 τὸ
1267 3777 1471 3847 μηδένα
1514 3780 1664 3844 Θεὸν,
1699 3784 1792 3836 καὶ
1820 3784 1879 3836 τὸ

283 3855 524 3920 πολλοὺς
561 3853 698 3911 εἶναι
721 3859 948 3914 οἴεσθαι.
989 3863 1175 3919 Βούλει
1202 3869 1292 3922 καὶ
1314 3869 1382 3921 δι’
1419 3873 1619 3944 ἐτέρων
1644 3877 1878 3944 ἐπιγνῶ-

283 3963 378 3998 ναι
418 3945 479 3998 τὸ
508 3945 718 4018 δόγμα;
762 3949 818 4002 Ὀ
842 3951 1030 4020 φυγὼν
1057 3954 1118 4007 τὸ
1149 3956 1404 4024 φειδωλὸς
1433 3957 1569 4016 εἶναι
1601 3963 1694 4017 καὶ
1731 3968 1878 4021 ἄσω-

281 4055 402 4103 τος,
444 4039 501 4091 ἐν
520 4038 588 4109 τῇ
600 4039 709 4092 τῶν
731 4041 988 4096 ἐναντίων
1010 4046 1197 4100 παθῶν
1230 4050 1578 4124 ἀναχωρήσει
1597 4056 1694 4126 τὴν
1726 4059 1876 4111 ἐλευ-

283 4131 478 4200 θερίαν
513 4131 590 4201 τῷ
613 4132 735 4202 ἤθει
767 4134 1096 4206 κατώρθωσε
1124 4157 1137 4170 ο
1173 4141 1414 4197 τοιοῦτον
1448 4146 1557 4216 γάρ
1585 4152 1692 4220 τιή
1726 4151 1875 4206 ἐλευ-

283 4223 447 4294 Θερία
477 4225 645 4288 ἐστὶν,
674 4225 736 4278 τὸ
775 4227 913 4297 μήτε
948 4229 1084 4300 πρὸς
1103 4231 1203 4294 τὰς
1235 4233 1506 4304 ἀμέτρους
1534 4239 1629 4292 καὶ
1667 4243 1878 4312 ἀνωφε-

279 4315 399 4377 λεῖς
438 4315 682 4380 δαπάνας
707 4319 829 4390 εἰκῆ
849 4319 1168 4392 διαχεῖσθαι,
1198 4326 1334 4397 μήτε
1361 4329 1497 4398 πρὸς
1515 4331 1583 4386 τὰ
1606 4333 1875 4403 ἀναγκαῖα

1984 3240 2368 3296 mediocritate
2394 3240 2686 3305 consistat,
2713 3240 2789 3304 id,
2817 3239 2962 3310 quod
2981 3240 3035 3293 in
3057 3241 3363 3295 contrarias
3383 3244 3566 3307 partes

1985 3333 2346 3397 convertitur,
2377 3348 2498 3389 esse
2529 3333 2742 3388 vitium.
2788 3332 2892 3398 Qui
2928 3333 3073 3388 enim
3105 3332 3161 3386 in
3191 3329 3567 3385 omnibusre—

1981 3422 2087 3479 bus
2117 3433 2171 3478 et
2205 3425 2347 3492 ejus,
2395 3423 2540 3494 quod
2572 3439 2790 3493 parum,
2829 3431 2882 3478 et
2917 3423 3084 3486 illius,
3133 3422 3278 3491 quod
3327 3419 3560 3474 nimium

1981 3523 2088 3579 est,
2115 3515 2549 3570 mediocritatem
2575 3514 2746 3585 capit,
2781 3513 2874 3568 hic
2907 3515 3097 3568 vitium
3139 3529 3169 3568 a
3221 3515 3420 3567 virtute
3449 3513 3562 3566 dis-

1982 3605 2168 3660 tinxit.
2219 3603 2460 3670 Quaastio
2505 3604 2622 3659 haec
2656 3603 2920 3659 illustrior
2949 3605 3076 3669 erit,
3121 3603 3167 3658 si
3211 3601 3376 3659 rebus
3426 3605 3558 3675 ipsis

1985 3695 2418 3750 demonstretur.
2487 3693 2662 3749 Metus
2695 3703 2749 3749 et
2794 3693 3044 3759 audacia,
3075 3692 3187 3748 duo
3245 3708 3275 3748 e
3333 3696 3557 3764 regione

1980 3787 2158 3858 posita
2191 3787 2317 3841 vitia
2351 3793 2636 3856 putantur,
2668 3786 2755 3839 hic
2795 3785 3036 3856 quidem,
3086 3785 3346 3855 quoniam
3383 3787 3555 3841 confi-

1978 3881 2176 3936 dentiae
2209 3880 2430 3934 modum
2466 3879 2692 3943 deserit,
2727 3879 2822 3932 illa
2863 3877 2992 3948 quia
3053 3888 3297 3946 superat,
3349 3879 3556 3932 medio-

1979 3973 2228 4026 critatem
2261 3972 2568 4036 continent,
2614 3986 2734 4038 quae
2789 3969 2844 4022 in
2912 3968 3231 4023 fortitudine
3285 3970 3550 4026 cernitur.

1978 4063 2215 4127 Rursus,
2250 4063 2342 4132 qui
2378 4063 2639 4132 pietatem
2693 4062 2846 4124 colit,
2882 4061 2928 4115 is
2963 4076 3142 4130 neque
3185 4061 3384 4131 impius
3447 4071 3548 4124 est,

1977 4172 2154 4225 neque
2188 4155 2643 4224 superstitiosus;
2683 4154 2734 4207 in
2769 4161 3001 4223 utroque
3030 4154 3174 4207 enim
3220 4169 3374 4222 atque
3411 4154 3552 4208 inest

1977 4246 2229 4315 impietas
2265 4265 2276 4300 :
2312 4246 2472 4309 alter,
2513 4245 2641 4314 quia
2668 4244 2836 4299 Deum
2878 4252 3076 4314 negat;
3119 4245 3256 4299 alter
3291 4247 3548 4312 quoniam

1975 4337 2176 4392 multos
2222 4352 2344 4392 esse
2391 4337 2668 4406 opinatur.
2723 4335 2890 4392 Visne
2925 4336 3029 4391 hoc
3083 4338 3260 4406 ipsum
3321 4352 3386 4389 ex
3425 4337 3550 4391 aliis

284 4409 631 4480 μικρολόγως
654 4410 818 4482 ἔχειν.
854 4412 1011 4468 οὕτω
1031 4417 1125 4469 καὶ
1149 4417 1242 4470 ἐπὶ
1266 4419 1374 4474 τῶν
1408 4420 1610 4478 λοιπῶν
1635 4429 1869 4495 πάντων,

1987 4430 2346 4500 cognoscere?
2398 4429 2502 4494 Qui
2536 4429 2589 4482 in
2623 4429 2804 4484 avaris
2860 4443 2923 4482 ac
2958 4428 3197 4498 prodigis
3232 4442 3356 4482 esse
3393 4443 3567 4504 recug

283 4499 375 4592 tua
418 4499 492 4592 μὴ
547 4503 658 4592 τοῖς
710 4501 1046 4560 καθέκαστον
1086 4507 1412 4581 ἐπεξίωμεν,
1452 4514 1552 4585 τὴν
1603 4519 1875 4592 μεσότητα

277 4589 391 4640 τῶν
422 4588 680 4644 ἐναντίων
709 4591 911 4663 ἀρετὴν
946 4595 975 4646 6
1003 4595 1160 4665 λόγος
1198 4601 1512 4673 ἐγνώρισεν.
1549 4609 1759 4666 Οὐκοῦν
1782 4588 1875 4668 καὶ

278 4679 318 4772 ᾖ
353 4679 677 4772 σωφροσύνη
727 4683 959 4756 μεσότης
1003 4688 1168 4757 ἐστὶν,
1209 4692 1305 4744 καὶ
1339 4696 1580 4768 φανερὰς
1616 4700 1730 4772 ἔχει
1773 4706 1873 4770 τὰς

409 4771 646 4869 ἐῖάτερα
667 4774 825 4869 πρὸς-
863 4777 1060 4869 κακίαν
1098 4785 1478 4854 παρατροπὰς.
1522 4789 1579 4843 '0
1762 4795 1871 4869 γὰρ

279 4860 548 4916 ἐλλείπων
581 4865 723 4918 κατά
779 4865 871 4920 τὸν
921 4868 1021 4934 τῆς
1057 4870 1235 4943 ψυχῆς
1258 4875 1430 4942 τόνον,
1459 4881 1551 4935 καὶ
1596 4860 1683 4936 διὰ
1713 4860 1870 4942 τοῦτο

281 4953 761 5022 εὐκαταγώνιστος
788 4956 867 5027 τῷ
903 4959 1004 5029 τῆς
1028 4960 1218 5035 ἡδονῆς
1254 4965 1418 5021 πάθει
1443 4971 1742 5041 γινόμενος,
1775 4980 1870 5033 καὶ

284 5044 422 5114 μηδὲ
451 5045 824 5116 προσεγγίσας
857 5051 921 5119 τῇ
965 5049 1067 5120 ὁδῷ
1107 5053 1202 5106 τοῦ
1239 5056 1361 5108 κατ’
1397 5058 1595 5132 ἀρετὴν
1629 5062 1743 5133 βίου
1775 5070 1869 5121 καὶ

281 5136 583 5208 σώφρονος,
637 5141 716 5202 είς
766 5139 911 5210 πάθη
956 5144 1054 5213 τῆς
1100 5146 1327 5217 ἀτιμίας
1359 5151 1691 5210 κατώλισθεν
1719 5177 1732 5190 ο
1761 5161 1867 5214 όδὲ

281 5227 572 5300 παρελθὼν
589 5230 687 5299 τῆς
708 5231 1058 5303 σωφροσύνης
1072 5235 1132 5288 τὸ
1151 5236 1397 5309 βάσιμον,
1427 5244 1520 5297 καὶ
1542 5247 1866 5319 ὑπερπεσὼν

279 5319 376 5413 τοῦ
398 5319 572 5413 μέσου
587 5321 685 5390 τῆς
709 5321 931 5394 ἀρετῆς,
956 5317 1067 5376 οἷον
1084 5329 1314 5399 κρημνῷ
1327 5348 1433 5386 τινι
1456 5337 1522 5406 τῇ
1550 5317 1863 5413 διδασκαλίᾳ

277 5409 390 5462 τῶν
413 5409 683 5479 δαιμόνων
711 5412 1104 5484 ἐγκατηνέχθη,
1123 5421 1520 5491 καυτηριάζων,
1549 5426 1729 5492 καθώς
1760 5409 1863 5501 φηζ

282 5517 368 5555 σιν
396 5502 426 5554 6
467 5502 809 5570 Ἀπόστολος,
866 5505 964 5576 τὴν
996 5505 1132 5560 ἰδίαν
1170 5511 1486 5584 συνείδησιν.
1539 5517 1625 5572 Ἐν
1755 5522 1864 5595 γὰρ

356 5704 375 5738 ³
402 5703 424 5759 1
449 5704 692 5762 Timoth.
727 5724 798 5774 Iv,
824 5709 876 5764 ἓ.
958 5709 1001 5740 ¹⁰
1030 5709 1050 5762 l
1091 5709 1218 5765 Cor.
1255 5727 1305 5776 ν,
1344 5713 1425 5768 12.

1977 4526 2081 4581 sat,
2125 4519 2418 4572 contrariis
2448 4519 2590 4573 inter
2616 4533 2676 4573 se
2711 4516 2994 4572 aﬂ‘ectibus
3044 4517 3293 4578 remotis,
3350 4516 3567 4601 libera-2

1974 4607 2184 4663 litatem
2221 4609 2412 4662 habitu
2474 4608 2710 4678 quodam
2754 4616 2906 4662 recte
2956 4607 3167 4674 coluit;
3245 4606 3544 4662 liberalitas

1972 4701 2117 4755 enim
2178 4700 2235 4754 in
2291 4717 2356 4755 eo
2410 4701 2610 4767 elucet,
2671 4709 2728 4755 ut
2770 4716 2838 4764 ne
2887 4702 3013 4769 quis
3051 4701 3106 4754 in
3145 4707 3401 4768 sumptus
3447 4683 3567 4762 im-j'

1973 4793 2294 4848 moderatos
2363 4793 2700 4861 minimeque
2750 4793 2913 4847 utiles
2966 4800 3170 4847 temere
3213 4791 3545 4861 profuseque

1969 4893 2181 4955 eroget,
2215 4899 2352 4940 neve
2413 4885 2469 4938 in
2525 4884 2688 4938 rebus
2748 4883 3077 4938 necessariis
3115 4897 3314 4952 parcus
3370 4884 3442 4936 sit
3480 4897 3543 4936 ac

1967 4979 2259 5032 remissus.
2297 4976 2476 5046 Atque
2507 4975 2580 5030 ita
2611 4975 2666 5029 in
2697 4976 2910 5030 caeteris
2932 4975 3211 5038 omnibus,
3240 4989 3310 5028 ne
3327 4974 3542 5043 singula

1967 5085 2068 5125 nos
2095 5082 2509 5139 persequamur,
2543 5082 2726 5122 rerum
2757 5068 2900 5120 inter
2930 5081 2990 5120 se
3013 5064 3372 5134 pugnantium
3428 5079 3542 5118 me-

1965 5160 2311 5214 diocritatem
2344 5159 2398 5212 in
2425 5159 2626 5213 virtute
2657 5159 2893 5228 positam
2930 5171 3054 5211 esse
3077 5158 3216 5209 ratio
3250 5154 3494 5210 definivit
3523 5173 3538 5211 :

1964 5251 2149 5320 itaque
2195 5250 2551 5319 temperantia
2581 5251 2711 5304 item
2743 5248 3096 5304 mediocritas
3127 5255 3232 5311 est,
3274 5255 3438 5317 atque
3486 5249 3540 5301 in

1969 5351 2201 5412 utraque
2232 5349 2387 5412 parte
2419 5340 2809 5396 conversiones
2843 5339 2910 5393 ad
2962 5340 3153 5394 vitium
3205 5339 3367 5392 habet
3414 5353 3540 5408 per-

1969 5435 2206 5506 spicuas.
2239 5433 2342 5500 Qui
2368 5433 2512 5488 enim
2541 5431 2710 5486 animi
2740 5431 3001 5487 ﬁrmitate
3040 5433 3332 5500 deseritur,
3393 5431 3542 5486 volu-

1976 5527 2247 5598 ptatisque
2263 5525 2458 5582 all‘ectu
2479 5523 2639 5579 facile
2665 5523 2922 5583 vincitur,
2956 5509 3184 5594 eamque
3211 5523 3282 5578 ob
3315 5537 3540 5577 causam
