4072 6156
545 288 651 350 355

1786 290 1843 344 s.
1888 288 2213 347 cneeonn
2248 290 2541 363 NYSSENI

3687 286 3790 346 356

549 413 616 469 ad
644 413 970 483 incorrupta:
1031 418 1451 482 temperataeque
1480 410 1604 467 vitm
1631 412 1773 465 viam
1805 428 1973 483 prope
2015 429 2121 468 non

2243 413 2513 467 Ξδελυκτὸν
2543 408 2680 466 εἶναι
2720 411 2809 464 τὸν
2869 410 3045 481 γάμον
3085 408 3346 481 ὁρίζεται,
3392 408 3582 462 ἑαυτὸν
3626 409 3821 475 στίζει.

508 497 515 504 ’
550 504 805 570 accessit,
849 506 901 559 in
933 502 1326 574 ignominiosas
1354 502 1443 556 hic
1491 501 1807 558 aﬂ‘ectiones
1861 504 2118 574 delapsus

2243 509 2329 571 τοῖς
2355 504 2448 558 τοῦ
2473 504 2650 574 γάμου
2684 502 3033 572 ὀνειδισμοῖς*
3064 504 3111 556 εἰ
3141 500 3249 573 γὰρ
3280 501 3342 554 τὸ
3363 501 3576 573 δένδρον
3604 499 3783 571 κακὸν,

554 595 775 654 incidit;
819 594 910 664 qui
959 608 1087 647 vero
1126 593 1501 663 temperantia:
1533 594 1668 649 fines
1713 596 1934 660 transit,
1989 605 2040 650 et
2091 611 2120 649 a

2243 596 2404 659 ιαθώς
2434 596 2566 667 φησί
2594 612 2695 648 που
2730 595 2790 648 τὸ
2831 594 3185 664 Εὐαγγέλιον,
3228 595 3323 647 καὶ
3355 594 3384 645 6
3416 592 3626 662 καρπὸς
3654 594 3798 647 πάν-

551 684 772 739 virtutis
827 683 1206 739 mediocritate
1271 685 1513 749 recedit,
1574 685 1664 740 bie
1725 686 2120 741 conscientiam

2243 706 2327 753 re);
2345 688 2439 743 τοῦ
2467 689 2681 759 δένδρου
2713 686 2885 753 ἄξιος.
2906 688 2969 740 Et
3001 686 3065 757 δὴ
3098 685 3193 740 τοῦ
3219 684 3386 754 φυτοῦ
3408 683 3501 738 τοῦ
3533 685 3673 739 κατά
3708 683 3799 736 τὸν

553 791 731 839 suam,
764 776 942 846 inquit
969 776 1282 845 Apostolus,
1316 777 1670 833 cauteriatam
1695 777 1922 843 habens,
1947 778 1998 833 in
2027 778 2125 832 ali-

2222 781 2400 851 γάμον
2450 779 2736 851 βλάστημα
2785 779 2880 832 καὶ
2913 778 3127 848 καρπός
3152 778 3299 830 ἐστιν
3332 777 3360 829 6
3386 774 3694 845 ἄνθρωπος,
3732 771 3801 826 τά

554 882 689 934 quas
734 867 1130 922 daemoniorum
1188 868 1455 924 doctrinae
1506 869 1749 924 salebras
1805 871 2126 940 compulsus

2243 871 2318 925 ςοῦ
2347 871 2526 943 γάμου
2560 871 2734 941 ὀνείδη
2783 871 3000 933 πάντως
3028 866 3122 921 τοῦ
3171 869 3537 937 προφέροντος
3569 863 3796 933 γίνεται.

554 957 804 1010 incurrit.
837 956 971 1011 Nam
1011 957 1156 1027 quod
1187 959 1592 1014 matrimonium
1631 960 1958 1015 detestabile
2008 977 2132 1016 esse
2169 963 2385 1027 statuit,
2458 961 2868 1038 matrimonium
2936 960 3114 1028 ipsum
3153 955 3536 1026 vituperando,
3585 968 3644 1008 se
3683 953 3802 1022 ipse

554 1049 891 1103 conscindit:
922 1050 968 1104 si
995 1050 1141 1104 enim
1172 1050 1338 1104 arbor
1360 1052 1520 1113 mala,
1551 1061 1611 1105 ut
1632 1058 1716 1108 est
1736 1053 1971 1121 quodam
2029 1052 2150 1107 loco
2188 1052 2245 1106 in
2283 1051 2584 1123 Evangelio
2615 1051 2681 1117 “,
2716 1050 2930 1105 fructus
2958 1048 3079 1119 ejus
3112 1048 3242 1103 item
3269 1053 3355 1101 est
3394 1045 3592 1099 arbore
3639 1044 3804 1113 plane

554 1140 774 1211 dignus,
807 1141 1137 1195 matrimonii
1168 1144 1323 1212 quasi
1365 1144 1598 1212 alicujus
1658 1144 1856 1214 plantae
1904 1160 2123 1215 germen
2166 1152 2272 1211 est,
2307 1151 2472 1215 atque
2496 1143 2712 1199 fructus
2740 1141 2927 1198 homo.
2997 1139 3129 1207 Quae
3172 1139 3342 1211 igitur
3402 1137 3520 1207 ipse
3567 1136 3626 1190 in
3684 1150 3805 1190 ma-

555 1233 873 1286 trimonium
907 1231 1153 1286 convicia
1182 1231 1424 1301 conjicit,
1473 1234 1528 1287 in
1552 1250 1677 1290 eum
1733 1234 1824 1289 illa
1874 1234 1992 1304 ipsa
2035 1233 2309 1290 recidunt.

624 1330 694 1383 At
743 1329 819 1383 illi
858 1328 1100 1399 quidem,
1131 1329 1221 1399 qui
1254 1329 1647 1385 conscientiam
1698 1330 1845 1385 notis
1876 1331 2118 1385 inustam

2304 1328 2442 1382 Ἀλλ’
2470 1328 2667 1382 ἐκεῖνοι
2717 1328 2814 1398 μὲν
2858 1323 3171 1397 στιγματίαι
3215 1320 3314 1393 τὴν
3361 1318 3663 1391 συνείδησιν
3706 1316 3808 1372 καὶ

555 1422 777 1487 habent,
835 1428 997 1491 atque
1036 1435 1104 1475 ex
1153 1421 1437 1476 sententiae
1493 1420 1835 1477 absurditate
1887 1428 2016 1476 sunt
2042 1422 2126 1475 ci-

2243 1419 2857 1492 ιαταμεμωλωπισμένοι
2908 1421 2974 1490 τῇ
3020 1416 3220 1488 ἀτοπίᾳ
3265 1415 3360 1470 τοῦ
3406 1415 3673 1485 δόγματος
3713 1412 3807 1468 διά

556 1512 760 1568 catrice
814 1512 1048 1581 quadam
1109 1510 1311 1578 affecti,
1357 1512 1626 1582 ejusmodi
1678 1512 1844 1568 rebus
1894 1513 2128 1569 convin-

2243 1512 2331 1565 τῶν
2362 1509 2620 1565 τοιούτων
2652 1511 2983 1580 ἐλέγχονται.
3021 1508 3216 1579 Ἡμεῖς
3249 1506 3308 1560 δὲ
3332 1505 3506 1560 ταῦτα
3545 1503 3642 1559 καὶ
3672 1501 3807 1574 περὶ

557 1611 774 1657 cuntur.
837 1600 947 1658 Nos
1001 1616 1130 1658 vero
1187 1601 1255 1657 de
1301 1603 1653 1658 matrimonio
1709 1604 1785 1656 ita
1838 1604 2127 1668 sentimus,

2226 1602 2318 1656 τοῦ
2363 1601 2544 1673 γάμου
2592 1600 2953 1671 γινώσκομεν,
3007 1599 3083 1663 ὡς
3128 1598 3210 1652 δεῖ
3251 1596 3666 1668 προηγουμένην
3704 1594 3809 1666 μὲν

558 1703 813 1764 Oportere
864 1709 965 1749 nos
999 1708 1184 1749 rerum
1241 1694 1550 1749 divinarum
1610 1694 1855 1752 studium
1909 1711 2131 1751 curam-

2243 1687 2368 1746 εἶναι
2397 1691 2495 1763 τὴν
2523 1691 2651 1762 περὶ
2675 1691 2743 1744 τά
2791 1690 2908 1744 θεῖα
2944 1688 3181 1759 σπουδήν
3205 1705 3266 1741 τε
3310 1686 3406 1741 καὶ⁸
3443 1684 3765 1757 ἐπιμέλειαν
3791 1726 3808 1752 ,

558 1801 664 1855 que
692 1785 820 1839 huic
847 1785 1180 1840 matrimonii
1206 1784 1382 1841 oliicio
1411 1784 1702 1852 anteferre,
1741 1801 1918 1856 neque
1949 1796 2128 1843 tamen

2243 1783 2329 1855 τῆς
2357 1783 2415 1837 δὲ
2442 1782 2537 1836 τοῦ
2565 1779 2744 1852 γάμου
2776 1779 3116 1852 λειτουργίας
3151 1779 3226 1851 μὴ
3266 1779 3539 1849 ὐπερορᾷν
3579 1776 3669 1830 τὸν
3695 1793 3811 1830 σως

558 1891 683 1931 eum
716 1876 1021 1947 despicere,
1069 1876 1163 1946 qui
1211 1883 1511 1947 temperate
1567 1876 1684 1944 illo,
1742 1891 1806 1931 ac
1853 1877 2132 1933 moderate

561 1967 638 2021 uti
690 1975 913 2037 potest:
961 1968 1142 2038 qualis
1188 1967 1501 2037 patriarcha
1537 1965 1691 2024 Isaac
1728 1968 1848 2034 fuit,
1895 1968 1991 2038 qui
2021 1985 2131 2025 non

559 2058 884 2115 anuescente
907 2068 1085 2123 aetate,
1129 2066 1190 2114 ut
1224 2058 1499 2115 atfectioni
1533 2060 1850 2130 conjugium
1880 2062 2130 2126 serviret,

561 2150 655 2205 sed
690 2151 957 2206 exhausta
992 2150 1105 2220 jam
1135 2150 1528 2228 adolescentia,
1573 2152 1643 2206 ob
1687 2150 1780 2207 Dei
1829 2153 1885 2207 in
1927 2153 2135 2209 semine

561 2242 1019 2308 benedictionem,
1071 2241 1375 2298 Rebeccam
1412 2242 1468 2296 in
1501 2244 1910 2298 matrimonium
1938 2245 2131 2300 duxit:

562 2335 650 2390 cui
696 2349 819 2389 cum
862 2349 1039 2404 usque
1068 2334 1136 2389 ad
1166 2350 1340 2390 unum
1370 2343 1588 2405 partum
1616 2350 1837 2406 operam
1868 2337 2133 2404 dedisset,

562 2442 757 2482 rursus
791 2427 846 2479 in
893 2426 1078 2493 rebus,
1110 2442 1232 2497 quae
1274 2429 1451 2483 oculis
1487 2444 1597 2483 non
1639 2440 1961 2493 cernuntur,
1989 2439 2135 2487 totus

563 2516 691 2581 fuit,
734 2517 940 2573 clausis
968 2519 1219 2587 corporis
1252 2518 1527 2576 sensibus.
1571 2517 1625 2574 id
1662 2521 1807 2575 enim
1830 2522 2136 2593 significare

563 2609 699 2664 mihi
747 2609 962 2665 videtur
1005 2608 1263 2676 historia,
1307 2625 1428 2679 qua:
1468 2625 1687 2681 gravem
1734 2613 1880 2668 illius
1910 2616 2138 2684 patriar-

566 2700 682 2757 chae
734 2700 1021 2754 oculorum
1052 2700 1306 2755 obtutum
1337 2710 1749 2757 commemorat.
1795 2704 1974 2774 Atque
2022 2706 2137 2761 haec

565 2791 785 2862 quidem
830 2791 904 2845 ita
952 2805 1013 2846 se
1048 2791 1305 2857 habeant,
1350 2793 1808 2861 quemadmodum
1844 2795 1912 2850 iis
1960 2795 2034 2850 ita
2078 2812 2138 2855 se

569 2882 772 2938 habere
803 2881 1086 2947 videntur,
1115 2883 1210 2953 qui
1237 2883 1509 2953 ejusmodi
1534 2901 1621 2941 res
1643 2888 1952 2958 perspicere
1981 2888 2139 2959 plane

568 2971 773 3028 sciunt.
804 2971 918 3028 Nos
964 2987 1118 3035 vero,
1150 2989 1271 3043 qua:
1314 2975 1382 3028 ad
1417 2975 1682 3032 orationis
1723 2979 2136 3049 perpetuitatem

2232 1875 2441 1946 φρόνως
2470 1891 2530 1927 τε
2550 1875 2644 1927 καὶ
2672 1873 3101 1945 μεμετρημένως
3137 1871 3436 1943 κεχρῆσθαι
3464 1870 3764 1941 δυνάμενον
3792 1884 3810 1902 ο

2231 1965 2343 2031 οἷος
2364 1964 2432 2039 ἦν
2458 1969 2487 2020 ὀ
2525 1965 2866 2037 πατριάρχης
2919 1964 3139 2027 Ἰσαὰκ,
3194 1962 3253 2027 ὃς
3297 1962 3397 2015 οὐκ
3429 1964 3486 2015 ἐν
3511 1963 3663 2032 ἀκμῇ
3707 1960 3814 2030 τῆς

2233 2057 2446 2128 ἡλικίας
2470 2097 2484 2122 ,
2510 2056 2597 2111 ἵνα
2634 2056 2709 2126 μὴ
2736 2055 2939 2120 πάθους
2968 2053 3128 2126 ἔργον
3154 2055 3183 2107 6
3209 2052 3387 2124 γάμος
3414 2053 3657 2122 γένηται,
3688 2050 3813 2106 ἀλλ’

2233 2147 2333 2217 ἠδη
2370 2146 2470 2216 τῆς
2505 2146 2756 2216 νεότητος
2799 2143 3242 2214 ὐπαναλωθείσης
3276 2142 3423 2214 αὐτῷ
3459 2142 3671 2212 δέχεται
3708 2140 3815 2214 τὴν

2234 2238 2332 2308 τῆς
2360 2238 2649 2302 Ῥεϐέκκας
2677 2237 3003 2308 συνοίκησιν,
3031 2237 3130 2308 τῆς
3155 2236 3242 2290 διά
3278 2236 3376 2307 τὴν
3412 2235 3507 2296 ἐπὶ
3540 2234 3617 2305 τῷ
3642 2233 3818 2303 σπέρο

2239 2344 2368 2398 ματι
2397 2326 2492 2380 τοῦ
2526 2325 2661 2379 Θεοῦ
2688 2326 2935 2394 εὐλογίαν
2957 2343 2970 2355 ·
3014 2326 3109 2378 καὶ
3148 2324 3310 2396 μέχρι
3337 2318 3465 2394 μιᾶς
3502 2324 3688 2388 ὠδῖνος
3714 2323 3819 2376 ὑπ-

2236 2422 2509 2491 ηρετήσας
2531 2417 2610 2489 τῷ
2633 2419 2815 2489 γάμῳ,
2851 2417 3011 2471 πάλιν
3036 2415 3143 2471 τῶν
3171 2416 3417 2486 ἀοράτων
3443 2413 3563 2478 ὅλος
3591 2411 3680 2485 ἦν,
3711 2413 3821 2485 μύ-

2238 2529 2337 2575 σας
2368 2510 2438 2564 τά
2470 2511 2756 2581 σωματικά
2795 2508 3122 2579 αἰσθητήρια
3150 2524 3162 2537 ·
3200 2507 3357 2561 τοῦτο
3387 2506 3494 2578 γὰρ
3522 2508 3556 2577 ἡ
3603 2506 3821 2577 ἱστορία

2192 2644 2199 2650 -
2235 2604 2385 2659 δοκεῖ
2425 2602 2741 2674 σημαίνειν,
2785 2601 2883 2672 τὴν
2918 2599 3197 2672 βαρύτητα
3239 2599 3347 2652 τῶν
3383 2597 3677 2668 ὀφθαλμῶν
3716 2594 3822 2656 τοῦ

2238 2698 2577 2769 πατριάρχου
2623 2693 2972 2765 διηγουμένη.
3025 2692 3184 2745 Ἀλλά
3233 2690 3406 2746 ταῦτα
3464 2690 3564 2761 μὲν
3620 2689 3823 2759 ἐχέτω,

2237 2793 2385 2855 ὅπως
2410 2791 2474 2844 ἂν
2505 2789 2648 2860 ἔχειν
2667 2788 2799 2860 δοκῇ
2835 2788 2946 2851 τοῖς
2989 2786 3059 2840 τά
3085 2785 3306 2839 τοιαῦτα
3330 2783 3567 2855 καθορᾷν
3594 2784 3828 2855 ἐπιπή-

2244 2898 2419 2954 μοσιν.
2469 2882 2660 2952 Ἥμεϊς
2687 2881 2744 2934 δὲ
2771 2880 2908 2952 πρὸς
2947 2878 3014 2932 τά
3051 2879 3246 2949 συνεχῆ
3293 2877 3387 2930 τοῦ
3417 2876 3578 2945 λόγου
3611 2876 3823 2947 προΐω-

2245 2991 2363 3044 μεν.
2393 2973 2461 3026 Τί
2493 2967 2585 3027 οὖν
2607 2967 2676 3042 ἦν
2699 2971 2759 3025 τὸ
2785 2972 3107 3042 λεγόμενον;
3136 2970 3258 3023 Ὅτι
3284 2968 3352 3023 ἂν
3379 2968 3472 3040 ἐξῇ
3498 3006 3513 3032 ,
3550 2969 3691 3039 μήτε
3725 2967 3824 3038 τῆς

566 3058 866 3129 pertinent,
921 3074 1336 3130 persequamur.
1371 3061 1514 3128 Quid
1543 3078 1674 3134 ergo
1709 3064 1843 3119 illud
1876 3075 1959 3123 est
1993 3067 2136 3137 quod

2243 3065 2517 3138 θειοτέρας
2558 3062 2853 3135 ἐπιθυμίας
2897 3061 3268 3133 ἀφίστασθαι,
3302 3062 3440 3132 μήτε
3484 3058 3823 3129 ἀποφεύγειν

570 3149 793 3217 dicitur,
820 3151 867 3205 si
892 3151 1131 3216 licuerit,
1154 3167 1333 3221 neque
1356 3167 1386 3206 a
1418 3152 1603 3209 divina
1640 3156 1919 3213 voluntate
1956 3158 2138 3215 disce-

569 3241 682 3307 dat,
735 3256 912 3313 neque
954 3243 1174 3314 nuptias
1225 3244 1435 3317 fugiat?
1480 3261 1602 3317 quae
1632 3261 1797 3316 porro
1828 3253 2142 3305 naturaein-

571 3335 916 3392 stitutionem
949 3347 1289 3406 aspernetur,
1321 3339 1712 3396 crimineturve
1745 3341 1820 3407 id,
1852 3343 1941 3398 cui
1968 3345 2143 3401 honos

571 3427 796 3483 attribui
834 3427 994 3493 solet,
1030 3430 1182 3484 nulla
1224 3437 1310 3486 est
1357 3432 1536 3488 oratio
1589 3452 1602 3487 :
1665 3449 1792 3489 nam
1839 3444 1901 3490 ut
1947 3436 2004 3491 in
2054 3452 2141 3504 eo,

568 3517 715 3591 quod
736 3535 764 3574 a
785 3520 944 3578 nobis
971 3523 1280 3593 expositum
1300 3533 1405 3588 est,
1437 3514 1592 3595 aquae
1620 3534 1681 3581 et
1700 3525 1867 3584 fontis
1893 3530 2144 3600 exemplo

570 3620 717 3683 patet
742 3630 756 3668 :
789 3628 913 3669 cum
942 3614 998 3669 in
1022 3615 1301 3684 regionem
1329 3617 1568 3687 aliquam
1589 3618 1828 3688 agricola
1859 3621 2144 3679 canalibus

570 3720 768 3777 aquam
823 3706 1052 3773 derivat,
1096 3708 1153 3762 in
1210 3708 1503 3778 medioque
1543 3726 1709 3766 cursu
1754 3713 2042 3782 contingit,
2087 3724 2148 3768 ut

574 3797 772 3866 exiguo
808 3797 986 3851 rivulo
1017 3811 1157 3866 opus
1188 3795 1261 3853 sit
1294 3816 1310 3852 :
1342 3805 1555 3852 tantum
1596 3800 1689 3854 ille
1717 3815 1872 3870 aquae
1904 3801 2148 3857 difﬂuere

573 3886 856 3949 concedet,
900 3893 1166 3955 quantum
1203 3902 1340 3942 usus
1372 3886 1466 3943 ille
1503 3888 1785 3945 moderate
1811 3892 2032 3961 exigere
2063 3893 2147 3947 vi-

574 3974 754 4039 detur,
790 3991 1087 4045 rursusque
1117 3983 1342 4046 paratus
1386 3984 1493 4044 est,
1557 3988 1615 4032 ut
1664 3980 1718 4034 id
1770 3994 1896 4035 cum
1936 3981 2147 4052 reliquo

575 4067 774 4122 iterum
800 4080 953 4135 aqua:
973 4082 1141 4122 cursu
1164 4069 1606 4125 commisceatur.
1638 4070 1736 4127 Sin
1759 4082 1958 4141 autem,
1993 4088 2149 4145 aqua;

570 4154 710 4208 nihil
753 4156 1102 4221 reservando,
1150 4156 1356 4213 aditum
1393 4158 1470 4213 illi
1502 4160 1721 4216 incaute
1747 4163 1975 4233 aperiet,
2000 4164 2147 4234 peri-

575 4246 759 4302 culurn
793 4247 919 4314 erit,
961 4264 1032 4304 ne
1084 4256 1198 4304 tota
1229 4266 1385 4322 aquae
1413 4252 1520 4317 vis,
1555 4263 1765 4310 rectum
1799 4271 2024 4311 cursum
2060 4272 2149 4314 re-

576 4338 898 4409 linquendo,
925 4341 1216 4410 paludibus
1238 4357 1302 4397 ex
1329 4351 1649 4401 transverso
1681 4347 1867 4402 omnia
1890 4357 2144 4419 occupet.

575 4430 699 4485 Pari
731 4430 964 4496 ratione,
992 4432 1252 4501 quoniam
1286 4433 1341 4488 in
1370 4435 1482 4489 vita
1514 4450 1653 4506 opus
1687 4445 1772 4493 est
1800 4446 1990 4493 mutua
2023 4418 2149 4495 suc-
2179 4418 2224 4475 Ῑ)

576 4524 847 4589 cessione,
884 4523 929 4577 si
978 4524 1106 4594 quis
1154 4524 1281 4593 hoc,
1327 4526 1471 4596 quod
1501 4527 1629 4597 jam-
1662 4537 2006 4586 contractum
2044 4540 2149 4601 est,

575 4615 929 4669 matrimonio
967 4617 1042 4670 ita
1096 4625 1298 4684 utetur,
1332 4626 1403 4683 ut,
1425 4620 1594 4676 rebus
1628 4621 1967 4691 spiritalibus
2010 4639 2151 4694 prte-

575 4707 793 4776 pr.sitis,
822 4707 974 4762 tenui
1010 4708 1079 4763 ad
1130 4710 1405 4778 ejusmodi
1437 4727 1528 4768 res
1577 4727 1643 4768 ac
1681 4716 1913 4771 remissa
1938 4717 2155 4787 cupidi-

575 4804 692 4853 tate
738 4813 875 4854 usus
936 4799 1006 4855 sit
1058 4808 1279 4872 propter
1342 4805 1606 4875 temporis
1660 4806 2012 4875 brevitatem,
2063 4809 2155 4866 hic

577 4898 887 4961 temperans
911 4900 1017 4958 est,
1044 4908 1111 4948 ex
1145 4895 1391 4963 Apostoli
1419 4908 1712 4968 praecepto,
1762 4900 2024 4969 agricola,
2060 4902 2154 4972 qui

576 4986 823 5054 seipsum
866 4985 1154 5055 sapientiae
1180 4989 1470 5058 praeceptis
1509 4991 1732 5055 excolit,
1783 5007 1887 5047 nec
1913 4994 1969 5047 in
1998 4993 2158 5048 retri-

575 5077 809 5133 buendis
854 5078 964 5134 illis
1014 5078 1229 5149 frigidis
1266 5079 1470 5137 debitis
1504 5083 1727 5140 sordide
1768 5099 2008 5155 semper,
2054 5086 2155 5143 ab-

569 5166 826 5237 jecteque
863 5176 1168 5239 occupatus
1193 5177 1299 5232 est,
1345 5169 1439 5225 sed
1489 5185 1557 5225 ex
1603 5175 1987 5229 convenientia
2016 5189 2155 5246 qua-

574 5257 700 5313 dam
745 5259 1076 5316 munditiam
1116 5261 1286 5316 animi
1335 5262 1393 5316 in
1430 5262 1741 5319 orationum
1785 5265 1971 5323 studio
2009 5282 2147 5323 eon-

577 5349 757 5404 stituit
795 5369 809 5404 :
865 5352 1018 5407 timet
1061 5351 1228 5416 enim,
1286 5369 1357 5409 ne
1402 5370 1469 5410 ex
1524 5355 1627 5410 hac
1667 5355 1954 5414 affectione
1997 5366 2147 5415 totus

574 5439 842 5497 efﬁciatur
871 5457 1023 5509 caro,
1051 5451 1107 5499 et
1149 5447 1396 5517 sanguis,
1435 5447 1493 5502 in
1553 5449 1756 5519 quibus
1785 5465 1899 5505 non
1932 5465 2147 5521 perma-

576 5537 668 5585 net
723 5528 966 5601 Spiritus
1003 5531 1121 5589 Dei.
1177 5534 1282 5602 Qui
1330 5552 1460 5594 vero
1513 5539 1586 5596 ita
1617 5539 1885 5612 inﬁrmus
1937 5549 2041 5608 cst,
2078 5552 2149 5613 ¹ιιι

649 5711 693 5745 ⁸⁸
723 5710 914 5769 Matth.
944 5727 1037 5781 vn,
1079 5713 1161 5768 18.

2241 3157 2334 3212 τὸν
2362 3157 2560 3227 γάμον.
2606 3154 2792 3219 Οὐδείς
2823 3156 2939 3208 ἐστι
2980 3153 3137 3222 λόγος
3167 3154 3196 3206 ὀ
3230 3151 3434 3207 ἀθετῶν
3465 3150 3564 3222 τὴν
3614 3153 3825 3205 οἰκονο-

2246 3249 2375 3320 μίαν
2421 3249 2520 3319 τῆς
2564 3246 2779 3315 φύσεως
2800 3286 2815 3312 ,
2861 3246 2953 3300 καὶ
3003 3246 3079 3309 ώς
3118 3243 3398 3315 βδελυκτδν
3432 3242 3736 3299 διαϐάλλων
3765 3243 3826 3297 τὸ

2241 3339 2440 3409 τίμιον.
2464 3335 2731 3407 Καθάπερ
2764 3334 2872 3407 γὰρ
2901 3336 2993 3389 ἐπὶ
3010 3334 3105 3389 τοῦ
3131 3333 3532 3406 προρρηθέντος
3563 3334 3700 3405 ἡμῖν
3733 3331 3824 3386 τοῦ

2244 3430 2388 3485 κατὰ
2424 3430 2486 3482 τὸ
2533 3427 2679 3499 ὕδωρ
2731 3429 2826 3482 καὶ
2854 3428 2955 3499 τὴν
2997 3426 3180 3498 πηγὴν
3226 3424 3622 3496 ὐποδείγματος
3648 3465 3664 3490 ,
3698 3425 3826 3479 ὅταν

2243 3521 2337 3575 ὲπί
2378 3537 2432 3575 τι
2463 3521 2661 3592 χωρίον
2690 3518 3008 3591 διοχετεύων
3040 3520 3069 3573 ὀ
3106 3518 3350 3590 γεωργὸς
3384 3517 3446 3570 τὸ
3495 3516 3636 3588 ὕδωρ
3667 3514 3828 3585 ὲφέλυ

2245 3630 2400 3668 κεται
2422 3655 2437 3681 ,
2463 3614 2685 3683 γένηται
2719 3613 2775 3666 δέ
2814 3628 2896 3675 τις
2936 3610 3029 3665 καὶ
3059 3610 3147 3665 διὰ
3177 3610 3340 3682 μέσου
3377 3608 3534 3680 χρεία
3565 3608 3829 3681 βραχείας

2246 3706 2551 3778 ἀπορροῆς,
2595 3704 2844 3758 τοσοῦτον
2890 3703 3049 3775 μόνον
3081 3701 3239 3755 δώσει
3263 3701 3670 3774 παραρρυῆναι,
3705 3701 3828 3755 ὅσον

2245 3801 2312 3869 τῇ
2342 3797 2673 3870 ὲπιζητούσῃ
2717 3796 2878 3868 χρείᾳ
2933 3794 3243 3867 σύμμετρον
3287 3797 3575 3864 γενόμενον
3601 3834 3616 3859 ,
3664 3793 3831 3848 πάλιν

2248 3888 2481 3951 εὐκόλως
2520 3886 2979 3957 ωναναμιχθῆναι
3017 3884 3097 3956 τῷ
3125 3885 3250 3956 ὅλῳ·
3297 3885 3346 3937 εί
3375 3884 3431 3937 δὲ
3462 3883 3711 3955 ἀπείρως
3735 3883 3830 3937 καὶ

2249 3978 2617 4050 εὐταμιεύτως
2658 3976 2885 4042 ἀνοίξειε
2912 3977 2990 4049 τῷ
3041 3976 3193 4030 ὕδατι
3221 3976 3321 4047 τὴν
3350 3975 3685 4049 ἀπόρροιαν,
3717 3991 3832 4029 κιν-

2249 4068 2492 4125 δυνεύσει
2523 4070 2621 4141 τῆς
2662 4068 2875 4132 εὐθείας
2913 4068 3182 4139 ἀφέμενον
3230 4066 3376 4122 ἆπαν
3403 4066 3829 4139 ὲκχαραδρωθῆ-

2249 4180 2337 4219 ναι
2388 4162 2529 4218 κατά
2583 4161 2645 4216 τὸ
2692 4160 2940 4236 πλάγιον*
3005 4159 3098 4212 τὸν
3152 4159 3316 4212 αὐτὸν
3365 4158 3584 4229 τρόπον,
3636 4156 3829 4227 ἐπειδὴ

2251 4256 2407 4327 χρεία
2434 4254 2511 4323 τῷ
2544 4253 2643 4324 βίῳ
2680 4253 2777 4307 καὶ
2812 4251 2913 4321 τῆς
2951 4250 3010 4317 ἐξ
3046 4244 3291 4320 ἀλλήλων
3333 4248 3612 4319 διαδοχῆς,
3643 4249 3695 4300 εί
3728 4246 3830 4317 μέν

2249 4365 2335 4410 τις
2364 4346 2506 4400 οὕτω
2543 4345 2805 4416 χρήσαιτο
2843 4342 2920 4414 τῷ
2963 4342 3231 4413 γινομένῳ
3253 4381 3268 4405 ,
3297 4341 3373 4405 ὡς
3404 4342 3831 4414 προηγουμένων

2252 4436 2361 4491 τῶν
2389 4435 2796 4506 πνευματικῶν,
2829 4433 3062 4506 φειδωλῇ
3094 4434 3187 4487 καὶ
3212 4433 3590 4505 ὑπεσταλμένῃ
3621 4433 3830 4504 κεχρῆ-

2251 4528 2376 4583 σθαι
2402 4531 2469 4600 τῇ
2503 4528 2631 4600 περὶ
2651 4526 2720 4580 τά
2745 4524 2970 4579 τοιαῦτα
2998 4524 3264 4597 ἐπιθυμία
3284 4566 3298 4591 ,
3328 4525 3416 4579 διὰ
3439 4526 3536 4596 τὴν
3575 4524 3671 4578 τοῦ
3700 4542 3831 4578 και-

2254 4618 2348 4692 ροῦ
2378 4618 2661 4690 συστολὴν,
2691 4611 2847 4680 οὗτος
2869 4619 2898 4670 ὀ
2924 4615 3154 4688 σώφρων
3182 4616 3247 4671 ἂν
3272 4617 3356 4687 εἴη
3378 4616 3623 4689 γεωργὸς
3640 4657 3656 4680 ,
3685 4616 3834 4670 κατά

2249 4712 2312 4765 τὸ
2339 4710 2706 4783 παράγγελμα
2748 4707 2843 4763 τοῦ
2890 4708 3209 4763 Ἀποστὸλου
3236 4748 3251 4773 ,
3288 4710 3386 4762 οὐκ
3437 4710 3523 4762 ἀεὶ
3555 4709 3683 4780 περὶ
3729 4708 3833 4771 τὰς

2250 4805 2536 4866 ἀποδόσεις
2559 4803 2667 4856 τῶν
2690 4802 2912 4873 ψυχρῶν
2945 4803 3167 4855 ἐκείνων
3208 4801 3537 4873 ὀφλημάτων
3572 4801 3833 4872 μικρολο-

2251 4894 2553 4965 γούμενος,
2596 4892 2733 4952 ἀλλά
2777 4891 2875 4962 τὴν
2917 4893 2983 4945 ἐκ
3035 4890 3323 4962 συμφώνου
3370 4890 3718 4962 καθαρότητα
3762 4893 3831 4961 τῇ

2253 4986 2416 5058 σχολῇ
2447 4985 2554 5039 τῶν
2600 4982 2915 5057 προσευχῶν
2941 4984 3235 5055 ἀφορίζων,
3270 4984 3298 5036 6
3339 4983 3591 5047 δεδοικὼς
3619 4983 3695 5053 μὴ
3743 4983 3835 5036 διά

2251 5079 2352 5150 τῆς
2396 5076 2652 5147 τοιαύτης
2703 5075 3077 5147 προσπαθείας
3122 5076 3241 5140 ὅλος
3287 5075 3509 5145 γένηται
3553 5075 3689 5148 σάρξ
3735 5077 3835 5130 καὶ

2253 5167 2391 5242 αἷμα
2416 5208 2429 5233 ,
2457 5171 2516 5221 ὲν
2547 5163 2629 5232 οἷς
2654 5168 2715 5221 οὐ
2746 5167 3044 5238 καταμένει
3073 5167 3169 5220 τοῦ
3211 5165 3348 5221 Θεοῦ
3377 5169 3439 5222 τὺ
3472 5168 3719 5238 Πνεῦμα.
3775 5168 3835 5220 '0

2254 5265 2312 5319 δὲ
2344 5262 2584 5327 ἀσθενῶς
2615 5261 2954 5330 διακείμενος
2977 5300 2993 5326 ,
3040 5261 3115 5325 ὡς
3147 5261 3221 5333 μὴ
3253 5260 3512 5316 δύνασθαι
3564 5262 3703 5333 πρὸς
3733 5263 3838 5333 τὴν

2255 5354 2354 5427 τῆς
2380 5355 2594 5426 φύσεως
2621 5354 2793 5425 φορὰν
2820 5353 3087 5424 ἀνδρικῶς
3120 5355 3326 5426 στῆναι,
3358 5354 3618 5428 κρείττων
3645 5355 3718 5408 ἂν
3748 5355 3835 5424 εἴη

2257 5450 2446 5522 πόρρω
2481 5448 2589 5502 τῶν
2619 5445 2876 5500 τοιούτων
2908 5447 3098 5500 ἑαυτὸν
3145 5447 3341 5519 μᾶλλον
3374 5449 3581 5520 ἀνέχων
3603 5488 3639 5521 ,ι
3672 5447 3707 5519 ἢ
3756 5449 3838 5508 είς

2257 5533 2442 5611 ἀγῶνα
2470 5539 2673 5596 κατιὼν
2720 5538 2943 5611 μείζονα
2976 5542 3073 5613 τῆς
3100 5541 3398 5611 δυνάμεως.
3433 5536 3838 5609 Κίνδυνοςγάρ
