4072 6156
433 257 543 315 357

1752 253 1839 337 QE
1879 252 2343 309 vmommre.

3576 261 3678 317 358

434 378 498 433 ού
529 374 716 445 μικρός
747 372 1231 444 παρακρουσθέντα
1264 374 1354 426 τὸν
1391 371 1629 426 τοιοῦτον
1663 371 1720 423 ἐν
1748 372 1813 440 τῇ
1846 369 1995 438 πείρᾳ

2113 377 2321 421 natura:
2353 383 2491 423 onus
2542 370 2816 426 sustinere
2860 376 3112 442 nequeat,
3169 371 3363 428 melius
3390 380 3601 444 agetur,
3633 378 3680 433 si

430 468 533 538 τῆς
554 463 745 536 ἡδονῆς
770 502 785 525 ,
819 462 985 533 μηδὲν
1008 462 1192 532 ἕτερον
1218 461 1419 531 ἀγαθὸν
1454 461 1726 531 οἰηθῆναι,
1760 459 1793 528 ἥ
1836 457 1897 510 τὸ
1922 455 1995 508 διέ

2114 460 2182 515 ab
2217 459 2285 513 iis
2331 460 2519 529 procul
2555 474 2614 515 se
2664 461 2918 527 abducat,
2962 476 3123 531 quam
3182 462 3237 516 in
3279 473 3553 518 certamen
3582 464 3678 521 de-

430 556 633 630 σαρκδς
666 552 805 625 μετὰ
840 553 1216 624 προσπαθείας
1256 552 1400 616 τινὸς
1429 550 1866 622 λαμϐανόμενον,
1912 549 2009 603 καὶ⁸

424 643 849 716 ἀποστρέψαντα
892 641 1173 706 παντελῶς
1227 642 1317 696 τὸν
1357 641 1551 696 ἑαυτοῦ
1601 642 1725 695 νοῦν
1763 641 1869 695 ἀπὸ
1910 640 2009 712 τῆς

421 738 535 791 τῶν
568 735 877 806 ἀσωμάτων
928 732 1150 802 ἀγαθῶν
1188 734 1516 805 ἐπιθυμίας,
1570 734 1689 813 δλον
1748 731 2009 804 σαρκικὸν

422 828 721 897 γενέσθαι,
767 827 829 880 τὸ
862 828 919 878 ἐν
966 824 1176 890 τούτοις
1221 826 1317 895 ήδὺ
1350 826 1640 889 διαπαντὸς
1679 824 1882 897 τρόπου
1911 822 2008 892 θη-

427 920 692 991 ρεύοντα·
728 921 804 984 ὡς
847 921 1126 992 φιλήδονον
1164 912 1302 972 εἶναι
1344 918 1541 989 μᾶλλον
1588 916 1749 972 αὐτὸν
1780 916 1814 986 ἢ
1861 914 2009 984 φιλό-

424 1011 565 1064 θεον.
614 1012 831 1082 Ἐπειδὴ
859 1012 1035 1064 τοίνυν
1062 1009 1148 1064 διὰ
1187 1010 1248 1063 τὺ
1278 1010 1377 1079 τῆς
1400 1008 1612 1079 φύσεως
1653 1007 1875 1072 ἀσθενὲς
1898 1047 1912 1069 ,
1943 1005 2003 1060 οὐ

424 1104 628 1165 παντός
679 1104 795 1156 ἐστι
838 1103 938 1173 τῆς
991 1105 1071 1166 εἰς
1114 1101 1181 1155 τὰ
1232 1101 1456 1155 τοιαῦτα
1506 1097 1844 1170 συμμετρίας
1888 1098 2007 1150 ἐπι-

424 1194 742 1264 τυγχάνειν,
785 1195 1122 1247 ἐπικίνδυνον
1155 1194 1211 1247 δὲ
1247 1193 1307 1246 τὸ
1333 1191 1436 1257 ἔξω
1474 1191 1566 1246 τοῦ
1609 1191 1807 1263 μέτρου
1867 1205 2006 1259 παρ-

424 1283 714 1356 ενεχθέντα
744 1286 824 1348 είς
853 1286 966 1338 ἰλὺν
988 1284 1171 1355 βυθοῦ,
1204 1283 1345 1339 κατὰ
1365 1283 1455 1336 τὸν
1477 1282 1804 1352 Ψαλμῳδδν,
1823 1282 2005 1351 ἐμπα-

424 1380 620 1448 γῆναγ
653 1376 923 1440 Λυσιτελές
951 1375 1017 1430 ἂν
1046 1376 1129 1447 εἴη
1156 1418 1171 1442 ,
1210 1374 1389 1438 καθὼς
1427 1375 1716 1444 ὑφηγεῖται
1744 1375 1772 1425 ὁ
1807 1371 1963 1439 λόγος
1987 1410 2001 1433 ,

424 1468 721 1545 ἀπείρατον
768 1465 875 1521 τῶν
921 1468 1174 1521 τοιούτων
1223 1464 1533 1519 διαῦιῶναι·
1568 1464 1645 1527 ὼς
1699 1464 1765 1517 ἂν
1816 1462 1890 1533 μὴ
1936 1465 2002 1533 τῇ

424 1562 693 1631 προφάσει
730 1561 841 1615 τῶν
885 1560 1391 1631 συγκεχωρημένων
1423 1558 1626 1611 εἴσοδον
1671 1556 1824 1609 λάθοι
1863 1554 2002 1608 κατᾶ

418 1653 520 1720 τῆς
550 1651 729 1721 ψυχῆς
754 1653 821 1705 τὰ
852 1651 1019 1722 πάθη.

2112 551 2339 606 scendat
2383 552 2559 623 impar
2597 552 2827 609 viribus.
2865 552 3176 608 Periculum
3219 554 3363 609 enim
3399 570 3511 610 non
3562 555 3681 611 leve

2110 649 2215 700 est,
2250 656 2319 695 ne
2359 639 2448 695 hic
2473 641 2811 711 voluptatum
2842 657 2969 708 usu,
3001 644 3159 714 quasi
3202 658 3349 710 esca,
3396 646 3677 716 deceptus,

2108 732 2246 786 nihil
2286 731 2432 786 aliud
2481 734 2535 787 in
2589 733 2748 789 bonis
2793 749 2916 791 esse
2957 744 3129 805 putet,
3171 752 3334 807 quam
3368 739 3502 794 illud
3531 740 3681 810 quod

2109 837 2232 878 cum
2282 824 2549 879 suavitate
2577 824 2813 894 quadam
2845 826 3031 882 carnis
3061 828 3363 898 percipitur
3401 829 3675 895 sensibus,

2108 927 2266 978 neve,
2310 928 2434 968 cum
2474 928 2504 967 a
2544 929 2725 969 rerum
2761 931 2989 986 corpore
3031 918 3341 972 vacantium
3377 918 3680 989 cupiditate

2107 1017 2266 1058 suam
2301 1011 2535 1058 mentem
2575 1005 2735 1075 plane
2787 1006 3065 1071 averterit,
3099 1008 3154 1061 in
3186 1008 3349 1063 rebus
3382 1024 3513 1066 sane
3551 1024 3676 1064 cor-

2108 1095 2291 1166 porcis
2341 1102 2487 1150 totus
2533 1098 2757 1151 omnino
2802 1097 2894 1164 sit,
2940 1113 3233 1169 rerumque
3278 1100 3469 1155 harum
3524 1102 3678 1156 volu-

2107 1193 2315 1255 ptatem
2367 1186 2515 1239 omni
2552 1194 2795 1257 tempore
2845 1187 3082 1257 indaget,
3120 1189 3275 1258 quasi
3317 1191 3498 1259 potius
3519 1192 3676 1245 voln-

2106 1277 2417 1352 ptatis.sit,
2472 1292 2634 1347 quam
2695 1278 2786 1334 Dei
2846 1289 3077 1334 amator.
3132 1279 3197 1333 Et
3242 1282 3501 1352 quoniam
3566 1298 3677 1354 pra:

2104 1378 2317 1424 natura:
2369 1369 2741 1427 imbecillitate
2802 1386 2910 1425 non
2977 1371 3221 1441 cujusvis
3265 1372 3505 1429 hominis
3570 1383 3671 1438 est,

2105 1462 2302 1517 harum
2330 1477 2514 1517 rerum
2541 1462 2971 1517 moderationem
3004 1466 3245 1534 assequi,
3280 1468 3675 1535 periculosum-

2105 1568 2213 1623 que
2250 1562 2356 1618 est,
2389 1554 2480 1624 qui
2522 1562 2675 1610 extra
2712 1555 2934 1609 modum
2990 1557 3155 1625 positi
3210 1564 3362 1623 sunt,
3399 1571 3468 1612 ne
3501 1556 3580 1621 hi,
3616 1564 3676 1610 ut

2103 1655 2190 1702 est
2216 1646 2273 1713 in
2306 1645 2644 1702 Psalmorum
2689 1656 2912 1708 auctore
2946 1650 3012 1714 “,
3040 1651 3094 1703 in
3125 1650 3256 1705 limo
3298 1649 3555 1718 profundi
3593 1649 3677 1703 in-

419 1740 706 1811 ligantur:
758 1743 893 1798 illud
937 1742 1174 1797 maxime
1217 1740 1458 1811 expedit,
1495 1739 1812 1809 hnjnsmodi
1869 1739 1994 1793 vitae
2031 1752 2229 1808 genus.
2275 1738 2356 1792 uti
2389 1738 2504 1794 haec
2532 1739 2709 1794 oratio
2763 1750 2970 1805 monet,
3023 1742 3204 1797 minus
3276 1741 3535 1811 experiri,
3604 1755 3674 1795 ne

416 1851 625 1902 rerum,
659 1851 782 1907 qua:
807 1835 1092 1907 permissa:
1145 1844 1276 1890 sunt
1320 1833 1680 1890 excusatione
1722 1830 1988 1895 adhibita,
2030 1828 2198 1883 animi
2230 1829 2615 1887 aﬂ‘ectionibus
2647 1830 2830 1887 aditus
2863 1834 3106 1902 pateliat.

1021 1966 1272 2020 ΚΕΦΛΛ.
1302 1966 1379 2020 6'.

529 2080 645 2133 ’Ὁτι
670 2080 1112 2151 δυσμετάθετον
1139 2081 1237 2134 ἐπὶ
1263 2086 1486 2147 παντὸς
1511 2082 1550 2148 ἡ
1577 2080 1885 2148 συνήθεια.

492 2198 741 2266 Ἀμαχον
766 2193 876 2267 γάρ
899 2197 1044 2250 ἐστιν
1073 2197 1168 2250 ἐπὶ
1201 2195 1453 2267 παντὸςὴ
1484 2195 1739 2266 συνήθεια
1757 2235 1771 2258 ,
1796 2194 1994 2264 πολλὴν

415 2287 616 2357 ἔχουσα
646 2286 874 2358 δύναμιν
908 2287 1045 2358 πρὸς
1084 2288 1282 2360 ἐαυτὴν
1318 2287 1540 2341 ἑλκύσαι
1574 2289 1668 2341 καὶ
1694 2287 1996 2341 ἐπισπάσα-

415 2379 544 2431 σθαι
581 2378 681 2449 τὴν
712 2379 891 2449 ψυχὴν
915 2419 928 2443 ,
977 2379 1071 2433 καί
1099 2397 1218 2433 τινα
1246 2379 1412 2433 καλοῦ
1460 2379 1764 2449 παρασχεῖν
1790 2395 1995 2446 φαντα-

416 2471 573 2535 σίαν,
601 2469 659 2524 ἐν
709 2464 753 2537 ᾧ
798 2470 864 2524 ἄν
917 2487 1002 2535 τις
1039 2471 1224 2541 σχέσιν
1270 2472 1363 2525 καὶ
1391 2469 1764 2540 προσπάθειαν
1789 2470 1877 2524 διὰ
1901 2470 1995 2523 τοῦ

415 2558 787 2631 προσεθισμοῦ
815 2577 936 2613 τινα
966 2562 1231 2632 κτήσηται
1251 2577 1266 2590 ’
1295 2561 1388 2615 καὶ
1422 2560 1577 2614 οὐδὲν
1608 2559 1749 2613 οὕτω
1779 2564 1844 2631 τῇ
1893 2560 1995 2630 φύ-

414 2669 499 2705 σει
527 2654 755 2720 φευκτόν
779 2655 926 2706 ἐστιν
945 2692 959 2716 ,
994 2653 1069 2717 ὡς
1107 2654 1166 2707 ἐν
1193 2653 1450 2725 συνηθείᾳ
1475 2655 1768 2723 γενόμενον
1801 2654 1875 2725 μὴ
1903 2653 1997 2706 καὶ

415 2746 658 2816 σπουδῆς
707 2730 857 2812 ἄξιον
907 2747 1000 2800 καὶ
1047 2746 1263 2818 αἱρετὸν
1313 2748 1651 2819 νομισθῆναι.
1700 2745 1996 2813 Ἀπόδειξις

406 2834 510 2887 ’τοῦ
553 2834 711 2904 λόγου
740 2838 769 2889 ὁ
800 2833 1136 2906 ἀνθρώπινος
1176 2835 1321 2905 βίος,
1357 2837 1414 2889 ἐν
1452 2830 1497 2904 ᾧ
1532 2835 1800 2889 τοσούτων
1826 2834 1995 2888 ὅντων

411 2925 609 2988 ἐθνῶν,
639 2926 701 2980 οὐ
734 2926 801 2980 τὰ
829 2927 968 2980 αὐτὰ
993 2929 1128 2981 πᾶσι
1157 2925 1549 2991 σπουδάζεται,
1600 2926 1736 2982 ἄλλα
1764 2926 1821 2979 δέ
1864 2928 1994 2997 παρ’

413 3017 626 3089 ἑτέροις
676 3019 792 3071 ἐστὶ
837 3018 977 3072 καλά
1008 3036 1067 3072 τε
1103 3017 1198 3072 καὶ
1232 3018 1389 3089 τίμια
1414 3060 1429 3084 ,
1474 3019 1574 3088 τῆς
1605 3019 1732 3089 παρ’
1763 3018 1994 3072 ἑκάστου

415 3108 707 3179 συνηθείας
750 3110 849 3181 τὴν
897 3111 1024 3182 περί
1071 3128 1125 3164 τι
1175 3111 1408 3182 σπουδήν
1456 3128 1517 3164 τε
1566 3111 1661 3165 καὶ
1702 3108 1994 3180 ἐπιθυμίαν

415 3198 697 3269 ποιούσης.
724 3200 835 3252 Καὶ
876 3199 935 3251 οὐ
965 3200 1126 3269 μόνον
1150 3199 1292 3254 κατὰ
1323 3200 1391 3253 τὰ
1436 3200 1561 3270 ἔθνη
1595 3199 1694 3271 τὴν
1741 3199 1995 3270 τοιαύτην

416 3290 775 3361 παραλλαγὴν
802 3289 948 3345 ἐστιν
988 3291 1116 3344 ίδεῑν
1138 3331 1152 3355 ,
1195 3291 1303 3345 τῶν
1332 3291 1509 3345 αὐτῶν
1546 3291 1991 3363 ἐπιτηδευμάτων

416 3381 572 3451 παρὰ
619 3398 730 3434 τισι
781 3382 880 3452 μὲν
930 3382 1395 3453 θαυμαζομένων,
1446 3383 1879 3453 διαϐαλλομένων
1935 3384 1991 3436 δὲ

413 3472 549 3542 παρ’
585 3473 791 3544 ἑτέροις
815 3490 830 3505 ο
866 3473 1003 3527 ἀλλὰ
1047 3475 1142 3527 καὶ
1179 3474 1273 3528 ἐπὶ
1318 3475 1412 3528 τοῦ
1457 3474 1620 3529 αὑτοῦ
1669 3475 1857 3540 ἔθνους
1899 3478 1991 3529 καὶ

411 3566 516 3637 τῆς
547 3566 717 3637 αὐτῆς
757 3566 963 3631 πόλεως
1007 3567 1101 3622 καὶ
1141 3566 1330 3635 γένους
1352 3607 1367 3633 ,
1398 3570 1455 3622 ἐν
1501 3562 1582 3631 οἷς
1634 3567 1835 3639 πολλὴν
1876 3568 1991 3621 ἐστι

410 3660 678 3731 διαφορὰν
712 3661 840 3715 ίδεῖν
869 3661 934 3714 ἐκ
977 3659 1076 3730 τῆς
1104 3659 1391 3731 συνηθείας
1430 3661 1679 3723 ἑκάστοις
1708 3661 1993 3731 ἐγγινομέ-

412 3768 534 3823 νην.
568 3751 755 3816 Οῦτως
784 3754 850 3805 ἐκ
893 3754 1022 3823 μιᾶς
1053 3753 1239 3818 ὠδῖνος
1286 3752 1503 3823 ἀδελφοὶ⁵
1533 3752 1883 3825 προελθόντες
1910 3754 1990 3819 είς

412 3844 633 3913 γένεσιν
663 3848 774 3907 τοῖς
807 3844 1200 3916 ἐπιτηδεύμασι
1234 3845 1310 3917 τῷ
1361 3846 1461 3918 βίῳ
1493 3846 1742 3901 πλεῖστον
1776 3846 1869 3900 ἀπ’
1904 3845 1993 3899 ἀλ-

413 3933 593 4005 λήλων
618 3933 943 4005 ἐσχίσθησαν
965 3953 978 3966 ·
1009 3935 1103 3989 καὶ
1133 3934 1286 3989 οὔπω
1313 3936 1470 3990 τοῦτο
1497 3935 1808 4008 θαυμαστόν
1826 3954 1839 3968 ’
1867 3936 1991 3990 ἐπεὶ

412 4025 508 4078 καὶ
544 4026 574 4079 ό
610 4024 944 4080 καθέκαστον
978 4025 1262 4096 ἄνθρωπος
1292 4029 1353 4081 οὐ
1385 4028 1483 4099 τὴν
1511 4028 1682 4099 αὐτὴν
1708 4029 1783 4092 ὡς
1816 4028 1909 4082 ἐπὶ
1930 4027 1991 4082 τὸ

2026 1927 2069 1982 Β

2021 3257 2063 3316 C

411 4115 551 4171 πολὺ
579 4118 705 4188 περὶ
732 4117 826 4171 τοῦ
852 4117 1018 4172 αὐτοῦ
1048 4119 1370 4190 πράγματος
1394 4120 1574 4191 κρίσιν
1602 4120 1713 4191 ἔχει
1731 4162 1747 4187 ,
1777 4120 1889 4174 ἀλλ’
1914 4120 1991 4184 ὡς
2014 4176 2019 4180 ,

412 4208 484 4261 ἂν
510 4210 639 4279 περὶ
664 4208 890 4262 ἕκαστον
923 4210 1029 4263 ἀπὸ
1055 4211 1152 4280 τῆς
1179 4210 1462 4280 συνηθείας
1489 4211 1730 4282 διατεθῇ.
1759 4212 1867 4267 Καὶ
1905 4213 1990 4266 ἵνα

414 4299 495 4369 μὴ
516 4298 585 4352 τὰ
616 4299 806 4371 πόρρω
842 4300 933 4354 τοῦ
962 4302 1283 4372 πράγματος
1317 4301 1582 4373 λέγωμεν,
1614 4303 1838 4368 πολλοὺς
1858 4305 1989 4375 ἡμῖν

409 4392 790 4462 ἐγνωρίσαμεν
828 4393 1063 4463 ἐραστὰς
1114 4394 1346 4465 μάλιστα
1391 4394 1487 4465 τῆς
1515 4396 1867 4467 σωφροσύνης
1897 4399 1989 4452 εὐ-

410 4481 514 4544 θὺς
543 4483 693 4553 παρὰ
732 4483 830 4555 τὴν
878 4483 1103 4556 πρώτην
1136 4486 1350 4556 ἠλικίαν
1402 4488 1689 4556 φανέντας,
1735 4489 1908 4560 ἀρχὴν
1931 4489 1987 4543 δὲ

2707 1968 2936 2026 CAPUT
2977 1972 3068 2028 1X.

2098 2074 2166 2129 In
2198 2080 2341 2133 omni
2367 2096 2421 2135 re
2447 2097 2549 2136 non
2582 2083 2742 2153 facile
2778 2089 3093 2141 commutari
3122 2098 3291 2158 potest
3324 2090 3667 2146 consuetudo.

2170 2186 2229 2241 ln
2260 2191 2406 2245 οηιηί
2438 2207 2497 2247 re
2524 2192 2761 2250 dimcilis
2804 2206 2907 2261 est,
2968 2213 3090 2268 quae
3132 2210 3498 2270 expugnetur,
3540 2216 3670 2255 con~

2097 2282 2333 2337 suetudo
2364 2301 2375 2337 :
2404 2286 2664 2353 quoniam
2693 2301 2815 2341 cum
2844 2289 3067 2343 multam
3104 2290 3169 2344 ad
3202 2290 3586 2368 attrahendum
3616 2293 3669 2345 in

2097 2387 2156 2428 se
2184 2375 2448 2439 animum,
2481 2375 2935 2448 adiciendumque
2985 2379 3093 2433 vim
3143 2381 3408 2447 obtineat,
3468 2390 3580 2436 tum
3614 2384 3669 2437 in

2096 2480 2163 2521 eo
2198 2467 2359 2531 valet,
2410 2474 2470 2522 ut
2519 2469 2758 2539 aliquam
2812 2472 3027 2528 honesti
3079 2473 3393 2543 opinionem
3448 2474 3666 2543 atl'erat;

2097 2572 2223 2612 nam
2257 2561 2300 2613 si
2341 2559 2465 2629 quis
2516 2575 2583 2615 ex
2622 2563 3036 2629 consuetudine,
3088 2581 3302 2635 usuque
3328 2566 3669 2632 habitum,ct

2098 2649 2337 2718 aliquam
2363 2651 2530 2705 animi
2563 2650 2906 2706 affectionem
2942 2653 3046 2708 sibi
3080 2656 3500 2724 comparaverit,
3532 2656 3669 2710 nihil

2096 2740 2180 2795 vel
2206 2741 2323 2810 ipsa
2348 2748 2541 2795 natura
2577 2744 2656 2798 sic
2694 2743 3007 2814 fugiendum
3029 2753 3113 2800 est
3143 2764 3157 2799 :
3189 2745 3333 2815 quod
3368 2748 3413 2800 si
3447 2747 3501 2801 in
3534 2762 3669 2801 con-

2098 2830 2442 2887 suetudinem
2486 2834 2704 2897 abierit,
2733 2850 2843 2888 non
2872 2837 3019 2890 omni
3056 2838 3238 2892 studio
3257 2839 3478 2909 dignum
3506 2856 3671 2910 expc--

2096 2924 2429 2994 tendumque
2458 2925 2727 2981 videatur.
2758 2928 2936 2996 Atque
2968 2928 3135 2999 hujus
3189 2932 3471 2986 sententia:
3511 2933 3670 2987 testis

2096 3024 2180 3070 est
2222 3016 2502 3071 hominum
2552 3019 2682 3081 vita,
2710 3019 2763 3074 in
2819 3035 2925 3089 qua
2972 3034 3095 3074 cum
3132 3020 3357 3077 inﬁnitae
3400 3023 3669 3079 exsistant

2096 3109 2366 3174 nationes,
2394 3125 2503 3164 non
2554 3125 2746 3166 omnes
2807 3110 2986 3165 tamen
3047 3128 3157 3167 uno
3188 3115 3487 3185 eodemque
3551 3125 3669 3171 stu-

2098 3202 2189 3256 dio
2219 3201 2517 3268 ducuntur,
2550 3205 2646 3259 sed
2681 3205 2824 3275 apud
2857 3205 3126 3273 diversas,
3151 3224 3217 3263 ex
3254 3223 3442 3263 carum
3474 3210 3665 3279 cujus-

2095 3310 2203 3366 que
2256 3298 2675 3361 consuctudine,
2716 3314 2838 3368 quae
2899 3300 3140 3355 studium
3186 3300 3241 3355 in
3276 3300 3455 3371 aliqua
3518 3318 3574 3357 re
3613 3310 3668 3357 et

2094 3386 2445 3456 cupiditatem
2471 3389 2662 3458 gignit,
2703 3405 2788 3443 res
2811 3391 2863 3443 in
2889 3389 3096 3444 honore
3120 3400 3285 3461 atque
3314 3394 3486 3463 pretio
3516 3402 3662 3449 sunt.

2092 3474 2279 3546 Neque
2310 3479 2453 3547 apud
2492 3479 2739 3532 diversas
2769 3480 2942 3533 solum
2986 3481 3235 3535 nationes
3265 3483 3531 3551 ejusmodi
3570 3485 3665 3539 ho-

2091 3583 2216 3622 rum
2278 3568 2583 3623 studiorum
2646 3571 2851 3622 variam
2910 3572 3387 3626 commutationem
3442 3589 3666 3630 cernere

2093 3660 2241 3725 licet,
2275 3667 2334 3714 ut
2366 3659 2508 3729 apud
2535 3660 2801 3728 quasdam
2839 3667 3027 3729 gentes
3071 3660 3124 3713 in
3180 3663 3355 3730 pretio
3396 3664 3487 3717 illa
3533 3666 3662 3727 sint.

2095 3750 2235 3821 apud
2278 3751 2414 3806 alias
2466 3750 2865 3821 improbentur,
2926 3752 3019 3806 sed
3067 3751 3121 3806 in
3176 3752 3367 3808 eadem
3419 3756 3660 3820 natione,

2094 3846 2393 3913 eademque
2421 3843 2661 3906 civitate.
2689 3853 2741 3897 et
2794 3841 2997 3897 familia
3052 3844 3215 3906 hanc,
3248 3860 3370 3915 quae
3409 3861 3440 3901 e
3476 3850 3662 3919 singu-

2094 3936 2270 3991 lorum
2328 3933 2727 3990 consuetudine
2800 3934 3082 4001 nascitur,
3157 3935 3659 3995 dissimilitudinem

2092 4026 2255 4096 plane
2283 4038 2617 4094 cognoscere
2640 4024 2961 4092 possumus.
2994 4023 3306 4095 Eodemque
3334 4028 3495 4083 modo
3523 4044 3663 4099 sa‘pe

2093 4116 2304 4189 gemelli
2343 4116 2545 4169 fratres
2587 4115 2819 4169 diversis
2856 4115 2983 4169 vitae
3018 4116 3217 4169 studiis
3260 4132 3323 4171 ex
3379 4134 3479 4173 usu
3522 4135 3659 4175 con.

2086 4207 2493 4277 suetudineque
2522 4204 2698 4262 allecti
2729 4213 2880 4268 sunt,
2918 4222 3095 4275 neque
3119 4207 3223 4261 hoc
3250 4223 3382 4263 sane
3408 4211 3660 4267 mirabile

2091 4311 2177 4360 est
2214 4301 2512 4373 :quoniam
2548 4298 2748 4368 singuli
2776 4299 3028 4354 homines
3068 4315 3177 4353 non
3215 4315 3359 4369 saepe
3406 4301 3545 4354 idem
3596 4304 3663 4358 de.

2093 4411 2201 4453 una
2227 4396 2526 4465 eademque
2560 4408 2616 4447 re
2647 4393 2914 4457 sentiunt,
2951 4392 3044 4448 sed
3081 4393 3153 4445 ita
3201 4400 3260 4444 ut
3312 4392 3546 4463 quisque
3575 4404 3659 4449 est

2093 4487 2490 4547 consuetudine
2523 4484 2771 4539 allectus.
2811 4483 2874 4537 Et
2920 4497 3010 4545 ne,
3040 4496 3161 4550 quae
3198 4497 3227 4534 a
3258 4496 3314 4535 re
3354 4480 3469 4550 ipsa
3506 4482 3661 4537 valde

411 4573 662 4644 ῥυπαροῦ
695 4574 811 4644 βίου
841 4577 1237 4648 ποιησαμένους
1266 4580 1364 4650 τὴν
1390 4579 1650 4635 δοκοῦσαν
1675 4580 1895 4653 ἐννομόν
1926 4598 1985 4635 τε

2096 4588 2302 4638 remota
2335 4585 2486 4641 sunt,
2517 4586 3032 4637 commemoremus,
3075 4574 3277 4628 multos
3306 4588 3409 4628 nos
3437 4573 3658 4642 quidem

412 4667 513 4719 καὶ
545 4667 1039 4738 συγκεχωρημένην
1083 4668 1192 4722 τῶν
1236 4669 1438 4739 ἡδονῶν
1488 4672 1797 4742 μετουσίαν.
1836 4674 1989 4729 Ἐπεὶ

410 4758 526 4828 γὰρ
555 4757 703 4823 ἆπαξ
731 4758 830 4829 τὴν
865 4759 1116 4831 τοιαύτην
1140 4762 1496 4829 παρεδέξαπο
1516 4766 1734 4835 πεῖραν,
1760 4764 1900 4819 κατὰ
1930 4765 1990 4819 τὺ

414 4850 583 4922 ῥηθὲν
633 4852 766 4921 ἡμῖν
797 4852 891 4905 ἐπὶ
931 4851 1026 4905 τοῦ
1071 4853 1286 4926 ῥείθρου
1335 4855 1669 4927 ὑπόδειγμα,
1703 4857 1825 4911 ὅλον
1856 4856 1991 4927 πρὸς

408 4940 588 4996 ταῦτα
612 4944 675 4995 τδ
695 4943 1086 5015 ἐπιθυμητικὸν
1117 4947 1583 5019 μεταστρέψαντες
1604 4990 1618 5014 ,
1647 4949 1740 5003 καὶ
1771 4950 1869 5020 τὴν
1903 4952 1992 5021 ὁρ-

411 5033 524 5103 μὴν
565 5033 674 5087 ἀπὸ
702 5034 811 5089 τῶν
839 5035 1124 5109 θειοτέρων
1156 5037 1292 5109 πρὸς
1325 5039 1393 5093 τὰ
1412 5042 1639 5096 ταπεινὰ
1676 5042 1771 5096 καὶ
1815 5040 1989 5111 ὑλώδη

411 5125 901 5194 μετοχετεύσαντες
923 5169 939 5194 ,
971 5129 1167 5201 πολλὴν
1203 5134 1260 5185 ἐν
1287 5132 1500 5196 ἑαυτοῖς
1524 5132 1621 5204 τὴν
1649 5133 1988 5205 εὐρυχωρίαν

406 5217 526 5279 τοῖς
559 5216 786 5270 πάθεσιν
819 5219 1036 5290 ἦνοιξαν
1054 5236 1068 5249 ·
1114 5221 1189 5285 ὡς
1239 5222 1514 5288 παντελῶς
1540 5224 1639 5296 τῆς
1668 5226 1759 5278 ἐπὶ
1787 5225 1848 5279 τὸ
1876 5225 1988 5280 ἄνω

409 5309 588 5378 φορᾶς
611 5307 769 5378 λῆξαι
810 5311 904 5363 καὶ
931 5310 1369 5383 ἀποξηρανθῆναι
1399 5314 1496 5386 τὴν
1525 5315 1836 5386 ἐπιθυμίαν,
1861 5316 1988 5385 ὅλην

407 5398 552 5468 πρὸς
598 5400 667 5453 τὰ
719 5400 866 5470 πάθη
903 5404 1320 5474 μταρρυείσαν.
1370 5406 1466 5458 Διὰ
1514 5405 1671 5459 τοῦτο
1715 5406 1988 5470 λυσιτελὲς

403 5484 553 5544 εἶναι
584 5489 876 5562 νομίζομεν
901 5495 1014 5557 τοῖς
1043 5492 1446 5563 ἀσθενεστέροις
1473 5498 1550 5561 εἰς
1578 5497 1673 5568 τὴν
1697 5497 1988 5569 παρθενίαν

486 5672 531 5704 ¹²
564 5669 713 5727 Psal.
735 5685 886 5737 Lvm,
909 5672 959 5726 5.

2087 4684 2356 4731 amatores
2436 4669 2833 4740 cognovimus,
2909 4665 3003 4734 qui
3062 4664 3132 4719 ab
3202 4664 3424 4719 ineunte
3495 4678 3659 4733 prope

2086 4774 2243 4822 aetate
2291 4777 2351 4818 se
2402 4760 2580 4816 omnis
2649 4755 3023 4826 temperantiae
3084 4754 3319 4807 maxime
3382 4752 3659 4808 studiosos

2087 4852 2482 4915 oktenderunt;
2515 4849 2741 4918 impurae
2770 4860 2900 4901 vero
2952 4847 3077 4900 vitm
3113 4843 3329 4897 initium
3383 4841 3657 4912 quoddam

2086 4948 2363 5019 iecerunt,
2396 4941 2543 5013 quod
2573 4941 2781 5010 justum
2810 4937 3139 5008 permissum
3165 4933 3384 4988 videtur
3409 4930 3533 4990 esse
3557 4949 3657 4988 vo-

2090 5040 2362 5108 luptatum
2395 5031 2755 5093 consortium,
2783 5035 2971 5099 postea
2999 5040 3130 5082 vero
3167 5038 3330 5094 quam
3368 5023 3470 5078 hoc
3492 5023 3657 5077 semel

2086 5126 2293 5198 experti
2343 5132 2494 5187 sunt,
2551 5135 2794 5186 omnem,
2856 5129 2916 5171 ut
2962 5118 3016 5171 in
3068 5116 3206 5170 alvei
3257 5131 3358 5171 nos
3411 5114 3657 5184 exemplo

2087 5213 2720 5285 diximus,appetitionis
2744 5211 2853 5263 vim
2879 5223 3003 5262 cum
3035 5207 3101 5261 ad
3138 5206 3253 5260 haec
3277 5206 3394 5275 ipsa
3425 5219 3656 5260 conver-

2088 5308 2275 5368 terint.
2309 5314 2415 5361 eta
2455 5305 2619 5358 rebus
2654 5301 2858 5355 divinis
2887 5300 2953 5353 ad
3012 5298 3269 5361 humiles,
3311 5295 3656 5366 caducaeque

2086 5407 2345 5461 mentem,
2372 5406 2428 5454 et
2465 5396 2815 5467 cupiditatem
2836 5391 3222 5454 traduxerint;
3258 5390 3331 5445 ita
3372 5387 3530 5443 valde
3552 5386 3655 5442 sibi

2096 5500 2368 5561 patentem
2437 5489 2502 5544 ad
2566 5485 2731 5541 animi
2769 5483 3092 5565 alicctiones
3139 5482 3348 5537 aditum
3390 5490 3651 5551 apparue-
