4072 6156
391 278 497 334 359

1701 267 1759 324 S.
1796 263 2125 322 GREGORII
2167 263 2462 321 NYSSENI

3552 268 3656 325 360

395 401 545 457 runt,
583 399 641 446 ut
674 389 916 447 caelestia
952 394 1136 460 petere
1166 385 1391 442 omnino
1411 383 1704 453 desierint;
1729 399 1975 456 peneque

2082 383 2154 447 ὡς
2195 359 2275 447 είς
2327 383 2566 452 ἀσφαλές
2602 400 2652 437 τι
2702 382 2956 454 φρούριον
2991 383 3350 451 καταφεύγειν
3377 424 3392 449 ,
3437 382 3530 436 καὶ
3585 383 3660 455 μὴ

398 488 614 540 illarum
653 485 848 539 ardore
878 481 1102 536 arefacti
1134 481 1265 545 sint,
1295 495 1419 535 cum
1443 478 1622 534 omnis
1643 493 1709 532 eo
1739 476 1976 532 confluat

398 577 676 649 appetitio.
707 575 1069 642 Quamobrem
1116 571 1184 627 iis
1242 571 1335 642 qui
1404 571 1585 625 minus
1631 568 1771 622 firmi
1823 576 1973 633 sunt,

399 670 702 726 conducere
731 666 1081 729 arbitramur,
1118 672 1177 718 ut
1200 664 1263 718 ad
1307 663 1681 732 virginitatem
1711 669 1974 732 tanquam

400 760 466 812 ad
505 759 840 812 tutissimum
869 755 1144 824 quoddam
1169 754 1482 824 praesidium
1513 752 1848 822 confugiant,
1878 768 1976 807 ne-

397 865 503 920 que
539 849 604 902 ad
658 848 821 916 hujus
873 847 997 902 vita;
1057 845 1508 900 consuetudinem
1559 843 1974 907 descendentes,

398 949 588 997 contra
614 956 671 996 se
703 940 1037 994 tentationes
1067 946 1392 1008 provocent,
1425 952 1602 1007 neque
1647 944 1707 990 ut
1753 943 1978 1005 propter

399 1032 499 1085 hos
531 1030 715 1084 carnis
748 1027 994 1094 aﬂ‘ectus,
1031 1029 1141 1083 illis
1178 1042 1237 1083 se
1286 1026 1522 1080 maxime
1574 1025 1738 1080 rebus
1796 1024 1977 1093 impli-

398 1131 544 1185 cent,
589 1137 711 1192 qua:
770 1136 1120 1190 summopere
1173 1119 1374 1174 mentis
1409 1127 1612 1172 nostrae
1673 1124 1978 1186 repugnant

397 1215 619 1276 rationi,
688 1213 1177 1284 periclitenturque
1236 1225 1346 1264 non
1402 1209 1470 1263 de
1519 1208 1712 1278 praedii
1751 1206 1973 1273 finibus,

397 1324 506 1363 non
537 1307 603 1362 de
627 1307 982 1378 pecuniarum
1031 1305 1270 1374 jactura,
1319 1317 1428 1356 non
1479 1301 1544 1355 de
1575 1301 1698 1355 ullis
1741 1298 1978 1368 denique

400 1399 615 1454 cmteris
652 1398 839 1460 rebus,
863 1411 983 1466 quae
1012 1396 1066 1449 in
1091 1395 1191 1448 hac
1229 1394 1340 1447 vita
1369 1399 1721 1463 expetuntur,
1781 1391 1876 1446 sed
1912 1391 1980 1446 de

399 1504 464 1543 ea
493 1504 609 1558 spe,
639 1503 760 1558 quze
791 1487 1070 1558 praelucet.
1097 1483 1215 1538 Non
1244 1484 1390 1538 enim
1420 1483 1516 1553 qui
1545 1483 1612 1537 ad
1651 1498 1740 1537 res
1782 1483 1976 1536 huma-

400 1593 500 1635 nas
547 1587 747 1641 mente,
784 1577 1074 1644 animoque
1124 1590 1182 1630 se
1212 1575 1522 1638 convertit,
1562 1579 1728 1642 atque
1757 1587 1975 1626 omnem

315 1735 328 1752 Γ
401 1671 531 1724 illuc
559 1685 744 1722 curam
783 1667 986 1734 rejicit,
1021 1665 1374 1736 animumque
1412 1680 1573 1719 suum
1621 1665 1676 1718 in
1707 1679 1772 1719 eo
1822 1677 1978 1717 occu«

2078 475 2214 545 πρὸς
2237 475 2334 546 τὴν
2357 475 2677 528 ἀκολουθίαν
2707 476 2991 538 κατιόντας
3017 472 3110 527 τοῦ
3150 474 3264 544 βίου
3288 517 3302 540 ,
3331 475 3661 547 προσκαλεί-

2079 565 2204 619 σθαι
2239 567 2360 620 καθ’
2394 566 2597 620 ἑαυτῶν
2643 568 3018 638 πειρασμοὺς,
3067 567 3161 620 καὶ
3210 569 3321 630 τοῖς
3366 568 3660 639 ἀντιστρα-

2076 658 2386 728 τευομένοις
2419 658 2495 729 τῷ
2524 660 2672 730 νόμῳ
2711 659 2803 712 τοῦ
2831 658 2946 722 νοὸς
2981 658 3138 730 ἡμῶν
3163 658 3250 712 διὰ
3270 657 3375 710 τῶν
3401 659 3497 729 τῆς
3528 676 3665 732 σαρ-

2078 751 2171 813 κὸς
2202 750 2541 820 παθημάτων
2578 751 3022 822 συμπλέκεσθαι,
3067 753 3160 804 καὶ
3214 751 3540 806 κινδυνεύειν
3597 752 3661 806 οὐ

2079 845 2206 915 περὶ
2235 846 2336 913 γῆς
2370 844 2532 914 ὅρων,
2560 842 2719 914 ἢχρη
2730 845 2911 913 μάτων
2940 841 3241 914 ἀποϐολῆς,
3274 843 3307 913 ἢ
3337 843 3494 896 ἄλλου
3515 841 3662 906 τινὸς

2077 935 2186 987 τῶν
2222 935 2364 988 κατὰ
2415 935 2514 1004 τὴν
2567 935 2712 1006 ζωὴν
2765 935 2965 1005 ταύτην
3018 935 3497 1006 σπουδαζομένων,
3524 934 3662 992 ἀλλὰ

2082 1023 2209 1094 περί¹
2250 1023 2350 1093 τῆς
2381 1023 2797 1094 προηγουμένης
2824 1023 3053 1086 ἐλπίδος.
3085 1024 3200 1076 Οὑκ
3253 1023 3367 1077 ἔστι
3412 1025 3518 1097 γὰρ
3567 1024 3660 1080 τὸν

2079 1116 2158 1172 εἰς
2185 1113 2275 1166 τὸν
2305 1114 2507 1184 κόσμον
2535 1114 2721 1168 τοῦτον
2744 1115 3155 1186 ἀποστρέφοντα
3181 1116 3279 1186 τὴν
3302 1116 3538 1172 διάνοιαν
3566 1118 3660 1174 καί

2077 1205 2176 1273 τὴν
2208 1205 2394 1258 ἐνθάδε
2448 1206 2718 1275 μέριμναν
2747 1206 3119 1270 ἀναλαϐόντα,
3153 1209 3245 1261 καὶ
3276 1211 3355 1272 είς
3388 1210 3660 1282 ἀνθρωπί-

2079 1314 2176 1368 νην
2206 1296 2495 1368 ἀρέσκειαν
2521 1299 2851 1368 ἀσχολοῦντα
2888 1299 3081 1353 ἐαυτοῦ
3117 1301 3214 1370 τὴν
3249 1301 3492 1373 καρδίαν,
3522 1303 3661 1374 πλη-

2083 1388 2257 1458 ρωτὴν
2279 1389 2533 1457 γενέσθαι
2559 1394 2658 1461 τῆς
2689 1391 2910 1462 πρώτης
2937 1392 3030 1445 καὶ
3054 1393 3295 1463 μεγάλης
3321 1395 3537 1461 ἐντολῆς
3566 1397 3660 1450 τοῦ

2083 1477 2292 1549 Κυρίου
2313 1519 2328 1544 ,
2361 1479 2394 1548 ἦ
2431 1497 2593 1551 φησιν
2622 1481 2680 1547 ἐξ
2725 1481 2852 1552 ὅλης
2883 1483 3108 1554 καρδίας
3135 1485 3229 1537 καὶ
3261 1485 3540 1556 δυνάμεως
3571 1487 3664 1542 τὸν

2079 1570 2210 1624 Θεὸν
2233 1572 2474 1643 ἀγαπᾷν.
2502 1573 2628 1638 Πῶς
2655 1573 2764 1646 γάρ
2785 1576 3062 1646 ἀγαπήσει
3087 1594 3171 1640 τις
3199 1580 3257 1644 ἐξ
3279 1578 3406 1648 ὅλης
3437 1579 3664 1650 καρδίας

2081 1664 2174 1717 καὶ
2203 1664 2482 1734 δυνάμεως
2514 1665 2607 1719 τὸν
2651 1665 2784 1720 Θεὸν
2808 1707 2823 1732 ,
2865 1668 2993 1720 ὅταν
3027 1668 3366 1740 καταμερίσῃ
3399 1667 3498 1740 τὴν
3525 1687 3665 1742 καρ-

402 1769 516 1830 pat,
549 1768 606 1813 ut
629 1727 945 1814 hominibus
974 1727 1247 1827 'placeat,‘
1274 1727 1320 1811 ius
1349 1763 1528 1825 potest
1551 1756 1783 1825 primum
1821 1755 1974 1818 illud,

2082 1754 2195 1808 δίαν
2228 1727 2420 1809 ἐαυτοῦ
2452 1758 2588 1829 πρὸς
2610 1759 2740 1812 Θεὸν
2763 1727 2854 1814 καὶ
2881 1761 3105 1832 κόσμον,
3141 1727 3513 1818 κάὶικλέπτων
3545 1727 3665 1837 τρό-

402 1861 455 1904 ει
484 1849 776 1904 maximum
808 1847 899 1902 Dei
935 1856 1263 1918 praeceptum
1288 1847 1525 1915 explere,
1546 1860 1653 1913 quo
1672 1859 1975 1910 monemur,

2075 1863 2175 1899 πον
2203 1847 2325 1899 τινά
2361 1846 2458 1918 τὴν
2512 1850 2706 1922 ἐκείνῳ
2751 1853 2895 1922 μόνῳ
2934 1855 3382 1927 χρεωστουμένην
3415 1855 3662 1925 ἀγάπην,

402 1949 457 1994 ιιι
494 1946 607 1994 ιοιο
629 1938 816 2002 corde,
841 1939 973 1994 totis
1021 1938 1230 1991 viribus
1284 1936 1453 1991 Deum
1495 1937 1808 2005 diligamus.
1858 1934 1976 2002 Quo

2082 1936 2432 2008 ἀνθρωπίνοις
2480 1941 2648 2012 αὐτὴν
2710 1943 2907 1997 πάθεσι
2975 1947 3424 2020 προσαναλίσκῃ;
3465 1951 3494 2002 ὁ
3550 1949 3661 2019 γάρ

349 2043 360 2054 ⁴
401 2031 545 2085 enim
577 2038 738 2101 pacto
775 2028 884 2092 ﬁet,
922 2039 980 2083 ut
1015 2036 1130 2084 toto
1173 2028 1298 2099 quis
1334 2029 1517 2083 animo
1569 2027 1736 2082 Deum
1764 2028 1975 2098 diligat,

403 2137 526 2176 cum
580 2136 742 2178 suum
774 2121 863 2175 hic
899 2121 1142 2175 animum
1183 2121 1347 2175 modo
1380 2121 1433 2175 in
1478 2119 1672 2184 Deum,
1708 2120 1871 2173 modo
1921 2124 1975 2173 in

405 2230 491 2270 res
522 2213 790 2268 humanas
822 2212 1086 2281 impellat,
1135 2211 1483 2281 debitamque
1534 2211 1613 2264 illi
1641 2210 1746 2266 soli
1803 2212 1978 2280 pieta-

401 2317 530 2368 tem,
563 2319 627 2357 ac
657 2303 1086 2359 benevolentiam
1123 2303 1359 2372 quodam
1397 2301 1558 2357 modo
1611 2302 1873 2372 eripiens,
1916 2305 1972 2357 in

403 2394 656 2448 humanis
716 2392 1001 2448 aﬂ‘ectibus
1056 2392 1382 2448 exhauriat?
1438 2391 1641 2446 ecelehs
1698 2391 1842 2445 enim
1889 2407 1976 2455 ea,

403 2500 522 2555 quae
555 2485 649 2539 Dei
685 2494 832 2546 sunt,
868 2494 1028 2539 curat
1069 2503 1080 2538 :
1120 2485 1213 2554 qui
1258 2498 1389 2538 vero
1449 2483 1804 2536 matrimonio
1859 2484 1978 2537 vin-

402 2583 528 2631 ctus
556 2582 659 2643 est,
685 2574 739 2629 in
773 2575 880 2637 his,
915 2590 1037 2646 quae
1060 2581 1115 2630 ει
1164 2575 1353 2630 mundi
1400 2581 1455 2630 et
1511 2573 1794 2628 hominum
1828 2582 1978 2640 sunt,

401 2680 591 2720 curam
630 2666 982 2736 studiumque
1030 2665 1272 2720 adhibet.
1331 2665 1429 2720 Sin
1475 2673 1656 2722 autem
1705 2666 1981 2722 laboriosa

403 2765 595 2811 contra
650 2757 958 2827 voluptates
1009 2770 1073 2810 ac
1128 2755 1368 2812 difﬁcilis
1416 2757 1632 2812 videtur
1670 2773 1886 2828 pugna;
1923 2758 1982 2812 ii-

405 2847 554 2902 denti
583 2847 764 2902 animo
795 2848 1027 2917 quisque
1072 2849 1144 2902 sit
1182 2855 1237 2902 et
1273 2847 1434 2913 forti;
1471 2863 1580 2902 non
1608 2849 1754 2902 enim
1789 2865 1982 2918 parum

2075 2028 2286 2099 ἇγαμος
2322 2034 2562 2103 μεριμνᾷ
2587 2034 2654 2087 τὰ
2680 2035 2773 2088 τοῦ
2795 2037 3024 2108 Κυρίου,
3071 2041 3100 2092 ὁ
3139 2039 3195 2092 δὲ
3220 2040 3478 2111 γαμήσας
3507 2058 3665 2112 μερι-

2079 2121 2186 2190 μνᾷ
2210 2119 2277 2172 τά
2310 2119 2403 2172 τοῦ
2446 2122 2673 2194 κόσμου.
2711 2127 2773 2178 Εἰ
2794 2126 2850 2179 δὲ
2876 2129 3128 2192 ἐπίπονος
3163 2131 3196 2200 ἠ
3242 2130 3376 2201 πρὸς
3408 2131 3507 2194 τὰς
3536 2131 3664 2202 ἠδο-

2078 2213 2175 2277 νάς
2200 2215 2346 2287 μάχη
2372 2219 2538 2280 δοκεῖ,
2576 2216 2851 2288 θαρρείτω
2878 2222 2984 2284 πᾶς
3003 2236 3014 2248 ·
3043 2221 3161 2273 οὑδέ
3199 2223 3308 2293 γάρ
3333 2222 3469 2292 πρὸς
3506 2222 3664 2276 τοῦτο

2082 2305 2254 2376 μικρά
2301 2309 2333 2377 ἡ
2366 2308 2622 2376 συνήθεια
2655 2310 2750 2362 καὶ
2794 2312 2904 2373 τοῖς
2937 2310 3358 2376 δυσκολωτάτοις
3395 2309 3530 2366 εἶναι
3576 2315 3665 2367 δο-

2078 2395 2286 2460 κοῦσιν,
2324 2397 2518 2469 ἡδονήν
2546 2417 2665 2467 τινα
2699 2399 2787 2451 διὰ
2809 2400 2907 2468 τῆς
2935 2401 3200 2472 ἐπιμονῆς
3241 2403 3660 2475 ἐνεργάσασθαιο

2083 2488 2176 2540 καὶ
2204 2489 2396 2559 ἡδονὴν
2421 2489 2518 2561 τὴν
2548 2491 2841 2563 καλλίστην
2870 2493 2964 2546 καὶ
2987 2493 3396 2564 καθαρωτάτην,
3423 2491 3491 2566 ἦς
3514 2495 3664 2562 ἄξιόν

2081 2583 2196 2636 ἐστι
2236 2583 2326 2636 τόν
2357 2601 2421 2653 γε
2465 2584 2589 2639 νοῦν
2620 2585 2810 2656 ἔχοντα
2856 2587 3200 2658 περιέχεσθαι
3238 2588 3469 2659 μᾶλλον,
3517 2588 3550 2660 ἢ
3592 2591 3663 2660 τῇ

2078 2674 2207 2746 περὶ
2247 2674 2318 2728 τά
2366 2677 2595 2730 ταπεινά
2630 2679 3054 2749 μικροπρεπείᾳ,
3108 2679 3216 2733 τῶν
3253 2679 3502 2751 μεγάλων
3535 2683 3664 2734 κατ’

2080 2765 2338 2836 ἀλήθειαν
2384 2767 2479 2822 καὶ
2536 2769 2714 2822 πάντα
2753 2769 2877 2823 νοῦν
2923 2771 3297 2842 ὑπερεχόντων
3339 2771 3663 2846 ἀλλοτριοῦ-

2087 2855 2231 2912 σθαι.

407 2942 464 2996 in
491 2955 557 2996 eo
585 2941 930 2996 consuetudo
961 2939 1127 3007 valet,
1171 2947 1230 2993 ut
1270 2940 1350 2994 vel
1381 2941 1448 2996 iis
1494 2957 1617 3011 qua:
1639 2942 1966 2998 difficillima
2005 2959 2129 3004 esse
2169 2950 2446 3019 videntur,
2495 2955 2828 3025 voluptatem
2886 2957 3205 3026 quamdam,
3267 2973 3502 3031 eamque
3565 2959 3670 3014 hoc

407 3035 782 3092 nestissimam
816 3043 871 3090 et
896 3035 1131 3090 maxime
1161 3050 1352 3106 puram
1392 3051 1456 3090 ex
1489 3035 1671 3107 aliqua
1730 3043 2160 3108 perseverantia
2194 3047 2394 3116 pariat,
2461 3048 2622 3119 cujus
2701 3050 2923 3120 quidem
2979 3051 3277 3124 voluptatis
3345 3069 3531 3110 amore
3583 3053 3654 3119 is,

407 3132 503 3205 qui
556 3139 736 3186 mente
775 3130 1034 3200 praeditus
1099 3137 1218 3196 est,
1258 3131 1441 3201 potius
1485 3138 1570 3186 est
1626 3132 1975 3203 delinendus,
2015 3154 2179 3208 quam
2213 3156 2242 3194 a
2279 3143 2444 3200 rebus
2469 3159 2597 3198 vere
2617 3145 2850 3216 magnis,
2886 3160 3075 3214 quaeve
3139 3161 3359 3203 omnem
3426 3154 3664 3204 mentem

407 3223 698 3288 excedunt,
735 3221 1059 3280 alienandus
1091 3237 1155 3277 ex
1190 3221 1526 3279 demissione
1583 3224 1814 3292 quadam
1861 3227 2051 3295 animi,
2079 3246 2200 3300 quae
2224 3233 2280 3288 in
2303 3235 2468 3292 rebus
2495 3235 2795 3292 humilibus
2821 3238 3087 3294 cernitur.

1037 3361 1266 3419 CAPUT
1301 3359 1370 3416 X.

812 3478 957 3546 Quid
992 3495 1046 3534 re
1070 3495 1192 3533 vera
1215 3477 1579 3545 expetendum.

476 3593 690 3660 Quanta
719 3592 864 3647 enim
901 3591 1124 3660 jactura
1155 3589 1271 3652 ﬁat,
1305 3605 1429 3646 cum
1458 3589 1584 3661 quis
1614 3590 1729 3645 veri
1770 3590 1986 3650 honesti

407 3683 761 3756 possessione
790 3681 962 3748 cadit,
1008 3697 1133 3753 quae
1161 3683 1430 3738 orationis
1470 3682 1554 3738 vis
1605 3681 1711 3738 hoc
1741 3683 1986 3753 explica-

408 3775 523 3829 ret?
553 3781 828 3843 quantave
869 3773 1072 3828 mentis
1108 3779 1258 3828 esset
1287 3772 1598 3827 adhibenda
1631 3775 1986 3842 praestantia?

409 3867 533 3932 Quo
561 3866 708 3918 enim
743 3864 907 3918 modo
941 3865 1068 3932 quis
1100 3864 1171 3932 {id
1215 3863 1543 3932 explicando
1576 3878 1980 3934 assequeretur,

409 3953 556 4024 quod
591 3968 768 4020 neque
815 3953 1067 4004 oratione
1111 3951 1368 4020 exprimi,
1415 3968 1592 4022 neque
1626 3961 1806 4008 mente
1844 3970 1985 4010 com-

408 4043 672 4114 prehendi
729 4043 947 4111 potest?
992 4042 1129 4095 Nam
1183 4043 1228 4098 si
1275 4043 1399 4112 quis
1455 4043 1529 4096 ita
1573 4045 1770 4099 mentis
1811 4046 1981 4100 aciem

409 4138 748 4202 purgaverit,
783 4138 842 4184 ut
872 4130 1057 4200 aliquo
1092 4141 1252 4200 pacto
1281 4133 1481 4188 intueri
1514 4135 1712 4204 possit.
1750 4134 1894 4204 quod
1927 4136 1983 4190 in

408 4222 843 4278 beatitudinibus
897 4222 1098 4276 factum
1155 4236 1239 4279 est
1289 4225 1453 4281 nobis
1503 4241 1533 4280 ιι
1583 4224 1694 4280 1)εο
1743 4226 1982 4296 promis-

409 4326 554 4372 sum,
583 4310 629 4367 is
655 4326 872 4365 onmem
900 4312 1183 4367 hominum
1211 4329 1398 4368 vocem
1422 4316 1804 4384 reprehendet,
1825 4317 1984 4385 quasi

409 4403 613 4456 nullam
671 4403 784 4456 vim
837 4403 1035 4458 haheat
1083 4403 1148 4458 ad
1201 4405 1279 4458 rei
1331 4405 1623 4460 intellecta:
1665 4407 1984 4476 explicatio-

410 4510 570 4560 nem;
606 4495 650 4549 si
684 4495 810 4563 quis
850 4505 1030 4549 autem
1067 4497 1319 4566 corporis
1356 4498 1430 4550 ita
1461 4506 1546 4553 est
1580 4499 1825 4554 irretitus
1854 4499 1984 4554 affe-

409 4586 612 4651 ctibus,
655 4594 715 4638 ut
740 4587 942 4641 mentis
972 4603 1084 4642 sua:
1109 4588 1256 4643 acies
1295 4587 1583 4644 affectione
1622 4590 1783 4654 mala,
1825 4593 1982 4660 quasi

2721 3376 2974 3430 ΚΕΦΑΛ.
3012 3379 3069 3430 ιι.

2445 3486 2506 3540 Tl
2548 3487 2615 3541 τὸ
2646 3488 2884 3557 ἀληθῶς
2924 3491 3309 3560 ὲπιθυμητόν.

2088 3619 2098 3625 ·
2161 3595 2304 3670 Ὀση
2335 3600 2443 3669 γάρ
2479 3600 2627 3655 ἐστιν
2665 3604 2698 3674 ή
2733 3600 2905 3675 ζημία
2955 3606 3013 3658 ἐν
3059 3605 3373 3661 ἀποπτώσει
3414 3607 3672 3677 γενέσθαι

2086 3688 2185 3760 τῆς
2212 3690 2307 3745 τοῦ
2355 3691 2523 3756 ὅντως
2561 3693 2725 3776 καλοῦ
2755 3697 3000 3766 κτήσεως
3022 3737 3037 3763 ,
3073 3698 3157 3762 τίς
3187 3698 3253 3753 ἂν
3298 3701 3670 3771 παραστήσειε

2086 3780 2278 3849 λόγος;
2311 3783 2441 3854 ποίᾳ
2483 3784 2526 3836 δ’
2557 3784 2621 3838 ἀν
2655 3803 2739 3848 τις
2775 3788 3037 3858 χρήσαιτο
3080 3789 3315 3852 διανοίας
3347 3783 3616 3862 ὑπερϐολῇ
3650 3808 3666 3856 ;

2087 3873 2205 3936 πῶς
2235 3872 2301 3927 ἂν
2332 3876 2618 3940 ἐνδείξαιτο
2649 3879 2742 3931 καὶ
2783 3881 2861 3943 εἰς
2893 3882 3214 3951 ὑπογραφὴν
3241 3883 3436 3950 ἀγάγοι
3472 3883 3532 3935 τὸ
3572 3883 3670 3938 καὶ

2085 3966 2229 4037 λόγῳ
2259 3967 2494 4039 ἄρρητον
2525 3973 2618 4022 καὶ
2645 3973 2871 4042 νοήματι
2894 3973 3304 4043 ἁκατάληπτονς
3339 3976 3399 4027 Εἰ
3433 3975 3528 4046 μὲν
3557 3976 3669 4047 γάρ

2084 4075 2168 4120 τις
2193 4059 2306 4110 ηέπὶ
2338 4060 2589 4113 τοσοῦτον
2631 4062 2689 4114 τὸ
2722 4063 2819 4132 τῆς
2852 4063 3077 4134 καρδίας
3113 4064 3265 4135 ὄμμα
3311 4067 3667 4136 κεκάθαρται,

2084 4149 2161 4212 ὡς
2205 4149 2498 4222 δυνηθῆναί
2531 4170 2646 4217 πως
2685 4155 2810 4207 ἰδεῖν
2839 4156 2898 4208 τὸ
2928 4157 2984 4208 ἐν
3022 4158 3132 4218 τοῖς
3164 4159 3530 4228 μακαρισμοῖς
3561 4157 3670 4211 ὑπὸ

2085 4238 2179 4293 τοῦ
2207 4241 2415 4311 Κυρίου
2451 4245 2856 4315 ἐπηγγελμένον
2881 4288 2894 4311 ,
2929 4247 3106 4316 πάσης
3135 4246 3539 4316 καταγνώσεται
3565 4249 3665 4302 ἀν-

2086 4330 2362 4403 θρωπίνης
2407 4335 2623 4404 φωνῆς,
2655 4335 2730 4399 ὡς
2763 4337 3016 4408 οὐδεμίαν
3057 4339 3286 4408 ἐχεὺσης
3311 4337 3537 4408 δύναμιν
3583 4339 3669 4402 εἰς

2084 4423 2182 4494 τὴν
2207 4424 2301 4477 τοῦ
2355 4426 2635 4496 νοηθέντος
2670 4429 3050 4498 παράστασιν·
3093 4432 3141 4482 εί
3185 4429 3242 4482 δέ
3293 4447 3375 4493 τις
3425 4429 3504 4482 ἔτι
3551 4431 3668 4493 τοῖς

2085 4515 2286 4581 ὑλικοῖς
2328 4518 2701 4588 ἐγκαθήμενος
2752 4521 2990 4587 πάθεσι,
3037 4521 3286 4592 καθάπερ
3336 4522 3439 4574 ὑπὸ
3485 4521 3669 4591 λήμης

2087 4607 2230 4671 τινὸς
2259 4610 2358 4680 τῆς
2379 4608 2656 4678 ἐμπαθοῦς
2679 4610 2966 4675 διαθέσεως
3009 4612 3069 4665 τὸ
3100 4612 3403 4684 διορατικὸν
3438 4613 3536 4682 τῆς
3566 4612 3671 4680 ψυ-

410 4675 735 4744 lippitudine
778 4677 1014 4747 quadam
1045 4679 1342 4734 obscurata
1393 4679 1488 4747 sit,
1520 4682 1702 4737 inanis
1730 4682 1860 4737 huic
1899 4691 1979 4739 est

2088 4700 2191 4772 χῆς
2211 4669 2654 4770 ἐπιπέπλασται,
2710 4705 2912 4774 ματαία
2947 4669 3054 4758 *καὶ
3090 4669 3261 4776 τούτῳ
3312 4706 3461 4758 πᾶσα

408 4775 462 4820 ει
505 4769 731 4823 minime
774 4769 1058 4825 fructuosa
1089 4773 1269 4827 omnis
1298 4773 1381 4827 vis
1411 4781 1462 4828 et
1493 4775 1764 4830 orationis
1800 4777 1980 4846 capia,

407 4862 669 4930 quoniam
707 4863 760 4915 in
790 4862 898 4918 illis
931 4864 1024 4933 qui
1057 4865 1177 4919 sine
1216 4880 1385 4921 sensu
1419 4876 1566 4932 sunt,
1616 4868 1840 4937 perinde
1876 4879 1980 4935 est,

407 4954 591 5009 eleves
633 4955 815 5010 verbis
847 4971 916 5009 an
957 4957 1260 5025 amplifices
1300 4958 1568 5013 miracula
1603 4977 1616 5013 :
1650 4967 1706 5013 ut
1751 4960 1804 5015 in
1851 4962 1984 5017 solis

406 5044 598 5109 radiis,
639 5045 820 5102 inanis
853 5056 957 5113 est,
995 5056 1160 5118 atque
1204 5051 1429 5105 minime
1467 5052 1615 5106 utilis
1643 5053 1711 5107 de
1753 5052 1840 5108 his
1877 5069 1986 5108 ser-

407 5141 586 5193 monis
613 5138 908 5208 explicatio
934 5139 1005 5203 ei,
1033 5142 1128 5208 qui
1154 5140 1335 5194 lumen
1367 5140 1437 5194 ab
1465 5151 1586 5196 ortu
1615 5159 1723 5197 non
1751 5144 1982 5214 aspexit,

406 5231 664 5296 quoniam
724 5230 948 5284 luminis
995 5231 1180 5286 radios
1241 5233 1470 5287 auribus
1521 5234 1802 5302 percipere
1877 5250 1985 5288 non

406 5325 586 5386 potest
625 5337 637 5372 :
674 5318 746 5370 ita
793 5320 846 5372 in
887 5336 1017 5374 vero
1048 5320 1276 5385 lumine,
1313 5323 1459 5391 quod
1504 5331 1687 5378 mente
1717 5325 1984 5389 cernitur,

406 5408 524 5462 suis
552 5409 750 5477 cuique
784 5411 963 5465 oculis
1007 5426 1145 5481 opus
1173 5421 1279 5477 est,
1332 5422 1386 5467 ut
1425 5413 1572 5467 illam
1615 5416 1985 5484 pulchritudi-

404 5514 529 5553 nem
561 5499 813 5569 aspiciat,
846 5517 1009 5570 quam
1041 5503 1134 5571 qui
1175 5519 1404 5560 munere
1435 5505 1554 5570 Dei,
1591 5521 1654 5559 ac
1687 5506 1980 5575 providen-

403 5590 478 5643 tia
510 5589 708 5653 cernit,
739 5591 1048 5647 incredibili
1084 5595 1284 5651 mentis
1316 5604 1543 5667 stupore
1568 5604 1786 5652 tenetur
1829 5599 1882 5651 in
1913 5612 1980 5652 eo

402 5681 544 5753 quod
580 5681 815 5750 exprimi
846 5698 953 5738 non
985 5691 1200 5754 potest;
1235 5687 1327 5756 qui
1357 5704 1484 5744 vero
1519 5705 1624 5744 non
1661 5689 1896 5760 aspexit,
1933 5691 1978 5746 is

2085 4792 2276 4862 ίσχύς’
2327 4793 2418 4845 ἐπὶ
2468 4794 2576 4864 γὰρ
2627 4794 2736 4847 τῶν
2774 4795 3116 4866 ἀναισθήτως
3165 4795 3436 4866 ἐχόντων,
3487 4797 3546 4848 ἐν
3577 4795 3661 4864 τῷ

2082 4883 2250 4953 ὁμοίῳ
2291 4883 2594 4952 καθέστηκε
2628 4886 2689 4938 τό
2726 4904 2785 4938 τε
2815 4885 3065 4939 ἐλαττοῦν
3112 4886 3198 4940 διὰ
3238 4886 3332 4940 τοῦ
3360 4886 3516 4953 λόγου
3567 4886 3666 4938 καὶ

2081 4971 2142 5024 τὸ
2182 4972 2498 5044 ὑπεραίρειν
2532 4974 2601 5028 τά
2641 4974 2888 5045 θαύματα
2911 4993 2922 5004 ·
2951 4976 3025 5039 ὡς
3054 4974 3147 5028 καὶ
3187 4975 3280 5027 ἐπὶ
3309 4975 3406 5044 τῆς
3433 4974 3668 5044 ἡλιακῆς

2083 5059 2298 5123 ἀκτῖνος
2318 5100 2331 5125 ,
2360 5061 2438 5130 τῷ
2469 5062 2542 5132 μὴ
2573 5063 2885 5134 τεθεαμένῳ
2922 5064 2982 5116 τὸ
3025 5063 3139 5132 φῶς
3172 5063 3279 5117 ἀπὸ
3325 5062 3544 5134 πρώτης
3570 5079 3669 5130 γεο

2083 5150 2282 5215 νέσεως
2311 5151 2454 5223 ἀργὴ
2493 5154 2585 5206 καὶ
2629 5155 2883 5223 ἀνόνητος
2921 5155 3125 5222 γίνεται
3153 5159 3185 5224 ὴ
3235 5155 3322 5208 διὰ
3358 5154 3465 5207 τῶν
3489 5154 3667 5220 λόγων

2083 5241 2176 5294 τοῦ
2207 5244 2381 5311 φωτὸς
2436 5247 2696 5315 ἑρμηνεία
2721 5264 2733 5277 ’
2765 5248 2824 5300 οὑ
2861 5248 2968 5317 γάρ
3021 5248 3135 5300 ἐστι
3167 5247 3389 5299 δυνατὸν
3435 5246 3533 5316 τὴν
3563 5245 3670 5314 τῆς

2085 5335 2298 5398 ἀκτῖνος
2353 5336 2668 5406 λαμπηδόνα
2724 5338 2788 5390 δι’
2824 5338 2990 5408 ἀκοῆς
3026 5339 3343 5406 ἐναυγάσαι.
3382 5337 3536 5390 Οῦτω
3569 5337 3668 5390 καὶ

2086 5425 2179 5477 ἐπὶ
2203 5426 2297 5479 τοῦ
2330 5427 2583 5498 ἀληθινοῦ
2622 5430 2715 5482 καί
2738 5430 2928 5500 νοητοῦ
2957 5432 3132 5500 φωτὸς
3156 5471 3170 5493 ,
3204 5431 3348 5485 ἰδίων
3368 5429 3668 5499 ὀφθαλμῶν

2088 5517 2301 5587 ἑκάστῳ
2345 5519 2501 5589 χρεία
2527 5561 2541 5585 ,
2568 5520 2654 5572 ἵνα
2700 5521 2761 5573 τὸ
2791 5522 2984 5584 κάλλος
3013 5523 3186 5574 ἐκεῖνο
3213 5521 3490 5591 θεάσηται,
3527 5521 3666 5593 ὅπερ

2087 5607 2114 5658 ὁ
2147 5607 2243 5676 μὲν
2274 5606 2394 5662 ἰδὼν
2427 5609 2567 5662 κατά
2590 5628 2707 5663 τινα
2737 5611 2885 5666 θείαν
2915 5612 3122 5682 δωρεάν
3147 5629 3206 5664 τε
3237 5613 3329 5664 καὶ
3357 5611 3644 5666 ἐπίπνοιαν

2086 5699 2486 5772 ἀνερμήνευτον
2518 5703 2574 5755 ἐν
2599 5703 2676 5774 τῷ
2700 5706 2995 5776 ἀπορρήτῳ
3026 5707 3124 5769 τῆς
3162 5703 3518 5774 συνειδήσεως
3550 5703 3669 5775 ἔχει
