4072 6156
326 270 450 347 ’σοι

1696 284 1788 344 DE
1802 283 2276 344 VIRGINITATE.

3504 282 3611 339 562

345 403 449 474 τὴν
490 402 748 475 ἔκπληξιν
771 417 786 433 ο
818 404 848 456 6
886 403 944 457 δὲ
985 401 1059 474 μὴ
1093 402 1416 475 τεθεαμένος
1440 444 1455 469 ,
1492 404 1614 459 οὐδὲ
1661 403 1927 474 γνώσεται

2033 419 2212 474 neque
2230 418 2417 459 earum
2454 418 2638 460 rerum
2665 402 2924 459 damnum
2961 401 3180 468 sentiet,
3212 399 3415 472 quibus
3443 401 3612 455 orba-

343 497 450 567 τὴν
474 494 677 568 ζημίαν
715 488 793 551 ὧν
823 496 1211 567 ἀπεστέρηται.
1244 498 1368 562 Πῶς
1400 497 1508 569 γάρ
1554 497 1620 552 ἄν
1662 514 1747 562 τις
1778 497 1928 569 αὐτῷ

342 587 707 657 διαπεφευγὸς
761 587 921 642 αὐτὸν
966 588 1170 656 ἀγαθὸν
1198 590 1566 661 παραστήσειε
1591 608 1605 656 ;
1635 589 1751 653 πῶς
1787 589 1830 642 δ’
1864 590 1929 644 ἀν

343 696 431 743 τις
458 680 551 732 ὑπ’
583 679 705 750 ὄψιν
745 679 942 747 ἀγάγοι
973 679 1035 732 τὸ
1072 681 1347 750 ἄφραστον
1376 697 1389 744 ;
1427 681 1585 745 ’ἰδίας
1618 680 1800 749 φωνὰς
1833 697 1929 751 ση-

349 771 622 842 μαντικάς
671 772 879 825 ἐκείνου
932 772 1028 825 τοῦ
1083 773 1310 836 κάλλους
1359 773 1420 825 οὐ
1482 772 1879 843 μεμαθήκαμεν
1911 785 1925 800 ⁹

275 871 288 898 -⁵
346 864 653 934 ὑπόδειγμα
698 863 792 917 τοῦ
843 864 1174 935 ζητουμένου
1230 866 1288 917 έν
1314 866 1427 927 τοῖς
1473 860 1623 918 οὖσιν
1653 866 1753 918 οὐκ
1781 863 1929 917 ἔστιν

343 955 526 1008 οὐδέν’
567 955 634 1008 ὲκ
676 954 1013 1026 συγκρίσεώς
1048 972 1112 1023 γε
1148 954 1253 1026 μὴν
1278 956 1410 1008 αὐτὸ
1436 955 1741 1026 δηλωθῆναι
1786 956 1929 1026 ἀμή-

342 1062 528 1115 χανον.
569 1045 668 1110 Τίς
721 1046 830 1117 γάρ
889 1045 1054 1117 ὀλίγῳ
1117 1046 1374 1117 σπινθῆρι
1428 1043 1781 1119 προσεικάζει
1835 1046 1928 1098 τὸν

342 1137 515 1207 ἥλιον,
556 1136 590 1207 ἢ
626 1137 815 1207 ρανίδα
862 1138 1121 1207 βραχεῖαν
1167 1138 1302 1208 πρὸς
1359 1136 1458 1208 τὴν
1516 1138 1623 1190 τῶν
1677 1135 1928 1189 ἀϐύσσων

343 1228 605 1300 ἀπειρίαν
636 1227 990 1298 ἀνθίστησιν;
1037 1230 1133 1282 Ὃν
1182 1229 1290 1299 γὰρ
1318 1228 1429 1298 ἔχει
1458 1228 1613 1296 λόγον
1655 1228 1793 1298 πρὸς
1830 1227 1926 1291 τὰς

343 1319 620 1382 ἀϐύσσους
662 1320 695 1388 ή
755 1319 910 1389 ὀλίγη
961 1317 1176 1387 σταγὼν
1205 1357 1221 1384 ,
1279 1319 1312 1389 ἢ
1360 1320 1496 1389 πρὸς
1550 1320 1647 1390 τὴν
1688 1320 1929 1389 μεγάλην

342 1411 539 1464 ἀκτῖνα
566 1410 662 1464 τοῦ
690 1409 843 1481 ἡλίου
871 1410 934 1463 τὸ
958 1410 1156 1481 μικρὸν
1188 1410 1608 1481 σπινθηράκιον·
1638 1409 1781 1463 οὕτω
1814 1410 1928 1464 διά-

344 1519 525 1557 κειται
565 1504 661 1556 καὶ
692 1503 869 1557 πάντα
898 1502 967 1556 τὰ
1009 1502 1160 1573 παρά
1200 1503 1308 1557 τῶν
1336 1502 1637 1573 ἀνθρώπων
1675 1502 1751 1565 ὡς
1789 1502 1930 1557 καλά

345 1592 738 1664 θαυμαζόμενα
767 1595 904 1665 πρὸς
934 1596 1109 1647 έκεῖνο
1133 1594 1195 1646 τὸ
1218 1594 1412 1657 κάλλος
1435 1634 1450 1657 ,
1485 1594 1514 1647 ὃ
1541 1594 1671 1665 περὶ
1695 1593 1755 1646 τὸ
1780 1593 1929 1663 πρῶ-

344 1702 436 1739 τον
478 1684 686 1752 ἀγαθὸν
725 1687 819 1738 καὶ
848 1686 910 1739 τὸ
939 1684 1193 1739 ἐπέκεινα
1234 1686 1433 1748 παντὸς
1463 1684 1668 1753 ἀγαθοῦ
1704 1685 1925 1755 θεωρεῖ-

2037 506 2126 552 tus
2179 504 2285 551 est.
2347 494 2637 562 Quomodo
2707 495 2852 550 enim
2918 495 2993 548 illi
3038 493 3330 564 quisquam
3402 492 3609 548 bonum

2034 596 2351 658 exponeret,
2399 588 2545 656 quod
2602 588 2672 640 ab
2723 587 2845 656 ejus
2888 600 3053 641 sensu
3104 583 3339 655 refugit?
3372 598 3481 655 qua
3530 599 3613 637 ra.

2037 682 2185 735 tione
2228 696 2340 735 rem
2392 681 2463 735 oh
2494 680 2685 733 oculos
2730 687 2977 750 poneret,
3023 694 3146 748 qum
3190 679 3291 733 sub
3327 685 3611 747 aspectum

2035 789 2143 828 ..οη
2175 773 2357 828 cadit?
2382 787 2501 851 'nos
2531 772 2751 842 propria
2802 771 2988 833 verba,
3023 785 3145 841 quae
3183 770 3333 824 illius
3365 767 3611 838 pulchri-

2037 865 2243 920 tudinis
2270 865 2506 934 speciem
2540 863 2933 933 significarent,
2969 878 3079 917 non
3125 861 3462 924 didicimus;
3500 873 3611 913 non

2035 940 2207 1012 ullum
2244 956 2387 1025 ejus,
2421 956 2489 1010 de
2520 972 2633 1025 quo
2682 956 2970 1024 qumritur,
3023 962 3205 1007 exstat
3249 951 3559 1021 exemplum
3590 969 3606 1004 :

2035 1049 2444 1120 comparatione
2470 1063 2603 1102 vero
2631 1048 2815 1119 aliqua
2850 1046 2957 1101 hoc
2992 1046 3172 1116 ipsum
3208 1043 3487 1098 illustrari
3508 1041 3615 1097 dif-

2038 1139 2180 1193 licile
2206 1153 2340 1194 sane
2373 1146 2479 1194 est.
2516 1136 2654 1204 Quis
2700 1137 2846 1192 enim
2884 1150 3068 1207 parvae
3099 1134 3412 1190 seintillulae
3439 1133 3611 1189 solem

2032 1235 2341 1298 comparat,
2369 1234 2466 1281 aut
2496 1241 2721 1298 parvam
2751 1226 2954 1281 stillam
2985 1240 3111 1279 eum
3144 1223 3412 1278 immensa
3442 1237 3614 1292 aqua-

2034 1335 2155 1374 rum
2195 1319 2455 1388 voragine
2501 1317 2754 1373 confert?
2784 1319 2995 1373 nullam
3044 1316 3193 1372 enim
3247 1315 3613 1384 comparatio—

2034 1423 2159 1464 nem
2203 1409 2365 1463 habet
2394 1424 2572 1479 neque
2600 1423 2725 1463 eum
2768 1409 3032 1479 voragine
3062 1412 3234 1479 gutta,
3274 1418 3451 1474 neque
3487 1417 3612 1458 cum

2034 1501 2169 1556 solis
2207 1500 2381 1554 radiis
2416 1501 2642 1554 minima
2687 1499 2948 1554 scintilla.
2980 1497 3184 1551 Eodem
3228 1496 3392 1551 modo
3428 1509 3488 1550 se
3516 1494 3616 1549 ha-

2036 1588 2165 1642 bent
2191 1589 2400 1652 omnia,
2434 1602 2777 1658 quaecunque
2805 1587 3057 1641 homines
3084 1595 3348 1657 tanquam
3385 1582 3613 1653 pulchra

2035 1678 2401 1741 admirantur,
2423 1678 2833 1748 comparatione
2858 1678 3003 1733 facta
3031 1692 3157 1731 cum
3187 1692 3252 1731 eo
3275 1674 3421 1745 quod
3449 1689 3615 1731 omne

341 1790 457 1827 ται.
498 1775 596 1838 Τίς
621 1770 715 1828 οὖν
748 1776 959 1828 ἐπίνοια
1003 1775 1063 1828 τὸ
1093 1775 1323 1846 μέγεθος
1354 1775 1454 1845 τῆς
1483 1772 1684 1846 ζημίας
1704 1775 1785 1845 τῷ
1821 1792 1927 1829 πα-

2033 1769 2323 1839 pulchrum
2357 1778 2523 1840 atque
2568 1770 2773 1824 bonum
2815 1768 3054 1845 excedit.
3089 1765 3278 1838 Itaque
3310 1781 3432 1837 quae
3465 1782 3621 1821 men-

344 1864 493 1919 θόντι
536 1865 637 1936 τὴν
693 1865 895 1937 ζημίαν
942 1867 1147 1936 ταύτην
1205 1868 1538 1934 ὲνδείξεται;
1588 1866 1783 1930 Καλῶς
1841 1882 1930 1935 μοι

341 1956 491 2011 δοκεῖ
518 1960 547 2011 6
584 1958 756 2028 μέγας
795 1958 957 2011 Δαὸὶδ
983 1958 1082 2031 τὴν
1108 1960 1417 2030 ἀμηχανίαν
1448 1959 1771 2029 ἐνδεδεῖχθαι
1799 1959 1930 2011 ταύ-

339 2067 445 2121 την
467 2067 482 2081 ·
510 2050 571 2112 ὃς
600 2049 783 2121 ἐπειδή
814 2066 943 2103 ποτε
966 2050 1192 2120 δυνάμει
1223 2050 1317 2103 τοῦ
1355 2049 1668 2121 Πνεύματος
1698 2049 1930 2119 ὑψωθεὶς

340 2138 445 2203 τὴν
484 2139 726 2194 διάνοιαν
751 2178 767 2203 ,
820 2139 914 2191 καὶ
957 2134 1069 2193 οἷον
1118 2138 1286 2202 ἐκϐὰς
1333 2139 1495 2201 αὐτὸς
1528 2138 1758 2203 ἑαυτὸν,
1794 2133 1930 2190 εἶδεν

342 2233 524 2286 ἐκεῖνο
562 2232 624 2285 τδ
652 2232 930 2301 ἀμήχανον
963 2232 1059 2285 καὶ
1109 2230 1464 2302 ἀπερινόητον
1517 2229 1713 2292 κάλλος
1760 2230 1816 2282 ὲν
1860 2231 1928 2300 τῇ

346 2322 599 2395 μακαρίᾳ
630 2323 885 2375 ἐκστάσει
918 2317 1045 2391 (εἶδε
1078 2321 1135 2375 δὲ
1182 2323 1400 2385 πάντως
1435 2320 1510 2385 ὡς
1550 2320 1822 2391 ἀνθρώπῳ
1866 2337 1929 2389 γε

338 2414 568 2468 δυνατὸν
614 2414 771 2475 ἰδεῖν,
798 2412 903 2478 ἔξω
941 2413 1048 2466 τῶν
1076 2415 1176 2484 τῆς
1205 2413 1409 2485 σαρκὸς
1450 2412 1930 2484 προκαλυμμάτων

338 2505 637 2577 γενόμενος
664 2545 680 2569 ,
708 2506 804 2558 καὶ
839 2504 1095 2558 εἰσελθὼν
1120 2504 1208 2558 διὰ
1251 2505 1418 2576 μόνης
1443 2503 1680 2566 διανοίας
1713 2506 1792 2564 είς
1832 2504 1931 2574 τὴν

338 2599 454 2653 τῶν
496 2598 803 2668 ἀσωμάτων
834 2598 930 2650 καὶ
974 2596 1179 2668 νοητῶν
1208 2595 1467 2665 θεωρίαν)
1488 2610 1504 2627 ’
1535 2595 1722 2666 ἐπειδή
1752 2612 1804 2648 τι
1839 2595 1932 2649 καλ⁵

342 2692 524 2745 εἰπεῖν
547 2691 696 2754 ἄξιον
721 2689 816 2743 τοῦ
855 2690 1112 2758 ὀφθέντος
1165 2689 1503 2759 ὲπεπόθησεν
1528 2729 1542 2755 ,
1575 2686 1793 2758 ἐκείνην
1848 2687 1933 2753 ἐξ·

340 2782 539 2853 εϐὀησε
571 2782 672 2853 τὴν
698 2782 880 2853 φωνὴν
900 2821 915 2844 ,
945 2781 1012 2852 ἣν
1045 2781 1244 2844 πάντες
1288 2781 1524 2853 ᾄδουσιν,
1560 2780 1645 2835 ὅτι
1670 2778 1797 2847 Πᾶς
1824 2779 1932 2834 ἄν·

340 2876 580 2944 θρωπος
607 2872 913 2941 Ψεύστηςθ
940 2870 1100 2925 τοῦτο
1120 2871 1177 2925 δέ
1201 2872 1366 2935 ἐστιν,
1395 2869 1470 2934 ὥς
1508 2887 1573 2940 γε
1615 2872 1644 2925 6
1683 2871 1815 2941 ὲμὸς
1842 2869 1928 2923 λό-

340 2980 481 3034 γος,
515 2964 598 3017 ὃτι
644 2964 753 3027 πᾶς
797 2961 1081 3035 ἄνθρωπος
1136 2964 1287 3032 φωνῇ
1336 2962 1652 3033 ἐπιτρέπων
1692 2961 1789 3033 τὴν
1835 2958 1929 3014 τοῦ

341 3055 629 3127 ἀφράστου
660 3054 836 3124 φωτὸς
882 3053 1176 3125 ἑρμηνείαν
1199 3095 1214 3120 ,
1244 3053 1413 3117 ὄντως
1464 3052 1705 3124 ψεύστης
1735 3053 1882 3106 ἐστίν
1913 3068 1927 3084 ·

340 3149 470 3219 ούχὶ
521 3147 600 3219 τῷ
641 3150 816 3219 μισεῖν
845 3147 1012 3217 αὐτὴν
1035 3186 1050 3211 ,
1103 3146 1239 3201 ἀλλά
1265 3136 1343 3216 τῷ
1376 3145 1621 3201 ἀσθενεῖν
1662 3145 1791 3216 περὶ
1832 3145 1931 3216 τὴν
1958 3137 2000 3195 C

338 3240 443 3295 τοῦ
467 3240 747 3310 νοηθέντος
770 3239 1135 3309 παράστασιν.
1168 3237 1241 3291 Τὸ
1266 3238 1363 3308 μὲν
1393 3236 1502 3308 γάρ
1527 3236 1780 3307 αἰσθητὸν
1802 3235 1931 3290 κάλ-

337 3333 442 3395 λος
460 3375 474 3399 ,
499 3332 622 3385 ὅσον
644 3331 795 3385 κάτω
820 3347 886 3383 πε
896 3331 949 3401 pl.
971 3330 1063 3382 τὸν
1087 3329 1354 3400 ἡμέτερον
1377 3326 1772 3399 ἀναστρέφεται
1796 3326 1928 3397 βίον,

338 3423 461 3477 εἴτε
491 3424 549 3475 ὲν
577 3422 804 3492 ἀψύχοις
831 3421 985 3484 ὕλαις
1004 3461 1017 3487 ,
1056 3420 1163 3472 εἴτε
1199 3420 1292 3473 καὶ
1313 3421 1371 3473 ἐν
1399 3417 1644 3489 σώμασιν
1668 3417 1931 3489 ἐμψύχοις

337 3514 439 3569 διά
462 3531 608 3578 τινος
646 3513 900 3585 εὐχροίας
930 3511 1430 3582 ἐμφανταζόμενον,
1464 3510 1742 3581 αὐτάρκης
1774 3508 1931 3581 ἡμῶν

342 3605 385 3675 ἠ
409 3604 548 3659 κατά
584 3604 683 3675 τὴν
704 3602 957 3674 αἴσθησιν
986 3602 1214 3672 δύναμις
1242 3601 1336 3654 καὶ
1360 3600 1659 3672 θαυμάσαι,
1691 3600 1786 3653 καὶ
1805 3601 1933 3654 ἀπο-

340 3695 629 3761 δέξασθαι,
655 3696 751 3749 καὶ
774 3696 1049 3767 γνώριμον
1082 3694 1253 3764 ἑτέρῳ
1284 3693 1526 3763 ποιῆσαι,
1557 3692 1645 3746 διὰ
1686 3693 1786 3762 τῆς
1824 3692 1932 3745 τῶν

340 3788 526 3858 λόγων
570 3789 786 3860 γραφῆς
829 3787 1018 3857 ὥσπερ
1049 3788 1107 3838 ὲν
1158 3785 1324 3839 εἰκόνι
1366 3784 1473 3838 τινὶ
1522 3783 1600 3855 τῷ
1641 3783 1785 3854 λόγῳ
1837 3782 1931 3836 τοῦ

340 3881 591 3935 τοιούτου
613 3880 843 3943 κάλλους
876 3876 1289 3949 ἐγγραφομένου
1311 3894 1325 3909 ·
1359 3870 1419 3931 οὗ
1447 3876 1505 3929 δὲ
1536 3875 1596 3929 τὸ
1625 3875 1933 3946 ἀρχέτυπον

341 3973 545 4037 κάλλος
599 3972 877 4041 διαφεύγει
930 3971 1027 4043 τὴν
1074 3969 1434 4039 κατανόησιν,
1470 3970 1586 4033 πῶς
1625 3971 1691 4024 ἂν
1718 3971 1747 4021 ὁ
1778 3968 1933 4036 λόγος

340 4067 445 4120 ὕπ’
474 4066 598 4134 ὄψιν
626 4064 844 4132 ἀγάγοι,
876 4062 1133 4133 οὐδεμίαν
1171 4061 1418 4132 μηχανὴν
1444 4061 1772 4130 ἐξευρίσκων
1802 4062 1934 4113 ὑπο-

340 4157 568 4228 γραφῆς
591 4197 605 4219 ,
632 4156 693 4209 ού
720 4154 906 4226 χροιὰν
937 4153 1075 4224 ἔχων
1114 4154 1309 4215 είπεῖν,
1338 4152 1398 4204 οὐ
1429 4154 1614 4222 σχῆμα
1634 4191 1648 4214 ,
1677 4152 1738 4205 οὐ
1773 4151 1932 4221 μέγε-

342 4248 476 4312 οος,
507 4248 567 4301 οὒ
606 4247 820 4318 μορφῆς
858 4244 1136 4316 εὐμοιρίαν
1157 4282 1172 4307 ,
1202 4241 1323 4295 ούδέ
1353 4259 1476 4296 τινα
1507 4242 1641 4305 ὅλως
1666 4242 1932 4312 φλυαρίαν

340 4337 638 4405 τοιαύτην;
673 4336 748 4387 Τὸ
784 4335 892 4406 γὰρ
917 4334 1090 4397 ἀειδὲς
1124 4331 1301 4402 πάντη
1324 4373 1339 4398 ,
1378 4333 1471 4385 καὶ
1507 4332 1931 4403 ἀσχημάτιστον,

341 4427 449 4482 καὶ
502 4424 863 4496 πηλικότητος
896 4426 1077 4495 πάσης
1119 4424 1397 4496 ἀλλότριον
1417 4463 1430 4488 ,
1465 4424 1558 4477 καὶ
1589 4424 1804 4477 πάντων
1831 4424 1932 4478 ὅσα

2033 1867 2105 1921 tis
2146 1866 2228 1922 vis
2274 1874 2380 1930 est,
2416 1876 2478 1920 ut
2527 1866 2602 1929 ei,
2636 1866 2730 1935 qui
2781 1866 2886 1919 hoc
2933 1865 3134 1919 damno
3184 1863 3438 1929 allicitur,
3479 1861 3615 1916 illud

2032 1958 2208 2027 ipsum
2255 1958 2640 2014 demonstret?
2676 1957 2842 2013 Recte
2887 1957 3020 2011 mihi
3043 1956 3266 2025 quidem
3299 1957 3441 2009 hanc
3478 1954 3616 2009 diﬂi—

2032 2050 2287 2104 cultatem
2335 2066 2584 2107 summus
2635 2052 2726 2106 ille
2778 2049 2945 2105 David
3003 2049 3417 2103 demonstrasse
3460 2048 3614 2102 vide—

2032 2151 2121 2195 tur
2162 2158 2177 2195 :
2207 2141 2301 2211 qtti
2343 2140 2584 2211 Spiritus
2613 2143 2664 2195 vi
2701 2141 2996 2211 aliquando
3031 2149 3213 2195 mente
3238 2139 3439 2207 elatus,
3470 2153 3614 2208 qua-

2032 2232 2189 2303 sique
2239 2240 2393 2287 extra
2462 2248 2522 2288 se
2571 2233 2823 2304 positus,
2882 2246 3121 2302 cumque
3174 2231 3230 2285 in
3295 2231 3454 2285 beata
3522 2229 3613 2282 illa

2033 2325 2232 2381 mentis
2269 2325 2505 2381 elatione
2554 2332 2721 2391 esset,
2762 2325 3228 2396 pulchritudinem
3279 2324 3429 2377 illam
3477 2321 3615 2376 (lilii-

2031 2418 2212 2484 eilem,
2245 2434 2368 2488 quae
2403 2434 2513 2473 non
2542 2429 2726 2473 mente
2767 2417 3270 2488 comprehenditur,
3308 2415 3425 2485 ipse
3458 2415 3611 2476 vidit,

2032 2515 2093 2561 ut
2130 2508 2334 2562 homini
2374 2509 2567 2563 saltem
2598 2516 2777 2579 potest
2806 2510 3146 2579 contingere,
3181 2507 3434 2578 corporis
3465 2508 3615 2561 velut;

2032 2610 2230 2655 exutus
2282 2600 2607 2661 involucris,
2651 2602 2769 2655 sola
2811 2608 2991 2656 mente
3020 2602 3315 2670 animoque
3365 2615 3492 2654 eum
3546 2600 3615 2653 ad

2033 2705 2240 2754 rerum,
2286 2704 2409 2761 quae
2456 2705 2689 2761 corpore
2732 2700 2953 2755 vacant,
2993 2699 3284 2761 menteque
3318 2690 3494 2746 solum
3533 2689 3617 2742 in-

2031 2782 2391 2853 telliguntur,
2439 2782 2957 2852 contemplationem
3013 2797 3074 2838 se
3122 2782 3426 2845 conferret,
3484 2796 3619 2851 quo-

2032 2876 2181 2929 niam
2225 2874 2432 2944 aliquid
2477 2875 2666 2930 dicere
2710 2875 2963 2946 cupierat
3002 2890 3069 2929 eo
3110 2874 3360 2946 dignum,
3391 2874 3538 2945 quod
3586 2888 3619 2927 a

2033 2982 2094 3022 se
2121 2978 2475 3037 conspectum
2494 2975 2631 3034 erat,
2658 2967 2927 3038 ejusmodi
2944 2966 3170 3023 verbum
3197 2966 3446 3036 protulit,
3470 2965 3619 3036 quod

2032 3062 2197 3132 vulgo
2235 3060 2344 3115 dici
2384 3060 2523 3117 solet
2555 3079 2567 3113 :
2602 3080 2621 3112 ι
2651 3059 2843 3114 Omnis
2868 3061 3029 3113 homo
3066 3057 3296 3112 mendax
3320 3058 3417 3112 ίνι
3458 3074 3477 3107 ι
3513 3055 3621 3109 hoc

2034 3163 2142 3220 est,
2175 3161 2234 3207 ut
2260 3167 2378 3207 mea
2413 3150 2517 3207 l‘ert
2543 3152 2753 3223 opinio,
2784 3152 2950 3207 homo
2971 3151 3174 3212 omnis,
3199 3149 3291 3220 qui
3322 3146 3617 3204 ineﬂ‘abilis

2036 3243 2258 3299 luminis
2309 3242 2820 3313 interpretationem
2873 3241 3118 3297 sermoni
3169 3239 3472 3310 permittit,
3527 3238 3620 3294 hic

2000 3344 2118 3400 ,est
2148 3352 2208 3392 re
2241 3350 2369 3391 vera
2420 3334 2595 3390 falsus
2629 3354 2641 3388 :
2678 3348 2790 3389 non
2826 3333 2954 3403 quia
2993 3332 3283 3388 veritatem
3330 3330 3468 3396 odit,
3520 3331 3618 3387 sed

2034 3428 2292 3498 quoniam
2343 3425 2412 3480 ad
2478 3425 2601 3496 ejus
2653 3424 2801 3494 quod
2857 3431 3039 3479 mente
3105 3422 3615 3493 comprehenditur,

2033 3519 2456 3590 explicationem
2495 3517 2745 3573 inﬁrmus
2787 3524 2895 3571 est.
2937 3515 3410 3570 Pulehritudinem
3445 3515 3616 3578 enim,

2034 3626 2155 3682 quae
2184 3610 2440 3666 sensibus
2471 3610 2795 3679 percipitur,
2835 3622 3024 3678 qumve
3059 3609 3114 3663 in
3148 3608 3310 3662 terris
3336 3607 3390 3660 in
3425 3618 3619 3661 nostra

2032 3704 2140 3757 hac
2182 3701 2289 3756 vita
2330 3700 2600 3763 cernitur,
2637 3700 2754 3755 sive
2789 3698 2879 3752 illa
2922 3699 2993 3754 sit
3028 3698 3083 3752 in
3135 3697 3301 3753 rebus
3333 3696 3615 3761 inanimis,

2033 3794 2150 3849 sive
2190 3792 2244 3846 in
2294 3791 2623 3862 corporibus
2657 3789 2942 3853 animatis,
2993 3790 3141 3843 bono
3197 3790 3385 3859 aliquo
3432 3792 3622 3845 colore

2034 3885 2364 3956 excogitata,
2411 3884 2495 3940 vis
2549 3898 2812 3940 sensuum
2861 3888 3181 3937 nostrorum
3216 3898 3313 3952 per
3365 3898 3427 3938 se
3483 3885 3620 3939 satis

2034 3985 2138 4042 est,
2169 3988 2227 4032 ut
2259 3976 2407 4030 illam
2444 3991 2547 4031 nos
2590 3976 2947 4047 aspiciamus,
2991 3973 3352 4040 admiremur,
3381 3976 3618 4031 demon-

2036 4077 2274 4124 stremus
2320 4068 2466 4133 aliis,
2506 4081 2570 4121 ac
2619 4082 2895 4129 sermone,
2936 4067 3095 4136 quasi
3149 4067 3203 4121 in
3251 4068 3450 4123 tabella
3481 4084 3619 4137 qua-

2036 4158 2158 4213 dam
2191 4157 2263 4214 sit
2292 4156 2458 4227 hujus
2492 4156 2924 4226 pulchritudinis
2955 4170 3215 4227 expressa
3250 4159 3484 4226 species,
3517 4173 3620 4212 no-

2036 4257 2146 4304 tam
2215 4249 2363 4302 illam
2421 4247 2636 4303 caeteris
2688 4246 2996 4313 faciamus;
3069 4263 3250 4317 neque
3297 4249 3441 4303 enim
3495 4251 3618 4319 ejus

2035 4341 2314 4408 exemplar
2362 4336 2774 4408 intelligentiam
2815 4337 2955 4407 fugit
2990 4356 3004 4392 :
3040 4353 3148 4407 quo
3193 4338 3355 4392 modo
3398 4340 3508 4401 lict,
3559 4350 3618 4395 ut

2036 4430 2107 4485 ob
2152 4430 2343 4485 oculos
2393 4444 2508 4483 rem
2559 4439 2725 4499 ponat
2757 4429 2961 4494 oratio,
2998 4444 3136 4500 quae
3167 4430 3372 4483 nullam
3405 4430 3618 4485 deseri-

342 4517 481 4587 περὶ
513 4490 674 4587 σι’ύμα
714 4490 808 4569 καὶ
840 4490 1091 4585 αἴσθησιν
1127 4490 1434 4586 θεωρεῖται,
1468 4514 1751 4586 πόρρωθεν
1782 4515 1930 4583 ἱδρύ-

2036 4523 2201 4579 bendi
2236 4529 2407 4577 artem
2448 4520 2737 4592 eomperit,
2786 4536 2896 4577 non
2935 4521 3155 4577 dicendi
3197 4524 3461 4588 colorem,
3505 4538 3618 4579 non

344 4625 548 4679 μενον,
577 4607 696 4669 πῶς
742 4605 808 4660 ἀν
840 4623 925 4670 τις
961 4606 1048 4660 διὰ
1066 4605 1172 4659 τῶν
1221 4606 1356 4677 μόνῃ
1390 4608 1455 4678 τῇ
1491 4605 1740 4677 αἰσθήσει
1767 4623 1934 4661 κατα-

336 4699 780 4770 λαμϐανομένων
832 4698 1179 4769 γνωρίσειεν;
1229 4698 1303 4751 Οὐ
1365 4698 1470 4770 μὴν
1526 4699 1613 4753 διὰ
1661 4698 1821 4752 τοῦτό
1869 4717 1933 4759 γε

337 4789 730 4859 ἀπογνωστέον
778 4791 910 4859 ἡμῖν
938 4791 1036 4859 τῆς
1080 4787 1372 4852 ἐπιθυμίας
1397 4787 1637 4858 ταύτης,
1677 4788 1758 4841 ὅτι
1798 4787 1935 4859 ὑψη-

337 4882 544 4952 λοτέρα
581 4880 829 4950 φαίνεται
860 4880 958 4951 τῆς
988 4880 1341 4952 καταλήψεως
1361 4899 1373 4910 ν
1410 4879 1523 4934 ἀλλ’
1552 4881 1662 4950 ὅσῳ
1708 4879 1850 4949 μέγα
1873 4879 1936 4932 τὸ

338 4973 682 5043 ζητούμενον
709 4974 738 5025 6
775 4972 929 5041 λόγος
960 4970 1260 5038 ἀπέδειξεν,
1281 4971 1519 5042 τοσούτῳ
1547 4971 1743 5043 μᾶλλον
1770 4972 1933 5041 ὑψοῦ-

349 5064 478 5116 σθαι
505 5063 612 5133 χρὴ
645 5064 751 5140 τὴν
770 5062 1008 5117 διάνοιαν
1032 5065 1124 5117 καὶ
1166 5046 1583 5134 συνεπαίρεσθαί
1610 5063 1686 5134 τῷ
1713 5063 1931 5135 μεγέθει

334 5152 440 5208 τοῦ
477 5154 833 5225 ζητουμένου,
871 5154 943 5224 μὴ
971 5155 1244 5220 παντελῶς
1282 5154 1386 5220 ἔξω
1419 5155 1669 5224 γενέσθαι
1716 5156 1815 5226 τῆς
1837 5155 1931 5208 τοῦ

226 5314 229 5315 ν
336 5242 554 5311 ἀγαθοῦ
614 5244 903 5313 μετουσίας
930 5262 943 5274 υ
977 5244 1219 5309 κίνδυνος
1266 5246 1372 5316 γὰρ
1400 5248 1459 5299 οὐ
1503 5246 1716 5319 μικρὺς,
1742 5247 1814 5318 μὴ
1855 5245 1933 5318 τῷ

212 5364 226 5403 ,ι
333 5335 467 5389 λίαν
499 5333 690 5404 ὑψηλῴ
724 5353 781 5388 τε
812 5337 906 5389 καὶ
933 5337 1179 5408 ἀρρήτῳ,
1217 5340 1530 5393 παντάπασι
1561 5341 1660 5410 τῆς
1684 5341 1809 5411 περὶ
1837 5341 1936 5394 a6-

333 5424 439 5478 τοῦ
476 5425 688 5489 ἐννοίας
744 5426 1199 5499 ἀπολισθήσωμεν
1229 5469 1243 5494 ,
1286 5427 1472 5498 μηδενὶ
1517 5428 1778 5500 γνωρίμῳ
1834 5426 1934 5500 τὴν

335 5515 678 5585 κατανόησιν
706 5517 884 5570 αὐτῶν
907 5518 1297 5591 ἐπερείδοντες.
1333 5520 1422 5571 Δεῖ
1451 5518 1629 5574 τοίνυν
1657 5520 1757 5591 τῆς
1784 5520 1936 5574 ἀσθε-

420 5700 488 5735 ¹³²
512 5698 657 5781 Psal.
687 5716 811 5765 cxv,
841 5702 931 5757 ll.

671 5797 947 5859 Ροιτιιοι.
993 5795 1106 5859 Gn.
1155 5792 1377 5855 XLVI.

2026 4614 2281 4686 ﬁguram,
2314 4628 2423 4668 non
2455 4613 2911 4682 magnitudinem,
2953 4627 3064 4667 non
3100 4614 3465 4683 integritatem
3501 4613 3613 4670 lor-

2032 4722 2154 4772 mae,
2203 4722 2382 4776 neque
2431 4706 2571 4760 ullas
2614 4707 2773 4776 plane
2805 4706 2858 4760 id
2906 4706 3123 4777 generis
3183 4722 3357 4777 nugas
3411 4708 3620 4763 habet?

2034 4797 2178 4868 quod
2234 4798 2381 4852 enim
2432 4796 2501 4850 ab
2552 4796 2702 4851 omni
2733 4805 2889 4867 parte
2939 4798 3235 4852 obscurum
3285 4807 3390 4862 est,
3437 4812 3617 4867 neque

2033 4891 2145 4944 ulla
2187 4889 2363 4943 forma
2411 4902 2758 4957 expressum,
2786 4888 3000 4958 quodve
3039 4888 3108 4943 ab
3141 4888 3289 4941 omni
3339 4889 3616 4959 ninguitu—

2040 4982 2166 5037 dine
2209 4982 2469 5044 alienum,
2532 4980 2801 5050 longeque
2837 4982 2906 5035 ab
2957 4982 3043 5036 his
3074 4981 3333 5037 omnibus
3376 4983 3617 5052 positum

2039 5081 2156 5139 est,
2216 5087 2336 5140 qua:
2407 5073 2659 5142 corporis
2707 5072 2963 5129 sensibus
3020 5081 3339 5136 cernuntur,
3401 5073 3454 5127 id
3507 5089 3617 5141 quo

2042 5168 2200 5221 modo
2236 5165 2434 5233 aliquis
2469 5164 2747 5235 cognitum
2780 5180 2846 5219 ex
2890 5164 3171 5248 iihrebus
3213 5165 3458 5225 haberet,
3496 5179 3618 5234 quae

2038 5254 2158 5309 solo
2203 5267 2369 5307 sensu
2417 5251 3004 5323 eomprehendﬁnftur?
3036 5253 3151 5307 Non
3197 5260 3487 5324 propterea
3530 5260 3616 5308 ta-

2040 5362 2161 5401 men
2214 5346 2377 5415 hujus
2424 5345 2779 5416 cognitionis,
2832 5344 3264 5416 cupiditatisque
3309 5361 3412 5402 nos
3462 5360 3615 5416 spem

2037 5439 2312 5509 deponere
2364 5438 2647 5503 debemus,
2703 5437 2963 5508 quoniam
3021 5440 3184 5495 altior
3252 5456 3315 5495 ca
3363 5448 3613 5511 apparet,

2040 5546 2205 5602 quam
2238 5538 2295 5586 ut
2329 5538 2509 5587 mente
2533 5530 2919 5601 comprehendi
2957 5531 3173 5606 possit;
3204 5533 3322 5600 sed,
3359 5548 3469 5604 quo
3498 5546 3615 5586 ma-

3218 5801 3295 5861 12
