4072 6156
533 283 638 338 565

1782 281 1838 335 S.
1883 279 2206 339 GREGORII
2229 283 2519 342 NYSSENI

3672 292 3780 348 564

533 396 622 466 ius
659 404 741 452 est
778 396 851 462 id,
882 397 1024 468 quod
1057 395 1341 467 quaeritur,
1376 409 1442 450 eo
1483 394 1648 450 altius
1679 395 1862 448 animo
1894 403 2094 449 mente-

2204 395 2351 460 νείας
2389 398 2575 452 ἕνεκεν
2615 401 2816 471 ταύτης
2844 402 2930 455 διὰ
2958 402 3063 456 τῶν
3115 406 3179 476 τῇ
3209 405 3458 476 αἰσθήσει
3493 406 3782 476 γνωρίμων

535 503 641 558 que
670 489 871 553 ellerri,
905 489 1090 559 reique
1122 487 1294 558 ipsius
1333 485 1707 557 magnitudine
1738 484 1912 555 magis
1938 492 2102 553 atque

535 579 711 647 inagis
755 593 854 633 nos
887 575 1114 630 excitari
1151 586 1386 646 oportet,
1421 583 1479 629 ut
1525 589 1592 630 ne
1637 574 1706 629 ab
1761 573 1933 642 ipsius
1965 572 2092 626 boni

2207 493 2561 557 χειραγωγεῖν
2614 492 2749 561 πρὸς
2796 493 2856 544 τὸ
2898 494 3128 564 ἀόρατον
3173 496 3269 566 τήν
3313 496 3570 551 διάνοιαν.
3612 497 3678 550 Ἢ
3726 497 3783 552 δὲ

2199 577 2410 631 ἐπίνοια
2435 580 2650 648 γένοιτο
2678 583 2744 638 ἂν
2773 585 2904 655 ἡμῖν
2930 585 3152 658 τοιαύτη
3180 604 3191 619 ο

533 669 792 721 societate
845 665 1004 719 alieni
1059 680 1156 718 nos
1207 665 1365 733 plane
1415 663 1738 718 ciliciamur.
1790 661 2099 717 Periculum
2138 665 2282 719 enim
2324 682 2435 722 non
2514 686 2742 740 parvum
2809 685 2915 742 est,
2954 691 3042 739 ne,
3082 692 3206 730 eum
3238 679 3443 736 nullius
3478 680 3553 736 rei
3589 681 3784 746 cogni-

532 763 680 814 tione
721 760 884 828 hujus
929 760 1349 830 intelligentiam
1393 757 1514 828 eapi
1550 773 1714 827 posse
1787 756 2263 825 aliirmavcrimus,

2342 771 2566 834 propter
2617 783 2871 838 magnam
2943 771 3234 840 quamdam
3301 783 3356 828 et
3422 773 3784 844 inexplicabi-

532 858 633 910 lem
677 851 1106 922 magnitudinem
1154 868 1256 909 nos
1296 853 1416 922 ejus
1461 853 1687 908 omnino
1729 853 2096 923 cognitionem
2132 856 2472 916 amittamus.
2515 861 2704 932 Itaque
2740 873 2964 935 propter
2990 866 3133 922 hanc
3201 866 3375 938 ipsam
3441 869 3786 924 imbecillita-

530 961 657 1007 tem,
700 960 765 1000 ex
808 945 969 998 rebus
999 960 1164 999 sensu
1191 943 1426 1014 cognitis
1457 944 1654 999 mentis
1691 945 1797 998 vim
1825 960 1928 1000 nos
1958 939 2362 1015 quodammodo
2393 953 2461 1008 ad
2502 954 2557 1008 id
2608 955 2893 1013 traducere
2953 967 3190 1028 oportet,
3265 959 3413 1032 quod
3478 960 3582 1016 sub
3649 976 3784 1018 ocu-

530 1034 614 1090 los
653 1049 762 1088 non
814 1035 982 1089 cadit.
1030 1035 1208 1104 Atque
1261 1034 1317 1088 in
1355 1033 1458 1087 hac
1501 1032 1719 1103 quidem
1760 1035 2227 1106 contemplatione
2255 1055 2356 1098 nos
2396 1042 2472 1099 ita
2499 1059 2806 1101 versemur.

881 1177 893 1213 ,
1139 1145 1370 1214 CAPUT
1405 1146 1495 1202 XI.

540 1237 1001 1308 Quemadmodum
1039 1239 1154 1309 quis
1203 1239 1254 1291 in
1289 1238 1708 1358 eo‘rlislideratione
1741 1256 1857 1296 vere
1900 1239 2106 1294 honesti

1117 1324 1314 1358 versari
1379 1325 1404 1358 8
1441 1318 1509 1358 et.

1117 1324 1314 1362 versari
1341 1318 1509 1361 debet.

599 1401 704 1467 Qui
734 1399 1036 1454 exteriores
1085 1405 1295 1452 tantum
1339 1412 1428 1451 res
1471 1398 1619 1452 nulla
1660 1399 1914 1468 penitiori
1964 1414 2101 1455 con-

530 1493 882 1563 templatione
928 1493 1230 1556 intuentur,
1290 1507 1415 1546 eum
1477 1492 1778 1556 hominem,
1830 1499 1925 1546 aut
1987 1507 2100 1546 rem

530 1585 769 1654 aliquam
810 1583 1109 1654 aspiciunt,
1159 1598 1280 1651 quae
1331 1582 1568 1653 speciem
1601 1583 1840 1652 aliquam
1889 1599 2003 1652 pra:
2045 1597 2106 1638 se

2805 1161 3054 1217 ΚΕΦΛΛ.
3091 1163 3192 1217 IA'.

2207 1245 2338 1314 Πῶς
2367 1249 2446 1302 ἂν
2466 1267 2556 1317 τις
2575 1251 2645 1304 ἐν
2665 1254 2934 1321 περινοίᾳ
2971 1253 3201 1324 γένοιτο
3219 1255 3324 1310 τοῦ
3349 1255 3534 1323 ὄντως
3563 1257 3778 1314 καλοῦ.

2274 1402 2483 1474 Ὠσπερ
2508 1405 2686 1460 τοίνυν
2713 1409 2762 1461 oi
2796 1409 2895 1479 μὲν
2923 1410 3365 1482 ἐπιπολαιότερον
3390 1412 3514 1483 δίχα
3541 1413 3781 1478 διανοίας

2199 1490 2269 1543 τὰ
2313 1492 2612 1562 πράγματα
2656 1495 2974 1564 βλέποντες,
3006 1500 3222 1553 ὲπειδάν
3249 1499 3462 1554 εἴδωσιν
3492 1502 3780 1572 ἄνθρωπον

2201 1581 2234 1652 ἢ
2257 1582 2390 1654 ὅπερ
2410 1583 2477 1638 ἂν
2498 1585 2634 1656 τύχῃ
2655 1587 2762 1641 τῶν
2790 1591 3146 1661 φαινομένων,
3171 1591 3330 1645 πλέον
3353 1593 3505 1646 οὐδὲν
3524 1593 3620 1646 τοῦ
3641 1596 3782 1664 ὁρω-

529 1674 688 1739 ferat,
721 1675 855 1728 nihil
888 1689 1020 1730 sane
1052 1675 1286 1743 amplius
1313 1675 1634 1744 exquirunt,
1661 1690 1823 1744 quam
1867 1675 1920 1729 id
1951 1674 2094 1745 quod

2208 1673 2891 1776 pévou‘mptspydhvrat'
2941 1683 3100 1752 ἀρκεῖ
3143 1683 3250 1753 γάρ
3285 1684 3466 1746 αὐτοῖς
3505 1683 3782 1754 θεασαμέ-

528 1767 630 1820 sub
665 1767 855 1820 oculos
898 1766 1065 1819 cadit.
1095 1765 1234 1839 .Nam
1266 1764 1395 1819 dum
1430 1765 1680 1834 corporis
1719 1765 1915 1820 molem
1965 1781 2098 1820 con-

527 1858 880 1926 tcmplantur,
927 1857 994 1910 iis
1041 1857 1176 1909 satis
1221 1861 1328 1914 est,
1385 1855 1431 1908 si
1475 1863 1643 1908 totam
1675 1855 1922 1924 corporis
1969 1845 2128 1909 con?

527 1949 863 2004 slitutionem
927 1944 1411 2015 comprehendisse
1457 1961 1517 2001 se
1573 1954 1785 2017 putent.
1835 1945 1906 1998 At
1969 1961 2101 2000 vero

525 2041 616 2109 qui
650 2047 828 2093 mente
858 2046 941 2092 est
970 2044 1130 2090 acuta
1165 2044 1219 2090 et
1257 2036 1585 2105 pcrspicaci,
1629 2037 2100 2107 scientiarumque

523 2129 830 2198 disciplinis
860 2129 1184 2188 instructus,
1235 2141 1344 2179 non
1383 2127 1554 2180 solum
1589 2127 1726 2182 satis
1773 2128 1934 2182 habet
1967 2143 2099 2183 oeuo

525 2221 700 2274 lormn
733 2235 899 2274 sensu
931 2232 1038 2277 res,
1076 2231 1198 2284 qua:
1239 2225 1391 2279 sunt,
1424 2217 1664 2284 intueri;
1701 2233 1878 2287 neque
1909 2218 2096 2282 rebus,

523 2326 644 2379 qua:
699 2309 977 2372 videntur,
1031 2305 1357 2374 simpliciter
1410 2307 1744 2376 acquiescit;
1809 2322 1985 2377 neque
2044 2307 2098 2362 id

523 2401 668 2472 quod
702 2417 810 2456 non
847 2401 1112 2463 cernitur,
1172 2400 1226 2454 in
1265 2401 1331 2454 iis
1365 2398 1552 2461 rebus,
1588 2415 1710 2468 quae
1744 2400 1906 2453 nullze
1948 2407 2097 2466 sunt,

523 2503 813 2560 uulnerat;
856 2491 950 2548 sed
999 2505 1214 2544 omnem
1257 2489 1419 2543 etiam
1470 2491 1636 2543 animi
1681 2498 1932 2544 naturam
1977 2491 2100 2545 dili-

523 2596 712 2657 genter
769 2583 1080 2650 investigat,
1139 2597 1547 2653 corporumque
1607 2581 1924 2650 qualitates,
1979 2597 2100 2650 qum

522 2685 809 2748 apparent,
842 2684 896 2731 et
931 2675 1210 2738 universe,
1246 2682 1299 2728 ct
1338 2673 1616 2743 sigillatim
1653 2672 1968 2727 considerat
1998 2690 2010 2726 :
2046 2680 2099 2726 ct

522 2770 714 2822 harum
768 2780 929 2819 unam
967 2766 1035 2818 ab
1085 2766 1254 2818 altera
1309 2764 1583 2833 praecipue
1631 2763 1847 2817 ratione
1894 2763 2097 2818 distin-

523 2857 642 2926 guit
675 2873 687 2908 :
725 2869 1029 2922 rursusque
1059 2855 1275 2907 illarum
1306 2868 1650 2907 communem
1679 2868 2008 2908 concursum
2044 2862 2097 2908 et

522 2946 932 3014 consmrantcrn
997 2944 1288 3012 quemdam
1335 2960 1668 2998 consensum
1724 2947 1780 2999 in
1847 2945 2096 3015 corporis

2203 1782 2313 1827 νοις
2341 1765 2432 1818 τὸν
2479 1765 2641 1835 ὄγκον
2672 1769 2764 1823 τοῦ
2817 1769 3068 1840 σώματος
3091 1811 3106 1837 ,
3139 1773 3257 1826 ὅλον
3303 1773 3522 1843 νομίσαι
3555 1775 3647 1826 τὸν
3681 1772 3780 1827 τοῦ

2200 1855 2487 1929 ἀνθρώπου
2538 1858 2692 1927 λόγον
2733 1861 3148 1933 κατειληφέναι·
3192 1865 3221 1917 ὁ
3254 1863 3310 1917 δὲ
3346 1863 3648 1934 διορατικδς
3680 1863 3782 1934 τὴν

2198 1946 2392 2017 ψυχὴν,
2426 1947 2519 2001 καὶ
2559 1948 2984 2019 πεπαιδευμένος
3035 1952 3108 2022 μὴ
3139 1951 3317 2022 μόνοις
3343 1951 3638 2023 ὀφθαλμοῖς
3660 1955 3782 2006 ἐπι.

2198 2036 2466 2110 τρέπει[ν]
2487 2038 2583 2108 τὴν
2612 2040 2718 2090 τῶν
2739 2039 2906 2093 ὄντων
2933 2041 3236 2111 ἐπίσκεψιν,
3259 2043 3318 2096 οὐ
3344 2043 3504 2114 μέχρι
3521 2045 3629 2098 τῶν
3657 2064 3782 2114 φαι-

2199 2128 2439 2197 νομένων
2492 2130 2780 2199 στήσεται,
2825 2131 2944 2183 οὐδὲ
2981 2132 3038 2184 τί.
3082 2133 3156 2203 μὴ
3201 2133 3528 2203 βλεπόμενον
3567 2137 3625 2187 ὲν
3663 2138 3778 2200 τοῖς

2202 2217 2277 2287 μὴ
2300 2213 2420 2269 οὖσι
2449 2217 2741 2286 λογίζεται,
2787 2219 2922 2272 ἀλλὰ
2951 2221 3043 2273 καὶ
3084 2221 3262 2292 ψυχῆς
3304 2221 3464 2290 φύσιν
3497 2226 3776 2294 περινοεῖ,

2200 2309 2293 2360 καὶ
2324 2308 2424 2372 τὰς
2451 2308 2528 2378 τῷ
2551 2309 2764 2379 σώματι
2791 2310 3134 2381 ἐμφυομένας
3164 2312 3475 2384 ποιότητας,
3509 2313 3603 2366 καὶ
3622 2318 3775 2385 κοινῇ

2200 2401 2296 2452 καὶ
2340 2401 2462 2454 καθ’
2496 2402 2694 2465 ἑαυτὰς
2741 2402 3163 2456 ὲπισκέπτεται·
3219 2403 3325 2474 ἰδίᾳ
3367 2422 3426 2457 τε
3458 2405 3566 2476 γὰρ
3597 2407 3778 2460 αὐτῶν

2200 2490 2434 2560 ἑκάστην
2467 2491 2686 2561 χωρίζει
2714 2492 2791 2562 τῷ
2823 2493 2988 2563 λόγῳ,
3021 2494 3114 2547 καὶ
3143 2494 3303 2547 πάλιν
3335 2496 3433 2567 τὴν
3465 2498 3648 2567 κοινὴν
3679 2499 3779 2551 αὑ-

2198 2581 2306 2633 τῶν
2339 2583 2641 2652 συνδρομήν
2677 2599 2735 2636 τε
2774 2585 2866 2636 καὶ
2898 2584 3199 2655 σύμπνοιαν
3229 2587 3355 2657 περὶ
3383 2587 3481 2655 τὴν
3514 2588 3604 2640 τοῦ
3642 2589 3777 2643 ὑπο-

2201 2672 2448 2742 κειμένου
2475 2673 2731 2752 σύστασιν
2760 2674 2984 2744 θεωρεῖο
3036 2674 3207 2736 οὕτως
3239 2672 3332 2729 οὖν
3370 2678 3464 2731 καὶ
3492 2679 3550 2731 ἐν
3578 2681 3644 2748 τῇ
3680 2679 3777 2732 τοῦ

2201 2763 2366 2816 καλοῦ
2408 2765 2661 2834 ζητήσει,
2709 2768 2738 2818 ὁ
2771 2765 2869 2834 μὲν
2901 2765 3096 2836 ἀτελὴς
3127 2767 3225 2837 τὴν
3257 2767 3518 2832 διάνοιαν,
3554 2770 3778 2824 ἐπειδάν

2203 2853 2284 2926 ἴδῃ
2325 2872 2375 2907 τι
2420 2857 2649 2924 πρᾶγμα
2695 2848 2738 2923 ᾧ
2786 2856 3012 2920 κάλλους
3056 2859 3201 2920 τινὸς
3240 2859 3592 2931 περικέχυται
3639 2879 3775 2929 φαν-

2199 2945 2379 3006 τασία,
2414 2944 2544 2997 αὐτὸ
2569 2947 2744 2998 ἐκεῖνο
2780 2947 2942 3000 καλὸν
2974 2943 3113 3001 εἶναι
3151 2951 3217 3019 τῇ
3247 2951 3442 3003 ἑαυτοῦ
3474 2952 3634 3021 φύσει
3661 2955 3776 3024 οἰή-

521 3035 914 3091 eonstitutione
945 3035 1364 3102 contemplatur.
1397 3033 1596 3088 Eadem
1639 3035 1805 3105 igitur
1838 3038 1980 3090 ratio
2009 3045 2094 3092 est

2204 3051 2377 3099 σεται,
2408 3036 2544 3105 ὅπερ
2563 3035 2628 3089 ἂν
2653 3037 2750 3107 τήν
2776 3035 3025 3108 αἴσθησιν
3045 3039 3210 3093 αὐτοῦ
3238 3041 3303 3092 δι’
3328 3041 3518 3112 ήδονῆς
3547 3044 3780 3098 ἐπισπά-

513 3131 574 3193 in
612 3131 776 3198 hujus
813 3129 1024 3182 honesti
1055 3129 1378 3198 pulchrique
1411 3129 1780 3197 indagatione.
1812 3129 1913 3196 Qui
1945 3132 2090 3185 enim

504 3230 702 3276 mente
759 3223 940 3275 minus
997 3222 1240 3290 perlecta
1295 3228 1398 3283 est,
1459 3235 1582 3273 eum
1630 3219 1835 3288 aliquid
1894 3221 2088 3285 cernit,

517 3313 663 3383 quod
694 3312 929 3381 speciem
968 3310 1396 3380 pulchritudinis
1441 3311 1680 3380 aliquam
1718 3325 1830 3380 prae
1867 3327 1926 3366 se
1961 3309 2088 3376 fert,

519 3400 652 3455 illud
683 3401 858 3470 ipsum
893 3400 1183 3469 pulchrum
1229 3413 1327 3452 sua
1364 3408 1559 3452 natura
1601 3413 1726 3453 esse
1757 3398 2089 3467 opinabitur,

517 3493 660 3564 quod
700 3494 977 3561 voluptate
1022 3492 1260 3562 qttadam
1309 3491 1429 3559 ejus
1461 3505 1654 3545 sensus
1686 3488 1926 3544 aﬂ'ccerit
1959 3507 1972 3542 :
2003 3489 2090 3542 ni-

517 3585 701 3655 hilque
747 3594 944 3654 praeter
985 3598 1105 3638 eam
1146 3581 1398 3652 requirit.
1453 3581 1560 3636 Sed
1605 3581 1698 3650 qui
1741 3580 2092 3655 integerrimo

516 3686 598 3732 est
624 3677 792 3730 animi
829 3693 994 3733 sensu
1036 3675 1418 3745 ejusmodique
1447 3689 1538 3730 res
1573 3671 1844 3742 inspicere
1886 3653 2089 3741 potest:

516 3770 563 3825 is
608 3770 891 3824 materiam
940 3769 1255 3836 relinquens
1278 3764 1503 3836 'pulchri
1543 3765 1730 3818 fortine
1763 3763 2091 3833 subjectant,

515 3878 604 3921 eo,
635 3861 780 3930 quod
819 3862 994 3914 oculis
1018 3861 1283 3920 cernitur,
1309 3857 1465 3928 quasi
1495 3856 1853 3910 fundamento
1885 3857 2089 3926 aliquo,

520 3959 701 4006 utetur
757 3950 822 4004 ad
888 3950 1036 4003 illius
1078 3947 1501 4018 pulchritudinis
1551 3946 2090 4016 contemplationem,

515 4041 662 4112 quod
717 4048 896 4095 mente
941 4039 1444 4109 comprehenditur,
1493 4039 1654 4109 cujus
1709 4037 2093 4092 communione

517 4150 643 4189 cum
683 4135 887 4203 reliqua
930 4133 1154 4188 honesta
1190 4133 1528 4203 pulchraque
1581 4141 1731 4196 sunt,
1769 4139 1882 4185 tum
1925 4129 2090 4184 etiam

520 4224 808 4279 habentur.
836 4223 966 4277 Mihi
1003 4240 1129 4277 vero
1169 4222 1387 4278 diliicile
1415 4224 1652 4287 videtur,
1688 4238 1813 4277 cum
1845 4221 2093 4290 plerique

514 4316 709 4371 obtusa
743 4317 940 4370 mentis
993 4315 1110 4370 acie
1151 4315 1282 4377 sint,
1336 4331 1454 4378 eos,
1499 4316 1590 4385 qui
1622 4329 1876 4369 sermone
1921 4321 2090 4366 mate-

2199 3145 2378 3198 σηται,
2410 3131 2503 3182 καὶ
2531 3129 2680 3181 οὐδὲν
2707 3130 2846 3201 ὑπὲρ
2872 3127 3027 3184 τοῦτο
3047 3132 3208 3186 πλέον
3235 3135 3675 3205 περιεργάζεται.
3718 3136 3777 3190 ’0

2195 3217 2251 3270 δὲ
2285 3218 2688 3289 κεκαθαρμένος
2717 3221 2808 3273 τὸν
2831 3221 2929 3291 τῆς
2959 3223 3136 3293 ψυχῆς
3166 3224 3462 3295 ὀφθαλμὸν,
3490 3230 3585 3279 καὶ
3616 3227 3778 3281 δυνα-

2194 3309 2284 3373 τὸς
2319 3308 2386 3361 τά
2416 3310 2637 3362 τοιαῦτα
2669 3311 2903 3380 βλέπειν,
2933 3313 3144 3383 χαίρειν
3185 3315 3350 3378 ὲάσας
3379 3315 3476 3387 τὴν
3511 3316 3642 3387 ὓλην
3676 3318 3777 3388 τὴν

2196 3397 2641 3468 ὑποϐεϐλημένην
2685 3401 2750 3468 τῇ
2797 3400 2888 3452 τοῦ
2933 3401 3097 3454 καλοῦ
3142 3401 3284 3472 ἰδέᾳ,
3333 3396 3443 3453 οἷον
3488 3402 3780 3474 ὑποϐάθρᾳ

2194 3487 2298 3540 τινί
2322 3486 2398 3556 τῷ
2421 3489 2682 3559 ὁρωμένῳ
2705 3494 2985 3560 χρήσεται,
3018 3490 3153 3562 πρὸς
3185 3492 3282 3563 τὴν
3309 3492 3402 3545 τοῦ
3425 3493 3616 3564 νοητοῦ
3644 3494 3777 3548 κάλ-

2194 3579 2317 3642 λους
2352 3578 2602 3650 θεωρίαν,
2640 3573 2700 3632 οὗ
2736 3583 2875 3635 κατὰ
2913 3584 3200 3653 μετουσίαν
3235 3584 3302 3637 τὰ
3336 3584 3470 3638 ἄλλα
3503 3585 3645 3639 καλά
3683 3585 3776 3654 γί-

2202 3671 2347 3724 νεταί
2379 3689 2435 3722 τε
2468 3671 2559 3724 καὶ
2584 3671 2924 3742 ὀνομάζεται.
2959 3676 3114 3726 Δοκεῖ
3141 3674 3199 3728 δέ
3233 3693 3323 3745 μοι
3350 3675 3580 3746 χαλεπὸν
3610 3673 3774 3742 εἶναι,

2193 3760 2301 3812 τῶν
2330 3760 2593 3813 πλείστων
2623 3765 2689 3831 τῇ
2722 3762 2944 3835 τοιαύτῃ
2979 3763 3246 3835 παχύτητι
3283 3766 3382 3834 τῆς
3412 3766 3652 3829 διανοίας
3689 3785 3774 3818 συ-

2196 3853 2431 3917 ζώντων,
2457 3853 2516 3905 τὸ
2545 3854 2896 3921 διατεμόντας
2921 3854 2997 3924 τῷ
3021 3855 3162 3924 λόγῳ
3197 3856 3289 3908 καὶ
3316 3857 3653 3926 χωρίσαντας
3673 3857 3776 3926 τήν

2197 3942 2327 4012 ὓλην
2375 3942 2485 3995 ἀπὸ
2517 3942 2610 3994 τοῦ
2659 3943 3122 4014 έπιθεωρουμένου
3162 3946 3422 4011 κάλλους,
3472 3949 3642 4016 αὐτὴν
3686 3932 3773 4018 ἐφ’

2196 4033 2394 4102 ἑαυτῆς
2434 4033 2525 4087 τοῦ
2559 4034 2722 4087 καλοῦ
2753 4034 2849 4106 τὴν
2882 4036 3040 4104 φύσιν
3069 4039 3420 4107 κατανοῆσαι.
3461 4040 3567 4092 Καὶ
3605 4041 3659 4092 εἴ
3689 4058 3776 4104 τις

2195 4125 2436 4197 ἀκριϐῶς
2471 4126 2641 4180 ἐθέλοι
2681 4126 2777 4197 τῆν
2811 4128 2988 4182 αἰτίαν
3019 4132 3238 4182 σκοπεῖν
3275 4130 3382 4182 τῶν
3419 4131 3777 4202 πεπλανημέ-

2195 4236 2300 4273 νων
2326 4218 2420 4271 καλ⁸
2443 4218 2731 4288 μοχθηρῶν
2753 4219 3094 4290 ὑπολήψεων,
3118 4221 3219 4272 οὐκ
3242 4221 3305 4274 ἄν
3331 4239 3419 4292 μοι
3438 4221 3583 4275 δοκεῖ
3605 4224 3774 4292 ἄλλην

2195 4309 2393 4378 εὑρεῖν,
2425 4309 2457 4380 ἢ
2493 4308 2552 4360 τὸ
2590 4308 2662 4378 μὴ
2702 4308 2943 4379 ἀκριϐῶς
2977 4309 3131 4378 ήμῶν
3170 4312 3539 4381 γεγυμνάσθαι
3580 4313 3647 4365 τὰ
3672 4315 3774 4382 τῆς

516 4409 653 4462 riam
683 4409 1030 4479 disjungunt,
1062 4415 1115 4461 et
1149 4421 1177 4459 a
1212 4407 1625 4476 pulchritudine
1653 4408 1742 4460 illa
1769 4413 2086 4469 secernunt,

2196 4400 2372 4470 ψυχῆς
2402 4402 2736 4472 αἰσθητήρια
2767 4401 2901 4472 πρὸς
2934 4401 3029 4472 τὴν
3057 4402 3150 4454 τοῦ
3175 4403 3339 4455 καλοῦ
3371 4406 3464 4456 καὶ
3497 4405 3570 4475 μὴ
3593 4407 3773 4458 τοιού-

515 4515 639 4570 quae
675 4499 961 4569 aspicitur,
1005 4514 1164 4569 posse
1213 4499 1385 4567 ipsam
1420 4513 1516 4567 per
1557 4513 1616 4552 se
1664 4497 2092 4566 pulchritudinis

514 4600 765 4647 naturam
817 4592 1091 4664 cognitam
1144 4591 1361 4644 habere.
1417 4591 1495 4643 Ac
1548 4589 1594 4643 si
1646 4589 1770 4658 quis
1821 4589 2088 4644 malarum

514 4686 833 4754 opinionum
875 4687 929 4740 in
978 4700 1274 4755 errorcque
1305 4684 1642 4738 versantium
1673 4698 1899 4737 causam
1933 4697 2092 4737 accu-

515 4786 632 4832 rate
672 4778 986 4847 perspicere
1021 4777 1171 4840 velit,
1219 4792 1328 4831 non
1387 4776 1549 4830 aliam
1599 4791 1732 4830 sane
1764 4790 1889 4829 eum
1933 4775 2090 4829 inve-

516 4870 636 4924 nire
686 4870 945 4930 arbitror,
1010 4868 1116 4921 nisi
1165 4867 1311 4937 quod
1367 4882 1476 4921 non
1531 4875 1788 4921 accurate
1841 4881 1942 4921 nos
1990 4867 2092 4922 hos

515 4958 695 5013 nostri
726 4959 892 5011 animi
929 4972 1132 5011 sensus
1165 4957 1218 5009 in
1260 4956 1365 5008 hoc
1406 4955 1779 5018 exercuimus,
1816 4962 1877 5008 ut
1923 4955 2092 5010 hone-

514 5059 662 5105 stum
718 5050 1076 5118 pulehrumve
1123 5049 1192 5101 ab
1253 5061 1319 5100 eo
1376 5047 1898 5107 internosceremus,
1944 5046 2090 5115 quod

515 5156 693 5210 neque
718 5141 1032 5202 honestum,
1065 5153 1240 5208 neque
1274 5150 1406 5190 sane
1436 5134 1721 5204 pulchrum
1753 5142 1856 5189 est.
1891 5133 2092 5200 Quam-

513 5233 702 5287 obrem
752 5246 876 5285 cum
929 5231 998 5284 ab
1051 5229 1151 5282 hoc
1210 5227 1415 5290 studio,
1466 5224 1611 5295 quod
1663 5225 1714 5278 in
1760 5241 1887 5281 vero
1946 5227 2091 5281 bono

515 5323 796 5386 consistit,
825 5337 883 5377 se
924 5321 1255 5376 abduxerint
1292 5318 1564 5378 homines,
1591 5317 1788 5386 partim
1822 5318 1875 5371 in
1907 5319 2090 5374 carnis

517 5429 757 5467 amorem
806 5413 1011 5482 delapsi
1048 5419 1198 5474 sunt,
1244 5409 1444 5480 partim
1495 5409 1549 5460 in
1591 5409 1943 5462 inanimatam
1994 5424 2090 5479 pe-

514 5502 799 5557 cuniarum
855 5501 966 5554 vim
1006 5497 1400 5568 cupiditatibus
1434 5496 1675 5567 prolapsi
1729 5496 2085 5551 inciderunt:

516 5591 763 5661 plerique
791 5605 921 5644 vero
962 5591 1017 5645 in
1062 5588 1392 5650 honoribus,
1450 5588 1504 5640 in
1539 5586 1728 5657 gloriae
1777 5585 2084 5658 splendore,

515 5686 569 5741 ia
601 5684 796 5754 opibus
832 5691 886 5737 et
921 5681 1168 5751 potentia
1203 5679 1496 5734 honestum
1531 5693 1800 5749 posuere;
1835 5679 2085 5735 nonnulli

1168 5810 1260 5867 Ἀ

2191 4509 2284 4544 του
2322 4491 2610 4561 διάκρισιν.
2638 4492 2735 4545 Διὰ
2755 4491 2911 4544 τοῦτο
2936 4493 3267 4557 ἀποστάντες
3295 4495 3344 4547 οἱ
3367 4494 3640 4565 ἄνθρωποι
3668 4496 3772 4566 τῆς

2195 4584 2323 4654 περὶ
2355 4583 2415 4635 τὸ
2444 4583 2612 4646 ὅντως
2657 4583 2858 4650 ἀγαθὸν
2909 4584 3173 4653 σπουδῆς,
3221 4586 3268 4637 οἰ
3323 4585 3420 4655 μὲν
3461 4587 3542 4648 εἰς
3587 4588 3774 4657 ἔρωτα

2195 4673 2413 4744 σαρκῶν
2464 4673 2898 4744 κατωλίσθησαν,
2949 4677 2996 4727 oi
3037 4675 3093 4728 δὲ
3137 4676 3230 4728 ἐπὶ
3277 4676 3370 4745 τὴν
3411 4677 3617 4746 ἄψυχον
3662 4679 3773 4730 τῶν

2193 4765 2487 4835 χρημάτων
2527 4763 2659 4834 ὓλην
2686 4767 2804 4828 ταῖς
2827 4763 3139 4834 ἐπιθυμίαις
3167 4764 3384 4837 ἔρεψαν·
3415 4765 3563 4819 ἄλλοι
3598 4769 3655 4819 ὲν
3689 4785 3772 4820 τι-

2194 4859 2326 4926 μαῖς
2369 4857 2462 4909 καὶ
2494 4856 2671 4922 δόξαις
2709 4858 2802 4910 καὶ
2826 4856 3162 4920 δυναστείαις
3191 4858 3252 4909 τὸ
3281 4857 3443 4910 καλὸν
3476 4858 3767 4922 ὡρίσαντο·

2188 4948 2294 5000 εἰσί
2323 4948 2380 5001 δέ
2411 4965 2554 5011 τινες
2575 4949 2624 5002 οἳ
2658 4949 2785 5019 περὶ
2813 4949 3004 5018 τέχνας
3032 4949 3125 5000 καὶ
3162 4949 3468 5019 ἐπιστήμας
3496 4950 3771 5020 ἐπτοήθη-

2190 5056 2309 5093 σαν·
2357 5040 2405 5093 οἱ
2449 5039 2504 5092 δὲ
2550 5039 3107 5111 ἀνδραποδωδέστεροι
3153 5041 3376 5105 τούτων,
3426 5039 3619 5108 λαιμὸν
3674 5042 3770 5094 καὶ

2187 5131 2427 5203 γαστέρα
2457 5131 2550 5185 τοῦ
2581 5130 2786 5200 ἀγαθοῦ
2821 5129 3097 5183 ποιοῦνται
3127 5131 3404 5201 κριτήρια.
3447 5132 3508 5183 0i
3546 5130 3604 5184 δὲ
3632 5131 3770 5184 ἀπη-

2192 5223 2415 5286 στάντες
2444 5221 2552 5275 τῶν
2579 5220 2777 5274 ὑλικῶν
2803 5219 3107 5290 νοημάτων,
3139 5221 3226 5272 καὶ
3259 5219 3365 5272 τῶν
3388 5220 3513 5289 περὶ
3540 5218 3610 5272 τά
3637 5236 3767 5288 φαι-

2191 5315 2390 5384 νόμενα
2437 5311 2840 5385 προσπαθειῶν,
2893 5309 3187 5381 ἀνεζήτουν
3228 5311 3326 5380 τὴν
3369 5311 3546 5381 ἁπλῆν
3578 5329 3636 5385 τε
3675 5313 3768 5366 καὶ

2192 5405 2352 5458 eam
2394 5406 2487 5458 καὶ
2533 5405 2938 5474 ἀσχημάτιστον
2985 5401 3078 5454 τοῦ
3137 5401 3300 5454 καλοῦ
3342 5402 3527 5470 φύσιν,
3561 5404 3663 5456 οὐκ
3703 5403 3766 5456 ἂν

2193 5499 2320 5569 περὶ
2346 5497 2444 5568 τὴν
2474 5497 2685 5566 αἵρεσιν
2711 5494 2818 5546 τῶν
2849 5492 3201 5563 ὲπιθυμητῶν
3227 5493 3629 5564 ἐπλανήθησαν,
3660 5493 3766 5547 οὐδ’

2193 5588 2260 5642 ἂν
2285 5588 2535 5641 τοσοῦτον
2561 5587 2663 5638 ὑπὸ
2687 5587 2788 5656 τῆς
2811 5585 3062 5655 τοιαύτης
3089 5583 3302 5652 ἀπάτης
3323 5585 3760 5656 παρηνέχθησαν,

2195 5680 2270 5744 ὡς
2303 5679 2436 5750 μηδὲ
2464 5678 2523 5734 τὸ
2551 5679 2886 5749 πρόσκαιρον
2918 5677 3018 5746 τῆς
3049 5679 3107 5734 ὲν
3138 5676 3350 5742 τούτοις
3395 5677 3592 5742 ἡδονῆς
3647 5675 3760 5730 ϐλέ-
