4072 6156
326 314 437 372 365

1662 317 1750 373 DE
1780 317 2253 377 VIRGINITATE.

3459 324 3565 379 566

337 444 560 493 ποντας.
593 428 731 501 πρὸς
775 430 874 503 τὴν
906 431 1208 505 ὑπεροψίαν
1254 435 1362 490 τῶν
1399 434 1657 490 τοιούτων
1701 435 1901 508 ὁδηγη-

2023 443 2185 489 iutem
2231 441 2381 503 sunt,
2411 436 2501 508 qui
2544 437 2599 492 in
2647 438 2849 494 artium
2891 440 3354 510 screntiarumque
3397 439 3566 496 disci-

338 518 506 571 θῆναι.

335 551 458 664 ειίηι
503 611 591 666 his
649 613 978 681 abjectiores
1026 616 1381 687 vilioresque,
1438 617 1493 671 hi
1538 619 1593 672 in
1643 616 1788 688 gula,

2005 526 2171 596 plinis
2210 536 2435 596 stupore
2479 529 2718 598 quodam
2760 528 2936 585 allecti
2966 539 3265 587 tenentur:
3300 531 3396 602 qui
3440 543 3570 586 vero

1869 631 1935 672 ac
1972 627 2162 673 ventre
2189 619 2372 673 sedem
2402 619 2616 673 honesti
2643 621 2938 674 collocant.
2968 620 3163 677 Verum
3189 620 3283 692 qui
3311 636 3343 676 a
3405 620 3578 676 rebus.

333 701 433 756 sub
461 717 684 757 sensum
719 705 1066 771 cadentibus,
1090 715 1143 762 et
1188 709 1256 762 ab
1304 711 1472 763 animi
1513 709 1897 764 allectionibus
1937 709 2004 764 ad
2030 726 2126 765 eas
2172 725 2262 764 res
2306 711 2614 780 propensis,
2681 727 2802 781 qua:
2841 713 3079 782 speciem
3149 713 3386 783 aliquam
3434 725 3572 784 pra:-

333 791 480 854 bent,
519 807 642 847 sese
672 795 1022 858 abduxerim.
1057 799 1108 852 hi
1145 799 1446 868 simplicem
1518 801 1691 870 ipsius
1752 801 1966 855 honesti
2010 800 2339 872 indagarunt
2387 808 2674 866 naturam,
2732 819 2853 872 quae
2907 803 3150 858 materiae
3200 819 3399 874 expers
3453 810 3567 866 est,

333 882 588 951 nullaque
640 881 808 952 ﬁgura
861 887 1218 954 exprimitur;
1274 904 1450 957 neque
1506 891 1559 942 in
1637 889 1938 958 deligendis
1986 890 2052 944 iis
2076 890 2422 953 aberrarunt,
2455 906 2575 960 qua:
2603 893 2838 946 maxime
2879 892 3137 962 Optabilia
3175 901 3332 961 sunt;
3395 910 3571 965 neque

332 979 598 1048 ejusmodi
632 988 762 1033 sunt
793 983 1074 1036 erroribus
1109 984 1181 1036 ita
1218 983 1604 1049 circumventi,
1641 994 1698 1038 ut
1730 999 1904 1054 neque
1944 991 2233 1056 perspecta
2273 984 2590 1054 voluptatis,
2619 1001 2744 1056 quae
2779 987 2834 1040 in
2879 987 2948 1044 iis
2991 999 3096 1056 est,
3152 988 3441 1057 brevitate,
3502 987 3569 1043 ad

331 1070 600 1140 ejusmodi
636 1085 817 1124 rerum
857 1072 1269 1141 despicientiatn
1298 1075 1520 1130 deducti
1561 1076 1830 1131 venerint.

401 1161 609 1216 Οὐκοῦν
641 1162 779 1232 αὕτη
810 1163 875 1216 ἂν
900 1164 1102 1230 γένοιτο
1137 1170 1266 1238 ἡμῖν
1299 1168 1415 1231 ὁδὸς
1441 1171 1520 1230 είς
1546 1167 1645 1240 τὴν
1677 1168 1768 1220 τοῦ
1803 1185 1900 1222 καο

333 1252 424 1306 λοῦ
453 1252 668 1323 εὕρεσιν
697 1254 922 1321 ἄγουσα,
953 1255 1014 1308 τὸ
1040 1257 1214 1309 πάντα
1238 1258 1305 1311 τὰ
1336 1257 1489 1322 ἀλλα,
1525 1259 1623 1311 ὅσα
1652 1259 1750 1322 τὰς
1778 1261 1900 1312 ἐπι-

333 1343 530 1414 θυμίας
556 1343 665 1396 τῶν
692 1343 992 1414 ἀνθρώπων
1019 1347 1326 1415 ἐφέλκεται,
1363 1348 1501 1402 καλά
1523 1345 1662 1403 εἶναι
1687 1347 1904 1419 νομιζό-

335 1453 503 1506 μενα,
556 1436 649 1488 καὶ
689 1435 779 1488 διὰ
819 1435 977 1489 τοῦτο
1022 1438 1258 1509 σπουδῆς
1307 1455 1451 1502 τινος
1498 1440 1592 1492 καὶ
1636 1439 1904 1510 ἀποδοχῆς

333 1527 649 1598 ἀξιούμενα,
680 1526 852 1580 ταῦτα
883 1527 1306 1598 ὑπρόαίνοντας
1339 1531 1414 1592 ὡς
1441 1530 1673 1583 ταπεινά
1713 1547 1772 1582 τε
1813 1530 1906 1584 καὶ

331 1617 666 1688 πρόσκαιρα,
701 1618 887 1688 μηδενὶ
922 1617 1124 1672 τούτων
1163 1619 1617 1690 προσαναλίσκειν
1645 1619 1741 1690 τὴν
1779 1621 1904 1672 ἐπι-

333 1709 644 1779 θυμητικὴν
673 1709 825 1778 ήμῶν
857 1709 1106 1779 δύναμιν,
1137 1712 1272 1782 μήτε
1303 1711 1408 1782 μήν
1444 1711 1618 1782 ἀργὴν
1654 1712 1746 1764 καὶ
1777 1711 1900 1764 ἀκί-

2081 1160 2204 1216 lltec
2247 1162 2412 1232 igitur
2446 1162 2603 1219 nobis
2633 1163 2850 1234 quidem
2887 1166 2970 1218 via
3012 1175 3116 1231 est,
3151 1182 3258 1237 qua
3302 1169 3368 1223 ad
3397 1169 3572 1241 ipsius

2008 1254 2220 1309 honesti
2269 1255 2636 1310 inventionem
2694 1256 2966 1322 ducimur,
3019 1266 3078 1312 ut
3124 1267 3320 1314 caetera
3366 1263 3570 1327 omnia,

2005 1345 2205 1414 quibus
2262 1345 2542 1399 hominum
2596 1347 2890 1401 trahuntur
2946 1350 3315 1418 cupiditates,
3385 1369 3573 1422 quaeve

2005 1435 2233 1490 honesta
2271 1443 2554 1504 putantur,
2603 1452 2666 1492 ea
2715 1453 2839 1491 cum
2898 1454 2996 1507 pro
3026 1439 3196 1494 nihilo
3251 1441 3572 1510 habeamus,

2009 1525 2164 1594 quasi
2216 1525 2444 1578 humilia
2489 1525 2622 1587 sint,
2653 1525 2719 1579 ad
2765 1533 3089 1597 tempusque
3137 1537 3413 1597 maneant,
3457 1533 3577 1586 nul-

2014 1617 2118 1669 lam
2163 1615 2220 1668 in
2269 1613 2354 1668 his
2387 1629 2520 1669 sane
2557 1617 2904 1685 appetitionis
2937 1627 3140 1672 nostra:
3172 1620 3281 1674 vim
3313 1636 3413 1677 nos
3444 1638 3577 1677 cono

2008 1719 2327 1769 sumamus;
2375 1718 2551 1772 neque
2591 1712 2796 1768 tamen,
2831 1714 2911 1772 ut,
2950 1721 3074 1761 cum
3126 1709 3181 1762 in
3234 1710 3392 1766 nobis
3441 1711 3576 1781 ipsis

331 1817 492 1871 νητον
513 1803 570 1852 ὲν
606 1802 815 1863 ἑαυτοῖς
845 1802 1300 1865 κατακλείσαντας
1329 1802 1492 1872 ἐχειν,
1534 1803 1644 1856 ἀλλ’
1668 1803 1908 1856 ἐκκαθά-

2023 1810 2130 1852 eam
2179 1794 2642 1860 concluserimus,
2691 1796 2949 1861 otiosam,
2990 1799 3060 1853 ab
3097 1801 3356 1870 omnique
3407 1803 3578 1873 agita-

335 1910 540 1962 ραντας
567 1894 737 1961 αὐτὴν
771 1892 876 1945 ἀπὸ
923 1894 1022 1962 τῆς
1066 1893 1175 1946 τῶν
1203 1895 1474 1947 ταπεινῶν
1513 1895 1906 1966 προσπαθείας,

333 1986 452 2037 ἐκεῖ
469 1984 710 2051 ἀνάγειν,
734 1985 864 2037 ὅπου
880 1985 978 2037 ούκ
1000 1987 1294 2052 ἐφικνεῖται
1315 1988 1347 2056 ἠ
1373 1985 1639 2056 αἴσθησις·
1664 1986 1739 2048 ὼς
1774 1989 1908 2057 μήτε

331 2074 567 2145 οὐρανοῦ
593 2074 923 2147 [ἀνθρώπου]
949 2076 1140 2138 κάλλος
1158 2077 1450 2148 θαυμάσαι,
1475 2079 1607 2148 μήτε
1630 2079 1814 2148 φωστῆ
1823 2097 1910 2148 ρος

330 2168 532 2234 αὐγὰς,
577 2169 710 2236 μήτε
743 2167 870 2220 ἀλλο
912 2184 964 2220 τι
1008 2167 1116 2220 τῶν
1165 2169 1500 2239 φαινομένων
1534 2170 1740 2223 καλῶν·
1778 2170 1913 2223 ἀλλά

333 2258 426 2312 διὰ
453 2257 550 2310 τοῦ
584 2259 717 2310 πᾶσι
749 2257 954 2320 τούτοις
982 2258 1450 2329 ἐπιθεωρουμένου
1493 2260 1723 2324 κάλλους
1765 2278 1913 2332 χειρ-

333 2348 672 2418 αγωγεῖσθαι
712 2347 846 2417 πρὸς
873 2348 969 2418 τὴν
991 2348 1194 2401 ἐκείνου
1223 2349 1316 2400 τοῦ
1343 2349 1568 2412 κάλλους
1599 2351 1910 2421 ἐπιθυμίαν,

332 2434 404 2510 ἦς
433 2440 528 2490 καὶ
561 2441 608 2490 oi
638 2439 855 2508 οὐρανοὶ
884 2438 1192 2507 διηγοῦνται
1218 2438 1316 2508 τὴν
1351 2438 1527 2503 δόξαν,
1561 2441 1654 2492 καὶ
1687 2439 1916 2510 στερέω-

335 2546 440 2598 μα,
480 2528 575 2581 καὶ
598 2529 749 2580 πᾶσα
783 2529 815 2597 ἡ
847 2526 1019 2589 κτίσις
1041 2527 1361 2595 ἀναγγέλλει
1389 2527 1487 2596 τὴν
1516 2529 1735 2594 γνῶσιν.
1761 2526 1916 2579 Οὕτω

332 2620 448 2690 γὰρ
477 2617 702 2671 ἀνιοῦσα
733 2619 765 2688 ἡ
799 2618 964 2688 ψυχὴ,
997 2617 1092 2670 καὶ
1121 2618 1229 2670 πᾶν
1272 2616 1332 2670 τὸ
1364 2617 1916 2688 καταλαμϐανόμενον

333 2709 417 2776 ὡς
447 2711 770 2782 μικρότερον
797 2711 890 2764 τοῦ
921 2709 1251 2781 ζητουμένου
1296 2710 1797 2781 καταλιμπάνουσα,
1829 2709 1920 2779 γέ-

333 2820 487 2857 νοιτο
519 2802 585 2856 ἂν
614 2803 672 2854 ἐν
718 2802 967 2872 περινοίᾳ
1015 2802 1114 2871 τῆς
1153 2799 1625 2872 μεγαλοπρεπείας
1667 2800 1916 2872 ἐκείνης,

333 2896 442 2967 τῆς
492 2894 747 2965 ὑπεράνω
785 2893 894 2947 τῶν
938 2893 1182 2965 οὐρανῶν
1220 2892 1552 2964 ἐπηρμένης.
1603 2893 1760 2948 Ἀλλὰ
1804 2894 1920 2957 πῶς

335 2986 402 3040 ἄν
442 3003 527 3048 τις
567 2983 676 3037 τῶν
723 2982 939 3054 ὑψηλῶν
982 2983 1250 3050 ἐφίκοιτο,
1281 2983 1408 3054 περὶ
1445 2983 1515 3036 τὰ
1562 2982 1796 3037 ταπεινά
1822 2983 1920 3055 τὴν

338 3074 582 3144 σπουδὴν
607 3073 780 3144 ﬁxe»);
812 3071 928 3135 πῶς
959 3073 1004 3124 δ’
1034 3071 1098 3125 ἀν
1125 3089 1209 3135 τις
1242 3071 1376 3142 πρὸς
1405 3071 1497 3124 τὸν
1527 3073 1753 3142 οὐρανὸν
1783 3072 1916 3124 ἀνα·
1945 3109 1988 3166 C

336 3165 530 3234 πτείη,
570 3164 645 3234 μὴ
675 3163 973 3232 πτερωθεὶς
1003 3162 1081 3233 τῷ
1106 3161 1342 3232 οὐρανίῳ
1385 3161 1570 3231 πτερῷ
1591 3201 1606 3223 ,
1641 3161 1733 3214 καὶ
1782 3163 1921 3214 ἀνω-

339 3256 519 3327 φερὴς
548 3256 644 3308 καὶ
679 3254 948 3324 μετέωρος
981 3253 1069 3306 διά
1101 3252 1201 3322 τῆς
1233 3252 1443 3321 ὑψηλῆς
1474 3252 1745 3315 πολιτείας
1772 3251 1924 3320 γενό-

339 3363 549 3414 μενος;
585 3345 680 3408 Τίς
714 3345 770 3398 δὲ
811 3345 982 3406 οὕτως
1025 3343 1128 3408 ἔξω
1160 3343 1268 3396 τῶν
1300 3342 1670 3412 εύαγγελικῶν
1720 3359 1924 3412 μυστη-

340 3437 484 3508 ρίων
526 3437 693 3496 ἐστὶν,
727 3435 802 3499 ὡς
850 3437 1062 3503 ἀγνοεῖν
1102 3435 1183 3487 ὅτι
1213 3433 1272 3486 ἓν
1297 3433 1480 3505 δχημα
1511 3438 1575 3505 τῇ
1610 3434 1924 3506 ἀνθρωπίνῃ

337 3527 492 3597 ψυχῇ
519 3527 616 3595 τῆς
646 3527 736 3578 ἐπὶ
767 3527 890 3587 τοὺς
911 3525 1169 3596 οὐρανοὺς
1191 3525 1412 3594 πορείας
1435 3525 1571 3590 ἐστὶ,
1598 3524 1659 3578 τὸ
1683 3524 1762 3594 τῷ
1788 3525 1923 3577 εἴδει

338 3619 448 3690 τῆς
484 3617 839 3686 καταπτάσης
864 3618 1188 3686 περιστερᾶς
1218 3616 1406 3668 ἐαυτὸν
1427 3615 1712 3684 ὁμοιῶσαι,
1733 3611 1800 3686 ἧς
1827 3615 1924 3678 τὰς

338 3709 627 3777 πτέρυγας
648 3705 898 3774 γενέσθαι
928 3704 1075 3774 αὐτῷ
1105 3703 1198 3757 καὶ
1233 3703 1394 3756 Δαϐὶδ
1425 3705 1453 3756 ὁ
1484 3705 1769 3774 προφήτης
1796 3703 1918 3754 ἐπό-

340 3799 554 3868 θησεν;
591 3797 746 3849 Οὕτω
785 3795 894 3865 γὰρ
926 3798 982 3849 ἐν
1022 3795 1301 3865 αἰνίγματι
1347 3795 1446 3866 τὴν
1489 3796 1584 3848 τοῦ
1612 3794 1924 3866 Πνεύματος

338 3889 578 3958 δύναμιν
601 3890 668 3958 τῇ
701 3888 889 3958 Γραφῇ
922 3887 1147 3958 σύνηθες
1175 3887 1480 3959 ὀνομάζειν·
1524 3885 1636 3940 εἴτε
1666 3887 1800 3940 διότι
1837 3905 1927 3957 χο-

337 3981 449 4052 λῆς
477 3981 628 4031 ἐστιν
663 3979 886 4047 ἄμοιρον
935 3976 1089 4030 τοῦτο
1125 3978 1185 4030 τὸ
1216 3977 1422 4048 ὄρνεον,
1469 3978 1501 4048 ἢ
1549 3979 1630 4031 ὅτι
1662 3977 1926 4042 δυσωδίας

337 4071 568 4141 ἐχθρὸν,
597 4069 778 4132 καθώς
802 4087 963 4136 φασιν
984 4073 1032 4122 ot
1061 4070 1130 4122 τὰ
1157 4069 1380 4122 τοιαῦτα
1413 4070 1926 4140 παρατηρήσαντες.

338 4160 562 4217 Οὐκοῦν
593 4162 622 4213 ὁ
651 4159 832 4230 πάσης
863 4161 1086 4231 πικρίας
1116 4162 1209 4213 καὶ
1233 4161 1499 4231 σαρκικῆς
1522 4161 1780 4224 δυσωδίας
1808 4161 1929 4213 ἐαυ-

336 4254 440 4306 τὸν
472 4253 809 4322 ἀποστήσας,
846 4253 941 4304 καὶ
967 4252 1182 4304 πάντων
1201 4252 1307 4304 τῶν
1335 4251 1603 4305 ταπεινῶν
1632 4269 1690 4304 τε
1717 4252 1810 4304 καὶ
1832 4268 1928 4320 χα-

343 4343 637 4415 μαιζήλων
668 4343 1017 4414 ὑπεραρθεὶς,
1057 4343 1255 4414 μᾶλλον
1284 4342 1339 4396 δὲ
1372 4341 1569 4406 παντὸς
1595 4342 1689 4396 τοῦ
1721 4343 1926 4413 κόσμου

2017 1884 2164 1937 tione
2203 1897 2434 1936 vacuam
2474 1882 2790 1948 habeamus,
2827 1887 2921 1940 sed
2951 1901 3075 1941 cum
3106 1889 3178 1942 ab
3207 1890 3354 1942 omni
3388 1907 3573 1947 rerum

2013 1974 2202 2028 vilium
2233 1973 2680 2044 abjectarumque
2711 1976 3008 2045 cupiditate
3055 1993 3155 2034 nos
3187 1979 3331 2033 illam
3371 1982 3569 2036 libera-

2011 2062 2276 2128 verimus,
2316 2077 2381 2117 eo
2418 2063 2571 2132 plane
2617 2063 2916 2120 referamus
2955 2076 3187 2136 oportet,
3224 2083 3334 2138 quo
3380 2086 3578 2128 sensus

2015 2153 2133 2222 ipse
2158 2153 2451 2221 pervenire
2487 2167 2596 2206 non
2623 2161 2823 2222 potest,
2877 2155 2951 2209 ita
2985 2163 3040 2209 ut
3080 2172 3256 2227 neque
3296 2161 3420 2214 coeli
3455 2163 3576 2230 pul-

2013 2241 2409 2306 chritudinem,
2464 2257 2640 2312 neque
2687 2242 2953 2296 luminum
3002 2244 3209 2310 radios,
3253 2263 3432 2318 neque
3493 2266 3580 2305 res

2021 2343 2247 2388 caeteras
2279 2333 2583 2388 admiretur
2611 2349 2675 2388 ac
2701 2337 2984 2404 suspiciat,
3014 2352 3134 2407 quae
3169 2338 3407 2408 aliquam
3441 2356 3581 2410 pra:-

2016 2425 2184 2480 beant
2246 2427 2460 2496 pulchri
2506 2428 2766 2496 speciem.
2791 2429 2860 2480 At
2901 2443 2969 2484 ex
3027 2431 3164 2500 ipsa,
3211 2448 3332 2502 qua:
3382 2435 3436 2487 in
3498 2436 3583 2488 his

2017 2515 2272 2570 omnibus
2297 2523 2594 2585 spectatur.
2621 2517 3027 2584 pulchritudine
3061 2519 3276 2575 animus
3309 2529 3495 2576 noster
3515 2523 3581 2577 ad

2018 2605 2229 2674 pulchri
2279 2605 2424 2660 illius
2479 2606 2834 2675 cupiditatem
2879 2609 3112 2663 ducatur
3145 2620 3380 2681 oportet,
3425 2613 3582 2682 cujus

2020 2697 2247 2766 gloriam
2281 2705 2334 2750 et
2363 2697 2490 2752 cmli
2540 2707 2592 2752 et
2628 2699 3028 2755 ﬁrmamentum
3063 2714 3340 2771 enarrant,
3377 2709 3582 2762 omnis-

2020 2801 2127 2855 que
2174 2795 2427 2840 creatura
2489 2788 2855 2858 cognitionem
2913 2789 3035 2859 ejus
3087 2795 3396 2849 annuntiat.
3451 2793 3583 2849 Cum

2021 2877 2169 2934 enim
2211 2879 2428 2934 animus
2458 2880 2538 2933 sic
2583 2880 2917 2946 ascenderit,
2945 2892 3000 2937 et
3038 2886 3304 2954 quidquid
3339 2901 3583 2957 compre-

2022 2969 2253 3023 hensum
2289 2969 2382 3032 sit,
2435 2970 2582 3024 velut
2625 2971 2855 3028 inferius
2907 2990 2974 3028 eo
3004 2976 3148 3043 quod
3197 2977 3426 3045 inquirit
3450 2979 3585 3034 reli-

2022 3057 2226 3124 quer-it,
2258 3068 2370 3111 tum
2407 3058 2460 3111 in
2502 3059 2650 3115 illius
2693 3061 3020 3132 maiestatis.
3051 3082 3173 3136 qua:
3209 3083 3376 3138 supra
3419 3072 3585 3129 cmlos

2023 3163 2080 3202 se
2103 3148 2318 3213 extulit,
2357 3152 2819 3221 contemplatione
2850 3158 3182 3214 versabitur.
3233 3159 3336 3214 Sed
3371 3179 3477 3232 qua
3513 3179 3602 3218 ra-

2024 3236 2170 3290 tione
2199 3238 2308 3299 ﬁet,
2344 3245 2403 3291 ut
2443 3239 2536 3308 qui
2571 3254 2754 3294 rerum
2797 3241 3086 3304 humilium
3140 3248 3323 3303 studio
3356 3260 3589 3321 tenetur,

1999 3333 2110 3381 ‘res
2150 3327 2414 3384 sublimes
2469 3329 2792 3401 divinasque
2822 3342 3147 3404 assequatur
3169 3337 3193 3390 ?
3216 3353 3394 3408 quove
3430 3343 3587 3398 modo

2021 3421 2168 3473 circa
2200 3421 2399 3474 ctelum
2426 3423 2733 3491 pervolaret
2756 3425 2825 3491 is,
2867 3427 2958 3496 qui
3000 3443 3110 3482 non
3139 3430 3240 3488 alis
3273 3435 3588 3491 caelestibus

2023 3511 2298 3576 sublatus,
2333 3527 2513 3581 neque
2544 3513 2801 3568 sublimia
2840 3517 2996 3584 petit,
3038 3534 3216 3588 neque
3269 3537 3334 3576 ex
3372 3525 3592 3580 sublimi

2021 3600 2257 3668 quodam
2295 3600 2547 3655 instituto
2588 3603 2832 3658 coelestia
2871 3610 3320 3677 contemplatur?
3355 3613 3487 3677 Quis
3520 3615 3594 3669 ita

2023 3691 2091 3744 ab
2135 3690 2413 3760 Evangelii
2468 3693 2746 3763 mysteriis
2794 3710 3020 3753 aversus
3073 3707 3178 3765 est,
3214 3703 3306 3771 quj
3383 3704 3596 3772 ignoret

2026 3781 2159 3835 illud
2192 3797 2360 3835 unum
2387 3797 2511 3837 esse
2554 3783 2771 3840 itineris
2808 3787 3140 3856 vehiculum,
3174 3807 3282 3860 quo
3315 3793 3596 3850 hominum

2027 3874 2244 3928 animus
2266 3875 2332 3928 ad
2356 3875 2526 3930 cmlos
2553 3876 2790 3940 vehitur,
2821 3894 2944 3931 cum
2969 3880 3095 3949 quis
3126 3883 3334 3938 scilicet
3354 3886 3594 3955 seipsutn

2025 3964 2187 4019 ellicit
2230 3965 2464 4019 similem
2505 3968 2768 4022 columbae
2797 3967 3126 4036 devolantis,
3171 3974 3331 4044 cujus
3377 3979 3595 4046 quidem

2026 4056 2143 4110 alas
2172 4056 2274 4109 sibi
2311 4055 2450 4111 efﬁci
2492 4073 2743 4113 summus
2768 4060 2930 4114 etiam
2961 4063 3222 4131 prOpbeta
3248 4065 3418 4122 David
3441 4069 3599 4124 valde

2025 4147 2306 4214 expetivit.
2359 4146 2438 4200 lta
2474 4149 2620 4202 enim
2676 4151 2913 4219 Spiritus
2953 4156 3126 4209 sancti
3179 4157 3285 4210 vim
3341 4175 3461 4215 mos
3515 4169 3601 4216 est

2029 4237 2084 4290 in
2115 4237 2316 4294 divinis
2344 4237 2565 4295 Litteris
2602 4243 2942 4300 subobscure
2979 4249 3275 4316 appellari;
3321 4251 3435 4305 sive
3468 4269 3600 4321 quo-

2028 4330 2175 4384 niam
2221 4330 2337 4385 avis
2384 4331 2500 4385 haec
2545 4331 2668 4388 felle
2709 4345 2881 4399 caret,
2935 4339 3049 4394 sive
3082 4341 3207 4409 quia
3240 4350 3326 4395 est
3375 4340 3596 4397 inimica

340 4434 598 4505 γεγονὼς
625 4434 950 4506 ὑψηλότερος
974 4437 1030 4488 ἐν
1054 4433 1130 4504 τῷ
1153 4434 1534 4506 προειρημένῳ
1559 4433 1763 4504 πτερῷ,
1795 4436 1923 4488 ἐκεί-

2031 4421 2212 4484 l‘etori,
2252 4431 2312 4476 ut
2351 4422 2576 4478 tradunt
2626 4425 2711 4489 hi,
2745 4428 2837 4496 qui
2873 4428 2987 4484 haec
3019 4430 3132 4499 ipsa
3179 4432 3594 4503 investigarunt.

343 4545 440 4592 νος
476 4527 702 4596 εὑρήσει
733 4525 824 4577 τὸν
862 4525 1020 4594 μόνον
1061 4525 1353 4594 ἐπιθυμίας
1381 4525 1550 4588 ἄξιον,
1582 4527 1676 4578 καὶ
1701 4528 1929 4594 γενήσε-

341 4635 439 4672 ται
463 4617 563 4671 καὶ
592 4615 754 4676 αὐτὸς
790 4615 971 4678 καλὸς,
1002 4615 1080 4686 τῷ
1113 4616 1262 4686 καλῴ
1296 4615 1678 4686 προσπελάσας
1700 4633 1715 4647 ⁸
1751 4617 1844 4670 καὶ
1873 4620 1931 4670 ὲν

343 4708 505 4778 αὐτῷ
537 4706 798 4776 γεγονὼς,
821 4706 1069 4777 λαμπρός
1092 4724 1150 4760 τε
1189 4706 1282 4761 καὶ
1308 4707 1600 4777 φωτοειδὴς
1629 4709 1686 4760 ἐν
1705 4710 1771 4779 τῇ
1799 4725 1929 4778 μετ-

342 4800 513 4871 ουσίᾳ
543 4795 638 4850 τοῦ
664 4796 920 4868 ἀληθινοῦ
945 4797 1119 4865 φωτὸς
1144 4799 1561 4867 καταστήσεται.
1592 4797 1799 4868 ’Ὠσπερ
1823 4796 1932 4868 γὰρ

346 4893 411 4944 ἐν
445 4891 604 4944 νυκτὶ⁸
632 4889 733 4952 τὰς
763 4888 965 4957 ἀθρόας
994 4889 1086 4942 τοῦ
1118 4889 1275 4960 ἀέρος
1305 4889 1634 4959 ἐκλάμψεις,
1658 4889 1753 4953 οὕς
1790 4907 1932 4952 τινες

345 4981 672 5051 διᾴττοντας
705 4977 962 5032 καλοῦσιν
990 4978 1260 5049 ἀστέρας,
1307 4978 1458 5031 οὐδὲν
1505 4977 1632 5031 ἄλλο
1673 4979 1834 5046 φασὶν
1883 4980 1958 5030 οί

346 5069 532 5124 ταῦτα
558 5067 1048 5138 φιλοσοφήσαντες,
1078 5068 1110 5136 ἢ
1141 5067 1279 5138 ἀέρα
1313 5064 1450 5120 εἶναι
1487 5067 1591 5120 ὑπὸ
1622 5068 1742 5137 βίας
1769 5084 1932 5121 πνευ-

351 5160 549 5232 μάτων
589 5157 751 5211 τινῶν
786 5161 866 5222 είς
893 5157 984 5210 τὸν
1028 5157 1264 5228 αίθέριον
1309 5159 1471 5212 τόπον
1514 5159 1928 5230 ὑπερχεόμενον·

347 5253 577 5318 λέγουσι
605 5250 714 5320 γὰρ
745 5249 836 5303 τὸν
862 5249 1116 5320 πυροειδῆ
1148 5249 1332 5302 τοῦτον
1360 5249 1534 5316 ὁλκὸν,
1569 5251 1936 5318 ἐκφλογωθέν-

347 5359 453 5404 τος
487 5343 546 5393 ἐν
575 5340 656 5411 τῷ
690 5339 867 5408 αἰθέρι
911 5339 1004 5392 τοῦ
1037 5340 1342 5409 πνεύματος
1365 5383 1379 5406 ,
1427 5340 1504 5411 τῷ
1533 5340 1743 5411 οὐρανῷ
1770 5345 1934 5412 tua-

351 5429 695 5500 ράσσετθαι·
757 5429 944 5499 ὥσπερ
990 5427 1083 5482 οὖν
1135 5431 1164 5482 ὁ
1210 5431 1448 5498 ἐπίγειος
1496 5424 1650 5495 οὗτος
1693 5432 1798 5504 ἀὴρ
1846 5434 1932 5485 ἀν-

342 5519 556 5583 ωσθεὶς
571 5521 676 5572 ὑπὸ
690 5523 784 5592 τῆς
807 5521 925 5590 βίας
942 5519 1036 5574 τοῦ
1064 5519 1386 5591 πνεύματος,
1402 5523 1694 5594 φωτοειδης
1709 5524 1934 5593 γίνεται,

347 5611 439 5680 τῷ
473 5611 694 5683 καθαρῷ
720 5612 815 5666 τοῦ
847 5613 1060 5684 αἰθέρος
1087 5612 1543 5684 ἐναλλοιούμενος·
1577 5615 1753 5687 ταύτῃ
1785 5633 1844 5669 τε
1873 5615 1936 5688 δὴ

351 5697 463 5754 καὶ
485 5700 512 5752 ὁ
531 5701 655 5767 νοῦς
677 5704 706 5757 ὁ
737 5702 1093 5776 ἀνθρώπινος,
1119 5701 1430 5758 καταλιπὼν
1451 5703 1541 5762 τὸν
1573 5703 1790 5778 θολερὸν
1812 5705 1936 5761 τοῦ·

2031 4510 2083 4567 ls
2111 4511 2277 4582 igitur
2309 4515 2404 4583 qui
2445 4516 2513 4589 ab
2550 4517 2700 4570 omni
2739 4520 3060 4584 acerbitate,
3099 4531 3154 4577 et
3198 4525 3382 4578 carnis
3426 4524 3600 4579 l'etore

2032 4604 2189 4673 longe
2218 4602 2440 4674 refugit,
2467 4605 2631 4673 quive
2661 4621 2691 4660 a
2716 4606 2881 4662 rebus
2914 4609 3214 4666 humilibus
3263 4613 3601 4682 terrenisque

2032 4698 2196 4752 altius
2240 4696 2447 4763 fertur;
2485 4691 2570 4753 vel
2607 4698 2674 4752 ab
2717 4701 2974 4756 omnibus
3007 4702 3188 4771 potius
3229 4705 3394 4760 rebus
3438 4721 3600 4760 mun-

2033 4789 2190 4844 danis
2235 4804 2296 4844 se
2343 4789 2450 4844 illis
2490 4789 2646 4859 ipsis,
2688 4807 2828 4860 quas
2860 4792 3118 4860 diximus,
3160 4796 3260 4850 alis
3313 4798 3602 4854 sublimius

2034 4881 2192 4944 tollit,
2227 4881 2274 4935 is
2307 4881 2555 4951 profecto
2588 4883 2848 4949 inveniet,
2880 4886 3026 4953 quod
3059 4894 3144 4940 est
3178 4887 3353 4940 solum
3394 4891 3604 4959 appeti-

2035 4971 2184 5024 tione
2230 4971 2476 5042 dignum,
2526 4986 2762 5042 cumque
2809 4974 2876 5028 ad
2917 4976 3377 5043 pulchritudinem
3427 4981 3601 5050 ipsam

2036 5074 2208 5129 prope
2261 5063 2580 5129 accesserit,
2643 5065 2870 5133 pulcher
2915 5067 3080 5119 etiam
3141 5067 3260 5136 ipse
3310 5069 3596 5134 cllicietur,

2037 5150 2470 5222 splendidusque
2502 5154 2556 5206 in
2607 5169 2691 5217 ea,
2729 5170 2793 5208 ac
2820 5156 3132 5211 luminosus
3173 5159 3349 5214 factus
3388 5161 3444 5214 in
3484 5164 3599 5216 veri

2039 5241 2264 5296 luminis
2299 5245 2561 5299 societate
2591 5247 2978 5300 constituetur.
3025 5247 3097 5303 Ut
3123 5250 3270 5303 enim
3301 5263 3460 5306 nocte
3491 5251 3602 5307 fre-

2037 5341 2268 5403 quentes
2297 5335 2421 5388 cceli
2464 5335 2638 5404 ignes,
2689 5352 2829 5406 quos
2859 5339 3125 5396 micantes
3171 5343 3356 5397 stellas
3384 5354 3602 5410 vocant,

2040 5428 2174 5482 nihil
2209 5428 2356 5482 aliud
2398 5443 2521 5483 esse
2561 5429 2752 5482 dicunt
2783 5429 2861 5493 hi,
2891 5431 2984 5500 qui
3029 5432 3084 5486 in
3121 5434 3226 5488 hoc
3264 5436 3448 5490 studio
3485 5453 3606 5491 ver-

2039 5519 2143 5572 sati
2189 5529 2338 5583 sunt,
2372 5534 2534 5588 quam
2576 5533 2754 5573 aerem
2794 5522 2888 5590 qui
2917 5522 3208 5591 spirituum
3235 5526 3602 5596 quorumdam

2039 5610 2093 5664 vi
2134 5609 2188 5664 in
2221 5609 2517 5666 aethereum
2547 5609 2936 5680 caelestemque
2965 5613 3118 5668 illum
3155 5616 3226 5670 sit
3257 5617 3436 5673 locum
3464 5618 3604 5673 ellu-

2060 5714 2157 5756 sus
2188 5719 2201 5756 :
2232 5701 2422 5758 dicunt
2467 5701 2610 5758 enim
2662 5699 2997 5761 inﬂammato
3047 5706 3102 5762 in
3138 5709 3341 5766 aethere
3388 5708 3603 5778 spiritu,
