4072 6156
411 357 514 413 se?
1042 401 1086 439 ,
1697 350 1754 404 s.
1795 345 2126 408 GREGOltlI
2186 351 2482 412 NY-SSENI
3570 355 3673 412 eos

418 476 641 542 igneum
674 470 1086 527 lume‘traetum
1127 467 1266 522 ratio
1291 466 1574 536 imprimi:
1611 472 1678 522 ut“
1704 463 1878 532 igitur
1906 477 2000 516 aer

2119 481 2192 518 ιον
2221 465 2315 518 καὶ
2346 465 2536 536 ἰλυώδη
2575 465 2711 536 βίον,
2754 465 2974 521 ἐπειδάν
3002 465 3244 538 καθαρὸς
3287 465 3576 536 γενόμενος
3615 467 3676 520 ὲν

420 565 532 628 hic,
569 564 664 631 qui
693 575 907 615 onmem
941 568 1142 613 terram
1181 558 1586 628 complectitur,
1621 558 1671 610 vi
1721 553 1996 624 spirituali

2119 558 2165 624 τῇ
2197 557 2426 627 δυνάμει
2469 555 2565 611 τοῦ
2605 557 2918 628 πνεύματος
2941 599 2954 623 ,
2983 557 3277 627 φωτοειδὴς
3312 559 3536 628 γένηται
3580 560 3677 611 καὶ

420 657 475 710 in
511 655 745 708 sublime
776 651 986 722 pulsus,
1023 666 1147 704 cum
1177 651 1509 720 :etherisqne
1539 663 1676 720 puro
1702 647 1999 717 splendore

2119 649 2394 721 ιμμιχθείη
2416 652 2482 721 τῇ
2511 649 2738 722 ἀληθινῇ
2767 651 2861 704 καὶ
2891 651 3066 722 ὑψηλῇ
3095 649 3443 720 καθαρότητι,
3468 649 3676 718 ὃιαφαί-
3700 645 3741 722 ,ι’

421 750 828 804 commutatus,
890 741 1196 794 ltuniuosus
1256 739 1473 795 exsistit
1530 741 1660 793 :ita
1711 737 1994 791 hominum

2119 707 2400 804 vesaniam);
2435 707 2529 793 καὶ
2570 707 2738 804 αὐτὸς.
2766 743 2823 794 ὲν
2863 707 3081 811 ἐκείνη..
3114 740 3209 792 καὶ
3238 707 3470 792 ἀκτίνων
3511 707 3731 811 ἐξεῖπε-ξ’

423 852 600 900 mens,
633 849 758 889 cum
797 832 1166 887 turbulentam
1205 831 1344 885 hanc
1385 831 1574 894 vitam,
1623 845 1686 884 ac
1713 841 1998 882 annosam

2101 830 2320 896 πλαται,
2349 831 2440 884 καὶ
2465 831 2580 900 φῶς
2609 832 2817 900 γίνεται
2839 872 2853 896 ,
2884 831 3026 885 κατὰ
3065 831 3164 901 τὴν
3187 827 3279 882 τοῦ
3307 829 3511 898 Κυρίου
3543 828 3680 881 ὑπό.

423 929 686 989 deseruit,
727 924 987 996 quoniam
1010 923 1252 992 Spiritus
1279 921 1328 975 vi
1355 920 1468 991 jam
1504 934 1642 991 pura
1673 918 1862 974 eli’ecta
1889 925 1996 984 est,

423 1036 546 1075 cum
585 1017 806 1073 sublimi
842 1016 936 1069 illo
970 1029 1210 1082 veroque
1238 1021 1292 1068 et
1333 1027 1472 1082 puro
1519 1010 1810 1082 splendore
1847 1024 1998 1064 com-

2103 937 2305 991 σχεσιν,
2365 921 2422 986 ὃς
2470 924 2595 986 τοὺς
2643 922 2884 986 δικαίους
2919 921 3152 992 λάμψειν
3209 920 3331 974 καθ’
3383 921 3742 992 ὁμοιότητα-ξ

423 1111 610 1172 mista,
653 1109 706 1161 in
739 1107 834 1160 illo
863 1103 1266 1175 quodammodo
1305 1104 1566 1174 perlucet,
1603 1102 1998 1172 radiorumque

2099 1013 2193 1064 τοῦ
2254 1010 2407 1080 ἡλίου
2475 1013 2967 1084 κατεπηγγείλατο.
3029 1011 3202 1065 Τοῦτο
3265 1009 3361 1063 καὶ
3433 1009 3526 1062 ἐπὶ
3577 987 3748 1078 τῆς¹²

424 1201 804 1258 coruscatinue
864 1197 1082 1266 impleta
1139 1202 1246 1260 est,
1304 1203 1469 1265 atque
1517 1211 1582 1250 ex
1617 1193 1830 1248 Domini
1873 1209 1998 1264 pro-

423 1292 596 1345 misso
647 1290 830 1342 lumen
889 1285 1294 1356 quodammodo
1350 1284 1583 1338 ellieitur
1624 1283 2002 1354 :promiserat

424 1383 568 1436 enim
612 1383 658 1433 is
689 1379 873 1448 justos
903 1378 1051 1432 viros
1086 1375 1153 1430 ad
1193 1377 1326 1430 solis
1361 1375 1773 1431 similitudinem
1829 1373 1998 1428 reful—

427 1481 616 1542 gentes
657 1470 790 1522 lore.
826 1469 999 1537 Atque
1035 1465 1086 1520 id
1113 1468 1292 1536 ipsum
1323 1466 1544 1535 quidem
1593 1465 1646 1519 in
1678 1465 1844 1519 terris
1875 1465 1992 1518 lieri

427 1565 696 1624 videmus,
729 1561 814 1614 vel
855 1563 910 1615 in
939 1560 1181 1630 speculo,
1213 1559 1298 1612 vel
1343 1558 1397 1612 in
1431 1573 1596 1628 aqua,
1631 1558 1713 1612 vel
1759 1558 1811 1610 in
1845 1566 2002 1612 caete-

427 1656 506 1708 ris
534 1655 717 1712 rebus,
743 1667 865 1722 quae
901 1666 1010 1720 prae
1032 1653 1298 1704 tenuitate
1323 1649 1606 1703 relucendi
1637 1649 1744 1702 vim
1779 1649 1998 1702 habent.

427 1747 564 1799 Cum
587 1747 731 1798 enim
770 1759 857 1798 res
889 1744 1068 1812 aliqua
1097 1740 1370 1810 ejusmodi
1395 1739 1579 1793 radios
1609 1741 1740 1794 solis
1773 1739 1996 1810 excipit,

2100 1103 2202 1172 γῆς
2239 1100 2455 1174 ὁρῶμεν
2489 1104 2770 1174 γινόμενον
2809 1104 2903 1157 ἐπὶ
2930 1103 3260 1173 κατόπτρου,
3301 1100 3334 1171 ἢ
3371 1100 3595 1162 ὓδατος,

2099 1194 2262 1250 ἄλλου
2307 1195 2452 1259 τινὸς
2500 1197 2610 1249 τῶν
2648 1195 2992 1250 ἀποστίλϐειν
3021 1195 3108 1248 διὰ
3153 1193 3409 1264 λειότητα
3447 1191 3684 1262 δυναμέ-

2102 1302 2225 1338 νων.
2282 1285 2457 1341 Ὅταν
2503 1287 2612 1360 γάρ
2645 1305 2698 1340 τι
2746 1287 2950 1340 τούτων
2997 1286 3214 1358 δέξηται
3256 1284 3352 1356 τὴν
3387 1283 3480 1336 τοῦ
3526 1283 3689 1351 ἡλίου

2101 1380 2327 1444 ἀκτῖνα,
2383 1380 2475 1432 καὶ
2521 1380 2686 1450 ἄλλην
2736 1379 2830 1448 ἀφ’
2877 1377 3084 1432 ἑαυτῶν
3121 1377 3310 1430 ἀκτῖνα
3379 1375 3552 1428 ποιεῖ’
3581 1373 3686 1426 οὐκ

2103 1470 2168 1524 ἂν
2201 1470 2543 1540 ποιήσαντα,
2599 1472 2648 1522 εί
2695 1469 2851 1540 ῥύπῳ
2898 1468 3006 1522 τινὶ
3061 1467 3125 1520 τὸ
3185 1465 3421 1537 καθαρόν
3469 1481 3528 1517 τε
3587 1462 3698 1518 καὶ

2103 1561 2355 1614 στιλπνὸν
2383 1561 2486 1631 τῆς
2512 1560 2834 1632 ἐπιφανείας
2861 1557 3210 1630 ἀχρειωθείη.
3247 1556 3372 1613 Εἴτε
3398 1552 3488 1609 οὖν
3520 1557 3687 1626 ἡμεῖς

2103 1656 2213 1709 ἀνω
2263 1654 2572 1724 γενοίμεθα,
2615 1651 3000 1716 καταλιπόντες
3043 1651 3104 1704 τὸ
3150 1649 3427 1722 περίγειον
3465 1647 3690 1712 σκότος,

2106 1747 2222 1798 ἐκεῖ
2258 1744 2564 1814 φωτοειδεῖς
2607 1741 2949 1814 γενησόμεθα
2970 1780 2986 1805 ,
3036 1741 3115 1812 τῷ
3147 1738 3384 1810 ἀληθινῷ
3417 1738 3555 1808 φωτὶ
3585 1733 3689 1790 τοῦ

429 1837 568 1891 alios
601 1851 791 1888 rursus
823 1834 875 1886 in
907 1848 972 1889 se
991 1831 1186 1886 radios
1225 1831 1342 1899 ipsa
1383 1830 1549 1885 ellirit
1580 1848 1593 1884 :
1625 1831 1768 1900 quod
1813 1831 2002 1900 utique

2119 1811 2340 1906 Χριστοῦ
2375 1811 2821 1906 ’ἐμπελάσαντεςέ
2851 1835 2959 1888 εἴτε
2989 1833 3052 1887 τὸ
3089 1811 3206 1904 ιρῶς
3227 1831 3292 1886 τὸ
3339 1829 3590 1901 ἀληθινὸν
3621 1829 3686 1882 τὸ

430 1943 538 1980 non
587 1929 786 1979 factum
830 1931 1000 1984 esset,
1043 1923 1086 1978 si
1123 1937 1256 1991 pura
1301 1921 1461 1976 illius
1490 1923 1564 1976 rei
1610 1922 2009 1992 splendidaque

429 2017 748 2088 supetlieics
789 2014 1043 2069 sordibus
1086 2013 1417 2083 quibusdam
1472 2023 1619 2068 esset
1660 2015 1872 2069 inutilis
1919 2015 1998 2070 l'a-

421 2120 536 2164 cta.
573 2108 713 2178 Ergo
741 2123 839 2160 nos
867 2107 982 2159 sive
1014 2105 1252 2159 terrenis
1286 2104 1498 2158 relictis
1539 2105 1623 2160 bis
1654 2107 1899 2161 tenebris
1946 2109 1999 2162 in

427 2200 647 2254 sublimi
699 2212 1000 2258 versemur,
1051 2195 1120 2249 ibi
1167 2195 1281 2264 jam
1325 2193 1486 2248 lucidi
1531 2195 1826 2250 elliciemur
1857 2215 1998 2253 verse

429 2289 634 2345 Christi
701 2289 804 2342 luci
857 2285 1387 2356 appropinquantes;
1439 2301 1532 2340 seu
1583 2287 1671 2339 lux
1715 2288 1804 2341 illa
1853 2305 2000 2356 vera,

2101 1928 2194 1982 καὶ
2223 1930 2280 1980 ὲν
2307 1930 2372 1998 τῇ
2405 1927 2595 1998 σκοτίᾳ
2625 1927 2842 1997 λάμπον
2867 1929 2960 1980 καὶ
2988 1925 3179 1997 μέχρις
3202 1924 3359 1996 ἡμῶν
3385 1921 3683 1992 καταϐαίη,

2101 2021 2193 2072 καὶ
2228 2021 2389 2090 ἡμεῖς
2421 2019 2538 2088 φῶς
2557 2019 2824 2090 ἐσόμεθα,
2858 2017 3037 2080 καθώς
3067 2017 3198 2086 φησί
3230 2033 3332 2068 που
3361 2017 3472 2076 τοῖς
3503 2012 3684 2083 μαθη-

2101 2112 2220 2172 ταῖς
2249 2111 2278 2162 ὁ
2312 2109 2548 2180 Κύριοςο
2596 2110 2659 2162 Εἰ
2699 2109 2772 2180 μή
2820 2125 2905 2171 τις
2934 2108 3131 2171 κακίας
3162 2107 3332 2178 ῥύπος
3375 2107 3440 2176 τῇ
3485 2102 3688 2175 καρδία

2103 2199 2624 2270 προσπεπλασμένος
2686 2199 2785 2271 τὴν
2836 2201 2994 2270 χάριν
3045 2198 3138 2251 τοῦ
3187 2197 3453 2268 ἡμετέρου
3505 2194 3684 2264 φωτὸς

2111 2290 2477 2362 ἁμαυρὼσειε.

431 2399 550 2456 qua:
577 2383 658 2436 vel
689 2381 742 2434 in
775 2379 1014 2434 tenebris
1059 2379 1224 2440 lucet,
1255 2379 1319 2430 ad
1359 2393 1456 2431 nos
1497 2376 1810 2440 descendat,
1847 2382 2008 2434 etiam
2049 2397 2146 2434 nos
2178 2383 2262 2435 lux
2295 2383 2520 2445 erimus,
2557 2389 2618 2435 ut
2649 2380 2909 2435 Dominus
2969 2379 3200 2450 quodam
3245 2380 3366 2432 loco
3403 2375 3689 2446 discipulis

433 2455 508 2530 ait
548 2476 624 2528 ¹⁵;
654 2470 768 2528 Nisi
813 2471 1138 2541 quilmsdam
1188 2470 1406 2523 malétia:
1455 2470 1893 2539 impm-itatistpte
1927 2474 2178 2528 sordibus
2219 2473 2442 2542 propius
2497 2473 2646 2528 cordi
2694 2471 2947 2536 admotis,
3000 2455 3438 2526 luminis'nostri
3481 2473 3689 2524 obscu-

434 2567 640 2623 rahitur
660 2564 854 2635 gratia.

503 2661 683 2727 Atque
736 2655 970 2710 fortasse
1029 2653 1252 2724 quidem
1291 2650 1410 2706 haec
1461 2668 1582 2723 quae
1639 2670 1693 2708 tn
1748 2657 2012 2727 exemplis

436 2748 688 2804 consistit
721 2745 1124 2806 oratio,sensim
1159 2759 1225 2798 eo
1258 2758 1358 2798 nos
1391 2744 1638 2808 adduxit,
1669 2755 1726 2798 ut
1761 2757 2014 2815 putemus

440 2856 540 2895 nos
573 2839 626 2890 in
668 2837 719 2888 iul
767 2843 1164 2888 commutatum
1214 2835 1299 2897 iri,
1343 2835 1490 2902 quod
1529 2837 1724 2892 melius
1753 2848 1838 2891 est
1871 2857 1884 2893 :
1919 2837 2015 2896 de-

440 2937 927 2994 monstratumqne
963 2933 1068 2989 est,
1107 2939 1214 2977 non
1247 2925 1406 2977 aliter
1439 2925 1555 2980 ﬁeri
1590 2941 1770 2995 posse,
1799 2935 1861 2982 ut
1898 2929 2012 2982 aui-

441 3035 565 3074 nms
596 3034 719 3072 eum
749 3015 1038 3068 ἱιιιιιίοηειιὶ
1071 3015 1500 3084 incon-ruptoque
1533 3015 1641 3070 Deo
1661 3018 1890 3086 junctus
1920 3019 2012 3080 sit,

445 3110 549 3165 nisi
581 3109 716 3176 ipse,
763 3114 1030 3176 quantum
1067 3105 1180 3159 ﬁeri
1215 3113 1417 3174 potest,
1455 3107 1810 3175 integritatis,
1858 3111 2020 3164 casti-

445 3200 684 3269 tatisque
719 3191 986 3266 praesidio’
1004 3210 1200 3266 purus,
1236 3203 1401 3264 atque
1430 3196 1786 3266 incorruptus
1821 3201 1931 3264 tiat,
1964 3210 2022 3256 ut

446 3292 550 3346 hac
579 3287 942 3344 similitudine
970 3287 1047 3352 id,
1077 3286 1224 3358 quod
1269 3288 1450 3342 simile
1481 3297 1590 3352 est,
1619 3292 2020 3360 apprehendat;

446 3391 706 3450 tanquam
749 3379 934 3450 aliquo
989 3379 1214 3448 speculo
1263 3379 1510 3434 adhibito
1553 3379 1644 3434 Dei
1689 3383 1911 3452 puritati
1964 3401 2024 3440 se

446 3475 566 3544 ipse
603 3471 933 3541 subiiciens,
971 3486 1094 3540 qua:
1145 3471 1568 3540 pulchritudinis
1615 3473 1792 3542 ipsius
1839 3489 2024 3530 exem-

448 3565 586 3636 plari
641 3564 746 3620 sibi
796 3564 1196 3626 demonstrato,
1254 3565 1319 3617 ad
1382 3565 1527 3620 illius
1583 3566 2022 3633 similittulinem,

449 3658 679 3713 formam
721 3671 876 3712 suam
913 3657 1206 3726 exprimat.
1252 3655 1348 3710 Sin
1386 3667 1566 3714 autem
1597 3661 1868 3730 quispiam
1901 3662 2026 3718 talis

445 3758 549 3815 est,
587 3751 678 3820 qui
733 3751 948 3819 noverit
981 3751 1096 3804 haec
1149 3749 1384 3804 luunana
1430 3750 1708 3818 deserere,
1761 3762 1856 3808 aut
1899 3771 2026 3811 cor-

447 3858 603 3913 pora,
650 3852 748 3898 aut
795 3843 1078 3912 pecunias,
1135 3851 1228 3896 aut
1281 3843 1667 3910 scientiarum,
1716 3851 2028 3920 artiumque

446 3933 652 3998 Studia,
705 3941 798 3986 aut
830 3947 1171 4002 quaecunque
1219 3933 1467 3988 moribus
1510 3935 1836 4008 legibusque
1885 3957 2025 4010 pne-

447 4024 598 4078 cla‘ra
657 4033 944 4092 putantur,
1002 4022 1261 4094 quoniam
1322 4023 1376 4078 in
1427 4023 1514 4080 his
1558 4027 1744 4091 relms,
1793 4045 2026 4100 quarum

448 4131 646 4172 sensus
683 4115 848 4184 judex
895 4123 997 4181 est,
1031 4115 1098 4171 de
1139 4117 1373 4174 honesto
1405 4121 1682 4190 opinimiis
1723 4138 1880 4177 error
1907 4141 2028 4178 ver-

450 4215 644 4272 satur;
680 4207 768 4260 hic
801 4206 1046 4275 profecto
1093 4217 1146 4264 et
1179 4225 1386 4276 amore,
1429 4222 1483 4266 et
1519 4215 1818 4284 cupiditate
1857 4216 1924 4269 ad
1973 4218 2030 4271 il-

453 4299 549 4353 lud
581 4299 757 4367 ipsum
790 4299 965 4352 solum
1007 4301 1318 4366 honestum,
1355 4305 1713 4374 pulchrttmve
1759 4307 2026 4375 trahetur,

2179 2658 2330 2730 Τάχα
2357 2657 2538 2712 τοίνυν
2577 2658 2726 2728 ἡμᾶς
2759 2657 2942 2729 ἡρέμα
2983 2653 3069 2708 διὰ
3117 2653 3226 2708 τῶν
3277 2653 3694 2723 ὑποδειγμάτων

2109 2753 2137 2804 ὁ
2173 2751 2332 2820 λόγος
2366 2751 2684 2823 προσήγαγε
2722 2751 2789 2819 τῇ
2822 2746 3033 2818 ἐπινοίᾳ
3059 2746 3156 2817 τῆς
3185 2745 3322 2818 πρὸς
3353 2743 3415 2797 τὸ
3445 2746 3701 2816 κρεῖττον

2110 2844 2264 2916 ἡμῶν
2305 2843 2676 2904 ἀλλοιώσεωςο
2707 2841 2802 2892 καὶ
2857 2837 3071 2910 ἐδείχθη
3125 2837 3198 2908 μὴ
3231 2835 3452 2890 δυνατὸν
3494 2835 3698 2907 ἑτέρως

2109 2931 2249 2989 εἶναι
2285 2933 2622 3004 συναφθῆναι
2665 2930 2762 3002 τήν
2803 2931 2984 3002 ψυχὴν
3024 2928 3100 3001 τῷ
3135 2927 3398 2998 ἀφθάρτῳ
3427 2925 3577 2998 Θεῷ,
3622 2927 3702 2998 μὴ

2063 3077 2087 3100 Ἷ
2119 3027 2215 3080 καὶ
2261 3025 2430 3096 αὐτὴν
2475 3025 2550 3088 ὡς
2591 3019 2702 3076 οἷόν
2739 3040 2799 3075 τε
2838 3021 3084 3092 καθαρὰν
3133 3020 3433 3090 γενομένην
3478 3018 3568 3072 διὰ
3599 3018 3701 3089 τῆς

2121 3117 2450 3190 ἀφθαρσίας·
2477 3117 2552 3180 ὡς
2574 3116 2640 3170 ἂν
2662 3116 2749 3168 διὰ
2774 3115 2865 3168 τοῦ
2885 3113 3070 3185 ὁμοίου
3113 3113 3394 3186 καταλάϐῃ
3413 3113 3474 3166 τὸ
3493 3112 3701 3182 ὅμοιον,

2121 3213 2285 3264 οἱονεὶ
2311 3211 2612 3279 κάτοπτρον
2635 3211 2698 3280 τῇ
2731 3207 3059 3278 καθαρότητι
3081 3206 3175 3260 τοῦ
3199 3205 3332 3260 Θεοῦ
3359 3206 3554 3277 ἑαυτὴν
3576 3206 3702 3259 ὑπο·
3722 3269 3736 3281 .

2125 3301 2331 3355 θεῖσανο
2365 3301 2505 3354 ὥστε
2547 3300 2688 3354 κατά
2715 3299 2948 3370 μετοχὴν
2977 3299 3071 3352 καὶ
3096 3297 3394 3368 ἐμφάνειαν
3432 3297 3528 3350 τοῦ
3552 3312 3703 3366 πρω-

2125 3393 2360 3446 τοτύπου
2393 3392 2622 3454 κάλλους
2653 3392 2744 3444 καὶ
2783 3391 2841 3443 τὸ
2869 3393 2924 3444 ὲν
2965 3389 3102 3460 αὐτῇ
3142 3389 3506 3462 μορφωθῆναι.
3539 3389 3604 3444 Εἰ
3643 3386 3706 3442 δέ

2124 3501 2210 3547 τις
2231 3483 2472 3546 τοιοῦτός
2507 3485 2679 3545 ἐστιν,
2701 3476 2811 3546 οἷος
2839 3481 2938 3552 ήδη
2971 3480 3148 3534 πάντα
3175 3480 3487 3534 καταλιπεῖν
3515 3479 3582 3532 τά
3605 3479 3705 3533 ἀν·-

2127 3572 2408 3646 ορώπινα,
2457 3571 2568 3624 εἴτε
2599 3570 2858 3642 σώματα,
2895 3568 3006 3622 εἴτε
3044 3569 3303 3640 χρήματα
3327 3611 3343 3636 ,
3377 3569 3486 3622 εἴτε
3535 3569 3599 3622 τά
3647 3568 3708 3623 ὲν

2127 3663 2456 3734 ἐπιστήμαις
2487 3663 2519 3734 ἢ
2566 3661 2779 3732 τέχναις
2812 3659 3219 3730 ἐπιτηδεύματα
3243 3699 3258 3724 ,
3291 3659 3324 3731 ἢ
3369 3661 3462 3714 καὶ
3497 3661 3600 3713 ὅσα
3646 3661 3709 3715 ὲν

2127 3755 2272 3809 ἔθεσι
2302 3755 2396 3808 καὶΙ
2435 3755 2620 3826 νόμοις
2657 3751 2804 3818 δεξιὰ
2848 3753 3132 3824 θεωρεῖται
3179 3753 3330 3826 (περὶ
3371 3753 3440 3806 τά
3481 3751 3709 3806 τοιαῦτα

2127 3851 2296 3922 γάρὴ
2335 3851 2512 3922 πλάνη
2556 3849 2653 3920 τῆς
2679 3848 2773 3902 τοῦ
2809 3849 2974 3902 καλοῦ
3017 3849 3423 3918 κατανοήσεως,
3465 3849 3524 3900 ὲν
3558 3843 3638 3910 οἷς
3669 3848 3708 3918 ἠ

2129 3941 2380 4013 αἴσθησις
2412 3942 2694 4013 κριτήριον
2735 3941 2988 4013 γίνεται),
3023 3943 3051 3994 ὁ
3085 3941 3322 4003 τοιοῦτος
3351 3940 3486 4010 πρὸς
3528 3941 3714 3994 ἐκεῖνο

2133 4035 2291 4106 μόνον
2319 4033 2597 4105 ἐρωτικῶς
2622 4049 2681 4086 τε
2706 4033 2800 4086 καὶ
2823 4031 3236 4103 ἐπιθυμητικῶς
3265 4032 3397 4098 ἕξει,
3427 4031 3456 4084 ὃ
3477 4033 3577 4102 οὐχ
3599 4031 3710 4085 ἐτέ-

2133 4125 2305 4198 ρωθεν
2335 4125 2448 4196 ἔχει
2470 4125 2529 4178 τὺ
2549 4123 2710 4178 καλῦν
2734 4119 2893 4187 εἶναι,
2925 4124 3044 4178 οὐδὲ
3081 4125 3225 4188 me,
3253 4125 3284 4194 ἢ
3312 4125 3446 4196 πρός
3469 4141 3521 4176 τι
3543 4122 3712 4179 τοιοῦ-

2129 4214 2220 4266 τόν
2253 4214 2398 4266 ἐστιν
2418 4230 2430 4241 ·
2467 4213 2602 4266 ἀλλὰ
2641 4211 2700 4277 ἐξ
2727 4212 2917 4266 ἑαυτοῦ
2947 4213 3039 4266 καὶ
3073 4213 3136 4266 δι’
3168 4213 3360 4266 ἑαυτοῦ
3399 4213 3584 4279 καλὸν,
3615 4215 3714 4269 καὶ

2131 4307 2188 4357 ὲν
2231 4303 2410 4375 ἑαυτῷ
2453 4303 2692 4358 τοιοῦτον
2741 4303 2902 4358 καλὸν
2950 4302 3030 4369 ὃν,
3069 4305 3161 4357 καὶ
3207 4305 3327 4358 οὐδὲ
3374 4305 3508 4358 ποτὲ
3547 4305 3712 4360 καλὸν

450 4393 597 4463 quod
663 4406 771 4446 non
831 4393 1052 4448 aliunde
1103 4394 1370 4450 exsistere
1432 4405 1631 4466 potest,
1695 4415 1875 4470 neque
1934 4400 2016 4454 ali-

2130 4397 2436 4466 γενόμενον,
2471 4395 2504 4467 ἢ
2529 4395 2656 4448 ποτὲ
2682 4395 2780 4448 οὐκ
2807 4395 3083 4466 ἐσόμενον,
3114 4395 3249 4448 ἀλλά
3275 4396 3506 4451 πάντοτε
3533 4396 3712 4450 ὡσαύ-

452 4487 694 4556 quando,
725 4500 902 4555 neque
949 4485 1015 4540 ad
1067 4485 1273 4558 aliquid
1316 4489 1586 4558 ejusmodi
1625 4490 1881 4556 refertur,
1929 4492 2022 4548 sed

452 4577 598 4649 quod
632 4592 694 4632 ex
741 4592 824 4636 se,
862 4587 911 4632 et
944 4591 1040 4646 per
1071 4593 1152 4645 se,
1185 4587 1238 4634 et
1270 4581 1324 4634 in
1365 4595 1426 4636 se
1458 4583 1746 4636 honestum
1775 4592 1880 4649 est,
1923 4584 2024 4640 hoc

452 4684 586 4726 sane
627 4677 712 4724 est
751 4684 966 4739 semper
1011 4671 1325 4740 honestum,
1371 4685 1548 4744 neque
1581 4675 1872 4750 qliquando
1919 4693 2024 4732 non

455 4760 580 4822 fuit,
609 4769 702 4814 aut
735 4759 1032 4830 aliquando
1081 4778 1188 4817 non
1225 4763 1490 4834 futurum,
1545 4767 1638 4822 sed
1673 4777 1933 4838 perpetuo
1969 4787 2029 4826 se

455 4867 566 4905 uno
597 4851 902 4919 eodemque
935 4852 1098 4905 modo
1130 4853 1314 4915 habet,
1347 4870 1528 4925 neque
1562 4858 1788 4911 omnino
1819 4861 2027 4926 augeri,

454 4947 632 5002 neque
672 4935 1020 5003 ampliﬁcari,
1051 4951 1226 5006 neque
1260 4937 1368 4992 ulla
1401 4941 1800 5008 permutatione
1831 4931 2026 4996 imitari

456 5030 656 5094 potest.
694 5025 856 5094 Atqui
889 5034 1120 5081 cum-tas
1143 5027 1308 5082 animi
1343 5031 1426 5082 sui
1461 5037 1761 5098 potestates
1785 5033 2029 5087 omnium

456 5115 712 5170 vitiorum
756 5117 1014 5170 Sttl'diblts
1054 5119 1149 5187 qui
1183 5119 1527 5184 absterserit,
1563 5122 1694 5176 illud
1742 5125 1918 5180 ausim
1948 5125 2031 5182 di-

455 5223 600 5270 cere,
627 5206 1082 5278 athrmaremque,
1117 5211 1468 5280 perspicuum
1502 5213 1550 5266 ei
1583 5213 1806 5268 omnino
1827 5223 1948 5272 eSse
1981 5215 2032 5272 id

457 5297 602 5366 quod
633 5306 826 5350 natura
867 5307 950 5352 est
985 5299 1164 5354 solum
1203 5301 1513 5366 honestum,
1569 5317 1596 5356 a
1629 5319 1740 5374 quo
1775 5321 1900 5360 eum
1935 5307 2035 5362 ho-

457 5387 598 5443 nesti
646 5387 846 5450 omnis,
905 5396 1020 5442 tum
1075 5391 1200 5446 boni
1255 5393 1608 5464 principium,
1667 5403 1828 5465 atque
1869 5411 2036 5452 causa

459 5477 716 5532 exsistit:
747 5486 808 5532 ut
857 5479 1004 5533 enim
1053 5481 1271 5546 oculus,
1307 5485 1400 5553 qui
1448 5483 1796 5554 lippitudinis
1843 5488 2038 5542 morbo

457 5562 723 5625 liberatus
750 5579 855 5635 est,
888 5581 1075 5640 aperte
1103 5589 1168 5630 ea
1215 5575 1414 5642 cernit,
1445 5593 1566 5648 quae
1601 5577 1657 5634 in
1701 5579 1844 5635 caelo
1869 5594 2039 5651 appa-

531 5769 579 5806 ¹⁸
599 5769 788 5829 Matth.
818 5791 868 5843 ν,
907 5775 994 5834 14.

2132 4503 2240 4549 τως
2266 4484 2408 4556 ἕχον,
2437 4485 2753 4556 προσθήκης
2781 4503 2837 4538 τε
2869 4485 2962 4538 καὶ⁵
2993 4483 3270 4556 αὐξήσεως
3301 4486 3585 4558 ὑπεράνω,
3619 4489 3714 4541 καὶ

2133 4576 2482 4631 ἀνεπίδεκτον
2520 4580 2700 4648 πάσης
2732 4577 2943 4648 τροπῆς
2975 4595 3034 4630 τε
3081 4580 3172 4632 καὶ
3212 4577 3572 4644 ἀλλοιώσεως.
3623 4579 3715 4652 Τῷ

2133 4669 2309 4724 τοίνυν
2333 4671 2514 4734 πάσας
2541 4668 2731 4722 ἑαυτοῦ
2757 4668 2854 4732 τὰς
2877 4669 2976 4740 τῆς
3003 4669 3184 4741 ψυχῆς
3213 4669 3474 4741 δυνάμεις
3496 4671 3561 4723 ὲκ
3585 4689 3716 4725 παν-

2135 4761 2224 4826 τὸς
2251 4761 2422 4825 εἴδους
2444 4761 2641 4824 κακίας
2662 4759 3092 4830 ἀποκαθάραντι,
3113 4760 3295 4832 τολμῶ
3323 4762 3416 4814 καὶ
3440 4761 3606 4832 λέγω,
3631 4764 3715 4818 ὅτι

2137 4853 2380 4924 ἐμφανὲς
2409 4855 2616 4922 γίνεται
2646 4852 2706 4904 τὺ
2736 4851 2892 4922 μόνον
2920 4853 2988 4922 τῇ
3017 4851 3176 4920 φύσει
3209 4853 3392 4917 καλὸν,
3429 4854 3566 4928 ὅπερ
3599 4857 3718 4910 ἐστὶ

2138 4943 2198 4998 τὸ
2233 4945 2433 5006 παντὸς
2465 4943 2630 4996 καλοῦ
2657 4960 2714 4995 τε
2745 4943 2839 4996 καὶ
2865 4942 3067 5009 ἀγαθοῦ
3094 4943 3286 4998 αἴτιον.
3312 4945 3582 5018 Καθάπερ
3609 4947 3720 5018 γὰρ
3795 4960 3803 5014 ξ

2139 5035 2516 5108 ὀφθαλμῷτὴν
2547 5037 2728 5108 λήμην
2761 5037 3166 5109 ἀπορυψαμένῳ
3205 5037 3276 5091 τὰ
3314 5039 3372 5090 ὲν
3395 5037 3472 5109 τῷ
3505 5039 3720 5112 οὐρανῷ

2139 5125 2426 5198 τηλαυγῶς
2471 5125 2802 5198 καθορᾶται·
2853 5126 3021 5190 οὕτως
3068 5129 3162 5179 καὶ
3201 5129 3268 5197 τῇ
3310 5125 3453 5198 ψυχῇ
3491 5127 3582 5190 διὰ
3622 5130 3724 5200 τῆς

2143 5215 2450 5288 ἀφθαρσίας
2492 5217 2852 5290 παραγίνεται
2901 5218 2934 5286 ἡ
2985 5215 3212 5286 δύναμις
3257 5216 3358 5286 τῆς
3403 5217 3496 5270 τοῦ
3524 5218 3723 5292 ,φωτὸς

2139 5309 2350 5362 ἐκείνου
2379 5311 2758 5381 κατανοήσεως
2777 5350 2790 5374 ,
2829 5313 2924 5363 καὶ¹
2949 5311 2984 5380 ἡ
3013 5311 3244 5384 ἀληθινὴ
3288 5311 3558 5380 παρθενία
3576 5354 3593 5378 ,
3628 5313 3721 5366 καὶ

2143 5403 2177 5471 η
2211 5403 2338 5474 περλ⁸
2367 5403 2464 5474 τὴν
2505 5403 2814 5475 ἀφθαρσίαν
2847 5403 3047 5474 σπουδὴ
3077 5405 3156 5466 εἰς
3187 5403 3375 5458 τοῦτον
3405 5405 3495 5458 τὸν
3522 5405 3724 5458 σκοπὸν

2145 5495 2480 5567 καταλήγει,
2511 5495 2573 5548 τὸ
2613 5495 2680 5548 δι’
2728 5495 2895 5565 αὐτῆς
2931 5494 3224 5566 δυνηθῆναι
3263 5495 3354 5550 τὸν
3399 5495 3532 5549 Θεὸν
3573 5497 3722 5552 ἰδεῖν.

2148 5583 2270 5639 ’Ότι
2295 5584 2402 5658 γὰρ
2423 5585 2484 5640 τὸ
2517 5585 2721 5660 κυρίως
2751 5585 2845 5642 καὶ
2874 5585 3105 5659 πρώτως
3137 5589 3231 5643 καὶ
3265 5587 3442 5659 μόνως
3471 5587 3639 5644 καλὸν
3665 5603 3725 5642 τε
