4072 6156
402 260 503 318 369

1773 277 1861 334 DE
1901 279 2361 340 VlRGlNlTATE.

3551 214 3739 351 ea

405 377 493 480 καὶ
519 378 720 480 ἀγαθον
748 382 845 436 καὶ
870 384 1104 458 καθαρὸν
1130 391 1159 443 6
1180 390 1287 446 τῶν
1312 390 1450 448 ὅλων
1478 394 1593 448 ἐστὶ
1618 395 1771 462 Θεὸς,
1799 399 1956 458 οὐδεὶς

2078 410 2203 456 rent
2235 420 2248 455 :
2283 403 2365 458 sic
2395 403 2579 458 animo
2619 418 2687 461 ex
2723 418 2860 476 pura
2914 404 3259 478 integritate}
3296 406 3682 480 castitatisque:

402 466 537 519 οὕτω
563 469 761 537 τυφλὸς
786 473 885 543 τὴν
906 474 1163 545 διάνοιαν,
1185 480 1260 544 ὡς
1289 481 1363 553 μὴ
1384 484 1479 551 ἀφ’
1503 485 1696 538 ἑαυτοῦ
1721 488 1970 542 συνιδεῖν.

2076 488 2312 546 facultas
2344 492 2558 548 accedit
2608 495 2752 552 lucis
2789 496 2936 552 illius
2979 499 3434 570 contemplamlle.
3472 503 3655 572 Atque

413 556 570 656 ’,Αλλιά
609 559 768 613 τοῦτο
812 563 912 632 μὲν
958 565 1087 631 ἴσως
1135 569 1308 636 οὐδεὶς
1350 574 1563 642 ἀγνοεῖ·
1600 575 1877 649 ἐπιζητεῖν
1915 578 1956 633 δί

2074 594 2203 635 vera
2265 580 2489 650 quidem
2547 582 2831 653 virginitas
2880 556 3323 656 incorruplzeque
3376 556 3683 645 castitatis»

398 648 540 710 εἰκός
572 666 744 713 τινας,
776 655 824 706 εί
866 654 1089 710 δυνατόν
1116 662 1265 714 ἐστιν
1302 659 1410 716 οἷόν
1453 683 1574 719 τινα
1620 648 1838 738 μέθοδον
1878 671 1956 725 κα¹

2075 648 2319 727 studium
2345 687 2411 729 eo
2445 687 2578 730 sane
2607 648 2865 741 refertur,
2887 685 2944 730 ut
2973 648 3129 731 illius
3157 648 3333 746 ips-ius
3357 693 3461 748 ope
3490 679 3649 734 adhi~

394 737 615 810 ἀγωγὴν
644 741 744 813 τὴν
789 746 924 814 πρὸς
955 748 1114 802 τοῦτο
1153 755 1599 823 χειραγωγοῦσαν
1624 737 1780 829 ημᾶς
1816 761 1969 826 ἐξευ-

333 831 344 923 ξ
394 831 527 898 ρείν.
569 832 778 887 Μεσταὶ
814 837 913 906 μὲν
955 836 1047 894 οὖν
1080 842 1136 894 αἱ
1177 844 1316 898 θεῖαι
1355 848 1535 902 Βίόλοι
1578 851 1680 920 τῆς
1713 853 1969 926 τοιαύτης

334 921 339 937 ‘
391 921 526 975 εἰσὶν
553 924 895 995 ὑφηγήσεως·
924 931 1106 987 πολλοὶ
1128 935 1186 989 δὲ
1216 936 1324 990 τῶν
1367 940 1538 1008 ἀγίων
1567 943 1815 1016 καθάπερ
1839 946 1962 1000 τινὰ

390 1011 593 1108 λύχνον
611 1017 700 1069 τὸ)
726 1020 933 1074 έαυτῶν
962 1023 1076 1092 βίον
1095 1031 1208 1091 τοῖς
1240 1030 1384 1083 κατὰ
1410 1032 1541 1085 Θεὸν
1580 1011 1969 1108 πορευομένοις

390 1106 794 1173 προφαίνουσιν.
856 1113 1015 1169 Ἀλλά
1058 1119 1158 1182 τὰς
1197 1121 1299 1187 μὲν
1352 1124 1417 1177 ἐκ
1463 1125 1559 1195 τῆς
1607 1106 1966 1182 θεοπνεύστου

389 1195 610 1288 γραφῆς
635 1203 715 1265 εἰς
734 1203 825 1257 τὸν
855 1209 1211 1277 προκείμενον
1236 1214 1432 1267 σκοπὸν
1457 1216 1733 1288 ὑποθήκας
1756 1219 1965 1283 ἔξεστιν

384 1286 602 1359 ἑκάστῳ
636 1291 903 1358 πλουσίως
936 1296 995 1361 ἐξ
1029 1300 1352 1372 ἀμφοτέρων
1389 1304 1496 1357 τῶν
1530 1307 1815 1377 Διαθηκῶν
1841 1311 1962 1363 ἀνα-

2075 763 2210 828 bita,
2253 762 2424 819 Deum
2465 765 2590 835 quis
2637 766 2812 836 possit
2858 767 3080 821 intueri.
3136 767 3267 821 Nam
3306 770 3548 840 proprie,
3594 778 3669 826 et:

2071 856 2331 925 primum,
2387 865 2442 911 et
2506 858 2685 913 solum
2754 858 3066 922 honestum,
3125 874 3431 930 purumque
3478 860 3658 917 Deum

2071 962 2218 1015 esse,
2243 964 2405 1004 nemo
2431 950 2503 1003 ita
2538 957 2720 1006 mente
2745 965 2893 1005 caeca
2915 959 3020 1013 est,
3062 952 3193 1021 quin
3230 969 3325 1022 per
3355 968 3415 1008 se
3443 954 3649 1008 intelli-

2070 1047 2183 1111 gat.
2251 1040 2358 1096 Sed
2416 1042 2518 1096 hoc
2549 1044 2730 1111 ipsum
2785 1040 3021 1098 fortasse
3071 1059 3233 1098 nemo
3290 1044 3546 1113 ignorat;
3592 1053 3650 1101 at

2070 1146 2285 1199 aequum
2323 1138 2505 1186 tamen
2540 1139 2644 1192 est,
2680 1141 2740 1186 ut
2775 1131 3047 1195 nonnulli,
3083 1134 3127 1188 si
3159 1134 3272 1187 fieri
3306 1145 3502 1205 potest,
3532 1151 3650 1191 om-

2071 1221 2203 1275 nino
2239 1221 2519 1290 indagent,
2561 1238 2683 1292 quae
2712 1238 2844 1278 sane
2876 1225 3016 1277 ratio
3048 1225 3119 1278 sit
3148 1239 3212 1279 ac
3244 1226 3348 1292 via,
3389 1242 3512 1297 quae
3548 1241 3650 1282 nos

2069 1312 2137 1366 ad
2180 1312 2312 1366 illud
2352 1314 2530 1382 ipsum
2565 1314 2854 1370 honestum
2893 1316 3079 1371 ducat.
3115 1315 3296 1372 Plenae
3336 1320 3504 1389 igitur
3541 1321 3647 1375 hu-

385 1374 660 1440 λέξασθαι·
698 1383 868 1437 πολλά
906 1387 1003 1455 μὲν
1044 1389 1153 1460 γὰρ
1191 1392 1249 1445 ἐν
1279 1396 1587 1465 προφήταις
1630 1374 1723 1451 καὶ
1772 1399 1956 1470 νόμῳ,

2060 1405 2222 1476 jnsce
2273 1409 2610 1464 narrationis
2664 1409 2865 1466 divina:
2926 1413 3177 1481 Litterae,
3227 1415 3650 1485 coinpluresque

383 1470 556 1524 πολλά
583 1473 640 1526 δὲ
676 1476 736 1528 ἐν
775 1477 1156 1547 εύαγγελικαῖς
1195 1500 1253 1535 τε
1299 1486 1392 1537 καὶ
1430 1486 1812 1553 ἀποστολικαῖς
1857 1508 1962 1544 πα-

380 1564 636 1634 ραδόσεσι
664 1569 929 1637 πάρεστιν
966 1572 1213 1641 ἀφθόνως
1246 1576 1448 1633 λαϐεῖν.
1486 1580 1625 1634 Ὅσα
1667 1582 1712 1635 δ’
1759 1584 1824 1638 ἂν
1868 1587 1963 1640 καὶ

378 1658 542 1727 ἡμεῖς
574 1660 998 1733 ύπονοήσαὶμεν,
1034 1668 1152 1730 ταῖς
1175 1666 1347 1733 θείαις
1382 1671 1802 1740 ἀκολουθοῦντες
1849 1695 1962 1747 φω-

376 1751 519 1814 ναῖς,
546 1751 699 1805 ταῦτ⁸
730 1753 896 1809 ἐστίν.

373 1844 606 1911 copiose
687 1847 823 1902 satis
871 1849 1132 1911 colligere
1192 1853 1352 1918 licet;

2064 1501 2402 1559 sanctissimi
2443 1503 2544 1555 viri
2573 1503 2741 1556 vitam
2772 1518 2949 1569 suam,
2992 1505 3150 1575 quasi
3181 1506 3363 1560 lmnen
3405 1506 3647 1576 aliquod,

2065 1591 2172 1644 illis
2224 1592 2544 1655 ostendunt,
2599 1593 2690 1662 qui
2757 1609 2880 1648 cum
2940 1595 3052 1650 Deo
3100 1597 3403 1651 ambulant.
3447 1595 3645 1651 Verum

2066 1694 2333 1752 praecepta
2374 1684 2593 1754 quidem
2633 1686 2824 1752 multa,
2868 1702 2990 1757 quae
3040 1689 3107 1743 ad
3159 1689 3260 1743 hoc
3306 1688 3646 1758 propositum

1997 1772 2036 1826 Β
2067 1775 2362 1844 pertinent,
2390 1792 2455 1831 ex
2488 1777 2695 1833 divinis
2727 1778 3019 1849 utriusque
3049 1779 3387 1834 Testamenti
3427 1779 3647 1849 scriptis

1446 1870 1570 1910 nam
1614 1872 1739 1914 cum
1795 1862 1965 1916 multa
2009 1880 2039 1919 e
2080 1868 2386 1936 prophetis,
2435 1876 2600 1938 atque
2641 1871 2780 1939 lege,
2816 1878 2928 1924 tum
2981 1872 3241 1941 pleraque
3290 1885 3443 1935 sane,
3497 1876 3552 1926 et
3582 1882 3647 1924 ex

374 1935 747 2005 evangelieis,
808 1947 862 1993 et
917 1945 1234 2011 apostolicis
1285 1947 1672 2005 traditionibus
1731 1952 1951 2011 abunde
1987 1935 2199 2030 percipi
2249 1935 2673 2029 possuntaQua:
2697 1935 2851 2018 vvero
2888 1935 3008 2028 nos,
3043 1935 3258 2019 divinos
3297 1961 3493 2019 imitati
3532 1974 3650 2017 ser-

371 2045 591 2095 mones,
626 2039 979 2092 commentati
1011 2053 1227 2107 sumus,
1258 2041 1374 2097 base
1398 2046 1626 2100 omnino
1650 2057 1802 2102 sunt.

983 2158 1232 2214 ΚΕΦΑΛ.
1267 2162 1369 2216 1Β¹.

370 2262 497 2317 Ὅτι
521 2266 650 2348 066:
763 2266 973 2348 ἀρχῆς,
1008 2269 1149 2348 οὐδὲ
1172 2273 1320 2348 κατὰ
1346 2275 1536 2348 φύσιν
1558 2281 1964 2348 aureumque-

437 2350 575 2460 ἔργ’,
775 2339 1170 2402 αὐτεξούσιον
1197 2343 1319 2412 ἔχει
1347 2337 1383 2398 ὅ
1419 2346 1728 2414 ἄνθρωπος
1762 2350 1827 2403 τὸ
1853 2337 1961 2404 πα-

501 2421 614 2471 ιτικ
694 2446 710 2460 .

438 2497 520 2550 Τδ
548 2496 767 2567 λογικὸν
802 2497 960 2553 τοῦτο
1005 2502 1098 2555 καὶ
1122 2503 1454 2574 διανοητικὺν
1499 2506 1657 2571 ζῶον,
1688 2510 1718 2561 6
1747 2509 1956 2580 ἄνθρω-

366 2606 493 2653 πος,
535 2589 637 2660 τῆς
677 2590 826 2653 θείας
873 2609 932 2644 τε
977 2593 1071 2646 καὶ
1119 2596 1399 2665 ἀκηράτου
1429 2598 1642 2666 φύσεως
1679 2598 1836 2671 ἔργον
1867 2603 1960 2655 καὶ

366 2681 601 2751 μίμημα
632 2682 870 2750 γεγονώς
890 2702 902 2713 ’
938 2682 1080 2738 οὕτω
1108 2687 1217 2757 γὰρ
1244 2689 1303 2740 ἐν
1329 2691 1395 2759 τῇ
1433 2691 1805 2762 Κοσμογενείᾳ
1832 2694 1958 2763 περὶ

364 2771 537 2826 αὐτοῦ
567 2772 1003 2844 ἀναγέγραπται,
1035 2777 1116 2829 ὅτι
1155 2796 1173 2828 ι
1211 2779 1346 2831 Κατ’
1379 2780 1563 2833 είκόνα
1601 2781 1734 2834 Θεοῦ
1769 2784 1956 2853 ἐποίη-

366 2879 460 2917 σεν
487 2863 653 2917 αὐτόν
676 2880 689 2892 ·
727 2884 746 2916 ι
773 2866 931 2920 τοῦτο
960 2864 1053 2921 οὖν
1074 2868 1134 2921 τὸ
1159 2869 1316 2937 ζῶον,
1337 2874 1366 2925 6
1396 2872 1700 2944 ἄνθρωπος,
1730 2876 1791 2928 οὐ
1822 2877 1962 2930 κατὰ

365 2953 533 3022 φύσιν
562 2956 685 3009 οὐδὲ
729 2961 1155 3030 συνουσιωμένον
1184 2960 1339 3032 ἔσχεν
1373 2966 1430 3016 ἐν
1458 2965 1635 3036 ἐαυτῷ
1683 2967 1833 3038 παρὰ
1860 2969 1959 3038 τὴν

363 3046 595 3118 πρώτην
622 3047 832 3114 γένεσιν
867 3049 929 3102 τὸ
960 3050 1259 3121 παθητικόν
1282 3071 1342 3107 τε
1386 3056 1477 3108 καὶ
1510 3057 1793 3128 ἐπίκηρον.
1826 3060 1960 3113 Οὐδὲ

363 3136 475 3207 γὰρ
505 3130 575 3207 ἦν
606 3135 830 3188 δυνατὸν
857 3136 946 3189 τὸν
983 3141 1081 3209 τῆς
1105 3139 1311 3203 εἰκόνος
1348 3142 1677 3213 διασωθῆναι
1702 3144 1877 3213 λόγον,
1909 3148 1958 3199 εί

2655 2165 2885 2221 CAPUT
2926 2166 3042 2221 XII.

2069 2278 2250 2351 Neque
2310 2297 2341 2332 a
2389 2280 2676 2347 principio,
2719 2297 2880 2349 neque
2923 2292 3117 2335 natura
3158 2293 3356 2337 mnatre
3395 2295 3516 2339 sunt
3553 2287 3647 2343 Ito-

2166 2353 2296 2403 mim‘
2332 2351 2655 2420 a/ﬂ'ctioizes,
2683 2352 2773 2404 sed
2803 2367 2867 2404 ex:
2907 2352 3127 2406 consilio
3158 2355 3257 2407 sibi
3284 2357 3547 2412 ueniunt.

2140 2497 2337 2564 Ιιοιιιο,
2373 2502 2463 2570 qui
2510 2502 2744 2556 rationis
2790 2504 3089 2573 particeps,
3139 2504 3449 2575 mentisque
3495 2522 3645 2562 com-

2068 2605 2166 2659 pos
2204 2591 2407 2644 animal
2458 2602 2564 2655 est,
2606 2601 2661 2646 et
2707 2592 3380 2666 divin:eineorruptmque
3430 2607 3641 2655 natura:

2068 2698 2229 2752 epus,
2267 2694 2431 2753 atque
2455 2684 2813 2741 simulacrum
2843 2684 3094 2740 effectum
3129 2706 3141 2742 :
3175 2687 3229 2740 in
3266 2688 3453 2742 mundi
3497 2691 3643 2745 enim

2076 2776 2469 2829 constitutione
2494 2775 2563 2829 de
2594 2790 2661 2830 eo
2700 2776 2783 2831 his
2813 2777 2993 2831 verbis
3036 2777 3301 2847 scriptum
3348 2787 3433 2833 est
3463 2799 3474 2834 :
3513 2799 3531 2831 ι
3561 2782 3642 2834 Ad

2072 2866 2363 2942 imaginem
2390 2866 2483 2921 Dei
2508 2867 2634 2921 feeit
2659 2882 2783 2923 eum
2814 2870 2898 2934 ιδ’,
2940 2888 2959 2921 ι
2995 2869 3126 2933 hoc,
3166 2871 3409 2940 inquam,
3441 2874 3643 2927 animal

2067 2956 2250 3021 homo,
2300 2956 2572 3027 principio
2618 2971 2729 3011 non
2784 2958 2913 3012 illud
2950 2959 3055 3014 sibi
3095 2969 3290 3013 natura
3339 2961 3638 3030 ingenitum

2067 3049 2281 3115 habuit,
2335 3059 2396 3104 ιιι
2447 3050 2736 3107 affectibus
2787 3061 2953 3118 esset,
3019 3055 3294 3125 mortique
3334 3056 3640 3126 expositus.

2064 3139 2251 3211 Neque
2293 3143 2438 3198 enim
2485 3144 2603 3198 fieri
2636 3152 2872 3215 poterat,
2911 3157 2970 3200 ut
3004 3147 3383 3201 similitudinis
3412 3164 3633 3204 conser-

362 3227 704 3292 ὗπεναντίως
752 3224 865 3298 εἶχε
908 3230 969 3282 τὸ
1002 3232 1453 3303 άπεικονισμένον
1509 3235 1701 3299 κάλλος
1732 3238 1867 3308 πρὸς
1899 3239 1956 3292 τὸ

2071 3242 2191 3286 vata
2222 3243 2371 3290 esset
2413 3236 2576 3300 ratio,
2602 3238 2648 3291 si
2688 3249 2883 3292 contra
2933 3254 2992 3292 se.
3020 3239 3071 3293 id
3123 3240 3369 3304 haberet,
3394 3243 3540 3310 quod
3573 3242 3639 3295 ad

364 3317 698 3387 ἀρχέτυπον.
740 3318 880 3371 Ἀλλ’
912 3318 1134 3386 ὕστερον
1167 3321 1466 3393 ἐπεισήχθη
1505 3324 1568 3377 τὸ
1602 3324 1772 3389 πάθος
1809 3326 1959 3397 αὐτῷ

363 3409 513 3477 μετά
540 3410 640 3478 τὴν
668 3409 893 3481 πρώτην
910 3415 1262 3483 κατασκευήν
1281 3429 1295 3442 '
1336 3416 1633 3486 ἐπεισήχθη
1667 3417 1723 3469 δὲ
1754 3416 1923 3482 οὔτως
1941 3434 1953 3448 ο

363 3498 547 3553 Είκὼν
591 3497 659 3571 ἦν
705 3501 800 3554 καὶ
835 3502 1108 3573 ὁμοίωμα,
1148 3503 1327 3568 καθὼς
1348 3505 1584 3576 εἴρηται,
1612 3511 1709 3578 τῆς
1741 3510 1956 3562 πάντων

361 3590 471 3644 τῶν
497 3590 670 3647 ὄντων
706 3592 1091 3664 βασιλευούσης
1145 3594 1459 3666 δυνάμεως·
1516 3599 1608 3651 καὶ
1660 3599 1747 3652 διά
1797 3600 1957 3653 τοῦτο

361 3687 457 3738 καὶ
502 3686 563 3737 ἐν
615 3684 696 3756 τῷ
744 3684 1074 3757 αὐτεξουσίῳ
1117 3688 1215 3754 τῆς
1257 3689 1391 3758 πρὸς
1439 3690 1531 3742 τὸν
1579 3690 1956 3755 ἐξουσιάζοντα

359 3779 586 3831 πάντων
613 3772 728 3847 εἶχε
749 3778 848 3848 τὴν
884 3778 1194 3850 ὁμοιότητα,
1225 3781 1450 3852 οὐδεμιᾷ
1486 3800 1593 3836 τινι
1629 3782 1734 3836 τῶν
1758 3783 1956 3849 ἔξωθεν

356 3867 581 3940 ἀνάγκῃ
609 3869 1026 3940 δεδουλωμένος·
1055 3870 1189 3925 άλλά
1223 3875 1288 3943 τῇ
1316 3873 1508 3946 γνώμῃ
1555 3877 1620 3946 τῇ
1674 3876 1781 3947 ἰδίᾳ
1820 3876 1953 3947 πρὸς

355 3959 418 4013 τὸ
460 3960 660 4014 δοκοῦν
699 3961 1084 4032 διοικούμενος,
1127 3964 1220 4016 καὶ
1266 3965 1326 4017 τὺ
1370 3966 1602 4036 ἀρέσκον
1647 3968 1796 4038 αὐτῷ
1833 3971 1952 4022 κατ’

356 4053 617 4118 ἐξουσίαν
654 4054 997 4124 αἱρούμενος,
1044 4056 1144 4127 τὴν
1197 4059 1481 4128 συμφορὰν
1523 4062 1747 4130 ταύτην,
1860 4061 1953 4115 νῦν

354 4145 702 4217 κεκράτηται
729 4146 789 4197 τὸ
816 4145 1153 4217 ἀνθρώπινον
1176 4188 1190 4210 ,
1246 4149 1406 4212 αὐτὸς
1448 4150 1727 4220 ἐθελοντὴς
1771 4153 1953 4224 ἀπάτῃ

358 4235 724 4306 παρενεχθεὶς
754 4237 1124 4298 ἐπεσπάσατο,
1165 4238 1326 4302 αὐτὸς
1361 4240 1460 4309 τῆς
1493 4242 1689 4305 κακίας
1725 4244 1952 4315 εὑρέτης

353 4330 673 4398 γενόμενος,
699 4331 821 4398 οὐχὶ
850 4329 1002 4399 παρά
1048 4330 1181 4383 θεοῦ
1231 4332 1529 4403 γενομένην
1574 4334 1779 4405 εὑρών·
1820 4335 1950 4400 Θεὸς

354 4419 469 4488 γάρ
502 4417 733 4471 θάνατον
757 4419 857 4471 οὐκ
892 4420 1167 4491 ἐποίησεν,
1193 4422 1327 4476 ἀλλά
1352 4423 1552 4492 τρόπον
1582 4425 1703 4478 τινά
1728 4427 1951 4497 κτίστης

356 4509 454 4561 καὶ
505 4508 836 4581 δημιουργὸς
889 4511 982 4565 τοῦ
1040 4513 1211 4567 κακοῦ
1265 4515 1501 4586 κατέστη
1563 4519 1591 4569 6
1645 4517 1946 4589 ἄνθρωπος.

352 4575 630 4673 Καθάπερ
800 4603 892 4655 τοῦ
933 4604 1156 4674 ἡλιακοῦ
1198 4606 1374 4673 φωτὸς
1418 4575 1569 4681 κοίνὴ
1601 4611 1699 4693 μέν
1730 4575 1947 4683 πρόκει-
1984 4575 2026 4629 D

351 4707 445 4745 ται
476 4696 646 4745 πᾶσιν
694 4695 727 4764 ή
760 4696 1037 4764 μετουσία,
1080 4693 1160 4762 οἷς
1200 4700 1351 4769 ήτοῦ
1380 4703 1512 4771 όρᾷν
1542 4703 1765 4773 δύναμις
1803 4707 1947 4775 πάρ-

350 4797 473 4833 εστι.
498 4798 513 4811 ο
552 4782 775 4836 δύναται
808 4784 864 4836 δέ
893 4801 993 4847 τις,
1016 4788 1064 4838 εί
1087 4786 1390 4858 βουληθείη,
1429 4790 1604 4860 μύσας
1623 4794 1715 4848 τὸν
1747 4796 1946 4864 ὀφθαλ-

354 4871 479 4941 μὸν,
507 4871 613 4936 ἔξω
643 4872 895 4939 γενέσθαι
917 4874 1019 4944 τῆς
1042 4875 1135 4929 τοῦ
1166 4878 1341 4946 φωτὸς
1365 4880 1700 4953 ἀντιλήψεως
1718 4925 1731 4948 ,
1755 4887 1815 4937 οὐ
1849 4885 1943 4939 τοῦ

351 4962 510 5032 ἡλίου
546 4963 961 5034 ἀποχωροῦντος
1003 4967 1262 5038 ἑτέρωθι,
1313 4972 1407 5024 καὶ
1452 4971 1623 5037 οὕτως
1668 4976 1843 5029 ἐκεῖνο
1883 4977 1944 5031 τὸ

350 5056 547 5120 σκότος
574 5057 893 5125 ἐπάγοντος,
939 5060 1073 5114 ἀλλὰ
1116 5062 1208 5115 τοῦ
1258 5064 1542 5135 ἀνθρώπου
1572 5065 1663 5121 διά
1690 5072 1788 5140 τῆς
1820 5072 1939 5124 ἐπι-

352 5143 575 5212 μύσεως
604 5146 712 5198 τῶν
743 5147 1025 5220 βλεφάρων
1056 5150 1145 5204 τὸν
1189 5152 1462 5224 ὀφθαλμὸν
1502 5157 1568 5210 ἐκ
1601 5159 1700 5228 τῆς
1725 5160 1943 5225 ἀκτῖνος

348 5234 812 5305 διατειχίσαντος·
849 5239 947 5309 τῆς
1003 5241 1108 5311 γὰρ
1157 5245 1416 5313 ὁρατικῆς
1469 5246 1749 5317 δυνάμεως
1780 5250 1838 5302 ἐν
1874 5252 1940 5321 τῇ

345 5325 611 5396 ἐπιμύσει
636 5328 746 5382 τῶν
777 5330 1040 5401 ὀμμάτων
1080 5328 1268 5399 ἀργεῖν
1314 5336 1699 5409 ἀδυνατούσης,
1728 5341 1941 5410 ἀνάγκη

347 5418 504 5469 πᾶσα
534 5421 634 5488 τὴν
663 5420 944 5492 ἐνέργειαν
975 5424 1073 5493 τῆς
1100 5424 1358 5492 ὁράσεως,
1399 5428 1623 5493 σκότους
1661 5430 1942 5500 ἐνέργειαν

345 5509 617 5579 γίνεσθαι,
648 5512 907 5577 ἑκουσίως
937 5517 995 5567 ἐν
1022 5515 1097 5585 τῷ
1137 5517 1403 5589 ἀνθρώπῳ
1440 5520 1527 5573 διὰ
1566 5522 1663 5590 τῆς
1684 5522 1939 5591 ἀορασίας

431 5690 494 5720 ⁸⁵·
525 5693 661 5750 Gen.
691 5710 728 5763 ι,
763 5695 852 5749 27.

2062 3328 2405 3396 exemplaris,
2444 3328 2773 3398 imaginem,
2845 3330 3370 3402 similitudinemque
3417 3350 3638 3404 expres-

2061 3433 2183 3472 sum
2215 3428 2321 3473 est.
2357 3420 2463 3474 Sed
2497 3430 2623 3491 post
2659 3422 2891 3493 primam
2940 3424 3180 3480 hominis
3222 3425 3637 3482 fabricationem

2059 3506 2410 3564 affectionum
2435 3511 2520 3566 vis
2556 3513 2610 3565 in
2643 3527 2769 3567 cum
2809 3512 3124 3567 introducta
3155 3524 3275 3580 est;
3328 3517 3640 3572 introducta

2056 3607 2141 3654 est
2171 3608 2354 3655 autem
2381 3602 2484 3657 hoc
2509 3603 2671 3657 modo
2702 3617 2715 3656 :
2747 3602 2927 3673 Imago
2949 3612 3067 3658 erat
3103 3606 3283 3667 homo,
3309 3608 3637 3663 similitudo-

2058 3707 2186 3761 que,
2226 3702 2285 3744 ut
2314 3693 2523 3747 dictum
2551 3703 2657 3759 est,
2693 3694 2812 3765 ejus
2850 3696 3160 3765 potestatis,
3194 3697 3355 3773 cuius
3380 3700 3636 3769 imperio,

2056 3798 2401 3853 quaecunque
2450 3796 2604 3849 sunt,
2650 3788 2834 3840 omnia
2880 3796 3157 3852 tenentur,
3209 3805 3275 3843 ac
3320 3802 3635 3860 reguntur:

2059 3874 2222 3944 idque
2253 3882 2539 3944 propterea
2573 3877 2628 3930 in
2681 3878 2922 3935 hominis
2955 3881 3124 3936 libero
3158 3885 3410 3947 consilio,
3443 3887 3636 3940 volun-

2055 3973 2276 4035 tateque
2324 3967 2560 4035 positum
2606 3967 2727 4030 fuit,
2781 3984 2841 4024 se
2904 3970 3050 4026 illius
3095 3974 3506 4031 similitudinem
3557 3986 3635 4033 te—

2055 4069 2209 4119 nere,
2231 4057 2393 4124 cujus
2432 4065 2701 4127 potestate
2741 4074 2830 4115 res
2864 4061 3132 4117 universa:
3160 4066 3634 4136 cmnpleetunlur;

2057 4162 2235 4216 neque
2279 4149 2387 4203 ulla
2451 4165 2586 4205 sane
2648 4166 2834 4207 rerum
2884 4160 3237 4210 externarum
3303 4151 3633 4215 necessitate

2054 4254 2249 4294 servus
2281 4240 2510 4296 effectus
2549 4251 2657 4307 cst,
2707 4243 2803 4298 sed
2838 4258 2937 4299 sua
2987 4245 3106 4315 ipse
3147 4252 3417 4303 sententia
3453 4254 3518 4304 πει
3554 4253 3629 4309 id.

2053 4331 2203 4402 quod
2254 4334 2358 4388 sibi
2392 4335 2569 4389 visum
2603 4344 2710 4399 est,
2748 4352 2870 4393 sese
2916 4337 3135 4393 afl‘ecit:
3170 4356 3405 4409 cumque
3442 4360 3505 4395 ex
3544 4359 3630 4412 po-

2055 4434 2256 4481 testate
2286 4426 2337 4481 id
2372 4427 2830 4507 elegisset,’quod
2869 4430 2973 4484 sibi
3001 4431 3313 4499 placuerat;
3348 4433 3631 4485 ealamita~

2055 4526 2162 4574 tem
2206 4520 2366 4581 hanc.
2411 4535 2518 4589 qua
2555 4520 2794 4576 hominis
2836 4536 3009 4589 genus
3042 4521 3153 4591 jam
3183 4538 3506 4593 oppressum
3553 4534 3630 4579 te-

2060 4620 2239 4680 netur,
2278 4622 2471 4682 sponte
2509 4614 2626 4683 ipse
2657 4613 2844 4667 fraude
2870 4614 3279 4669 circumventus
3306 4618 3581 4669 contraxit
3613 4636 3626 4670 :

2055 4710 2108 4756 et
2144 4703 2215 4756 ita
2255 4705 2435 4757 ontnis
2468 4703 2594 4756 mali
2628 4710 2824 4756 auctor
2860 4702 2982 4769 fuit,
3030 4719 3140 4757 non
3182 4720 3211 4758 a
3248 4704 3356 4758 Deo
3385 4704 3513 4760 facti
3547 4708 3628 4761 in-

2053 4802 2251 4848 ventor
2284 4812 2298 4848 :
2333 4801 2562 4847 mortem
2610 4793 2756 4847 enim
2793 4791 2939 4848 Deus
2982 4810 3092 4849 non
3131 4793 3330 4860 effecit,
3361 4797 3455 4851 sed
3500 4797 3627 4852 mali

2051 4885 2307 4939 Conditor
2346 4883 2770 4953 quodammodo,
2807 4884 3214 4953 fabricatorque
3245 4887 3408 4942 homo
3455 4889 3628 4943 exsti-

2051 4980 2116 5031 tit
2147 4996 2159 5032 :
2193 4977 2653 5047 quemadmodum
2685 4977 2830 5031 enim
2872 4978 3004 5031 solis
3043 4979 3132 5031 lux
3163 4981 3475 5035 communis
3500 4996 3625 5050 pro-

2052 5068 2226 5137 posita
2264 5077 2348 5122 est
2387 5068 2645 5122 omnibus
2680 5068 2773 5137 qui
2818 5068 3076 5123 cernendi
3108 5069 3216 5122 vim
3260 5070 3494 5137 habent;
3527 5087 3626 5141 po-

2036 5147 2154 5212 'test
2181 5158 2326 5213 enim
2360 5159 2508 5229 quis,
2559 5161 2604 5215 si
2639 5161 2894 5224 voluerit,
2942 5159 3146 5216 clausis
3191 5163 3368 5216 oculis
3411 5161 3625 5219 efficere

2050 5264 2117 5304 ne
2147 5251 2321 5304 lucem
2359 5252 2505 5304 illam
2538 5252 2776 5320 excipiat
2806 5270 2820 5303 :
2854 5267 2961 5305 non
2990 5246 3121 5321 quia
3153 5254 3235 5307 sol
3269 5253 3377 5307 alio
3404 5254 3622 5325 migret,

2048 5350 2211 5412 atque
2244 5358 2308 5397 ex
2341 5358 2405 5398 co
2431 5344 2688 5399 tenebras
2715 5343 2982 5408 effundat,
3014 5345 3107 5400 sed
3141 5346 3268 5416 quia
3290 5346 3455 5402 homo
3481 5348 3620 5419 ipse,

2049 5436 2253 5490 clausis
2299 5436 2593 5506 palpebris,
2642 5437 2863 5491 oculum
2895 5452 2924 5490 a
2974 5438 3144 5493 radiis
3186 5440 3411 5511 sepierit
3446 5458 3458 5494 :
3491 5456 3619 5494 nam

2053 5544 2175 5581 cum
2210 5528 2423 5584 ridendi
2469 5527 2566 5595 vis,
2605 5529 2812 5597 opertis
2847 5530 3041 5597 oculis,
3079 5546 3179 5587 suo
3222 5546 3445 5589 munere
3469 5530 3618 5602 fungi
