  <div class='ocr_page' id='page_1' title='image "/cluster/home/n/w/nwhite01/storage/ocr_20150623/46/mdp.39015011915447/193.png"; bbox 0 0 4072 6156; ppageno 0'>
   <div class='ocr_carea' id='block_1_1' title="bbox 398 310 2357 374">
    <p class='ocr_par' dir='ltr' id='par_1_1' title="bbox 398 310 2357 374">
     <span class='ocr_line' id='line_1_1' title="bbox 398 310 2357 374; baseline 0.003 -10"><span class='ocrx_word' id='word_1_1' title='bbox 398 310 459 365; x_wconf 74' lang='grc' dir='ltr'>τί</span> <span class='ocrx_word' id='word_1_2' title='bbox 1620 312 1679 374; x_wconf 89' lang='lat' dir='ltr'><strong>S.</strong></span> <span class='ocrx_word' id='word_1_3' title='bbox 1713 311 2037 373; x_wconf 78' lang='lat' dir='ltr'><strong>GREGORII</strong></span> <span class='ocrx_word' id='word_1_4' title='bbox 2063 313 2357 372; x_wconf 79' lang='lat' dir='ltr'><strong>NYSSENI</strong></span> 
     </span>
    </p>
   </div>
   <div class='ocr_carea' id='block_1_2' title="bbox 3511 315 3616 372">
    <p class='ocr_par' dir='ltr' id='par_1_2' title="bbox 3511 315 3616 372">
     <span class='ocr_line' id='line_1_2' title="bbox 3511 315 3616 372; baseline -0.01 -1"><span class='ocrx_word' id='word_1_5' title='bbox 3511 315 3616 372; x_wconf 71' lang='lat'><strong>572</strong></span> 
     </span>
    </p>
   </div>
   <div class='ocr_carea' id='block_1_3' title="bbox 358 425 1939 502">
    <p class='ocr_par' dir='ltr' id='par_1_3' title="bbox 358 427 1930 501">
     <span class='ocr_line' id='line_1_3' title="bbox 358 427 1930 501; baseline 0.002 -20"><span class='ocrx_word' id='word_1_6' title='bbox 358 440 472 482; x_wconf 88' lang='lat' dir='ltr'><strong>non</strong></span> <span class='ocrx_word' id='word_1_7' title='bbox 507 427 698 497; x_wconf 90' lang='lat' dir='ltr'><strong>possit,</strong></span> <span class='ocrx_word' id='word_1_8' title='bbox 736 441 962 485; x_wconf 87' lang='lat' dir='ltr'><strong>necesse</strong></span> <span class='ocrx_word' id='word_1_9' title='bbox 981 434 1066 484; x_wconf 90' lang='lat' dir='ltr'><strong>est</strong></span> <span class='ocrx_word' id='word_1_10' title='bbox 1093 427 1273 486; x_wconf 89' lang='lat' dir='ltr'><strong>omnis</strong></span> <span class='ocrx_word' id='word_1_11' title='bbox 1301 428 1417 485; x_wconf 66' lang='lat' dir='ltr'><strong>haec</strong></span> <span class='ocrx_word' id='word_1_12' title='bbox 1454 438 1714 501; x_wconf 87' lang='lat' dir='ltr'><strong>aspectus</strong></span> <span class='ocrx_word' id='word_1_13' title='bbox 1741 445 1930 487; x_wconf 86' lang='lat' dir='ltr'><strong>cessa-</strong></span> 
     </span>
    </p>
   </div>
   <div class='ocr_carea' id='block_1_4' title="bbox 2042 425 3619 502">
    <p class='ocr_par' dir='ltr' id='par_1_4' title="bbox 2042 425 3619 502">
     <span class='ocr_line' id='line_1_4' title="bbox 2042 425 3619 502; baseline -0.003 -18"><span class='ocrx_word' id='word_1_14' title='bbox 2042 429 2459 502; x_wconf 63' lang='grc' dir='ltr'>συνισταμένην*</span> <span class='ocrx_word' id='word_1_15' title='bbox 2492 428 2525 500; x_wconf 78' lang='grc' dir='ltr'>ἢ</span> <span class='ocrx_word' id='word_1_16' title='bbox 2571 427 2759 499; x_wconf 85' lang='grc' dir='ltr'>ὥσπερ</span> <span class='ocrx_word' id='word_1_17' title='bbox 2805 428 2860 481; x_wconf 81' lang='grc' dir='ltr'><strong>εί</strong></span> <span class='ocrx_word' id='word_1_18' title='bbox 2890 443 2972 491; x_wconf 82' lang='grc' dir='ltr'><strong>τις</strong></span> <span class='ocrx_word' id='word_1_19' title='bbox 3015 426 3193 480; x_wconf 89' lang='grc' dir='ltr'>οἰκίαν</span> <span class='ocrx_word' id='word_1_20' title='bbox 3232 425 3408 498; x_wconf 77' lang='grc' dir='ltr'>ἑαυτῷ</span> <span class='ocrx_word' id='word_1_21' title='bbox 3450 444 3619 481; x_wconf 87' lang='grc' dir='ltr'>κατα-</span> 
     </span>
    </p>
   </div>
   <div class='ocr_carea' id='block_1_5' title="bbox 360 517 1934 591">
    <p class='ocr_par' dir='ltr' id='par_1_5' title="bbox 360 517 1934 591">
     <span class='ocr_line' id='line_1_5' title="bbox 360 517 1934 591; baseline 0.002 -19"><span class='ocrx_word' id='word_1_22' title='bbox 360 517 441 572; x_wconf 91' lang='lat' dir='ltr'><strong>tio</strong></span> <span class='ocrx_word' id='word_1_23' title='bbox 463 519 714 575; x_wconf 84' lang='lat' dir='ltr'><strong>tenebras</strong></span> <span class='ocrx_word' id='word_1_24' title='bbox 743 519 958 584; x_wconf 77' lang='lat' dir='ltr'><strong>eﬂiciat,</strong></span> <span class='ocrx_word' id='word_1_25' title='bbox 1004 533 1142 589; x_wconf 88' lang='lat' dir='ltr'><strong>quas</strong></span> <span class='ocrx_word' id='word_1_26' title='bbox 1176 520 1339 591; x_wconf 64' lang='lat' dir='ltr'><strong>homo</strong></span> <span class='ocrx_word' id='word_1_27' title='bbox 1367 520 1473 576; x_wconf 83' lang='lat' dir='ltr'><strong>sibi</strong></span> <span class='ocrx_word' id='word_1_28' title='bbox 1514 530 1713 591; x_wconf 89' lang='lat' dir='ltr'><strong>sponte</strong></span> <span class='ocrx_word' id='word_1_29' title='bbox 1759 537 1824 578; x_wconf 80' lang='lat' dir='ltr'><strong>ex</strong></span> <span class='ocrx_word' id='word_1_30' title='bbox 1866 535 1934 576; x_wconf 89' lang='lat' dir='ltr'><strong>eo</strong></span> 
     </span>
    </p>
   </div>
   <div class='ocr_carea' id='block_1_6' title="bbox 360 587 1933 682">
    <p class='ocr_par' dir='ltr' id='par_1_6' title="bbox 360 587 1933 682">
     <span class='ocr_line' id='line_1_6' title="bbox 360 587 1933 682; baseline 0.005 -21"><span class='ocrx_word' id='word_1_31' title='bbox 360 608 611 673; x_wconf 70' lang='lat' dir='ltr'><strong>oli‘undit,</strong></span> <span class='ocrx_word' id='word_1_32' title='bbox 661 610 788 678; x_wconf 85' lang='lat' dir='ltr'><strong>quia</strong></span> <span class='ocrx_word' id='word_1_33' title='bbox 832 587 1033 665; x_wconf 20' lang='lat' dir='ltr'><strong>videret</strong></span> <span class='ocrx_word' id='word_1_34' title='bbox 1068 587 1286 665; x_wconf 58' lang='lat' dir='ltr'><strong>reet&#39;tsat</strong></span> <span class='ocrx_word' id='word_1_35' title='bbox 1315 629 1329 664; x_wconf 88' lang='lat'><strong>:</strong></span> <span class='ocrx_word' id='word_1_36' title='bbox 1361 620 1458 666; x_wconf 86' lang='lat' dir='ltr'><strong>aut</strong></span> <span class='ocrx_word' id='word_1_37' title='bbox 1491 587 1660 667; x_wconf 70' lang='lat' dir='ltr'><strong>veluti</strong></span> <span class='ocrx_word' id='word_1_38' title='bbox 1713 612 1760 669; x_wconf 90' lang='lat' dir='ltr'><strong>si</strong></span> <span class='ocrx_word' id='word_1_39' title='bbox 1806 614 1933 682; x_wconf 86' lang='lat' dir='ltr'><strong>quis</strong></span> 
     </span>
    </p>
   </div>
   <div class='ocr_carea' id='block_1_7' title="bbox 360 698 1931 773">
    <p class='ocr_par' dir='ltr' id='par_1_7' title="bbox 360 698 1931 773">
     <span class='ocr_line' id='line_1_7' title="bbox 360 698 1931 773; baseline 0.002 -19"><span class='ocrx_word' id='word_1_40' title='bbox 360 700 578 755; x_wconf 80' lang='lat' dir='ltr'><strong>domum</strong></span> <span class='ocrx_word' id='word_1_41' title='bbox 622 700 724 755; x_wconf 86' lang='lat' dir='ltr'><strong>sibi</strong></span> <span class='ocrx_word' id='word_1_42' title='bbox 753 698 1058 766; x_wconf 75' lang='lat' dir='ltr'><strong>mditicans,</strong></span> <span class='ocrx_word' id='word_1_43' title='bbox 1086 701 1297 755; x_wconf 91' lang='lat' dir='ltr'><strong>nullum</strong></span> <span class='ocrx_word' id='word_1_44' title='bbox 1334 701 1443 757; x_wconf 90' lang='lat' dir='ltr'><strong>luci</strong></span> <span class='ocrx_word' id='word_1_45' title='bbox 1483 702 1688 757; x_wconf 90' lang='lat' dir='ltr'><strong>aditum</strong></span> <span class='ocrx_word' id='word_1_46' title='bbox 1720 704 1931 773; x_wconf 86' lang='lat' dir='ltr'><strong>patefa-</strong></span> 
     </span>
    </p>
   </div>
   <div class='ocr_carea' id='block_1_8' title="bbox 359 788 1934 860">
    <p class='ocr_par' dir='ltr' id='par_1_8' title="bbox 359 788 1934 860">
     <span class='ocr_line' id='line_1_8' title="bbox 359 788 1934 860; baseline 0.002 -16"><span class='ocrx_word' id='word_1_47' title='bbox 359 791 469 845; x_wconf 87' lang='lat' dir='ltr'><strong>ciat</strong></span> <span class='ocrx_word' id='word_1_48' title='bbox 516 789 581 843; x_wconf 89' lang='lat' dir='ltr'><strong>ad</strong></span> <span class='ocrx_word' id='word_1_49' title='bbox 630 803 716 852; x_wconf 87' lang='lat' dir='ltr'><strong>ea,</strong></span> <span class='ocrx_word' id='word_1_50' title='bbox 755 802 875 858; x_wconf 63' lang='lat' dir='ltr'><strong>qua!</strong></span> <span class='ocrx_word' id='word_1_51' title='bbox 922 788 1069 844; x_wconf 92' lang='lat' dir='ltr'><strong>domi</strong></span> <span class='ocrx_word' id='word_1_52' title='bbox 1112 797 1261 855; x_wconf 91' lang='lat' dir='ltr'><strong>sunt,</strong></span> <span class='ocrx_word' id='word_1_53' title='bbox 1306 790 1353 846; x_wconf 89' lang='lat' dir='ltr'><strong>is</strong></span> <span class='ocrx_word' id='word_1_54' title='bbox 1392 799 1541 846; x_wconf 89' lang='lat' dir='ltr'><strong>certe</strong></span> <span class='ocrx_word' id='word_1_55' title='bbox 1588 807 1713 845; x_wconf 91' lang='lat' dir='ltr'><strong>eum</strong></span> <span class='ocrx_word' id='word_1_56' title='bbox 1751 792 1934 860; x_wconf 69' lang='lat' dir='ltr'><strong>ingre-</strong></span> 
     </span>
    </p>
   </div>
   <div class='ocr_carea' id='block_1_9' title="bbox 359 879 1934 950">
    <p class='ocr_par' dir='ltr' id='par_1_9' title="bbox 359 879 1934 950">
     <span class='ocr_line' id='line_1_9' title="bbox 359 879 1934 950; baseline 0.003 -15"><span class='ocrx_word' id='word_1_57' title='bbox 359 879 543 935; x_wconf 89' lang='lat' dir='ltr'><strong>diendi</strong></span> <span class='ocrx_word' id='word_1_58' title='bbox 579 879 718 933; x_wconf 82' lang='lat' dir='ltr'><strong>viam</strong></span> <span class='ocrx_word' id='word_1_59' title='bbox 758 879 925 934; x_wconf 87' lang='lat' dir='ltr'><strong>radiis</strong></span> <span class='ocrx_word' id='word_1_60' title='bbox 974 888 1170 950; x_wconf 82' lang='lat' dir='ltr'><strong>sponte</strong></span> <span class='ocrx_word' id='word_1_61' title='bbox 1199 882 1557 947; x_wconf 79' lang='lat' dir='ltr'><strong>obstruxerit,</strong></span> <span class='ocrx_word' id='word_1_62' title='bbox 1599 883 1652 936; x_wconf 95' lang='lat' dir='ltr'><strong>in</strong></span> <span class='ocrx_word' id='word_1_63' title='bbox 1693 883 1934 939; x_wconf 85' lang='lat' dir='ltr'><strong>tenebris</strong></span> 
     </span>
    </p>
   </div>
   <div class='ocr_carea' id='block_1_10' title="bbox 360 970 1935 1045">
    <p class='ocr_par' dir='ltr' id='par_1_10' title="bbox 360 970 1935 1045">
     <span class='ocr_line' id='line_1_10' title="bbox 360 970 1935 1045; baseline 0.004 -20"><span class='ocrx_word' id='word_1_64' title='bbox 360 970 479 1040; x_wconf 89' lang='lat' dir='ltr'><strong>ipse</strong></span> <span class='ocrx_word' id='word_1_65' title='bbox 506 971 668 1024; x_wconf 77' lang='lat' dir='ltr'><strong>vitam</strong></span> <span class='ocrx_word' id='word_1_66' title='bbox 722 970 920 1041; x_wconf 81' lang='lat' dir='ltr'><strong>deget:</strong></span> <span class='ocrx_word' id='word_1_67' title='bbox 956 972 1074 1041; x_wconf 83' lang='lat' dir='ltr'><strong>pari</strong></span> <span class='ocrx_word' id='word_1_68' title='bbox 1127 974 1340 1029; x_wconf 82' lang='lat' dir='ltr'><strong>ratione</strong></span> <span class='ocrx_word' id='word_1_69' title='bbox 1388 975 1604 1045; x_wconf 91' lang='lat' dir='ltr'><strong>primus</strong></span> <span class='ocrx_word' id='word_1_70' title='bbox 1652 975 1817 1031; x_wconf 90' lang='lat' dir='ltr'><strong>homo</strong></span> <span class='ocrx_word' id='word_1_71' title='bbox 1866 976 1935 1032; x_wconf 89' lang='lat' dir='ltr'><strong>de</strong></span> 
     </span>
    </p>
   </div>
   <div class='ocr_carea' id='block_1_11' title="bbox 359 1060 1929 1137">
    <p class='ocr_par' dir='ltr' id='par_1_11' title="bbox 359 1060 1929 1137">
     <span class='ocr_line' id='line_1_11' title="bbox 359 1060 1929 1137; baseline 0.003 -21"><span class='ocrx_word' id='word_1_72' title='bbox 359 1067 525 1122; x_wconf 86' lang='lat' dir='ltr'><strong>terra,</strong></span> <span class='ocrx_word' id='word_1_73' title='bbox 559 1061 643 1115; x_wconf 77' lang='lat' dir='ltr'><strong>vel</strong></span> <span class='ocrx_word' id='word_1_74' title='bbox 672 1060 854 1132; x_wconf 82' lang='lat' dir='ltr'><strong>potius</strong></span> <span class='ocrx_word' id='word_1_75' title='bbox 891 1061 960 1126; x_wconf 89' lang='lat' dir='ltr'><strong>is,</strong></span> <span class='ocrx_word' id='word_1_76' title='bbox 999 1064 1090 1134; x_wconf 91' lang='lat' dir='ltr'><strong>qui</strong></span> <span class='ocrx_word' id='word_1_77' title='bbox 1125 1065 1327 1119; x_wconf 86' lang='lat' dir='ltr'><strong>malum</strong></span> <span class='ocrx_word' id='word_1_78' title='bbox 1366 1067 1419 1119; x_wconf 92' lang='lat' dir='ltr'><strong>in</strong></span> <span class='ocrx_word' id='word_1_79' title='bbox 1453 1066 1673 1122; x_wconf 86' lang='lat' dir='ltr'><strong>homine</strong></span> <span class='ocrx_word' id='word_1_80' title='bbox 1703 1067 1929 1137; x_wconf 86' lang='lat' dir='ltr'><strong>peperit,</strong></span> 
     </span>
    </p>
   </div>
   <div class='ocr_carea' id='block_1_12' title="bbox 358 1147 1933 1223">
    <p class='ocr_par' dir='ltr' id='par_1_12' title="bbox 358 1147 1933 1223">
     <span class='ocr_line' id='line_1_12' title="bbox 358 1147 1933 1223; baseline 0.006 -23"><span class='ocrx_word' id='word_1_81' title='bbox 358 1161 527 1200; x_wconf 88' lang='lat' dir='ltr'><strong>unum</strong></span> <span class='ocrx_word' id='word_1_82' title='bbox 552 1147 770 1217; x_wconf 85' lang='lat' dir='ltr'><strong>quidem</strong></span> <span class='ocrx_word' id='word_1_83' title='bbox 806 1155 1003 1202; x_wconf 87' lang='lat' dir='ltr'><strong>natura</strong></span> <span class='ocrx_word' id='word_1_84' title='bbox 1043 1149 1333 1205; x_wconf 88' lang='lat' dir='ltr'><strong>honestum</strong></span> <span class='ocrx_word' id='word_1_85' title='bbox 1367 1158 1421 1205; x_wconf 88' lang='lat' dir='ltr'><strong>et</strong></span> <span class='ocrx_word' id='word_1_86' title='bbox 1454 1152 1657 1207; x_wconf 87' lang='lat' dir='ltr'><strong>bonum</strong></span> <span class='ocrx_word' id='word_1_87' title='bbox 1691 1155 1933 1223; x_wconf 86' lang='lat' dir='ltr'><strong>undique</strong></span> 
     </span>
    </p>
   </div>
   <div class='ocr_carea' id='block_1_13' title="bbox 357 1240 1931 1316">
    <p class='ocr_par' dir='ltr' id='par_1_13' title="bbox 357 1240 1931 1316">
     <span class='ocr_line' id='line_1_13' title="bbox 357 1240 1931 1316; baseline 0.004 -22"><span class='ocrx_word' id='word_1_88' title='bbox 357 1240 460 1295; x_wconf 92' lang='lat' dir='ltr'><strong>sibi</strong></span> <span class='ocrx_word' id='word_1_89' title='bbox 494 1241 833 1312; x_wconf 84' lang='lat' dir='ltr'><strong>propositum</strong></span> <span class='ocrx_word' id='word_1_90' title='bbox 870 1243 923 1295; x_wconf 90' lang='lat' dir='ltr'><strong>in</strong></span> <span class='ocrx_word' id='word_1_91' title='bbox 954 1251 1219 1311; x_wconf 77' lang='lat' dir='ltr'><strong>potestate</strong></span> <span class='ocrx_word' id='word_1_92' title='bbox 1249 1245 1441 1300; x_wconf 89' lang='lat' dir='ltr'><strong>habuit</strong></span> <span class='ocrx_word' id='word_1_93' title='bbox 1472 1264 1485 1300; x_wconf 92' lang='lat'>:</span> <span class='ocrx_word' id='word_1_94' title='bbox 1523 1261 1619 1316; x_wconf 89' lang='lat' dir='ltr'><strong>per</strong></span> <span class='ocrx_word' id='word_1_95' title='bbox 1652 1262 1713 1301; x_wconf 89' lang='lat' dir='ltr'><strong>se</strong></span> <span class='ocrx_word' id='word_1_96' title='bbox 1749 1256 1931 1301; x_wconf 83' lang='lat' dir='ltr'><strong>tamen</strong></span> 
     </span>
    </p>
   </div>
   <div class='ocr_carea' id='block_1_14' title="bbox 360 1330 1927 1405">
    <p class='ocr_par' dir='ltr' id='par_1_14' title="bbox 360 1330 1927 1405">
     <span class='ocr_line' id='line_1_14' title="bbox 360 1330 1927 1405; baseline 0.003 -19"><span class='ocrx_word' id='word_1_97' title='bbox 360 1332 503 1386; x_wconf 89' lang='lat' dir='ltr'><strong>ultro</strong></span> <span class='ocrx_word' id='word_1_98' title='bbox 536 1341 620 1386; x_wconf 90' lang='lat' dir='ltr'><strong>est</strong></span> <span class='ocrx_word' id='word_1_99' title='bbox 657 1345 722 1385; x_wconf 87' lang='lat' dir='ltr'><strong>ea</strong></span> <span class='ocrx_word' id='word_1_100' title='bbox 772 1330 1018 1395; x_wconf 91' lang='lat' dir='ltr'><strong>molitus,</strong></span> <span class='ocrx_word' id='word_1_101' title='bbox 1052 1348 1174 1405; x_wconf 74' lang='lat' dir='ltr'><strong>quae</strong></span> <span class='ocrx_word' id='word_1_102' title='bbox 1211 1342 1404 1389; x_wconf 87' lang='lat' dir='ltr'><strong>contra</strong></span> <span class='ocrx_word' id='word_1_103' title='bbox 1452 1344 1707 1389; x_wconf 84' lang='lat' dir='ltr'><strong>naturam</strong></span> <span class='ocrx_word' id='word_1_104' title='bbox 1753 1344 1927 1391; x_wconf 91' lang='lat' dir='ltr'><strong>sunt:</strong></span> 
     </span>
    </p>
   </div>
   <div class='ocr_carea' id='block_1_15' title="bbox 357 1420 1932 1495">
    <p class='ocr_par' dir='ltr' id='par_1_15' title="bbox 357 1420 1932 1495">
     <span class='ocr_line' id='line_1_15' title="bbox 357 1420 1932 1495; baseline 0.005 -20"><span class='ocrx_word' id='word_1_105' title='bbox 357 1435 486 1475; x_wconf 87' lang='lat' dir='ltr'><strong>cum</strong></span> <span class='ocrx_word' id='word_1_106' title='bbox 536 1420 686 1485; x_wconf 73' lang='lat' dir='ltr'><strong>mani,</strong></span> <span class='ocrx_word' id='word_1_107' title='bbox 720 1421 945 1492; x_wconf 85' lang='lat' dir='ltr'><strong>vitiique</strong></span> <span class='ocrx_word' id='word_1_108' title='bbox 998 1439 1178 1486; x_wconf 88' lang='lat' dir='ltr'><strong>usum,</strong></span> <span class='ocrx_word' id='word_1_109' title='bbox 1221 1426 1502 1495; x_wconf 88' lang='lat' dir='ltr'><strong>repudiata</strong></span> <span class='ocrx_word' id='word_1_110' title='bbox 1558 1425 1783 1490; x_wconf 87' lang='lat' dir='ltr'><strong>virtute,</strong></span> <span class='ocrx_word' id='word_1_111' title='bbox 1829 1442 1932 1483; x_wconf 88' lang='lat' dir='ltr'><strong>suo</strong></span> 
     </span>
    </p>
   </div>
   <div class='ocr_carea' id='block_1_16' title="bbox 356 1508 1930 1581">
    <p class='ocr_par' dir='ltr' id='par_1_16' title="bbox 356 1508 1930 1581">
     <span class='ocr_line' id='line_1_16' title="bbox 356 1508 1930 1581; baseline 0.004 -18"><span class='ocrx_word' id='word_1_112' title='bbox 356 1508 476 1578; x_wconf 88' lang='lat' dir='ltr'><strong>ipse</strong></span> <span class='ocrx_word' id='word_1_113' title='bbox 505 1510 742 1565; x_wconf 89' lang='lat' dir='ltr'><strong>consilio</strong></span> <span class='ocrx_word' id='word_1_114' title='bbox 776 1512 1159 1568; x_wconf 78' lang='lat' dir='ltr'><strong>introduxerit.</strong></span> <span class='ocrx_word' id='word_1_115' title='bbox 1202 1512 1402 1567; x_wconf 84' lang='lat' dir='ltr'><strong>Malum</strong></span> <span class='ocrx_word' id='word_1_116' title='bbox 1426 1515 1571 1570; x_wconf 92' lang='lat' dir='ltr'><strong>enim</strong></span> <span class='ocrx_word' id='word_1_117' title='bbox 1605 1525 1759 1581; x_wconf 68' lang='lat' dir='ltr'><strong>extra</strong></span> <span class='ocrx_word' id='word_1_118' title='bbox 1794 1529 1930 1571; x_wconf 88' lang='lat' dir='ltr'><strong>con-</strong></span> 
     </span>
    </p>
   </div>
   <div class='ocr_carea' id='block_1_17' title="bbox 358 1599 1934 1672">
    <p class='ocr_par' dir='ltr' id='par_1_17' title="bbox 358 1599 1934 1672">
     <span class='ocr_line' id='line_1_17' title="bbox 358 1599 1934 1672; baseline 0.003 -17"><span class='ocrx_word' id='word_1_119' title='bbox 358 1599 541 1655; x_wconf 91' lang='lat' dir='ltr'><strong>silium</strong></span> <span class='ocrx_word' id='word_1_120' title='bbox 576 1601 833 1669; x_wconf 88' lang='lat' dir='ltr'><strong>positum,</strong></span> <span class='ocrx_word' id='word_1_121' title='bbox 868 1617 933 1657; x_wconf 87' lang='lat' dir='ltr'><strong>ac</strong></span> <span class='ocrx_word' id='word_1_122' title='bbox 968 1619 1064 1672; x_wconf 87' lang='lat' dir='ltr'><strong>per</strong></span> <span class='ocrx_word' id='word_1_123' title='bbox 1110 1619 1169 1659; x_wconf 86' lang='lat' dir='ltr'><strong>se</strong></span> <span class='ocrx_word' id='word_1_124' title='bbox 1218 1613 1504 1667; x_wconf 89' lang='lat' dir='ltr'><strong>constans,</strong></span> <span class='ocrx_word' id='word_1_125' title='bbox 1548 1605 1600 1659; x_wconf 90' lang='lat' dir='ltr'><strong>in</strong></span> <span class='ocrx_word' id='word_1_126' title='bbox 1642 1607 1792 1659; x_wconf 87' lang='lat' dir='ltr'><strong>omni</strong></span> <span class='ocrx_word' id='word_1_127' title='bbox 1839 1622 1934 1660; x_wconf 82' lang='lat' dir='ltr'><strong>na-</strong></span> 
     </span>
    </p>
   </div>
   <div class='ocr_carea' id='block_1_18' title="bbox 356 1692 1930 1764">
    <p class='ocr_par' dir='ltr' id='par_1_18' title="bbox 356 1692 1930 1764">
     <span class='ocr_line' id='line_1_18' title="bbox 356 1692 1930 1764; baseline 0.004 -19"><span class='ocrx_word' id='word_1_128' title='bbox 356 1702 480 1746; x_wconf 88' lang='lat' dir='ltr'><strong>tura</strong></span> <span class='ocrx_word' id='word_1_129' title='bbox 535 1692 746 1746; x_wconf 87' lang='lat' dir='ltr'><strong>nullum</strong></span> <span class='ocrx_word' id='word_1_130' title='bbox 795 1702 902 1749; x_wconf 90' lang='lat' dir='ltr'><strong>est.</strong></span> <span class='ocrx_word' id='word_1_131' title='bbox 959 1692 1093 1748; x_wconf 90' lang='lat' dir='ltr'><strong>Nam</strong></span> <span class='ocrx_word' id='word_1_132' title='bbox 1156 1692 1249 1750; x_wconf 89' lang='lat' dir='ltr'><strong>Dei</strong></span> <span class='ocrx_word' id='word_1_133' title='bbox 1302 1709 1441 1764; x_wconf 82' lang='lat' dir='ltr'><strong>cpus</strong></span> <span class='ocrx_word' id='word_1_134' title='bbox 1494 1711 1658 1752; x_wconf 87' lang='lat' dir='ltr'><strong>onme</strong></span> <span class='ocrx_word' id='word_1_135' title='bbox 1705 1697 1930 1764; x_wconf 89' lang='lat' dir='ltr'><strong>bonum,</strong></span> 
     </span>
    </p>
   </div>
   <div class='ocr_carea' id='block_1_19' title="bbox 2036 517 3620 592">
    <p class='ocr_par' dir='ltr' id='par_1_19' title="bbox 2036 517 3620 592">
     <span class='ocr_line' id='line_1_19' title="bbox 2036 517 3620 592; baseline -0.004 -16"><span class='ocrx_word' id='word_1_136' title='bbox 2036 522 2334 587; x_wconf 80' lang='grc' dir='ltr'>σκευάζων,</span> <span class='ocrx_word' id='word_1_137' title='bbox 2384 520 2651 592; x_wconf 89' lang='grc' dir='ltr'>μηδεμίαν</span> <span class='ocrx_word' id='word_1_138' title='bbox 2695 517 2908 590; x_wconf 72' lang='grc' dir='ltr'>ἐντέμοι</span> <span class='ocrx_word' id='word_1_139' title='bbox 2960 517 3038 589; x_wconf 83' lang='grc' dir='ltr'>τῷ</span> <span class='ocrx_word' id='word_1_140' title='bbox 3079 517 3217 588; x_wconf 84' lang='grc' dir='ltr'><strong>φωτί</strong></span> <span class='ocrx_word' id='word_1_141' title='bbox 3271 518 3368 589; x_wconf 83' lang='grc' dir='ltr'>τὴν</span> <span class='ocrx_word' id='word_1_142' title='bbox 3415 517 3508 571; x_wconf 80' lang='grc' dir='ltr'>ὲπί</span> <span class='ocrx_word' id='word_1_143' title='bbox 3550 518 3620 570; x_wconf 64' lang='grc' dir='ltr'>τὰ</span> 
     </span>
    </p>
   </div>
   <div class='ocr_carea' id='block_1_20' title="bbox 2034 605 3617 682">
    <p class='ocr_par' dir='ltr' id='par_1_20' title="bbox 2034 605 3617 682">
     <span class='ocr_line' id='line_1_20' title="bbox 2034 605 3617 682; baseline -0.004 -16"><span class='ocrx_word' id='word_1_144' title='bbox 2034 613 2143 667; x_wconf 75' lang='grc' dir='ltr'>ἔσω</span> <span class='ocrx_word' id='word_1_145' title='bbox 2190 612 2440 682; x_wconf 87' lang='grc' dir='ltr'>πάροδον,</span> <span class='ocrx_word' id='word_1_146' title='bbox 2483 608 2793 679; x_wconf 80' lang='grc' dir='ltr'><strong>ἀναγκαίως</strong></span> <span class='ocrx_word' id='word_1_147' title='bbox 2840 610 2898 661; x_wconf 83' lang='grc' dir='ltr'>ὲν</span> <span class='ocrx_word' id='word_1_148' title='bbox 2948 608 3127 678; x_wconf 86' lang='grc' dir='ltr'><strong>σκότῳ</strong></span> <span class='ocrx_word' id='word_1_149' title='bbox 3157 605 3429 678; x_wconf 80' lang='grc' dir='ltr'><strong>βιώσεται,</strong></span> <span class='ocrx_word' id='word_1_150' title='bbox 3473 606 3617 661; x_wconf 81' lang='grc' dir='ltr'>ἑκὼν</span> 
     </span>
    </p>
   </div>
   <div class='ocr_carea' id='block_1_21' title="bbox 2033 698 3617 771">
    <p class='ocr_par' dir='ltr' id='par_1_21' title="bbox 2033 698 3617 771">
     <span class='ocr_line' id='line_1_21' title="bbox 2033 698 3617 771; baseline -0.004 -15"><span class='ocrx_word' id='word_1_151' title='bbox 2033 703 2361 764; x_wconf 79' lang='grc' dir='ltr'><strong>ἀποκλείσας</strong></span> <span class='ocrx_word' id='word_1_152' title='bbox 2386 704 2504 764; x_wconf 83' lang='grc' dir='ltr'>ταῖς</span> <span class='ocrx_word' id='word_1_153' title='bbox 2536 702 2715 754; x_wconf 80' lang='grc' dir='ltr'><strong>ἀκτῖσι</strong></span> <span class='ocrx_word' id='word_1_154' title='bbox 2737 700 2834 771; x_wconf 78' lang='grc' dir='ltr'>τὴν</span> <span class='ocrx_word' id='word_1_155' title='bbox 2863 699 3062 752; x_wconf 74' lang='grc' dir='ltr'>εἴσοδον</span> <span class='ocrx_word' id='word_1_156' title='bbox 3078 715 3092 729; x_wconf 88' lang='grc'><strong>·</strong></span> <span class='ocrx_word' id='word_1_157' title='bbox 3118 698 3258 752; x_wconf 76' lang='grc' dir='ltr'>οὕτω</span> <span class='ocrx_word' id='word_1_158' title='bbox 3284 700 3378 752; x_wconf 65' lang='grc' dir='ltr'>καὶ</span> <span class='ocrx_word' id='word_1_159' title='bbox 3399 699 3426 751; x_wconf 85' lang='grc' dir='ltr'><strong>ό</strong></span> <span class='ocrx_word' id='word_1_160' title='bbox 3464 698 3617 770; x_wconf 85' lang='grc' dir='ltr'><strong>πρῶ-</strong></span> 
     </span>
    </p>
   </div>
   <div class='ocr_carea' id='block_1_22' title="bbox 2032 788 3620 863">
    <p class='ocr_par' dir='ltr' id='par_1_22' title="bbox 2032 788 3620 863">
     <span class='ocr_line' id='line_1_22' title="bbox 2032 788 3620 863; baseline -0.004 -16"><span class='ocrx_word' id='word_1_161' title='bbox 2032 811 2123 857; x_wconf 86' lang='grc' dir='ltr'><strong>τος</strong></span> <span class='ocrx_word' id='word_1_162' title='bbox 2156 794 2183 846; x_wconf 86' lang='grc' dir='ltr'><strong>ὁ</strong></span> <span class='ocrx_word' id='word_1_163' title='bbox 2208 797 2270 847; x_wconf 82' lang='grc' dir='ltr'>ὲκ</span> <span class='ocrx_word' id='word_1_164' title='bbox 2305 793 2406 863; x_wconf 84' lang='grc' dir='ltr'>γῆς</span> <span class='ocrx_word' id='word_1_165' title='bbox 2431 792 2733 862; x_wconf 80' lang='grc' dir='ltr'>ἄνθρωπος,</span> <span class='ocrx_word' id='word_1_166' title='bbox 2759 790 2956 862; x_wconf 75' lang='grc' dir='ltr'>μᾶλλον</span> <span class='ocrx_word' id='word_1_167' title='bbox 2979 790 3035 842; x_wconf 87' lang='grc' dir='ltr'>δὲ</span> <span class='ocrx_word' id='word_1_168' title='bbox 3059 792 3087 843; x_wconf 85' lang='grc' dir='ltr'><strong>ό</strong></span> <span class='ocrx_word' id='word_1_169' title='bbox 3104 789 3202 861; x_wconf 81' lang='grc' dir='ltr'>τὴν</span> <span class='ocrx_word' id='word_1_170' title='bbox 3222 789 3417 843; x_wconf 85' lang='grc' dir='ltr'>κακίαν</span> <span class='ocrx_word' id='word_1_171' title='bbox 3444 791 3502 842; x_wconf 83' lang='grc' dir='ltr'>ὲν</span> <span class='ocrx_word' id='word_1_172' title='bbox 3541 788 3620 860; x_wconf 80' lang='grc' dir='ltr'>τῷ</span> 
     </span>
    </p>
   </div>
   <div class='ocr_carea' id='block_1_23' title="bbox 2033 880 3621 956">
    <p class='ocr_par' dir='ltr' id='par_1_23' title="bbox 2033 880 3621 956">
     <span class='ocr_line' id='line_1_23' title="bbox 2033 880 3621 956; baseline -0.003 -18"><span class='ocrx_word' id='word_1_173' title='bbox 2033 884 2303 956; x_wconf 81' lang='grc' dir='ltr'>ἀνθρώπῳ</span> <span class='ocrx_word' id='word_1_174' title='bbox 2335 885 2619 954; x_wconf 84' lang='grc' dir='ltr'><strong>γεννήσας,</strong></span> <span class='ocrx_word' id='word_1_175' title='bbox 2649 883 2707 935; x_wconf 82' lang='grc' dir='ltr'>ἐν</span> <span class='ocrx_word' id='word_1_176' title='bbox 2742 882 2839 952; x_wconf 82' lang='grc' dir='ltr'>μὲν</span> <span class='ocrx_word' id='word_1_177' title='bbox 2868 883 2933 953; x_wconf 80' lang='grc' dir='ltr'>τῇ</span> <span class='ocrx_word' id='word_1_178' title='bbox 2967 881 3123 949; x_wconf 83' lang='grc' dir='ltr'>φύσει</span> <span class='ocrx_word' id='word_1_179' title='bbox 3156 881 3219 934; x_wconf 89' lang='grc' dir='ltr'>τὸ</span> <span class='ocrx_word' id='word_1_180' title='bbox 3246 880 3408 934; x_wconf 85' lang='grc' dir='ltr'>καλόν</span> <span class='ocrx_word' id='word_1_181' title='bbox 3440 897 3499 933; x_wconf 88' lang='grc' dir='ltr'><strong>τε</strong></span> <span class='ocrx_word' id='word_1_182' title='bbox 3524 881 3621 934; x_wconf 81' lang='grc' dir='ltr'>καὶ</span> 
     </span>
    </p>
   </div>
   <div class='ocr_carea' id='block_1_24' title="bbox 2033 970 3615 1045">
    <p class='ocr_par' dir='ltr' id='par_1_24' title="bbox 2033 970 3615 1045">
     <span class='ocr_line' id='line_1_24' title="bbox 2033 970 3615 1045; baseline -0.004 -15"><span class='ocrx_word' id='word_1_183' title='bbox 2033 975 2236 1045; x_wconf 82' lang='grc' dir='ltr'>ἀγαθὸν</span> <span class='ocrx_word' id='word_1_184' title='bbox 2265 976 2384 1029; x_wconf 81' lang='grc' dir='ltr'>κατ’</span> <span class='ocrx_word' id='word_1_185' title='bbox 2413 972 2660 1038; x_wconf 73' lang='grc' dir='ltr'>ἐξουσίαν</span> <span class='ocrx_word' id='word_1_186' title='bbox 2690 972 2846 1043; x_wconf 73' lang='grc' dir='ltr'>ἔσχεν</span> <span class='ocrx_word' id='word_1_187' title='bbox 2876 971 3208 1041; x_wconf 76' lang='grc' dir='ltr'>πανταχόθεν</span> <span class='ocrx_word' id='word_1_188' title='bbox 3235 970 3615 1041; x_wconf 82' lang='grc' dir='ltr'>προκείμενον·</span> 
     </span>
    </p>
   </div>
   <div class='ocr_carea' id='block_1_25' title="bbox 2035 1060 3619 1135">
    <p class='ocr_par' dir='ltr' id='par_1_25' title="bbox 2035 1060 3619 1135">
     <span class='ocr_line' id='line_1_25' title="bbox 2035 1060 3619 1135; baseline -0.003 -17"><span class='ocrx_word' id='word_1_189' title='bbox 2035 1065 2315 1135; x_wconf 76' lang='grc' dir='ltr'>ἐθελοντὴς</span> <span class='ocrx_word' id='word_1_190' title='bbox 2350 1063 2408 1117; x_wconf 84' lang='grc' dir='ltr'>δὲ</span> <span class='ocrx_word' id='word_1_191' title='bbox 2438 1064 2567 1133; x_wconf 83' lang='grc' dir='ltr'>παρ’</span> <span class='ocrx_word' id='word_1_192' title='bbox 2605 1060 2799 1116; x_wconf 83' lang='grc' dir='ltr'>ἑαυτοῦ</span> <span class='ocrx_word' id='word_1_193' title='bbox 2832 1062 2899 1115; x_wconf 78' lang='grc' dir='ltr'><strong>τὰ</strong></span> <span class='ocrx_word' id='word_1_194' title='bbox 2946 1062 3096 1131; x_wconf 81' lang='grc' dir='ltr'><strong>παρά</strong></span> <span class='ocrx_word' id='word_1_195' title='bbox 3141 1060 3302 1130; x_wconf 86' lang='grc' dir='ltr'>φύσιν</span> <span class='ocrx_word' id='word_1_196' title='bbox 3344 1060 3619 1114; x_wconf 76' lang='grc' dir='ltr'>ἐκαινοτό-</span> 
     </span>
    </p>
   </div>
   <div class='ocr_carea' id='block_1_26' title="bbox 2037 1153 3621 1227">
    <p class='ocr_par' dir='ltr' id='par_1_26' title="bbox 2037 1153 3621 1227">
     <span class='ocr_line' id='line_1_26' title="bbox 2037 1153 3621 1227; baseline -0.001 -19"><span class='ocrx_word' id='word_1_197' title='bbox 2037 1173 2199 1227; x_wconf 86' lang='grc' dir='ltr'>μησε,</span> <span class='ocrx_word' id='word_1_198' title='bbox 2228 1155 2327 1227; x_wconf 81' lang='grc' dir='ltr'>τὴν</span> <span class='ocrx_word' id='word_1_199' title='bbox 2357 1154 2448 1208; x_wconf 87' lang='grc' dir='ltr'><strong>τοῦ</strong></span> <span class='ocrx_word' id='word_1_200' title='bbox 2490 1153 2662 1208; x_wconf 86' lang='grc' dir='ltr'>κακοῦ</span> <span class='ocrx_word' id='word_1_201' title='bbox 2711 1157 2906 1225; x_wconf 86' lang='grc' dir='ltr'>πεῖραν</span> <span class='ocrx_word' id='word_1_202' title='bbox 2946 1155 3005 1207; x_wconf 82' lang='grc' dir='ltr'>ὲν</span> <span class='ocrx_word' id='word_1_203' title='bbox 3052 1156 3116 1224; x_wconf 80' lang='grc' dir='ltr'><strong>τῇ</strong></span> <span class='ocrx_word' id='word_1_204' title='bbox 3165 1156 3480 1227; x_wconf 72' lang='grc' dir='ltr'>ἀποστροφῇ</span> <span class='ocrx_word' id='word_1_205' title='bbox 3521 1153 3621 1221; x_wconf 80' lang='grc' dir='ltr'>τῆς</span> 
     </span>
    </p>
   </div>
   <div class='ocr_carea' id='block_1_27' title="bbox 2033 1245 3621 1318">
    <p class='ocr_par' dir='ltr' id='par_1_27' title="bbox 2033 1245 3621 1318">
     <span class='ocr_line' id='line_1_27' title="bbox 2033 1245 3621 1318; baseline -0.003 -17"><span class='ocrx_word' id='word_1_206' title='bbox 2033 1248 2233 1317; x_wconf 84' lang='grc' dir='ltr'>ἀρετῆς</span> <span class='ocrx_word' id='word_1_207' title='bbox 2256 1249 2321 1318; x_wconf 81' lang='grc' dir='ltr'><strong>τῇ</strong></span> <span class='ocrx_word' id='word_1_208' title='bbox 2352 1246 2457 1317; x_wconf 72' lang='grc' dir='ltr'>ἰδία</span> <span class='ocrx_word' id='word_1_209' title='bbox 2487 1245 2805 1317; x_wconf 82' lang='grc' dir='ltr'>προαιρέσει</span> <span class='ocrx_word' id='word_1_210' title='bbox 2838 1245 3264 1317; x_wconf 81' lang='grc' dir='ltr'>δημιουργήσας.</span> <span class='ocrx_word' id='word_1_211' title='bbox 3302 1245 3487 1299; x_wconf 69' lang='grc' dir='ltr'>Κακδν</span> <span class='ocrx_word' id='word_1_212' title='bbox 3511 1245 3621 1314; x_wconf 80' lang='grc' dir='ltr'><strong>γάρ</strong></span> 
     </span>
    </p>
   </div>
   <div class='ocr_carea' id='block_1_28' title="bbox 2034 1337 3620 1411">
    <p class='ocr_par' dir='ltr' id='par_1_28' title="bbox 2034 1337 3620 1411">
     <span class='ocr_line' id='line_1_28' title="bbox 2034 1337 3620 1411; baseline -0.004 -18"><span class='ocrx_word' id='word_1_213' title='bbox 2034 1339 2140 1405; x_wconf 80' lang='grc' dir='ltr'><strong>ἔξω</strong></span> <span class='ocrx_word' id='word_1_214' title='bbox 2169 1339 2536 1411; x_wconf 83' lang='grc' dir='ltr'>προαιρέσεως</span> <span class='ocrx_word' id='word_1_215' title='bbox 2570 1338 2838 1409; x_wconf 86' lang='grc' dir='ltr'>κείμενον,</span> <span class='ocrx_word' id='word_1_216' title='bbox 2884 1340 2978 1391; x_wconf 66' lang='grc' dir='ltr'><strong>καί⁵</strong></span> <span class='ocrx_word' id='word_1_217' title='bbox 3010 1339 3131 1391; x_wconf 84' lang='grc' dir='ltr'>κατ’</span> <span class='ocrx_word' id='word_1_218' title='bbox 3160 1337 3296 1391; x_wconf 80' lang='grc' dir='ltr'>ἰδίαν</span> <span class='ocrx_word' id='word_1_219' title='bbox 3324 1338 3620 1391; x_wconf 84' lang='grc' dir='ltr'>ὑπόστασιν</span> 
     </span>
    </p>
   </div>
   <div class='ocr_carea' id='block_1_29' title="bbox 2035 1428 3618 1502">
    <p class='ocr_par' dir='ltr' id='par_1_29' title="bbox 2035 1428 3618 1502">
     <span class='ocr_line' id='line_1_29' title="bbox 2035 1428 3618 1502; baseline -0.001 -17"><span class='ocrx_word' id='word_1_220' title='bbox 2035 1430 2426 1502; x_wconf 86' lang='grc' dir='ltr'>θεωρούμενον,</span> <span class='ocrx_word' id='word_1_221' title='bbox 2454 1431 2512 1484; x_wconf 87' lang='grc' dir='ltr'>ὲν</span> <span class='ocrx_word' id='word_1_222' title='bbox 2554 1432 2619 1501; x_wconf 79' lang='grc' dir='ltr'><strong>τῇ</strong></span> <span class='ocrx_word' id='word_1_223' title='bbox 2674 1431 2834 1499; x_wconf 85' lang='grc' dir='ltr'>φύσει</span> <span class='ocrx_word' id='word_1_224' title='bbox 2880 1430 2987 1484; x_wconf 84' lang='grc' dir='ltr'><strong>τῶν</strong></span> <span class='ocrx_word' id='word_1_225' title='bbox 3037 1430 3205 1484; x_wconf 80' lang='grc' dir='ltr'>ὅντων</span> <span class='ocrx_word' id='word_1_226' title='bbox 3245 1429 3393 1482; x_wconf 73' lang='grc' dir='ltr'>ἐστὶν</span> <span class='ocrx_word' id='word_1_227' title='bbox 3444 1428 3618 1483; x_wconf 82' lang='grc' dir='ltr'>οὐδέν.</span> 
     </span>
    </p>
   </div>
   <div class='ocr_carea' id='block_1_30' title="bbox 2035 1521 3619 1595">
    <p class='ocr_par' dir='ltr' id='par_1_30' title="bbox 2035 1521 3619 1595">
     <span class='ocr_line' id='line_1_30' title="bbox 2035 1521 3619 1595; baseline -0.004 -16"><span class='ocrx_word' id='word_1_228' title='bbox 2035 1526 2151 1579; x_wconf 82' lang='grc' dir='ltr'><strong>Πᾶν</strong></span> <span class='ocrx_word' id='word_1_229' title='bbox 2179 1523 2286 1595; x_wconf 81' lang='grc' dir='ltr'><strong>γὰρ</strong></span> <span class='ocrx_word' id='word_1_230' title='bbox 2321 1524 2524 1593; x_wconf 87' lang='grc' dir='ltr'>κτίσμα</span> <span class='ocrx_word' id='word_1_231' title='bbox 2565 1523 2699 1576; x_wconf 87' lang='grc' dir='ltr'>Θεοῦ</span> <span class='ocrx_word' id='word_1_232' title='bbox 2741 1522 2925 1590; x_wconf 83' lang='grc' dir='ltr'>καλὸν,</span> <span class='ocrx_word' id='word_1_233' title='bbox 2963 1523 3056 1577; x_wconf 78' lang='grc' dir='ltr'>καὶ</span> <span class='ocrx_word' id='word_1_234' title='bbox 3100 1523 3251 1576; x_wconf 81' lang='grc' dir='ltr'>οὐδὲν</span> <span class='ocrx_word' id='word_1_235' title='bbox 3289 1521 3619 1595; x_wconf 78' lang='grc' dir='ltr'>ἀπόϐλητον,</span> 
     </span>
    </p>
   </div>
   <div class='ocr_carea' id='block_1_31' title="bbox 2034 1593 3621 1682">
    <p class='ocr_par' dir='ltr' id='par_1_31' title="bbox 2034 1593 3621 1682">
     <span class='ocr_line' id='line_1_31' title="bbox 2034 1593 3621 1682; baseline -0.004 -12"><span class='ocrx_word' id='word_1_236' title='bbox 2034 1616 2130 1670; x_wconf 78' lang='grc' dir='ltr'><strong>καί</strong></span> <span class='ocrx_word' id='word_1_237' title='bbox 2185 1593 2362 1668; x_wconf 74' lang='grc' dir='ltr'>πάντα</span> <span class='ocrx_word' id='word_1_238' title='bbox 2407 1615 2507 1666; x_wconf 83' lang='grc' dir='ltr'>ὅσα</span> <span class='ocrx_word' id='word_1_239' title='bbox 2559 1612 2886 1682; x_wconf 63' lang='grc' dir='ltr'>ὲποίησενοδ</span> <span class='ocrx_word' id='word_1_240' title='bbox 2934 1612 3067 1676; x_wconf 84' lang='grc' dir='ltr'><strong>Θεὸς</strong></span> <span class='ocrx_word' id='word_1_241' title='bbox 3115 1613 3256 1666; x_wconf 79' lang='grc' dir='ltr'>καλὰ</span> <span class='ocrx_word' id='word_1_242' title='bbox 3307 1610 3461 1664; x_wconf 76' lang='grc' dir='ltr'>λίαν’</span> <span class='ocrx_word' id='word_1_243' title='bbox 3504 1593 3621 1663; x_wconf 73' lang='grc' dir='ltr'>ἀλλ’</span> 
     </span>
    </p>
   </div>
   <div class='ocr_carea' id='block_1_32' title="bbox 2036 1699 3619 1774">
    <p class='ocr_par' dir='ltr' id='par_1_32' title="bbox 2036 1699 3619 1774">
     <span class='ocr_line' id='line_1_32' title="bbox 2036 1699 3619 1774; baseline -0.003 -17"><span class='ocrx_word' id='word_1_244' title='bbox 2036 1703 2222 1774; x_wconf 79' lang='grc' dir='ltr'>ἐπειδὴ</span> <span class='ocrx_word' id='word_1_245' title='bbox 2253 1702 2393 1757; x_wconf 86' lang='grc' dir='ltr'>κατὰ</span> <span class='ocrx_word' id='word_1_246' title='bbox 2432 1703 2524 1755; x_wconf 73' lang='grc' dir='ltr'><strong>τὸν</strong></span> <span class='ocrx_word' id='word_1_247' title='bbox 2568 1702 2801 1772; x_wconf 79' lang='grc' dir='ltr'>ρηθέντα</span> <span class='ocrx_word' id='word_1_248' title='bbox 2843 1701 3043 1773; x_wconf 84' lang='grc' dir='ltr'>τρόπον</span> <span class='ocrx_word' id='word_1_249' title='bbox 3080 1700 3375 1771; x_wconf 84' lang='grc' dir='ltr'>εἰσεφθάρη</span> <span class='ocrx_word' id='word_1_250' title='bbox 3405 1703 3471 1771; x_wconf 80' lang='grc' dir='ltr'><strong>τῇ</strong></span> <span class='ocrx_word' id='word_1_251' title='bbox 3506 1699 3619 1771; x_wconf 79' lang='grc' dir='ltr'><strong>ζωῇ</strong></span> 
     </span>
    </p>
   </div>
   <div class='ocr_carea' id='block_1_33' title="bbox 357 1782 1939 1867">
    <p class='ocr_par' dir='ltr' id='par_1_33' title="bbox 357 1783 1931 1858">
     <span class='ocr_line' id='line_1_33' title="bbox 357 1783 1931 1858; baseline 0.004 -21"><span class='ocrx_word' id='word_1_252' title='bbox 357 1798 537 1852; x_wconf 87' lang='lat' dir='ltr'><strong>neque</strong></span> <span class='ocrx_word' id='word_1_253' title='bbox 583 1783 992 1851; x_wconf 82' lang='lat' dir='ltr'><strong>detestandum,</strong></span> <span class='ocrx_word' id='word_1_254' title='bbox 1040 1794 1334 1851; x_wconf 80' lang='lat' dir='ltr'><strong>cunctave,</strong></span> <span class='ocrx_word' id='word_1_255' title='bbox 1381 1803 1505 1858; x_wconf 68' lang='lat' dir='ltr'><strong>quae</strong></span> <span class='ocrx_word' id='word_1_256' title='bbox 1542 1787 1686 1843; x_wconf 83' lang='lat' dir='ltr'><strong>Deus</strong></span> <span class='ocrx_word' id='word_1_257' title='bbox 1732 1787 1931 1855; x_wconf 71' lang='lat' dir='ltr'><strong>eﬂ‘ecit,</strong></span> 
     </span>
    </p>
   </div>
   <div class='ocr_carea' id='block_1_34' title="bbox 2042 1782 3622 1867">
    <p class='ocr_par' dir='ltr' id='par_1_34' title="bbox 2042 1792 3622 1867">
     <span class='ocr_line' id='line_1_34' title="bbox 2042 1792 3622 1867; baseline -0.004 -17"><span class='ocrx_word' id='word_1_258' title='bbox 2042 1795 2141 1850; x_wconf 76' lang='grc' dir='ltr'><strong>τῶν</strong></span> <span class='ocrx_word' id='word_1_259' title='bbox 2172 1794 2472 1867; x_wconf 84' lang='grc' dir='ltr'>ἀνθρώπων</span> <span class='ocrx_word' id='word_1_260' title='bbox 2506 1796 2538 1864; x_wconf 83' lang='grc' dir='ltr'><strong>ή</strong></span> <span class='ocrx_word' id='word_1_261' title='bbox 2570 1792 2663 1846; x_wconf 86' lang='grc' dir='ltr'><strong>τοῦ</strong></span> <span class='ocrx_word' id='word_1_262' title='bbox 2704 1793 3041 1864; x_wconf 82' lang='grc' dir='ltr'>ἁμαρτάνειν</span> <span class='ocrx_word' id='word_1_263' title='bbox 3087 1792 3398 1857; x_wconf 72' lang='grc' dir='ltr'>ἀκολουθία,</span> <span class='ocrx_word' id='word_1_264' title='bbox 3425 1792 3519 1843; x_wconf 79' lang='grc' dir='ltr'>καὶ</span> <span class='ocrx_word' id='word_1_265' title='bbox 3558 1793 3622 1844; x_wconf 78' lang='grc' dir='ltr'>ὲκ</span> 
     </span>
    </p>
   </div>
   <div class='ocr_carea' id='block_1_35' title="bbox 359 1873 1932 1950">
    <p class='ocr_par' dir='ltr' id='par_1_35' title="bbox 359 1873 1932 1950">
     <span class='ocr_line' id='line_1_35' title="bbox 359 1873 1932 1950; baseline 0.004 -23"><span class='ocrx_word' id='word_1_266' title='bbox 359 1882 490 1928; x_wconf 89' lang='lat' dir='ltr'><strong>sunt</strong></span> <span class='ocrx_word' id='word_1_267' title='bbox 523 1873 818 1930; x_wconf 82' lang='lat' dir='ltr'><strong>admodum</strong></span> <span class='ocrx_word' id='word_1_268' title='bbox 869 1876 1042 1944; x_wconf 86' lang='lat' dir='ltr'><strong>bona;</strong></span> <span class='ocrx_word' id='word_1_269' title='bbox 1084 1879 1180 1934; x_wconf 90' lang='lat' dir='ltr'><strong>sed</strong></span> <span class='ocrx_word' id='word_1_270' title='bbox 1225 1887 1584 1949; x_wconf 88' lang='lat' dir='ltr'><strong>posteaquam</strong></span> <span class='ocrx_word' id='word_1_271' title='bbox 1633 1894 1720 1944; x_wconf 89' lang='lat' dir='ltr'><strong>eo,</strong></span> <span class='ocrx_word' id='word_1_272' title='bbox 1769 1895 1932 1950; x_wconf 89' lang='lat' dir='ltr'><strong>quem</strong></span> 
     </span>
    </p>
   </div>
   <div class='ocr_carea' id='block_1_36' title="bbox 358 1964 1934 2031">
    <p class='ocr_par' dir='ltr' id='par_1_36' title="bbox 358 1964 1934 2031">
     <span class='ocr_line' id='line_1_36' title="bbox 358 1964 1934 2031; baseline 0.004 -11"><span class='ocrx_word' id='word_1_273' title='bbox 358 1964 624 2031; x_wconf 77' lang='lat' dir='ltr'><strong>diximus,</strong></span> <span class='ocrx_word' id='word_1_274' title='bbox 646 1967 807 2023; x_wconf 89' lang='lat' dir='ltr'><strong>modo</strong></span> <span class='ocrx_word' id='word_1_275' title='bbox 836 1968 892 2023; x_wconf 92' lang='lat' dir='ltr'><strong>in</strong></span> <span class='ocrx_word' id='word_1_276' title='bbox 916 1969 1082 2024; x_wconf 81' lang='lat' dir='ltr'><strong>vitam</strong></span> <span class='ocrx_word' id='word_1_277' title='bbox 1114 1970 1395 2027; x_wconf 89' lang='lat' dir='ltr'><strong>hominum</strong></span> <span class='ocrx_word' id='word_1_278' title='bbox 1421 1988 1528 2027; x_wconf 93' lang='lat' dir='ltr'><strong>non</strong></span> <span class='ocrx_word' id='word_1_279' title='bbox 1551 1973 1671 2028; x_wconf 88' lang='lat' dir='ltr'><strong>sine</strong></span> <span class='ocrx_word' id='word_1_280' title='bbox 1695 1973 1934 2027; x_wconf 74' lang='lat' dir='ltr'><strong>maxima</strong></span> 
     </span>
    </p>
   </div>
   <div class='ocr_carea' id='block_1_37' title="bbox 352 2058 1934 2133">
    <p class='ocr_par' dir='ltr' id='par_1_37' title="bbox 352 2058 1934 2133">
     <span class='ocr_line' id='line_1_37' title="bbox 352 2058 1934 2133; baseline 0.002 -20"><span class='ocrx_word' id='word_1_281' title='bbox 352 2058 608 2126; x_wconf 83' lang='lat' dir='ltr'><strong>pernicie</strong></span> <span class='ocrx_word' id='word_1_282' title='bbox 650 2059 873 2129; x_wconf 82' lang='lat' dir='ltr'><strong>irrepsit</strong></span> <span class='ocrx_word' id='word_1_283' title='bbox 915 2061 1179 2130; x_wconf 89' lang='lat' dir='ltr'><strong>peccandi</strong></span> <span class='ocrx_word' id='word_1_284' title='bbox 1228 2062 1597 2126; x_wconf 89' lang='lat' dir='ltr'><strong>consuetudo,</strong></span> <span class='ocrx_word' id='word_1_285' title='bbox 1645 2070 1810 2133; x_wconf 87' lang='lat' dir='ltr'><strong>atque</strong></span> <span class='ocrx_word' id='word_1_286' title='bbox 1867 2077 1934 2117; x_wconf 81' lang='lat' dir='ltr'><strong>ex</strong></span> 
     </span>
    </p>
   </div>
   <div class='ocr_carea' id='block_1_38' title="bbox 359 2151 1935 2221">
    <p class='ocr_par' dir='ltr' id='par_1_38' title="bbox 359 2151 1935 2221">
     <span class='ocr_line' id='line_1_38' title="bbox 359 2151 1935 2221; baseline 0.006 -21"><span class='ocrx_word' id='word_1_287' title='bbox 359 2162 526 2216; x_wconf 81' lang='lat' dir='ltr'><strong>parva</strong></span> <span class='ocrx_word' id='word_1_288' title='bbox 557 2164 748 2214; x_wconf 88' lang='lat' dir='ltr'><strong>causa,</strong></span> <span class='ocrx_word' id='word_1_289' title='bbox 778 2166 901 2221; x_wconf 73' lang='lat' dir='ltr'><strong>quae</strong></span> <span class='ocrx_word' id='word_1_290' title='bbox 933 2151 987 2206; x_wconf 94' lang='lat' dir='ltr'><strong>in</strong></span> <span class='ocrx_word' id='word_1_291' title='bbox 1025 2151 1241 2208; x_wconf 84' lang='lat' dir='ltr'><strong>inﬁnita</strong></span> <span class='ocrx_word' id='word_1_292' title='bbox 1269 2153 1556 2209; x_wconf 84' lang='lat' dir='ltr'><strong>hominum</strong></span> <span class='ocrx_word' id='word_1_293' title='bbox 1596 2155 1738 2208; x_wconf 89' lang='lat' dir='ltr'><strong>mala</strong></span> <span class='ocrx_word' id='word_1_294' title='bbox 1769 2154 1935 2209; x_wconf 90' lang='lat' dir='ltr'><strong>latius</strong></span> 
     </span>
    </p>
   </div>
   <div class='ocr_carea' id='block_1_39' title="bbox 357 2241 1932 2317">
    <p class='ocr_par' dir='ltr' id='par_1_39' title="bbox 357 2241 1932 2317">
     <span class='ocr_line' id='line_1_39' title="bbox 357 2241 1932 2317; baseline 0.004 -22"><span class='ocrx_word' id='word_1_295' title='bbox 357 2241 621 2302; x_wconf 82' lang='lat' dir='ltr'><strong>manavit,</strong></span> <span class='ocrx_word' id='word_1_296' title='bbox 669 2242 857 2297; x_wconf 82' lang='lat' dir='ltr'><strong>divina</strong></span> <span class='ocrx_word' id='word_1_297' title='bbox 911 2244 1002 2299; x_wconf 91' lang='lat' dir='ltr'><strong>illa</strong></span> <span class='ocrx_word' id='word_1_298' title='bbox 1055 2246 1223 2300; x_wconf 88' lang='lat' dir='ltr'><strong>animi</strong></span> <span class='ocrx_word' id='word_1_299' title='bbox 1274 2247 1647 2317; x_wconf 82' lang='lat' dir='ltr'><strong>pulchritudo,</strong></span> <span class='ocrx_word' id='word_1_300' title='bbox 1697 2262 1820 2317; x_wconf 72' lang='lat' dir='ltr'><strong>qua:</strong></span> <span class='ocrx_word' id='word_1_301' title='bbox 1865 2246 1932 2301; x_wconf 87' lang='lat' dir='ltr'><strong>ad</strong></span> 
     </span>
    </p>
   </div>
   <div class='ocr_carea' id='block_1_40' title="bbox 357 2333 1933 2408">
    <p class='ocr_par' dir='ltr' id='par_1_40' title="bbox 357 2333 1933 2408">
     <span class='ocr_line' id='line_1_40' title="bbox 357 2333 1933 2408; baseline 0.003 -21"><span class='ocrx_word' id='word_1_302' title='bbox 357 2333 687 2402; x_wconf 78' lang='lat' dir='ltr'><strong>exetnplaris</strong></span> <span class='ocrx_word' id='word_1_303' title='bbox 753 2335 1118 2391; x_wconf 90' lang='lat' dir='ltr'><strong>imitationem</strong></span> <span class='ocrx_word' id='word_1_304' title='bbox 1177 2335 1359 2392; x_wconf 78' lang='lat' dir='ltr'><strong>fuerat</strong></span> <span class='ocrx_word' id='word_1_305' title='bbox 1415 2352 1714 2406; x_wconf 86' lang='lat' dir='ltr'><strong>expressa;</strong></span> <span class='ocrx_word' id='word_1_306' title='bbox 1773 2337 1933 2408; x_wconf 87' lang='lat' dir='ltr'><strong>quasi</strong></span> 
     </span>
    </p>
   </div>
   <div class='ocr_carea' id='block_1_41' title="bbox 357 2422 1933 2498">
    <p class='ocr_par' dir='ltr' id='par_1_41' title="bbox 357 2422 1933 2498">
     <span class='ocr_line' id='line_1_41' title="bbox 357 2422 1933 2498; baseline 0.003 -20"><span class='ocrx_word' id='word_1_307' title='bbox 357 2422 586 2491; x_wconf 77' lang='lat' dir='ltr'><strong>ferrum,</strong></span> <span class='ocrx_word' id='word_1_308' title='bbox 638 2426 888 2497; x_wconf 75' lang='lat' dir='ltr'><strong>rubigine</strong></span> <span class='ocrx_word' id='word_1_309' title='bbox 914 2428 1027 2481; x_wconf 85' lang='lat' dir='ltr'><strong>vitii</strong></span> <span class='ocrx_word' id='word_1_310' title='bbox 1066 2439 1150 2483; x_wconf 84' lang='lat' dir='ltr'><strong>est</strong></span> <span class='ocrx_word' id='word_1_311' title='bbox 1191 2437 1539 2498; x_wconf 88' lang='lat' dir='ltr'><strong>consumpta,</strong></span> <span class='ocrx_word' id='word_1_312' title='bbox 1584 2444 1693 2482; x_wconf 91' lang='lat' dir='ltr'><strong>non</strong></span> <span class='ocrx_word' id='word_1_313' title='bbox 1726 2437 1933 2483; x_wconf 85' lang='lat' dir='ltr'><strong>tantam</strong></span> 
     </span>
    </p>
   </div>
   <div class='ocr_carea' id='block_1_42' title="bbox 357 2516 1933 2587">
    <p class='ocr_par' dir='ltr' id='par_1_42' title="bbox 357 2516 1933 2587">
     <span class='ocr_line' id='line_1_42' title="bbox 357 2516 1933 2587; baseline 0.004 -19"><span class='ocrx_word' id='word_1_314' title='bbox 357 2516 602 2585; x_wconf 82' lang='lat' dir='ltr'><strong>quidem,</strong></span> <span class='ocrx_word' id='word_1_315' title='bbox 633 2526 839 2587; x_wconf 84' lang='lat' dir='ltr'><strong>quanta</strong></span> <span class='ocrx_word' id='word_1_316' title='bbox 886 2528 1039 2575; x_wconf 85' lang='lat' dir='ltr'><strong>certe</strong></span> <span class='ocrx_word' id='word_1_317' title='bbox 1079 2520 1182 2575; x_wconf 91' lang='lat' dir='ltr'><strong>sibi</strong></span> <span class='ocrx_word' id='word_1_318' title='bbox 1214 2534 1278 2574; x_wconf 79' lang='lat' dir='ltr'><strong>ex</strong></span> <span class='ocrx_word' id='word_1_319' title='bbox 1318 2528 1510 2573; x_wconf 89' lang='lat' dir='ltr'><strong>natura</strong></span> <span class='ocrx_word' id='word_1_320' title='bbox 1565 2520 1766 2585; x_wconf 87' lang='lat' dir='ltr'><strong>inerat,</strong></span> <span class='ocrx_word' id='word_1_321' title='bbox 1798 2536 1933 2574; x_wconf 80' lang='lat' dir='ltr'><strong>con-</strong></span> 
     </span>
    </p>
   </div>
   <div class='ocr_carea' id='block_1_43' title="bbox 359 2608 1934 2682">
    <p class='ocr_par' dir='ltr' id='par_1_43' title="bbox 359 2608 1934 2682">
     <span class='ocr_line' id='line_1_43' title="bbox 359 2608 1934 2682; baseline 0.003 -21"><span class='ocrx_word' id='word_1_322' title='bbox 359 2608 599 2662; x_wconf 81' lang='lat' dir='ltr'><strong>servavit</strong></span> <span class='ocrx_word' id='word_1_323' title='bbox 643 2608 897 2680; x_wconf 78' lang='lat' dir='ltr'><strong>imaginis</strong></span> <span class='ocrx_word' id='word_1_324' title='bbox 928 2612 1182 2680; x_wconf 74' lang='lat' dir='ltr'><strong>gratiam,</strong></span> <span class='ocrx_word' id='word_1_325' title='bbox 1226 2611 1321 2666; x_wconf 88' lang='lat' dir='ltr'><strong>sed</strong></span> <span class='ocrx_word' id='word_1_326' title='bbox 1359 2610 1428 2664; x_wconf 89' lang='lat' dir='ltr'><strong>ad</strong></span> <span class='ocrx_word' id='word_1_327' title='bbox 1462 2611 1723 2681; x_wconf 88' lang='lat' dir='ltr'><strong>peccandi</strong></span> <span class='ocrx_word' id='word_1_328' title='bbox 1759 2612 1934 2682; x_wconf 78' lang='lat' dir='ltr'><strong>turpi-</strong></span> 
     </span>
    </p>
   </div>
   <div class='ocr_carea' id='block_1_44' title="bbox 359 2699 1933 2772">
    <p class='ocr_par' dir='ltr' id='par_1_44' title="bbox 359 2699 1933 2772">
     <span class='ocr_line' id='line_1_44' title="bbox 359 2699 1933 2772; baseline 0.002 -20"><span class='ocrx_word' id='word_1_329' title='bbox 359 2699 601 2755; x_wconf 85' lang='lat' dir='ltr'><strong>tudinem</strong></span> <span class='ocrx_word' id='word_1_330' title='bbox 642 2716 765 2758; x_wconf 78' lang='lat' dir='ltr'><strong>sese</strong></span> <span class='ocrx_word' id='word_1_331' title='bbox 800 2710 909 2755; x_wconf 88' lang='lat' dir='ltr'><strong>tota</strong></span> <span class='ocrx_word' id='word_1_332' title='bbox 941 2706 1235 2757; x_wconf 81' lang='lat' dir='ltr'><strong>convertit.</strong></span> <span class='ocrx_word' id='word_1_333' title='bbox 1265 2700 1455 2772; x_wconf 83' lang='lat' dir='ltr'><strong>Itaque</strong></span> <span class='ocrx_word' id='word_1_334' title='bbox 1504 2718 1762 2772; x_wconf 76' lang='lat' dir='ltr'><strong>magnum</strong></span> <span class='ocrx_word' id='word_1_335' title='bbox 1799 2702 1933 2756; x_wconf 90' lang='lat' dir='ltr'><strong>illud</strong></span> 
     </span>
    </p>
   </div>
   <div class='ocr_carea' id='block_1_45' title="bbox 358 2790 1933 2863">
    <p class='ocr_par' dir='ltr' id='par_1_45' title="bbox 358 2790 1933 2863">
     <span class='ocr_line' id='line_1_45' title="bbox 358 2790 1933 2863; baseline 0.003 -22"><span class='ocrx_word' id='word_1_336' title='bbox 358 2797 414 2842; x_wconf 78' lang='lat' dir='ltr'><strong>et</strong></span> <span class='ocrx_word' id='word_1_337' title='bbox 445 2790 743 2858; x_wconf 90' lang='lat' dir='ltr'><strong>pretiosmn</strong></span> <span class='ocrx_word' id='word_1_338' title='bbox 788 2794 973 2856; x_wconf 88' lang='lat' dir='ltr'><strong>homo,</strong></span> <span class='ocrx_word' id='word_1_339' title='bbox 1005 2803 1116 2847; x_wconf 87' lang='lat' dir='ltr'><strong>uta</strong></span> <span class='ocrx_word' id='word_1_340' title='bbox 1151 2794 1442 2863; x_wconf 81' lang='lat' dir='ltr'><strong>Scriptura</strong></span> <span class='ocrx_word' id='word_1_341' title='bbox 1485 2802 1570 2848; x_wconf 87' lang='lat' dir='ltr'><strong>est</strong></span> <span class='ocrx_word' id='word_1_342' title='bbox 1605 2793 1933 2863; x_wconf 85' lang='lat' dir='ltr'><strong>appellatus,</strong></span> 
     </span>
    </p>
   </div>
   <div class='ocr_carea' id='block_1_46' title="bbox 360 2880 1936 2952">
    <p class='ocr_par' dir='ltr' id='par_1_46' title="bbox 360 2880 1936 2952">
     <span class='ocr_line' id='line_1_46' title="bbox 360 2880 1936 2952; baseline 0.003 -21"><span class='ocrx_word' id='word_1_343' title='bbox 360 2893 484 2932; x_wconf 87' lang='lat' dir='ltr'><strong>cum</strong></span> <span class='ocrx_word' id='word_1_344' title='bbox 538 2894 567 2931; x_wconf 90' lang='lat' dir='ltr'><strong>a</strong></span> <span class='ocrx_word' id='word_1_345' title='bbox 602 2880 865 2948; x_wconf 79' lang='lat' dir='ltr'><strong>dignitate</strong></span> <span class='ocrx_word' id='word_1_346' title='bbox 906 2897 1005 2936; x_wconf 88' lang='lat' dir='ltr'><strong>sua</strong></span> <span class='ocrx_word' id='word_1_347' title='bbox 1050 2883 1374 2946; x_wconf 84' lang='lat' dir='ltr'><strong>excidisset,</strong></span> <span class='ocrx_word' id='word_1_348' title='bbox 1421 2882 1566 2952; x_wconf 88' lang='lat' dir='ltr'><strong>quod</strong></span> <span class='ocrx_word' id='word_1_349' title='bbox 1617 2880 1823 2937; x_wconf 87' lang='lat' dir='ltr'><strong>accidit</strong></span> <span class='ocrx_word' id='word_1_350' title='bbox 1866 2881 1936 2936; x_wconf 89' lang='lat' dir='ltr'><strong>iis</strong></span> 
     </span>
    </p>
   </div>
   <div class='ocr_carea' id='block_1_47' title="bbox 360 2969 1933 3041">
    <p class='ocr_par' dir='ltr' id='par_1_47' title="bbox 360 2969 1933 3041">
     <span class='ocr_line' id='line_1_47' title="bbox 360 2969 1933 3041; baseline 0.002 -17"><span class='ocrx_word' id='word_1_351' title='bbox 360 2969 455 3040; x_wconf 84' lang='lat' dir='ltr'><strong>qui</strong></span> <span class='ocrx_word' id='word_1_352' title='bbox 484 2970 536 3023; x_wconf 92' lang='lat' dir='ltr'><strong>in</strong></span> <span class='ocrx_word' id='word_1_353' title='bbox 564 2985 783 3025; x_wconf 77' lang='lat' dir='ltr'><strong>caenum</strong></span> <span class='ocrx_word' id='word_1_354' title='bbox 819 2972 995 3041; x_wconf 84' lang='lat' dir='ltr'><strong>illapsi</strong></span> <span class='ocrx_word' id='word_1_355' title='bbox 1028 2983 1177 3037; x_wconf 89' lang='lat' dir='ltr'><strong>sunt,</strong></span> <span class='ocrx_word' id='word_1_356' title='bbox 1214 2972 1353 3028; x_wconf 77' lang='lat' dir='ltr'><strong>[acie</strong></span> <span class='ocrx_word' id='word_1_357' title='bbox 1395 2974 1544 3028; x_wconf 91' lang='lat' dir='ltr'><strong>omni</strong></span> <span class='ocrx_word' id='word_1_358' title='bbox 1579 2973 1707 3029; x_wconf 93' lang='lat' dir='ltr'><strong>limo</strong></span> <span class='ocrx_word' id='word_1_359' title='bbox 1739 2973 1933 3040; x_wconf 86' lang='lat' dir='ltr'><strong>oblita,</strong></span> 
     </span>
    </p>
   </div>
   <div class='ocr_carea' id='block_1_48' title="bbox 361 3060 1931 3135">
    <p class='ocr_par' dir='ltr' id='par_1_48' title="bbox 361 3060 1931 3135">
     <span class='ocr_line' id='line_1_48' title="bbox 361 3060 1931 3135; baseline 0.004 -23"><span class='ocrx_word' id='word_1_360' title='bbox 361 3075 432 3115; x_wconf 86' lang='lat' dir='ltr'><strong>ne</strong></span> <span class='ocrx_word' id='word_1_361' title='bbox 482 3074 511 3113; x_wconf 88' lang='lat' dir='ltr'><strong>a</strong></span> <span class='ocrx_word' id='word_1_362' title='bbox 567 3060 934 3117; x_wconf 81' lang='lat' dir='ltr'><strong>familiaribus</strong></span> <span class='ocrx_word' id='word_1_363' title='bbox 981 3064 1204 3134; x_wconf 89' lang='lat' dir='ltr'><strong>quidem</strong></span> <span class='ocrx_word' id='word_1_364' title='bbox 1256 3073 1638 3135; x_wconf 76' lang='lat' dir='ltr'><strong>agnoscuntur</strong></span> <span class='ocrx_word' id='word_1_365' title='bbox 1686 3084 1699 3119; x_wconf 91' lang='lat'><strong>:</strong></span> <span class='ocrx_word' id='word_1_366' title='bbox 1740 3065 1931 3121; x_wconf 86' lang='lat' dir='ltr'><strong>eodem</strong></span> 
     </span>
    </p>
   </div>
   <div class='ocr_carea' id='block_1_49' title="bbox 361 3153 1934 3231">
    <p class='ocr_par' dir='ltr' id='par_1_49' title="bbox 361 3153 1934 3231">
     <span class='ocr_line' id='line_1_49' title="bbox 361 3153 1934 3231; baseline 0.006 -26"><span class='ocrx_word' id='word_1_367' title='bbox 361 3153 524 3208; x_wconf 81' lang='lat' dir='ltr'><strong>mulo</strong></span> <span class='ocrx_word' id='word_1_368' title='bbox 561 3154 651 3210; x_wconf 89' lang='lat' dir='ltr'><strong>ille</strong></span> <span class='ocrx_word' id='word_1_369' title='bbox 682 3155 735 3209; x_wconf 92' lang='lat' dir='ltr'><strong>in</strong></span> <span class='ocrx_word' id='word_1_370' title='bbox 765 3157 973 3224; x_wconf 86' lang='lat' dir='ltr'><strong>peccati</strong></span> <span class='ocrx_word' id='word_1_371' title='bbox 1004 3157 1198 3213; x_wconf 88' lang='lat' dir='ltr'><strong>sordes</strong></span> <span class='ocrx_word' id='word_1_372' title='bbox 1227 3159 1600 3230; x_wconf 72' lang='lat' dir='ltr'><strong>prtecipitatus</strong></span> <span class='ocrx_word' id='word_1_373' title='bbox 1632 3161 1934 3231; x_wconf 89' lang='lat' dir='ltr'><strong>incorrupti</strong></span> 
     </span>
    </p>
   </div>
   <div class='ocr_carea' id='block_1_50' title="bbox 361 3242 1941 3321">
    <p class='ocr_par' dir='ltr' id='par_1_50' title="bbox 361 3242 1941 3321">
     <span class='ocr_line' id='line_1_50' title="bbox 361 3242 1941 3321; baseline 0.009 -24"><span class='ocrx_word' id='word_1_374' title='bbox 361 3242 459 3299; x_wconf 84' lang='lat' dir='ltr'><strong>Dei</strong></span> <span class='ocrx_word' id='word_1_375' title='bbox 510 3245 802 3314; x_wconf 81' lang='lat' dir='ltr'><strong>imaginem</strong></span> <span class='ocrx_word' id='word_1_376' title='bbox 848 3249 1105 3318; x_wconf 77' lang='lat' dir='ltr'><strong>perdidit,</strong></span> <span class='ocrx_word' id='word_1_377' title='bbox 1142 3260 1461 3321; x_wconf 88' lang='lat' dir='ltr'><strong>mutatoque</strong></span> <span class='ocrx_word' id='word_1_378' title='bbox 1511 3253 1699 3308; x_wconf 85' lang='lat' dir='ltr'><strong>habitu</strong></span> <span class='ocrx_word' id='word_1_379' title='bbox 1745 3268 1941 3310; x_wconf 74' lang='lat' dir='ltr'><strong>corru-</strong></span> 
     </span>
    </p>
   </div>
   <div class='ocr_carea' id='block_1_51' title="bbox 359 3339 1942 3416">
    <p class='ocr_par' dir='ltr' id='par_1_51' title="bbox 359 3339 1942 3416">
     <span class='ocr_line' id='line_1_51' title="bbox 359 3339 1942 3416; baseline 0.006 -25"><span class='ocrx_word' id='word_1_380' title='bbox 359 3346 509 3408; x_wconf 84' lang='lat' dir='ltr'><strong>ptam</strong></span> <span class='ocrx_word' id='word_1_381' title='bbox 544 3339 839 3408; x_wconf 88' lang='lat' dir='ltr'><strong>quamdam</strong></span> <span class='ocrx_word' id='word_1_382' title='bbox 877 3343 1197 3411; x_wconf 86' lang='lat' dir='ltr'><strong>peccatique</strong></span> <span class='ocrx_word' id='word_1_383' title='bbox 1225 3343 1347 3399; x_wconf 88' lang='lat' dir='ltr'><strong>labe</strong></span> <span class='ocrx_word' id='word_1_384' title='bbox 1374 3344 1715 3415; x_wconf 87' lang='lat' dir='ltr'><strong>inquinatam</strong></span> <span class='ocrx_word' id='word_1_385' title='bbox 1750 3346 1942 3416; x_wconf 82' lang='lat' dir='ltr'><strong>imagi-</strong></span> 
     </span>
    </p>
   </div>
   <div class='ocr_carea' id='block_1_52' title="bbox 361 3428 1937 3506">
    <p class='ocr_par' dir='ltr' id='par_1_52' title="bbox 361 3428 1937 3506">
     <span class='ocr_line' id='line_1_52' title="bbox 361 3428 1937 3506; baseline 0.004 -23"><span class='ocrx_word' id='word_1_386' title='bbox 361 3444 487 3483; x_wconf 86' lang='lat' dir='ltr'><strong>nem</strong></span> <span class='ocrx_word' id='word_1_387' title='bbox 538 3428 736 3496; x_wconf 85' lang='lat' dir='ltr'><strong>induit,</strong></span> <span class='ocrx_word' id='word_1_388' title='bbox 790 3446 955 3500; x_wconf 82' lang='lat' dir='ltr'><strong>quant</strong></span> <span class='ocrx_word' id='word_1_389' title='bbox 1007 3434 1147 3488; x_wconf 83' lang='lat' dir='ltr'><strong>ratio</strong></span> <span class='ocrx_word' id='word_1_390' title='bbox 1195 3433 1471 3504; x_wconf 84' lang='lat' dir='ltr'><strong>deponere</strong></span> <span class='ocrx_word' id='word_1_391' title='bbox 1521 3436 1716 3491; x_wconf 85' lang='lat' dir='ltr'><strong>suadet</strong></span> <span class='ocrx_word' id='word_1_392' title='bbox 1752 3435 1803 3490; x_wconf 87' lang='lat' dir='ltr'><strong>ei</strong></span> <span class='ocrx_word' id='word_1_393' title='bbox 1846 3438 1937 3506; x_wconf 89' lang='lat' dir='ltr'><strong>qui</strong></span> 
     </span>
    </p>
   </div>
   <div class='ocr_carea' id='block_1_53' title="bbox 364 3519 1937 3602">
    <p class='ocr_par' dir='ltr' id='par_1_53' title="bbox 364 3519 1937 3602">
     <span class='ocr_line' id='line_1_53' title="bbox 364 3519 1937 3602; baseline 0.008 -28"><span class='ocrx_word' id='word_1_394' title='bbox 364 3519 685 3591; x_wconf 86' lang='lat' dir='ltr'><strong>incorrupta</strong></span> <span class='ocrx_word' id='word_1_395' title='bbox 736 3523 857 3576; x_wconf 72' lang='lat' dir='ltr'><strong>vita:</strong></span> <span class='ocrx_word' id='word_1_396' title='bbox 896 3522 1190 3594; x_wconf 87' lang='lat' dir='ltr'><strong>disciplina</strong></span> <span class='ocrx_word' id='word_1_397' title='bbox 1219 3542 1277 3581; x_wconf 89' lang='lat' dir='ltr'><strong>se</strong></span> <span class='ocrx_word' id='word_1_398' title='bbox 1317 3527 1478 3596; x_wconf 86' lang='lat' dir='ltr'><strong>quasi</strong></span> <span class='ocrx_word' id='word_1_399' title='bbox 1529 3544 1668 3598; x_wconf 81' lang='lat' dir='ltr'><strong>aqua</strong></span> <span class='ocrx_word' id='word_1_400' title='bbox 1702 3533 1937 3602; x_wconf 83' lang='lat' dir='ltr'><strong>quadam</strong></span> 
     </span>
    </p>
   </div>
   <div class='ocr_carea' id='block_1_54' title="bbox 364 3610 1939 3692">
    <p class='ocr_par' dir='ltr' id='par_1_54' title="bbox 364 3610 1939 3692">
     <span class='ocr_line' id='line_1_54' title="bbox 364 3610 1939 3692; baseline 0.008 -29"><span class='ocrx_word' id='word_1_401' title='bbox 364 3610 598 3665; x_wconf 83' lang='lat' dir='ltr'><strong>abluerit</strong></span> <span class='ocrx_word' id='word_1_402' title='bbox 625 3627 640 3667; x_wconf 89' lang='lat'><strong>:</strong></span> <span class='ocrx_word' id='word_1_403' title='bbox 667 3620 726 3666; x_wconf 93' lang='lat' dir='ltr'><strong>ut</strong></span> <span class='ocrx_word' id='word_1_404' title='bbox 755 3612 857 3667; x_wconf 89' lang='lat' dir='ltr'><strong>hoc</strong></span> <span class='ocrx_word' id='word_1_405' title='bbox 885 3628 1018 3669; x_wconf 89' lang='lat' dir='ltr'><strong>sane</strong></span> <span class='ocrx_word' id='word_1_406' title='bbox 1042 3622 1261 3671; x_wconf 88' lang='lat' dir='ltr'><strong>terreno</strong></span> <span class='ocrx_word' id='word_1_407' title='bbox 1286 3617 1505 3687; x_wconf 89' lang='lat' dir='ltr'><strong>abjecto</strong></span> <span class='ocrx_word' id='word_1_408' title='bbox 1537 3619 1939 3692; x_wconf 81' lang='lat' dir='ltr'><strong>integumento,</strong></span> 
     </span>
    </p>
   </div>
   <div class='ocr_carea' id='block_1_55' title="bbox 364 3702 1943 3777">
    <p class='ocr_par' dir='ltr' id='par_1_55' title="bbox 364 3702 1943 3777">
     <span class='ocr_line' id='line_1_55' title="bbox 364 3702 1943 3777; baseline 0.009 -23"><span class='ocrx_word' id='word_1_409' title='bbox 364 3702 529 3756; x_wconf 88' lang='lat' dir='ltr'><strong>animi</strong></span> <span class='ocrx_word' id='word_1_410' title='bbox 585 3718 778 3763; x_wconf 88' lang='lat' dir='ltr'><strong>rursus</strong></span> <span class='ocrx_word' id='word_1_411' title='bbox 825 3714 1085 3775; x_wconf 84' lang='lat' dir='ltr'><strong>appareat</strong></span> <span class='ocrx_word' id='word_1_412' title='bbox 1135 3708 1515 3777; x_wconf 86' lang='lat' dir='ltr'><strong>pulchritudo.</strong></span> <span class='ocrx_word' id='word_1_413' title='bbox 1574 3711 1764 3768; x_wconf 80' lang='lat' dir='ltr'><strong>Aliena</strong></span> <span class='ocrx_word' id='word_1_414' title='bbox 1811 3729 1943 3769; x_wconf 84' lang='lat' dir='ltr'><strong>vero</strong></span> 
     </span>
    </p>
   </div>
   <div class='ocr_carea' id='block_1_56' title="bbox 364 3795 1942 3875">
    <p class='ocr_par' dir='ltr' id='par_1_56' title="bbox 364 3795 1942 3875">
     <span class='ocr_line' id='line_1_56' title="bbox 364 3795 1942 3875; baseline 0.01 -28"><span class='ocrx_word' id='word_1_415' title='bbox 364 3795 626 3862; x_wconf 79' lang='lat' dir='ltr'><strong>abjieere,</strong></span> <span class='ocrx_word' id='word_1_416' title='bbox 678 3796 730 3848; x_wconf 88' lang='lat' dir='ltr'><strong>in</strong></span> <span class='ocrx_word' id='word_1_417' title='bbox 782 3813 847 3851; x_wconf 88' lang='lat' dir='ltr'><strong>eo</strong></span> <span class='ocrx_word' id='word_1_418' title='bbox 881 3805 984 3858; x_wconf 85' lang='lat' dir='ltr'><strong>est,</strong></span> <span class='ocrx_word' id='word_1_419' title='bbox 1031 3808 1089 3851; x_wconf 90' lang='lat' dir='ltr'><strong>ut</strong></span> <span class='ocrx_word' id='word_1_420' title='bbox 1121 3800 1187 3852; x_wconf 91' lang='lat' dir='ltr'><strong>ad</strong></span> <span class='ocrx_word' id='word_1_421' title='bbox 1249 3816 1346 3854; x_wconf 90' lang='lat' dir='ltr'><strong>sua</strong></span> <span class='ocrx_word' id='word_1_422' title='bbox 1384 3802 1620 3870; x_wconf 82' lang='lat' dir='ltr'><strong>quisque</strong></span> <span class='ocrx_word' id='word_1_423' title='bbox 1667 3815 1833 3875; x_wconf 85' lang='lat' dir='ltr'><strong>atque</strong></span> <span class='ocrx_word' id='word_1_424' title='bbox 1874 3807 1942 3862; x_wconf 88' lang='lat' dir='ltr'><strong>ad</strong></span> 
     </span>
    </p>
   </div>
   <div class='ocr_carea' id='block_1_57' title="bbox 326 3887 1945 3961">
    <p class='ocr_par' dir='ltr' id='par_1_57' title="bbox 326 3887 1945 3961">
     <span class='ocr_line' id='line_1_57' title="bbox 326 3887 1945 3961; baseline 0.011 -26"><span class='ocrx_word' id='word_1_425' title='bbox 326 3894 615 3939; x_wconf 87' lang='lat' dir='ltr'><strong>--naturam</strong></span> <span class='ocrx_word' id='word_1_426' title='bbox 657 3887 884 3940; x_wconf 80' lang='lat' dir='ltr'><strong>redeat:</strong></span> <span class='ocrx_word' id='word_1_427' title='bbox 923 3891 1066 3958; x_wconf 86' lang='lat' dir='ltr'><strong>quod</strong></span> <span class='ocrx_word' id='word_1_428' title='bbox 1104 3890 1352 3959; x_wconf 66' lang='lat' dir='ltr'><strong>proli-elo</strong></span> <span class='ocrx_word' id='word_1_429' title='bbox 1383 3895 1599 3961; x_wconf 72' lang='lat' dir='ltr'><strong>assequi</strong></span> <span class='ocrx_word' id='word_1_430' title='bbox 1640 3912 1746 3949; x_wconf 91' lang='lat' dir='ltr'><strong>non</strong></span> <span class='ocrx_word' id='word_1_431' title='bbox 1784 3898 1945 3952; x_wconf 87' lang='lat' dir='ltr'><strong>aliter</strong></span> 
     </span>
    </p>
   </div>
   <div class='ocr_carea' id='block_1_58' title="bbox 365 3976 1944 4060">
    <p class='ocr_par' dir='ltr' id='par_1_58' title="bbox 365 3976 1944 4060">
     <span class='ocr_line' id='line_1_58' title="bbox 365 3976 1944 4060; baseline 0.009 -30"><span class='ocrx_word' id='word_1_432' title='bbox 365 3976 518 4041; x_wconf 88' lang='lat' dir='ltr'><strong>licet,</strong></span> <span class='ocrx_word' id='word_1_433' title='bbox 562 3978 670 4034; x_wconf 91' lang='lat' dir='ltr'><strong>nisi</strong></span> <span class='ocrx_word' id='word_1_434' title='bbox 713 3981 838 4033; x_wconf 85' lang='lat' dir='ltr'><strong>talis</strong></span> <span class='ocrx_word' id='word_1_435' title='bbox 873 3997 1066 4038; x_wconf 85' lang='lat' dir='ltr'><strong>rursus</strong></span> <span class='ocrx_word' id='word_1_436' title='bbox 1101 3984 1229 4053; x_wconf 88' lang='lat' dir='ltr'><strong>quis</strong></span> <span class='ocrx_word' id='word_1_437' title='bbox 1284 3984 1399 4052; x_wconf 81' lang='lat' dir='ltr'><strong>ﬁat,</strong></span> <span class='ocrx_word' id='word_1_438' title='bbox 1446 3988 1626 4055; x_wconf 86' lang='lat' dir='ltr'><strong>qualis</strong></span> <span class='ocrx_word' id='word_1_439' title='bbox 1676 3989 1944 4060; x_wconf 81' lang='lat' dir='ltr'><strong>principio</strong></span> 
     </span>
    </p>
   </div>
   <div class='ocr_carea' id='block_1_59' title="bbox 364 4068 1946 4150">
    <p class='ocr_par' dir='ltr' id='par_1_59' title="bbox 364 4068 1946 4150">
     <span class='ocr_line' id='line_1_59' title="bbox 364 4068 1946 4150; baseline 0.007 -27"><span class='ocrx_word' id='word_1_440' title='bbox 364 4068 592 4125; x_wconf 65' lang='lat' dir='ltr'><strong>enectus</strong></span> <span class='ocrx_word' id='word_1_441' title='bbox 630 4083 736 4126; x_wconf 81' lang='lat' dir='ltr'><strong>est.</strong></span> <span class='ocrx_word' id='word_1_442' title='bbox 772 4073 888 4127; x_wconf 78' lang='lat' dir='ltr'><strong>Non</strong></span> <span class='ocrx_word' id='word_1_443' title='bbox 930 4074 1078 4129; x_wconf 87' lang='lat' dir='ltr'><strong>enim</strong></span> <span class='ocrx_word' id='word_1_444' title='bbox 1126 4085 1375 4132; x_wconf 89' lang='lat' dir='ltr'><strong>nostrum</strong></span> <span class='ocrx_word' id='word_1_445' title='bbox 1411 4088 1518 4143; x_wconf 90' lang='lat' dir='ltr'><strong>est,</strong></span> <span class='ocrx_word' id='word_1_446' title='bbox 1563 4095 1741 4150; x_wconf 89' lang='lat' dir='ltr'><strong>neque</strong></span> <span class='ocrx_word' id='word_1_447' title='bbox 1774 4079 1946 4136; x_wconf 85' lang='lat' dir='ltr'><strong>lacul-</strong></span> 
     </span>
    </p>
   </div>
   <div class='ocr_carea' id='block_1_60' title="bbox 366 4162 1941 4239">
    <p class='ocr_par' dir='ltr' id='par_1_60' title="bbox 366 4162 1941 4239">
     <span class='ocr_line' id='line_1_60' title="bbox 366 4162 1941 4239; baseline 0.009 -26"><span class='ocrx_word' id='word_1_448' title='bbox 366 4162 495 4218; x_wconf 82' lang='lat' dir='ltr'><strong>tatis</strong></span> <span class='ocrx_word' id='word_1_449' title='bbox 522 4162 807 4219; x_wconf 87' lang='lat' dir='ltr'><strong>hominum</strong></span> <span class='ocrx_word' id='word_1_450' title='bbox 833 4165 1089 4233; x_wconf 75' lang='lat' dir='ltr'><strong>cilicium,</strong></span> <span class='ocrx_word' id='word_1_451' title='bbox 1117 4177 1176 4223; x_wconf 92' lang='lat' dir='ltr'><strong>ut</strong></span> <span class='ocrx_word' id='word_1_452' title='bbox 1198 4168 1509 4226; x_wconf 77' lang='lat' dir='ltr'><strong>divinitatis</strong></span> <span class='ocrx_word' id='word_1_453' title='bbox 1533 4173 1742 4228; x_wconf 89' lang='lat' dir='ltr'><strong>similes</strong></span> <span class='ocrx_word' id='word_1_454' title='bbox 1771 4172 1941 4239; x_wconf 84' lang='lat' dir='ltr'><strong>ﬁant;</strong></span> 
     </span>
    </p>
   </div>
   <div class='ocr_carea' id='block_1_61' title="bbox 2040 1882 3622 1960">
    <p class='ocr_par' dir='ltr' id='par_1_61' title="bbox 2040 1882 3622 1960">
     <span class='ocr_line' id='line_1_61' title="bbox 2040 1882 3622 1960; baseline -0.004 -19"><span class='ocrx_word' id='word_1_455' title='bbox 2040 1889 2238 1960; x_wconf 80' lang='grc' dir='ltr'>μικρᾶς</span> <span class='ocrx_word' id='word_1_456' title='bbox 2269 1885 2520 1957; x_wconf 83' lang='grc' dir='ltr'>ἀφορμῆς</span> <span class='ocrx_word' id='word_1_457' title='bbox 2548 1888 2627 1947; x_wconf 85' lang='grc' dir='ltr'><strong>εἰς</strong></span> <span class='ocrx_word' id='word_1_458' title='bbox 2669 1885 2894 1954; x_wconf 78' lang='grc' dir='ltr'>ἄπειρον</span> <span class='ocrx_word' id='word_1_459' title='bbox 2941 1884 3038 1954; x_wconf 82' lang='grc' dir='ltr'>τῆς</span> <span class='ocrx_word' id='word_1_460' title='bbox 3080 1883 3276 1945; x_wconf 84' lang='grc' dir='ltr'>κακίας</span> <span class='ocrx_word' id='word_1_461' title='bbox 3323 1885 3380 1934; x_wconf 81' lang='grc' dir='ltr'>ὲν</span> <span class='ocrx_word' id='word_1_462' title='bbox 3412 1882 3488 1951; x_wconf 83' lang='grc' dir='ltr'><strong>τῷ</strong></span> <span class='ocrx_word' id='word_1_463' title='bbox 3525 1883 3622 1935; x_wconf 87' lang='grc' dir='ltr'>ἀν·</span> 
     </span>
    </p>
   </div>
   <div class='ocr_carea' id='block_1_62' title="bbox 2037 1968 3622 2050">
    <p class='ocr_par' dir='ltr' id='par_1_62' title="bbox 2037 1968 3622 2050">
     <span class='ocr_line' id='line_1_62' title="bbox 2037 1968 3622 2050; baseline -0.007 -18"><span class='ocrx_word' id='word_1_464' title='bbox 2037 1977 2239 2050; x_wconf 80' lang='grc' dir='ltr'>θρὼπῳ</span> <span class='ocrx_word' id='word_1_465' title='bbox 2269 1976 2552 2047; x_wconf 89' lang='grc' dir='ltr'>χυθείσης,</span> <span class='ocrx_word' id='word_1_466' title='bbox 2595 1973 2781 2027; x_wconf 75' lang='grc' dir='ltr'>καὶτὸ</span> <span class='ocrx_word' id='word_1_467' title='bbox 2823 1973 3050 2035; x_wconf 76' lang='grc' dir='ltr'>θεοειδὲς</span> <span class='ocrx_word' id='word_1_468' title='bbox 3093 1973 3266 2025; x_wconf 74' lang='grc' dir='ltr'>ἐκεῖνο</span> <span class='ocrx_word' id='word_1_469' title='bbox 3307 1971 3405 2039; x_wconf 81' lang='grc' dir='ltr'>τῆς</span> <span class='ocrx_word' id='word_1_470' title='bbox 3446 1968 3622 2038; x_wconf 65' lang='grc' dir='ltr'>ψυχῆς</span> 
     </span>
    </p>
   </div>
   <div class='ocr_carea' id='block_1_63' title="bbox 2036 2061 3623 2134">
    <p class='ocr_par' dir='ltr' id='par_1_63' title="bbox 2036 2061 3623 2134">
     <span class='ocr_line' id='line_1_63' title="bbox 2036 2061 3623 2134; baseline -0.006 -13"><span class='ocrx_word' id='word_1_471' title='bbox 2036 2067 2228 2129; x_wconf 84' lang='grc' dir='ltr'>κάλλος</span> <span class='ocrx_word' id='word_1_472' title='bbox 2266 2065 2326 2118; x_wconf 84' lang='grc' dir='ltr'>τὸ</span> <span class='ocrx_word' id='word_1_473' title='bbox 2363 2065 2504 2118; x_wconf 87' lang='grc' dir='ltr'><strong>κατά</strong></span> <span class='ocrx_word' id='word_1_474' title='bbox 2545 2064 2774 2134; x_wconf 81' lang='grc' dir='ltr'>μίμησιν</span> <span class='ocrx_word' id='word_1_475' title='bbox 2803 2063 2894 2115; x_wconf 91' lang='grc' dir='ltr'><strong>τοῦ</strong></span> <span class='ocrx_word' id='word_1_476' title='bbox 2920 2061 3275 2132; x_wconf 84' lang='grc' dir='ltr'>πρωτοτύπου</span> <span class='ocrx_word' id='word_1_477' title='bbox 3309 2061 3623 2130; x_wconf 83' lang='grc' dir='ltr'>γενόμενον,</span> 
     </span>
    </p>
   </div>
   <div class='ocr_carea' id='block_1_64' title="bbox 2035 2148 3623 2225">
    <p class='ocr_par' dir='ltr' id='par_1_64' title="bbox 2035 2148 3623 2225">
     <span class='ocr_line' id='line_1_64' title="bbox 2035 2148 3623 2225; baseline -0.006 -14"><span class='ocrx_word' id='word_1_478' title='bbox 2035 2152 2144 2211; x_wconf 78' lang='grc' dir='ltr'>οἷόν</span> <span class='ocrx_word' id='word_1_479' title='bbox 2175 2173 2258 2219; x_wconf 82' lang='grc' dir='ltr'><strong>τις</strong></span> <span class='ocrx_word' id='word_1_480' title='bbox 2290 2155 2503 2225; x_wconf 83' lang='grc' dir='ltr'>σίδηρος</span> <span class='ocrx_word' id='word_1_481' title='bbox 2524 2152 2892 2222; x_wconf 85' lang='grc' dir='ltr'>κατεμελάνθη</span> <span class='ocrx_word' id='word_1_482' title='bbox 2921 2151 2997 2222; x_wconf 81' lang='grc' dir='ltr'>τῷ</span> <span class='ocrx_word' id='word_1_483' title='bbox 3021 2152 3117 2221; x_wconf 83' lang='grc' dir='ltr'>τῆς</span> <span class='ocrx_word' id='word_1_484' title='bbox 3143 2150 3339 2213; x_wconf 81' lang='grc' dir='ltr'>κακίας</span> <span class='ocrx_word' id='word_1_485' title='bbox 3372 2148 3435 2218; x_wconf 79' lang='grc' dir='ltr'>ἰῷ</span> <span class='ocrx_word' id='word_1_486' title='bbox 3455 2166 3468 2179; x_wconf 88' lang='grc'><strong>·</strong></span> <span class='ocrx_word' id='word_1_487' title='bbox 3496 2149 3623 2202; x_wconf 77' lang='grc' dir='ltr'>οὐκ·</span> 
     </span>
    </p>
   </div>
   <div class='ocr_carea' id='block_1_65' title="bbox 2036 2238 3622 2318">
    <p class='ocr_par' dir='ltr' id='par_1_65' title="bbox 2036 2238 3622 2318">
     <span class='ocr_line' id='line_1_65' title="bbox 2036 2238 3622 2318; baseline -0.006 -15"><span class='ocrx_word' id='word_1_488' title='bbox 2036 2250 2116 2303; x_wconf 82' lang='grc' dir='ltr'>ἐτι</span> <span class='ocrx_word' id='word_1_489' title='bbox 2163 2246 2458 2318; x_wconf 84' lang='grc' dir='ltr'>τηνικαῦτα</span> <span class='ocrx_word' id='word_1_490' title='bbox 2490 2246 2588 2316; x_wconf 87' lang='grc' dir='ltr'>τῆς</span> <span class='ocrx_word' id='word_1_491' title='bbox 2629 2246 2832 2308; x_wconf 80' lang='grc' dir='ltr'>οἰκείας</span> <span class='ocrx_word' id='word_1_492' title='bbox 2867 2243 3014 2314; x_wconf 80' lang='grc' dir='ltr'>αὐτῷ</span> <span class='ocrx_word' id='word_1_493' title='bbox 3055 2242 3196 2296; x_wconf 84' lang='grc' dir='ltr'><strong>κατά</strong></span> <span class='ocrx_word' id='word_1_494' title='bbox 3224 2238 3384 2312; x_wconf 82' lang='grc' dir='ltr'>φύσιν</span> <span class='ocrx_word' id='word_1_495' title='bbox 3421 2241 3622 2303; x_wconf 81' lang='grc' dir='ltr'>εἰκόνος</span> 
     </span>
    </p>
   </div>
   <div class='ocr_carea' id='block_1_66' title="bbox 2035 2329 3617 2411">
    <p class='ocr_par' dir='ltr' id='par_1_66' title="bbox 2035 2329 3617 2411">
     <span class='ocr_line' id='line_1_66' title="bbox 2035 2329 3617 2411; baseline -0.005 -18"><span class='ocrx_word' id='word_1_496' title='bbox 2035 2340 2134 2411; x_wconf 83' lang='grc' dir='ltr'>τὴν</span> <span class='ocrx_word' id='word_1_497' title='bbox 2159 2338 2318 2408; x_wconf 82' lang='grc' dir='ltr'>χάριν</span> <span class='ocrx_word' id='word_1_498' title='bbox 2346 2336 2621 2403; x_wconf 79' lang='grc' dir='ltr'>διέσωζεν,</span> <span class='ocrx_word' id='word_1_499' title='bbox 2651 2336 2787 2390; x_wconf 86' lang='grc' dir='ltr'><strong>ἀλλά</strong></span> <span class='ocrx_word' id='word_1_500' title='bbox 2833 2336 2967 2407; x_wconf 73' lang='grc' dir='ltr'>πρὸς</span> <span class='ocrx_word' id='word_1_501' title='bbox 2990 2335 3052 2388; x_wconf 81' lang='grc' dir='ltr'>τὸ</span> <span class='ocrx_word' id='word_1_502' title='bbox 3081 2329 3266 2404; x_wconf 80' lang='grc' dir='ltr'>αἶσχος</span> <span class='ocrx_word' id='word_1_503' title='bbox 3294 2334 3390 2402; x_wconf 84' lang='grc' dir='ltr'>τῆς</span> <span class='ocrx_word' id='word_1_504' title='bbox 3435 2334 3617 2403; x_wconf 84' lang='grc' dir='ltr'>ἁμαρ·</span> 
     </span>
    </p>
   </div>
   <div class='ocr_carea' id='block_1_67' title="bbox 2033 2423 3623 2499">
    <p class='ocr_par' dir='ltr' id='par_1_67' title="bbox 2033 2423 3623 2499">
     <span class='ocr_line' id='line_1_67' title="bbox 2033 2423 3623 2499; baseline -0.004 -17"><span class='ocrx_word' id='word_1_505' title='bbox 2033 2430 2156 2492; x_wconf 86' lang='grc' dir='ltr'>τίας</span> <span class='ocrx_word' id='word_1_506' title='bbox 2189 2427 2602 2499; x_wconf 85' lang='grc' dir='ltr'>μετεμορφώθη.</span> <span class='ocrx_word' id='word_1_507' title='bbox 2633 2427 2795 2481; x_wconf 84' lang='grc' dir='ltr'>Ὅθεν</span> <span class='ocrx_word' id='word_1_508' title='bbox 2826 2426 2888 2481; x_wconf 83' lang='grc' dir='ltr'>τὸ</span> <span class='ocrx_word' id='word_1_509' title='bbox 2929 2426 3071 2496; x_wconf 89' lang='grc' dir='ltr'>μέγα</span> <span class='ocrx_word' id='word_1_510' title='bbox 3112 2426 3209 2479; x_wconf 70' lang='grc' dir='ltr'>καὶ</span> <span class='ocrx_word' id='word_1_511' title='bbox 3235 2425 3413 2495; x_wconf 87' lang='grc' dir='ltr'>τίμιον</span> <span class='ocrx_word' id='word_1_512' title='bbox 3444 2423 3623 2488; x_wconf 89' lang='grc' dir='ltr'>τοῦτο,</span> 
     </span>
    </p>
   </div>
   <div class='ocr_carea' id='block_1_68' title="bbox 2034 2506 3629 2590">
    <p class='ocr_par' dir='ltr' id='par_1_68' title="bbox 2034 2506 3629 2590">
     <span class='ocr_line' id='line_1_68' title="bbox 2034 2506 3629 2590; baseline -0.006 -16"><span class='ocrx_word' id='word_1_513' title='bbox 2034 2524 2063 2574; x_wconf 89' lang='grc' dir='ltr'><strong>ό</strong></span> <span class='ocrx_word' id='word_1_514' title='bbox 2091 2519 2394 2590; x_wconf 83' lang='grc' dir='ltr'>ἄνθρωπος,</span> <span class='ocrx_word' id='word_1_515' title='bbox 2418 2519 2492 2580; x_wconf 84' lang='grc' dir='ltr'>ὼς</span> <span class='ocrx_word' id='word_1_516' title='bbox 2525 2517 2631 2571; x_wconf 79' lang='grc' dir='ltr'><strong>ὑπὸ</strong></span> <span class='ocrx_word' id='word_1_517' title='bbox 2658 2517 2756 2589; x_wconf 85' lang='grc' dir='ltr'>τῆς</span> <span class='ocrx_word' id='word_1_518' title='bbox 2789 2517 3011 2588; x_wconf 79' lang='grc' dir='ltr'>Γραφῆς</span> <span class='ocrx_word' id='word_1_519' title='bbox 3037 2513 3353 2586; x_wconf 83' lang='grc' dir='ltr'>ὠνομάσθη,</span> <span class='ocrx_word' id='word_1_520' title='bbox 3379 2506 3629 2567; x_wconf 77' lang='grc' dir='ltr'>ἐκπεσὼν</span> 
     </span>
    </p>
   </div>
   <div class='ocr_carea' id='block_1_69' title="bbox 2034 2601 3625 2680">
    <p class='ocr_par' dir='ltr' id='par_1_69' title="bbox 2034 2601 3625 2680">
     <span class='ocr_line' id='line_1_69' title="bbox 2034 2601 3625 2680; baseline -0.006 -17"><span class='ocrx_word' id='word_1_521' title='bbox 2034 2611 2136 2680; x_wconf 69' lang='grc' dir='ltr'>τῆς</span> <span class='ocrx_word' id='word_1_522' title='bbox 2165 2608 2367 2671; x_wconf 80' lang='grc' dir='ltr'>οἰκείας</span> <span class='ocrx_word' id='word_1_523' title='bbox 2412 2607 2587 2672; x_wconf 78' lang='grc' dir='ltr'>ἀξίας,</span> <span class='ocrx_word' id='word_1_524' title='bbox 2620 2601 2731 2659; x_wconf 75' lang='grc' dir='ltr'>οἷον</span> <span class='ocrx_word' id='word_1_525' title='bbox 2771 2607 3067 2675; x_wconf 85' lang='grc' dir='ltr'>πάσχουσιν</span> <span class='ocrx_word' id='word_1_526' title='bbox 3098 2606 3145 2657; x_wconf 86' lang='grc' dir='ltr'>οἱ</span> <span class='ocrx_word' id='word_1_527' title='bbox 3175 2602 3235 2668; x_wconf 77' lang='grc' dir='ltr'>ἐξ</span> <span class='ocrx_word' id='word_1_528' title='bbox 3263 2603 3625 2673; x_wconf 79' lang='grc' dir='ltr'>ὀλισθήματος</span> 
     </span>
    </p>
   </div>
   <div class='ocr_carea' id='block_1_70' title="bbox 2036 2693 3626 2771">
    <p class='ocr_par' dir='ltr' id='par_1_70' title="bbox 2036 2693 3626 2771">
     <span class='ocr_line' id='line_1_70' title="bbox 2036 2693 3626 2771; baseline -0.005 -16"><span class='ocrx_word' id='word_1_529' title='bbox 2036 2699 2514 2770; x_wconf 83' lang='grc' dir='ltr'>ὲγκατενεχθέντες</span> <span class='ocrx_word' id='word_1_530' title='bbox 2555 2698 2820 2771; x_wconf 77' lang='grc' dir='ltr'>βορϐόρῳ,</span> <span class='ocrx_word' id='word_1_531' title='bbox 2853 2697 2947 2751; x_wconf 76' lang='grc' dir='ltr'>καὶ</span> <span class='ocrx_word' id='word_1_532' title='bbox 2976 2696 3053 2767; x_wconf 84' lang='grc' dir='ltr'>τῷ</span> <span class='ocrx_word' id='word_1_533' title='bbox 3083 2694 3238 2766; x_wconf 83' lang='grc' dir='ltr'>πηλῷ</span> <span class='ocrx_word' id='word_1_534' title='bbox 3275 2695 3372 2765; x_wconf 77' lang='grc' dir='ltr'>τὴν</span> <span class='ocrx_word' id='word_1_535' title='bbox 3413 2693 3626 2764; x_wconf 82' lang='grc' dir='ltr'>μορφὴν</span> 
     </span>
    </p>
   </div>
   <div class='ocr_carea' id='block_1_71' title="bbox 2036 2787 3620 2860">
    <p class='ocr_par' dir='ltr' id='par_1_71' title="bbox 2036 2787 3620 2860">
     <span class='ocr_line' id='line_1_71' title="bbox 2036 2787 3620 2860; baseline -0.007 -15"><span class='ocrx_word' id='word_1_536' title='bbox 2036 2793 2243 2846; x_wconf 81' lang='grc' dir='ltr'>ἑαυτῶν</span> <span class='ocrx_word' id='word_1_537' title='bbox 2267 2791 2661 2860; x_wconf 76' lang='grc' dir='ltr'>ἐξαλείψαντες,</span> <span class='ocrx_word' id='word_1_538' title='bbox 2687 2789 3075 2856; x_wconf 87' lang='grc' dir='ltr'>ἀνεπίγνωστοι</span> <span class='ocrx_word' id='word_1_539' title='bbox 3104 2789 3199 2843; x_wconf 73' lang='grc' dir='ltr'>καὶ</span> <span class='ocrx_word' id='word_1_540' title='bbox 3223 2790 3336 2851; x_wconf 79' lang='grc' dir='ltr'>τοῖς</span> <span class='ocrx_word' id='word_1_541' title='bbox 3365 2787 3620 2857; x_wconf 72' lang='grc' dir='ltr'>συνήθεσι</span> 
     </span>
    </p>
   </div>
   <div class='ocr_carea' id='block_1_72' title="bbox 2037 2876 3631 2951">
    <p class='ocr_par' dir='ltr' id='par_1_72' title="bbox 2037 2876 3631 2951">
     <span class='ocr_line' id='line_1_72' title="bbox 2037 2876 3631 2951; baseline -0.005 -14"><span class='ocrx_word' id='word_1_542' title='bbox 2037 2884 2273 2951; x_wconf 86' lang='grc' dir='ltr'>γίνονται</span> <span class='ocrx_word' id='word_1_543' title='bbox 2291 2898 2304 2911; x_wconf 89' lang='grc'><strong>·</strong></span> <span class='ocrx_word' id='word_1_544' title='bbox 2338 2881 2510 2945; x_wconf 75' lang='grc' dir='ltr'>οὕτως</span> <span class='ocrx_word' id='word_1_545' title='bbox 2546 2883 2795 2944; x_wconf 88' lang='grc' dir='ltr'>κάκεῖνος</span> <span class='ocrx_word' id='word_1_546' title='bbox 2841 2878 3098 2951; x_wconf 73' lang='grc' dir='ltr'>ἐμπεσὼν</span> <span class='ocrx_word' id='word_1_547' title='bbox 3126 2877 3204 2949; x_wconf 84' lang='grc' dir='ltr'>τῷ</span> <span class='ocrx_word' id='word_1_548' title='bbox 3246 2876 3488 2948; x_wconf 80' lang='grc' dir='ltr'>βορϐόρῳ</span> <span class='ocrx_word' id='word_1_549' title='bbox 3527 2876 3631 2946; x_wconf 81' lang='grc' dir='ltr'>τῆς</span> 
     </span>
    </p>
   </div>
   <div class='ocr_carea' id='block_1_73' title="bbox 2037 2966 3633 3045">
    <p class='ocr_par' dir='ltr' id='par_1_73' title="bbox 2037 2966 3633 3045">
     <span class='ocr_line' id='line_1_73' title="bbox 2037 2966 3633 3045; baseline -0.004 -18"><span class='ocrx_word' id='word_1_550' title='bbox 2037 2974 2330 3045; x_wconf 87' lang='grc' dir='ltr'>ἁμαρτίας,</span> <span class='ocrx_word' id='word_1_551' title='bbox 2381 2972 2628 3026; x_wconf 83' lang='grc' dir='ltr'>ἀπώλεσε</span> <span class='ocrx_word' id='word_1_552' title='bbox 2677 2971 2773 3042; x_wconf 84' lang='grc' dir='ltr'>μὲν</span> <span class='ocrx_word' id='word_1_553' title='bbox 2818 2970 2879 3024; x_wconf 78' lang='grc' dir='ltr'>τὸ</span> <span class='ocrx_word' id='word_1_554' title='bbox 2922 2969 3084 3023; x_wconf 86' lang='grc' dir='ltr'>εἰκὼν</span> <span class='ocrx_word' id='word_1_555' title='bbox 3110 2967 3248 3023; x_wconf 77' lang='grc' dir='ltr'>εἶναι</span> <span class='ocrx_word' id='word_1_556' title='bbox 3294 2968 3386 3022; x_wconf 88' lang='grc' dir='ltr'><strong>τοῦ</strong></span> <span class='ocrx_word' id='word_1_557' title='bbox 3418 2966 3633 3038; x_wconf 83' lang='grc' dir='ltr'>ἀφθάρ-</span> 
     </span>
    </p>
   </div>
   <div class='ocr_carea' id='block_1_74' title="bbox 2036 3057 3632 3136">
    <p class='ocr_par' dir='ltr' id='par_1_74' title="bbox 2036 3057 3632 3136">
     <span class='ocr_line' id='line_1_74' title="bbox 2036 3057 3632 3136; baseline -0.005 -16"><span class='ocrx_word' id='word_1_558' title='bbox 2036 3084 2128 3120; x_wconf 83' lang='grc' dir='ltr'><strong>του</strong></span> <span class='ocrx_word' id='word_1_559' title='bbox 2159 3065 2323 3130; x_wconf 92' lang='grc' dir='ltr'>Θεοῦ,</span> <span class='ocrx_word' id='word_1_560' title='bbox 2366 3065 2465 3136; x_wconf 85' lang='grc' dir='ltr'>τὴν</span> <span class='ocrx_word' id='word_1_561' title='bbox 2510 3064 2567 3118; x_wconf 84' lang='grc' dir='ltr'>δὲ</span> <span class='ocrx_word' id='word_1_562' title='bbox 2616 3060 2860 3134; x_wconf 82' lang='grc' dir='ltr'>φθαρτὴν</span> <span class='ocrx_word' id='word_1_563' title='bbox 2915 3063 3009 3116; x_wconf 77' lang='grc' dir='ltr'>καὶ</span> <span class='ocrx_word' id='word_1_564' title='bbox 3039 3061 3267 3132; x_wconf 89' lang='grc' dir='ltr'>πηλίνην</span> <span class='ocrx_word' id='word_1_565' title='bbox 3314 3060 3499 3114; x_wconf 83' lang='grc' dir='ltr'>εἰκόνα</span> <span class='ocrx_word' id='word_1_566' title='bbox 3540 3057 3632 3112; x_wconf 74' lang='grc' dir='ltr'>διὰ</span> 
     </span>
    </p>
   </div>
   <div class='ocr_carea' id='block_1_75' title="bbox 2038 3150 3632 3228">
    <p class='ocr_par' dir='ltr' id='par_1_75' title="bbox 2038 3150 3632 3228">
     <span class='ocr_line' id='line_1_75' title="bbox 2038 3150 3632 3228; baseline -0.006 -16"><span class='ocrx_word' id='word_1_567' title='bbox 2038 3160 2135 3226; x_wconf 80' lang='grc' dir='ltr'>τῆς</span> <span class='ocrx_word' id='word_1_568' title='bbox 2161 3158 2434 3228; x_wconf 77' lang='grc' dir='ltr'>ἁμαρτίας</span> <span class='ocrx_word' id='word_1_569' title='bbox 2468 3154 2913 3227; x_wconf 77' lang='grc' dir='ltr'>μετημφιάσατο’</span> <span class='ocrx_word' id='word_1_570' title='bbox 2948 3155 3013 3224; x_wconf 83' lang='grc' dir='ltr'>ἢν</span> <span class='ocrx_word' id='word_1_571' title='bbox 3052 3152 3351 3207; x_wconf 76' lang='grc' dir='ltr'>ἀποθέσθαι</span> <span class='ocrx_word' id='word_1_572' title='bbox 3388 3150 3632 3222; x_wconf 75' lang='grc' dir='ltr'>συμϐουο</span> 
     </span>
    </p>
   </div>
   <div class='ocr_carea' id='block_1_76' title="bbox 2037 3241 3633 3317">
    <p class='ocr_par' dir='ltr' id='par_1_76' title="bbox 2037 3241 3633 3317">
     <span class='ocr_line' id='line_1_76' title="bbox 2037 3241 3633 3317; baseline -0.006 -14"><span class='ocrx_word' id='word_1_573' title='bbox 2037 3250 2182 3303; x_wconf 81' lang='grc' dir='ltr'>λεύει</span> <span class='ocrx_word' id='word_1_574' title='bbox 2213 3251 2241 3302; x_wconf 89' lang='grc' dir='ltr'>ὁ</span> <span class='ocrx_word' id='word_1_575' title='bbox 2273 3250 2447 3316; x_wconf 78' lang='grc' dir='ltr'>λόγος,</span> <span class='ocrx_word' id='word_1_576' title='bbox 2486 3244 2597 3302; x_wconf 77' lang='grc' dir='ltr'>οἷόν</span> <span class='ocrx_word' id='word_1_577' title='bbox 2630 3265 2732 3301; x_wconf 91' lang='grc' dir='ltr'>τινι</span> <span class='ocrx_word' id='word_1_578' title='bbox 2777 3246 2926 3299; x_wconf 73' lang='grc' dir='ltr'>ὕδατι</span> <span class='ocrx_word' id='word_1_579' title='bbox 2967 3244 3046 3316; x_wconf 81' lang='grc' dir='ltr'>τῷ</span> <span class='ocrx_word' id='word_1_580' title='bbox 3091 3244 3314 3317; x_wconf 87' lang='grc' dir='ltr'>καθαρῷ</span> <span class='ocrx_word' id='word_1_581' title='bbox 3347 3244 3446 3313; x_wconf 82' lang='grc' dir='ltr'><strong>τῆς</strong></span> <span class='ocrx_word' id='word_1_582' title='bbox 3478 3241 3633 3295; x_wconf 83' lang='grc' dir='ltr'>πολι-</span> 
     </span>
    </p>
   </div>
   <div class='ocr_carea' id='block_1_77' title="bbox 2038 3330 3629 3410">
    <p class='ocr_par' dir='ltr' id='par_1_77' title="bbox 2038 3330 3629 3410">
     <span class='ocr_line' id='line_1_77' title="bbox 2038 3330 3629 3410; baseline -0.004 -17"><span class='ocrx_word' id='word_1_583' title='bbox 2038 3342 2187 3405; x_wconf 80' lang='grc' dir='ltr'>τείας</span> <span class='ocrx_word' id='word_1_584' title='bbox 2245 3339 2725 3410; x_wconf 82' lang='grc' dir='ltr'>ἀποκλυσάμενον·</span> <span class='ocrx_word' id='word_1_585' title='bbox 2783 3339 2858 3402; x_wconf 87' lang='grc' dir='ltr'>ὼς</span> <span class='ocrx_word' id='word_1_586' title='bbox 2914 3338 2980 3392; x_wconf 87' lang='grc' dir='ltr'>ἂν</span> <span class='ocrx_word' id='word_1_587' title='bbox 3035 3335 3474 3410; x_wconf 78' lang='grc' dir='ltr'>περιαιρεθέντος</span> <span class='ocrx_word' id='word_1_588' title='bbox 3529 3330 3629 3387; x_wconf 86' lang='grc' dir='ltr'><strong>τοῦ</strong></span> 
     </span>
    </p>
   </div>
   <div class='ocr_carea' id='block_1_78' title="bbox 2038 3423 3635 3503">
    <p class='ocr_par' dir='ltr' id='par_1_78' title="bbox 2038 3423 3635 3503">
     <span class='ocr_line' id='line_1_78' title="bbox 2038 3423 3635 3503; baseline -0.003 -18"><span class='ocrx_word' id='word_1_589' title='bbox 2038 3433 2226 3503; x_wconf 80' lang='grc' dir='ltr'>γηῖνου</span> <span class='ocrx_word' id='word_1_590' title='bbox 2281 3428 2653 3501; x_wconf 86' lang='grc' dir='ltr'>καλύμματος,</span> <span class='ocrx_word' id='word_1_591' title='bbox 2703 3430 2863 3485; x_wconf 83' lang='grc' dir='ltr'>πάλιν</span> <span class='ocrx_word' id='word_1_592' title='bbox 2898 3433 2996 3502; x_wconf 79' lang='grc' dir='ltr'>τῆς</span> <span class='ocrx_word' id='word_1_593' title='bbox 3037 3429 3216 3501; x_wconf 80' lang='grc' dir='ltr'>ψυχῆς</span> <span class='ocrx_word' id='word_1_594' title='bbox 3255 3426 3540 3498; x_wconf 81' lang='grc' dir='ltr'>φανερωθῇ</span> <span class='ocrx_word' id='word_1_595' title='bbox 3570 3423 3635 3480; x_wconf 72' lang='grc' dir='ltr'>τὸ</span> 
     </span>
    </p>
   </div>
   <div class='ocr_carea' id='block_1_79' title="bbox 2040 3515 3635 3593">
    <p class='ocr_par' dir='ltr' id='par_1_79' title="bbox 2040 3515 3635 3593">
     <span class='ocr_line' id='line_1_79' title="bbox 2040 3515 3635 3593; baseline -0.006 -15"><span class='ocrx_word' id='word_1_596' title='bbox 2040 3523 2253 3586; x_wconf 79' lang='grc' dir='ltr'>κάλλος.</span> <span class='ocrx_word' id='word_1_597' title='bbox 2301 3522 2584 3584; x_wconf 81' lang='grc' dir='ltr'>Ἀπὸθεσις</span> <span class='ocrx_word' id='word_1_598' title='bbox 2633 3522 2691 3577; x_wconf 80' lang='grc' dir='ltr'>δὲ</span> <span class='ocrx_word' id='word_1_599' title='bbox 2738 3521 2831 3576; x_wconf 87' lang='grc' dir='ltr'><strong>τοῦ</strong></span> <span class='ocrx_word' id='word_1_600' title='bbox 2874 3521 3152 3593; x_wconf 83' lang='grc' dir='ltr'>ἀλλοτρίου</span> <span class='ocrx_word' id='word_1_601' title='bbox 3196 3521 3343 3573; x_wconf 72' lang='grc' dir='ltr'>ἐστὶν</span> <span class='ocrx_word' id='word_1_602' title='bbox 3378 3520 3411 3589; x_wconf 82' lang='grc' dir='ltr'>ἡ</span> <span class='ocrx_word' id='word_1_603' title='bbox 3449 3519 3528 3581; x_wconf 90' lang='grc' dir='ltr'><strong>είς</strong></span> <span class='ocrx_word' id='word_1_604' title='bbox 3570 3515 3635 3570; x_wconf 80' lang='grc' dir='ltr'>τὸ</span> 
     </span>
    </p>
   </div>
   <div class='ocr_carea' id='block_1_80' title="bbox 2044 3605 3635 3691">
    <p class='ocr_par' dir='ltr' id='par_1_80' title="bbox 2044 3605 3635 3691">
     <span class='ocr_line' id='line_1_80' title="bbox 2044 3605 3635 3691; baseline -0.008 -18"><span class='ocrx_word' id='word_1_605' title='bbox 2044 3623 2239 3675; x_wconf 86' lang='grc' dir='ltr'>οἰκεῖον</span> <span class='ocrx_word' id='word_1_606' title='bbox 2285 3621 2464 3691; x_wconf 80' lang='grc' dir='ltr'>ἐαυτῷ</span> <span class='ocrx_word' id='word_1_607' title='bbox 2511 3620 2604 3673; x_wconf 75' lang='grc' dir='ltr'><strong>καὶ</strong></span> <span class='ocrx_word' id='word_1_608' title='bbox 2654 3618 2795 3672; x_wconf 80' lang='grc' dir='ltr'>κατὰ</span> <span class='ocrx_word' id='word_1_609' title='bbox 2840 3617 3000 3687; x_wconf 85' lang='grc' dir='ltr'>φύσιν</span> <span class='ocrx_word' id='word_1_610' title='bbox 3034 3613 3325 3677; x_wconf 75' lang='grc' dir='ltr'>ἐπάνοδος·</span> <span class='ocrx_word' id='word_1_611' title='bbox 3355 3605 3416 3664; x_wconf 76' lang='grc' dir='ltr'><strong>οῦ</strong></span> <span class='ocrx_word' id='word_1_612' title='bbox 3448 3609 3635 3678; x_wconf 84' lang='grc' dir='ltr'>τυχεῖν</span> 
     </span>
    </p>
   </div>
   <div class='ocr_carea' id='block_1_81' title="bbox 2046 3700 3635 3784">
    <p class='ocr_par' dir='ltr' id='par_1_81' title="bbox 2046 3700 3635 3784">
     <span class='ocr_line' id='line_1_81' title="bbox 2046 3700 3635 3784; baseline -0.011 -14"><span class='ocrx_word' id='word_1_613' title='bbox 2046 3714 2218 3780; x_wconf 79' lang='grc' dir='ltr'>ἄλλως</span> <span class='ocrx_word' id='word_1_614' title='bbox 2248 3716 2348 3768; x_wconf 83' lang='grc' dir='ltr'>οὐκ</span> <span class='ocrx_word' id='word_1_615' title='bbox 2380 3714 2514 3775; x_wconf 75' lang='grc' dir='ltr'>ἔστι,</span> <span class='ocrx_word' id='word_1_616' title='bbox 2554 3713 2627 3784; x_wconf 85' lang='grc' dir='ltr'>μὴ</span> <span class='ocrx_word' id='word_1_617' title='bbox 2668 3706 2778 3773; x_wconf 73' lang='grc' dir='ltr'>οἷος</span> <span class='ocrx_word' id='word_1_618' title='bbox 2819 3711 2876 3777; x_wconf 80' lang='grc' dir='ltr'>ἐξ</span> <span class='ocrx_word' id='word_1_619' title='bbox 2908 3710 3082 3782; x_wconf 81' lang='grc' dir='ltr'>ἀρχῆς</span> <span class='ocrx_word' id='word_1_620' title='bbox 3116 3705 3359 3774; x_wconf 74' lang='grc' dir='ltr'>ἐκτίσθη.</span> <span class='ocrx_word' id='word_1_621' title='bbox 3388 3700 3635 3755; x_wconf 85' lang='grc' dir='ltr'>τοιοῦτον</span> 
     </span>
    </p>
   </div>
   <div class='ocr_carea' id='block_1_82' title="bbox 2048 3789 3640 3875">
    <p class='ocr_par' dir='ltr' id='par_1_82' title="bbox 2048 3789 3640 3875">
     <span class='ocr_line' id='line_1_82' title="bbox 2048 3789 3640 3875; baseline -0.01 -18"><span class='ocrx_word' id='word_1_622' title='bbox 2048 3805 2208 3858; x_wconf 86' lang='grc' dir='ltr'>πάλιν</span> <span class='ocrx_word' id='word_1_623' title='bbox 2245 3806 2552 3875; x_wconf 88' lang='grc' dir='ltr'>γενόμενον.</span> <span class='ocrx_word' id='word_1_624' title='bbox 2584 3803 2657 3856; x_wconf 82' lang='grc' dir='ltr'><strong>Οὐ</strong></span> <span class='ocrx_word' id='word_1_625' title='bbox 2685 3801 2793 3874; x_wconf 84' lang='grc' dir='ltr'><strong>γὰρ</strong></span> <span class='ocrx_word' id='word_1_626' title='bbox 2821 3801 3084 3871; x_wconf 86' lang='grc' dir='ltr'>ἡμέτερον</span> <span class='ocrx_word' id='word_1_627' title='bbox 3112 3797 3293 3869; x_wconf 77' lang='grc' dir='ltr'>ἔργον,</span> <span class='ocrx_word' id='word_1_628' title='bbox 3327 3792 3447 3846; x_wconf 77' lang='grc' dir='ltr'>οὐδὲ</span> <span class='ocrx_word' id='word_1_629' title='bbox 3478 3789 3640 3843; x_wconf 80' lang='grc' dir='ltr'>δυνά-</span> 
     </span>
    </p>
   </div>
   <div class='ocr_carea' id='block_1_83' title="bbox 2054 3880 3636 3968">
    <p class='ocr_par' dir='ltr' id='par_1_83' title="bbox 2054 3880 3636 3968">
     <span class='ocr_line' id='line_1_83' title="bbox 2054 3880 3636 3968; baseline -0.014 -17"><span class='ocrx_word' id='word_1_630' title='bbox 2054 3915 2196 3967; x_wconf 84' lang='grc' dir='ltr'>μεως</span> <span class='ocrx_word' id='word_1_631' title='bbox 2224 3896 2566 3968; x_wconf 85' lang='grc' dir='ltr'>ἀνθρωπίνης</span> <span class='ocrx_word' id='word_1_632' title='bbox 2601 3893 2716 3947; x_wconf 80' lang='grc' dir='ltr'>ἐστί</span> <span class='ocrx_word' id='word_1_633' title='bbox 2755 3891 3081 3961; x_wconf 85' lang='grc' dir='ltr'>κατόρθωμα</span> <span class='ocrx_word' id='word_1_634' title='bbox 3129 3889 3162 3958; x_wconf 83' lang='grc' dir='ltr'>ἠ</span> <span class='ocrx_word' id='word_1_635' title='bbox 3207 3885 3343 3957; x_wconf 78' lang='grc' dir='ltr'>πρὸς</span> <span class='ocrx_word' id='word_1_636' title='bbox 3380 3881 3443 3934; x_wconf 85' lang='grc' dir='ltr'>τὸ</span> <span class='ocrx_word' id='word_1_637' title='bbox 3480 3880 3636 3932; x_wconf 85' lang='grc' dir='ltr'><strong>Θείον</strong></span> 
     </span>
    </p>
   </div>
   <div class='ocr_carea' id='block_1_84' title="bbox 2048 3969 3636 4060">
    <p class='ocr_par' dir='ltr' id='par_1_84' title="bbox 2048 3969 3636 4060">
     <span class='ocr_line' id='line_1_84' title="bbox 2048 3969 3636 4060; baseline -0.013 -17"><span class='ocrx_word' id='word_1_638' title='bbox 2048 3990 2337 4060; x_wconf 81' lang='grc' dir='ltr'>ὁμοίωσις·</span> <span class='ocrx_word' id='word_1_639' title='bbox 2383 3988 2516 4041; x_wconf 88' lang='grc' dir='ltr'>ἀλλά</span> <span class='ocrx_word' id='word_1_640' title='bbox 2556 3984 2711 4039; x_wconf 87' lang='grc' dir='ltr'>τοῦτο</span> <span class='ocrx_word' id='word_1_641' title='bbox 2751 3985 2846 4055; x_wconf 88' lang='grc' dir='ltr'>μὲν</span> <span class='ocrx_word' id='word_1_642' title='bbox 2882 3984 2980 4052; x_wconf 79' lang='grc' dir='ltr'>τῆς</span> <span class='ocrx_word' id='word_1_643' title='bbox 3026 3979 3118 4033; x_wconf 89' lang='grc' dir='ltr'><strong>τοῦ</strong></span> <span class='ocrx_word' id='word_1_644' title='bbox 3158 3976 3291 4031; x_wconf 87' lang='grc' dir='ltr'>Θεοῦ</span> <span class='ocrx_word' id='word_1_645' title='bbox 3326 3969 3636 4045; x_wconf 83' lang='grc' dir='ltr'>μεγαλοδω-</span> 
     </span>
    </p>
   </div>
   <div class='ocr_carea' id='block_1_85' title="bbox 2057 4060 3638 4152">
    <p class='ocr_par' dir='ltr' id='par_1_85' title="bbox 2057 4060 3638 4152">
     <span class='ocr_line' id='line_1_85' title="bbox 2057 4060 3638 4152; baseline -0.012 -18"><span class='ocrx_word' id='word_1_646' title='bbox 2057 4085 2183 4152; x_wconf 71' lang='lat' dir='ltr'><strong>psi;</strong></span> <span class='ocrx_word' id='word_1_647' title='bbox 2208 4082 2371 4144; x_wconf 77' lang='grc' dir='ltr'>ἐστιν,</span> <span class='ocrx_word' id='word_1_648' title='bbox 2398 4078 2558 4142; x_wconf 77' lang='grc' dir='ltr'>εὐθὺς</span> <span class='ocrx_word' id='word_1_649' title='bbox 2602 4078 2720 4147; x_wconf 78' lang='grc' dir='ltr'>ἅμα</span> <span class='ocrx_word' id='word_1_650' title='bbox 2757 4078 2825 4146; x_wconf 86' lang='grc' dir='ltr'>τῇ</span> <span class='ocrx_word' id='word_1_651' title='bbox 2868 4072 3058 4145; x_wconf 81' lang='grc' dir='ltr'>πρώτῃ</span> <span class='ocrx_word' id='word_1_652' title='bbox 3087 4070 3294 4140; x_wconf 83' lang='grc' dir='ltr'>γενέσει</span> <span class='ocrx_word' id='word_1_653' title='bbox 3334 4060 3638 4137; x_wconf 72' lang='grc' dir='ltr'>χαρισαμέο</span> 
     </span>
    </p>
   </div>
   <div class='ocr_carea' id='block_1_86' title="bbox 2055 4163 3254 4243">
    <p class='ocr_par' dir='ltr' id='par_1_86' title="bbox 2055 4163 3254 4243">
     <span class='ocr_line' id='line_1_86' title="bbox 2055 4163 3254 4243; baseline -0.011 -17"><span class='ocrx_word' id='word_1_654' title='bbox 2055 4191 2147 4226; x_wconf 88' lang='grc' dir='ltr'><strong>νου</strong></span> <span class='ocrx_word' id='word_1_655' title='bbox 2177 4175 2245 4243; x_wconf 77' lang='grc' dir='ltr'><strong>τῇ</strong></span> <span class='ocrx_word' id='word_1_656' title='bbox 2276 4171 2432 4240; x_wconf 82' lang='grc' dir='ltr'>φύσει</span> <span class='ocrx_word' id='word_1_657' title='bbox 2456 4171 2553 4239; x_wconf 83' lang='grc' dir='ltr'>τὴν</span> <span class='ocrx_word' id='word_1_658' title='bbox 2588 4167 2724 4239; x_wconf 82' lang='grc' dir='ltr'>πρὸς</span> <span class='ocrx_word' id='word_1_659' title='bbox 2762 4167 2919 4219; x_wconf 77' lang='grc' dir='ltr'>αὐτὸν</span> <span class='ocrx_word' id='word_1_660' title='bbox 2946 4163 3254 4234; x_wconf 82' lang='grc' dir='ltr'>ὁμοιότητα.</span> 
     </span>
    </p>
   </div>
   <div class='ocr_carea' id='block_1_87' title="bbox 367 4247 3637 4336">
    <p class='ocr_par' dir='ltr' id='par_1_87' title="bbox 367 4247 3637 4336">
     <span class='ocr_line' id='line_1_87' title="bbox 367 4247 3637 4336; baseline -0.003 -25"><span class='ocrx_word' id='word_1_661' title='bbox 367 4255 465 4311; x_wconf 84' lang='lat' dir='ltr'><strong>sed</strong></span> <span class='ocrx_word' id='word_1_662' title='bbox 507 4256 611 4312; x_wconf 85' lang='lat' dir='ltr'><strong>hoc</strong></span> <span class='ocrx_word' id='word_1_663' title='bbox 658 4273 793 4314; x_wconf 86' lang='lat' dir='ltr'><strong>sane</strong></span> <span class='ocrx_word' id='word_1_664' title='bbox 830 4262 1106 4332; x_wconf 75' lang='lat' dir='ltr'><strong>contingit</strong></span> <span class='ocrx_word' id='word_1_665' title='bbox 1143 4262 1382 4319; x_wconf 78' lang='lat' dir='ltr'><strong>maximo</strong></span> <span class='ocrx_word' id='word_1_666' title='bbox 1415 4279 1642 4321; x_wconf 87' lang='lat' dir='ltr'><strong>munere</strong></span> <span class='ocrx_word' id='word_1_667' title='bbox 1691 4263 1809 4330; x_wconf 86' lang='lat' dir='ltr'><strong>Dei,</strong></span> <span class='ocrx_word' id='word_1_668' title='bbox 1852 4264 1946 4335; x_wconf 91' lang='lat' dir='ltr'><strong>qui</strong></span> <span class='ocrx_word' id='word_1_669' title='bbox 1985 4278 2012 4318; x_wconf 88' lang='lat' dir='ltr'><strong>a</strong></span> <span class='ocrx_word' id='word_1_670' title='bbox 2066 4267 2243 4336; x_wconf 87' lang='lat' dir='ltr'><strong>primo</strong></span> <span class='ocrx_word' id='word_1_671' title='bbox 2292 4264 2472 4318; x_wconf 81' lang='lat' dir='ltr'><strong>statim</strong></span> <span class='ocrx_word' id='word_1_672' title='bbox 2531 4270 2653 4314; x_wconf 69' lang='lat' dir='ltr'><strong>ortu</strong></span> <span class='ocrx_word' id='word_1_673' title='bbox 2703 4259 2861 4313; x_wconf 82' lang='lat' dir='ltr'><strong>nubis</strong></span> <span class='ocrx_word' id='word_1_674' title='bbox 2919 4258 3002 4310; x_wconf 90' lang='lat' dir='ltr'><strong>sui</strong></span> <span class='ocrx_word' id='word_1_675' title='bbox 3061 4262 3145 4309; x_wconf 87' lang='lat' dir='ltr'><strong>est</strong></span> <span class='ocrx_word' id='word_1_676' title='bbox 3218 4247 3637 4306; x_wconf 83' lang='lat' dir='ltr'><strong>similitudinem</strong></span> 
     </span>
    </p>
   </div>
   <div class='ocr_carea' id='block_1_88' title="bbox 368 4350 621 4422">
    <p class='ocr_par' dir='ltr' id='par_1_88' title="bbox 368 4350 621 4422">
     <span class='ocr_line' id='line_1_88' title="bbox 368 4350 621 4422; baseline 0.004 -18"><span class='ocrx_word' id='word_1_677' title='bbox 368 4350 621 4422; x_wconf 77' lang='lat' dir='ltr'><strong>largitus.</strong></span> 
     </span>
    </p>
   </div>
   <div class='ocr_carea' id='block_1_89' title="bbox 437 4431 1939 4521">
    <p class='ocr_par' dir='ltr' id='par_1_89' title="bbox 437 4445 1939 4521">
     <span class='ocr_line' id='line_1_89' title="bbox 437 4445 1939 4521; baseline 0.005 -23"><span class='ocrx_word' id='word_1_678' title='bbox 437 4446 509 4498; x_wconf 79' lang='lat' dir='ltr'><strong>At</strong></span> <span class='ocrx_word' id='word_1_679' title='bbox 532 4445 813 4501; x_wconf 88' lang='lat' dir='ltr'><strong>hominum</strong></span> <span class='ocrx_word' id='word_1_680' title='bbox 841 4447 1009 4502; x_wconf 90' lang='lat' dir='ltr'><strong>studii</strong></span> <span class='ocrx_word' id='word_1_681' title='bbox 1030 4455 1239 4502; x_wconf 85' lang='lat' dir='ltr'><strong>tantum</strong></span> <span class='ocrx_word' id='word_1_682' title='bbox 1265 4449 1395 4505; x_wconf 90' lang='lat' dir='ltr'><strong>illud</strong></span> <span class='ocrx_word' id='word_1_683' title='bbox 1429 4466 1562 4507; x_wconf 89' lang='lat' dir='ltr'><strong>sane</strong></span> <span class='ocrx_word' id='word_1_684' title='bbox 1588 4458 1692 4516; x_wconf 88' lang='lat' dir='ltr'><strong>est,</strong></span> <span class='ocrx_word' id='word_1_685' title='bbox 1725 4461 1783 4505; x_wconf 90' lang='lat' dir='ltr'><strong>ut</strong></span> <span class='ocrx_word' id='word_1_686' title='bbox 1809 4465 1939 4521; x_wconf 84' lang='lat' dir='ltr'><strong>quas</strong></span> 
     </span>
    </p>
   </div>
   <div class='ocr_carea' id='block_1_90' title="bbox 2042 4431 3639 4521">
    <p class='ocr_par' dir='ltr' id='par_1_90' title="bbox 2122 4431 3639 4515">
     <span class='ocr_line' id='line_1_90' title="bbox 2122 4431 3639 4515; baseline -0.009 -15"><span class='ocrx_word' id='word_1_687' title='bbox 2122 4445 2235 4515; x_wconf 89' lang='grc' dir='ltr'>Τῆς</span> <span class='ocrx_word' id='word_1_688' title='bbox 2258 4444 2315 4497; x_wconf 81' lang='grc' dir='ltr'>δὲ</span> <span class='ocrx_word' id='word_1_689' title='bbox 2342 4440 2687 4513; x_wconf 82' lang='grc' dir='ltr'>ἀνθρωπίνης</span> <span class='ocrx_word' id='word_1_690' title='bbox 2721 4436 2955 4506; x_wconf 78' lang='grc' dir='ltr'>σπουδῆς</span> <span class='ocrx_word' id='word_1_691' title='bbox 2986 4432 3236 4488; x_wconf 84' lang='grc' dir='ltr'>τοσοῦτον</span> <span class='ocrx_word' id='word_1_692' title='bbox 3274 4432 3340 4485; x_wconf 80' lang='grc' dir='ltr'>ἂν</span> <span class='ocrx_word' id='word_1_693' title='bbox 3373 4431 3479 4503; x_wconf 71' lang='grc' dir='ltr'>εἴη,</span> <span class='ocrx_word' id='word_1_694' title='bbox 3509 4433 3639 4487; x_wconf 84' lang='grc' dir='ltr'>ὅσον</span> 
     </span>
    </p>
   </div>
   <div class='ocr_carea' id='block_1_91' title="bbox 368 4534 1948 4610">
    <p class='ocr_par' dir='ltr' id='par_1_91' title="bbox 368 4534 1948 4610">
     <span class='ocr_line' id='line_1_91' title="bbox 368 4534 1948 4610; baseline 0.003 -20"><span class='ocrx_word' id='word_1_695' title='bbox 368 4534 476 4591; x_wconf 87' lang='lat' dir='ltr'><strong>sibi</strong></span> <span class='ocrx_word' id='word_1_696' title='bbox 550 4536 742 4593; x_wconf 85' lang='lat' dir='ltr'><strong>sordes</strong></span> <span class='ocrx_word' id='word_1_697' title='bbox 778 4546 965 4607; x_wconf 86' lang='lat' dir='ltr'><strong>postea</strong></span> <span class='ocrx_word' id='word_1_698' title='bbox 1001 4554 1066 4595; x_wconf 81' lang='lat' dir='ltr'><strong>ex</strong></span> <span class='ocrx_word' id='word_1_699' title='bbox 1102 4548 1329 4610; x_wconf 83' lang='lat' dir='ltr'><strong>peccato</strong></span> <span class='ocrx_word' id='word_1_700' title='bbox 1374 4541 1477 4610; x_wconf 92' lang='lat' dir='ltr'><strong>ipsi</strong></span> <span class='ocrx_word' id='word_1_701' title='bbox 1531 4552 1948 4606; x_wconf 78' lang='lat' dir='ltr'><strong>contraxerant,</strong></span> 
     </span>
    </p>
   </div>
   <div class='ocr_carea' id='block_1_92' title="bbox 367 4627 1949 4701">
    <p class='ocr_par' dir='ltr' id='par_1_92' title="bbox 367 4627 1949 4701">
     <span class='ocr_line' id='line_1_92' title="bbox 367 4627 1949 4701; baseline 0.003 -20"><span class='ocrx_word' id='word_1_702' title='bbox 367 4641 465 4682; x_wconf 84' lang='lat' dir='ltr'><strong>eas</strong></span> <span class='ocrx_word' id='word_1_703' title='bbox 492 4627 716 4683; x_wconf 89' lang='lat' dir='ltr'><strong>omnino</strong></span> <span class='ocrx_word' id='word_1_704' title='bbox 754 4630 962 4694; x_wconf 88' lang='lat' dir='ltr'><strong>eluant,</strong></span> <span class='ocrx_word' id='word_1_705' title='bbox 1002 4632 1576 4701; x_wconf 88' lang='lat' dir='ltr'><strong>pulchritudinemque</strong></span> <span class='ocrx_word' id='word_1_706' title='bbox 1633 4633 1778 4688; x_wconf 88' lang='lat' dir='ltr'><strong>illam</strong></span> <span class='ocrx_word' id='word_1_707' title='bbox 1830 4633 1949 4687; x_wconf 83' lang='lat' dir='ltr'><strong>illu-</strong></span> 
     </span>
    </p>
   </div>
   <div class='ocr_carea' id='block_1_93' title="bbox 369 4722 1948 4794">
    <p class='ocr_par' dir='ltr' id='par_1_93' title="bbox 369 4722 1948 4794">
     <span class='ocr_line' id='line_1_93' title="bbox 369 4722 1948 4794; baseline 0.001 -18"><span class='ocrx_word' id='word_1_708' title='bbox 369 4728 567 4782; x_wconf 87' lang='lat' dir='ltr'><strong>strent,</strong></span> <span class='ocrx_word' id='word_1_709' title='bbox 588 4736 709 4792; x_wconf 69' lang='lat' dir='ltr'><strong>qua:</strong></span> <span class='ocrx_word' id='word_1_710' title='bbox 733 4722 786 4775; x_wconf 91' lang='lat' dir='ltr'><strong>in</strong></span> <span class='ocrx_word' id='word_1_711' title='bbox 810 4722 995 4777; x_wconf 89' lang='lat' dir='ltr'><strong>animo</strong></span> <span class='ocrx_word' id='word_1_712' title='bbox 1023 4724 1294 4779; x_wconf 85' lang='lat' dir='ltr'><strong>occultata</strong></span> <span class='ocrx_word' id='word_1_713' title='bbox 1315 4733 1418 4781; x_wconf 89' lang='lat' dir='ltr'><strong>est.</strong></span> <span class='ocrx_word' id='word_1_714' title='bbox 1450 4724 1733 4794; x_wconf 82' lang='lat' dir='ltr'><strong>Ejusmodi</strong></span> <span class='ocrx_word' id='word_1_715' title='bbox 1766 4732 1948 4779; x_wconf 89' lang='lat' dir='ltr'><strong>autem</strong></span> 
     </span>
    </p>
   </div>
   <div class='ocr_carea' id='block_1_94' title="bbox 369 4813 1948 4884">
    <p class='ocr_par' dir='ltr' id='par_1_94' title="bbox 369 4813 1948 4884">
     <span class='ocr_line' id='line_1_94' title="bbox 369 4813 1948 4884; baseline 0.001 -17"><span class='ocrx_word' id='word_1_716' title='bbox 369 4823 700 4884; x_wconf 64' lang='lat' dir='ltr'><strong>praeceptum</strong></span> <span class='ocrx_word' id='word_1_717' title='bbox 736 4813 791 4867; x_wconf 92' lang='lat' dir='ltr'><strong>in</strong></span> <span class='ocrx_word' id='word_1_718' title='bbox 822 4815 1114 4884; x_wconf 77' lang='lat' dir='ltr'><strong>Evangelio</strong></span> <span class='ocrx_word' id='word_1_719' title='bbox 1138 4814 1424 4871; x_wconf 87' lang='lat' dir='ltr'><strong>Domimuu</strong></span> <span class='ocrx_word' id='word_1_720' title='bbox 1453 4816 1650 4873; x_wconf 84' lang='lat' dir='ltr'><strong>docere</strong></span> <span class='ocrx_word' id='word_1_721' title='bbox 1689 4816 1948 4881; x_wconf 85' lang='lat' dir='ltr'><strong>arbitror,</strong></span> 
     </span>
    </p>
   </div>
   <div class='ocr_carea' id='block_1_95' title="bbox 370 4904 1950 4977">
    <p class='ocr_par' dir='ltr' id='par_1_95' title="bbox 370 4904 1950 4977">
     <span class='ocr_line' id='line_1_95' title="bbox 370 4904 1950 4977; baseline 0.001 -21"><span class='ocrx_word' id='word_1_722' title='bbox 370 4918 498 4957; x_wconf 86' lang='lat' dir='ltr'><strong>cum</strong></span> <span class='ocrx_word' id='word_1_723' title='bbox 551 4904 794 4975; x_wconf 86' lang='lat' dir='ltr'><strong>loquitur</strong></span> <span class='ocrx_word' id='word_1_724' title='bbox 843 4904 910 4958; x_wconf 85' lang='lat' dir='ltr'><strong>ad</strong></span> <span class='ocrx_word' id='word_1_725' title='bbox 952 4920 1048 4960; x_wconf 87' lang='lat' dir='ltr'><strong>eos</strong></span> <span class='ocrx_word' id='word_1_726' title='bbox 1085 4905 1179 4975; x_wconf 89' lang='lat' dir='ltr'><strong>qui</strong></span> <span class='ocrx_word' id='word_1_727' title='bbox 1229 4907 1555 4976; x_wconf 83' lang='lat' dir='ltr'><strong>sapientiam</strong></span> <span class='ocrx_word' id='word_1_728' title='bbox 1608 4907 1660 4960; x_wconf 89' lang='lat' dir='ltr'><strong>in</strong></span> <span class='ocrx_word' id='word_1_729' title='bbox 1692 4907 1950 4977; x_wconf 85' lang='lat' dir='ltr'><strong>mysterio</strong></span> 
     </span>
    </p>
   </div>
   <div class='ocr_carea' id='block_1_96' title="bbox 373 4995 1947 5069">
    <p class='ocr_par' dir='ltr' id='par_1_96' title="bbox 373 4995 1947 5069">
     <span class='ocr_line' id='line_1_96' title="bbox 373 4995 1947 5069; baseline 0.001 -19"><span class='ocrx_word' id='word_1_730' title='bbox 373 4995 684 5066; x_wconf 83' lang='lat' dir='ltr'><strong>loquentem</strong></span> <span class='ocrx_word' id='word_1_731' title='bbox 741 4997 928 5052; x_wconf 90' lang='lat' dir='ltr'><strong>audire</strong></span> <span class='ocrx_word' id='word_1_732' title='bbox 957 5005 1208 5069; x_wconf 87' lang='lat' dir='ltr'><strong>possunt.</strong></span> <span class='ocrx_word' id='word_1_733' title='bbox 1260 4996 1503 5068; x_wconf 81' lang='lat' dir='ltr'><strong>Regnum</strong></span> <span class='ocrx_word' id='word_1_734' title='bbox 1535 4997 1650 5062; x_wconf 90' lang='lat' dir='ltr'><strong>Dei,</strong></span> <span class='ocrx_word' id='word_1_735' title='bbox 1674 4998 1853 5069; x_wconf 88' lang='lat' dir='ltr'><strong>inquit</strong></span> <span class='ocrx_word' id='word_1_736' title='bbox 1882 4998 1947 5061; x_wconf 78' lang='grc'><strong>³⁸,</strong></span> 
     </span>
    </p>
   </div>
   <div class='ocr_carea' id='block_1_97' title="bbox 372 5087 1959 5161">
    <p class='ocr_par' dir='ltr' id='par_1_97' title="bbox 372 5087 1959 5161">
     <span class='ocr_line' id='line_1_97' title="bbox 372 5087 1959 5161; baseline 0 -19"><span class='ocrx_word' id='word_1_737' title='bbox 372 5087 516 5142; x_wconf 88' lang='lat' dir='ltr'><strong>intra</strong></span> <span class='ocrx_word' id='word_1_738' title='bbox 558 5105 657 5145; x_wconf 79' lang='lat' dir='ltr'><strong>vos</strong></span> <span class='ocrx_word' id='word_1_739' title='bbox 699 5097 803 5145; x_wconf 90' lang='lat' dir='ltr'><strong>est.</strong></span> <span class='ocrx_word' id='word_1_740' title='bbox 852 5088 908 5144; x_wconf 90' lang='lat' dir='ltr'><strong>Id</strong></span> <span class='ocrx_word' id='word_1_741' title='bbox 952 5090 1138 5153; x_wconf 89' lang='lat' dir='ltr'><strong>enim,</strong></span> <span class='ocrx_word' id='word_1_742' title='bbox 1172 5089 1399 5158; x_wconf 90' lang='lat' dir='ltr'><strong>opinor,</strong></span> <span class='ocrx_word' id='word_1_743' title='bbox 1449 5090 1730 5159; x_wconf 81' lang='lat' dir='ltr'><strong>Scriptura</strong></span> <span class='ocrx_word' id='word_1_744' title='bbox 1789 5090 1959 5161; x_wconf 78' lang='lat' dir='ltr'><strong>signi-</strong></span> 
     </span>
    </p>
   </div>
   <div class='ocr_carea' id='block_1_98' title="bbox 376 5180 1960 5244">
    <p class='ocr_par' dir='ltr' id='par_1_98' title="bbox 376 5180 1960 5244">
     <span class='ocr_line' id='line_1_98' title="bbox 376 5180 1960 5244; baseline 0.001 -11"><span class='ocrx_word' id='word_1_745' title='bbox 376 5180 533 5244; x_wconf 88' lang='lat' dir='ltr'><strong>licat,</strong></span> <span class='ocrx_word' id='word_1_746' title='bbox 588 5195 695 5234; x_wconf 90' lang='lat' dir='ltr'><strong>non</strong></span> <span class='ocrx_word' id='word_1_747' title='bbox 737 5195 860 5236; x_wconf 85' lang='lat' dir='ltr'><strong>esse</strong></span> <span class='ocrx_word' id='word_1_748' title='bbox 899 5180 1147 5236; x_wconf 85' lang='lat' dir='ltr'><strong>divinum</strong></span> <span class='ocrx_word' id='word_1_749' title='bbox 1197 5181 1398 5236; x_wconf 82' lang='lat' dir='ltr'><strong>bonum</strong></span> <span class='ocrx_word' id='word_1_750' title='bbox 1445 5196 1474 5234; x_wconf 89' lang='lat' dir='ltr'><strong>a</strong></span> <span class='ocrx_word' id='word_1_751' title='bbox 1526 5191 1721 5235; x_wconf 90' lang='lat' dir='ltr'><strong>natura</strong></span> <span class='ocrx_word' id='word_1_752' title='bbox 1770 5188 1960 5235; x_wconf 87' lang='lat' dir='ltr'><strong>nostra</strong></span> 
     </span>
    </p>
   </div>
   <div class='ocr_carea' id='block_1_99' title="bbox 375 5270 1957 5343">
    <p class='ocr_par' dir='ltr' id='par_1_99' title="bbox 375 5270 1957 5343">
     <span class='ocr_line' id='line_1_99' title="bbox 375 5270 1957 5343; baseline 0.001 -19"><span class='ocrx_word' id='word_1_753' title='bbox 375 5270 729 5340; x_wconf 80' lang='lat' dir='ltr'><strong>abjunctum;</strong></span> <span class='ocrx_word' id='word_1_754' title='bbox 785 5288 887 5330; x_wconf 89' lang='lat' dir='ltr'><strong>nec</strong></span> <span class='ocrx_word' id='word_1_755' title='bbox 947 5274 1133 5343; x_wconf 84' lang='lat' dir='ltr'><strong>procul</strong></span> <span class='ocrx_word' id='word_1_756' title='bbox 1173 5273 1244 5328; x_wconf 87' lang='lat' dir='ltr'><strong>ab</strong></span> <span class='ocrx_word' id='word_1_757' title='bbox 1288 5274 1357 5328; x_wconf 90' lang='lat' dir='ltr'><strong>iis</strong></span> <span class='ocrx_word' id='word_1_758' title='bbox 1406 5271 1633 5338; x_wconf 86' lang='lat' dir='ltr'><strong>abesse,</strong></span> <span class='ocrx_word' id='word_1_759' title='bbox 1687 5272 1780 5342; x_wconf 91' lang='lat' dir='ltr'><strong>qui</strong></span> <span class='ocrx_word' id='word_1_760' title='bbox 1825 5272 1957 5327; x_wconf 90' lang='lat' dir='ltr'><strong>illud</strong></span> 
     </span>
    </p>
   </div>
   <div class='ocr_carea' id='block_1_100' title="bbox 375 5365 1961 5437">
    <p class='ocr_par' dir='ltr' id='par_1_100' title="bbox 375 5365 1961 5437">
     <span class='ocr_line' id='line_1_100' title="bbox 375 5365 1961 5437; baseline -0.002 -16"><span class='ocrx_word' id='word_1_761' title='bbox 375 5366 637 5437; x_wconf 77' lang='lat' dir='ltr'><strong>indagare</strong></span> <span class='ocrx_word' id='word_1_762' title='bbox 671 5368 982 5421; x_wconf 89' lang='lat' dir='ltr'><strong>instituant.</strong></span> <span class='ocrx_word' id='word_1_763' title='bbox 1021 5367 1089 5420; x_wconf 84' lang='lat' dir='ltr'><strong>At</strong></span> <span class='ocrx_word' id='word_1_764' title='bbox 1124 5367 1178 5420; x_wconf 90' lang='lat' dir='ltr'><strong>iu</strong></span> <span class='ocrx_word' id='word_1_765' title='bbox 1225 5366 1460 5437; x_wconf 81' lang='lat' dir='ltr'><strong>singulis</strong></span> <span class='ocrx_word' id='word_1_766' title='bbox 1495 5366 1624 5420; x_wconf 80' lang='lat' dir='ltr'><strong>illud</strong></span> <span class='ocrx_word' id='word_1_767' title='bbox 1674 5373 1778 5429; x_wconf 90' lang='lat' dir='ltr'><strong>est,</strong></span> <span class='ocrx_word' id='word_1_768' title='bbox 1808 5365 1961 5419; x_wconf 84' lang='lat' dir='ltr'><strong>inco-</strong></span> 
     </span>
    </p>
   </div>
   <div class='ocr_carea' id='block_1_101' title="bbox 376 5454 1960 5527">
    <p class='ocr_par' dir='ltr' id='par_1_101' title="bbox 376 5454 1960 5527">
     <span class='ocr_line' id='line_1_101' title="bbox 376 5454 1960 5527; baseline -0.003 -17"><span class='ocrx_word' id='word_1_769' title='bbox 376 5455 587 5526; x_wconf 77' lang='lat' dir='ltr'><strong>gnitum</strong></span> <span class='ocrx_word' id='word_1_770' title='bbox 652 5463 832 5510; x_wconf 86' lang='lat' dir='ltr'><strong>tamen</strong></span> <span class='ocrx_word' id='word_1_771' title='bbox 875 5463 1040 5527; x_wconf 85' lang='lat' dir='ltr'><strong>atque</strong></span> <span class='ocrx_word' id='word_1_772' title='bbox 1084 5456 1406 5520; x_wconf 85' lang='lat' dir='ltr'><strong>obscurum,</strong></span> <span class='ocrx_word' id='word_1_773' title='bbox 1449 5471 1574 5510; x_wconf 91' lang='lat' dir='ltr'><strong>cum</strong></span> <span class='ocrx_word' id='word_1_774' title='bbox 1603 5461 1659 5509; x_wconf 90' lang='lat' dir='ltr'><strong>et</strong></span> <span class='ocrx_word' id='word_1_775' title='bbox 1691 5454 1863 5515; x_wconf 83' lang='lat' dir='ltr'><strong>curis.</strong></span> <span class='ocrx_word' id='word_1_776' title='bbox 1905 5461 1960 5507; x_wconf 88' lang='lat' dir='ltr'><strong>et.</strong></span> 
     </span>
    </p>
   </div>
   <div class='ocr_carea' id='block_1_102' title="bbox 377 5545 1959 5627">
    <p class='ocr_par' dir='ltr' id='par_1_102' title="bbox 377 5545 1959 5627">
     <span class='ocr_line' id='line_1_102' title="bbox 377 5545 1959 5627; baseline -0.003 -24"><span class='ocrx_word' id='word_1_777' title='bbox 377 5549 505 5603; x_wconf 68' lang='lat' dir='ltr'><strong>vitae</strong></span> <span class='ocrx_word' id='word_1_778' title='bbox 556 5545 928 5617; x_wconf 80' lang='lat' dir='ltr'><strong>voluptatibus</strong></span> <span class='ocrx_word' id='word_1_779' title='bbox 978 5560 1353 5627; x_wconf 63' lang='lat' dir='ltr'><strong>compressum</strong></span> <span class='ocrx_word' id='word_1_780' title='bbox 1394 5548 1466 5604; x_wconf 89' lang='lat' dir='ltr'><strong>sit</strong></span> <span class='ocrx_word' id='word_1_781' title='bbox 1505 5568 1516 5603; x_wconf 91' lang='lat'>:</span> <span class='ocrx_word' id='word_1_782' title='bbox 1551 5561 1748 5603; x_wconf 89' lang='lat' dir='ltr'><strong>rursus</strong></span> <span class='ocrx_word' id='word_1_783' title='bbox 1780 5556 1959 5601; x_wconf 87' lang='lat' dir='ltr'><strong>autem</strong></span> 
     </span>
    </p>
   </div>
   <div class='ocr_carea' id='block_1_103' title="bbox 450 5724 939 5789">
    <p class='ocr_par' dir='ltr' id='par_1_103' title="bbox 450 5724 939 5789">
     <span class='ocr_line' id='line_1_103' title="bbox 450 5724 939 5789; baseline 0 -5"><span class='ocrx_word' id='word_1_784' title='bbox 450 5727 500 5762; x_wconf 82' lang='lat'>&quot;</span> <span class='ocrx_word' id='word_1_785' title='bbox 535 5726 669 5784; x_wconf 83' lang='lat' dir='ltr'><strong>Luc.</strong></span> <span class='ocrx_word' id='word_1_786' title='bbox 696 5724 939 5789; x_wconf 62' lang='lat'><strong>“11,21.</strong></span> 
     </span>
    </p>
   </div>
   <div class='ocr_carea' id='block_1_104' title="bbox 2054 4525 3642 4609">
    <p class='ocr_par' dir='ltr' id='par_1_104' title="bbox 2054 4525 3642 4609">
     <span class='ocr_line' id='line_1_104' title="bbox 2054 4525 3642 4609; baseline -0.016 -15"><span class='ocrx_word' id='word_1_787' title='bbox 2054 4538 2357 4609; x_wconf 81' lang='grc' dir='ltr'>ἐκκαθᾶραι</span> <span class='ocrx_word' id='word_1_788' title='bbox 2392 4534 2551 4606; x_wconf 89' lang='grc' dir='ltr'>μόνον</span> <span class='ocrx_word' id='word_1_789' title='bbox 2582 4532 2672 4585; x_wconf 77' lang='grc' dir='ltr'>τὸν</span> <span class='ocrx_word' id='word_1_790' title='bbox 2721 4528 3105 4598; x_wconf 77' lang='grc' dir='ltr'>ἐπιγενόμενον</span> <span class='ocrx_word' id='word_1_791' title='bbox 3144 4527 3253 4580; x_wconf 85' lang='grc' dir='ltr'>ἀπὸ</span> <span class='ocrx_word' id='word_1_792' title='bbox 3294 4525 3492 4589; x_wconf 88' lang='grc' dir='ltr'>κακίας</span> <span class='ocrx_word' id='word_1_793' title='bbox 3544 4526 3642 4597; x_wconf 81' lang='grc' dir='ltr'>ρύ-</span> 
     </span>
    </p>
   </div>
   <div class='ocr_carea' id='block_1_105' title="bbox 2055 4617 3641 4701">
    <p class='ocr_par' dir='ltr' id='par_1_105' title="bbox 2055 4617 3641 4701">
     <span class='ocr_line' id='line_1_105' title="bbox 2055 4617 3641 4701; baseline -0.013 -12"><span class='ocrx_word' id='word_1_794' title='bbox 2055 4651 2154 4688; x_wconf 81' lang='grc' dir='ltr'><strong>πον</strong></span> <span class='ocrx_word' id='word_1_795' title='bbox 2181 4630 2350 4701; x_wconf 74' lang='grc' dir='ltr'>αὐτῷ,</span> <span class='ocrx_word' id='word_1_796' title='bbox 2384 4629 2478 4681; x_wconf 74' lang='grc' dir='ltr'>καὶ</span> <span class='ocrx_word' id='word_1_797' title='bbox 2519 4624 2580 4678; x_wconf 77' lang='grc' dir='ltr'><strong>τὸ</strong></span> <span class='ocrx_word' id='word_1_798' title='bbox 2626 4621 3040 4691; x_wconf 81' lang='grc' dir='ltr'>κεκαλυμμένον</span> <span class='ocrx_word' id='word_1_799' title='bbox 3074 4619 3134 4672; x_wconf 84' lang='grc' dir='ltr'>ὲν</span> <span class='ocrx_word' id='word_1_800' title='bbox 3174 4620 3240 4689; x_wconf 81' lang='grc' dir='ltr'><strong>τῇ</strong></span> <span class='ocrx_word' id='word_1_801' title='bbox 3268 4617 3412 4688; x_wconf 76' lang='grc' dir='ltr'>ψυχῇ</span> <span class='ocrx_word' id='word_1_802' title='bbox 3446 4617 3641 4681; x_wconf 86' lang='grc' dir='ltr'>κάλλος</span> 
     </span>
    </p>
   </div>
   <div class='ocr_carea' id='block_1_106' title="bbox 2054 4707 3641 4789">
    <p class='ocr_par' dir='ltr' id='par_1_106' title="bbox 2054 4707 3641 4789">
     <span class='ocr_line' id='line_1_106' title="bbox 2054 4707 3641 4789; baseline -0.011 -14"><span class='ocrx_word' id='word_1_803' title='bbox 2054 4719 2394 4789; x_wconf 81' lang='grc' dir='ltr'>διαφωτίσαι.</span> <span class='ocrx_word' id='word_1_804' title='bbox 2419 4714 2492 4767; x_wconf 89' lang='grc' dir='ltr'><strong>Τὸ</strong></span> <span class='ocrx_word' id='word_1_805' title='bbox 2521 4713 2575 4765; x_wconf 78' lang='grc' dir='ltr'>δὲ</span> <span class='ocrx_word' id='word_1_806' title='bbox 2609 4710 2844 4764; x_wconf 86' lang='grc' dir='ltr'>τοιοῦτον</span> <span class='ocrx_word' id='word_1_807' title='bbox 2868 4709 3043 4777; x_wconf 86' lang='grc' dir='ltr'>δόγμα</span> <span class='ocrx_word' id='word_1_808' title='bbox 3075 4707 3167 4761; x_wconf 74' lang='grc' dir='ltr'>καὶ</span> <span class='ocrx_word' id='word_1_809' title='bbox 3199 4710 3254 4759; x_wconf 82' lang='grc' dir='ltr'>ἐν</span> <span class='ocrx_word' id='word_1_810' title='bbox 3286 4707 3361 4777; x_wconf 81' lang='grc' dir='ltr'>τῷ</span> <span class='ocrx_word' id='word_1_811' title='bbox 3394 4707 3641 4774; x_wconf 84' lang='grc' dir='ltr'>Εύαγγε-</span> 
     </span>
    </p>
   </div>
   <div class='ocr_carea' id='block_1_107' title="bbox 2056 4797 3642 4885">
    <p class='ocr_par' dir='ltr' id='par_1_107' title="bbox 2056 4797 3642 4885">
     <span class='ocr_line' id='line_1_107' title="bbox 2056 4797 3642 4885; baseline -0.011 -18"><span class='ocrx_word' id='word_1_812' title='bbox 2056 4813 2156 4885; x_wconf 83' lang='grc' dir='ltr'><strong>λίῳ</strong></span> <span class='ocrx_word' id='word_1_813' title='bbox 2177 4809 2447 4865; x_wconf 82' lang='grc' dir='ltr'>διδάσκειν</span> <span class='ocrx_word' id='word_1_814' title='bbox 2471 4798 2622 4874; x_wconf 83' lang='grc' dir='ltr'>οἶμαι</span> <span class='ocrx_word' id='word_1_815' title='bbox 2654 4802 2743 4855; x_wconf 76' lang='grc' dir='ltr'>τὸν</span> <span class='ocrx_word' id='word_1_816' title='bbox 2772 4801 2996 4872; x_wconf 79' lang='grc' dir='ltr'>Κύριον,</span> <span class='ocrx_word' id='word_1_817' title='bbox 3025 4798 3248 4866; x_wconf 82' lang='grc' dir='ltr'>λέγοντα</span> <span class='ocrx_word' id='word_1_818' title='bbox 3282 4801 3393 4861; x_wconf 86' lang='grc' dir='ltr'>τοῖς</span> <span class='ocrx_word' id='word_1_819' title='bbox 3423 4797 3642 4851; x_wconf 75' lang='grc' dir='ltr'>ἀκούειν</span> 
     </span>
    </p>
   </div>
   <div class='ocr_carea' id='block_1_108' title="bbox 2057 4888 3641 4973">
    <p class='ocr_par' dir='ltr' id='par_1_108' title="bbox 2057 4888 3641 4973">
     <span class='ocr_line' id='line_1_108' title="bbox 2057 4888 3641 4973; baseline -0.016 -14"><span class='ocrx_word' id='word_1_820' title='bbox 2057 4901 2371 4973; x_wconf 81' lang='grc' dir='ltr'>δυναμένοις</span> <span class='ocrx_word' id='word_1_821' title='bbox 2398 4898 2494 4968; x_wconf 81' lang='grc' dir='ltr'>τῆς</span> <span class='ocrx_word' id='word_1_822' title='bbox 2519 4897 2576 4950; x_wconf 81' lang='grc' dir='ltr'>ὲν</span> <span class='ocrx_word' id='word_1_823' title='bbox 2608 4892 2891 4965; x_wconf 84' lang='grc' dir='ltr'>μυστηρίῳ</span> <span class='ocrx_word' id='word_1_824' title='bbox 2944 4889 3276 4960; x_wconf 83' lang='grc' dir='ltr'>λαλουμένης</span> <span class='ocrx_word' id='word_1_825' title='bbox 3318 4889 3526 4958; x_wconf 85' lang='grc' dir='ltr'>σοφίας,</span> <span class='ocrx_word' id='word_1_826' title='bbox 3559 4888 3641 4941; x_wconf 77' lang='grc' dir='ltr'>ὅτι</span> 
     </span>
    </p>
   </div>
   <div class='ocr_carea' id='block_1_109' title="bbox 2064 4980 3641 5065">
    <p class='ocr_par' dir='ltr' id='par_1_109' title="bbox 2064 4980 3641 5065">
     <span class='ocr_line' id='line_1_109' title="bbox 2064 4980 3641 5065; baseline -0.01 -18"><span class='ocrx_word' id='word_1_827' title='bbox 2064 5015 2081 5047; x_wconf 81' lang='grc' dir='ltr'><strong>ι</strong></span> <span class='ocrx_word' id='word_1_828' title='bbox 2106 4997 2169 5049; x_wconf 81' lang='grc' dir='ltr'><strong>Ἠ</strong></span> <span class='ocrx_word' id='word_1_829' title='bbox 2197 4990 2439 5065; x_wconf 84' lang='grc' dir='ltr'>βασιλεία</span> <span class='ocrx_word' id='word_1_830' title='bbox 2454 4988 2547 5042; x_wconf 88' lang='grc' dir='ltr'><strong>τοῦ</strong></span> <span class='ocrx_word' id='word_1_831' title='bbox 2573 4985 2707 5041; x_wconf 86' lang='grc' dir='ltr'>Θεοῦ</span> <span class='ocrx_word' id='word_1_832' title='bbox 2726 4984 2875 5046; x_wconf 80' lang='grc' dir='ltr'>ἐντὸς</span> <span class='ocrx_word' id='word_1_833' title='bbox 2895 4984 2923 5036; x_wconf 84' lang='grc' dir='ltr'>ὑ</span> <span class='ocrx_word' id='word_1_834' title='bbox 2931 4981 3046 5053; x_wconf 82' lang='grc' dir='ltr'><strong>μῶν</strong></span> <span class='ocrx_word' id='word_1_835' title='bbox 3066 4981 3214 5034; x_wconf 78' lang='grc' dir='ltr'>ἐστιν</span> <span class='ocrx_word' id='word_1_836' title='bbox 3229 4997 3242 5011; x_wconf 75' lang='grc'><strong><em>⁸</em></strong></span> <span class='ocrx_word' id='word_1_837' title='bbox 3275 5000 3293 5032; x_wconf 78' lang='grc' dir='ltr'><strong>ι</strong></span> <span class='ocrx_word' id='word_1_838' title='bbox 3312 4980 3641 5033; x_wconf 77' lang='grc' dir='ltr'>ἐνδείκνυται</span> 
     </span>
    </p>
   </div>
   <div class='ocr_carea' id='block_1_110' title="bbox 2056 5070 3645 5160">
    <p class='ocr_par' dir='ltr' id='par_1_110' title="bbox 2056 5070 3645 5160">
     <span class='ocr_line' id='line_1_110' title="bbox 2056 5070 3645 5160; baseline -0.012 -18"><span class='ocrx_word' id='word_1_839' title='bbox 2056 5089 2183 5160; x_wconf 71' lang='grc' dir='ltr'>γὰρ,</span> <span class='ocrx_word' id='word_1_840' title='bbox 2209 5082 2382 5157; x_wconf 81' lang='grc' dir='ltr'>οἶμαι,</span> <span class='ocrx_word' id='word_1_841' title='bbox 2412 5083 2441 5135; x_wconf 85' lang='grc' dir='ltr'><strong>ὁ</strong></span> <span class='ocrx_word' id='word_1_842' title='bbox 2473 5081 2627 5150; x_wconf 82' lang='grc' dir='ltr'>λόγος</span> <span class='ocrx_word' id='word_1_843' title='bbox 2654 5076 2821 5148; x_wconf 74' lang='grc' dir='ltr'>αὐτῷ,</span> <span class='ocrx_word' id='word_1_844' title='bbox 2846 5074 2926 5129; x_wconf 79' lang='grc' dir='ltr'>ὅτι</span> <span class='ocrx_word' id='word_1_845' title='bbox 2952 5075 3012 5129; x_wconf 85' lang='grc' dir='ltr'><strong>τδ</strong></span> <span class='ocrx_word' id='word_1_846' title='bbox 3046 5072 3141 5126; x_wconf 86' lang='grc' dir='ltr'><strong>τοῦ</strong></span> <span class='ocrx_word' id='word_1_847' title='bbox 3175 5072 3309 5126; x_wconf 86' lang='grc' dir='ltr'>Θεοῦ</span> <span class='ocrx_word' id='word_1_848' title='bbox 3346 5070 3547 5141; x_wconf 72' lang='grc' dir='ltr'>ἀγαθὸν</span> <span class='ocrx_word' id='word_1_849' title='bbox 3578 5070 3645 5123; x_wconf 82' lang='grc' dir='ltr'><strong>οῦ</strong></span> 
     </span>
    </p>
   </div>
   <div class='ocr_carea' id='block_1_111' title="bbox 2055 5161 3649 5251">
    <p class='ocr_par' dir='ltr' id='par_1_111' title="bbox 2055 5161 3649 5251">
     <span class='ocr_line' id='line_1_111' title="bbox 2055 5161 3649 5251; baseline -0.013 -17"><span class='ocrx_word' id='word_1_850' title='bbox 2055 5182 2332 5251; x_wconf 80' lang='grc' dir='ltr'>διώρισται</span> <span class='ocrx_word' id='word_1_851' title='bbox 2357 5176 2456 5246; x_wconf 80' lang='grc' dir='ltr'>τῆς</span> <span class='ocrx_word' id='word_1_852' title='bbox 2486 5173 2699 5245; x_wconf 86' lang='grc' dir='ltr'>φύσεως</span> <span class='ocrx_word' id='word_1_853' title='bbox 2730 5168 2904 5240; x_wconf 79' lang='grc' dir='ltr'>ἡμῶν,</span> <span class='ocrx_word' id='word_1_854' title='bbox 2939 5166 3056 5219; x_wconf 83' lang='grc' dir='ltr'>οὐδὲ</span> <span class='ocrx_word' id='word_1_855' title='bbox 3091 5163 3371 5237; x_wconf 73' lang='grc' dir='ltr'>πόρρωθέν</span> <span class='ocrx_word' id='word_1_856' title='bbox 3408 5181 3512 5216; x_wconf 85' lang='grc' dir='ltr'><strong>που</strong></span> <span class='ocrx_word' id='word_1_857' title='bbox 3533 5161 3649 5215; x_wconf 84' lang='grc' dir='ltr'>τῶν</span> 
     </span>
    </p>
   </div>
   <div class='ocr_carea' id='block_1_112' title="bbox 2056 5255 3652 5341">
    <p class='ocr_par' dir='ltr' id='par_1_112' title="bbox 2056 5255 3652 5341">
     <span class='ocr_line' id='line_1_112' title="bbox 2056 5255 3652 5341; baseline -0.011 -16"><span class='ocrx_word' id='word_1_858' title='bbox 2056 5273 2240 5341; x_wconf 74' lang='grc' dir='ltr'>ζητεῖν</span> <span class='ocrx_word' id='word_1_859' title='bbox 2265 5268 2395 5323; x_wconf 78' lang='grc' dir='ltr'>αὐτὸ</span> <span class='ocrx_word' id='word_1_860' title='bbox 2429 5263 2872 5338; x_wconf 84' lang='grc' dir='ltr'>προαιρουμένων</span> <span class='ocrx_word' id='word_1_861' title='bbox 2894 5257 3202 5329; x_wconf 80' lang='grc' dir='ltr'>ἀπῴκισται</span> <span class='ocrx_word' id='word_1_862' title='bbox 3222 5275 3235 5289; x_wconf 87' lang='grc'><strong>·</strong></span> <span class='ocrx_word' id='word_1_863' title='bbox 3272 5255 3408 5309; x_wconf 85' lang='grc' dir='ltr'><strong>ἀλλά</strong></span> <span class='ocrx_word' id='word_1_864' title='bbox 3438 5257 3495 5307; x_wconf 81' lang='grc' dir='ltr'>ὲν</span> <span class='ocrx_word' id='word_1_865' title='bbox 3520 5255 3652 5308; x_wconf 78' lang='grc' dir='ltr'>ἑκά-</span> 
     </span>
    </p>
   </div>
   <div class='ocr_carea' id='block_1_113' title="bbox 2058 5346 3653 5434">
    <p class='ocr_par' dir='ltr' id='par_1_113' title="bbox 2058 5346 3653 5434">
     <span class='ocr_line' id='line_1_113' title="bbox 2058 5346 3653 5434; baseline -0.012 -17"><span class='ocrx_word' id='word_1_866' title='bbox 2058 5382 2167 5434; x_wconf 84' lang='grc' dir='ltr'><strong>στῳ</strong></span> <span class='ocrx_word' id='word_1_867' title='bbox 2192 5362 2360 5424; x_wconf 72' lang='grc' dir='ltr'>ἐστὶν,</span> <span class='ocrx_word' id='word_1_868' title='bbox 2397 5356 2755 5428; x_wconf 86' lang='grc' dir='ltr'>ἀγνοούμενον</span> <span class='ocrx_word' id='word_1_869' title='bbox 2787 5352 2884 5422; x_wconf 80' lang='grc' dir='ltr'>μὲν</span> <span class='ocrx_word' id='word_1_870' title='bbox 2926 5351 3019 5404; x_wconf 73' lang='grc' dir='ltr'>καὶ</span> <span class='ocrx_word' id='word_1_871' title='bbox 3048 5348 3329 5412; x_wconf 79' lang='grc' dir='ltr'>λανθάνον,</span> <span class='ocrx_word' id='word_1_872' title='bbox 3371 5348 3498 5401; x_wconf 80' lang='grc' dir='ltr'>ὅταν</span> <span class='ocrx_word' id='word_1_873' title='bbox 3539 5346 3653 5400; x_wconf 70' lang='grc' dir='ltr'><strong>ὑπὸ</strong></span> 
     </span>
    </p>
   </div>
   <div class='ocr_carea' id='block_1_114' title="bbox 2064 5434 3653 5523">
    <p class='ocr_par' dir='ltr' id='par_1_114' title="bbox 2064 5434 3653 5523">
     <span class='ocr_line' id='line_1_114' title="bbox 2064 5434 3653 5523; baseline -0.014 -15"><span class='ocrx_word' id='word_1_874' title='bbox 2064 5454 2172 5508; x_wconf 84' lang='grc' dir='ltr'>τῶν</span> <span class='ocrx_word' id='word_1_875' title='bbox 2198 5450 2475 5523; x_wconf 85' lang='grc' dir='ltr'>μεριμνῶν</span> <span class='ocrx_word' id='word_1_876' title='bbox 2514 5463 2574 5500; x_wconf 88' lang='grc' dir='ltr'><strong>τε</strong></span> <span class='ocrx_word' id='word_1_877' title='bbox 2619 5445 2710 5499; x_wconf 71' lang='grc' dir='ltr'>καὶ</span> <span class='ocrx_word' id='word_1_878' title='bbox 2747 5439 2949 5513; x_wconf 79' lang='grc' dir='ltr'>ἡδονῶν</span> <span class='ocrx_word' id='word_1_879' title='bbox 2980 5438 3074 5492; x_wconf 89' lang='grc' dir='ltr'><strong>τοῦ</strong></span> <span class='ocrx_word' id='word_1_880' title='bbox 3104 5438 3217 5509; x_wconf 87' lang='grc' dir='ltr'>βίου</span> <span class='ocrx_word' id='word_1_881' title='bbox 3253 5434 3653 5506; x_wconf 84' lang='grc' dir='ltr'>συμπνίγηται·</span> 
     </span>
    </p>
   </div>
   <div class='ocr_carea' id='block_1_115' title="bbox 2066 5524 3654 5616">
    <p class='ocr_par' dir='ltr' id='par_1_115' title="bbox 2066 5524 3654 5616">
     <span class='ocr_line' id='line_1_115' title="bbox 2066 5524 3654 5616; baseline -0.013 -15"><span class='ocrx_word' id='word_1_882' title='bbox 2066 5543 2451 5616; x_wconf 82' lang='grc' dir='ltr'>εὑρισκόμενον</span> <span class='ocrx_word' id='word_1_883' title='bbox 2476 5539 2533 5594; x_wconf 86' lang='grc' dir='ltr'>δὲ</span> <span class='ocrx_word' id='word_1_884' title='bbox 2571 5535 2752 5604; x_wconf 87' lang='grc' dir='ltr'>πάλιν,</span> <span class='ocrx_word' id='word_1_885' title='bbox 2783 5535 2910 5589; x_wconf 80' lang='grc' dir='ltr'>ὅταν</span> <span class='ocrx_word' id='word_1_886' title='bbox 2946 5532 3028 5596; x_wconf 85' lang='grc' dir='ltr'><strong>εἰς</strong></span> <span class='ocrx_word' id='word_1_887' title='bbox 3066 5530 3243 5584; x_wconf 79' lang='grc' dir='ltr'>ἐκεῖνο</span> <span class='ocrx_word' id='word_1_888' title='bbox 3272 5527 3369 5599; x_wconf 75' lang='grc' dir='ltr'>τὴν</span> <span class='ocrx_word' id='word_1_889' title='bbox 3407 5524 3654 5581; x_wconf 86' lang='grc' dir='ltr'>διάνοιαν</span> 
     </span>
    </p>
   </div>
  </div>
