4072 6156
512 296 622 356 375

1750 299 1807 356 S.
1842 298 2167 357 GREGORII
2204 299 2494 359 NYSSENI

3650 298 3755 355 576

513 417 776 473 auderent
832 432 994 489 porro
1048 419 1101 473 in
1134 426 1441 491 conspectu
1467 420 1700 492 amplius
1744 421 1891 478 illius
1940 437 2082 485 esse,

2186 424 2479 496 ὀφθαλμοῖς
2507 426 2710 497 τολμᾷν
2742 424 2878 480 εἶναι
2910 424 3004 479 τοῦ
3047 426 3349 491 κτίσαντος,
3379 423 3515 479 ἀλλά
3540 423 3756 492 φύλλοις

510 511 603 578 qui
629 525 725 567 eos
759 511 1086 581 procreavit,
1113 512 1211 567 sed
1225 511 1390 576 foliis,
1416 513 1737 583 umbrisque
1764 529 1886 569 sese
1919 528 2084 569 occu-

513 601 708 665 lerent,
763 617 829 656 ac
862 602 1091 656 mortuis
1125 602 1321 659 deinde
1367 605 1597 674 pellibus
1626 622 1684 661 se
1710 614 2079 677 contegerent.

513 694 687 762 Atque
720 693 792 746 ita
823 693 877 747 in
915 693 1225 763 pestiferam
1252 695 1390 749 hanc
1425 697 1697 766 regionem
1729 696 2084 766 laborumque

509 786 747 855 plenam,
796 786 851 839 in
887 800 992 854 qua
1033 786 1298 841 moriendi
1354 788 1610 841 solatium
1639 796 1724 843 est
1767 789 2083 858 coniugium

510 880 816 939 inventum,
849 879 1044 933 incola).
1083 880 1264 945 ambo,
1294 889 1458 948 atque
1488 880 1826 936 habitatores
1857 883 2084 935 mittun-

510 977 618 1023 tur.
645 971 1006 1035 Quamobrem
1031 971 1076 1024 si
1102 970 1342 1025 futurum
1373 979 1477 1035 est,
1514 981 1573 1025 ut
1599 988 1696 1026 nos
1724 972 1851 1027 hinc
1880 973 2084 1028 dissol-

507 1076 722 1141 vantur,
757 1071 918 1132 atque
948 1076 1075 1116 cum
1101 1062 1323 1117 Christo
1359 1064 1550 1129 simus,
1578 1064 1646 1118 ab
1669 1065 1857 1118 ultima
1893 1079 2085 1119 rursus

510 1153 872 1210 dissolutione
921 1153 1141 1224 expedit
1182 1170 1285 1209 nos
1333 1156 1591 1209 exordiri.
1629 1154 1699 1211 Ut
1735 1156 1881 1211 enim
1931 1157 2023 1225 qui
2057 1171 2088 1209 a

510 1248 684 1317 patria
719 1248 907 1317 procul
943 1246 1268 1317 peregrinati
1308 1257 1455 1310 sunt,
1500 1262 1621 1301 cum
1651 1248 1719 1301 ad
1746 1263 1869 1302 cum
1906 1247 2083 1316 ipsum

510 1338 691 1392 locum
733 1347 1099 1405 revertuntur,
1138 1338 1282 1393 unde
1310 1338 1537 1408 profecti
1561 1340 1905 1409 sunt,primo
1932 1340 2083 1393 illum

508 1428 691 1484 locum
729 1429 1062 1498 relinquunt,
1101 1443 1209 1500 quo
1243 1438 1523 1500 postremo
1561 1441 1957 1502 pervenerunt:
2014 1433 2085 1486 ita

509 1520 766 1589 quoniam
805 1531 1008 1575 nostrae
1052 1521 1104 1574 in
1142 1521 1398 1590 paradiso
1436 1521 1560 1574 vita:
1591 1523 1959 1587 separationis
1987 1538 2083 1592 po-

511 1619 775 1666 stremum
804 1618 887 1665 est
911 1610 1246 1681 conjugium,
1290 1610 1393 1666 hoc
1433 1610 1610 1680 ipsum
1640 1612 1895 1680 primum,
1931 1616 2086 1681 quasi

509 1712 846 1774 postremum
900 1701 1119 1772 aliquod
1170 1702 1558 1763 diversorium,
1610 1705 1940 1772 relinquere,
1973 1703 2087 1757 haec

2183 517 2277 571 καὶ
2333 521 2513 582 σκιαῖς
2567 517 3047 589 ύποκρύπτεσθαι·
3084 516 3315 587 δέρμασι
3350 518 3562 587 νεκροῖς
3619 515 3759 586 μετὰ

2180 607 2353 662 ταῦτα
2409 607 2919 679 περικαλύπτονται.
2970 608 3080 661 Καὶ
3119 603 3290 670 οὕτως
3326 609 3407 670 εἰς
3437 607 3498 659 τὸ
3528 606 3761 670 νοσῶδες

2182 699 2339 753 τοῦτο
2381 701 2476 754 καὶ¹
2506 700 2759 754 ἐπίπονον
2791 701 2987 771 χωρίον
3015 700 3235 753 ἄποικοι
3265 699 3590 769 πέμπονται,
3626 699 3684 750 ὲν
3713 689 3759 764 ᾧ

2182 794 2211 845 ό
2257 793 2432 864 γάμος
2478 793 2800 864 παραμυθία
2837 793 2928 845 τοῦ
2985 792 3350 861 ἀποθνήσκειν
3375 789 3664 859 ἐπενοήθη.
3696 787 3759 842 Ei

2183 879 2298 936 οὖν’
2332 883 2593 955 μέλλομεν
2649 884 2898 938 ἀναλύειν
2944 883 3214 947 ἐντεῦθεν,
3269 882 3363 936 καὶ
3397 885 3494 934 σὺν
3537 879 3760 951 Χριστῷ
3834 912 3837 915 -

2184 971 2452 1040 γίνεσθαι,
2482 973 2642 1026 πάλιν
2669 975 2732 1025 ὲκ
2760 972 2853 1025 τοῦ
2880 972 3187 1025 τελευταίου
3214 973 3479 1042 προσήκει
3511 970 3610 1039 τῆς
3636 971 3763 1022 ἀνα-

2184 1063 2390 1125 λύσεως
2419 1062 2719 1134 ἄρξασθαι·
2757 1062 2947 1132 ὥσπερ
2989 1064 3038 1115 οἱ
3087 1063 3194 1115 τῶν
3240 1063 3455 1115 οἰκείων
3488 1059 3762 1124 ἀποξενω-

2186 1154 2390 1219 θέντες,
2420 1156 2637 1207 ὲπειδάν
2659 1155 3057 1223 ἐπιστρέψωσιν
3082 1154 3203 1206 ὅθεν
3222 1152 3451 1225 ὡρμήθη
3464 1170 3580 1215 σαν,
3607 1150 3763 1223 πρῶ-

2185 1262 2275 1297 τον
2322 1247 2525 1298 ἐκεῖνον
2576 1244 2962 1297 καταλείπουσι
3017 1242 3110 1295 τὸν
3137 1242 3332 1307 τόπον,
3381 1235 3426 1308 ᾧ
3457 1241 3764 1293 τελευταῖον

2188 1338 2465 1409 προϊόντες
2498 1338 2771 1406 ἐνέτυχον.
2817 1334 2968 1387 Ἐπεὶ
2997 1328 3088 1386 οὖν
3135 1331 3228 1385 τοῦ
3263 1331 3543 1403 χωρισμοῦ
3568 1330 3668 1399 τῆς
3703 1331 3767 1383 ὲν

2182 1431 2262 1500 τῷ
2281 1430 2591 1502 παραδείσῳ
2613 1428 2933 1501 [διατριϐῆς]
2956 1429 3100 1500 ζωῆς
3119 1428 3181 1481 τὸ
3204 1427 3511 1479 τελευταῖον
3533 1425 3562 1475 ὁ
3585 1424 3768 1492 γάμος

2186 1521 2322 1585 ἐστὶ,
2355 1520 2541 1574 τοῦτον
2572 1522 2785 1592 πρῶτον
2815 1524 3152 1583 καταλιπεῖν,
3177 1520 3363 1589 ῶσπερ
3381 1518 3501 1571 τινὰ
3524 1513 3768 1584 σταθμὸν

2187 1611 2432 1681 ἔσχατον,
2454 1614 2564 1674 τοῖς
2592 1611 2727 1682 πρὸς
2754 1612 2843 1664 τὸν
2865 1611 3096 1681 Χριστὸν
3119 1609 3437 1663 ἀναλύουσιν
3472 1605 3769 1674 ὑφηγεῖται

2184 1703 2214 1756 ὁ
2247 1704 2403 1771 λόγος
2431 1720 2444 1735 ο
2478 1700 2595 1756 εἶτα
2631 1705 2730 1774 τῆς
2777 1705 2906 1776 περὶ
2950 1704 3047 1773 τὴν
3085 1696 3593 1772 γῆνταλαιπωρίας
3634 1696 3773 1748 ἀνα-

508 1795 685 1850 oratio
714 1804 897 1850 monet
916 1809 1013 1849 eos
1046 1795 1139 1864 qui
1176 1796 1239 1848 ad
1257 1783 1549 1849 Christum'
1567 1795 1790 1850 redeunt
1848 1815 1860 1849 :
1893 1795 2086 1852 deinde

2189 1797 2457 1867 χωρῆσαι,
2551 1793 2832 1864 ὲνιδρύνθη
2886 1791 3024 1863 μετά
3062 1792 3163 1863 τὴν
3194 1789 3466 1860 ἁμαρτίαν
3496 1788 3523 1837 ὁ
3555 1784 3773 1854 ἀνθρω-

509 1903 540 1942 a
591 1887 813 1943 miseria
848 1886 1158 1941 excolendae
1191 1894 1352 1941 terrae
1382 1889 1677 1957 segregari,
1729 1888 1782 1940 in
1833 1902 1939 1956 qua
1966 1894 2090 1957 post

508 1984 789 2045 peccatum
816 1975 976 2029 homo
996 1983 1082 2030 est
1109 1976 1431 2042 collocatus;
1448 1976 1643 2030 deinde
1662 1988 1717 2031 ut
1737 1976 2088 2032 carnisinvo-

507 2069 662 2122 lucra
695 2080 1088 2132 removeamus,
1124 2076 1177 2120 et
1201 2074 1378 2122 vestes
1407 2066 1679 2137 pellieeas,
1724 2069 1826 2122 hoc
1871 2075 1956 2123 est
1975 2082 2092 2122 ear-

408 2225 419 2233 _
506 2158 592 2212 nis
615 2156 956 2227 prudentiam
982 2170 1268 2222 exuamus,
1287 2165 1339 2211 et
1367 2157 1549 2211 omnia
1576 2157 1787 2210 occulta
1807 2156 2089 2213 dedecoris

508 2247 846 2311 abdicemus,
900 2262 1007 2301 non
1038 2247 1247 2301 acerbae
1289 2247 1527 2316 amplius
1552 2238 1717 2317 hujus
1749 2249 1898 2316 vitae,
1930 2252 2085 2319 quasi

510 2341 594 2394 tici
632 2340 844 2394 umbris
875 2355 996 2394 sese
1019 2339 1317 2404 occultent,
1343 2339 1436 2394 sed
1466 2339 1732 2408 depositis
1750 2340 2089 2410 abjectisque

508 2432 672 2501 hujus
702 2432 925 2485 caduca?
953 2431 1071 2484 vita:
1106 2428 1358 2483 foliorum
1391 2429 1799 2499 integumentis,
1823 2429 1877 2483 in
1912 2430 2087 2484 oculis

505 2532 795 2580 versentur
844 2525 984 2592 ejus,
1029 2523 1120 2592 qui
1178 2522 1300 2577 illos
1350 2522 1688 2591 procreavit;
1726 2537 1791 2576 ao
1818 2521 2084 2587 fraudem,

505 2631 627 2685 qua:
659 2630 723 2670 ex
773 2624 990 2684 gustatu
1026 2619 1359 2682 aspectuque
1385 2610 1712 2680 concipitur,
1757 2624 1877 2664 eam
1927 2611 2088 2680 plane

506 2708 770 2776 repellant
794 2722 809 2769 ;
842 2704 895 2757 in
921 2704 1321 2771 consiliumque
1348 2714 1455 2754 non
1481 2700 1718 2768 amplius
1748 2715 2083 2755 venenosum

507 2804 839 2864 serpentem,
892 2793 984 2848 sed
1036 2793 1128 2847 Dei
1184 2801 1514 2860 praeceptum
1558 2791 1737 2845 solum
1767 2790 2082 2845 adhibeant.

508 2887 645 2942 illud
676 2886 819 2940 enim
875 2891 981 2946 est,
1037 2890 1095 2935 ut
1148 2881 1379 2935 honesta
1413 2885 1674 2933 duntaxat
1718 2879 2082 2950 attingamus;

507 2985 726 3046 gustum
780 2988 909 3026 vero
947 2973 1211 3024 malarum
1272 2985 1452 3023 rerum
1499 2984 1876 3037 aspernemur,
1928 2973 2083 3040 quasi

507 3064 823 3134 huiusmodi
873 3078 1075 3126 rerum,
1116 3076 1237 3129 ιιιιςυ
1287 3061 1339 3113 in
1374 3061 1532 3115 malis
1578 3069 1728 3125 sunt,
1765 3077 1898 3116 usus
1926 3078 1989 3115 ex
2018 3077 2083 3116 eo

509 3158 724 3212 initium
763 3154 978 3216 habeat,
1010 3152 1264 3222 quoniam
1308 3153 1507 3205 malum
1549 3166 1650 3205 nos
1696 3151 1947 3221 ignorare
1982 3168 2083 3206 no-

509 3249 730 3304 luimus.
767 3244 953 3313 Itaque
1000 3243 1129 3298 illud
1161 3243 1350 3313 primis
1381 3242 1699 3313 parentibus
1759 3253 2083 3312 praeceptum

506 3351 612 3402 est,
645 3347 701 3392 ut
737 3352 803 3391 ne
835 3350 939 3389 una
981 3351 1105 3388 cum
1136 3334 1279 3389 bono
1309 3348 1491 3388 rerum
1538 3333 1936 3386 contrariarum
1988 3350 2085 3388 co-

506 3433 807 3503 gnitionem
839 3435 1116 3497 caperent,
1157 3425 1252 3480 sed
1285 3441 1313 3478 a
1339 3425 1569 3480 scientia
1604 3432 1659 3479 et
1684 3425 1835 3489 boni,
1866 3412 1924 3480 et
1958 3426 2084 3479 mali

505 3525 866 3579 abstinerent,
904 3535 1149 3590 puroque
1190 3527 1244 3572 et
1294 3516 1553 3588 simplici,
1606 3531 1783 3586 neque
1814 3531 1940 3571 cum
1977 3517 2087 3571 ulla

505 3613 633 3668 mali
662 3621 813 3683 ptrte
851 3609 1145 3679 coniuncto
1168 3607 1314 3663 bono
1348 3608 1661 3661 lruerentur
1694 3625 1707 3660 :
1760 3608 1904 3677 quod
1931 3622 2084 3673 sane,

508 3715 568 3759 ut
607 3721 721 3758 mea
761 3704 865 3756 lert
908 3700 1201 3762 sententia,
1234 3700 1459 3769 perinde
1512 3708 1617 3763 est,
1649 3714 1714 3754 ac
1744 3701 1922 3755 solum
1961 3715 2087 3754 cum

508 3798 619 3850 Deo
652 3810 795 3855 esse,
828 3801 1253 3862 perpetuamque
1282 3799 1335 3844 et
1371 3791 1761 3859 sempiternam
1817 3791 1957 3844 hanc
1988 3790 2085 3845 de-

509 3889 851 3941 luctationem
892 3886 1112 3944 habere,
1156 3895 1255 3935 nec
1278 3897 1399 3949 qua:
1419 3882 1484 3934 ad
1518 3882 1849 3952 contrariam
1876 3893 2086 3952 partem

508 3987 779 4049 spectant,
804 3991 927 4029 cmn
951 3976 1053 4028 hac
1085 3976 1201 4043 ipsa
1226 3974 1497 4028 suavitate
1531 3946 1959 4029 comniiinieare.
1993 3975 2089 4028 At-

508 4085 618 4139 que
663 4069 709 4121 si
744 4067 1034 4122 contidenti
1068 4066 1249 4118 animo
1289 4065 1434 4134 loqui
1492 4065 1671 4129 decet,
1723 4063 1957 4121 fortasse
1985 4065 2088 4120 hoc

510 4162 586 4215 ita
622 4168 725 4220 est,
749 4173 812 4211 ac
845 4158 889 4212 si
913 4158 1036 4227 quis
1069 4172 1097 4210 a
1135 4156 1336 4210 mundo
1358 4158 1484 4219 hoc,
1509 4156 1603 4225 qui
1635 4156 1688 4211 in
1725 4156 1962 4226 maligno
1994 4171 2089 4225 po-

507 4255 650 4309 situs
678 4259 778 4313 est,
804 4251 858 4304 in
879 4248 1187 4320 paradisum
1207 4264 1400 4304 rursus
1431 4253 1695 4318 rapiatur,
1720 4250 1865 4320 quod
1889 4250 2089 4303 Paulus

508 4341 762 4399 sublatus
819 4337 1028 4393 audivit
1079 4347 1134 4391 et
1203 4337 1336 4391 vidit
1387 4353 1511 4407 qum
1588 4354 1765 4407 neque
1831 4337 2085 4406 exprimi,

505 4450 686 4504 neque
699 4432 846 4487 cerni
867 4439 1118 4519 passum,
1142 4446 1316 4500 neque
1343 4429 1424 4484 fas
1447 4440 1530 4485 est
1555 4431 1825 4485 hominem
1851 4431 1994 4499 loqui
2019 4431 2079 4485 ¹⁹.
2121 4456 2162 4509 ο

1091 4563 1322 4620 CAPUT
1351 4564 1484 4618 Xlil.

622 4656 986 4728 Virginitatem
1034 4672 1327 4711 crematam
1362 4674 1476 4711 esse
1501 4658 1684 4711 mortis
1724 4657 1980 4714 dominio.

582 4815 646 4870 Ει
678 4817 936 4886 quoniam
968 4816 1266 4869 viventium
1294 4815 1511 4884 quidem
1543 4814 1884 4869 domicilium
1910 4824 1993 4870 est
2024 4832 2087 4871 ac

504 4906 665 4967 scch
691 4908 997 4977 paradisus,
1025 4922 1198 4976 neque
1228 4921 1323 4960 eos
1350 4908 1567 4976 recipit,
1588 4908 1679 4976 qui
1710 4908 1779 4961 0|»
1801 4916 2084 4977 peccatum

509 5001 671 5057 morti
707 5000 904 5054 addicti
952 5008 1108 5063 sunt;
1169 5007 1223 5052 et
1257 5016 1355 5053 nos
1382 5016 1412 5055 e
1444 5016 1608 5054 carne
1636 5018 1848 5064 smnus,
1883 4994 2087 5055 morta-

509 5095 702 5161 lesque
739 5100 965 5161 peccato
996 5091 1289 5144 venundati
1326 5110 1338 5144 :
1373 5092 1649 5161 quomoth
1703 5065 2085 5147 in‘ﬁventium

509 5186 632 5238 loco
655 5199 778 5238 esse
812 5183 857 5237 is
893 5192 1090 5252 potest,
1120 5184 1210 5250 qui
1247 5184 1438 5237 mortis
1474 5185 1523 5236 vi
1558 5194 1611 5237 et
1636 5193 1901 5253 potestate
1936 5194 2086 5239 tene-

508 5277 638 5330 tur?
673 5277 840 5341 Quum
876 5276 1114 5341 modum,
1137 5276 1350 5346 qumlve
1382 5278 1674 5331 consilium
1707 5278 1793 5331 hic
1826 5278 2081 5333 inveniet.

510 5379 570 5422 ut
598 5370 699 5421 hac
733 5369 850 5439 ipsa
886 5378 1154 5438 potestate
1183 5370 1395 5425 solutus
1444 5386 1507 5424 ae
1537 5371 1671 5425 liber
1704 5371 1827 5424 ﬁat?
1857 5372 1923 5423 At
1958 5386 2085 5424 vero

509 5462 575 5515 ad
611 5464 712 5514 hoc
780 5463 860 5515 vel
894 5464 1028 5516 satis
1056 5466 1280 5517 omnino
1344 5472 1428 5517 est
1482 5462 1758 5532 Evangelii
1809 5462 2082 5515 doctrina.

500 5552 652 5619 Quin
685 5554 848 5606 etiam
886 5552 1175 5608 Dominum
1212 5555 1541 5620 audivimus,
1593 5554 1687 5626 qui
1732 5551 2084 5609 Nicodamum

580 5730 629 5765 "
669 5730 715 5787 li
746 5729 873 5811 Cor.
907 5747 1002 5799 xn,
1035 5730 1071 5783 ‘2.
1097 5745 1217 5800 sqq.

2190 1902 2290 1949 πος
2311 1900 2325 1915 '
2346 1885 2439 1937 ἐπὶ
2462 1884 2636 1954 τούτῳ
2653 1883 2756 1948 ἔξω
2786 1883 2893 1935 τῶν
2916 1882 3013 1952 τῆς
3049 1881 3251 1952 σαρκὸς
3284 1876 3771 1949 προκαλυμμάτων

2189 1977 2463 2047 γενέσθαι,
2507 1977 2634 2039 τοὺς
2684 1974 3039 2045 δερματίνους
3082 1971 3334 2042 χιτῶνας,
3397 1967 3662 2027 τουτέστι,
3705 1964 3769 2018 τὸ

2190 2069 2444 2140 φρόνημα
2494 2069 2594 2138 τῆς
2648 2066 2849 2137 σαρκὸς
2903 2062 3416 2131 ἀπεκδυσαμένουςο
3451 2060 3543 2113 καὶ
3587 2059 3769 2113 πάντα

2188 2160 2598 2230 ἀπειπαμένους
2635 2159 2705 2211 τά
2749 2156 2967 2229 κρυπτά
2998 2158 3096 2226 τῆς
3140 2152 3430 2223 αἰσχύνης,
3471 2149 3665 2220 μηκέτι
3697 2150 3767 2218 τῇ

2190 2253 2326 2323 συκῇ
2354 2249 2447 2304 τοῦ
2474 2249 2670 2321 πικροῦ
2719 2249 2831 2319 βίου
2882 2245 3332 2307 ὑποσκιαζεσθαι,
3377 2242 3491 2296 ἀλλ’
3531 2240 3765 2311 ἀπορρί-

2186 2341 2392 2411 ψαντας
2436 2340 2505 2394 τὰ
2542 2341 2606 2392 ἐκ
2653 2339 2761 2393 τῶν
2809 2337 3160 2409 προσκαίρων
3197 2334 3400 2388 τούτων
3429 2331 3641 2399 φύλλων
3667 2330 3768 2399 τῆς

2189 2431 2335 2501 ζωῆς
2387 2430 2849 2500 προκαλύμματα,
2891 2431 2947 2481 ὲν
2984 2427 3279 2496 ὀφθαλμοῖς
3320 2422 3567 2492 γίνεσθαι
3602 2420 3777 2473 πάλιν

2186 2524 2281 2576 τοῦ
2309 2524 2611 2584 κτίσαντος,
2638 2522 2737 2590 τήν
2773 2536 2833 2571 τε
2890 2517 3031 2571 κατά
3059 2515 3247 2585 γεῦσιν
3270 2516 3364 2567 καὶ
3395 2513 3517 2582 ὄψιν
3551 2511 3773 2580 ἀπάτην

2188 2614 2531 2677 ἀπώσασθαι,
2569 2612 2630 2665 σύ
2642 2610 2870 2682 μθουλον
2902 2609 3083 2663 οὐκέτι
3112 2608 3200 2661 τὸν
3225 2607 3428 2660 ίοὸόλον
3454 2605 3598 2674 ὅφιν,
3631 2602 3773 2657 ἀλλά

2186 2707 2286 2779 τὴν
2315 2705 2533 2777 ἐντολὴν
2555 2706 2648 2757 τοῦ
2685 2703 2819 2756 Θεοῦ
2875 2702 3039 2771 μόνην
3070 2701 3232 2770 ἔχειν.
3270 2699 3417 2767 Αύτη
3453 2697 3509 2748 δέ
3541 2698 3680 2761 ἐστι,
3706 2695 3775 2748 τὸ

2192 2799 2353 2869 μόνου
2383 2797 2476 2848 τοῦ
2506 2795 2670 2849 καλοῦ
2694 2793 2961 2848 ἅπτεσθαι
2981 2807 2994 2820 ⁸
3026 2793 3125 2862 τὴν
3145 2790 3201 2842 δὲ
3230 2790 3338 2842 τῶν
3362 2786 3612 2861 πονηρῶν
3641 2786 3777 2853 γεῦ-

2190 2908 2274 2944 σιν
2328 2887 2690 2944 ἀπώσασθαιο
2747 2886 2824 2948 ὼς
2881 2883 3089 2937 ἐκεῖθεν
3139 2885 3272 2952 ἡμῖν
3304 2881 3404 2949 τῆς
3442 2879 3548 2932 τῶν
3579 2876 3779 2931 κακῶν

2187 2980 2507 3042 ἀκολουθίας
2547 2978 2721 3049 ἀρχὴν
2772 2975 3062 3045 λαϐούσης,
3098 2975 3161 3025 ὲκ
3203 2972 3297 3026 τοῦ
3340 2972 3413 3041 μὴ
3450 2969 3675 3037 θελῆσαι
3708 2968 3779 3020 τὸ

2110 3109 2153 3166 C
2188 3074 2357 3127 κακὸν
2383 3074 2665 3143 ἀγνοῆσαι.
2708 3068 2799 3122 Διὸ
2832 3069 2927 3166 καὶ
2964 3064 3250 3136 ἀπερρήθη
3285 3066 3435 3166 τοῖς-
3448 3059 3778 3166 πρωτοπλά-

2189 3181 2335 3227 στοις
2361 3164 2422 3216 τὸ
2461 3163 2533 3232 μὴ
2583 3160 2720 3232 μετά
2772 3156 2863 3212 τοῦ
2902 3157 3069 3211 καλοῦ
3106 3157 3200 3208 καὶ
3246 3154 3343 3224 τὴν
3369 3154 3476 3205 τῶν
3509 3150 3777 3205 ἐναντίων

2186 3256 2385 3326 γνῶσιν
2408 3255 2590 3308 λαϐεῖν
2615 3269 2627 3283 ·
2657 3252 2770 3306 ἀλλ’
2800 3248 3136 3321 ἀποσχέσθαι
3160 3247 3258 3317 μὲν
3271 3246 3365 3298 τοῦ
3390 3243 3634 3312 γνωστοῦ
3662 3257 3775 3295 κα-

2186 3349 2279 3402 λοῦ
2312 3366 2367 3401 τε
2389 3349 2481 3401 καὶ
2504 3344 2765 3417 πονηροῦ,
2792 3343 3031 3413 καθαρὸν
3053 3341 3107 3393 δὲ
3141 3341 3234 3393 καὶ
3259 3337 3452 3409 ἀμιγὲς
3485 3336 3577 3389 καὶ
3593 3335 3779 3404 ἀμέτσ

2187 3458 2309 3512 οχον
2364 3438 2458 3493 τοῦ
2492 3437 2663 3492 κακοῦ
2691 3436 2751 3490 τὸ
2791 3434 2996 3504 ἀγαθὸν
3025 3430 3385 3503 καρποῦσθαι.
3413 3429 3592 3499 Ὅπερ
3616 3426 3781 3481 οῦδὲν

2187 3534 2315 3589 ἄλλο
2337 3531 2504 3592 ἐστὶν,
2534 3529 2609 3593 ὥς
2627 3546 2689 3598 γε
2712 3530 2740 3581 ὁ
2767 3527 2895 3597 ἐμὸς
2919 3525 3095 3592 λόγος,
3126 3523 3158 3592 ἢ
3191 3521 3326 3592 μετά
3355 3520 3448 3573 τοῦ
3475 3518 3609 3571 Θεοῦ
3627 3514 3778 3572 εἶναι

2192 3626 2370 3696 μόνον,
2402 3622 2496 3676 καὶ
2553 3620 2754 3689 ταύτην
2809 3616 3086 3670 ἄπαυστον
3119 3614 3262 3683 ἔχειν
3293 3611 3384 3664 καὶ
3415 3609 3635 3679 διηνεκῆ
3668 3607 3780 3677 τὴν

2188 3715 2419 3788 τρυφὴν,
2454 3714 2547 3766 καὶ
2579 3710 2773 3781 μηκέτι
2812 3703 3310 3776 συγκαταμιγνύειν
3352 3705 3418 3772 τῇ
3469 3700 3777 3753 ἀπολαύσει

2187 3808 2360 3879 ταύτῃ
2406 3804 2476 3857 τά
2523 3804 2659 3874 πρὸς
2699 3801 2759 3854 τὸ
2809 3798 3048 3851 ἐναντίον
3078 3796 3398 3865 ἀφέλκοντα.
3442 3794 3551 3847 Καὶ
3588 3794 3637 3844 εἰ
3663 3792 3777 3863 χρὴ

2188 3901 2563 3970 τολμήσαντας
2609 3896 2803 3958 εἰπεῖν,
2833 3895 2972 3965 τάχα
3010 3892 3182 3954 οὕτως
3213 3890 3277 3943 ἄν
3304 3906 3389 3951 τις
3414 3886 3524 3939 ἀπὸ
3552 3884 3647 3938 τοῦ
3675 3887 3768 3938 κό-

2192 4011 2352 4064 σμου,
2392 3991 2450 4055 ὃς
2503 3993 2560 4044 ὲν
2597 3988 2674 4058 τῷ
2717 3988 2936 4059 πονηρῷ
2964 3989 3160 4049 κεῖται,
3195 3980 3467 4054 ἁρπαγείη
3498 3978 3665 4030 πάλιν
3692 3980 3777 4040 εἰς

2190 4087 2278 4138 τὸν
2313 4083 2661 4156 παράδεισον,
2690 4083 2747 4133 ὲν
2769 4073 2812 4148 ᾧ
2850 4080 2942 4132 καὶ
2978 4077 3185 4139 Παῦλος
3221 4075 3531 4143 γενόμενος,
3566 4070 3776 4141 ἤκουσέ

2188 4198 2247 4232 τε
2303 4179 2397 4234 καλ¹
2457 4176 2531 4229 ῖδε
2592 4176 2661 4230 τὰ
2693 4176 2907 4246 ἄρρητα
2946 4173 3040 4225 καὶ
3072 4169 3295 4231 ἀθέατα,
3332 4167 3368 4222 ἀ
3399 4167 3499 4220 οὐκ
3532 4164 3650 4229 ἐξὸν
3674 4165 3774 4218 ἀν-

2191 4273 2220 4326 θ
2228 4270 2394 4343 ρώπῳ
2430 4268 2681 4339 λαλῆσαι.

2776 4552 3025 4606 ΚΕΦΑΛ.
3069 4549 3164 4604 ΙΓ’.

2189 4651 2317 4702 ’Ὁτι
2344 4648 2382 4717 ὴ
2414 4645 2700 4714 παρθενία
2721 4640 3136 4717 κρείττων-τεῆς
3169 4638 3275 4693 τοῦ
3299 4637 3557 4693 θανάτου
3586 4635 3777 4689 δυνα-

2766 4714 2971 4778 στείας
2995 4713 3188 4765 ἐστίν.

2266 4811 2404 4864 Ἀλλ’
2432 4806 2617 4879 ἐπειδὴ
2638 4807 2665 4859 ὁ
2686 4805 3010 4875 παράδεισος
3029 4803 3243 4867 ζώντων
3261 4800 3408 4854 ἐστὶν
3433 4798 3775 4868 οἰκητήριον,

2186 4907 2307 4967 τοὺς
2324 4903 2411 4957 διὰ
2426 4902 2524 4972 τῆς
2544 4899 2813 4971 ἁμαρτίας
2829 4896 3200 4967 νεκρωθέντας
3214 4895 3275 4947 οὐ
3298 4889 3729 4964 προσδεχόμενος
3751 4903 3771 4919 ο

2186 4997 2345 5066 ἡμεῖς
2374 4994 2431 5047 δὲ
2464 4995 2708 5063 σάρκινοι
2748 4990 2897 5052 ὄντες
2924 4990 3016 5040 καὶ
3046 4986 3248 5055 θνητοὶ,
3284 4981 3626 5053 πεπραμένοι
3664 4978 3779 5033 ὑπὸ

2185 5089 2283 5158 τῆς
2310 5085 2579 5157 ἁμαρτίας
2607 5101 2620 5114 ·
2651 5082 2768 5145 πῶς
2824 5081 2971 5134 ἔστιν
3008 5081 3066 5132 ὲν
3104 5081 3171 5149 τῇ
3209 5075 3362 5147 χώρᾳ
3401 5074 3509 5128 τῶν
3549 5071 3777 5136 ζώντων

2187 5178 2434 5248 γενέσθαι
2462 5178 2553 5229 τὸν
2577 5177 2642 5244 τῇ
2674 5173 2963 5244 δυναστείᾳ
2978 5170 3070 5224 τοῦ
3107 5169 3332 5222 θανάτου
3364 5163 3771 5233 κρατούμενονς

2189 5271 2346 5323 Ποῖον
2372 5266 2678 5339 τρόπονκαὶ
2706 5264 2858 5317 ποίαν
2889 5263 3129 5315 ἐπίνοιαν
3155 5259 3362 5328 ἐξεύροι
3392 5273 3472 5318 τις
3502 5253 3588 5316 ἂν,
3621 5255 3777 5315 ὅπως

2194 5363 2289 5431 τῆς
2342 5359 2589 5426 ἐξουσίας
2636 5355 2839 5423 ταύτης
2890 5355 2994 5420 ἔξω
3031 5353 3348 5421 γενήσεταις
3417 5346 3555 5398 Ἀλλ’
3609 5342 3777 5414 ἀρκεῖ

2160 5494 2163 5497 ς
2195 5454 2411 5514 πάντως
2452 5450 2544 5502 καὶ
2570 5448 2702 5518 πρὸς
2730 5446 2888 5499 τοῦτο
2917 5447 2949 5514 ἡ
2985 5441 3079 5494 τοῦ
3109 5437 3438 5507 Εὑαγγελίου
3469 5437 3771 5504 ὑφήγησις.

2196 5543 2405 5601 υύκοῦν
2432 5540 2741 5609 ἠκούσαμεν
2780 5536 2874 5591 τοῦ
2909 5534 3115 5606 Κυρίου
3162 5530 3296 5602 πρὸς
3330 5528 3420 5581 τὸν
3460 5524 3773 5595 Νικόδημον
