4072 6156
354 283 465 341 3'27

1694 291 1783 346 DE
1825 291 2293 350 VIRGINITATE.

3505 296 3611 351 578

358 401 629 469 λέγοντος,
658 402 740 455 ὅτι
772 421 791 455 ι
828 403 900 457 Τὸ
926 404 1319 477 γεγεννημένον
1344 409 1408 465 ἐκ
1427 409 1524 479 τῆς
1547 410 1768 480 σαρκὸς,
1793 409 1918 480 σάρξ

2034 408 2119 464 his
2144 409 2326 464 verbis
2381 408 2680 479 alloquitur
2720 428 2732 464 :
2769 426 2787 461 ι
2826 409 2979 475 Quod
3014 425 3044 466 e
3070 424 3236 465 carne
3284 417 3471 463 natum
3501 418 3607 476 est,

359 495 522 546 ἐστιν·
556 493 619 547 τὸ
643 493 700 547 δὲ
731 498 1121 567 γεγεννημένον
1144 501 1209 552 ἐκ
1231 499 1322 553 τοῦ
1356 502 1685 571 πνεύματος,
1711 502 1931 571 πνεῦμά

356 585 520 636 ἐστιν.
559 604 578 637 ι
609 586 842 656 Οἴδαμεν
886 588 941 640 δὲ
988 588 1086 660 τὴν
1119 590 1217 660 μὲν
1267 590 1444 661 σάρκα
1472 591 1685 662 θανάτῳ
1714 592 1800 647 διὰ
1833 593 1930 663 τὴν

354 675 631 746 ἁμαρτίαν
662 672 825 731 οὖσαν
848 679 1122 744 ὑπόδικον,
1139 681 1270 734 τὸδὲ
1295 684 1518 753 Πνεῦμα
1544 684 1637 737 τοῦ
1666 684 1802 737 Θεοῦ
1837 684 1931 738 καὶ

354 768 649 838 ἄφθαρτον,
682 769 774 821 καὶ
808 769 1093 835 ζωοποιὸν,
1133 776 1226 826 καὶ
1258 773 1542 828 ἀθάνατον.
1581 776 1792 845 ’Ὠσπερ
1816 775 1931 830 τοι·

352 873 447 907 νυν
474 859 540 925 τῇ
583 858 722 911 κατὰ
768 858 944 928 σάρκα
990 860 1201 927 γενέσει
1239 864 1687 918 συναποτίκτεται
1713 866 1930 930 πάντως

354 946 448 997 καὶ
473 945 811 1016 ήδιαλύουσα
834 948 894 1001 τὸ
916 949 1251 1020 γεννώμενον
1279 953 1505 1023 δύναμις
1524 971 1536 984 ⁸
1569 956 1712 1010 οὓτω
1729 957 1927 1027 δηλαδὴ

352 1037 445 1090 καὶ
484 1038 545 1091 τὸ
585 1040 806 1111 Πνεῦμα
842 1046 951 1105 τοῖς
986 1044 1052 1096 δι’
1082 1045 1245 1098 αὑτοῦ
1274 1049 1629 1117 γεννωμένοις
1669 1051 1765 1120 τὴν
1796 1050 1929 1114 ζωο-

353 1129 506 1182 ποιὸν
552 1132 925 1187 ἐναποτίθεται
971 1136 1219 1208 δύναμιν.
1259 1139 1323 1192 Τί
1357 1136 1450 1193 οὖν
1490 1142 1792 1195 ὰνακύπτει
1840 1142 1927 1196 διὰ

348 1218 460 1273 τῶν
488 1222 817 1293 είρημένων;
861 1227 1223 1294 Ἀποστὰντας
1263 1232 1409 1302 ἡμᾶς
1436 1233 1536 1304 τῆς
1575 1237 1713 1289 κατὰ
1749 1235 1926 1305 σάρκα

350 1309 517 1380 ζωῆς,
609 1315 825 1378 πάνως
849 1319 1087 1382 τοιοῦτος
1119 1323 1470 1377 ἐπακολουθεῖ
1495 1326 1591 1378 καὶ
1617 1328 1644 1379 6
1677 1325 1924 1389 θάνατος,

349 1400 588 1455 τοιοῦτον
613 1405 1090 1477 ἐπιζητῆσαιβίον,
1125 1410 1184 1473 ὃς
1211 1412 1396 1466 οὐκέτι
1428 1413 1522 1466 τοῦ
1558 1413 1788 1469 Θανάτου
1827 1414 1925 1484 τὴν

346 1488 671 1575 ακολουθίαν
701 1495 1005 1562 ἐφέλκεται.
1042 1491 1209 1564 Οὗτος
1243 1501 1300 1554 δέ
1323 1503 1469 1556 ἐστιν
1509 1505 1538 1556 ὸ
1570 1506 1628 1558 ἐν
1658 1504 1926 1575 παρθενίᾳ

348 1574 484 1645 βίος.
526 1582 635 1635 Καὶ
678 1583 754 1645 ὡς
804 1584 980 1655 ἀληθῆ
1024 1587 1217 1651 ταῦτα,
1268 1590 1480 1660 μικρῶν
1518 1574 1924 1664 προστεθέντων

345 1670 501 1725 ἔσται
549 1676 1045 1748 καταφανέστερον.
1080 1681 1177 1743 Τίς
1220 1680 1329 1752 γὰρ
1375 1683 1476 1736 οὐκ
1516 1679 1674 1750 οἶδεν,
1709 1684 1791 1737 ὅτι
1823 1685 1924 1755 τῆς

2038 514 2168 553 caro
2195 509 2307 565 est;
2331 500 2476 569 quod
2499 516 2529 555 e
2552 500 2748 570 spiritu
2776 509 2962 555 natum
2993 510 3098 564 est,
3122 502 3349 571 spiritus
3377 510 3462 557 est
3487 502 3555 556 ’°.
3583 519 3602 553 ι

2036 590 2103 643 Et
2141 605 2243 646 nos
2293 591 2566 656 novimus,
2593 606 2812 646 carnem
2847 601 3067 663 propter
3111 602 3397 663 peceatum
3445 594 3607 647 morti
3642 598 3653 627 ι

2037 679 2375 746 subjectam;
2413 678 2506 733 Dei
2555 695 2683 734 vero
2722 681 2983 751 Spiritum
3016 692 3071 738 et
3119 683 3496 753 incorruptum
3556 691 3613 737 et

2036 770 2308 825 virilieum
2328 781 2378 825 et
2405 772 2769 827 immortalem
2798 789 2940 829 esse.
2956 775 3121 844 Atqui
3155 785 3212 829 ut
3233 776 3423 844 quode
3447 789 3613 829 carne

2036 861 2279 929 genitum
2313 868 2418 923 est,
2467 860 2691 916 inlueret
2721 862 2768 917 ei
2826 865 3050 919 omnino
3080 865 3161 920 vis
3186 866 3455 935 quaedam,
3491 880 3613 935 qua:

2038 949 2090 1004 id
2127 951 2405 1016 dissolvit,
2447 953 2594 1024 quod
2635 963 2719 1008 est
2747 969 2915 1009 carne
2958 965 3276 1010 concretum
3321 952 3464 1012 :sic~
3482 956 3610 1026 Spi-

2032 1040 2170 1095 ritus
2203 1040 2308 1094 vim
2345 1042 2636 1116 quamdam
2667 1043 2881 1096 vitalem
2918 1045 3128 1099 scilicet
3166 1046 3233 1099 iis
3261 1046 3425 1100 rebus
3458 1046 3614 1099 attri-

2032 1131 2173 1196 buit,
2211 1146 2333 1199 qu:'e
2359 1146 2388 1184 a
2413 1147 2470 1186 se
2496 1132 2810 1201 gignuntur.
2866 1131 2986 1197 Quo
3018 1142 3269 1203 spectant
3314 1136 3429 1190 bwc
3490 1149 3614 1205 qua:

2030 1222 2312 1278 diximus?
2348 1221 2414 1278 Ut
2447 1237 2577 1279 sane
2622 1224 2692 1276 ab
2727 1224 2824 1278 hac
2849 1238 2952 1289 nos
2978 1225 3194 1279 mortali
3249 1226 3357 1280 vita
3414 1228 3615 1281 abalie-

2033 1314 2166 1377 nati,
2197 1313 2281 1367 cui
2314 1313 2537 1368 omnino
2563 1328 2746 1369 comes
2776 1313 3032 1383 adjuncta
3048 1330 3193 1369 mors
3210 1324 3313 1378 est,
3340 1317 3468 1371 illud
3491 1318 3613 1371 vitae

2031 1420 2205 1475 genus
2237 1421 2568 1475 quaeramus,
2596 1421 2717 1475 qua:
2748 1406 2952 1459 nullam
2994 1407 3262 1461 moriendi
3303 1408 3608 1463 necessita-

2030 1506 2139 1551 tem
2170 1512 2356 1551 secum
2385 1496 2588 1562 trahat,
2614 1499 2723 1551 vita
2753 1505 2934 1551 autent
2997 1497 3267 1567 ejusmodi
3300 1499 3356 1554 in
3389 1501 3626 1575 virgini-~

2030 1596 2139 1642 tate
2189 1588 2468 1643 consistit.
2499 1588 2674 1658 Atque
2704 1589 2816 1643 haec
2849 1589 3069 1658 quidem
3108 1605 3273 1659 quam
3320 1607 3446 1645 vera
3475 1592 3609 1658 sint,

2030 1678 2222 1748 paucis
2280 1694 2414 1734 sane
2462 1680 2793 1748 prepositis,
2856 1680 3129 1749 apertiora
3189 1682 3337 1735 lient.
3397 1683 3613 1748 Quotus

347 1764 450 1835 μὲν
476 1768 793 1837 σωματικῆς
821 1771 1113 1839 συναφείας
1140 1772 1202 1825 τὸ
1229 1774 1388 1845 ἔργον
1418 1775 1685 1844 σωμάτων
1714 1774 1918 1846 θνητῶν

2023 1768 2169 1821 enim
2197 1768 2431 1837 quisque
2460 1780 2561 1831 est,
2583 1767 2677 1837 qui
2708 1769 2939 1837 ignoret,
2972 1784 3249 1839 corporea:
3271 1771 3615 1840 conjunctiry

341 1857 462 1909 ἐστι
502 1858 815 1930 κατασκευή
839 1898 854 1920 ,
891 1864 989 1932 τῆς
1025 1862 1083 1915 δὲ
1128 1863 1267 1933 πρὸς
1309 1864 1371 1918 τὸ
1399 1865 1615 1937 πνεῦμα
1639 1867 1924 1930 κοινωνίας

341 1946 459 2017 ζωὴ
523 1950 617 2003 καὶ
677 1950 957 2021 ἀφθαρσία
1000 1956 1113 2017 τοῖς
1157 1956 1509 2023 συναφθεῖσιν
1553 1958 1673 2010 ἀντὶ
1718 1958 1922 2013 τέκνων

339 2041 725 2111 προσγίνεται;
780 2042 887 2097 Καὶ
931 2044 1112 2106 καλῶς
1145 2035 1258 2101 ἐστι
1285 2048 1345 2101 τὸ
1370 2048 1725 2102 ἁποστολικὸν
1748 2052 1921 2104 εἰπεῖν

336 2132 435 2185 ἐπὶ
458 2131 769 2198 τούτου,ὃτι
798 2134 1069 2199 «Σώζεται
1096 2138 1183 2191 διὰ
1202 2140 1301 2209 τῆς
1314 2141 1656 2209 τεκνογονίας
1681 2140 1913 2210 ταύτης»

332 2224 372 2293 ἡ
416 2222 527 2275 τῶν
565 2223 819 2278 τοιούτων
837 2225 1044 2280 τέκνων
1089 2230 1274 2300 μήτηρ
1300 2231 1918 2303 εὐφραινομένη.καθὼς

332 2316 398 2368 ἐν
426 2313 592 2378 θείοις
621 2314 808 2386 ὕμνοις
847 2318 879 2371 6
926 2319 1229 2391 Ψαλμῳδὸς
1272 2324 1677 2395 ἀνευφήμησεν,
1710 2327 1881 2381 εἰπών
1900 2345 1915 2359 ·

338 2424 361 2457 ι
414 2405 473 2460 '0
499 2406 825 2472 κατοικίζων
865 2411 1085 2480 στεῖραν
1114 2413 1172 2464 ὲν
1193 2411 1326 2482 οἴκῳ
1351 2414 1563 2484 μητέρα
1593 2416 1686 2468 ἐπὶ
1707 2416 1919 2479 τέκνοις

331 2494 792 2568 εὐφραινομὲνην.
830 2517 848 2549 ι
884 2499 1244 2571 Εὐφραίνεται
1266 2502 1375 2575 γὰρ
1405 2505 1588 2575 μήτηρ
1613 2506 1688 2569 ὡς
1703 2506 1920 2576 ἀληθῶς

330 2588 368 2658 ή
404 2588 674 2658 παρθένος
715 2590 920 2662 μήτηρ,
951 2593 984 2662 ή
1010 2592 1079 2646 τὰ
1103 2593 1348 2649 ἀθάνατα
1375 2595 1540 2650 τέκνα
1578 2597 1919 2668 κυοφοροῦσα

324 2677 422 2732 διὰ
453 2678 548 2732 τοῦ
576 2679 910 2751 Πνεύματος,
961 2685 1151 2755 στεῖρα
1186 2684 1276 2739 διὰ
1307 2687 1406 2758 τὴν
1438 2689 1788 2760 σωφροσύνην
1813 2690 1918 2742 ὑπὸ

329 2767 429 2820 τοῦ
486 2768 774 2839 Προφήτου
824 2770 1206 2843 ὠνομασμένη.
1238 2775 1445 2830 Οὐκοῦν
1467 2779 1496 2829 6
1537 2778 1776 2841 τοιοῦτος
1804 2779 1918 2848 βίος

329 2860 703 2928 προτιμητέος
743 2865 855 2925 τοῖς
905 2879 970 2930 γε
1004 2863 1127 2916 νοῦν
1161 2864 1398 2935 ἔχουσιν,
1437 2867 1496 2931 ὃς
1526 2869 1791 2941 κρείττων
1817 2872 1917 2942 τῆς

327 2947 426 3000 τοῦ
463 2947 693 3001 θανάτου
714 2950 1031 3015 δυναστείας
1056 2953 1221 3008 ἐστίν.
1260 2956 1322 3008 Ἡ
1345 2957 1453 3027 γὰρ
1478 2962 1762 3032 σωματικὴ
1790 2979 1917 3015 παι-

327 3038 547 3091 δοποιία
596 3040 712 3103 (καὶ
749 3040 936 3109 μηδεὶς
972 3043 1275 3116 δυσχεράνῃ
1313 3046 1390 3117 τῷ
1418 3046 1582 3118 λόγῳ)
1626 3050 1687 3103 οὐ
1715 3051 1914 3121 μᾶλλον

329 3129 481 3196 ζωῆς
509 3131 543 3200 ἢ
586 3131 721 3185 ἀλλὰ
763 3131 994 3186 θανάτου
1032 3138 1147 3199 τοῖς
1180 3137 1485 3207 ἀνθρώποις
1517 3141 1739 3214 ἀφορμὴ
1774 3144 1917 3212 γίνε-

327 3240 422 3276 ται
446 3240 460 3254 ·
492 3223 601 3276 ἀπὸ
631 3224 743 3294 γὰρ
766 3225 1029 3291 γενέσεως
1074 3228 1108 3296 ὴ
1149 3226 1324 3299 φθορὰ
1350 3230 1447 3296 τὴν
1475 3232 1648 3302 ἀρχὴν
1677 3234 1789 3303 ἔχει
1807 3274 1822 3298 ,
1849 3231 1916 3308 ἦς

326 3315 380 3367 οἱ
419 3315 757 3384 παυσάμενοι
787 3315 876 3369 διὰ
897 3316 996 3386 τῆς
1022 3318 1338 3388 παρθενίας,
1359 3323 1416 3373 ἐν
1448 3323 1660 3387 ἑαυτοῖς
1682 3326 1916 3397 ἔστησαν

327 3406 434 3476 τὴν
468 3404 563 3458 τοῦ
587 3406 819 3461 θανάτου
866 3411 1237 3481 περιγραφὴν,
1281 3414 1589 3484 περαιτέρω
1634 3417 1916 3485 προελθεῖν

327 3498 496 3550 αὐτὸν
531 3498 598 3551 δι’
621 3497 832 3551 ἑαυτῶν
862 3500 1222 3565 κωλύσαντες,
1248 3504 1341 3556 καὶ
1368 3504 1556 3578 ὥσπερ
1580 3524 1632 3561 τι
1669 3509 1916 3579 μεθόριον

328 3592 565 3646 θανάτου
613 3593 708 3646 καὶ
739 3591 886 3662 ζωῆς
908 3595 1118 3659 ἑαυτοῖς
1148 3597 1461 3665 στήσαντες,
1494 3601 1722 3671 ἐπέσχον
1754 3602 1915 3655 αὑτὸν

325 3684 433 3753 τῆς
457 3684 551 3737 ἐπὶ
569 3683 631 3737 τὸ
654 3684 844 3755 πρόσω
866 3687 1056 3753 φορᾶς.
1080 3688 1142 3740 Εἰ
1169 3684 1261 3742 οὖν
1289 3690 1349 3741 οὐ
1376 3689 1599 3744 δύναται
1625 3694 1915 3763 παρελθεῖν

325 3778 433 3847 τὴν
475 3776 784 3848 παρθενίαν
836 3779 866 3830 6
911 3778 1162 3842 θάνατος,
1211 3771 1326 3834 ἀλλ’
1361 3783 1417 3834 ἐν
1447 3784 1581 3854 αὐτῇ
1620 3785 1915 3856 καταλήγει

324 3869 428 3921 καὶ
476 3868 842 3933 καταλύεται,
883 3869 1070 3938 σαφῶς
1121 3871 1500 3926 ἀποδείκνυται
1552 3874 1614 3928 τὸ
1669 3878 1915 3947 κρεῖττον

323 3957 474 4013 εἶναι
494 3959 590 4011 τοῦ
615 3959 845 4013 θανάτου
874 3960 974 4032 τὴν
1001 3963 1299 4033 παρθενίαν
1318 3981 1333 3995 ·
1361 3965 1455 4018 καὶ
1477 3966 1656 4031 καλῶς
1679 3968 1914 4039 ἄφθορον

322 4050 656 4119 ὀνομάζεται
692 4050 870 4121 σῶμα,
899 4053 960 4104 τὸ
991 4054 1065 4124 μὴ
1087 4055 1440 4127 ὑπουργῆσαν
1465 4060 1530 4127 τῇ
1544 4058 1640 4111 τοῦ
1669 4059 1911 4130 φθαρτοῦ

221 4200 228 4205 _
325 4142 449 4212 βίου
494 4135 790 4215 ὑπηρεσίᾳ,
853 4145 988 4216 μηδὲ
1035 4147 1134 4218 τῆς
1166 4146 1365 4219 θνητῆς
1404 4149 1652 4221 διαδοχῆς
1682 4152 1912 4223 ὄργανον

320 4234 580 4303 γενέσθαι
615 4234 1065 4306 καταδεξάμενον.

414 4325 502 4377 Ἐν
529 4325 706 4396 τούτῳ
733 4328 840 4398 γὰρ
877 4328 1102 4398 διεκόπη
1140 4328 1203 4382 τὸ
1243 4332 1464 4401 συνεχὲς
1500 4334 1598 4405 τῆς
1626 4336 1720 4389 τοῦ
1754 4337 1908 4407 φθείσ

2025 1859 2113 1913 nis
2140 1875 2280 1929 opus
2308 1874 2432 1915 esse
2464 1860 2776 1915 mortalium
2812 1876 3102 1931 corporum
3142 1863 3617 1918 constitutionem!

2023 1964 2089 2005 ex
2135 1950 2370 2020 spiritali
2413 1965 2541 2005 vero
2588 1966 2891 2022 coogressu
2941 1952 3240 2007 liberorum
3283 1955 3402 2009 loco
3444 1956 3613 2009 vitam

2022 2047 2077 2095 et
2109 2040 2578 2096 immortalitatem
2629 2041 2879 2111 acquiri:
2919 2051 3177 2113 recteque
3210 2044 3277 2098 ad
3337 2047 3440 2100 hoc
3481 2047 3613 2101 illud

2021 2131 2265 2201 Apostoli
2300 2132 2575 2200 quadrat:
2634 2150 2654 2183 ι
2688 2131 3002 2188 Salvabitur
3031 2144 3213 2189 autem
3249 2150 3344 2205 per
3375 2138 3611 2190 tiliorum

2020 2224 2432 2293 generationem
2467 2224 2512 2256 ἰ
2536 2242 2557 2274 ι
2588 2232 2782 2288 mater,
2808 2240 2931 2294 qua:
2958 2225 3044 2280 bis
3074 2226 3199 2281 tiliis
3228 2227 3450 2297 gaudet,
3474 2235 3534 2281 ut
3559 2228 3613 2283 in

2020 2314 2225 2371 divinis
2252 2315 2470 2385 hymnis
2490 2315 2831 2370 Psalmorum
2855 2327 3009 2373 vates
3039 2318 3125 2373 his
3156 2319 3337 2373 verbis
3372 2320 3612 2376 cecinit:

2026 2425 2045 2459 ι
2084 2405 2188 2473 Qui
2233 2406 2479 2462 habitare
2514 2406 2644 2461 facit
2677 2408 2921 2462 sterilem
2947 2409 3000 2463 in
3027 2409 3190 2464 domo
3214 2419 3442 2465 matrem
3472 2410 3614 2466 [ilio—

2019 2513 2139 2552 rum
2172 2498 2440 2553 laetantem
2466 2501 2532 2552 η.
2566 2516 2587 2550 ι
2612 2496 2752 2553 Vere
2772 2501 2918 2553 enim
2944 2516 3008 2552 ac
3045 2501 3218 2556 solide
3250 2501 3401 2571 virgo
3437 2509 3614 2556 mater

2017 2588 2235 2659 gaudet,
2258 2604 2379 2658 quae
2406 2589 2634 2657 spiritus
2656 2603 2821 2658 Opere
2851 2589 3188 2645 immortales
3210 2592 3411 2646 liberos
3439 2592 3604 2660 parit,

2019 2679 2224 2735 sterilis
2276 2680 2348 2734 ob
2420 2683 2835 2749 temperantiam
2902 2698 2933 2736 a
2998 2684 3272 2761 PrOpheta
3319 2685 3609 2753 appellata.

2017 2770 2182 2825 Certe
2232 2770 2504 2839 ejusmodi
2569 2773 2701 2835 vita,
2747 2789 2867 2842 qua:
2933 2775 3043 2827 vim
3113 2776 3304 2831 mortis
3364 2783 3608 2845 supcrat,

2017 2863 2196 2931 potior
2219 2871 2304 2918 est
2353 2864 2421 2917 ab
2454 2866 2520 2918 iis
2565 2865 2831 2930 habenda,
2869 2867 2963 2936 qui
3003 2876 3182 2922 tuente
3209 2868 3417 2937 przediti
3460 2877 3603 2922 sunt.

2016 2955 2293 3023 Corporea
2321 2955 2464 3008 enim
2497 2956 2791 3009 liberorum
2820 2960 3123 3026 procreatio
3148 2975 3257 3012 non
3293 2960 3417 3013 vita:
3437 2958 3611 3029 magis

2018 3045 2177 3114 (pace
2215 3047 2459 3099 omnium
2515 3046 2721 3100 dictum
2766 3048 2858 3117 sit)
2924 3064 3086 3119 quam
3148 3050 3340 3104 mortis
3389 3051 3647 3109 occasio,

2019 3136 2338 3192 hominibus
2389 3141 2609 3193 exsistit
2671 3157 2686 3194 :
2746 3142 3016 3211 siquidem
3096 3141 3162 3195 ab
3216 3150 3338 3194 ortu
3394 3141 3608 3194 initium

2017 3228 2182 3282 habet
2218 3229 2496 3290 interitus,
2529 3246 2556 3282 a
2590 3246 2701 3299 quo
2731 3231 3063 3302 virginitatis
3095 3247 3263 3286 causa
3288 3232 3378 3301 qui
3415 3234 3610 3285 immn-

2014 3336 2114 3376 nes
2149 3319 2318 3374 futuri
2364 3331 2514 3386 sont,
2553 3324 2745 3378 mortis
2780 3327 2832 3377 in
2873 3341 2931 3379 se
2964 3325 3258 3379 terminum
3309 3325 3610 3378 consritue-

2013 3422 2165 3473 runt,
2200 3428 2325 3466 cum
2357 3415 2499 3467 ultra
2536 3416 2589 3467 in
2636 3430 2696 3469 se
2730 3416 2877 3469 illam
2914 3417 3162 3485 progredi
3202 3414 3605 3485 prohibuerint,

2014 3512 2068 3557 et
2116 3506 2240 3557 vita:
2265 3512 2319 3556 et
2350 3507 2543 3558 mortis
2569 3520 2630 3559 se
2681 3507 2837 3574 quasi
2895 3508 3157 3560 terminos
3209 3508 3424 3575 aliquos
3484 3522 3608 3560 cum

2017 3596 2331 3655 statuerint,
2349 3612 2467 3649 eam
2495 3612 2624 3651 sane
2648 3600 3057 3659 continuerunt,
3085 3614 3152 3651 ne
3178 3600 3315 3650 ultra
3356 3614 3608 3667 prorum-

2014 3696 2185 3756 peret.
2221 3686 2360 3756 Ergo
2407 3692 2450 3742 si
2485 3690 2853 3759 virginitatem
2893 3705 3040 3744 mors
3066 3707 3328 3760 superare
3364 3707 3471 3744 non
3512 3706 3608 3759 po-

2016 3787 2143 3842 test,
2177 3780 2271 3832 sed
2315 3781 2436 3847 ejus
2486 3784 2666 3849 potius
2713 3783 2966 3851 praesidio
3007 3783 3098 3835 illa
3138 3782 3494 3837 concluditur
3534 3797 3600 3836 ac

2013 3870 2355 3935 dissolvitur,
2398 3873 2527 3927 illud
2577 3876 2867 3929 tiranil'e5to
2908 3888 3246 3945 compertum
3291 3887 3395 3934 est.
3435 3883 3608 3929 morte

2014 3961 2130 4031 ip~a
2193 3963 2563 4034 virginitatem
2617 3981 2737 4020 esse
2790 3967 3151 4035 potentiorem
3200 3986 3213 4021 :
3264 3968 3409 4021 unde
3461 3975 3607 4021 recte

2014 4056 2601 4125 corpusineorruptnm
2636 4067 2884 4118 vocatur,
2910 4058 3168 4126 quoniam
3194 4056 3415 4111 caduca:
3443 4057 3606 4124 hujus

2011 4146 2133 4199 vita:
2155 4147 2365 4201 muneri
2392 4162 2568 4215 neque
2588 4163 2806 4217 operam
2830 4150 3100 4216 praestitit,
3120 4166 3293 4221 neque
3322 4150 3420 4203 hor
3442 4150 3605 4204 etiam

2011 4236 2254 4302 admisit,
2299 4253 2359 4293 se
2377 4239 2624 4293 mortalis
2646 4242 3428 4309 posteritatisinstrumentum
3466 4241 3604 4297 ﬂeri.

2080 4343 2197 4401 Hoc
2219 4347 2363 4402 enim
2402 4359 2564 4419 pacto
2594 4360 2917 4421 perpetuum
2949 4352 3102 4406 illum
3130 4360 3184 4406 et
3209 4351 3600 4418 corrumpendi

325 4417 522 4486 ρεσθαι
574 4418 670 4470 καὶ
708 4418 1072 4489 ἀποθνήσκειν
1122 4421 1463 4489 ἀκολουθίας,
1496 4424 1632 4499 ὅπερ
1657 4427 1764 4481 ἀπὸ
1813 4429 1906 4482 τοῦ

2019 4446 2065 4493 et
2101 4440 2364 4494 moriendi
2392 4457 2617 4497 cursum
2645 4440 2960 4513 interrupit,
2986 4445 3077 4514 qui
3112 4460 3139 4496 a
3166 4444 3345 4514 primo
3375 4452 3603 4513 parente

322 4508 759 4579 πρωτοπλὼτου
788 4511 883 4563 καὶ
914 4512 1075 4583 μέχρι
1094 4514 1190 4584 τῆς
1210 4513 1302 4566 τοῦ
1322 4515 1747 4585 παρθενεύοντος
1768 4518 1916 4592 ζωῆς

318 4601 416 4653 διὰ
446 4600 615 4670 μέσου
640 4601 878 4670 γέγονεν.
902 4603 1035 4655 Οὐδὲ
1058 4603 1166 4674 γὰρ
1181 4600 1250 4675 ἦν
1274 4605 1496 4662 δυνατὸν
1525 4609 1766 4680 ἀργῆσαι
1783 4629 1913 4666 ποτε

321 4694 419 4746 τὸν
448 4695 700 4757 θάνατον,
732 4695 1127 4767 ἐνεργουμένης
1152 4696 1242 4750 διὰ
1267 4696 1362 4750 τοῦ
1379 4699 1558 4769 γάμου
1579 4704 1677 4773 τῆς
1706 4704 1920 4776 ἁνθρω-

322 4786 491 4855 πίνης
510 4786 775 4855 γενέσεως
802 4803 815 4816 ·
843 4785 981 4839 ἀλλὰ
1002 4787 1203 4852 πάσαις
1229 4792 1350 4853 ταῖς
1380 4792 1783 4862 προλαὸούσαις
1821 4814 1915 4866 γε-

321 4879 470 4940 νεαῖς
495 4875 942 4948 συμπαροδεύων,
972 4878 1066 4931 καὶ⁵
1101 4881 1213 4943 τοῖς
1258 4880 1345 4933 ἀεὶ
1391 4885 1796 4953 παραγομένοις
1825 4888 1905 4951 είς

320 4967 414 5021 τὸν
446 4967 558 5037 βίον
589 4968 1114 5039 συνδιεξερχόμενος,
1141 4970 1264 5037 ὅρον
1283 4970 1382 5040 τῆς
1409 4974 1686 5043 ἐνεργείας
1709 4977 1902 5032 ἑαυτοῦ

320 5058 422 5129 τὴν
452 5059 752 5127 παρθενίαν
794 5055 971 5131 εὗρεν,
1022 5061 1082 5113 δν
1122 5062 1412 5133 παρελθεῖν
1454 5065 1564 5117 τῶν
1607 5068 1903 5139 ἀμηχάνων

319 5150 491 5202 ἐστίν.
535 5150 747 5219 Ὥσπερ
774 5150 883 5220 γὰρ
912 5151 1004 5203 ἐπὶ
1031 5152 1130 5222 τῆς
1159 5153 1409 5208 θεοτὸκου
1443 5159 1661 5229 Μαρίας
1689 5164 1715 5213 ὁ
1747 5160 1901 5229 βασι-

318 5239 519 5305 λεύσας
549 5242 659 5295 ἀπὸ
717 5243 888 5313 Ἀδὰμ
936 5244 1125 5313 μέχρις
1179 5246 1390 5315 ἐκείνης
1435 5249 1683 5314 θάνατος,
1719 5256 1901 5325 ἐπειδὴ

319 5333 419 5385 καὶ
437 5335 555 5387 κατ’
576 5333 745 5405 αὐτὴν
763 5335 1000 5403 ἐγένετο,
1023 5336 1270 5409 καθάπερ
1289 5341 1394 5392 τινὶ
1412 5343 1585 5413 πέτρᾳ
1606 5344 1684 5414 τῷ
1708 5348 1901 5417 καρπῴ

316 5424 423 5491 τῆς
445 5426 740 5495 παρθενίας
771 5428 1170 5496 προσπταίσας,
1216 5432 1341 5500 περὶ
1374 5432 1542 5503 αὐτὴν
1573 5438 1858 5507 συνετρίϐη
1884 5456 1896 5467 '

316 5513 493 5578 οῦτως
551 5518 613 5570 ἐν
638 5516 789 5588 πάσῃ
820 5517 964 5588 ψυχῇ
994 5519 1060 5588 τῇ
1082 5516 1169 5571 διὰ
1192 5520 1490 5589 παρθενίας
1515 5523 1613 5594 τὴν
1646 5527 1701 5577 ἐν
1739 5530 1901 5598 σαρκὶ

397 5700 607 5761 “Joan.
642 5706 801 5775 111,6.
879 5709 917 5741 "
950 5710 970 5762 ι
1010 5710 1246 5766 Timoth.
1273 5729 1332 5777 ιι,
1378 5715 1460 5773 l3.
1503 5717 1546 5748 ³⁸
1580 5716 1722 5772 Psal.
1763 5733 1892 5785 exn,
1922 5720 1976 5779 9.

2019 4544 2196 4598 usque
2234 4531 2301 4584 ad
2345 4533 2661 4603 virginalem
2694 4538 2860 4588 vitam
2898 4551 3175 4605 numquam
3208 4544 3291 4589 est
3329 4534 3600 4587 intermis-

2013 4634 2128 4674 sus.
2168 4619 2354 4691 Neque
2401 4626 2544 4679 enim
2579 4624 2694 4679 ﬁeri
2732 4634 2968 4694 poterat,
3003 4636 3057 4679 ut
3085 4625 3365 4677 hominum
3405 4639 3601 4693 genere

2010 4724 2042 4764 e
2071 4712 2279 4781 nuptiis
2329 4724 2648 4783 procreato,
2693 4731 2844 4769 mors
2890 4732 3130 4779 unquam
3171 4722 3464 4779 cessasset,
3502 4716 3596 4769 sed

2011 4803 2330 4870 superiores
2358 4820 2552 4859 omnes
2614 4806 2898 4860 hominum
2937 4814 3125 4861 aetates
3189 4817 3595 4876 prmtergrcssa,

2010 4906 2134 4945 cum
2167 4892 2254 4948 his
2285 4894 2449 4947 etiam
2482 4895 2574 4964 qui
2616 4895 2756 4949 hanc
2779 4897 2943 4950 vitam
2978 4896 3385 4965 ingrediuntur,
3430 4897 3593 4952 simul

2004 4982 2116 5051 jam
2144 4984 2232 5037 illa
2267 5001 2618 5054 percurrens,
2651 4989 3019 5059 virginitatem
3058 4990 3305 5045 niuneris
3351 4990 3434 5043 sui
3484 4998 3594 5044 tcr-
3657 5000 3663 5011 ‘

2011 5075 2219 5127 minum
2248 5075 2478 5142 invenit,
2516 5095 2675 5147 quem
2705 5097 2868 5150 porro
2906 5081 3186 5134 transilire
3220 5080 3434 5135 diﬂicile
3474 5090 3589 5137 est:

2010 5172 2269 5234 tanquam
2312 5166 2405 5221 Dei
2437 5173 2629 5228 matris
2668 5172 2849 5227 Mariae
2890 5181 3135 5238 tempore
3165 5172 3235 5227 ab
3261 5172 3472 5227 Adamn
3508 5189 3593 5228 us-

2008 5272 2114 5323 que
2151 5256 2216 5308 ad
2263 5272 2384 5311 eam
2431 5277 2657 5330 regnum
2704 5279 2853 5317 mors
2905 5263 3243 5318 obtinuerit:
3293 5275 3589 5334 posteaque

2008 5347 2120 5399 sola
2157 5348 2337 5410 cllirit,
2373 5362 2450 5415 ut,
2480 5368 2604 5406 cum
2642 5363 2899 5424 tanquam
2957 5354 3022 5407 ad
3059 5355 3292 5425 lapidem
3350 5358 3588 5427 aliquem

2008 5440 2337 5510 virginitatis
2370 5444 2609 5500 fructum
2648 5463 2795 5502 mors
2824 5446 3130 5512 oﬂ'enderil,
3165 5449 3216 5501 in
3240 5465 3300 5503 ea
3346 5451 3583 5504 contrita

2009 5534 2130 5588 sit:
2177 5534 2249 5588 ita
2307 5538 2454 5600 oumi
2516 5541 2722 5609 animo,
2778 5541 2872 5612 qui
2945 5540 3273 5609 virginitatis
3330 5543 3584 5611 [.n'assidio
