  <div class='ocr_page' id='page_1' title='image "/cluster/home/n/w/nwhite01/storage/ocr_20150623/46/mdp.39015011915447/197.png"; bbox 0 0 4072 6156; ppageno 0'>
   <div class='ocr_carea' id='block_1_1' title="bbox 400 273 506 331">
    <p class='ocr_par' dir='ltr' id='par_1_1' title="bbox 400 273 506 331">
     <span class='ocr_line' id='line_1_1' title="bbox 400 273 506 331; baseline 0.019 -9"><span class='ocrx_word' id='word_1_1' title='bbox 400 273 506 331; x_wconf 77' lang='lat'><strong>579</strong></span> 
     </span>
    </p>
   </div>
   <div class='ocr_carea' id='block_1_2' title="bbox 1623 273 2350 331">
    <p class='ocr_par' dir='ltr' id='par_1_2' title="bbox 1623 273 2350 331">
     <span class='ocr_line' id='line_1_2' title="bbox 1623 273 2350 331; baseline 0 -2"><span class='ocrx_word' id='word_1_2' title='bbox 1623 273 1682 331; x_wconf 90' lang='lat' dir='ltr'><strong>S.</strong></span> <span class='ocrx_word' id='word_1_3' title='bbox 1708 273 2031 331; x_wconf 72' lang='lat' dir='ltr'><strong>GliEGORli</strong></span> <span class='ocrx_word' id='word_1_4' title='bbox 2057 273 2350 331; x_wconf 79' lang='lat' dir='ltr'><strong>NYSSENI</strong></span> 
     </span>
    </p>
   </div>
   <div class='ocr_carea' id='block_1_3' title="bbox 3522 281 3627 338">
    <p class='ocr_par' dir='ltr' id='par_1_3' title="bbox 3522 281 3627 338">
     <span class='ocr_line' id='line_1_3' title="bbox 3522 281 3627 338; baseline 0.019 -2"><span class='ocrx_word' id='word_1_5' title='bbox 3522 281 3627 338; x_wconf 80' lang='lat'><strong>580</strong></span> 
     </span>
    </p>
   </div>
   <div class='ocr_carea' id='block_1_4' title="bbox 401 388 1960 466">
    <p class='ocr_par' dir='ltr' id='par_1_4' title="bbox 401 388 1957 461">
     <span class='ocr_line' id='line_1_4' title="bbox 401 388 1957 461; baseline 0.001 -18"><span class='ocrx_word' id='word_1_6' title='bbox 401 388 542 444; x_wconf 84' lang='lat' dir='ltr'><strong>hanc</strong></span> <span class='ocrx_word' id='word_1_7' title='bbox 575 390 757 445; x_wconf 90' lang='lat' dir='ltr'><strong>carnis</strong></span> <span class='ocrx_word' id='word_1_8' title='bbox 793 388 954 444; x_wconf 85' lang='lat' dir='ltr'><strong>vitam</strong></span> <span class='ocrx_word' id='word_1_9' title='bbox 989 390 1233 454; x_wconf 87' lang='lat' dir='ltr'><strong>cohibet,</strong></span> <span class='ocrx_word' id='word_1_10' title='bbox 1263 390 1517 445; x_wconf 73' lang='lat' dir='ltr'><strong>atteritur</strong></span> <span class='ocrx_word' id='word_1_11' title='bbox 1540 392 1775 461; x_wconf 89' lang='lat' dir='ltr'><strong>quodam</strong></span> <span class='ocrx_word' id='word_1_12' title='bbox 1797 390 1957 445; x_wconf 86' lang='lat' dir='ltr'><strong>modo</strong></span> 
     </span>
    </p>
   </div>
   <div class='ocr_carea' id='block_1_5' title="bbox 2060 388 3630 466">
    <p class='ocr_par' dir='ltr' id='par_1_5' title="bbox 2060 392 3630 466">
     <span class='ocr_line' id='line_1_5' title="bbox 2060 392 3630 466; baseline 0.006 -21"><span class='ocrx_word' id='word_1_13' title='bbox 2060 392 2327 466; x_wconf 79' lang='grc' dir='ltr'>παριούσῃ</span> <span class='ocrx_word' id='word_1_14' title='bbox 2373 392 2538 464; x_wconf 77' lang='grc' dir='ltr'>ζωὴν,</span> <span class='ocrx_word' id='word_1_15' title='bbox 2576 392 2989 464; x_wconf 76' lang='grc' dir='ltr'>συντριϐήσεται</span> <span class='ocrx_word' id='word_1_16' title='bbox 3021 411 3136 458; x_wconf 88' lang='grc' dir='ltr'><strong>πως</strong></span> <span class='ocrx_word' id='word_1_17' title='bbox 3185 394 3279 449; x_wconf 76' lang='grc' dir='ltr'><strong>καὶ</strong></span> <span class='ocrx_word' id='word_1_18' title='bbox 3304 394 3630 453; x_wconf 82' lang='grc' dir='ltr'><strong>καταλύεται</strong></span> 
     </span>
    </p>
   </div>
   <div class='ocr_carea' id='block_1_6' title="bbox 399 480 1958 553">
    <p class='ocr_par' dir='ltr' id='par_1_6' title="bbox 399 480 1958 553">
     <span class='ocr_line' id='line_1_6' title="bbox 399 480 1958 553; baseline 0.005 -21"><span class='ocrx_word' id='word_1_19' title='bbox 399 495 462 533; x_wconf 83' lang='lat' dir='ltr'><strong>ac</strong></span> <span class='ocrx_word' id='word_1_20' title='bbox 485 480 807 535; x_wconf 87' lang='lat' dir='ltr'><strong>dissolvitur</strong></span> <span class='ocrx_word' id='word_1_21' title='bbox 858 483 1099 551; x_wconf 90' lang='lat' dir='ltr'><strong>potentia</strong></span> <span class='ocrx_word' id='word_1_22' title='bbox 1129 483 1342 546; x_wconf 89' lang='lat' dir='ltr'><strong>mortis,</strong></span> <span class='ocrx_word' id='word_1_23' title='bbox 1397 483 1554 553; x_wconf 89' lang='lat' dir='ltr'><strong>quasi</strong></span> <span class='ocrx_word' id='word_1_24' title='bbox 1598 498 1708 538; x_wconf 89' lang='lat' dir='ltr'><strong>non</strong></span> <span class='ocrx_word' id='word_1_25' title='bbox 1761 484 1958 540; x_wconf 84' lang='lat' dir='ltr'><strong>haheat</strong></span> 
     </span>
    </p>
   </div>
   <div class='ocr_carea' id='block_1_7' title="bbox 397 570 1955 645">
    <p class='ocr_par' dir='ltr' id='par_1_7' title="bbox 397 570 1955 645">
     <span class='ocr_line' id='line_1_7' title="bbox 397 570 1955 645; baseline 0.004 -23"><span class='ocrx_word' id='word_1_26' title='bbox 397 571 600 637; x_wconf 82' lang='lat' dir='ltr'><strong>quibus</strong></span> <span class='ocrx_word' id='word_1_27' title='bbox 634 570 809 640; x_wconf 83' lang='lat' dir='ltr'><strong>ipsius</strong></span> <span class='ocrx_word' id='word_1_28' title='bbox 836 572 1091 627; x_wconf 88' lang='lat' dir='ltr'><strong>stimulus</strong></span> <span class='ocrx_word' id='word_1_29' title='bbox 1127 571 1402 643; x_wconf 75' lang='lat' dir='ltr'><strong>inligatur.</strong></span> <span class='ocrx_word' id='word_1_30' title='bbox 1432 573 1501 627; x_wconf 76' lang='lat' dir='ltr'><strong>Ut</strong></span> <span class='ocrx_word' id='word_1_31' title='bbox 1521 574 1664 628; x_wconf 90' lang='lat' dir='ltr'><strong>enim</strong></span> <span class='ocrx_word' id='word_1_32' title='bbox 1699 575 1809 645; x_wconf 90' lang='lat' dir='ltr'><strong>igni</strong></span> <span class='ocrx_word' id='word_1_33' title='bbox 1854 576 1955 631; x_wconf 87' lang='lat' dir='ltr'><strong>nisi</strong></span> 
     </span>
    </p>
   </div>
   <div class='ocr_carea' id='block_1_8' title="bbox 397 660 1956 730">
    <p class='ocr_par' dir='ltr' id='par_1_8' title="bbox 397 660 1956 730">
     <span class='ocr_line' id='line_1_8' title="bbox 397 660 1956 730; baseline 0.003 -16"><span class='ocrx_word' id='word_1_34' title='bbox 397 660 643 728; x_wconf 79' lang='lat' dir='ltr'><strong>subjecta</strong></span> <span class='ocrx_word' id='word_1_35' title='bbox 677 661 788 715; x_wconf 87' lang='lat' dir='ltr'><strong>sint</strong></span> <span class='ocrx_word' id='word_1_36' title='bbox 823 660 990 730; x_wconf 89' lang='lat' dir='ltr'><strong>ligna,</strong></span> <span class='ocrx_word' id='word_1_37' title='bbox 1031 670 1351 727; x_wconf 80' lang='lat' dir='ltr'><strong>stratuenta,</strong></span> <span class='ocrx_word' id='word_1_38' title='bbox 1401 663 1617 729; x_wconf 84' lang='lat' dir='ltr'><strong>fenum,</strong></span> <span class='ocrx_word' id='word_1_39' title='bbox 1667 674 1763 719; x_wconf 90' lang='lat' dir='ltr'><strong>aut</strong></span> <span class='ocrx_word' id='word_1_40' title='bbox 1809 665 1956 720; x_wconf 83' lang='lat' dir='ltr'><strong>aliud</strong></span> 
     </span>
    </p>
   </div>
   <div class='ocr_carea' id='block_1_9' title="bbox 398 749 1959 826">
    <p class='ocr_par' dir='ltr' id='par_1_9' title="bbox 398 749 1959 826">
     <span class='ocr_line' id='line_1_9' title="bbox 398 749 1959 826; baseline 0.006 -24"><span class='ocrx_word' id='word_1_41' title='bbox 398 749 449 802; x_wconf 93' lang='lat' dir='ltr'><strong>id</strong></span> <span class='ocrx_word' id='word_1_42' title='bbox 479 751 716 818; x_wconf 75' lang='lat' dir='ltr'><strong>generis,</strong></span> <span class='ocrx_word' id='word_1_43' title='bbox 757 751 905 819; x_wconf 89' lang='lat' dir='ltr'><strong>quod</strong></span> <span class='ocrx_word' id='word_1_44' title='bbox 937 751 1063 821; x_wconf 88' lang='lat' dir='ltr'><strong>igne</strong></span> <span class='ocrx_word' id='word_1_45' title='bbox 1093 755 1460 817; x_wconf 88' lang='lat' dir='ltr'><strong>consumitur,</strong></span> <span class='ocrx_word' id='word_1_46' title='bbox 1482 771 1591 810; x_wconf 86' lang='lat' dir='ltr'><strong>non</strong></span> <span class='ocrx_word' id='word_1_47' title='bbox 1629 765 1805 826; x_wconf 87' lang='lat' dir='ltr'><strong>potest</strong></span> <span class='ocrx_word' id='word_1_48' title='bbox 1838 758 1959 823; x_wconf 83' lang='lat' dir='ltr'><strong>ejus</strong></span> 
     </span>
    </p>
   </div>
   <div class='ocr_carea' id='block_1_10' title="bbox 398 841 1961 916">
    <p class='ocr_par' dir='ltr' id='par_1_10' title="bbox 398 841 1961 916">
     <span class='ocr_line' id='line_1_10' title="bbox 398 841 1961 916; baseline 0.006 -22"><span class='ocrx_word' id='word_1_49' title='bbox 398 841 480 896; x_wconf 85' lang='lat' dir='ltr'><strong>vis</strong></span> <span class='ocrx_word' id='word_1_50' title='bbox 529 856 594 895; x_wconf 90' lang='lat' dir='ltr'><strong>ac</strong></span> <span class='ocrx_word' id='word_1_51' title='bbox 649 851 843 896; x_wconf 90' lang='lat' dir='ltr'><strong>natura</strong></span> <span class='ocrx_word' id='word_1_52' title='bbox 887 844 1226 899; x_wconf 75' lang='lat' dir='ltr'><strong>consistere:</strong></span> <span class='ocrx_word' id='word_1_53' title='bbox 1284 846 1365 900; x_wconf 89' lang='lat' dir='ltr'><strong>sic</strong></span> <span class='ocrx_word' id='word_1_54' title='bbox 1421 862 1597 916; x_wconf 88' lang='lat' dir='ltr'><strong>neque</strong></span> <span class='ocrx_word' id='word_1_55' title='bbox 1623 849 1819 903; x_wconf 89' lang='lat' dir='ltr'><strong>mortis</strong></span> <span class='ocrx_word' id='word_1_56' title='bbox 1880 849 1961 904; x_wconf 84' lang='lat' dir='ltr'><strong>vis</strong></span> 
     </span>
    </p>
   </div>
   <div class='ocr_carea' id='block_1_11' title="bbox 397 932 1962 1009">
    <p class='ocr_par' dir='ltr' id='par_1_11' title="bbox 397 932 1962 1009">
     <span class='ocr_line' id='line_1_11' title="bbox 397 932 1962 1009; baseline 0.004 -24"><span class='ocrx_word' id='word_1_57' title='bbox 397 932 691 1002; x_wconf 79' lang='lat' dir='ltr'><strong>quidquam</strong></span> <span class='ocrx_word' id='word_1_58' title='bbox 723 933 937 999; x_wconf 76' lang='lat' dir='ltr'><strong>efﬁciet,</strong></span> <span class='ocrx_word' id='word_1_59' title='bbox 972 935 1075 989; x_wconf 78' lang='lat' dir='ltr'><strong>nisi</strong></span> <span class='ocrx_word' id='word_1_60' title='bbox 1109 937 1158 989; x_wconf 87' lang='lat' dir='ltr'><strong>ei</strong></span> <span class='ocrx_word' id='word_1_61' title='bbox 1193 938 1472 991; x_wconf 89' lang='lat' dir='ltr'><strong>materiam</strong></span> <span class='ocrx_word' id='word_1_62' title='bbox 1504 938 1815 1008; x_wconf 78' lang='lat' dir='ltr'><strong>coiijugium</strong></span> <span class='ocrx_word' id='word_1_63' title='bbox 1840 956 1962 1009; x_wconf 87' lang='lat' dir='ltr'><strong>sup-</strong></span> 
     </span>
    </p>
   </div>
   <div class='ocr_carea' id='block_1_12' title="bbox 397 1023 1957 1100">
    <p class='ocr_par' dir='ltr' id='par_1_12' title="bbox 397 1023 1957 1100">
     <span class='ocr_line' id='line_1_12' title="bbox 397 1023 1957 1100; baseline 0.004 -22"><span class='ocrx_word' id='word_1_64' title='bbox 397 1023 737 1091; x_wconf 84' lang='lat' dir='ltr'><strong>pcditaverit,</strong></span> <span class='ocrx_word' id='word_1_65' title='bbox 764 1026 1165 1095; x_wconf 73' lang='lat' dir='ltr'><strong>mon-iturosque</strong></span> <span class='ocrx_word' id='word_1_66' title='bbox 1182 1028 1339 1097; x_wconf 91' lang='lat' dir='ltr'><strong>quasi</strong></span> <span class='ocrx_word' id='word_1_67' title='bbox 1358 1028 1642 1091; x_wconf 83' lang='lat' dir='ltr'><strong>damnatos</strong></span> <span class='ocrx_word' id='word_1_68' title='bbox 1670 1032 1957 1100; x_wconf 79' lang='lat' dir='ltr'><strong>paraverit.</strong></span> 
     </span>
    </p>
   </div>
   <div class='ocr_carea' id='block_1_13' title="bbox 398 1111 1960 1188">
    <p class='ocr_par' dir='ltr' id='par_1_13' title="bbox 398 1111 1960 1188">
     <span class='ocr_line' id='line_1_13' title="bbox 398 1111 1960 1188; baseline 0.004 -22"><span class='ocrx_word' id='word_1_69' title='bbox 398 1111 454 1166; x_wconf 90' lang='lat' dir='ltr'><strong>Si</strong></span> <span class='ocrx_word' id='word_1_70' title='bbox 489 1128 616 1167; x_wconf 83' lang='lat' dir='ltr'><strong>vero</strong></span> <span class='ocrx_word' id='word_1_71' title='bbox 650 1113 890 1175; x_wconf 87' lang='lat' dir='ltr'><strong>dubitas,</strong></span> <span class='ocrx_word' id='word_1_72' title='bbox 923 1113 976 1168; x_wconf 88' lang='lat' dir='ltr'><strong>id</strong></span> <span class='ocrx_word' id='word_1_73' title='bbox 1007 1115 1169 1169; x_wconf 85' lang='lat' dir='ltr'><strong>velim</strong></span> <span class='ocrx_word' id='word_1_74' title='bbox 1202 1115 1624 1183; x_wconf 82' lang='lat' dir='ltr'><strong>animadvertas,</strong></span> <span class='ocrx_word' id='word_1_75' title='bbox 1660 1117 1802 1173; x_wconf 89' lang='lat' dir='ltr'><strong>unde</strong></span> <span class='ocrx_word' id='word_1_76' title='bbox 1834 1134 1960 1188; x_wconf 88' lang='lat' dir='ltr'><strong>pro-</strong></span> 
     </span>
    </p>
   </div>
   <div class='ocr_carea' id='block_1_14' title="bbox 398 1202 1960 1277">
    <p class='ocr_par' dir='ltr' id='par_1_14' title="bbox 398 1202 1960 1277">
     <span class='ocr_line' id='line_1_14' title="bbox 398 1202 1960 1277; baseline 0.004 -21"><span class='ocrx_word' id='word_1_77' title='bbox 398 1202 714 1258; x_wconf 79' lang='lat' dir='ltr'><strong>ficiscantur</strong></span> <span class='ocrx_word' id='word_1_78' title='bbox 742 1204 1114 1258; x_wconf 79' lang='lat' dir='ltr'><strong>calamitatum</strong></span> <span class='ocrx_word' id='word_1_79' title='bbox 1141 1207 1386 1273; x_wconf 86' lang='lat' dir='ltr'><strong>nomina,</strong></span> <span class='ocrx_word' id='word_1_80' title='bbox 1417 1223 1539 1277; x_wconf 66' lang='lat' dir='ltr'><strong>quae</strong></span> <span class='ocrx_word' id='word_1_81' title='bbox 1570 1209 1761 1263; x_wconf 86' lang='lat' dir='ltr'><strong>mortis</strong></span> <span class='ocrx_word' id='word_1_82' title='bbox 1795 1224 1960 1264; x_wconf 90' lang='lat' dir='ltr'><strong>causa</strong></span> 
     </span>
    </p>
   </div>
   <div class='ocr_carea' id='block_1_15' title="bbox 397 1293 1960 1366">
    <p class='ocr_par' dir='ltr' id='par_1_15' title="bbox 397 1293 1960 1366">
     <span class='ocr_line' id='line_1_15' title="bbox 397 1293 1960 1366; baseline 0.004 -19"><span class='ocrx_word' id='word_1_83' title='bbox 397 1293 711 1351; x_wconf 88' lang='lat' dir='ltr'><strong>hominihus</strong></span> <span class='ocrx_word' id='word_1_84' title='bbox 739 1297 1115 1366; x_wconf 88' lang='lat' dir='ltr'><strong>imponuntur,</strong></span> <span class='ocrx_word' id='word_1_85' title='bbox 1159 1308 1220 1354; x_wconf 91' lang='lat' dir='ltr'><strong>ut</strong></span> <span class='ocrx_word' id='word_1_86' title='bbox 1251 1300 1518 1355; x_wconf 85' lang='lat' dir='ltr'><strong>orationis</strong></span> <span class='ocrx_word' id='word_1_87' title='bbox 1557 1299 1712 1354; x_wconf 87' lang='lat' dir='ltr'><strong>initio</strong></span> <span class='ocrx_word' id='word_1_88' title='bbox 1753 1299 1960 1355; x_wconf 91' lang='lat' dir='ltr'><strong>dictum</strong></span> 
     </span>
    </p>
   </div>
   <div class='ocr_carea' id='block_1_16' title="bbox 396 1386 1961 1456">
    <p class='ocr_par' dir='ltr' id='par_1_16' title="bbox 396 1386 1961 1456">
     <span class='ocr_line' id='line_1_16' title="bbox 396 1386 1961 1456; baseline 0.004 -15"><span class='ocrx_word' id='word_1_89' title='bbox 396 1396 500 1442; x_wconf 89' lang='lat' dir='ltr'><strong>est.</strong></span> <span class='ocrx_word' id='word_1_90' title='bbox 533 1386 673 1442; x_wconf 88' lang='lat' dir='ltr'><strong>Num</strong></span> <span class='ocrx_word' id='word_1_91' title='bbox 720 1389 1064 1454; x_wconf 83' lang='lat' dir='ltr'><strong>viduitatem,</strong></span> <span class='ocrx_word' id='word_1_92' title='bbox 1095 1399 1189 1445; x_wconf 90' lang='lat' dir='ltr'><strong>aut</strong></span> <span class='ocrx_word' id='word_1_93' title='bbox 1216 1391 1524 1456; x_wconf 84' lang='lat' dir='ltr'><strong>orbitatem,</strong></span> <span class='ocrx_word' id='word_1_94' title='bbox 1583 1399 1678 1445; x_wconf 89' lang='lat' dir='ltr'><strong>aut</strong></span> <span class='ocrx_word' id='word_1_95' title='bbox 1727 1391 1961 1447; x_wconf 85' lang='lat' dir='ltr'><strong>filiorum</strong></span> 
     </span>
    </p>
   </div>
   <div class='ocr_carea' id='block_1_17' title="bbox 393 1478 1966 1551">
    <p class='ocr_par' dir='ltr' id='par_1_17' title="bbox 393 1478 1966 1551">
     <span class='ocr_line' id='line_1_17' title="bbox 393 1478 1966 1551; baseline 0.004 -20"><span class='ocrx_word' id='word_1_96' title='bbox 393 1478 665 1547; x_wconf 83' lang='lat' dir='ltr'><strong>jacturam</strong></span> <span class='ocrx_word' id='word_1_97' title='bbox 706 1480 893 1549; x_wconf 80' lang='lat' dir='ltr'><strong>lugere</strong></span> <span class='ocrx_word' id='word_1_98' title='bbox 924 1481 1048 1536; x_wconf 89' lang='lat' dir='ltr'><strong>licet</strong></span> <span class='ocrx_word' id='word_1_99' title='bbox 1087 1481 1293 1551; x_wconf 89' lang='lat' dir='ltr'><strong>nuptiis</strong></span> <span class='ocrx_word' id='word_1_100' title='bbox 1320 1497 1428 1536; x_wconf 90' lang='lat' dir='ltr'><strong>non</strong></span> <span class='ocrx_word' id='word_1_101' title='bbox 1471 1493 1598 1537; x_wconf 84' lang='lat' dir='ltr'><strong>ante</strong></span> <span class='ocrx_word' id='word_1_102' title='bbox 1628 1485 1966 1540; x_wconf 74' lang='lat' dir='ltr'><strong>contractis?</strong></span> 
     </span>
    </p>
   </div>
   <div class='ocr_carea' id='block_1_18' title="bbox 399 1556 1966 1641">
    <p class='ocr_par' dir='ltr' id='par_1_18' title="bbox 399 1556 1966 1641">
     <span class='ocr_line' id='line_1_18' title="bbox 399 1556 1966 1641; baseline 0.006 -20"><span class='ocrx_word' id='word_1_103' title='bbox 399 1556 677 1638; x_wconf 50' lang='lat' dir='ltr'><strong>Exoptat&#39;ze</strong></span> <span class='ocrx_word' id='word_1_104' title='bbox 704 1570 850 1624; x_wconf 81' lang='lat' dir='ltr'><strong>enim</strong></span> <span class='ocrx_word' id='word_1_105' title='bbox 888 1572 1053 1625; x_wconf 91' lang='lat' dir='ltr'><strong>animi</strong></span> <span class='ocrx_word' id='word_1_106' title='bbox 1087 1574 1420 1641; x_wconf 88' lang='lat' dir='ltr'><strong>voluptates,</strong></span> <span class='ocrx_word' id='word_1_107' title='bbox 1446 1582 1500 1626; x_wconf 85' lang='lat' dir='ltr'><strong>et</strong></span> <span class='ocrx_word' id='word_1_108' title='bbox 1526 1574 1745 1637; x_wconf 65' lang='lat' dir='ltr'><strong>laetitiae,</strong></span> <span class='ocrx_word' id='word_1_109' title='bbox 1782 1580 1838 1629; x_wconf 88' lang='lat' dir='ltr'><strong>et</strong></span> <span class='ocrx_word' id='word_1_110' title='bbox 1867 1575 1966 1630; x_wconf 83' lang='lat' dir='ltr'><strong>ob-</strong></span> 
     </span>
    </p>
   </div>
   <div class='ocr_carea' id='block_1_19' title="bbox 399 1660 1963 1733">
    <p class='ocr_par' dir='ltr' id='par_1_19' title="bbox 399 1660 1963 1733">
     <span class='ocr_line' id='line_1_19' title="bbox 399 1660 1963 1733; baseline 0.006 -22"><span class='ocrx_word' id='word_1_111' title='bbox 399 1660 737 1724; x_wconf 74' lang='lat' dir='ltr'><strong>lectationes,</strong></span> <span class='ocrx_word' id='word_1_112' title='bbox 774 1670 1060 1726; x_wconf 79' lang='lat' dir='ltr'><strong>cunctave,</strong></span> <span class='ocrx_word' id='word_1_113' title='bbox 1109 1679 1229 1733; x_wconf 74' lang='lat' dir='ltr'><strong>qua:</strong></span> <span class='ocrx_word' id='word_1_114' title='bbox 1279 1663 1332 1717; x_wconf 91' lang='lat' dir='ltr'><strong>in</strong></span> <span class='ocrx_word' id='word_1_115' title='bbox 1368 1664 1569 1733; x_wconf 89' lang='lat' dir='ltr'><strong>nuptiis</strong></span> <span class='ocrx_word' id='word_1_116' title='bbox 1584 1664 1825 1733; x_wconf 83' lang='lat' dir='ltr'><strong>jucunda</strong></span> <span class='ocrx_word' id='word_1_117' title='bbox 1871 1680 1963 1721; x_wconf 82' lang='lat' dir='ltr'><strong>ex-</strong></span> 
     </span>
    </p>
   </div>
   <div class='ocr_carea' id='block_1_20' title="bbox 2057 483 3629 557">
    <p class='ocr_par' dir='ltr' id='par_1_20' title="bbox 2057 483 3629 557">
     <span class='ocr_line' id='line_1_20' title="bbox 2057 483 3629 557; baseline 0.004 -21"><span class='ocrx_word' id='word_1_118' title='bbox 2057 483 2149 536; x_wconf 81' lang='grc' dir='ltr'>τοῠ</span> <span class='ocrx_word' id='word_1_119' title='bbox 2207 484 2436 538; x_wconf 85' lang='grc' dir='ltr'>θανάτου</span> <span class='ocrx_word' id='word_1_120' title='bbox 2480 485 2542 538; x_wconf 85' lang='grc' dir='ltr'><strong>τὸ</strong></span> <span class='ocrx_word' id='word_1_121' title='bbox 2585 485 2804 555; x_wconf 83' lang='grc' dir='ltr'>κράτος,</span> <span class='ocrx_word' id='word_1_122' title='bbox 2828 486 2929 539; x_wconf 83' lang='grc' dir='ltr'>οὐκ</span> <span class='ocrx_word' id='word_1_123' title='bbox 2954 485 3167 557; x_wconf 74' lang='grc' dir='ltr'>ἔχοντος</span> <span class='ocrx_word' id='word_1_124' title='bbox 3202 484 3311 539; x_wconf 87' lang='grc' dir='ltr'>τίσι</span> <span class='ocrx_word' id='word_1_125' title='bbox 3341 486 3403 539; x_wconf 79' lang='grc' dir='ltr'>τὸ</span> <span class='ocrx_word' id='word_1_126' title='bbox 3434 487 3629 543; x_wconf 75' lang='grc' dir='ltr'>ἑαυτοῦ</span> 
     </span>
    </p>
   </div>
   <div class='ocr_carea' id='block_1_21' title="bbox 2057 572 3629 646">
    <p class='ocr_par' dir='ltr' id='par_1_21' title="bbox 2057 572 3629 646">
     <span class='ocr_line' id='line_1_21' title="bbox 2057 572 3629 646; baseline 0.001 -19"><span class='ocrx_word' id='word_1_127' title='bbox 2057 573 2280 645; x_wconf 78' lang='grc' dir='ltr'>κέντρον</span> <span class='ocrx_word' id='word_1_128' title='bbox 2314 572 2752 645; x_wconf 77' lang='grc' dir='ltr'>ἐναπερείσηται.</span> <span class='ocrx_word' id='word_1_129' title='bbox 2782 574 2892 627; x_wconf 70' lang='grc' dir='ltr'><strong>Καὶ</strong></span> <span class='ocrx_word' id='word_1_130' title='bbox 2922 573 3031 644; x_wconf 84' lang='grc' dir='ltr'>γὰρ</span> <span class='ocrx_word' id='word_1_131' title='bbox 3055 573 3116 628; x_wconf 81' lang='grc' dir='ltr'><strong>τὸ</strong></span> <span class='ocrx_word' id='word_1_132' title='bbox 3142 573 3273 644; x_wconf 84' lang='grc' dir='ltr'>πῦρ,</span> <span class='ocrx_word' id='word_1_133' title='bbox 3310 576 3359 628; x_wconf 82' lang='grc' dir='ltr'>εἰ</span> <span class='ocrx_word' id='word_1_134' title='bbox 3394 574 3468 646; x_wconf 83' lang='grc' dir='ltr'>μὴ</span> <span class='ocrx_word' id='word_1_135' title='bbox 3503 579 3629 629; x_wconf 62' lang='grc' dir='ltr'>ὲπιτ</span> 
     </span>
    </p>
   </div>
   <div class='ocr_carea' id='block_1_22' title="bbox 2057 664 3627 736">
    <p class='ocr_par' dir='ltr' id='par_1_22' title="bbox 2057 664 3627 736">
     <span class='ocr_line' id='line_1_22' title="bbox 2057 664 3627 736; baseline 0.001 -18"><span class='ocrx_word' id='word_1_136' title='bbox 2057 664 2278 736; x_wconf 75' lang='grc' dir='ltr'>ϐληθείη</span> <span class='ocrx_word' id='word_1_137' title='bbox 2307 664 2458 729; x_wconf 84' lang='grc' dir='ltr'>ξύλα,</span> <span class='ocrx_word' id='word_1_138' title='bbox 2509 665 2606 718; x_wconf 74' lang='grc' dir='ltr'>καὶ</span> <span class='ocrx_word' id='word_1_139' title='bbox 2652 664 2890 736; x_wconf 87' lang='grc' dir='ltr'>καλάμη,</span> <span class='ocrx_word' id='word_1_140' title='bbox 2925 665 3020 719; x_wconf 81' lang='grc' dir='ltr'>καὶ</span> <span class='ocrx_word' id='word_1_141' title='bbox 3049 666 3261 736; x_wconf 82' lang='grc' dir='ltr'><strong>χόρτος,</strong></span> <span class='ocrx_word' id='word_1_142' title='bbox 3288 665 3384 719; x_wconf 81' lang='grc' dir='ltr'>καὶ</span> <span class='ocrx_word' id='word_1_143' title='bbox 3415 665 3543 719; x_wconf 78' lang='grc' dir='ltr'>ἄλλο</span> <span class='ocrx_word' id='word_1_144' title='bbox 3574 684 3627 720; x_wconf 89' lang='grc' dir='ltr'><strong>τι</strong></span> 
     </span>
    </p>
   </div>
   <div class='ocr_carea' id='block_1_23' title="bbox 2056 755 3626 829">
    <p class='ocr_par' dir='ltr' id='par_1_23' title="bbox 2056 755 3626 829">
     <span class='ocr_line' id='line_1_23' title="bbox 2056 755 3626 829; baseline 0.001 -20"><span class='ocrx_word' id='word_1_145' title='bbox 2056 757 2164 810; x_wconf 90' lang='grc' dir='ltr'><strong>τῶν</strong></span> <span class='ocrx_word' id='word_1_146' title='bbox 2203 757 2308 810; x_wconf 77' lang='grc' dir='ltr'><strong>ὑπὸ</strong></span> <span class='ocrx_word' id='word_1_147' title='bbox 2352 756 2522 828; x_wconf 83' lang='grc' dir='ltr'>πυρὸς</span> <span class='ocrx_word' id='word_1_148' title='bbox 2572 757 3003 826; x_wconf 83' lang='grc' dir='ltr'>δαπανωμένων,</span> <span class='ocrx_word' id='word_1_149' title='bbox 3041 758 3140 811; x_wconf 80' lang='grc' dir='ltr'>οὐκ</span> <span class='ocrx_word' id='word_1_150' title='bbox 3183 755 3294 828; x_wconf 69' lang='grc' dir='ltr'>ἔχει</span> <span class='ocrx_word' id='word_1_151' title='bbox 3334 756 3494 829; x_wconf 81' lang='grc' dir='ltr'>φύσιν</span> <span class='ocrx_word' id='word_1_152' title='bbox 3541 757 3626 827; x_wconf 72' lang='grc' dir='ltr'><strong>ἐφ’</strong></span> 
     </span>
    </p>
   </div>
   <div class='ocr_carea' id='block_1_24' title="bbox 2059 846 3629 918">
    <p class='ocr_par' dir='ltr' id='par_1_24' title="bbox 2059 846 3629 918">
     <span class='ocr_line' id='line_1_24' title="bbox 2059 846 3629 918; baseline -0.001 -17"><span class='ocrx_word' id='word_1_153' title='bbox 2059 847 2252 901; x_wconf 79' lang='grc' dir='ltr'>ἑαυτοῦ</span> <span class='ocrx_word' id='word_1_154' title='bbox 2298 847 2510 917; x_wconf 74' lang='grc' dir='ltr'>μένειψ</span> <span class='ocrx_word' id='word_1_155' title='bbox 2541 846 2712 911; x_wconf 77' lang='grc' dir='ltr'>οὓτως</span> <span class='ocrx_word' id='word_1_156' title='bbox 2752 847 2873 900; x_wconf 77' lang='grc' dir='ltr'>οὐδὲ</span> <span class='ocrx_word' id='word_1_157' title='bbox 2913 851 2947 918; x_wconf 78' lang='grc' dir='ltr'>ὴ</span> <span class='ocrx_word' id='word_1_158' title='bbox 2991 846 3084 900; x_wconf 81' lang='grc' dir='ltr'>τοῦ</span> <span class='ocrx_word' id='word_1_159' title='bbox 3130 846 3358 900; x_wconf 89' lang='grc' dir='ltr'>θανάτου</span> <span class='ocrx_word' id='word_1_160' title='bbox 3403 848 3629 918; x_wconf 88' lang='grc' dir='ltr'>δύναμις</span> 
     </span>
    </p>
   </div>
   <div class='ocr_carea' id='block_1_25' title="bbox 2058 937 3627 1010">
    <p class='ocr_par' dir='ltr' id='par_1_25' title="bbox 2058 937 3627 1010">
     <span class='ocr_line' id='line_1_25' title="bbox 2058 937 3627 1010; baseline -0.001 -18"><span class='ocrx_word' id='word_1_161' title='bbox 2058 939 2360 1009; x_wconf 69' lang='grc' dir='ltr'>ὲνεργήσει,</span> <span class='ocrx_word' id='word_1_162' title='bbox 2392 937 2465 1010; x_wconf 83' lang='grc' dir='ltr'>μὴ</span> <span class='ocrx_word' id='word_1_163' title='bbox 2490 938 2583 991; x_wconf 81' lang='grc' dir='ltr'>τοῦ</span> <span class='ocrx_word' id='word_1_164' title='bbox 2608 938 2786 1009; x_wconf 81' lang='grc' dir='ltr'><strong>γάμου</strong></span> <span class='ocrx_word' id='word_1_165' title='bbox 2803 938 2899 1010; x_wconf 84' lang='grc' dir='ltr'>τὴν</span> <span class='ocrx_word' id='word_1_166' title='bbox 2926 938 3057 1008; x_wconf 77' lang='grc' dir='ltr'>ὕλην</span> <span class='ocrx_word' id='word_1_167' title='bbox 3086 938 3428 1002; x_wconf 76' lang='grc' dir='ltr'><strong>ὑποτιθέντος</strong></span> <span class='ocrx_word' id='word_1_168' title='bbox 3457 938 3627 1010; x_wconf 82' lang='grc' dir='ltr'>αὐτῷ,</span> 
     </span>
    </p>
   </div>
   <div class='ocr_carea' id='block_1_26' title="bbox 2059 1022 3629 1097">
    <p class='ocr_par' dir='ltr' id='par_1_26' title="bbox 2059 1022 3629 1097">
     <span class='ocr_line' id='line_1_26' title="bbox 2059 1022 3629 1097; baseline 0 -17"><span class='ocrx_word' id='word_1_169' title='bbox 2059 1028 2152 1080; x_wconf 75' lang='grc' dir='ltr'>καὶ</span> <span class='ocrx_word' id='word_1_170' title='bbox 2165 1027 2288 1090; x_wconf 81' lang='grc' dir='ltr'>τοὺς</span> <span class='ocrx_word' id='word_1_171' title='bbox 2311 1026 2726 1097; x_wconf 77' lang='grc' dir='ltr'><strong>τεθνηξομένους</strong></span> <span class='ocrx_word' id='word_1_172' title='bbox 2751 1022 2861 1081; x_wconf 72' lang='grc' dir='ltr'>οἷον</span> <span class='ocrx_word' id='word_1_173' title='bbox 2882 1027 3204 1091; x_wconf 78' lang='grc' dir='ltr'>καταδίκους</span> <span class='ocrx_word' id='word_1_174' title='bbox 3224 1027 3377 1091; x_wconf 76' lang='grc' dir='ltr'>τινάς</span> <span class='ocrx_word' id='word_1_175' title='bbox 3405 1028 3629 1096; x_wconf 79' lang='grc' dir='ltr'>ἑτοιμά-</span> 
     </span>
    </p>
   </div>
   <div class='ocr_carea' id='block_1_27' title="bbox 2060 1117 3629 1189">
    <p class='ocr_par' dir='ltr' id='par_1_27' title="bbox 2060 1117 3629 1189">
     <span class='ocr_line' id='line_1_27' title="bbox 2060 1117 3629 1189; baseline 0 -17"><span class='ocrx_word' id='word_1_176' title='bbox 2060 1118 2259 1184; x_wconf 84' lang='grc' dir='ltr'>ζοντος.</span> <span class='ocrx_word' id='word_1_177' title='bbox 2280 1119 2341 1172; x_wconf 85' lang='lat' dir='ltr'><strong>El</strong></span> <span class='ocrx_word' id='word_1_178' title='bbox 2357 1119 2412 1171; x_wconf 85' lang='grc' dir='ltr'>δὲ</span> <span class='ocrx_word' id='word_1_179' title='bbox 2428 1117 2805 1189; x_wconf 82' lang='grc' dir='ltr'>ἀμφιϐάλλεις,</span> <span class='ocrx_word' id='word_1_180' title='bbox 2821 1117 3112 1186; x_wconf 81' lang='grc' dir='ltr'>ἐπίσκεψαι</span> <span class='ocrx_word' id='word_1_181' title='bbox 3127 1118 3232 1170; x_wconf 90' lang='grc' dir='ltr'><strong>τῶν</strong></span> <span class='ocrx_word' id='word_1_182' title='bbox 3250 1117 3542 1187; x_wconf 88' lang='grc' dir='ltr'>συμφορῶν</span> <span class='ocrx_word' id='word_1_183' title='bbox 3557 1119 3629 1173; x_wconf 83' lang='grc' dir='ltr'><strong>τά</strong></span> 
     </span>
    </p>
   </div>
   <div class='ocr_carea' id='block_1_28' title="bbox 2060 1207 3629 1279">
    <p class='ocr_par' dir='ltr' id='par_1_28' title="bbox 2060 1207 3629 1279">
     <span class='ocr_line' id='line_1_28' title="bbox 2060 1207 3629 1279; baseline -0.003 -15"><span class='ocrx_word' id='word_1_184' title='bbox 2060 1209 2317 1279; x_wconf 81' lang='grc' dir='ltr'>ὀνόματα,</span> <span class='ocrx_word' id='word_1_185' title='bbox 2351 1208 2452 1261; x_wconf 84' lang='grc' dir='ltr'>ὅσα</span> <span class='ocrx_word' id='word_1_186' title='bbox 2468 1211 2533 1262; x_wconf 79' lang='grc' dir='ltr'>ὲκ</span> <span class='ocrx_word' id='word_1_187' title='bbox 2558 1208 2652 1261; x_wconf 81' lang='grc' dir='ltr'><strong>τοῦ</strong></span> <span class='ocrx_word' id='word_1_188' title='bbox 2683 1208 2913 1262; x_wconf 88' lang='grc' dir='ltr'>θανάτου</span> <span class='ocrx_word' id='word_1_189' title='bbox 2944 1211 3058 1271; x_wconf 88' lang='grc' dir='ltr'>τοῖς</span> <span class='ocrx_word' id='word_1_190' title='bbox 3095 1207 3403 1278; x_wconf 83' lang='grc' dir='ltr'>ἀνθρώποις</span> <span class='ocrx_word' id='word_1_191' title='bbox 3433 1207 3629 1276; x_wconf 75' lang='grc' dir='ltr'>ἐπάγε-</span> 
     </span>
    </p>
   </div>
   <div class='ocr_carea' id='block_1_29' title="bbox 2059 1295 3624 1370">
    <p class='ocr_par' dir='ltr' id='par_1_29' title="bbox 2059 1295 3624 1370">
     <span class='ocr_line' id='line_1_29' title="bbox 2059 1295 3624 1370; baseline -0.003 -18"><span class='ocrx_word' id='word_1_192' title='bbox 2059 1316 2170 1360; x_wconf 86' lang='grc' dir='ltr'>ται,</span> <span class='ocrx_word' id='word_1_193' title='bbox 2223 1297 2406 1362; x_wconf 84' lang='grc' dir='ltr'>καθὼς</span> <span class='ocrx_word' id='word_1_194' title='bbox 2449 1299 2550 1370; x_wconf 69' lang='grc' dir='ltr'>ἤδη</span> <span class='ocrx_word' id='word_1_195' title='bbox 2588 1300 2705 1352; x_wconf 86' lang='grc' dir='ltr'>κατ’</span> <span class='ocrx_word' id='word_1_196' title='bbox 2738 1297 2911 1369; x_wconf 81' lang='grc' dir='ltr'>ἀρχάς</span> <span class='ocrx_word' id='word_1_197' title='bbox 2951 1296 3045 1351; x_wconf 79' lang='grc' dir='ltr'><strong>τοῦ</strong></span> <span class='ocrx_word' id='word_1_198' title='bbox 3077 1297 3232 1366; x_wconf 82' lang='grc' dir='ltr'>λόγου</span> <span class='ocrx_word' id='word_1_199' title='bbox 3254 1295 3624 1367; x_wconf 65' lang='grc' dir='ltr'>«προείρηται,</span> 
     </span>
    </p>
   </div>
   <div class='ocr_carea' id='block_1_30' title="bbox 2062 1383 3628 1458">
    <p class='ocr_par' dir='ltr' id='par_1_30' title="bbox 2062 1383 3628 1458">
     <span class='ocr_line' id='line_1_30' title="bbox 2062 1383 3628 1458; baseline -0.001 -19"><span class='ocrx_word' id='word_1_200' title='bbox 2062 1386 2226 1439; x_wconf 78' lang='grc' dir='ltr'>πόθεν</span> <span class='ocrx_word' id='word_1_201' title='bbox 2255 1387 2353 1457; x_wconf 79' lang='grc' dir='ltr'>τὴν</span> <span class='ocrx_word' id='word_1_202' title='bbox 2373 1388 2545 1458; x_wconf 83' lang='grc' dir='ltr'>ἀρχὴν</span> <span class='ocrx_word' id='word_1_203' title='bbox 2575 1387 2710 1458; x_wconf 74' lang='grc' dir='ltr'>ἔχει.</span> <span class='ocrx_word' id='word_1_204' title='bbox 2736 1383 2883 1458; x_wconf 72' lang='grc' dir='ltr'><strong>τΑρα</strong></span> <span class='ocrx_word' id='word_1_205' title='bbox 2911 1387 3026 1439; x_wconf 74' lang='grc' dir='ltr'>ἐστι</span> <span class='ocrx_word' id='word_1_206' title='bbox 3059 1386 3282 1457; x_wconf 76' lang='grc' dir='ltr'><strong>χηρείαν</strong></span> <span class='ocrx_word' id='word_1_207' title='bbox 3305 1386 3337 1456; x_wconf 75' lang='grc' dir='ltr'>ἢ</span> <span class='ocrx_word' id='word_1_208' title='bbox 3367 1385 3628 1456; x_wconf 77' lang='grc' dir='ltr'><strong>ὀρφανίαν</strong></span> 
     </span>
    </p>
   </div>
   <div class='ocr_carea' id='block_1_31' title="bbox 2062 1476 3630 1554">
    <p class='ocr_par' dir='ltr' id='par_1_31' title="bbox 2062 1476 3630 1554">
     <span class='ocr_line' id='line_1_31' title="bbox 2062 1476 3630 1554; baseline -0.004 -20"><span class='ocrx_word' id='word_1_209' title='bbox 2062 1478 2423 1554; x_wconf 78' lang='grc' dir='ltr'>ὁδύρεσθαι,ἧ</span> <span class='ocrx_word' id='word_1_210' title='bbox 2455 1479 2554 1550; x_wconf 84' lang='grc' dir='ltr'><strong>τὴν</strong></span> <span class='ocrx_word' id='word_1_211' title='bbox 2581 1479 2675 1533; x_wconf 77' lang='grc' dir='ltr'><strong>ἐπὶ</strong></span> <span class='ocrx_word' id='word_1_212' title='bbox 2708 1479 2865 1531; x_wconf 75' lang='grc' dir='ltr'>παισὶ</span> <span class='ocrx_word' id='word_1_213' title='bbox 2897 1478 3202 1548; x_wconf 80' lang='grc' dir='ltr'>συμφορὰν,</span> <span class='ocrx_word' id='word_1_214' title='bbox 3225 1478 3301 1548; x_wconf 81' lang='grc' dir='ltr'>μὴ</span> <span class='ocrx_word' id='word_1_215' title='bbox 3332 1476 3630 1548; x_wconf 79' lang='grc' dir='ltr'>προλαϐόν-</span> 
     </span>
    </p>
   </div>
   <div class='ocr_carea' id='block_1_32' title="bbox 2061 1564 3625 1641">
    <p class='ocr_par' dir='ltr' id='par_1_32' title="bbox 2061 1564 3625 1641">
     <span class='ocr_line' id='line_1_32' title="bbox 2061 1564 3625 1641; baseline -0.004 -18"><span class='ocrx_word' id='word_1_216' title='bbox 2061 1588 2153 1634; x_wconf 87' lang='grc' dir='ltr'><strong>τος</strong></span> <span class='ocrx_word' id='word_1_217' title='bbox 2179 1570 2272 1623; x_wconf 83' lang='grc' dir='ltr'>τοῦ</span> <span class='ocrx_word' id='word_1_218' title='bbox 2298 1571 2509 1641; x_wconf 77' lang='grc' dir='ltr'>γάμους</span> <span class='ocrx_word' id='word_1_219' title='bbox 2536 1572 2600 1623; x_wconf 81' lang='lat' dir='ltr'><strong>Ai</strong></span> <span class='ocrx_word' id='word_1_220' title='bbox 2622 1569 2733 1641; x_wconf 81' lang='grc' dir='ltr'>γὰρ</span> <span class='ocrx_word' id='word_1_221' title='bbox 2752 1568 3202 1639; x_wconf 84' lang='grc' dir='ltr'>περισπούδαστοι</span> <span class='ocrx_word' id='word_1_222' title='bbox 3229 1566 3506 1637; x_wconf 86' lang='grc' dir='ltr'>θυμηδίαι,</span> <span class='ocrx_word' id='word_1_223' title='bbox 3529 1564 3625 1618; x_wconf 62' lang='grc' dir='ltr'><strong>καλ⁸</strong></span> 
     </span>
    </p>
   </div>
   <div class='ocr_carea' id='block_1_33' title="bbox 2065 1655 3630 1731">
    <p class='ocr_par' dir='ltr' id='par_1_33' title="bbox 2065 1655 3630 1731">
     <span class='ocr_line' id='line_1_33' title="bbox 2065 1655 3630 1731; baseline -0.002 -19"><span class='ocrx_word' id='word_1_224' title='bbox 2065 1659 2412 1731; x_wconf 77' lang='grc' dir='ltr'><strong>εὐφροσύναι,</strong></span> <span class='ocrx_word' id='word_1_225' title='bbox 2452 1660 2546 1713; x_wconf 76' lang='grc' dir='ltr'><strong>καὶ</strong></span> <span class='ocrx_word' id='word_1_226' title='bbox 2576 1659 2780 1731; x_wconf 73' lang='grc' dir='ltr'>ἡδοναὶ,</span> <span class='ocrx_word' id='word_1_227' title='bbox 2806 1659 2899 1712; x_wconf 75' lang='grc' dir='ltr'>καὶ</span> <span class='ocrx_word' id='word_1_228' title='bbox 2933 1658 3107 1711; x_wconf 90' lang='grc' dir='ltr'>πάντα</span> <span class='ocrx_word' id='word_1_229' title='bbox 3130 1657 3229 1709; x_wconf 86' lang='grc' dir='ltr'><strong>ὅσα</strong></span> <span class='ocrx_word' id='word_1_230' title='bbox 3254 1658 3383 1727; x_wconf 75' lang='grc' dir='ltr'>περὶ</span> <span class='ocrx_word' id='word_1_231' title='bbox 3407 1655 3498 1709; x_wconf 80' lang='grc' dir='ltr'>τὸν</span> <span class='ocrx_word' id='word_1_232' title='bbox 3523 1657 3630 1724; x_wconf 77' lang='grc' dir='ltr'>γάο</span> 
     </span>
    </p>
   </div>
   <div class='ocr_carea' id='block_1_34' title="bbox 397 1730 1960 1823">
    <p class='ocr_par' dir='ltr' id='par_1_34' title="bbox 397 1730 1960 1823">
     <span class='ocr_line' id='line_1_34' title="bbox 397 1730 1960 1823; baseline 0.003 -18"><span class='ocrx_word' id='word_1_233' title='bbox 397 1759 678 1820; x_wconf 86' lang='lat' dir='ltr'><strong>petuotur,</strong></span> <span class='ocrx_word' id='word_1_234' title='bbox 727 1752 812 1807; x_wconf 89' lang='lat' dir='ltr'><strong>his</strong></span> <span class='ocrx_word' id='word_1_235' title='bbox 860 1730 1495 1810; x_wconf 31' lang='lat' dir='ltr'><strong>dolorum&#39;cruciatibus</strong></span> <span class='ocrx_word' id='word_1_236' title='bbox 1541 1730 1960 1823; x_wconf 79' lang='lat' dir='ltr'><strong>concluduntur,</strong></span> 
     </span>
    </p>
   </div>
   <div class='ocr_carea' id='block_1_35' title="bbox 2060 1730 3633 1823">
    <p class='ocr_par' dir='ltr' id='par_1_35' title="bbox 2070 1730 3633 1822">
     <span class='ocr_line' id='line_1_35' title="bbox 2070 1730 3633 1822; baseline -0.004 -18"><span class='ocrx_word' id='word_1_237' title='bbox 2070 1730 2181 1822; x_wconf 84' lang='grc' dir='ltr'>μὸν</span> <span class='ocrx_word' id='word_1_238' title='bbox 2202 1750 2577 1814; x_wconf 76' lang='grc' dir='ltr'><strong>σπουδάζεται,</strong></span> <span class='ocrx_word' id='word_1_239' title='bbox 2602 1730 2605 1731; x_wconf 12' lang='grc' dir='ltr'><em>ν</em></span> <span class='ocrx_word' id='word_1_240' title='bbox 2630 1753 2750 1813; x_wconf 84' lang='grc' dir='ltr'>ταῖς</span> <span class='ocrx_word' id='word_1_241' title='bbox 2809 1747 3078 1812; x_wconf 81' lang='grc' dir='ltr'>τοιαύταις</span> <span class='ocrx_word' id='word_1_242' title='bbox 3126 1749 3335 1810; x_wconf 82' lang='grc' dir='ltr'>ὀδύναις</span> <span class='ocrx_word' id='word_1_243' title='bbox 3363 1747 3633 1818; x_wconf 78' lang='grc' dir='ltr'>ἐναπολή-</span> 
     </span>
    </p>
   </div>
   <div class='ocr_carea' id='block_1_36' title="bbox 399 1843 1970 1916">
    <p class='ocr_par' dir='ltr' id='par_1_36' title="bbox 399 1843 1970 1916">
     <span class='ocr_line' id='line_1_36' title="bbox 399 1843 1970 1916; baseline 0.006 -21"><span class='ocrx_word' id='word_1_244' title='bbox 399 1856 464 1895; x_wconf 83' lang='lat' dir='ltr'><strong>ae</strong></span> <span class='ocrx_word' id='word_1_245' title='bbox 502 1843 888 1898; x_wconf 86' lang='lat' dir='ltr'><strong>terminantur.</strong></span> <span class='ocrx_word' id='word_1_246' title='bbox 922 1844 1054 1899; x_wconf 86' lang='lat' dir='ltr'><strong>Nam</strong></span> <span class='ocrx_word' id='word_1_247' title='bbox 1085 1857 1145 1899; x_wconf 90' lang='lat' dir='ltr'><strong>ut</strong></span> <span class='ocrx_word' id='word_1_248' title='bbox 1180 1846 1341 1916; x_wconf 88' lang='lat' dir='ltr'><strong>gladii</strong></span> <span class='ocrx_word' id='word_1_249' title='bbox 1369 1848 1598 1916; x_wconf 89' lang='lat' dir='ltr'><strong>capulus</strong></span> <span class='ocrx_word' id='word_1_250' title='bbox 1629 1848 1830 1916; x_wconf 87' lang='lat' dir='ltr'><strong>politus</strong></span> <span class='ocrx_word' id='word_1_251' title='bbox 1879 1848 1970 1904; x_wconf 84' lang='lat' dir='ltr'><strong>ille</strong></span> 
     </span>
    </p>
   </div>
   <div class='ocr_carea' id='block_1_37' title="bbox 396 1933 1967 2006">
    <p class='ocr_par' dir='ltr' id='par_1_37' title="bbox 396 1933 1967 2006">
     <span class='ocr_line' id='line_1_37' title="bbox 396 1933 1967 2006; baseline 0.006 -22"><span class='ocrx_word' id='word_1_252' title='bbox 396 1933 643 2001; x_wconf 76' lang='lat' dir='ltr'><strong>quidem,</strong></span> <span class='ocrx_word' id='word_1_253' title='bbox 679 1942 825 1987; x_wconf 86' lang='lat' dir='ltr'><strong>tactu</strong></span> <span class='ocrx_word' id='word_1_254' title='bbox 869 1933 1067 1999; x_wconf 79' lang='lat' dir='ltr'><strong>facilis,</strong></span> <span class='ocrx_word' id='word_1_255' title='bbox 1102 1943 1157 1989; x_wconf 90' lang='lat' dir='ltr'><strong>et</strong></span> <span class='ocrx_word' id='word_1_256' title='bbox 1208 1944 1407 1989; x_wconf 82' lang='lat' dir='ltr'><strong>ornatu</strong></span> <span class='ocrx_word' id='word_1_257' title='bbox 1453 1936 1693 2006; x_wconf 90' lang='lat' dir='ltr'><strong>undique</strong></span> <span class='ocrx_word' id='word_1_258' title='bbox 1754 1938 1967 1994; x_wconf 75' lang='lat' dir='ltr'><strong>cinctus</strong></span> 
     </span>
    </p>
   </div>
   <div class='ocr_carea' id='block_1_38' title="bbox 396 2021 1969 2090">
    <p class='ocr_par' dir='ltr' id='par_1_38' title="bbox 396 2021 1969 2090">
     <span class='ocr_line' id='line_1_38' title="bbox 396 2021 1969 2090; baseline 0.006 -18"><span class='ocrx_word' id='word_1_259' title='bbox 396 2030 652 2089; x_wconf 84' lang='lat' dir='ltr'><strong>apparet:</strong></span> <span class='ocrx_word' id='word_1_260' title='bbox 686 2021 955 2090; x_wconf 89' lang='lat' dir='ltr'><strong>reliquum</strong></span> <span class='ocrx_word' id='word_1_261' title='bbox 994 2038 1125 2078; x_wconf 85' lang='lat' dir='ltr'><strong>vero</strong></span> <span class='ocrx_word' id='word_1_262' title='bbox 1153 2024 1355 2078; x_wconf 87' lang='lat' dir='ltr'><strong>ferrum</strong></span> <span class='ocrx_word' id='word_1_263' title='bbox 1397 2025 1590 2079; x_wconf 91' lang='lat' dir='ltr'><strong>mortis</strong></span> <span class='ocrx_word' id='word_1_264' title='bbox 1637 2034 1721 2081; x_wconf 91' lang='lat' dir='ltr'><strong>est</strong></span> <span class='ocrx_word' id='word_1_265' title='bbox 1764 2026 1969 2082; x_wconf 86' lang='lat' dir='ltr'><strong>instru-</strong></span> 
     </span>
    </p>
   </div>
   <div class='ocr_carea' id='block_1_39' title="bbox 396 2112 1965 2182">
    <p class='ocr_par' dir='ltr' id='par_1_39' title="bbox 396 2112 1965 2182">
     <span class='ocr_line' id='line_1_39' title="bbox 396 2112 1965 2182; baseline 0.006 -19"><span class='ocrx_word' id='word_1_266' title='bbox 396 2118 641 2165; x_wconf 85' lang='lat' dir='ltr'><strong>mentum</strong></span> <span class='ocrx_word' id='word_1_267' title='bbox 674 2112 1113 2182; x_wconf 83' lang='lat' dir='ltr'><strong>(formidolosum</strong></span> <span class='ocrx_word' id='word_1_268' title='bbox 1150 2115 1255 2168; x_wconf 87' lang='lat' dir='ltr'><strong>hoc</strong></span> <span class='ocrx_word' id='word_1_269' title='bbox 1288 2123 1434 2171; x_wconf 84' lang='lat' dir='ltr'><strong>certe</strong></span> <span class='ocrx_word' id='word_1_270' title='bbox 1456 2125 1540 2171; x_wconf 91' lang='lat' dir='ltr'><strong>est</strong></span> <span class='ocrx_word' id='word_1_271' title='bbox 1570 2117 1787 2172; x_wconf 89' lang='lat' dir='ltr'><strong>videre:</strong></span> <span class='ocrx_word' id='word_1_272' title='bbox 1832 2117 1965 2172; x_wconf 88' lang='lat' dir='ltr'><strong>illud</strong></span> 
     </span>
    </p>
   </div>
   <div class='ocr_carea' id='block_1_40' title="bbox 396 2201 1966 2277">
    <p class='ocr_par' dir='ltr' id='par_1_40' title="bbox 396 2201 1966 2277">
     <span class='ocr_line' id='line_1_40' title="bbox 396 2201 1966 2277; baseline 0.005 -22"><span class='ocrx_word' id='word_1_273' title='bbox 396 2209 575 2255; x_wconf 87' lang='lat' dir='ltr'><strong>tamen</strong></span> <span class='ocrx_word' id='word_1_274' title='bbox 614 2201 1020 2258; x_wconf 83' lang='lat' dir='ltr'><strong>formidolosius</strong></span> <span class='ocrx_word' id='word_1_275' title='bbox 1051 2205 1222 2258; x_wconf 91' lang='lat' dir='ltr'><strong>multo</strong></span> <span class='ocrx_word' id='word_1_276' title='bbox 1271 2214 1373 2269; x_wconf 88' lang='lat' dir='ltr'><strong>est,</strong></span> <span class='ocrx_word' id='word_1_277' title='bbox 1407 2206 1452 2260; x_wconf 90' lang='lat' dir='ltr'><strong>si</strong></span> <span class='ocrx_word' id='word_1_278' title='bbox 1500 2206 1565 2259; x_wconf 89' lang='lat' dir='ltr'><strong>ad</strong></span> <span class='ocrx_word' id='word_1_279' title='bbox 1608 2207 1840 2277; x_wconf 79' lang='lat' dir='ltr'><strong>aliquem</strong></span> <span class='ocrx_word' id='word_1_280' title='bbox 1885 2209 1966 2263; x_wconf 78' lang='lat' dir='ltr'><strong>vel</strong></span> 
     </span>
    </p>
   </div>
   <div class='ocr_carea' id='block_1_41' title="bbox 397 2292 1967 2364">
    <p class='ocr_par' dir='ltr' id='par_1_41' title="bbox 397 2292 1967 2364">
     <span class='ocr_line' id='line_1_41' title="bbox 397 2292 1967 2364; baseline 0.005 -20"><span class='ocrx_word' id='word_1_281' title='bbox 397 2305 611 2358; x_wconf 59' lang='lat' dir='ltr'><strong>pugnae,</strong></span> <span class='ocrx_word' id='word_1_282' title='bbox 639 2293 720 2345; x_wconf 88' lang='lat' dir='ltr'><strong>vel</strong></span> <span class='ocrx_word' id='word_1_283' title='bbox 753 2292 917 2347; x_wconf 73' lang='lat' dir='ltr'><strong>caedis</strong></span> <span class='ocrx_word' id='word_1_284' title='bbox 948 2308 1102 2347; x_wconf 89' lang='lat' dir='ltr'><strong>usum</strong></span> <span class='ocrx_word' id='word_1_285' title='bbox 1136 2293 1479 2364; x_wconf 75' lang='lat' dir='ltr'><strong>adhibetur):</strong></span> <span class='ocrx_word' id='word_1_286' title='bbox 1532 2297 1632 2349; x_wconf 89' lang='lat' dir='ltr'><strong>hoc</strong></span> <span class='ocrx_word' id='word_1_287' title='bbox 1665 2296 1718 2350; x_wconf 90' lang='lat' dir='ltr'><strong>in</strong></span> <span class='ocrx_word' id='word_1_288' title='bbox 1770 2311 1967 2364; x_wconf 75' lang='lat' dir='ltr'><strong>genere</strong></span> 
     </span>
    </p>
   </div>
   <div class='ocr_carea' id='block_1_42' title="bbox 395 2380 1964 2454">
    <p class='ocr_par' dir='ltr' id='par_1_42' title="bbox 395 2380 1964 2454">
     <span class='ocr_line' id='line_1_42' title="bbox 395 2380 1964 2454; baseline 0.004 -20"><span class='ocrx_word' id='word_1_289' title='bbox 395 2380 599 2451; x_wconf 67' lang='lat' dir='ltr'><strong>nuptiae</strong></span> <span class='ocrx_word' id='word_1_290' title='bbox 621 2390 769 2445; x_wconf 91' lang='lat' dir='ltr'><strong>sunt,</strong></span> <span class='ocrx_word' id='word_1_291' title='bbox 797 2400 918 2452; x_wconf 60' lang='lat' dir='ltr'><strong>quae</strong></span> <span class='ocrx_word' id='word_1_292' title='bbox 945 2384 1100 2453; x_wconf 88' lang='lat' dir='ltr'><strong>quasi</strong></span> <span class='ocrx_word' id='word_1_293' title='bbox 1129 2386 1381 2454; x_wconf 89' lang='lat' dir='ltr'><strong>capulum</strong></span> <span class='ocrx_word' id='word_1_294' title='bbox 1412 2386 1643 2454; x_wconf 75' lang='lat' dir='ltr'><strong>aliquem</strong></span> <span class='ocrx_word' id='word_1_295' title='bbox 1671 2388 1964 2442; x_wconf 84' lang='lat' dir='ltr'><strong>artificioso</strong></span> 
     </span>
    </p>
   </div>
   <div class='ocr_carea' id='block_1_43' title="bbox 394 2472 1963 2547">
    <p class='ocr_par' dir='ltr' id='par_1_43' title="bbox 394 2472 1963 2547">
     <span class='ocr_line' id='line_1_43' title="bbox 394 2472 1963 2547; baseline 0.004 -22"><span class='ocrx_word' id='word_1_296' title='bbox 394 2485 559 2541; x_wconf 85' lang='lat' dir='ltr'><strong>opere</strong></span> <span class='ocrx_word' id='word_1_297' title='bbox 619 2472 987 2537; x_wconf 89' lang='lat' dir='ltr'><strong>illustratum,</strong></span> <span class='ocrx_word' id='word_1_298' title='bbox 1049 2475 1267 2545; x_wconf 84' lang='lat' dir='ltr'><strong>politam</strong></span> <span class='ocrx_word' id='word_1_299' title='bbox 1326 2477 1615 2546; x_wconf 87' lang='lat' dir='ltr'><strong>quamdam</strong></span> <span class='ocrx_word' id='word_1_300' title='bbox 1673 2479 1963 2547; x_wconf 82' lang='lat' dir='ltr'><strong>voluptatis</strong></span> 
     </span>
    </p>
   </div>
   <div class='ocr_carea' id='block_1_44' title="bbox 395 2564 1963 2638">
    <p class='ocr_par' dir='ltr' id='par_1_44' title="bbox 395 2564 1963 2638">
     <span class='ocr_line' id='line_1_44' title="bbox 395 2564 1963 2638; baseline 0.004 -20"><span class='ocrx_word' id='word_1_301' title='bbox 395 2564 630 2632; x_wconf 84' lang='lat' dir='ltr'><strong>speciem</strong></span> <span class='ocrx_word' id='word_1_302' title='bbox 669 2567 852 2634; x_wconf 84' lang='lat' dir='ltr'><strong>gustui</strong></span> <span class='ocrx_word' id='word_1_303' title='bbox 883 2567 1409 2637; x_wconf 85' lang='lat' dir='ltr'><strong>coutrectationique</strong></span> <span class='ocrx_word' id='word_1_304' title='bbox 1435 2577 1635 2623; x_wconf 62' lang='lat' dir='ltr'><strong>nostra:</strong></span> <span class='ocrx_word' id='word_1_305' title='bbox 1667 2585 1776 2638; x_wconf 75' lang='lat' dir='ltr'><strong>pne</strong></span> <span class='ocrx_word' id='word_1_306' title='bbox 1799 2585 1858 2624; x_wconf 85' lang='lat' dir='ltr'><strong>se</strong></span> <span class='ocrx_word' id='word_1_307' title='bbox 1885 2569 1963 2624; x_wconf 84' lang='lat' dir='ltr'><strong>fe-</strong></span> 
     </span>
    </p>
   </div>
   <div class='ocr_carea' id='block_1_45' title="bbox 394 2653 1963 2729">
    <p class='ocr_par' dir='ltr' id='par_1_45' title="bbox 394 2653 1963 2729">
     <span class='ocr_line' id='line_1_45' title="bbox 394 2653 1963 2729; baseline 0.005 -23"><span class='ocrx_word' id='word_1_308' title='bbox 394 2662 540 2707; x_wconf 89' lang='lat' dir='ltr'><strong>runt.</strong></span> <span class='ocrx_word' id='word_1_309' title='bbox 577 2653 710 2708; x_wconf 84' lang='lat' dir='ltr'><strong>Cum</strong></span> <span class='ocrx_word' id='word_1_310' title='bbox 744 2672 874 2712; x_wconf 90' lang='lat' dir='ltr'><strong>vero</strong></span> <span class='ocrx_word' id='word_1_311' title='bbox 901 2657 952 2710; x_wconf 92' lang='lat' dir='ltr'><strong>in</strong></span> <span class='ocrx_word' id='word_1_312' title='bbox 986 2658 1239 2713; x_wconf 87' lang='lat' dir='ltr'><strong>manibus</strong></span> <span class='ocrx_word' id='word_1_313' title='bbox 1269 2659 1388 2728; x_wconf 89' lang='lat' dir='ltr'><strong>ejus</strong></span> <span class='ocrx_word' id='word_1_314' title='bbox 1406 2667 1555 2723; x_wconf 89' lang='lat' dir='ltr'><strong>sunt,</strong></span> <span class='ocrx_word' id='word_1_315' title='bbox 1598 2660 1691 2729; x_wconf 87' lang='lat' dir='ltr'><strong>qui</strong></span> <span class='ocrx_word' id='word_1_316' title='bbox 1727 2660 1844 2714; x_wconf 85' lang='lat' dir='ltr'><strong>illas</strong></span> <span class='ocrx_word' id='word_1_317' title='bbox 1883 2669 1963 2714; x_wconf 89' lang='lat' dir='ltr'><strong>at-</strong></span> 
     </span>
    </p>
   </div>
   <div class='ocr_carea' id='block_1_46' title="bbox 396 2742 1958 2820">
    <p class='ocr_par' dir='ltr' id='par_1_46' title="bbox 396 2742 1958 2820">
     <span class='ocr_line' id='line_1_46' title="bbox 396 2742 1958 2820; baseline 0.003 -23"><span class='ocrx_word' id='word_1_318' title='bbox 396 2742 599 2811; x_wconf 77' lang='lat' dir='ltr'><strong>tigerit,</strong></span> <span class='ocrx_word' id='word_1_319' title='bbox 629 2745 826 2810; x_wconf 78' lang='lat' dir='ltr'><strong>luctus,</strong></span> <span class='ocrx_word' id='word_1_320' title='bbox 859 2748 1310 2818; x_wconf 90' lang='lat' dir='ltr'><strong>miseriarumque</strong></span> <span class='ocrx_word' id='word_1_321' title='bbox 1338 2750 1469 2820; x_wconf 78' lang='lat' dir='ltr'><strong>ipsae</strong></span> <span class='ocrx_word' id='word_1_322' title='bbox 1497 2751 1817 2807; x_wconf 81' lang='lat' dir='ltr'><strong>mortalibus</strong></span> <span class='ocrx_word' id='word_1_323' title='bbox 1836 2766 1958 2805; x_wconf 91' lang='lat' dir='ltr'><strong>cum</strong></span> 
     </span>
    </p>
   </div>
   <div class='ocr_carea' id='block_1_47' title="bbox 396 2830 1962 2908">
    <p class='ocr_par' dir='ltr' id='par_1_47' title="bbox 396 2830 1962 2908">
     <span class='ocr_line' id='line_1_47' title="bbox 396 2830 1962 2908; baseline 0.005 -22"><span class='ocrx_word' id='word_1_324' title='bbox 396 2830 697 2888; x_wconf 68' lang='lat' dir='ltr'><strong>effectrices</strong></span> <span class='ocrx_word' id='word_1_325' title='bbox 730 2836 1036 2901; x_wconf 82' lang='lat' dir='ltr'><strong>exsistant;</strong></span> <span class='ocrx_word' id='word_1_326' title='bbox 1074 2853 1252 2892; x_wconf 89' lang='lat' dir='ltr'><strong>rerum</strong></span> <span class='ocrx_word' id='word_1_327' title='bbox 1278 2842 1500 2891; x_wconf 89' lang='lat' dir='ltr'><strong>omnlno</strong></span> <span class='ocrx_word' id='word_1_328' title='bbox 1529 2839 1794 2906; x_wconf 84' lang='lat' dir='ltr'><strong>gravium,</strong></span> <span class='ocrx_word' id='word_1_329' title='bbox 1842 2855 1962 2908; x_wconf 75' lang='lat' dir='ltr'><strong>qua:</strong></span> 
     </span>
    </p>
   </div>
   <div class='ocr_carea' id='block_1_48' title="bbox 397 2927 1671 2996">
    <p class='ocr_par' dir='ltr' id='par_1_48' title="bbox 397 2927 1671 2996">
     <span class='ocr_line' id='line_1_48' title="bbox 397 2927 1671 2996; baseline 0.004 -18"><span class='ocrx_word' id='word_1_330' title='bbox 397 2937 582 2978; x_wconf 88' lang='lat' dir='ltr'><strong>secum</strong></span> <span class='ocrx_word' id='word_1_331' title='bbox 617 2937 873 2978; x_wconf 67' lang='lat' dir='ltr'><strong>conuexm</strong></span> <span class='ocrx_word' id='word_1_332' title='bbox 906 2935 1054 2988; x_wconf 91' lang='lat' dir='ltr'><strong>sunt,</strong></span> <span class='ocrx_word' id='word_1_333' title='bbox 1085 2927 1290 2980; x_wconf 87' lang='lat' dir='ltr'><strong>aditum</strong></span> <span class='ocrx_word' id='word_1_334' title='bbox 1324 2938 1671 2996; x_wconf 85' lang='lat' dir='ltr'><strong>aperuerunt.</strong></span> 
     </span>
    </p>
   </div>
   <div class='ocr_carea' id='block_1_49' title="bbox 469 3011 1955 3092">
    <p class='ocr_par' dir='ltr' id='par_1_49' title="bbox 469 3011 1955 3092">
     <span class='ocr_line' id='line_1_49' title="bbox 469 3011 1955 3092; baseline 0.007 -26"><span class='ocrx_word' id='word_1_335' title='bbox 469 3011 595 3073; x_wconf 79' lang='lat' dir='ltr'><strong>Haec</strong></span> <span class='ocrx_word' id='word_1_336' title='bbox 624 3015 949 3070; x_wconf 87' lang='lat' dir='ltr'><strong>miserabilia</strong></span> <span class='ocrx_word' id='word_1_337' title='bbox 962 3020 1292 3086; x_wconf 89' lang='lat' dir='ltr'><strong>spectacula,</strong></span> <span class='ocrx_word' id='word_1_338' title='bbox 1311 3020 1778 3090; x_wconf 84' lang='lat' dir='ltr'><strong>lacrymarumque</strong></span> <span class='ocrx_word' id='word_1_339' title='bbox 1800 3022 1955 3092; x_wconf 86' lang='lat' dir='ltr'><strong>plena</strong></span> 
     </span>
    </p>
   </div>
   <div class='ocr_carea' id='block_1_50' title="bbox 2064 1836 3629 1912">
    <p class='ocr_par' dir='ltr' id='par_1_50' title="bbox 2064 1836 3629 1912">
     <span class='ocr_line' id='line_1_50' title="bbox 2064 1836 3629 1912; baseline -0.004 -16"><span class='ocrx_word' id='word_1_340' title='bbox 2064 1836 2270 1911; x_wconf 75' lang='grc' dir='ltr'>γουσιν.</span> <span class='ocrx_word' id='word_1_341' title='bbox 2309 1843 2516 1912; x_wconf 81' lang='grc' dir='ltr'>Ὥσπερ</span> <span class='ocrx_word' id='word_1_342' title='bbox 2544 1841 2649 1912; x_wconf 83' lang='grc' dir='ltr'><strong>γὰρ</strong></span> <span class='ocrx_word' id='word_1_343' title='bbox 2675 1841 2767 1894; x_wconf 81' lang='grc' dir='ltr'>τοῦ</span> <span class='ocrx_word' id='word_1_344' title='bbox 2803 1839 2986 1910; x_wconf 79' lang='grc' dir='ltr'>ξίφους</span> <span class='ocrx_word' id='word_1_345' title='bbox 3016 1841 3050 1910; x_wconf 80' lang='grc' dir='ltr'>ὴ</span> <span class='ocrx_word' id='word_1_346' title='bbox 3080 1840 3176 1910; x_wconf 82' lang='grc' dir='ltr'>μὲν</span> <span class='ocrx_word' id='word_1_347' title='bbox 3205 1837 3345 1909; x_wconf 79' lang='grc' dir='ltr'>λαϐὴ</span> <span class='ocrx_word' id='word_1_348' title='bbox 3377 1837 3494 1891; x_wconf 90' lang='grc' dir='ltr'>λεία</span> <span class='ocrx_word' id='word_1_349' title='bbox 3529 1838 3629 1891; x_wconf 69' lang='grc' dir='ltr'><strong>’.καὶ⁴</strong></span> 
     </span>
    </p>
   </div>
   <div class='ocr_carea' id='block_1_51' title="bbox 2065 1929 3627 2004">
    <p class='ocr_par' dir='ltr' id='par_1_51' title="bbox 2065 1929 3627 2004">
     <span class='ocr_line' id='line_1_51' title="bbox 2065 1929 3627 2004; baseline -0.004 -17"><span class='ocrx_word' id='word_1_350' title='bbox 2065 1935 2290 2004; x_wconf 67' lang='grc' dir='ltr'><strong>εὐαφὴς,</strong></span> <span class='ocrx_word' id='word_1_351' title='bbox 2339 1934 2434 1988; x_wconf 75' lang='grc' dir='ltr'><strong>καὶ</strong></span> <span class='ocrx_word' id='word_1_352' title='bbox 2478 1934 2888 2004; x_wconf 79' lang='grc' dir='ltr'>περιεξεσμὲνη,</span> <span class='ocrx_word' id='word_1_353' title='bbox 2925 1933 3019 1986; x_wconf 76' lang='grc' dir='ltr'><strong>καὶ</strong></span> <span class='ocrx_word' id='word_1_354' title='bbox 3067 1930 3375 1994; x_wconf 88' lang='grc' dir='ltr'>στίλϐουσα,</span> <span class='ocrx_word' id='word_1_355' title='bbox 3420 1929 3511 1982; x_wconf 79' lang='grc' dir='ltr'><strong>καὶ</strong></span> <span class='ocrx_word' id='word_1_356' title='bbox 3547 1929 3627 2000; x_wconf 85' lang='grc' dir='ltr'>τῷ</span> 
     </span>
    </p>
   </div>
   <div class='ocr_carea' id='block_1_52' title="bbox 2063 2020 3628 2096">
    <p class='ocr_par' dir='ltr' id='par_1_52' title="bbox 2063 2020 3628 2096">
     <span class='ocr_line' id='line_1_52' title="bbox 2063 2020 3628 2096; baseline -0.004 -17"><span class='ocrx_word' id='word_1_357' title='bbox 2063 2025 2216 2096; x_wconf 84' lang='grc' dir='ltr'>τύπῳ</span> <span class='ocrx_word' id='word_1_358' title='bbox 2238 2027 2344 2095; x_wconf 76' lang='grc' dir='ltr'>τῆς</span> <span class='ocrx_word' id='word_1_359' title='bbox 2360 2025 2612 2095; x_wconf 84' lang='grc' dir='ltr'>παλάμης</span> <span class='ocrx_word' id='word_1_360' title='bbox 2642 2025 2959 2096; x_wconf 77' lang='grc' dir='ltr'>ὲμφυομένη</span> <span class='ocrx_word' id='word_1_361' title='bbox 2982 2041 2994 2055; x_wconf 93' lang='grc'><strong>·</strong></span> <span class='ocrx_word' id='word_1_362' title='bbox 3037 2022 3097 2077; x_wconf 71' lang='grc' dir='ltr'>τὸ</span> <span class='ocrx_word' id='word_1_363' title='bbox 3121 2022 3178 2075; x_wconf 80' lang='grc' dir='ltr'>δὲ</span> <span class='ocrx_word' id='word_1_364' title='bbox 3199 2021 3382 2075; x_wconf 81' lang='grc' dir='ltr'>λοιπὸν</span> <span class='ocrx_word' id='word_1_365' title='bbox 3409 2020 3628 2091; x_wconf 81' lang='grc' dir='ltr'>σίδηρός</span> 
     </span>
    </p>
   </div>
   <div class='ocr_carea' id='block_1_53' title="bbox 2064 2112 3628 2188">
    <p class='ocr_par' dir='ltr' id='par_1_53' title="bbox 2064 2112 3628 2188">
     <span class='ocr_line' id='line_1_53' title="bbox 2064 2112 3628 2188; baseline -0.004 -18"><span class='ocrx_word' id='word_1_366' title='bbox 2064 2118 2200 2179; x_wconf 80' lang='grc' dir='ltr'>ἐστι,</span> <span class='ocrx_word' id='word_1_367' title='bbox 2226 2116 2453 2170; x_wconf 82' lang='grc' dir='ltr'>Θανάτου</span> <span class='ocrx_word' id='word_1_368' title='bbox 2479 2115 2726 2188; x_wconf 73' lang='grc' dir='ltr'>ὄργανον,</span> <span class='ocrx_word' id='word_1_369' title='bbox 2751 2115 2978 2186; x_wconf 82' lang='grc' dir='ltr'>φοϐερὸν</span> <span class='ocrx_word' id='word_1_370' title='bbox 3013 2114 3112 2185; x_wconf 81' lang='grc' dir='ltr'>μὲν</span> <span class='ocrx_word' id='word_1_371' title='bbox 3144 2112 3291 2175; x_wconf 85' lang='grc' dir='ltr'>ίδεῖν,</span> <span class='ocrx_word' id='word_1_372' title='bbox 3323 2112 3628 2183; x_wconf 80' lang='grc' dir='ltr'>φοϐερώτε-</span> 
     </span>
    </p>
   </div>
   <div class='ocr_carea' id='block_1_54' title="bbox 2068 2203 3625 2277">
    <p class='ocr_par' dir='ltr' id='par_1_54' title="bbox 2068 2203 3625 2277">
     <span class='ocr_line' id='line_1_54' title="bbox 2068 2203 3625 2277; baseline -0.003 -18"><span class='ocrx_word' id='word_1_373' title='bbox 2068 2223 2157 2277; x_wconf 91' lang='grc' dir='ltr'><strong>ρον</strong></span> <span class='ocrx_word' id='word_1_374' title='bbox 2188 2206 2244 2259; x_wconf 81' lang='grc' dir='ltr'>δὲ</span> <span class='ocrx_word' id='word_1_375' title='bbox 2270 2208 2348 2269; x_wconf 84' lang='grc' dir='ltr'><strong>εἰς</strong></span> <span class='ocrx_word' id='word_1_376' title='bbox 2371 2209 2562 2276; x_wconf 89' lang='grc' dir='ltr'>πεῖραν</span> <span class='ocrx_word' id='word_1_377' title='bbox 2584 2205 2755 2259; x_wconf 79' lang='grc' dir='ltr'>ἐλθεῖν</span> <span class='ocrx_word' id='word_1_378' title='bbox 2777 2222 2790 2236; x_wconf 84' lang='grc'><em>’</em></span> <span class='ocrx_word' id='word_1_379' title='bbox 2808 2203 3044 2259; x_wconf 82' lang='grc' dir='ltr'>τοιοῦτόν</span> <span class='ocrx_word' id='word_1_380' title='bbox 3064 2222 3116 2257; x_wconf 87' lang='grc' dir='ltr'><strong>τι</strong></span> <span class='ocrx_word' id='word_1_381' title='bbox 3139 2204 3233 2258; x_wconf 81' lang='grc' dir='ltr'>καὶ</span> <span class='ocrx_word' id='word_1_382' title='bbox 3255 2206 3283 2257; x_wconf 88' lang='grc' dir='ltr'>ὁ</span> <span class='ocrx_word' id='word_1_383' title='bbox 3302 2203 3475 2271; x_wconf 84' lang='grc' dir='ltr'>γάμος</span> <span class='ocrx_word' id='word_1_384' title='bbox 3487 2203 3625 2265; x_wconf 79' lang='grc' dir='ltr'>ἐστὶ,</span> 
     </span>
    </p>
   </div>
   <div class='ocr_carea' id='block_1_55' title="bbox 2064 2293 3624 2369">
    <p class='ocr_par' dir='ltr' id='par_1_55' title="bbox 2064 2293 3624 2369">
     <span class='ocr_line' id='line_1_55' title="bbox 2064 2293 3624 2369; baseline -0.002 -20"><span class='ocrx_word' id='word_1_385' title='bbox 2064 2298 2309 2369; x_wconf 86' lang='grc' dir='ltr'>καθάπερ</span> <span class='ocrx_word' id='word_1_386' title='bbox 2337 2298 2508 2368; x_wconf 88' lang='grc' dir='ltr'>λαϐήν</span> <span class='ocrx_word' id='word_1_387' title='bbox 2523 2315 2642 2351; x_wconf 91' lang='grc' dir='ltr'>τινα</span> <span class='ocrx_word' id='word_1_388' title='bbox 2670 2298 2737 2350; x_wconf 85' lang='grc' dir='ltr'>δι’</span> <span class='ocrx_word' id='word_1_389' title='bbox 2770 2297 3077 2368; x_wconf 84' lang='grc' dir='ltr'>εὐμηχάνου</span> <span class='ocrx_word' id='word_1_390' title='bbox 3106 2297 3321 2366; x_wconf 81' lang='grc' dir='ltr'>τορείας</span> <span class='ocrx_word' id='word_1_391' title='bbox 3344 2293 3624 2366; x_wconf 81' lang='grc' dir='ltr'>ὡραϊσμέ-</span> 
     </span>
    </p>
   </div>
   <div class='ocr_carea' id='block_1_56' title="bbox 2062 2387 3668 2458">
    <p class='ocr_par' dir='ltr' id='par_1_56' title="bbox 2062 2387 3668 2458">
     <span class='ocr_line' id='line_1_56' title="bbox 2062 2387 3668 2458; baseline 0.001 -17"><span class='ocrx_word' id='word_1_392' title='bbox 2062 2406 2178 2458; x_wconf 82' lang='grc' dir='ltr'>νην,</span> <span class='ocrx_word' id='word_1_393' title='bbox 2218 2388 2279 2441; x_wconf 86' lang='grc' dir='ltr'>τὸ</span> <span class='ocrx_word' id='word_1_394' title='bbox 2316 2388 2456 2441; x_wconf 82' lang='grc' dir='ltr'>λεῖον</span> <span class='ocrx_word' id='word_1_395' title='bbox 2494 2389 2588 2440; x_wconf 79' lang='grc' dir='ltr'>καὶ</span> <span class='ocrx_word' id='word_1_396' title='bbox 2617 2387 2932 2442; x_wconf 74' lang='grc' dir='ltr'>ἐπιπόλαιον</span> <span class='ocrx_word' id='word_1_397' title='bbox 2969 2388 3068 2458; x_wconf 84' lang='grc' dir='ltr'>τῆς</span> <span class='ocrx_word' id='word_1_398' title='bbox 3102 2387 3295 2458; x_wconf 80' lang='grc' dir='ltr'>ἡδονῆς</span> <span class='ocrx_word' id='word_1_399' title='bbox 3329 2388 3628 2458; x_wconf 79' lang='grc' dir='ltr'>προτείνων</span> <span class='ocrx_word' id='word_1_400' title='bbox 3659 2435 3668 2443; x_wconf 94' lang='grc'>.</span> 
     </span>
    </p>
   </div>
   <div class='ocr_carea' id='block_1_57' title="bbox 2061 2478 3624 2551">
    <p class='ocr_par' dir='ltr' id='par_1_57' title="bbox 2061 2478 3624 2551">
     <span class='ocr_line' id='line_1_57' title="bbox 2061 2478 3624 2551; baseline -0.001 -19"><span class='ocrx_word' id='word_1_401' title='bbox 2061 2483 2126 2550; x_wconf 82' lang='grc' dir='ltr'>τῇ</span> <span class='ocrx_word' id='word_1_402' title='bbox 2157 2482 2337 2551; x_wconf 83' lang='grc' dir='ltr'>ἐπαφῇ</span> <span class='ocrx_word' id='word_1_403' title='bbox 2369 2479 2469 2548; x_wconf 83' lang='grc' dir='ltr'>τῆς</span> <span class='ocrx_word' id='word_1_404' title='bbox 2499 2478 2830 2549; x_wconf 84' lang='grc' dir='ltr'>αἰσθήσεως’</span> <span class='ocrx_word' id='word_1_405' title='bbox 2861 2478 3078 2530; x_wconf 68' lang='grc' dir='ltr'>ἐπειδὰν</span> <span class='ocrx_word' id='word_1_406' title='bbox 3110 2480 3167 2530; x_wconf 83' lang='grc' dir='ltr'>ὲν</span> <span class='ocrx_word' id='word_1_407' title='bbox 3204 2478 3360 2548; x_wconf 80' lang='grc' dir='ltr'>χερσὶ</span> <span class='ocrx_word' id='word_1_408' title='bbox 3399 2478 3624 2547; x_wconf 83' lang='grc' dir='ltr'>γένηται</span> 
     </span>
    </p>
   </div>
   <div class='ocr_carea' id='block_1_58' title="bbox 2060 2569 3630 2642">
    <p class='ocr_par' dir='ltr' id='par_1_58' title="bbox 2060 2569 3630 2642">
     <span class='ocr_line' id='line_1_58' title="bbox 2060 2569 3630 2642; baseline -0.001 -20"><span class='ocrx_word' id='word_1_409' title='bbox 2060 2571 2153 2623; x_wconf 76' lang='grc' dir='ltr'>τοῦ</span> <span class='ocrx_word' id='word_1_410' title='bbox 2185 2571 2480 2642; x_wconf 75' lang='grc' dir='ltr'>ἁψαμένου,</span> <span class='ocrx_word' id='word_1_411' title='bbox 2515 2573 2609 2624; x_wconf 80' lang='grc' dir='ltr'>καὶ</span> <span class='ocrx_word' id='word_1_412' title='bbox 2624 2570 2722 2640; x_wconf 81' lang='grc' dir='ltr'>τὴν</span> <span class='ocrx_word' id='word_1_413' title='bbox 2752 2569 2861 2622; x_wconf 90' lang='grc' dir='ltr'><strong>τῶν</strong></span> <span class='ocrx_word' id='word_1_414' title='bbox 2887 2569 3148 2636; x_wconf 81' lang='grc' dir='ltr'>ἀλγεινῶν</span> <span class='ocrx_word' id='word_1_415' title='bbox 3177 2569 3479 2638; x_wconf 83' lang='grc' dir='ltr'>παρουσίαν</span> <span class='ocrx_word' id='word_1_416' title='bbox 3503 2585 3630 2621; x_wconf 85' lang='grc' dir='ltr'>συν-</span> 
     </span>
    </p>
   </div>
   <div class='ocr_carea' id='block_1_59' title="bbox 2061 2657 3629 2735">
    <p class='ocr_par' dir='ltr' id='par_1_59' title="bbox 2061 2657 3629 2735">
     <span class='ocr_line' id='line_1_59' title="bbox 2061 2657 3629 2735; baseline -0.004 -19"><span class='ocrx_word' id='word_1_417' title='bbox 2061 2666 2318 2735; x_wconf 80' lang='grc' dir='ltr'>ημμὲνως</span> <span class='ocrx_word' id='word_1_418' title='bbox 2350 2662 2466 2733; x_wconf 83' lang='grc' dir='ltr'>μεθ’</span> <span class='ocrx_word' id='word_1_419' title='bbox 2491 2659 2684 2714; x_wconf 77' lang='grc' dir='ltr'>ἑαυτοῦ</span> <span class='ocrx_word' id='word_1_420' title='bbox 2716 2661 3006 2729; x_wconf 84' lang='grc' dir='ltr'>συνήγαγε,</span> <span class='ocrx_word' id='word_1_421' title='bbox 3038 2657 3263 2718; x_wconf 81' lang='grc' dir='ltr'>πένθους</span> <span class='ocrx_word' id='word_1_422' title='bbox 3297 2659 3389 2710; x_wconf 77' lang='grc' dir='ltr'>καὶ</span> <span class='ocrx_word' id='word_1_423' title='bbox 3421 2674 3629 2727; x_wconf 65' lang='grc' dir='ltr'>συμφο-</span> 
     </span>
    </p>
   </div>
   <div class='ocr_carea' id='block_1_60' title="bbox 2063 2749 3325 2827">
    <p class='ocr_par' dir='ltr' id='par_1_60' title="bbox 2063 2749 3325 2827">
     <span class='ocr_line' id='line_1_60' title="bbox 2063 2749 3325 2827; baseline -0.006 -18"><span class='ocrx_word' id='word_1_424' title='bbox 2063 2758 2171 2827; x_wconf 89' lang='grc' dir='ltr'><strong>ρῶν</strong></span> <span class='ocrx_word' id='word_1_425' title='bbox 2202 2753 2527 2826; x_wconf 83' lang='grc' dir='ltr'>δημιουργὸς</span> <span class='ocrx_word' id='word_1_426' title='bbox 2554 2754 2665 2815; x_wconf 82' lang='grc' dir='ltr'>τοῖς</span> <span class='ocrx_word' id='word_1_427' title='bbox 2691 2750 2994 2822; x_wconf 82' lang='grc' dir='ltr'>ἀνθρώποις</span> <span class='ocrx_word' id='word_1_428' title='bbox 3022 2749 3325 2819; x_wconf 86' lang='grc' dir='ltr'>γινόμενος.</span> 
     </span>
    </p>
   </div>
   <div class='ocr_carea' id='block_1_61' title="bbox 2129 3012 3629 3087">
    <p class='ocr_par' dir='ltr' id='par_1_61' title="bbox 2129 3012 3629 3087">
     <span class='ocr_line' id='line_1_61' title="bbox 2129 3012 3629 3087; baseline -0.007 -9"><span class='ocrx_word' id='word_1_429' title='bbox 2129 3017 2295 3086; x_wconf 67' lang='grc' dir='ltr'>Οὗτος</span> <span class='ocrx_word' id='word_1_430' title='bbox 2327 3019 2494 3087; x_wconf 78' lang='grc' dir='ltr'>ἔδειξε</span> <span class='ocrx_word' id='word_1_431' title='bbox 2524 3023 2592 3076; x_wconf 75' lang='grc' dir='ltr'><strong>τὰ</strong></span> <span class='ocrx_word' id='word_1_432' title='bbox 2623 3020 2832 3074; x_wconf 76' lang='grc' dir='ltr'>ἐλεεινὰ</span> <span class='ocrx_word' id='word_1_433' title='bbox 2866 3020 2960 3072; x_wconf 80' lang='grc' dir='ltr'><strong>καί</strong></span> <span class='ocrx_word' id='word_1_434' title='bbox 3005 3016 3183 3087; x_wconf 85' lang='grc' dir='ltr'>πλήρη</span> <span class='ocrx_word' id='word_1_435' title='bbox 3219 3013 3469 3087; x_wconf 85' lang='grc' dir='ltr'>δακρύων</span> <span class='ocrx_word' id='word_1_436' title='bbox 3501 3012 3629 3068; x_wconf 84' lang='grc' dir='ltr'>θεά-</span> 
     </span>
    </p>
   </div>
   <div class='ocr_carea' id='block_1_62' title="bbox 394 3101 1960 3185">
    <p class='ocr_par' dir='ltr' id='par_1_62' title="bbox 394 3101 1959 3177">
     <span class='ocr_line' id='line_1_62' title="bbox 394 3101 1959 3177; baseline 0.004 -20"><span class='ocrx_word' id='word_1_437' title='bbox 394 3101 632 3158; x_wconf 86' lang='lat' dir='ltr'><strong>edidere.</strong></span> <span class='ocrx_word' id='word_1_438' title='bbox 704 3103 960 3160; x_wconf 82' lang='lat' dir='ltr'><strong>Videmus</strong></span> <span class='ocrx_word' id='word_1_439' title='bbox 1021 3106 1167 3161; x_wconf 90' lang='lat' dir='ltr'><strong>enim</strong></span> <span class='ocrx_word' id='word_1_440' title='bbox 1229 3120 1372 3177; x_wconf 82' lang='lat' dir='ltr'><strong>saepe</strong></span> <span class='ocrx_word' id='word_1_441' title='bbox 1423 3108 1621 3164; x_wconf 77' lang='lat' dir='ltr'><strong>liberos</strong></span> <span class='ocrx_word' id='word_1_442' title='bbox 1672 3110 1959 3165; x_wconf 84' lang='lat' dir='ltr'><strong>immatura</strong></span> 
     </span>
    </p>
   </div>
   <div class='ocr_carea' id='block_1_63' title="bbox 2060 3101 3631 3185">
    <p class='ocr_par' dir='ltr' id='par_1_63' title="bbox 2065 3106 3631 3185">
     <span class='ocr_line' id='line_1_63' title="bbox 2065 3106 3631 3185; baseline -0.001 -17"><span class='ocrx_word' id='word_1_443' title='bbox 2065 3133 2228 3185; x_wconf 87' lang='grc' dir='ltr'>ματα,</span> <span class='ocrx_word' id='word_1_444' title='bbox 2267 3114 2458 3174; x_wconf 82' lang='grc' dir='ltr'>παῖδας</span> <span class='ocrx_word' id='word_1_445' title='bbox 2490 3112 2548 3166; x_wconf 75' lang='grc' dir='ltr'>ὲν</span> <span class='ocrx_word' id='word_1_446' title='bbox 2600 3109 2776 3181; x_wconf 67' lang='grc' dir='ltr'>ἀωρίᾳ.</span> <span class='ocrx_word' id='word_1_447' title='bbox 2827 3109 2927 3178; x_wconf 84' lang='grc' dir='ltr'>τῆς</span> <span class='ocrx_word' id='word_1_448' title='bbox 2967 3107 3177 3177; x_wconf 79' lang='grc' dir='ltr'>ἡλικίας</span> <span class='ocrx_word' id='word_1_449' title='bbox 3210 3106 3631 3177; x_wconf 69' lang='grc' dir='ltr'>ἠρημωμένους,</span> 
     </span>
    </p>
   </div>
   <div class='ocr_carea' id='block_1_64' title="bbox 394 3195 1963 3273">
    <p class='ocr_par' dir='ltr' id='par_1_64' title="bbox 394 3195 1963 3273">
     <span class='ocr_line' id='line_1_64' title="bbox 394 3195 1963 3273; baseline 0.006 -25"><span class='ocrx_word' id='word_1_450' title='bbox 394 3203 551 3250; x_wconf 61' lang='lat' dir='ltr'><strong>atate</strong></span> <span class='ocrx_word' id='word_1_451' title='bbox 577 3195 723 3251; x_wconf 90' lang='lat' dir='ltr'><strong>solos</strong></span> <span class='ocrx_word' id='word_1_452' title='bbox 754 3197 997 3263; x_wconf 90' lang='lat' dir='ltr'><strong>relictos,</strong></span> <span class='ocrx_word' id='word_1_453' title='bbox 1049 3199 1457 3270; x_wconf 88' lang='lat' dir='ltr'><strong>potentiumque</strong></span> <span class='ocrx_word' id='word_1_454' title='bbox 1509 3200 1786 3255; x_wconf 87' lang='lat' dir='ltr'><strong>hominum</strong></span> <span class='ocrx_word' id='word_1_455' title='bbox 1826 3219 1963 3273; x_wconf 76' lang='lat' dir='ltr'><strong>pra:-</strong></span> 
     </span>
    </p>
   </div>
   <div class='ocr_carea' id='block_1_65' title="bbox 395 3284 1960 3360">
    <p class='ocr_par' dir='ltr' id='par_1_65' title="bbox 395 3284 1960 3360">
     <span class='ocr_line' id='line_1_65' title="bbox 395 3284 1960 3360; baseline 0.003 -21"><span class='ocrx_word' id='word_1_456' title='bbox 395 3284 481 3339; x_wconf 60' lang='lat' dir='ltr'><strong>dae</strong></span> <span class='ocrx_word' id='word_1_457' title='bbox 492 3285 820 3354; x_wconf 82' lang='lat' dir='ltr'><strong>propositos,</strong></span> <span class='ocrx_word' id='word_1_458' title='bbox 844 3286 937 3356; x_wconf 88' lang='lat' dir='ltr'><strong>qui</strong></span> <span class='ocrx_word' id='word_1_459' title='bbox 965 3287 1036 3342; x_wconf 89' lang='lat' dir='ltr'><strong>ob</strong></span> <span class='ocrx_word' id='word_1_460' title='bbox 1068 3288 1331 3342; x_wconf 86' lang='lat' dir='ltr'><strong>malorum</strong></span> <span class='ocrx_word' id='word_1_461' title='bbox 1364 3289 1687 3358; x_wconf 82' lang='lat' dir='ltr'><strong>imperitiam</strong></span> <span class='ocrx_word' id='word_1_462' title='bbox 1721 3291 1960 3360; x_wconf 86' lang='lat' dir='ltr'><strong>plerum-</strong></span> 
     </span>
    </p>
   </div>
   <div class='ocr_carea' id='block_1_66' title="bbox 394 3376 1960 3453">
    <p class='ocr_par' dir='ltr' id='par_1_66' title="bbox 394 3376 1960 3453">
     <span class='ocr_line' id='line_1_66' title="bbox 394 3376 1960 3453; baseline 0.006 -24"><span class='ocrx_word' id='word_1_463' title='bbox 394 3391 502 3447; x_wconf 89' lang='lat' dir='ltr'><strong>que</strong></span> <span class='ocrx_word' id='word_1_464' title='bbox 535 3376 589 3432; x_wconf 92' lang='lat' dir='ltr'><strong>in</strong></span> <span class='ocrx_word' id='word_1_465' title='bbox 617 3378 777 3433; x_wconf 77' lang='lat' dir='ltr'><strong>robiis</strong></span> <span class='ocrx_word' id='word_1_466' title='bbox 808 3378 1050 3435; x_wconf 88' lang='lat' dir='ltr'><strong>adversis</strong></span> <span class='ocrx_word' id='word_1_467' title='bbox 1077 3380 1276 3436; x_wconf 87' lang='lat' dir='ltr'><strong>rident.</strong></span> <span class='ocrx_word' id='word_1_468' title='bbox 1318 3378 1610 3437; x_wconf 85' lang='lat' dir='ltr'><strong>Viduitatis</strong></span> <span class='ocrx_word' id='word_1_469' title='bbox 1647 3398 1774 3437; x_wconf 83' lang='lat' dir='ltr'><strong>vero</strong></span> <span class='ocrx_word' id='word_1_470' title='bbox 1812 3384 1960 3453; x_wconf 89' lang='lat' dir='ltr'><strong>prin-</strong></span> 
     </span>
    </p>
   </div>
   <div class='ocr_carea' id='block_1_67' title="bbox 391 3467 1964 3543">
    <p class='ocr_par' dir='ltr' id='par_1_67' title="bbox 391 3467 1964 3543">
     <span class='ocr_line' id='line_1_67' title="bbox 391 3467 1964 3543; baseline 0.005 -21"><span class='ocrx_word' id='word_1_471' title='bbox 391 3467 595 3537; x_wconf 89' lang='lat' dir='ltr'><strong>cipium</strong></span> <span class='ocrx_word' id='word_1_472' title='bbox 625 3476 679 3524; x_wconf 89' lang='lat' dir='ltr'><strong>et</strong></span> <span class='ocrx_word' id='word_1_473' title='bbox 709 3483 874 3523; x_wconf 89' lang='lat' dir='ltr'><strong>causa</strong></span> <span class='ocrx_word' id='word_1_474' title='bbox 899 3485 1019 3538; x_wconf 49' lang='lat' dir='ltr'><strong>qua).</strong></span> <span class='ocrx_word' id='word_1_475' title='bbox 1048 3471 1151 3524; x_wconf 87' lang='lat' dir='ltr'><strong>alia</strong></span> <span class='ocrx_word' id='word_1_476' title='bbox 1195 3471 1316 3526; x_wconf 86' lang='lat' dir='ltr'><strong>est?</strong></span> <span class='ocrx_word' id='word_1_477' title='bbox 1347 3471 1428 3525; x_wconf 80' lang='lat' dir='ltr'><strong>An</strong></span> <span class='ocrx_word' id='word_1_478' title='bbox 1455 3486 1562 3526; x_wconf 91' lang='lat' dir='ltr'><strong>non</strong></span> <span class='ocrx_word' id='word_1_479' title='bbox 1598 3473 1838 3543; x_wconf 68' lang='lat' dir='ltr'><strong>nuptim?</strong></span> <span class='ocrx_word' id='word_1_480' title='bbox 1879 3475 1964 3530; x_wconf 85' lang='lat' dir='ltr'><strong>di-</strong></span> 
     </span>
    </p>
   </div>
   <div class='ocr_carea' id='block_1_68' title="bbox 393 3553 1961 3631">
    <p class='ocr_par' dir='ltr' id='par_1_68' title="bbox 393 3553 1961 3631">
     <span class='ocr_line' id='line_1_68' title="bbox 393 3553 1961 3631; baseline 0.006 -19"><span class='ocrx_word' id='word_1_481' title='bbox 393 3560 627 3614; x_wconf 86' lang='lat' dir='ltr'><strong>vortium</strong></span> <span class='ocrx_word' id='word_1_482' title='bbox 655 3561 822 3631; x_wconf 89' lang='lat' dir='ltr'><strong>igitur</strong></span> <span class='ocrx_word' id='word_1_483' title='bbox 855 3561 923 3616; x_wconf 90' lang='lat' dir='ltr'><strong>ab</strong></span> <span class='ocrx_word' id='word_1_484' title='bbox 955 3553 1446 3619; x_wconf 81' lang='lat' dir='ltr'><strong>innumerabilibus</strong></span> <span class='ocrx_word' id='word_1_485' title='bbox 1470 3563 1554 3619; x_wconf 87' lang='lat' dir='ltr'><strong>his</strong></span> <span class='ocrx_word' id='word_1_486' title='bbox 1568 3567 1822 3621; x_wconf 89' lang='lat' dir='ltr'><strong>omnibus</strong></span> <span class='ocrx_word' id='word_1_487' title='bbox 1850 3583 1961 3621; x_wconf 52' lang='lat' dir='ltr'><strong>ma.</strong></span> 
     </span>
    </p>
   </div>
   <div class='ocr_carea' id='block_1_69' title="bbox 394 3653 1960 3725">
    <p class='ocr_par' dir='ltr' id='par_1_69' title="bbox 394 3653 1960 3725">
     <span class='ocr_line' id='line_1_69' title="bbox 394 3653 1960 3725; baseline 0.003 -19"><span class='ocrx_word' id='word_1_488' title='bbox 394 3653 461 3709; x_wconf 84' lang='lat' dir='ltr'><strong>Iis</strong></span> <span class='ocrx_word' id='word_1_489' title='bbox 479 3655 813 3711; x_wconf 84' lang='lat' dir='ltr'><strong>vacationem</strong></span> <span class='ocrx_word' id='word_1_490' title='bbox 845 3654 1039 3717; x_wconf 81' lang='lat' dir='ltr'><strong>habet.</strong></span> <span class='ocrx_word' id='word_1_491' title='bbox 1076 3655 1241 3725; x_wconf 86' lang='lat' dir='ltr'><strong>idque</strong></span> <span class='ocrx_word' id='word_1_492' title='bbox 1267 3671 1373 3710; x_wconf 91' lang='lat' dir='ltr'><strong>non</strong></span> <span class='ocrx_word' id='word_1_493' title='bbox 1405 3656 1624 3725; x_wconf 85' lang='lat' dir='ltr'><strong>injuria.</strong></span> <span class='ocrx_word' id='word_1_494' title='bbox 1659 3656 1793 3713; x_wconf 90' lang='lat' dir='ltr'><strong>Cum</strong></span> <span class='ocrx_word' id='word_1_495' title='bbox 1817 3660 1960 3713; x_wconf 91' lang='lat' dir='ltr'><strong>enim</strong></span> 
     </span>
    </p>
   </div>
   <div class='ocr_carea' id='block_1_70' title="bbox 394 3746 1958 3816">
    <p class='ocr_par' dir='ltr' id='par_1_70' title="bbox 394 3746 1958 3816">
     <span class='ocr_line' id='line_1_70' title="bbox 394 3746 1958 3816; baseline 0.004 -20"><span class='ocrx_word' id='word_1_496' title='bbox 394 3746 708 3799; x_wconf 83' lang='lat' dir='ltr'><strong>dissolvitur</strong></span> <span class='ocrx_word' id='word_1_497' title='bbox 738 3761 918 3814; x_wconf 77' lang='lat' dir='ltr'><strong>pmna,</strong></span> <span class='ocrx_word' id='word_1_498' title='bbox 949 3761 1071 3815; x_wconf 76' lang='lat' dir='ltr'><strong>qua:</strong></span> <span class='ocrx_word' id='word_1_499' title='bbox 1100 3756 1290 3801; x_wconf 89' lang='lat' dir='ltr'><strong>contra</strong></span> <span class='ocrx_word' id='word_1_500' title='bbox 1320 3761 1436 3809; x_wconf 87' lang='lat' dir='ltr'><strong>eos,</strong></span> <span class='ocrx_word' id='word_1_501' title='bbox 1466 3752 1557 3816; x_wconf 86' lang='lat' dir='ltr'><strong>qui</strong></span> <span class='ocrx_word' id='word_1_502' title='bbox 1596 3747 1958 3815; x_wconf 84' lang='lat' dir='ltr'><strong>deliquerunt,</strong></span> 
     </span>
    </p>
   </div>
   <div class='ocr_carea' id='block_1_71' title="bbox 394 3826 1959 3906">
    <p class='ocr_par' dir='ltr' id='par_1_71' title="bbox 394 3826 1959 3906">
     <span class='ocr_line' id='line_1_71' title="bbox 394 3826 1959 3906; baseline 0.003 -17"><span class='ocrx_word' id='word_1_503' title='bbox 394 3836 551 3890; x_wconf 90' lang='lat' dir='ltr'><strong>initio</strong></span> <span class='ocrx_word' id='word_1_504' title='bbox 613 3844 816 3892; x_wconf 82' lang='lat' dir='ltr'><strong>statuta</strong></span> <span class='ocrx_word' id='word_1_505' title='bbox 898 3845 1009 3900; x_wconf 88' lang='lat' dir='ltr'><strong>est,</strong></span> <span class='ocrx_word' id='word_1_506' title='bbox 1075 3826 1189 3888; x_wconf 86' lang='lat' dir='ltr'><strong>tu&#39;m</strong></span> <span class='ocrx_word' id='word_1_507' title='bbox 1250 3838 1441 3899; x_wconf 90' lang='lat' dir='ltr'><strong>etiam,</strong></span> <span class='ocrx_word' id='word_1_508' title='bbox 1503 3838 1959 3906; x_wconf 78' lang='lat' dir='ltr'><strong>quemadmodum</strong></span> 
     </span>
    </p>
   </div>
   <div class='ocr_carea' id='block_1_72' title="bbox 395 3927 1963 4005">
    <p class='ocr_par' dir='ltr' id='par_1_72' title="bbox 395 3927 1963 4005">
     <span class='ocr_line' id='line_1_72' title="bbox 395 3927 1963 4005; baseline -0.001 -23"><span class='ocrx_word' id='word_1_509' title='bbox 395 3927 659 3995; x_wconf 80' lang='lat' dir='ltr'><strong>scriptum</strong></span> <span class='ocrx_word' id='word_1_510' title='bbox 715 3932 821 3988; x_wconf 88' lang='lat' dir='ltr'><strong>est,</strong></span> <span class='ocrx_word' id='word_1_511' title='bbox 896 3941 1004 3979; x_wconf 90' lang='lat' dir='ltr'><strong>non</strong></span> <span class='ocrx_word' id='word_1_512' title='bbox 1070 3934 1305 3978; x_wconf 90' lang='lat' dir='ltr'><strong>matrum</strong></span> <span class='ocrx_word' id='word_1_513' title='bbox 1374 3941 1632 3981; x_wconf 67' lang='lat' dir='ltr'><strong>azrumua:</strong></span> <span class='ocrx_word' id='word_1_514' title='bbox 1703 3928 1963 4005; x_wconf 64' lang='lat' dir='ltr'><strong>mttitipli-</strong></span> 
     </span>
    </p>
   </div>
   <div class='ocr_carea' id='block_1_73' title="bbox 393 4015 1965 4087">
    <p class='ocr_par' dir='ltr' id='par_1_73' title="bbox 393 4015 1965 4087">
     <span class='ocr_line' id='line_1_73' title="bbox 393 4015 1965 4087; baseline 0.003 -18"><span class='ocrx_word' id='word_1_515' title='bbox 393 4025 607 4081; x_wconf 87' lang='lat' dir='ltr'><strong>cantur,</strong></span> <span class='ocrx_word' id='word_1_516' title='bbox 643 4031 819 4086; x_wconf 90' lang='lat' dir='ltr'><strong>neque</strong></span> <span class='ocrx_word' id='word_1_517' title='bbox 855 4016 1012 4070; x_wconf 87' lang='lat' dir='ltr'><strong>dolor</strong></span> <span class='ocrx_word' id='word_1_518' title='bbox 1050 4015 1289 4071; x_wconf 90' lang='lat' dir='ltr'><strong>hominis</strong></span> <span class='ocrx_word' id='word_1_519' title='bbox 1334 4026 1512 4071; x_wconf 90' lang='lat' dir='ltr'><strong>ortum</strong></span> <span class='ocrx_word' id='word_1_520' title='bbox 1568 4018 1857 4087; x_wconf 68' lang='lat' dir='ltr'><strong>praecedit:</strong></span> <span class='ocrx_word' id='word_1_521' title='bbox 1892 4021 1965 4074; x_wconf 91' lang='lat' dir='ltr'><strong>si-</strong></span> 
     </span>
    </p>
   </div>
   <div class='ocr_carea' id='block_1_74' title="bbox 393 4106 1962 4179">
    <p class='ocr_par' dir='ltr' id='par_1_74' title="bbox 393 4106 1962 4179">
     <span class='ocr_line' id='line_1_74' title="bbox 393 4106 1962 4179; baseline 0.001 -19"><span class='ocrx_word' id='word_1_522' title='bbox 393 4106 506 4160; x_wconf 89' lang='lat' dir='ltr'><strong>mul</strong></span> <span class='ocrx_word' id='word_1_523' title='bbox 533 4106 744 4161; x_wconf 86' lang='lat' dir='ltr'><strong>sublata</strong></span> <span class='ocrx_word' id='word_1_524' title='bbox 776 4114 861 4161; x_wconf 90' lang='lat' dir='ltr'><strong>est</strong></span> <span class='ocrx_word' id='word_1_525' title='bbox 896 4106 1109 4176; x_wconf 88' lang='lat' dir='ltr'><strong>penitus</strong></span> <span class='ocrx_word' id='word_1_526' title='bbox 1135 4107 1436 4173; x_wconf 88' lang='lat' dir='ltr'><strong>calamitas,</strong></span> <span class='ocrx_word' id='word_1_527' title='bbox 1466 4106 1703 4179; x_wconf 86' lang='lat' dir='ltr'><strong>lacryma</strong></span> <span class='ocrx_word' id='word_1_528' title='bbox 1748 4125 1812 4164; x_wconf 81' lang='lat' dir='ltr'><strong>ex</strong></span> <span class='ocrx_word' id='word_1_529' title='bbox 1844 4112 1962 4163; x_wconf 12' lang='lat' dir='ltr'><strong>vult-</strong></span> 
     </span>
    </p>
   </div>
   <div class='ocr_carea' id='block_1_75' title="bbox 393 4198 1963 4271">
    <p class='ocr_par' dir='ltr' id='par_1_75' title="bbox 393 4198 1963 4271">
     <span class='ocr_line' id='line_1_75' title="bbox 393 4198 1963 4271; baseline 0.003 -20"><span class='ocrx_word' id='word_1_530' title='bbox 393 4199 541 4254; x_wconf 85' lang='lat' dir='ltr'><strong>tibus</strong></span> <span class='ocrx_word' id='word_1_531' title='bbox 568 4207 646 4255; x_wconf 86' lang='lat' dir='ltr'><strong>est</strong></span> <span class='ocrx_word' id='word_1_532' title='bbox 680 4199 880 4264; x_wconf 87' lang='lat' dir='ltr'><strong>ablata,</strong></span> <span class='ocrx_word' id='word_1_533' title='bbox 916 4208 975 4254; x_wconf 92' lang='lat' dir='ltr'><strong>ut</strong></span> <span class='ocrx_word' id='word_1_534' title='bbox 1004 4200 1180 4269; x_wconf 91' lang='lat' dir='ltr'><strong>inquit</strong></span> <span class='ocrx_word' id='word_1_535' title='bbox 1205 4198 1470 4269; x_wconf 84' lang='lat' dir='ltr'><strong>Propheta</strong></span> <span class='ocrx_word' id='word_1_536' title='bbox 1505 4217 1519 4255; x_wconf 92' lang='lat'>:</span> <span class='ocrx_word' id='word_1_537' title='bbox 1558 4217 1731 4271; x_wconf 68' lang='lat' dir='ltr'><strong>neque</strong></span> <span class='ocrx_word' id='word_1_538' title='bbox 1761 4202 1813 4255; x_wconf 91' lang='lat' dir='ltr'><strong>in</strong></span> <span class='ocrx_word' id='word_1_539' title='bbox 1858 4202 1963 4256; x_wconf 83' lang='lat' dir='ltr'><strong>iui—</strong></span> 
     </span>
    </p>
   </div>
   <div class='ocr_carea' id='block_1_76' title="bbox 391 4290 1961 4362">
    <p class='ocr_par' dir='ltr' id='par_1_76' title="bbox 391 4290 1961 4362">
     <span class='ocr_line' id='line_1_76' title="bbox 391 4290 1961 4362; baseline 0.003 -19"><span class='ocrx_word' id='word_1_540' title='bbox 391 4290 692 4360; x_wconf 86' lang='lat' dir='ltr'><strong>quitatibus</strong></span> <span class='ocrx_word' id='word_1_541' title='bbox 740 4292 973 4361; x_wconf 82' lang='lat' dir='ltr'><strong>amplius</strong></span> <span class='ocrx_word' id='word_1_542' title='bbox 1014 4292 1319 4362; x_wconf 74' lang='lat' dir='ltr'><strong>conceptio,</strong></span> <span class='ocrx_word' id='word_1_543' title='bbox 1373 4307 1546 4361; x_wconf 90' lang='lat' dir='ltr'><strong>neque</strong></span> <span class='ocrx_word' id='word_1_544' title='bbox 1602 4292 1654 4346; x_wconf 89' lang='lat' dir='ltr'><strong>iu</strong></span> <span class='ocrx_word' id='word_1_545' title='bbox 1721 4294 1961 4361; x_wconf 89' lang='lat' dir='ltr'><strong>peccatis</strong></span> 
     </span>
    </p>
   </div>
   <div class='ocr_carea' id='block_1_77' title="bbox 2061 3197 3628 3275">
    <p class='ocr_par' dir='ltr' id='par_1_77' title="bbox 2061 3197 3628 3275">
     <span class='ocr_line' id='line_1_77' title="bbox 2061 3197 3628 3275; baseline -0.008 -17"><span class='ocrx_word' id='word_1_546' title='bbox 2061 3206 2156 3258; x_wconf 80' lang='grc' dir='ltr'>καὶ</span> <span class='ocrx_word' id='word_1_547' title='bbox 2188 3203 2427 3275; x_wconf 70' lang='grc' dir='ltr'>λάφυρον</span> <span class='ocrx_word' id='word_1_548' title='bbox 2455 3201 2846 3273; x_wconf 82' lang='grc' dir='ltr'>προκειμένους</span> <span class='ocrx_word' id='word_1_549' title='bbox 2894 3201 3005 3261; x_wconf 83' lang='grc' dir='ltr'>τοῖς</span> <span class='ocrx_word' id='word_1_550' title='bbox 3039 3197 3471 3260; x_wconf 73' lang='grc' dir='ltr'>δυναστεύουσιν,</span> <span class='ocrx_word' id='word_1_551' title='bbox 3501 3197 3628 3248; x_wconf 76' lang='grc' dir='ltr'>ἐπι-</span> 
     </span>
    </p>
   </div>
   <div class='ocr_carea' id='block_1_78' title="bbox 2064 3288 3629 3369">
    <p class='ocr_par' dir='ltr' id='par_1_78' title="bbox 2064 3288 3629 3369">
     <span class='ocr_line' id='line_1_78' title="bbox 2064 3288 3629 3369; baseline -0.006 -19"><span class='ocrx_word' id='word_1_552' title='bbox 2064 3296 2381 3369; x_wconf 85' lang='grc' dir='ltr'>μειδιῶντας</span> <span class='ocrx_word' id='word_1_553' title='bbox 2432 3293 2690 3355; x_wconf 84' lang='grc' dir='ltr'>πολλάκις</span> <span class='ocrx_word' id='word_1_554' title='bbox 2742 3291 2846 3344; x_wconf 85' lang='grc' dir='ltr'><strong>ὑπὸ</strong></span> <span class='ocrx_word' id='word_1_555' title='bbox 2889 3290 2991 3360; x_wconf 84' lang='grc' dir='ltr'>τῆς</span> <span class='ocrx_word' id='word_1_556' title='bbox 3029 3290 3135 3341; x_wconf 89' lang='grc' dir='ltr'><strong>τῶν</strong></span> <span class='ocrx_word' id='word_1_557' title='bbox 3169 3289 3353 3342; x_wconf 88' lang='grc' dir='ltr'>κακῶν</span> <span class='ocrx_word' id='word_1_558' title='bbox 3407 3288 3629 3356; x_wconf 82' lang='grc' dir='ltr'>ἀγνοίας</span> 
     </span>
    </p>
   </div>
   <div class='ocr_carea' id='block_1_79' title="bbox 2058 3378 3631 3455">
    <p class='ocr_par' dir='ltr' id='par_1_79' title="bbox 2058 3378 3631 3455">
     <span class='ocr_line' id='line_1_79' title="bbox 2058 3378 3631 3455; baseline -0.004 -18"><span class='ocrx_word' id='word_1_559' title='bbox 2058 3384 2137 3455; x_wconf 81' lang='grc' dir='ltr'>τῷ</span> <span class='ocrx_word' id='word_1_560' title='bbox 2187 3383 2575 3453; x_wconf 83' lang='grc' dir='ltr'>δυστυχήματι.</span> <span class='ocrx_word' id='word_1_561' title='bbox 2627 3379 2866 3450; x_wconf 82' lang='grc' dir='ltr'>Χηρείας</span> <span class='ocrx_word' id='word_1_562' title='bbox 2892 3379 2948 3432; x_wconf 82' lang='grc' dir='ltr'>δὲ</span> <span class='ocrx_word' id='word_1_563' title='bbox 2976 3378 3184 3447; x_wconf 79' lang='grc' dir='ltr'>γένεσις</span> <span class='ocrx_word' id='word_1_564' title='bbox 3217 3379 3300 3441; x_wconf 87' lang='grc' dir='ltr'><strong>τίς</strong></span> <span class='ocrx_word' id='word_1_565' title='bbox 3325 3378 3499 3442; x_wconf 81' lang='grc' dir='ltr'>ἄλλος,</span> <span class='ocrx_word' id='word_1_566' title='bbox 3532 3379 3631 3430; x_wconf 82' lang='grc' dir='ltr'><strong>καὶ</strong></span> 
     </span>
    </p>
   </div>
   <div class='ocr_carea' id='block_1_80' title="bbox 2059 3471 3631 3544">
    <p class='ocr_par' dir='ltr' id='par_1_80' title="bbox 2059 3471 3631 3544">
     <span class='ocr_line' id='line_1_80' title="bbox 2059 3471 3631 3544; baseline -0.003 -17"><span class='ocrx_word' id='word_1_567' title='bbox 2059 3476 2178 3544; x_wconf 77' lang='grc' dir='ltr'>οὐχὶ</span> <span class='ocrx_word' id='word_1_568' title='bbox 2199 3475 2372 3543; x_wconf 84' lang='grc' dir='ltr'>γάμος</span> <span class='ocrx_word' id='word_1_569' title='bbox 2386 3474 2565 3537; x_wconf 86' lang='grc' dir='ltr'>ὲστίν;</span> <span class='ocrx_word' id='word_1_570' title='bbox 2596 3471 2805 3525; x_wconf 80' lang='grc' dir='ltr'>Οὐκοῦν</span> <span class='ocrx_word' id='word_1_571' title='bbox 2830 3473 2862 3542; x_wconf 76' lang='grc' dir='ltr'><strong>ἡ</strong></span> <span class='ocrx_word' id='word_1_572' title='bbox 2889 3472 3232 3541; x_wconf 84' lang='grc' dir='ltr'>ἀναχώρησις</span> <span class='ocrx_word' id='word_1_573' title='bbox 3250 3471 3459 3536; x_wconf 85' lang='grc' dir='ltr'>τούτου,</span> <span class='ocrx_word' id='word_1_574' title='bbox 3491 3472 3631 3525; x_wconf 79' lang='grc' dir='ltr'>πάν-</span> 
     </span>
    </p>
   </div>
   <div class='ocr_carea' id='block_1_81' title="bbox 2059 3561 3632 3636">
    <p class='ocr_par' dir='ltr' id='par_1_81' title="bbox 2059 3561 3632 3636">
     <span class='ocr_line' id='line_1_81' title="bbox 2059 3561 3632 3636; baseline -0.001 -20"><span class='ocrx_word' id='word_1_575' title='bbox 2059 3583 2167 3619; x_wconf 87' lang='grc' dir='ltr'><strong>των</strong></span> <span class='ocrx_word' id='word_1_576' title='bbox 2195 3564 2404 3636; x_wconf 84' lang='grc' dir='ltr'>ἀθρόως</span> <span class='ocrx_word' id='word_1_577' title='bbox 2445 3564 2550 3617; x_wconf 89' lang='grc' dir='ltr'><strong>τῶν</strong></span> <span class='ocrx_word' id='word_1_578' title='bbox 2585 3562 2771 3617; x_wconf 79' lang='grc' dir='ltr'>κακῶν</span> <span class='ocrx_word' id='word_1_579' title='bbox 2801 3561 3002 3615; x_wconf 88' lang='grc' dir='ltr'>τούτων</span> <span class='ocrx_word' id='word_1_580' title='bbox 3030 3562 3501 3633; x_wconf 85' lang='grc' dir='ltr'>λειτουργημάτων</span> <span class='ocrx_word' id='word_1_581' title='bbox 3530 3563 3632 3633; x_wconf 78' lang='grc' dir='ltr'>τὴν</span> 
     </span>
    </p>
   </div>
   <div class='ocr_carea' id='block_1_82' title="bbox 2061 3652 3628 3726">
    <p class='ocr_par' dir='ltr' id='par_1_82' title="bbox 2061 3652 3628 3726">
     <span class='ocr_line' id='line_1_82' title="bbox 2061 3652 3628 3726; baseline -0.001 -18"><span class='ocrx_word' id='word_1_582' title='bbox 2061 3656 2306 3711; x_wconf 84' lang='grc' dir='ltr'>ἀτέλειαν</span> <span class='ocrx_word' id='word_1_583' title='bbox 2338 3655 2449 3726; x_wconf 77' lang='grc' dir='ltr'>ἔχει</span> <span class='ocrx_word' id='word_1_584' title='bbox 2475 3672 2490 3686; x_wconf 71' lang='grc'><strong>⁸</strong></span> <span class='ocrx_word' id='word_1_585' title='bbox 2533 3655 2626 3707; x_wconf 76' lang='grc' dir='ltr'>καὶ</span> <span class='ocrx_word' id='word_1_586' title='bbox 2653 3654 2812 3709; x_wconf 76' lang='grc' dir='ltr'>οὐδὲν</span> <span class='ocrx_word' id='word_1_587' title='bbox 2861 3653 3105 3712; x_wconf 79' lang='grc' dir='ltr'>ἀπεικός.</span> <span class='ocrx_word' id='word_1_588' title='bbox 3152 3654 3323 3707; x_wconf 86' lang='grc' dir='ltr'>Ὅπου</span> <span class='ocrx_word' id='word_1_589' title='bbox 3355 3652 3463 3724; x_wconf 83' lang='grc' dir='ltr'><strong>γάρ</strong></span> <span class='ocrx_word' id='word_1_590' title='bbox 3494 3654 3628 3707; x_wconf 82' lang='grc' dir='ltr'>άνα-</span> 
     </span>
    </p>
   </div>
   <div class='ocr_carea' id='block_1_83' title="bbox 2060 3744 3632 3819">
    <p class='ocr_par' dir='ltr' id='par_1_83' title="bbox 2060 3744 3632 3819">
     <span class='ocr_line' id='line_1_83' title="bbox 2060 3744 3632 3819; baseline -0.004 -17"><span class='ocrx_word' id='word_1_591' title='bbox 2060 3748 2243 3802; x_wconf 83' lang='grc' dir='ltr'>λύεται</span> <span class='ocrx_word' id='word_1_592' title='bbox 2281 3750 2314 3819; x_wconf 83' lang='grc' dir='ltr'><strong>ἡ</strong></span> <span class='ocrx_word' id='word_1_593' title='bbox 2344 3749 2401 3813; x_wconf 85' lang='grc' dir='ltr'>ὲξ</span> <span class='ocrx_word' id='word_1_594' title='bbox 2433 3748 2603 3819; x_wconf 80' lang='grc' dir='ltr'>ἀρχῆς</span> <span class='ocrx_word' id='word_1_595' title='bbox 2635 3745 2911 3817; x_wconf 77' lang='grc' dir='ltr'>ὀρισθεϊσα</span> <span class='ocrx_word' id='word_1_596' title='bbox 2936 3745 3077 3797; x_wconf 80' lang='grc' dir='ltr'>κατὰ</span> <span class='ocrx_word' id='word_1_597' title='bbox 3095 3744 3202 3797; x_wconf 83' lang='grc' dir='ltr'><strong>τῶν</strong></span> <span class='ocrx_word' id='word_1_598' title='bbox 3240 3744 3632 3814; x_wconf 87' lang='grc' dir='ltr'>πεπλημμελη-</span> 
     </span>
    </p>
   </div>
   <div class='ocr_carea' id='block_1_84' title="bbox 2060 3832 3628 3908">
    <p class='ocr_par' dir='ltr' id='par_1_84' title="bbox 2060 3832 3628 3908">
     <span class='ocr_line' id='line_1_84' title="bbox 2060 3832 3628 3908; baseline -0.003 -18"><span class='ocrx_word' id='word_1_599' title='bbox 2060 3838 2233 3891; x_wconf 84' lang='grc' dir='ltr'>κότων</span> <span class='ocrx_word' id='word_1_600' title='bbox 2291 3837 2613 3908; x_wconf 86' lang='grc' dir='ltr'>κατάκρισις</span> <span class='ocrx_word' id='word_1_601' title='bbox 2653 3835 2856 3905; x_wconf 77' lang='grc' dir='ltr'>(οὐκέτι</span> <span class='ocrx_word' id='word_1_602' title='bbox 2885 3835 2940 3886; x_wconf 81' lang='grc' dir='ltr'>δὲ</span> <span class='ocrx_word' id='word_1_603' title='bbox 2981 3834 3186 3903; x_wconf 63' lang='grc' dir='ltr'>θλίψεις</span> <span class='ocrx_word' id='word_1_604' title='bbox 3217 3835 3324 3887; x_wconf 88' lang='grc' dir='ltr'><strong>τῶν</strong></span> <span class='ocrx_word' id='word_1_605' title='bbox 3357 3832 3628 3904; x_wconf 83' lang='grc' dir='ltr'>μητέρων,</span> 
     </span>
    </p>
   </div>
   <div class='ocr_carea' id='block_1_85' title="bbox 2062 3924 3632 3999">
    <p class='ocr_par' dir='ltr' id='par_1_85' title="bbox 2062 3924 3632 3999">
     <span class='ocr_line' id='line_1_85' title="bbox 2062 3924 3632 3999; baseline -0.004 -17"><span class='ocrx_word' id='word_1_606' title='bbox 2062 3930 2200 3983; x_wconf 82' lang='grc' dir='ltr'>κατὰ</span> <span class='ocrx_word' id='word_1_607' title='bbox 2243 3927 2302 3982; x_wconf 76' lang='grc' dir='ltr'><strong>τδ</strong></span> <span class='ocrx_word' id='word_1_608' title='bbox 2358 3928 2739 3999; x_wconf 79' lang='grc' dir='ltr'>γεγραμμένον</span> <span class='ocrx_word' id='word_1_609' title='bbox 2777 3927 3178 3996; x_wconf 81' lang='grc' dir='ltr'>πληθύνονται),</span> <span class='ocrx_word' id='word_1_610' title='bbox 3208 3926 3328 3978; x_wconf 78' lang='grc' dir='ltr'>οὐδὲ</span> <span class='ocrx_word' id='word_1_611' title='bbox 3348 3925 3491 3992; x_wconf 85' lang='grc' dir='ltr'>λύπη</span> <span class='ocrx_word' id='word_1_612' title='bbox 3532 3924 3632 3993; x_wconf 74' lang='grc' dir='ltr'>τῆς</span> 
     </span>
    </p>
   </div>
   <div class='ocr_carea' id='block_1_86' title="bbox 2060 4013 3635 4092">
    <p class='ocr_par' dir='ltr' id='par_1_86' title="bbox 2060 4013 3635 4092">
     <span class='ocr_line' id='line_1_86' title="bbox 2060 4013 3635 4092; baseline -0.006 -17"><span class='ocrx_word' id='word_1_613' title='bbox 2060 4019 2403 4092; x_wconf 87' lang='grc' dir='ltr'>ἀνθρωπίνης</span> <span class='ocrx_word' id='word_1_614' title='bbox 2424 4022 2742 4090; x_wconf 88' lang='grc' dir='ltr'>προηγεῖται</span> <span class='ocrx_word' id='word_1_615' title='bbox 2771 4017 3058 4087; x_wconf 80' lang='grc' dir='ltr'>γενέσεως,</span> <span class='ocrx_word' id='word_1_616' title='bbox 3099 4014 3464 4086; x_wconf 86' lang='grc' dir='ltr'>συνανῄρηται</span> <span class='ocrx_word' id='word_1_617' title='bbox 3493 4013 3635 4068; x_wconf 81' lang='grc' dir='ltr'>πάν-</span> 
     </span>
    </p>
   </div>
   <div class='ocr_carea' id='block_1_87' title="bbox 2059 4104 3633 4184">
    <p class='ocr_par' dir='ltr' id='par_1_87' title="bbox 2059 4104 3633 4184">
     <span class='ocr_line' id='line_1_87' title="bbox 2059 4104 3633 4184; baseline -0.006 -18"><span class='ocrx_word' id='word_1_618' title='bbox 2059 4130 2166 4177; x_wconf 86' lang='grc' dir='ltr'>τως</span> <span class='ocrx_word' id='word_1_619' title='bbox 2198 4115 2232 4184; x_wconf 85' lang='grc' dir='ltr'>ή</span> <span class='ocrx_word' id='word_1_620' title='bbox 2277 4112 2384 4166; x_wconf 78' lang='grc' dir='ltr'>ἀπὸ</span> <span class='ocrx_word' id='word_1_621' title='bbox 2431 4110 2525 4164; x_wconf 82' lang='grc' dir='ltr'><strong>τοῦ</strong></span> <span class='ocrx_word' id='word_1_622' title='bbox 2580 4110 2695 4179; x_wconf 88' lang='grc' dir='ltr'>βίου</span> <span class='ocrx_word' id='word_1_623' title='bbox 2745 4109 3016 4181; x_wconf 77' lang='grc' dir='ltr'>συμφορὰ,</span> <span class='ocrx_word' id='word_1_624' title='bbox 3075 4107 3170 4161; x_wconf 78' lang='grc' dir='ltr'><strong>καὶ</strong></span> <span class='ocrx_word' id='word_1_625' title='bbox 3209 4104 3486 4177; x_wconf 65' lang='grc' dir='ltr'>άφῄρηται</span> <span class='ocrx_word' id='word_1_626' title='bbox 3517 4105 3633 4158; x_wconf 89' lang='grc' dir='ltr'><strong>τῶν</strong></span> 
     </span>
    </p>
   </div>
   <div class='ocr_carea' id='block_1_88' title="bbox 2062 4198 3631 4275">
    <p class='ocr_par' dir='ltr' id='par_1_88' title="bbox 2062 4198 3631 4275">
     <span class='ocr_line' id='line_1_88' title="bbox 2062 4198 3631 4275; baseline -0.004 -17"><span class='ocrx_word' id='word_1_627' title='bbox 2062 4205 2365 4275; x_wconf 83' lang='grc' dir='ltr'>προσώπων</span> <span class='ocrx_word' id='word_1_628' title='bbox 2396 4204 2454 4257; x_wconf 84' lang='grc' dir='ltr'>τὸ</span> <span class='ocrx_word' id='word_1_629' title='bbox 2476 4204 2730 4272; x_wconf 86' lang='grc' dir='ltr'>δάκρυον,</span> <span class='ocrx_word' id='word_1_630' title='bbox 2758 4201 2937 4264; x_wconf 83' lang='grc' dir='ltr'>καθώς</span> <span class='ocrx_word' id='word_1_631' title='bbox 2969 4217 3130 4271; x_wconf 83' lang='grc' dir='ltr'>φησιν</span> <span class='ocrx_word' id='word_1_632' title='bbox 3163 4203 3190 4254; x_wconf 98' lang='lat'><strong>6</strong></span> <span class='ocrx_word' id='word_1_633' title='bbox 3217 4200 3527 4270; x_wconf 76' lang='grc' dir='ltr'>Προφήτης.</span> <span class='ocrx_word' id='word_1_634' title='bbox 3551 4198 3631 4252; x_wconf 84' lang='grc' dir='ltr'><strong>Οὐ</strong></span> 
     </span>
    </p>
   </div>
   <div class='ocr_carea' id='block_1_89' title="bbox 2058 4288 3630 4364">
    <p class='ocr_par' dir='ltr' id='par_1_89' title="bbox 2058 4288 3630 4364">
     <span class='ocr_line' id='line_1_89' title="bbox 2058 4288 3630 4364; baseline -0.006 -16"><span class='ocrx_word' id='word_1_635' title='bbox 2058 4296 2166 4364; x_wconf 79' lang='grc' dir='ltr'><strong>γὰρ</strong></span> <span class='ocrx_word' id='word_1_636' title='bbox 2198 4296 2255 4347; x_wconf 84' lang='grc' dir='ltr'>ὲν</span> <span class='ocrx_word' id='word_1_637' title='bbox 2287 4294 2533 4364; x_wconf 81' lang='grc' dir='ltr'>ἀνομίαις</span> <span class='ocrx_word' id='word_1_638' title='bbox 2559 4293 2759 4363; x_wconf 75' lang='grc' dir='ltr'>ὲστὶνὴ</span> <span class='ocrx_word' id='word_1_639' title='bbox 2795 4290 3053 4361; x_wconf 81' lang='grc' dir='ltr'>σύλληψις</span> <span class='ocrx_word' id='word_1_640' title='bbox 3081 4288 3182 4350; x_wconf 75' lang='grc' dir='ltr'>ἔτι,</span> <span class='ocrx_word' id='word_1_641' title='bbox 3208 4288 3328 4341; x_wconf 80' lang='grc' dir='ltr'>οὐδὲ</span> <span class='ocrx_word' id='word_1_642' title='bbox 3367 4290 3425 4340; x_wconf 82' lang='grc' dir='ltr'>ὲν</span> <span class='ocrx_word' id='word_1_643' title='bbox 3443 4289 3630 4357; x_wconf 75' lang='grc' dir='ltr'>ἁμαρ-</span> 
     </span>
    </p>
   </div>
   <div class='ocr_carea' id='block_1_90' title="bbox 391 4379 1960 4457">
    <p class='ocr_par' dir='ltr' id='par_1_90' title="bbox 391 4383 1957 4454">
     <span class='ocr_line' id='line_1_90' title="bbox 391 4383 1957 4454; baseline 0.003 -18"><span class='ocrx_word' id='word_1_644' title='bbox 391 4391 603 4452; x_wconf 89' lang='lat' dir='ltr'><strong>partus,</strong></span> <span class='ocrx_word' id='word_1_645' title='bbox 634 4399 809 4454; x_wconf 89' lang='lat' dir='ltr'><strong>neque</strong></span> <span class='ocrx_word' id='word_1_646' title='bbox 836 4399 902 4439; x_wconf 81' lang='lat' dir='ltr'><strong>ex</strong></span> <span class='ocrx_word' id='word_1_647' title='bbox 936 4383 1218 4453; x_wconf 85' lang='lat' dir='ltr'><strong>sanguine,</strong></span> <span class='ocrx_word' id='word_1_648' title='bbox 1248 4398 1423 4452; x_wconf 87' lang='lat' dir='ltr'><strong>neque</strong></span> <span class='ocrx_word' id='word_1_649' title='bbox 1442 4399 1506 4437; x_wconf 82' lang='lat' dir='ltr'><strong>ex</strong></span> <span class='ocrx_word' id='word_1_650' title='bbox 1543 4384 1819 4440; x_wconf 87' lang='lat' dir='ltr'><strong>voluntate</strong></span> <span class='ocrx_word' id='word_1_651' title='bbox 1835 4387 1957 4450; x_wconf 87' lang='lat' dir='ltr'><strong>viri,</strong></span> 
     </span>
    </p>
   </div>
   <div class='ocr_carea' id='block_1_91' title="bbox 2060 4379 3633 4457">
    <p class='ocr_par' dir='ltr' id='par_1_91' title="bbox 2060 4379 3633 4457">
     <span class='ocr_line' id='line_1_91' title="bbox 2060 4379 3633 4457; baseline -0.004 -19"><span class='ocrx_word' id='word_1_652' title='bbox 2060 4386 2200 4448; x_wconf 87' lang='grc' dir='ltr'>τίαις</span> <span class='ocrx_word' id='word_1_653' title='bbox 2229 4387 2261 4457; x_wconf 81' lang='grc' dir='ltr'>ἡ</span> <span class='ocrx_word' id='word_1_654' title='bbox 2296 4384 2488 4454; x_wconf 84' lang='grc' dir='ltr'>κύησις</span> <span class='ocrx_word' id='word_1_655' title='bbox 2508 4400 2522 4414; x_wconf 76' lang='grc'><strong>⁸</strong></span> <span class='ocrx_word' id='word_1_656' title='bbox 2558 4384 2676 4437; x_wconf 74' lang='grc' dir='ltr'>οὐδὲ</span> <span class='ocrx_word' id='word_1_657' title='bbox 2704 4383 2763 4447; x_wconf 80' lang='grc' dir='ltr'>ἐξ</span> <span class='ocrx_word' id='word_1_658' title='bbox 2787 4382 3056 4453; x_wconf 72' lang='grc' dir='ltr'>αἱμάτων,</span> <span class='ocrx_word' id='word_1_659' title='bbox 3078 4381 3201 4433; x_wconf 83' lang='grc' dir='ltr'>οὑδὲ</span> <span class='ocrx_word' id='word_1_660' title='bbox 3237 4383 3301 4433; x_wconf 81' lang='grc' dir='ltr'>ὲκ</span> <span class='ocrx_word' id='word_1_661' title='bbox 3329 4379 3633 4448; x_wconf 75' lang='grc' dir='ltr'>θελήματος</span> 
     </span>
    </p>
   </div>
   <div class='ocr_carea' id='block_1_92' title="bbox 390 4474 1957 4545">
    <p class='ocr_par' dir='ltr' id='par_1_92' title="bbox 390 4474 1957 4545">
     <span class='ocr_line' id='line_1_92' title="bbox 390 4474 1957 4545; baseline 0.001 -17"><span class='ocrx_word' id='word_1_662' title='bbox 390 4490 567 4544; x_wconf 86' lang='lat' dir='ltr'><strong>neque</strong></span> <span class='ocrx_word' id='word_1_663' title='bbox 595 4490 661 4528; x_wconf 80' lang='lat' dir='ltr'><strong>ex</strong></span> <span class='ocrx_word' id='word_1_664' title='bbox 695 4477 967 4528; x_wconf 87' lang='lat' dir='ltr'><strong>voluntate</strong></span> <span class='ocrx_word' id='word_1_665' title='bbox 995 4475 1199 4536; x_wconf 76' lang='lat' dir='ltr'><strong>carnis,</strong></span> <span class='ocrx_word' id='word_1_666' title='bbox 1250 4474 1342 4530; x_wconf 88' lang='lat' dir='ltr'><strong>sed</strong></span> <span class='ocrx_word' id='word_1_667' title='bbox 1379 4474 1655 4529; x_wconf 86' lang='lat' dir='ltr'><strong>voluntate</strong></span> <span class='ocrx_word' id='word_1_668' title='bbox 1690 4474 1782 4530; x_wconf 87' lang='lat' dir='ltr'><strong>Dei</strong></span> <span class='ocrx_word' id='word_1_669' title='bbox 1834 4492 1957 4545; x_wconf 87' lang='lat' dir='ltr'><strong>pro-</strong></span> 
     </span>
    </p>
   </div>
   <div class='ocr_carea' id='block_1_93' title="bbox 390 4561 1961 4630">
    <p class='ocr_par' dir='ltr' id='par_1_93' title="bbox 390 4561 1961 4630">
     <span class='ocr_line' id='line_1_93' title="bbox 390 4561 1961 4630; baseline -0.002 -13"><span class='ocrx_word' id='word_1_670' title='bbox 390 4563 595 4618; x_wconf 88' lang='lat' dir='ltr'><strong>creatio</strong></span> <span class='ocrx_word' id='word_1_671' title='bbox 624 4562 678 4616; x_wconf 86' lang='lat' dir='ltr'><strong>fit</strong></span> <span class='ocrx_word' id='word_1_672' title='bbox 706 4563 771 4619; x_wconf 78' lang='lat'><strong>”.</strong></span> <span class='ocrx_word' id='word_1_673' title='bbox 803 4561 1012 4617; x_wconf 87' lang='lat' dir='ltr'><strong>Etenim</strong></span> <span class='ocrx_word' id='word_1_674' title='bbox 1048 4577 1170 4616; x_wconf 88' lang='lat' dir='ltr'><strong>cum</strong></span> <span class='ocrx_word' id='word_1_675' title='bbox 1207 4561 1576 4630; x_wconf 88' lang='lat' dir='ltr'><strong>incorruptam</strong></span> <span class='ocrx_word' id='word_1_676' title='bbox 1611 4562 1837 4629; x_wconf 87' lang='lat' dir='ltr'><strong>spiritus</strong></span> <span class='ocrx_word' id='word_1_677' title='bbox 1879 4562 1961 4615; x_wconf 89' lang='lat' dir='ltr'><strong>in-</strong></span> 
     </span>
    </p>
   </div>
   <div class='ocr_carea' id='block_1_94' title="bbox 393 4647 1958 4723">
    <p class='ocr_par' dir='ltr' id='par_1_94' title="bbox 393 4647 1958 4723">
     <span class='ocr_line' id='line_1_94' title="bbox 393 4647 1958 4723; baseline 0.001 -18"><span class='ocrx_word' id='word_1_678' title='bbox 393 4653 696 4723; x_wconf 82' lang='lat' dir='ltr'><strong>tegritatem</strong></span> <span class='ocrx_word' id='word_1_679' title='bbox 761 4653 884 4708; x_wconf 83' lang='lat' dir='ltr'><strong>vivo</strong></span> <span class='ocrx_word' id='word_1_680' title='bbox 941 4652 1106 4707; x_wconf 87' lang='lat' dir='ltr'><strong>corde</strong></span> <span class='ocrx_word' id='word_1_681' title='bbox 1162 4653 1286 4721; x_wconf 89' lang='lat' dir='ltr'><strong>quis</strong></span> <span class='ocrx_word' id='word_1_682' title='bbox 1322 4647 1582 4719; x_wconf 79' lang='lat' dir='ltr'><strong>concipit,</strong></span> <span class='ocrx_word' id='word_1_683' title='bbox 1637 4652 1958 4721; x_wconf 74' lang='lat' dir='ltr'><strong>sapientiam</strong></span> 
     </span>
    </p>
   </div>
   <div class='ocr_carea' id='block_1_95' title="bbox 391 4740 1961 4813">
    <p class='ocr_par' dir='ltr' id='par_1_95' title="bbox 391 4740 1961 4813">
     <span class='ocr_line' id='line_1_95' title="bbox 391 4740 1961 4813; baseline 0.001 -17"><span class='ocrx_word' id='word_1_684' title='bbox 391 4740 501 4806; x_wconf 86' lang='lat' dir='ltr'><strong>hic,</strong></span> <span class='ocrx_word' id='word_1_685' title='bbox 538 4742 831 4813; x_wconf 83' lang='lat' dir='ltr'><strong>justitiam,</strong></span> <span class='ocrx_word' id='word_1_686' title='bbox 863 4744 1279 4797; x_wconf 82' lang='lat' dir='ltr'><strong>sanctimoniam</strong></span> <span class='ocrx_word' id='word_1_687' title='bbox 1314 4745 1475 4813; x_wconf 88' lang='lat' dir='ltr'><strong>parit,</strong></span> <span class='ocrx_word' id='word_1_688' title='bbox 1516 4741 1818 4812; x_wconf 88' lang='lat' dir='ltr'><strong>eodemque</strong></span> <span class='ocrx_word' id='word_1_689' title='bbox 1844 4760 1961 4797; x_wconf 89' lang='lat' dir='ltr'><strong>mo-</strong></span> 
     </span>
    </p>
   </div>
   <div class='ocr_carea' id='block_1_96' title="bbox 390 4833 1959 4904">
    <p class='ocr_par' dir='ltr' id='par_1_96' title="bbox 390 4833 1959 4904">
     <span class='ocr_line' id='line_1_96' title="bbox 390 4833 1959 4904; baseline 0 -16"><span class='ocrx_word' id='word_1_690' title='bbox 390 4835 463 4888; x_wconf 91' lang='lat' dir='ltr'><strong>do</strong></span> <span class='ocrx_word' id='word_1_691' title='bbox 507 4834 952 4904; x_wconf 90' lang='lat' dir='ltr'><strong>redemptionem.</strong></span> <span class='ocrx_word' id='word_1_692' title='bbox 988 4833 1198 4902; x_wconf 82' lang='lat' dir='ltr'><strong>Cuique</strong></span> <span class='ocrx_word' id='word_1_693' title='bbox 1229 4835 1371 4888; x_wconf 87' lang='lat' dir='ltr'><strong>enim</strong></span> <span class='ocrx_word' id='word_1_694' title='bbox 1422 4834 1567 4895; x_wconf 88' lang='lat' dir='ltr'><strong>licet,</strong></span> <span class='ocrx_word' id='word_1_695' title='bbox 1625 4849 1684 4889; x_wconf 89' lang='lat' dir='ltr'><strong>se</strong></span> <span class='ocrx_word' id='word_1_696' title='bbox 1731 4842 1959 4890; x_wconf 85' lang='lat' dir='ltr'><strong>matrem</strong></span> 
     </span>
    </p>
   </div>
   <div class='ocr_carea' id='block_1_97' title="bbox 390 4923 1958 4993">
    <p class='ocr_par' dir='ltr' id='par_1_97' title="bbox 390 4923 1958 4993">
     <span class='ocr_line' id='line_1_97' title="bbox 390 4923 1958 4993; baseline 0.001 -15"><span class='ocrx_word' id='word_1_697' title='bbox 390 4939 514 4979; x_wconf 80' lang='lat' dir='ltr'><strong>esse</strong></span> <span class='ocrx_word' id='word_1_698' title='bbox 549 4923 669 4992; x_wconf 88' lang='lat' dir='ltr'><strong>ejus</strong></span> <span class='ocrx_word' id='word_1_699' title='bbox 701 4925 791 4993; x_wconf 90' lang='lat' dir='ltr'><strong>qui</strong></span> <span class='ocrx_word' id='word_1_700' title='bbox 814 4924 925 4977; x_wconf 73' lang='lat' dir='ltr'><strong>haec</strong></span> <span class='ocrx_word' id='word_1_701' title='bbox 957 4923 1052 4983; x_wconf 88' lang='lat' dir='ltr'><strong>sit,</strong></span> <span class='ocrx_word' id='word_1_702' title='bbox 1085 4930 1144 4977; x_wconf 90' lang='lat' dir='ltr'><strong>ut</strong></span> <span class='ocrx_word' id='word_1_703' title='bbox 1166 4923 1398 4992; x_wconf 83' lang='lat' dir='ltr'><strong>quodam</strong></span> <span class='ocrx_word' id='word_1_704' title='bbox 1431 4924 1550 4977; x_wconf 89' lang='lat' dir='ltr'><strong>loco</strong></span> <span class='ocrx_word' id='word_1_705' title='bbox 1570 4923 1643 4977; x_wconf 87' lang='lat' dir='ltr'><strong>ait</strong></span> <span class='ocrx_word' id='word_1_706' title='bbox 1665 4923 1958 4991; x_wconf 85' lang='lat' dir='ltr'><strong>Dominus;</strong></span> 
     </span>
    </p>
   </div>
   <div class='ocr_carea' id='block_1_98' title="bbox 389 5013 1961 5086">
    <p class='ocr_par' dir='ltr' id='par_1_98' title="bbox 389 5013 1961 5086">
     <span class='ocr_line' id='line_1_98' title="bbox 389 5013 1961 5086; baseline 0.001 -18"><span class='ocrx_word' id='word_1_707' title='bbox 389 5015 670 5086; x_wconf 89' lang='lat' dir='ltr'><strong>quoniam,</strong></span> <span class='ocrx_word' id='word_1_708' title='bbox 704 5014 901 5085; x_wconf 89' lang='lat' dir='ltr'><strong>inquit,</strong></span> <span class='ocrx_word' id='word_1_709' title='bbox 939 5032 957 5064; x_wconf 78' lang='grc' dir='ltr'><strong>ι</strong></span> <span class='ocrx_word' id='word_1_710' title='bbox 987 5013 1087 5079; x_wconf 85' lang='lat' dir='ltr'><strong>Qui</strong></span> <span class='ocrx_word' id='word_1_711' title='bbox 1116 5013 1242 5067; x_wconf 81' lang='lat' dir='ltr'><strong>facit</strong></span> <span class='ocrx_word' id='word_1_712' title='bbox 1272 5014 1607 5068; x_wconf 83' lang='lat' dir='ltr'><strong>voluntatem</strong></span> <span class='ocrx_word' id='word_1_713' title='bbox 1642 5030 1836 5079; x_wconf 86' lang='lat' dir='ltr'><strong>meam,</strong></span> <span class='ocrx_word' id='word_1_714' title='bbox 1873 5015 1961 5070; x_wconf 90' lang='lat' dir='ltr'><strong>hic</strong></span> 
     </span>
    </p>
   </div>
   <div class='ocr_carea' id='block_1_99' title="bbox 389 5105 1955 5174">
    <p class='ocr_par' dir='ltr' id='par_1_99' title="bbox 389 5105 1955 5174">
     <span class='ocr_line' id='line_1_99' title="bbox 389 5105 1955 5174; baseline -0.001 -11"><span class='ocrx_word' id='word_1_715' title='bbox 389 5117 438 5163; x_wconf 86' lang='lat' dir='ltr'><strong>et</strong></span> <span class='ocrx_word' id='word_1_716' title='bbox 471 5107 659 5169; x_wconf 81' lang='lat' dir='ltr'><strong>frater,</strong></span> <span class='ocrx_word' id='word_1_717' title='bbox 690 5115 743 5161; x_wconf 79' lang='lat' dir='ltr'><strong>et</strong></span> <span class='ocrx_word' id='word_1_718' title='bbox 787 5122 965 5170; x_wconf 87' lang='lat' dir='ltr'><strong>soror,</strong></span> <span class='ocrx_word' id='word_1_719' title='bbox 1020 5114 1074 5161; x_wconf 88' lang='lat' dir='ltr'><strong>et</strong></span> <span class='ocrx_word' id='word_1_720' title='bbox 1115 5114 1287 5159; x_wconf 82' lang='lat' dir='ltr'><strong>mater</strong></span> <span class='ocrx_word' id='word_1_721' title='bbox 1336 5121 1453 5159; x_wconf 88' lang='lat' dir='ltr'><strong>mea</strong></span> <span class='ocrx_word' id='word_1_722' title='bbox 1487 5114 1573 5161; x_wconf 91' lang='lat' dir='ltr'><strong>est</strong></span> <span class='ocrx_word' id='word_1_723' title='bbox 1597 5105 1665 5160; x_wconf 77' lang='lat'><strong>“.</strong></span> <span class='ocrx_word' id='word_1_724' title='bbox 1706 5124 1725 5157; x_wconf 76' lang='grc' dir='ltr'><strong>ι</strong></span> <span class='ocrx_word' id='word_1_725' title='bbox 1787 5106 1955 5174; x_wconf 87' lang='lat' dir='ltr'><strong>Quem</strong></span> 
     </span>
    </p>
   </div>
   <div class='ocr_carea' id='block_1_100' title="bbox 388 5194 1955 5267">
    <p class='ocr_par' dir='ltr' id='par_1_100' title="bbox 388 5194 1955 5267">
     <span class='ocr_line' id='line_1_100' title="bbox 388 5194 1955 5267; baseline 0.001 -16"><span class='ocrx_word' id='word_1_726' title='bbox 388 5197 553 5267; x_wconf 80' lang='lat' dir='ltr'><strong>igitur</strong></span> <span class='ocrx_word' id='word_1_727' title='bbox 593 5198 770 5250; x_wconf 85' lang='lat' dir='ltr'><strong>locum</strong></span> <span class='ocrx_word' id='word_1_728' title='bbox 813 5197 865 5250; x_wconf 87' lang='lat' dir='ltr'><strong>in</strong></span> <span class='ocrx_word' id='word_1_729' title='bbox 910 5197 992 5251; x_wconf 91' lang='lat' dir='ltr'><strong>his</strong></span> <span class='ocrx_word' id='word_1_730' title='bbox 1022 5196 1266 5266; x_wconf 86' lang='lat' dir='ltr'><strong>partibus</strong></span> <span class='ocrx_word' id='word_1_731' title='bbox 1302 5211 1449 5249; x_wconf 90' lang='lat' dir='ltr'><strong>mors</strong></span> <span class='ocrx_word' id='word_1_732' title='bbox 1486 5195 1684 5250; x_wconf 85' lang='lat' dir='ltr'><strong>habet?</strong></span> <span class='ocrx_word' id='word_1_733' title='bbox 1714 5194 1793 5253; x_wconf 80' lang='lat' dir='ltr'><strong>Re</strong></span> <span class='ocrx_word' id='word_1_734' title='bbox 1832 5213 1955 5253; x_wconf 78' lang='lat' dir='ltr'><strong>vera</strong></span> 
     </span>
    </p>
   </div>
   <div class='ocr_carea' id='block_1_101' title="bbox 387 5286 1953 5357">
    <p class='ocr_par' dir='ltr' id='par_1_101' title="bbox 387 5286 1953 5357">
     <span class='ocr_line' id='line_1_101' title="bbox 387 5286 1953 5357; baseline 0.001 -15"><span class='ocrx_word' id='word_1_735' title='bbox 387 5288 441 5342; x_wconf 86' lang='lat' dir='ltr'><strong>in</strong></span> <span class='ocrx_word' id='word_1_736' title='bbox 478 5287 586 5341; x_wconf 88' lang='lat' dir='ltr'><strong>illis</strong></span> <span class='ocrx_word' id='word_1_737' title='bbox 613 5302 642 5340; x_wconf 89' lang='lat' dir='ltr'><strong>a</strong></span> <span class='ocrx_word' id='word_1_738' title='bbox 673 5288 780 5340; x_wconf 86' lang='lat' dir='ltr'><strong>vita</strong></span> <span class='ocrx_word' id='word_1_739' title='bbox 817 5302 964 5342; x_wconf 90' lang='lat' dir='ltr'><strong>mors</strong></span> <span class='ocrx_word' id='word_1_740' title='bbox 992 5295 1073 5341; x_wconf 85' lang='lat' dir='ltr'><strong>est</strong></span> <span class='ocrx_word' id='word_1_741' title='bbox 1095 5288 1349 5356; x_wconf 82' lang='lat' dir='ltr'><strong>ahsorpta</strong></span> <span class='ocrx_word' id='word_1_742' title='bbox 1376 5303 1390 5341; x_wconf 90' lang='lat'><strong>:</strong></span> <span class='ocrx_word' id='word_1_743' title='bbox 1430 5286 1819 5357; x_wconf 76' lang='lat' dir='ltr'><strong>virginalisque</strong></span> <span class='ocrx_word' id='word_1_744' title='bbox 1843 5289 1953 5344; x_wconf 84' lang='lat' dir='ltr'><strong>vita</strong></span> 
     </span>
    </p>
   </div>
   <div class='ocr_carea' id='block_1_102' title="bbox 390 5376 1956 5450">
    <p class='ocr_par' dir='ltr' id='par_1_102' title="bbox 390 5376 1956 5450">
     <span class='ocr_line' id='line_1_102' title="bbox 390 5376 1956 5450; baseline 0.005 -20"><span class='ocrx_word' id='word_1_745' title='bbox 390 5378 540 5432; x_wconf 86' lang='lat' dir='ltr'><strong>illius</strong></span> <span class='ocrx_word' id='word_1_746' title='bbox 569 5378 735 5431; x_wconf 86' lang='lat' dir='ltr'><strong>futuri</strong></span> <span class='ocrx_word' id='word_1_747' title='bbox 765 5378 862 5432; x_wconf 67' lang='lat' dir='ltr'><strong>aevi</strong></span> <span class='ocrx_word' id='word_1_748' title='bbox 893 5376 1244 5434; x_wconf 79' lang='lat' dir='ltr'><strong>beatitudinis</strong></span> <span class='ocrx_word' id='word_1_749' title='bbox 1296 5378 1473 5449; x_wconf 85' lang='lat' dir='ltr'><strong>imago</strong></span> <span class='ocrx_word' id='word_1_750' title='bbox 1528 5380 1774 5450; x_wconf 64' lang='lat' dir='ltr'><strong>quaedam</strong></span> <span class='ocrx_word' id='word_1_751' title='bbox 1835 5398 1956 5438; x_wconf 83' lang='lat' dir='ltr'><strong>esse</strong></span> 
     </span>
    </p>
   </div>
   <div class='ocr_carea' id='block_1_103' title="bbox 389 5468 1955 5542">
    <p class='ocr_par' dir='ltr' id='par_1_103' title="bbox 389 5468 1955 5542">
     <span class='ocr_line' id='line_1_103' title="bbox 389 5468 1955 5542; baseline 0.004 -20"><span class='ocrx_word' id='word_1_752' title='bbox 389 5468 624 5534; x_wconf 80' lang='lat' dir='ltr'><strong>videtur,</strong></span> <span class='ocrx_word' id='word_1_753' title='bbox 656 5484 779 5525; x_wconf 92' lang='lat' dir='ltr'><strong>cum</strong></span> <span class='ocrx_word' id='word_1_754' title='bbox 813 5470 979 5524; x_wconf 89' lang='lat' dir='ltr'><strong>multa</strong></span> <span class='ocrx_word' id='word_1_755' title='bbox 1009 5484 1193 5526; x_wconf 83' lang='lat' dir='ltr'><strong>secum</strong></span> <span class='ocrx_word' id='word_1_756' title='bbox 1230 5471 1384 5542; x_wconf 85' lang='lat' dir='ltr'><strong>signa</strong></span> <span class='ocrx_word' id='word_1_757' title='bbox 1436 5472 1651 5527; x_wconf 85' lang='lat' dir='ltr'><strong>illorum</strong></span> <span class='ocrx_word' id='word_1_758' title='bbox 1692 5472 1955 5531; x_wconf 81' lang='lat' dir='ltr'><strong>bonorum</strong></span> 
     </span>
    </p>
   </div>
   <div class='ocr_carea' id='block_1_104' title="bbox 460 5646 1482 5715">
    <p class='ocr_par' dir='ltr' id='par_1_104' title="bbox 460 5646 1482 5715">
     <span class='ocr_line' id='line_1_104' title="bbox 460 5646 1482 5715; baseline -0.004 -9"><span class='ocrx_word' id='word_1_759' title='bbox 460 5649 507 5683; x_wconf 75' lang='grc'><strong>’³</strong></span> <span class='ocrx_word' id='word_1_760' title='bbox 532 5646 687 5706; x_wconf 85' lang='lat' dir='ltr'><strong>Joan.</strong></span> <span class='ocrx_word' id='word_1_761' title='bbox 716 5665 757 5715; x_wconf 83' lang='grc' dir='ltr'><strong>ι,</strong></span> <span class='ocrx_word' id='word_1_762' title='bbox 799 5649 884 5704; x_wconf 79' lang='grc'><strong>15.</strong></span> <span class='ocrx_word' id='word_1_763' title='bbox 962 5649 1005 5681; x_wconf 69' lang='grc'><strong>’⁵</strong></span> <span class='ocrx_word' id='word_1_764' title='bbox 1044 5648 1229 5703; x_wconf 79' lang='lat' dir='ltr'><strong>Matth.</strong></span> <span class='ocrx_word' id='word_1_765' title='bbox 1266 5663 1362 5714; x_wconf 73' lang='lat' dir='ltr'><strong>xu,</strong></span> <span class='ocrx_word' id='word_1_766' title='bbox 1396 5648 1482 5704; x_wconf 83' lang='lat'><strong>50.</strong></span> 
     </span>
    </p>
   </div>
   <div class='ocr_carea' id='block_1_105' title="bbox 2055 4468 3632 4546">
    <p class='ocr_par' dir='ltr' id='par_1_105' title="bbox 2055 4468 3632 4546">
     <span class='ocr_line' id='line_1_105' title="bbox 2055 4468 3632 4546; baseline -0.006 -17"><span class='ocrx_word' id='word_1_767' title='bbox 2055 4475 2244 4546; x_wconf 78' lang='grc' dir='ltr'>ἀνδρὸς</span> <span class='ocrx_word' id='word_1_768' title='bbox 2287 4474 2380 4527; x_wconf 79' lang='grc' dir='ltr'>καὶ</span> <span class='ocrx_word' id='word_1_769' title='bbox 2405 4474 2467 4525; x_wconf 79' lang='grc' dir='ltr'>ἐκ</span> <span class='ocrx_word' id='word_1_770' title='bbox 2497 4471 2799 4542; x_wconf 88' lang='grc' dir='ltr'>θελήματος</span> <span class='ocrx_word' id='word_1_771' title='bbox 2834 4471 3055 4539; x_wconf 73' lang='grc' dir='ltr'>σαρκὸς,</span> <span class='ocrx_word' id='word_1_772' title='bbox 3081 4469 3194 4524; x_wconf 83' lang='grc' dir='ltr'>ἀλλ’</span> <span class='ocrx_word' id='word_1_773' title='bbox 3226 4472 3290 4523; x_wconf 78' lang='grc' dir='ltr'>ἐκ</span> <span class='ocrx_word' id='word_1_774' title='bbox 3309 4468 3441 4522; x_wconf 83' lang='grc' dir='ltr'><strong>Θεοῦ</strong></span> <span class='ocrx_word' id='word_1_775' title='bbox 3467 4468 3632 4537; x_wconf 85' lang='grc' dir='ltr'>μόνου</span> 
     </span>
    </p>
   </div>
   <div class='ocr_carea' id='block_1_106' title="bbox 2055 4559 3632 4636">
    <p class='ocr_par' dir='ltr' id='par_1_106' title="bbox 2055 4559 3632 4636">
     <span class='ocr_line' id='line_1_106' title="bbox 2055 4559 3632 4636; baseline -0.006 -16"><span class='ocrx_word' id='word_1_776' title='bbox 2055 4569 2089 4636; x_wconf 79' lang='grc' dir='ltr'><strong>ἡ</strong></span> <span class='ocrx_word' id='word_1_777' title='bbox 2121 4567 2370 4635; x_wconf 83' lang='grc' dir='ltr'>γέννησις</span> <span class='ocrx_word' id='word_1_778' title='bbox 2422 4564 2648 4633; x_wconf 84' lang='grc' dir='ltr'>γίνεται.</span> <span class='ocrx_word' id='word_1_779' title='bbox 2668 4563 2836 4615; x_wconf 77' lang='grc' dir='ltr'>Τοῦτο</span> <span class='ocrx_word' id='word_1_780' title='bbox 2863 4562 2918 4615; x_wconf 80' lang='grc' dir='ltr'>δὲ</span> <span class='ocrx_word' id='word_1_781' title='bbox 2946 4563 3175 4630; x_wconf 84' lang='grc' dir='ltr'>γίνεται,</span> <span class='ocrx_word' id='word_1_782' title='bbox 3231 4562 3359 4613; x_wconf 85' lang='grc' dir='ltr'>ὅταν</span> <span class='ocrx_word' id='word_1_783' title='bbox 3389 4559 3632 4629; x_wconf 82' lang='grc' dir='ltr'>συλλαμ-</span> 
     </span>
    </p>
   </div>
   <div class='ocr_carea' id='block_1_107' title="bbox 2056 4652 3635 4729">
    <p class='ocr_par' dir='ltr' id='par_1_107' title="bbox 2056 4652 3635 4729">
     <span class='ocr_line' id='line_1_107' title="bbox 2056 4652 3635 4729; baseline -0.006 -17"><span class='ocrx_word' id='word_1_784' title='bbox 2056 4659 2193 4729; x_wconf 75' lang='grc' dir='ltr'>θάνῃ</span> <span class='ocrx_word' id='word_1_785' title='bbox 2228 4659 2326 4727; x_wconf 84' lang='grc' dir='ltr'>μέν</span> <span class='ocrx_word' id='word_1_786' title='bbox 2358 4675 2440 4720; x_wconf 89' lang='grc' dir='ltr'><strong>τις</strong></span> <span class='ocrx_word' id='word_1_787' title='bbox 2464 4659 2520 4710; x_wconf 82' lang='grc' dir='ltr'>ὲν</span> <span class='ocrx_word' id='word_1_788' title='bbox 2552 4655 2628 4726; x_wconf 80' lang='grc' dir='ltr'>τῷ</span> <span class='ocrx_word' id='word_1_789' title='bbox 2649 4654 2863 4725; x_wconf 81' lang='grc' dir='ltr'>ζωτικῷ</span> <span class='ocrx_word' id='word_1_790' title='bbox 2885 4655 2984 4722; x_wconf 82' lang='grc' dir='ltr'>τῆς</span> <span class='ocrx_word' id='word_1_791' title='bbox 3021 4653 3244 4725; x_wconf 84' lang='grc' dir='ltr'>καρδίας</span> <span class='ocrx_word' id='word_1_792' title='bbox 3292 4654 3389 4723; x_wconf 85' lang='grc' dir='ltr'><strong>τὴν</strong></span> <span class='ocrx_word' id='word_1_793' title='bbox 3419 4652 3635 4720; x_wconf 68' lang='grc' dir='ltr'>ἀφθαρ-</span> 
     </span>
    </p>
   </div>
   <div class='ocr_carea' id='block_1_108' title="bbox 2057 4743 3631 4820">
    <p class='ocr_par' dir='ltr' id='par_1_108' title="bbox 2057 4743 3631 4820">
     <span class='ocr_line' id='line_1_108' title="bbox 2057 4743 3631 4820; baseline -0.007 -16"><span class='ocrx_word' id='word_1_794' title='bbox 2057 4751 2177 4804; x_wconf 89' lang='grc' dir='ltr'>σίαν</span> <span class='ocrx_word' id='word_1_795' title='bbox 2197 4748 2290 4803; x_wconf 81' lang='grc' dir='ltr'>τοῦ</span> <span class='ocrx_word' id='word_1_796' title='bbox 2315 4750 2620 4820; x_wconf 88' lang='grc' dir='ltr'>πνεύματος</span> <span class='ocrx_word' id='word_1_797' title='bbox 2642 4766 2655 4779; x_wconf 93' lang='grc'><strong>·</strong></span> <span class='ocrx_word' id='word_1_798' title='bbox 2690 4749 2864 4801; x_wconf 86' lang='grc' dir='ltr'>τίκτει</span> <span class='ocrx_word' id='word_1_799' title='bbox 2906 4746 2964 4799; x_wconf 87' lang='grc' dir='ltr'>δὲ</span> <span class='ocrx_word' id='word_1_800' title='bbox 3000 4747 3191 4815; x_wconf 84' lang='grc' dir='ltr'>σοφίαν</span> <span class='ocrx_word' id='word_1_801' title='bbox 3221 4746 3315 4798; x_wconf 76' lang='grc' dir='ltr'>καὶ</span> <span class='ocrx_word' id='word_1_802' title='bbox 3350 4743 3631 4798; x_wconf 84' lang='grc' dir='ltr'>δικαιοσύ-</span> 
     </span>
    </p>
   </div>
   <div class='ocr_carea' id='block_1_109' title="bbox 2062 4829 3635 4909">
    <p class='ocr_par' dir='ltr' id='par_1_109' title="bbox 2062 4829 3635 4909">
     <span class='ocr_line' id='line_1_109' title="bbox 2062 4829 3635 4909; baseline -0.006 -19"><span class='ocrx_word' id='word_1_803' title='bbox 2062 4856 2181 4909; x_wconf 83' lang='grc' dir='ltr'>νην.</span> <span class='ocrx_word' id='word_1_804' title='bbox 2208 4837 2475 4907; x_wconf 75' lang='grc' dir='ltr'>ἁγιασμὸν</span> <span class='ocrx_word' id='word_1_805' title='bbox 2495 4836 2754 4899; x_wconf 86' lang='grc' dir='ltr'>ὡσαύτως</span> <span class='ocrx_word' id='word_1_806' title='bbox 2778 4835 2872 4888; x_wconf 80' lang='grc' dir='ltr'>καὶ</span> <span class='ocrx_word' id='word_1_807' title='bbox 2898 4832 3295 4904; x_wconf 75' lang='grc' dir='ltr'>ἀπολύτρωσιν.</span> <span class='ocrx_word' id='word_1_808' title='bbox 3325 4830 3493 4884; x_wconf 73' lang='grc' dir='ltr'>Παντὶ</span> <span class='ocrx_word' id='word_1_809' title='bbox 3520 4829 3635 4899; x_wconf 83' lang='grc' dir='ltr'>γὰρ</span> 
     </span>
    </p>
   </div>
   <div class='ocr_carea' id='block_1_110' title="bbox 2062 4917 3633 4999">
    <p class='ocr_par' dir='ltr' id='par_1_110' title="bbox 2062 4917 3633 4999">
     <span class='ocr_line' id='line_1_110' title="bbox 2062 4917 3633 4999; baseline -0.008 -18"><span class='ocrx_word' id='word_1_810' title='bbox 2062 4928 2237 4992; x_wconf 77' lang='grc' dir='ltr'>ἔξεστι</span> <span class='ocrx_word' id='word_1_811' title='bbox 2262 4928 2473 4999; x_wconf 84' lang='grc' dir='ltr'>μητέρα</span> <span class='ocrx_word' id='word_1_812' title='bbox 2503 4927 2752 4997; x_wconf 85' lang='grc' dir='ltr'>γενέσθαι</span> <span class='ocrx_word' id='word_1_813' title='bbox 2780 4925 2873 4978; x_wconf 78' lang='grc' dir='ltr'>τοῦ</span> <span class='ocrx_word' id='word_1_814' title='bbox 2905 4923 3077 4978; x_wconf 83' lang='grc' dir='ltr'>ταῦτα</span> <span class='ocrx_word' id='word_1_815' title='bbox 3099 4923 3271 4985; x_wconf 75' lang='grc' dir='ltr'>ὄντος,</span> <span class='ocrx_word' id='word_1_816' title='bbox 3295 4919 3474 4981; x_wconf 80' lang='grc' dir='ltr'>καθώς</span> <span class='ocrx_word' id='word_1_817' title='bbox 3494 4917 3633 4986; x_wconf 87' lang='grc' dir='ltr'>φησί</span> 
     </span>
    </p>
   </div>
   <div class='ocr_carea' id='block_1_111' title="bbox 2064 5009 3633 5090">
    <p class='ocr_par' dir='ltr' id='par_1_111' title="bbox 2064 5009 3633 5090">
     <span class='ocr_line' id='line_1_111' title="bbox 2064 5009 3633 5090; baseline -0.008 -18"><span class='ocrx_word' id='word_1_818' title='bbox 2064 5037 2163 5073; x_wconf 89' lang='grc' dir='ltr'><strong>που</strong></span> <span class='ocrx_word' id='word_1_819' title='bbox 2225 5021 2253 5074; x_wconf 90' lang='lat'><strong>6</strong></span> <span class='ocrx_word' id='word_1_820' title='bbox 2305 5019 2519 5090; x_wconf 81' lang='grc' dir='ltr'>Κύριος,</span> <span class='ocrx_word' id='word_1_821' title='bbox 2552 5020 2635 5073; x_wconf 86' lang='grc' dir='ltr'>ὅτι</span> <span class='ocrx_word' id='word_1_822' title='bbox 2673 5036 2692 5069; x_wconf 75' lang='grc' dir='ltr'><strong>ι</strong></span> <span class='ocrx_word' id='word_1_823' title='bbox 2747 5019 2807 5071; x_wconf 86' lang='lat'><strong>&#39;0</strong></span> <span class='ocrx_word' id='word_1_824' title='bbox 2841 5017 2901 5070; x_wconf 80' lang='grc' dir='ltr'>τὸ</span> <span class='ocrx_word' id='word_1_825' title='bbox 2934 5016 3143 5085; x_wconf 85' lang='grc' dir='ltr'>θέλημά</span> <span class='ocrx_word' id='word_1_826' title='bbox 3180 5031 3280 5084; x_wconf 88' lang='grc' dir='ltr'><strong>μου</strong></span> <span class='ocrx_word' id='word_1_827' title='bbox 3313 5011 3501 5072; x_wconf 85' lang='grc' dir='ltr'>ποιῶν,</span> <span class='ocrx_word' id='word_1_828' title='bbox 3534 5009 3633 5061; x_wconf 80' lang='grc' dir='ltr'>καὶ</span> 
     </span>
    </p>
   </div>
   <div class='ocr_carea' id='block_1_112' title="bbox 2059 5098 3633 5182">
    <p class='ocr_par' dir='ltr' id='par_1_112' title="bbox 2059 5098 3633 5182">
     <span class='ocr_line' id='line_1_112' title="bbox 2059 5098 3633 5182; baseline -0.01 -16"><span class='ocrx_word' id='word_1_829' title='bbox 2059 5112 2283 5182; x_wconf 76' lang='grc' dir='ltr'>ἀδελφδς</span> <span class='ocrx_word' id='word_1_830' title='bbox 2314 5112 2406 5165; x_wconf 67' lang='grc' dir='ltr'>καὶ</span> <span class='ocrx_word' id='word_1_831' title='bbox 2430 5110 2630 5181; x_wconf 80' lang='grc' dir='ltr'>ἀδελφὴ</span> <span class='ocrx_word' id='word_1_832' title='bbox 2653 5110 2745 5164; x_wconf 75' lang='grc' dir='ltr'><strong>καὶ</strong></span> <span class='ocrx_word' id='word_1_833' title='bbox 2778 5110 2957 5179; x_wconf 79' lang='grc' dir='ltr'>μήτηρ</span> <span class='ocrx_word' id='word_1_834' title='bbox 2992 5123 3093 5176; x_wconf 86' lang='grc' dir='ltr'><strong>μου</strong></span> <span class='ocrx_word' id='word_1_835' title='bbox 3126 5103 3292 5157; x_wconf 76' lang='grc' dir='ltr'>ἐστίν.</span> <span class='ocrx_word' id='word_1_836' title='bbox 3323 5121 3341 5152; x_wconf 72' lang='grc' dir='ltr'><strong>ι</strong></span> <span class='ocrx_word' id='word_1_837' title='bbox 3366 5100 3495 5153; x_wconf 82' lang='grc' dir='ltr'>Τίνα</span> <span class='ocrx_word' id='word_1_838' title='bbox 3525 5098 3633 5170; x_wconf 83' lang='grc' dir='ltr'><strong>χώ-</strong></span> 
     </span>
    </p>
   </div>
   <div class='ocr_carea' id='block_1_113' title="bbox 2064 5186 3633 5275">
    <p class='ocr_par' dir='ltr' id='par_1_113' title="bbox 2064 5186 3633 5275">
     <span class='ocr_line' id='line_1_113' title="bbox 2064 5186 3633 5275; baseline -0.013 -19"><span class='ocrx_word' id='word_1_839' title='bbox 2064 5220 2159 5275; x_wconf 80' lang='grc' dir='ltr'><strong>ραν</strong></span> <span class='ocrx_word' id='word_1_840' title='bbox 2206 5202 2318 5272; x_wconf 81' lang='grc' dir='ltr'>ἔχει</span> <span class='ocrx_word' id='word_1_841' title='bbox 2364 5202 2455 5253; x_wconf 73' lang='grc' dir='ltr'><strong>ἐπὶ</strong></span> <span class='ocrx_word' id='word_1_842' title='bbox 2506 5199 2708 5252; x_wconf 78' lang='grc' dir='ltr'>τούτων</span> <span class='ocrx_word' id='word_1_843' title='bbox 2749 5196 3043 5266; x_wconf 84' lang='grc' dir='ltr'>κυημάτων</span> <span class='ocrx_word' id='word_1_844' title='bbox 3085 5195 3113 5246; x_wconf 91' lang='lat'><strong>6</strong></span> <span class='ocrx_word' id='word_1_845' title='bbox 3150 5191 3375 5251; x_wconf 79' lang='grc' dir='ltr'>θάνατος</span> <span class='ocrx_word' id='word_1_846' title='bbox 3400 5206 3415 5249; x_wconf 82' lang='grc'>;</span> <span class='ocrx_word' id='word_1_847' title='bbox 3444 5186 3633 5248; x_wconf 75' lang='grc' dir='ltr'>Οὖτως</span> 
     </span>
    </p>
   </div>
   <div class='ocr_carea' id='block_1_114' title="bbox 2063 5276 3635 5362">
    <p class='ocr_par' dir='ltr' id='par_1_114' title="bbox 2063 5276 3635 5362">
     <span class='ocr_line' id='line_1_114' title="bbox 2063 5276 3635 5362; baseline -0.013 -15"><span class='ocrx_word' id='word_1_848' title='bbox 2063 5294 2333 5362; x_wconf 81' lang='grc' dir='ltr'>κατεπόθη</span> <span class='ocrx_word' id='word_1_849' title='bbox 2365 5293 2423 5345; x_wconf 83' lang='grc' dir='ltr'>ὲν</span> <span class='ocrx_word' id='word_1_850' title='bbox 2455 5291 2684 5353; x_wconf 77' lang='grc' dir='ltr'>ἐκείνοις</span> <span class='ocrx_word' id='word_1_851' title='bbox 2734 5291 2762 5341; x_wconf 91' lang='lat'><strong>6</strong></span> <span class='ocrx_word' id='word_1_852' title='bbox 2809 5288 3035 5348; x_wconf 83' lang='grc' dir='ltr'>θάνατος</span> <span class='ocrx_word' id='word_1_853' title='bbox 3071 5284 3174 5338; x_wconf 77' lang='grc' dir='ltr'><strong>ὑπὸ</strong></span> <span class='ocrx_word' id='word_1_854' title='bbox 3194 5283 3291 5352; x_wconf 78' lang='grc' dir='ltr'>τῆς</span> <span class='ocrx_word' id='word_1_855' title='bbox 3323 5278 3468 5347; x_wconf 79' lang='grc' dir='ltr'>ζωῆς</span> <span class='ocrx_word' id='word_1_856' title='bbox 3490 5293 3504 5306; x_wconf 88' lang='grc'><em>’</em></span> <span class='ocrx_word' id='word_1_857' title='bbox 3538 5276 3635 5328; x_wconf 75' lang='grc' dir='ltr'>καὶ</span> 
     </span>
    </p>
   </div>
   <div class='ocr_carea' id='block_1_115' title="bbox 2060 5371 3634 5449">
    <p class='ocr_par' dir='ltr' id='par_1_115' title="bbox 2060 5371 3634 5449">
     <span class='ocr_line' id='line_1_115' title="bbox 2060 5371 3634 5449; baseline -0.013 -10"><span class='ocrx_word' id='word_1_858' title='bbox 2060 5388 2233 5439; x_wconf 79' lang='grc' dir='ltr'>ἔοικεν</span> <span class='ocrx_word' id='word_1_859' title='bbox 2256 5382 2416 5437; x_wconf 84' lang='grc' dir='ltr'>είκών</span> <span class='ocrx_word' id='word_1_860' title='bbox 2440 5400 2519 5445; x_wconf 87' lang='grc' dir='ltr'><strong>τις</strong></span> <span class='ocrx_word' id='word_1_861' title='bbox 2542 5378 2678 5435; x_wconf 76' lang='grc' dir='ltr'>εἶναι</span> <span class='ocrx_word' id='word_1_862' title='bbox 2695 5380 2794 5449; x_wconf 80' lang='grc' dir='ltr'>τῆς</span> <span class='ocrx_word' id='word_1_863' title='bbox 2822 5380 2878 5431; x_wconf 78' lang='grc' dir='ltr'>ὲν</span> <span class='ocrx_word' id='word_1_864' title='bbox 2899 5376 2973 5447; x_wconf 84' lang='grc' dir='ltr'>τῷ</span> <span class='ocrx_word' id='word_1_865' title='bbox 2996 5374 3239 5446; x_wconf 82' lang='grc' dir='ltr'>μέλλοντι</span> <span class='ocrx_word' id='word_1_866' title='bbox 3268 5371 3421 5425; x_wconf 84' lang='grc' dir='ltr'>αἰῶνι</span> <span class='ocrx_word' id='word_1_867' title='bbox 3452 5385 3634 5439; x_wconf 81' lang='grc' dir='ltr'>μακα-</span> 
     </span>
    </p>
   </div>
   <div class='ocr_carea' id='block_1_116' title="bbox 2070 5459 3635 5557">
    <p class='ocr_par' dir='ltr' id='par_1_116' title="bbox 2070 5459 3635 5557">
     <span class='ocr_line' id='line_1_116' title="bbox 2070 5459 3635 5557; baseline -0.01 -27"><span class='ocrx_word' id='word_1_868' title='bbox 2070 5478 2310 5548; x_wconf 81' lang='grc' dir='ltr'>ριότητος</span> <span class='ocrx_word' id='word_1_869' title='bbox 2341 5478 2370 5529; x_wconf 91' lang='lat'><strong>6</strong></span> <span class='ocrx_word' id='word_1_870' title='bbox 2405 5477 2461 5528; x_wconf 84' lang='grc' dir='ltr'>ἐν</span> <span class='ocrx_word' id='word_1_871' title='bbox 2497 5473 2761 5557; x_wconf 61' lang='grc' dir='ltr'>παρθενίᾳ</span> <span class='ocrx_word' id='word_1_872' title='bbox 2794 5470 2928 5541; x_wconf 83' lang='grc' dir='ltr'>βίος,</span> <span class='ocrx_word' id='word_1_873' title='bbox 2960 5468 3129 5524; x_wconf 77' lang='grc' dir='ltr'>πολλὰ</span> <span class='ocrx_word' id='word_1_874' title='bbox 3158 5466 3337 5538; x_wconf 75' lang='grc' dir='ltr'>φέρων</span> <span class='ocrx_word' id='word_1_875' title='bbox 3369 5464 3424 5517; x_wconf 81' lang='grc' dir='ltr'>ἐν</span> <span class='ocrx_word' id='word_1_876' title='bbox 3452 5459 3635 5533; x_wconf 75' lang='grc' dir='ltr'>ἐαυτῷ</span> 
     </span>
    </p>
   </div>
  </div>
