4072 6156
557 311 664 368 385
1757 318 1815 374 S.
1850 316 2178 375 GREGORII
2217 318 2515 376 NYSSENI
3700 320 3802 377 38/5

557 420 729 476 fertur
757 440 770 476 :
801 437 1036 493 cumque
1064 437 1218 492 aqum
1261 423 1461 481 fluctus
1494 426 1642 482 circa
1668 441 1792 482 eum
1835 429 1887 482 in
1931 445 2121 501 gyrum

2227 450 2353 496 νων,
2404 432 2557 486 πᾶσα
2610 434 2667 485 ὲν
2701 430 2883 503 κύκλῳ
2925 431 3382 504 περιτραχύνεται
3415 433 3515 505 τῆς
3549 431 3803 505 λίμνηςή

554 522 745 568 mutuo
769 515 1041 569 ducamur
1065 556 1081 580 ,
1121 515 1408 586 medioque
1440 527 1590 573 motu
1636 521 1853 590 impulsi
1889 522 1942 574 in
1978 537 2129 577 sum.

553 618 703 656 mum
733 618 887 673 aqua:
922 612 1111 660 aestum
1143 617 1450 676 erumpant,
1487 610 1668 665 omnis
1698 626 1910 665 summa
1950 613 2128 682 stagni

552 707 716 763 aqua,
749 710 872 748 cum
917 695 1022 749 ima
1055 713 1179 766 pars
1214 710 1357 753 mota
1393 700 1484 762 sit,
1516 709 1748 756 aestuum
1782 704 1988 757 ambitu
2013 705 2130 774 agi-

552 792 727 850 tatur;
771 786 883 854 pari
920 788 1129 844 ratione
1160 792 1530 860 tranquillitas
1560 801 1613 847 et
1652 794 1818 847 animi
1853 795 2030 864 quies,
2081 796 2127 852 si

552 890 696 930 unus
732 876 926 945 aliquis
957 876 1186 935 affectus
1232 879 1287 933 in
1320 895 1444 934 eum
1505 882 1755 946 invadat,
1809 891 1919 937 tota
1966 885 2128 939 simul

546 969 894 1031 concutitur,
929 976 994 1033 et,
1023 970 1193 1039 partis
1231 971 1616 1027 detrimentum
1654 990 1761 1029 una
1795 975 1957 1028 etiam
2002 991 2130 1029 sen-

549 1060 634 1113 tit.
679 1059 1124 1114 Commemorant
1179 1063 1324 1116 enim
1387 1064 1444 1127 ii,
1481 1066 1572 1134 qui
1637 1066 1749 1119 haec
1804 1066 1921 1135 ipsa
1973 1068 2126 1121 inda-

542 1157 765 1218 garunt,
795 1148 1023 1204 virtutes
1068 1151 1212 1204 inter
1262 1167 1321 1207 se
1363 1155 1586 1210 minime
1623 1154 1931 1225 disjunctas
1964 1173 2124 1220 esse;

549 1257 725 1310 neque
758 1240 872 1294 fieri
907 1257 1088 1310 posse,
1127 1252 1183 1296 ut
1216 1245 1310 1313 qui
1349 1246 1512 1301 unius
1543 1248 1809 1300 rationem
1842 1248 2129 1317 diligenter

547 1341 918 1402 accurateque
944 1338 1297 1403 percurrerit,
1325 1346 1551 1393 caeteras
1578 1354 1798 1408 quoque
1824 1354 1931 1393 non
1963 1342 2122 1393 attin-

546 1433 677 1495 gat;
712 1425 807 1481 sed
838 1427 928 1481 cui
965 1444 1072 1482 una
1118 1444 1181 1483 ex
1220 1429 1516 1486 virtutibus
1551 1430 1713 1494 ineSt,
1746 1432 1986 1502 reliquas
2028 1447 2123 1486 ne-

544 1517 791 1571 cessario
835 1532 959 1572 eum
992 1523 1252 1589 consequi
1295 1522 1507 1576 dicunt.
1541 1523 1685 1588 Quin
1731 1523 1895 1578 etiam
1933 1534 2127 1578 contra

546 1607 782 1677 alicujus
832 1609 932 1674 rei,
985 1626 1105 1680 quae
1137 1627 1242 1666 nos
1284 1614 1525 1683 attingit,
1565 1614 1755 1667 vitium
1791 1615 1859 1668 ad
1905 1630 2124 1670 omnem

547 1699 836 1754 honestam
897 1702 1062 1755 vitam
1117 1705 1372 1771 pertinet,
1428 1720 1687 1773 vereque,
1738 1714 1797 1758 ut
1844 1713 1927 1759 est
1981 1705 2125 1775 apud

2233 522 2544 590 ἐπιφάνεια,
2562 521 3001 594 συνδιατιθεμένη
3027 523 3104 591 τῷ
3132 522 3282 592 βάθει
3301 541 3315 554 ·
3338 523 3480 577 οὕτω
3508 526 3605 577 καὶ
3630 523 3691 576 τὸ
3712 524 3805 594 τῆς

2231 613 2407 683 ψυχῆς
2428 613 2717 682 γαληναῖον
2746 614 2838 667 καὶ
2856 614 3076 684 ἥσυχον,
3108 614 3176 667 δι’
3196 615 3313 677 ἑνός
3336 632 3479 678 τινος
3515 630 3803 685 παρεμπε-

2232 703 2415 767 σὸντος
2445 704 2524 767 είς
2543 703 2710 772 αὐτὴν
2765 704 2969 767 πάθους
3012 704 3132 758 ὅλον
3175 705 3566 775 συνδιεσείσθη,
3589 705 3683 758 καὶ
3710 704 3807 773 τῆς

2230 794 2322 848 τοῦ
2360 796 2560 867 μέρους
2588 795 2793 866 βλάϐης
2821 794 3130 866 συνῄσθετο.
3167 796 3305 849 Φασὶ
3328 796 3385 849 δὲ
3419 797 3511 848 καὶ
3540 796 3589 848 ot
3610 796 3679 848 τὰ
3700 812 3809 849 τοι·

2231 886 2371 940 αὔτα
2409 886 2754 955 ἐξητακότες,
2811 885 2885 957 μὴ
2912 886 3237 956 άπεσχίσθαι
3283 885 3383 949 τὰς
3411 885 3611 956 ἀρετὰς
3642 883 3807 954 ἀλλή-

2229 976 2358 1041 λων,
2397 977 2532 1047 μηδὲ
2558 976 2781 1030 δυνατὸν
2804 972 2943 1029 εἶναι
2979 978 3106 1047 μιᾶς
3148 994 3292 1041 τινος
3322 976 3523 1046 ἀρετῆς
3551 974 3694 1029 κατά
3718 975 3808 1029 τὸν

2229 1069 2430 1139 ἀκριϐῆ
2466 1068 2896 1139 περιδράξασθαι
2918 1070 3096 1138 λόγον.
3119 1070 3210 1122 τὸν
3243 1070 3316 1140 μὴ
3352 1069 3446 1122 καὶ
3471 1069 3579 1120 τῶν
3608 1067 3808 1120 λοιπῶν

2229 1158 2604 1229 ἐφαψάμενον·
2633 1160 2744 1213 ἀλλ’
2768 1154 2813 1228 ᾧ
2842 1159 2906 1215 ἂν
2925 1160 3299 1232 παραγένηται
3332 1159 3426 1230 μία
3441 1160 3550 1213 τῶν
3580 1157 3807 1231 ἀρετῶν,

2230 1254 2541 1321 ἀναγκαίως
2575 1253 2960 1307 ἐπακολουθεῖν
2990 1254 3085 1307 καὶ
3112 1254 3211 1316 τάς
3257 1253 3470 1315 λοιπάς.
3513 1251 3722 1305 Οὐκοῦν
3749 1250 3807 1316 ἐξ

2228 1343 2585 1413 ἀντιστρόφου
2646 1344 2740 1397 καὶ⁸
2772 1346 2804 1415 ἡ
2843 1344 2971 1415 περί
3014 1361 3068 1396 τι
3120 1343 3290 1414 βλάϐη
3326 1342 3434 1395 τῶν
3467 1345 3524 1393 ἐν
3550 1342 3680 1410 ἡμῖν
3730 1341 3809 1402 είς

2228 1432 2348 1485 ὅλον
2370 1434 2461 1485 τὸν
2489 1433 2608 1486 κατ’
2632 1433 2833 1503 ἀρετὴν
2862 1433 3113 1487 διατείνει
3132 1433 3264 1503 βίον,
3299 1432 3393 1486 καὶ⁵
3415 1431 3604 1497 ὅντως,
3629 1428 3809 1491 καθώς

2228 1541 2393 1605 φησιν
2445 1526 2473 1577 ὁ
2534 1524 2870 1588 Ἀπόστολος,
2923 1527 3034 1589 τοῖς
3087 1526 3279 1596 μέρεσι
3307 1524 3367 1577 τὸ
3395 1525 3515 1577 ὅλον
3550 1521 3811 1575 συνδιατί-

2228 1616 2401 1680 θεται,
2430 1615 2494 1669 ἄν
2516 1632 2574 1668 τε
2607 1617 2791 1687 πάσχῃ
2824 1615 2986 1686 μέλος
3018 1616 3097 1679 ἓν,
3134 1613 3527 1684 συναλγοῦντος
3557 1613 3651 1665 τοῦ
3682 1628 3812 1665 παν-

2228 1706 2337 1770 τὸς,
2359 1707 2452 1761 ἐάν
2475 1724 2535 1760 τε
2564 1708 2655 1760 καὶ
2686 1708 2996 1777 δοξάζηται,
3027 1709 3119 1762 τοῦ
3147 1709 3269 1762 ὅλου
3303 1706 3704 1778 συγγαίροντος.

547 1793 967 1862 Apostolum",
1006 1801 1179 1847 totum
1219 1810 1343 1848 cum
1400 1796 1646 1868 partibus
1691 1795 1959 1862 allicitur;
2020 1797 2135 1851 sive
2208 1799 2354 1853 enim
2402 1814 2509 1853 una
2550 1815 2675 1867 pars
2730 1800 2953 1867 patitur,
3005 1808 3178 1855 totum
3228 1801 3401 1856 simul
3461 1800 3641 1865 dolet;
3699 1798 3815 1853 sive

546 1886 714 1954 gloria
749 1885 1001 1949 allieitur,
1040 1892 1213 1940 totum
1243 1904 1352 1943 una
1386 1888 1606 1958 gaudet.

1145 2002 1372 2058 CAPUT
1399 2002 1517 2058 XV.

609 2114 676 2170 Ut
708 2094 910 2186 aliquid
944 2124 1022 2170 est
1049 2132 1080 2168 a
1106 2117 1295 2171 virtute
1328 2125 1607 2182 remotum,
1630 2117 1706 2171 ita
1744 2119 1799 2173 in
1835 2118 2068 2187 periculo

1202 2197 1463 2242 versatur.

614 2275 721 2331 Sed
760 2275 1189 2331 innun'ierabiles
1237 2277 1290 2330 in
1327 2284 1515 2331 nostra
1551 2278 1661 2333 vita
1693 2287 1824 2334 sunt
1861 2280 2121 2350 peccandi

546 2371 665 2427 viae.
698 2369 991 2437 variosque
1023 2368 1122 2422 hos
1142 2370 1503 2438 delinquendi
1543 2370 1733 2425 modos
1758 2370 2123 2427 multitudinis

545 2462 764 2514 nomine
790 2458 986 2514 divina:
1007 2458 1225 2515 Littera:
1256 2461 1602 2515 ostendunm
1631 2462 1780 2516 Multi
1801 2463 1947 2518 enim
1972 2472 2120 2529 sunt,

544 2552 929 2621 mquiunt,qui
960 2561 1361 2622 persequuntur
1392 2562 1565 2616 me,et
1596 2551 1860 2607 tribulam
1884 2570 1969 2608 me
1992 2556 2067 2621 ²⁶;
2098 2575 2117 2607 ι

548 2654 622 2703 et,
650 2665 667 2695 ι
693 2645 843 2698 Multi
867 2645 1064 2699 bellum
1087 2651 1283 2714 gerunt
1306 2642 1567 2699 adversus
1594 2659 1678 2699 me
1693 2660 1756 2698 ex
1780 2646 1969 2700 aito".
1998 2663 2016 2698 ι
2035 2647 2124 2700 At-

543 2750 650 2805 que
672 2734 777 2786 alia
804 2734 1018 2803 quidem
1041 2734 1208 2788 multa
1228 2732 1494 2803 ejusmodi
1520 2742 1664 2788 sunt.
1686 2734 1942 2791 Fortasse
1963 2738 2124 2807 igitur

548 2838 672 2893 ap'e
697 2839 1130 2879 eouunemorare
1175 2825 1331 2878 licet'
1355 2825 1558 2880 multos
1592 2839 1736 2888 esse,
1786 2826 1877 2894 qui
1912 2827 2120 2882 adulte-

544 2916 716 2968 rando
751 2915 980 2969 insidias
1010 2924 1251 2977 struant,
1280 2924 1339 2969 ut
1371 2916 1689 2972 honorabile
1711 2918 1814 2973 hoc
1843 2934 1968 2975 vere
1993 2933 2124 2973 con-

546 3007 795 3069 nubium,
825 3015 881 3061 et
919 3008 1331 3061 immaculatum
1367 3015 1546 3062 torum
1575 3010 1867 3080 deturpcnt
1912 3029 1926 3065 :
1969 3013 2125 3083 sique

547 3100 646 3152 hos
672 3097 950 3152 adulteros
984 3097 1309 3153 nominatim
1340 3114 1665 3153 enumerare
1696 3110 1932 3170 Oportet,
1966 3104 2123 3158 adul-

543 3199 627 3245 ter
659 3191 762 3254 ira,
812 3190 1030 3244 adulter
1057 3191 1306 3255 avaritia,
1344 3192 1558 3247 adulter
1602 3194 1925 3258 invidentia,
1975 3197 2123 3266 inju-

544 3283 751 3336 riarum
798 3282 1123 3348 recordatio,
1172 3284 1481 3351 inimicitia,
1544 3286 1771 3349 invidia,
1835 3295 1888 3341 ct
1940 3291 2123 3344 omnia

543 3372 801 3443 denique,
856 3390 978 3444 qua:
1034 3375 1105 3429 ab
1142 3374 1406 3445 Apostolo
1462 3376 1818 3447 colliguntur,
1865 3387 2125 3448 tanquam

543 3464 917 3521 adulterorum
957 3467 1302 3522 enumeratio
1327 3482 1390 3521 ea
1431 3467 1617 3521 omnia
1651 3468 1780 3533 sint,
1817 3484 1938 3538 qua:
1978 3470 2128 3525 salu-

543 3556 648 3609 tari
680 3556 946 3612 doctrina:
969 3563 1297 3627 repugnant.
1326 3557 1492 3627 Atqui
1530 3558 1794 3614 faciamus
1824 3559 1877 3613 in
1909 3559 2127 3617 feminis

544 3663 707 3703 unam
738 3664 861 3703 esse
894 3647 1067 3702 forma
1104 3648 1338 3717 integra,
1369 3663 1558 3717 quaeve
1605 3649 1766 3719 digna
1796 3650 1867 3705 sit
1897 3659 1958 3704 ut
1987 3667 2130 3707 ame-

536 3745 676 3807 tur;
718 3737 949 3807 ideoque
987 3737 1250 3808 quoniam
1301 3736 1445 3807 regis
1493 3737 1753 3807 conjugio
1787 3740 2125 3804 conveniret,

544 3846 576 3885 a
630 3832 958 3900 quibusdam
1024 3829 1319 3899 impudicis
1374 3828 1693 3883 hominibus
1743 3830 2019 3899 egregiam
2056 3831 2129 3886 ob

544 3926 774 3980 formam
802 3927 850 3980 ei
892 3924 1124 3979 insidias
1161 3925 1287 3994 poni
1317 3941 1330 3954 ο
1369 3924 1483 3977 haec
1513 3938 1648 3978 sane
1677 3924 1921 3993 quandiu
1957 3926 2010 3978 in
2030 3939 2127 3980 eos

545 4031 758 4076 omnes,
793 4014 886 4083 qui
916 4014 1016 4069 sibi
1052 4014 1243 4068 vitium
1279 4011 1478 4069 oﬂ'erre
1509 4011 1754 4077 student,
1790 4013 2013 4067 inimico
2043 4022 2126 4069 est

537 4109 752 4171 animo,
783 4122 1007 4178 remque
1036 4107 1210 4176 ipsam
1246 4122 1377 4161 vero
1421 4107 1622 4161 marito
1669 4105 1898 4171 indicat,
1931 4108 2128 4163 mulier

545 4210 629 4256 est
675 4201 894 4270 pudica,
947 4215 1177 4269 quaeque
1206 4198 1379 4254 solius
1426 4199 1526 4253 viri
1577 4199 1660 4255 sui
1702 4199 1895 4254 honori
1937 4201 2124 4264 servit,

546 4292 870 4361 nullumque
904 4299 1193 4360 propterea
1227 4305 1355 4344 cum
1401 4306 1464 4346 ea
1519 4291 1698 4345 locum
1736 4289 1940 4344 habent
1971 4299 2127 4359 petu-

539 4383 775 4436 slantium
833 4382 1114 4436 hominum
1151 4382 1382 4438 insidiae.
1442 4381 1541 4435 Sin
1593 4390 1773 4436 autem
1821 4396 1888 4435 ex
1927 4380 1997 4436 iis
2031 4380 2123 4450 qui

540 4474 877 4529 insidiantur
919 4476 1010 4528 uni
1052 4474 1347 4535 consentit,
1389 4489 1496 4528 non
1531 4488 1664 4527 sane
1703 4486 1732 4525 a
1785 4486 1946 4541 pmna
1978 4471 2121 4525 illam

538 4568 741 4622 liberat
801 4566 1085 4636 pudicitia.
1145 4580 1307 4636 quam
1358 4564 1410 4638 in
1464 4565 1589 4618 aliis
1632 4579 1743 4633 pra:
1785 4580 1844 4618 se
1886 4562 2005 4618 fert.
2043 4563 2122 4617 Ad

2825 1997 3076 2050 ΚΕΦΑΛ.
3120 1998 3218 2049 lE'.

2228 2112 2357 2166 ’Ὀτι
2391 2112 2455 2165 τὸ
2492 2110 2778 2164 ὁπωσοῦν
2814 2110 2930 2174 ἔξω
2970 2110 3247 2181 γενέσθαι
3289 2109 3399 2177 τῆς
3440 2109 3658 2181 ἀρετῆς
3708 2115 3812 2171 τὸν

2699 2181 2840 2235 ἴσον
2876 2180 3167 2234 κίνδυνον
3202 2180 3346 2247 ἔχει.

2307 2272 2469 2326 Ἀλλὰ
2515 2271 2705 2342 μυρίαι
2748 2269 2890 2323 κατὰ
2930 2269 3020 2323 τὸν
3070 2269 3183 2339 βίον
3233 2272 3390 2340 ἡμῶν
3434 2273 3493 2325 αἱ
3542 2274 3680 2345 πρὸς
3710 2275 3811 2346 τὴν

2225 2363 2496 2434 ἁμαρτίαν
2544 2361 2914 2431 παρατροπαὶ,
2965 2360 3060 2414 καὶ
3103 2361 3457 2433 πολυτρόπως
3496 2366 3552 2418 αί
3588 2366 3807 2436 Γραφσιῖ⁸

2224 2453 2284 2507 τὸ
2314 2452 2515 2522 πλῆθος
2542 2451 2697 2505 τοῦτο
2730 2451 3146 2522 διασημαίνουσι
3166 2467 3180 2481 ο
3228 2469 3247 2501 ι
3280 2452 3470 2505 Πολλοὶ
3498 2455 3606 2526 γὰρ
3629 2458 3679 2508 οἱ
3716 2459 3809 2509 ὲκ-

2222 2544 2507 2608 διώκοντές
2539 2561 2607 2613 με
2637 2544 2729 2596 καὶ
2755 2542 3026 2604 θλίϐοντες
3054 2560 3120 2614 με
3139 2559 3151 2572 ’
3189 2562 3207 2594 ι
3243 2543 3357 2608 καὶ,
3389 2563 3405 2592 ι
3440 2545 3629 2599 Πολλοὶ
3644 2549 3691 2599 οἱ
3718 2565 3812 2600 που

2223 2634 2513 2706 λεμοῦντές
2552 2652 2620 2705 με
2650 2630 2756 2687 ἀπὸ
2786 2633 2983 2703 ὕψους·
3020 2653 3040 2686 ι
3076 2634 3169 2688 καὶ
3200 2634 3334 2688 ἄλλα
3363 2636 3585 2688 τοιαῦτα
3620 2637 3809 2692 πολλά.

2225 2728 2378 2797 Τάχα
2416 2726 2595 2779 τοίνυν
2619 2726 2822 2796 κυρίως
2849 2725 2999 2778 ἔστιν
3027 2726 3201 2779 εἰπεῖν
3230 2727 3310 2779 ὅτι
3340 2729 3523 2782 πολλοὶ
3552 2733 3601 2784 οί
3632 2750 3812 2802 μοιχι-

2226 2818 2336 2881 κῶς
2364 2816 2823 2882 ἐπιϐουλεύοντες,
2858 2817 2991 2887 πρὸς
3031 2820 3091 2870 τὸ
3136 2817 3444 2890 διαφθεῖραι
3490 2822 3582 2875 τὸν
3631 2823 3814 2893 τίμιον

2224 2908 2411 2963 τοῦτον
2437 2909 2513 2973 ὡς
2545 2909 2759 2979 ἀληθῶς
2792 2908 2968 2979 γάμον
3008 2909 3102 2962 καὶ
3137 2908 3237 2979 τὴν
3278 2910 3541 2980 ἀμίαντον
3590 2915 3810 2983 κοίτην’

2226 3001 2345 3055 εἰδὲ
2367 3001 2474 3072 χρὴ
2495 3001 2585 3054 καὶ
2596 3000 2674 3071 τῷ
2693 3001 2915 3070 ὀνόματι
2936 3002 3062 3063 τοὺς
3082 2999 3407 3072 τ[οι]ούτους
3422 3004 3813 3075 ἀπαριθμήσα-

2228 3095 2372 3157 σθαι,
2412 3093 2596 3164 μοιχὸς
2632 3095 2664 3163 ή
2710 3093 2868 3165 ὀργὴ,
2911 3093 3094 3164 μοιχὸς
3138 3094 3171 3164 ἡ
3228 3093 3531 3159 πλεονεξία,
3570 3096 3755 3165 μοιχὸς
3786 3100 3815 3151 ὁ

2227 3185 2438 3253 φθόνος,
2470 3186 2503 3255 ἡ
2539 3186 2895 3254 μνησικακία,
2937 3186 2969 3255 ἡ
3014 3184 3203 3255 ἔχθρα,
3239 3188 3272 3254 ἡ
3309 3185 3597 3254 βασκανία.
3637 3187 3698 3240 τὺ
3728 3191 3815 3257 μῖ-

2229 3292 2340 3341 σος,
2367 3277 2546 3330 πάντα
2572 3277 2674 3330 ὅσα
2702 3277 2852 3347 παρά
2878 3275 2971 3328 τοῦ
3014 3277 3337 3329 ’Λποστόλου
3369 3277 3714 3331 κατείλεκται
3738 3282 3814 3342 ὡς

2228 3368 2578 3439 ἀντικείμενα
2608 3371 2674 3438 τῇ
2703 3368 3024 3440 ὑγιαινούσῃ
3052 3368 3388 3440 διδασκαλίᾳ,
3426 3370 3629 3440 μοιχῶν
3670 3373 3815 3424 ἐστιν

2228 3457 2623 3528 ἀπαρίθμησις.
2666 3458 3025 3529 ’Υποθώμεθα
3064 3461 3245 3513 τοίνυν
3275 3457 3413 3514 εἷναί
3459 3480 3578 3515 τινα
3617 3463 3675 3515 ὲν
3718 3480 3814 3531 γυο

2228 3546 2402 3610 ναιξὶν
2435 3548 2683 3619 εὐπρεπῆ
2712 3566 2772 3601 τε
2788 3551 2883 3603 καὶ
2912 3551 3254 3622 ἀξιέραστον,
3286 3556 3379 3607 καὶ
3405 3554 3493 3609 διὰ
3523 3560 3685 3613 τοῦτο
3722 3561 3817 3631 βα-

2230 3636 2366 3689 σιλεῖ
2406 3638 2541 3708 πρὸς
2587 3640 2763 3709 γάμον
2818 3643 3317 3712 συναρμοσθεῖσειν⁹
3369 3649 3818 3706 ἐπιϐουλεύεσθαι

2226 3728 2284 3782 δὲ
2320 3728 2408 3781 διὰ
2441 3730 2540 3801 τὴν
2592 3730 2738 3803 ὤραν
2773 3733 2877 3786 ὑπὸ
2923 3735 3238 3789 ἀκολάστων
3280 3740 3460 3794 τινῶν.
3516 3744 3728 3798 Οὐκοῦν
3781 3747 3815 3815 ἠ

2227 3821 2447 3893 τοιαύτη
2467 3823 2573 3887 ἕως
2595 3825 2693 3894 μὲν
2719 3824 2784 3879 ἂν
2814 3827 2950 3896 πρὸς
2973 3828 3180 3893 πάντας
3205 3832 3329 3895 τοὺς
3356 3833 3448 3886 ἐπὶ
3475 3833 3653 3906 φθορᾷ
3677 3854 3821 3909 παρ-

2228 3913 2546 3983 εδρεύοντας
2570 3916 2778 3987 ἐχθρῶς
2812 3916 2910 3990 ἔχῃ
2949 3920 3043 3971 καὶ
3074 3928 3353 3994 κατηγορῇ
3377 3924 3582 3979 τούτων
3605 3929 3699 3980 ἐπὶ
3722 3929 3820 3982 τοῦ

2228 4006 2461 4076 νομίμου
2498 4006 2710 4076 ἀνδρὸς,
2748 4009 2981 4080 σώφρων
3024 4012 3160 4076 ἐστὶ,
3212 4016 3306 4066 καὶ
3350 4015 3486 4085 πρὸς
3533 4018 3695 4086 μόνον
3727 4020 3820 4072 τὸν

2227 4097 2460 4167 νυμφίον
2487 4101 2607 4169 ὁρᾷ,
2641 4101 2733 4153 καὶ
2766 4102 3024 4172 οὐδεμίαν
3058 4101 3238 4173 ἔχουσι
3272 4106 3457 4176 χώραν
3489 4111 3610 4161 κατ’
3642 4110 3821 4179 αὐτῆς

2228 4191 2281 4244 αἱ
2311 4190 2418 4244 τῶν
2446 4191 2761 4246 ἀκολάστων
2803 4195 3031 4249 ἀπάται.
3064 4196 3126 4249 Et
3166 4196 3223 4249 δέ
3260 4215 3366 4251 τινι
3397 4200 3684 4270 πρόσθοιτο
3709 4202 3822 4255 τῶν

2227 4285 2821 4351 ἐπιϐουλευόντων,ούκ
2859 4286 3153 4359 ἐξαιρεῖται
3184 4288 3353 4362 αὐτὴν
3396 4293 3497 4362 τῆς
3542 4295 3823 4365 τιμωρίας

2229 4379 2261 4447 ὴ
2293 4378 2385 4430 ἐπὶ
2413 4377 2523 4430 τῶν
2553 4378 2753 4431 λοιπῶν
2793 4380 3136 4451 σωφροσύνη.
3186 4382 3370 4452 Ἀρκεῖ
3394 4385 3501 4454 γάρ
3540 4386 3619 4448 εἰς
3646 4388 3823 4441 κατά-

2227 4487 2411 4539 κρισιν
2444 4472 2537 4523 καὶ
2579 4472 2638 4524 τὲ
2671 4471 2736 4523 δι’
2770 4471 2887 4534 ἐνὸς
2932 4472 3222 4543 μιανθῆναι
3266 4475 3363 4545 τὴν
3393 4476 3599 4545 κοίτην.
3622 4477 3818 4542 Οὕτως

2228 4564 2321 4615 καὶ
2349 4566 2382 4633 ἡ
2410 4563 2488 4633 τῷ
2506 4563 2623 4633 Θεῷ
2651 4563 2800 4627 ζῶσα
2820 4563 2986 4634 ψυχὴ,
3011 4565 3186 4617 οὐδενὶ
3210 4566 3314 4618 τῶν
3340 4566 3405 4619 δι’
3428 4568 3646 4638 ἀπάτης
3673 4571 3817 4642 αὐτῇ

534 4661 948 4714 damnationem
994 4659 1137 4712 enim
1191 4666 1276 4712 sat
1316 4666 1401 4713 est
1455 4658 1538 4712 vel
1583 4658 1748 4712 unius
1782 4657 1903 4711 labe
1945 4656 2124 4712 cubile

2230 4653 2678 4724 προφαινομένων
2727 4654 2907 4706 καλῶν
2952 4654 3347 4726 ἀρεσθήσεται·
3383 4658 3432 4709 εί
3480 4657 3537 4711 δὲ
3571 4658 3822 4729 παραδὲ-

541 4751 911 4820 deturpatum.
945 4749 1146 4805 Eodem
1181 4750 1345 4805 modo
1367 4749 1583 4804 animus
1612 4748 1679 4813 is,
1713 4749 1805 4818 qui
1836 4748 1946 4805 Deo
1966 4751 2119 4815 vivit,

544 4858 649 4898 non
685 4843 812 4898 ullis
844 4841 1010 4897 rebus
1044 4858 1105 4897 se
1133 4842 1509 4902 oblectaverit,
1556 4857 1677 4911 quze
1703 4841 1806 4896 sibi
1836 4857 1902 4896 ex
1937 4857 2123 4898 errore

542 4935 777 5003 quodam
817 4949 923 4987 non
970 4947 1154 4987 veram
1185 4933 1404 4987 honesti
1445 4933 1683 5002 speciem
1715 4932 1996 5002 praebent;
2034 4934 2120 4989 sin

440 5080 448 5088 ,
539 5042 605 5080 ex
637 5026 817 5094 aliqua
847 5024 1133 5080 allectionc
1155 5026 1270 5079 vitii
1291 5024 1560 5079 maculam
1587 5025 1738 5080 cordi
1761 5026 2119 5090 contraxerit,

453 5116 463 5129 '
540 5118 808 5187 spiritalis
838 5117 956 5187 ipse
999 5118 1331 5172 matrimonii
1380 5118 1503 5186 jura
1536 5117 1799 5185 rescidit;
1839 5126 2020 5187 atque,
2064 5126 2124 5171 ut

538 5213 590 5262 in
648 5209 851 5264 divinis
905 5209 1126 5265 Litteris
1179 5211 1443 5278 scriptum
1490 5216 1689 5274 exstat,
1727 5207 1823 5262 tln
1883 5209 2120 5262 animam

541 5303 861 5355 malevolam
887 5319 993 5357 non
1039 5303 1264 5357 intrabit
1309 5302 1577 5372 sapientia
1603 5302 1708 5356 ἐ.»
1749 5300 1871 5354 Pari
1912 5301 2123 5356 ratione

540 5407 643 5446 nos
671 5410 796 5447 vere
840 5394 1021 5449 dicere
1054 5410 1367 5464 possumus,
1416 5395 1468 5447 in
1511 5394 1691 5447 animo
1727 5394 1931 5447 irarum
1981 5394 2121 5446 invi-

540 5481 755 5553 ditequc
792 5486 971 5553 pleno,
1008 5488 1168 5555 quive
1208 5486 1476 5556 ejusmodi
1510 5486 1693 5554 aliquo
1726 5496 1950 5555 peccato
1979 5486 2115 5541 irrc-

542 5573 673 5631 titus
698 5586 936 5641 tenetur,
974 5578 1085 5632 ficri
1124 5593 1227 5631 non
1263 5593 1424 5648 posse
1465 5585 1521 5630 ut
1554 5577 1605 5630 in
1640 5593 1704 5631 eo
1735 5577 1913 5631 bonus
1951 5593 2115 5647 spon-

2231 4746 2382 4812 ξαιτο
2403 4746 2492 4800 διά
2519 4762 2661 4809 τινος
2692 4745 2898 4810 πάθους
2924 4746 3017 4799 τὸν
3046 4747 3284 4817 μιασμδν
3306 4750 3372 4818 τῇ
3403 4749 3622 4821 καρδίᾳ,
3655 4751 3822 4804 ἔλυσε

2231 4837 2325 4890 καὶ
2348 4836 2483 4907 αὑτὴ
2525 4836 2620 4890 τοῦ
2651 4837 3017 4907 πνευματικοῦ
3047 4839 3227 4909 γάμου
3267 4839 3336 4893 τὰ
3366 4840 3547 4893 δίκαια
3570 4857 3583 4870 ο
3621 4843 3718 4894 καὶ
3744 4842 3824 4906 ῶς

2231 4947 2394 5000 φησιν
2434 4929 2707 5002 ήΓραφὴ,
2760 4933 2841 4994 είς
2879 4930 3204 5002 κακότεχνον
3245 4931 3421 5003 ψυχὴν
3473 4932 3548 5003 μὴ
3574 4932 3825 4986 εἰσελεύο

2232 5021 2420 5075 σεσθαι
2464 5023 2687 5089 σοφίαν
2730 5021 2902 5085 οὕτως
2948 5021 3095 5075 ἔστιν
3153 5022 3369 5091 ἀληθῶς
3422 5024 3619 5083 εἰπεῖν,
3676 5023 3824 5093 μηδὲ

2229 5115 2308 5177 είς
2340 5112 2561 5184 θυμώδη
2593 5114 2687 5166 καὶ
2708 5113 3000 5183 βάσκανον,
3028 5115 3059 5185 ἦ
3089 5114 3215 5169 ἄλλο
3238 5132 3287 5167 τι
3310 5113 3539 5184 ἔχουσαν
3562 5115 3619 5166 ὲν
3645 5116 3820 5185 ἑαυτῇ

2229 5205 2568 5276 πλημμελὲς,
2598 5206 2820 5259 δυνατὸν
2849 5202 2989 5258 εἶναι
3023 5207 3112 5258 τὸν
3141 5206 3345 5273 ἀγαθὸν
3384 5206 3619 5274 νυμφίον
3647 5206 3822 5259 εἰσοι-

2226 5298 2495 5367 κισθῆναι.
2531 5297 2626 5360 Τίς
2663 5297 2771 5367 γὰρ
2818 5298 3029 5352 ἐπίνοια
3073 5297 3398 5368 συναρμόσει
3443 5295 3504 5347 τὸ
3544 5297 3612 5366 τῇ
3653 5296 3820 5363 φύσει

2226 5392 2504 5462 ἀλλότριόν
2542 5409 2600 5443 τε
2635 5393 2726 5444 καὶ
2764 5390 3162 5461 ἀκοινώνητον;
3203 5392 3467 5442 ’Ἄκουσον
3505 5388 3600 5441 τοῦ
3650 5389 3820 5440 Ἀπο-

2229 5483 2434 5545 στὸλου,
2465 5484 2732 5553 μηδεμίαν
2773 5477 2909 5535 εἶναι
2953 5484 3236 5535 κοινωνίαν
3272 5482 3410 5551 φωτὶ
3444 5482 3581 5552 πρὶς
3625 5482 3822 5543 σκότος

2224 5576 2582 5639 διδάσκοντος,
2620 5576 2650 5645 ἦ
2687 5575 2998 5646 δικαιοσύνῃ
3034 5576 3165 5646 πρὸς
3188 5575 3436 5645 ἀνομίαν,
3471 5575 3502 5644 ἢ
3537 5575 3820 5629 συνελόντι

612 5747 659 5779 ³⁵
692 5745 711 5800 l
744 5745 867 5801 Cor.
910 5763 1008 5813 xu,
1034 5747 1121 5804 26.
1199 5748 1240 5777 ³⁵
1282 5748 1425 5803 Psal.
1485 5762 1673 5811 cxvut,
1903 5747 1944 5777 ’⁷
1983 5744 2124 5801 Psal.

2231 5786 2245 5813 ,
2276 5746 2328 5799 ‘2.
2393 5746 2436 5776 "
2480 5746 2606 5817 Sap.
2654 5762 2690 5813 ι,
2733 5746 2785 5801 4.
