4072 6156
292 284 396 388 έ85

1604 311 1695 366 DE
1730 310 2192 368 VIRGINITATE.

3449 331 3555 389 586

288 453 474 521 φάναι,
507 445 678 500 πάντα
710 445 810 497 ὅσα
840 442 989 497 ἐστὶν
1022 441 1050 493 ό
1070 440 1273 509 Κύριος
1300 436 1439 491 κατὰ
1463 436 1561 506 τὴν
1601 432 1843 505 διαφορὰς

1969 448 2064 488 sus
2099 432 2389 490 inhabitet.
2422 435 2555 503 Quae
2595 438 2741 494 enim
2787 443 3002 498 consilii
3042 445 3185 500 ratio
3232 450 3551 505 conciliabit

286 543 391 596 τῶν
429 542 485 592 ἐν
511 535 661 607 αὐτῷ
704 532 1095 605 θεωρουμένων
1134 529 1419 598 νοούμενός
1457 543 1515 580 τε
1544 527 1639 579 καὶ
1663 526 1860 596 ὀνομα-

285 632 530 702 ζόμενος,
563 628 700 699 πρὸς
745 625 921 680 πάντα
950 623 1017 676 τὰ
1065 623 1122 674 ἐν
1152 620 1319 691 κακίᾳ
1353 618 1496 672 κατὰ
1536 617 1596 670 τὸ
1623 618 1865 670 ἐναντίον

284 724 563 793 νοούμενα.
594 721 656 772 Et
685 713 777 771 οὖν
802 717 1083 786 ἀμήχανος
1118 713 1228 765 τῶν
1259 714 1325 781 τῇ
1359 709 1518 779 φύσει
1551 708 1797 779 ἀμίκτων
1828 709 1862 779 ἡ

284 812 556 874 κοινωνία,
589 808 842 879 ἀλλοτρία
879 807 1095 869 πάντως
1141 805 1237 857 καὶ
1265 803 1609 866 ἀνεπίδεκτος
1642 804 1742 872 τῆς
1769 800 1861 854 τοῦ
1896 865 1901 869 θ

281 902 487 971 ἀγαθοῦ
536 899 961 968 συνοικήσεωςή
1006 896 1111 948 ὑπὸ
1149 895 1347 956 κακίας
1389 893 1535 956 τινὸς
1564 893 1863 963 κατειλημο

285 995 417 1064 μὲνη
449 994 615 1063 ψυχή.
673 991 739 1043 Τί
763 986 856 1043 οὖν
885 990 950 1042 ἐκ
986 987 1187 1042 τούτων
1232 987 1610 1057 μανθάνομεν;
1650 985 1723 1038 Τὸ
1753 985 1863 1039 δεῖν

281 1086 377 1155 τὴν
407 1084 664 1153 σώφρονα
693 1082 788 1135 καὶ
806 1079 1196 1149 λελογισμένην
1223 1076 1491 1147 παρθένον
1524 1076 1723 1139 παντὸς
1752 1076 1862 1129 πά-

285 1173 402 1237 θους
432 1173 575 1228 κατὰ
599 1172 775 1226 πάντα
807 1170 1009 1241 τρόπον
1034 1170 1133 1239 τῆς
1155 1167 1332 1238 ψυχῆς
1362 1166 1669 1237 ἁπτομένου
1695 1164 1862 1236 χωρί-

284 1265 488 1330 ζεσθαι,
519 1265 616 1318 καὶ
642 1264 937 1333 φυλάσσειν
964 1261 1165 1331 ἑαυτὴν
1187 1260 1356 1330 ἁγνὴν
1382 1258 1460 1330 τῷ
1492 1258 1858 1330 ἁρμοσαμένῳ

283 1356 445 1427 αὐτὴν
475 1357 716 1427 νυμφίῳ,
748 1355 822 1427 μὴ
852 1354 1082 1425 ἔχουσαν
1112 1353 1298 1406 σπῖλον
1323 1351 1357 1422 ἥ
1394 1352 1579 1423 ῥυτίδα
1606 1351 1640 1421 ἡ
1665 1367 1718 1403 τι
1748 1349 1858 1402 τῶν

282 1462 552 1498 τοιουτων.

1965 523 2042 589 id,
2078 525 2221 593 quod
2255 534 2453 581 natura
2485 530 2625 585 inter
2658 548 2717 588 se
2748 535 2987 590 alienum
3023 553 3128 592 non
3162 540 3422 605 cohaeret,
3456 558 3553 596 ne-

1964 628 2071 687 que
2120 617 2233 671 ullo
2281 620 2561 676 societatis
2612 624 2737 694 jure
2788 627 3052 697 illigatum
3091 633 3216 686 est?
3260 632 3340 687 Tu
3389 636 3550 690 velim
3608 675 3623 712 ε

1974 707 2169 762 audias
2205 709 2550 778 Apostolum,
2597 716 2690 783 qui
2722 715 2904 783 docet,
2939 720 3073 775 nihil
3110 739 3232 778 esse
3270 725 3377 779 luci
3426 741 3551 782 cum

1963 798 2210 853 tenebris
2229 814 2541 868 commune,
2569 821 2746 876 neque
2767 811 3007 879 aequitati
3042 814 3382 886 jnstitiaeque
3425 831 3553 873 cum

1969 888 2257 958 iniquitate
2274 891 2321 921 ¹⁹
2344 909 2358 946 :
2379 901 2563 963 atque,
2581 905 2639 950 ut
2656 903 2967 958 summatim
2987 904 3330 976 breviterque
3346 909 3551 975 dicam,
3614 892 3618 896 ’

1967 980 2153 1034 omnia
2187 981 2608 1054 quibuscunque
2663 998 2718 1043 et
2770 1000 2953 1047 mente
3000 996 3437 1064 comprehensus
3489 1006 3546 1052 et

1966 1079 2193 1126 vocatus
2224 1082 2309 1128 est
2350 1074 2636 1144 Dominus,
2671 1095 2737 1134 ex
2776 1097 2966 1137 earum
2999 1101 3182 1141 rerum
3215 1088 3545 1152 diﬁcrentia.

1968 1178 2088 1231 quae
2112 1164 2164 1217 in
2189 1179 2255 1219 eo
2284 1177 2608 1235 cernuntur,
2642 1171 2758 1226 haec
2786 1175 3044 1231 omnibus
3064 1178 3152 1241 iis,
3179 1194 3300 1248 quae
3331 1182 3383 1235 in
3414 1183 3551 1237 vitio

1967 1254 2143 1323 posita
2180 1266 2328 1320 sunt,
2389 1263 2665 1317 contraria
2704 1265 2952 1337 intelligi.
2998 1266 3054 1322 Si
3110 1271 3275 1340 igitur
3309 1273 3550 1329 diﬂicilis

1964 1358 2049 1402 est
2090 1363 2278 1402 rerum
2319 1350 2464 1405 inter
2499 1367 2559 1408 se
2605 1355 2956 1413 dissimilium
3000 1363 3255 1428 societas,
3302 1357 3549 1423 remotus

1962 1438 2192 1493 omnino
2241 1448 2326 1494 est
2377 1456 2406 1493 a
2444 1443 2665 1501 virtutis
2721 1449 3107 1514 contubernio,
3156 1468 3333 1522 neque
3384 1455 3547 1524 plane

279 1540 494 1594 virtutis
526 1554 695 1610 capax
723 1548 807 1595 est
839 1540 885 1592 is
916 1538 1155 1599 animus,
1203 1536 1295 1607 qui
1328 1535 1512 1605 aliquo
1538 1533 1669 1588 vitio
1721 1530 1963 1587 irretitus
1996 1541 2101 1586 est.
2170 1532 2312 1603 Ergo
2375 1536 2505 1605 quid
2558 1554 2627 1591 ex
2678 1539 2746 1593 iis
2810 1541 3123 1598 documenti
3173 1560 3275 1600 nos
3328 1548 3546 1617 accepi.

277 1633 433 1685 mus?
491 1630 605 1685 lloc
656 1647 811 1696 sane,
872 1635 1016 1702 quod
1079 1631 1330 1701 pudicam
1392 1628 1681 1697 virginem,
1732 1639 1854 1695 qtae
1926 1625 2192 1679 rationem
2234 1626 2358 1680 vitae
2430 1626 2624 1683 ducem
2672 1633 2938 1701 sequitur,
2974 1635 3041 1689 ab
3085 1634 3344 1691 omnibus
3375 1637 3541 1693 animi

276 1723 658 1779 atlectionibus
677 1741 735 1779 se
751 1728 974 1780 omnino
993 1724 1262 1780 abducere
1278 1728 1611 1792 oportetzac
1627 1734 1850 1789 sponsu,
1892 1720 1983 1789 qui
2014 1734 2133 1773 eam
2168 1719 2479 1784 adornabit,
2525 1724 2787 1794 integram
2831 1744 2889 1784 se
2925 1741 3089 1801 atque
3154 1730 3291 1786 adeo
3350 1744 3541 1802 puram

274 1833 622 1885 conservare,
678 1827 738 1874 ut
762 1828 856 1875 aut
889 1821 1104 1883 sordes,
1147 1826 1241 1873 aut
1278 1832 1462 1887 rugas,
1517 1824 1611 1869 aut
1649 1813 1854 1884 aliquid
1892 1814 2163 1883 ejusmodi
2188 1816 2371 1870 minus
2398 1818 2702 1891 contrahat.

874 1937 1125 1991 κιεψΑΑ.
1166 1936 1280 2002 ις’.

269 2056 398 2107 Ὅτι
428 2053 654 2122 ἀτελὴς
679 2054 767 2118 είς
789 2050 854 2104 τὸ
882 2049 1107 2122 ἀγαθόν
1137 2051 1169 2102 ὁ
1195 2047 1289 2122 κμὶ
1310 2048 1409 2101 ἐπί
1435 2063 1550 2101 τινι
1576 2046 1693 2099 τῶν
1727 2044 1853 2100 κατ’

782 2120 1003 2189 ἀρετὴν
1030 2120 1351 2173 ἐλλείπων.
1661 2181 1668 2187 η

334 2212 454 2267 Μία
483 2214 594 2285 γάρ
628 2216 775 2266 ἐστιν
821 2212 938 2275 ὁδὸς
986 2209 1184 2271 εὐθεῖα,
1224 2209 1383 2277 στενή
1428 2225 1484 2261 τε
1534 2207 1609 2270 ὡς
1640 2205 1855 2276 ἀληθῶς

271 2304 362 2355 καὶ
378 2302 739 2374 τεθλιμμένη,
767 2300 976 2363 καὶτὰς
1002 2299 1086 2369 ἐφ’
1112 2297 1348 2367 ἐκόιτερα
1372 2294 1731 2367 παρατροπὰς
1754 2294 1853 2346 οὐκ

269 2394 652 2464 ἐπιδεχομένη,
693 2395 785 2446 καὶ
827 2392 889 2445 τὸ
931 2389 1176 2444 ὁπωσοῦν
1218 2388 1323 2454 ἔξω
1370 2386 1574 2455 ταύτης
1601 2384 1851 2454 γενέσθαι

269 2486 383 2537 ἴσον
415 2482 528 2553 ἔχει
558 2483 650 2537 τὸν
687 2484 785 2553 τῆς
815 2480 1185 2541 ἀποπτῶσεως
1208 2478 1471 2532 κίνδυνον.
1503 2475 1567 2529 Et
1593 2476 1655 2546 δὴ
1682 2475 1853 2528 ταῦτα

266 2571 438 2634 οὕτως
472 2571 606 2641 ἔχει,
653 2570 970 2642 διορθωτέον
1012 2569 1088 2632 ὡς
1120 2561 1229 2620 οἷόν
1269 2584 1327 2620 τε
1364 2566 1473 2618 τῶν
1514 2565 1722 2618 πολλῶν
1754 2563 1851 2633 τὴν

266 2663 581 2731 συνήθειαν,
612 2662 726 2715 ὅσοι
762 2660 895 2732 πρὸς
938 2660 1035 2731 μὲν
1065 2658 1161 2721 τὰς
1192 2656 1550 2728 αἰσχροτέρας
1578 2656 1683 2708 τῶν
1729 2655 1852 2726 ἠδο-

267 2753 367 2806 νῶν
411 2753 651 2824 ἰσχυρῶς
693 2753 1065 2823 ἁπομάχονται
1086 2793 1100 2816 ,
1134 2750 1307 2813 ἄλλως
1340 2749 1396 2802 δέ
1428 2748 1525 2819 τὴν
1566 2747 1756 2819 ἡδονὴν
1796 2750 1851 2801 ἐν

265 2846 446 2914 τιμαῖς
464 2846 557 2896 κού¹
571 2844 881 2915 φιλαρχίαις
898 2842 1215 2914 θηρεύουσι·
1238 2840 1617 2911 παραπλήσιον
1634 2839 1851 2893 ποιοῦν-

264 2950 369 2999 τες,
423 2935 613 3006 ὥσπερ
642 2934 707 2989 ἂν
732 2934 895 2999 εἴτις
935 2935 1149 3005 οἰκέτης
1192 2934 1502 3004 ἐλευθερίας
1547 2931 1847 3002 ἐπιθυμῶν,

263 3029 331 3098 μὴ
374 3028 527 3092 ὅπως
559 3029 657 3099 τῆς
696 3028 939 3092 δουλείας
980 3027 1085 3092 ἔξω
1122 3029 1409 3099 γενήσεται
1455 3025 1696 3087 σπεύδοι,
1730 3024 1847 3078 ἀλλ’

259 3118 542 3189 ἐναμείὸοι
577 3119 701 3183 τοὺς
728 3119 1115 3190 κεκτημένους,
1155 3120 1257 3191 τὴν
1286 3119 1583 3191 ἐναλλαγὴν
1611 3117 1719 3172 τῶν
1758 3135 1848 3171 κε-

258 3225 356 3279 κτη
366 3212 548 3279 μένων
566 3210 877 3280 ἐλευθερίαν
893 3209 1157 3280 οίόμενος.
1171 3210 1357 3263 Δοῦλοι
1376 3212 1484 3281 γάρ
1500 3214 1635 3264 εἰσιν
1653 3211 1847 3281 ἐπίσης

257 3300 483 3362 πάντες,
519 3300 625 3353 κᾶν
667 3301 742 3371 μὴ
767 3300 871 3352 ὑπό
890 3300 999 3353 τῶν
1030 3300 1209 3353 αὐτῶν
1238 3301 1615 3372 κυριεύωνται,
1655 3301 1758 3364 ἕως
1780 3300 1844 3354 ἂν

256 3390 398 3454 ὅλως
428 3393 700 3463 ἐπικρατῇ
724 3409 810 3455 τις
830 3392 1006 3444 αὐτῶν
1034 3392 1172 3461 μετὰ
1195 3392 1512 3455 δυναστείας
1536 3393 1698 3463 ἀρχή.
1726 3391 1846 3445 Εἰσὶ

253 3481 305 3534 δὲ
342 3483 512 3536 πάλιν
541 3484 591 3536 οἳ
614 3486 681 3554 τῇ
719 3482 885 3554 πολλῇ
924 3483 1060 3552 πρὸς
1086 3482 1185 3546 τὰς
1214 3482 1405 3554 ἡδονὰς
1446 3483 1616 3554 μάχῃ,
1646 3483 1844 3537 εὐκατ-

251 3576 549 3643 αγώνιστοί
574 3592 692 3639 πως
720 3574 799 3644 τῷ
833 3575 1194 3646 ἀντικειμένῳ
1232 3573 1395 3629 πάθει
1435 3577 1713 3643 γεγόνασι,
1749 3574 1844 3627 καὶ

248 3665 304 3717 ἐν
339 3667 415 3735 τῇ
450 3663 818 3735 ἐπιτεταμένῃ
863 3663 960 3732 τῆς
1000 3665 1144 3734 ζωῆς
1187 3663 1463 3734 ἀκριϐείᾳ,
1494 3663 1713 3728 λύπαις,
1748 3665 1842 3718 καὶ

242 3753 649 3828 παροξυσμοὶκς,
685 3755 780 3808 καὶ
811 3755 1214 3825 μνησικακίαις,
1239 3755 1334 3807 καὶ
1364 3756 1477 3817 τοῖς
1506 3753 1709 3819 λοιποῖς
1738 3756 1842 3807 πᾶ-

250 3864 355 3915 σιν,
384 3848 487 3900 ὅσα
513 3849 649 3918 πρὸς
673 3848 734 3901 τὸ
761 3848 1000 3901 ἐναντίον
1024 3846 1118 3900 τοῦ
1141 3847 1282 3900 κατὰ
1300 3847 1397 3917 τὴν
1422 3847 1614 3917 ἡδονὴν
1636 3847 1840 3912 πάθους

242 3938 748 4011 ὰντικαθέστηκεν,
780 3939 1017 4003 εὐκόλως
1044 3956 1102 3992 τε
1146 3939 1480 4001 ἁλίσκονται,
1514 3939 1606 3993 καὶ
1643 3939 1837 4008 δυσχε-

247 4031 355 4102 ρῶς
390 4030 728 4084 διεκδύνουσι
749 4045 765 4061 ⁸
792 4030 948 4083 τοῦτο
978 4031 1034 4083 δὲ
1064 4029 1291 4097 γίνεται,
1312 4029 1438 4083 ὅταν
1470 4029 1542 4099 μὴ
1567 4031 1595 4083 ὁ
1622 4029 1776 4097 λόγος
1809 4033 1838 4083 ό

246 4123 361 4175 κατ’
399 4121 625 4194 ἀρετὴν,
648 4121 783 4175 ἀλλά
804 4139 856 4174 τι
881 4121 1049 4184 πάθος
1072 4121 1171 4190 τῆς
1193 4120 1334 4173 κατὰ
1360 4120 1448 4172 τὸν
1475 4119 1590 4189 βίον
1613 4121 1836 4188 πορείας

246 4213 587 4284 ἡγεμονεύῃ.
628 4212 692 4265 Ἦ
739 4212 836 4282 μὲν
875 4212 983 4284 γὰρ
1016 4211 1202 4281 ἐντολὴ
1245 4210 1337 4263 τοῦ
1385 4209 1589 4280 Κυρίου
1633 4211 1834 4281 σφόδρα

247 4303 552 4374 τηλαυγὴς,
592 4302 669 4367 ὡς
694 4303 790 4358 καὶ
823 4303 1034 4375 νηπίων
1066 4300 1376 4372 ὀφθαλμοὺς
1404 4299 1658 4368 φωτίσαι,
1688 4302 1834 4371 μόνῳ

244 4394 316 4465 τῷ
349 4393 479 4464 Θεῷ
529 4392 965 4464 προσκολλᾶσθαι
996 4392 1198 4460 ἀγαθὸν
1240 4386 1379 4444 εἶναι
1411 4389 1641 4459 λέγουσα
1664 4408 1678 4423 ·
1719 4392 1747 4444 ὁ
1776 4391 1831 4444 δὲ

241 4488 372 4552 Θεὸς
412 4486 537 4541 οὔτε
558 4487 703 4555 λύπη
732 4486 900 4548 ἐστὶν,
927 4484 1048 4538 οὔτε
1075 4482 1258 4554 ἡδονὴ,
1293 4480 1417 4535 οὔτε
1440 4482 1631 4543 δειλία,
1655 4482 1685 4552 ἣ
1708 4482 1832 4554 θρά-

2539 1935 2772 1993 CAPUT
2812 1938 2951 1996 XVI.

1960 2046 2040 2102 Ad
2076 2046 2269 2102 bonum
2304 2049 2526 2130 minime
2553 2061 2713 2130 aptus
2741 2064 2817 2130 est
2843 2056 2893 2130 is
2913 2095 2928 2120 ,
2961 2055 3051 2126 qui
3082 2057 3264 2128 aliqua
3294 2075 3358 2114 ea:
3383 2071 3535 2130 parte

2390 2121 2444 2173 in
2479 2122 2690 2176 rirlutis
2721 2124 2884 2193 ofﬁcio
2912 2121 3113 2193 peccat.

2030 2204 2131 2261 Via
2187 2216 2274 2264 est
2328 2226 2437 2265 una
2491 2221 2679 2276 recta,
2734 2225 2971 2286 angusta
3027 2220 3118 2273 illa
3169 2222 3422 2291 quidem,
3482 2231 3537 2279 et

1958 2298 2087 2351 trita
2111 2338 2125 2361 ,
2167 2314 2288 2370 quae
2324 2316 2503 2370 neque
2538 2303 2768 2359 alterius
2805 2305 2902 2358 via:
2936 2304 3235 2373 ﬂexiones,
3271 2319 3325 2364 ct
3354 2311 3533 2365 diver-

1954 2388 2127 2441 ticula
2183 2390 2648 2459 comprehcndit;
2700 2400 2865 2463 atque
2908 2410 2972 2449 ex
3029 2397 3130 2451 hac
3175 2398 3361 2468 aliquo
3401 2415 3536 2457 sane

1956 2478 2118 2533 modo
2166 2480 2452 2536 deﬂectere
2499 2481 2736 2539 fortasse
2779 2486 3085 2554 periculmn
3132 2497 3252 2553 est,
3299 2507 3366 2545 ne
3408 2492 3535 2561 quis

1956 2568 2173 2623 labatur
2204 2570 2258 2624 ct
2292 2572 2571 2626 concidat.
2612 2573 2669 2627 Si
2707 2575 2821 2629 haec
2856 2576 2929 2630 ita
2964 2594 3022 2633 se
3053 2579 3293 2646 habent,
3330 2583 3533 2637 multo-

1955 2676 2073 2713 rum
2110 2679 2210 2716 nos
2245 2664 2711 2719 consuetudinem
2735 2705 2749 2729 ,
2784 2668 2969 2736 quoad
3005 2669 3126 2738 ejus
3163 2671 3276 2725 fieri
3314 2683 3531 2743 poti-st,

1953 2751 2225 2806 moderari
2279 2763 2540 2823 oportet:
2592 2755 2685 2825 qui
2746 2758 2892 2811 enim
2944 2768 3136 2813 contra
3195 2760 3532 2819 ftedissimas

1950 2844 2261 2912 voluptates
2306 2846 2715 2915 pugnacissime
2762 2863 2821 2903 se
2862 2849 3198 2915 defendunt,
3235 2870 3328 2909 eas
3358 2870 3526 2920 vero,

1951 2948 2073 3001 quae
2128 2934 2183 2987 in
2237 2935 2540 2991 honoribus
2597 2944 2763 3008 atque
2819 2939 3033 3009 imperii
3094 2945 3533 3013 appetitionibus

1949 3023 2258 3090 exsistunt,
2298 3026 2612 3095 voluptates
2654 3037 3085 3097 consectantur,
3132 3036 3185 3088 hi
3228 3038 3363 3091 nihil
3406 3056 3527 3094 om-

1948 3113 2082 3165 nino
2109 3112 2376 3169 dissimile
2418 3114 2634 3171 faciunt
2666 3134 2729 3174 ac
2774 3121 2819 3175 si
2860 3123 2984 3191 quis
3035 3140 3226 3182 servus
3256 3128 3526 3188 libertatis

1949 3204 2169 3266 avidus,
2202 3216 2413 3262 mature
2441 3224 2661 3278 operam
2687 3211 2813 3278 det,
2839 3229 2947 3267 non
2977 3223 3037 3269 ut
3063 3232 3091 3269 a
3123 3220 3385 3275 servitute
3408 3223 3529 3276 vin-

1872 3280 1917 3341 C
1951 3294 2187 3360 dicetur,
2218 3310 2343 3350 cum
2377 3298 2430 3352 in
2463 3313 2529 3353 co
2554 3300 2865 3357 libertatem
2893 3320 3017 3361 esse
3048 3317 3232 3376 putet,
3264 3311 3310 3366 si
3338 3313 3406 3367 ab
3432 3329 3521 3380 co,

1950 3386 2004 3438 in
2039 3386 2202 3455 cujus
2235 3396 2512 3457 potestate
2541 3391 2682 3455 fuit,
2713 3393 2778 3447 ad
2819 3396 2990 3451 alium
3022 3399 3304 3457 dominum
3338 3412 3524 3461 trans-

1947 3474 2173 3543 feratur.
2220 3478 2374 3534 Servi
2408 3482 2553 3535 enim
2602 3485 2720 3552 pari
2756 3487 3074 3543 conditione
3118 3506 3309 3548 omnes
3352 3505 3518 3564 sunt,

1943 3569 2199 3637 quamvis
2231 3585 2342 3625 non
2376 3574 2694 3628 eorumdem
2728 3576 3076 3633 dominorum
3109 3581 3339 3651 imperio
3369 3598 3523 3656 pote-

1942 3667 2156 3715 stateve
2204 3668 2513 3727 teneantur,
2557 3680 2678 3718 cum
2722 3681 2864 3720 unus
2896 3669 3096 3739 aliquis
3127 3672 3236 3729 illis
3267 3676 3515 3735 domine-

1941 3757 2052 3815 tur,
2092 3758 2255 3820 atque
2286 3766 2410 3806 cum
2446 3761 2718 3822 potestate
2748 3757 2999 3826 imperet.
3035 3758 3361 3835 Rursusque
3388 3776 3520 3825 sunt

1940 3844 2188 3912 plerique
2234 3844 2328 3913 qui
2379 3845 2550 3899 multo
2594 3857 2784 3901 contra
2835 3850 2934 3905 bas
2983 3853 3290 3923 voluptates
3333 3869 3516 3916 certa-

1939 3933 2109 3996 mine,
2129 3934 2290 3989 facile
2321 3937 2726 4006 quodammodo
2753 3951 2882 3996 sunt
2913 3943 2979 3997 ab
3009 3945 3327 4003 advrrsario
3354 3967 3521 4022 Stipe-

1938 4026 2073 4090 rati,
2102 4034 2270 4096 atque
2303 4028 2358 4081 in
2393 4040 2652 4083 accurata
2684 4032 2931 4102 beneque
2959 4037 3262 4093 constituta
3297 4042 3515 4098 vivendi

1935 4118 2188 4180 ratione,
2239 4119 2526 4174 doloribus
2575 4129 2629 4174 et
2684 4124 2851 4177 animi
2907 4127 3404 4198 concitationibus,
3458 4142 3515 4190 et

1934 4210 2201 4263 malorum
2248 4211 2753 4283 recordationibus,
2789 4224 2843 4270 et
2879 4219 3094 4274 caeteris
3126 4221 3362 4292 denique
3393 4240 3512 4280 om-

1934 4300 2102 4356 nibus
2133 4316 2257 4371 quae
2301 4310 2492 4357 contra
2536 4304 2680 4359 hunc
2718 4307 3014 4377 voluptatis
3053 4309 3304 4364 affectuum
3343 4315 3512 4368 resti-

1932 4401 2149 4459 terunt,
2179 4408 2305 4446 cum
2341 4394 2498 4449 facile
2529 4407 2939 4465 expugnantur,
2973 4408 3083 4454 tum
3116 4400 3409 4457 dimrnlter
3439 4406 3514 4461 ab

1931 4483 2001 4537 iis
2032 4484 2377 4539 liberantur:
2414 4487 2625 4556 hocque
2654 4495 2768 4542 tum
2799 4490 3038 4556 accidit,
3070 4507 3194 4547 cum
3228 4510 3336 4548 non
3369 4497 3511 4550 ratio

239 4596 349 4644 σος,
390 4579 422 4651 ἦ
461 4578 649 4646 φόϐος,
703 4578 736 4647 ἢ
767 4577 927 4647 ὀργὴ.
962 4575 995 4645 ἢ
1042 4574 1171 4629 ἄλλο
1201 4591 1255 4628 τι
1295 4571 1533 4627 τοιοῦτον
1579 4571 1770 4636 πάθος,
1801 4572 1830 4625 ὃ

1944 4572 2118 4627 virtuti
2149 4584 2558 4639 consentanea,
2609 4577 2704 4633 sed
2755 4579 2924 4633 animi
2972 4579 3186 4636 affectio
3234 4585 3508 4665 quaepiam

140 4678 151 4692 '
236 4671 334 4739 τῆς
386 4668 722 4724 ἀπαιδεύτου
777 4666 1017 4738 κυριεύει
1060 4666 1272 4736 ψυχῆς·
1315 4665 1430 4718 ἀλλ’
1479 4663 1554 4726 ὥς
1593 4680 1756 4733 φησιν
1800 4664 1829 4715 ὁ

247 4760 602 4823 Ἀπόστολος,
628 4757 926 4827 αὐτοσοφία
955 4757 1047 4811 καὶ
1073 4756 1361 4827 ἁγιασμὸς,
1391 4754 1619 4825 ἀλήθειά
1644 4771 1704 4807 τε
1734 4754 1828 4807 καί⁹

233 4854 404 4924 χαρὰ,
439 4854 535 4907 καὶ
562 4854 776 4923 εἰρήνη,
814 4851 907 4904 καὶ
929 4851 1028 4903 ὅσα
1057 4849 1301 4902 τοιαῦτα.
1340 4847 1465 4910 Πῶς
1496 4842 1586 4901 οὖν
1610 4846 1722 4900 ἔστι
1747 4846 1826 4917 τῷ

231 4944 410 4999 ταῦτα
472 4944 587 4998 ὄντι
627 4940 1095 5014 προσκολληθῆναι
1139 4939 1229 4992 τὸν
1275 4937 1380 4991 ὑπὸ
1419 4937 1527 4989 τῶν
1569 4937 1823 4990 ἐναντίων

232 5036 648 5106 κρατούμενον;
681 5034 753 5085 ’Ἡ
802 5031 919 5095 πῶς
969 5030 1068 5083 οὐκ
1117 5018 1309 5095 ἄλογόν
1345 5026 1435 5080 τὸν
1479 5026 1556 5097 τῷ
1601 5028 1679 5080 ἐνί
1716 5044 1821 5079 τινι

237 5128 340 5181 τῶν
376 5125 569 5180 παθῶν
597 5127 747 5188 ὅπως
779 5123 853 5194 μὴ
898 5121 1162 5193 ὑπαχθείη
1201 5120 1584 5184 σπουδάζοντα,
1621 5118 1821 5189 ἀρετὴν

235 5219 481 5287 νομίζειν
517 5217 581 5271 τὸ
606 5214 1008 5284 ἀντικείμενον;
1036 5208 1180 5274 Οἷον,
1207 5212 1398 5283 ἡδονὴν
1430 5211 1530 5280 μὲν
1562 5212 1820 5278 φυγόντα,

232 5308 383 5379 λύπῃ
413 5306 742 5379 κατέχεσθαι
766 5323 780 5337 ο
816 5305 876 5359 τὸ
900 5304 955 5357 δὲ
996 5303 1166 5374 θρασὺ
1195 5301 1291 5357 καὶ
1326 5303 1589 5372 προπετὲς
1616 5300 1821 5355 διακλίο

232 5417 419 5461 νοντα,
452 5399 625 5470 δειλίᾳ
658 5396 947 5450 ταπεινοῦν
973 5396 1070 5465 τὴν
1096 5393 1295 5463 ψυχήψ
1332 5392 1364 5462 ἢ
1392 5392 1581 5463 θυμοῖς
1608 5392 1819 5445 ἀνάλωσ-

231 5506 321 5544 τον
360 5491 547 5561 μένειν
588 5489 980 5552 ἐσπουδακότα,
1016 5484 1412 5553 κατεπτηχέναι
1444 5482 1519 5554 τῷ
1552 5483 1719 5552 φόϐῳ.
1755 5482 1819 5534 Τί

233 5583 341 5654 γὰρ
396 5582 644 5652 διαφέρει
675 5578 910 5649 οὖτωςῆ
953 5578 1126 5640 ἄλλως
1170 5573 1269 5645 τῆς
1307 5572 1509 5643 ἀρετῆς
1550 5575 1823 5638 ἐκπεσεῖν,

1936 4663 2059 4718 vitae
2090 4681 2313 4721 cursum
2343 4667 2547 4737 dirigit.
2579 4667 2919 4739 Praeceptum
2963 4670 3108 4725 enim
3154 4671 3367 4726 Domini
3420 4655 3511 4728 lu-
3582 4747 3586 4750 γ

1933 4751 2114 4807 cidum
2147 4757 2303 4811 valde
2328 4767 2415 4811 est
2442 4757 2511 4819 '°,
2544 4765 2603 4812 ut
2644 4759 2728 4813 vel
2757 4758 3050 4813 infantium
3080 4762 3272 4817 oculos
3301 4762 3505 4817 illumi-

1931 4852 2059 4909 net,
2107 4848 2409 4917 eademque
2453 4848 2588 4902 dicit
2644 4850 2747 4904 soli
2800 4849 2909 4905 Deo
2962 4851 3245 4906 adhaerere
3296 4853 3507 4907 bonum

1930 4950 2051 4991 esse
2081 4937 2125 4968 ³³
2155 4956 2167 4991 :
2202 4939 2469 5007 siquidem
2510 4954 2689 5008 neque
2733 4940 2891 4995 dolor
2913 4949 2998 4997 est
3045 4940 3346 5010 Dominus,
3388 4960 3505 5000 non

1928 5029 2179 5097 voluptas
2203 5069 2217 5093 ,
2252 5046 2357 5082 non
2390 5030 2651 5095 formido,
2688 5048 2797 5087 non
2830 5034 3057 5088 audacia
3079 5075 3093 5096 ,
3125 5043 3218 5088 aut
3258 5035 3337 5088 ira
3358 5076 3376 5097 ,
3404 5045 3503 5090 aut

1928 5119 2127 5187 aliquis
2166 5118 2479 5186 bujusmodi
2515 5119 2773 5187 affectus,
2806 5122 2900 5191 qui
2940 5125 2992 5176 in
3027 5125 3212 5178 animo
3245 5124 3368 5180 rudi
3398 5125 3501 5180 do-

1927 5210 2204 5276 minatur;
2239 5218 2293 5263 at
2329 5213 2592 5280 sapientia
2641 5214 2756 5282 ipsa
2798 5226 2913 5275 est,
2962 5215 3138 5285 inquit
3166 5217 3501 5286 Apostolus,

1925 5301 2309 5364 sanctiﬁcatio,
2347 5304 2547 5357 veritas
2569 5342 2583 5367 ,
2620 5320 2721 5372 pax
2742 5344 2755 5367 ,
2785 5312 2840 5360 et
2882 5306 3171 5375 gaudium,
3203 5309 3501 5378 omniaque

1923 5393 2028 5446 alia
2059 5393 2110 5446 id
2130 5393 2347 5462 generis
2367 5395 2430 5448 ³⁸.
2461 5394 2759 5465 Quoigitur
2786 5397 2947 5451 modo
2975 5397 3102 5453 huic
3122 5398 3346 5467 junctus
3371 5414 3497 5457 esse

1923 5490 2104 5552 potest
2132 5484 2175 5536 is
2194 5522 2210 5545 .
2236 5485 2329 5554 qui
2373 5487 2667 5541 contrariis
2700 5486 2988 5543 aii'ectibus
3033 5495 3249 5544 tenetur
3274 5491 3318 5522 ³³
3339 5491 3363 5545 Ἰ
3384 5489 3495 5544 Aut

1925 5591 2035 5644 quo
2066 5575 2229 5630 modo
2260 5592 2367 5631 non
2403 5576 2705 5633 absurdum
2737 5587 2854 5645 est,
2884 5596 3009 5637 eum
3035 5582 3128 5652 qui
3163 5582 3405 5639 studium
3435 5582 3493 5637 in

293 5741 344 5773 ’⁸
377 5738 428 5792 ιι
456 5741 581 5796 Cor.
613 5756 694 5807 vr,
730 5739 815 5793 Η.
893 5738 937 5770 ³⁸
975 5735 1119 5794 Psal.
1150 5750 1305 5799 XVI”,
1335 5735 1391 5792 9.
1466 5733 1507 5766 ³⁸
1549 5732 1692 5789 Psal.
1736 5747 1839 5787 ιιι

1944 5732 2025 5787 28.
2099 5731 2334 5790 “lCor.
2383 5748 2423 5803 ι,
2470 5734 2561 5791 50.
2628 5735 2855 5794 “Rom.
2890 5752 3014 5809 xiv,
3052 5738 3137 5791 t7.

3308 5846 3367 5869 κλαῖ’
