4072 6156
508 298 615 356 387

1768 294 1827 351 S.
1866 288 2197 352 GBEGORII
2228 292 2529 352 NYSSENI

3662 295 3770 352 588

507 431 576 472 eo
605 414 789 487 ponit,
823 421 884 469 ut
926 412 1076 468 nulla
1114 409 1466 468 affectionum
1497 411 1548 466 vi
1593 409 1932 481 impellatur.
1973 426 2078 482 pu-

2188 410 2385 481 μᾶλλον
2425 411 2483 465 δὲ
2515 408 2682 465 αὑτοῦ
2717 407 2810 464 τοῦ
2835 406 2972 464 Θεοῦ
3011 407 3116 474 ἔξω
3152 408 3425 479 γενέσθαι,
3457 409 3518 474 δς
3554 408 3700 463 ἐστιν
3732 411 3767 481 ἡ

508 518 629 565 tare
662 508 716 563 in
745 522 812 563 eo
852 506 998 576 quod
1041 504 1384 558 contrarium
1427 511 1549 570 est,
1600 518 1728 559 esse
1777 503 2088 558 virtutem?

507 601 672 660 Verbi
701 614 898 664 causa,
933 598 1106 668 siqui
1149 598 1481 667 voluptatem
1531 597 1700 667 fugit,
1758 597 1950 652 dolore
1995 598 2086 653 hic

506 696 762 750 vincatur
786 710 799 745 :
828 691 992 760 quive
1019 689 1306 743 audaciam
1335 703 1400 742 ac
1429 688 1791 742 temeritatem
1820 687 2083 748 declinat,

508 800 621 860 prae
666 784 962 839 timiditate
995 783 1042 837 is
1091 782 1332 835 animum
1380 787 1695 851 prosternat
1737 788 1900 849 atque
1946 778 2085 847 abji-

507 880 652 943 ciat,
692 884 784 932 aut
815 876 909 946 qui
947 874 1152 929 invicto
1198 888 1324 928 esse
1355 872 1543 927 animo
1576 871 1821 935 studuit,
1856 871 1905 926 is
1937 879 2080 924 mutu

506 971 720 1026 fractus
751 967 1033 1023 ceciderit.
1071 963 1213 1031 Quid
1243 966 1387 1019 enim
1419 964 1690 1029 interest,
1726 963 1830 1017 hoc
1870 977 1940 1016 an
1990 962 2084 1015 illo

505 1062 670 1118 modo
714 1060 841 1130 quis
881 1073 911 1112 a
954 1059 1158 1111 virtute
1204 1056 1396 1117 cadat,
1427 1055 1513 1109 vel
1561 1054 1747 1126 potius
1787 1068 1847 1109 se
1894 1068 1923 1107 a
1974 1051 2084 1106 Deo

507 1156 632 1223 ipso
663 1155 968 1213 removeat,
1000 1148 1092 1217 qui
1123 1146 1300 1201 virtus
1342 1145 1594 1200 absoluta
1639 1151 1754 1209 est,
1796 1157 1862 1198 ac
1900 1143 2084 1213 perfe-

507 1240 642 1294 cta?
671 1238 803 1291 Nam
840 1238 892 1290 in
926 1235 1307 1304 corporalibus
1337 1234 1792 1308 mgrotationibus
1825 1233 1963 1286 nihil
1998 1248 2085 1288 re-

508 1332 652 1388 ferre
679 1334 804 1400 quis
833 1328 1068 1390 dixerit,
1105 1334 1287 1380 utrum
1319 1325 1494 1378 morbi
1532 1325 1684 1379 tabes
1713 1338 1742 1377 a
1773 1325 1941 1379 nimia
1972 1324 2082 1379 cibi

507 1424 773 1480 tenuitate
795 1421 887 1486 sit,
916 1436 984 1473 an
1007 1419 1076 1473 ab
1098 1418 1458 1472 inunoderata
1483 1416 1933 1486 ingurgitatione,
1957 1430 2082 1471 cum

508 1514 801 1583 utriusque
841 1508 1224 1565 immoderatio
1265 1507 1456 1562 eodem
1503 1507 1740 1562 termino
1788 1507 2086 1562 concluda-

2188 502 2453 573 παντελὴς
2493 501 2698 574 ἀρετή;
2730 502 2838 554 Καὶ
2867 500 2976 572 γὰρ
3014 503 3106 555 ἐπὶ
3135 501 3244 554 τῶν
3276 502 3369 557 τοῦ
3392 501 3643 573 σώματος
3667 504 3771 574 dp-

2186 593 2578 666 ρωστημάτων,
2607 593 2709 646 οὑκ
2738 592 2804 647 ἂν
2833 592 3115 663 διαφέρειν
3144 591 3203 645 τὸ
3232 592 3402 647 κακόν
3425 611 3510 659 τις
3535 595 3680 648 εἴποι
3701 594 3771 649 δι’

2184 684 2631 758 ὑπερϐαλλούσης
2664 683 2892 749 ἐνδείας,
2930 685 2964 755 ἢ
3011 683 3120 737 ἀπὸ
3162 683 3481 755 πλησμονῆς
3515 685 3772 756 ἀμέτρου

2182 777 2571 851 διαφθαρῆναι,
2590 778 2671 842 είς
2694 777 2754 830 τὸ
2777 776 2908 831 αὐτὸ
2928 776 3101 847 πέρας
3121 775 3223 845 τῆς
3243 777 3303 830 ἐν
3326 777 3609 848 ἑκατέροις
3633 777 3775 846 ἀμε-

2184 867 2340 942 τρίας
2369 870 2663 942 ληγούσης.
2703 869 2913 924 Οὑκοῦν
2940 870 3033 923 καὶ
3069 871 3099 922 ὁ
3125 867 3225 940 τῆς
3252 867 3395 922 κατά
3419 868 3596 941 ψυχὴν
3624 867 3774 940 ζωῆς

2181 977 2243 1013 τε
2265 963 2358 1015 καὶ
2390 960 2600 1030 ὑγιείας
2626 960 3036 1032 ἐπιμελόμενος,
3072 958 3163 1013 ἐπὶ
3184 959 3278 1013 τοῦ
3306 960 3475 1032 μέσου
3509 960 3608 1032 τῆς
3637 959 3775 1030 ἀλη-

2185 1050 2337 1113 θείας
2376 1052 2566 1104 ἑαυτὸν
2598 1051 2850 1123 τηρήσει,
2897 1050 3106 1121 ἀμιγὴς
3155 1050 3249 1103 καὶ¹
3281 1050 3547 1121 ἀμέτοχος
3577 1049 3774 1122 διαμέ-

2184 1161 2291 1199 νων
2329 1143 2430 1214 τῆς
2463 1142 2800 1215 ἑκατέρωθεν
2826 1145 2892 1215 τῇ
2927 1144 3095 1214 ἀρετῇ
3144 1142 3562 1216 παρακειμένης
3611 1144 3766 1196 ἐναν-

2184 1236 2446 1309 τιότητος.
2482 1238 2597 1290 Οὐκ
2646 1236 2776 1307 ἐμὸς
2805 1237 2834 1290 ὁ
2879 1235 3056 1305 λόγος,
3089 1235 3205 1289 ἀλλ’
3251 1235 3422 1306 αὑτῆς
3473 1238 3574 1306 τῆς
3619 1234 3774 1299 θείας

2186 1330 2389 1400 φωνῆς.
2423 1328 2677 1401 Φανερῶς
2706 1327 2815 1400 γὰρ
2842 1327 2943 1397 τῆς
2970 1329 3064 1382 τοὺ
3096 1328 3303 1401 Κυρίου
3338 1327 3686 1392 διδασκαλίας
3710 1329 3776 1381 τὸ

2185 1421 2362 1491 δόγμα
2380 1420 2540 1474 τοῦτό
2572 1424 2742 1485 ἐστιν,
2771 1422 2829 1474 ἐν
2862 1416 2943 1484 οἷς
2975 1421 3215 1474 διδάσκει
3241 1421 3369 1484 τοὺς
3397 1418 3664 1492 μαθητάς,
3695 1418 3777 1484 ὡς

2185 1512 2355 1583 ἄρνας
2402 1512 2586 1577 λύκοις
2636 1512 3260 1584 συναναστρεφομένους,
3310 1512 3385 1584 μὴ
3442 1511 3778 1583 περιστεράς

509 1617 619 1661 tur.
668 1604 861 1674 Itaque
903 1603 998 1672 qui
1035 1608 1091 1656 et
1138 1601 1307 1655 animi
1350 1600 1510 1664 vitae,
1552 1608 1608 1654 et
1649 1599 1847 1656 salutis
1891 1614 2083 1655 curam

2188 1600 2326 1658 εἶναι
2362 1605 2544 1674 μόνον,
2580 1604 2696 1659 ἀλλ’
2730 1603 2874 1675 ἔχειν
2899 1622 2952 1658 τι
2981 1607 3075 1658 καὶ
3101 1604 3196 1657 τοῦ
3226 1603 3402 1673 όφεως
3432 1605 3491 1658 ἐν
3512 1603 3590 1675 τῷ
3630 1602 3777 1674 ἤθει.

509 1698 707 1762 habet,
742 1697 796 1750 in
829 1695 1110 1749 moderata
1142 1690 1378 1762 quadam
1407 1692 1576 1746 animi
1606 1692 1863 1762 aequitate
1896 1707 2084 1748 versa-

2188 1694 2362 1749 Τοῦτο
2388 1695 2444 1749 δέ
2472 1697 2609 1760 ἐστι,
2639 1694 2700 1749 τὸ
2733 1697 2871 1768 μήτε
2909 1695 3009 1767 τὴν
3032 1695 3307 1765 ἁπλότητα
3342 1695 3535 1748 δοκοῦν
3558 1695 3780 1748 ἐπαινε-

508 1792 677 1854 bitur,
708 1787 971 1858 quoniam
1009 1786 1062 1839 in
1094 1797 1159 1839 eo
1189 1792 1506 1853 permanet,
1538 1791 1598 1839 ut
1627 1786 1833 1839 nullam
1868 1799 1990 1838 cum
2018 1799 2083 1839 ea

2188 1783 2286 1855 τὴν
2332 1786 2445 1848 τοῖς
2486 1756 2807 1857 ἀνθρώποις.
2846 1786 2927 1848 είς
2964 1756 3131 1856 ἀκρον
3178 1756 3538 1857 ἐπιτηδεύειν,
3589 1786 3666 1850 ὼς
3704 1789 3776 1858 τῇ

506 1879 869 1951 repugnantia
898 1880 1221 1932 societatem
1265 1874 1501 1939 habeat,
1548 1890 1672 1944 quae
1714 1876 1788 1930 sit
1826 1875 2084 1945 utrinque

2188 1879 2390 1950 ἐσχάτῃ
2412 1880 2569 1950 ἀνοίᾳ
2587 1878 2687 1948 τῆς
2702 1877 2958 1948 τοιαύτης
2980 1877 3145 1942 ἕξεως
3170 1877 3577 1949 πλησιαζούσης
3598 1895 3611 1907 ·
3636 1877 3781 1950 μήτε

504 1973 697 2029 virtuti
729 1970 997 2041 apposita.
1024 1967 1143 2022 Non
1172 1981 1293 2022 mea
1312 1964 1533 2036 quidem
1560 1968 1675 2022 haec
1708 1974 1827 2032 est,
1859 1966 1953 2021 sed
1988 1982 2084 2021 vo-

2188 1972 2286 2042 τὴν
2331 1970 2730 2041 ἐπαινουμένην
2779 1969 2885 2022 ὑπὸ
2929 1969 3041 2023 τῶν
3087 1968 3299 2023 πολλῶν
3345 1970 3625 2040 δεινότητα
3684 1968 3783 2023 καὶ

504 2065 587 2121 cis
618 2065 793 2135 ipsius
823 2062 1025 2117 divinat
1069 2059 1268 2113 oratio.
1312 2056 1516 2127 Aperte
1561 2055 1779 2112 Domini
1818 2058 2084 2113 doctrinm

2188 2063 2544 2135 πανουργίαν,
2568 2062 2742 2133 ἀμιγῆ
2782 2061 2892 2115 τῶν
2942 2063 3201 2116 ἐναντίων
3242 2061 3340 2117 καὶ
3369 2063 3606 2134 ἄκρατον
3651 2061 3782 2132 ἀρε-

503 2158 611 2214 hoc
635 2165 964 2228 praeceptum
996 2160 1082 2208 est
1101 2191 1114 2216 ,
1146 2151 1200 2205 in
1233 2152 1303 2207 iis
1333 2166 1454 2221 quae
1482 2150 1784 2221 discipulos
1807 2150 1967 2204 docet
1990 2166 2084 2205 ve-

2188 2153 2286 2225 τὴν
2320 2154 2590 2225 νομίζειν·
2626 2156 2691 2207 ἐκ
2716 2153 2773 2206 δέ
2810 2153 2908 2224 τῆς
2936 2152 3199 2224 δοκούσης
3230 2152 3602 2222 ἐναντιότητος
3650 2151 3785 2223 μίαν

503 2251 586 2305 Iut
615 2263 788 2319 agnos
825 2248 967 2301 inter
1002 2245 1162 2315 lupus
1193 2252 1512 2304 versantes,
1546 2254 1605 2297 ut
1633 2259 1743 2297 non
1776 2243 1953 2298 solum
1984 2258 2083 2297 co-

2188 2244 2309 2297 τινά
2368 2243 2818 2314 συγκεκραμένην
2864 2243 3027 2314 ἤθους
3083 2243 3416 2297 κατάστασιν
3471 2240 3785 2314 ἀπεργάζε-

502 2341 701 2396 Ιιιιιιίιιιξ
729 2339 840 2396 sint
860 2379 876 2405 ,
905 2337 999 2393 sed
1035 2334 1244 2406 aliquid
1271 2335 1435 2390 etiam
1460 2333 1731 2402 serpentis
1756 2334 1809 2387 in
1834 2335 2082 2390 moribus

2189 2337 2334 2397 σθαι,
2375 2337 2474 2407 τῆς
2527 2336 2625 2406 μὲν
2656 2335 2717 2389 τὸ
2766 2336 3012 2407 ἀνόητον,
3051 2335 3152 2406 τῆς
3207 2335 3267 2389 δὲ
3316 2334 3379 2389 τὸ
3433 2337 3491 2388 ὲν
3544 2335 3786 2407 πονηρίᾳ

503 2430 761 2485 habeant.
812 2427 926 2482 Hoc
957 2441 1092 2481 sane
1122 2432 1244 2486 est,
1279 2430 1340 2478 ut
1384 2438 1560 2493 neque
1591 2423 1736 2492 quod
1785 2424 1839 2476 iu
1871 2424 2084 2494 simpli-

2190 2428 2353 2499 σοφὸν
2394 2428 2826 2499 περικόψαντας·
2855 2428 2930 2492 ὡς
2954 2427 3011 2494 ἐξ
3035 2427 3311 2499 ἑκατέρων
3340 2426 3398 2479 ἓν
3425 2424 3786 2497 ἀποτελεσθῆ-

501 2523 672 2580 citate
715 2519 1030 2576 hominibus
1078 2516 1415 2571 laudandum
1458 2514 1731 2579 videatur,
1780 2514 2083 2585 impensius

2188 2538 2277 2574 ναι
2301 2520 2463 2574 καλὸν
2492 2520 2849 2591 ἐπιτήδευμα,
2878 2519 3140 2590 ἁπλότητι
3163 2518 3389 2591 γνώμης
3411 2520 3504 2574 καὶ
3531 2519 3786 2590 ἀγχινοίᾳ

500 2620 922 2673 consectentur,
960 2609 1107 2680 qttod
1152 2609 1199 2662 is
1251 2606 1472 2661 habitus
1527 2603 1595 2659 ad
1634 2612 1936 2660 extremam
1985 2606 2081 2663 de-

2190 2612 2656 2685 συγκεκραμὲνον.
2691 2631 2708 2662 ι
2748 2612 2967 2665 Γίνεσθε
3005 2631 3023 2664 ι
3050 2610 3178 2683 γὰρ,
3207 2612 3361 2682 φησι,
3386 2630 3406 2663 ι
3431 2610 3684 2683 φρόνιμοι
3707 2609 3788 2674 ὡς

501 2706 764 2761 mentiam
801 2703 1028 2773 propius
1057 2700 1324 2762 accedat,
1360 2713 1538 2769 neque
1559 2713 1781 2753 rursum
1814 2699 2084 2756 callidila-

2193 2706 2244 2760 οί
2280 2705 2453 2775 ὄφεις,
2489 2705 2584 2758 καὶ
2631 2703 2882 2775 ἀκέραιοι
2926 2701 2999 2765 ὡς
3047 2703 3102 2755 αί
3133 2702 3472 2773 περιστεραί.
3513 2721 3532 2753 ι

502 2809 612 2854 tem
645 2814 709 2853 ac
740 2795 1053 2859 vafritiem,
1087 2808 1251 2864 quam
1297 2794 1549 2864 plerique
1597 2793 1852 2850 homines
1929 2800 2266 2867 pradicant,
2333 2817 2540 2855 meram
2607 2809 2771 2869 atque
2838 2798 3235 2869 impermistam
3280 2799 3560 2853 contrario
3606 2796 3786 2857 virtu-

503 2897 613 2944 tem
645 2887 915 2949 crcdant,
967 2883 1063 2939 sed
1129 2899 1195 2938 ex
1249 2882 1588 2939 adversariis
1633 2885 1801 2941 rebus
1848 2902 2015 2943 unum
2078 2893 2301 2963 aliquod
2369 2900 2734 2963 temperatum
2794 2905 3011 2945 morum
3055 2906 3228 2961 genus
3274 2890 3606 2957 conficiant,
3653 2889 3787 2943 hinc

504 2981 817 3044 dementia,
888 2978 1044 3033 illinc
1090 2976 1365 3031 malitiosa
1407 2977 1677 3048 sapientia
1723 2979 1940 3049 recisa,
2005 2985 2165 3054 quasi
2203 3003 2271 3041 ex
2318 2993 2554 3056 utroque
2602 2983 2883 3038 contrario
2931 2997 3100 3037 unum
3147 2981 3450 3052 perfectum
3498 2982 3571 3036 sit
3615 2981 3786 3035 bone-

503 3086 688 3141 stum,
727 3073 876 3146 quod
918 3083 973 3127 et
1012 3088 1076 3127 ex
1134 3071 1303 3125 animi
1349 3072 1707 3141 simplicitate
1744 3082 1800 3130 et
1840 3078 2067 3134 solertia
2106 3080 2406 3138 conflatum
2461 3088 2568 3136 est.
2597 3097 2617 3131 ι
2650 3078 2838 3135 Estote
2869 3097 2887 3130 ι
2911 3077 3082 3145 enim,
3113 3076 3294 3149 inquit
3324 3080 3393 3146 ³⁵,
3436 3097 3455 3129 ι
3482 3077 3784 3149 prudentes

505 3178 565 3227 ut
597 3174 919 3240 serpentes,
947 3165 1229 3235 simplices
1262 3172 1320 3218 ut
1351 3165 1642 3223 columbae.

1074 3280 1309 3338 CAPUT
1356 3281 1520 3338 XVII.

648 3398 842 3457 Omnes
891 3397 1059 3452 animi
1102 3404 1386 3470 potestates
1434 3398 1684 3454 virtutem
1715 3408 1952 3470 spectare

1189 3467 1395 3531 debent.
1742 3467 1751 3470 ⁷
1916 3521 1923 3530 ,

572 3560 729 3632 and
765 3560 931 3634 igitur
958 3574 1026 3615 eo
1058 3559 1182 3615 loco
1208 3559 1416 3615 dictum
1449 3568 1535 3615 est
1570 3576 1600 3615 ιι
1636 3560 1904 3629 Domino,
1936 3578 2091 3618 com-

500 3670 671 3712 mune
700 3654 771 3710 sit
800 3653 984 3709 omnis
1034 3653 1159 3707 vitae
1206 3659 1576 3723 praeceptum,
1628 3653 1700 3710 iis
1748 3657 2085 3725 praesertim.

501 3749 595 3821 qui
624 3745 958 3817 virginitatis
989 3743 1177 3822 studio
1203 3743 1271 3796 ad
1301 3743 1471 3798 Deum
1505 3745 1809 3811 accedunt,
1843 3756 1930 3812 ut,
1963 3763 2087 3801 cum

504 3842 572 3895 ad
603 3853 771 3894 unum
808 3834 1032 3905 aliquod
1071 3844 1284 3889 rectum
1332 3835 1572 3889 ofﬁcium
1604 3838 1940 3907 respiciant,
1977 3856 2086 3894 nor.

505 3930 669 3985 modo
700 3942 789 3983 res
813 3924 1126 3980 contrarias
1157 3931 1427 3987 caveant,
1462 3924 1554 3979 sed
1586 3927 1734 3996 quod
1765 3926 1969 3981 bonum
2005 3940 2091 3985 est

505 4018 748 4088 undique
778 4016 885 4072 sibi
914 4014 1209 4085 colligant,
1254 4021 1314 4067 ut
1355 4014 1615 4072 omnibus
1659 4018 1971 4086 quaerendis
2007 4019 2089 4073 vi—

506 4120 617 4166 tam
653 4111 707 4164 in
742 4116 862 4163 tuto
890 4106 1187 4162 collocent.
1225 4103 1417 4177 Neque
1445 4108 1593 4162 enim
1630 4109 1791 4164 miles
1818 4148 1833 4174 ,
1862 4110 1957 4179 qui
1996 4125 2088 4163 ar-

507 4204 615 4257 mis
643 4210 854 4272 partem
884 4200 1125 4269 aliquam
1161 4201 1413 4269 corporis
1463 4201 1759 4267 munierit,
1814 4203 2085 4273 reliquum

503 4308 704 4364 corpus
736 4292 908 4347 armis
945 4290 1155 4344 ttudum
1191 4290 1438 4360 periculo
1469 4291 1718 4361 objiciet.
1748 4291 1892 4359 Quid
1939 4295 2085 4348 enim

502 4390 553 4446 ei
591 4388 727 4444 lucri
759 4394 937 4442 estex
975 4392 1130 4457 parte
1161 4387 1416 4455 corporis
1447 4395 1694 4453 armata,
1727 4387 1777 4442 si
1821 4387 1875 4442 in
1913 4388 2084 4458 parti-

504 4482 610 4537 bus
638 4480 802 4535 nudis
829 4478 1081 4533 lethalem
1115 4468 1330 4548 plagam
1378 4477 1659 4548 accipiat?
1703 4476 1842 4544 Quis
1883 4477 2086 4533 formo-

504 4588 627 4650 sum
657 4574 782 4627 eum
814 4569 1052 4633 dixerit,
1085 4569 1172 4623 cui
1204 4584 1272 4623 ex
1316 4568 1417 4630 iis,
1446 4583 1569 4639 quae
1613 4567 1681 4623 ad
1730 4568 1923 4624 formae
1964 4585 2086 4640 spc-

503 4664 643 4719 ciem
676 4662 949 4723 attinent,
995 4659 1200 4729 aliquid
1246 4665 1333 4715 est
1377 4658 1693 4714 calamitate
1740 4660 2088 4716 rescissum?

503 4751 814 4823 Turpitudo
841 4751 988 4806 enim
1020 4764 1087 4804 ac
1115 4749 1442 4804 deformitas
1469 4753 1642 4820 partis
1668 4750 1820 4806 illius
1849 4758 2082 4814 truncae,

502 4852 849 4901 venustatem
884 4843 1111 4912 integra:
1142 4841 1469 4911 corrumpit.
1512 4840 1672 4907 Quod
1718 4841 1801 4907 si,
1847 4850 1905 4897 ut
1946 4858 2084 4914 quo-

504 4938 630 4992 dam
664 4938 783 4990 loco
824 4938 1090 5006 scriptum
1120 4943 1207 4989 est
1227 4934 1306 5000 -",
1340 4933 1608 4989 ridiculus
1638 4942 1744 4999 est,
1780 4935 1875 5005 qui
1916 4935 2085 4990 turris

503 5029 795 5084 aedificium
824 5042 1156 5099 aggressus,
1186 5034 1352 5097 atque
1395 5026 1450 5080 iu
1495 5025 1870 5083 fundamentis
1916 5043 2082 5083 omne

502 5122 724 5193 quidem
774 5121 1015 5175 studium
1068 5134 1228 5174 suum
1274 5134 1403 5174 cum
1450 5120 1729 5189 posuerit,
1778 5130 2080 5176 extremam

504 5212 719 5269 aedilicii
745 5222 954 5283 partem
984 5226 1093 5266 non
1120 5222 1205 5267 est
1234 5220 1532 5266 exsecutus
1554 5250 1569 5276 ,
1602 5212 1734 5281 qui-l
1762 5227 1826 5268 ex
1857 5213 1959 5268 hac
1986 5229 2085 5269 nos

507 5303 766 5374 parabola
793 5302 939 5358 aliud
968 5304 1380 5373 cognoscimus,
1409 5318 1571 5371 quam
1597 5312 1655 5356 ut
1674 5344 1689 5366 ,
1721 5304 1999 5374 proposita
2031 5320 2087 5357 re

511 5397 695 5468 aliqua
722 5397 972 5461 sublimi,
1018 5397 1179 5451 [luem
1223 5395 1444 5466 assequi
1473 5396 1761 5462 studeant,
1795 5399 1890 5468 qui
1919 5398 2086 5452 variis

508 5488 889 5541 mandatorum
930 5487 1085 5558 quasi
1118 5490 1413 5543 structuris
1460 5487 1553 5542 Dei
1577 5486 1717 5557 Opus
1752 5490 2087 5555 perﬁciunt?

509 5577 696 5649 Neque
720 5578 868 5633 enim
897 5578 1036 5649 lapis
1062 5592 1204 5632 unus
1246 5585 1357 5633 tota
1401 5585 1488 5634 est
1535 5578 1707 5634 turris
1760 5578 2080 5647 mdilicatio,

583 5735 630 5769 “
665 5735 858 5795 Matth.
890 5752 945 5805 ς,
980 5735 1062 5792 16.
1140 5735 1184 5767 ⁸⁸
1223 5734 1355 5793 Luc.
1394 5751 1502 5803 xiv,
1531 5734 1602 5791 28
1629 5750 1748 5806 sqq.

2791 3287 3046 3343 KEQAL.
3090 3287 3187 3343 IZ'.

2197 3404 2328 3454 ὀτι
2370 3399 2489 3470 χρὴ
2528 3399 2742 3472 πάσας,
2771 3401 2879 3472 τὰς
2906 3399 3019 3468 τῆς
3055 3399 3265 3472 ψυχῆς
3300 3399 3589 3472 δυνάμεις
3624 3398 3786 3471 πρὸς

2712 3469 2936 3539 ἀρετὴν
2966 3469 3244 3535 βλέπειν.

2265 3559 2474 3615 Οὐκοῦν
2519 3561 2656 3634 ὅπερ
2696 3560 2929 3615 ἐνταῦθα
2968 3562 3185 3633 εἴρηται
3233 3561 3384 3632 παρά
3426 3561 3521 3616 τοῦ
3550 3561 3784 3635 Κυρίου,

2195 3654 2374 3708 κοινὸν
2400 3654 2540 3708 ἔστω
2579 3654 2754 3726 δόγμα
2776 3654 2871 3708 τοῦ
2903 3654 3017 3726 βίου
3050 3655 3272 3719 παντὸς,
3309 3656 3404 3710 καὶ
3430 3656 3667 3728 μάλιστα
3690 3658 3787 3710 ἐπὶ

2193 3749 2301 3802 τῶν
2327 3746 2415 3800 διὰ
2454 3746 2751 3816 παρθενίας
2788 3746 2865 3817 τῷ
2895 3746 3014 3818 Θεῷ
3057 3748 3407 3820 προσιόντων,
3441 3748 3503 3801 τὺ
3538 3749 3613 3819 μὴ
3647 3747 3787 3819 πρὸς

2194 3842 2253 3893 ἐν
2274 3858 2326 3893 τι
2352 3839 2686 3910 κατόρθωμα
2708 3838 3025 3909 βλέποντας,
3050 3840 3158 3893 τῶν
3180 3840 3436 3894 ἐναντίων
3456 3841 3787 3909 ἀφυλάκτως

2194 3933 2280 4004 ἔχε
2291 3950 2359 3997 ιν,
2383 3931 2519 3986 ἀλλά
2538 3930 2874 4002 πανταχόθεν
2893 3931 3103 3996 ἑαυτοῖς
3120 3931 3182 3985 τὸ
3199 3932 3401 4002 ἀγαθὸν
3421 3933 3783 4005 ἐξευρίσκειν,

2192 4026 2268 4089 ὼς
2298 4026 2365 4079 ἂν
2396 4023 2482 4077 διὰ
2522 4023 2739 4078 πάντων
2761 4022 2822 4075 τὸ
2849 4022 3089 4091 ἀσφαλὲς
3133 4023 3350 4097 ὑπάρχῃ
3383 4024 3457 4096 τῷ
3495 4024 3617 4096 βίῳ.
3647 4026 3785 4080 Οὐδὲ

2191 4118 2300 4189 γὰρ
2330 4115 2664 4189 στρατιώτης
2707 4116 2846 4187 μέρη
2895 4115 3022 4168 τινὰ
3061 4118 3175 4180 τοῖς
3201 4116 3386 4181 ὅπλοις
3415 4116 3782 4189 φραξάμενος,

2192 4209 2382 4280 γυμνῷ
2411 4206 2707 4262 κινδυνεύει
2748 4205 2828 4277 τῷ
2871 4205 3044 4277 λοιπῷ
3075 4206 3310 4279 σώματι.
3346 4208 3412 4261 Τί
3450 4209 3561 4281 γὰρ
3590 4208 3784 4279 κέρδος

2192 4301 2341 4371 αύτῷ
2369 4301 2467 4371 τῆς
2496 4300 2589 4352 ἐπὶ
2621 4298 2819 4370 μέρους
2850 4297 3137 4363 ὁπλίσεως,
3172 4300 3221 4352 εί
3247 4299 3389 4353 κατά
3416 4300 3525 4354 τῶν
3553 4301 3783 4373 γυμνῶν

2190 4390 2288 4463 τὴν
2322 4391 2541 4461 καιρίαν
2567 4389 2815 4456 δέξαιτο;
2858 4389 2954 4451 Τίς
2980 4389 3024 4442 δ’
3056 4389 3122 4443 ἂν
3155 4389 3429 4464 εὔμορφον
3460 4393 3782 4463 ὀνομάσειεν

2191 4486 2386 4546 ἐκεῖνο,
2417 4483 2446 4536 δ
2467 4483 2576 4537 τῶν
2608 4484 2688 4546 είς
2711 4480 3014 4552 εὐμορφίαν
3037 4499 3089 4534 τι
3116 4482 3514 4537 συντελούντων
3544 4484 3609 4538 ἐκ
3634 4502 3783 4549 τινος

2194 4577 2477 4648 συμφορᾶς
2511 4572 2943 4646 περικέκοπται;
2987 4574 3053 4626 Ἡ
3090 4573 3200 4647 γὰρ
3238 4576 3367 4647 περὶ
3388 4575 3450 4629 τδ
3484 4576 3668 4631 λεῖπον
3697 4578 3784 4631 αί-

2192 4664 2361 4736 σχύνη
2391 4666 2485 4718 καὶ
2510 4664 2606 4735 τὴν
2632 4663 2725 4716 τοῦ
2753 4661 3087 4732 ὑγιαίνοντος
3115 4666 3274 4736 χάριν
3306 4666 3684 4738 διελυμήνατο.
3718 4669 3782 4722 ει

2190 4758 2246 4813 δὲ
2285 4755 2687 4825 καταγέλαστός
2730 4758 2868 4821 ἐστι,
2915 4755 3096 4821 καθώς
3134 4758 3267 4828 φησί
3297 4775 3400 4812 που
3435 4761 3496 4813 τὸ
3528 4761 3782 4831 Εὐαγγέ-

2190 4849 2322 4906 λιον.
2357 4850 2386 4902 ὁ
2412 4847 2740 4918 ἐγχειρήσας
2768 4848 2868 4919 μὲν
2896 4851 2962 4920 τῇ
2997 4848 3087 4902 τοῦ
3114 4849 3323 4921 πύργου
3351 4856 3690 4925 κατασκευῇ,
3719 4854 3781 4905 tv

2191 4939 2462 5012 θεμελίοις
2498 4939 2555 4992 δὲ
2586 4938 2682 5011 τὴν
2717 4940 2952 5016 σπουδὴν
2976 4930 3171 4994 ἑαυτοῦ
3205 4944 3428 5014 στήσας,
3452 4945 3548 4998 καὶ
3577 4944 3672 4998 τοῦ
3699 4947 3789 5000 τέο

2182 5033 2308 5095 λους
2330 5030 2429 5083 οὑκ
2461 5030 2782 5101 ἐφικόμενος
2806 5049 2821 5062 ο
2847 5031 2900 5084 τί
2932 5021 3060 5086 άλλὸ
3083 5034 3147 5087 ἐκ
3172 5037 3272 5104 τῆς
3305 5035 3620 5107 παραϐολῆς
3650 5039 3785 5092 ταύ-

2186 5140 2286 5196 της
2323 5121 2687 5192 μανθάνομεν,
2725 5122 2759 5193 ἢ
2800 5123 2863 5176 τὸ
2892 5123 3074 5195 πάσης
3108 5123 3316 5196 ὑψηλῆς
3349 5125 3662 5196 προθέσεως
3689 5130 3784 5183 ἐπὶ

2187 5215 2249 5267 τὸ
2278 5213 2453 5283 πέρας
2497 5212 2720 5283 φθάνειν
2765 5213 3178 5276 ἐσπουδακέναι,
3222 5217 3337 5278 ταῖς
3370 5216 3645 5281 ποικίλαις
3673 5219 3783 5271 τῶν

2190 5305 2418 5359 ἐντολῶν
2465 5305 2773 5375 οἰκοδομαῖς
2813 5306 2875 5359 τὸ
2908 5306 3068 5377 ἔργον
3112 5305 3206 5360 τοῦ
3242 5306 3376 5360 Θεοῦ
3404 5308 3778 5375 τελειοῦντας;

2192 5397 2329 5451 Οὔτε
2355 5397 2499 5461 λίθος
2539 5391 2618 5460 εἷς
2665 5399 2698 5469 ή
2737 5400 2885 5451 πᾶσα
2913 5399 3168 5470 οἰκοδομὴ
3218 5398 3311 5452 τοῦ
3362 5399 3573 5471 πύργου
3607 5403 3775 5468 ἐστὶν,

2185 5489 2309 5543 οὑτε
2353 5488 2539 5560 ἐντολὴ
2571 5487 2669 5559 μία
2699 5490 2835 5560 πρὸς
2870 5490 2931 5544 τὸ
2964 5489 3390 5562 ἐπιζητούμενον
3420 5491 3622 5563 μέτρον
3655 5496 3777 5563 ἄγει

2184 5582 2285 5655 τὴν
2328 5582 2427 5654 τῆς
2472 5581 2650 5654 ψυχῆς
2685 5583 2999 5656 τελειότητα
3025 5600 3038 5616 ·
3066 5585 3206 5642 ἀλλά
3252 5586 3350 5642 καὶ
3388 5585 3480 5642 τὸν
3523 5586 3794 5677 θεμέλιον,
