4072 6156
335 319 444 379 389

1647 316 1736 372 DE
1775 316 2241 375 VIRGINITATE.

3492 318 3598 376 390

337 428 736 501 ὐποδεδλῆσθαι
761 429 846 483 δεῖ
862 428 1098 494 πάντως,
1130 426 1311 493 καθώς
1327 444 1493 499 φησιν
1512 428 1542 481 6
1570 426 1903 494 Ἀπόστολος,

2018 444 2197 500 neque
2244 436 2572 501 praeceptum
2605 444 2740 488 sane
2767 444 2939 486 unum
2984 429 3380 502 perfectionem
3429 434 3597 489 animi

338 521 481 595 [καὶ]
507 521 605 593 τὴν
636 523 701 574 ὲκ
729 520 932 594 χρυσοῦ
965 521 1060 575 καὶ⁵
1078 520 1241 575 λίθων
1267 520 1463 591 τιμίων
1482 519 1771 591 οίκοδομὴν
1797 520 1913 572 ἐπι-

335 611 543 666 θέσθαι.
577 611 735 681 Οὕτω
765 612 874 684 γὰρ
903 613 970 666 τὰ
993 611 1129 684 ἔργα
1161 611 1273 666 τῶν
1302 611 1529 665 ἐντολῶν
1569 611 1914 682 ὀνομάζεται,

333 703 476 757 κατά
505 702 597 757 τὸν
620 703 842 756 εἰπόντα
886 703 1198 775 Προφήτην,
1221 704 1304 756 ὅτι
1330 721 1349 755 ι
1398 703 1689 775 Ἠγάπησα
1711 704 1810 768 τὰς
1831 705 1917 758 ὲν-

332 796 493 859 τολάς
505 813 599 849 σου
623 796 762 867 ὑπὲρ
772 794 1014 868 χρυσίον,
1028 794 1123 848 καὶ
1142 793 1288 848 λίθον
1302 794 1480 866 τίμιον
1499 794 1684 849 πολύν.
1708 813 1728 847 ι
1749 796 1915 849 Ὑπο-

332 888 535 942 κείσθω
563 887 743 941 τοίνυν
770 887 890 940 ἀντὶ
914 884 1163 957 θεμελίου
1187 885 1331 950 τινὸς
1349 884 1428 957 τῷ
1453 887 1574 940 κατ’
1597 886 1795 959 ἀρετὴν
1816 886 1917 959 βίῳ

332 982 367 1051 ἡ
412 980 541 1051 περ)¹
572 980 674 1052 τὴν
714 978 1012 1050 παρθενίαν
1061 979 1301 1051 σπουδή·
1350 978 1810 1048 ὲποικοδομείσθω
1857 980 1916 1034 δὲ

330 1071 408 1143 τῷ
435 1071 669 1144 θεμελίῳ
692 1070 866 1141 τούτῳ
893 1072 1070 1125 πάντα
1091 1072 1158 1124 τὰ
1183 1070 1322 1143 ἔργα
1347 1071 1448 1142 τῆς
1469 1071 1689 1141 ἀρετῆς.
1720 1072 1783 1125 Εἰ
1805 1071 1915 1144 γὰρ

330 1164 426 1217 καὶ
456 1163 661 1233 σφόδρα
679 1162 836 1216 τοῦτο
865 1161 1043 1233 τίμιον
1064 1163 1158 1216 καὶ
1181 1161 1480 1234 θεοπρεπὲς
1499 1158 1638 1216 εἶναι
1662 1162 1914 1218 πιστεύε-

326 1271 438 1319 ται,
478 1253 668 1325 ὥσπερ
700 1249 792 1307 οὖν
838 1254 933 1307 καὶ
992 1252 1107 1307 ἔστι
1156 1253 1252 1307 καὶ
1297 1254 1685 1307 πεπίστευταιο
1715 1254 1831 1309 ἀλλ’
1864 1258 1914 1309 εί

330 1345 406 1414 μὴ
428 1345 523 1397 καὶ
546 1344 666 1408 ὅλος
684 1346 713 1397 6
740 1343 854 1414 βίος
882 1343 1058 1414 τούτῳ
1090 1343 1376 1415 συμϐαίνοι
1404 1344 1483 1416 τῷ
1503 1345 1909 1417 κατορθώματι,

326 1437 704 1507 ὲπιμολύνοιτο
735 1439 802 1509 τῇ
827 1436 1013 1491 λοιπὸν
1036 1438 1136 1509 τῆς
1158 1439 1336 1511 ψυχῆς
1367 1439 1581 1513 ἀταξίᾳ,
1615 1440 1773 1494 τοῦτό
1797 1443 1912 1495 ὲστι

324 1527 388 1580 τὸ
413 1527 631 1582 ἐνώτιον
658 1531 836 1583 ὲκεῖνο
857 1529 919 1583 τὸ
951 1530 1009 1581 έν
1036 1532 1103 1600 τῇ
1136 1531 1244 1600 ῥινὶ
1276 1531 1375 1602 τῆς
1405 1532 1551 1596 συὸς,
1578 1531 1612 1604 ἢ
1650 1535 1679 1586 6
1705 1549 1914 1604 μαργα-

325 1621 485 1692 ρίτης
527 1623 557 1675 ό
599 1622 657 1674 ὲν
692 1624 806 1686 τοῖς
850 1623 979 1675 ποσὶ
1021 1622 1131 1676 τῶν
1172 1622 1374 1694 χοίρων
1406 1623 1907 1695 καταπατούμενος.

335 1709 499 1765 ’Δλλὰ
528 1712 657 1784 περ)⁵
688 1711 787 1783 μὲν
816 1710 1023 1767 τούτων
1052 1712 1308 1769 τοσαῦτα.

914 1995 1165 2051 ΚΕΦΑΛ.
1209 1996 1314 2051 IH'.

317 2106 491 2173 Μόνη
521 2105 562 2174 ἠ
591 2105 803 2185 ἀρετὴ..
830 2105 948 2185 mir
985 2105 1234 2185 τέλειος.
1272 2107 1455 2185 οὐδὲν
1485 2109 1709 2185 ὠφελεῖ
1730 2109 1810 2177 τῷ
1840 2112 1909 2168 ἐν

591 2125 794 2185 αρε-τη.
830 2125 948 2161 arar
985 2125 1234 2175 τελειος.
1272 2125 1455 2163 ουοεν
1508 2125 1513 2127 ‘
1576 2125 1656 2164 8.14

569 2190 718 2231 πασί
744 2174 861 2245 τὴν
886 2176 1111 2247 ἀρετὴν
1129 2181 1241 2233 οὐκ
1276 2125 1656 2249 desierim.

391 2269 455 2322 El
480 2268 538 2321 δέ
565 2286 650 2332 τις
678 2271 808 2341 παρ’
845 2269 997 2324 οὐδὲν
1040 2273 1271 2324 ποιεῖται
1319 2269 1383 2324 τό
1418 2270 1495 2344 μὴ
1536 2273 1907 2346 συνηρμόσθαι

313 2361 427 2414 τινὶ
451 2359 542 2413 διὰ
563 2359 675 2413 τῶν
702 2360 1053 2433 καταλλήλων
1073 2361 1165 2417 τὸν
1188 2362 1324 2433 βίον,
1349 2364 1420 2418 τά
1446 2366 1506 2419 ὲν
1529 2364 1608 2436 τῷ
1632 2366 1767 2438 οἴκῳ
1790 2368 1910 2420 ἐαυ-

317 2449 418 2503 τοῦ
439 2450 777 2522 θεασάμενος
796 2453 1142 2524 παιδευθήτω
1168 2456 1298 2527 περὶ
1320 2454 1415 2509 τοῦ
1437 2455 1724 2528 δόγματος.
1749 2460 1911 2513 Δοκεῖ

317 2542 434 2611 γάρ
462 2559 578 2612 μοι,
607 2543 858 2615 καθάπερ
891 2545 984 2598 ἐπὶ
1011 2547 1109 2616 τῆς
1138 2545 1272 2610 ἰδίας
1297 2548 1564 2619 οἰκήσεως
1586 2551 1616 2603 6
1641 2550 1736 2604 τοῦ
1755 2550 1906 2604 οἴκου

313 2635 589 2707 δεσπότης
618 2635 719 2689 οὐκ
751 2636 1091 2703 ἀποδέξεται,
1127 2637 1350 2708 ἀπρεπῆ
1394 2638 1489 2691 καὶ
1521 2640 1804 2711 ἀσχήμονα
1838 2640 1907 2694 τὰ

315 2727 382 2778 ὲν
425 2728 493 2797 τῇ
533 2726 683 2799 οἰκία
716 2726 953 2798 βλέπειν,
996 2726 1029 2798 ἢ
1080 2727 1269 2800 κλίνην
1313 2730 1821 2803 ἀνατετραμμένην,
1869 2732 1902 2804 ἢ

315 2817 504 2889 πλήρη
539 2819 748 2888 κόπρου
792 2817 891 2890 τὴν
926 2817 1224 2890 τράπεζαν,
1257 2820 1290 2892 ἢ
1343 2820 1411 2874 τά
1451 2821 1552 2892 μὲν
1593 2822 1750 2893 τίμια
1798 2823 1906 2878 τῶν

313 2908 533 2962 σκευῶν
563 2910 623 2961 ὲν
646 2911 914 2982 ῥυπαροῖς
932 2926 1041 2963 τισι
1067 2911 1254 2975 τόποις
1276 2912 1664 2985 ἀπερῤιμμένα
1682 2931 1695 2945 ο
1729 2915 1828 2967 ὅσα
1847 2914 1905 2967 δὲ

312 2999 455 3070 πρὸς
485 3000 586 3062 τὰς
614 2999 971 3071 ἀτιμοτέρους
1000 3000 1303 3072 ὑπηρεσίας
1328 3002 1494 3060 ἐστὶν,
1528 3005 1585 3056 ὲν
1610 3003 1905 3074 ὀφθαλμοῖς

2021 519 2089 575 ad
2118 535 2245 575 eum
2271 519 2457 587 ducit,
2484 537 2648 592 quem
2679 537 2781 579 nos
2809 523 3112 594 quaerimus
3132 563 3147 588 ,
3191 522 3413 580 modum
3443 541 3459 592 ;
3501 524 3599 580 sed

2013 610 2223 681 jactum
2251 627 2377 669 esse
2399 619 2619 683 Oportet
2642 614 2800 685 plane
2824 613 3241 671 fundamentum
3263 655 3279 681 ,
3310 623 3476 685 atque
3504 630 3601 670 su-

2018 716 2114 772 per
2142 717 2372 772 aurum,
2405 714 2463 760 ut
2491 705 2569 759 ait
2597 704 2933 776 Apostolus,
2966 715 3021 762 et
3063 705 3275 776 lapides
3319 706 3501 775 pretio
3534 720 3599 761 os

2016 794 2306 851 aedificium
2350 796 2676 853 struendum
2715 805 2801 853 est
2848 797 2937 852 “:
2984 797 3059 852 ita
3118 798 3265 853 enim
3310 797 3596 853 mandato-

2018 901 2138 942 rum
2170 902 2336 958 opera
2364 886 2637 959 Propheta
2665 889 2959 960 appellavit
2992 890 3080 945 his
3112 890 3292 945 verbis
3320 907 3334 943 :
3366 909 3384 942 ι
3420 889 3593 944 Dilexi

2016 975 2275 1029 mandata
2311 983 2403 1031 tua
2435 992 2603 1049 super
2641 991 2872 1043 aurum,
2916 987 2971 1033 et
3013 979 3245 1048 lapidem
3289 980 3592 1049 pretiosum

2016 1063 2247 1119 multum
2279 1064 2345 1120 ³⁷.
2377 1084 2397 1118 ι
2426 1067 2603 1138 Atque
2630 1082 2728 1137 pro
2753 1067 2937 1138 aliquo
2974 1069 3194 1138 quidem
3235 1068 3594 1126 fundamento

2016 1153 2091 1210 sit
2120 1154 2366 1212 honestat
2397 1157 2524 1213 vita:
2554 1159 2898 1228 propositum
2934 1159 3180 1214 studium
3216 1161 3591 1231 virginitatis;

2014 1253 2069 1301 et
2099 1261 2265 1316 super
2306 1247 2410 1304 hoc
2454 1246 2870 1305 fundamentum
2915 1260 3117 1305 cuncta
3158 1252 3380 1310 virtutis
3425 1268 3591 1324 opera

2013 1346 2399 1394 exstruuntur.
2431 1338 2547 1397 Etsi
2576 1342 2724 1398 enim
2756 1342 2916 1399 valde
2944 1343 3239 1399 honestum
3268 1347 3373 1399 hoc
3401 1354 3455 1401 et
3484 1344 3593 1399 Deo

2013 1430 2348 1486 conveniens
2387 1446 2513 1488 esse
2550 1433 2818 1498 creditur,
2851 1442 2911 1488 ut
2941 1450 3074 1490 sane
3098 1442 3153 1489 et
3182 1441 3303 1501 est,
3334 1443 3392 1491 et
3420 1437 3594 1492 credi-

2012 1519 2201 1574 ditur:
2233 1523 2342 1578 nisi
2376 1534 2559 1580 tamen
2590 1525 2718 1580 huic
2753 1527 3019 1597 praeclaro
3045 1526 3224 1582 cilicio
3264 1526 3376 1581 vita
3410 1529 3591 1584 omnis

2011 1612 2378 1682 respondeat,
2411 1627 2505 1671 aut
2533 1618 2580 1672 si
2613 1617 2825 1689 reliqua
2856 1618 3022 1673 animi
3070 1619 3486 1690 perturbatione
3515 1619 3594 1674 in-

2014 1701 2319 1771 quinetur;
2354 1702 2486 1758 illud
2515 1705 2732 1761 aurium
2759 1716 3142 1762 ornamentum
3173 1714 3293 1773 est,
3344 1706 3492 1779 quod
3535 1708 3592 1764 in

1943 1772 1982 1827 Β
2012 1799 2195 1849 rostro
2234 1794 2388 1860 suis,
2419 1802 2515 1849 aut
2545 1796 2839 1866 margarita
2863 1838 2880 1865 ,
2911 1812 3034 1868 quae
3063 1796 3137 1852 sit
3181 1772 3471 1868 porcorum
3503 1814 3594 1870 pec

2008 1882 2176 1941 dibus
2208 1885 2555 1955 proculcata.
2591 1883 2698 1942 Sed
2726 1885 2794 1943 de
2824 1888 2911 1945 his
2938 1887 3159 1957 quidem
3192 1888 3483 1946 hactenus.

2569 1996 2800 2054 CAPUT
2838 1998 3026 2057 XVIII.

2007 2103 2138 2161 Sola
2170 2105 2552 2181 viriumetlam
2580 2107 2833 2181 perfecta,
2866 2109 2998 2163 nihil
3032 2110 3244 2164 omnino
3275 2111 3487 2178 prodest
3518 2112 3590 2181 ei,

2287 2179 2379 2248 qui
2404 2178 2458 2231 in
2485 2180 2726 2233 euntibus
2755 2181 3000 2233 virtutem
3029 2196 3132 2233 non
3159 2182 3304 2236 colit.

2081 2267 2137 2321 Si
2168 2282 2300 2323 vero
2326 2269 2450 2338 quis
2474 2284 2574 2340 pro
2604 2270 2777 2326 nihilo
2811 2279 2965 2341 putat
3022 2272 3146 2326 vitae
3175 2287 3289 2327 suae
3320 2281 3589 2330 rationem

2009 2360 2248 2431 cuipiam
2273 2360 2509 2417 invicem
2541 2363 2987 2429 accommodare,
3037 2380 3126 2420 res
3167 2380 3299 2421 suas
3328 2366 3591 2424 domesti-

2007 2466 2104 2508 cas
2130 2455 2536 2524 contemplatus
2564 2455 2631 2509 ad
2672 2456 2779 2511 hoc
2815 2466 3146 2528 prwceptum
3176 2459 3483 2517 erudiatur.
3520 2460 3591 2516 Ut

2007 2546 2155 2599 enim
2189 2546 2589 2616 paterfamilias
2638 2549 2788 2603 domi
2841 2564 2955 2605 suae
3011 2565 3278 2620 passurus
3313 2552 3444 2606 mihi
3477 2567 3588 2608 non

2008 2634 2248 2699 videtur,
2283 2643 2340 2688 ut
2366 2649 2457 2690 res
2488 2634 2684 2700 fcedas,
2722 2650 2785 2690 ac
2812 2643 2999 2706 turpes
3029 2648 3242 2704 cernat,
3273 2638 3442 2692 veluti
3479 2654 3589 2694 non

2008 2736 2241 2781 stratum
2276 2726 2498 2789 lectum,
2532 2736 2627 2781 aut
2661 2742 2908 2783 mensam
2938 2729 3183 2783 sordium
3226 2728 3465 2798 plenam,
3492 2737 3588 2784 aut

2006 2831 2138 2872 vasa
2184 2819 2423 2888 pretiosa
2478 2831 2601 2888 quae
2648 2818 2832 2888 aliquo
2868 2818 3118 2888 conjecta
3152 2819 3284 2883 sint,
3336 2820 3427 2874 ubi
3464 2836 3587 2876 sor-

2005 2907 2155 2962 dium
2181 2908 2323 2964 situs
2345 2916 2467 2974 est;
2503 2925 2626 2980 qua:
2663 2924 2789 2964 vero
2824 2918 2954 2964 sunt
2997 2910 3064 2964 ad
3094 2926 3227 2966 usus
3266 2913 3451 2969 minus
3481 2912 3583 2968 ho-

2006 3009 2195 3056 nestos
2216 3003 2627 3057 accommodata
2649 3002 2703 3056 in
2724 3003 2901 3058 oculis
2930 3003 3250 3058 adeuntium
3285 3004 3376 3059 illa
3406 3006 3582 3076 posita

312 3091 662 3161 προκείμενα
699 3090 808 3145 τῶν
835 3093 1112 3146 εἰσιόντων
1131 3108 1144 3122 ·
1170 3092 1307 3150 ἀλλά
1346 3094 1524 3148 πάντα
1554 3096 1903 3167 εὐσχημόνως

2008 3092 2149 3160 sint;
2186 3092 2279 3148 sed
2316 3100 2441 3163 apte
2463 3093 2553 3148 ille
2586 3105 2751 3164 atque
2780 3094 2974 3151 ordine
2999 3103 3146 3151 recto
3180 3105 3380 3151 cuncta
3413 3099 3585 3152 collo-
3663 3120 3670 3127 -

311 3182 414 3235 καὶ
443 3181 588 3236 κατά
619 3181 774 3249 τάξιν
797 3183 897 3254 τὴν
930 3183 1245 3254 πρέπουσαν
1274 3184 1498 3250 διαθεὶς,
1534 3186 1629 3240 καὶ
1668 3187 1904 3259 ἑκάστην

311 3277 668 3350 ἁρμόζουσαν
689 3280 922 3344 ἀποδοὺς
949 3279 1155 3351 χώραν,
1188 3280 1406 3353 θαρρῶν
1429 3280 1749 3352 ἀποδέχεται
1778 3282 1905 3346 τοὺς

309 3373 799 3444 ὲτ-ειξενουμένους⁸
850 3373 926 3437 ὡς
974 3371 1231 3443 οὐδεμίαν
1274 3371 1539 3444 αἰσχύνην
1579 3373 1829 3444 όφλήσων
1853 3373 1903 3426 εἰ

308 3465 527 3535 φανερά
551 3465 782 3533 γένοιτο,
808 3464 957 3528 ὅπως
983 3462 1133 3534 αὑτῷ
1160 3463 1227 3518 τὰ
1256 3464 1401 3520 κατά
1427 3465 1526 3537 τὴν
1561 3464 1739 3518 οἰκίαν
1766 3463 1899 3534 ἔχον

307 3556 489 3623 οὕτως
531 3553 688 3628 οἶμαι
735 3556 931 3628 χρῆναι
964 3556 1057 3609 καὶ
1092 3555 1184 3610 τὸν
1209 3555 1306 3609 τοῦ
1347 3555 1704 3628 σκηνώματος
1744 3559 1777 3627 ἡ
1788 3557 1903 3628 μῶν

305 3650 704 3720 οἰκοδεσπότην
743 3648 835 3702 καὶ
878 3648 1181 3718 οἰκονόμον,
1220 3648 1312 3702 τὸν
1356 3647 1480 3704 νοῦν
1510 3647 1673 3717 λέγω,
1709 3651 1816 3703 πᾶν
1842 3649 1904 3703 τὺ

305 3743 369 3795 ὲν
400 3742 534 3812 ἡμῖν
567 3735 627 3794 εὖ
655 3738 1008 3805 διατίθεσθαι,
1035 3738 1239 3811 ἑκάστῃ
1263 3755 1322 3792 τε
1350 3737 1458 3793 τῶν
1480 3738 1580 3809 τῆς
1609 3737 1787 3810 ψυχῆς
1811 3739 1901 3793 δυ-

302 3832 553 3901 νάμεων,
592 3829 660 3892 ἃς
691 3831 812 3883 ἀντὶ
839 3829 1086 3900 ὀργάνων
1119 3828 1215 3883 καὶ
1258 3828 1470 3882 σκευῶν
1510 3830 1539 3882 6
1561 3828 1902 3901 Δημιουργὸς

305 3920 447 3992 ἡμῖν
465 3919 874 3988 ὲνετεκτήνατο,
905 3917 1120 3981 οἰκείως
1146 3916 1240 3972 καὶ
1265 3918 1402 3989 πρὸς
1421 3917 1482 3971 τὸ
1505 3918 1669 3972 καλὸν
1702 3922 1901 3990 κεχρῆο

307 4011 462 4064 σθαι.
501 4011 564 4064 Εἰ
594 4010 650 4063 δὲ
676 4010 753 4081 μὴ
780 4009 1049 4081 φλυαρίαν
1072 4008 1197 4063 τινὰ
1224 3993 1320 4063 καὶ
1349 4008 1666 4080 ἀδολεσχίαν
1696 4009 1790 4064 τοῦ
1816 4010 1902 4063 λό-

303 4118 412 4169 γου
445 4119 534 4164 τις
566 4102 994 4170 καταγινώσκοι,
1041 4102 1318 4173 εἰρήσεται
1354 4100 1450 4155 καὶ
1477 4101 1602 4155 καθ’
1649 4101 1896 4166 ἕκαστον,

301 4194 462 4257 ὅπως
493 4192 560 4247 ἂν
590 4194 704 4257 τοῖς
724 4192 990 4265 παροῦσιν
1022 4191 1172 4263 αὑτῷ
1190 4190 1493 4265 χρώμενος,
1519 4192 1656 4264 πρὸς
1680 4191 1742 4245 τὸ
1763 4208 1901 4262 συμ-

303 4285 478 4354 φέρον
504 4283 655 4355 αὐτῷ
678 4284 770 4337 τὸν
802 4284 916 4355 βίον
943 4285 1343 4355 οίκονομήσειε.
1382 4283 1570 4355 Φαμὲν
1599 4284 1780 4339 τοίνυν
1801 4283 1899 4356 τὴν

297 4375 415 4455 μὲν
450 4374 751 4447 ἐπιθυμίαν
789 4376 899 4430 δεῖν
929 4377 987 4428 ὲν
1012 4373 1240 4446 καθαρῷ
1263 4374 1367 4446 τῆς
1393 4375 1573 4448 ψυχῆς
1607 4375 1899 4448 ἱδρυσάμε-

2006 3182 2204 3248 cando,
2238 3197 2511 3253 suumque
2548 3183 2749 3254 cuique
2776 3186 2852 3239 rei
2884 3185 3062 3239 locum
3106 3186 3429 3249 tribuendo;
3457 3202 3582 3241 cum

2004 3275 2347 3344 exploratum
2380 3276 2582 3330 habeat
2619 3291 2730 3345 quo
2757 3277 2952 3331 ordine
2997 3291 3086 3331 res
3117 3277 3266 3331 domi
3306 3293 3421 3333 suae
3449 3278 3583 3344 sint,

2005 3373 2119 3419 tum
2152 3365 2339 3420 fidenti
2368 3368 2577 3434 animo,
2606 3367 2769 3437 quasi
2813 3369 2968 3423 nullo
3000 3371 3207 3439 pudore
3246 3370 3583 3439 prohibitus,

2003 3455 2254 3525 hospites
2283 3469 2347 3509 ac
2386 3455 2711 3526 peregrinos
2763 3457 3038 3527 excipiet:
3071 3458 3263 3513 eodem
3294 3458 3458 3513 modo
3485 3464 3586 3514 do—

2002 3545 2193 3599 micilii
2233 3548 2407 3601 nostri
2433 3547 2659 3600 domino
2689 3560 2753 3600 ac
2783 3547 3141 3610 moderatori,
3179 3564 3378 3618 nempe
3414 3551 3584 3604 ratio-

2002 3635 2080 3701 ni,
2116 3634 2383 3705 agendum
2416 3650 2540 3690 esse
2586 3635 2864 3700 arbitror;
2896 3643 2978 3701 ut,
3013 3649 3135 3705 qua:
3164 3637 3219 3689 in
3252 3636 3413 3692 nobis
3453 3643 3585 3692 sunt

2000 3727 2186 3781 omnia
2216 3734 2369 3779 recte
2401 3725 2675 3790 instituat,
2714 3725 3055 3796 singulisque
3093 3725 3263 3781 animi
3299 3726 3585 3797 potestati-

2001 3817 2128 3881 bus,
2172 3831 2311 3888 quas
2366 3824 2421 3870 ct
2474 3831 2576 3888 pro
2608 3817 2995 3873 instrumentis
3031 3825 3088 3872 et
3137 3818 3282 3873 vasis
3331 3834 3582 3875 summus

1999 3920 2204 3965 nostrae
2235 3916 2444 3965 natura;
2474 3909 2660 3980 opifex
2693 3909 3001 3966 fabricatus
3033 3919 3139 3976 est,
3177 3910 3245 3966 iis
3274 3920 3401 3981 apte
3428 3918 3483 3967 et
3512 3911 3581 3966 ad

1999 4003 2343 4057 honestatem
2383 4012 2590 4057 utatur.
2625 4003 2695 4056 At
2717 4017 2849 4057 vero
2877 4002 3014 4072 jam,
3052 4004 3154 4058 nisi
3190 4004 3316 4073 quis
3349 4005 3581 4075 nugaci-

1999 4094 2127 4149 tatis
2173 4102 2228 4149 et
2266 4094 2612 4164 garrulitatis
2651 4108 2754 4150 nos
2790 4094 3139 4160 condemnet,
3174 4096 3455 4166 sigillatim
3486 4111 3583 4150 ex-

1999 4186 2347 4256 plicabimus,
2373 4200 2485 4256 quo
2515 4195 2680 4255 pacto
2721 4201 2857 4241 usus
2889 4187 3014 4256 quis
3056 4186 3241 4243 insitis
3276 4188 3380 4243 Slbi
3416 4188 3580 4246 rebus

1998 4280 2166 4333 vitam
2196 4294 2361 4349 quam
2418 4279 2717 4336 utilissime
2760 4287 3076 4350 componat.
3116 4279 3304 4351 Itaque
3339 4282 3578 4338 dicimus

1999 4379 2258 4440 oportere
2319 4386 2444 4427 eum
2488 4372 2790 4445 appetitum
2846 4371 2903 4427 in
2954 4372 3122 4427 animi
3169 4387 3309 4442 puro
3353 4373 3579 4429 dedica-

300 4447 401 4522 νον
430 4466 597 4538 ἔχειν,
639 4467 828 4539 ὥσπερ
855 4485 907 4521 τι
947 4466 1206 4540 ἀνάθημα
1243 4467 1277 4539 ἢ
1322 4447 1580 4539 ἀπαρχὴν
1612 4466 1721 4521 τῶν
1752 4467 1893 4521 ἰδίων

2004 4472 2138 4529 ιιιηι,
2172 4463 2322 4518 velut
2376 4462 2667 4519 donarium
2717 4464 2993 4534 quoddam
3030 4479 3093 4519 ac
3123 4464 3391 4520 bonorum
3443 4480 3576 4520 suo-

298 4557 533 4628 ἀγαθῶν
562 4557 813 4626 ἐξελόντα
842 4557 983 4629 Θεῷ,
1024 4556 1410 4631 ἀφιερώσαντά
1433 4574 1493 4610 τε
1518 4557 1688 4626 αὐτὴν
1725 4555 1892 4622 ἅπαξ,

299 4650 591 4721 ἀνέπαφόν
618 4667 676 4703 τε
707 4650 803 4704 καὶ
822 4648 1071 4720 καθαρὰν
1102 4649 1502 4719 διαφυλάττειν,
1544 4645 1794 4719 μηδαμοῦ
1826 4650 1892 4719 τῇ

300 4742 451 4794 κατὰ
487 4741 580 4793 τὸν
627 4738 741 4810 βίον
771 4738 1013 4811 ῥυπαρία
1055 4737 1444 4810 μολυνομένην.
1482 4738 1585 4791 Τὸν
1612 4737 1671 4790 δὲ
1702 4736 1893 4809 θυμὸν,

300 4832 403 4886 καὶ
436 4833 536 4901 τὴν
578 4830 771 4900 ὀργὴν,
814 4830 910 4882 καὶ
953 4829 1014 4883 τὺ
1045 4831 1222 4900 μῖσος,
1248 4828 1502 4900 καθάπερ
1546 4826 1715 4892 κύνας
1743 4827 1895 4892 τινάς

299 4922 615 4994 πυλωροὺς,
660 4920 796 4993 πρὸς
837 4920 1006 4992 μόνην
1044 4919 1405 4993 ἐγρηγορέναι
1435 4917 1537 4990 τὴν
1575 4919 1677 4989 τῆς
1709 4920 1882 4991 ἀμαρ-

294 5015 428 5079 τίας
460 5012 801 5079 ἀντίστασιν,
832 5012 927 5065 καὶ
954 5013 1095 5066 κατά
1124 5011 1216 5066 τοῦ
1244 5011 1479 5065 κλέπτου
1508 5011 1602 5065 καί
1630 5011 1890 5084 πολεμίου

298 5103 609 5175 κεχρῆσθαι
647 5104 716 5174 τῇ
747 5100 928 5171 φύσει,
961 5102 1021 5165 ὃς
1062 5102 1155 5155 ἐπὶ
1198 5100 1345 5173 λύμῃ
1373 5097 1468 5153 τοῦ
1513 5098 1656 5153 θείου
1685 5098 1889 5170 θησαυ-

299 5194 403 5267 ροῦ
434 5191 846 5265 παρεισδύεται,
886 5191 980 5245 καὶ
1019 5191 1108 5245 διὰ
1145 5189 1304 5251 τοῦτο
1337 5190 1578 5263 ἔρχεται,
1611 5191 1696 5244 ἶνα
1719 5190 1902 5290 κλεψν(

296 5285 403 5339 καὶ.
431 5285 572 5357 θύσῃ
595 5284 692 5338 καὶ
716 5282 958 5356 ἀπολέσῃ
977 5298 992 5314 ·
1016 5281 1116 5353 τὴν
1134 5281 1189 5335 δὲ
1213 5280 1464 5354 ἀνδρείαν
1491 5282 1584 5337 καὶ
1609 5281 1674 5335 τὸ
1692 5281 1890 5355 θάρσος

294 5376 429 5429 ἀντὶ
450 5376 618 5430 ὅπλου
642 5375 786 5439 τινὸς
817 5373 907 5428 διὰ
929 5372 1110 5445 χειρὸς
1133 5371 1342 5442 φέρειν,
1374 5372 1512 5445 πρὸς
1537 5371 1598 5426 τὸ
1619 5372 1694 5445 μὴ
1726 5389 1892 5445 πτοη-

297 5463 468 5536 Θῆναί
504 5485 636 5522 ποτε
683 5467 911 5536 πτόησιν
950 5461 1306 5527 ἐπελθοῦσαν,
1343 5462 1437 5516 καὶ
1467 5462 1643 5534 ὁρμὰς
1680 5463 1891 5518 ἀσεϐῶν

294 5558 682 5631 ἐπερχομένας
701 5574 715 5587 ο
745 5557 919 5613 ἐλπίδι
944 5556 1001 5610 δὲ
1023 5554 1120 5609 καὶ
1145 5554 1394 5625 ὑπομονῇ
1418 5554 1540 5610 ἀντί
1569 5554 1887 5629 βακτηρίας,

417 5715 463 5750 ⁸⁸
495 5715 517 5772 l
544 5715 676 5773 Cor.
708 5729 794 5781 ιιι,
836 5713 923 5772 i2.
999 5715 1044 5749 ³⁷
1080 5711 1226 5771 Psal.
1258 5712 1595 5780 cxvm,127.

1998 4572 2117 4611 rum
2179 4557 2451 4628 primitias
2493 4556 2604 4613 Deo
2631 4572 2942 4628 segregare,
2978 4563 3034 4612 et
3083 4558 3249 4613 semel
3279 4572 3576 4612 consecra-

1998 4655 2112 4701 tum
2149 4647 2415 4702 intactum
2448 4661 2616 4717 porro
2642 4656 2808 4716 atque
2839 4646 3110 4717 integrum
3156 4660 3381 4700 servare
3410 4646 3579 4702 nullis

1996 4738 2120 4791 vitae
2144 4738 2402 4793 sordibus
2425 4737 2885 4792 contaminatum.
2906 4732 3427 4788 Excandescentiam
3448 4749 3577 4790 vero

1995 4841 2043 4885 et
2078 4831 2215 4884 iram
2248 4839 2305 4885 et
2343 4830 2530 4885 odium
2568 4829 2726 4899 quasi
2759 4842 2924 4884 canes
2973 4827 3188 4896 aliquos
3234 4827 3362 4881 ostii
3391 4837 3574 4883 custo-

1996 4920 2094 4976 des
2129 4920 2196 4975 ad
2241 4920 2415 4976 solam
2459 4918 2670 4990 peccati
2706 4919 3125 4990 repugnantiam
3178 4918 3236 4973 in
3285 4919 3490 4988 vigilia,
3521 4928 3578 4976 et

1997 5013 2240 5070 statione
2293 5027 2554 5078 manere,
2591 5012 2968 5082 adversusque
3019 5010 3199 5066 furem
3245 5021 3300 5067 et
3359 5012 3573 5068 hostem

1997 5112 2197 5159 natura
2226 5117 2349 5158 eum
2382 5118 2542 5159 usum
2575 5118 2718 5167 esse,
2751 5104 2844 5173 qui
2893 5105 2947 5157 in
2976 5103 3145 5158 divini
3176 5103 3419 5158 thesauri
3450 5118 3576 5174 per-

1996 5195 2192 5250 niciem
2221 5194 2427 5248 aditum
2464 5194 2569 5250 sibi
2599 5193 2751 5259 facit,
2784 5202 2947 5265 atque
2974 5194 3045 5248 ob
3074 5210 3192 5248 eam
3220 5210 3444 5250 causam
3480 5211 3575 5250 ve-

2007 5289 2111 5351 nit,
2146 5295 2208 5341 ut
2240 5285 2473 5351 furetur,
2511 5293 2565 5340 et
2592 5294 2817 5346 mactet,
2853 5295 2908 5341 et
2950 5285 3173 5356 perdat;
3211 5301 3308 5358 pro
3334 5287 3443 5342 telo
3468 5287 3573 5341 ali-

1997 5391 2109 5447 quo
2131 5374 2444 5440 audaciam,
2474 5383 2529 5430 et
2570 5375 2950 5431 fortitudinem
2999 5377 3193 5432 aﬂerat
3239 5386 3479 5449 oportet,
3505 5393 3574 5434 ne

1997 5469 2106 5524 ulla
2140 5468 2452 5535 formidine,
2485 5482 2607 5539 quae
2640 5466 2875 5532 incidat,
2918 5476 3014 5524 aut
3057 5470 3255 5526 subitis
3280 5471 3571 5542 impiorum

1997 5559 2291 5618 aﬁ‘ectibus
2322 5563 2542 5619 animus
2565 5567 2983 5633 consternetur;
3022 5578 3120 5633 spe
3150 5571 3328 5620 autem
3355 5570 3412 5620 et
3443 5567 3578 5621 tole-

3538 5839 3584 5850 ιι..
