4072 6156
418 285 516 344 591

1648 291 1705 348 S.
1746 292 2075 351 GBEGORII
2102 290 2415 352 NYSSENI‘

2462 192 2514 202 ’φ

3564 307 3671 363 τοι

421 409 601 463 rantia
627 409 785 478 quasi
811 408 1010 464 baculo
1041 408 1224 474 inniti,
1254 409 1298 465 si
1338 410 1561 480 quando
1584 411 1710 481 quis
1735 414 1984 468 tentatio-

2094 414 2278 469 εἴποτε
2297 417 2411 477 τοῖς
2442 416 2764 485 πειρασμοῖς
2785 415 2973 486 κάμοι,
3004 415 3460 487 ὑποστηρίζεσθαι
3481 432 3495 447 ⁶
3523 419 3586 473 τὸ
3611 421 3669 474 δὲ

422 502 587 557 nibus
650 500 1011 571 defatigatur;
1078 500 1133 554 in
1200 503 1443 571 peccatis
1498 518 1628 557 vero
1659 504 1994 572 pmnitentiae

422 604 667 664 tempore
699 595 745 648 si
783 610 883 649 usu
928 594 1158 656 venerit,
1190 593 1402 648 doloris
1438 594 1742 649 remedium
1778 610 1991 665 parare,

421 698 586 759 atque
615 688 896 748 adhibere,
924 689 1080 757 quasi
1113 695 1291 758 neque
1334 688 1438 742 hoc
1467 688 1605 742 alias
1644 689 1776 742 utile
1807 689 1900 752 sit,
1929 704 1993 743 ac

2092 509 2191 578 τῆς
2229 506 2405 576 λύπης
2453 508 2640 577 κτῆμα
2679 506 2855 577 καιρῷ
2896 507 3183 577 μετανοίας
3210 509 3303 561 ἐπὶ
3328 510 3667 581 ἁμαρτήμα-

2095 615 2197 664 σιν,
2233 599 2281 651 εί
2307 598 2480 668 τύχοι,
2509 598 2637 651 ποτὲ
2664 598 2899 668 συμϐὰν,
2932 597 3391 673 προχειρίζεσθαι,
3421 602 3495 664 ῶς
3515 601 3670 655 οὐδὲ·

2092 705 2221 741 ποτε
2250 689 2517 759 χρήσιμον
2551 687 2661 758 ὂνῆ
2699 689 2834 760 πρὸς
2862 692 2962 761 τὴν
2988 691 3245 765 τοιαύτην
3279 695 3445 764 μόνην
3471 695 3670 767 ὑπηρεο

420 780 675 843 salutare,
726 778 829 831 nisi
895 779 961 833 ad
1025 779 1203 833 solum
1278 778 1593 848 hujusmodi
1662 781 1984 850 paenitentia

2094 781 2234 833 σίαν.
2271 780 2333 832 'H
2360 779 2420 832 δὲ
2447 780 2756 851 δικαιοσύνη
2788 781 2940 852 αύτῷ
2963 781 3143 837 κανὼν
3171 783 3464 856 εὐθύτητος
3490 785 3666 851 ἔσται,

420 887 603 926 usum.
634 869 771 925 Tum
807 887 935 925 vero
961 881 1110 925 recta
1154 872 1348 925 horum
1398 873 1587 941 regula
1611 873 1826 942 justitia
1864 875 1989 935 erit,

338 980 341 983 δ
419 978 541 1032 quae
568 963 748 1029 docet,
782 962 912 1032 quid
954 964 1007 1016 in
1040 963 1296 1017 omnibus
1337 972 1392 1018 et
1420 963 1583 1019 dictis
1634 974 1687 1020 et
1723 964 1884 1019 factis
1921 965 1993 1019 sit

420 1069 449 1106 a
476 1062 698 1122 peccato
732 1053 994 1118 alienum,
1039 1069 1217 1123 quove
1271 1054 1434 1108 modo
1484 1057 1653 1109 animi
1688 1065 1873 1125 partes
1909 1056 1992 1110 in-

417 1146 571 1201 Stitui
601 1151 879 1214 oporteat,
911 1160 1086 1214 quave
1129 1147 1362 1208 ratione,
1392 1147 1535 1216 quod
1573 1147 1843 1217 cujusque
1868 1164 1992 1217 pro-

417 1237 596 1306 prium
620 1236 710 1299 sit,
750 1250 851 1305 pro
880 1236 1142 1306 dignitate
1170 1238 1464 1292 tribuatur.
1496 1238 1861 1307 Cupiditatem
1893 1254 1992 1291 au-

415 1334 547 1391 tem,
583 1342 704 1395 quae
734 1327 786 1378 in
824 1327 945 1395 plus
974 1326 1228 1381 habendo
1250 1328 1426 1396 posita
1453 1337 1556 1393 est,
1585 1330 1813 1382 multam
1840 1330 1989 1383 illam

415 1421 636 1491 quidem
679 1427 733 1473 et
779 1420 1103 1473 immensam
1148 1418 1201 1471 in
1262 1420 1603 1489 singulorum
1665 1421 1887 1483 animis,
1943 1420 1990 1475 si

415 1512 540 1580 quis
590 1509 655 1563 ad
683 1525 825 1575 eam,
867 1526 989 1580 quae
1021 1526 1049 1564 a
1083 1511 1193 1564 Deo
1226 1520 1331 1574 est,
1374 1512 1726 1581 appetitionis
1754 1512 1861 1565 vim
1894 1513 1991 1567 ad-

414 1602 638 1663 diderit,
683 1601 730 1654 is
760 1602 813 1654 in
847 1601 948 1655 hac
986 1601 1104 1671 ipsa
1134 1602 1258 1669 plus
1281 1601 1511 1655 habendi
1536 1602 1839 1671 cupiditate
1861 1603 1991 1658 bea-

417 1693 666 1748 tissimus
697 1693 823 1752 erit.
858 1693 969 1746 illie
1025 1692 1132 1745 vim
1179 1693 1411 1757 l'aeiens,
1460 1692 1551 1747 ubi
1600 1693 1872 1748 laudabile
1904 1704 1989 1750 est

2089 871 2151 922 τὸ
2172 872 2230 922 ὲν
2254 872 2416 922 παντὶ
2441 871 2733 925 ἄπταιστον
2755 872 2897 943 λόγῳ
2921 891 2982 927 τε
3007 875 3101 928 καὶ
3121 875 3265 947 ἔργῳ
3289 878 3666 949 ὑφηγουμένη,

2091 962 2241 1022 ὅπως
2267 980 2325 1014 τε
2353 961 2457 1033 χρὴ
2500 963 2568 1014 τὰ
2598 965 2656 1015 ὲν
2684 966 2750 1034 τῇ
2782 964 2925 1035 ψυχῇ
2964 965 3285 1031 διακεῖσθαι,
3317 968 3412 1022 καὶ
3447 969 3564 1032 πῶς
3601 970 3670 1024 ἄν

2088 1067 2173 1115 τις
2199 1051 2268 1104 τὰ
2298 1054 2415 1104 κατ’
2443 1049 2598 1115 ἀξίαν
2630 1053 2842 1124 ἑκάστῳ
2865 1055 3042 1124 νέμοι.
3074 1056 3184 1127 Τὴν
3211 1057 3268 1110 δὲ
3298 1058 3393 1111 τοῦ
3421 1058 3668 1123 πλείονος

2092 1142 2293 1212 ἔφεσιν,
2315 1143 2343 1195 ὃ
2372 1143 2504 1197 πολύ
2531 1162 2590 1198 τε
2623 1145 2717 1197 καὶ
2750 1146 3057 1218 ἀμέτρητον
3081 1147 3323 1217 ἔγκειται
3343 1152 3410 1221 τῇ
3433 1152 3666 1205 ἑκάστου

2090 1234 2257 1304 ψυχῇ,
2290 1236 2357 1303 τῇ
2414 1234 2553 1286 κατὰ
2589 1233 2720 1287 Θεὸν
2759 1234 3024 1307 ἐπιθυμίᾳ
3070 1237 3347 1309 προσθεὶς,
3396 1241 3669 1311 μακάριος

2090 1328 2244 1381 ἔσται
2276 1327 2374 1394 τῆς
2400 1324 2730 1392 πλεονεξίας,
2760 1329 2878 1381 ἐκεῖ
2908 1327 3247 1399 βιαζόμενος,
3282 1331 3415 1384 ὅπου
3445 1331 3669 1385 ἐπαινε-

2088 1419 2181 1473 τὸν
2207 1420 2267 1472 τὸ
2290 1418 2587 1488 βιάζεσθαι.
2620 1418 2818 1489 Σοφίαν
2846 1421 2904 1474 δὲ
2932 1422 3022 1474 καὶ
3045 1422 3306 1494 φρόνησιν
3329 1423 3669 1495 συμϐούλους

2090 1509 2199 1575 ἕξει
2230 1509 2338 1563 τῶν
2372 1510 2780 1579 συμφερόντων,
2816 1512 2909 1565 καὶ
2945 1514 3348 1578 συνδιοικούσας
3384 1514 3535 1585 αὑτῷ
3565 1515 3668 1587 τὴν

2091 1599 2256 1667 ζωὴν,
2295 1597 2370 1659 ὡς
2421 1597 2673 1667 μηδαμοῦ
2707 1599 2811 1652 ὑπὸ
2842 1599 3112 1669 ἀμαθείας
3140 1602 3174 1671 ἢ
3207 1602 3521 1673 ἀφροσύνης
3560 1620 3670 1657 πα-

2092 1688 2444 1760 ραδλαόἦναι·
2478 1689 2526 1739 εί
2558 1688 2615 1741 δὲ
2648 1688 2722 1759 μὴ
2751 1690 2893 1743 κατὰ
2923 1691 2984 1744 τὸ
3013 1693 3207 1745 οἰκεῖον
3235 1691 3414 1764 χρῷτο
3436 1695 3556 1757 ταῖς
3584 1695 3668 1748 εί-

417 1783 523 1836 vim
553 1782 750 1838 facere.
791 1784 955 1852 Atqui
1005 1783 1352 1852 sapientiam,
1409 1785 1866 1855 prudentiamque
1899 1803 1984 1841 rc-

2094 1776 2353 1848 ρημέναις
2384 1776 2694 1848 δυνάμεσιν,
2728 1779 2841 1831 ἀλλ’
2884 1780 3216 1836 ὑπαλλάσσοι
3257 1782 3409 1852 παρὰ
3443 1782 3503 1836 τὸ
3526 1783 3667 1848 δέον,

416 1889 539 1929 rum
579 1875 845 1937 omnium,
887 1890 1009 1944 quae
1059 1875 1374 1943 expediant,
1426 1876 1794 1931 consultrices
1836 1878 1988 1933 vitae-

416 1980 523 2035 que
552 1980 665 2020 suae
695 1966 1122 2019 contubernales
1144 1964 1446 2027 adhibebit,
1481 1976 1541 2021 ut
1568 1967 1719 2020 nullo
1746 1983 1985 2035 unquam

417 2066 661 2125 tempore
688 2067 782 2109 aut
802 2057 1100 2125 imperitia,
1135 2065 1229 2110 aut
1258 2057 1627 2126 imprudentia
1661 2059 1715 2111 in
1745 2074 1986 2113 errorem

413 2146 751 2212 abducatur;
793 2148 880 2200 sin
909 2155 1087 2199 autem
1123 2147 1211 2209 iis,
1243 2160 1382 2214 quas
1409 2149 1856 2210 commemoravi,
1882 2148 1989 2200 vir-

413 2241 624 2294 tutibus
659 2255 833 2308 neque
859 2248 918 2292 ut
957 2253 1054 2307 par
1093 2246 1198 2302 est,
1242 2253 1418 2308 neque
1468 2246 1528 2291 ut
1558 2252 1753 2292 earum
1788 2248 1986 2293 natura

414 2330 679 2402 postulat,
734 2330 859 2398 quis
897 2345 1029 2384 usus
1060 2336 1171 2389 est,
1223 2327 1293 2383 ad
1342 2328 1531 2398 idque,
1574 2329 1721 2396 quod
1763 2328 1988 2383 minime

412 2421 592 2483 decet,
622 2434 812 2473 earum
843 2435 1002 2473 usum
1032 2419 1333 2481 convertit,
1369 2419 1453 2472 vel
1484 2419 1613 2488 quia
1647 2418 1711 2472 ad
1750 2434 1838 2473 res
1868 2427 1986 2473 tur-

412 2511 679 2583 pissimas
735 2511 1095 2580 cupiditatem
1132 2510 1344 2579 adjicit,
1391 2511 1473 2565 vel
1526 2510 1653 2580 quia
1692 2511 1747 2564 in
1779 2511 1988 2565 vicinos

411 2601 598 2654 odium
656 2600 920 2669 concipit.
972 2599 1059 2654 vel
1110 2600 1238 2668 quia
1309 2600 1655 2668 iniquitatem
1705 2601 1858 2662 colit,
1902 2600 1985 2654 vel

412 2691 540 2759 quia
571 2704 631 2743 se
656 2699 852 2743 contra
886 2697 1141 2758 parentes
1176 2704 1361 2745 acrem
1397 2689 1661 2754 ostendit,
1690 2701 1853 2760 atque
1885 2691 1986 2746 ab-

329 2848 334 2855 ι
413 2781 583 2836 surda
627 2796 855 2849 quaeque
885 2783 1072 2846 audet,
1118 2782 1412 2851 inaniaque
1446 2789 1665 2852 sperat;
1707 2782 1794 2835 hic
1839 2793 1986 2838 certe

414 2886 539 2926 cum
576 2871 921 2940 ptudentiam
960 2878 1015 2924 et
1063 2872 1388 2939 sapientiam
1426 2886 1455 2924 a
1491 2873 1858 2927 contubernio
1883 2888 1986 2927 suo

411 2965 663 3033 repellat,
692 2961 988 3032 ingluviem
1031 2961 1350 3030 quamdam,
1396 2971 1562 3030 atque
1617 2962 1987 3032 intemperan-

412 3060 546 3109 tiam
578 3054 681 3107 sibi
712 3054 893 3107 socias
924 3051 1173 3121 adjttngit
1206 3071 1218 3105 :
1251 3053 1347 3122 qui
1381 3055 1427 3107 si
1460 3054 1516 3107 in
1541 3053 1770 3122 reliquis
1792 3054 1983 3109 eodem

412 3145 579 3201 modo
615 3142 769 3205 facit,
803 3144 1048 3197 insulsus
1085 3142 1276 3211 utique
1317 3151 1423 3208 est,
1470 3150 1525 3198 et
1573 3144 1804 3199 monstri
1837 3143 1984 3197 simi-

414 3237 512 3299 lis,
544 3235 619 3287 ita
657 3243 717 3288 ut
742 3233 861 3303 ejus
898 3233 1211 3288 absurditas
1252 3233 1523 3287 declarari
1571 3248 1669 3303 pro
1717 3232 1984 3302 dignitate

408 3339 521 3381 non
548 3324 748 3393 possit.
788 3324 859 3380 Ut
905 3326 1052 3378 enim
1089 3323 1136 3378 si
1188 3324 1314 3393 quis
1368 3324 1691 3394 perturbate
1739 3330 1983 3379 armatus

410 3422 619 3486 galeam
652 3421 913 3479 invertat,
965 3426 1019 3470 ut
1066 3424 1120 3470 et
1156 3414 1349 3471 faciem
1384 3400 1643 3485 tegat,'et
1687 3430 1889 3470 conum
1928 3418 1984 3471 in

2088 1869 2187 1940 τὴν
2228 1868 2323 1939 μὲν
2360 1868 2655 1940 ἐπιθυμίαν
2686 1871 2992 1941 προστιθεὶς
3017 1875 3130 1936 τοῖς
3165 1873 3495 1943 αἰσχίστοις,
3528 1873 3668 1927 τὸδὲ

2091 1963 2245 2031 μῖσος
2278 1962 2371 2019 ἐπὶ
2400 1962 2524 2026 τοὺς
2554 1961 2859 2032 ὁμοφύλους
2899 1962 3407 2035 προχειριζόμενος·
3437 1965 3669 2034 ἀγαπῶν

2088 2052 2145 2106 δὲ
2172 2053 2271 2123 τὴν
2306 2052 2540 2117 ἀδικίαν,
2574 2053 2668 2107 καὶ
2714 2053 2806 2106 ἐπὶ
2854 2055 2980 2117 τοὺς
3021 2054 3214 2123 γονέας
3264 2055 3668 2127 ἀνδριζόμενος,

2089 2145 2181 2197 καὶ
2205 2143 2417 2214 Θαρσῶν
2441 2144 2510 2199 τά
2535 2144 2733 2212 ἄτοπα,
2761 2145 2854 2198 καὶ
2878 2146 3110 2210 ἐλπίζων
3130 2146 3196 2200 τά
3221 2147 3442 2216 μάταια,
3466 2148 3674 2218 φρόνη-

2090 2254 2174 2291 σιν
2212 2238 2268 2292 se
2307 2240 2399 2290 καὶ
2428 2237 2626 2307 σοφίαν
2674 2237 2994 2291 ἀπελαύνων
3038 2238 3137 2307 τῆς
3177 2240 3291 2309 μετ’
3325 2238 3490 2292 αὑτοῦ
3541 2255 3670 2291 συν-

2087 2332 2386 2401 οικήσεως,
2432 2330 2762 2399 λαιμαργίαν
2805 2329 2899 2382 καὶ
2953 2329 3262 2400 ἀφροσύνην
3314 2330 3667 2401 προσεταιρί-

2089 2417 2233 2482 ζοιτο
2255 2435 2268 2447 ·
2300 2418 2395 2472 καὶ
2424 2419 2552 2488 περὶ
2578 2419 2686 2471 τῶν
2731 2417 2932 2470 λοιπῶν
2959 2417 3216 2483 ὡσαύτως
3253 2420 3440 2484 ποιῶν,
3468 2419 3671 2484 ἄτοπος

2087 2506 2152 2561 ἂν
2178 2507 2261 2575 εἴη
2282 2525 2365 2570 τις
2390 2509 2482 2561 καί
2508 2507 2810 2573 ἀλλόκοτος,
2834 2507 2909 2568 ὼς
2934 2506 3055 2577 μηδ’
3079 2506 3144 2561 ἂν
3159 2510 3334 2560 εἰπεῖν
3358 2508 3519 2574 ἀξίως
3542 2509 3669 2563 τινὰ

2086 2596 2378 2667 δυνηθῆναι
2412 2598 2504 2668 τὴν
2530 2598 2779 2651 ἀτοπίαν.
2809 2597 3074 2669 Καθάπερ
3099 2599 3206 2670 γὰρ
3234 2599 3301 2652 ἂν
3326 2600 3378 2652 εἴ
3405 2617 3488 2663 τις
3510 2599 3671 2654 ὲναλο

2084 2686 2188 2751 λὰξ
2223 2688 2594 2759 ὁπλιζόμενος,
2649 2689 2976 2758 ἀναστρέφοι
3026 2691 3122 2759 μὲν
3156 2690 3217 2743 τὸ
3267 2690 3488 2761 κράνος,
3522 2690 3668 2745 ὥστε

2087 2776 2385 2833 καλύπτειν
2431 2779 2492 2832 τὺ
2529 2781 2837 2850 πρόσωπον,
2870 2781 2965 2833 καὶ
2996 2779 3172 2835 ὀπίσω
3213 2782 3522 2835 νενευκέναι
3572 2783 3670 2838 τὸν

2087 2870 2266 2937 λόφον,
2304 2870 2429 2933 τοὺς
2454 2870 2506 2923 δὲ
2533 2871 2698 2934 πόδας
2728 2872 2838 2942 ἔχοι
2877 2874 2934 2925 ἐν
2967 2871 3194 2942 θώρακι,
3229 2874 3321 2927 καὶ
3346 2874 3444 2937 τὰς
3465 2878 3670 2946 κνημῖ-

2087 2963 2182 3026 δας
2215 2962 2511 3032 ὲφαρμόζοι
2542 2962 2619 3033 τῷ
2656 2964 2859 3034 στήθει,
2892 2966 2987 3018 καὶ
3013 2967 3113 3018 ὅσα
3144 2965 3212 3017 τὰ
3243 2966 3343 3035 τῆς
3373 2968 3670 3038 ἀριστερᾶς

2087 3053 2201 3104 ἐστι
2232 3055 2297 3124 τῇ
2327 3050 2475 3122 δεξιᾷ
2500 3053 2924 3123 μεταλαμϐάνοι,
2951 3054 3048 3126 τὴν
3082 3055 3138 3109 δὲ
3172 3055 3278 3108 τῶν
3304 3055 3490 3120 δεξιῶν
3512 3056 3671 3109 ὅπλι-

2090 3160 2172 3198 σιν
2206 3148 2270 3215 τῇ
2303 3146 2566 3216 εὐωνύμῳ
2599 3146 2943 3217 προσρίπτοι.
2976 3148 3153 3218 Ὅπερ
3180 3142 3272 3200 οὖν
3299 3148 3488 3201 παθεῖν
3518 3147 3670 3210 εἰκὸς

2086 3236 2144 3288 ἐν
2179 3237 2398 3307 πολέμῳ
2424 3237 2514 3289 τὸν
2543 3237 2780 3290 τοιοῦτον
2809 3238 3052 3309 ὁπλίτην,
3087 3239 3245 3293 τοῦτο
3274 3239 3367 3293 καὶ
3398 3240 3549 3309 παρά
3570 3238 3667 3294 τὸν

2090 3327 2204 3399 βίον
2241 3329 2467 3399 πάσχειν
2514 3329 2659 3392 εἰκὸς
2701 3330 2793 3382 τὸν
2838 3330 3242 3401 συγκεχυμένον
3278 3330 3375 3399 τὴν
3414 3327 3665 3401 γνώμην,

2090 3420 2183 3472 καὶ
2201 3419 2296 3489 τὴν
2321 3439 2351 3489 χ
2359 3421 2513 3491 ρησιν
2526 3421 2634 3473 τῶν
2656 3420 2936 3493 δυνάμεων
2953 3422 3051 3492 τῆς
3066 3421 3243 3493 ψυχῆς
3266 3420 3664 3493 ὑπαμείὸοντα.

409 3509 768 3579 posteriorem
811 3516 1020 3577 partem
1056 3506 1426 3569 inclinaverit,
1458 3508 1732 3576 pedesque
1766 3507 1822 3559 in
1855 3505 2080 3561 thorace
2143 3509 2362 3571 habeat,
2405 3524 2599 3565 ocreas
2664 3512 2876 3580 pectori
2932 3514 3327 3575 accommodet,
3383 3524 3571 3580 quwve
3630 3523 3665 3563 a

407 3606 543 3658 lava
578 3603 645 3656 ad
687 3601 965 3656 dexteram
1009 3606 1335 3664 commutet,
1380 3600 1787 3653 dexterzevero
1814 3600 1987 3668 partis
2021 3609 2355 3654 armaturam
2389 3602 2535 3656 laeva:
2598 3611 2838 3673 apponat
2874 3621 2887 3657 :
2954 3603 3100 3673 quod
3149 3603 3315 3673 igitur
3362 3602 3663 3659 verisimile

407 3696 479 3751 sit
517 3695 571 3748 in
601 3695 795 3749 militia
836 3700 896 3746 ut
931 3691 1058 3745 huic
1110 3690 1348 3755 eveniat,
1418 3690 1514 3759 qui
1596 3690 1672 3743 ita
1718 3676 2050 3760 praepostere
2088 3700 2175 3746 est
2204 3693 2374 3747 armis
2403 3694 2733 3758 instructus,
2763 3693 2869 3747 hoc
2899 3693 3078 3764 ipsum
3110 3702 3540 3749 consentaneum
3575 3704 3664 3751 est

408 3789 485 3843 illi
526 3789 581 3841 in
614 3788 726 3841 vita
759 3785 1031 3848 accidere,
1065 3784 1159 3852 qui
1203 3791 1387 3837 mente
1412 3783 1486 3835 ita
1528 3784 1848 3852 perturbata
1880 3794 1985 3848 est,
2024 3796 2080 3841 ut
2109 3788 2272 3840 animi
2300 3789 2559 3842 virtutum
2595 3805 2753 3844 usum
2778 3796 3073 3860 pervertat.

482 3881 625 3946 Quin
655 3876 965 3932 adhibenda
992 3884 1079 3929 est
1113 3890 1142 3928 a
1175 3875 1335 3929 nobis
1380 3875 1629 3944 quaedam
1665 3876 1898 3945 diligens
1928 3878 1982 3931 in

409 3975 498 4029 his
524 3968 924 4025 convenientiae
957 3966 1256 4036 decorique
1281 3967 1442 4033 ratio,
1477 3982 1641 4036 quam
1695 3967 1748 4020 in
1781 3968 1982 4023 animis

412 4063 624 4120 nostris
652 4075 779 4115 vera
805 4058 1165 4128 temperantia
1197 4059 1447 4113 inserere
1484 4057 1638 4113 solet.
1668 4056 1833 4128 Sique
1861 4075 1982 4129 per-

410 4156 552 4210 fecta
596 4152 958 4220 absolutaque
987 4150 1152 4220 hujus
1187 4149 1410 4205 virtutis
1441 4150 1689 4205 deﬁnitio
1718 4152 1979 4205 conside—

410 4246 583 4301 randa
636 4251 746 4307 est,
808 4242 1039 4297 fortasse
1086 4242 1307 4312 quidem
1362 4242 1587 4312 proprie
1632 4243 1836 4298 dicitur
1864 4259 1982 4297 om-

410 4339 562 4392 nium
606 4335 774 4390 animi
820 4343 1068 4389 motuum
1114 4336 1253 4390 bene
1284 4336 1586 4391 constituta
1621 4336 1893 4405 quzedam,
1926 4343 1980 4390 et

2157 3880 2363 3934 Οὐκοῦν
2392 3881 2711 3952 προνοητέον
2745 3883 2874 3953 ἡμῖν
2924 3883 3022 3952 τῆς
3075 3882 3135 3934 ὲν
3178 3882 3386 3946 τούτοις
3418 3883 3663 3953 εὐαρμο-

2090 3972 2257 4034 στίας,
2280 3972 2345 4043 ἣν
2371 3975 2402 4042 ἡ
2433 3972 2639 4044 ἀληθὴς
2660 3968 2978 4045 σὶυφροσύνη
3004 3973 3244 4043 πέφυκεν
3271 3977 3516 4044 ἐμποιεῖν
3536 3978 3664 4040 ταῖς

2087 4063 2381 4133 ἡμετέραις
2419 4063 2634 4134 ψυχαῖς.
2671 4065 2779 4117 Καὶ
2813 4067 2862 4118 εί
2903 4064 3009 4136 χρὴ
3060 4066 3153 4120 τὸν
3184 4066 3516 4119 τελειότατον
3559 4066 3666 4138 τῆς

2089 4150 2439 4224 σωφροσύνης
2478 4153 2602 4224 ὅρον
2644 4154 3036 4223 ἐπισκοπῆσαι,
3074 4154 3215 4224 τάχα
3253 4155 3411 4208 τοῦτο
3445 4172 3668 4226 σωφρο-

2092 4241 2223 4310 σύνη
2270 4244 2472 4313 κυρίως
2509 4243 2577 4296 ἂν
2618 4242 2854 4311 λέγοιτο,
2908 4245 2940 4315 ὴ
2997 4244 3215 4298 πάντων
3260 4246 3369 4298 τῶν
3415 4243 3667 4314 ψυχικῶν

2090 4334 2398 4403 κινημάτων
2425 4336 2564 4405 μετὰ
2589 4334 2779 4403 σοφίας
2802 4335 2894 4388 καὶ
2912 4335 3220 4406 φρονήσεως
3242 4334 3498 4398 εὔτακτος
3518 4335 3669 4387 οἰκο-

408 4443 534 4484 cum
562 4427 851 4496 sapientia,
882 4425 1285 4495 prudentiaque
1314 4427 1608 4495 conjuncta
1659 4427 1978 4481 moderatio.

2086 4427 2266 4494 νομία.
2304 4427 2412 4479 Καὶ
2453 4429 2485 4497 ἡ
2514 4427 2734 4497 τοιαύτη
2770 4428 3105 4490 κατάστασις
3135 4428 3233 4497 τῆς
3261 4428 3438 4497 ψυχῆς
3476 4427 3665 4480 οὐκέτι

407 4521 587 4589 Atque
615 4517 995 4586 hujuscemodi
1025 4517 1193 4571 animi
1231 4519 1558 4573 constitutio
1587 4533 1694 4571 non
1729 4520 1837 4571 ullo
1866 4534 1982 4571 am-

407 4613 554 4683 plius
613 4611 822 4671 labore,
880 4625 1059 4679 neque
1105 4609 1288 4665 studio
1334 4609 1402 4663 ad
1447 4625 1631 4663 rerum
1664 4609 1978 4664 sublimium

408 4701 833 4770 cmlestiumque
864 4701 1186 4755 societatem
1217 4700 1505 4770 indigebit,
1542 4699 1636 4754 sed
1666 4700 1816 4752 nullo
1849 4715 1980 4753 sane

411 4794 651 4863 negotio,
686 4793 850 4847 rebus
905 4792 1201 4845 contrariis
1260 4791 1502 4859 rejectis,
1546 4806 1672 4844 cum
1712 4791 1785 4855 id,
1835 4790 1979 4859 quod

394 4884 698 4955 quaeritur,
754 4883 1082 4935 naturaliter
1165 4888 1366 4946 teneat,
1406 4881 1647 4949 perﬁciet
1706 4881 1779 4943 id,
1837 4881 1980 4946 quod

408 4976 630 5044 assequi
663 4974 882 5029 diﬂicile
909 4973 1123 5027 videtur
1159 4993 1171 5027 :
1204 4974 1297 5041 qui
1341 4974 1485 5026 enim
1529 4985 1682 5026 extra
1726 4972 1979 5026 tenebras

408 5070 568 5139 longe
599 5068 814 5137 positus
843 5075 948 5127 est,
981 5080 1103 5119 eum
1147 5075 1200 5118 et
1234 5066 1285 5117 iu
1332 5064 1453 5117 luce
1496 5064 1722 5116 omnino
1749 5064 1975 5127 versari,

405 5172 461 5215 et
482 5162 573 5230 qui
608 5169 864 5214 mortuus
899 5173 1006 5211 non
1050 5165 1155 5217 est,
1203 5156 1353 5209 illum
1399 5156 1581 5210 vivere
1629 5171 1850 5209 necesse
1875 5165 1975 5209 est.

410 5253 475 5306 Et
509 5254 775 5322 profecto,
804 5252 911 5304 nisi
955 5251 1081 5318 quis
1114 5249 1352 5301 animam
1387 5263 1541 5303 suam
1568 5249 1621 5303 in
1654 5264 1795 5302 vano
1824 5265 1980 5303 acce-

405 5344 570 5415 perit,
604 5345 659 5396 in
681 5342 928 5397 veritatis
960 5341 1046 5393 via
1081 5340 1241 5409 plane
1270 5340 1377 5393 erit
1404 5357 1416 5392 :
1445 5341 1704 5409 quoniam
1738 5340 1977 5407 pruden-

411 5443 510 5494 tia,
543 5448 606 5487 ac
634 5433 889 5496 scientia,
924 5445 1085 5500 quam
1110 5431 1234 5500 quis
1264 5430 1508 5494 adhibet,
1546 5447 1613 5485 ne
1639 5446 1670 5484 a
1700 5432 1783 5485 via
1813 5431 1979 5485 decli-

406 5533 520 5586 net,
547 5525 655 5577 dux
691 5538 824 5578 sane
851 5521 1048 5590 aliquis
1076 5521 1310 5591 diligens
1344 5532 1429 5577 est
1475 5524 1608 5576 recti
1641 5523 1875 5578 itineris.
1907 5523 1978 5578 Ut

405 5620 552 5668 enim
582 5612 749 5670 servi,
782 5609 892 5678 jam
939 5608 1189 5664 servituti
1236 5609 1471 5673 liberali,
1510 5624 1631 5662 eum
1663 5624 1880 5678 operam
1912 5610 1978 5664 iis

410 5717 614 5759 navare
662 5700 946 5765 desierint,
1012 5714 1242 5772 quorum
1298 5708 1567 5769 potestate
1631 5700 1974 5769 tenebantur,

2082 4516 2243 4569 πόνου
2273 4518 2414 4580 τινὸς
2446 4517 2565 4569 οὑδὲ
2595 4518 2974 4588 πραγματείας
3014 4518 3150 4589 πρὸς
3178 4518 3276 4587 τὴν
3301 4518 3408 4569 τῶν
3435 4516 3659 4587 ὑψηλῶν

2080 4625 2138 4661 τε
2168 4609 2260 4660 καὶ
2298 4609 2561 4678 οὐρανίων
2603 4610 2888 4680 μετουσίαν
2920 4610 3199 4680 δεήσεται,
3236 4610 3349 4663 ἀλλ’
3381 4612 3437 4664 ὲν
3483 4608 3658 4679 πολλῇ

2082 4701 2332 4773 ῥᾳστώνῃ
2369 4703 2430 4754 τὸ
2461 4702 2596 4766 τέως
2626 4702 2945 4772 δυσέφικτον
2984 4699 3123 4756 εἶναι
3158 4701 3347 4755 δοκοῦν
3384 4700 3669 4771 κατορθώ-

2081 4809 2161 4845 σει
2191 4792 2453 4863 φυσικῶς,
2482 4796 2548 4864 τῇ
2585 4792 2928 4864 ὑπεξαιρέσει
2960 4792 3053 4846 τοῦ
3101 4792 3342 4845 ἐναντίου
3372 4792 3434 4845 τὸ
3464 4786 3670 4860 ζητού-

2083 4900 2240 4954 μενον
2268 4882 2466 4954 ἔχουσα
2487 4901 2501 4914 θ
2532 4884 2625 4937 τόν
2654 4900 2713 4936 τε
2749 4883 2856 4955 γὰρ
2895 4884 2999 4960 ἔξω
3035 4883 3129 4935 τοῦ
3174 4882 3397 4943 σκότους
3431 4880 3666 4949 γενόμε-

2081 4993 2188 5036 νον,
2209 4978 2266 5028 ἐν
2297 4975 2436 5043 φωτὶ
2467 4975 2680 5038 πάντως
2705 4969 2846 5027 εἶναι
2873 4974 3106 5044 ἀνάγκη·
3137 4966 3228 5025 καὶ
3256 4972 3346 5024 τὸν
3368 4970 3442 5041 μὴ
3465 4968 3669 5041 τεθνη-

2082 5069 2233 5131 κότα,
2269 5065 2387 5136 ζῇν.
2426 5068 2536 5120 Καὶ
2574 5066 2750 5119 τοίνυν
2788 5066 2838 5118 εἴ
2876 5082 2959 5128 τις
2998 5064 3071 5135 μὴ
3118 5065 3209 5117 ἐπὶ
3258 5061 3470 5131 ματαίῳ
3503 5059 3670 5115 λάϐοι

2079 5156 2176 5225 τὴν
2206 5155 2398 5209 ἑαυτοῦ
2436 5156 2631 5227 ψυχὴν,
2675 5158 2731 5208 ἐν
2775 5159 2839 5225 τῇ
2871 5155 2973 5224 ὁδῷ
3008 5157 3102 5226 τῆς
3134 5154 3391 5223 ἀληθείας
3441 5152 3670 5214 πάντως

2077 5248 2228 5301 ἔσται
2249 5265 2261 5278 ·
2295 5249 2327 5318 ἡ
2359 5247 2466 5318 γάρ
2492 5246 2583 5300 τοῦ
2635 5247 2711 5318 μὴ
2754 5248 3174 5319 παρατραπῆναι
3206 5242 3432 5314 πρόνοιά
3472 5258 3533 5294 τε
3564 5242 3669 5296 καὶ

2079 5340 2352 5411 ἐπιστήμη
2374 5379 2388 5403 ,
2423 5339 2615 5409 ὁδηγία
2641 5340 2723 5402 τίς
2751 5342 2896 5392 ἐστιν
2925 5338 3158 5408 ἀκριϐὴς
3186 5338 3284 5406 τῆς
3317 5335 3407 5388 ἐπὶ
3439 5334 3537 5404 τὴν
3569 5334 3668 5386 εύ-

2080 5429 2228 5483 θεῖαν
2258 5430 2479 5501 πορείας
2500 5449 2512 5459 ·
2548 5431 2642 5483 καὶ
2674 5429 2860 5501 ὥσπερ
2892 5432 2941 5482 οί
2967 5426 3419 5498 ἐλευθερωθέντες
3446 5424 3667 5479 οἰκέται

2081 5522 2417 5589 παυσάμενοι
2445 5521 2537 5574 τοῦ
2571 5524 2682 5585 τοῖς
2725 5521 3013 5591 κρατοῦσιν
3062 5520 3349 5590 ὑπηρετεῖν
3374 5558 3386 5580 ,
3436 5514 3664 5568 ἐπειδὰν

2080 5610 2285 5663 ἑαυτῶν
2316 5611 2573 5676 γένωνται
2602 5611 2801 5681 κύριοι,
2839 5610 3095 5679 τρέπουσι
3127 5609 3259 5680 πρὸς
3298 5606 3523 5667 ἑαυτοὺς
3556 5604 3664 5674 τὴν

2083 5703 2313 5773 σπουδήν
2330 5719 2341 5733 ο
2371 5703 2542 5767 οὑτως
2567 5699 2717 5772 οἶμαι
2757 5706 2848 5757 καὶ
2876 5704 2973 5770 τὴν
2997 5702 3174 5769 ψυχὴν
3200 5699 3376 5755 ὲλευθε
3388 5697 3662 5766 ρωθεῖσαν
