  <div class='ocr_page' id='page_1' title='image "/cluster/home/n/w/nwhite01/storage/ocr_20150623/46/mdp.39015011915447/204.png"; bbox 0 0 4072 6156; ppageno 0'>
   <div class='ocr_carea' id='block_1_1' title="bbox 366 267 478 325">
    <p class='ocr_par' dir='ltr' id='par_1_1' title="bbox 366 267 478 325">
     <span class='ocr_line' id='line_1_1' title="bbox 366 267 478 325; baseline 0.009 -2"><span class='ocrx_word' id='word_1_1' title='bbox 366 267 478 325; x_wconf 68' lang='grc' dir='ltr'>δὯῦ</span> 
     </span>
    </p>
   </div>
   <div class='ocr_carea' id='block_1_2' title="bbox 1718 265 2300 326">
    <p class='ocr_par' dir='ltr' id='par_1_2' title="bbox 1718 265 2300 326">
     <span class='ocr_line' id='line_1_2' title="bbox 1718 265 2300 326; baseline 0.007 -6"><span class='ocrx_word' id='word_1_2' title='bbox 1718 265 1806 322; x_wconf 86' lang='lat' dir='ltr'><strong>DE</strong></span> <span class='ocrx_word' id='word_1_3' title='bbox 1836 266 2300 326; x_wconf 80' lang='lat' dir='ltr'><strong>VlRGlNlTATE.</strong></span> 
     </span>
    </p>
   </div>
   <div class='ocr_carea' id='block_1_3' title="bbox 3533 270 3639 327">
    <p class='ocr_par' dir='ltr' id='par_1_3' title="bbox 3533 270 3639 327">
     <span class='ocr_line' id='line_1_3' title="bbox 3533 270 3639 327; baseline 0.019 -2"><span class='ocrx_word' id='word_1_4' title='bbox 3533 270 3639 327; x_wconf 62' lang='lat'><strong>394</strong></span> 
     </span>
    </p>
   </div>
   <div class='ocr_carea' id='block_1_4' title="bbox 372 378 1956 457">
    <p class='ocr_par' dir='ltr' id='par_1_4' title="bbox 372 378 1955 453">
     <span class='ocr_line' id='line_1_4' title="bbox 372 378 1955 453; baseline 0.002 -16"><span class='ocrx_word' id='word_1_5' title='bbox 372 381 486 437; x_wconf 76' lang='grc' dir='ltr'><strong>απὸ</strong></span> <span class='ocrx_word' id='word_1_6' title='bbox 508 380 605 450; x_wconf 80' lang='grc' dir='ltr'><strong>τῆς</strong></span> <span class='ocrx_word' id='word_1_7' title='bbox 642 380 964 452; x_wconf 77' lang='grc' dir='ltr'><strong>σωματικῆς</strong></span> <span class='ocrx_word' id='word_1_8' title='bbox 989 379 1264 453; x_wconf 81' lang='grc' dir='ltr'><strong>λατρείας,</strong></span> <span class='ocrx_word' id='word_1_9' title='bbox 1295 382 1353 435; x_wconf 85' lang='grc' dir='ltr'><strong>ἐν</strong></span> <span class='ocrx_word' id='word_1_10' title='bbox 1383 378 1671 451; x_wconf 75' lang='grc' dir='ltr'><strong>ἐπιγνώσει</strong></span> <span class='ocrx_word' id='word_1_11' title='bbox 1703 383 1955 452; x_wconf 84' lang='grc' dir='ltr'>γενέσθαι</span> 
     </span>
    </p>
   </div>
   <div class='ocr_carea' id='block_1_5' title="bbox 2060 378 3640 457">
    <p class='ocr_par' dir='ltr' id='par_1_5' title="bbox 2064 384 3640 457">
     <span class='ocr_line' id='line_1_5' title="bbox 2064 384 3640 457; baseline -0.001 -15"><span class='ocrx_word' id='word_1_12' title='bbox 2064 394 2356 457; x_wconf 74' lang='lat' dir='ltr'><strong>postquam</strong></span> <span class='ocrx_word' id='word_1_13' title='bbox 2390 384 2474 441; x_wconf 89' lang='lat' dir='ltr'><strong>sui</strong></span> <span class='ocrx_word' id='word_1_14' title='bbox 2500 384 2645 456; x_wconf 81' lang='lat' dir='ltr'><strong>juris</strong></span> <span class='ocrx_word' id='word_1_15' title='bbox 2675 395 2824 451; x_wconf 85' lang='lat' dir='ltr'><strong>sunt,</strong></span> <span class='ocrx_word' id='word_1_16' title='bbox 2854 400 3016 443; x_wconf 90' lang='lat' dir='ltr'><strong>omne</strong></span> <span class='ocrx_word' id='word_1_17' title='bbox 3038 385 3281 443; x_wconf 84' lang='lat' dir='ltr'><strong>studium</strong></span> <span class='ocrx_word' id='word_1_18' title='bbox 3310 391 3474 456; x_wconf 88' lang='lat' dir='ltr'><strong>atque</strong></span> <span class='ocrx_word' id='word_1_19' title='bbox 3509 400 3640 457; x_wconf 85' lang='lat' dir='ltr'><strong>cpe-</strong></span> 
     </span>
    </p>
   </div>
   <div class='ocr_carea' id='block_1_6' title="bbox 373 469 1956 547">
    <p class='ocr_par' dir='ltr' id='par_1_6' title="bbox 373 469 1956 547">
     <span class='ocr_line' id='line_1_6' title="bbox 373 469 1956 547; baseline 0.005 -24"><span class='ocrx_word' id='word_1_20' title='bbox 373 471 474 545; x_wconf 82' lang='grc' dir='ltr'><strong>τῆς</strong></span> <span class='ocrx_word' id='word_1_21' title='bbox 510 469 716 534; x_wconf 76' lang='grc' dir='ltr'><strong>οἰκείας</strong></span> <span class='ocrx_word' id='word_1_22' title='bbox 747 471 914 542; x_wconf 76' lang='grc' dir='ltr'>ἑαυτῇ</span> <span class='ocrx_word' id='word_1_23' title='bbox 956 472 1050 525; x_wconf 66' lang='grc' dir='ltr'>καὶ</span> <span class='ocrx_word' id='word_1_24' title='bbox 1080 470 1220 525; x_wconf 79' lang='grc' dir='ltr'>κατὰ</span> <span class='ocrx_word' id='word_1_25' title='bbox 1254 473 1415 543; x_wconf 90' lang='grc' dir='ltr'>φύσιν</span> <span class='ocrx_word' id='word_1_26' title='bbox 1460 474 1741 546; x_wconf 79' lang='grc' dir='ltr'>ἐνεργείας</span> <span class='ocrx_word' id='word_1_27' title='bbox 1765 492 1780 507; x_wconf 77' lang='grc' dir='ltr'><strong>ο</strong></span> <span class='ocrx_word' id='word_1_28' title='bbox 1821 477 1856 547; x_wconf 84' lang='grc' dir='ltr'>ή</span> <span class='ocrx_word' id='word_1_29' title='bbox 1897 476 1956 531; x_wconf 75' lang='grc' dir='ltr'>δὲ</span> 
     </span>
    </p>
   </div>
   <div class='ocr_carea' id='block_1_7' title="bbox 372 564 1954 641">
    <p class='ocr_par' dir='ltr' id='par_1_7' title="bbox 372 564 1954 641">
     <span class='ocr_line' id='line_1_7' title="bbox 372 564 1954 641; baseline 0.005 -22"><span class='ocrx_word' id='word_1_30' title='bbox 372 564 660 636; x_wconf 81' lang='grc' dir='ltr'>ἐλευθερία</span> <span class='ocrx_word' id='word_1_31' title='bbox 706 566 855 630; x_wconf 80' lang='grc' dir='ltr'>ἐστὶ,</span> <span class='ocrx_word' id='word_1_32' title='bbox 904 564 1088 631; x_wconf 88' lang='grc' dir='ltr'>καθὼς</span> <span class='ocrx_word' id='word_1_33' title='bbox 1133 567 1230 621; x_wconf 77' lang='grc' dir='ltr'>καὶ</span> <span class='ocrx_word' id='word_1_34' title='bbox 1296 570 1447 641; x_wconf 70' lang='grc' dir='ltr'>παρὰ</span> <span class='ocrx_word' id='word_1_35' title='bbox 1490 570 1585 625; x_wconf 90' lang='grc' dir='ltr'><strong>τοῦ</strong></span> <span class='ocrx_word' id='word_1_36' title='bbox 1630 570 1954 627; x_wconf 84' lang='grc' dir='ltr'>Ἀποστόλου</span> 
     </span>
    </p>
   </div>
   <div class='ocr_carea' id='block_1_8' title="bbox 371 655 1956 736">
    <p class='ocr_par' dir='ltr' id='par_1_8' title="bbox 371 655 1956 736">
     <span class='ocr_line' id='line_1_8' title="bbox 371 655 1956 736; baseline 0.006 -27"><span class='ocrx_word' id='word_1_37' title='bbox 371 655 677 728; x_wconf 75' lang='grc' dir='ltr'>ἐμάθομεν,</span> <span class='ocrx_word' id='word_1_38' title='bbox 726 657 788 709; x_wconf 84' lang='grc' dir='ltr'>τὸ</span> <span class='ocrx_word' id='word_1_39' title='bbox 836 657 911 728; x_wconf 75' lang='grc' dir='ltr'>μὴ</span> <span class='ocrx_word' id='word_1_40' title='bbox 976 657 1127 730; x_wconf 82' lang='grc' dir='ltr'><strong>ζυγῷ</strong></span> <span class='ocrx_word' id='word_1_41' title='bbox 1174 658 1415 725; x_wconf 78' lang='grc' dir='ltr'><strong>δουλείας</strong></span> <span class='ocrx_word' id='word_1_42' title='bbox 1454 662 1766 733; x_wconf 81' lang='grc' dir='ltr'><strong>ἐνέχεσθαι,</strong></span> <span class='ocrx_word' id='word_1_43' title='bbox 1822 665 1956 736; x_wconf 83' lang='grc' dir='ltr'>μηδὲ</span> 
     </span>
    </p>
   </div>
   <div class='ocr_carea' id='block_1_9' title="bbox 370 749 1958 829">
    <p class='ocr_par' dir='ltr' id='par_1_9' title="bbox 370 749 1958 829">
     <span class='ocr_line' id='line_1_9' title="bbox 370 749 1958 829; baseline 0.005 -26"><span class='ocrx_word' id='word_1_44' title='bbox 370 749 628 821; x_wconf 79' lang='grc' dir='ltr'>καθάπερ</span> <span class='ocrx_word' id='word_1_45' title='bbox 659 749 930 821; x_wconf 81' lang='grc' dir='ltr'><strong>δραπέτην</strong></span> <span class='ocrx_word' id='word_1_46' title='bbox 969 751 1003 822; x_wconf 84' lang='grc' dir='ltr'><strong>ἥ</strong></span> <span class='ocrx_word' id='word_1_47' title='bbox 1033 753 1336 823; x_wconf 81' lang='grc' dir='ltr'><strong>κακοῦργον</strong></span> <span class='ocrx_word' id='word_1_48' title='bbox 1378 755 1688 825; x_wconf 86' lang='grc' dir='ltr'>γενόμενον,</span> <span class='ocrx_word' id='word_1_49' title='bbox 1723 757 1958 829; x_wconf 81' lang='grc' dir='ltr'>πεδηθῆ-</span> 
     </span>
    </p>
   </div>
   <div class='ocr_carea' id='block_1_10' title="bbox 370 842 1958 919">
    <p class='ocr_par' dir='ltr' id='par_1_10' title="bbox 370 842 1958 919">
     <span class='ocr_line' id='line_1_10' title="bbox 370 842 1958 919; baseline 0.004 -22"><span class='ocrx_word' id='word_1_50' title='bbox 370 858 460 897; x_wconf 86' lang='grc' dir='ltr'><strong>ναι</strong></span> <span class='ocrx_word' id='word_1_51' title='bbox 502 842 583 913; x_wconf 86' lang='grc' dir='ltr'><strong>τῷ</strong></span> <span class='ocrx_word' id='word_1_52' title='bbox 621 842 717 896; x_wconf 80' lang='grc' dir='ltr'><strong>τοῦ</strong></span> <span class='ocrx_word' id='word_1_53' title='bbox 749 842 928 913; x_wconf 80' lang='grc' dir='ltr'><strong>γάμου</strong></span> <span class='ocrx_word' id='word_1_54' title='bbox 969 843 1173 915; x_wconf 80' lang='grc' dir='ltr'>δεσμῷ.</span> <span class='ocrx_word' id='word_1_55' title='bbox 1220 845 1379 901; x_wconf 81' lang='grc' dir='ltr'>Ἀλλά</span> <span class='ocrx_word' id='word_1_56' title='bbox 1411 863 1499 916; x_wconf 88' lang='grc' dir='ltr'><strong>μοι</strong></span> <span class='ocrx_word' id='word_1_57' title='bbox 1541 848 1704 903; x_wconf 83' lang='grc' dir='ltr'>πάλιν</span> <span class='ocrx_word' id='word_1_58' title='bbox 1730 850 1760 901; x_wconf 87' lang='grc' dir='ltr'><strong><em>ὁ</em></strong></span> <span class='ocrx_word' id='word_1_59' title='bbox 1801 849 1958 919; x_wconf 83' lang='grc' dir='ltr'>λόγος</span> 
     </span>
    </p>
   </div>
   <div class='ocr_carea' id='block_1_11' title="bbox 370 934 1956 1013">
    <p class='ocr_par' dir='ltr' id='par_1_11' title="bbox 370 934 1956 1013">
     <span class='ocr_line' id='line_1_11' title="bbox 370 934 1956 1013; baseline 0.004 -24"><span class='ocrx_word' id='word_1_60' title='bbox 370 935 463 989; x_wconf 69' lang='grc' dir='ltr'>ἐπὶ</span> <span class='ocrx_word' id='word_1_61' title='bbox 504 936 606 1007; x_wconf 74' lang='grc' dir='ltr'><strong>τὴν</strong></span> <span class='ocrx_word' id='word_1_62' title='bbox 650 935 817 1007; x_wconf 78' lang='grc' dir='ltr'>αὐτὴν</span> <span class='ocrx_word' id='word_1_63' title='bbox 855 934 1030 1008; x_wconf 81' lang='grc' dir='ltr'>ἀρχὴν</span> <span class='ocrx_word' id='word_1_64' title='bbox 1070 937 1393 1010; x_wconf 80' lang='grc' dir='ltr'>ἀνατρέχει,</span> <span class='ocrx_word' id='word_1_65' title='bbox 1427 940 1508 993; x_wconf 83' lang='grc' dir='ltr'>ὅτι</span> <span class='ocrx_word' id='word_1_66' title='bbox 1552 941 1652 994; x_wconf 81' lang='grc' dir='ltr'><strong>οὐκ</strong></span> <span class='ocrx_word' id='word_1_67' title='bbox 1682 942 1741 994; x_wconf 85' lang='grc' dir='ltr'><strong>ἐν</strong></span> <span class='ocrx_word' id='word_1_68' title='bbox 1782 942 1956 1013; x_wconf 88' lang='grc' dir='ltr'>τούτῳ</span> 
     </span>
    </p>
   </div>
   <div class='ocr_carea' id='block_1_12' title="bbox 374 1026 1956 1105">
    <p class='ocr_par' dir='ltr' id='par_1_12' title="bbox 374 1026 1956 1105">
     <span class='ocr_line' id='line_1_12' title="bbox 374 1026 1956 1105; baseline 0.008 -29"><span class='ocrx_word' id='word_1_69' title='bbox 374 1026 521 1097; x_wconf 85' lang='grc' dir='ltr'>μόνῳ</span> <span class='ocrx_word' id='word_1_70' title='bbox 551 1026 613 1080; x_wconf 76' lang='grc' dir='ltr'>τὸ</span> <span class='ocrx_word' id='word_1_71' title='bbox 638 1027 840 1081; x_wconf 82' lang='grc' dir='ltr'>τέλειον</span> <span class='ocrx_word' id='word_1_72' title='bbox 868 1028 969 1098; x_wconf 85' lang='grc' dir='ltr'><strong>τῆς</strong></span> <span class='ocrx_word' id='word_1_73' title='bbox 998 1028 1309 1100; x_wconf 70' lang='grc' dir='ltr'>ἐλευθερίας</span> <span class='ocrx_word' id='word_1_74' title='bbox 1338 1030 1508 1095; x_wconf 77' lang='grc' dir='ltr'>ἐστὶν,</span> <span class='ocrx_word' id='word_1_75' title='bbox 1534 1032 1592 1085; x_wconf 85' lang='grc' dir='ltr'><strong>ἐν</strong></span> <span class='ocrx_word' id='word_1_76' title='bbox 1617 1032 1693 1102; x_wconf 85' lang='grc' dir='ltr'>τῷ</span> <span class='ocrx_word' id='word_1_77' title='bbox 1717 1034 1956 1105; x_wconf 76' lang='grc' dir='ltr'>ἀποστῆ-</span> 
     </span>
    </p>
   </div>
   <div class='ocr_carea' id='block_1_13' title="bbox 370 1117 1957 1194">
    <p class='ocr_par' dir='ltr' id='par_1_13' title="bbox 370 1117 1957 1194">
     <span class='ocr_line' id='line_1_13' title="bbox 370 1117 1957 1194; baseline 0.005 -22"><span class='ocrx_word' id='word_1_78' title='bbox 370 1135 461 1172; x_wconf 78' lang='grc' dir='ltr'><strong>ναι</strong></span> <span class='ocrx_word' id='word_1_79' title='bbox 498 1117 595 1171; x_wconf 88' lang='grc' dir='ltr'><strong>τοῦ</strong></span> <span class='ocrx_word' id='word_1_80' title='bbox 634 1118 813 1188; x_wconf 81' lang='grc' dir='ltr'><strong>γάμου</strong></span> <span class='ocrx_word' id='word_1_81' title='bbox 852 1117 951 1189; x_wconf 85' lang='grc' dir='ltr'><strong>(μή</strong></span> <span class='ocrx_word' id='word_1_82' title='bbox 994 1136 1080 1182; x_wconf 89' lang='grc' dir='ltr'><strong>τις</strong></span> <span class='ocrx_word' id='word_1_83' title='bbox 1114 1119 1256 1175; x_wconf 80' lang='grc' dir='ltr'>οὕτω</span> <span class='ocrx_word' id='word_1_84' title='bbox 1302 1122 1496 1194; x_wconf 88' lang='grc' dir='ltr'>μικρόν</span> <span class='ocrx_word' id='word_1_85' title='bbox 1533 1140 1595 1177; x_wconf 88' lang='grc' dir='ltr'><strong>τε</strong></span> <span class='ocrx_word' id='word_1_86' title='bbox 1632 1125 1726 1178; x_wconf 70' lang='grc' dir='ltr'>καὶ</span> <span class='ocrx_word' id='word_1_87' title='bbox 1758 1124 1957 1180; x_wconf 76' lang='grc' dir='ltr'>εὔωνον</span> 
     </span>
    </p>
   </div>
   <div class='ocr_carea' id='block_1_14' title="bbox 370 1210 1955 1291">
    <p class='ocr_par' dir='ltr' id='par_1_14' title="bbox 370 1210 1955 1291">
     <span class='ocr_line' id='line_1_14' title="bbox 370 1210 1955 1291; baseline 0.006 -29"><span class='ocrx_word' id='word_1_88' title='bbox 370 1210 434 1262; x_wconf 85' lang='grc' dir='ltr'>τὺ</span> <span class='ocrx_word' id='word_1_89' title='bbox 463 1210 565 1280; x_wconf 87' lang='grc' dir='ltr'><strong>τῆς</strong></span> <span class='ocrx_word' id='word_1_90' title='bbox 594 1210 887 1282; x_wconf 78' lang='grc' dir='ltr'>παρθενίας</span> <span class='ocrx_word' id='word_1_91' title='bbox 912 1211 1128 1277; x_wconf 73' lang='grc' dir='ltr'>οἰέσθω,</span> <span class='ocrx_word' id='word_1_92' title='bbox 1167 1212 1308 1267; x_wconf 82' lang='grc' dir='ltr'>ὥστε</span> <span class='ocrx_word' id='word_1_93' title='bbox 1347 1218 1405 1269; x_wconf 87' lang='grc' dir='ltr'><strong>ἐν</strong></span> <span class='ocrx_word' id='word_1_94' title='bbox 1435 1215 1602 1285; x_wconf 78' lang='grc' dir='ltr'>ὀλίγῳ</span> <span class='ocrx_word' id='word_1_95' title='bbox 1631 1221 1955 1291; x_wconf 80' lang='grc' dir='ltr'>παρατηρή-</span> 
     </span>
    </p>
   </div>
   <div class='ocr_carea' id='block_1_15' title="bbox 372 1302 1951 1381">
    <p class='ocr_par' dir='ltr' id='par_1_15' title="bbox 372 1302 1951 1381">
     <span class='ocr_line' id='line_1_15' title="bbox 372 1302 1951 1381; baseline 0.008 -28"><span class='ocrx_word' id='word_1_96' title='bbox 372 1319 506 1371; x_wconf 79' lang='grc' dir='ltr'>ματι</span> <span class='ocrx_word' id='word_1_97' title='bbox 528 1302 731 1372; x_wconf 73' lang='grc' dir='ltr'>σαρκὸς</span> <span class='ocrx_word' id='word_1_98' title='bbox 749 1303 1047 1374; x_wconf 79' lang='grc' dir='ltr'>κατορθοῦν</span> <span class='ocrx_word' id='word_1_99' title='bbox 1068 1305 1306 1375; x_wconf 79' lang='grc' dir='ltr'>νομίζειν</span> <span class='ocrx_word' id='word_1_100' title='bbox 1326 1306 1386 1360; x_wconf 87' lang='grc' dir='ltr'>τὺ</span> <span class='ocrx_word' id='word_1_101' title='bbox 1400 1308 1652 1362; x_wconf 83' lang='grc' dir='ltr'>τοσοῦτον</span> <span class='ocrx_word' id='word_1_102' title='bbox 1675 1311 1823 1381; x_wconf 77' lang='grc' dir='ltr'>πρᾶγ</span> <span class='ocrx_word' id='word_1_103' title='bbox 1832 1315 1951 1381; x_wconf 88' lang='grc' dir='ltr'>μα)·</span> 
     </span>
    </p>
   </div>
   <div class='ocr_carea' id='block_1_16' title="bbox 373 1394 1955 1473">
    <p class='ocr_par' dir='ltr' id='par_1_16' title="bbox 373 1394 1955 1473">
     <span class='ocr_line' id='line_1_16' title="bbox 373 1394 1955 1473; baseline 0.005 -26"><span class='ocrx_word' id='word_1_104' title='bbox 373 1394 490 1447; x_wconf 85' lang='grc' dir='ltr'>ἀλλ’</span> <span class='ocrx_word' id='word_1_105' title='bbox 529 1394 717 1464; x_wconf 77' lang='grc' dir='ltr'>ἐπειδὴ</span> <span class='ocrx_word' id='word_1_106' title='bbox 752 1395 861 1458; x_wconf 76' lang='grc' dir='ltr'><strong>πᾶς</strong></span> <span class='ocrx_word' id='word_1_107' title='bbox 906 1398 936 1448; x_wconf 91' lang='grc' dir='ltr'><strong>ό</strong></span> <span class='ocrx_word' id='word_1_108' title='bbox 976 1394 1145 1449; x_wconf 86' lang='grc' dir='ltr'>ποιῶν</span> <span class='ocrx_word' id='word_1_109' title='bbox 1175 1395 1272 1467; x_wconf 79' lang='grc' dir='ltr'><strong>τὴν</strong></span> <span class='ocrx_word' id='word_1_110' title='bbox 1318 1398 1595 1469; x_wconf 81' lang='grc' dir='ltr'>ἁμαρτίαν</span> <span class='ocrx_word' id='word_1_111' title='bbox 1634 1399 1818 1464; x_wconf 85' lang='grc' dir='ltr'>δοῦλος</span> <span class='ocrx_word' id='word_1_112' title='bbox 1856 1403 1955 1473; x_wconf 88' lang='grc' dir='ltr'><strong>τῆς</strong></span> 
     </span>
    </p>
   </div>
   <div class='ocr_carea' id='block_1_17' title="bbox 372 1488 1956 1563">
    <p class='ocr_par' dir='ltr' id='par_1_17' title="bbox 372 1488 1956 1563">
     <span class='ocr_line' id='line_1_17' title="bbox 372 1488 1956 1563; baseline 0.004 -22"><span class='ocrx_word' id='word_1_113' title='bbox 372 1488 646 1558; x_wconf 75' lang='grc' dir='ltr'>ἁμαρτίας</span> <span class='ocrx_word' id='word_1_114' title='bbox 671 1488 818 1540; x_wconf 75' lang='grc' dir='ltr'>ἐστὶν</span> <span class='ocrx_word' id='word_1_115' title='bbox 838 1526 852 1550; x_wconf 91' lang='grc'><strong>,</strong></span> <span class='ocrx_word' id='word_1_116' title='bbox 884 1489 918 1558; x_wconf 80' lang='grc' dir='ltr'><strong>ἡ</strong></span> <span class='ocrx_word' id='word_1_117' title='bbox 954 1489 1010 1542; x_wconf 80' lang='grc' dir='ltr'><strong>ἐν</strong></span> <span class='ocrx_word' id='word_1_118' title='bbox 1042 1490 1206 1543; x_wconf 73' lang='grc' dir='ltr'>παντὶ</span> <span class='ocrx_word' id='word_1_119' title='bbox 1240 1490 1526 1560; x_wconf 79' lang='grc' dir='ltr'>πράγματι</span> <span class='ocrx_word' id='word_1_120' title='bbox 1557 1493 1651 1545; x_wconf 76' lang='grc' dir='ltr'><strong>καὶ</strong></span> <span class='ocrx_word' id='word_1_121' title='bbox 1672 1494 1956 1563; x_wconf 86' lang='grc' dir='ltr'>ἐπιτηδεύ-</span> 
     </span>
    </p>
   </div>
   <div class='ocr_carea' id='block_1_18' title="bbox 374 1579 1953 1657">
    <p class='ocr_par' dir='ltr' id='par_1_18' title="bbox 374 1579 1953 1657">
     <span class='ocr_line' id='line_1_18' title="bbox 374 1579 1953 1657; baseline 0.005 -26"><span class='ocrx_word' id='word_1_122' title='bbox 374 1597 505 1648; x_wconf 85' lang='grc' dir='ltr'>ματι</span> <span class='ocrx_word' id='word_1_123' title='bbox 532 1579 670 1650; x_wconf 82' lang='grc' dir='ltr'>πρὸς</span> <span class='ocrx_word' id='word_1_124' title='bbox 704 1579 901 1633; x_wconf 81' lang='grc' dir='ltr'>κακίαν</span> <span class='ocrx_word' id='word_1_125' title='bbox 931 1580 1280 1650; x_wconf 82' lang='grc' dir='ltr'>παρατροπὴ.</span> <span class='ocrx_word' id='word_1_126' title='bbox 1309 1580 1589 1636; x_wconf 79' lang='grc' dir='ltr'>δουλοῦται</span> <span class='ocrx_word' id='word_1_127' title='bbox 1618 1583 1709 1638; x_wconf 80' lang='grc' dir='ltr'><strong>τὸν</strong></span> <span class='ocrx_word' id='word_1_128' title='bbox 1741 1584 1953 1657; x_wconf 82' lang='grc' dir='ltr'>ἄνθρω-</span> 
     </span>
    </p>
   </div>
   <div class='ocr_carea' id='block_1_19' title="bbox 372 1671 1952 1747">
    <p class='ocr_par' dir='ltr' id='par_1_19' title="bbox 372 1671 1952 1747">
     <span class='ocr_line' id='line_1_19' title="bbox 372 1671 1952 1747; baseline 0.004 -23"><span class='ocrx_word' id='word_1_129' title='bbox 372 1688 475 1724; x_wconf 87' lang='grc' dir='ltr'><strong>πον</strong></span> <span class='ocrx_word' id='word_1_130' title='bbox 521 1672 616 1725; x_wconf 79' lang='grc' dir='ltr'><strong>καὶ</strong></span> <span class='ocrx_word' id='word_1_131' title='bbox 660 1672 988 1742; x_wconf 77' lang='grc' dir='ltr'>στιγματίαν</span> <span class='ocrx_word' id='word_1_132' title='bbox 1022 1674 1195 1737; x_wconf 82' lang='grc' dir='ltr'>ποιεῖ,</span> <span class='ocrx_word' id='word_1_133' title='bbox 1231 1671 1503 1743; x_wconf 84' lang='grc' dir='ltr'>μώλωπας</span> <span class='ocrx_word' id='word_1_134' title='bbox 1537 1675 1687 1747; x_wconf 82' lang='grc' dir='ltr'>αὐτῷ</span> <span class='ocrx_word' id='word_1_135' title='bbox 1720 1676 1813 1730; x_wconf 78' lang='grc' dir='ltr'><strong>καὶ</strong></span> <span class='ocrx_word' id='word_1_136' title='bbox 1856 1678 1952 1730; x_wconf 83' lang='grc' dir='ltr'>ἐκ·</span> 
     </span>
    </p>
   </div>
   <div class='ocr_carea' id='block_1_20' title="bbox 370 1760 1956 1839">
    <p class='ocr_par' dir='ltr' id='par_1_20' title="bbox 370 1763 1954 1839">
     <span class='ocr_line' id='line_1_20' title="bbox 370 1763 1954 1839; baseline 0.004 -23"><span class='ocrx_word' id='word_1_137' title='bbox 370 1764 629 1836; x_wconf 85' lang='grc' dir='ltr'>καύματα</span> <span class='ocrx_word' id='word_1_138' title='bbox 657 1763 747 1817; x_wconf 77' lang='grc' dir='ltr'>διὰ</span> <span class='ocrx_word' id='word_1_139' title='bbox 773 1765 882 1820; x_wconf 87' lang='grc' dir='ltr'><strong>τῶν</strong></span> <span class='ocrx_word' id='word_1_140' title='bbox 923 1764 1021 1835; x_wconf 87' lang='grc' dir='ltr'><strong>τῆς</strong></span> <span class='ocrx_word' id='word_1_141' title='bbox 1054 1764 1331 1836; x_wconf 84' lang='grc' dir='ltr'>ἁμαρτίας</span> <span class='ocrx_word' id='word_1_142' title='bbox 1367 1766 1591 1837; x_wconf 84' lang='grc' dir='ltr'>πληγῶν</span> <span class='ocrx_word' id='word_1_143' title='bbox 1631 1767 1954 1839; x_wconf 82' lang='grc' dir='ltr'>ἐμποιοῦσα’</span> 
     </span>
    </p>
   </div>
   <div class='ocr_carea' id='block_1_21' title="bbox 2060 1760 3753 1839">
    <p class='ocr_par' dir='ltr' id='par_1_21' title="bbox 2060 1762 3753 1835">
     <span class='ocr_line' id='line_1_21' title="bbox 2060 1762 3753 1835; baseline 0.001 -15"><span class='ocrx_word' id='word_1_144' title='bbox 2060 1780 2127 1820; x_wconf 91' lang='lat' dir='ltr'><strong>va</strong></span> <span class='ocrx_word' id='word_1_145' title='bbox 2192 1765 2261 1819; x_wconf 85' lang='lat' dir='ltr'><strong>ad</strong></span> <span class='ocrx_word' id='word_1_146' title='bbox 2310 1764 2501 1820; x_wconf 90' lang='lat' dir='ltr'><strong>vitium</strong></span> <span class='ocrx_word' id='word_1_147' title='bbox 2563 1764 2854 1835; x_wconf 87' lang='lat' dir='ltr'><strong>propensio</strong></span> <span class='ocrx_word' id='word_1_148' title='bbox 2902 1763 3179 1819; x_wconf 85' lang='lat' dir='ltr'><strong>hominem</strong></span> <span class='ocrx_word' id='word_1_149' title='bbox 3213 1763 3451 1833; x_wconf 86' lang='lat' dir='ltr'><strong>quodam</strong></span> <span class='ocrx_word' id='word_1_150' title='bbox 3477 1762 3641 1817; x_wconf 81' lang='lat' dir='ltr'><strong>modo</strong></span> <span class='ocrx_word' id='word_1_151' title='bbox 3752 1812 3753 1821; x_wconf 32' lang='grc' dir='ltr'><strong>χ</strong></span> 
     </span>
    </p>
   </div>
   <div class='ocr_carea' id='block_1_22' title="bbox 367 1856 1961 1932">
    <p class='ocr_par' dir='ltr' id='par_1_22' title="bbox 367 1856 1961 1932">
     <span class='ocr_line' id='line_1_22' title="bbox 367 1856 1961 1932; baseline 0.004 -23"><span class='ocrx_word' id='word_1_152' title='bbox 367 1856 514 1910; x_wconf 78' lang='grc' dir='ltr'>ὥστε</span> <span class='ocrx_word' id='word_1_153' title='bbox 554 1856 647 1910; x_wconf 87' lang='grc' dir='ltr'><strong>τὸν</strong></span> <span class='ocrx_word' id='word_1_154' title='bbox 684 1856 789 1910; x_wconf 69' lang='grc' dir='ltr'><strong>τοῦ</strong></span> <span class='ocrx_word' id='word_1_155' title='bbox 815 1857 1055 1927; x_wconf 83' lang='grc' dir='ltr'>μεγάλου</span> <span class='ocrx_word' id='word_1_156' title='bbox 1086 1857 1291 1912; x_wconf 81' lang='grc' dir='ltr'>σκοποῦ</span> <span class='ocrx_word' id='word_1_157' title='bbox 1326 1858 1421 1912; x_wconf 85' lang='grc' dir='ltr'><strong>τοῦ</strong></span> <span class='ocrx_word' id='word_1_158' title='bbox 1455 1859 1595 1913; x_wconf 83' lang='grc' dir='ltr'>κατὰ</span> <span class='ocrx_word' id='word_1_159' title='bbox 1622 1859 1719 1931; x_wconf 80' lang='grc' dir='ltr'>τὴν</span> <span class='ocrx_word' id='word_1_160' title='bbox 1753 1860 1961 1932; x_wconf 90' lang='grc' dir='ltr'>παρθε-</span> 
     </span>
    </p>
   </div>
   <div class='ocr_carea' id='block_1_23' title="bbox 371 1947 1959 2024">
    <p class='ocr_par' dir='ltr' id='par_1_23' title="bbox 371 1947 1959 2024">
     <span class='ocr_line' id='line_1_23' title="bbox 371 1947 1959 2024; baseline 0.004 -23"><span class='ocrx_word' id='word_1_161' title='bbox 371 1949 491 2002; x_wconf 80' lang='grc' dir='ltr'>νίαν</span> <span class='ocrx_word' id='word_1_162' title='bbox 518 1947 819 2020; x_wconf 81' lang='grc' dir='ltr'>ἁψάμενον,</span> <span class='ocrx_word' id='word_1_163' title='bbox 841 1950 899 2003; x_wconf 87' lang='grc' dir='ltr'><strong>ἐν</strong></span> <span class='ocrx_word' id='word_1_164' title='bbox 918 1950 1054 2002; x_wconf 80' lang='grc' dir='ltr'>πᾶσι</span> <span class='ocrx_word' id='word_1_165' title='bbox 1070 1951 1372 2020; x_wconf 79' lang='grc' dir='ltr'>προσήκειν</span> <span class='ocrx_word' id='word_1_166' title='bbox 1395 1952 1572 2022; x_wconf 81' lang='grc' dir='ltr'>ἐαυτῷ</span> <span class='ocrx_word' id='word_1_167' title='bbox 1593 1948 1733 2005; x_wconf 76' lang='grc' dir='ltr'>εἶναι</span> <span class='ocrx_word' id='word_1_168' title='bbox 1749 1954 1959 2024; x_wconf 85' lang='grc' dir='ltr'>ὅμοιον,</span> 
     </span>
    </p>
   </div>
   <div class='ocr_carea' id='block_1_24' title="bbox 368 2039 1960 2115">
    <p class='ocr_par' dir='ltr' id='par_1_24' title="bbox 368 2039 1960 2115">
     <span class='ocr_line' id='line_1_24' title="bbox 368 2039 1960 2115; baseline 0.002 -19"><span class='ocrx_word' id='word_1_169' title='bbox 368 2042 466 2096; x_wconf 63' lang='grc' dir='ltr'><strong>καὶ⁹</strong></span> <span class='ocrx_word' id='word_1_170' title='bbox 498 2041 651 2113; x_wconf 78' lang='grc' dir='ltr'>πάσῃ</span> <span class='ocrx_word' id='word_1_171' title='bbox 677 2042 745 2112; x_wconf 77' lang='grc' dir='ltr'>τῇ</span> <span class='ocrx_word' id='word_1_172' title='bbox 774 2039 885 2112; x_wconf 80' lang='grc' dir='ltr'><strong>ζωῇ</strong></span> <span class='ocrx_word' id='word_1_173' title='bbox 929 2042 1315 2111; x_wconf 67' lang='grc' dir='ltr'>συνεμφαίνειν</span> <span class='ocrx_word' id='word_1_174' title='bbox 1354 2041 1454 2113; x_wconf 78' lang='grc' dir='ltr'>τὴν</span> <span class='ocrx_word' id='word_1_175' title='bbox 1485 2043 1855 2115; x_wconf 84' lang='grc' dir='ltr'>καθαρότητα.</span> <span class='ocrx_word' id='word_1_176' title='bbox 1896 2047 1960 2100; x_wconf 73' lang='lat' dir='ltr'><strong>Et</strong></span> 
     </span>
    </p>
   </div>
   <div class='ocr_carea' id='block_1_25' title="bbox 365 2131 1960 2208">
    <p class='ocr_par' dir='ltr' id='par_1_25' title="bbox 365 2131 1960 2208">
     <span class='ocr_line' id='line_1_25' title="bbox 365 2131 1960 2208; baseline 0.003 -21"><span class='ocrx_word' id='word_1_177' title='bbox 365 2134 425 2187; x_wconf 75' lang='grc' dir='ltr'>δὲ</span> <span class='ocrx_word' id='word_1_178' title='bbox 453 2131 560 2204; x_wconf 81' lang='grc' dir='ltr'>χρὴ</span> <span class='ocrx_word' id='word_1_179' title='bbox 590 2133 685 2185; x_wconf 74' lang='grc' dir='ltr'>καὶ</span> <span class='ocrx_word' id='word_1_180' title='bbox 723 2132 813 2185; x_wconf 76' lang='grc' dir='ltr'>διά</span> <span class='ocrx_word' id='word_1_181' title='bbox 838 2149 984 2196; x_wconf 85' lang='grc' dir='ltr'>τινος</span> <span class='ocrx_word' id='word_1_182' title='bbox 1020 2131 1131 2187; x_wconf 86' lang='grc' dir='ltr'><strong>τῶν</strong></span> <span class='ocrx_word' id='word_1_183' title='bbox 1163 2131 1538 2187; x_wconf 85' lang='grc' dir='ltr'>θεοπνεύστων</span> <span class='ocrx_word' id='word_1_184' title='bbox 1592 2137 1960 2208; x_wconf 84' lang='grc' dir='ltr'>συνηγορῆσαι</span> 
     </span>
    </p>
   </div>
   <div class='ocr_carea' id='block_1_26' title="bbox 366 2222 1960 2296">
    <p class='ocr_par' dir='ltr' id='par_1_26' title="bbox 366 2222 1960 2296">
     <span class='ocr_line' id='line_1_26' title="bbox 366 2222 1960 2296; baseline 0.003 -19"><span class='ocrx_word' id='word_1_185' title='bbox 366 2224 447 2296; x_wconf 83' lang='grc' dir='ltr'>τῷ</span> <span class='ocrx_word' id='word_1_186' title='bbox 487 2224 651 2295; x_wconf 84' lang='grc' dir='ltr'>λόγῳ,</span> <span class='ocrx_word' id='word_1_187' title='bbox 685 2225 848 2294; x_wconf 76' lang='grc' dir='ltr'>ἀρκεῖ</span> <span class='ocrx_word' id='word_1_188' title='bbox 888 2222 1027 2295; x_wconf 81' lang='grc' dir='ltr'>πρὸς</span> <span class='ocrx_word' id='word_1_189' title='bbox 1077 2222 1175 2294; x_wconf 76' lang='grc' dir='ltr'>τὴν</span> <span class='ocrx_word' id='word_1_190' title='bbox 1214 2226 1315 2296; x_wconf 85' lang='grc' dir='ltr'><strong>τῆς</strong></span> <span class='ocrx_word' id='word_1_191' title='bbox 1359 2224 1620 2296; x_wconf 79' lang='grc' dir='ltr'>ἀληθείας</span> <span class='ocrx_word' id='word_1_192' title='bbox 1673 2225 1960 2296; x_wconf 79' lang='grc' dir='ltr'>βεϐαίωσιν</span> 
     </span>
    </p>
   </div>
   <div class='ocr_carea' id='block_1_27' title="bbox 362 2314 1960 2389">
    <p class='ocr_par' dir='ltr' id='par_1_27' title="bbox 362 2314 1960 2389">
     <span class='ocr_line' id='line_1_27' title="bbox 362 2314 1960 2389; baseline 0.003 -19"><span class='ocrx_word' id='word_1_193' title='bbox 362 2315 510 2387; x_wconf 80' lang='grc' dir='ltr'>αὑτὴ</span> <span class='ocrx_word' id='word_1_194' title='bbox 540 2318 575 2386; x_wconf 82' lang='grc' dir='ltr'>ἠ</span> <span class='ocrx_word' id='word_1_195' title='bbox 625 2316 851 2388; x_wconf 76' lang='grc' dir='ltr'>ἀλήθεια</span> <span class='ocrx_word' id='word_1_196' title='bbox 874 2354 889 2380; x_wconf 88' lang='grc'><strong>,</strong></span> <span class='ocrx_word' id='word_1_197' title='bbox 922 2314 1010 2370; x_wconf 84' lang='grc' dir='ltr'>διὰ</span> <span class='ocrx_word' id='word_1_198' title='bbox 1055 2316 1375 2388; x_wconf 88' lang='grc' dir='ltr'>παραϐολῆς</span> <span class='ocrx_word' id='word_1_199' title='bbox 1410 2317 1504 2371; x_wconf 77' lang='grc' dir='ltr'><strong>καὶ</strong></span> <span class='ocrx_word' id='word_1_200' title='bbox 1532 2318 1855 2389; x_wconf 80' lang='grc' dir='ltr'>αἰνίγματος</span> <span class='ocrx_word' id='word_1_201' title='bbox 1901 2321 1960 2374; x_wconf 88' lang='grc' dir='ltr'><strong>ἐν</strong></span> 
     </span>
    </p>
   </div>
   <div class='ocr_carea' id='block_1_28' title="bbox 368 2405 1960 2478">
    <p class='ocr_par' dir='ltr' id='par_1_28' title="bbox 368 2405 1960 2478">
     <span class='ocr_line' id='line_1_28' title="bbox 368 2405 1960 2478; baseline 0.003 -19"><span class='ocrx_word' id='word_1_202' title='bbox 368 2406 448 2476; x_wconf 79' lang='grc' dir='ltr'>τῷ</span> <span class='ocrx_word' id='word_1_203' title='bbox 497 2405 815 2476; x_wconf 76' lang='grc' dir='ltr'>Εὐαγγελίῳ</span> <span class='ocrx_word' id='word_1_204' title='bbox 844 2406 905 2459; x_wconf 85' lang='grc' dir='ltr'>τὸ</span> <span class='ocrx_word' id='word_1_205' title='bbox 944 2405 1187 2459; x_wconf 88' lang='grc' dir='ltr'>τοιοῦτον</span> <span class='ocrx_word' id='word_1_206' title='bbox 1229 2407 1362 2478; x_wconf 77' lang='grc' dir='ltr'>ἡμῖν</span> <span class='ocrx_word' id='word_1_207' title='bbox 1394 2407 1803 2478; x_wconf 77' lang='grc' dir='ltr'>δογματίσασαο</span> <span class='ocrx_word' id='word_1_208' title='bbox 1834 2409 1960 2472; x_wconf 78' lang='grc' dir='ltr'>τοὺς</span> 
     </span>
    </p>
   </div>
   <div class='ocr_carea' id='block_1_29' title="bbox 369 2496 1960 2569">
    <p class='ocr_par' dir='ltr' id='par_1_29' title="bbox 369 2496 1960 2569">
     <span class='ocr_line' id='line_1_29' title="bbox 369 2496 1960 2569; baseline 0.003 -20"><span class='ocrx_word' id='word_1_209' title='bbox 369 2499 480 2568; x_wconf 78' lang='grc' dir='ltr'>γὰρ</span> <span class='ocrx_word' id='word_1_210' title='bbox 534 2496 809 2569; x_wconf 82' lang='grc' dir='ltr'>χρηστοὺς</span> <span class='ocrx_word' id='word_1_211' title='bbox 856 2497 950 2550; x_wconf 78' lang='grc' dir='ltr'><strong>καὶ</strong></span> <span class='ocrx_word' id='word_1_212' title='bbox 994 2496 1287 2568; x_wconf 76' lang='grc' dir='ltr'>ἐδωδίμους</span> <span class='ocrx_word' id='word_1_213' title='bbox 1324 2497 1433 2551; x_wconf 89' lang='grc' dir='ltr'><strong>τῶν</strong></span> <span class='ocrx_word' id='word_1_214' title='bbox 1473 2498 1670 2569; x_wconf 77' lang='grc' dir='ltr'>ἰχθύων</span> <span class='ocrx_word' id='word_1_215' title='bbox 1704 2498 1813 2553; x_wconf 78' lang='grc' dir='ltr'><strong>ἀπὸ</strong></span> <span class='ocrx_word' id='word_1_216' title='bbox 1849 2500 1960 2553; x_wconf 86' lang='grc' dir='ltr'><strong>τῶν</strong></span> 
     </span>
    </p>
   </div>
   <div class='ocr_carea' id='block_1_30' title="bbox 368 2588 1960 2663">
    <p class='ocr_par' dir='ltr' id='par_1_30' title="bbox 368 2588 1960 2663">
     <span class='ocr_line' id='line_1_30' title="bbox 368 2588 1960 2663; baseline 0.003 -21"><span class='ocrx_word' id='word_1_217' title='bbox 368 2588 628 2661; x_wconf 80' lang='grc' dir='ltr'>πονηρῶν</span> <span class='ocrx_word' id='word_1_218' title='bbox 662 2606 726 2642; x_wconf 84' lang='grc' dir='ltr'><strong>τε</strong></span> <span class='ocrx_word' id='word_1_219' title='bbox 755 2589 847 2643; x_wconf 59' lang='grc' dir='ltr'><strong>καὶ⁸</strong></span> <span class='ocrx_word' id='word_1_220' title='bbox 873 2588 1215 2660; x_wconf 79' lang='grc' dir='ltr'>δηλητηρίων</span> <span class='ocrx_word' id='word_1_221' title='bbox 1248 2592 1282 2660; x_wconf 86' lang='grc' dir='ltr'>ἡ</span> <span class='ocrx_word' id='word_1_222' title='bbox 1317 2590 1598 2663; x_wconf 78' lang='grc' dir='ltr'>ἁλιευτικὴ</span> <span class='ocrx_word' id='word_1_223' title='bbox 1628 2591 1792 2663; x_wconf 80' lang='grc' dir='ltr'>τέχνη</span> <span class='ocrx_word' id='word_1_224' title='bbox 1823 2592 1960 2646; x_wconf 74' lang='grc' dir='ltr'>ἀπο-</span> 
     </span>
    </p>
   </div>
   <div class='ocr_carea' id='block_1_31' title="bbox 364 2680 1961 2755">
    <p class='ocr_par' dir='ltr' id='par_1_31' title="bbox 364 2680 1961 2755">
     <span class='ocr_line' id='line_1_31' title="bbox 364 2680 1961 2755; baseline 0 -18"><span class='ocrx_word' id='word_1_225' title='bbox 364 2680 616 2755; x_wconf 75' lang='grc' dir='ltr'>χωρίζει,</span> <span class='ocrx_word' id='word_1_226' title='bbox 640 2683 718 2745; x_wconf 82' lang='grc' dir='ltr'>ὡς</span> <span class='ocrx_word' id='word_1_227' title='bbox 741 2681 807 2737; x_wconf 80' lang='grc' dir='ltr'><strong>ἂν</strong></span> <span class='ocrx_word' id='word_1_228' title='bbox 832 2682 907 2754; x_wconf 82' lang='grc' dir='ltr'>μή</span> <span class='ocrx_word' id='word_1_229' title='bbox 933 2698 1074 2747; x_wconf 91' lang='grc' dir='ltr'>τινος</span> <span class='ocrx_word' id='word_1_230' title='bbox 1099 2681 1207 2737; x_wconf 81' lang='grc' dir='ltr'><strong>τῶν</strong></span> <span class='ocrx_word' id='word_1_231' title='bbox 1232 2683 1491 2737; x_wconf 75' lang='grc' dir='ltr'>ἐναντίων</span> <span class='ocrx_word' id='word_1_232' title='bbox 1520 2684 1961 2751; x_wconf 77' lang='grc' dir='ltr'>συνεισπεσόντος</span> 
     </span>
    </p>
   </div>
   <div class='ocr_carea' id='block_1_32' title="bbox 372 2772 1956 2849">
    <p class='ocr_par' dir='ltr' id='par_1_32' title="bbox 372 2772 1956 2849">
     <span class='ocr_line' id='line_1_32' title="bbox 372 2772 1956 2849; baseline 0.001 -22"><span class='ocrx_word' id='word_1_233' title='bbox 372 2776 485 2838; x_wconf 80' lang='grc' dir='ltr'>τοῖς</span> <span class='ocrx_word' id='word_1_234' title='bbox 510 2772 779 2842; x_wconf 82' lang='grc' dir='ltr'>ἀγγείοις,</span> <span class='ocrx_word' id='word_1_235' title='bbox 798 2773 887 2827; x_wconf 76' lang='grc' dir='ltr'>καὶ</span> <span class='ocrx_word' id='word_1_236' title='bbox 911 2774 944 2845; x_wconf 84' lang='grc' dir='ltr'>ὴ</span> <span class='ocrx_word' id='word_1_237' title='bbox 963 2772 1070 2827; x_wconf 85' lang='grc' dir='ltr'><strong>τῶν</strong></span> <span class='ocrx_word' id='word_1_238' title='bbox 1088 2773 1375 2845; x_wconf 85' lang='grc' dir='ltr'>χρησίμων</span> <span class='ocrx_word' id='word_1_239' title='bbox 1396 2774 1695 2840; x_wconf 84' lang='grc' dir='ltr'>ἀπόλαυσις</span> <span class='ocrx_word' id='word_1_240' title='bbox 1720 2776 1956 2849; x_wconf 82' lang='grc' dir='ltr'>ἀχρειω-</span> 
     </span>
    </p>
   </div>
   <div class='ocr_carea' id='block_1_33' title="bbox 364 2863 1957 2942">
    <p class='ocr_par' dir='ltr' id='par_1_33' title="bbox 364 2863 1957 2942">
     <span class='ocr_line' id='line_1_33' title="bbox 364 2863 1957 2942; baseline 0.004 -23"><span class='ocrx_word' id='word_1_241' title='bbox 364 2865 512 2934; x_wconf 81' lang='grc' dir='ltr'>θείη.</span> <span class='ocrx_word' id='word_1_242' title='bbox 578 2863 751 2919; x_wconf 83' lang='grc' dir='ltr'>Τοῦτο</span> <span class='ocrx_word' id='word_1_243' title='bbox 805 2865 899 2919; x_wconf 75' lang='grc' dir='ltr'>καὶ</span> <span class='ocrx_word' id='word_1_244' title='bbox 939 2864 1040 2936; x_wconf 89' lang='grc' dir='ltr'><strong>τῆς</strong></span> <span class='ocrx_word' id='word_1_245' title='bbox 1092 2863 1352 2937; x_wconf 80' lang='grc' dir='ltr'>ἀληθινῆς</span> <span class='ocrx_word' id='word_1_246' title='bbox 1408 2867 1760 2939; x_wconf 81' lang='grc' dir='ltr'>σωφροσύνης</span> <span class='ocrx_word' id='word_1_247' title='bbox 1797 2868 1957 2942; x_wconf 75' lang='grc' dir='ltr'>ἔργον</span> 
     </span>
    </p>
   </div>
   <div class='ocr_carea' id='block_1_34' title="bbox 367 2956 1960 3033">
    <p class='ocr_par' dir='ltr' id='par_1_34' title="bbox 367 2956 1960 3033">
     <span class='ocr_line' id='line_1_34' title="bbox 367 2956 1960 3033; baseline 0.003 -21"><span class='ocrx_word' id='word_1_248' title='bbox 367 2958 515 3023; x_wconf 71' lang='grc' dir='ltr'>ἐστὶ,</span> <span class='ocrx_word' id='word_1_249' title='bbox 559 2956 624 3011; x_wconf 81' lang='grc' dir='ltr'><strong>τὸ</strong></span> <span class='ocrx_word' id='word_1_250' title='bbox 655 2958 722 3011; x_wconf 88' lang='grc' dir='ltr'><strong>ἐκ</strong></span> <span class='ocrx_word' id='word_1_251' title='bbox 754 2957 971 3012; x_wconf 81' lang='grc' dir='ltr'>πάντων</span> <span class='ocrx_word' id='word_1_252' title='bbox 1007 2956 1115 3013; x_wconf 88' lang='grc' dir='ltr'><strong>τῶν</strong></span> <span class='ocrx_word' id='word_1_253' title='bbox 1143 2959 1592 3031; x_wconf 75' lang='grc' dir='ltr'>ἐπιτηδευμάτων</span> <span class='ocrx_word' id='word_1_254' title='bbox 1618 2961 1680 3014; x_wconf 81' lang='grc' dir='ltr'><strong>τὸ</strong></span> <span class='ocrx_word' id='word_1_255' title='bbox 1720 2962 1960 3033; x_wconf 86' lang='grc' dir='ltr'>καθαρόν</span> 
     </span>
    </p>
   </div>
   <div class='ocr_carea' id='block_1_35' title="bbox 365 3046 1958 3122">
    <p class='ocr_par' dir='ltr' id='par_1_35' title="bbox 365 3046 1958 3122">
     <span class='ocr_line' id='line_1_35' title="bbox 365 3046 1958 3122; baseline 0 -18"><span class='ocrx_word' id='word_1_256' title='bbox 365 3066 432 3104; x_wconf 74' lang='grc' dir='ltr'><strong>σε</strong></span> <span class='ocrx_word' id='word_1_257' title='bbox 454 3047 550 3102; x_wconf 83' lang='grc' dir='ltr'><strong>καί</strong></span> <span class='ocrx_word' id='word_1_258' title='bbox 566 3046 843 3118; x_wconf 77' lang='grc' dir='ltr'>ὠφέλιμον</span> <span class='ocrx_word' id='word_1_259' title='bbox 872 3046 1256 3119; x_wconf 82' lang='grc' dir='ltr'>ἐκλεγομένην,</span> <span class='ocrx_word' id='word_1_260' title='bbox 1280 3048 1337 3103; x_wconf 88' lang='grc' dir='ltr'><strong>ἐν</strong></span> <span class='ocrx_word' id='word_1_261' title='bbox 1355 3049 1515 3103; x_wconf 75' lang='grc' dir='ltr'>παντὶ</span> <span class='ocrx_word' id='word_1_262' title='bbox 1532 3049 1595 3103; x_wconf 79' lang='grc' dir='ltr'>τὸ</span> <span class='ocrx_word' id='word_1_263' title='bbox 1614 3050 1958 3122; x_wconf 83' lang='grc' dir='ltr'>ἀπεμφαϊνον</span> 
     </span>
    </p>
   </div>
   <div class='ocr_carea' id='block_1_36' title="bbox 367 3136 1957 3212">
    <p class='ocr_par' dir='ltr' id='par_1_36' title="bbox 367 3136 1957 3212">
     <span class='ocr_line' id='line_1_36' title="bbox 367 3136 1957 3212; baseline -0.002 -15"><span class='ocrx_word' id='word_1_264' title='bbox 367 3136 754 3197; x_wconf 80' lang='grc' dir='ltr'>ἀποποιεῖσθαι</span> <span class='ocrx_word' id='word_1_265' title='bbox 783 3139 858 3204; x_wconf 88' lang='grc' dir='ltr'>ὡς</span> <span class='ocrx_word' id='word_1_266' title='bbox 897 3139 1172 3212; x_wconf 80' lang='grc' dir='ltr'>ἄχρηστον</span> <span class='ocrx_word' id='word_1_267' title='bbox 1192 3180 1209 3206; x_wconf 95' lang='grc'><strong>,</strong></span> <span class='ocrx_word' id='word_1_268' title='bbox 1245 3139 1341 3193; x_wconf 73' lang='grc' dir='ltr'>καὶ</span> <span class='ocrx_word' id='word_1_269' title='bbox 1368 3140 1651 3211; x_wconf 83' lang='grc' dir='ltr'>ἐναφιέναι</span> <span class='ocrx_word' id='word_1_270' title='bbox 1692 3138 1851 3194; x_wconf 87' lang='grc' dir='ltr'>τοῦτο</span> <span class='ocrx_word' id='word_1_271' title='bbox 1878 3140 1957 3212; x_wconf 83' lang='grc' dir='ltr'>τῷ</span> 
     </span>
    </p>
   </div>
   <div class='ocr_carea' id='block_1_37' title="bbox 372 3230 1957 3305">
    <p class='ocr_par' dir='ltr' id='par_1_37' title="bbox 372 3230 1957 3305">
     <span class='ocr_line' id='line_1_37' title="bbox 372 3230 1957 3305; baseline 0 -17"><span class='ocrx_word' id='word_1_272' title='bbox 372 3233 537 3305; x_wconf 85' lang='grc' dir='ltr'>κοινῷ</span> <span class='ocrx_word' id='word_1_273' title='bbox 568 3234 668 3288; x_wconf 79' lang='grc' dir='ltr'><strong>καὶ</strong></span> <span class='ocrx_word' id='word_1_274' title='bbox 700 3231 951 3305; x_wconf 83' lang='grc' dir='ltr'>κοσμικῷ</span> <span class='ocrx_word' id='word_1_275' title='bbox 984 3231 1108 3303; x_wconf 85' lang='grc' dir='ltr'>βίῳ,</span> <span class='ocrx_word' id='word_1_276' title='bbox 1142 3230 1390 3304; x_wconf 80' lang='grc' dir='ltr'>θαλάσσῃ</span> <span class='ocrx_word' id='word_1_277' title='bbox 1422 3231 1695 3304; x_wconf 85' lang='grc' dir='ltr'>τροπικῶς</span> <span class='ocrx_word' id='word_1_278' title='bbox 1723 3232 1828 3287; x_wconf 78' lang='grc' dir='ltr'><strong>ὑπὸ</strong></span> <span class='ocrx_word' id='word_1_279' title='bbox 1858 3234 1957 3305; x_wconf 88' lang='grc' dir='ltr'><strong>τῆς</strong></span> 
     </span>
    </p>
   </div>
   <div class='ocr_carea' id='block_1_38' title="bbox 368 3323 1958 3398">
    <p class='ocr_par' dir='ltr' id='par_1_38' title="bbox 368 3323 1958 3398">
     <span class='ocr_line' id='line_1_38' title="bbox 368 3323 1958 3398; baseline -0.001 -18"><span class='ocrx_word' id='word_1_280' title='bbox 368 3324 689 3398; x_wconf 76' lang='grc' dir='ltr'>παραϐολῆς</span> <span class='ocrx_word' id='word_1_281' title='bbox 713 3323 1088 3396; x_wconf 66' lang='grc' dir='ltr'>ὠνομασμένη»</span> <span class='ocrx_word' id='word_1_282' title='bbox 1107 3340 1122 3355; x_wconf 75' lang='grc' dir='ltr'><strong>ο</strong></span> <span class='ocrx_word' id='word_1_283' title='bbox 1152 3324 1273 3377; x_wconf 83' lang='grc' dir='ltr'>ἐπεὶ</span> <span class='ocrx_word' id='word_1_284' title='bbox 1304 3324 1400 3378; x_wconf 78' lang='grc' dir='ltr'><strong>καὶ</strong></span> <span class='ocrx_word' id='word_1_285' title='bbox 1429 3325 1459 3377; x_wconf 88' lang='grc' dir='ltr'>ὁ</span> <span class='ocrx_word' id='word_1_286' title='bbox 1483 3323 1790 3396; x_wconf 78' lang='grc' dir='ltr'>Ψαλμῳδὸς</span> <span class='ocrx_word' id='word_1_287' title='bbox 1813 3324 1958 3379; x_wconf 84' lang='grc' dir='ltr'>διδά-</span> 
     </span>
    </p>
   </div>
   <div class='ocr_carea' id='block_1_39' title="bbox 370 3414 1955 3489">
    <p class='ocr_par' dir='ltr' id='par_1_39' title="bbox 370 3414 1955 3489">
     <span class='ocr_line' id='line_1_39' title="bbox 370 3414 1955 3489; baseline -0.001 -17"><span class='ocrx_word' id='word_1_288' title='bbox 370 3418 569 3473; x_wconf 85' lang='grc' dir='ltr'>σκαλον</span> <span class='ocrx_word' id='word_1_289' title='bbox 597 3416 1036 3489; x_wconf 74' lang='grc' dir='ltr'>ἐξομολογήσεως</span> <span class='ocrx_word' id='word_1_290' title='bbox 1080 3415 1139 3470; x_wconf 81' lang='grc' dir='ltr'><strong>ἐν</strong></span> <span class='ocrx_word' id='word_1_291' title='bbox 1179 3432 1283 3470; x_wconf 88' lang='grc' dir='ltr'>τινι</span> <span class='ocrx_word' id='word_1_292' title='bbox 1308 3414 1419 3470; x_wconf 90' lang='grc' dir='ltr'><strong>τῶν</strong></span> <span class='ocrx_word' id='word_1_293' title='bbox 1444 3415 1674 3486; x_wconf 75' lang='grc' dir='ltr'>ψαλμῶν</span> <span class='ocrx_word' id='word_1_294' title='bbox 1700 3418 1832 3488; x_wconf 78' lang='grc' dir='ltr'>ἡμῖν</span> <span class='ocrx_word' id='word_1_295' title='bbox 1861 3417 1955 3486; x_wconf 82' lang='grc' dir='ltr'>ὐφ-</span> 
     </span>
    </p>
   </div>
   <div class='ocr_carea' id='block_1_40' title="bbox 369 3506 1956 3582">
    <p class='ocr_par' dir='ltr' id='par_1_40' title="bbox 369 3506 1956 3582">
     <span class='ocr_line' id='line_1_40' title="bbox 369 3506 1956 3582; baseline -0.002 -18"><span class='ocrx_word' id='word_1_296' title='bbox 369 3510 697 3582; x_wconf 78' lang='grc' dir='ltr'>ηγούμενος,</span> <span class='ocrx_word' id='word_1_297' title='bbox 713 3508 805 3563; x_wconf 78' lang='grc' dir='ltr'><strong>τὸν</strong></span> <span class='ocrx_word' id='word_1_298' title='bbox 829 3508 1058 3563; x_wconf 82' lang='grc' dir='ltr'>ἄστατον</span> <span class='ocrx_word' id='word_1_299' title='bbox 1077 3506 1267 3564; x_wconf 84' lang='grc' dir='ltr'>τοῦτον</span> <span class='ocrx_word' id='word_1_300' title='bbox 1292 3508 1386 3562; x_wconf 71' lang='grc' dir='ltr'><strong>καὶ</strong></span> <span class='ocrx_word' id='word_1_301' title='bbox 1414 3508 1632 3580; x_wconf 80' lang='grc' dir='ltr'>ἐμπαθῆ</span> <span class='ocrx_word' id='word_1_302' title='bbox 1663 3509 1757 3563; x_wconf 78' lang='grc' dir='ltr'>καὶ</span> <span class='ocrx_word' id='word_1_303' title='bbox 1782 3526 1956 3580; x_wconf 80' lang='grc' dir='ltr'>ταρα-</span> 
     </span>
    </p>
   </div>
   <div class='ocr_carea' id='block_1_41' title="bbox 367 3600 1956 3677">
    <p class='ocr_par' dir='ltr' id='par_1_41' title="bbox 367 3600 1956 3677">
     <span class='ocr_line' id='line_1_41' title="bbox 367 3600 1956 3677; baseline -0.002 -20"><span class='ocrx_word' id='word_1_304' title='bbox 367 3602 518 3677; x_wconf 78' lang='grc' dir='ltr'>χώδη</span> <span class='ocrx_word' id='word_1_305' title='bbox 549 3603 686 3673; x_wconf 82' lang='grc' dir='ltr'>βίον,</span> <span class='ocrx_word' id='word_1_306' title='bbox 718 3600 886 3656; x_wconf 80' lang='grc' dir='ltr'>ὕδατα</span> <span class='ocrx_word' id='word_1_307' title='bbox 913 3600 1093 3672; x_wconf 77' lang='grc' dir='ltr'>ψυχῆς</span> <span class='ocrx_word' id='word_1_308' title='bbox 1129 3600 1431 3671; x_wconf 78' lang='grc' dir='ltr'>ἁπτόμενα,</span> <span class='ocrx_word' id='word_1_309' title='bbox 1465 3600 1561 3655; x_wconf 72' lang='grc' dir='ltr'>καὶ</span> <span class='ocrx_word' id='word_1_310' title='bbox 1588 3600 1726 3673; x_wconf 81' lang='grc' dir='ltr'>βάθη</span> <span class='ocrx_word' id='word_1_311' title='bbox 1758 3601 1956 3655; x_wconf 80' lang='grc' dir='ltr'>θαλάσ-</span> 
     </span>
    </p>
   </div>
   <div class='ocr_carea' id='block_1_42' title="bbox 370 3684 1955 3764">
    <p class='ocr_par' dir='ltr' id='par_1_42' title="bbox 370 3684 1955 3764">
     <span class='ocr_line' id='line_1_42' title="bbox 370 3684 1955 3764; baseline -0.002 -18"><span class='ocrx_word' id='word_1_312' title='bbox 370 3710 472 3764; x_wconf 88' lang='grc' dir='ltr'><strong>σης</strong></span> <span class='ocrx_word' id='word_1_313' title='bbox 502 3693 599 3746; x_wconf 78' lang='grc' dir='ltr'><strong>καὶ</strong></span> <span class='ocrx_word' id='word_1_314' title='bbox 627 3690 919 3761; x_wconf 83' lang='grc' dir='ltr'>καταιγίδα</span> <span class='ocrx_word' id='word_1_315' title='bbox 945 3689 1105 3744; x_wconf 72' lang='grc' dir='ltr'>καλεῖ</span> <span class='ocrx_word' id='word_1_316' title='bbox 1123 3706 1139 3722; x_wconf 79' lang='grc' dir='ltr'><strong><em>ο</em></strong></span> <span class='ocrx_word' id='word_1_317' title='bbox 1176 3691 1235 3743; x_wconf 84' lang='grc' dir='ltr'><strong>ἐν</strong></span> <span class='ocrx_word' id='word_1_318' title='bbox 1257 3684 1292 3763; x_wconf 77' lang='grc' dir='ltr'>ᾖ</span> <span class='ocrx_word' id='word_1_319' title='bbox 1314 3691 1465 3744; x_wconf 74' lang='grc' dir='ltr'>πᾶσα</span> <span class='ocrx_word' id='word_1_320' title='bbox 1494 3689 1593 3761; x_wconf 82' lang='grc' dir='ltr'><strong>μὲν</strong></span> <span class='ocrx_word' id='word_1_321' title='bbox 1615 3690 1955 3760; x_wconf 82' lang='grc' dir='ltr'>ἀποστατικὴ</span> 
     </span>
    </p>
   </div>
   <div class='ocr_carea' id='block_1_43' title="bbox 368 3781 1957 3855">
    <p class='ocr_par' dir='ltr' id='par_1_43' title="bbox 368 3781 1957 3855">
     <span class='ocr_line' id='line_1_43' title="bbox 368 3781 1957 3855; baseline -0.003 -15"><span class='ocrx_word' id='word_1_322' title='bbox 368 3786 601 3848; x_wconf 79' lang='grc' dir='ltr'>διάνοια,</span> <span class='ocrx_word' id='word_1_323' title='bbox 627 3781 749 3838; x_wconf 84' lang='grc' dir='ltr'>καθ’</span> <span class='ocrx_word' id='word_1_324' title='bbox 781 3782 1077 3855; x_wconf 76' lang='grc' dir='ltr'>ὁμοιότητα</span> <span class='ocrx_word' id='word_1_325' title='bbox 1097 3782 1207 3837; x_wconf 86' lang='grc' dir='ltr'><strong>τῶν</strong></span> <span class='ocrx_word' id='word_1_326' title='bbox 1230 3782 1568 3851; x_wconf 75' lang='grc' dir='ltr'>Αἰγυπτίων,</span> <span class='ocrx_word' id='word_1_327' title='bbox 1599 3782 1675 3846; x_wconf 86' lang='grc' dir='ltr'><strong>ὼς</strong></span> <span class='ocrx_word' id='word_1_328' title='bbox 1705 3781 1848 3847; x_wconf 89' lang='grc' dir='ltr'>λίθος</span> <span class='ocrx_word' id='word_1_329' title='bbox 1877 3784 1957 3847; x_wconf 89' lang='grc' dir='ltr'><strong>είς</strong></span> 
     </span>
    </p>
   </div>
   <div class='ocr_carea' id='block_1_44' title="bbox 370 3873 1958 3946">
    <p class='ocr_par' dir='ltr' id='par_1_44' title="bbox 370 3873 1958 3946">
     <span class='ocr_line' id='line_1_44' title="bbox 370 3873 1958 3946; baseline -0.001 -16"><span class='ocrx_word' id='word_1_330' title='bbox 370 3877 463 3931; x_wconf 77' lang='grc' dir='ltr'><strong>τὸν</strong></span> <span class='ocrx_word' id='word_1_331' title='bbox 487 3873 652 3946; x_wconf 82' lang='grc' dir='ltr'>βυθὸν</span> <span class='ocrx_word' id='word_1_332' title='bbox 677 3873 1025 3929; x_wconf 74' lang='grc' dir='ltr'>καταδύεται.</span> <span class='ocrx_word' id='word_1_333' title='bbox 1057 3875 1222 3929; x_wconf 86' lang='grc' dir='ltr'>Ὅσον</span> <span class='ocrx_word' id='word_1_334' title='bbox 1241 3874 1299 3929; x_wconf 76' lang='grc' dir='ltr'>δὲ</span> <span class='ocrx_word' id='word_1_335' title='bbox 1320 3873 1442 3946; x_wconf 82' lang='grc' dir='ltr'><strong>Θεῷ</strong></span> <span class='ocrx_word' id='word_1_336' title='bbox 1468 3873 1622 3945; x_wconf 83' lang='grc' dir='ltr'>φίλον</span> <span class='ocrx_word' id='word_1_337' title='bbox 1651 3873 1748 3928; x_wconf 75' lang='grc' dir='ltr'><strong>καὶ</strong></span> <span class='ocrx_word' id='word_1_338' title='bbox 1771 3874 1958 3946; x_wconf 91' lang='grc' dir='ltr'>διορα-</span> 
     </span>
    </p>
   </div>
   <div class='ocr_carea' id='block_1_45' title="bbox 369 3967 1957 4042">
    <p class='ocr_par' dir='ltr' id='par_1_45' title="bbox 369 3967 1957 4042">
     <span class='ocr_line' id='line_1_45' title="bbox 369 3967 1957 4042; baseline -0.001 -17"><span class='ocrx_word' id='word_1_339' title='bbox 369 3969 523 4025; x_wconf 81' lang='grc' dir='ltr'>τικδν</span> <span class='ocrx_word' id='word_1_340' title='bbox 567 3968 666 4039; x_wconf 86' lang='grc' dir='ltr'><strong>τῆς</strong></span> <span class='ocrx_word' id='word_1_341' title='bbox 706 3967 965 4040; x_wconf 73' lang='grc' dir='ltr'>ἀληθείας</span> <span class='ocrx_word' id='word_1_342' title='bbox 1000 3969 1186 4037; x_wconf 76' lang='grc' dir='ltr'>ἐστὶν,</span> <span class='ocrx_word' id='word_1_343' title='bbox 1210 3970 1348 4042; x_wconf 82' lang='grc' dir='ltr'>ὅπερ</span> <span class='ocrx_word' id='word_1_344' title='bbox 1404 3969 1618 4042; x_wconf 74' lang='grc' dir='ltr'>Ἰσραὴλ</span> <span class='ocrx_word' id='word_1_345' title='bbox 1661 3968 1813 4041; x_wconf 81' lang='grc' dir='ltr'>παρὰ</span> <span class='ocrx_word' id='word_1_346' title='bbox 1857 3969 1957 4040; x_wconf 87' lang='grc' dir='ltr'><strong>τῆς</strong></span> 
     </span>
    </p>
   </div>
   <div class='ocr_carea' id='block_1_46' title="bbox 369 4060 1955 4138">
    <p class='ocr_par' dir='ltr' id='par_1_46' title="bbox 369 4060 1955 4138">
     <span class='ocr_line' id='line_1_46' title="bbox 369 4060 1955 4138; baseline -0.004 -17"><span class='ocrx_word' id='word_1_347' title='bbox 369 4067 614 4138; x_wconf 69' lang='grc' dir='ltr'>ἱστορίας</span> <span class='ocrx_word' id='word_1_348' title='bbox 658 4065 993 4135; x_wconf 81' lang='grc' dir='ltr'>ὠνόμασται,</span> <span class='ocrx_word' id='word_1_349' title='bbox 1042 4062 1200 4117; x_wconf 85' lang='grc' dir='ltr'>τοῦτο</span> <span class='ocrx_word' id='word_1_350' title='bbox 1250 4060 1410 4134; x_wconf 88' lang='grc' dir='ltr'>μόνον</span> <span class='ocrx_word' id='word_1_351' title='bbox 1433 4062 1533 4127; x_wconf 74' lang='grc' dir='ltr'><strong>’ὡς</strong></span> <span class='ocrx_word' id='word_1_352' title='bbox 1568 4061 1739 4134; x_wconf 80' lang='grc' dir='ltr'>ξηρὰν</span> <span class='ocrx_word' id='word_1_353' title='bbox 1786 4061 1955 4132; x_wconf 75' lang='grc' dir='ltr'>αὐτὴν</span> 
     </span>
    </p>
   </div>
   <div class='ocr_carea' id='block_1_47' title="bbox 370 4151 1956 4229">
    <p class='ocr_par' dir='ltr' id='par_1_47' title="bbox 370 4151 1956 4229">
     <span class='ocr_line' id='line_1_47' title="bbox 370 4151 1956 4229; baseline -0.004 -17"><span class='ocrx_word' id='word_1_354' title='bbox 370 4157 728 4229; x_wconf 78' lang='grc' dir='ltr'>διεξέρχεται,</span> <span class='ocrx_word' id='word_1_355' title='bbox 757 4154 997 4228; x_wconf 84' lang='grc' dir='ltr'>οὐδαμοῦ</span> <span class='ocrx_word' id='word_1_356' title='bbox 1025 4154 1125 4226; x_wconf 88' lang='grc' dir='ltr'><strong>τῆς</strong></span> <span class='ocrx_word' id='word_1_357' title='bbox 1142 4154 1369 4227; x_wconf 88' lang='grc' dir='ltr'>πικρίας</span> <span class='ocrx_word' id='word_1_358' title='bbox 1397 4153 1493 4208; x_wconf 73' lang='grc' dir='ltr'>καὶ</span> <span class='ocrx_word' id='word_1_359' title='bbox 1515 4153 1617 4224; x_wconf 87' lang='grc' dir='ltr'><strong>τῆς</strong></span> <span class='ocrx_word' id='word_1_360' title='bbox 1641 4153 1822 4224; x_wconf 74' lang='grc' dir='ltr'>ἅλμης</span> <span class='ocrx_word' id='word_1_361' title='bbox 1845 4151 1956 4206; x_wconf 84' lang='grc' dir='ltr'><strong>τῶν</strong></span> 
     </span>
    </p>
   </div>
   <div class='ocr_carea' id='block_1_48' title="bbox 371 4244 1956 4320">
    <p class='ocr_par' dir='ltr' id='par_1_48' title="bbox 371 4244 1956 4320">
     <span class='ocr_line' id='line_1_48' title="bbox 371 4244 1956 4320; baseline -0.006 -13"><span class='ocrx_word' id='word_1_362' title='bbox 371 4250 648 4320; x_wconf 67' lang='grc' dir='ltr'>βαυτικῶν</span> <span class='ocrx_word' id='word_1_363' title='bbox 686 4248 948 4320; x_wconf 81' lang='grc' dir='ltr'>κυμάτων</span> <span class='ocrx_word' id='word_1_364' title='bbox 987 4246 1496 4317; x_wconf 69' lang='grc' dir='ltr'>συνεφαπτόμενονθ</span> <span class='ocrx_word' id='word_1_365' title='bbox 1540 4244 1683 4300; x_wconf 72' lang='grc' dir='ltr'>οὕτω</span> <span class='ocrx_word' id='word_1_366' title='bbox 1709 4244 1956 4308; x_wconf 86' lang='grc' dir='ltr'>τυπικῶς</span> 
     </span>
    </p>
   </div>
   <div class='ocr_carea' id='block_1_49' title="bbox 368 4333 1954 4414">
    <p class='ocr_par' dir='ltr' id='par_1_49' title="bbox 368 4333 1954 4414">
     <span class='ocr_line' id='line_1_49' title="bbox 368 4333 1954 4414; baseline -0.005 -16"><span class='ocrx_word' id='word_1_367' title='bbox 368 4344 479 4398; x_wconf 73' lang='grc' dir='ltr'><strong>ὑπὸ</strong></span> <span class='ocrx_word' id='word_1_368' title='bbox 505 4340 843 4414; x_wconf 72' lang='grc' dir='ltr'>καθηγεμόνι</span> <span class='ocrx_word' id='word_1_369' title='bbox 869 4340 948 4411; x_wconf 78' lang='grc' dir='ltr'>τῷ</span> <span class='ocrx_word' id='word_1_370' title='bbox 975 4340 1125 4412; x_wconf 85' lang='grc' dir='ltr'>νόμῳ</span> <span class='ocrx_word' id='word_1_371' title='bbox 1144 4356 1157 4370; x_wconf 79' lang='grc'><strong><em>⁸</em></strong></span> <span class='ocrx_word' id='word_1_372' title='bbox 1188 4338 1358 4402; x_wconf 83' lang='grc' dir='ltr'>τύπος</span> <span class='ocrx_word' id='word_1_373' title='bbox 1385 4338 1443 4391; x_wconf 78' lang='grc' dir='ltr'>δὲ</span> <span class='ocrx_word' id='word_1_374' title='bbox 1469 4333 1539 4409; x_wconf 84' lang='grc' dir='ltr'><strong>ῆν</strong></span> <span class='ocrx_word' id='word_1_375' title='bbox 1569 4339 1599 4392; x_wconf 84' lang='grc' dir='ltr'>ὁ</span> <span class='ocrx_word' id='word_1_376' title='bbox 1627 4337 1833 4408; x_wconf 80' lang='grc' dir='ltr'>Μωσῆς</span> <span class='ocrx_word' id='word_1_377' title='bbox 1859 4336 1954 4391; x_wconf 85' lang='grc' dir='ltr'><strong>τοῦ</strong></span> 
     </span>
    </p>
   </div>
   <div class='ocr_carea' id='block_1_50' title="bbox 371 4429 1956 4508">
    <p class='ocr_par' dir='ltr' id='par_1_50' title="bbox 371 4429 1956 4508">
     <span class='ocr_line' id='line_1_50' title="bbox 371 4429 1956 4508; baseline -0.006 -17"><span class='ocrx_word' id='word_1_378' title='bbox 371 4438 560 4508; x_wconf 75' lang='grc' dir='ltr'>νόμου*</span> <span class='ocrx_word' id='word_1_379' title='bbox 591 4438 688 4490; x_wconf 80' lang='grc' dir='ltr'><strong>καὶ</strong></span> <span class='ocrx_word' id='word_1_380' title='bbox 710 4438 741 4491; x_wconf 81' lang='grc' dir='ltr'>ὁ</span> <span class='ocrx_word' id='word_1_381' title='bbox 780 4433 998 4506; x_wconf 76' lang='grc' dir='ltr'>Ἰσραὴλ</span> <span class='ocrx_word' id='word_1_382' title='bbox 1027 4433 1128 4505; x_wconf 86' lang='grc' dir='ltr'>τὴν</span> <span class='ocrx_word' id='word_1_383' title='bbox 1155 4431 1429 4487; x_wconf 79' lang='grc' dir='ltr'>θάλασσαν</span> <span class='ocrx_word' id='word_1_384' title='bbox 1450 4431 1771 4503; x_wconf 87' lang='grc' dir='ltr'>διεπέρασεν</span> <span class='ocrx_word' id='word_1_385' title='bbox 1792 4429 1956 4501; x_wconf 78' lang='grc' dir='ltr'>ἄϐρο-</span> 
     </span>
    </p>
   </div>
   <div class='ocr_carea' id='block_1_51' title="bbox 370 4520 1959 4600">
    <p class='ocr_par' dir='ltr' id='par_1_51' title="bbox 370 4520 1959 4600">
     <span class='ocr_line' id='line_1_51' title="bbox 370 4520 1959 4600; baseline -0.006 -17"><span class='ocrx_word' id='word_1_386' title='bbox 370 4546 486 4600; x_wconf 85' lang='grc' dir='ltr'>χος,</span> <span class='ocrx_word' id='word_1_387' title='bbox 514 4528 613 4582; x_wconf 72' lang='grc' dir='ltr'><strong>καὶ</strong></span> <span class='ocrx_word' id='word_1_388' title='bbox 639 4526 813 4597; x_wconf 85' lang='grc' dir='ltr'>τούτῳ</span> <span class='ocrx_word' id='word_1_389' title='bbox 841 4523 1215 4596; x_wconf 86' lang='grc' dir='ltr'>συνδιαπερῶν</span> <span class='ocrx_word' id='word_1_390' title='bbox 1243 4525 1273 4577; x_wconf 84' lang='grc' dir='ltr'>ὁ</span> <span class='ocrx_word' id='word_1_391' title='bbox 1299 4521 1597 4592; x_wconf 75' lang='grc' dir='ltr'>Αἰγύπτιος</span> <span class='ocrx_word' id='word_1_392' title='bbox 1627 4520 1959 4592; x_wconf 75' lang='grc' dir='ltr'>ὑποϐρύχιος</span> 
     </span>
    </p>
   </div>
   <div class='ocr_carea' id='block_1_52' title="bbox 369 4612 1955 4692">
    <p class='ocr_par' dir='ltr' id='par_1_52' title="bbox 369 4612 1955 4692">
     <span class='ocr_line' id='line_1_52' title="bbox 369 4612 1955 4692; baseline -0.006 -17"><span class='ocrx_word' id='word_1_393' title='bbox 369 4617 461 4692; x_wconf 80' lang='grc' dir='ltr'><strong>ῆν,</strong></span> <span class='ocrx_word' id='word_1_394' title='bbox 491 4620 753 4690; x_wconf 80' lang='grc' dir='ltr'>ἑκάτερος</span> <span class='ocrx_word' id='word_1_395' title='bbox 779 4619 883 4672; x_wconf 81' lang='grc' dir='ltr'>ὑπὸ</span> <span class='ocrx_word' id='word_1_396' title='bbox 908 4618 1009 4688; x_wconf 87' lang='grc' dir='ltr'><strong>τῆς</strong></span> <span class='ocrx_word' id='word_1_397' title='bbox 1041 4614 1438 4688; x_wconf 88' lang='grc' dir='ltr'>συμπαρούσης</span> <span class='ocrx_word' id='word_1_398' title='bbox 1460 4612 1608 4684; x_wconf 81' lang='grc' dir='ltr'>αὐτῷ</span> <span class='ocrx_word' id='word_1_399' title='bbox 1642 4612 1955 4676; x_wconf 79' lang='grc' dir='ltr'>διαθέσεως,</span> 
     </span>
    </p>
   </div>
   <div class='ocr_carea' id='block_1_53' title="bbox 365 4704 1956 4785">
    <p class='ocr_par' dir='ltr' id='par_1_53' title="bbox 365 4704 1956 4785">
     <span class='ocr_line' id='line_1_53' title="bbox 365 4704 1956 4785; baseline -0.008 -16"><span class='ocrx_word' id='word_1_400' title='bbox 365 4715 402 4769; x_wconf 76' lang='grc' dir='ltr'><em>ὁ</em></span> <span class='ocrx_word' id='word_1_401' title='bbox 436 4714 538 4785; x_wconf 80' lang='grc' dir='ltr'><strong>μὲν</strong></span> <span class='ocrx_word' id='word_1_402' title='bbox 563 4712 782 4781; x_wconf 83' lang='grc' dir='ltr'>κούφως</span> <span class='ocrx_word' id='word_1_403' title='bbox 816 4709 1045 4776; x_wconf 76' lang='grc' dir='ltr'>διεξιὼν,</span> <span class='ocrx_word' id='word_1_404' title='bbox 1087 4710 1116 4762; x_wconf 92' lang='grc' dir='ltr'><strong>ό</strong></span> <span class='ocrx_word' id='word_1_405' title='bbox 1143 4708 1202 4762; x_wconf 74' lang='grc' dir='ltr'>δὲ</span> <span class='ocrx_word' id='word_1_406' title='bbox 1228 4708 1307 4772; x_wconf 82' lang='grc' dir='ltr'><strong>είς</strong></span> <span class='ocrx_word' id='word_1_407' title='bbox 1339 4705 1499 4777; x_wconf 84' lang='grc' dir='ltr'>βυθὸν</span> <span class='ocrx_word' id='word_1_408' title='bbox 1527 4704 1956 4775; x_wconf 74' lang='grc' dir='ltr'>καθελκόμενοςο</span> 
     </span>
    </p>
   </div>
   <div class='ocr_carea' id='block_1_54' title="bbox 370 4794 1954 4875">
    <p class='ocr_par' dir='ltr' id='par_1_54' title="bbox 370 4794 1954 4875">
     <span class='ocr_line' id='line_1_54' title="bbox 370 4794 1954 4875; baseline -0.008 -15"><span class='ocrx_word' id='word_1_409' title='bbox 370 4805 574 4875; x_wconf 84' lang='grc' dir='ltr'>κοῦφον</span> <span class='ocrx_word' id='word_1_410' title='bbox 605 4803 705 4875; x_wconf 76' lang='grc' dir='ltr'><strong>μὲν</strong></span> <span class='ocrx_word' id='word_1_411' title='bbox 735 4803 845 4874; x_wconf 81' lang='grc' dir='ltr'>γάρ</span> <span class='ocrx_word' id='word_1_412' title='bbox 881 4820 933 4856; x_wconf 91' lang='grc' dir='ltr'><strong>τι</strong></span> <span class='ocrx_word' id='word_1_413' title='bbox 972 4801 1066 4855; x_wconf 78' lang='grc' dir='ltr'>καὶ</span> <span class='ocrx_word' id='word_1_414' title='bbox 1105 4800 1384 4873; x_wconf 77' lang='grc' dir='ltr'>ἀνωφερὲς</span> <span class='ocrx_word' id='word_1_415' title='bbox 1418 4799 1651 4869; x_wconf 79' lang='grc' dir='ltr'>πρᾶγμα</span> <span class='ocrx_word' id='word_1_416' title='bbox 1686 4797 1721 4868; x_wconf 79' lang='grc' dir='ltr'>ἡ</span> <span class='ocrx_word' id='word_1_417' title='bbox 1761 4794 1954 4867; x_wconf 77' lang='grc' dir='ltr'>ἀρετή.</span> 
     </span>
    </p>
   </div>
   <div class='ocr_carea' id='block_1_55' title="bbox 369 4887 1957 4966">
    <p class='ocr_par' dir='ltr' id='par_1_55' title="bbox 369 4887 1957 4966">
     <span class='ocr_line' id='line_1_55' title="bbox 369 4887 1957 4966; baseline -0.008 -14"><span class='ocrx_word' id='word_1_418' title='bbox 369 4898 579 4961; x_wconf 77' lang='grc' dir='ltr'>Πάντες</span> <span class='ocrx_word' id='word_1_419' title='bbox 608 4894 721 4966; x_wconf 82' lang='grc' dir='ltr'>γὰρ</span> <span class='ocrx_word' id='word_1_420' title='bbox 748 4896 799 4948; x_wconf 91' lang='grc' dir='ltr'><strong>οἱ</strong></span> <span class='ocrx_word' id='word_1_421' title='bbox 832 4893 953 4948; x_wconf 83' lang='grc' dir='ltr'>κατ’</span> <span class='ocrx_word' id='word_1_422' title='bbox 985 4893 1154 4963; x_wconf 80' lang='grc' dir='ltr'>αὐτὴν</span> <span class='ocrx_word' id='word_1_423' title='bbox 1184 4891 1385 4957; x_wconf 76' lang='grc' dir='ltr'>ζῶντες</span> <span class='ocrx_word' id='word_1_424' title='bbox 1411 4891 1487 4955; x_wconf 82' lang='grc' dir='ltr'>ὡς</span> <span class='ocrx_word' id='word_1_425' title='bbox 1511 4888 1731 4958; x_wconf 81' lang='grc' dir='ltr'>νεφέλαι</span> <span class='ocrx_word' id='word_1_426' title='bbox 1763 4887 1957 4941; x_wconf 82' lang='grc' dir='ltr'>πέτον-</span> 
     </span>
    </p>
   </div>
   <div class='ocr_carea' id='block_1_56' title="bbox 369 4978 1955 5055">
    <p class='ocr_par' dir='ltr' id='par_1_56' title="bbox 369 4978 1955 5055">
     <span class='ocr_line' id='line_1_56' title="bbox 369 4978 1955 5055; baseline -0.008 -13"><span class='ocrx_word' id='word_1_427' title='bbox 369 5005 482 5054; x_wconf 84' lang='grc' dir='ltr'>ται,</span> <span class='ocrx_word' id='word_1_428' title='bbox 505 4987 651 5041; x_wconf 82' lang='grc' dir='ltr'>κατὰ</span> <span class='ocrx_word' id='word_1_429' title='bbox 672 4987 765 5040; x_wconf 83' lang='grc' dir='ltr'><strong>τὸν</strong></span> <span class='ocrx_word' id='word_1_430' title='bbox 808 4985 1053 5050; x_wconf 68' lang='grc' dir='ltr'>Ἡσαΐαν,</span> <span class='ocrx_word' id='word_1_431' title='bbox 1089 4985 1184 5039; x_wconf 78' lang='grc' dir='ltr'><strong>καὶ</strong></span> <span class='ocrx_word' id='word_1_432' title='bbox 1217 4984 1294 5047; x_wconf 78' lang='grc' dir='ltr'>ὡς</span> <span class='ocrx_word' id='word_1_433' title='bbox 1325 4979 1646 5055; x_wconf 73' lang='grc' dir='ltr'>περιστεραὶ</span> <span class='ocrx_word' id='word_1_434' title='bbox 1680 4978 1779 5033; x_wconf 80' lang='grc' dir='ltr'><strong>σὺν</strong></span> <span class='ocrx_word' id='word_1_435' title='bbox 1802 4994 1955 5032; x_wconf 84' lang='grc' dir='ltr'>νεοσ-</span> 
     </span>
    </p>
   </div>
   <div class='ocr_carea' id='block_1_57' title="bbox 371 5072 1957 5150">
    <p class='ocr_par' dir='ltr' id='par_1_57' title="bbox 371 5072 1957 5150">
     <span class='ocr_line' id='line_1_57' title="bbox 371 5072 1957 5150; baseline -0.005 -16"><span class='ocrx_word' id='word_1_436' title='bbox 371 5081 519 5144; x_wconf 60' lang='lat' dir='ltr'><strong>ac!&quot;</strong></span> <span class='ocrx_word' id='word_1_437' title='bbox 555 5078 696 5150; x_wconf 77' lang='grc' dir='ltr'>βαρὺ</span> <span class='ocrx_word' id='word_1_438' title='bbox 729 5078 790 5132; x_wconf 81' lang='grc' dir='ltr'>δὲ</span> <span class='ocrx_word' id='word_1_439' title='bbox 818 5078 853 5149; x_wconf 72' lang='grc' dir='ltr'><strong>ἡ</strong></span> <span class='ocrx_word' id='word_1_440' title='bbox 885 5077 1150 5149; x_wconf 82' lang='grc' dir='ltr'>ἁμαρτία.</span> <span class='ocrx_word' id='word_1_441' title='bbox 1188 5075 1370 5139; x_wconf 82' lang='grc' dir='ltr'>καθώς</span> <span class='ocrx_word' id='word_1_442' title='bbox 1387 5075 1531 5146; x_wconf 77' lang='grc' dir='ltr'>,φησι</span> <span class='ocrx_word' id='word_1_443' title='bbox 1558 5090 1644 5138; x_wconf 84' lang='grc' dir='ltr'><strong>τις</strong></span> <span class='ocrx_word' id='word_1_444' title='bbox 1678 5072 1788 5127; x_wconf 88' lang='grc' dir='ltr'><strong>τῶν</strong></span> <span class='ocrx_word' id='word_1_445' title='bbox 1818 5089 1957 5145; x_wconf 84' lang='grc' dir='ltr'>προ-</span> 
     </span>
    </p>
   </div>
   <div class='ocr_carea' id='block_1_58' title="bbox 370 5165 1957 5244">
    <p class='ocr_par' dir='ltr' id='par_1_58' title="bbox 370 5165 1957 5244">
     <span class='ocr_line' id='line_1_58' title="bbox 370 5165 1957 5244; baseline -0.004 -19"><span class='ocrx_word' id='word_1_446' title='bbox 370 5171 584 5244; x_wconf 78' lang='grc' dir='ltr'>φητῶν,</span> <span class='ocrx_word' id='word_1_447' title='bbox 610 5169 706 5224; x_wconf 77' lang='grc' dir='ltr'><strong>ἐπὶ</strong></span> <span class='ocrx_word' id='word_1_448' title='bbox 726 5170 988 5226; x_wconf 79' lang='grc' dir='ltr'>τάλαντον</span> <span class='ocrx_word' id='word_1_449' title='bbox 1018 5168 1267 5240; x_wconf 87' lang='grc' dir='ltr'>μολίϐδου</span> <span class='ocrx_word' id='word_1_450' title='bbox 1289 5166 1657 5238; x_wconf 76' lang='grc' dir='ltr'>καθεζομένη.</span> <span class='ocrx_word' id='word_1_451' title='bbox 1683 5166 1746 5223; x_wconf 79' lang='lat' dir='ltr'><strong>El</strong></span> <span class='ocrx_word' id='word_1_452' title='bbox 1769 5165 1828 5219; x_wconf 84' lang='grc' dir='ltr'>δέ</span> <span class='ocrx_word' id='word_1_453' title='bbox 1847 5181 1957 5219; x_wconf 87' lang='grc' dir='ltr'>τινι</span> 
     </span>
    </p>
   </div>
   <div class='ocr_carea' id='block_1_59' title="bbox 369 5258 1957 5336">
    <p class='ocr_par' dir='ltr' id='par_1_59' title="bbox 369 5258 1957 5336">
     <span class='ocr_line' id='line_1_59' title="bbox 369 5258 1957 5336; baseline -0.005 -18"><span class='ocrx_word' id='word_1_454' title='bbox 369 5263 709 5336; x_wconf 70' lang='grc' dir='ltr'>βεϐιασμένη</span> <span class='ocrx_word' id='word_1_455' title='bbox 748 5262 844 5318; x_wconf 74' lang='grc' dir='ltr'><strong>καὶ</strong></span> <span class='ocrx_word' id='word_1_456' title='bbox 875 5259 1313 5332; x_wconf 79' lang='grc' dir='ltr'>ἀπροσκόλλητος</span> <span class='ocrx_word' id='word_1_457' title='bbox 1343 5261 1377 5331; x_wconf 76' lang='grc' dir='ltr'>ἡ</span> <span class='ocrx_word' id='word_1_458' title='bbox 1422 5258 1646 5330; x_wconf 84' lang='grc' dir='ltr'>τοιαύτη</span> <span class='ocrx_word' id='word_1_459' title='bbox 1681 5258 1781 5329; x_wconf 86' lang='grc' dir='ltr'><strong>τῆς</strong></span> <span class='ocrx_word' id='word_1_460' title='bbox 1808 5259 1957 5311; x_wconf 75' lang='grc' dir='ltr'>ιστο-</span> 
     </span>
    </p>
   </div>
   <div class='ocr_carea' id='block_1_60' title="bbox 370 5348 1955 5426">
    <p class='ocr_par' dir='ltr' id='par_1_60' title="bbox 370 5348 1955 5426">
     <span class='ocr_line' id='line_1_60' title="bbox 370 5348 1955 5426; baseline -0.005 -17"><span class='ocrx_word' id='word_1_461' title='bbox 370 5356 498 5425; x_wconf 79' lang='grc' dir='ltr'>ρίας</span> <span class='ocrx_word' id='word_1_462' title='bbox 527 5354 723 5426; x_wconf 81' lang='grc' dir='ltr'>ἐκδοχὴ</span> <span class='ocrx_word' id='word_1_463' title='bbox 747 5354 999 5424; x_wconf 84' lang='grc' dir='ltr'>φαίνεται</span> <span class='ocrx_word' id='word_1_464' title='bbox 1017 5391 1034 5416; x_wconf 86' lang='grc'><strong>,</strong></span> <span class='ocrx_word' id='word_1_465' title='bbox 1060 5350 1157 5405; x_wconf 78' lang='grc' dir='ltr'>καὶ</span> <span class='ocrx_word' id='word_1_466' title='bbox 1188 5350 1248 5402; x_wconf 78' lang='grc' dir='ltr'><strong>οὐ</strong></span> <span class='ocrx_word' id='word_1_467' title='bbox 1276 5349 1493 5421; x_wconf 73' lang='grc' dir='ltr'>δέχεται</span> <span class='ocrx_word' id='word_1_468' title='bbox 1524 5348 1955 5421; x_wconf 77' lang='grc' dir='ltr'>πρὸςὼφέλειαν</span> 
     </span>
    </p>
   </div>
   <div class='ocr_carea' id='block_1_61' title="bbox 369 5439 1957 5519">
    <p class='ocr_par' dir='ltr' id='par_1_61' title="bbox 369 5439 1957 5519">
     <span class='ocr_line' id='line_1_61' title="bbox 369 5439 1957 5519; baseline -0.02 1"><span class='ocrx_word' id='word_1_469' title='bbox 369 5446 530 5519; x_wconf 65' lang='grc' dir='ltr'><strong>ἡμῶν</strong></span> <span class='ocrx_word' id='word_1_470' title='bbox 548 5447 648 5518; x_wconf 71' lang='grc' dir='ltr'><strong>τὴν</strong></span> <span class='ocrx_word' id='word_1_471' title='bbox 665 5445 754 5502; x_wconf 70' lang='grc' dir='ltr'><strong>διὰ</strong></span> <span class='ocrx_word' id='word_1_472' title='bbox 778 5445 876 5509; x_wconf 65' lang='grc' dir='ltr'><strong>τῆς</strong></span> <span class='ocrx_word' id='word_1_473' title='bbox 905 5443 1175 5513; x_wconf 78' lang='grc' dir='ltr'>θαλάττης</span> <span class='ocrx_word' id='word_1_474' title='bbox 1194 5441 1626 5513; x_wconf 80' lang='grc' dir='ltr'>θαυματοποιίαν</span> <span class='ocrx_word' id='word_1_475' title='bbox 1645 5439 1957 5512; x_wconf 70' lang='grc' dir='ltr'>ἀναγεγρά-</span> 
     </span>
    </p>
   </div>
   <div class='ocr_carea' id='block_1_62' title="bbox 441 5716 1743 5788">
    <p class='ocr_par' dir='ltr' id='par_1_62' title="bbox 441 5716 1743 5788">
     <span class='ocr_line' id='line_1_62' title="bbox 441 5716 1743 5788; baseline -0.008 -6"><span class='ocrx_word' id='word_1_476' title='bbox 441 5721 463 5759; x_wconf 88' lang='grc'><strong>¹</strong></span> <span class='ocrx_word' id='word_1_477' title='bbox 493 5721 657 5782; x_wconf 67' lang='lat' dir='ltr'><strong>Joan.</strong></span> <span class='ocrx_word' id='word_1_478' title='bbox 693 5724 925 5788; x_wconf 52' lang='grc' dir='ltr'>τῳῶι.</span> <span class='ocrx_word' id='word_1_479' title='bbox 1049 5723 1072 5756; x_wconf 75' lang='grc'><strong><em>⁸</em></strong></span> <span class='ocrx_word' id='word_1_480' title='bbox 1113 5719 1305 5776; x_wconf 77' lang='lat' dir='ltr'><strong>Matth.</strong></span> <span class='ocrx_word' id='word_1_481' title='bbox 1346 5733 1460 5785; x_wconf 82' lang='lat' dir='ltr'><strong>xm,</strong></span> <span class='ocrx_word' id='word_1_482' title='bbox 1518 5716 1584 5772; x_wconf 67' lang='grc'>47</span> <span class='ocrx_word' id='word_1_483' title='bbox 1625 5729 1743 5787; x_wconf 85' lang='lat' dir='ltr'><strong>sqq.</strong></span> 
     </span>
    </p>
   </div>
   <div class='ocr_carea' id='block_1_63' title="bbox 697 5812 1396 5880">
    <p class='ocr_par' dir='ltr' id='par_1_63' title="bbox 697 5812 1396 5880">
     <span class='ocr_line' id='line_1_63' title="bbox 697 5812 1396 5880; baseline -0.004 -2"><span class='ocrx_word' id='word_1_484' title='bbox 697 5818 965 5880; x_wconf 63' lang='lat' dir='ltr'><strong>Panos.</strong></span> <span class='ocrx_word' id='word_1_485' title='bbox 1017 5815 1137 5878; x_wconf 82' lang='lat' dir='ltr'><strong>Gtt.</strong></span> <span class='ocrx_word' id='word_1_486' title='bbox 1170 5812 1396 5875; x_wconf 79' lang='lat' dir='ltr'><strong>XLVI.</strong></span> 
     </span>
    </p>
   </div>
   <div class='ocr_carea' id='block_1_64' title="bbox 2062 477 3641 548">
    <p class='ocr_par' dir='ltr' id='par_1_64' title="bbox 2062 477 3641 548">
     <span class='ocr_line' id='line_1_64' title="bbox 2062 477 3641 548; baseline 0.001 -16"><span class='ocrx_word' id='word_1_487' title='bbox 2062 493 2179 533; x_wconf 88' lang='lat' dir='ltr'><strong>ram</strong></span> <span class='ocrx_word' id='word_1_488' title='bbox 2206 480 2262 534; x_wconf 91' lang='lat' dir='ltr'><strong>in</strong></span> <span class='ocrx_word' id='word_1_489' title='bbox 2291 492 2351 533; x_wconf 91' lang='lat' dir='ltr'><strong>se</strong></span> <span class='ocrx_word' id='word_1_490' title='bbox 2380 478 2485 548; x_wconf 87' lang='lat' dir='ltr'><strong>ipsi</strong></span> <span class='ocrx_word' id='word_1_491' title='bbox 2517 489 2866 535; x_wconf 90' lang='lat' dir='ltr'><strong>convertunt.</strong></span> <span class='ocrx_word' id='word_1_492' title='bbox 2906 477 2998 535; x_wconf 90' lang='lat' dir='ltr'><strong>Sic</strong></span> <span class='ocrx_word' id='word_1_493' title='bbox 3036 480 3277 535; x_wconf 89' lang='lat' dir='ltr'><strong>animum</strong></span> <span class='ocrx_word' id='word_1_494' title='bbox 3307 479 3493 536; x_wconf 84' lang='lat' dir='ltr'><strong>servili</strong></span> <span class='ocrx_word' id='word_1_495' title='bbox 3518 494 3641 533; x_wconf 88' lang='lat' dir='ltr'><strong>cor-</strong></span> 
     </span>
    </p>
   </div>
   <div class='ocr_carea' id='block_1_65' title="bbox 2064 569 3641 641">
    <p class='ocr_par' dir='ltr' id='par_1_65' title="bbox 2064 569 3641 641">
     <span class='ocr_line' id='line_1_65' title="bbox 2064 569 3641 641; baseline -0.001 -17"><span class='ocrx_word' id='word_1_496' title='bbox 2064 569 2215 641; x_wconf 87' lang='lat' dir='ltr'><strong>poris</strong></span> <span class='ocrx_word' id='word_1_497' title='bbox 2246 570 2511 641; x_wconf 91' lang='lat' dir='ltr'><strong>obsequio</strong></span> <span class='ocrx_word' id='word_1_498' title='bbox 2546 570 2839 626; x_wconf 88' lang='lat' dir='ltr'><strong>liberatum</strong></span> <span class='ocrx_word' id='word_1_499' title='bbox 2887 571 2945 627; x_wconf 90' lang='lat' dir='ltr'><strong>in</strong></span> <span class='ocrx_word' id='word_1_500' title='bbox 2980 571 3128 629; x_wconf 88' lang='lat' dir='ltr'><strong>illius</strong></span> <span class='ocrx_word' id='word_1_501' title='bbox 3158 572 3371 628; x_wconf 91' lang='lat' dir='ltr'><strong>versari</strong></span> <span class='ocrx_word' id='word_1_502' title='bbox 3400 570 3641 626; x_wconf 77' lang='lat' dir='ltr'><strong>arbitror</strong></span> 
     </span>
    </p>
   </div>
   <div class='ocr_carea' id='block_1_66' title="bbox 2064 660 3640 734">
    <p class='ocr_par' dir='ltr' id='par_1_66' title="bbox 2064 660 3640 734">
     <span class='ocr_line' id='line_1_66' title="bbox 2064 660 3640 734; baseline 0 -20"><span class='ocrx_word' id='word_1_503' title='bbox 2064 660 2302 717; x_wconf 84' lang='lat' dir='ltr'><strong>actionis</strong></span> <span class='ocrx_word' id='word_1_504' title='bbox 2354 661 2689 732; x_wconf 77' lang='lat' dir='ltr'><strong>cognitione,</strong></span> <span class='ocrx_word' id='word_1_505' title='bbox 2730 676 2852 732; x_wconf 63' lang='lat' dir='ltr'><strong>qua!</strong></span> <span class='ocrx_word' id='word_1_506' title='bbox 2907 662 3015 718; x_wconf 87' lang='lat' dir='ltr'><strong>sibi</strong></span> <span class='ocrx_word' id='word_1_507' title='bbox 3050 662 3272 734; x_wconf 86' lang='lat' dir='ltr'><strong>propria</strong></span> <span class='ocrx_word' id='word_1_508' title='bbox 3305 669 3391 718; x_wconf 86' lang='lat' dir='ltr'><strong>est</strong></span> <span class='ocrx_word' id='word_1_509' title='bbox 3439 676 3503 715; x_wconf 91' lang='lat' dir='ltr'><strong>ac</strong></span> <span class='ocrx_word' id='word_1_510' title='bbox 3540 676 3640 715; x_wconf 86' lang='lat' dir='ltr'><strong>na-</strong></span> 
     </span>
    </p>
   </div>
   <div class='ocr_carea' id='block_1_67' title="bbox 2064 751 3735 825">
    <p class='ocr_par' dir='ltr' id='par_1_67' title="bbox 2064 751 3735 825">
     <span class='ocr_line' id='line_1_67' title="bbox 2064 751 3735 825; baseline 0 -19"><span class='ocrx_word' id='word_1_511' title='bbox 2064 752 2297 810; x_wconf 85' lang='lat' dir='ltr'><strong>turalis:</strong></span> <span class='ocrx_word' id='word_1_512' title='bbox 2326 753 2599 824; x_wconf 85' lang='lat' dir='ltr'><strong>siquidem</strong></span> <span class='ocrx_word' id='word_1_513' title='bbox 2628 753 2879 817; x_wconf 86' lang='lat' dir='ltr'><strong>libertas,</strong></span> <span class='ocrx_word' id='word_1_514' title='bbox 2933 761 2993 809; x_wconf 84' lang='lat' dir='ltr'><strong>ut</strong></span> <span class='ocrx_word' id='word_1_515' title='bbox 3036 753 3105 809; x_wconf 91' lang='lat' dir='ltr'><strong>ab</strong></span> <span class='ocrx_word' id='word_1_516' title='bbox 3151 753 3414 825; x_wconf 87' lang='lat' dir='ltr'><strong>Apostolo</strong></span> <span class='ocrx_word' id='word_1_517' title='bbox 3447 751 3642 807; x_wconf 83' lang='lat' dir='ltr'><strong>didici-</strong></span> <span class='ocrx_word' id='word_1_518' title='bbox 3714 798 3735 806; x_wconf 91' lang='lat'><strong>..</strong></span> 
     </span>
    </p>
   </div>
   <div class='ocr_carea' id='block_1_68' title="bbox 2065 842 3640 916">
    <p class='ocr_par' dir='ltr' id='par_1_68' title="bbox 2065 842 3640 916">
     <span class='ocr_line' id='line_1_68' title="bbox 2065 842 3640 916; baseline -0.001 -19"><span class='ocrx_word' id='word_1_519' title='bbox 2065 859 2208 908; x_wconf 90' lang='lat' dir='ltr'><strong>mus,</strong></span> <span class='ocrx_word' id='word_1_520' title='bbox 2245 844 2299 899; x_wconf 90' lang='lat' dir='ltr'><strong>in</strong></span> <span class='ocrx_word' id='word_1_521' title='bbox 2334 860 2400 900; x_wconf 90' lang='lat' dir='ltr'><strong>eo</strong></span> <span class='ocrx_word' id='word_1_522' title='bbox 2429 852 2533 911; x_wconf 91' lang='lat' dir='ltr'><strong>est,</strong></span> <span class='ocrx_word' id='word_1_523' title='bbox 2569 853 2630 900; x_wconf 90' lang='lat' dir='ltr'><strong>ut</strong></span> <span class='ocrx_word' id='word_1_524' title='bbox 2679 862 2747 902; x_wconf 90' lang='lat' dir='ltr'><strong>ne</strong></span> <span class='ocrx_word' id='word_1_525' title='bbox 2790 847 2916 916; x_wconf 86' lang='lat' dir='ltr'><strong>quis</strong></span> <span class='ocrx_word' id='word_1_526' title='bbox 2964 861 3160 901; x_wconf 83' lang='lat' dir='ltr'><strong>rursus</strong></span> <span class='ocrx_word' id='word_1_527' title='bbox 3198 844 3483 901; x_wconf 76' lang='lat' dir='ltr'><strong>servitutis</strong></span> <span class='ocrx_word' id='word_1_528' title='bbox 3508 842 3640 914; x_wconf 84' lang='lat' dir='ltr'><strong>jugo</strong></span> 
     </span>
    </p>
   </div>
   <div class='ocr_carea' id='block_1_69' title="bbox 2064 936 3641 1010">
    <p class='ocr_par' dir='ltr' id='par_1_69' title="bbox 2064 936 3641 1010">
     <span class='ocr_line' id='line_1_69' title="bbox 2064 936 3641 1010; baseline -0.003 -17"><span class='ocrx_word' id='word_1_529' title='bbox 2064 938 2323 1009; x_wconf 86' lang='lat' dir='ltr'><strong>illigetur,</strong></span> <span class='ocrx_word' id='word_1_530' title='bbox 2358 954 2537 1010; x_wconf 90' lang='lat' dir='ltr'><strong>neque</strong></span> <span class='ocrx_word' id='word_1_531' title='bbox 2580 946 2839 1010; x_wconf 83' lang='lat' dir='ltr'><strong>tanquam</strong></span> <span class='ocrx_word' id='word_1_532' title='bbox 2873 954 3066 995; x_wconf 90' lang='lat' dir='ltr'><strong>servus</strong></span> <span class='ocrx_word' id='word_1_533' title='bbox 3103 936 3390 1008; x_wconf 78' lang='lat' dir='ltr'><strong>fugitivus,</strong></span> <span class='ocrx_word' id='word_1_534' title='bbox 3420 944 3514 990; x_wconf 88' lang='lat' dir='ltr'><strong>aut</strong></span> <span class='ocrx_word' id='word_1_535' title='bbox 3546 951 3641 990; x_wconf 84' lang='lat' dir='ltr'><strong>ve-</strong></span> 
     </span>
    </p>
   </div>
   <div class='ocr_carea' id='block_1_70' title="bbox 2063 1026 3636 1100">
    <p class='ocr_par' dir='ltr' id='par_1_70' title="bbox 2063 1026 3636 1100">
     <span class='ocr_line' id='line_1_70' title="bbox 2063 1026 3636 1100; baseline -0.003 -18"><span class='ocrx_word' id='word_1_536' title='bbox 2063 1036 2272 1084; x_wconf 87' lang='lat' dir='ltr'><strong>terator</strong></span> <span class='ocrx_word' id='word_1_537' title='bbox 2301 1029 2502 1095; x_wconf 80' lang='lat' dir='ltr'><strong>iactus,</strong></span> <span class='ocrx_word' id='word_1_538' title='bbox 2549 1031 2864 1100; x_wconf 87' lang='lat' dir='ltr'><strong>nuptiarum</strong></span> <span class='ocrx_word' id='word_1_539' title='bbox 2912 1027 3268 1100; x_wconf 85' lang='lat' dir='ltr'><strong>compedibus</strong></span> <span class='ocrx_word' id='word_1_540' title='bbox 3299 1029 3516 1083; x_wconf 86' lang='lat' dir='ltr'><strong>vinctus</strong></span> <span class='ocrx_word' id='word_1_541' title='bbox 3546 1026 3636 1082; x_wconf 85' lang='lat' dir='ltr'><strong>sit.</strong></span> 
     </span>
    </p>
   </div>
   <div class='ocr_carea' id='block_1_71' title="bbox 2065 1118 3642 1190">
    <p class='ocr_par' dir='ltr' id='par_1_71' title="bbox 2065 1118 3642 1190">
     <span class='ocr_line' id='line_1_71' title="bbox 2065 1118 3642 1190; baseline -0.001 -16"><span class='ocrx_word' id='word_1_542' title='bbox 2065 1119 2173 1174; x_wconf 86' lang='lat' dir='ltr'><strong>Sed</strong></span> <span class='ocrx_word' id='word_1_543' title='bbox 2205 1119 2273 1174; x_wconf 85' lang='lat' dir='ltr'><strong>ad</strong></span> <span class='ocrx_word' id='word_1_544' title='bbox 2312 1119 2491 1190; x_wconf 89' lang='lat' dir='ltr'><strong>ipsum</strong></span> <span class='ocrx_word' id='word_1_545' title='bbox 2534 1119 2751 1174; x_wconf 92' lang='lat' dir='ltr'><strong>initium</strong></span> <span class='ocrx_word' id='word_1_546' title='bbox 2795 1120 2911 1174; x_wconf 63' lang='lat' dir='ltr'><strong>haec</strong></span> <span class='ocrx_word' id='word_1_547' title='bbox 2946 1134 3066 1174; x_wconf 88' lang='lat' dir='ltr'><strong>mea</strong></span> <span class='ocrx_word' id='word_1_548' title='bbox 3102 1118 3243 1174; x_wconf 86' lang='lat' dir='ltr'><strong>redit</strong></span> <span class='ocrx_word' id='word_1_549' title='bbox 3284 1119 3481 1182; x_wconf 88' lang='lat' dir='ltr'><strong>oratio,</strong></span> <span class='ocrx_word' id='word_1_550' title='bbox 3505 1132 3642 1188; x_wconf 82' lang='lat' dir='ltr'><strong>quo-</strong></span> 
     </span>
    </p>
   </div>
   <div class='ocr_carea' id='block_1_72' title="bbox 2063 1209 3641 1281">
    <p class='ocr_par' dir='ltr' id='par_1_72' title="bbox 2063 1209 3641 1281">
     <span class='ocr_line' id='line_1_72' title="bbox 2063 1209 3641 1281; baseline -0.001 -18"><span class='ocrx_word' id='word_1_551' title='bbox 2063 1210 2210 1264; x_wconf 83' lang='lat' dir='ltr'><strong>niam</strong></span> <span class='ocrx_word' id='word_1_552' title='bbox 2254 1225 2363 1264; x_wconf 92' lang='lat' dir='ltr'><strong>non</strong></span> <span class='ocrx_word' id='word_1_553' title='bbox 2422 1212 2478 1264; x_wconf 94' lang='lat' dir='ltr'><strong>in</strong></span> <span class='ocrx_word' id='word_1_554' title='bbox 2513 1224 2579 1265; x_wconf 93' lang='lat' dir='ltr'><strong>eo</strong></span> <span class='ocrx_word' id='word_1_555' title='bbox 2630 1210 2809 1266; x_wconf 89' lang='lat' dir='ltr'><strong>solum</strong></span> <span class='ocrx_word' id='word_1_556' title='bbox 2856 1209 3097 1281; x_wconf 84' lang='lat' dir='ltr'><strong>perfecta</strong></span> <span class='ocrx_word' id='word_1_557' title='bbox 3135 1217 3220 1265; x_wconf 88' lang='lat' dir='ltr'><strong>est</strong></span> <span class='ocrx_word' id='word_1_558' title='bbox 3245 1209 3579 1271; x_wconf 83' lang='lat' dir='ltr'><strong>libertas,‘ut</strong></span> <span class='ocrx_word' id='word_1_559' title='bbox 3610 1226 3641 1262; x_wconf 73' lang='grc' dir='ltr'><strong>ιι</strong></span> 
     </span>
    </p>
   </div>
   <div class='ocr_carea' id='block_1_73' title="bbox 2062 1301 3643 1373">
    <p class='ocr_par' dir='ltr' id='par_1_73' title="bbox 2062 1301 3643 1373">
     <span class='ocr_line' id='line_1_73' title="bbox 2062 1301 3643 1373; baseline 0 -16"><span class='ocrx_word' id='word_1_560' title='bbox 2062 1303 2275 1373; x_wconf 83' lang='lat' dir='ltr'><strong>nuptiis</strong></span> <span class='ocrx_word' id='word_1_561' title='bbox 2310 1303 2654 1358; x_wconf 84' lang='lat' dir='ltr'><strong>abstineatur</strong></span> <span class='ocrx_word' id='word_1_562' title='bbox 2685 1322 2698 1357; x_wconf 94' lang='lat'>:</span> <span class='ocrx_word' id='word_1_563' title='bbox 2732 1318 2802 1357; x_wconf 92' lang='lat' dir='ltr'><strong>ne</strong></span> <span class='ocrx_word' id='word_1_564' title='bbox 2851 1301 2977 1373; x_wconf 87' lang='lat' dir='ltr'><strong>quis</strong></span> <span class='ocrx_word' id='word_1_565' title='bbox 3031 1302 3106 1361; x_wconf 86' lang='lat' dir='ltr'><strong>ita</strong></span> <span class='ocrx_word' id='word_1_566' title='bbox 3159 1303 3414 1371; x_wconf 76' lang='lat' dir='ltr'><strong>exiguum</strong></span> <span class='ocrx_word' id='word_1_567' title='bbox 3447 1309 3499 1357; x_wconf 88' lang='lat' dir='ltr'><strong>et</strong></span> <span class='ocrx_word' id='word_1_568' title='bbox 3537 1302 3643 1357; x_wconf 87' lang='lat' dir='ltr'><strong>vile</strong></span> 
     </span>
    </p>
   </div>
   <div class='ocr_carea' id='block_1_74' title="bbox 2062 1393 3643 1467">
    <p class='ocr_par' dir='ltr' id='par_1_74' title="bbox 2062 1393 3643 1467">
     <span class='ocr_line' id='line_1_74' title="bbox 2062 1393 3643 1467; baseline -0.003 -16"><span class='ocrx_word' id='word_1_569' title='bbox 2062 1402 2216 1466; x_wconf 92' lang='lat' dir='ltr'><strong>putet</strong></span> <span class='ocrx_word' id='word_1_570' title='bbox 2242 1395 2346 1449; x_wconf 86' lang='lat' dir='ltr'><strong>hoc</strong></span> <span class='ocrx_word' id='word_1_571' title='bbox 2380 1394 2713 1467; x_wconf 77' lang='lat' dir='ltr'><strong>virginitatis</strong></span> <span class='ocrx_word' id='word_1_572' title='bbox 2744 1393 3003 1458; x_wconf 77' lang='lat' dir='ltr'><strong>alliciunt,</strong></span> <span class='ocrx_word' id='word_1_573' title='bbox 3030 1401 3293 1464; x_wconf 87' lang='lat' dir='ltr'><strong>tanquam</strong></span> <span class='ocrx_word' id='word_1_574' title='bbox 3321 1408 3490 1463; x_wconf 84' lang='lat' dir='ltr'><strong>parvo</strong></span> <span class='ocrx_word' id='word_1_575' title='bbox 3518 1406 3643 1447; x_wconf 82' lang='lat' dir='ltr'><strong>car—</strong></span> 
     </span>
    </p>
   </div>
   <div class='ocr_carea' id='block_1_75' title="bbox 2061 1484 3644 1558">
    <p class='ocr_par' dir='ltr' id='par_1_75' title="bbox 2061 1484 3644 1558">
     <span class='ocr_line' id='line_1_75' title="bbox 2061 1484 3644 1558; baseline 0 -16"><span class='ocrx_word' id='word_1_576' title='bbox 2061 1489 2149 1544; x_wconf 86' lang='lat' dir='ltr'><strong>nis</strong></span> <span class='ocrx_word' id='word_1_577' title='bbox 2178 1489 2360 1544; x_wconf 88' lang='lat' dir='ltr'><strong>solum</strong></span> <span class='ocrx_word' id='word_1_578' title='bbox 2396 1487 2756 1557; x_wconf 73' lang='lat' dir='ltr'><strong>reprimendae</strong></span> <span class='ocrx_word' id='word_1_579' title='bbox 2786 1494 3058 1558; x_wconf 60' lang='lat' dir='ltr'><strong>praecepto</strong></span> <span class='ocrx_word' id='word_1_580' title='bbox 3098 1502 3158 1542; x_wconf 89' lang='lat' dir='ltr'><strong>se</strong></span> <span class='ocrx_word' id='word_1_581' title='bbox 3190 1484 3430 1558; x_wconf 75' lang='lat' dir='ltr'><strong>perfecte</strong></span> <span class='ocrx_word' id='word_1_582' title='bbox 3482 1500 3644 1557; x_wconf 85' lang='lat' dir='ltr'><strong>agere</strong></span> 
     </span>
    </p>
   </div>
   <div class='ocr_carea' id='block_1_76' title="bbox 2062 1576 3639 1650">
    <p class='ocr_par' dir='ltr' id='par_1_76' title="bbox 2062 1576 3639 1650">
     <span class='ocr_line' id='line_1_76' title="bbox 2062 1576 3639 1650; baseline -0.003 -15"><span class='ocrx_word' id='word_1_583' title='bbox 2062 1581 2383 1636; x_wconf 85' lang='lat' dir='ltr'><strong>arbitretur.</strong></span> <span class='ocrx_word' id='word_1_584' title='bbox 2421 1578 2534 1636; x_wconf 88' lang='lat' dir='ltr'><strong>Sed</strong></span> <span class='ocrx_word' id='word_1_585' title='bbox 2572 1580 2831 1650; x_wconf 88' lang='lat' dir='ltr'><strong>quoniam</strong></span> <span class='ocrx_word' id='word_1_586' title='bbox 2881 1579 3134 1650; x_wconf 90' lang='lat' dir='ltr'><strong>quisquis</strong></span> <span class='ocrx_word' id='word_1_587' title='bbox 3166 1586 3451 1650; x_wconf 80' lang='lat' dir='ltr'><strong>peccatum</strong></span> <span class='ocrx_word' id='word_1_588' title='bbox 3488 1576 3639 1644; x_wconf 83' lang='lat' dir='ltr'><strong>facit,</strong></span> 
     </span>
    </p>
   </div>
   <div class='ocr_carea' id='block_1_77' title="bbox 2063 1670 3646 1742">
    <p class='ocr_par' dir='ltr' id='par_1_77' title="bbox 2063 1670 3646 1742">
     <span class='ocr_line' id='line_1_77' title="bbox 2063 1670 3646 1742; baseline -0.004 -13"><span class='ocrx_word' id='word_1_589' title='bbox 2063 1688 2258 1729; x_wconf 85' lang='lat' dir='ltr'><strong>servus</strong></span> <span class='ocrx_word' id='word_1_590' title='bbox 2280 1678 2367 1727; x_wconf 87' lang='lat' dir='ltr'><strong>est</strong></span> <span class='ocrx_word' id='word_1_591' title='bbox 2405 1671 2612 1742; x_wconf 87' lang='lat' dir='ltr'><strong>peccati</strong></span> <span class='ocrx_word' id='word_1_592' title='bbox 2633 1673 2686 1738; x_wconf 87' lang='grc'><strong>¹;</strong></span> <span class='ocrx_word' id='word_1_593' title='bbox 2720 1672 2812 1726; x_wconf 87' lang='lat' dir='ltr'><strong>illa</strong></span> <span class='ocrx_word' id='word_1_594' title='bbox 2846 1670 2902 1727; x_wconf 86' lang='lat' dir='ltr'><strong>in</strong></span> <span class='ocrx_word' id='word_1_595' title='bbox 2930 1671 3078 1726; x_wconf 90' lang='lat' dir='ltr'><strong>omni</strong></span> <span class='ocrx_word' id='word_1_596' title='bbox 3115 1686 3177 1727; x_wconf 86' lang='lat' dir='ltr'><strong>re</strong></span> <span class='ocrx_word' id='word_1_597' title='bbox 3204 1671 3495 1741; x_wconf 76' lang='lat' dir='ltr'><strong>studioque</strong></span> <span class='ocrx_word' id='word_1_598' title='bbox 3525 1684 3646 1741; x_wconf 87' lang='lat' dir='ltr'><strong>pra-</strong></span> 
     </span>
    </p>
   </div>
   <div class='ocr_carea' id='block_1_78' title="bbox 2062 1852 3641 1925">
    <p class='ocr_par' dir='ltr' id='par_1_78' title="bbox 2062 1852 3641 1925">
     <span class='ocr_line' id='line_1_78' title="bbox 2062 1852 3641 1925; baseline -0.002 -15"><span class='ocrx_word' id='word_1_599' title='bbox 2062 1854 2315 1910; x_wconf 82' lang='lat' dir='ltr'><strong>servituti</strong></span> <span class='ocrx_word' id='word_1_600' title='bbox 2345 1854 2588 1924; x_wconf 89' lang='lat' dir='ltr'><strong>subjicit,</strong></span> <span class='ocrx_word' id='word_1_601' title='bbox 2618 1855 2849 1925; x_wconf 87' lang='lat' dir='ltr'><strong>vitiique</strong></span> <span class='ocrx_word' id='word_1_602' title='bbox 2879 1865 3065 1909; x_wconf 92' lang='lat' dir='ltr'><strong>notam</strong></span> <span class='ocrx_word' id='word_1_603' title='bbox 3094 1854 3147 1910; x_wconf 85' lang='lat' dir='ltr'><strong>ei</strong></span> <span class='ocrx_word' id='word_1_604' title='bbox 3185 1855 3376 1920; x_wconf 86' lang='lat' dir='ltr'><strong>inurit,</strong></span> <span class='ocrx_word' id='word_1_605' title='bbox 3404 1868 3531 1908; x_wconf 87' lang='lat' dir='ltr'><strong>cum</strong></span> <span class='ocrx_word' id='word_1_606' title='bbox 3560 1852 3641 1907; x_wconf 86' lang='lat' dir='ltr'><strong>ci-</strong></span> 
     </span>
    </p>
   </div>
   <div class='ocr_carea' id='block_1_79' title="bbox 2059 1943 3641 2015">
    <p class='ocr_par' dir='ltr' id='par_1_79' title="bbox 2059 1943 3641 2015">
     <span class='ocr_line' id='line_1_79' title="bbox 2059 1943 3641 2015; baseline -0.001 -16"><span class='ocrx_word' id='word_1_607' title='bbox 2059 1945 2298 2000; x_wconf 85' lang='lat' dir='ltr'><strong>catrices</strong></span> <span class='ocrx_word' id='word_1_608' title='bbox 2341 1951 2509 2015; x_wconf 87' lang='lat' dir='ltr'><strong>atque</strong></span> <span class='ocrx_word' id='word_1_609' title='bbox 2546 1943 2855 2001; x_wconf 87' lang='lat' dir='ltr'><strong>inustioncs</strong></span> <span class='ocrx_word' id='word_1_610' title='bbox 2895 1944 3106 2014; x_wconf 87' lang='lat' dir='ltr'><strong>peccati</strong></span> <span class='ocrx_word' id='word_1_611' title='bbox 3158 1944 3335 2015; x_wconf 86' lang='lat' dir='ltr'><strong>plagis</strong></span> <span class='ocrx_word' id='word_1_612' title='bbox 3367 1943 3444 1997; x_wconf 76' lang='lat' dir='ltr'><strong>illi</strong></span> <span class='ocrx_word' id='word_1_613' title='bbox 3476 1943 3641 1998; x_wconf 83' lang='lat' dir='ltr'><strong>obdu-</strong></span> 
     </span>
    </p>
   </div>
   <div class='ocr_carea' id='block_1_80' title="bbox 2059 2032 3641 2107">
    <p class='ocr_par' dir='ltr' id='par_1_80' title="bbox 2059 2032 3641 2107">
     <span class='ocr_line' id='line_1_80' title="bbox 2059 2032 3641 2107; baseline 0.001 -19"><span class='ocrx_word' id='word_1_614' title='bbox 2059 2045 2167 2091; x_wconf 85' lang='lat' dir='ltr'><strong>cat.</strong></span> <span class='ocrx_word' id='word_1_615' title='bbox 2215 2032 2398 2101; x_wconf 86' lang='lat' dir='ltr'><strong>Quare</strong></span> <span class='ocrx_word' id='word_1_616' title='bbox 2430 2035 2524 2107; x_wconf 88' lang='lat' dir='ltr'><strong>qui</strong></span> <span class='ocrx_word' id='word_1_617' title='bbox 2552 2049 2827 2091; x_wconf 88' lang='lat' dir='ltr'><strong>summum</strong></span> <span class='ocrx_word' id='word_1_618' title='bbox 2854 2034 2961 2089; x_wconf 83' lang='lat' dir='ltr'><strong>hoc</strong></span> <span class='ocrx_word' id='word_1_619' title='bbox 3013 2034 3278 2106; x_wconf 88' lang='lat' dir='ltr'><strong>virginale</strong></span> <span class='ocrx_word' id='word_1_620' title='bbox 3323 2035 3641 2091; x_wconf 80' lang='lat' dir='ltr'><strong>institutum</strong></span> 
     </span>
    </p>
   </div>
   <div class='ocr_carea' id='block_1_81' title="bbox 2060 2129 3642 2199">
    <p class='ocr_par' dir='ltr' id='par_1_81' title="bbox 2060 2129 3642 2199">
     <span class='ocr_line' id='line_1_81' title="bbox 2060 2129 3642 2199; baseline 0.001 -15"><span class='ocrx_word' id='word_1_621' title='bbox 2060 2130 2282 2199; x_wconf 88' lang='lat' dir='ltr'><strong>assequi</strong></span> <span class='ocrx_word' id='word_1_622' title='bbox 2337 2129 2479 2196; x_wconf 89' lang='lat' dir='ltr'><strong>vult,</strong></span> <span class='ocrx_word' id='word_1_623' title='bbox 2513 2144 2638 2184; x_wconf 92' lang='lat' dir='ltr'><strong>eum</strong></span> <span class='ocrx_word' id='word_1_624' title='bbox 2666 2136 2722 2185; x_wconf 93' lang='lat' dir='ltr'><strong>et</strong></span> <span class='ocrx_word' id='word_1_625' title='bbox 2753 2129 3010 2186; x_wconf 85' lang='lat' dir='ltr'><strong>omnibus</strong></span> <span class='ocrx_word' id='word_1_626' title='bbox 3066 2130 3125 2185; x_wconf 89' lang='lat' dir='ltr'><strong>in</strong></span> <span class='ocrx_word' id='word_1_627' title='bbox 3174 2130 3341 2186; x_wconf 80' lang='lat' dir='ltr'><strong>rebus</strong></span> <span class='ocrx_word' id='word_1_628' title='bbox 3372 2132 3456 2187; x_wconf 87' lang='lat' dir='ltr'><strong>sui</strong></span> <span class='ocrx_word' id='word_1_629' title='bbox 3486 2132 3642 2188; x_wconf 79' lang='lat' dir='ltr'><strong>sitni-</strong></span> 
     </span>
    </p>
   </div>
   <div class='ocr_carea' id='block_1_82' title="bbox 2059 2221 3642 2294">
    <p class='ocr_par' dir='ltr' id='par_1_82' title="bbox 2059 2221 3642 2294">
     <span class='ocr_line' id='line_1_82' title="bbox 2059 2221 3642 2294; baseline 0.001 -19"><span class='ocrx_word' id='word_1_630' title='bbox 2059 2221 2166 2276; x_wconf 87' lang='lat' dir='ltr'><strong>lem</strong></span> <span class='ocrx_word' id='word_1_631' title='bbox 2194 2236 2343 2287; x_wconf 89' lang='lat' dir='ltr'><strong>esse,</strong></span> <span class='ocrx_word' id='word_1_632' title='bbox 2383 2230 2439 2277; x_wconf 87' lang='lat' dir='ltr'><strong>et</strong></span> <span class='ocrx_word' id='word_1_633' title='bbox 2478 2236 2670 2291; x_wconf 80' lang='lat' dir='ltr'><strong>puram</strong></span> <span class='ocrx_word' id='word_1_634' title='bbox 2715 2221 2771 2276; x_wconf 84' lang='lat' dir='ltr'><strong>in</strong></span> <span class='ocrx_word' id='word_1_635' title='bbox 2809 2222 2961 2276; x_wconf 89' lang='lat' dir='ltr'><strong>omni</strong></span> <span class='ocrx_word' id='word_1_636' title='bbox 3000 2221 3109 2276; x_wconf 88' lang='lat' dir='ltr'><strong>vita</strong></span> <span class='ocrx_word' id='word_1_637' title='bbox 3142 2222 3512 2294; x_wconf 85' lang='lat' dir='ltr'><strong>integritatem</strong></span> <span class='ocrx_word' id='word_1_638' title='bbox 3546 2238 3642 2277; x_wconf 87' lang='lat' dir='ltr'><strong>ca-</strong></span> 
     </span>
    </p>
   </div>
   <div class='ocr_carea' id='block_1_83' title="bbox 2059 2312 3638 2386">
    <p class='ocr_par' dir='ltr' id='par_1_83' title="bbox 2059 2312 3638 2386">
     <span class='ocr_line' id='line_1_83' title="bbox 2059 2312 3638 2386; baseline 0.001 -16"><span class='ocrx_word' id='word_1_639' title='bbox 2059 2313 2414 2384; x_wconf 84' lang='lat' dir='ltr'><strong>stitatetnque</strong></span> <span class='ocrx_word' id='word_1_640' title='bbox 2446 2328 2558 2385; x_wconf 69' lang='lat' dir='ltr'><strong>pra:</strong></span> <span class='ocrx_word' id='word_1_641' title='bbox 2590 2329 2652 2370; x_wconf 89' lang='lat' dir='ltr'><strong>se</strong></span> <span class='ocrx_word' id='word_1_642' title='bbox 2679 2312 2827 2369; x_wconf 81' lang='lat' dir='ltr'><strong>ferre</strong></span> <span class='ocrx_word' id='word_1_643' title='bbox 2850 2322 3094 2385; x_wconf 78' lang='lat' dir='ltr'><strong>Oportet.</strong></span> <span class='ocrx_word' id='word_1_644' title='bbox 3125 2315 3303 2386; x_wconf 83' lang='lat' dir='ltr'><strong>Atque</strong></span> <span class='ocrx_word' id='word_1_645' title='bbox 3329 2316 3375 2373; x_wconf 90' lang='lat' dir='ltr'><strong>si</strong></span> <span class='ocrx_word' id='word_1_646' title='bbox 3398 2332 3463 2370; x_wconf 76' lang='lat' dir='ltr'><strong>ex</strong></span> <span class='ocrx_word' id='word_1_647' title='bbox 3492 2318 3638 2378; x_wconf 83' lang='lat' dir='ltr'><strong>ullis,</strong></span> 
     </span>
    </p>
   </div>
   <div class='ocr_carea' id='block_1_84' title="bbox 2060 2404 3641 2477">
    <p class='ocr_par' dir='ltr' id='par_1_84' title="bbox 2060 2404 3641 2477">
     <span class='ocr_line' id='line_1_84' title="bbox 2060 2404 3641 2477; baseline 0.003 -17"><span class='ocrx_word' id='word_1_648' title='bbox 2060 2421 2181 2476; x_wconf 77' lang='lat' dir='ltr'><strong>quae</strong></span> <span class='ocrx_word' id='word_1_649' title='bbox 2212 2420 2244 2461; x_wconf 89' lang='lat' dir='ltr'><strong>a</strong></span> <span class='ocrx_word' id='word_1_650' title='bbox 2276 2405 2465 2462; x_wconf 88' lang='lat' dir='ltr'><strong>divino</strong></span> <span class='ocrx_word' id='word_1_651' title='bbox 2504 2404 2713 2477; x_wconf 90' lang='lat' dir='ltr'><strong>Spiritu</strong></span> <span class='ocrx_word' id='word_1_652' title='bbox 2753 2415 2906 2470; x_wconf 89' lang='lat' dir='ltr'><strong>sunt,</strong></span> <span class='ocrx_word' id='word_1_653' title='bbox 2961 2408 3165 2465; x_wconf 88' lang='lat' dir='ltr'><strong>litteris</strong></span> <span class='ocrx_word' id='word_1_654' title='bbox 3215 2409 3345 2464; x_wconf 85' lang='lat' dir='ltr'><strong>huic</strong></span> <span class='ocrx_word' id='word_1_655' title='bbox 3399 2410 3641 2464; x_wconf 84' lang='lat' dir='ltr'><strong>orationi</strong></span> 
     </span>
    </p>
   </div>
   <div class='ocr_carea' id='block_1_85' title="bbox 2063 2498 3641 2569">
    <p class='ocr_par' dir='ltr' id='par_1_85' title="bbox 2063 2498 3641 2569">
     <span class='ocr_line' id='line_1_85' title="bbox 2063 2498 3641 2569; baseline 0.001 -16"><span class='ocrx_word' id='word_1_656' title='bbox 2063 2498 2437 2567; x_wconf 85' lang='lat' dir='ltr'><strong>patrocinium</strong></span> <span class='ocrx_word' id='word_1_657' title='bbox 2463 2514 2711 2569; x_wconf 66' lang='lat' dir='ltr'><strong>quaerere</strong></span> <span class='ocrx_word' id='word_1_658' title='bbox 2758 2508 2996 2569; x_wconf 83' lang='lat' dir='ltr'><strong>Oportet,</strong></span> <span class='ocrx_word' id='word_1_659' title='bbox 3051 2500 3121 2556; x_wconf 90' lang='lat' dir='ltr'><strong>ad</strong></span> <span class='ocrx_word' id='word_1_660' title='bbox 3162 2500 3413 2558; x_wconf 81' lang='lat' dir='ltr'><strong>veritatis</strong></span> <span class='ocrx_word' id='word_1_661' title='bbox 3441 2500 3641 2556; x_wconf 80' lang='lat' dir='ltr'><strong>contir-</strong></span> 
     </span>
    </p>
   </div>
   <div class='ocr_carea' id='block_1_86' title="bbox 2060 2591 3641 2663">
    <p class='ocr_par' dir='ltr' id='par_1_86' title="bbox 2060 2591 3641 2663">
     <span class='ocr_line' id='line_1_86' title="bbox 2060 2591 3641 2663; baseline 0.002 -19"><span class='ocrx_word' id='word_1_662' title='bbox 2060 2591 2359 2645; x_wconf 84' lang='lat' dir='ltr'><strong>mationem</strong></span> <span class='ocrx_word' id='word_1_663' title='bbox 2425 2605 2523 2660; x_wconf 78' lang='lat' dir='ltr'><strong>per</strong></span> <span class='ocrx_word' id='word_1_664' title='bbox 2574 2604 2635 2645; x_wconf 87' lang='lat' dir='ltr'><strong>se</strong></span> <span class='ocrx_word' id='word_1_665' title='bbox 2688 2591 2826 2646; x_wconf 83' lang='lat' dir='ltr'><strong>satis</strong></span> <span class='ocrx_word' id='word_1_666' title='bbox 2858 2600 2942 2646; x_wconf 84' lang='lat' dir='ltr'><strong>est</strong></span> <span class='ocrx_word' id='word_1_667' title='bbox 2993 2591 3197 2647; x_wconf 87' lang='lat' dir='ltr'><strong>veritas</strong></span> <span class='ocrx_word' id='word_1_668' title='bbox 3250 2593 3389 2663; x_wconf 86' lang='lat' dir='ltr'><strong>ipsa,</strong></span> <span class='ocrx_word' id='word_1_669' title='bbox 3433 2608 3555 2662; x_wconf 75' lang='lat' dir='ltr'><strong>qua:</strong></span> <span class='ocrx_word' id='word_1_670' title='bbox 3590 2594 3641 2647; x_wconf 83' lang='lat' dir='ltr'><strong>in</strong></span> 
     </span>
    </p>
   </div>
   <div class='ocr_carea' id='block_1_87' title="bbox 2061 2680 3639 2754">
    <p class='ocr_par' dir='ltr' id='par_1_87' title="bbox 2061 2680 3639 2754">
     <span class='ocr_line' id='line_1_87' title="bbox 2061 2680 3639 2754; baseline 0.003 -19"><span class='ocrx_word' id='word_1_671' title='bbox 2061 2680 2359 2754; x_wconf 76' lang='lat' dir='ltr'><strong>Evangelia</strong></span> <span class='ocrx_word' id='word_1_672' title='bbox 2396 2682 2600 2753; x_wconf 85' lang='lat' dir='ltr'><strong>aliquid</strong></span> <span class='ocrx_word' id='word_1_673' title='bbox 2634 2682 2948 2752; x_wconf 77' lang='lat' dir='ltr'><strong>ltujusmodi</strong></span> <span class='ocrx_word' id='word_1_674' title='bbox 2999 2698 3068 2739; x_wconf 83' lang='lat' dir='ltr'><strong>ex</strong></span> <span class='ocrx_word' id='word_1_675' title='bbox 3112 2685 3370 2754; x_wconf 84' lang='lat' dir='ltr'><strong>parabola</strong></span> <span class='ocrx_word' id='word_1_676' title='bbox 3407 2686 3639 2754; x_wconf 81' lang='lat' dir='ltr'><strong>quadam</strong></span> 
     </span>
    </p>
   </div>
   <div class='ocr_carea' id='block_1_88' title="bbox 2061 2776 3641 2848">
    <p class='ocr_par' dir='ltr' id='par_1_88' title="bbox 2061 2776 3641 2848">
     <span class='ocr_line' id='line_1_88' title="bbox 2061 2776 3641 2848; baseline 0 -17"><span class='ocrx_word' id='word_1_677' title='bbox 2061 2777 2220 2833; x_wconf 83' lang='lat' dir='ltr'><strong>nobis</strong></span> <span class='ocrx_word' id='word_1_678' title='bbox 2249 2776 2530 2847; x_wconf 63' lang='lat' dir='ltr'><strong>praecipit”</strong></span> <span class='ocrx_word' id='word_1_679' title='bbox 2558 2796 2571 2832; x_wconf 91' lang='lat'><strong>:</strong></span> <span class='ocrx_word' id='word_1_680' title='bbox 2596 2776 2837 2847; x_wconf 89' lang='lat' dir='ltr'><strong>optimos</strong></span> <span class='ocrx_word' id='word_1_681' title='bbox 2870 2785 3034 2847; x_wconf 87' lang='lat' dir='ltr'><strong>atque</strong></span> <span class='ocrx_word' id='word_1_682' title='bbox 3062 2778 3179 2833; x_wconf 86' lang='lat' dir='ltr'><strong>esui</strong></span> <span class='ocrx_word' id='word_1_683' title='bbox 3213 2787 3369 2846; x_wconf 86' lang='lat' dir='ltr'><strong>aptos</strong></span> <span class='ocrx_word' id='word_1_684' title='bbox 3391 2776 3576 2848; x_wconf 85' lang='lat' dir='ltr'><strong>pisces</strong></span> <span class='ocrx_word' id='word_1_685' title='bbox 3604 2794 3641 2831; x_wconf 66' lang='grc' dir='ltr'><strong>ιι</strong></span> 
     </span>
    </p>
   </div>
   <div class='ocr_carea' id='block_1_89' title="bbox 2061 2869 3639 2939">
    <p class='ocr_par' dir='ltr' id='par_1_89' title="bbox 2061 2869 3639 2939">
     <span class='ocr_line' id='line_1_89' title="bbox 2061 2869 3639 2939; baseline 0 -15"><span class='ocrx_word' id='word_1_686' title='bbox 2061 2869 2227 2925; x_wconf 86' lang='lat' dir='ltr'><strong>malis</strong></span> <span class='ocrx_word' id='word_1_687' title='bbox 2255 2884 2322 2926; x_wconf 89' lang='lat' dir='ltr'><strong>ac</strong></span> <span class='ocrx_word' id='word_1_688' title='bbox 2344 2870 2632 2925; x_wconf 84' lang='lat' dir='ltr'><strong>venenatis</strong></span> <span class='ocrx_word' id='word_1_689' title='bbox 2683 2884 2776 2924; x_wconf 86' lang='lat' dir='ltr'><strong>ars</strong></span> <span class='ocrx_word' id='word_1_690' title='bbox 2811 2869 3064 2939; x_wconf 77' lang='lat' dir='ltr'><strong>piscandi</strong></span> <span class='ocrx_word' id='word_1_691' title='bbox 3120 2871 3381 2932; x_wconf 82' lang='lat' dir='ltr'><strong>secernit,</strong></span> <span class='ocrx_word' id='word_1_692' title='bbox 3435 2876 3497 2924; x_wconf 83' lang='lat' dir='ltr'><strong>ut</strong></span> <span class='ocrx_word' id='word_1_693' title='bbox 3549 2884 3639 2933; x_wconf 75' lang='lat' dir='ltr'><strong>ne,</strong></span> 
     </span>
    </p>
   </div>
   <div class='ocr_carea' id='block_1_90' title="bbox 2062 2960 3642 3034">
    <p class='ocr_par' dir='ltr' id='par_1_90' title="bbox 2062 2960 3642 3034">
     <span class='ocr_line' id='line_1_90' title="bbox 2062 2960 3642 3034; baseline 0.001 -17"><span class='ocrx_word' id='word_1_694' title='bbox 2062 2976 2189 3017; x_wconf 88' lang='lat' dir='ltr'><strong>cum</strong></span> <span class='ocrx_word' id='word_1_695' title='bbox 2219 2960 2468 3031; x_wconf 77' lang='lat' dir='ltr'><strong>pestiferi</strong></span> <span class='ocrx_word' id='word_1_696' title='bbox 2515 2977 2582 3017; x_wconf 84' lang='lat' dir='ltr'><strong>ex</strong></span> <span class='ocrx_word' id='word_1_697' title='bbox 2635 2961 2743 3017; x_wconf 88' lang='lat' dir='ltr'><strong>illis</strong></span> <span class='ocrx_word' id='word_1_698' title='bbox 2795 2960 2963 3032; x_wconf 86' lang='lat' dir='ltr'><strong>aliqui</strong></span> <span class='ocrx_word' id='word_1_699' title='bbox 2997 2962 3053 3016; x_wconf 90' lang='lat' dir='ltr'><strong>in</strong></span> <span class='ocrx_word' id='word_1_700' title='bbox 3085 2962 3366 3018; x_wconf 84' lang='lat' dir='ltr'><strong>vasculum</strong></span> <span class='ocrx_word' id='word_1_701' title='bbox 3405 2961 3642 3034; x_wconf 86' lang='lat' dir='ltr'><strong>irrepse-</strong></span> 
     </span>
    </p>
   </div>
   <div class='ocr_carea' id='block_1_91' title="bbox 2062 3051 3642 3123">
    <p class='ocr_par' dir='ltr' id='par_1_91' title="bbox 2062 3051 3642 3123">
     <span class='ocr_line' id='line_1_91' title="bbox 2062 3051 3642 3123; baseline 0.004 -17"><span class='ocrx_word' id='word_1_702' title='bbox 2062 3051 2192 3118; x_wconf 89' lang='lat' dir='ltr'><strong>rint,</strong></span> <span class='ocrx_word' id='word_1_703' title='bbox 2224 3053 2550 3123; x_wconf 88' lang='lat' dir='ltr'><strong>optimorum</strong></span> <span class='ocrx_word' id='word_1_704' title='bbox 2574 3053 2807 3123; x_wconf 86' lang='lat' dir='ltr'><strong>piscium</strong></span> <span class='ocrx_word' id='word_1_705' title='bbox 2840 3068 2972 3109; x_wconf 90' lang='lat' dir='ltr'><strong>usus</strong></span> <span class='ocrx_word' id='word_1_706' title='bbox 2998 3053 3208 3110; x_wconf 82' lang='lat' dir='ltr'><strong>inutilis</strong></span> <span class='ocrx_word' id='word_1_707' title='bbox 3228 3053 3344 3110; x_wconf 85' lang='lat' dir='ltr'><strong>ﬁat.</strong></span> <span class='ocrx_word' id='word_1_708' title='bbox 3374 3053 3487 3111; x_wconf 86' lang='lat' dir='ltr'><strong>Hoc</strong></span> <span class='ocrx_word' id='word_1_709' title='bbox 3514 3056 3642 3112; x_wconf 83' lang='lat' dir='ltr'><strong>item</strong></span> 
     </span>
    </p>
   </div>
   <div class='ocr_carea' id='block_1_92' title="bbox 2064 3145 3640 3217">
    <p class='ocr_par' dir='ltr' id='par_1_92' title="bbox 2064 3145 3640 3217">
     <span class='ocr_line' id='line_1_92' title="bbox 2064 3145 3640 3217; baseline 0.006 -19"><span class='ocrx_word' id='word_1_710' title='bbox 2064 3159 2205 3200; x_wconf 72' lang='lat' dir='ltr'><strong>verte</strong></span> <span class='ocrx_word' id='word_1_711' title='bbox 2233 3145 2609 3215; x_wconf 65' lang='lat' dir='ltr'><strong>temperantia</strong></span> <span class='ocrx_word' id='word_1_712' title='bbox 2639 3160 2840 3201; x_wconf 89' lang='lat' dir='ltr'><strong>munus</strong></span> <span class='ocrx_word' id='word_1_713' title='bbox 2878 3154 2980 3211; x_wconf 88' lang='lat' dir='ltr'><strong>est,</strong></span> <span class='ocrx_word' id='word_1_714' title='bbox 3033 3161 3098 3202; x_wconf 80' lang='lat' dir='ltr'><strong>ex</strong></span> <span class='ocrx_word' id='word_1_715' title='bbox 3131 3148 3386 3204; x_wconf 84' lang='lat' dir='ltr'><strong>omnibus</strong></span> <span class='ocrx_word' id='word_1_716' title='bbox 3420 3149 3640 3217; x_wconf 84' lang='lat' dir='ltr'><strong>studiis,</strong></span> 
     </span>
    </p>
   </div>
   <div class='ocr_carea' id='block_1_93' title="bbox 2062 3236 3643 3312">
    <p class='ocr_par' dir='ltr' id='par_1_93' title="bbox 2062 3236 3643 3312">
     <span class='ocr_line' id='line_1_93' title="bbox 2062 3236 3643 3312; baseline 0.005 -22"><span class='ocrx_word' id='word_1_717' title='bbox 2062 3236 2208 3308; x_wconf 88' lang='lat' dir='ltr'><strong>quod</strong></span> <span class='ocrx_word' id='word_1_718' title='bbox 2242 3250 2441 3308; x_wconf 86' lang='lat' dir='ltr'><strong>purum</strong></span> <span class='ocrx_word' id='word_1_719' title='bbox 2474 3237 2671 3293; x_wconf 82' lang='lat' dir='ltr'><strong>utileve</strong></span> <span class='ocrx_word' id='word_1_720' title='bbox 2714 3244 2819 3304; x_wconf 88' lang='lat' dir='ltr'><strong>est,</strong></span> <span class='ocrx_word' id='word_1_721' title='bbox 2866 3237 2917 3292; x_wconf 87' lang='lat' dir='ltr'><strong>id</strong></span> <span class='ocrx_word' id='word_1_722' title='bbox 2968 3238 3022 3292; x_wconf 93' lang='lat' dir='ltr'><strong>in</strong></span> <span class='ocrx_word' id='word_1_723' title='bbox 3056 3239 3206 3295; x_wconf 92' lang='lat' dir='ltr'><strong>omni</strong></span> <span class='ocrx_word' id='word_1_724' title='bbox 3260 3256 3321 3296; x_wconf 90' lang='lat' dir='ltr'><strong>re</strong></span> <span class='ocrx_word' id='word_1_725' title='bbox 3369 3241 3643 3312; x_wconf 78' lang='lat' dir='ltr'><strong>deligere;</strong></span> 
     </span>
    </p>
   </div>
   <div class='ocr_carea' id='block_1_94' title="bbox 2063 3327 3641 3404">
    <p class='ocr_par' dir='ltr' id='par_1_94' title="bbox 2063 3327 3641 3404">
     <span class='ocr_line' id='line_1_94' title="bbox 2063 3327 3641 3404; baseline 0.004 -22"><span class='ocrx_word' id='word_1_726' title='bbox 2063 3327 2209 3397; x_wconf 92' lang='lat' dir='ltr'><strong>quod</strong></span> <span class='ocrx_word' id='word_1_727' title='bbox 2240 3342 2369 3382; x_wconf 91' lang='lat' dir='ltr'><strong>vero</strong></span> <span class='ocrx_word' id='word_1_728' title='bbox 2392 3328 2690 3385; x_wconf 87' lang='lat' dir='ltr'><strong>obscurum</strong></span> <span class='ocrx_word' id='word_1_729' title='bbox 2725 3336 2809 3383; x_wconf 83' lang='lat' dir='ltr'><strong>est</strong></span> <span class='ocrx_word' id='word_1_730' title='bbox 2841 3343 2908 3383; x_wconf 90' lang='lat' dir='ltr'><strong>an</strong></span> <span class='ocrx_word' id='word_1_731' title='bbox 2939 3330 3213 3401; x_wconf 77' lang='lat' dir='ltr'><strong>expediat,</strong></span> <span class='ocrx_word' id='word_1_732' title='bbox 3241 3331 3348 3387; x_wconf 80' lang='lat' dir='ltr'><strong>hoc</strong></span> <span class='ocrx_word' id='word_1_733' title='bbox 3382 3340 3641 3404; x_wconf 74' lang='lat' dir='ltr'><strong>tanquam</strong></span> 
     </span>
    </p>
   </div>
   <div class='ocr_carea' id='block_1_95' title="bbox 2064 3416 3643 3491">
    <p class='ocr_par' dir='ltr' id='par_1_95' title="bbox 2064 3416 3643 3491">
     <span class='ocr_line' id='line_1_95' title="bbox 2064 3416 3643 3491; baseline 0.004 -18"><span class='ocrx_word' id='word_1_734' title='bbox 2064 3416 2259 3474; x_wconf 87' lang='lat' dir='ltr'><strong>inutile</strong></span> <span class='ocrx_word' id='word_1_735' title='bbox 2288 3419 2539 3490; x_wconf 84' lang='lat' dir='ltr'><strong>rejicere,</strong></span> <span class='ocrx_word' id='word_1_736' title='bbox 2578 3420 2822 3491; x_wconf 88' lang='lat' dir='ltr'><strong>illudque</strong></span> <span class='ocrx_word' id='word_1_737' title='bbox 2849 3422 3127 3476; x_wconf 83' lang='lat' dir='ltr'><strong>communi</strong></span> <span class='ocrx_word' id='word_1_738' title='bbox 3157 3430 3210 3476; x_wconf 88' lang='lat' dir='ltr'><strong>et</strong></span> <span class='ocrx_word' id='word_1_739' title='bbox 3241 3423 3531 3478; x_wconf 67' lang='lat' dir='ltr'><strong>mundanae</strong></span> <span class='ocrx_word' id='word_1_740' title='bbox 3561 3424 3643 3479; x_wconf 84' lang='lat' dir='ltr'><strong>vi-</strong></span> 
     </span>
    </p>
   </div>
   <div class='ocr_carea' id='block_1_96' title="bbox 2063 3509 3643 3584">
    <p class='ocr_par' dir='ltr' id='par_1_96' title="bbox 2063 3509 3643 3584">
     <span class='ocr_line' id='line_1_96' title="bbox 2063 3509 3643 3584; baseline 0.004 -21"><span class='ocrx_word' id='word_1_741' title='bbox 2063 3518 2133 3565; x_wconf 70' lang='lat' dir='ltr'><strong>tae.</strong></span> <span class='ocrx_word' id='word_1_742' title='bbox 2183 3509 2519 3581; x_wconf 87' lang='lat' dir='ltr'><strong>relinquere,</strong></span> <span class='ocrx_word' id='word_1_743' title='bbox 2559 3525 2685 3580; x_wconf 67' lang='lat' dir='ltr'><strong>quae</strong></span> <span class='ocrx_word' id='word_1_744' title='bbox 2732 3526 2884 3566; x_wconf 85' lang='lat' dir='ltr'><strong>mare</strong></span> <span class='ocrx_word' id='word_1_745' title='bbox 2930 3511 3208 3581; x_wconf 81' lang='lat' dir='ltr'><strong>quoddam</strong></span> <span class='ocrx_word' id='word_1_746' title='bbox 3238 3521 3322 3569; x_wconf 83' lang='lat' dir='ltr'><strong>est</strong></span> <span class='ocrx_word' id='word_1_747' title='bbox 3352 3517 3643 3584; x_wconf 82' lang='lat' dir='ltr'><strong>parabola-</strong></span> 
     </span>
    </p>
   </div>
   <div class='ocr_carea' id='block_1_97' title="bbox 2062 3602 3643 3673">
    <p class='ocr_par' dir='ltr' id='par_1_97' title="bbox 2062 3602 3643 3673">
     <span class='ocr_line' id='line_1_97' title="bbox 2062 3602 3643 3673; baseline 0.003 -17"><span class='ocrx_word' id='word_1_748' title='bbox 2062 3616 2185 3656; x_wconf 88' lang='lat' dir='ltr'><strong>rum</strong></span> <span class='ocrx_word' id='word_1_749' title='bbox 2253 3602 2419 3656; x_wconf 86' lang='lat' dir='ltr'><strong>modo</strong></span> <span class='ocrx_word' id='word_1_750' title='bbox 2479 3602 2773 3671; x_wconf 83' lang='lat' dir='ltr'><strong>appellata,</strong></span> <span class='ocrx_word' id='word_1_751' title='bbox 2840 3603 3281 3673; x_wconf 87' lang='lat' dir='ltr'><strong>quandoquidem</strong></span> <span class='ocrx_word' id='word_1_752' title='bbox 3320 3603 3643 3661; x_wconf 82' lang='lat' dir='ltr'><strong>Psalmistes</strong></span> 
     </span>
    </p>
   </div>
   <div class='ocr_carea' id='block_1_98' title="bbox 2063 3691 3645 3762">
    <p class='ocr_par' dir='ltr' id='par_1_98' title="bbox 2063 3691 3645 3762">
     <span class='ocr_line' id='line_1_98' title="bbox 2063 3691 3645 3762; baseline 0.003 -15"><span class='ocrx_word' id='word_1_753' title='bbox 2063 3693 2230 3748; x_wconf 87' lang='lat' dir='ltr'><strong>etiam</strong></span> <span class='ocrx_word' id='word_1_754' title='bbox 2289 3691 2502 3761; x_wconf 87' lang='lat' dir='ltr'><strong>psalmo</strong></span> <span class='ocrx_word' id='word_1_755' title='bbox 2551 3692 2790 3762; x_wconf 87' lang='lat' dir='ltr'><strong>quodam</strong></span> <span class='ocrx_word' id='word_1_756' title='bbox 2824 3692 2983 3747; x_wconf 89' lang='lat' dir='ltr'><strong>nobis</strong></span> <span class='ocrx_word' id='word_1_757' title='bbox 3031 3692 3402 3750; x_wconf 85' lang='lat' dir='ltr'><strong>confessionis</strong></span> <span class='ocrx_word' id='word_1_758' title='bbox 3437 3695 3645 3751; x_wconf 84' lang='lat' dir='ltr'><strong>doctri-</strong></span> 
     </span>
    </p>
   </div>
   <div class='ocr_carea' id='block_1_99' title="bbox 2064 3785 3644 3857">
    <p class='ocr_par' dir='ltr' id='par_1_99' title="bbox 2064 3785 3644 3857">
     <span class='ocr_line' id='line_1_99' title="bbox 2064 3785 3644 3857; baseline 0.003 -17"><span class='ocrx_word' id='word_1_759' title='bbox 2064 3800 2189 3841; x_wconf 84' lang='lat' dir='ltr'><strong>nam</strong></span> <span class='ocrx_word' id='word_1_760' title='bbox 2217 3800 2342 3840; x_wconf 90' lang='lat' dir='ltr'><strong>cum</strong></span> <span class='ocrx_word' id='word_1_761' title='bbox 2375 3794 2632 3857; x_wconf 78' lang='lat' dir='ltr'><strong>exponat,</strong></span> <span class='ocrx_word' id='word_1_762' title='bbox 2668 3785 2928 3841; x_wconf 76' lang='lat' dir='ltr'><strong>caducam</strong></span> <span class='ocrx_word' id='word_1_763' title='bbox 2963 3785 3124 3851; x_wconf 87' lang='lat' dir='ltr'><strong>hanc,</strong></span> <span class='ocrx_word' id='word_1_764' title='bbox 3164 3794 3219 3842; x_wconf 84' lang='lat' dir='ltr'><strong>et</strong></span> <span class='ocrx_word' id='word_1_765' title='bbox 3264 3787 3644 3845; x_wconf 80' lang='lat' dir='ltr'><strong>affectionibus</strong></span> 
     </span>
    </p>
   </div>
   <div class='ocr_carea' id='block_1_100' title="bbox 2061 3876 3642 3948">
    <p class='ocr_par' dir='ltr' id='par_1_100' title="bbox 2061 3876 3642 3948">
     <span class='ocr_line' id='line_1_100' title="bbox 2061 3876 3642 3948; baseline 0.001 -15"><span class='ocrx_word' id='word_1_766' title='bbox 2061 3877 2396 3948; x_wconf 79' lang='lat' dir='ltr'><strong>expositam,</strong></span> <span class='ocrx_word' id='word_1_767' title='bbox 2427 3876 2915 3948; x_wconf 86' lang='lat' dir='ltr'><strong>turbulentamque</strong></span> <span class='ocrx_word' id='word_1_768' title='bbox 2961 3877 3152 3945; x_wconf 83' lang='lat' dir='ltr'><strong>vitam,</strong></span> <span class='ocrx_word' id='word_1_769' title='bbox 3188 3892 3359 3948; x_wconf 90' lang='lat' dir='ltr'><strong>aquas</strong></span> <span class='ocrx_word' id='word_1_770' title='bbox 3403 3882 3642 3935; x_wconf 86' lang='lat' dir='ltr'><strong>animam</strong></span> 
     </span>
    </p>
   </div>
   <div class='ocr_carea' id='block_1_101' title="bbox 2064 3966 3646 4043">
    <p class='ocr_par' dir='ltr' id='par_1_101' title="bbox 2064 3966 3646 4043">
     <span class='ocr_line' id='line_1_101' title="bbox 2064 3966 3646 4043; baseline 0.001 -19"><span class='ocrx_word' id='word_1_771' title='bbox 2064 3968 2416 4040; x_wconf 85' lang='lat' dir='ltr'><strong>attingentes,</strong></span> <span class='ocrx_word' id='word_1_772' title='bbox 2462 3975 2519 4023; x_wconf 87' lang='lat' dir='ltr'><strong>et</strong></span> <span class='ocrx_word' id='word_1_773' title='bbox 2561 3966 2892 4038; x_wconf 81' lang='lat' dir='ltr'><strong>profundum</strong></span> <span class='ocrx_word' id='word_1_774' title='bbox 2927 3968 3117 4034; x_wconf 88' lang='lat' dir='ltr'><strong>maris,</strong></span> <span class='ocrx_word' id='word_1_775' title='bbox 3157 3976 3213 4024; x_wconf 91' lang='lat' dir='ltr'><strong>ct</strong></span> <span class='ocrx_word' id='word_1_776' title='bbox 3246 3970 3515 4041; x_wconf 75' lang='lat' dir='ltr'><strong>procellas</strong></span> <span class='ocrx_word' id='word_1_777' title='bbox 3545 3987 3646 4043; x_wconf 86' lang='lat' dir='ltr'><strong>ap-</strong></span> 
     </span>
    </p>
   </div>
   <div class='ocr_carea' id='block_1_102' title="bbox 2063 4060 3644 4133">
    <p class='ocr_par' dir='ltr' id='par_1_102' title="bbox 2063 4060 3644 4133">
     <span class='ocr_line' id='line_1_102' title="bbox 2063 4060 3644 4133; baseline 0.001 -16"><span class='ocrx_word' id='word_1_778' title='bbox 2063 4062 2259 4133; x_wconf 65' lang='lat' dir='ltr'><strong>pellata</strong></span> <span class='ocrx_word' id='word_1_779' title='bbox 2291 4080 2304 4116; x_wconf 89' lang='lat'><strong>:</strong></span> <span class='ocrx_word' id='word_1_780' title='bbox 2335 4060 2389 4115; x_wconf 91' lang='lat' dir='ltr'><strong>in</strong></span> <span class='ocrx_word' id='word_1_781' title='bbox 2421 4075 2528 4132; x_wconf 89' lang='lat' dir='ltr'><strong>qua</strong></span> <span class='ocrx_word' id='word_1_782' title='bbox 2565 4074 2703 4115; x_wconf 84' lang='lat' dir='ltr'><strong>sane</strong></span> <span class='ocrx_word' id='word_1_783' title='bbox 2728 4060 2839 4115; x_wconf 86' lang='lat' dir='ltr'><strong>vita</strong></span> <span class='ocrx_word' id='word_1_784' title='bbox 2867 4060 3049 4115; x_wconf 89' lang='lat' dir='ltr'><strong>omnis</strong></span> <span class='ocrx_word' id='word_1_785' title='bbox 3082 4075 3338 4130; x_wconf 85' lang='lat' dir='ltr'><strong>perversa</strong></span> <span class='ocrx_word' id='word_1_786' title='bbox 3375 4078 3532 4120; x_wconf 92' lang='lat' dir='ltr'><strong>mens</strong></span> <span class='ocrx_word' id='word_1_787' title='bbox 3574 4065 3644 4119; x_wconf 87' lang='lat' dir='ltr'><strong>ad</strong></span> 
     </span>
    </p>
   </div>
   <div class='ocr_carea' id='block_1_103' title="bbox 2063 4150 3642 4226">
    <p class='ocr_par' dir='ltr' id='par_1_103' title="bbox 2063 4150 3642 4226">
     <span class='ocr_line' id='line_1_103' title="bbox 2063 4150 3642 4226; baseline 0.003 -17"><span class='ocrx_word' id='word_1_788' title='bbox 2063 4153 2448 4226; x_wconf 67' lang='lat' dir='ltr'><strong>Egyptiorum</strong></span> <span class='ocrx_word' id='word_1_789' title='bbox 2486 4150 2928 4218; x_wconf 85' lang='lat' dir='ltr'><strong>similitudinem,</strong></span> <span class='ocrx_word' id='word_1_790' title='bbox 2956 4152 3116 4224; x_wconf 88' lang='lat' dir='ltr'><strong>quasi</strong></span> <span class='ocrx_word' id='word_1_791' title='bbox 3152 4154 3292 4225; x_wconf 86' lang='lat' dir='ltr'><strong>lapis</strong></span> <span class='ocrx_word' id='word_1_792' title='bbox 3324 4155 3523 4226; x_wconf 87' lang='lat' dir='ltr'><strong>aliquis</strong></span> <span class='ocrx_word' id='word_1_793' title='bbox 3545 4158 3642 4213; x_wconf 84' lang='lat' dir='ltr'><strong>de-</strong></span> 
     </span>
    </p>
   </div>
   <div class='ocr_carea' id='block_1_104' title="bbox 2063 4242 3639 4317">
    <p class='ocr_par' dir='ltr' id='par_1_104' title="bbox 2063 4242 3639 4317">
     <span class='ocr_line' id='line_1_104' title="bbox 2063 4242 3639 4317; baseline 0 -16"><span class='ocrx_word' id='word_1_794' title='bbox 2063 4246 2352 4317; x_wconf 86' lang='lat' dir='ltr'><strong>mergitur.</strong></span> <span class='ocrx_word' id='word_1_795' title='bbox 2377 4244 2535 4311; x_wconf 84' lang='lat' dir='ltr'><strong>Quod</strong></span> <span class='ocrx_word' id='word_1_796' title='bbox 2563 4259 2693 4299; x_wconf 85' lang='lat' dir='ltr'><strong>vero</strong></span> <span class='ocrx_word' id='word_1_797' title='bbox 2713 4251 2799 4300; x_wconf 88' lang='lat' dir='ltr'><strong>est</strong></span> <span class='ocrx_word' id='word_1_798' title='bbox 2822 4242 2932 4300; x_wconf 83' lang='lat' dir='ltr'><strong>Deo</strong></span> <span class='ocrx_word' id='word_1_799' title='bbox 2967 4253 3209 4316; x_wconf 85' lang='lat' dir='ltr'><strong>gratum,</strong></span> <span class='ocrx_word' id='word_1_800' title='bbox 3244 4253 3301 4299; x_wconf 90' lang='lat' dir='ltr'><strong>et</strong></span> <span class='ocrx_word' id='word_1_801' title='bbox 3338 4245 3407 4299; x_wconf 89' lang='lat' dir='ltr'><strong>ad</strong></span> <span class='ocrx_word' id='word_1_802' title='bbox 3437 4248 3639 4301; x_wconf 85' lang='lat' dir='ltr'><strong>verita-</strong></span> 
     </span>
    </p>
   </div>
   <div class='ocr_carea' id='block_1_105' title="bbox 2060 4330 3641 4405">
    <p class='ocr_par' dir='ltr' id='par_1_105' title="bbox 2060 4330 3641 4405">
     <span class='ocr_line' id='line_1_105' title="bbox 2060 4330 3641 4405; baseline -0.001 -15"><span class='ocrx_word' id='word_1_803' title='bbox 2060 4345 2170 4390; x_wconf 88' lang='lat' dir='ltr'><strong>tem</strong></span> <span class='ocrx_word' id='word_1_804' title='bbox 2200 4333 2634 4405; x_wconf 78' lang='lat' dir='ltr'><strong>perspiciendam</strong></span> <span class='ocrx_word' id='word_1_805' title='bbox 2680 4333 2790 4388; x_wconf 85' lang='lat' dir='ltr'><strong>vim</strong></span> <span class='ocrx_word' id='word_1_806' title='bbox 2828 4332 3006 4388; x_wconf 82' lang='lat' dir='ltr'><strong>habet</strong></span> <span class='ocrx_word' id='word_1_807' title='bbox 3030 4372 3046 4398; x_wconf 93' lang='lat'><strong>,</strong></span> <span class='ocrx_word' id='word_1_808' title='bbox 3081 4331 3232 4403; x_wconf 77' lang='lat' dir='ltr'><strong>quod</strong></span> <span class='ocrx_word' id='word_1_809' title='bbox 3282 4330 3503 4388; x_wconf 81' lang='lat' dir='ltr'><strong>lsraelis</strong></span> <span class='ocrx_word' id='word_1_810' title='bbox 3541 4348 3641 4388; x_wconf 90' lang='lat' dir='ltr'><strong>no—</strong></span> 
     </span>
    </p>
   </div>
   <div class='ocr_carea' id='block_1_106' title="bbox 1988 4421 3641 4524">
    <p class='ocr_par' dir='ltr' id='par_1_106' title="bbox 1988 4421 3641 4524">
     <span class='ocr_line' id='line_1_106' title="bbox 1988 4421 3641 4524; baseline 0 -46"><span class='ocrx_word' id='word_1_811' title='bbox 1988 4463 2038 4524; x_wconf 79' lang='lat' dir='ltr'><strong>D</strong></span> <span class='ocrx_word' id='word_1_812' title='bbox 2063 4423 2210 4479; x_wconf 89' lang='lat' dir='ltr'><strong>mine</strong></span> <span class='ocrx_word' id='word_1_813' title='bbox 2235 4432 2321 4480; x_wconf 88' lang='lat' dir='ltr'><strong>est</strong></span> <span class='ocrx_word' id='word_1_814' title='bbox 2346 4424 2417 4479; x_wconf 87' lang='lat' dir='ltr'><strong>ab</strong></span> <span class='ocrx_word' id='word_1_815' title='bbox 2445 4421 2680 4478; x_wconf 80' lang='lat' dir='ltr'><strong>historia</strong></span> <span class='ocrx_word' id='word_1_816' title='bbox 2709 4422 3066 4494; x_wconf 83' lang='lat' dir='ltr'><strong>appellatum,</strong></span> <span class='ocrx_word' id='word_1_817' title='bbox 3099 4422 3204 4478; x_wconf 81' lang='lat' dir='ltr'><strong>hoc</strong></span> <span class='ocrx_word' id='word_1_818' title='bbox 3233 4422 3433 4489; x_wconf 85' lang='lat' dir='ltr'><strong>solum,</strong></span> <span class='ocrx_word' id='word_1_819' title='bbox 3481 4425 3641 4493; x_wconf 85' lang='lat' dir='ltr'><strong>quasi</strong></span> 
     </span>
    </p>
   </div>
   <div class='ocr_carea' id='block_1_107' title="bbox 2061 4515 3639 4586">
    <p class='ocr_par' dir='ltr' id='par_1_107' title="bbox 2061 4515 3639 4586">
     <span class='ocr_line' id='line_1_107' title="bbox 2061 4515 3639 4586; baseline -0.001 -13"><span class='ocrx_word' id='word_1_820' title='bbox 2061 4517 2353 4573; x_wconf 76' lang='lat' dir='ltr'><strong>exsiccatis</strong></span> <span class='ocrx_word' id='word_1_821' title='bbox 2384 4516 2567 4586; x_wconf 87' lang='lat' dir='ltr'><strong>aquis,</strong></span> <span class='ocrx_word' id='word_1_822' title='bbox 2600 4529 2754 4572; x_wconf 90' lang='lat' dir='ltr'><strong>mare</strong></span> <span class='ocrx_word' id='word_1_823' title='bbox 2799 4515 3022 4583; x_wconf 90' lang='lat' dir='ltr'><strong>transit,</strong></span> <span class='ocrx_word' id='word_1_824' title='bbox 3055 4529 3183 4570; x_wconf 91' lang='lat' dir='ltr'><strong>cum</strong></span> <span class='ocrx_word' id='word_1_825' title='bbox 3221 4516 3429 4570; x_wconf 86' lang='lat' dir='ltr'><strong>nullam</strong></span> <span class='ocrx_word' id='word_1_826' title='bbox 3455 4531 3639 4571; x_wconf 88' lang='lat' dir='ltr'><strong>rerum</strong></span> 
     </span>
    </p>
   </div>
   <div class='ocr_carea' id='block_1_108' title="bbox 2062 4605 3641 4677">
    <p class='ocr_par' dir='ltr' id='par_1_108' title="bbox 2062 4605 3641 4677">
     <span class='ocr_line' id='line_1_108' title="bbox 2062 4605 3641 4677; baseline -0.001 -15"><span class='ocrx_word' id='word_1_827' title='bbox 2062 4608 2428 4663; x_wconf 82' lang='lat' dir='ltr'><strong>humanarum</strong></span> <span class='ocrx_word' id='word_1_828' title='bbox 2479 4607 2857 4674; x_wconf 81' lang='lat' dir='ltr'><strong>acerbitatem,</strong></span> <span class='ocrx_word' id='word_1_829' title='bbox 2917 4605 3076 4676; x_wconf 89' lang='lat' dir='ltr'><strong>quasi</strong></span> <span class='ocrx_word' id='word_1_830' title='bbox 3127 4606 3484 4675; x_wconf 84' lang='lat' dir='ltr'><strong>salsuginem,</strong></span> <span class='ocrx_word' id='word_1_831' title='bbox 3523 4605 3641 4677; x_wconf 81' lang='lat' dir='ltr'><strong>lege</strong></span> 
     </span>
    </p>
   </div>
   <div class='ocr_carea' id='block_1_109' title="bbox 2060 4696 3636 4771">
    <p class='ocr_par' dir='ltr' id='par_1_109' title="bbox 2060 4696 3636 4771">
     <span class='ocr_line' id='line_1_109' title="bbox 2060 4696 3636 4771; baseline 0 -18"><span class='ocrx_word' id='word_1_832' title='bbox 2060 4698 2202 4755; x_wconf 86' lang='lat' dir='ltr'><strong>duce</strong></span> <span class='ocrx_word' id='word_1_833' title='bbox 2233 4699 2498 4771; x_wconf 66' lang='lat' dir='ltr'><strong>attingat“</strong></span> <span class='ocrx_word' id='word_1_834' title='bbox 2526 4717 2541 4752; x_wconf 86' lang='lat'><strong>:</strong></span> <span class='ocrx_word' id='word_1_835' title='bbox 2567 4697 2915 4754; x_wconf 88' lang='lat' dir='ltr'><strong>adumbratio</strong></span> <span class='ocrx_word' id='word_1_836' title='bbox 2947 4698 3092 4753; x_wconf 88' lang='lat' dir='ltr'><strong>enim</strong></span> <span class='ocrx_word' id='word_1_837' title='bbox 3129 4697 3265 4769; x_wconf 85' lang='lat' dir='ltr'><strong>legis</strong></span> <span class='ocrx_word' id='word_1_838' title='bbox 3290 4696 3469 4754; x_wconf 81' lang='lat' dir='ltr'><strong>Moses</strong></span> <span class='ocrx_word' id='word_1_839' title='bbox 3498 4706 3636 4753; x_wconf 87' lang='lat' dir='ltr'><strong>erat.</strong></span> 
     </span>
    </p>
   </div>
   <div class='ocr_carea' id='block_1_110' title="bbox 2061 4786 3639 4862">
    <p class='ocr_par' dir='ltr' id='par_1_110' title="bbox 2061 4786 3639 4862">
     <span class='ocr_line' id='line_1_110' title="bbox 2061 4786 3639 4862; baseline 0.001 -18"><span class='ocrx_word' id='word_1_840' title='bbox 2061 4790 2241 4862; x_wconf 84' lang='lat' dir='ltr'><strong>Atque</strong></span> <span class='ocrx_word' id='word_1_841' title='bbox 2265 4791 2501 4861; x_wconf 88' lang='lat' dir='ltr'><strong>populus</strong></span> <span class='ocrx_word' id='word_1_842' title='bbox 2550 4788 2774 4860; x_wconf 90' lang='lat' dir='ltr'><strong>quidem</strong></span> <span class='ocrx_word' id='word_1_843' title='bbox 2806 4786 3147 4844; x_wconf 74' lang='lat' dir='ltr'><strong>lsraeliticus</strong></span> <span class='ocrx_word' id='word_1_844' title='bbox 3171 4802 3323 4843; x_wconf 87' lang='lat' dir='ltr'><strong>mare</strong></span> <span class='ocrx_word' id='word_1_845' title='bbox 3348 4789 3639 4845; x_wconf 81' lang='lat' dir='ltr'><strong>exsiccatis</strong></span> 
     </span>
    </p>
   </div>
   <div class='ocr_carea' id='block_1_111' title="bbox 2062 4879 3636 4956">
    <p class='ocr_par' dir='ltr' id='par_1_111' title="bbox 2062 4879 3636 4956">
     <span class='ocr_line' id='line_1_111' title="bbox 2062 4879 3636 4956; baseline -0.001 -18"><span class='ocrx_word' id='word_1_846' title='bbox 2062 4885 2223 4956; x_wconf 87' lang='lat' dir='ltr'><strong>aquis</strong></span> <span class='ocrx_word' id='word_1_847' title='bbox 2266 4883 2555 4946; x_wconf 86' lang='lat' dir='ltr'><strong>transivit,</strong></span> <span class='ocrx_word' id='word_1_848' title='bbox 2609 4879 2853 4953; x_wconf 69' lang='lat' dir='ltr'><strong>Egyptii</strong></span> <span class='ocrx_word' id='word_1_849' title='bbox 2900 4896 3033 4937; x_wconf 84' lang='lat' dir='ltr'><strong>vero</strong></span> <span class='ocrx_word' id='word_1_850' title='bbox 3086 4896 3213 4936; x_wconf 89' lang='lat' dir='ltr'><strong>cum</strong></span> <span class='ocrx_word' id='word_1_851' title='bbox 3267 4879 3403 4936; x_wconf 86' lang='lat' dir='ltr'><strong>illud</strong></span> <span class='ocrx_word' id='word_1_852' title='bbox 3459 4881 3636 4952; x_wconf 86' lang='lat' dir='ltr'><strong>ipsum</strong></span> 
     </span>
    </p>
   </div>
   <div class='ocr_carea' id='block_1_112' title="bbox 2064 4972 3641 5042">
    <p class='ocr_par' dir='ltr' id='par_1_112' title="bbox 2064 4972 3641 5042">
     <span class='ocr_line' id='line_1_112' title="bbox 2064 4972 3641 5042; baseline -0.001 -12"><span class='ocrx_word' id='word_1_853' title='bbox 2064 4977 2387 5040; x_wconf 86' lang='lat' dir='ltr'><strong>transirent,</strong></span> <span class='ocrx_word' id='word_1_854' title='bbox 2415 4988 2611 5029; x_wconf 86' lang='lat' dir='ltr'><strong>omnes</strong></span> <span class='ocrx_word' id='word_1_855' title='bbox 2644 4973 2941 5029; x_wconf 85' lang='lat' dir='ltr'><strong>summersi</strong></span> <span class='ocrx_word' id='word_1_856' title='bbox 2965 4980 3096 5029; x_wconf 90' lang='lat' dir='ltr'><strong>sunt</strong></span> <span class='ocrx_word' id='word_1_857' title='bbox 3129 4990 3144 5027; x_wconf 90' lang='lat'><strong>:</strong></span> <span class='ocrx_word' id='word_1_858' title='bbox 3172 4972 3367 5027; x_wconf 87' lang='lat' dir='ltr'><strong>borum</strong></span> <span class='ocrx_word' id='word_1_859' title='bbox 3411 4981 3641 5042; x_wconf 90' lang='lat' dir='ltr'><strong>uterque</strong></span> 
     </span>
    </p>
   </div>
   <div class='ocr_carea' id='block_1_113' title="bbox 2064 5063 3643 5141">
    <p class='ocr_par' dir='ltr' id='par_1_113' title="bbox 2064 5063 3643 5141">
     <span class='ocr_line' id='line_1_113' title="bbox 2064 5063 3643 5141; baseline -0.002 -18"><span class='ocrx_word' id='word_1_860' title='bbox 2064 5068 2325 5141; x_wconf 85' lang='lat' dir='ltr'><strong>populus,</strong></span> <span class='ocrx_word' id='word_1_861' title='bbox 2380 5079 2482 5122; x_wconf 84' lang='lat' dir='ltr'><strong>sua</strong></span> <span class='ocrx_word' id='word_1_862' title='bbox 2533 5065 2771 5134; x_wconf 86' lang='lat' dir='ltr'><strong>quisque</strong></span> <span class='ocrx_word' id='word_1_863' title='bbox 2814 5063 3105 5121; x_wconf 70' lang='lat' dir='ltr'><strong>aﬂ‘ectione</strong></span> <span class='ocrx_word' id='word_1_864' title='bbox 3154 5063 3478 5119; x_wconf 88' lang='lat' dir='ltr'><strong>ducebatur.</strong></span> <span class='ocrx_word' id='word_1_865' title='bbox 3542 5064 3643 5120; x_wconf 84' lang='lat' dir='ltr'><strong>liic</strong></span> 
     </span>
    </p>
   </div>
   <div class='ocr_carea' id='block_1_114' title="bbox 2065 5155 3644 5233">
    <p class='ocr_par' dir='ltr' id='par_1_114' title="bbox 2065 5155 3644 5233">
     <span class='ocr_line' id='line_1_114' title="bbox 2065 5155 3644 5233; baseline -0.003 -17"><span class='ocrx_word' id='word_1_866' title='bbox 2065 5161 2288 5233; x_wconf 88' lang='lat' dir='ltr'><strong>quidem</strong></span> <span class='ocrx_word' id='word_1_867' title='bbox 2342 5156 2505 5214; x_wconf 78' lang='lat' dir='ltr'><strong>facile</strong></span> <span class='ocrx_word' id='word_1_868' title='bbox 2542 5163 2599 5213; x_wconf 83' lang='lat' dir='ltr'><strong>et</strong></span> <span class='ocrx_word' id='word_1_869' title='bbox 2630 5156 2889 5212; x_wconf 89' lang='lat' dir='ltr'><strong>celeriter</strong></span> <span class='ocrx_word' id='word_1_870' title='bbox 2948 5171 3101 5212; x_wconf 85' lang='lat' dir='ltr'><strong>mare</strong></span> <span class='ocrx_word' id='word_1_871' title='bbox 3154 5155 3515 5221; x_wconf 88' lang='lat' dir='ltr'><strong>transmittit,</strong></span> <span class='ocrx_word' id='word_1_872' title='bbox 3553 5156 3644 5212; x_wconf 92' lang='lat' dir='ltr'><strong>ille</strong></span> 
     </span>
    </p>
   </div>
   <div class='ocr_carea' id='block_1_115' title="bbox 2065 5247 3639 5324">
    <p class='ocr_par' dir='ltr' id='par_1_115' title="bbox 2065 5247 3639 5324">
     <span class='ocr_line' id='line_1_115' title="bbox 2065 5247 3639 5324; baseline -0.006 -14"><span class='ocrx_word' id='word_1_873' title='bbox 2065 5252 2225 5324; x_wconf 89' lang='lat' dir='ltr'><strong>aquis</strong></span> <span class='ocrx_word' id='word_1_874' title='bbox 2248 5249 2373 5307; x_wconf 88' lang='lat' dir='ltr'><strong>imis</strong></span> <span class='ocrx_word' id='word_1_875' title='bbox 2403 5249 2741 5320; x_wconf 83' lang='lat' dir='ltr'><strong>dentergitur</strong></span> <span class='ocrx_word' id='word_1_876' title='bbox 2776 5266 2793 5303; x_wconf 87' lang='lat'><strong>:</strong></span> <span class='ocrx_word' id='word_1_877' title='bbox 2834 5247 2981 5303; x_wconf 86' lang='lat' dir='ltr'><strong>celer</strong></span> <span class='ocrx_word' id='word_1_878' title='bbox 3011 5248 3157 5302; x_wconf 83' lang='lat' dir='ltr'><strong>enim</strong></span> <span class='ocrx_word' id='word_1_879' title='bbox 3191 5254 3354 5318; x_wconf 84' lang='lat' dir='ltr'><strong>atque</strong></span> <span class='ocrx_word' id='word_1_880' title='bbox 3390 5247 3639 5320; x_wconf 73' lang='lat' dir='ltr'><strong>expedita</strong></span> 
     </span>
    </p>
   </div>
   <div class='ocr_carea' id='block_1_116' title="bbox 2065 5330 3643 5414">
    <p class='ocr_par' dir='ltr' id='par_1_116' title="bbox 2065 5330 3643 5414">
     <span class='ocr_line' id='line_1_116' title="bbox 2065 5330 3643 5414; baseline -0.006 -16"><span class='ocrx_word' id='word_1_881' title='bbox 2065 5344 2251 5414; x_wconf 83' lang='lat' dir='ltr'><strong>aliqua</strong></span> <span class='ocrx_word' id='word_1_882' title='bbox 2281 5355 2374 5397; x_wconf 87' lang='lat' dir='ltr'><strong>res</strong></span> <span class='ocrx_word' id='word_1_883' title='bbox 2405 5353 2527 5412; x_wconf 61' lang='lat' dir='ltr'><strong>qua</strong></span> <span class='ocrx_word' id='word_1_884' title='bbox 2556 5339 2610 5393; x_wconf 92' lang='lat' dir='ltr'><strong>in</strong></span> <span class='ocrx_word' id='word_1_885' title='bbox 2638 5337 2878 5393; x_wconf 77' lang='lat' dir='ltr'><strong>sublime</strong></span> <span class='ocrx_word' id='word_1_886' title='bbox 2899 5334 3093 5400; x_wconf 82' lang='lat' dir='ltr'><strong>fertur,</strong></span> <span class='ocrx_word' id='word_1_887' title='bbox 3128 5330 3304 5390; x_wconf 86' lang='lat' dir='ltr'><strong>virtus</strong></span> <span class='ocrx_word' id='word_1_888' title='bbox 3329 5343 3436 5403; x_wconf 84' lang='lat' dir='ltr'><strong>est,</strong></span> <span class='ocrx_word' id='word_1_889' title='bbox 3462 5349 3643 5404; x_wconf 83' lang='lat' dir='ltr'><strong>quan-</strong></span> 
     </span>
    </p>
   </div>
   <div class='ocr_carea' id='block_1_117' title="bbox 2065 5426 3642 5506">
    <p class='ocr_par' dir='ltr' id='par_1_117' title="bbox 2065 5426 3642 5506">
     <span class='ocr_line' id='line_1_117' title="bbox 2065 5426 3642 5506; baseline -0.008 -16"><span class='ocrx_word' id='word_1_890' title='bbox 2065 5431 2363 5506; x_wconf 80' lang='lat' dir='ltr'><strong>doquidem</strong></span> <span class='ocrx_word' id='word_1_891' title='bbox 2386 5445 2600 5499; x_wconf 84' lang='lat' dir='ltr'><strong>omnes,</strong></span> <span class='ocrx_word' id='word_1_892' title='bbox 2636 5426 2740 5500; x_wconf 78' lang='lat' dir='ltr'><strong>‘qtti</strong></span> <span class='ocrx_word' id='word_1_893' title='bbox 2785 5427 2974 5483; x_wconf 87' lang='lat' dir='ltr'><strong>virtuti</strong></span> <span class='ocrx_word' id='word_1_894' title='bbox 3021 5434 3405 5501; x_wconf 40' lang='lat' dir='ltr'><strong>congruenter.</strong></span> <span class='ocrx_word' id='word_1_895' title='bbox 3427 5428 3642 5488; x_wconf 84' lang='lat' dir='ltr'><strong>vivunt,</strong></span> 
     </span>
    </p>
   </div>
   <div class='ocr_carea' id='block_1_118' title="bbox 1823 5702 3037 5779">
    <p class='ocr_par' dir='ltr' id='par_1_118' title="bbox 1823 5702 3037 5779">
     <span class='ocr_line' id='line_1_118' title="bbox 1823 5702 3037 5779; baseline -0.002 -14"><span class='ocrx_word' id='word_1_896' title='bbox 1823 5713 1844 5743; x_wconf 86' lang='grc'>³</span> <span class='ocrx_word' id='word_1_897' title='bbox 1873 5707 2019 5766; x_wconf 84' lang='lat' dir='ltr'><strong>Psal.</strong></span> <span class='ocrx_word' id='word_1_898' title='bbox 2041 5722 2233 5776; x_wconf 81' lang='lat' dir='ltr'><strong>uvnt,</strong></span> <span class='ocrx_word' id='word_1_899' title='bbox 2268 5706 2358 5765; x_wconf 76' lang='lat' dir='ltr'><strong>i6.</strong></span> <span class='ocrx_word' id='word_1_900' title='bbox 2434 5708 2455 5742; x_wconf 68' lang='grc'>⁸</span> <span class='ocrx_word' id='word_1_901' title='bbox 2493 5707 2661 5765; x_wconf 82' lang='lat' dir='ltr'><strong>Exod.</strong></span> <span class='ocrx_word' id='word_1_902' title='bbox 2686 5702 2875 5773; x_wconf 53' lang='lat' dir='ltr'><strong>xwﬁl</strong></span> <span class='ocrx_word' id='word_1_903' title='bbox 2916 5720 3037 5779; x_wconf 76' lang='lat' dir='ltr'><strong>sqq.</strong></span> 
     </span>
    </p>
   </div>
   <div class='ocr_carea' id='block_1_119' title="bbox 3246 5792 3318 5854">
    <p class='ocr_par' dir='ltr' id='par_1_119' title="bbox 3246 5792 3318 5854">
     <span class='ocr_line' id='line_1_119' title="bbox 3246 5792 3318 5854; baseline -0.014 0"><span class='ocrx_word' id='word_1_904' title='bbox 3246 5792 3318 5854; x_wconf 79' lang='grc'><strong>13</strong></span> 
     </span>
    </p>
   </div>
  </div>
