4072 6156
460 269 564 326 393
1701 253 1757 310 S.
1800 251 2128 310 GBEGORII
2168 250 2459 308 NYSSENI
3626 251 3732 306 336

459 379 616 450 quasi
662 377 872 434 nebula:
915 375 1120 440 volant,
1163 374 1319 442 juxta
1360 367 1611 433 lsaiam',
1663 375 1716 423 ct
1755 365 1912 438 quasi
1943 382 2036 420 co-

2153 364 2302 435 Ιςθαι,
2343 364 2628 419 ἀκουσάτω
2673 363 2762 418 τοῦ
2807 365 3162 418 Ἀποστό).ου’
3208 365 3288 419 ὅτι
3342 365 3568 430 ἐκείνοις
3610 381 3725 418 συν-

463 472 659 528 tumbae
695 487 822 526 cum
872 469 1032 538 pullis
1067 486 1077 520 :
1115 471 1397 536 peccatum
1445 475 1575 516 vero
1624 475 1788 532 grave
1837 466 1944 521 est,
1975 466 2029 512 et

2153 457 2320 509 ἔϐαινε
2347 457 2445 526 μέν
2468 456 2732 520 τυπικῶς,
2766 457 2981 528 ἐγράφη
3007 457 3063 510 δέ
3095 456 3229 527 πρὸς
3253 457 3534 510 νουθεσίαν
3554 456 3733 526 ἡμῶν.

463 575 521 622 ut
549 582 692 622 unus
715 581 778 619 ex
807 561 1088 633 prophetis
1121 560 1218 624 ait,
1277 557 1486 628 plumbi
1535 556 1741 610 talento
1774 553 2036 609 insidet“.
2084 551 2191 606 Sed
2260 552 2305 606 si
2367 552 2605 621 cuipiam
2651 551 2890 607 diliicilis
2942 551 3056 606 haec
3128 550 3376 605 historia:
3416 549 3736 621 explicatio,

461 677 516 720 et
550 663 704 735 quasi
732 662 781 715 vi
819 659 1052 730 quadam
1129 657 1190 716 ad
1245 657 1298 712 id
1342 654 1612 712 sententia
1655 652 1894 707 adducta
1958 650 2172 704 videtur
2215 665 2391 719 neque
2441 649 2586 720 quod
2639 649 2692 704 in
2749 650 2920 704 maris
2991 649 3082 702 illa
3158 647 3578 702 transmissione
3626 643 3741 695 fac.-

462 776 574 824 uim
598 769 682 813 est
713 755 1058 818 miraculum,
1091 753 1142 807 id
1180 753 1247 807 ad
1293 752 1584 806 utilitatem
1613 755 1856 802 nostram
1893 745 2092 801 litteris
2123 745 2505 816 consignatum
2561 759 2684 798 esse
2739 751 2918 813 putat,
2984 741 3302 812 Apostolum
3348 739 3439 794 hic
3493 739 3547 791 in
3600 751 3741 789 con-

463 848 644 902 silium
717 843 970 898 adhibeat
1023 861 1036 896 :
1105 840 1251 911 quod
1292 839 1438 894 enim
1483 837 1593 891 illis
1617 836 1818 902 evenit,
1877 841 1932 890 ct
1995 831 2468 889 adumbrationcm
2521 841 2726 887 nostra:
2779 831 3086 902 disciplina:
3139 831 3354 897 habuit,
3416 839 3470 884 et
3527 827 3592 880 ad
3636 840 3738 878 no-

463 955 633 998 stram
667 938 1067 994 institutionem
1102 932 1477 999 conscriptum
1505 928 1645 984 est’.

1029 1024 1255 1082 CAPUT
1309 1022 1451 1077 XIX.

461 1144 662 1200 Metilio
717 1141 908 1195 Mariw
959 1137 1191 1192 Aarouis
1267 1133 1468 1190 sororis
1518 1131 1673 1196 quasi
1723 1130 1875 1198 ejus,
1929 1144 2045 1198 qua!

671 1213 826 1282 hujus
865 1209 1080 1280 perfecti
1122 1206 1274 1277 officii
1321 1205 1580 1258 rationem
1621 1202 1828 1255 inierit.

532 1327 704 1382 Nobis
745 1339 894 1388 vero,
955 1333 1012 1377 ut
1052 1322 1165 1376 hzec
1210 1321 1327 1391 ipsa
1385 1323 1918 1376 commentaremur,
1949 1326 2043 1367 oc-

461 1423 738 1477 casionem
777 1419 925 1473 dedit
962 1415 1309 1486 prophetissa
1361 1413 1530 1466 Maria
1553 1453 1567 1478 ,
1599 1424 1720 1480 qua:
1767 1409 2044 1464 exsiccata

465 1513 600 1567 mari
635 1511 1091 1579 transmissoquc,
1149 1505 1438 1560 mulierum
1493 1502 1664 1557 choro
1695 1500 1894 1570 stipata
1919 1514 2044 1553 cum

464 1615 631 1669 esset,
692 1620 894 1660 canoro
929 1611 1185 1674 tympano
1258 1595 1579 1670 praecinit':
1620 1593 1855 1648 fortasse
1898 1591 2043 1648 enim

464 1702 557 1755 illa
614 1698 857 1753 historia:
888 1687 1335 1750 commemoratio
1390 1697 1651 1760 tympano
1685 1686 1847 1740 tacite
1876 1683 2045 1755 signi-

468 1794 631 1846 ﬁcare
673 1788 888 1844 videtur
937 1785 1329 1857 virginitatem,
1365 1797 1487 1852 qum
1536 1780 1773 1851 primum
1815 1793 1844 1832 a
1876 1777 2044 1832 Maria

2746 1011 3001 1066 ΚΕΦΑΛ.
3040 1010 3143 1064 ΙΘ’.

2147 1125 2366 1197 Mrtua]
2397 1125 2628 1195 Μαρίας
2658 1123 2770 1194 τῆς
2801 1122 3076 1197 ἀδεᾷφῆς
3110 1121 3346 1197 Ἀαρὼν,
3370 1123 3450 1190 ὡς
3480 1123 3737 1195 ἀρξαμέ·

2431 1192 2542 1264 νὴς
2574 1192 2790 1251 τούτου
2832 1195 2939 1248 τοῦ
2958 1192 3450 1262 κατορθώματος.

2234 1309 2393 1380 Ἦμῖν
2421 1308 2478 1362 δὲ
2506 1308 2690 1362 δίδωσι
2713 1307 2782 1360 τὰ
2814 1304 3036 1362 τοιαῦτα
3066 1306 3312 1358 ὑπονοεῖν
3339 1305 3434 1359 καὶ
3461 1307 3493 1376 ἡ
3526 1306 3740 1377 προφῆ-

2147 1419 2227 1465 τις
2260 1401 2526 1472 Μαριὰμ,
2567 1399 2770 1463 εὐθέως
2809 1399 2947 1470 μετὰ
2977 1399 3078 1470 τὴν
3119 1397 3394 1451 θάλασσαν
3433 1396 3596 1468 ξηρὸν
3643 1400 3739 1453 καὶ

2147 1491 2342 1563 εὔηχον
2380 1488 2868 1562 μεταχειριζομένη
2894 1487 2954 1542 τὸ
2978 1487 3281 1558 τύμπανον,
3316 1487 3411 1540 καὶ
3438 1487 3533 1540 τοῦ
3573 1488 3737 1558 χοροῦ

2146 1583 2254 1637 τῶν
2301 1581 2577 1652 γυναικῶν
2611 1579 3114 1653 προπομπεύουσαο
3156 1581 3300 1650 τάχα
3343 1580 3451 1650 γὰρ
3500 1579 3590 1632 διὰ
3639 1578 3736 1632 τοῦ

2147 1673 2433 1744 τυμπάνου
2479 1671 2580 1743 τὴν
2608 1669 2903 1740 παρθενίαν
2938 1668 3112 1723 ἔοικεν
3137 1670 3165 1722 6
3191 1667 3346 1737 λόγος
3376 1667 3736 1731 αἰνίττεσθαι,

2149 1763 2254 1816 ὑπὸ
2283 1762 2382 1832 τῆς
2415 1763 2634 1832 Μαρίας
2663 1759 2887 1831 πρώτης
2911 1759 3368 1828 κατορθωθεῖσαν,
3395 1759 3461 1811 δι’
3488 1754 3555 1832 ἦς
3582 1753 3739 1823 οἶμαι

468 1836 631 1846 --ν--ν
1318 1836 1329 1847 ,
1385 1836 1397 1852 .
1538 1836 1550 1851 ,

467 1886 681 1940 exculta
730 1889 849 1944 est,
885 1896 981 1951 per
1033 1894 1194 1949 quam
1237 1874 1564 1931 crediderim
1598 1872 1690 1928 Dei
1725 1871 2042 1943 genitricem

2153 1857 2243 1910 καὶ
2276 1855 2376 1926 τὴν
2419 1854 2667 1908 θεοτόκον
2708 1852 3206 1924 προδιατυποῦσθαι
3237 1847 3478 1924 Ἀβαρίαν.
3524 1853 3738 1922 Ὠσπερ

469 1975 690 2029 Mariam
724 1971 1127 2043 pnesignatam.
1164 1966 1298 2019 Nam
1345 1972 1664 2036 tympanum
1705 1961 1852 2017 omni
1886 1974 2042 2030 aqum

470 2071 698 2122 humore
761 2069 1048 2133 purgatum
1081 2102 1095 2127 ,
1147 2057 1504 2126 aridumque,
1560 2070 1814 2124 magnum
1849 2068 2044 2108 sonum

467 2155 662 2210 emittit
694 2171 705 2207 :
742 2153 814 2206 ita
849 2149 1132 2220 virginitas
1165 2163 1288 2202 cum
1340 2146 1546 2201 nullum
1588 2142 1750 2215 hujus
1784 2144 1907 2198 vita:
1951 2142 2048 2196 bu-

469 2263 675 2303 morem
713 2245 767 2299 in
808 2260 867 2299 se
915 2241 1158 2311 colligat,
1195 2240 1343 2293 clara
1374 2247 1429 2292 ct
1463 2237 1694 2292 illustris
1725 2235 1960 2290 exsistit.
1987 2232 2045 2288 Si

471 2341 653 2409 itaque
701 2344 976 2391 mortuum
1012 2333 1229 2402 quidem
1290 2347 1490 2401 corpus
1544 2329 1676 2385 illud
1730 2339 2044 2400 tympanum

469 2429 592 2489 fuit,
636 2425 778 2496 quod
813 2423 1064 2478 manibus
1116 2421 1282 2474 Maria
1333 2419 1645 2486 tractabat,
1692 2421 2049 2489 corporisque

469 2519 757 2575 aﬂ'ectuum
791 2516 1042 2571 interitus
1085 2513 1302 2583 quidem
1340 2510 1625 2582 virginitas
1655 2521 1738 2566 est
1767 2528 1781 2564 :
1820 2511 2049 2565 fortasse

469 2612 683 2682 signum
722 2611 822 2663 hoc
860 2622 968 2660 non
1000 2603 1152 2658 valde
1182 2611 1452 2658 remotum
1483 2610 1588 2667 est,
1646 2601 2048 2672 prephetissam

471 2704 614 2757 hanc
651 2699 916 2770 virginem
948 2711 1090 2752 esse.
1143 2693 1250 2749 Sed
1280 2695 1394 2748 hmc
1439 2708 1540 2749 nos
1589 2693 1808 2763 quidem
1841 2692 2052 2762 conjec-

473 2794 614 2848 turis
649 2789 974 2861 quibusdam
1029 2797 1083 2843 et
1135 2786 1486 2856 opinionibus
1519 2825 1533 2850 ,
1602 2800 1712 2839 non
1763 2791 1912 2839 certa
1951 2784 2048 2838 de—

472 2881 867 2938 monstratione
921 2880 994 2933 ita
1047 2893 1171 2933 esse
1235 2878 1587 2947 putavimus,
1651 2876 2049 2946 prophetissam

475 2971 698 3024 Mariam
734 2968 1004 3038 virginum
1036 2966 1200 3021 ρωῑυί
1256 2965 1574 3035 praefuisse,
1613 2966 1737 3020 licet
1771 2966 1871 3020 vlri
1904 2965 2049 3019 docti

474 3059 630 3115 niulti
673 3073 791 3111 eam
853 3055 1104 3111 cmlibem
1164 3054 1332 3110 [uisse
1367 3065 1549 3124 aperte
1593 3055 2000 3124 pronuntiarint
2031 3094 2046 3117 ,

473 3151 729 3218 quoniam
800 3149 855 3202 in
921 3147 1083 3202 nullis
1136 3147 1490 3201 historiarum
1557 3147 1926 3201 monumentis
1983 3144 2049 3199 de

473 3242 594 3310 ejus
629 3238 999 3301 matrimonio,
1035 3244 1128 3290 aut
1175 3237 1466 3290 liberorum
1525 3237 1902 3306 procreatione
1935 3251 2050 3289 me-

476 3332 664 3387 moriae
723 3330 1000 3400 proditum
1079 3337 1183 3382 cst.
1231 3328 1444 3398 Alioqui
1500 3343 1608 3382 non
1641 3343 1670 3381 a
1722 3326 1887 3382 fratre
1933 3327 2051 3396 ejus

473 3426 706 3483 Aaroue.
741 3419 834 3477 sed
875 3434 903 3472 a
941 3419 1076 3480 viro,
1120 3420 1165 3472 si
1206 3417 1509 3479 habuisset,
1552 3416 1827 3470 nominata
1862 3424 2050 3470 esset:

473 3516 601 3585 quia
631 3531 738 3568 non
787 3514 977 3578 frater,
1024 3512 1120 3567 scd
1155 3512 1238 3566 vir
1284 3511 1470 3564 uvoris
1505 3519 1670 3580 caput
1714 3509 2049 3563 nominatur.

471 3612 541 3662 At
590 3621 717 3662 vero
756 3606 800 3661 si
837 3621 866 3658 a
926 3603 1128 3674 quibus
1159 3603 1214 3658 in
1275 3599 1673 3657 benedictionis
1707 3611 1860 3670 parte
1917 3600 2053 3656 libe-

473 3716 658 3754 rorum
699 3697 1008 3768 procreatio
1037 3695 1393 3766 expetebatur
1424 3735 1439 3757 ,
1487 3693 1555 3749 iis
1608 3693 1774 3749 etiam
1811 3692 2051 3762 legitima

475 3792 576 3844 fuit
615 3799 667 3844 et
718 3789 946 3842 honesta
997 3786 1328 3856 virginitatis
1363 3786 1580 3854 gratia;
1623 3787 1898 3856 quomodo
1926 3800 2048 3846 nos,

473 3881 564 3949 qui
617 3879 917 3934 secundum
967 3891 1185 3930 carnem
1217 3876 1429 3930 divinas
1465 3876 1874 3931 hem-dictiones
1942 3892 2050 3930 non

474 3971 876 4032 oxaudivimus,
920 3983 1046 4036 erga
1079 3969 1226 4020 illam
1279 3967 1503 4022 aﬂ‘ectos
1559 3983 1682 4023 esse
1735 3969 1932 4023 decet?
1965 3969 2054 4022 Di-

475 4062 620 4117 vinis
688 4061 832 4114 enim
890 4059 1238 4114 sermonibus
1295 4067 1542 4130 apertum
1603 4068 1656 4114 et
1722 4059 2051 4131 patefactum

474 4161 580 4215 est,
639 4153 858 4223 quando
909 4162 961 4208 et
1001 4153 1288 4224 concipere
1336 4161 1390 4208 et
1439 4168 1632 4222 parere
1684 4154 1924 4208 salutare
1957 4153 2051 4213 sit,

474 4246 687 4318 quodve
720 4247 898 4300 multa:
934 4247 1102 4316 prolis
1132 4262 1303 4316 genus
1336 4261 1366 4300 a
1399 4245 1764 4301 sanctissimis
1798 4244 1890 4300 Dei
1919 4246 2052 4300 viris

473 4347 839 4408 expeteretur.
894 4337 1030 4392 Nam
1076 4347 1130 4393 et
1168 4339 1428 4408 prephcta
1479 4339 1680 4401 Isaias,
1730 4345 1785 4393 et
1835 4338 2051 4393 divinus

471 4432 770 4500 Apostolus
797 4429 912 4484 [nec
953 4430 1070 4498 ipsa
1119 4438 1304 4500 aperte
1361 4429 1743 4498 sapienterque
1776 4429 2053 4498 significa-

2145 1949 2254 2018 γὰρ
2298 1947 2356 2001 τὸ
2413 1946 2695 2017 τύμπανον
2757 1945 2926 1998 πολὺν
2981 1943 3074 1998 τὸν
3126 1939 3259 2014 ἦχον
3312 1943 3503 2013 ἀφίησι
3555 1943 3741 2014 πάσης

2151 2040 2372 2110 ἰκμάδος
2395 2037 2825 2110 κεχωρισμένον,
2867 2037 2960 2090 καὶ
3003 2035 3165 2108 ξηρὸν
3195 2038 3274 2100 είς
3300 2037 3468 2107 ἄκρον
3511 2038 3741 2108 γενόμε-

2145 2146 2232 2184 νον
2256 2147 2270 2162 ο
2308 2127 2450 2182 οὕτω
2473 2129 2569 2182 καί
2598 2129 2630 2198 ὴ
2665 2127 2926 2198 παρθενία
2953 2127 3183 2199 λαμπρά
3213 2144 3272 2180 τε
3300 2129 3392 2180 καὶ
3415 2130 3742 2200 περιϐόητος

2147 2220 2372 2289 γίνεται,
2409 2220 2574 2291 μηδὲν
2615 2221 2674 2273 ἐν
2720 2221 2886 2291 ἐαυτῇ
2926 2219 3025 2290 τῆς
3061 2217 3300 2290 ζωτικῆς
3336 2221 3562 2290 ἰκμάδος
3595 2222 3745 2278 κατὰ

2144 2309 2235 2361 τὸν
2287 2309 2399 2378 βίον
2441 2308 2630 2362 τοῦτον
2681 2306 3114 2380 προσδεχομένη.
3161 2308 3224 2361 Εἰ
3267 2304 3362 2362 οὖν
3396 2311 3588 2380 νεκρὸν
3638 2313 3741 2382 μὲν

2148 2402 2306 2472 σῶμα
2341 2400 2402 2454 τὸ
2439 2400 2756 2472 τύμπανον,
2799 2400 2937 2472 ὅπερ
2987 2401 3021 2472 ή
3063 2401 3252 2473 Μαρία
3295 2403 3698 2476 μετεχειρίζετο
3723 2423 3739 2438 ·

2145 2495 2408 2566 νέκρωσις
2436 2494 2491 2547 δὲ
2527 2493 2776 2564 σώματος
2805 2495 2838 2564 ή
2871 2493 3140 2566 παρθενία
3165 2495 3281 2548 ἐστί
3300 2512 3314 2527 ο
3344 2495 3486 2566 τάχα
3510 2497 3572 2550 ού
3605 2498 3743 2552 πολὺ

2146 2588 2238 2642 τοῦ
2292 2588 2500 2652 εἰκότος
2559 2587 2620 2639 τὸ
2665 2586 2934 2658 παρθένον
2977 2581 3118 2641 εῖναι
3169 2589 3270 2660 τὴν
3317 2589 3591 2660 προφῆτιν
3630 2591 3744 2642 ἀπ-

2146 2680 2501 2749 εσχοίνισται.
2565 2679 2726 2733 Ἀλλὰ
2772 2677 2946 2733 ταῦτα
2992 2679 3090 2750 μὲν
3138 2683 3465 2752 στοχασμοῖς
3506 2699 3617 2736 τισι
3646 2683 3747 2736 καὶ

2154 2770 2448 2835 ὑπονοίαις,
2479 2771 2580 2824 οὐκ
2619 2773 2684 2825 ἐκ
2724 2772 2964 2842 φανερᾶς
3003 2771 3333 2838 ἀποδείξεως
3366 2773 3541 2840 οὕτως
3598 2775 3746 2846 ἔχειν

2149 2862 2554 2932 ὑπενοήσαμεν,
2591 2863 2650 2917 τὸ
2688 2863 2786 2933 τὴν
2836 2864 3107 2935 προφῆτιν
3148 2865 3368 2937 Μαρίαν
3428 2866 3518 2920 τοῦ
3576 2867 3745 2940 χοροῦ

2147 2954 2254 3006 τῶν
2304 2954 2590 3024 παρθένων
2629 2957 2937 3026 ἡγήσασθαι
2961 2973 2974 2987 ο
3015 2959 3065 3010 εἰ
3122 2957 3218 3011 καὶ⁹
3256 2958 3440 3012 πολλοὶ
3497 2959 3605 3013 τῶν
3644 2961 3746 3013 ἐπ-

2148 3046 2502 3116 εσκεμμένων
2530 3045 2742 3117 ἄγαμον
2769 3048 2938 3120 αὐτὴν
2965 3049 3149 3118 σαφῶς
3173 3051 3540 3122 ἀπεφήναντο,
3565 3053 3628 3105 ἐκ
3645 3052 3746 3107 τοῦ

2158 3137 2406 3208 μηδαμοῦ
2438 3138 2539 3208 τῆς
2575 3140 2816 3211 ἱστορίας
2856 3142 3036 3213 γάμον
3069 3142 3165 3196 καὶ
3197 3145 3541 3198 παιδοποιίαν
3571 3146 3745 3213 αὐτῆς

2157 3227 2546 3298 μνημονεῦσαι.
2578 3225 2655 3282 Ἦ
2687 3229 2795 3301 γὰρ
2829 3231 2895 3284 ἂν
2941 3231 3043 3287 ούκ
3082 3233 3146 3285 ἐκ
3184 3232 3278 3285 τοῦ
3309 3233 3538 3304 ἀδελφοῦ
3572 3235 3746 3305 αὐτῆς

2167 3319 2394 3389 Ἀαρὼν,
2411 3320 2524 3372 ἀλλ’
2539 3323 2603 3374 ἐκ
2621 3321 2715 3374 τοῦ
2733 3321 2944 3394 ἀνδρὸς,
2963 3322 3121 3396 εἴπερ
3137 3320 3226 3397 ῆν,
3241 3324 3556 3396 ὠνομάζετο
3570 3345 3628 3380 τε
3647 3329 3747 3382 καὶ

2154 3411 2505 3482 ἐγνωρίζετο·
2547 3413 2735 3486 ἐπειδὴ
2770 3415 2978 3487 κεφαλὴ
3006 3417 3290 3484 γυκαικὺς,
3314 3419 3412 3489 οὑχ
3439 3420 3469 3472 6
3489 3418 3743 3488 ἀδελφὸς,

2153 3501 2267 3556 ἀλλ’
2297 3505 2324 3556 6
2351 3502 2488 3574 ἀνὴρ
2516 3505 2972 3577 προσηγόρευται.
3001 3509 3194 3561 Καίτοι
3227 3510 3358 3580 παρ’
3389 3504 3470 3572 οἷς
3496 3512 3554 3562 ἐν
3587 3511 3744 3565 εύλο-

2153 3596 2279 3664 γίας
2328 3597 2483 3668 μέρει
2511 3597 2572 3650 τὸ
2606 3597 2937 3652 παιδοποιεῖν
2976 3601 3338 3666 ἐσπουδάζετο
3385 3602 3480 3656 καὶ
3511 3604 3745 3674 νόμιμον

2151 3681 2240 3757 ἦν,
2273 3688 2321 3740 εί
2350 3688 2542 3757 φανείη
2569 3688 2748 3760 τίμιον
2773 3689 2834 3742 τὸ
2861 3690 2961 3760 τῆς
2993 3691 3290 3762 παρθενίας
3319 3693 3584 3764 χάρισμα,
3625 3695 3748 3758 πῶς

2154 3780 2302 3850 ἡμᾶς
2331 3781 2596 3850 προσήκει
2627 3781 2722 3835 καὶ
2751 3781 2880 3852 περὶ
2916 3782 3121 3852 ταύτην
3156 3783 3300 3853 ἔχειν
3335 3787 3461 3849 τοὺς
3491 3786 3567 3858 μὴ
3601 3787 3748 3840 κατὰ

2157 3872 2336 3942 σάρκα
2373 3872 2481 3925 τῶν
2530 3871 2690 3927 θείων
2739 3873 3000 3942 εὐλογιῶν
3052 3875 3443 3943 ἐξακούονταςς
3503 3877 3747 3932 Ἀπεκα-

2154 3962 2330 4034 λύφθη
2364 3963 2473 4035 γάρ
2505 3963 2593 4018 διὰ
2617 3963 2725 4017 τῶν
2759 3963 2920 4018 θείων
2949 3963 3143 4034 λογίων
3176 3967 3329 4029 πότε,
3359 3967 3421 4020 τὸ
3448 3971 3743 4040 κυοφορείν

2153 4074 2214 4110 τε
2261 4058 2355 4110 καὶ
2402 4057 2608 4110 τίκτειν
2659 4056 2862 4126 ἀγαθόν
2908 4058 3061 4122 ἐστι,
3106 4059 3202 4112 καὶ
3252 4061 3402 4114 ποῖον
3452 4055 3594 4124 εἶδος
3644 4061 3747 4130 τῆς

2155 4149 2511 4212 πολυτεκνίας
2540 4149 2692 4220 παρὰ
2721 4152 2833 4213 τοῖς
2874 4151 3052 4219 ἁγίοις
3075 4151 3168 4205 τοῦ
3193 4150 3330 4206 Θεοῦ
3358 4152 3742 4216 ἐσπουδάζετο.

2156 4240 2224 4292 Ὅ
2243 4257 2300 4293 τε
2332 4240 2442 4310 γὰρ
2469 4242 2756 4313 προφήτης
2786 4242 3036 4308 Ἡσαΐας,
3065 4243 3160 4297 καὶ
3186 4245 3215 4297 6
3241 4242 3384 4308 θεῖος
3421 4244 3747 4310 Ἀπόστολος

2155 4333 2399 4405 ἐναργῶς
2427 4333 2601 4389 ταῦτα
2629 4336 2723 4389 καὶ
2746 4334 2926 4406 σοφῶς
2959 4335 3295 4408 διεσήμαναν
3313 4351 3328 4367 ο
3354 4339 3384 4390 6
3416 4338 3516 4409 μέν
3543 4337 3744 4406 λέγων·

2161 4444 2180 4478 ι
2220 4426 2352 4479 Ἀπὸ
2378 4426 2470 4479 τοῦ
2503 4427 2670 4497 φόϐου
2700 4444 2815 4492 σου,
2842 4428 3036 4501 Κύριε,
3064 4431 3121 4483 ἐν
3146 4431 3346 4501 γαστρὶ
3374 4430 3644 4502 ἐλάϐομεν
3667 4447 3684 4462 ⁸
3719 4447 3738 4482 s

473 4531 642 4577 runt:
678 4536 822 4574 unus
871 4519 1091 4590 quidem
1143 4519 1228 4575 his
1279 4519 1499 4572 verbis:
1539 4537 1557 4570 ι
1599 4518 1642 4570 Α
1689 4518 2049 4591 timoretuo,

2159 4519 2187 4570 6
2238 4517 2294 4570 δὲ
2343 4517 2694 4590 καυχώμενος
2744 4520 2837 4572 ἐπὶ
2886 4521 2966 4592 τῷ
3018 4522 3238 4576 πάντων
3275 4521 3530 4592 γενέσθαι
3577 4522 3749 4576 πολυ-

471 4613 724 4675 Domine,
779 4613 834 4666 in
866 4620 1020 4666 utero
1052 4610 1397 4680 accepimus,
1451 4618 1504 4663 et
1539 4610 1960 4680 parturivimus,
1998 4618 2053 4666 et

472 4703 904 4775 pcperimus’n
949 4702 1086 4756 alter
1127 4717 1256 4756 vero
1306 4699 1375 4756 de
1433 4701 1621 4756 sobole
1673 4703 1918 4757 omnium
1949 4720 2054 4758 nu-

474 4795 851 4851 merosissima
901 4809 958 4849 se
1009 4793 1246 4863 jactans,
1278 4801 1340 4846 ut
1390 4800 1444 4849 et
1497 4793 1750 4848 civitates
1809 4793 2052 4864 integras

472 4893 527 4940 ct
578 4885 826 4940 nationes
874 4884 1186 4954 pepererit:
1241 4898 1368 4938 cum
1418 4898 1524 4938 non
1586 4882 1902 4938 Corinthios
1961 4900 2054 4940 so-

473 4978 584 5030 lum
642 4975 974 5045 Galatasque
1021 4975 1137 5030 suis
1168 4975 1448 5030 laboribus
1483 4975 1547 5028 ad
1590 4975 1764 5030 lucem
1813 4977 2055 5031 adduxe-

473 5069 544 5123 rit
593 5076 646 5122 ct
679 5067 743 5121 ad
807 5065 902 5121 Dei
936 5066 1254 5138 religionem
1284 5066 1694 5132 informaverit,
1736 5069 1828 5123 sed
1861 5069 1930 5123 ab
1959 5067 2052 5124 Je«

474 5159 746 5230 rosolyma
799 5157 1040 5229 undique
1079 5159 1202 5214 illas
1259 5174 1450 5214 omnes
1500 5161 1831 5215 continentis
1873 5161 2052 5231 regio-

475 5267 570 5307 nes
629 5266 804 5322 usque
859 5253 914 5306 in
960 5251 1234 5324 Illyricum
1285 5254 1402 5320 suis
1437 5251 1624 5308 liberis
1665 5253 2050 5323 expleverit“,

473 5358 610 5409 quos
645 5342 920 5414 Evangelii
952 5345 1154 5400 virtute
1206 5344 1435 5400 Domino
1493 5345 1701 5415 genuit.
1742 5344 1816 5398 Ita
1858 5346 2053 5402 beatus

476 5430 530 5484 in
574 5431 861 5501 Evangelio
905 5432 1232 5502 prtedicatur
1283 5441 1488 5489 sancta:
1536 5434 1780 5505 Virginis
1839 5447 2049 5500 venter,

474 5519 567 5588 qui
624 5521 976 5580 immaculato
1033 5525 1213 5594 partui
1268 5526 1652 5582 ministravit:
1696 5529 1823 5598 quia
1877 5543 2052 5598 neque

539 5676 558 5708 ⁵
593 5673 696 5730 lsa.
737 5691 824 5736 ιτ,
854 5677 904 5732 8.
991 5679 1010 5709 ⁶
1051 5676 1283 5732 Zachar.
1322 5697 1374 5744 v,
1405 5682 1457 5734 7.
1531 5683 1551 5713 ⁷
1586 5682 1740 5736 lion.
1777 5699 1866 5748 xv,
1931 5681 1982 5736 4.

2062 5684 2081 5716 ε
2117 5685 2298 5742 moi.
2330 5704 2418 5755 xv,
2448 5689 2536 5744 ρο.

2159 4609 2484 4678 γονώτατος,
2519 4611 2595 4674 ὡς
2627 4610 2808 4674 πόλεις
2837 4612 2965 4676 ὅλας
2990 4614 3083 4667 καὶ
3120 4613 3248 4684 ἔθνη
3278 4614 3618 4685 κυοφορῆσαι
3641 4630 3654 4643 ·
3681 4613 3750 4668 ού

2164 4699 2322 4770 μόνον
2359 4702 2680 4772 Κορινθίους
2717 4703 2810 4756 καὶ
2847 4704 3092 4768 Γαλάτας
3123 4704 3212 4758 διὰ
3241 4703 3348 4758 τῶν
3371 4705 3591 4771 οἰκείων
3617 4704 3749 4758 ὡδί-ὲ

2160 4808 2267 4846 νων
2298 4795 2376 4856 εἰς
2403 4794 2518 4862 φῶς
2548 4795 2790 4866 ἀγαγὼν,
2818 4798 2912 4851 καὶ
2947 4799 3004 4851 ἐν
3038 4798 3229 4870 Κυρίῳ
3264 4797 3582 4869 μορφώσας.
3609 4797 3750 4851 ἀλλὰ

2159 4887 2254 4939 καὶ
2280 4886 2390 4940 ἀπὸ
2428 4889 2782 4960 Ἰερουσαλὴμ
2802 4891 3007 4962 κύκλῳ,
3024 4891 3295 4962 καὶμέχρι
3316 4891 3411 4944 τοῦ
3446 4889 3746 4959 Ἱλλυρικοῦ

2161 4979 2603 5052 καταπληρὼσας
2646 4981 2755 5035 τῶν
2809 4983 2954 5036 ἰδίων
3000 4983 3207 5037 τέκνων
3245 4984 3345 5052 τὴν
3394 4982 3745 5055 οἰκουμένην,

2158 5073 2301 5142 ἅπερ
2324 5075 2381 5125 ἐν
2413 5073 2632 5144 Χριστῷ
2653 5075 2739 5128 διὰ
2763 5073 2858 5127 τοῦ
2884 5075 3218 5144 Εὖαγγελίου
3250 5075 3522 5145 ἐγέννησε.
3558 5075 3749 5145 Τούτῳ

2162 5165 2523 5235 μακαρίζεται
2551 5167 2644 5220 καὶ
2670 5169 2728 5220 ἐν
2757 5167 2834 5237 τῷ
2867 5168 3186 5237 Εύαγγελίῳ
3282 5168 3380 5237 τῆς
3408 5167 3570 5234 ἁγίας
3597 5167 3748 5236 Παρ-

2159 5255 2311 5308 θένου
2345 5254 2540 5322 κοιλία,
2567 5259 2600 5326 ὴ
2626 5257 2703 5326 τῷ
2739 5259 2992 5329 ἀχράντῳ
3021 5259 3165 5330 τόκῳ
3207 5260 3601 5330 ύπηρετήσασα
3623 5275 3637 5290 °
3670 5261 3747 5320 ὡς

2159 5343 2282 5397 οὔτε
2329 5344 2424 5398 τοῦ
2467 5347 2630 5400 τόκου
2682 5347 2781 5419 τὴν
2821 5349 3120 5420 παρθενίαν
3157 5350 3436 5416 λύσαντος,
3482 5352 3606 5405 οὔτε
3645 5352 3745 5422 τῆς

2161 5437 2460 5507 παρθενίας
2488 5441 2554 5511 τῇ
2590 5442 2811 5514 τοιαύτῃ
2839 5444 3104 5515 κυοφορία
3137 5445 3389 5515 ἐμποδὼν
3424 5446 3740 5517 γενομένης.

2161 5530 2338 5584 Ὅπου
2405 5534 2514 5605 γάρ
2585 5537 2800 5608 πνεῦμα
2880 5541 3150 5612 σωτηρίας
3205 5542 3500 5610 γεννᾶται,
3563 5542 3741 5605 καίὼς

2655 5695 2672 5725 ³
2721 5694 2820 5750 lsa.
2869 5712 3017 5761 τινι,
3057 5697 3143 5751 18.
3263 5697 3302 5730 ¹⁰
3343 5697 3497 5752 liom.
3535 5713 3626 5763 xv,
3656 5696 3738 5752 ιο.
