4072 6156
367 310 477 373 397

1588 281 1597 287 ’
1699 303 1788 365 ns
1820 280 2289 375 “animum.

3530 309 3636 369 398

379 422 606 486 Ἡσαΐας
638 419 833 493 φησὶν,
862 411 1110 492 ἄχρηστα
1141 417 1359 483 πάντως
1405 416 1505 490 τῆς
1542 418 1744 488 σαρκὸς
1788 418 1946 493 Θελή-

2061 430 2236 495 partus
2268 424 2634 497 virginitatem
2659 403 2947 491 dissolvit,
2981 440 3159 497 neque
3189 423 3478 496 virginitas
3505 422 3636 478 huic

375 533 534 589 ματα.
571 516 732 569 Ἔστι
753 512 810 566 δέ
834 530 918 583 τις
951 512 1047 579 καὶ
1072 510 1225 583 παρά
1251 511 1332 583 τῷ
1373 510 1686 582 Ἀποστόλῳ
1713 511 1955 576 τοιοῦτος

368 610 546 678 λόγος,
572 606 649 671 ὡς
672 607 781 679 ἀρα
809 605 1029 669 διπλοῦς
1049 605 1210 677 ἡμῶν
1231 605 1379 658 ἐστιν
1407 603 1436 657 6
1460 602 1583 657 καθ’
1607 601 1837 656 ἕκαστον
1862 601 1955 657 ἀν-

369 700 588 772 θρωπος
608 715 622 728 ⁸
652 700 681 752 6
709 697 809 770 μὲν
835 696 1110 770 ὁρώμενος
1135 695 1352 763 ἔξωθεν,
1386 687 1432 764 ᾧ
1454 693 1515 748 τὺ
1546 693 1956 767 διαφθείρεσθαι

370 789 511 844 κατά
546 787 708 860 φύσιν
749 787 896 841 ἐστίν
920 801 935 817 ·
981 788 1011 841 ὁ
1057 785 1115 840 δὲ
1149 784 1292 839 κατά
1331 783 1392 837 τὸ
1443 783 1818 856 κρυπτόμενον
1857 784 1956 855 τῆς

367 881 595 951 καρδίας
623 879 934 947 νοούμενος,
971 876 1030 941 δς
1058 875 1364 947 ἐπιδέχεται
1405 875 1466 929 τὸ
1502 874 1948 930 ἀνακαινοῦσθαι.

369 973 432 1026 Et
468 966 562 1025 οὖν
585 969 790 1041 ἀληθὴς
812 969 841 1024 6
881 968 1036 1038 λόγος
1065 966 1325 1039 (πάντως
1375 966 1434 1021 δέ
1461 969 1608 1021 ἐστιν
1634 965 1839 1038 ἀληθὴς
1864 967 1953 1022 διὰ

365 1062 467 1133 τὴν
498 1064 557 1116 ὲν
585 1060 736 1130 αὐτῷ
758 1054 1025 1115 λαλοῦσαν
1046 1057 1367 1130 ἀλήθειαν),
1395 1057 1549 1111 οὐδὲν
1577 1057 1826 1121 ἀπεικὸς.
1858 1057 1953 1112 καὶ

365 1154 546 1224 γάμον
576 1151 796 1206 διπλοῦν
818 1151 1043 1215 ἐννοεῖν,
1074 1149 1321 1221 ἑκατέρῳ
1347 1148 1456 1205 τῶν
1493 1150 1551 1209 ὲν
1578 1151 1711 1220 ἡμῖν
1741 1148 1952 1221 ἀνθρὼ-

365 1263 487 1303 πων
516 1244 824 1317 πρόσφορον
848 1261 906 1297 τε
934 1243 1029 1298 καὶ
1058 1242 1411 1314 κατάλληλον·
1436 1242 1530 1297 καὶ
1548 1241 1688 1313 τάχα
1707 1244 1736 1297 6
1756 1242 1955 1315 τολμή-

368 1355 472 1403 σας
500 1338 675 1391 εἰπεῖν
701 1337 802 1408 τὴν
832 1327 1152 1409 σωματικὴν
1181 1332 1478 1408 παρθενίαν
1503 1333 1597 1388 τοῦ
1629 1333 1839 1388 ἔνδοθεν
1861 1333 1957 1389 καὶ

368 1427 740 1500 πνευματικοῦ
768 1426 948 1498 γάμου
973 1416 1243 1497 ’συνεργόν
1270 1440 1331 1478 τε
1374 1424 1469 1477 καὶ
1507 1423 1767 1496 πρόξενον
1799 1423 1956 1493 γενέ-

365 1521 519 1582 σθαι,
542 1519 609 1574 οὐ
639 1518 829 1590 πόρῤω
855 1516 948 1572 τοῦ
976 1517 1183 1581 εἰκότος
1208 1514 1600 1587 ἀποτολμήσει.

2058 516 2238 588 partui
2285 517 2674 588 impedimento
2714 517 2839 573 fuit.
2871 516 3008 573 Cum
3049 518 3193 574 enim
3226 516 3456 588 spiritus
3487 516 3637 570 salu-

2058 606 2129 663 tis
2192 608 2474 675 nascitur,
2531 614 2593 661 ut
2642 607 2819 678 inquit
2868 608 3039 665 lsaias
3068 648 3085 671 ,
3136 608 3359 664 inutiles
3408 604 3636 663 omnino

2057 704 2186 752 sunt
2238 695 2422 752 carnis
2498 696 2828 753 voluntates.
2885 699 3063 768 Atque
3100 698 3154 759 in
3214 697 3359 757 hanc
3413 704 3638 752 sentcn-

2056 771 2190 841 tiam
2242 793 2326 843 est
2380 786 2578 857 aliquis
2647 787 2789 858 apud
2856 786 3177 858 Apostoium
3250 801 3455 842 sermo.
3519 785 3636 841 No-

2058 890 2230 937 strum
2266 881 2499 951 quisque
2546 880 2745 951 duplex
2799 879 2961 935 homo
3005 880 3183 945 est“,
3221 896 3366 937 unus
3413 879 3633 951 quidem

2060 969 2153 1039 qui
2203 970 2548 1026 extrinsecus
2591 969 2871 1034 deﬁnitur,
2903 969 2991 1025 cui
3032 985 3061 1027 a
3102 978 3298 1034 natura
3330 978 3415 1027 est
3444 970 3633 1027 datum

2061 1066 2120 1111 ut
2185 1066 2609 1130 corrumpatur;
2642 1060 2780 1115 alter
2806 1075 2937 1115 vero
2962 1060 3053 1131 qui
3086 1075 3153 1116 ex
3207 1062 3422 1118 occulto
3450 1062 3636 1117 cordis

2057 1150 2425 1223 intelligitur,
2481 1153 2574 1223 qui
2657 1152 3065 1208 renovationem
3124 1153 3291 1223 capit.
3340 1152 3397 1208 Si
3469 1154 3637 1225 igitur

2058 1234 2219 1299 verus
2248 1244 2547 1315 sermo(is
2592 1251 2772 1300 autem
2830 1258 2992 1300 verus
3025 1250 3109 1300 est
3156 1246 3381 1315 propter
3430 1245 3639 1303 veritav

2060 1335 2169 1382 tem
2200 1343 2319 1398 quae
2366 1329 2421 1384 in
2477 1346 2543 1386 eo
2587 1330 2871 1403 loquitur),
2909 1331 3132 1388 minime
3181 1332 3481 1389 absurdum
3527 1341 3633 1399 est,

2061 1417 2258 1490 duplex
2312 1419 2366 1473 in
2397 1429 2653 1491 utroque,
2701 1422 2794 1492 qui
2852 1423 2908 1481 in
2944 1421 3101 1477 nobis
3131 1432 3249 1502 est,
3277 1422 3498 1481 homine
3530 1439 3637 1495 pu-

2056 1520 2176 1567 tare
2230 1508 2638 1567 matrimonium
2696 1519 2942 1566 mutuum
2990 1519 3044 1567 et
3087 1511 3418 1567 conveniens
3464 1526 3588 1567 esse
3618 1529 3637 1566 :

366 1614 719 1684 fortasseque
757 1612 850 1683 qui
884 1612 1069 1667 dicere
1115 1610 1382 1678 audebit,
1458 1609 1707 1680 corporis
1760 1606 2126 1677 virginitatem
2195 1600 2457 1677 spiritalis
2531 1613 2696 1677 atque
2739 1603 3015 1662 interioris
3068 1604 3404 1667 matrimonii
3475 1603 3637 1677 adju—

364 1707 558 1765 tricem
591 1714 755 1777 atque
783 1704 1052 1777 hospitem
1088 1718 1243 1769 esse,
1289 1704 1338 1761 is
1368 1719 1400 1759 a
1428 1712 1578 1760 recto
1609 1718 1721 1761 non
1757 1701 2056 1759 aberrabit.

971 1822 1223 1878 ΚΕΦΔΛ.
1260 1825 1348 1880 ις’.

364 1940 519 2021 ’ὍτιΔ
535 1939 847 2021 ἀδύνατον¹
869 1936 1020 2021 dum?
1063 1935 1195 2021 ταῖς
1230 1934 1596 2021 ςωματεκαῖς
1635 1932 1961 2021 ῥπηρετεῖν

439 2010 690 2135 εἶδον-εἷς
708 2049 723 2066 .
754 2009 852 2065 καί
891 2005 1006 2063 τὼν
1041 2009 1196 2062 κατὰ
1225 2005 1375 2062 Θεὸν
1403 2005 1793 2075 εὐφροσύνην
1819 2019 1961 2073 καρ-

442 2096 611 2135 πουσ
649 2097 728 2135 αι.

450 2172 541 2237 Ὦς
586 2171 696 2243 γὰρ
744 2170 844 2224 οὐκ
885 2168 999 2223 ἔστι
1047 2167 1190 2223 κατὰ
1227 2166 1423 2221 ταύτὸν
1459 2164 1553 2219 δύο
1596 2165 1708 2218 τισὶ
1746 2165 1960 2237 τέχναις

364 2265 665 2335 ὑπηρετεῖν
690 2260 779 2315 διὰ
802 2261 903 2331 τῆς
934 2259 1043 2312 τῶν
1076 2257 1277 2330 χειρῶν
1302 2256 1610 2329 ἐνεργείας⁹
1642 2250 1754 2308 οἷον
1784 2271 1961 2324 γεωρ-

362 2355 571 2426 γοῦντα
608 2353 704 2407 καὶ⁸
740 2350 1178 2421 ναυτιλλόμενον,
1213 2349 1246 2421 ἢ
1277 2346 1610 2419 χαλκεύοντά
1648 2363 1709 2399 τε
1748 2345 1842 2399 καὶ
1872 2360 1959 2396 τεο

364 2445 742 2507 κταινεύοντα·
776 2441 889 2497 ἀλλ’
919 2442 967 2496 εί
992 2441 1173 2512 μέλλει
1199 2442 1326 2511 μιᾶς
1346 2438 1516 2509 ὑγιῶς
1547 2435 1956 2508 ἀντιλήψεσθαι,

361 2544 472 2613 τῆς
518 2539 710 2611 ἐτέρας
758 2535 1024 2607 ἀφεκτέον
1080 2534 1268 2606 αὐτῷ’
1324 2532 1493 2596 οὕτως
1544 2533 1674 2603 ἡμῖν
1725 2530 1820 2585 καὶ
1867 2528 1961 2583 δύο

362 2629 753 2704 προκειμένων
785 2626 1007 2696 γάμων,
1050 2623 1144 2678 τοῦ
1184 2624 1284 2696 μὲν
1318 2622 1408 2677 διὰ
1441 2622 1644 2692 σαρκὸς
1682 2619 1961 2673 ἐπιτελου-

365 2722 558 2794 μένου,
591 2718 685 2773 τοῦ
718 2704 774 2772 δὲ
803 2717 893 2771 διὰ
923 2714 1256 2786 πνεύματος,
1285 2715 1319 2785 ή
1351 2712 1482 2785 περὶ
1508 2711 1599 2765 τὸν
1631 2710 1728 2765 ἕνα
1756 2707 1960 2780 σπουδὴ

362 2811 462 2865 τὸν
484 2808 579 2864 τοῦ
608 2809 797 2880 ἑτέρου
831 2805 1106 2877 χωρισμὸν
1137 2805 1435 2873 ἀναγκαῖον
1472 2804 1638 2857 ποιεῖ.
1681 2799 1821 2855 Οὔτε
1850 2800 1960 2872 γάρ

358 2897 463 2951 δύο
496 2896 638 2950 κατά
668 2894 864 2949 ταύτὸν
901 2891 1182 2964 ὀφθαλμὸς
1225 2893 1354 2947 ἰδεῖν
1384 2891 1571 2955 ἱκανός
1601 2893 1771 2954 ἐστιν,
1801 2892 1849 2945 εί
1884 2890 1959 2962 μὴ

364 2986 475 3043 ἀνά
518 2986 685 3058 μέρος
726 2985 820 3039 καὶ
870 2983 975 3056 ἰδίᾳ
1014 2982 1260 3055 ἑκατέρῳ
1293 2983 1384 3037 τὸν
1429 2981 1705 3053 ὀφθαλμὸν
1745 2981 1961 3053 ἐπερεί-

366 3094 551 3132 σειεν·
596 3076 720 3130 οὒτε
751 3076 784 3147 ἡ
814 3074 1037 3144 γλῶσσα
1062 3074 1338 3146 διαφόροις
1370 3074 1704 3145 ὑπηρετήσει
1732 3073 1957 3142 φωναῖς,

2656 1814 2890 1871 CAPUT
2945 1814 3068 1871 XX.

2061 1928 2210 1985 Fieri
2264 1946 2369 1985 non
2421 1938 2624 2001 potest.
2655 1942 2714 1984 ut
2768 1932 3003 1999 corporis
3061 1930 3419 2001 voluptatibus
3475 1933 3639 1991 simul

2127 2000 2495 2071 quis‘serviat,
2532 2010 2583 2056 et
2620 2002 3044 2070 temperantiam,
3072 2000 3191 2074 ᾳιιιε
3219 2001 3328 2059 Deo
3359 2012 3514 2074 grata
3540 2005 3637 2070 sit,

2130 2082 2467 2142 assequalur.

2128 2159 2598 2228 Quemadmodum
2624 2175 2733 2216 nou
2769 2176 3064 2232 possumus
3096 2176 3358 2218 manuum
3409 2178 3637 2221 munere

2060 2251 2382 2320 actioneque
2421 2251 2558 2308 duas
2615 2251 2778 2308 simul
2839 2260 2985 2309 artes
3016 2268 3276 2310 exercere
3309 2293 3326 2319 ,
3374 2255 3540 2311 veluti
3581 2263 3638 2315 et

2059 2343 2405 2413 agricultura:
2455 2351 2511 2398 et
2580 2343 2909 2415 navigationi
2967 2344 3130 2401 simul
3187 2360 3409 2416 operam
3477 2346 3632 2411 dare,

2058 2432 2455 2506 ferrariamque
2527 2434 2691 2494 simul
2751 2444 2807 2491 et
2856 2430 3143 2507 lignariam
3182 2435 3402 2503 facere,
3455 2436 3549 2495 sed
3580 2437 3629 2496 si

2058 2526 2183 2596 quis
2225 2526 2319 2581 uni
2368 2538 2517 2583 recte
2549 2542 2673 2584 sese
2718 2526 2949 2583 daturus
3003 2535 3108 2593 est,
3143 2529 3369 2585 alteram
3418 2525 3637 2593 deserat

2060 2632 2284 2675 necesse
2328 2626 2413 2674 est
2446 2635 2461 2672 :
2497 2619 2573 2672 ita
2625 2634 2750 2674 cum
2799 2618 2940 2674 binae
2990 2618 3149 2675 nobis
3200 2620 3495 2691 proposita:
3524 2622 3638 2679 sint

2059 2711 2283 2781 nuptiae,
2336 2726 2571 2782 quarum
2626 2726 2748 2765 unae
2800 2709 2985 2766 carnis
3032 2724 3197 2782 opere
3244 2712 3633 2778 conﬁciuntur,

2059 2803 2244 2858 alterae
2295 2817 2424 2859 vero
2474 2803 2528 2858 in
2559 2802 2754 2874 spiritu
2797 2804 3130 2865 consistunt,
3183 2804 3452 2870 studium,
3488 2806 3638 2877 quod

2061 2894 2115 2948 iu
2166 2894 2291 2949 unis
2329 2894 2569 2965 ponitur,
2605 2894 2674 2949 ab
2727 2894 2914 2950 alteris
2972 2910 3074 2950 nos
3126 2896 3444 2956 necessario
3478 2911 3638 2969 sepa-

2060 2993 2165 3040 rat.
2218 2984 2406 3056 Neque
2436 2986 2582 3042 enim
2630 2985 2825 3042 oculus
2865 2985 3001 3043 satis
3038 2994 3124 3043 est
3154 3029 3168 3052 ,
3213 2986 3308 3058 qui
3359 3003 3451 3044 res
3500 2989 3638 3048 duas

2061 3078 2226 3135 simul
2273 3078 2471 3141 videat,
2502 3079 2611 3136 nisi
2659 3079 2954 3151 separatim
2986 3069 3052 3134 ac
3098 3094 3196 3150 per
3236 3095 3298 3136 se
3360 3080 3415 3136 in
3451 3094 3637 3138 earum

377 3169 651 3245 Ἐὁραίων
679 3185 740 3222 τε
762 3168 828 3240 ρή
838 3184 983 3238 ματα
1007 3167 1104 3221 καὶ
1148 3165 1414 3237 Ἑλλήνων
1434 3166 1494 3219 ὲν
1519 3165 1598 3234 τῷ
1623 3162 1772 3235 αὐτῷ
1795 3163 1956 3233 φθεγ-

2063 3182 2244 3226 rerum
2297 3171 2543 3237 alteram,
2575 3186 2697 3241 quae
2745 3169 2895 3227 cerui
2952 3179 3222 3242 possunt,
3263 3188 3321 3229 sc
3345 3173 3634 3244 conjiciat:

364 3257 614 3328 γομένηο
658 3255 784 3311 οὔτε
816 3258 851 3327 ἡ
894 3255 1030 3329 ἀκοὴ
1052 3253 1359 3326 διηγήσεως
1395 3271 1455 3307 τε
1492 3254 1833 3326 πραγμάτων
1866 3254 1961 3307 καὶ

364 3349 695 3404 διδακτικιῖιν
736 3347 907 3417 λόγων
952 3346 1092 3402 κατά
1125 3345 1320 3400 ταύτὺν
1346 3344 1699 3418 ἀκροάσεται.
1746 3345 1811 3399 Ἥ
1853 3344 1963 3417 γὰρ

364 3438 608 3510 διαφορά
659 3438 760 3509 τῆς
799 3437 1018 3509 φωνῆς,
1068 3437 1118 3491 εἰ
1172 3436 1271 3508 μὲν
1318 3436 1423 3491 ἀνὰ
1472 3435 1637 3508 μέρος
1689 3434 1960 3497 ἀκούοιτο,

369 3530 766 3604 ἐνσημαίνεται
815 3532 927 3593 τοῖς
969 3529 1343 3601 ἀκροωμένοις
1385 3528 1486 3602 τὴν
1532 3530 1760 3582 ἔννοιαν·
1810 3529 1859 3582 εί
1905 3527 1962 3581 δὲ

368 3621 519 3677 κατά
560 3620 758 3676 ταύτὸν
808 3620 1060 3692 μιχθεῖσα
1099 3618 1387 3691 περιηχοίη
1429 3619 1530 3691 τὴν
1574 3618 1778 3690 ἀκοὴν,
1837 3616 1966 3687 σύγε

366 3712 530 3786 χυσίς
563 3729 648 3776 τις
686 3711 1001 3783 ἀδιάκριτος
1032 3709 1133 3781 τὴν
1174 3708 1410 3763 διάνοιαν
1448 3709 1699 3781 λήψεται,
1732 3705 1843 3761 τῶν
1873 3724 1965 3778 σηι-

372 3802 724 3875 μαινομένων
752 3804 808 3855 ὲν
836 3800 1086 3873 ἀλλήλοις
1114 3799 1514 3871 συγχεομένων.
1554 3798 1714 3854 Κατά
1741 3798 1834 3853 τὸν
1865 3798 1963 3852 αύ-

367 3895 469 3950 τὺν
491 3896 656 3964 λόγον
682 3894 777 3948 καὶ
805 3893 866 3947 τὸ
896 3891 1293 3963 ἐπιθυμητικὸν
1333 3891 1491 3962 ἡμῶν
1522 3891 1685 3961 φύσιν
1713 3889 1814 3944 οὐκ
1848 3888 1962 3960 ἔχει

367 3986 509 4058 ὁμοῦ
540 3986 662 4048 ταῖς
692 3985 1033 4055 σωματικαῖς
1064 3982 1418 4053 ἐξυπηρετεῖν
1455 3982 1673 4053 ἡδοναῖς
1691 4021 1706 4046 ,
1734 3981 1829 4035 καὶ
1868 3979 1961 4033 τὸν

368 4077 749 4150 πνευματικὸν
810 4077 1050 4147 μετιέναι
1105 4074 1304 4146 γάμον.
1361 4072 1495 4127 Ούδὲ
1550 4073 1658 4144 γὰρ
1710 4071 1802 4127 διὰ
1852 4071 1960 4126 τῶν

362 4172 581 4243 ὁμοίων
622 4167 1066 4240 ἐπιτηδευμάτων
1109 4165 1333 4220 δυνατόν
1362 4165 1508 4218 ἐστιν
1550 4164 1813 4235 ἐκατέρου
1851 4162 1961 4217 τῶν

366 4263 600 4319 σκοπῶν
644 4261 938 4316 λαϐέσθαι’
967 4259 1064 4314 τοῦ
1110 4259 1207 4331 μὲν
1243 4258 1352 4330 γάρ
1383 4255 1700 4328 ἐγκράτεια,
1729 4256 1823 4310 καὶ
1857 4254 1962 4309 σώ-

374 4373 551 4427 ματος
584 4354 875 4426 νέκρωσις,
916 4352 1010 4406 καὶ
1043 4351 1152 4407 τῶν
1177 4351 1320 4405 κατά
1348 4349 1529 4417 σάρκα
1555 4347 1773 4402 πάντων
1800 4349 1961 4418 ὑπερ·

368 4446 506 4517 οψία
534 4444 786 4516 πρόξενοι
814 4441 1076 4513 γίνονται·
1107 4438 1208 4511 τῆς
1227 4439 1284 4493 δὲ
1315 4438 1637 4509 σωματικῆς
1665 4435 1960 4507 συναφείας

2063 3277 2241 3332 neque
2290 3262 2476 3335 lingua
2504 3263 2846 3319 diversarum
2881 3277 3074 3318 vocum
3127 3263 3280 3321 sonis
3311 3264 3476 3321 simul
3520 3280 3640 3322 ser-

2061 3353 2193 3418 viet,
2245 3362 2304 3409 ut
2359 3353 2614 3411 Hebrzeas
2659 3363 2713 3410 et
2764 3352 2984 3411 Graecas
3037 3369 3199 3412 voces
3246 3355 3437 3411 eodem
3496 3364 3638 3413 tem-

2062 3458 2196 3517 pore
2258 3442 2423 3500 simul
2467 3445 2782 3516 exprimat:
2834 3461 2937 3502 nec
2991 3447 3204 3500 aurium
3255 3447 3383 3504 item
3434 3462 3638 3505 sensus

2062 3543 2119 3591 et
2172 3549 2356 3589 rerum
2406 3536 2846 3606 explicationem,
2919 3545 2974 3592 et
3025 3535 3354 3602 verborum,
3416 3553 3536 3608 qua:
3572 3539 3638 3593 ad

2063 3624 2365 3681 docendum
2424 3625 2674 3697 apposita
2747 3626 3248 3694 sunt,oratiouem
3305 3641 3417 3682 una
3462 3629 3639 3697 perci-

2063 3716 2197 3787 piet.
2247 3714 2545 3773 Dissimilis
2593 3716 2736 3771 enim
2777 3730 2960 3772 sermo
3011 3723 3116 3782 est,
3167 3715 3260 3787 qui
3316 3717 3364 3774 si
3413 3732 3639 3788 separa-

2062 3805 2160 3860 tim
2218 3804 2486 3871 auditur,
2546 3805 2874 3863 sententiam
2928 3805 3165 3863 auditori
3229 3806 3539 3879 imprimit:
3592 3808 3639 3865 si

2062 3911 2194 3977 vero
2251 3896 2480 3953 confuse
2527 3896 2897 3968 exprimitur,
2967 3897 3182 3954 aurium
3238 3912 3471 3971 sensum
3516 3915 3641 3971 per-

2065 3987 2267 4052 turbat,
2300 3997 2464 4058 atque
2499 3988 2588 4056 iis,
2636 4003 2758 4058 quae
2795 3988 3209 4061 signiﬁcantur,
3248 3988 3480 4048 confuse
3507 4005 3638 4062 pro-

2063 4079 2236 4143 latis,
2291 4080 2537 4149 quaedam
2601 4095 2712 4134 non
2768 4079 3030 4136 distincta
3085 4080 3343 4138 confusio
3403 4092 3637 4141 mentem

2063 4169 2377 4242 occupabit.
2433 4168 2560 4224 Pari
2594 4170 2806 4226 ratione
2861 4171 3124 4241 appetitio
3157 4181 3347 4228 nostra
3380 4179 3639 4227 naturam

2061 4275 2172 4315 non
2207 4259 2391 4324 habet,
2449 4267 2509 4313 ut
2549 4258 2827 4329 corporeis
2877 4259 3040 4316 simul
3087 4259 3461 4329 voluptatibus
3521 4274 3640 4317 ser—

2061 4350 2174 4405 viat
2221 4357 2277 4406 et
2321 4348 2636 4421 spirituales
2683 4352 2903 4420 nuptias
2956 4348 3183 4414 ambiat,
3244 4347 3432 4419 Neque
3489 4348 3637 4405 enim

2060 4441 2336 4499 similibus
2390 4440 2589 4498 studiis
2638 4442 2927 4512 utriusque
2970 4440 3049 4496 rei
3105 4440 3444 4511 propositum
3487 4454 3640 4495 asse-

368 4539 557 4599 πάντα
581 4536 652 4591 τὰ
676 4534 917 4597 ἐναντία.
947 4531 1156 4588 Οὐκοῦν
1184 4529 1374 4603 ὥσπερ
1395 4530 1487 4589 δύο
1509 4528 1714 4601 κυρίων
1736 4529 1794 4582 ὲν
1818 4527 1959 4600 αἱρέ-

2065 4533 2160 4605 qui
2208 4533 2377 4589 licet:
2416 4531 2580 4589 unius
2628 4534 2774 4588 enim
2824 4530 3039 4587 ratione
3088 4536 3145 4586 et
3194 4530 3553 4597 continentia,
3581 4537 3638 4586 et

372 4648 463 4686 σει
491 4627 897 4702 προκειμένων,
927 4623 1116 4696 ἐπειδὴ
1143 4620 1288 4684 κατά
1316 4620 1512 4675 ταύτὸν
1543 4620 1645 4675 οὐκ
1673 4619 1820 4674 ἔστιν
1853 4620 1961 4691 ἀμ-

375 4720 625 4793 φοτέρων
649 4717 906 4788 γενέσθαι
939 4716 1180 4788 ὑπήκοον
1217 4713 1431 4787 (οὐδεὶς
1457 4712 1568 4786 γὰρ
1590 4712 1812 4771 δύναται
1839 4711 1961 4766 δυσὶ

376 4812 594 4884 κυρίοις
641 4807 991 4877 δουλεύειν),
1023 4806 1115 4862 τὸν
1142 4803 1559 4876 ὡφελιμώτερον
1597 4806 1626 4858 6
1654 4799 1714 4857 εὖ
1748 4801 1962 4876 φρονῶν

373 4903 708 4971 ὲπιλέξεταιο
738 4899 911 4965 οὕτως
935 4900 1070 4973 ἡμῖν
1098 4898 1195 4961 καὶ
1218 4897 1314 4952 δύο
1344 4896 1720 4970 προκειμένων
1742 4896 1960 4966 γάμων,

375 4995 566 5068 ἔπειδὴ
589 4995 693 5049 οὐκ
725 4994 871 5048 ἔστιν
900 4994 959 5047 ὲν
986 4991 1318 5063 ἀμφοτέροις
1342 4985 1481 5045 εἶναι
1514 4988 1575 5060 (6
1601 4989 1712 5062 γὰρ
1748 4989 1963 5060 ἄγαμος

378 5087 625 5159 μεριμνᾷ
659 5084 731 5140 τά
757 5083 853 5139 τοῦ
892 5082 1127 5156 Κυρίου,
1158 5083 1188 5136 6
1229 5081 1286 5136 δὲ
1316 5083 1571 5153 γαμήσας
1612 5082 1853 5153 μεριμνᾷ
1892 5080 1964 5134 τά

377 5177 473 5232 τοῦ
498 5176 744 5248 κόσμου)
765 5216 779 5239 ,
815 5173 1237 5247 σωφρονούντων
1263 5172 1329 5227 ἄν
1361 5189 1504 5243 φημι
1544 5170 1620 5243 μὴ
1646 5171 1963 5244 διαμαρτεῖν

374 5267 481 5339 τῆς
505 5267 742 5339 ἐκλογῆς
768 5265 864 5321 τοῦ
914 5265 1312 5337 συμφέροντος*
1360 5262 1499 5317 ἀλλὰ
1552 5263 1690 5335 μήτε
1728 5261 1828 5333 τὴν
1869 5261 1964 5316 ἐπὶ

377 5360 568 5415 τοῦτον
591 5361 832 5430 ἄγουσαν
858 5356 978 5412 666v
1004 5354 1291 5426 ἀγνοῆσαι,
1319 5355 1386 5426 ἢν
1419 5355 1519 5408 οὐκ
1548 5353 1694 5408 ἔστιν
1726 5352 1902 5417 ἄλλως
1925 5352 1959 5425 ἢ

373 5449 470 5508 διά
490 5468 634 5516 τινος
660 5448 950 5520 ἀναλογίας
977 5448 1187 5520 μαθεῖν.
1228 5446 1316 5510 Ὦς
1336 5447 1446 5518 γὰρ
1477 5448 1534 5501 ἐν
1554 5445 1634 5518 τῷ
1668 5442 1964 5516 σωματικῷ

378 5543 545 5618 γάμῳ
576 5544 616 5598 ’ὁ
658 5545 735 5616 μή
777 5540 1112 5614 ἀποϐλητέος
1161 5536 1417 5613 γενέσθαι
1479 5537 1816 5607 σπουδάζων,
1869 5536 1963 5599 καὶ

458 5719 498 5752 “
535 5717 582 5777 ιι
599 5717 726 5775 Cor.
760 5733 833 5788 tv,
859 5717 947 5780 l6.

2061 4625 2310 4695 corporis
2364 4622 2655 4680 aﬂectuum
2714 4622 3005 4685 interitus,
3045 4628 3101 4677 et
3139 4636 3329 4679 eorum
3368 4621 3636 4683 omnium,

2063 4732 2186 4788 quae
2212 4731 2244 4771 e
2272 4729 2443 4772 carne
2486 4716 2800 4778 exsistunt,
2836 4712 3197 4784 despicientia
3261 4711 3423 4769 nobis
3455 4712 3642 4768 conci-

2061 4807 2393 4877 lianturze.
2433 4820 2697 4877 corporea
2755 4811 2936 4860 autem
2985 4804 3226 4864 coitione
3299 4805 3484 4860 omnia
3552 4803 3640 4860 liii;

2063 4896 2338 4955 contraria
2390 4903 2674 4968 apparent.
2729 4893 2912 4953 Veluti
2943 4896 3108 4968 igitur
3148 4899 3275 4951 cum
3310 4895 3377 4952 de
3426 4894 3641 4952 duobus

2065 4988 2312 5046 dominis
2364 4988 2432 5044 ad
2483 4987 2897 5044 deliberandum
2948 4987 3290 5060 propositum
3357 4995 3463 5051 est,
3504 5001 3643 5057 quo-

2062 5079 2210 5139 niam
2246 5077 2364 5134 ﬁeri
2406 5091 2519 5132 non
2576 5083 2778 5148 potest,
2825 5084 2889 5132 ut
2938 5076 3228 5148 utriusque
3261 5076 3490 5146 imperio
3515 5076 3642 5147 quis

2065 5169 2231 5225 simul
2286 5178 2707 5240 pareat:nemo
2734 5171 2879 5226 enim
2930 5176 3109 5240 potest
3138 5169 3354 5227 duobus
3403 5169 3649 5240 dominis.

2064 5262 2317 5318 servire:
2352 5261 2421 5324 is,
2466 5262 2560 5332 qui
2612 5271 2760 5316 recte
2790 5260 2955 5331 sapit,
3003 5260 3279 5316 utiliorem
3310 5277 3379 5317 cx
3419 5260 3508 5317 liis
3545 5262 3644 5316 do-

2065 5352 2273 5407 minum
2328 5352 2566 5421 deliget:
2622 5352 2694 5407 ita
2726 5353 2771 5407 si
2824 5352 2966 5408 bime
3012 5352 3307 5422 propositae
3352 5360 3481 5413 sunt
3531 5370 3632 5411 nu-.

2069 5443 2215 5514 ptiar,
2246 5444 2375 5516 quia
2411 5445 2466 5502 in
2496 5443 2745 5514 utrisque
2770 5458 2893 5500 esse
2918 5457 3026 5498 non
3057 5442 3223 5500 licet:
3250 5443 3447 5500 caelebs
3471 5443 3642 5507 enim,

2068 5551 2191 5612 qua
2224 5536 2411 5595 divina
2457 5540 2607 5602 sunt,
2650 5540 2832 5604 Curat,
2863 5532 2957 5614 qui
2990 5545 3124 5589 vero
3159 5534 3367 5605 nuptiis
3415 5532 3644 5605 junctus
