4072 6156
423 270 529 327 399

1636 262 1695 322 S.
1738 256 2069 317 GREGOR"
2105 254 2400 314 NYSSENI

3568 257 3674 315 400

427 399 543 457 est,
591 390 647 445 in
682 387 847 446 rebus
899 384 1190 442 mundanis
1254 381 1492 438 studium
1546 380 1739 453 ponit:
1797 387 1993 448 tempe-

2100 376 2200 447 τῆς
2225 373 2318 430 τοῦ
2356 372 2605 444 σώματος
2631 369 2861 438 εὐεξίας,
2889 371 2982 424 καὶ
3013 369 3106 424 τοῦ
3135 369 3433 442 πρέποντος
3462 371 3673 425 καλλω-

426 467 663 537 rantium
738 481 1019 536 hominum
1055 485 1160 540 est,
1194 491 1302 529 non
1343 474 1598 529 aberrare
1648 474 1702 526 in
1746 486 1813 526 eo
1864 468 1997 523 deli-

428 573 603 643 gcmlo
629 613 644 638 ,
684 572 827 642 quod
881 569 1013 624 utile
1042 575 1165 633 est,
1201 582 1377 636 neque
1412 565 1555 620 viam
1589 566 1840 635 ignorare
1876 574 1996 632 quae

427 665 493 720 ad
543 666 741 719 bonum
784 662 935 715 ducit
965 678 979 715 :
1011 674 1174 731 quam
1208 658 1425 729 quidem
1459 657 1600 712 viam
1623 668 1786 710 nemo
1816 653 1993 714 aliter,

426 757 534 812 nisi
579 755 762 825 aliquo
792 751 1057 822 ejusmodi
1105 749 1356 819 exemplo
1388 762 1721 819 cognoscere
1790 750 1992 815 potest.

427 846 497 902 Ut
543 847 682 901 enim
716 844 806 915 qui
845 845 898 897 in
953 842 1228 912 corporeis
1282 840 1490 909 nuptiis
1530 839 1679 909 cupit
1723 852 1832 892 non
1876 835 1997 890 vilis

424 946 476 994 ct
512 938 759 1006 abjcctus
813 950 934 990 esse
957 974 971 997 ,
1029 948 1154 987 cum
1196 939 1415 1002 appetat
1449 931 1714 1000 optimum
1746 925 1996 997 corporis

426 1030 691 1093 habitum,
744 1027 1000 1082 decorum
1049 1031 1338 1088 ornatum,
1397 1022 1709 1076 divitiarum
1771 1018 1991 1087 copias,

421 1132 474 1176 et
533 1135 748 1174 omnem
805 1126 898 1171 aut
938 1131 1002 1170 ex
1049 1115 1198 1176 vita,
1244 1123 1336 1167 aut
1390 1127 1455 1166 ex
1511 1126 1707 1182 genere
1752 1110 1995 1178 turpitu-

422 1214 602 1267 dinem
631 1210 797 1270 vitet,
825 1220 1185 1275 magnamque
1217 1204 1268 1257 in
1303 1203 1407 1257 hoc
1439 1215 1628 1255 curam
1662 1209 1862 1269 ponat:
1888 1199 1994 1251 hoc

420 1305 564 1361 enim
617 1308 777 1370 pacto
823 1298 876 1351 id
916 1296 1243 1363 assequitur,
1279 1292 1423 1364 quod
1446 1291 1680 1345 maxime
1714 1291 1829 1343 vult
1862 1307 1875 1343 :
1921 1289 1994 1340 ita

420 1394 514 1464 qui
559 1391 839 1460 spirituale
874 1384 1280 1440 matrimonium
1319 1382 1642 1437 contrahere
1675 1379 1846 1449 cupit,
1879 1376 1994 1448 pri-

421 1498 570 1539 mum
621 1481 840 1552 quidem
903 1477 1101 1532 mentis
1162 1474 1513 1531 renovatione
1544 1473 1800 1543 juvenem
1834 1485 1893 1526 se
1939 1476 1995 1524 et

422 1576 491 1629 ab
524 1574 669 1628 omni
705 1579 985 1627 senectute
1020 1575 1310 1630 remotum,
1341 1563 1538 1621 deinde
1566 1562 1793 1617 divitem
1819 1575 1879 1616 se
1908 1575 1995 1617 os-

421 1663 624 1723 tendet,
671 1667 726 1714 et
778 1658 1063 1727 copiosum
1118 1669 1308 1710 earum
1338 1668 1546 1717 rerum,
1577 1651 1777 1720 quibus
1816 1650 1995 1704 abun-

421 1756 551 1811 dare
588 1751 825 1806 maxime
869 1750 1088 1803 beatum
1117 1754 1223 1810 est,
1259 1761 1369 1800 non
1411 1743 1497 1801 his
1526 1743 1764 1799 terrenis
1794 1742 1992 1812 opibus

421 1843 627 1908 extolli,
663 1841 759 1897 sed
817 1839 1137 1893 cmlestibus
1181 1835 1453 1891 thesauris
1507 1834 1715 1889 ornari.
1765 1831 1993 1889 Generis

421 1949 551 1991 vero
580 1931 919 1987 nobilitatem
951 1943 1061 1982 non
1084 1942 1151 1982 ex
1187 1926 1406 1981 fortuna
1455 1924 1713 1996 quadam.
1739 1939 1871 1999 quae
1895 1938 1991 1977 ca-

418 2043 485 2083 su
522 2024 770 2086 advenit,
802 2020 979 2091 qualis
1014 2017 1288 2088 plerisque
1326 2017 1410 2071 vel
1459 2016 1713 2086 pessimis
1750 2014 1991 2097 homini-

422 2118 524 2171 bus
567 2113 851 2184 contingit,
906 2111 995 2165 ille
1023 2125 1081 2165 se
1111 2110 1314 2165 habere
1357 2109 1669 2169 contendet.
1704 2106 1799 2163 sed
1844 2120 1990 2171 eam,

421 2221 544 2275 qua:
582 2211 638 2259 et
669 2202 856 2257 labore
888 2209 941 2255 et
977 2201 1160 2257 studio
1191 2216 1255 2255 ex
1302 2200 1419 2255 suis
1469 2208 1617 2255 recte
1652 2199 1808 2255 factis
1843 2212 1995 2252 eom-

418 2304 665 2368 paratur.
723 2309 887 2364 quam
937 2294 971 2346 ii
1028 2292 1131 2346 soli
1177 2299 1493 2355 ostentant,
1532 2291 1625 2360 qui
1677 2298 1805 2345 sunt
1856 2288 1994 2345 lucis

423 2398 480 2443 et
522 2385 614 2441 Dci
640 2384 781 2447 lilii,
826 2393 880 2439 et
912 2399 942 2437 a
981 2383 1114 2439 solis
1153 2393 1273 2436 ortu
1326 2382 1537 2435 nobiles
1568 2380 1637 2432 ob
1682 2379 1993 2449 splendidas

422 2493 554 2533 suas
609 2491 702 2531 res
758 2487 939 2546 gestas
1011 2480 1299 2527 vocantur.
1360 2471 1752 2526 Fortitudinem
1812 2480 1991 2525 autem

421 2578 584 2637 atque
621 2564 886 2634 optimum
928 2562 1181 2631 corporis
1242 2560 1528 2623 habitum,
1565 2574 1743 2629 neque
1794 2574 1993 2627 corpus

421 2656 749 2719 exercendo,
793 2669 969 2723 neque
1016 2665 1237 2706 carnem
1278 2649 1580 2722 saginando
1622 2648 1853 2703 eiliciet:
1897 2648 1993 2703 sed

422 2758 614 2805 contra
652 2747 830 2817 potius
870 2745 978 2799 vim
1031 2743 1261 2813 spiritus
1322 2740 1697 2794 imbecillitate
1748 2738 1994 2808 corporis

423 2839 688 2910 perficiet.
745 2837 877 2902 Qum
928 2847 1060 2889 vero
1107 2835 1299 2887 harum
1352 2831 1665 2899 nuptiarum
1717 2829 1995 2899 sponsalia

424 2926 651 2985 munera
708 2926 1060 2986 adhibentur,
1101 2938 1208 2976 non
1250 2936 1312 2977 ea
1355 2930 1483 2976 sunt
1532 2936 1652 2990 qua:
1700 2920 1785 2973 his
1837 2919 1993 2972 falla-

2097 465 2325 536 πισμοῦ,
2350 464 2444 518 καί⁸
2468 462 2697 517 πλούτου
2725 462 3059 535 περιουσίας,
3086 461 3298 516 καὶτοῦ
3325 463 3507 533 μηδὲν,
3534 466 3673 534 μήτε

2095 558 2161 611 ἐκ
2180 556 2273 611 τοῦ
2297 555 2434 628 βίου,
2462 555 2598 627 μήτε
2618 557 2682 611 ὲκ
2703 555 2797 609 τοῦ
2820 555 3009 624 γένους
3041 554 3340 624 ἐπάγεσθαι
3371 572 3422 609 τι
3448 555 3673 618 όνειδος,

2096 648 2296 721 πολλὴν
2312 649 2590 720 ποιήσεται
2615 649 2873 720 πρόνοιαν
2900 646 3060 718 (οὕτω
3075 647 3184 718 γὰρ
3202 646 3268 701 ἂν
3282 646 3420 718 τύχῃ
3440 647 3675 718 μάλιστα

2095 740 2203 793 τῶν
2224 740 2364 794 κατὰ
2383 738 2649 811 γνώμην)·
2665 739 2755 792 τὸν
2772 738 2933 792 αὑτὸν
2949 738 3148 809 τρόπον
3164 739 3258 791 καὶ
3282 741 3310 792 6
3330 739 3419 792 τὸν
3439 756 3568 793 πνευ
3576 756 3676 810 μα-

2095 833 2246 888 τικὺν
2267 834 2443 904 γάμον
2464 832 2640 903 ἑαυτῷ
2654 830 2872 903 μετιὼν,
2888 830 3103 900 πρῶτον
3123 831 3220 901 μὲν
3241 830 3360 884 νέον
3375 830 3564 884 ἑαυτὸν
3579 830 3674 884 καί

2096 926 2277 995 πάσης
2305 924 2663 994 παλαιότητος
2688 923 3091 994 κεχωρισμένον
3118 925 3183 994 τῇ
3213 922 3550 976 ἀνακαινίσει
3576 922 3672 975 τοῦ

2095 1018 2213 1082 νοὸς
2255 1016 2510 1082 ἐπιδείξει
2533 1034 2546 1048 ο
2574 1013 2693 1070 εἶτα
2737 1014 2988 1069 πλούσιον
3015 1014 3168 1083 γένος
3192 1053 3207 1077 ,
3234 1008 3278 1083 ᾧ
3326 1013 3387 1066 τὸ
3419 1013 3674 1067 πλουτεῖν

2095 1110 2210 1163 ἐστι
2243 1108 2736 1179 περισπούδαστον
2771 1106 2832 1160 ού
2857 1107 2966 1169 τοῖς
3009 1105 3115 1159 ἀπὸ
3142 1106 3245 1175 γῆς
3276 1104 3673 1174 σεμνυνόμενον

2095 1200 2390 1270 χρήμασιν,
2424 1198 2561 1253 ἀλλά
2602 1200 2713 1260 τοῖς
2742 1196 3012 1267 οὐρανίοις
3060 1196 3351 1267 θησαυροῖς
3393 1195 3671 1266 κομῶντα.

2096 1291 2292 1355 Γένους
2317 1290 2374 1344 δὲ
2406 1291 2731 1361 σεμνότητα,
2755 1290 2815 1341 ού
2850 1288 2990 1342 κατά
3018 1286 3113 1359 τὴν
3142 1288 3446 1358 αὐτόματον
3478 1304 3674 1340 συντυ-

2094 1382 2238 1452 χίαν,
2272 1382 2483 1446 πολλοῖς
2515 1382 2612 1436 καὶ
2644 1380 2754 1433 τῶν
2782 1376 3364 1449 φαύλων“προσοῦσαν,
3418 1378 3673 1440 κάκεῖνος

2094 1471 2239 1542 ἔχειν
2262 1471 2696 1543 φιλοτιμήσεται,
2739 1469 2876 1525 ἀλλά
2906 1470 3005 1541 τὴν
3043 1470 3191 1539 πόνῳ
3222 1468 3317 1521 καὶ
3355 1467 3558 1538 σπουδῇ
3601 1466 3671 1519 δι’

2093 1563 2303 1618 οἰκείων
2331 1563 2770 1634 κατορθωμάτων
2813 1562 3263 1635 προσγινομένην,
3297 1562 3365 1632 ἢν
3396 1564 3545 1632 μόνοι
3574 1561 3674 1614 αύ-

2093 1650 2279 1721 χοῦσιν
2308 1654 2356 1705 οἰ
2384 1652 2477 1705 τού
2519 1653 2695 1722 φωτὸς
2724 1653 2857 1716 υἰοὶ,
2898 1653 2993 1706 καὶ
3026 1652 3189 1705 τέκνα
3226 1651 3383 1717 Θεοῦ,
3420 1651 3516 1705 καὶ
3560 1650 3671 1705 τῶν

2095 1745 2170 1813 ἀφ
2186 1745 2200 1766 ’
2219 1744 2371 1814 ἡλίου
2404 1744 2678 1799 ἀνατολῶν
2705 1745 2946 1813 εὐγενεῖς
2972 1743 3059 1797 διὰ
3079 1743 3189 1796 τῶν
3213 1741 3389 1813 ἔργων
3415 1740 3525 1795 τῶν
3552 1758 3670 1810 φω-

2091 1834 2280 1888 τεινῶν
2345 1833 2805 1904 χρηματίζοντες·
2868 1833 3019 1902 ἰσχὺν
3070 1832 3128 1886 δὲ
3182 1831 3278 1885 καὶ
3320 1830 3562 1896 εὐεξίαν,
3604 1830 3669 1884 ού

2093 1924 2252 1994 σῶμα
2304 1924 2509 1987 ἀσκῶν,
2545 1925 2666 1979 οὐδὲ
2717 1922 3092 1978 καταπιαίνων
3137 1923 3236 1994 τὴν
3276 1923 3455 1995 σάρκα
3505 1938 3666 1993 περι-

2092 2017 2393 2087 ποιήσεται,
2424 2014 2558 2069 ἀλλά
2589 2018 2695 2070 πᾶν
2724 2016 3053 2080 τούναντίον,
3094 2016 3152 2069 ὲν
3179 2017 3245 2086 τῇ
3282 2014 3376 2067 τοῦ
3415 2013 3670 2085 σώματος

2090 2107 2348 2179 ἀσθενείᾳ
2380 2107 2599 2162 τελειῶν
2634 2108 2733 2179 τὴν
2773 2108 2868 2162 τοῦ
2907 2108 3212 2178 πνεύματος
3243 2105 3493 2177 δύναμιν.
3536 2100 3671 2158 Οἶδα

2090 2199 2148 2254 δὲ
2180 2199 2273 2253 καὶ
2296 2199 2363 2254 τὰ
2392 2201 2517 2255 ἕδνα
2555 2199 2650 2254 τοῦ
2681 2200 2859 2272 γάμου
2906 2199 3093 2254 τούτου
3130 2200 3231 2253 οὐκ
3274 2199 3382 2252 ἀπὸ
3412 2197 3670 2272 φθαρτῶν

2091 2308 2195 2361 χρη
2205 2292 2391 2361 μάτων
2414 2292 2777 2363 πεποιημένα,
2802 2291 2917 2345 ἀλλ’
2947 2292 3010 2344 ὲκ
3033 2288 3127 2342 τοῦ
3155 2288 3283 2343 ἰδίου
3309 2287 3539 2363 πλούτου
3568 2288 3668 2359 τῆς

2294 2356 2763 2455 δωροφορούμενα.
2806 2382 2991 2436 Βούλει
3025 2380 3217 2452 μαθεῖν
3244 2380 3314 2434 τά
3341 2356 3461 2434 τῶν.
3477 2356 3673 2451 δώρων

2092 2473 2350 2545 όνόματα;
2373 2474 2601 2529 ἄκουσον
2635 2473 2843 2527 Παύλου
2866 2472 2960 2527 τοῦ
2996 2471 3162 2526 καλοῦ
3192 2488 3253 2526 νυ
3263 2470 3583 2541 μφοστόλου,
3607 2472 3670 2524 ὲν

2090 2566 2200 2620 τίσι
2229 2565 2550 2619 πλουτοῦσιν
2580 2567 2629 2619 οἰ
2659 2565 2716 2619 ὲν
2747 2565 2910 2620 παντὶ
2945 2552 3302 2625 σιὶνιστῶντες
3327 2561 3573 2625 ἑαυτούς·
3606 2562 3670 2615 ιν

2091 2651 2171 2720 οἷς
2192 2657 2326 2712 ἄλλα
2354 2674 2410 2710 τε
2442 2656 2609 2710 πολλά
2644 2656 2738 2710 καί
2766 2656 2976 2727 μεγάλα
3003 2654 3195 2722 είπὼν,
3224 2671 3244 2707 ι
3277 2652 3390 2707 Καὶ
3418 2652 3478 2707 ὲν
3508 2652 3672 2721 ἀγνό-

2089 2765 2214 2817 τητι
2248 2766 2267 2798 ι
2305 2748 2488 2817 φησίν.
2524 2749 2632 2801 Καὶ
2664 2748 2825 2802 πάλιν
2862 2748 2961 2800 ὅσα
3006 2746 3273 2819 ἑτέρωθεν
3321 2748 3380 2799 ἐν
3427 2749 3540 2809 τοῖς
3571 2744 3670 2800 τοῦ

2093 2838 2399 2909 πνεύματος
2437 2840 2668 2907 καρποῖς
2701 2838 3114 2909 ἀπαριθμεῖται.
3147 2839 3324 2893 πάντα
3356 2836 3449 2891 τοῦ
3485 2839 3670 2909 γάμου

2090 2929 2281 2983 τούτου
2304 2928 2453 2999 δῶρά
2480 2930 2616 2981 ἐστι·
2648 2929 2741 2981 καὶ
2764 2928 2815 2981 εί
2837 2945 2919 2992 τις
2946 2928 3127 2999 μέλλει
3156 2928 3438 2983 πείθεσθαι
3463 2928 3543 3000 τῷ
3567 2929 3670 2981 Σο-

422 3023 582 3077 eibus
626 3017 907 3072 hominum
958 3019 1087 3070 sunt
1132 3010 1380 3082 pecuniis
1413 3010 1710 3072 elaborata,
1736 3009 1831 3064 sed
1871 3023 1992 3078 quae

2093 3020 2325 3092 λομῶντι
2346 3061 2360 3086 ,
2391 3020 2485 3073 καὶ
2525 3018 2624 3090 τὴν
2658 3018 2915 3090 ἀληθινὴν
2955 3019 3144 3088 σοφίαν
3193 3019 3438 3073 σύνοικόν
3468 3037 3529 3074 τε
3569 3018 3669 3074 καὶ

422 3130 491 3167 ε’(
549 3109 714 3165 animi
773 3105 976 3161 divitiis
1004 3104 1148 3158 dono
1194 3101 1318 3156 data
1365 3107 1512 3156 sunt.
1580 3099 1637 3154 Si
1703 3115 1990 3155 munerum

425 3206 619 3258 horum
660 3197 880 3254 nomina
937 3193 1126 3249 audire
1167 3193 1354 3262 cupis,
1410 3190 1535 3246 audi
1568 3189 1797 3244 Paulum
1852 3191 1993 3259 opti-

422 3308 576 3348 mum
626 3290 939 3359 nuptiarum
976 3286 1361 3341 instructorem
1406 3283 1473 3338 de
1516 3280 1869 3352 quibusdam,
1899 3279 1992 3350 qui

428 3385 626 3440 divites
659 3383 714 3436 in
747 3377 1002 3435 omnibus
1053 3375 1181 3430 facti
1216 3382 1365 3439 sunt,
1397 3376 1451 3430 in
1484 3374 1685 3445 quibus
1734 3387 1858 3427 cum
1888 3372 1994 3424 alia

420 3477 591 3531 multa
622 3481 674 3529 et
704 3485 898 3542 magna
929 3469 1095 3533 dicat,
1126 3466 1257 3522 illud
1296 3468 1483 3531 etiam,
1521 3485 1541 3517 ι
1575 3466 1633 3520 In
1668 3466 1987 3524 castitate.»

421 3566 592 3620 addit.
621 3562 946 3630 Rursusque
974 3572 1313 3630 quaecunque
1345 3558 1472 3612 alibi
1520 3557 1576 3610 in
1616 3555 1993 3626 spiritualibus

420 3658 687 3713 fructibus
726 3660 1129 3714 numerantur,
1182 3650 1367 3704 omnia
1431 3648 1625 3702 harum
1676 3647 1990 3717 nuptiarum

419 3751 562 3805 dona
616 3754 766 3803 sunt.
819 3746 896 3797 Ac
947 3743 992 3798 si
1025 3742 1147 3809 quis
1182 3739 1460 3794 Salomoni
1511 3738 1671 3792 fidem
1718 3737 1994 3791 adhibitu-

422 3856 519 3895 rus
549 3847 657 3901 est,
691 3844 749 3890 ut.
792 3844 845 3889 et
889 3830 1333 3887 contubernalem
1373 3828 1478 3883 sibi
1514 3836 1568 3881 et
1620 3828 1744 3881 vitae
1786 3828 1991 3884 sociam

418 3943 603 3985 veram
631 3923 956 3995 sapientiam
993 3920 1274 3989 adjungat,
1304 3917 1373 3972 de
1403 3932 1510 3987 qna
1545 3916 1591 3972 is
1620 3918 1693 3970 ait
1720 3934 1733 3970 :
1775 3935 1792 3969 ι
1826 3916 1994 3987 Dilige

420 4035 562 4082 eam,
593 4026 647 4071 et
674 4014 939 4070 custodiet
967 4019 1042 4077 te,
1076 4011 1284 4064 honora
1309 4023 1428 4064 eam
1460 4011 1579 4062 ut"
1605 4009 1995 4079 complectatur

419 4123 492 4169 te.
516 4128 537 4161 ι
570 4108 657 4161 hic
679 4119 775 4175 pro
800 4103 964 4173 hujus
986 4101 1298 4172 cupiditatis
1315 4100 1578 4171 dignitate
1597 4100 1734 4154 stola
1756 4114 1888 4169 pura
1912 4116 1996 4154 or-

420 4208 604 4262 natur,
628 4212 753 4253 cum
785 4196 872 4261 iis,
904 4195 994 4264 qui
1024 4194 1224 4263 nuptiis
1256 4193 1341 4249 his
1372 4192 1608 4263 gaudent
1632 4191 1772 4247 diem
1799 4191 1992 4248 festum

422 4290 661 4361 agendo,
701 4296 759 4342 nt
790 4301 858 4341 ne
909 4284 1054 4339 foras
1080 4284 1374 4353 ejiciatur:
1416 4284 1510 4355 qui
1549 4283 1693 4337 enim
1737 4282 1858 4338 festi
1886 4283 1993 4338 diei

2094 3112 2209 3183 βίου
2240 3111 2494 3166 κοινωνὸν
2533 3109 2708 3181 ἑαυτῷ
2739 3109 3035 3181 λαμσάνειν
3066 3109 3235 3181 (περὶ
3260 3105 3329 3183 ἦς
3367 3126 3549 3181 φησιν,
3581 3110 3668 3163 ὅτι

2099 3223 2119 3256 ι
2159 3203 2445 3275 Έράσθητι
2478 3202 2668 3273 αὐτῆς,
2701 3201 2795 3254 καὶ
2827 3202 3055 3273 τηρήσει
3087 3217 3145 3253 σε
3166 3218 3179 3230 ·
3205 3199 3433 3271 τῑμησον
3473 3200 3666 3269 αὐτὴν,

2094 3296 2181 3350 ἵνα
2215 3310 2274 3347 σε
2308 3292 2576 3365 περιλάϐῃ
2603 3311 2622 3345 ι
2642 3291 2685 3362 )·
2721 3290 2956 3356 ἐπαξίως
2998 3293 3094 3362 τῆς
3135 3289 3427 3360 ἐπιθυμίας
3464 3289 3669 3361 ταύτης

2094 3386 2569 3456 παρασκευάσεται
2592 3386 2650 3437 έν
2672 3384 2890 3457 καθαρᾷ
2911 3386 2978 3456 τῇ
3009 3384 3169 3456 στολῇ
3191 3387 3303 3449 τοῖς
3323 3384 3382 3438 ὲν
3402 3383 3480 3455 τῷ
3502 3384 3670 3456 γάμῳ

2095 3473 2636 3546 συνευφραινομένοις
2680 3474 3085 3544 συνεορτάζειν·
3126 3473 3212 3526 ἵνα
3250 3472 3325 3544 μὴ
3363 3472 3672 3544 ἀπόϐλητος

2092 3567 2337 3636 γένηται,
2366 3565 2465 3634 τῆς
2506 3564 2605 3635 μὲν
2635 3564 2827 3636 ἑορτῆς
2860 3565 3257 3634 συμμετασχεῖν
3295 3562 3482 3629 ἀξιῶν,
3512 3563 3573 3617 τὸ
3609 3563 3672 3619 δὲ

2092 3657 2296 3725 ἔνδυμα
2341 3654 2436 3709 τοῦ
2478 3654 2658 3725 γάμου
2709 3655 2785 3727 μὴ
2832 3655 3232 3727 περικείμενος.
3284 3653 3452 3724 Δῆλον
3481 3652 3539 3707 δὲ
3583 3654 3669 3709 ὅτι

2094 3748 2270 3812 κοινὸς
2298 3750 2328 3802 6
2361 3747 2517 3816 λόγος
2563 3748 2733 3810 ἐστὶν,
2768 3748 2861 3800 ὲπί
2902 3763 2962 3800 τε
3001 3745 3210 3818 ἀνδρῶν
3251 3747 3346 3800 καὶ
3391 3745 3673 3815 γυναικῶν

2093 3838 2313 3910 ὁμοίως,
2344 3839 2425 3902 εἰς
2456 3838 2554 3909 τὴν
2593 3838 2721 3909 περί
2748 3836 2855 3891 τῶν
2887 3838 3144 3890 τοιούτων
3165 3837 3358 3907 γάμων
3390 3835 3627 3907 σπουδήν
3650 3852 3665 3866 ·

2094 3929 2279 4001 ἐπειδὴ
2314 3929 2441 4001 γὰρ,
2488 3928 2669 3993 καθώς
2707 3945 2868 4001 φησιν
2904 3929 2935 3981 6
2984 3927 3302 3990 ’Δπόστολος
3324 3966 3340 3992 ,
3382 3945 3400 3980 ι
3434 3927 3548 3981 Ούκ
3585 3925 3673 3980 ἔνι

2093 4018 2259 4090 ἄρσεν
2289 4018 2383 4073 καὶ
2426 4017 2559 4087 θῆλυ
2583 4033 2597 4050 ³
2637 4018 2814 4073 πάντα
2853 4017 2910 4071 δὲ
2939 4016 3031 4071 καὶ
3077 4017 3135 4071 ὲν
3175 4018 3310 4071 πᾶσι
3341 4018 3597 4086 Χριστός·
3641 4035 3661 4069 ι

2094 4110 2316 4173 εἰκότως
2346 4110 2375 4163 6
2417 4109 2517 4180 τῆς
2546 4110 2737 4180 σοφίας
2782 4107 3017 4181 ἐραστὴς
3059 4108 3149 4163 τὸν
3197 4107 3379 4164 ἔνθεον
3423 4109 3536 4180 ἔχει
3567 4109 3670 4181 τῆς

2093 4199 2388 4271 ἐπιθυμίας
2430 4199 2650 4265 σκοπόν,
2682 4200 2741 4265 ὃς
2785 4201 2934 4254 ἐστιν
2974 4202 3009 4270 ὴ
3055 4199 3262 4271 ἀληθὴς
3294 4198 3476 4269 σοφία·
3508 4200 3602 4254 καὶ
3628 4202 3665 4270 ἠ

2095 4291 2174 4362 τῷ
2199 4292 2460 4363 ἀφθάρτῳ
2488 4293 2706 4364 νυμφίῳ
2735 4291 3200 4365 προσκολληθεῖσα
3226 4292 3391 4365 ψυχὴ,
3417 4293 3515 4365 τῆς
3542 4293 3670 4363 ἀλῃ-

420 4380 752 4437 celebritatis
821 4378 1140 4447 participem
1199 4391 1257 4431 se
1302 4391 1424 4430 esse
1491 4375 1713 4444 dignum
1791 4381 1989 4443 putat,

2097 4383 2245 4455 θινῆς
2271 4383 2461 4454 σοφίας
2476 4382 2589 4455 ἔχει
2612 4384 2702 4437 τὸν
2725 4383 2924 4455 ἔρωτα,
2958 4384 3080 4455 ἣτις
3096 4384 3242 4437 ὲστίν
3268 4385 3297 4438 6
3316 4383 3470 4448 Θεός.
3506 4384 3668 4438 Ἀλλὰ

316 5096 319 5097 ν
422 5023 567 5078 Deus
616 5031 721 5088 est,
811 5036 995 5076 amore
1044 5028 1279 5075 tenetur.
1355 5015 1497 5082 Quid
1557 5019 1628 5070 sit
1683 5028 1861 5072 autem
1938 5022 2222 5091 spirituale
2285 5024 2726 5088 matrimonium,

420 4472 718 4543 nuptialem
773 4478 977 4524 vestem
1039 4482 1147 4522 non
1196 4466 1392 4520 induit.
1444 4464 1797 4534 Perspicuum
1863 4480 1990 4520 vero

2102 4473 2156 4527 τί
2182 4473 2278 4544 μὲν
2304 4475 2331 4527 ό
2353 4473 2717 4543 πνευματικὸς
2737 4473 2914 4545 γάμος
2944 4474 3082 4540 ὲστί,
3112 4473 3206 4527 καὶ
3231 4473 3371 4546 πρὸς
3388 4473 3509 4527 τίνα
3545 4472 3667 4542 βλέ-

419 4571 523 4627 est,
550 4572 603 4617 et
635 4563 690 4615 in
724 4560 854 4614 viris
881 4567 935 4613 et
964 4560 1018 4613 in
1047 4557 1264 4612 feminis
1301 4570 1647 4610 communem
1693 4554 1762 4608 ad
1800 4555 1993 4625 hujus-

2100 4580 2191 4617 πει
2226 4563 2426 4617 σκοπὸν
2449 4565 2479 4616 ό
2502 4564 2738 4634 καθαρός
2766 4579 2823 4617 τε
2856 4563 2951 4617 καὶ
2974 4564 3223 4636 οὐράνιος
3245 4564 3405 4636 ἔρως,
3431 4564 3671 4635 μετρίως

419 4655 567 4709 modi
623 4652 938 4722 nuptiarum
972 4649 1214 4706 studium
1245 4661 1365 4702 esse
1407 4647 1711 4699 rationem:
1746 4646 1874 4715 quia
1930 4655 1988 4701 ut

2098 4655 2229 4725 ἡμῖν
2269 4655 2334 4707 ὲκ
2370 4654 2477 4708 τῶν
2515 4655 2822 4726 εἰρημένων
2854 4655 3315 4709 ἀνακεκάλυπται.

420 4757 504 4803 est
532 4748 674 4818 apud
711 4746 1029 4815 Apostolum
1057 4744 1101 4775 ¹³
1139 4760 1153 4802 :
1201 4761 1218 4794 ι
1251 4741 1366 4795 Non
1399 4749 1481 4795 esi
1514 4741 1788 4794 maSCUIUS
1813 4779 1827 4804 ν
1864 4758 2037 4814 neque
2071 4746 2294 4811 femina,
2330 4748 2425 4803 sed
2459 4762 2649 4803 omnes
2676 4757 2730 4803 et
2763 4749 2818 4802 in
2850 4748 3103 4803 omnibus
3135 4736 3441 4814 Christus,»
3475 4747 3671 4803 merito

420 4839 515 4910 qui
549 4838 829 4908 sapientiae
855 4851 1040 4891 amore
1073 4834 1311 4895 ducitur,
1346 4831 1432 4885 hic
1498 4831 1552 4884 in
1608 4831 1756 4883 omni
1818 4835 2116 4903 cupiditate
2183 4839 2523 4908 propositum
2574 4839 2676 4893 sibi
2729 4838 2974 4893 divinum
3049 4853 3271 4908 scopum
3330 4838 3532 4906 habet,
3572 4838 3671 4909 qui

420 4945 550 4985 vera
576 4931 842 5001 sapientia
877 4939 980 4993 est,
1018 4937 1177 4997 atque
1208 4925 1421 4979 animus
1453 4924 1498 4978 is
1560 4923 1651 4991 qui
1694 4939 1816 4980 cum
1884 4927 2200 5000 incorrupto
2278 4946 2480 5000 sponso
2526 4947 2647 4988 sese
2714 4931 2930 5002 jungit,
2981 4947 3122 4995 vera:
3188 4932 3506 5001 sapientiae,
3546 4947 3670 5002 qua:

2825 5037 3000 5091 quove
3079 5037 3250 5091 purus
3320 5022 3671 5093 cmlestisque

424 5130 577 5170 amor
607 5120 835 5183 spectet,
870 5127 935 5167 ex
972 5111 1039 5165 iis
1087 5127 1219 5165 sane
1249 5123 1370 5177 quae
1420 5108 1991 5181 commemoravimus,
2031 5114 2169 5170 satis
2215 5121 2301 5171 est
2335 5130 2364 5169 a
2392 5116 2550 5171 nobis
2586 5115 3042 5169 demonstratum.

996 5200 1225 5258 CAPUT
1258 5199 1398 5254 XXI.

2268 5246 2271 5249 -
2672 5209 2924 5262 ΚΕΦΑΛ.
2964 5209 3089 5261 KA’.

426 5310 529 5377 Qui
562 5309 1048 5390 _accuratam_hanc
1089 5308 1579 5390 uiuendirationem
1617 5316 1789 5360 tenere
1833 5308 1992 5390 insti-

2100 5312 2373 5390 '0tt_;p'h
2394 5312 2500 5367 τὸν
2519 5309 2771 5390 ἀκριεξῶς
2786 5310 2902 5390 {33v
2926 5312 3348 5390 ίτροεᾼόμενρν,
3367 5311 3518 5390 πρὸς
3543 5307 3673 5368 πᾶν

496 5383 617 5445 tuit,
672 5381 735 5433 ab
770 5382 911 5432 omni
953 5381 1184 5447 corporis
1228 5377 1551 5447 voluptatum
1595 5393 1773 5447 genere
1814 5394 1866 5431 se
1896 5377 1991 5431 ab-

496 5451 676 5503 dicare
706 5450 874 5502 debet.

2203 5377 2370 5449 εἶδος
2398 5377 2740 5453 σωμαέικῆς
2766 5377 2993 5450 ἡδονῆς·
3022 5377 3348 5450 ἀλλοτρίως
3375 5377 3560 5450 ἔχειν.

493 5540 761 5606 Quoniam
797 5553 931 5594 sane
980 5536 1266 5593 manifesto
1311 5544 1649 5609 compertum
1701 5543 1807 5604 est,
1861 5551 1972 5593 non

2163 5539 2380 5609 Ἐπειδὴ
2414 5538 2470 5593 δὲ
2498 5540 2563 5610 τῇ
2605 5538 2938 5618 καθαρότητι
2976 5537 3070 5592 τοῦ
3105 5534 3240 5593 Θεοῦ
3282 5535 3667 5607 προσεγγίσαι,

494 5658 537 5689 ¹²
575 5656 732 5711 Prov.
770 5670 843 5718 tv,
876 5655 929 5708 0.
1008 5654 1052 5686 ¹³
1079 5655 1289 5709 Coloss.
1323 5655 1512 5722 ut,ll.
