4072 6156
383 341 450 397 4-0
459 343 480 396 ι

1701 338 1787 394 ne
1818 314 2285 397 vinciretur}.

3532 345 3641 401 ω’)

382 456 460 525 μὴ
490 455 649 508 αὐτόν
677 469 798 506 τινα
824 454 1084 526 πρότερον
1111 455 1349 510 τοιοῦτον
1389 457 1686 526 γενόμενον,
1708 457 1953 511 ἀδύνατοι

2070 472 2230 526 posse
2262 458 2573 528 quempiam
2611 460 2677 513 ad
2726 457 2820 513 Dei
2863 458 3150 528 puritatem
3198 455 3476 519 accedere,
3529 459 3636 511 nisi

377 547 677 617 κατεφάνηο
709 547 1004 616 ἀναγκαῖον
1036 548 1101 603 ἂν
1132 548 1216 620 εἴη
1254 550 1473 620 μεγάλῳ
1499 551 1605 603 τινὶ
1631 549 1726 604 καὶ
1757 550 1963 622 ἰσχυρῷ

374 635 772 707 διατειχίσματι
815 635 954 706 πρὸς
1002 637 1102 701 τάς
1149 638 1347 707 ὴδονάς
1393 638 1587 693 ἑαυτὸν
1635 638 1955 709 διαστῆσαι·

374 729 450 792 ὡς
480 728 548 782 ἂν
588 726 838 798 μηδαμοῦ
873 727 950 797 τῷ
993 729 1386 801 προσεγγισμῷ
1417 731 1591 802 τούτῳ
1623 732 1682 784 τὸ
1720 732 1971 803 καθαρὸν.

372 820 473 890 τῆς
502 818 732 891 καρδίας
764 819 1161 889 ὲπιμολύνοιτο.
1198 821 1391 891 Τεῖχος
1433 822 1490 874 δέ
1523 823 1682 877 ἐστιν
1701 823 1957 892 ἀσφαλὲς,

374 915 407 983 ἡ
440 913 619 965 τελεία
650 914 787 984 πρὸς
818 916 926 968 πᾶν
958 914 1017 968 τὸ
1047 914 1312 985 ἐμπαθῶς
1356 915 1772 987 ἐπιτελεύμενον
1804 915 1960 970 ἀλλο-

374 1005 619 1074 τρίωσις.
676 1006 792 1058 Μία
818 1005 927 1077 γάρ
960 1001 1094 1060 οὖσα
1142 1004 1221 1076 τῷ
1259 1006 1407 1076 γένει
1454 1008 1486 1076 ἠ
1539 1007 1721 1078 ἡδονὴ,
1780 1006 1960 1071 καθὼς

375 1095 594 1149 ἀκούειν
631 1095 746 1150 ἔστι
796 1095 904 1150 τῶν
943 1096 1156 1166 σοφῶν,
1212 1096 1403 1169 ὥσπερ
1454 1115 1505 1150 τι
1543 1097 1687 1169 ὕδωρ
1716 1100 1780 1151 ἐκ
1828 1100 1959 1169 μιᾶς

376 1187 560 1257 πηγῆς
583 1188 662 1250 εἰς
680 1186 973 1259 διαφόρους
993 1188 1215 1258 ὀχετοὺς
1237 1186 1617 1259 μεριζόμενον,
1645 1188 1710 1241 δι’
1726 1189 1957 1241 ἑκάστου

373 1277 480 1329 τῶν
527 1276 900 1348 αἰσθητηρίων
944 1282 1057 1341 τοῖς
1110 1278 1416 1348 φιληδόνοις
1461 1279 1953 1349 ὲγκαταμίγνυται.

374 1371 585 1423 Οὐκοῦν
618 1372 646 1424 6
675 1370 763 1425 διὰ
796 1373 929 1442 μιᾶς
958 1388 1104 1434 τινος
1141 1371 1250 1425 τῶν
1277 1371 1584 1441 αἰσθήσεων
1615 1371 1716 1440 τῆς
1743 1373 1957 1440 ἐγγινο-

376 1459 544 1530 μένης
583 1461 731 1532 αύτῷ
755 1462 950 1534 ἡδονῆς
1002 1461 1294 1533 ἡττηθεὶς,
1330 1460 1568 1516 λὲκεῖθεν
1615 1461 1827 1532 ἐτρώθη
1858 1461 1956 1533 τὴν

372 1551 635 1618 καρδίαν*
662 1552 846 1616 καθὼς
876 1552 1118 1606 διδάσκει
1148 1554 1182 1625 ὴ
1229 1552 1325 1606 τοῦ
1351 1551 1489 1607 Θεοῦ
1523 1553 1698 1622 φωνὴ,
1739 1553 1821 1606 ὅτι
1847 1553 1956 1607 τῶν

372 1640 664 1712 ὀφθαλμῶν
702 1643 801 1714 τὴν
827 1643 1126 1713 ἐπιθυμίαν
1162 1646 1191 1697 6
1218 1644 1533 1715 πληρώσας,
1565 1646 1623 1697 ὲν
1651 1647 1716 1715 τῇ
1761 1643 1956 1715 καρδίᾳ

370 1730 469 1800 τὴν
496 1730 701 1803 βλάϐην
746 1732 985 1798 ἐδέξατο.
1041 1728 1212 1805 Οἶμαι
1243 1734 1302 1789 δὲ
1342 1734 1451 1788 ἀπὸ
1487 1734 1687 1807 μέρους
1720 1733 1955 1788 ἐνταῦθα

2063 548 2188 605 talis
2220 549 2335 619 ipse
2363 550 2517 619 prius
2552 548 2730 605 factus
2759 559 2865 613 est,
2895 548 3029 604 illud
3059 557 3207 604 certe
3257 550 3652 604 necessarium.

2062 648 2167 706 εει,
2198 649 2259 694 ιιι
2290 656 2349 694 se
2381 656 2576 711 magno
2601 640 2784 710 aliquo
2826 640 3093 712 tirmoque
3132 641 3419 711 interiecto
3452 656 3633 703 muro.

2063 750 2097 787 a
2127 733 2498 801 voluptatibus
2524 739 2846 788 removeat:
2885 741 2943 786 ut
3000 734 3150 788 nullo
3196 734 3419 803 quidem
3471 744 3636 804 pacto

2064 824 2165 878 hac
2185 824 2711 894 appropinquatione
2734 824 2919 880 cordis
2946 825 3261 894 inquinetur
3291 826 3586 881 mundities
3616 844 3631 880 :

2062 929 2259 970 murus
2284 930 2414 969 vero
2447 915 2796 971 firmissimus
2824 923 2908 970 est
2950 916 3210 985 quaedam
3240 916 3311 971 ab
3339 914 3631 972 affectuum

2062 1006 2290 1075 imperio
2329 1006 2694 1061 abalienatio.
2716 1005 2853 1060 Cum
2890 1008 3035 1061 enim
3069 1007 3340 1076 voluptas,
3373 1016 3432 1062 ut
3466 1023 3496 1060 a
3541 1023 3653 1065 sat-—

2060 1098 2336 1168 pientibus
2394 1097 2626 1169 intelligi
2687 1099 2838 1162 licet,
2893 1114 3093 1169 genere
3144 1113 3252 1154 una
3309 1100 3411 1164 sit,
3463 1099 3656 1157 veluti.

2061 1203 2201 1258 aqua
2235 1189 2435 1259 aliqua,
2472 1205 2591 1260 quae
2622 1191 2690 1244 ab
2720 1205 2831 1245 uno
2879 1188 3028 1243 fonte
3064 1205 3297 1244 manans
3324 1192 3401 1243 in
3449 1190 3655 1253 varios.

2059 1281 2267 1335 rivulos
2301 1281 2574 1349 partitur:
2613 1280 2692 1334 sic
2719 1281 2811 1332 illa
2839 1294 2934 1348 per
2958 1277 3203 1348 singulas
3236 1292 3492 1333 sensuum
3516 1278 3634 1334 vias
3728 1336 3737 1343 ,

2060 1387 2185 1428 sese
2218 1372 2274 1426 in
2306 1373 2645 1441 voluptatum
2698 1380 2972 1425 amatores
3022 1369 3280 1425 infundit.
3330 1368 3499 1439 Igitur
3538 1369 3633 1439 qui

2058 1478 2121 1518 ex
2155 1478 2262 1517 uno
2290 1464 2475 1533 aliquo
2506 1463 2626 1531 ejus
2660 1462 2959 1531 voluptatis
2996 1477 3195 1525 sensu,
3223 1476 3344 1531 qua:
3394 1459 3500 1515 sibi
3549 1457 3653 1510 in._

2058 1556 2244 1621 haeret,
2275 1557 2452 1615 victus
2480 1564 2585 1619 est,
2621 1568 2685 1609 ex
2712 1568 2775 1608 ea
2810 1562 2982 1623 parte,
3019 1560 3077 1606 ut
3112 1568 3245 1607 voce
3298 1550 3391 1606 Dei
3444 1567 3634 1605 mone-

2057 1665 2202 1713 mur,
2241 1649 2453 1718 plagam
2483 1650 2537 1702 in
2570 1648 2735 1702 corde
2784 1648 3020 1717 accepit,
3070 1648 3327 1716 quoniam
3362 1645 3454 1715 qui
3497 1659 3649 1699 ocu-.

2057 1742 2237 1795 lorum
2270 1755 2433 1795 sensu
2475 1739 2829 1809 cupiditatem
2864 1738 3125 1808 explevit,
3159 1739 3324 1792 corde
3354 1739 3401 1792 is
3422 1737 3635 1808 peccati

372 1823 500 1893 περὶ
526 1825 730 1887 παντὸς
758 1826 1113 1897 αἰσθητηρίου
1166 1804 1569 1898 προειρηκέναι
1593 1825 1686 1879 τὸν
1712 1826 1916 1899 Κύριον
1936 1842 1952 1859 ⁶

2060 1834 2236 1889 labem
2260 1804 2729 1903 concepitIQued
2759 1845 2889 1884 vero
2935 1804 3001 1885 de
3032 1837 3186 1900 parte
3216 1829 3327 1884 illic
3352 1804 3441 1884 est
3465 1844 3497 1882 a
3525 1827 3635 1883 Do-

371 1910 512 1966 ὥστε
546 1914 975 1980 ἀκολουθοῦντας
1008 1918 1154 1988 ἡμᾶς
1198 1916 1278 1988 τῷ
1311 1915 1617 1989 εἰρημένῳ,
1672 1917 1852 1982 καλῶς
1889 1916 1956 1971 ἂν

372 2004 716 2076 προσθεῖναι,
756 2007 838 2060 ὅτι
869 2008 899 2059 6
927 2008 1167 2072 ἀκούσας
1205 2008 1344 2080 πρὸς
1371 2009 1433 2061 16
1470 2008 1826 2079 ἐπιθυμῆσαι,
1862 2009 1956 2062 κα)⁸

369 2097 399 2148 6
434 2095 733 2167 ἁψάμενος,
775 2098 869 2152 καὶ
914 2101 945 2152 6
986 2100 1187 2153 πᾶσαν·
1211 2102 1310 2173 τὴν
1354 2104 1412 2155 ὲν
1440 2101 1574 2171 ἡμῖν
1618 2099 1849 2171 δύναμιν
1877 2104 1957 2166 εἰς

370 2187 675 2259 ὑπηρεσίαν
709 2189 905 2259 ἡδονῆς
950 2192 1349 2256 κατασπάσας,
1396 2196 1463 2265 τῇ
1498 2196 1694 2267 καρδίᾳ
1718 2195 1957 2267 ἐξήμαρ-

369 2295 477 2331 τεν.
499 2279 618 2332 Ἶνα
642 2276 740 2333 οὖν
764 2281 840 2352 μὴ
864 2281 1026 2336 τοῦτο
1050 2283 1295 2352 γένηται,
1326 2285 1511 2338 κανόνι
1547 2286 1810 2357 χρηστέον
1831 2286 1957 2339 τού-

369 2388 446 2440 τῳ
475 2372 611 2443 πρὸς
630 2371 720 2424 τὸν
745 2372 879 2426 ίδιον
895 2373 1009 2444 βίον
1038 2374 1119 2446 τῷ
1144 2375 1404 2449 σώφρονι,
1433 2377 1514 2448 τῷ
1545 2380 1759 2450 μήποτε
1785 2396 1956 2452 προσ-

371 2460 557 2515 θέσθαι
581 2463 688 2515 τινὶ
716 2464 860 2518 κατὰ
881 2465 1079 2537 ψυχὴν,
1110 2459 1155 2535 ᾧ
1174 2467 1364 2541 δέλεάρ
1391 2486 1446 2521 τι
1477 2470 1674 2541 ἡδονῆς
1708 2472 1954 2541 καταμέ-

372 2550 562 2624 μικται
585 2571 598 2585 ·
654 2557 760 2626 πρό
802 2573 867 2625 γε
902 2559 1120 2613 πάντων
1159 2561 1260 2632 τὴν
1298 2561 1393 2614 ἐπὶ
1427 2562 1530 2632 τῆς
1556 2562 1796 2631 γεύσεως
1829 2564 1953 2634 ἡδο-

370 2642 464 2714 νὴν
538 2644 907 2716 διαφερόντως
960 2648 1294 2716 φυλάσσειν,
1365 2650 1500 2704 διότι
1546 2653 1956 2726 προσεχεστέρα

370 2752 487 2800 πως
531 2735 676 2807 αὕτη
719 2737 872 2791 δοκεί
898 2734 1069 2807 εἶναι,
1097 2743 1193 2796 καὶ
1218 2742 1381 2796 οἱονεὶ
1403 2745 1588 2815 μήτηρ
1617 2743 1717 2814 τῆς
1745 2745 1957 2816 ἀπηγοο

372 2829 678 2902 ρευμένης·
742 2834 797 2887 αἱ
840 2833 949 2905 γὰρ
994 2835 1134 2889 κατὰ
1165 2834 1371 2907 βρῶσιν
1416 2839 1513 2892 καὶ
1549 2838 1708 2892 πόσιν
1746 2838 1952 2910 ἡδοναὶ,

370 2920 764 2986 πλεονάζουσαι
797 2925 906 2979 τῶν
950 2925 1227 2998 ἐδωδίμων
1258 2927 1359 2998 τὴν
1386 2928 1677 3001 ἀμετρίαν,
1707 2931 1954 3001 ἀνάγκην

368 3012 657 3078 ἐμποιοῦσι
708 3015 787 3087 τῷ
832 3016 1047 3089 σώματι
1100 3020 1198 3087 τῆς
1256 3019 1367 3072 τῶν
1419 3020 1732 3091 ἀϐουλήτων
1771 3021 1955 3075 κακῶν

2057 1926 2209 1982 mino
2238 1925 2583 1995 praedictum,
2609 1924 2664 1978 id
2694 1923 2764 1978 de
2790 1922 3066 1978 universis
3105 1920 3359 1977 sensibus
3402 1918 3635 1991 intelligi

2059 2018 2318 2080 arbitror,
2350 2016 2624 2087 quasique
2653 2030 2757 2069 nos
2790 2012 2950 2078 illud,
2983 2011 3134 2083 quod
3157 2013 3365 2066 dictum
3401 2018 3486 2066 est
3512 2009 3635 2065 imi-

2057 2108 2247 2172 tando,
2276 2115 2422 2163 recte
2452 2107 2568 2162 haec
2597 2105 2892 2161 addamus:
2914 2103 3019 2169 Qui
3043 2100 3109 2156 ad
3133 2099 3633 2170 concupiscendum

2058 2201 2286 2263 audivit,
2316 2199 2411 2268 qui
2462 2199 2655 2268 tetigit,
2707 2197 2801 2268 qui
2849 2197 3085 2266 denique
3127 2209 3368 2256 omnem,
3412 2207 3534 2263 quae
3579 2192 3646 2253 in,

2057 2290 2216 2345 nobis
2255 2298 2363 2351 est,
2395 2287 2713 2344 facultatem
2752 2287 2821 2341 ad
2861 2286 3102 2356 aliquem
3135 2283 3432 2353 voluptatis
3473 2295 3645 2341 usum

2056 2380 2328 2446 dissolvit,
2362 2370 2410 2436 is
2437 2379 2603 2435 corde
2632 2378 2903 2450 peccavit.
2934 2377 3116 2445 Quare
3148 2383 3207 2431 ut
3235 2391 3307 2431 ne
3355 2374 3461 2429 hoc
3505 2388 3632 2429 eve—

2056 2472 2195 2535 niat,
2231 2471 2419 2541 regula
2446 2478 2533 2526 est
2565 2470 2688 2526 haec
2718 2469 3027 2525 adhibenda
3059 2467 3128 2522 ad
3159 2467 3289 2521 vitae
3316 2475 3631 2535 temperan-

2057 2564 2189 2617 tiam
2221 2561 2656 2625 accommodata,
2698 2569 2761 2616 ut
2792 2561 3036 2615 animout
3067 2573 3137 2613 ne
3178 2558 3248 2613 ad
3297 2555 3503 2623 aliquid
3535 2572 3637 2610 un-.

2056 2668 2223 2726 quam
2249 2653 2377 2722 quis
2404 2650 2691 2723 adiungat,
2743 2650 2798 2704 in
2834 2665 2947 2720 quo
3002 2649 3187 2717 aliqua
3232 2645 3496 2717 permista
3551 2654 3638 2700 est

2055 2745 2356 2815 voluptatis
2381 2742 2695 2814 cupiditas,
2750 2750 2916 2812 atque
2966 2739 3243 2811 imprimis
3295 2738 3644 2807 voluptatem.

2056 2852 2177 2895 eam
2208 2836 2444 2891 maxime
2470 2842 2681 2896 caveat,
2723 2850 2845 2903 qua:
2870 2841 3092 2904 gustatu
3128 2829 3455 2901 percipitur,
3487 2845 3630 2899 quo:

2057 2932 2207 2985 niam
2252 2928 2529 2999 antiquior
2562 2926 2798 2997 quodam
2846 2925 3010 2979 modo
3058 2923 3332 2993 quasique
3363 2921 3483 2975 vitii
3517 2935 3635 2975 mae

2059 3028 2144 3077 ter
2172 3020 2406 3075 videtur.
2439 3017 2571 3086 Quae
2603 3017 2751 3071 enim
2791 3031 2823 3070 e
2871 3015 2997 3069 cibo
3026 3024 3191 3083 atque
3220 3011 3444 3082 potione
3488 3011 3637 3071 εχείτ

370 3103 712 3177 πλησμονῆς,
736 3109 813 3172 ὠς
837 3108 906 3162 τά
935 3108 1105 3164 πολλὰ
1123 3114 1238 3174 τοῖς
1263 3111 1572 3181 ἀνθρώποις
1601 3111 1953 3183 ὲντικτούσης

2058 3119 2212 3169 ειυηι
2246 3111 2575 3181 voluptates,
2605 3122 2730 3163 cum
2766 3106 2992 3160 modum
3021 3105 3144 3175 plus
3164 3102 3317 3173 justo
3342 3100 3632 3164 excedant,

368 3195 437 3249 τά
486 3198 712 3252 τοιαῦτα
759 3200 928 3272 πάθη.
985 3202 1073 3266 Ὦς
1117 3201 1184 3256 ἂν
1223 3197 1319 3257 οῦν
1367 3204 1601 3275 μάλιστα
1644 3206 1955 3278 γαληνιαῑον

367 3286 501 3354 ἡμῖν
520 3285 770 3356 διαμένοι
797 3288 860 3342 τὸ
889 3290 1073 3360 σῶμα,
1096 3291 1285 3362 μηδενί
1318 3292 1423 3346 τῶν
1447 3294 1511 3347 ὲκ
1541 3294 1637 3347 τοῦ
1660 3295 1825 3366 κόρου
1852 3312 1956 3349 παι

369 3376 631 3447 θημάτων
652 3378 1088 3451 ἐπιθολούμενον,
1121 3384 1449 3455 προνοητέον
1472 3384 1574 3456 τῆς
1591 3387 1956 3458 ἐγκρατεστέ-

371 3485 470 3540 ρας
496 3469 793 3541 διαγωγῆς,
830 3473 1026 3546 μέτρον
1058 3474 1157 3546 μὲν
1196 3478 1289 3529 καὶ
1313 3478 1440 3546 ὅρον
1472 3478 1571 3548 τῆς
1598 3479 1953 3545 ἀπολαύσεως

366 3560 429 3612 οὐ
452 3559 552 3632 τὴν
588 3562 816 3633 ήδονὴν,
848 3564 985 3618 ἀλλά
1013 3565 1112 3636 τὴν
1144 3568 1232 3636 ἐφ’
1264 3567 1481 3639 ἑκάστῳ
1510 3570 1696 3641 χρείαν
1726 3570 1950 3638 ὁρίζειν.

365 3650 432 3704 Εἰ
457 3651 515 3705 δὲ
556 3656 622 3725 τῇ
655 3655 817 3726 χρείᾳ
844 3657 938 3710 καὶ
971 3657 1033 3710 τὸ
1073 3652 1200 3729 ἦδος
1230 3659 1495 3723 πολλάκις
1529 3662 1951 3732 ωγκαταμέμι-

368 3761 491 3797 κται
536 3744 755 3813 (πάντα
788 3746 897 3817 γὰρ
921 3743 1062 3803 οἶδεν
1090 3749 1373 3821 ὲφηδύνειν
1408 3752 1442 3822 ή
1480 3750 1676 3816 ἔνδεια,
1704 3750 1782 3822 τῷ
1825 3769 1954 3822 σφο-

364 3833 478 3905 δρῷ
509 3835 611 3906 τῆς
632 3836 868 3908 ὀρέξεως
891 3839 955 3893 τὸ
983 3840 1047 3912 τῇ
1071 3842 1230 3913 χρείᾳ
1250 3842 1588 3915 παρευρεθὲν
1615 3843 1761 3898 ἅπαν
1786 3861 1954 3899 κατα·-

366 3926 738 3993 γλυκαίνουσα
759 3932 800 3993 ἰ,
857 3932 957 3985 οὐκ
1008 3933 1288 3987 ἀπωστέον
1336 3936 1435 4004 τὴν
1471 3935 1662 4007 χρείαν
1702 3935 1794 3989 διὰ
1848 3936 1947 4008 τὴν

367 4018 836 4075 ἐπακολουθοῦσαν
866 4023 1190 4079 ἀπόλαυσιν·
1224 4025 1347 4081 οὔτε
1378 4028 1484 4099 μὴν
1506 4028 1650 4082 κατά
1676 4029 1950 4100 προηγού-

371 4125 528 4178 μενον
554 4112 948 4181 μεταδιωκτέον
978 4117 1078 4188 τὴν
1105 4118 1301 4189 ήδονήν
1321 4136 1335 4150 ·
1377 4119 1491 4174 ἀλλ’
1524 4121 1589 4173 ὲκ
1611 4122 1829 4174 πάντων
1857 4122 1951 4174 ὲκ-

367 4199 692 4271 )εγομένους
717 4203 778 4257 τὸ
812 4207 1100 4277 χρήσιμον,
1132 4209 1408 4280 ύπερορᾷν
1440 4197 1707 4280 προσήκει
1734 4207 1829 4263 τοῦ
1849 4208 1949 4273 τὰς

367 4291 651 4362 αἰσθήσεις
676 4294 1074 4367 εύφραίνοντος.

2056 3203 2305 3275 gravium
2337 3201 2604 3256 malorum
2641 3196 3027 3254 necessitatem
3056 3193 3275 3264 corpori
3305 3192 3630 3261 imponunt,

2057 3294 2317 3365 quoniam
2349 3290 2706 3346 immoderata
2736 3288 2842 3344 cibi
2868 3288 3091 3346 satietas
3118 3287 3317 3340 multos
3338 3281 3633 3338 admodum

2058 3382 2373 3454 bujusmodi
2402 3381 2621 3436 morbos
2648 3378 2972 3435 mortalibus
2997 3377 3159 3448 parit.
3192 3374 3357 3445 Ergo,
3391 3381 3452 3427 ut
3482 3373 3632 3427 nulla

2057 3477 2408 3547 poﬂssimum
2443 3473 2640 3527 borum
2671 3470 2941 3523 malorum
2984 3468 3143 3523 turba
3182 3482 3386 3536 corpus
3425 3474 3634 3535 pertur-

2058 3571 2245 3625 batum
2277 3568 2332 3621 in
2366 3565 2525 3620 nobis
2552 3560 2913 3631 tranquillum
2964 3565 3201 3623 maneat,
3260 3558 3634 3613 continentior

2056 3662 2178 3714 vita:
2211 3655 2505 3726 disciplina
2539 3651 2788 3723 quaedam
2836 3648 3239 3717 estdiligenter
3287 3645 3632 3716 procuranda

2056 3746 2495 3817 adhibendaque,
2527 3750 2586 3797 ut
2616 3757 2728 3796 non
2757 3741 3113 3810 voluptatem,
3140 3737 3233 3795 sed
3255 3736 3630 3793 necessarium

2057 3842 2111 3896 in
2134 3838 2367 3910 singulis
2388 3850 2550 3891 usum
2579 3831 2964 3889 delectationis
2992 3829 3216 3885 modum
3249 3835 3305 3884 ει
3332 3827 3629 3883 terminum

2057 3930 2483 3988 constituamus.
2545 3922 2809 3992 Quamvis
2853 3929 3035 3977 autem
3110 3934 3233 3975 eum
3298 3917 3633 3974 necessitate

2056 4023 2376 4096 iucunditas
2407 4034 2552 4088 saepe
2576 4015 2864 4073 commista
2899 4013 3013 4069 sit:
3061 4011 3323 4082 quoniam
3373 4010 3511 4067 solet
3547 4010 3629 4073 ine

2057 4113 2295 4186 digentia
2326 4119 2523 4166 cuncta
2562 4106 2955 4175 condire,qute
2987 4103 3302 4159 vehementi
3328 4101 3436 4157 cibi
3466 4116 3647 4172 ερρυ-

2054 4208 2251 4261 titione
2281 4203 2333 4257 id
2385 4200 2530 4272 qnod
2581 4198 2650 4257 ad
2704 4195 3075 4254 necessarium
3127 4209 3286 4249 usum
3342 4193 3629 4248 inventum

2054 4304 2159 4362 est,
2194 4293 2467 4351 suavitate
2500 4289 2727 4345 condit:
2774 4302 2886 4342 non
2930 4295 3108 4341 tamen
3144 4289 3361 4353 oportet
3403 4289 3643 4351 propter.

369 4385 790 4444 oblectationem
819 4406 942 4461 quae
974 4395 1353 4465 consequitur,
1386 4394 1770 4452 necessitatem
1800 4394 2052 4465 rejicere,
2082 4407 2262 4462 neque
2328 4389 2658 4459 voluptatem
2723 4382 3099 4455 principaliter
3168 4379 3444 4452 persequi.
3524 4377 3628 4443 sed

366 4497 435 4538 ex
472 4485 732 4543 omnibus
759 4486 813 4542 id
852 4489 998 4559 quod
1028 4491 1161 4547 utile
1190 4502 1277 4547 est
1301 4492 1612 4564 deligendo,
1657 4508 1778 4563 quae
1818 4506 2015 4548 sensus
2057 4489 2375 4551 oblectant,
2406 4483 2680 4555 negligere
2717 4479 3003 4535 debemus.

929 4602 1179 4657 ΚΕΦΑΛ.
1222 4604 1350 4659 ΚΒ’.

368 4688 496 4745 Ὅτι
522 4693 595 4747 οὐ
623 4690 723 4746 δεῖ
742 4692 895 4765 πέρα
917 4694 1025 4750 τοῦ
1063 4694 1311 4763 δέοντος
1340 4696 1557 4751 ἀσκεῖν
1586 4695 1701 4765 τὴν
1729 4694 1945 4766 ἐγκρά-

1065 4782 1251 4820 estur.

445 4852 695 4925 Ὀρῶμεν
714 4854 772 4907 δὲ
811 4855 1054 4920 καὶτοὺς
1077 4860 1356 4929 γεωργοὺς
1387 4859 1834 4931 ἀναμεμιγμένον
1869 4858 1948 4929 τῷ

365 4942 497 5014 σίτῳ
510 4945 571 4998 τὸ
583 4944 785 5017 ἄχυρον
802 4946 1066 5017 τεχνικῶς
1091 4949 1462 5019 διακρίνοντας
1480 4965 1499 4985 ι
1516 4952 1592 5014 ὡς
1606 4951 1671 5004 ἂν
1688 4950 1947 5022 ἑκάτερον

362 5031 540 5086 αὐτῶν
566 5036 647 5095 εἰς
685 5036 1071 5107 προσήκουσαν
1096 5040 1287 5111 χρείαν
1321 5040 1727 5112 παραληφθείη,
1755 5041 1818 5094 τὸ
1849 5043 1946 5112 μὲν

363 5124 445 5187 εἰς
473 5125 570 5197 τὴν
600 5128 711 5182 τῶν
761 5129 1064 5202 ἀνθρώπων
1113 5133 1282 5202 ζωὴν,
1334 5132 1398 5187 τὸ
1428 5132 1486 5186 δὲ
1528 5135 1609 5197 εἰς
1659 5132 1854 5186 καῦσίν
1885 5149 1945 5186 τε

361 5215 479 5287 ἅμα
511 5220 608 5273 καί⁹
650 5223 731 5286 εἰς
761 5223 864 5294 τὴν
900 5224 1011 5278 τῶν
1039 5223 1249 5293 ἀλόγων
1280 5226 1506 5296 τροφήν.
1558 5226 1767 5279 Οὐκοῦν
1796 5227 1888 5279 καὶ
1918 5227 1946 5278 6

357 5310 462 5379 τῆς
492 5313 846 5384 σωφροσύνης
878 5315 1121 5387 ἐργάτης
1165 5315 1456 5386 διακρίνων
1489 5315 1592 5385 τῆς
1623 5314 1817 5387 ἡδονῆς
1847 5314 1947 5385 τὴν

356 5402 573 5470 χρείαν,
606 5404 799 5477 ὥσπερ
834 5396 1039 5478 ἀχύρου
1066 5405 1156 5461 τὸν
1190 5409 1357 5471 σῖτον,
1381 5407 1480 5479 τήν
1512 5406 1611 5477 μὲν
1653 5404 1945 5477 ἀπορρίψει

355 5494 474 5557 τοῖς
499 5495 880 5570 ἀλογωτὲροις,
909 5492 984 5552 ὧν
1022 5499 1085 5553 τὸ
1114 5500 1268 5564 τέλος
1316 5501 1394 5563 εἰς
1420 5498 1635 5564 καῦσιν,
1667 5496 1744 5563 ὥς
1778 5513 1942 5568 φησιν

357 5582 392 5635 ὁ
425 5584 767 5652 Ἀπόστολος·
789 5590 885 5660 τῆς
903 5590 960 5648 δὲ
986 5591 1174 5662 χρείας
1200 5590 1369 5662 αὐτῆς
1399 5590 1538 5646 κατά
1564 5589 1626 5645 τὸ
1653 5589 1829 5646 ἐνδέον
1854 5589 1943 5642 εύ-

478 5760 522 5794 ίδ
548 5759 715 5820 Hebr.
742 5779 819 5834 vt,
857 5764 910 5820 8.

2619 4592 2849 4651 CAPUT
2879 4589 3046 4647 XXII.

2087 4693 2480 4751 Continentiam
2529 4701 2773 4743 exercere
2832 4701 2937 4738 non
2968 4683 3212 4738 debemus
3258 4680 3378 4750 plus
3429 4696 3615 4750 quam.

2724 4766 2948 4824 oportet.

2125 4855 2389 4911 Videmus
2420 4859 2601 4907 autem
2624 4845 3092 4919 quemadmodum
3140 4851 3196 4899 et
3225 4841 3478 4912 agricola:
3526 4857 3622 4911 pa:

2052 4950 2169 5004 leas
2201 4947 2478 5000 frumento
2506 4939 2829 4996 commistas
2865 4936 3166 4998 artificiose
3201 4941 3515 4993 secernunt,
3550 4932 3624 4993 ita

2050 5048 2111 5094 ut
2141 5053 2207 5093 ex
2239 5035 2325 5089 his
2361 5041 2654 5101 utrumque
2700 5030 2771 5085 ad
2817 5042 2979 5083 usum
3031 5040 3215 5084 suum.
3265 5025 3369 5078 hoc
3405 5021 3625 5093 quidem

2050 5129 2118 5184 ad
2153 5125 2432 5182 hominum
2462 5124 2653 5184 vitam,
2687 5122 2972 5177 illasvero
3001 5125 3055 5173 et
3082 5117 3150 5172 ad
3183 5115 3625 5173 combusdonem

2049 5228 2103 5276 et
2133 5218 2199 5272 ad
2230 5217 2532 5272 bestiarum
2590 5222 2809 5284 pastum
2847 5217 3152 5269 assumant.
3212 5208 3385 5278 Igitur
3422 5214 3477 5261 et
3531 5204 3625 5275 qui

2051 5308 2477 5381 temperantiam
2500 5305 2651 5370 colit,
2670 5319 2700 5357 a
2727 5303 3003 5372 voluptate
3034 5300 3443 5364 necessitatem,
3465 5298 3626 5368 quasi

2051 5418 2082 5457 a
2114 5401 2286 5472 paleis
2313 5397 2647 5454 frumentum
2673 5392 2936 5464 sejuugit,
2960 5397 3019 5447 ut
3043 5390 3374 5460 voluptatem
3401 5389 3625 5461 quidem

2052 5494 2242 5551 bardis
2275 5489 2518 5561 obiiciat,
2569 5500 2807 5558 quorum
2858 5485 3265 5540 consummatio
3293 5491 3399 5549 est,
3453 5488 3513 5535 ut
3547 5481 3626 5534 ait

2051 5584 2367 5659 Apostolus,
2400 5582 2456 5638 iu
2485 5577 2930 5638 eombustionem
2956 5575 2999 5609 “
3028 5594 3043 5646 ;
3078 5576 3466 5633 necessitatem
3494 5586 3629 5629 vero
