4072 6156
340 301 452 372 me
1573 319 1631 376 ε.
1673 317 1998 376 onsconn
2031 318 2323 376 NYSSENI
3509 316 3615 378 tot

341 449 524 492 rerum
559 431 836 504 sumi-um,
870 440 1142 511 quatenus
1167 449 1404 512 oportet,
1433 441 1552 512 ipse
1584 453 1798 498 sumet:
1823 442 1918 498 sed

2021 437 2294 513 χαριστῶν
2327 441 2718 514 μεταλήψεται.
2785 440 2923 501 Ἀλλ’
2971 440 3161 511 ἐπειδὴ
3199 438 3386 494 πολλοὶ
3429 440 3526 493 ἐπὶ
3551 439 3614 494 τὸ

342 531 606 600 quoniam
629 532 875 602 plerique
895 532 950 588 in
982 532 1214 588 alterum
1247 533 1725 591 immoderationis
1754 543 1927 605 genus

2029 534 2214 606 ἕτερον
2248 529 2387 598 εἶδος
2422 532 2524 604 τῆς
2551 533 2819 605 ἀμετρίας
2863 532 3374 603 κατολισθήσαντες,
3401 531 3487 586 διὰ
3515 534 3614 603 τῆς

345 623 560 693 delapsi
591 623 924 692 inciderunt,
957 625 1319 697 studiumque
1364 627 1420 683 in
1472 641 1561 694 eo,
1612 625 1761 698 quod
1818 627 1925 681 sibi

2029 624 2471 696 ὑπερϐαλλούσης
2511 624 2816 696 ἀκριϐείας,
2865 623 3056 677 ἔλαθον
3103 622 3398 676 ὑπεναντία
3442 639 3613 676 σπου-

342 715 688 784 propositum
716 715 941 784 habent,
980 717 1086 788 ipsi
1117 719 1465 784 adhibentes,
1499 736 1564 776 ex
1594 718 1762 775 nimia
1788 733 1924 790 qua-

2027 716 2280 780 δάζοντες
2304 715 2382 786 τῷ
2406 715 2520 787 ἰδίῳ
2549 714 2756 786 σκοπῷ,
2771 715 2866 768 καὶ
2889 714 3032 785 ἄλλῳ
3052 715 3240 784 τρόπῳ
3258 713 3369 767 τῶν
3393 713 3613 784 ὑψηλῶν

343 805 471 861 dam
506 806 794 878 diligentia
832 808 886 863 in
920 823 1012 867 res
1057 812 1367 869 contrarias
1418 822 1706 877 venerunt,
1762 822 1925 883 atque

2025 821 2085 858 τε
2111 805 2206 858 καὶ
2256 804 2546 876 θειοτέρων
2592 805 2692 875 τὴν
2723 803 2898 874 ψυχὴν
2930 804 3370 873 ἀποστήσαντες,
3411 803 3491 865 εἰς
3515 819 3614 876 τα-

343 897 454 953 alio
483 897 703 969 quidem
748 899 912 956 modo
930 915 970 959 .a
1022 902 1190 959 rebus
1241 903 1561 961 caelestibus
1615 919 1678 960 ac
1723 904 1924 960 divinis

2028 897 2220 960 πεινὰς
2259 896 2546 968 φροντίδας
2576 895 2670 948 καὶ
2701 893 2958 965 ἀσχολίας
2996 894 3330 963 κατήγαγον,
3379 892 3518 964 πρὸς
3544 891 3612 947 τὰ

343 991 587 1046 animum
616 999 991 1062 removentes,
1023 995 1079 1050 in
1115 995 1511 1065 occupationes
1533 998 1587 1051 et
1626 1010 1790 1052 curas
1821 997 1926 1050 hu-

2029 987 2317 1057 σωματικὰ
2341 986 2787 1058 παρατηρήματα
2811 984 2910 1055 τὴν
2933 983 3171 1038 διάνοιαν
3190 982 3366 1037 αὐτῶν
3391 981 3611 1037 κλίναν-

231 1139 252 1147 ,
342 1083 504 1138 miles
535 1083 884 1149 ceciderunt,
917 1099 1044 1139 cum
1078 1085 1154 1140 ita
1188 1085 1257 1140 ad
1302 1086 1496 1140 harum
1543 1101 1750 1149 rerum,
1802 1102 1836 1156 q

2024 1093 2147 1140 τες·
2199 1077 2276 1142 ὡς
2311 1077 2510 1149 μηκέτι
2543 1078 2728 1140 αὑτοῖς
2761 1077 2818 1129 ἐν
2859 1073 3144 1146 ἐλευθερίᾳ
3176 1072 3611 1145 μετεωροπορείν

343 1187 628 1245 corporeae
661 1183 815 1241 sunt,
851 1176 1270 1234 observationes
1319 1186 1554 1234 mentem
1600 1177 1923 1247 adiecerint,

2023 1169 2116 1225 τὸν
2141 1169 2265 1225 νοῦν
2287 1210 2302 1235 ,
2351 1171 2445 1224 καὶ
2487 1171 2556 1224 τά
2603 1170 2715 1224 ἂνω
2746 1169 2986 1240 βλέπειν,
3034 1166 3149 1221 ἀλλ’
3199 1167 3292 1218 ἐπὶ
3319 1164 3380 1218 τὸ
3412 1163 3608 1218 πονοῦν

341 1271 404 1319 ut
430 1280 612 1336 neque
642 1265 1053 1332 cmlestiaillis,
1101 1283 1279 1338 neque
1330 1268 1516 1323 divina
1573 1268 1805 1323 liberum
1853 1269 1925 1324 sit

2025 1261 2121 1316 καὶ
2148 1260 2566 1333 ωντριϐόμενον
2590 1261 2690 1331 τῆς
2729 1259 2930 1331 σαρκὸς
2958 1255 3328 1312 ἐπικλίνεσθαι
3352 1272 3367 1287 ο
3428 1254 3609 1320 καλῶς

271 1417 278 1424 _
341 1355 530 1409 animo
579 1355 966 1426 contemplari,
1023 1355 1120 1412 sed
1173 1357 1242 1412 ad
1272 1357 1377 1413 hoc
1423 1357 1673 1413 inclinati
1709 1357 1822 1414 sint
1863 1375 1879 1413 t

2022 1351 2093 1406 ’ἂν
2119 1350 2232 1422 ἔχοι
2260 1354 2355 1407 καὶ
2381 1352 2570 1406 τούτου
2596 1352 2869 1406 ποιεῖσθαι
2898 1349 2996 1420 τὴν
3025 1348 3366 1420 ἐπιμέλειαν,
3396 1345 3609 1409 καὶτὰς

341 1452 563 1494 carnem
595 1442 877 1512 exagitent
910 1450 1075 1514 atque
1122 1443 1410 1516 aﬂligant:
1458 1447 1719 1516 praeclare
1776 1458 1926 1504 certe

2024 1444 2086 1510 ἐξ
2127 1445 2406 1518 ἑκατέρων
2453 1446 2778 1517 ἐπιμετρίας
2826 1444 3023 1514 ἐπίσης
3065 1439 3607 1513 παραφυλάττεσθαι,

343 1537 599 1600 ageretur
643 1531 810 1603 hujus
863 1535 1027 1590 etiam
1063 1535 1144 1591 rei
1191 1551 1380 1591 curam
1429 1537 1716 1603 adhibere,
1760 1546 1925 1609 atque

2028 1539 2164 1610 μήτε
2216 1538 2303 1591 διὰ
2373 1538 2747 1610 πολυσαρκίας
2806 1534 3256 1606 καταχωννύντας
3312 1531 3404 1585 τὸν
3459 1530 3607 1593 νοῦν,

343 1625 490 1680 hanc
537 1634 829 1698 utramque
875 1627 1390 1686 immoderationem
1432 1631 1716 1702 aequaliter
1777 1631 1924 1688 refu-

2029 1629 2150 1700 μηδ⁷
2180 1625 2248 1683 αὖ
2289 1628 2452 1683 πάλιν
2485 1630 2607 1692 ταῖς
2640 1627 2984 1690 ἐπεισάκτοις
3019 1623 3324 1686 ἀσθενείαις
3367 1620 3609 1690 ἐξίτηλον

341 1730 492 1786 gere,
527 1727 589 1772 ut
627 1733 809 1788 neque
863 1721 1114 1789 corporis
1154 1721 1427 1777 obesitate
1474 1730 1710 1778 mentem
1761 1725 1921 1791 quasi

2026 1720 2188 1774 αὑτὸν
2214 1720 2307 1774 καὶ
2330 1720 2581 1774 ταπεινὸν
2611 1721 2806 1783 ποιεῖν,
2830 1717 2923 1770 κοιλ⁹
2949 1717 3078 1786 περὶ
3103 1715 3229 1778 τοὺς
3264 1710 3611 1782 σωματικοῦς

340 1807 637 1877 aggeribus
681 1810 1150 1880 circumsepiant,
1201 1827 1382 1883 neque
1427 1827 1626 1870 rursus
1680 1814 1920 1872 inductis

2039 1814 2235 1877 πόνους
2266 1811 2633 1884 ήσχολημένον
2661 1827 2675 1841 ·
2725 1808 3033 1881 μεμνῆσθαι
3071 1805 3129 1859 δέ
3153 1803 3248 1859 τοῦ
3275 1801 3438 1874 σοφοῦ
3469 1816 3613 1872 παρ-

339 1898 810 1956 imbecillitatibus
847 1909 1066 1957 tenuem
1102 1902 1250 1956 illam
1285 1911 1340 1957 et
1369 1905 1629 1960 humilem
1657 1906 1916 1975 eliiciant,

2026 1905 2388 1974 αγγέλματος,
2427 1903 2522 1956 τοῦ
2551 1903 2748 1973 ἐπίσης
2784 1899 3147 1972 ἀπειρηκότος
3190 1899 3289 1968 τήν
3322 1912 3382 1949 τε
3420 1895 3512 1947 ἐπὶ
3539 1894 3611 1948 τὰ

339 1995 396 2043 et
423 1987 490 2043 ad
525 1991 773 2060 corporis
798 1991 1017 2048 labores
1048 2008 1281 2064 prorsus
1325 1995 1575 2051 inutilem
1603 2039 1617 2066 ,
1655 2001 1919 2056 memine-

2024 1996 2175 2062 δεξιά
2203 1996 2297 2049 καὶ
2332 1995 2400 2048 τὰ
2433 1994 2653 2048 ἐναντία
2684 1991 3067 2063 παρατροπήν.
3110 1988 3357 2042 Ἤκουσα
3380 1986 3437 2039 δέ
3463 2002 3611 2048 τινος

341 2078 568 2149 rintque
597 2080 732 2136 illud
759 2092 1094 2160 praceptum
1127 2085 1395 2155 sapientis
1431 2086 1555 2150 viri,
1599 2089 1694 2159 qui
1741 2091 1919 2160 prohi-

2029 2085 2272 2159 ἰατρικοῦ
2295 2087 2364 2141 τὰ
2397 2088 2461 2140 ἐκ
2487 2086 2584 2155 τῆς
2623 2085 2819 2156 τέχνης
2851 2083 3160 2147 διεξιόντος,
3191 2082 3274 2134 ὅτι
3313 2082 3378 2133 ἐκ
3406 2078 3608 2133 τεσσά-

337 2171 454 2237 bet,
494 2179 554 2226 ut
585 2187 656 2228 ne
697 2173 824 2244 quis
869 2158 936 2228 ad
977 2175 1280 2240 dexteram,
1325 2193 1501 2247 neque
1531 2178 1598 2232 ad
1619 2158 1916 2235 sinistram

2027 2158 2135 2251 ρων
2163 2181 2297 2250 ήμῖν
2323 2179 2422 2248 οὑχ
2455 2176 2716 2248 ὁμοειδῶν
2749 2176 3047 2247 στοιχείων,
3077 2173 3190 2228 ἀλλ’
3210 2170 3468 2232 ἐναντίως
3492 2185 3611 2221 κει-

340 2259 596 2317 declinet.
629 2264 826 2320 Audivi
858 2265 1112 2337 equidem
1137 2267 1410 2324 medicum
1438 2272 1751 2342 quempiam
1781 2273 1918 2329 artis

2028 2271 2226 2340 μένων,
2252 2271 2313 2324 τὸ
2347 2270 2507 2340 σῶμα
2545 2269 2842 2340 συνέστηκε
2867 2283 2881 2298 ⁸
2935 2267 3136 2339 θερμόν
3188 2283 3247 2318 τε
3278 2264 3374 2318 καὶ
3398 2262 3609 2333 ψυχρὸν

338 2365 454 2406 suat
484 2362 756 2424 przecepta
802 2355 1164 2414 disserentem
1200 2358 1406 2424 dicere,
1443 2345 1646 2432 corpus
1668 2373 1917 2419 nostrum

2026 2361 2432 2434 συγκεκρᾶσθαι
2454 2379 2466 2391 ·
2492 2363 2585 2415 καὶ
2615 2361 2782 2432 ὑγροῦ
2815 2360 2950 2432 πρὸς
2979 2359 3141 2431 ξηρὸν
3166 2355 3305 2412 εἶναι
3333 2356 3432 2427 τὴν
3461 2354 3608 2426 μίξιν

340 2454 584 2514 quatuor
638 2460 749 2502 non
801 2447 1045 2516 ejusdem
1086 2452 1306 2519 generis
1343 2453 1667 2519 elementis,
1705 2454 1800 2509 sed
1835 2455 1919 2510 di-

2024 2453 2366 2524 παράλογον,
2413 2455 2480 2525 τῇ
2513 2452 2601 2505 διὰ
2640 2452 2808 2523 μέσου
2843 2449 2953 2504 τῶν
2988 2447 3263 2518 συζυγιῶν
3311 2444 3609 2514 οἰκειότητι

336 2542 497 2592 νει-δε
525 2536 668 2592 inter
691 2553 751 2594 se
780 2538 993 2595 atl‘ectis
1026 2550 1348 2598 concretum
1373 2558 1501 2598 esse
1527 2585 1540 2610 ,
1567 2545 1918 2616 calidumque

2025 2545 2162 2617 πρὸς
2189 2545 2256 2599 τά
2285 2545 2503 2599 ἐναντία
2526 2543 2972 2614 συναπτομένων.
3000 2541 3112 2596 Καί
3135 2558 3242 2594 τινι
3271 2535 3609 2609 λεπτουργίᾳ

338 2625 538 2698 frigido
573 2629 792 2684 misceri
829 2645 894 2685 ac
927 2633 1263 2702 temperari,
1309 2633 1658 2705 [tumidaeque
1709 2644 1919 2692 natura:

2022 2636 2248 2709 τοιαύτῃ
2278 2635 2370 2688 τὸν
2413 2634 2570 2704 λόγον
2605 2633 2938 2704 φυσιολογῶν
2982 2629 3305 2685 ἀπεδείκνυε
3331 2667 3346 2693 ,
3379 2627 3607 2696 φάσκων

337 2721 791 2790 temperationem
826 2724 1120 2792 quamdam
1148 2740 1217 2779 ex
1239 2725 1393 2780 arida
1429 2726 1686 2796 siccaque
1721 2737 1918 2798 praeter

2025 2725 2254 2783 ἑκάστου
2283 2727 2486 2782 τούτων
2520 2730 2584 2780 ἐκ
2625 2727 2918 2798 διαμέτρου
2955 2724 3094 2795 πρὸς
3135 2723 3198 2777 τὸ
3226 2720 3606 2792 ἀντικείμενον

339 2814 652 2883 opinionem
678 2813 816 2878 ﬁeri,
846 2815 1131 2886 mediaque
1153 2817 1386 2886 quadam
1407 2833 1613 2885 rerum,
1630 2835 1752 2888 qute
1784 2835 1918 2874 con-

2024 2815 2275 2886 ἀφεστὼς
2300 2819 2367 2888 τῇ
2404 2815 2563 2884 φύσει
2589 2815 2677 2868 διὰ
2701 2816 2802 2885 τῆς
2840 2813 3162 2883 συγγενείας
3190 2810 3299 2864 τῶν
3329 2825 3607 2878 παρακει-

337 2905 581 2970 veniunt,
625 2907 948 2976 cognatione
979 2908 1220 2962 adhibita
1259 2923 1383 2963 cum
1434 2915 1918 2968 contrariiscohaa-

2028 2908 2203 2978 μένων
2233 2909 2532 2979 ποιοτήτων
2574 2910 2686 2970 τοῖς
2737 2901 3004 2969 ἐναντίοις
3049 2902 3440 2958 συνάπτεσθαι.
3492 2897 3604 2954 Τοῦ

332 3009 480 3054 tere.
507 2998 686 3068 Atque
715 2997 899 3054 subtili
925 2999 1240 3068 hujusmodi
1265 3010 1383 3056 arte
1431 3003 1542 3068 ille,
1587 3005 1679 3074 qui
1712 3005 1766 3059 in
1813 3005 1917 3061 hoc

2023 2999 2131 3072 γὰρ
2161 2999 2372 3070 ψυχροῦ
2407 3000 2502 3053 καὶ
2537 2998 2630 3052 τοῦ
2662 2998 2865 3070 θερμοῦ
2907 2997 3049 3050 κατὰ
3085 2996 3147 3049 τὸ
3182 2995 3294 3049 ἴσον
3328 2995 3515 3064 ὑγροῖς
3542 3008 3606 3045 τε

336 3088 660 3161 indaganda:
682 3101 893 3146 natura:
913 3091 1096 3146 studio
1115 3099 1390 3157 versatur,
1404 3095 1670 3150 rationem
1696 3098 1918 3152 demon-

2025 3093 2120 3146 καὶ
2146 3091 2330 3164 ξηροῖς
2351 3091 2738 3162 ἐγγινομένων,
2763 3091 2858 3144 καὶ
2885 3089 2945 3144 τὸ
2968 3088 3200 3159 ἔμπαλιν
3232 3086 3325 3140 τοῦ
3354 3084 3521 3158 ὑγροῦ
3543 3101 3605 3136 τε

336 3147 500 3247 διιοιῖ
527 3183 716 3252 aitque
748 3182 967 3253 singula
1000 3183 1114 3238 hazc
1147 3183 1214 3238 ab
1243 3184 1518 3254 Oppositis
1557 3188 1908 3253 naturaliter,

2022 3184 2118 3239 καὶ
2147 3147 2327 3256 ἐήροῦ
2365 3147 2441 3239 ἐν,
2468 3147 2580 3248 τοῖς
2622 3147 2845 3255 θερμοῖς
2893 3199 2954 3235 τε
2987 3147 3083 3235 καὶ
3125 3181 3354 3253 ψυχροῖς
3399 3147 3607 3247 δμοίως

333 3275 490 3344 quasi
528 3273 710 3330 medio
752 3275 1062 3344 interiecto.
1108 3275 1408 3345 disiuncta,
1460 3265 1694 3348 quadam
1731 3279 1913 3349 quali-

2021 3278 2426 3348 συνισταμένων
2451 3294 2464 3309 ·
2523 3279 2557 3349 ἡ
2610 3277 2719 3332 τῶν
2767 3277 3068 3348 ποιοτήτων
3095 3274 3363 3344 ταυτότης
3404 3270 3605 3339 ἐπίσης

334 3375 509 3420 tatum
589 3367 1023 3437 propinquarum
1082 3366 1354 3423 affinitate
1413 3383 1537 3422 cum
1615 3371 1911 3426 contrariis

2019 3371 2133 3434 τοῖς
2177 3370 2438 3434 ἐναντίοις
2472 3370 2866 3440 ἐμφαινομένη,
2893 3369 2959 3422 δι’
2989 3363 3188 3437 ἐαυτῆς
3215 3367 3357 3420 ποιεῖ
3380 3363 3488 3417 τῶν
3509 3363 3607 3415 ἀν-

331 3459 646 3515 convcnire.
676 3459 813 3514 Cum
846 3459 990 3514 enim
1020 3459 1194 3531 frigus
1220 3469 1275 3515 et
1295 3461 1447 3516 calor
1472 3462 1762 3532 aequaliter
1785 3473 1911 3518 Cum

2015 3461 2338 3532 τικειμένων
2363 3463 2461 3534 τὴν
2485 3462 2719 3518 σύνοδον.
2758 3462 2918 3516 ’Λλλά
2943 3462 2996 3516 τί
3021 3478 3110 3532 μοι
3137 3458 3338 3513 τὰκαθ’
3371 3458 3604 3510 ἕκαστον

328 3551 559 3606 humore
599 3551 958 3623 siccitateque
999 3553 1334 3621 cohaereant,
1376 3569 1682 3626 rursusque
1715 3555 1913 3611 humor

2015 3555 2085 3609 δι’
2117 3555 2401 3627 ἀκριϐείας
2426 3555 2648 3620 ἐξιέναι,
2674 3556 2822 3618 ὅπως
2859 3552 3035 3607 ταῦτα
3061 3552 3155 3606 καὶ
3195 3551 3462 3622 τέτμηται
3501 3549 3601 3601 ἀπ’

330 3653 386 3698 et
419 3643 647 3700 ariditas
675 3644 870 3715 aequali
912 3646 1116 3701 caloris
1154 3654 1209 3702 et
1239 3644 1465 3717 frigoris
1513 3641 1912 3718 temperatione

2016 3648 2262 3720 ἀλλήλων
2284 3650 2352 3719 τῇ
2378 3645 2690 3702 ἐναντιώσει
2716 3648 2815 3718 τῆς
2835 3646 3069 3717 φύσεως,
3093 3645 3186 3698 καὶ
3208 3644 3369 3697 πάλιν
3389 3643 3599 3713 ἥνωται

328 3730 779 3804 componantur:
823 3736 938 3791 haec
981 3737 1308 3806 qualitatum
1359 3738 1550 3793 eadem
1596 3739 1907 3809 aequalitas,

2013 3741 2082 3810 τῇ
2118 3737 2406 3808 συγγενείᾳ
2429 3736 2540 3791 τῶν
2576 3737 2878 3808 ποιοτήτων
2909 3735 3162 3806 ἀλλήλοις
3197 3730 3599 3803 συνανακιρνά-

327 3839 452 3894 qua:
476 3824 532 3876 in
566 3823 868 3878 contrariis
889 3832 1138 3894 apparet,
1180 3840 1365 3881 rerum
1411 3827 1556 3882 inter
1596 3843 1656 3882 se
1683 3841 1910 3884 eontra-

2017 3847 2197 3900 μενα;
2233 3829 2378 3900 Πλὴν
2415 3821 2476 3882 οὗ
2510 3829 2668 3901 χάριν
2704 3829 2812 3882 τῶν
2851 3826 3159 3898 εἰρημένων
3199 3824 3552 3896 ἐμνήσθημεν
3574 3862 3594 3891 ,

325 3917 536 3970 riarum
575 3913 1013 3969 convenientiam
1059 3930 1158 3986 per
1193 3931 1253 3972 se
1300 3916 1491 3987 gignit.
1543 3916 1649 3974 Sed
1670 3921 1801 3991 quid
1838 3923 1908 3978 ad

2011 3906 2095 3978 ὅτι
2126 3922 2512 3977 συνεϐούλευεν
2531 3925 2559 3976 ὁ
2584 3921 2683 3992 τὴν
2698 3919 2794 3974 τοῦ
2826 3919 3074 3991 σώματος
3098 3917 3260 3987 φύσιν
3292 3921 3359 3988 τῇ
3391 3916 3599 3988 θεωρίᾳ

325 4021 414 4063 me
450 4006 669 4078 singula
698 4007 994 4077 diligenter
1034 4010 1310 4078 explicare
1344 4013 1560 4084 attinet,
1593 4025 1646 4072 et
1677 4032 1907 4088 quomo-

2009 4008 2186 4087 ταύτῃ
2215 4015 2558 4085 κατανοήσας
2587 4015 2859 4086 προνοεῖν,
2886 4013 2961 4076 ὼς
2990 4005 3101 4065 οἷόν
3135 4029 3216 4076 τε,
3245 4011 3345 4082 τῆς
3376 4011 3598 4080 ἰσοκρα-

324 4098 398 4152 do
436 4097 553 4154 hzec
591 4098 661 4154 ob
691 4106 902 4154 naturae
947 4103 1370 4173 repugnantiam
1415 4106 1648 4163 invicem
1685 4109 1904 4179 disiun-

2009 4106 2162 4171 τείας
2189 4106 2298 4161 τῶν
2322 4107 2626 4178 ποιοτήτων
2649 4121 2666 4136 °
2710 4107 2768 4160 ἐν
2806 4105 2983 4176 τούτῳ
3012 4105 3123 4176 γὰρ
3148 4099 3289 4157 εἶναι
3322 4101 3386 4155 τὸ
3410 4099 3595 4170 ὑγιαί-

323 4196 546 4259 gantur,
577 4198 634 4245 et
661 4205 856 4246 rursus
886 4190 956 4246 ob
989 4194 1324 4262 qualitatum
1359 4200 1744 4268 cognationem
1779 4216 1906 4255 mu-

2009 4209 2142 4263 νειν,
2173 4201 2231 4251 ἐν
2266 4197 2345 4268 τῷ
2379 4189 2544 4269 μηδὲν
2571 4198 2678 4252 ὑπὸ
2705 4195 2800 4252 τοῦ
2836 4192 3026 4268 ἐτέρου
3057 4197 3165 4249 τῶν
3191 4197 3248 4247 ἐν
3278 4195 3409 4265 ήμῖν
3434 4191 3595 4244 δυναό

322 4282 421 4334 tuo
453 4286 754 4349 temperata
776 4279 1232 4351 conjungantur?
1267 4281 1470 4339 Verum
1501 4301 1622 4341 eam
1665 4287 1738 4342 ob
1775 4303 1904 4343 cau-

2012 4287 2320 4343 στεύεσθαι.
2367 4287 2577 4342 Οὐκοῦν
2621 4285 2980 4358 ἐπιμελητέον
3025 4286 3159 4356 ήμῖν
3190 4285 3289 4354 τῆς
3332 4279 3593 4351 τοιαύτης

329 4386 447 4425 sam
485 4387 586 4430 nos
620 4371 687 4426 de
710 4373 801 4437 iis,
827 4387 948 4443 qua:
967 4372 1231 4437 diximus,
1274 4377 1608 4433 mentionem
1645 4378 1900 4447 fecimus,

2009 4378 2396 4442 καταστάσεως
2429 4379 2564 4448 πρὸς
2608 4377 2706 4449 τὴν
2731 4379 2827 4449 τῆς
2854 4377 3041 4446 ὑγείας
3093 4373 3385 4446 διαμονὴν,
3433 4373 3594 4441 εἴπερ

328 4464 617 4534 quoniam,
642 4465 734 4534 qui
760 4466 845 4521 his
864 4467 1032 4523 rebus
1060 4467 1462 4524 animadversis
1507 4472 1762 4539 corporis
1804 4488 1901 4527 na-
1932 4505 1936 4515 ι

2007 4487 2060 4523 τι
2083 4470 2281 4542 ἀληθὲς
2315 4470 2495 4525 αὑτῶν
2528 4472 2555 4524 ὁ
2586 4469 2746 4538 λόγος
2781 4469 2893 4540 ἔχει
2915 4507 2930 4535 ,
2983 4467 3172 4539 μηδενὶ
3208 4466 3364 4538 μέρει
3385 4462 3500 4564 τῶν
3523 4461 3595 4564 ἐξ

322 4561 502 4607 turam
537 4563 939 4612 commentatus
984 4565 1090 4624 est,
1119 4558 1208 4612 hic
1229 4559 1442 4612 monuit
1481 4562 1742 4628 :equalem
1782 4578 1902 4618 eam

2005 4557 2080 4617 ὧν
2103 4563 2516 4633 συνεστήκαμεν
2552 4562 2584 4633 ἢ
2618 4561 2959 4632 πλεονασμὸν
2993 4560 3027 4631 ἢ
3055 4559 3349 4613 ἐλάττωσιν
3383 4557 3447 4609 ἐκ
3489 4555 3591 4625 τῆς

323 4647 648 4716 qualitatum
674 4651 973 4718 potentiam
994 4650 1142 4705 omni
1166 4651 1378 4706 ratione
1402 4652 1583 4706 curari
1613 4662 1866 4721 oportere
1883 4698 1897 4722 ,

2005 4655 2148 4709 κατά
2173 4655 2270 4725 τὴν
2301 4655 2513 4708 δίαιταν
2546 4655 2863 4726 ἀνωμαλίας
2896 4655 3193 4723 ἐπάγοντες
3217 4668 3232 4682 ·
3264 4650 3454 4722 ὥσπερ
3478 4648 3590 4720 γὰρ

322 4738 450 4806 quia
481 4737 537 4792 in
564 4738 669 4792 hoc
703 4739 807 4794 sita
838 4747 922 4794 cst
944 4740 1086 4794 bona
1112 4740 1388 4804 valetudo,
1435 4750 1495 4795 ut
1519 4742 1656 4796 nihil
1688 4759 1900 4809 eorum,

2003 4753 2030 4804 ὁ
2054 4749 2145 4803 τοῦ
2181 4744 2425 4820 ἅρματος
2451 4748 2768 4819 ἐπιστάτης,
2815 4748 2864 4801 εἰ
2889 4746 2965 4818 μὴ
3004 4743 3435 4816 συμφωνούντων
3457 4743 3581 4794 ἐπι-

325 4830 516 4900 qurein
547 4831 706 4885 nobis
735 4831 945 4896 insunt,
990 4833 1058 4886 ab
1098 4833 1221 4887 aliis
1259 4846 1565 4905 superetur.
1601 4837 1773 4907 igitur
1801 4855 1902 4894 nos

2004 4841 2224 4912 στατοίη
2261 4839 2371 4892 τῶν
2400 4839 2629 4906 πώλων,
2675 4839 2801 4892 οὔτε
2846 4838 2936 4893 τὸν
2969 4837 3096 4903 ὀξὺν
3145 4834 3472 4906 ἐπισπέρχει
3511 4835 3584 4906 τῇ

323 4921 636 4991 hujusmodi
676 4923 930 4994 corporis
979 4925 1452 4991 constitutionem,
1499 4929 1545 4983 si
1598 4930 1725 4998 quid
1788 4931 1901 4986 veri

2006 4930 2248 5001 μάστιγι,
2279 4928 2406 4984 οὔτε
2431 4931 2521 4984 τὸν
2579 4929 2779 5000 βραδὺν
2809 4927 3038 4997 κατάγει
3067 4928 3186 4990 ταῖς
3225 4926 3427 4996 ήνίαις,
3472 4923 3584 4977 οὐδ’

322 5029 514 5068 earum
545 5031 726 5070 rerum
759 5019 1212 5073 commemoratio
1234 5020 1420 5084 habet,
1445 5021 1513 5074 ad
1537 5022 1898 5079 valetudinem

2004 5019 2073 5077 αὖ
2103 5023 2265 5079 πάλιν
2293 5025 2384 5079 τὸν
2412 5022 2852 5095 ἐνδιάστροφονῆ
2879 5021 3132 5091 δυσήνιον
3158 5021 3345 5074 ἄνετον
3373 5020 3436 5092 ἐᾷ
3463 5019 3587 5082 ταῖς

323 5116 588 5176 perpetuo
629 5111 886 5164 tuendam
918 5125 1114 5166 curare
1157 5112 1438 5175 debemus,
1491 5122 1547 5166 ut
1580 5114 1648 5168 ad
1694 5116 1899 5170 nullam

2001 5115 2227 5178 οἰκείαις
2279 5119 2481 5188 ὁρμαῖς
2523 5116 2604 5178 εἰς
2641 5113 2868 5178 ἀταξίαν
2913 5111 3275 5182 ἐκφέρεσθαι,
3323 5109 3461 5163 ἀλλά
3493 5107 3589 5164 τὸν

326 5208 533 5267 partem
568 5216 782 5266 eorum,
813 5218 876 5257 ex
914 5205 1114 5274 quibus
1147 5206 1419 5274 compacti
1461 5222 1673 5272 sumus,
1725 5225 1900 5280 neque

2005 5210 2101 5279 μὲν
2129 5206 2375 5275 εὐθύνει,
2422 5209 2514 5263 τὸν
2543 5209 2600 5262 δὲ
2628 5207 2958 5269 ἀνακόπτει,
2991 5206 3117 5269 τοὺς
3155 5205 3212 5259 δέ
3243 5203 3586 5258 καθικνεῖται

323 5289 551 5342 nimium
583 5306 761 5360 neque
795 5308 994 5361 parum
1037 5310 1104 5349 ex
1147 5296 1403 5371 inaequali
1451 5300 1632 5353 victus
1688 5299 1900 5355 ratione

2000 5299 2088 5352 διά
2121 5299 2224 5372 τῆς
2253 5303 2538 5372 μάστιγος,
2587 5300 2693 5365 ἕως
2722 5299 2852 5371 μίαν
2890 5301 3003 5362 τοῖς
3035 5300 3170 5352 πᾶσι
3198 5297 3296 5368 τὴν
3324 5295 3464 5367 πρὸς
3489 5293 3585 5348 τδν

323 5379 608 5435 addamus.
653 5381 723 5436 Ut
752 5385 898 5437 enim
925 5386 1162 5440 vehiculi
1195 5398 1377 5443 rector
1405 5388 1448 5442 si
1481 5390 1620 5443 forte
1655 5391 1894 5459 cquulos

2000 5392 2204 5465 δρόμον
2253 5395 2560 5466 σύμπνοιαν
2589 5393 2898 5466 ἐμποιήσῃ·
2947 5391 3039 5445 τὸν
3067 5389 3229 5444 αὑτὸν
3254 5388 3453 5460 τρόπον
3488 5387 3587 5440 καὶ

322 5481 432 5522 non
460 5473 866 5528 consentientes
901 5476 1314 5547 concordesque
1346 5479 1504 5549 regit,
1553 5496 1729 5549 neque
1757 5482 1901 5535 ccie—

1999 5484 2027 5536 ὁ
2061 5484 2328 5555 ἡμέτερος
2365 5484 2489 5548 νοῦς
2536 5485 2564 5538 ὁ
2594 5483 2694 5549 τὰς
2741 5483 2835 5538 τοῦ
2871 5481 3121 5552 σώματος
3150 5480 3307 5553 ήνίας
3337 5479 3422 5548 ἐφ’
3455 5478 3584 5530 ἐαυ-

319 5573 436 5613 rcm
467 5561 788 5616 verberibus
817 5563 1028 5628 incitat,
1059 5580 1237 5635 neque
1273 5567 1489 5622 tardum
1528 5568 1756 5624 habenis
1815 5586 1900 5626 rc-

2000 5573 2092 5628 τὸν
2113 5573 2273 5645 ἔχων,
2305 5573 2427 5628 οὑτε
2458 5574 2804 5639 πλεονάζοντι
2838 5574 2917 5643 τῷ
2943 5572 3130 5645 θερμῷ
3157 5570 3300 5625 κατά
3335 5569 3428 5622 τὸν
3453 5586 3573 5622 καιο

321 5650 524 5720 primit,
555 5667 731 5721 neque
759 5669 951 5709 rursus
984 5671 1323 5725 perversum,
1363 5659 1686 5715 cﬂ‘rcnatnm
1723 5673 1776 5718 et
1823 5665 1901 5718 in-

2003 5664 2096 5737 ρδν
2121 5666 2221 5736 τῆς
2246 5667 2496 5738 νεότητος
2529 5667 2628 5729 τὰς
2661 5667 2755 5737 τῆς
2787 5665 3082 5736 πυρώσεως
3111 5664 3425 5736 προσθήκας
3458 5661 3583 5714 ἐπι-

319 5743 588 5800 domitum
621 5745 736 5804 suis
761 5746 914 5803 illum
934 5749 1345 5808 incitationibus
1369 5753 1423 5809 in
1447 5752 1656 5810 ordinis
1676 5766 1893 5826 pertur-

2001 5758 2214 5832 νοήσει,
2266 5757 2388 5813 οὒτε
2429 5757 2826 5830 κατεψυγμένῳ
2854 5757 2942 5813 διὰ
2984 5756 3152 5822 πάθος
3187 5757 3220 5828 ἢ
3269 5753 3485 5827 χρόνον,
3510 5743 3586 5817 τὰ
