4072 6156
346 317 459 373 465

1660 326 1747 384 DE
1778 328 2244 389 VlRGlNlTATE.

3519 338 3633 398 406·

344 428 591 526 ψύχοντα
617 433 711 488 καὶ
734 433 804 526 τά
836 438 1170 509 μαραίνονται
1201 443 1487 500 πλεονάσει
1509 460 1524 484 ν
1581 446 1677 501 καὶ
1713 447 1806 500 ἐπι
1829 447 1938 502 τῶν

2044 452 2316 507 bationem
2347 451 2525 508 efferri
2556 455 2712 522 sinit,
2765 454 2863 511 sed
2909 454 3058 512 hunc
3100 454 3311 526 dirigit,
3346 455 3500 509 illum
3534 471 3626 516 re:

348 520 554 578 λοιπῶν
598 525 902 596 ποιοτήτων
946 530 1149 600 ὁμοίως
1188 532 1287 604 τῆς
1333 535 1558 608 Γραφῆς
1602 536 1939 592 ἀκούσεται·

358 612 477 666 Ἵνα
504 614 644 685 μήτε
662 617 692 669 6
709 616 772 669 τὸ
802 616 932 673 πολὺ
966 619 1257 696 πλεονάσῃ,
1284 624 1422 695 μήτε
1450 626 1480 679 6
1501 624 1564 679 τὸ
1582 625 1764 695 ὀλίγον
1783 626 1941 682 ἐλατ-

343 704 550 777 τονήσῃ
571 722 587 736 ο
635 706 770 760 ἀλλὰ
800 707 863 762 τὸ
889 710 949 763 ἐν
993 712 1243 786 ἐκατέρῳ
1276 715 1515 787 ἄμετρον
1560 717 1935 790 περικόπτων,

344 794 446 865 τῆς
469 795 565 850 τοῦ
590 797 863 865 ἐνδέοντος
887 801 1207 876 προσθήκης
1248 806 1664 879 ἐπιμελήσεται,
1699 808 1796 864 καὶ
1839 809 1937 862 ἐπ-

348 885 472 956 ίσης
495 886 595 959 τὴν
619 890 706 959 ἐφ’
731 891 969 964 ἑκάτερα
989 895 1083 949 τοῦ
1108 895 1358 968 σώματος
1386 898 1687 970 ἀχρηστίαν
1703 898 1937 969 φυλάξε-

347 995 438 1032 ται
462 996 477 1011 ·
503 980 643 1051 μήτε
671 980 740 1035 δι’
775 983 1221 1058 ὑπερϐαλλούσης
1249 988 1547 1054 εὐπαθείας
1575 990 1812 1045 ἄτακτον
1842 991 1939 1046 καὶ

346 1069 596 1142 δνσήνιον
639 1072 741 1144 τὴν
795 1074 974 1146 σάρκα
1026 1077 1219 1133 ἑαυτοῦ
1275 1081 1632 1153 ἐπασκήσας,
1683 1083 1821 1154 μήτε
1849 1082 1939 1137 διὰ

344 1160 445 1227 τῆς
477 1161 721 1236 ἀμέτρου
750 1166 1119 1234 κακοπαθείας
1150 1170 1359 1243 νοσώδη
1388 1173 1485 1227 καὶ
1509 1171 1813 1244 λελυμένην
1842 1173 1939 1226 καὶ

347 1251 538 1309 ἄτονον
566 1258 708 1329 πρὸς
750 1258 852 1330 τὴν
892 1261 1199 1331 ἀναγκαίαν
1231 1264 1538 1339 ὑπηρεσίαν
1585 1267 1940 1340 παρασκευά-

351 1361 450 1409 σας
471 1362 486 1377 ·
543 1343 701 1415 οὗτος
750 1352 781 1404 6
825 1352 1163 1421 τελειότατος
1203 1360 1303 1429 τῆς
1342 1359 1667 1430 ἐγκρατείας
1712 1359 1934 1427 σκοπδςν

345 1436 468 1506 οὐχὶ
509 1439 648 1510 πρὸς
686 1442 786 1513 τὴν
826 1443 920 1497 τοῦ
971 1443 1223 1517 σώματος
1272 1447 1491 1519 βλέπειν
1532 1448 1933 1514 κακοπάθειαν,

348 1527 484 1583 ἀλλά
508 1530 645 1602 πρὸς
672 1533 773 1605 τὴν
801 1534 910 1591 τῶν
935 1535 1187 1607 ψυχικῶν
1210 1538 1630 1612 διακονημάτων
1659 1539 1934 1596 εὐκολίαν.

2046 544 2245 608 frenat,
2271 536 2325 599 et
2363 545 2528 599 alium
2559 545 2773 617 ﬂagello
2801 546 3053 618 impellit,
3079 547 3264 618 quoad
3310 562 3475 603 unam
3505 562 3624 602 om-

2043 630 2207 685 nibus
2235 629 2302 684 ad
2340 630 2672 687 currendum
2706 632 3173 703 conspirationem
3208 631 3490 687 etfecerit:
3526 647 3625 687 eo-

2041 720 2354 776 demamodo
2384 736 2542 776 mens
2571 730 2783 787 nostra,
2819 739 2942 794 quae
2970 724 3222 795 corporis
3270 723 3519 780 habenas
3566 723 3623 778 in

2040 822 2100 865 se
2141 810 2327 874 habet,
2349 826 2458 865 non
2489 812 2630 883 ignis
2650 814 3022 871 additamenta
3048 815 3379 887 exeogitabit
3412 814 3623 879 ardori,

2039 901 2131 971 qui
2163 901 2347 957 adulta
2381 912 2542 959 astate
2574 904 2950 963 vehementior
2984 922 3116 963 sane
3139 916 3243 970 est,
3265 921 3431 977 quam
3463 921 3627 976 opor-

2041 1001 2118 1049 tet
2144 1012 2157 1048 :
2188 1009 2369 1066 neque
2398 997 2544 1066 quod
2576 1005 2671 1052 aut
2709 1005 2975 1068 tempore,
3018 1005 3114 1055 aut
3148 998 3344 1054 aﬂectu
3397 998 3626 1054 refrixe-

2038 1086 2132 1151 rit,
2172 1087 2347 1157 magis
2393 1102 2457 1143 ea
2509 1089 2795 1156 accendet,
2842 1105 2964 1161 quae
3016 1089 3213 1160 frigida
3258 1098 3313 1146 et
3351 1088 3626 1146 exstincta

2041 1185 2213 1234 sunt:
2261 1182 2506 1249 atquein
2557 1182 2785 1252 reliquis
2827 1182 3051 1251 quidem
3106 1183 3466 1252 qualitatibus
3506 1183 3633 1252 pari»

2041 1267 2257 1323 ratione
2295 1267 2346 1323 id
2404 1269 2610 1335 audiet,
2661 1271 2808 1342 quod
2856 1270 3060 1327 divinis
3107 1271 3305 1327 litteris
3356 1273 3623 1343 scriptum

2043 1363 2167 1411 est:
2197 1354 2278 1415 Ne
2309 1359 2402 1428 qui
2433 1360 2688 1426 multum,
2727 1362 3011 1430 abundet;
3058 1362 3151 1431 qui
3189 1378 3404 1433 parum,
3440 1364 3626 1419 minus

2045 1445 2279 1504 habeat:
2327 1449 2423 1506 sed
2471 1449 2620 1520 quod
2652 1451 2707 1507 in
2758 1460 2994 1521 utroque
3046 1451 3468 1507 immoderatum
3518 1459 3624 1518 est,

2041 1546 2365 1608 amputans,
2421 1555 2622 1612 augere
2672 1541 2727 1596 id
2770 1542 3024 1610 curabit,
3074 1544 3130 1599 in
3168 1559 3279 1614 quo
3312 1543 3470 1600 deest
3514 1563 3527 1599 :
3574 1554 3629 1600 et

348 1626 604 1693 corporis
651 1627 1153 1689 incommoditatem
1203 1635 1490 1705 aequaliter
1540 1636 1610 1691 in'
1646 1645 1881 1706 utroque
1934 1634 2185 1698 cavebit,
2236 1650 2303 1689 ne
2342 1635 2424 1690 vel
2462 1650 2575 1706 prae
2619 1636 2954 1692 abundantia
2998 1637 3317 1699 deliciarum
3373 1638 3451 1692 ita
3506 1653 3629 1708 pcr-

350 1720 573 1775 turbata
621 1723 694 1779 sit
740 1739 891 1793 caro,
939 1735 999 1783 ut
1046 1729 1159 1800 regi
1210 1745 1320 1785 non
1362 1731 1559 1802 possit,
1595 1733 1678 1789 vel
1731 1747 1842 1803 pne
1890 1731 2242 1786 immoderata
2283 1728 2632 1787 atllictatione
2659 1732 2801 1788 male
2827 1732 3045 1798 affecta,
3080 1734 3262 1789 tenuis
3293 1741 3348 1789 et
3384 1735 3451 1789 ad
3491 1749 3636 1792 usus

352 1814 475 1867 vita;
515 1817 862 1875 necessarios
896 1819 1112 1876 infirma
1145 1821 1410 1879 eﬂieiatur
1438 1843 1453 1880 :
1483 1825 1586 1880 hac
1626 1825 1835 1879 ratione
1879 1823 2010 1879 illud
2048 1822 2507 1894 perfectissimum
2532 1831 2618 1880 est
2643 1824 2997 1881 continentia;
3023 1826 3385 1898 propositum,
3425 1834 3486 1883 ut
3515 1843 3636 1885 non

353 1909 425 1966 ad
456 1912 710 1981 corporis
744 1913 1175 1984 atllictationem,
1199 1919 1296 1975 sed
1326 1918 1395 1975 ad
1421 1921 1740 1976 commodas
1764 1919 1936 1976 animi
1976 1917 2297 1975 functiones
2321 1924 2552 1990 spectet.

933 2029 1188 2087 ΚΕΦΑΛ.
1228 2032 1359 2091 KP.

356 2110 481 2216 Ὅτι
505 2137 758 2216 ,ὁμοίως-Μ
779 2140 1158 2198 ἐναντιοῦται
1207 2142 1281 2216 τῇ
1320 2145 1495 2215 ψυχῇ
1528 2145 1676 2216 πρὸς
1710 2146 1823 2215 τὴν
1849 2162 1940 2200 τε·

417 2208 688 2332 ἐεέῧὲῗέιν,
722 2209 761 2278 ἢ
798 2227 860 2264 τε
887 2208 1274 2283 πολυσαρκίᾱ
1292 2208 1389 2269 καί
1412 2208 1738 2287 ’ἦῦμὲτρος
1762 2208 1939 2270 iraira-

421 2366 502 2421 Τὰ
535 2367 593 2421 δέ
630 2368 751 2422 καθ’
778 2370 1029 2441 ἕκαστον,
1069 2373 1218 2439 ὅπως
1244 2391 1304 2429 τε
1327 2376 1434 2448 χρὴ
1470 2375 1733 2449 βιοτεύειν
1761 2376 1853 2432 τὸν
1879 2377 1937 2429 ἐν

350 2457 644 2530 φιλοσοφία
679 2459 851 2534 ταύτῃ
899 2461 999 2536 ζῇν
1029 2466 1413 2536 προελόμενον,
1453 2467 1549 2522 καὶ
1584 2467 1706 2522 τίνα
1733 2467 1935 2537 φυλάτ-

348 2549 560 2612 τεσθαι,
587 2551 681 2605 καὶ⁹
717 2552 861 2608 τίσιν
902 2556 1333 2628 ἐπιτηδεύμασιν
1367 2558 1560 2611 ἀσκεῖν
1594 2557 1807 2622 ἐαυτὸν,
1840 2561 1937 2627 ἐγ-

351 2643 613 2710 κρατείας
648 2643 849 2716 μέτρα,
883 2649 978 2700 καὶ
1024 2647 1307 2718 διαγωγῆς
1353 2648 1576 2720 τρόπον,
1615 2650 1710 2702 καὶ
1760 2650 1940 2703 πάντα

348 2730 442 2783 τὸν
475 2730 838 2789 ἐπιϐάλλοντα
872 2735 953 2807 τῷ
977 2737 1205 2809 τοιούτῳ
1238 2737 1428 2809 σκοπῷ
1468 2738 1603 2810 βίον,
1651 2740 1759 2810 ὅτῳ
1786 2739 1938 2809 φίλον

347 2818 416 2872 δι’
433 2820 724 2891 ἀκριϐείας
758 2823 972 2894 μαθεῖν,
1004 2825 1112 2879 εἰσὶ
1142 2826 1242 2898 μὲν
1261 2828 1358 2881 καὶ
1390 2828 1656 2900 ἔγγραφοι
1679 2828 1934 2885 διδασκα-

350 2910 462 2965 λίαι
487 2913 661 2968 ταῦτα
688 2915 1036 2971 διδάσκουσαι
1057 2933 1071 2948 ·
1124 2920 1487 2993 ὲνεργεστέρα
1517 2921 1574 2974 δὲ
1610 2922 1708 2992 τῆς
1740 2923 1804 2975 ἐκ
1829 2921 1939 2976 τῶν

352 3005 527 3073 λόγων
553 3006 836 3080 διδαχῆςή
863 3008 953 3064 διὰ
981 3008 1089 3062 τῶν
1117 3009 1294 3082 ἔργων
1322 3013 1473 3066 ἐστὶν
1514 3013 1808 3085 ὑφήγησις·
1841 3014 1937 3068 καὶ

348 3095 579 3165 οὐδεμία
604 3096 869 3169 πρόσεστι
912 3098 1169 3154 δυσκολία
1188 3100 1268 3172 τῷ
1292 3103 1698 3174 προστάγματι,
1722 3104 1798 3168 ὼς
1827 3104 1940 3159 δεῖν

351 3186 388 3256 ἦ
414 3187 633 3261 μακράν
652 3189 1035 3263 ὁδοιπορίαν,ἢ
1059 3192 1337 3248 ναυτιλίαν
1355 3194 1554 3266 πολλὴν
1578 3196 1937 3261 ὑποστάντας,

352 3278 633 3349 ἐπιτυχεῖν
662 3279 759 3333 τοῦ
790 3281 1163 3347 παιδεύοντος·
1206 3284 1320 3339 ἀλλ’
1350 3285 1517 3355 ἐγγύς
1551 3303 1646 3339 σου
1678 3286 1739 3339 τὸ
1765 3286 1937 3358 ῥῆμα,

2611 2034 2844 2093 CAPUT
2880 2032 3081 2090 XXIII.

2040 2146 2130 2205 Ad
2155 2151 2323 2207 animi
2353 2152 2734 2223 perfectionem,
2768 2160 2893 2223 tam;
2918 2148 3415 2223 impedirem-poris
3452 2148 3627 2206 obesi-

2331 2218 2629 2294 t'asfquam
2656 2221 2928 2292 afﬂictatio
2958 2218 3333 2274 immoderata.

2115 2379 2220 2446 Qui
2273 2395 2404 2436 vero
2453 2381 2813 2452 philosophiae
2859 2380 3078 2437 deditus
3129 2388 3252 2444 εει,
3284 2393 3449 2450 quem
3501 2378 3629 2435 vitae

2047 2485 2271 2526 cursum
2301 2471 2356 2525 in
2385 2471 2618 2542 singulis
2642 2471 2806 2527 rebus
2830 2478 3017 2527 tenere
3047 2485 3172 2526 eum
3197 2477 3465 2539 oporteat,
3491 2477 3548 2523 et
3568 2469 3625 2523 in

2047 2561 2250 2631 quibus
2278 2563 2508 2627 versari,
2555 2572 2610 2617 et
2652 2576 2776 2632 quae
2822 2576 3040 2628 cavere,
3085 2571 3141 2617 et
3172 2561 3242 2615 ad
3287 2575 3408 2631 qua:
3445 2558 3627 2617 studia

2048 2654 2291 2707 animum
2341 2654 2668 2724 adjungere,
2718 2668 2907 2724 quaeve
2960 2653 3033 2710 sit
3066 2652 3419 2708 continentia:
3463 2652 3625 2715 ratio,

2049 2744 2144 2815 qui
2185 2743 2494 2814 disciplinae
2538 2743 2755 2810 modus,
2806 2745 2900 2815 qui
2961 2742 3200 2813 denique
3243 2745 3368 2797 vitae
3427 2756 3627 2797 cursus

2047 2837 2248 2901 omnis,
2280 2837 2371 2907 qui
2402 2840 2468 2891 ad
2510 2838 2613 2892 hoc
2637 2837 2981 2909 propositum
3027 2843 3272 2906 spectat,
3318 2834 3628 2906 cuicunque

2047 2938 2262 2998 gratum
2293 2936 2377 2982 est
2401 2927 2690 2999 diligenter
2713 2942 3071 2999 cognoscere,
3105 2933 3374 2997 prmcepta
3403 2926 3627 2996 quidem

2049 3020 2221 3073 multa
2272 3020 2470 3076 litteris
2521 3019 2840 3091 consignata
2890 3027 3041 3082 sunt,
3101 3019 3302 3090 quibus
3350 3018 3467 3072 hare
3510 3017 3626 3087 ipsa

2046 3109 2339 3165 traduntur
2369 3129 2383 3166 :
2419 3110 2515 3166 sed
2545 3110 2814 3165 minorem
2846 3110 2957 3165 vim
2991 3108 3159 3164 habet
3198 3107 3290 3162 illa
3328 3114 3629 3178 prmeepto-

2047 3217 2168 3256 rum
2220 3201 2533 3271 explicatio,
2585 3216 2709 3272 quze
2748 3202 2933 3258 verbis
2986 3201 3211 3272 potius,
3255 3215 3421 3272 quam
3467 3200 3629 3258 factis

2048 3295 2475 3358 demonstratur,
2505 3294 2767 3364 nullaque
2795 3293 2875 3349 rei
2913 3292 3206 3350 dillicultas
3238 3292 3403 3356 inest,
3449 3300 3510 3347 ut
3536 3303 3630 3347 aut

353 3371 520 3461 φησιν
546 3374 577 3425 6
624 3372 982 3439 ’Δπόστολοςο
1019 3376 1128 3430 ἀπὸ
1167 3378 1268 3447 τῆς
1299 3377 1485 3443 ἑστίας
1527 3379 1561 3450 ἡ
1609 3378 1801 3450 χάρις·
1854 3380 1939 3433 ἐν·

2048 3390 2404 3461 longinquum
2450 3388 2592 3455 iter,
2645 3393 2739 3442 aut
2789 3385 3017 3440 multam
3074 3384 3479 3455 navigationem
3526 3400 3637 3440 nos-

352 3460 530 3517 ταῦθα
556 3462 621 3517 τὸ
641 3464 752 3519 τῶν
775 3465 998 3535 ἀγαθῶν
1024 3468 1412 3540 ἐργαστήριον,
1451 3471 1511 3522 ἐν
1545 3463 1590 3538 ᾧ
1620 3470 1680 3523 τὸ
1704 3471 1942 3541 ἀκρότα-

352 3566 446 3609 τον
470 3555 572 3627 τῆς
593 3557 882 3629 ἀκριϐείας
908 3560 938 3613 6
961 3561 1201 3623 τοιοῦτος
1226 3560 1339 3632 βίος
1363 3560 1572 3635 προῖὼν
1601 3562 1943 3635 ἐκκεκάθαρ-

350 3663 445 3701 ται
467 3664 484 3678 ⁸
516 3649 612 3703 καὶ
634 3649 801 3722 πολλή
824 3652 972 3706 ἐστιν
991 3651 1210 3717 ἐξουσία
1230 3656 1325 3708 καὶ
1352 3652 1682 3709 σιωπώντων
1708 3654 1942 3709 ἐνταῦθα

351 3739 453 3794 καὶ
478 3739 869 3812 φθεγγομένων
892 3741 992 3814 τὴν
1021 3742 1272 3814 οὐράνιον
1309 3744 1513 3815 ταύτην
1544 3744 1819 3800 πολιτείαν
1856 3744 1944 3799 διὰ

352 3831 464 3885 τῶν
507 3832 689 3904 ἔργων
730 3832 1080 3888 διδάσκεσθαι
1100 3850 1115 3865 ·
1168 3835 1293 3889 ἐπεὶ
1337 3836 1432 3890 καὶ
1481 3838 1590 3901 πᾶς
1622 3837 1780 3906 λόγος
1819 3836 1944 3908 δίχα

361 3922 472 3978 τῶν
511 3925 690 3997 ἔργων
725 3924 1133 3997 θεωρούμενος,
1164 3927 1270 3982 κᾶν
1297 3929 1379 3982 ὅτι
1406 3929 1641 4000 μάλιστα
1664 3930 1944 3984 κεκαλλω-

357 4020 625 4091 πισμένος
656 4020 816 4093 τύχῃ,
864 4022 1034 4077 εικόνι
1063 4021 1241 4077 ἔοικεν
1266 4023 1478 4096 ἀψύχῳ,
1520 4027 1578 4078 ἐν
1621 4025 1822 4095 βαφαῖς
1848 4026 1944 4079 καὶ

355 4112 647 4185 χρώμασιν
693 4112 893 4186 εὐανθῆ
931 4132 1053 4171 τινα
1097 4119 1422 4189 χαρακτῆρα
1468 4118 1898 4191 προδεικνυούσῃ
1923 4137 1937 4151 ο

350 4209 387 4262 ὁ
414 4207 469 4260 δὲ
496 4206 667 4260 ποιῶν
702 4206 798 4260 καὶ
819 4206 1110 4272 διδάσκων,
1159 4207 1342 4270 καθώς
1368 4208 1472 4261 πού
1502 4226 1635 4280 φησι
1669 4209 1730 4263 τὸ
1762 4211 1944 4280 Εὐαγ-

354 4305 560 4374 γέλιον,
578 4299 733 4368 οὗτος
749 4304 965 4374 ἀληθῶς
987 4303 1098 4369 ζῶν
1123 4307 1272 4361 ἐστιν
1299 4305 1607 4378 ἄνθρωπος,
1625 4308 1720 4361 καὶ
1745 4307 1944 4380 ὡραῖος

351 4395 436 4467 τῷ
463 4397 685 4461 κάλλει,
743 4395 840 4448 καὶ
884 4396 1143 4466 ἐνεργὸς,
1187 4400 1283 4453 καὶ
1336 4397 1673 4469 κινούμενος.
1733 4399 1944 4454 Οὐκοῦν

349 4486 532 4559 τούτῳ
577 4492 1007 4564 προσφοιτητέον
1056 4492 1174 4546 ἐστι
1217 4488 1312 4544 τὸν
1365 4488 1628 4561 μέλλοντα
1674 4490 1817 4544 κατά
1851 4490 1943 4545 τὸν

348 4580 589 4651 ἐροῦντα
627 4582 788 4653 λόγον
829 4583 933 4655 τῆς
968 4581 1267 4656 παρθενίας
1290 4580 1613 4646 ἀνθέξεσθαι
1644 4596 1658 4613 ·
1691 4581 1942 4655 καθάπερ

348 4673 462 4745 γάρ
494 4676 525 4728 6
550 4675 738 4755 φωνὴν
777 4674 966 4742 ἔθνους
997 4675 1143 4741 τινὸς
1162 4675 1435 4746 ἐκμαθεῖν
1467 4674 1941 4747 προθυμούμενος,

348 4766 452 4820 οὐκ
490 4765 643 4822 ἔστιν
686 4763 970 4842 αὒτάρκης
1002 4767 1182 4840 ἑαυτῷ
1225 4767 1542 4831 διδάσκαλος
1562 4808 1577 4835 ,
1624 4767 1761 4823 ἀλλά
1792 4769 1944 4842 παρὰ

344 4852 463 4907 τῶν
490 4856 875 4927 ἐπισταμένων
920 4855 1257 4922 παιδεύεται,
1286 4855 1383 4909 καὶ
1415 4852 1561 4909 οὕτω
1588 4854 1800 4923 γίνεται
1829 4857 1943 4919 τοῖς

348 4946 757 5016 ἀλλογλώσσοις
793 4948 1097 5021 ὁμόφωνος.
1149 4946 1338 5012 Οὕτως
1379 4942 1532 5018 οἴμαι
1566 4947 1661 5000 καὶ
1692 4945 1787 5001 τοῦ
1819 4946 1939 5019 βίου

352 5038 548 5094 τούτου
572 5040 648 5113 μὴ
664 5040 806 5096 κατά
820 5040 921 5114 τὴν
937 5040 1259 5097 ἀκολουθίαν
1278 5038 1560 5113 προϊόντος
1580 5038 1679 5111 τῆς
1703 5038 1940 5109 φύσεως,

351 5130 474 5185 ἀλλ’
512 5132 934 5206 ἀπεξενωμένου
971 5136 1038 5207 τῇ
1068 5133 1348 5204 καινότητι
1390 5131 1494 5203 τῆς
1525 5132 1827 5203 διαγωγῆς,
1865 5135 1940 5207 μὴ

351 5221 533 5289 ἄλλως
556 5223 681 5278 τινα
712 5224 905 5296 μαθεῖν
937 5225 1036 5298 τὴν
1080 5224 1390 5298 ἀκρίϐειαν,
1419 5223 1455 5295 ἢ
1490 5223 1643 5296 παρά
1674 5223 1768 5278 τοῦ
1811 5241 1945 5278 κατ-

348 5315 681 5388 ωρθωκότος
710 5316 1221 5390 χειραγωγούμενον
1238 5331 1256 5348 ο
1283 5315 1380 5371 καὶ
1407 5315 1477 5371 τὰ
1505 5315 1641 5371 ἀλλα
1670 5315 1729 5371 δέ
1762 5317 1944 5374 πάντα

349 5411 459 5464 ὅσα
492 5409 639 5465 κατὰ
673 5410 767 5465 τὸν
801 5411 915 5482 βίον
945 5409 1360 5483 ἐπιτηδεύομεν,
1406 5410 1609 5482 μᾶλλον
1658 5410 1942 5483 κατορθω-

351 5501 480 5572 θείη
509 5500 591 5572 τῷ
636 5501 903 5573 μετιόντι,
952 5504 1001 5558 εί
1033 5501 1187 5574 παρά
1211 5501 1551 5567 διδασκάλοις
1593 5519 1680 5565 τις
1708 5502 1940 5558 ἑκάστου

350 5592 467 5648 τῶν
516 5592 967 5668 σπουδαζομένων
1007 5593 1241 5669 ἐκμάθοι
1291 5592 1391 5667 τήν
1436 5595 1776 5668 ἐπιστήμην,
1826 5594 1938 5668 ﬁsi

435 5769 481 5804 ⁸⁵
514 5770 675 5829 Rom.
704 5788 761 5840 ς,
796 5771 847 5827 8.
927 5771 972 5805 ¹⁶
1000 5769 1195 5828 Matth.
1247 5783 1299 5841 v,
1346 5770 1428 5832 l9.
1519 5769 1525 5774 ’

2045 3480 2232 3537 Subirc
2269 3483 2543 3549 oporteat,
2592 3484 2654 3530 ut
2702 3482 3090 3547 praeceptorem
3134 3474 3410 3544 hujusque
3457 3472 3630 3529 disci-

2007 3632 2019 3641 _
2044 3572 2205 3642 plina:
2239 3568 2559 3640 magistrum
2590 3580 2973 3635 assequamur,
3007 3564 3102 3620 sed
3125 3579 3291 3634 prope
3316 3571 3369 3618 te
3401 3564 3627 3623 verbum

2043 3670 2148 3724 est,
2176 3660 2356 3730 inquit
2386 3659 2680 3730 Apostolus
2703 3657 2772 3720 ¹⁸,
2796 3663 2853 3713 ει
2896 3657 2951 3711 in
2979 3655 3235 3725 praesenti
3281 3653 3480 3724 gratia.
3514 3652 3630 3708 lloc

2046 3752 2167 3808 loco
2187 3752 2459 3804 virtutum
2490 3746 2713 3803 officina
2745 3756 2847 3814 est,
2880 3746 2938 3802 in
2985 3760 3095 3816 qua
3146 3742 3465 3815 huiusmodi
3514 3744 3628 3798 vita

2046 3842 2115 3897 ad
2160 3857 2428 3898 summam
2505 3840 2799 3913 quamdam
2868 3838 3239 3909 integritatem
3290 3852 3625 3908 progressa,

2045 3933 2302 3991 sordibus
2332 3941 2563 4005 purgata
2591 3941 2696 3988 est.
2732 3931 2904 3987 Multa
2929 3933 3092 3987 etiam
3126 3930 3230 3986 hoc
3254 3929 3374 3985 loco
3403 3944 3524 3984 cum
3557 3929 3630 3986 iis

2044 4031 2136 4097 qui
2172 4037 2374 4093 tacent,
2406 4036 2521 4084 tum
2550 4028 2685 4092 illis,
2732 4028 2824 4097 qui
2858 4027 3184 4096 loquuntur,
3231 4023 3510 4095 proposita
3541 4033 3629 4078 est

2045 4118 2304 4185 facultas,
2343 4125 2405 4173 ut
2429 4133 2499 4174 ex
2535 4116 2695 4173 factis
2735 4116 2872 4186 ipsis
2907 4115 3123 4171 cmlesti
3163 4114 3266 4171 hoc
3296 4115 3422 4170 vitae
3465 4113 3626 4168 insti-

2047 4221 2167 4269 tuto
2193 4212 2544 4279 erudiantur,
2579 4210 2843 4282 quoniam
2870 4208 3049 4264 oratio
3068 4208 3270 4273 omnis,
3308 4222 3429 4276 qua:
3460 4205 3637 4260 nullis.

2045 4304 2205 4360 factis
2238 4302 2526 4374 perspicua
2572 4308 2677 4366 est,
2723 4300 2828 4355 etsi
2875 4307 3097 4366 ornatu;
3119 4296 3288 4352 multo
3332 4296 3633 4366 perpolita,

2045 4399 2113 4454 ad
2166 4397 2479 4453 inanimatae
2525 4393 2780 4465 imaginis
2829 4391 3243 4450 similitudinem
3302 4402 3483 4458 prope
3529 4401 3626 4442 ac-

2045 4490 2248 4556 cessit,
2302 4487 2757 4560 liueamentisque
2806 4493 2863 4543 et
2916 4483 3197 4541 coloribus
3229 4481 3386 4552 quasi
3428 4480 3626 4535 floren-

2048 4589 2157 4636 tem
2211 4579 2454 4650 aliquam
2508 4578 2740 4635 formam
2793 4591 2905 4647 pra),
2936 4591 2997 4631 so
3043 4572 3201 4630 feret.
3235 4562 3489 4642 Namque
3530 4569 3625 4641 qui

2049 4672 2179 4729 facit
2227 4682 2283 4728 et
2314 4674 2508 4736 docet,
2542 4680 2602 4726 ut
2630 4669 2867 4742 quodam
2902 4669 3024 4723 loco
3050 4676 3136 4725 est
3166 4667 3220 4721 in
3250 4661 3625 4736 Evangelio“,

2048 4767 2139 4822 hic
2201 4780 2329 4822 vere
2371 4765 2534 4821 homo
2576 4772 2632 4819 et
2676 4759 3084 4834 pulchritudine
3131 4757 3383 4828 insignis.
3434 4757 3625 4824 Itaque

2048 4857 2139 4912 hic
2169 4855 2218 4912 ei
2255 4852 2690 4925 frequentandus
2712 4860 2816 4918 est,
2843 4850 2962 4922 qui,
2991 4859 3053 4904 ut
3075 4848 3269 4903 litterae
3298 4846 3622 4915 loquuntur,
3671 4841 3681 4851 '

2045 4950 2416 5022 virginitatem
2448 4946 2523 5003 sit
2570 4944 3037 5016 apprehensurus.
3077 4937 3150 4995 Ut
3193 4938 3339 4995 enim
3373 4937 3468 5009 qui
3524 4935 3625 4990 ali-

2046 5042 2207 5113 cujus
2234 5039 2478 5096 nationis
2505 5052 2812 5095 sermonem
2847 5036 3063 5092 discere
3104 5031 3364 5096 instituit,
3396 5028 3626 5084 minime

2049 5151 2149 5207 per
2170 5149 2230 5191 se
2264 5133 2402 5189 satis
2430 5140 2537 5196 est,
2572 5138 2685 5186 uta
2719 5143 2779 5185 se
2806 5129 2923 5199 ipse
2955 5126 3262 5187 erudiatur,
3298 5121 3397 5179 sed
3430 5119 3499 5176 ab
3525 5120 3620 5183 iis,

2051 5229 2144 5298 qui
2173 5225 2322 5281 illius
2352 5224 2624 5280 sermonis
2673 5222 2833 5293 periti
2883 5229 3010 5276 sunt
3061 5215 3412 5282 instituitur,
3456 5222 3625 5283 atquc

2047 5319 2156 5374 hoc
2184 5325 2347 5389 pacto
2381 5315 2532 5370 brevi
2557 5329 2622 5369 ex
2655 5310 2912 5367 audiendi
2938 5306 3340 5365 consuetudine
3367 5317 3622 5376 progres-

2048 5424 2168 5478 sus,
2228 5404 2505 5480 peregrini
2554 5401 2828 5461 sermonis
2877 5398 3153 5472 particeps
3197 5395 3478 5454 efﬁcitur:
3537 5391 3622 5449 sic

2049 5501 2267 5574 opinor,
2296 5499 2342 5556 si
2369 5498 2490 5554 hate
2518 5496 2628 5552 vita
2680 5508 2790 5550 non
2840 5500 3051 5548 natura:
3100 5490 3189 5547 via
3237 5484 3617 5561 progreditur,

2030 5592 2145 5652 sed
2180 5606 2324 5651 novo
2352 5589 2592 5666 quodam
2632 5585 2886 5645 instituto
2927 5582 3167 5651 aberrat,
3204 5595 3326 5639 eam
3376 5574 3619 5651 perfecte
