4072 6156
456 344 562 405 ιθἸ

1675 345 1732 404 S.
1790 342 2114 401 GREGORII
2166 341 2463 398 NYSSENI

3590 336 3699 392 608

461 477 490 514 a
541 456 758 514 nemine
800 473 960 529 posse
1019 457 1242 529 percipi,
1297 458 1404 514 nisi
1450 457 1661 528 Optimo
1710 458 1827 514 viro
1879 457 2018 514 duce

2125 457 2213 526 ἀφ’
2246 453 2441 509 ἑαυτοῦ
2479 452 2890 524 κατεπιχειροίη
2934 450 3029 505 τοῦ
3078 451 3432 522 πράγματος·
3483 449 3546 504 οὐ
3586 451 3698 521 γὰρ

462 557 680 606 utatur:
717 559 879 620 atque
925 550 1030 603 alia
1083 551 1288 614 omnia,
1343 565 1682 621 quaecunque
1725 549 1855 604 huic
1898 550 2022 604 vita:

457 642 638 696 studia
667 641 944 710 proposita
986 648 1136 705 sunt,
1180 640 1383 696 rectius
1413 641 1479 696 ab
1514 656 1580 696 eo
1609 640 2019 710 perficerentur,

461 733 551 801 qui
583 734 691 787 illis
710 733 927 788 deditus
963 741 1069 798 est,
1105 733 1151 788 si
1200 749 1230 786 a
1271 735 1590 789 doctoribus
1633 733 2021 805 magistrisque

463 821 743 878 scientiam
778 823 994 877 illarum
1023 839 1202 878 rerum
1225 825 1550 894 perciperet,
1583 837 1812 893 quarum
1842 821 2022 876 studio

459 925 712 978 tenetur,
768 929 932 984 quam
981 914 1025 968 si
1072 931 1169 986 per
1212 930 1272 971 se
1323 915 1391 969 ad
1445 931 1558 969 rem
1612 913 2018 984 aggrederetur.

458 1003 573 1058 Non
607 1006 751 1060 enim
783 1005 1134 1075 perSpicuum
1165 1015 1248 1061 est
1280 1005 1588 1060 institutum
1625 1004 1792 1069 istud,
1837 1004 1917 1060 sic
1961 1011 2022 1058 ut

457 1110 684 1152 necesse
722 1097 794 1151 sit
829 1096 1096 1167 judicium
1127 1112 1316 1152 eorum
1359 1112 1481 1168 qua:
1529 1098 1582 1151 in
1613 1113 1728 1152 rem
1773 1106 2022 1150 nostram

459 1197 639 1250 futura
669 1201 818 1260 sunt,
861 1194 1021 1250 nobis
1057 1195 1406 1264 permittere:
1451 1190 1890 1262 quandoquidem
1937 1205 2022 1245 re-

458 1304 578 1343 rum
605 1291 914 1359 ignotarum
947 1287 1336 1357 experientiam
1386 1293 1597 1341 tentare
1637 1282 1883 1353 periculo
1913 1298 2022 1336 non

456 1391 624 1436 mret.
653 1379 1122 1446 Quemadmodum
1158 1379 1302 1433 enim
1331 1375 1840 1444 medicinam‘prius
1868 1373 2022 1428 incoo

456 1474 661 1545 gnitam
692 1489 758 1528 ex
791 1489 891 1528 usu
921 1488 1103 1528 rerum
1136 1471 1386 1526 homines
1411 1470 1757 1533 invenerunt,
1789 1467 2022 1537 quibus-

455 1567 693 1634 damque
722 1561 1196 1620 observationibus
1227 1561 1347 1630 ejus
1379 1567 1652 1630 praecepta
1687 1558 1836 1614 brevi
1867 1565 2021 1626 pate-

454 1662 726 1722 fecerunt,
748 1664 807 1711 ιιι
831 1671 952 1711 eum
981 1668 1186 1717 rerum,
1219 1667 1448 1722 quarum
1480 1651 1782 1722 periculum
1816 1649 2020 1704 factum

455 1761 559 1816 est,
596 1749 849 1819 exemplo
878 1755 1025 1803 esset
1049 1747 1328 1816 cognitum
1367 1743 1494 1814 quid
1525 1741 1831 1814 prodesset,
1861 1738 2023 1810 quid-

2124 548 2350 619 ὲναργές
2381 548 2497 600 ἐστι
2525 545 2586 600 τδ
2615 544 2948 616 ἐπιτήδευμα
2973 543 3154 608 τοῦτο,
3195 542 3339 596 ὥστε
3371 545 3492 596 κατ’
3519 541 3695 610 ἀνάγ-

2123 657 2227 711 κην
2266 640 2475 702 ἑαυτοῖς
2508 637 2824 707 ἐπιτρέπειν
2860 637 2969 689 τῶν
2995 634 3417 689 λυσιτελούντων
3445 635 3542 706 τὴν
3573 634 3698 706 κρί-

2125 745 2206 782 σιν
2229 747 2242 760 ⁸
2273 730 2360 782 ὅτε
2384 729 2446 799 δὴ
2476 729 2570 782 καὶ
2593 729 2653 781 τὸ
2681 728 3024 798 κατατολμᾷν
3059 727 3158 798 τῆς
3181 727 3289 780 τῶν
3314 727 3699 797 ἀγνοουμένων

2125 821 2317 891 πείρας
2337 821 2436 873 οὐκ
2453 819 2557 884 ἔξω
2579 819 2824 872 κινδύνου
2852 818 3196 872 καθίσταται.
3221 817 3488 889 Καθάπερ
3512 818 3570 870 δὲ
3592 819 3700 889 τὴν

2127 911 2373 981 ἰατρικὴν
2400 910 2663 981 πρότερον
2705 909 3074 980 ἀγνοουμένην
3113 908 3202 962 διὰ
3231 908 3332 978 τῆς
3375 908 3570 980 πείρας
3603 908 3698 974 ἐξ·

2123 1000 2280 1070 εὗρον
2316 1002 2363 1054 οἱ
2391 999 2686 1071 ἄνθρωποι,
2734 999 3164 1071 παρατηρήμασί
3208 1015 3318 1052 τισι
3367 999 3485 1052 κατ’
3514 999 3702 1066 ὀλίγον

2125 1090 2577 1160 ὲκκαλυφθεῖσαν,
2603 1089 2744 1143 ὥστε
2770 1090 2866 1143 καὶ
2895 1091 2956 1143 τὸ
2981 1089 3223 1157 ὠφελοῦν
3251 1091 3344 1143 καὶ
3369 1091 3431 1143 τδ
3457 1089 3698 1160 βλάπτον

2121 1182 2211 1236 διὰ
2250 1182 2350 1252 τῆς
2381 1181 2489 1235 τῶν
2531 1181 2946 1252 πεπειραμένων
2991 1181 3296 1253 μαρτυρίας
3338 1182 3695 1248 ἐπιγνωσθὲν.

2121 1273 2293 1336 οὕτως
2319 1274 2400 1335 είς
2442 1272 2532 1325 τὸν
2556 1273 2655 1342 τῆς
2687 1271 2880 1342 τέχνης
2913 1271 3070 1340 λόγον
3113 1271 3556 1342 παραληφθῆναι,
3599 1273 3698 1325 καὶ

2123 1364 2487 1437 παράγγελμα
2517 1363 2654 1434 πρὸς
2686 1364 2748 1417 τὺ
2796 1363 2988 1433 μέλλον
3029 1364 3091 1416 τὸ
3143 1363 3536 1434 παρατηρηθὲν
3583 1365 3700 1426 τοῖς

2124 1457 2453 1530 προλαϐοῦσι
2471 1455 2712 1526 γίνεσθαι
2735 1473 2748 1486 ο
2781 1454 2876 1509 νῦν
2899 1455 2958 1508 δὲ
2980 1455 3009 1507 ὁ
3045 1453 3182 1522 πρὸς
3208 1455 3308 1526 τὴν
3341 1454 3537 1526 τέχνην
3566 1455 3702 1509 ταύ-

2121 1563 2221 1617 την
2252 1546 2621 1609 ἐσπουδακὼς,
2665 1545 2766 1599 οὐκ
2811 1545 2926 1616 ἔχει
2956 1544 3200 1614 ἀνάγκην
3244 1547 3311 1616 τῇ
3347 1545 3468 1599 καθ’
3505 1546 3701 1599 ἑαυτὸν

2121 1636 2287 1708 πείρᾳ
2313 1633 2688 1705 διαγινώσκειν
2718 1633 2826 1688 τῶν
2854 1634 3162 1705 φαρμάκων
3189 1633 3288 1704 τὴν
3310 1633 3560 1704 δύναμιν,
3587 1637 3699 1687 εῑτε

2121 1727 2460 1798 δηλητήριον,
2478 1725 2587 1778 είτε
2617 1724 2955 1796 ἀλεξιτήριόν
2975 1725 3026 1777 τί
3052 1725 3200 1778 ἐστιν
3218 1742 3232 1755 ·
3271 1723 3408 1778 ἀλλά
3435 1725 3503 1777 τὸ.
3527 1727 3701 1794 ἐγνω-

454 1859 520 1898 νε
544 1850 788 1905 noceret,
829 1839 883 1894 id
922 1840 1026 1892 hoc
1065 1838 1227 1891 modo
1260 1837 1315 1890 in
1359 1836 1495 1889 artis
1541 1834 1811 1888 rationem
1859 1832 2017 1886 reda-

2125 1817 2293 1888 σμένα
2325 1818 2456 1889 παρ’
2483 1815 2683 1888 ἑτέρων
2714 1815 2920 1887 μαθὼν,
2942 1815 3104 1880 αὐτὸς
3131 1817 3230 1887 τὴν
3245 1817 3442 1888 τέχνην
3478 1817 3703 1890 κατώρ-

454 1942 600 1987 ctum
637 1933 707 1987 sit
732 1973 746 1996 ,
781 1930 996 2001 quodve
1023 1943 1053 1981 a
1079 1927 1378 1997 majoribus
1405 1941 1468 1980 ea
1502 1924 1570 1980 de
1598 1940 1657 1979 re
1690 1930 2021 1994 praeceptum

454 2026 578 2090 fuit,
613 2024 664 2078 id
693 2025 764 2079 sit
789 2030 978 2093 postea
1007 2020 1297 2091 diligenter
1322 2019 1692 2081 observatum,
1716 2031 1866 2070 nunc
1894 2030 2023 2070 vero

452 2118 544 2186 qui
577 2116 641 2168 ad
676 2116 816 2169 hanc
855 2121 1029 2167 artem
1059 2128 1117 2166 se
1149 2111 1400 2175 contulit,
1446 2126 1554 2165 non
1595 2123 1821 2164 necesse
1861 2107 2024 2162 habet

453 2223 554 2264 sao
605 2206 848 2276 periculo
916 2203 1439 2258 medicamentorum
1496 2202 1604 2255 vim
1669 2212 2021 2270 cognoscere,

452 2313 584 2352 num
611 2309 883 2350 venenum
909 2293 1000 2355 sit,
1037 2308 1106 2346 an
1139 2293 1461 2357 remedium,
1495 2291 1588 2347 sed
1631 2291 1880 2359 cognitas
1933 2302 2023 2343 res

452 2403 575 2441 eum
607 2388 677 2440 ab
705 2387 814 2440 alio
844 2385 1043 2446 discat,
1077 2385 1195 2453 ipse
1243 2382 1493 2440 medendi
1525 2397 1752 2436 munere
1782 2381 2024 2452 perfecte

452 2479 746 2550 fungetur:
777 2477 892 2547 pari
928 2477 1138 2530 ratione
1167 2475 1234 2530 de
1272 2476 1581 2530 animorum
1614 2473 1885 2528 medicina
1933 2473 2022 2527 di-

451 2573 682 2626 cendum
711 2577 816 2624 est.
851 2568 976 2623 Haec
1011 2576 1194 2622 autem
1246 2566 1595 2638 phil050phia
1643 2574 1752 2631 est,
1800 2581 1866 2620 ex
1917 2580 2025 2634 qua

451 2662 633 2716 omnis
663 2661 991 2725 affectionis,
1041 2676 1161 2729 qua:
1195 2661 1436 2714 animum
1488 2659 1730 2729 attingit,
1785 2658 2026 2712 curatio-

451 2768 577 2806 nem
613 2752 1000 2820 cognovimus.
1052 2749 1173 2804 Non
1224 2763 1449 2804 necesse
1494 2749 1664 2819 igitur
1696 2755 1800 2812 est,
1839 2748 2026 2817 conje-

453 2841 628 2895 cturis
663 2839 992 2910 quibusdam
1039 2846 1205 2910 atque
1247 2838 1809 2894 commentationibus
1843 2839 2026 2894 scien-

453 2935 585 2986 tiam
618 2933 896 3002 pcrsequi,
926 2931 1021 2986 sed
1063 2931 1394 3002 cognitionis
1431 2931 1553 3000 ejus
1587 2932 1822 2987 facultas
1855 2930 2026 2985 multa

455 3026 510 3076 in
569 3039 634 3077 eo
684 3031 810 3088 est,
862 3024 955 3093 qui
1011 3023 1271 3078 diuturna
1338 3024 1575 3078 multave
1629 3025 2026 3080 consuetudine

453 3115 686 3184 adeptus
713 3123 797 3167 est
835 3113 1105 3168 habitum.
1147 3110 1464 3166 Periculosa
1499 3120 1582 3166 est
1614 3112 1759 3167 enim
1785 3113 2024 3182 plerum-

451 3220 559 3274 que
585 3205 752 3260 velin
807 3203 955 3257 omni
1008 3202 1228 3272 negotio
1275 3202 1634 3257 consiliorum
1685 3203 2022 3257 moderatrix

455 3297 830 3352 adolescentia
859 3336 873 3360 ,
907 3306 1087 3364 neque
1149 3293 1310 3348 facile
1343 3295 1618 3366 quispiam
1675 3293 1883 3365 aliquid
1930 3308 2023 3348 ea-

455 3405 574 3442 rum
621 3403 804 3442 rcrum
854 3401 974 3456 quae
1005 3385 1188 3440 studio
1217 3385 1394 3454 dignae
1425 3394 1576 3450 sunt,
1639 3393 1788 3440 recte
1839 3385 1908 3438 ab
1958 3399 2023 3438 eo

453 3479 657 3534 factum
693 3479 981 3549 comperit,
1009 3494 1039 3532 a
1069 3495 1179 3550 quo
1216 3493 1326 3533 non
1365 3486 1450 3534 est
1488 3484 1748 3534 senectus
1790 3476 1845 3531 in
1892 3491 2025 3530 con-

452 3572 560 3626 silii
592 3572 910 3626 societatem
942 3572 1185 3626 adhibita
1214 3591 1227 3627 :
1265 3579 1472 3642 quanto
1503 3570 1651 3626 enim
1683 3569 1828 3640 quod
1864 3569 2024 3624 nobis

453 3664 789 3732 propositum
820 3672 924 3726 est,
957 3663 1186 3734 reliquis
1215 3663 1417 3718 studiis
1466 3662 1686 3733 gravius
1738 3660 2026 3730 majusque

452 3763 715 3824 apparet,
768 3761 922 3809 tanto
969 3755 1290 3824 diligentius
1334 3768 1436 3808 nos
1483 3752 1784 3823 periculum
1833 3766 2028 3806 cavere

452 3846 734 3899 debemus.
778 3845 912 3898 Nam
947 3845 1314 3900 adolescentia
1337 3845 1582 3914 quidem,
1605 3859 1728 3913 qua:
1755 3859 1862 3898 non
1891 3859 2026 3898 cou-

455 3937 580 3989 silio
619 3937 858 4005 regitur,
909 3937 962 3988 in
1021 3936 1249 4003 reliquis
1303 3935 1468 3988 rebus
1525 3942 1621 3988 aut
1673 3934 2026 3989 facultatibus

454 4027 569 4079 suis
615 4025 872 4078 damnum
937 4027 1292 4095 importavit,
1345 4035 1440 4079 aut
1485 4025 1668 4095 aliquo
1739 4026 2030 4080 mundana:

456 4118 636 4173 laudis
668 4118 962 4186 splendore
1006 4127 1100 4172 aut
1129 4117 1398 4188 dignitate
1429 4118 1659 4187 spoliata
1695 4127 1816 4173 est:
1850 4118 2026 4172 inliac

455 4223 584 4263 vero
610 4209 912 4280 cupiditate
952 4224 1147 4280 magna
1182 4211 1277 4264 illa
1308 4210 1529 4280 quidem
1575 4225 1640 4266 ac
1677 4209 1885 4273 divina,
1916 4225 2025 4265 non

453 4302 701 4371 pecunize
736 4303 790 4353 in
841 4301 1146 4370 periculum
1182 4302 1432 4365 veniunt,
1494 4317 1603 4356 non
1639 4301 1810 4372 gloria
1861 4317 2022 4354 muti-

452 4397 613 4458 daua,
649 4395 812 4449 unius
845 4394 950 4450 diei
989 4396 1167 4468 spatio
1192 4394 1475 4461 deficiens,
1509 4410 1616 4449 non
1641 4395 1761 4448 alia:
1793 4394 2027 4464 denique

2123 1909 2264 1962 θωσε
2285 1926 2298 1938 ·
2318 1909 2407 1962 τὸν
2437 1908 2598 1962 αὐτὸν
2619 1908 2820 1980 τρόπον
2849 1910 2942 1962 καὶ
2963 1909 3062 1980 τῆς
3087 1909 3194 1962 τῶν
3215 1909 3402 1980 ψυχῶν
3425 1911 3698 1980 ἰατρικῆς,

2121 2002 2221 2074 τῆς
2243 2002 2556 2072 φιλοσοφίας
2575 2001 2737 2071 λέγω,
2751 2001 2818 2054 δι’
2836 1997 2904 2072 ἧς
2924 2002 3123 2066 παντὸς
3143 2002 3350 2066 πάθους
3363 2001 3459 2055 τοῦ
3483 2003 3582 2072 τῆς
3597 2002 3704 2071 ψυ-

2123 2095 2227 2166 χῆς
2257 2093 2560 2166 ἁπτομένου
2592 2094 2688 2165 τὴν
2711 2093 3006 2166 θεραπείαν
3040 2095 3402 2166 μανθάνομεν,
3428 2095 3528 2148 οὐκ
3551 2095 3702 2150 ἔστιν

2123 2187 2338 2257 ἀνάγκη
2371 2189 2696 2257 ποχασμοίς
2726 2202 2832 2239 τισι
2872 2187 2966 2239 καὶ
3009 2186 3285 2250 ὑπονοίαις
3325 2188 3566 2257 μετιέναι
3598 2187 3702 2258 τὴν

2123 2280 2452 2349 ἐπιστήμην,
2500 2278 2611 2332 ἀλλ’
2642 2279 2866 2346 ἐξουσία
2905 2278 3073 2348 πολλὴ
3105 2279 3204 2350 τῆς
3231 2279 3518 2350 μαθήσεως
3549 2281 3702 2351 παρά

2124 2373 2216 2424 τοῦ
2245 2372 2334 2425 διὰ
2360 2373 2574 2442 μακρᾶς
2607 2389 2667 2424 τε
2710 2373 2804 2425 καὶ
2838 2372 3038 2442 πολλῆς
3062 2372 3162 2442 τῆς
3193 2372 3386 2444 πείρας
3418 2373 3701 2444 κτησαμέ-

2125 2483 2216 2519 νου
2239 2465 2336 2537 τὴν
2362 2466 2494 2531 ἕξιν.
2543 2466 2699 2518 Ἔστι
2731 2465 2830 2534 μὲν
2870 2465 2978 2536 γάρ
3001 2465 3076 2529 ὡς
3119 2465 3212 2518 ἐπὶ
3241 2465 3300 2518 τὸ
3323 2466 3457 2519 πολὺ
3485 2467 3576 2518 καὶ
3607 2466 3705 2518 ἐπὶ

2125 2557 2324 2620 παντὸς
2356 2557 2680 2629 πράγματος
2706 2555 3007 2628 σύμϐουλος
3057 2559 3090 2628 ἠ
3131 2557 3340 2628 νεότης,
3384 2557 3478 2610 καὶ
3509 2557 3610 2610 οὐκ
3635 2555 3705 2610 ἄν

2123 2666 2206 2713 τις
2225 2648 2374 2720 εὖροι
2397 2649 2593 2720 ῥαδίως
2615 2649 3046 2720 κατωρθωμένον
3059 2666 3112 2702 τι
3133 2649 3240 2702 τῶν
3263 2649 3496 2718 σπουδῆς
3510 2649 3703 2715 ἀξίων,

2124 2735 2170 2808 ᾧ
2198 2740 2273 2810 μὴ
2302 2740 2463 2794 πολιὰ
2487 2741 2924 2811 συμπαρελήφθη
2953 2740 3089 2812 πρὸς
3107 2741 3388 2795 κοινωνίαν
3403 2741 3499 2794 τοῦ
3531 2743 3706 2811 σκέμ-

2128 2847 2324 2901 ματοςο
2351 2832 2463 2902 ὅσῳ
2499 2831 2554 2884 δέ
2590 2832 2773 2902 μεῖζον
2801 2832 2907 2885 τῶν
2953 2833 3154 2886 λοιπῶν
3190 2833 3638 2905 ἐπιτηδευμάτων
3673 2834 3706 2886 δ

2124 2923 2482 2994 προκείμενος
2528 2926 2641 2987 τοῖς
2685 2924 2959 2994 μετιοῦσιν
3003 2927 3119 2979 ἐστι
3171 2925 3404 2991 σκοπὸς,
3462 2926 3704 2994 τοσούτῳ

2125 3019 2220 3073 καὶ
2269 3018 2468 3089 μᾶλλον
2508 3018 2832 3089 προνοητέον
2873 3020 3004 3090 ἡμῖν
3047 3019 3147 3088 τῆς
3187 3019 3488 3089 ἀσφαλείας
3531 3020 3702 3075 ἐστίν.

2139 3109 2262 3161 Ἐπὶ
2295 3109 2395 3178 μὲν
2440 3109 2548 3179 γὰρ
2581 3109 2688 3163 τῶν
2719 3110 2921 3164 λοιπῶν
2959 3111 2992 3181 ἡ
3027 3111 3214 3182 νεότης
3258 3113 3318 3164 οὐ
3358 3112 3500 3166 κατὰ
3541 3112 3705 3182 λόγον

2124 3199 2468 3272 διοικουμένη
2505 3202 2585 3265 είς
2630 3203 2890 3273 χρήματα
2924 3203 3141 3267 πάντως
3171 3203 3269 3275 τὴν
3310 3203 3514 3276 ζημίαν
3538 3206 3705 3276 ἤνεγ-

2125 3306 2241 3357 κεν,
2275 3294 2308 3364 ἦ
2339 3311 2482 3358 τινος
2506 3296 2778 3365 κοσμικῆς
2803 3298 3176 3368 περιφανείας,
3207 3297 3240 3368 ἢ
3272 3299 3364 3351 καὶ
3390 3298 3703 3370 ἀξιώματος

2124 3387 2378 3440 ἐκπεσεῖν
2409 3388 2822 3458 κατηνάγκασεν
2847 3405 2862 3420 ⁸
2893 3391 2984 3442 ἐπὶ
3015 3390 3071 3444 δέ
3102 3392 3201 3461 τῆς
3235 3392 3475 3461 μεγάλης
3513 3409 3571 3444 τε
3603 3393 3703 3446 καὶ

2127 3476 2340 3547 ὑψηλῆς
2367 3477 2567 3548 ταύτης
2597 3478 2909 3548 ἐπιθυμίας,
2943 3481 3005 3533 οὐ
3028 3482 3281 3552 χρήματα
3307 3481 3371 3534 τὸ
3395 3481 3702 3536 κινδυνευό-

2130 3567 2286 3635 μενόν
2317 3569 2483 3634 ἐστιν,
2537 3568 2652 3622 οὐδὲ
2682 3569 2810 3632 δόξα
2856 3570 3096 3641 κοσμικὴ
3126 3572 3223 3624 καὶ
3257 3572 3554 3644 ἐφήμερος,
3587 3573 3700 3626 οὐδ’

2126 3658 2254 3712 ἀλλο
2280 3676 2333 3712 τι
2357 3660 2465 3713 τῶν
2485 3659 2684 3724 ἔξωθεν
2715 3663 2846 3732 ἡμῖν
2878 3649 3297 3735 παρεπομένων,
3329 3658 3405 3718 ὧν
3431 3667 3526 3719 καὶ
3556 3665 3703 3719 κατά

2126 3751 2370 3822 γνώμην,
2423 3754 2514 3806 καὶ
2555 3753 2630 3816 ὼς
2682 3754 2882 3824 ἑτέρως
2934 3755 3314 3827 διοικουμένων
3361 3758 3538 3827 ὀλίγος
3585 3761 3702 3822 τοῖς

2129 3843 2498 3913 σωφρονοῦσιν
2524 3845 2553 3897 ὁ
2581 3844 2762 3914 λόγος·
2794 3845 2907 3899 ἀλλ’
2937 3848 3104 3918 αὐτῆς
3139 3848 3376 3903 ἅπτεται
3393 3851 3493 3921 τῆς
3518 3850 3701 3921 ψυχῆς

2127 3937 2159 4006 ἡ
2189 3935 2432 4000 ἀϐουλία,
2460 3938 2553 3990 καὶ
2575 3940 2603 3991 ὁ
2623 3938 2864 4002 κίνδυνος
2893 3939 2992 4007 τῆς
3013 3940 3267 4011 τοιαύτης
3303 3941 3507 4013 ζημίας
3525 3944 3698 4010 ἐστὶν,

2126 4029 2188 4080 οὐ
2217 4029 2277 4080 τὸ
2309 4029 2435 4083 ἀλλο
2459 4047 2510 4082 τι
2537 4031 2898 4102 ζημιωθῆναι,
2928 4025 2990 4086 οὗ
3027 4034 3189 4104 τυχὸν
3223 4035 3316 4088 καὶ⁸
3344 4035 3540 4106 δυνατὴ
3569 4036 3698 4105 φαία

2126 4136 2277 4172 νεται
2303 4121 2338 4187 ἡ
2383 4121 2740 4190 ἐπανάληψις,
2787 4123 2921 4176 ἀλλά
2959 4123 3040 4184 τὸ,
3071 4126 3230 4178 αὐτὸν
3275 4127 3569 4180 ἀπολέσθαι
3604 4129 3700 4181 καὶ

2129 4211 2471 4281 ζημιωθῆναι
2515 4214 2614 4282 τὴν
2659 4214 2836 4285 ψυχὴν
2878 4215 2978 4287 τὴν
3011 4217 3166 4272 ἰδίαν.
3243 4219 3299 4271 '0
3328 4217 3426 4288 μὲν
3467 4219 3575 4289 γάρ
3599 4220 3699 4290 τὴν

2129 4303 2387 4373 πατρῴαν
2421 4305 2810 4369 καταναλώσας
2845 4308 3052 4373 οὐσίαν,
3087 4311 3190 4362 οὐκ
3218 4311 3508 4376 ἀπελπίζει
3537 4314 3700 4384 τυχὸν

2131 4395 2395 4457 ἐπινοίαις
2443 4397 2551 4448 τισὶ
2601 4397 2764 4451 πάλιν
2811 4400 2903 4452 ἐπὶ
2955 4388 3054 4471 τὴν
3105 4402 3338 4472 ἀρχαίαν
3385 4405 3700 4458 ἐπανελθεῖν

452 4487 576 4539 ulla:
625 4501 737 4547 res,
794 4500 915 4553 quae
966 4484 1187 4539 aliunde
1240 4500 1342 4539 nos
1388 4493 1844 4554 consequuntur:
1887 4499 2022 4553 quas

2129 4485 2420 4555 εὐπορίαν,
2465 4486 2569 4548 ἕως
2612 4485 2678 4540 ἂν
2711 4488 2767 4540 ἐν
2799 4491 2910 4551 τοῖς
2943 4487 3205 4563 ζῶσιν
3257 4492 3284 4543 ὁ
3325 4491 3381 4545 δὲ
3421 4493 3520 4562 τῆς
3551 4493 3701 4563 ζωῆς

448 4577 671 4650 quidem
707 4592 798 4632 res
827 4591 927 4646 ego
960 4592 1099 4631 sane
1137 4576 1403 4645 despicio,
1431 4577 1794 4646 exiguamque
1825 4577 2022 4630 harum

450 4683 710 4741 tanquam
733 4673 1078 4725 extrinsecus
1095 4671 1428 4724 venientium
1453 4669 1726 4723 rationem
1754 4669 2022 4725 moderati

447 4778 514 4818 ac
545 4769 915 4832 temperantes
965 4760 1219 4816 homines
1260 4760 1508 4815 habent:
1555 4759 1651 4816 sed
1693 4761 1909 4815 consilii
1941 4769 2022 4816 te-

447 4856 672 4908 meritas
726 4855 904 4922 ipsum
947 4853 1188 4906 animum
1243 4863 1594 4908 commovet:
1647 4861 1814 4922 atque
1856 4851 2020 4921 hujus

448 4947 761 5000 detrimenti
817 4945 1134 5012 periculum,
1164 4952 1282 5007 est,
1341 4959 1450 4998 non
1509 4945 1660 4999 illius
1698 4960 1852 5008 sane,
1909 4959 2020 5014 quo

447 5053 572 5091 cum
606 5039 731 5106 quis
764 5036 1014 5098 adicitur,
1055 5035 1289 5090 fortasse
1336 5035 1448 5090 fieri
1490 5051 1651 5108 posse
1695 5036 1928 5100 videtur,
1963 5041 2024 5088 ut

459 5129 596 5184 illud
638 5131 814 5199 ipsum
852 5130 1133 5192 resarciat,
1185 5129 1277 5182 sed
1310 5128 1438 5181 illud
1484 5129 1738 5197 quidem,
1771 5138 1830 5182 ut
1862 5145 1931 5183 ne
1962 5143 2021 5183 se

445 5222 625 5291 ipsum
654 5223 777 5290 quis
806 5221 1018 5291 perdat,
1051 5233 1214 5289 atque
1243 5222 1440 5274 anima:
1470 5236 1582 5276 suae
1608 5221 1868 5274 damnum
1905 5222 2008 5274 im-

447 5320 643 5381 portet.
694 5313 796 5378 Qui
849 5315 994 5367 enim
1047 5314 1224 5383 patria
1277 5313 1420 5367 bona
1472 5314 1855 5382 consumpsit,
1908 5329 2016 5367 non

445 5405 684 5458 fortasse
707 5406 980 5473 desperat,
1017 5405 1258 5474 quandiu
1303 5405 1356 5459 in
1400 5405 1506 5459 vita
1544 5415 1649 5467 est,
1686 5404 2017 5476 quibusdam

445 5494 710 5550 adhibitis
755 5496 1182 5566 cOgitationibus
1211 5538 1226 5562 ,
1274 5512 1335 5551 se
1386 5496 1454 5550 ad
1510 5496 1771 5565 pristinas
1819 5511 2015 5552 rursus

445 5600 610 5654 posse
638 5588 924 5653 pervenire
951 5587 1220 5642 bonorum
1264 5588 1492 5658 copias:
1535 5587 1629 5657 qui
1669 5602 1801 5643 vero
1847 5602 1876 5640 a
1906 5589 2018 5647 vita

445 5677 566 5744 ipsa
593 5677 814 5743 cecidit,
847 5694 1062 5735 omnem
1109 5681 1275 5734 simul
1321 5696 1472 5748 spem
1522 5680 1714 5750 abjicit
1752 5695 1913 5750 posse
1959 5697 2016 5737 se

444 5768 515 5822 ad
543 5767 766 5823 meliora
801 5769 998 5828 redire.
1031 5770 1236 5843 itaque,
1260 5772 1520 5842 quoniam
1555 5772 1933 5830 adolescentes
1963 5782 2016 5828 et

2130 4576 2331 4648 ταύτης
2359 4576 2626 4642 ἐκπεσὼν,
2658 4581 2835 4634 πᾶσαν
2857 4581 3045 4634 ἐλπίδα
3072 4583 3170 4654 τῆς
3203 4584 3338 4655 πρὸς
3364 4584 3426 4637 τὸ
3455 4588 3701 4656 κρεῖττον

2132 4666 2433 4738 μεταϐολῆς
2464 4668 2859 4740 συναφῄρηται.
2893 4671 3102 4727 Οὐκοῦν
3130 4675 3320 4745 ἐπειδὴ
3347 4676 3458 4730 νέοι
3490 4675 3570 4730 ἔτι
3604 4677 3701 4730 καὶ

2128 4759 2336 4822 ἀτελεῖς
2365 4758 2462 4829 τὴν
2502 4758 2737 4814 διάνοιαν
2783 4762 2832 4815 οί
2865 4763 3050 4816 πολλοὶ
3078 4764 3176 4835 τῆς
3222 4765 3520 4836 παρθενίας
3546 4768 3696 4821 ἀντιο

2125 4851 2513 4922 λαμϐάνονται,
2544 4851 2703 4904 τοῦτο
2733 4853 2838 4922 πρὸ
2871 4855 3083 4909 πάντων
3113 4856 3294 4920 αὐτοῖς
3319 4858 3700 4929 ἐπιτηδευτέον

2127 4942 2191 5002 ἂν
2223 4943 2332 5013 εἴη,
2365 4944 2425 4996 τὸ
2451 4942 2684 5014 ζητῆσαι
2715 4944 2815 5014 τῆς
2835 4945 2956 4999 ὁδοῦ
2980 4946 3181 5018 ταύτης
3209 4949 3618 5021 καθηγούμενόν
3636 4969 3700 5004 τε

2127 5037 2221 5089 καὶ
2256 5035 2575 5093 διδάσκαλον
2601 5038 2825 5105 ἀγαθὸν,
2865 5041 2938 5111 μή
2979 5058 3082 5094 που
3113 5041 3200 5095 διὰ
3223 5042 3321 5113 τὴν
3348 5044 3570 5112 ἄγνοιαν
3598 5044 3700 5116 τὴν

2125 5122 2288 5180 οὖσαν
2321 5129 2379 5180 ἐν
2421 5127 2637 5194 αὐτοῖς,
2665 5129 2880 5192 ἀνοδίας
2920 5129 3074 5195 τινάς
3107 5134 3202 5186 καὶ
3248 5133 3454 5196 πλάνας
3484 5135 3702 5198 ἑαυτοῖς

2124 5219 2232 5271 ἀπὸ
2263 5219 2361 5289 τῆς
2409 5220 2623 5284 εὐθείας
2658 5223 3147 5292 καινοτομήσωσιν.
3208 5224 3428 5292 Ἀγαθοὶ
3465 5225 3575 5296 γάρ
3604 5226 3700 5280 δύο

2124 5313 2264 5384 ὑπὲρ
2313 5313 2404 5365 τὸν
2433 5313 2548 5378 ἕνα,
2599 5314 2761 5384 φησὶν
2794 5315 2822 5366 ὁ
2875 5314 3301 5386 Ἐκκλησιαστής
3325 5331 3339 5346 ⁸
3380 5316 3701 5386 εὐκαταγώ-

2127 5421 2304 5469 νιστος
2348 5404 2404 5457 δὲ
2433 5407 2461 5458 ὁ
2509 5399 2589 5467 εἷς
2626 5404 2703 5475 τῷ
2736 5406 2914 5476 ἐχθρῷ
2948 5406 3025 5476 τῷ
3064 5407 3206 5461 κατά
3244 5407 3344 5471 τὰς
3376 5407 3525 5472 θείας
3545 5410 3698 5474 ὁδοὺς

2127 5496 2460 5568 ἐνεδρεύοντι
2482 5511 2495 5525 ⁸
2530 5499 2623 5551 καὶ
2647 5498 2816 5561 ὅντως
2850 5518 2868 5550 ι
2897 5499 3033 5552 Οὐαὶ
3060 5499 3137 5569 τῷ
3162 5501 3240 5553 ἐνὶ
3262 5501 3390 5554 ὅταν
3421 5501 3586 5575 πέσῃ,
3615 5503 3697 5556 ὃτι

2127 5590 2225 5642 οὐκ
2257 5589 2369 5660 ἔχει
2395 5592 2486 5643 τὸν
2516 5589 2866 5660 ἀνορθοῦντα.
2900 5609 2918 5642 ι
2957 5591 3098 5660 Ἤδη
3126 5591 3234 5663 γάρ
3259 5610 3402 5657 τινες
3426 5595 3570 5664 ὁρμῇ
3599 5593 3699 5664 μὲν

2125 5680 2272 5751 δεξιᾷ
2296 5682 2429 5752 πρὸς
2449 5681 2545 5752 τὴν
2569 5681 2663 5736 τοῦ
2685 5682 2882 5751 σεμνοῦ
2910 5683 3022 5754 βίου
3051 5683 3347 5756 ἐπιθυμίαν
3369 5686 3690 5756 ἐχρῄσαντο·

2123 5777 2196 5840 ὡς
2223 5777 2275 5828 δὲ
2307 5775 2440 5846 ὁμοῦ
2463 5776 2538 5847 τῷ
2576 5775 2925 5850 προελέσθαι,
2979 5777 3070 5832 καὶ
3110 5778 3208 5852 τῆς
3243 5778 3572 5848 τελειότητος
3601 5779 3693 5845 ἐφ-
