4072 6156
334 303 440 361 ιοθ

1637 312 1728 369 DE
1756 313 2218 383 VIRGINITATE,

3497 316 3604 374 “0

330 424 621 494 αψάμενοι,
651 421 826 493 ἑτέρῳ
872 423 1123 495 πτώματι
1171 426 1259 481 διά
1301 426 1396 480 τοῦ
1434 428 1602 496 τύφου
1631 430 1918 484 ὐπεςκελί-

2031 439 2210 486 mente
2248 429 2464 485 infirma
2499 431 2744 500 plerique
2773 445 2833 487 se
2876 431 2943 485 ad
2985 431 3317 500 virginitatis
3360 432 3602 487 studium

336 516 565 586 σθησαν,
607 514 695 569 διά
727 531 872 578 τινος
914 517 1336 586 φρενοϐλαϐείας
1385 521 1612 584 ἑαυτοὺς
1644 522 1916 592 ἐξαπατή-

337 623 528 669 σαντες
576 608 754 660 ὲκείνο
803 608 1056 678 ἡγεῖσθαι
1106 609 1306 677 καλὸν,
1387 612 1472 680 ἐφ’
1526 612 1664 683 ὅπερ
1735 611 1916 666 αὐτῶν

340 700 367 768 η
417 697 629 751 διάνοια
681 698 840 770 seen.
908 700 1002 752 Ἐκ
1064 699 1269 754 τούτων
1327 701 1465 754 είσὶν
1511 705 1559 755 οἱ
1621 702 1774 774 παρά
1816 703 1918 771 τῆς

335 789 531 858 σοφίας
576 790 970 861 ὀνομασθέντες
1017 792 1243 861 ἀεργοὶ,
1300 794 1348 846 οί
1395 793 1495 857 τὰς
1546 793 1697 858 ὀδοὺς
1735 793 1918 848 αὐτῶν

335 877 604 942 ἀκάνθαις
635 879 974 950 στρώσαντες
998 897 1012 911 ·
1061 882 1110 933 οἱ
1142 880 1346 952 βλάϐην
1377 883 1669 953 ἡγούμενοι
1693 885 1790 954 τῆς
1811 883 1916 954 ψυ-

336 972 436 1040 χῆς
460 969 561 1040 τὴν
602 971 731 1041 περὶ
778 970 845 1024 τὰ
885 970 1023 1041 ἔργα
1063 971 1172 1025 τῶν
1215 973 1443 1026 ἐντολῶν
1477 973 1788 1044 προθυμίαν
1815 991 1832 1008 ο
1865 975 1916 1028 οἱ

335 1062 834 1132 παραγραψάμενοι
872 1063 972 1126 τὰς
1007 1064 1372 1128 ἀποστολικὰς
1401 1066 1788 1135 παραινέσεις,
1821 1067 1918 1120 καὶ⁹

339 1153 415 1225 μὴ
452 1153 544 1207 τὸν
589 1153 720 1208 ἴδιον
764 1153 927 1223 ἄρτον
965 1155 1316 1226 εὐσχημόνως
1345 1156 1638 1221 ἐσθίοντες,
1671 1155 1809 1210 ἀλλά
1837 1155 1918 1228 τῷ

335 1243 603 1314 ἀλλοτρίῳ
647 1245 1116 1314 προστετηκότες,
1163 1246 1358 1316 τέχνην
1411 1246 1528 1317 βίου
1573 1249 1672 1318 τὴν
1717 1248 1918 1318 ἀργίαν

334 1334 648 1404 ποιούμενοι
673 1351 687 1364 ο
745 1335 994 1389 ἐντεῦθεν
1027 1339 1076 1389 οἱ
1102 1338 1478 1402 ὲνυπνιασταὶ,
1504 1339 1553 1390 οἱ
1584 1339 1680 1400 τὰς
1708 1340 1770 1390 ἐκ
1811 1338 1918 1390 τῶν

332 1425 560 1496 ὀνείρων
605 1425 822 1488 ἀπάτας
864 1428 1186 1498 πιστοτέρας
1224 1427 1333 1481 τῶν
1368 1426 1738 1496 εὐαγγελικῶν
1773 1427 1917 1480 διδα-

333 1517 563 1587 γμάτων
595 1515 926 1588 ποιούμενοι,
955 1519 1051 1571 καὶ
1082 1517 1456 1586 ἀποκαλύψεις
1479 1519 1577 1582 τὰς
1617 1517 1916 1587 φαντασίας

335 1599 834 1682 προσαγορεύοντες
859 1609 1002 1678 (ἀπὸ
1031 1609 1234 1662 τούτων
1257 1611 1394 1662 εἰσὶν
1419 1611 1468 1662 οἱ
1500 1609 1806 1672 ὲνδύνοντες
1835 1611 1917 1674 είς

332 1706 662 1774 τάςοίκίας)·
685 1706 778 1758 καὶ
798 1705 961 1758 πάλιν
973 1704 1122 1758 ἄλλοι
1137 1704 1188 1756 οἱ
1211 1704 1271 1756 τὸ
1287 1702 1512 1774 ἄμικτόν
1526 1719 1585 1754 τε
1604 1702 1696 1754 καὶ
1716 1700 1917 1772 θηριῶ-

2019 522 2334 585 conferunt,
2370 524 2505 578 illud
2537 526 2589 578 in
2625 525 2818 593 primis
2873 524 3121 580 studiose
3165 525 3248 580 eis
3298 523 3603 580 curandum

2018 622 2122 677 est,
2157 623 2215 667 ut
2243 617 2512 684 optimum
2551 616 2717 684 hujus
2758 617 2883 670 vitae
2921 617 3118 672 ducem
3166 631 3230 670 ac
3277 617 3602 687 magistrum

2018 717 2289 778 quaerant,
2324 723 2392 762 ne
2422 709 2647 777 quando
2683 717 2907 779 propter
2937 725 3122 764 rerum
3174 709 3600 780 ignorationem,

2017 813 2140 870 qua:
2169 799 2224 853 in
2251 800 2361 856 illis
2388 807 2494 862 est,
2541 808 2894 856 transversas
2927 800 3195 870 quasdam
3227 800 3332 855 sibi
3367 801 3483 855 vias
3517 809 3605 854 at—

2016 905 2124 960 que
2158 904 2188 943 a
2218 897 2368 944 recta
2421 890 2742 946 aberrantes
2792 891 3065 945 muniant.
3112 889 3249 944 Boni
3299 891 3444 945 enim
3484 889 3600 945 duo

2017 995 2184 1050 supra
2217 996 2411 1043 unum,
2439 981 2617 1049 inquit
2654 979 3057 1036 Ecclesiastes:
3115 980 3273 1034 facile
3305 995 3436 1035 vero
3483 981 3604 1035 vin-

2016 1071 2161 1124 citur
2201 1085 2342 1124 unus
2369 1069 2441 1124 ab
2466 1070 2808 1134 adversario,
2851 1070 2943 1138 qui
2984 1069 3076 1124 Dei
3119 1071 3207 1123 via
3257 1085 3482 1124 cursum
3520 1078 3605 1124 te-

2016 1169 2110 1215 net
2137 1180 2150 1216 :
2182 1176 2351 1229 reque
2387 1175 2512 1215 vera
2543 1178 2560 1209 ι
2593 1158 2681 1214 Vae
2712 1159 2838 1221 soli,
2879 1159 3104 1229 quando
3132 1159 3300 1223 cadit,
3341 1161 3602 1230 quoniam

2018 1267 2124 1306 non
2160 1252 2341 1315 habet,
2375 1251 2470 1322 qui
2502 1247 2625 1306 eum
2661 1252 2836 1322 erigat
2861 1253 2927 1306 ⁸⁷.
2969 1269 2988 1302 ›
3012 1249 3131 1305 Jam
3167 1252 3311 1304 enim
3357 1253 3604 1307 nonnulli

2017 1343 2083 1395 ad
2136 1343 2320 1412 gravis
2353 1343 2474 1396 vita:
2514 1343 2869 1412 cupiditatem
2926 1343 3185 1398 laudabili
3235 1345 3439 1412 impetu
3489 1345 3606 1396 ala-

2016 1435 2188 1488 criter
2221 1435 2306 1488 usi
2341 1442 2491 1498 sunt,
2523 1443 2578 1488 et
2608 1435 2712 1488 hoc
2746 1435 2979 1488 consilio
3006 1435 3170 1490 simul
3208 1435 3601 1504 perfectionem

2017 1527 2280 1588 assecuti,
2305 1542 2371 1580 ex
2413 1526 2671 1596 superbia
2701 1527 2876 1581 altero
2906 1527 3064 1596 lapsu
3096 1526 3150 1580 in
3173 1532 3377 1579 terram
3406 1525 3602 1593 dejecti

2017 1626 2165 1675 sunt.
2211 1631 2335 1670 cum
2383 1617 2485 1684 ipsi
2519 1616 2792 1671 dementia
2841 1631 2940 1671 sua
2981 1615 3216 1686 decepti,
3257 1615 3392 1670 illud
3443 1624 3607 1685 puta-

2019 1707 2196 1760 verint
2227 1706 2550 1776 honestum,
2593 1705 2661 1758 ad
2695 1705 2842 1775 quod
2885 1719 3076 1758 eorum
3125 1719 3282 1758 mens
3332 1713 3602 1775 vergeret.

333 1797 422 1860 δες
447 1796 650 1868 ἀρετὴν
682 1795 1009 1865 νομίζοντες,
1041 1795 1161 1848 οὐδὲ
1183 1794 1283 1865 τῆς
1311 1793 1695 1865 μακροθυμίας
1720 1809 1780 1846 τε
1818 1792 1915 1846 καί⁵

2028 1796 2093 1850 Ex
2121 1797 2206 1852 his
2244 1798 2322 1852 illi
2356 1805 2508 1861 sunt,
2545 1798 2637 1870 qui
2667 1797 2806 1867 pigri
2838 1805 3004 1866 atque
3037 1796 3243 1852 inertes
3277 1796 3528 1852 homines
3575 1813 3606 1850 a

333 1889 837 1960 ταπεινοφροσύνης
876 1890 967 1943 τὸν
1007 1889 1219 1960 καρπὸν
1268 1886 1640 1955 ἐπιστάμενοι.
1705 1883 1804 1937 Καὶ
1835 1884 1918 1946 τίς

333 1979 401 2033 ἂν
435 1978 700 2044 διεξέλθοι
735 1980 912 2033 πάντα
957 1978 1026 2032 τά
1063 1975 1290 2032 τοιαῦτα
1348 1975 1652 2045 πτώματα,
1693 1973 1774 2035 είς
1815 1972 1917 2026 ὅσα

334 2072 654 2142 ἐκφέρεται,
684 2069 764 2141 τῷ
797 2070 871 2142 μὴ
901 2069 1075 2124 θέλειν
1103 2071 1216 2132 τοῖς
1249 2067 1390 2122 κατά
1411 2067 1543 2120 Θεὸν
1573 2061 1918 2135 εὐδοκιμοῦσι

335 2161 774 2235 προστίθεσθαι;
833 2163 930 2216 Ἐκ
969 2160 1176 2214 τούτων
1209 2159 1316 2231 γὰρ
1363 2159 1608 2228 ἔγνωμεν
1655 2155 1749 2208 καὶ
1790 2153 1920 2218 τοὺς

333 2254 413 2325 τῷ
431 2253 578 2326 λιμῷ
607 2253 768 2325 μέχρι
796 2252 1026 2308 θανάτου
1049 2247 1536 2321 ἐγκαρτεροῦντας,
1563 2246 1637 2310 ὡς
1663 2244 1758 2298 τοῦ
1781 2240 1919 2299 Θεοῦ

331 2350 456 2412 ταῖς
491 2345 770 2409 τοιαύταις
810 2342 1277 2416 εὐαρεστουμένου
1325 2340 1572 2402 θυσίαιςο
1615 2339 1708 2391 καὶ
1757 2337 1918 2390 πάλιν

333 2439 528 2502 ἄλλους
557 2439 624 2491 ὲκ
644 2436 938 2507 διαμέτρου
976 2435 1112 2504 πρὸς
1147 2433 1210 2487 τὸ
1237 2431 1478 2486 ἐναντίον
1507 2431 1920 2501 ἁποστατήσαν-

332 2549 434 2594 τας
456 2549 471 2562 ·
516 2529 567 2584 οἶ
595 2528 787 2599 μέχρις
832 2526 1092 2597 ὀνόματος
1127 2525 1226 2594 τὴν
1254 2523 1496 2593 ἀγαμίαν
1535 2519 1921 2590 ἐπιτηδεύσαν-

333 2639 445 2685 τες,
479 2619 634 2674 οὐδὲν
662 2619 977 2688 διαφέρουσι
1016 2616 1111 2670 τοῦ
1148 2614 1327 2670 κοινοῦ
1364 2614 1478 2684 βίου
1508 2629 1524 2646 ο
1570 2612 1630 2664 οὐ
1667 2611 1827 2681 μόνον
1850 2611 1918 2680 τῇ

333 2712 535 2783 γαστρὶ
585 2709 658 2763 τὰ
687 2708 824 2782 πρὸς
852 2707 1042 2778 ἡδονὴν
1089 2706 1474 2777 χαριζόμενοι,
1535 2701 1672 2756 ἀλλά
1705 2700 1922 2770 γυναιξὶ

334 2803 480 2857 κατά
514 2801 578 2855 τὸ
611 2801 845 2872 φανερὸν
888 2798 1284 2861 συνοικοῦντες,
1331 2797 1424 2850 καὶ
1455 2795 1788 2865 ἀδελφότητα
1821 2793 1921 2863 τὴν

334 2893 596 2964 τοιαύτην
633 2892 936 2964 συμϐίωσιν
967 2889 1344 2961 ὀνομάζοντες,
1383 2887 1458 2952 ὡς
1487 2886 1550 2958 δὴ
1578 2887 1677 2958 τὴν
1703 2885 1839 2956 πρὸς
1862 2883 1923 2938 τὸ

337 2991 518 3061 χεῖρον
539 2987 796 3039 ὑπόνοιαν
817 2983 1044 3054 ὀνόματι
1066 2981 1377 3052 σεμνοτέρῳ
1399 2977 1920 3053 περικαλύπτοντες.

337 3081 416 3133 Δι’
461 3073 536 3134 ὧν
587 3078 681 3131 καὶ
732 3076 938 3147 σφόδρα
981 3075 1042 3128 τὸ
1073 3073 1262 3143 σεμνὸν
1308 3071 1466 3125 τοῦτο
1543 3072 1637 3123 καὶ
1685 3069 1924 3140 καθαρὸν

337 3172 680 3242 ἐπιτήδευμα
708 3169 1106 3240 βλασφημεῖται
1132 3163 1284 3234 παρὰ
1307 3162 1416 3215 τῶν
1447 3159 1663 3225 ἑξωθεν,

2027 1888 2302 1960 Sapientia
2329 1890 2509 1944 vocati
2544 1897 2672 1944 sunt
2701 1907 2714 1943 :
2743 1890 2839 1960 qui
2870 1904 3000 1943 suas
3034 1889 3154 1943 vias
3187 1889 3364 1959 spinis
3395 1896 3609 1943 strave-

2024 1989 2196 2048 runt;
2227 1979 2319 2050 qui
2356 1981 2504 2033 illam
2537 1980 2605 2034 ad
2638 1979 3022 2033 mandatorum
3059 1977 3153 2032 Dei
3181 1993 3348 2048 opera
3379 1993 3609 2049 propen-

2024 2071 2256 2134 sionem,
2323 2071 2518 2124 animaa
2566 2071 2954 2125 existimarunt
3006 2069 3445 2136 detrimentum;
3511 2069 3606 2138 qui

2025 2162 2398 2232 apostolorum
2442 2170 2710 2231 praecepta
2758 2161 3195 2228 traditionesque
3243 2159 3604 2228 abrogarunt,

2025 2269 2127 2309 nec
2155 2269 2257 2309 suo
2282 2267 2421 2323 pane
2455 2253 2680 2308 honeste
2713 2262 3046 2316 vescuntur,
3085 2249 3179 2306 sed
3240 2250 3308 2304 ad
3363 2251 3604 2304 alienum

2025 2345 2336 2408 intendunt,
2368 2360 2490 2399 cum
2523 2343 2741 2400 vivendi
2763 2352 2934 2398 artem
2962 2343 3017 2397 in
3040 2342 3253 2398 desidia
3281 2341 3610 2412 ignaviaque

2029 2445 2275 2507 ponant:
2309 2437 2454 2492 unde
2502 2439 2867 2492 somniatores
2915 2443 3066 2499 sunt,
3113 2434 3210 2504 qui
3263 2433 3608 2489 somniorum

2025 2525 2375 2594 deceptiones
2423 2525 2820 2594 probabiliores
2868 2523 3115 2590 faciunt,
3163 2539 3325 2594 quam
3374 2537 3610 2592 evangeo

2027 2615 2132 2669 lica
2181 2623 2478 2684 praecepta,
2531 2616 3004 2682 revelationesque
3051 2615 3267 2684 species
3317 2628 3501 2668 rerum
3551 2614 3609 2668 in

2028 2709 2241 2762 somnis
2270 2707 2484 2762 oblatas
2513 2714 2742 2776 putant:
2770 2707 2838 2761 ab
2866 2706 2953 2761 his
2984 2706 3259 2760 exsistunt
3291 2704 3384 2772 qui
3416 2703 3611 2757 domos

2029 2795 2455 2864 ingrediuntur:
2495 2809 2802 2864 rursusque
2832 2794 2923 2847 alii
2960 2794 3050 2862 qui
3105 2793 3398 2846 immanem
3434 2800 3487 2843 et
3527 2788 3608 2842 fe-

2027 2902 2144 2941 ram
2177 2886 2434 2941 virtutem
2465 2886 2783 2956 opinantur,
2817 2883 3244 2952 dilectionisque
3277 2889 3610 2952 praeceptum

2028 2979 2300 3050 ignorant,
2330 2993 2507 3047 neque
2547 2975 2939 3041 beneficentiae,
2985 2989 3162 3043 neque
3217 2972 3386 3026 animi
3421 2969 3610 3023 mode-

2028 3071 2145 3126 stia:
2185 3070 2427 3123 fructum
2465 3075 2824 3138 cognoscunt.
2857 3067 2926 3121 At
2961 3081 3094 3121 sane
3123 3065 3250 3134 quis
3287 3077 3479 3118 omnes
3508 3061 3613 3115 hu-

2029 3159 2274 3229 jusmodi
2325 3174 2490 3214 casus
2555 3158 3049 3228 prolapsionesqne
3100 3161 3490 3226 percurreret,
3553 3151 3612 3205 in

337 3283 479 3337 quos
508 3265 712 3336 aliquis
748 3263 943 3329 fertur,
977 3275 1102 3316 cum
1139 3257 1206 3312 ad
1235 3272 1330 3311 eos
1359 3271 1418 3312 se
1447 3255 1700 3310 conferre
1732 3262 1969 3318 recusat,
2008 3254 2099 3324 qui
2136 3253 2246 3308 Deo
2281 3253 2490 3320 probati
2527 3253 2697 3308 sunt?
2723 3252 3093 3322 Cognovimus
3121 3249 3266 3304 enim
3295 3264 3396 3303 nos
3428 3263 3494 3302 ex
3527 3245 3614 3300 his

338 3359 653 3424 nonnullos,
683 3356 777 3428 qui
811 3355 1005 3408 famem
1029 3367 1203 3421 usque
1231 3349 1299 3403 ad
1336 3349 1544 3403 obitum
1581 3347 1849 3416 patienter
1882 3345 2148 3409 tulerunt,
2187 3345 2344 3415 quasi
2371 3345 2455 3398 his
2476 3344 2764 3399 sacrificiis
2803 3345 3051 3412 placetur
3086 3341 3268 3395 Deus:
3301 3353 3613 3407 rursusque

338 3451 499 3513 alios.
547 3450 638 3520 qui
673 3427 833 3518 quasi
859 3462 889 3500 e
928 3447 1151 3516 regione
1197 3439 1432 3510 oppositi
1483 3438 1551 3492 ad
1587 3436 1922 3491 contrariam
1961 3452 2074 3490 rem
2111 3451 2171 3491 se
2201 3433 2595 3502 adjunxerunt,
2645 3433 2974 3501 nomineque
3002 3431 3269 3485 duntaxat
3297 3427 3609 3482 caalibatum

337 3518 683 3616 profitentes,
721 3556 756 3594 a
783 3539 1060 3595 communi
1089 3535 1305 3591 vivendi
1336 3529 1735 3588 consuetudine
1761 3543 1874 3582 non
1911 3527 2070 3597 longe
2118 3530 2360 3616 absunt:
2405 3535 2594 3597 utpote
2633 3527 2725 3595 qui
2757 3541 2866 3578 non
2901 3525 3107 3577 ventris
3137 3523 3313 3576 solum
3343 3518 3613 3589 voluptati

338 3613 684 3709 indulgeant,
723 3633 819 3690 sed
853 3634 1017 3689 etiam
1048 3647 1174 3687 cum
1221 3628 1440 3684 feminis
1476 3633 1664 3696 aperte
1701 3622 2050 3678 contubernii
2101 3613 2419 3679 societatem
2466 3621 2738 3675 habeant:
2771 3620 3020 3686 hancque
3039 3633 3162 3672 cum
3195 3616 3262 3669 iis
3289 3613 3613 3668 familiarem

339 3735 558 3791 vivendi
603 3730 1056 3788 consuetudinem
1104 3729 1355 3781 fraterna:
1391 3725 1736 3795 cognationis
1779 3723 2000 3778 nomine
2047 3719 2356 3788 appellant,
2409 3732 2606 3786 nempe
2644 3715 2946 3770 honestiori
2985 3713 3205 3768 nomine
3235 3727 3391 3767 suam
3421 3710 3614 3764 occul-

340 3835 522 3891 [antes
552 3833 816 3887 mentem,
841 3835 962 3892 quae
991 3820 1055 3874 ad
1104 3819 1286 3889 pejora
1317 3819 1575 3888 proclivis
1616 3826 1720 3872 est.
1749 3817 1925 3887 Atque
1963 3811 2034 3867 ab
2061 3811 2147 3866 his
2178 3809 2398 3882 quidem
2446 3823 2611 3881 grave
2643 3807 2748 3862 hoc
2783 3805 3077 3861 admodum
3107 3817 3416 3874 purumque
3448 3799 3616 3872 virgi-

338 3926 528 3982 nitatis
560 3920 804 3977 studium
839 3919 1180 3988 vituperatur
1217 3916 1359 3986 apud
1397 3912 1646 3986 gentiles.

921 4029 1173 4083 ΚΕΦΑΛ.
1215 4028 1342 4081 KA'.

345 4155 476 4209 Ὀτι
518 4149 636 4223 χρὴ
686 4149 795 4202 τὸν
843 4147 957 4212 τὴν
999 4145 1318 4223 Δἀκρίϐειαν
1370 4140 1476 4223 rei?
1525 4139 1670 4203 ,ϐίου
1717 4135 1933 4223 pitag?

408 4205 814 4288 ,θοάῖὀίιενοη
864 4205 1022 4284 παρὰ
1060 4205 1165 4268 τὀνῦ
1220 4210 1710 4280 κατορθώσαντος
1763 4205 1930 4259 διδά-

417 4296 697 4347 excavat.

417 4384 626 4439 Οὐκοῦν
671 4384 824 4436 λυσιτ

348 4480 470 4542 τοὺς
504 4477 659 4539 νέους
703 4475 802 4546 τὴν
830 4471 922 4525 τοῦ
957 4471 1072 4541 βίου
1107 4468 1296 4522 τούτου
1345 4465 1482 4518 ὀδόν·
1524 4463 1584 4516 οὐ
1615 4462 1723 4532 γάρ
1753 4459 1928 4513 ἐπιλέ-

349 4574 500 4625 λοιπε
521 4571 621 4640 τὴν
653 4568 796 4638 ζωὴν
826 4568 859 4633 ἡ
869 4565 983 4636 μῶν
1009 4563 1078 4617 τά
1114 4561 1221 4615 τῶν
1251 4558 1468 4628 ἀγαθῶν
1514 4555 1884 4623 ὑποδείγματα
1913 4569 1926 4582 ’

352 4663 484 4716 ἀλλά
518 4663 613 4715 καὶ
646 4661 852 4730 σφόδρα
881 4656 999 4717 νῦν,
1035 4656 1192 4723 εἴπερ
1222 4652 1354 4704 ποτὲ
1381 4690 1396 4714 ,
1457 4651 1490 4719 ἡ
1531 4647 1793 4717 σεμνότης
1831 4645 1928 4714 ﬁv-

355 4752 508 4822 θησε,
550 4753 645 4803 καὶ
669 4745 1019 4818 ἐπιχωριάζει
1051 4743 1127 4813 τῷ
1161 4742 1260 4813 βίῳ
1288 4740 1465 4812 ἡμῶν,
1506 4738 1640 4809 πρὸς
1673 4736 1734 4789 τὸ
1766 4733 1932 4822 ἀκρό-

353 4858 511 4894 τατον
536 4841 655 4902 ταῖς
689 4839 808 4890 κατ’
833 4836 1010 4903 ὀλίγον
1057 4831 1398 4902 προσθήκαις
1429 4825 1829 4898 ἀκριϐωθεῖσαο
1864 4817 1931 4892 ἧς

353 4932 528 4996 ἔξεστι
571 4930 861 5000 μετασχεῖν
895 4926 987 4978 τὸν
1041 4927 1151 4987 τοῖς
1182 4921 1443 4982 τοιούτοις
1472 4919 1644 4989 ἴχνεσι
1693 4931 1930 4986 περιπα-

351 5023 584 5085 τοῦντα,
635 5020 730 5074 καὶ
760 5019 859 5089 τῆς
895 5018 1070 5087 ὀσμῆς
1101 5015 1194 5069 τοῦ
1246 5013 1420 5084 μύρου
1467 5009 1659 5064 τούτου
1699 5006 1932 5061 κατόπιν

356 5114 638 5184 ἑπόμενον,
670 5112 767 5182 τῆς
805 5109 1030 5170 εὐωδίας
1071 5107 1164 5160 τοῦ
1191 5103 1426 5178 Χριστοῦ
1459 5099 1932 5170 ἀναπίμπλασθαι.

357 5203 624 5272 Καθάπερ
653 5201 762 5271 γάρ
785 5203 911 5270 μιᾶς
932 5197 1258 5268 ὲξαφθείσης
1289 5195 1590 5266 λαμπάδος,
1623 5195 1702 5254 είς
1725 5189 1933 5250 πάντας

355 5295 479 5359 τοὺς
511 5291 977 5364 προσεγγίζοντας
1018 5289 1242 5359 λύχνους
1269 5291 1302 5359 ἡ
1342 5287 1443 5356 τῆς
1474 5285 1670 5355 φλογὸς
1701 5281 1936 5344 διάδοσις

358 5387 592 5454 γίνεται,
625 5384 750 5438 οὐτε
790 5384 884 5438 τοῦ
916 5382 1134 5454 πρώτου
1177 5381 1350 5451 φωτὸς
1389 5377 1811 5448 ἐλαττουμένου,
1842 5375 1938 5428 κα)⁴

356 5483 467 5543 τοῖς
517 5478 608 5531 διὰ
664 5477 1018 5548 μεταλήψεως
1067 5472 1455 5544 φωτιζομένοις
1509 5471 1649 5526 κατά
1703 5469 1766 5522 τὸ
1823 5467 1937 5520 ίσον

359 5570 788 5645 προσγινομένου
813 5582 826 5597 ·
864 5569 1008 5624 οὐτω
1032 5569 1125 5624 καὶ
1176 5569 1208 5638 ἡ
1246 5566 1338 5621 τοῦ
1371 5565 1487 5637 βίου
1524 5564 1715 5620 τούτου
1749 5560 1938 5633 σεμνόο

435 5746 478 5781 ³⁷
502 5745 682 5799 Eccle.
715 5762 785 5811 tv,
819 5748 899 5804 l0.

2601 4006 2832 4064 CAPUT
2859 4002 3046 4059 XXIV.

2039 4126 2144 4191 Qui
2175 4132 2482 4178 accuratam
2530 4119 2665 4172 hanc
2705 4119 3113 4191 ritaqwtionem
3153 4117 3363 4185 assequi
3407 4115 3545 4183 vult,
3580 4131 3615 4171 a

2303 4193 2538 4260 perfecto
2571 4191 2683 4243 viro
2712 4187 2988 4242 erudiatur
3027 4203 3234 4240 necesse
3257 4198 3358 4239 est.

828 4381 946 4444 ελὲς
993 4379 1058 4432 ἂν
1097 4376 1182 4446 εἴη
1237 4374 1310 4445 μὴ
1366 4371 1673 4442 νομοθετεῖν
1719 4370 1923 4430 ἑαυτοῖς

2112 4353 2258 4408 Utile
2306 4351 2474 4420 igitur
2524 4356 2609 4403 est
2661 4344 3038 4402 adolescentes
3102 4343 3267 4412 hujus
3321 4341 3429 4396 sibi
3490 4343 3614 4396 vitae

2039 4445 2260 4499 modum
2291 4457 2399 4496 non
2432 4439 2811 4510 praescribere,
2837 4438 3094 4506 quoniam
3123 4442 3313 4489 nostra
3346 4431 3458 4486 [nec
3479 4441 3615 4486 actas

2041 4540 2310 4594 bonorum
2347 4534 2611 4604 exemplis
2637 4531 2878 4586 abundat
2905 4550 2918 4584 :
2945 4530 3076 4600 quin
3101 4529 3262 4584 etiam
3291 4526 3336 4580 si
3373 4540 3612 4594 unquam

2037 4635 2193 4695 alias,
2223 4646 2435 4685 morum
2460 4628 2699 4699 gravitas
2731 4627 2830 4679 hoc
2864 4634 3106 4692 tempore
3142 4620 3320 4683 floret,
3357 4628 3518 4686 atque
3557 4619 3613 4672 in

2038 4725 2148 4780 vita
2177 4731 2450 4786 versatur,
2493 4719 2753 4788 paulatim
2793 4717 2866 4769 ita
2909 4724 3066 4767 aucta
3102 4721 3162 4766 ut
3213 4710 3282 4765 ad
3336 4724 3613 4763 summum

2041 4817 2373 4888 pervenerit.
2414 4813 2586 4881 Cujus
2634 4809 2852 4879 quidem
2893 4819 3102 4860 morum
3148 4799 3455 4857 sanctitatis
3499 4798 3613 4853 fieri

2044 4910 2361 4981 participem
2419 4905 2468 4959 ei
2523 4901 2813 4970 contingit,
2856 4899 2948 4968 qui
2990 4898 3044 4951 in
3099 4895 3274 4964 ipsius
3335 4891 3615 4981 curriculo

2042 4980 2269 5071 vestigia
2298 4994 2597 5067 imprimit:
2627 4993 2778 5047 illum
2805 4997 3006 5053 autem,
3035 4985 3129 5055 qui
3156 4983 3322 5052 hujus
3351 4980 3612 5052 unguenti

2043 5094 2267 5149 odorem
2298 5095 2520 5144 secutus
2543 5085 2633 5150 sit,
2656 5085 2861 5154 optimo
2887 5078 3018 5134 Jesu
3049 5075 3252 5131 Christi
3286 5073 3455 5127 odore
3487 5087 3614 5141 per--

2043 5185 2216 5240 fundi.
2249 5181 2317 5237 Ut
2348 5181 2517 5244 enim,
2547 5177 2798 5246 lampade
2831 5187 2936 5225 una
2970 5183 3224 5232 accensa,
3270 5168 3323 5220 in
3372 5165 3615 5232 reliquas

2043 5293 2234 5334 omnes
2295 5275 2634 5346 propinquas
2709 5270 2961 5322 lucernas
3031 5263 3247 5317 ﬂamma
3315 5258 3614 5321 derivatur,

2043 5385 2220 5443 neque
2252 5377 2433 5423 tamen
2485 5364 2693 5435 primus
2743 5359 2886 5430 ignis
2943 5353 3308 5417 imminuitur,
3341 5352 3445 5406 etsi
3492 5363 3618 5404 cum

2043 5466 2112 5521 iis
2132 5441 2422 5533 aequaliter
2454 5454 2793 5525 adjungitur,
2822 5450 2918 5521 qui
2958 5464 3025 5504 ex
3064 5448 3156 5502 illa
3192 5443 3416 5500 luminis
3467 5441 3620 5533 deris

2044 5531 2264 5614 vatione
2307 5554 2564 5611 elucent:
2599 5548 2673 5604 ita
2707 5545 2872 5618 hujus
2899 5543 3022 5600 vita:
3052 5540 3295 5614 gravitas
3325 5536 3392 5593 ab
3420 5549 3486 5592 eo
3523 5531 3619 5604 qui
