4072 6156
431 261 534 322 ιιι

1676 263 1734 318 S.
1771 261 2098 323 GRECORll
2130 262 2413 319 NYSSENI

3594 256 3696 322 ιιε

430 379 581 438 illam
613 387 768 435 recte
794 377 1021 450 peregit,
1052 378 1108 433 ln
1145 392 1241 433 eos
1280 375 1583 444 derivatur,
1628 382 1722 450 qui
1773 380 2002 451 proximi

2112 399 2212 451 της
2244 380 2353 435 ἀπὸ
2394 379 2487 435 τοῦ
2519 380 2942 454 κατωρθωκότος
2988 378 3158 451 αὐτὴν
3191 371 3284 435 ἐπὶ
3311 378 3437 447 τοῦς
3461 400 3697 455 προσεγ.

384 470 387 471 ⁷
429 480 582 530 sunt.
628 470 804 527 Verus
844 480 928 526 est
972 469 1121 525 enitn
1165 469 1213 525 is
1249 468 1535 541 Prophette
1577 487 1763 527 sermo
1788 474 1831 504 “'
1863 491 1876 528 :
1904 472 2008 539 Qui

426 577 558 618 cum
592 568 785 617 sancto
806 568 863 615 et
897 559 1179 614 innocenti
1210 559 1433 615 homine
1464 564 1795 633 egregieque
1826 577 2012 619 versa-
2047 567 2056 573 '

428 664 539 717 tur,
574 653 739 708 taleni
769 664 1217 722 unumquemque
1257 652 1397 708 fieri.
1441 653 1539 708 Sin
1593 661 1776 710 autem
1830 654 2006 709 docu-

428 755 612 798 menta
638 742 861 813 quaeris,
892 757 1128 812 quorum
1161 743 1419 814 praesidio
1456 758 1565 801 non
1608 743 1735 799 licet
1768 744 1836 799 ab
1861 744 2008 814 opti—

430 847 517 888 mo
548 834 801 904 exeuiplo
853 834 1133 900 aberrare,
1169 833 1350 890 facilis
1401 833 1517 889 haec
1554 842 1639 889 est
1673 835 2005 904 explicatio;

427 940 552 980 nam
601 925 646 980 si
700 925 941 979 hominis
985 924 1156 979 vitam
1209 924 1508 995 perspicis,
1556 939 1679 994 quae
1724 925 1779 979 in
1828 926 2008 980 medio

427 1016 621 1071 mortis
650 1022 705 1070 et
734 1015 859 1070 vita:
890 1030 1057 1071 cursu
1098 1015 1203 1081 sit,
1237 1015 1496 1087 quodque
1534 1015 1793 1086 utrinque
1827 1024 1915 1072 est
1939 1016 2008 1072 ad

426 1109 706 1180 sapientia:
734 1109 977 1167 studium
1009 1111 1143 1166 utile
1171 1109 1395 1182 deligat,
1452 1119 1511 1165 ut
1545 1127 1723 1182 neque
1761 1112 1907 1181 quod
1950 1112 2007 1167 in

425 1205 604 1253 morte
637 1205 723 1253 est
756 1198 992 1254 actionis
1019 1214 1219 1270 expers
1255 1209 1310 1255 et
1340 1199 1579 1255 otiosum
1608 1202 1662 1256 in
1690 1201 1877 1257 studio
1910 1217 2007 1257 ex-

426 1288 692 1357 sequendi
730 1288 989 1344 mandata
1010 1290 1065 1345 in
1100 1305 1160 1346 se
1191 1291 1443 1361 recipiat,
1477 1307 1655 1362 neque
1698 1293 1752 1348 in
1786 1293 2004 1349 vivendi

425 1386 574 1435 statu
606 1380 768 1449 pleno
805 1381 976 1451 gradu
1010 1380 1252 1446 incedat,
1280 1382 1428 1453 quod
1454 1396 1485 1436 a
1520 1384 1879 1441 saecularibus
1907 1401 2006 1440 cu—

426 1470 753 1540 piditatibus
791 1474 862 1529 sit
905 1472 1141 1539 alienus,
1178 1475 1232 1528 in
1264 1475 1467 1545 quibus
1508 1476 1696 1532 carnis
1751 1478 1861 1531 vita
1910 1479 2000 1533 de-

427 1552 816 1632 prehendatur,
850 1564 905 1619 in
938 1564 1024 1621 his
1057 1567 1240 1621 minus
1282 1576 1407 1638 agat
1430 1564 1600 1637 quam
1644 1571 1842 1624 ntortui
1873 1587 1888 1637 ;
1937 1570 2006 1624 ad

2110 472 2362 541 γίζοντας
2388 472 2677 526 διαδίδοται
2694 489 2708 502 ·
2730 471 2937 543 ἀληθὴς
2963 471 3074 542 γάρ
3097 474 3126 526 ό
3154 473 3489 543 προφητικδς
3514 474 3698 545 λόγος,

2109 562 2201 615 τὸν
2234 561 2374 632 μετά
2410 562 2559 617 όσίου
2602 563 2697 617 καὶ
2749 561 2927 616 άθὼου
2979 564 3076 617 καὶ⁵
3107 561 3364 618 ἑκλεκτοῦ
3412 566 3695 636 διάγοντα,

2109 648 2348 704 τοιοῦτον
2385 650 2652 718 γίνεσθαι.
2678 652 2743 705 El
2773 650 2831 705 δὲ
2859 650 3043 723 ζητεῖς
3076 652 3144 706 τὰ
3188 654 3544 725 γνωρίσματα
3563 696 3579 722 ,
3623 657 3697 713 δι’

2109 739 2185 795 ὦν
2228 740 2329 795 οὐκ
2368 739 2514 795 ἔστιν
2560 742 2824 813 ἁμαρτεῖν
2861 742 2954 796 τοῦ
3007 743 3213 813 ἀγαθοῦ
3266 745 3694 817 ύποδείγματος,

2109 830 2391 904 εὔκολοςὴ
2424 835 2738 905 ὑπογραφὴ.
2772 835 2898 889 Ἐὰν
2941 834 3057 908 ἴδῃς
3091 836 3204 906 βίον
3229 837 3422 908 ἀνδρὸς
3453 841 3511 892 ὲν
3544 840 3699 912 μέσῳ

2110 921 2341 978 θανάτου
2384 925 2478 978 καὶ
2512 924 2656 996 ζωῆς
2705 925 2916 980 ἑστῶτα
2952 928 3013 980 τὸ
3051 927 3394 1001 ἑκατέρωθεν
3425 931 3698 1002 χρήσιμον

2108 1014 2189 1078 εἰς
2217 1015 2534 1085 φιλοσοφίαν
2586 1017 2947 1087 αἱρούμενον,
2996 1016 3122 1073 οὔτε
3167 1017 3230 1071 τὸ
3266 1018 3543 1091 ἄπρακτον
3597 1019 3695 1075 τοῦ

2110 1108 2342 1164 θανάτου
2371 1109 2803 1181 καταδεχόμενον
2833 1110 2893 1163 ὲν
2921 1112 2989 1181 τῇ
3026 1108 3159 1181 περὶ
3189 1108 3287 1174 τὰς
3316 1109 3537 1173 ἐντολὰς
3557 1127 3697 1182 προ-

2109 1202 2295 1273 θυμίᾳ,
2329 1200 2452 1256 οὔτε
2474 1201 2580 1273 ὅλῳ
2600 1201 2679 1274 τῷ
2713 1200 2835 1256 ποδὶ
2878 1203 2973 1255 ἐπὶ
3013 1203 3112 1271 τῆς
3145 1201 3290 1272 ζωῆς
3315 1201 3583 1273 βεσηκὸτα
3606 1202 3697 1256 διὰ

2106 1295 2206 1365 τὴν
2233 1295 2343 1349 τῶν
2366 1293 2645 1366 κοσμικῶν
2673 1293 2977 1365 ἐπιθυμιῶν
3005 1293 3375 1365 ἀλλοτρίωσιν,
3402 1296 3461 1348 ὲν
3481 1290 3564 1358 οἷς
3595 1294 3698 1365 μὲν

2110 1386 2310 1457 σαρκὸς
2341 1385 2457 1458 ζωὴ
2481 1386 2829 1457 δοκιμάζεται
2852 1425 2868 1450 ,
2914 1384 3023 1439 τῶν
3052 1385 3264 1455 νεκρῶν
3288 1386 3698 1457 ἀπρακτότερον

2111 1477 2339 1548 μένοντα
2358 1516 2374 1543 ,
2397 1475 2535 1546 πρὸς
2562 1474 2619 1528 δὲ
2646 1474 2713 1532 τά
2741 1474 2840 1544 τῆς
2888 1473 3092 1544 ἀρετῆς
3136 1473 3295 1544 ἔργα,
3323 1473 3390 1526 δι’
3417 1467 3494 1527 ὧν
3533 1476 3584 1526 ot
3616 1474 3698 1545 τῷ

2108 1565 2377 1635 πνεύματι
2430 1564 2629 1629 ζῶντες
2674 1563 3124 1631 ἐπιγινώσκονται
3149 1598 3163 1625 ,
3194 1560 3410 1632 ἀληθῶς
3452 1561 3699 1633 ἔμψυχον

424 1655 646 1710 virtutis
691 1663 873 1712 autem
920 1671 1109 1727 opera,
1143 1673 1209 1714 ex
1253 1659 1456 1730 quibus
1490 1661 1586 1731 qui
1633 1670 1763 1717 sunt
1808 1663 2002 1733 spiritu

2107 1657 2201 1710 καὶ
2222 1656 2441 1727 ἐνεργὸν
2470 1656 2564 1710 καὶ
2595 1656 2867 1727 ἰσχύοντα,
2899 1654 3038 1725 πρὸς
3067 1652 3256 1707 τοῦτον
3288 1653 3452 1725 βλέπε
3479 1654 3569 1709 τὸν
3605 1671 3700 1708 κα⁴

425 1750 700 1808 ferventes
734 1765 1143 1824 agnoscuntur,
1201 1771 1332 1812 vere
1384 1757 1685 1812 animatum
1729 1766 1785 1813 et
1819 1759 2002 1814 efﬁca-

2110 1748 2234 1803 νόνα
2425 1746 2577 1818 βίου’
2622 1723 2777 1811 οῦτος
2829 1723 2972 1800 ἔστω
3022 1763 3105 1800 σοι
3140 1723 3344 1809 σκοπός
3392 1746 3496 1817 τῆς
3544 1746 3699 1813 θείας

423 1856 544 1897 cem
570 1851 625 1898 et
650 1844 923 1899 valentem
955 1861 1015 1901 se
1042 1846 1283 1915 praebeat
1307 1865 1320 1902 :
1349 1847 1498 1901 hunc
1530 1862 1664 1904 sane
1689 1849 1865 1903 virum
1899 1861 2005 1905 tuae

423 1932 551 1988 vitae
581 1933 847 1988 amussim
880 1936 1095 1990 intuere
1122 1953 1136 1990 :
1169 1936 1258 1990 hic
1290 1936 1386 1992 tibi
1411 1937 1612 1993 divinae
1647 1939 1775 1995 vitae
1803 1955 2005 2010 scopus

422 2023 496 2078 sit
560 2025 900 2095 propositus,
956 2033 1018 2081 ut
1071 2028 1569 2099 gubernatoribus,
1620 2045 1742 2101 qua:
1790 2047 2006 2100 semper

421 2124 690 2185 apparent
717 2116 925 2172 stellae:
952 2117 1117 2188 hujus
1139 2126 1194 2174 et
1225 2127 1566 2177 senectutem
1597 2130 1652 2176 et
1692 2121 2008 2177 adolescen-

420 2206 555 2261 tiam
587 2206 805 2263 imitare
828 2247 844 2274 ,
884 2208 972 2264 vel
1000 2211 1184 2281 potius
1213 2211 1378 2281 hujus
1411 2212 1466 2266 in
1506 2212 1872 2268 adolescentia
1913 2229 2005 2270 se-

418 2305 719 2365 nectutem,
742 2307 1047 2370 contraque
1075 2301 1132 2356 in
1162 2302 1397 2357 decursa
1434 2311 1592 2359 aetate
1623 2305 1771 2358 illius
1820 2304 2006 2359 adole-

418 2388 684 2443 scentiam
736 2390 944 2445 imitari
994 2391 1201 2459 debes;
1260 2408 1439 2463 neque
1483 2395 1631 2449 enim
1676 2395 1797 2463 ejus
1838 2395 2006 2451 animi

418 2481 674 2538 virtutem
707 2497 1043 2555 cursumque
1078 2484 1497 2555 ingravescente
1524 2486 1637 2556 jam
1665 2496 1825 2542 aetate
1870 2494 2007 2542 tem-

419 2590 522 2643 pus
552 2577 828 2640 restinxit,
854 2592 1031 2648 neque
1053 2577 1218 2648 hujus
1250 2578 1618 2634 adolescentia
1654 2578 1710 2632 in
1739 2579 1808 2634 iis
1839 2579 2004 2636 rebus

416 2675 643 2722 actuosa
679 2667 800 2733 fuit,
828 2667 882 2722 in
907 2668 1109 2737 quibus
1143 2668 1537 2733 adolescentia,
1562 2669 1691 2739 quia
1729 2676 2000 2733 versatur,

416 2757 805 2825 cognoscitur;
860 2758 1033 2812 sedin
1087 2767 1318 2828 utraque
1368 2758 1516 2815 illius
1557 2767 1715 2814 aitate
1755 2760 2002 2830 quaedam

418 2848 521 2901 fuit
586 2848 990 2902 contrariarum
1034 2863 1220 2902 rerum
1293 2851 1635 2920 temperatio,
1685 2854 1766 2905 vel
1824 2851 2006 2920 potius

418 2941 600 3010 aliqua
624 2942 1021 3011 proprietatum
1053 2946 1403 3012 permutatio,
1437 2955 1621 3013 utpote
1649 2961 1773 3000 cum
1811 2946 1878 3000 ad
1911 2947 2009 3001 bo.

2110 1840 2255 1910 ζωῆς
2279 1881 2293 1906 ,
2325 1838 2575 1910 καθάπερ
2619 1841 2730 1903 τοῖς
2773 1838 3134 1910 κυϐερνήταις
3184 1839 3234 1892 οί
3280 1840 3557 1908 άειφανεῖς
3586 1839 3699 1894 τῶν

2109 1931 2353 2004 ἀστέρων
2373 1972 2387 1997 ,
2423 1932 2659 2003 μίμησαι
2687 1931 2877 1984 τούτου
2905 1932 2999 1984 καὶ
3028 1930 3219 1984 πολιὰν
3241 1974 3257 1998 ,
3291 1933 3388 1985 καὶ
3425 1931 3656 2003 νεότητα
3680 1950 3695 1967 ι

2112 2022 2312 2094 μᾶλλον
2338 2024 2395 2077 δὲ
2429 2025 2668 2095 μίμησαι
2694 2023 2857 2077 αὐτοῦ
2888 2024 2948 2076 τὸ
2975 2025 3032 2077 ὲν
3067 2023 3336 2095 μειρακίῳ
3354 2023 3531 2095 γῆρας
3554 2065 3570 2091 ,
3601 2027 3702 2081 καὶ

2108 2115 2208 2187 τὴν
2242 2117 2302 2169 ὲν
2337 2115 2415 2187 τῷ
2438 2117 2586 2187 γήρᾳ
2616 2115 2845 2186 νεότητα
2867 2133 2880 2148 ·
2913 2113 3037 2169 οὔτε
3059 2115 3166 2187 γὰρ
3207 2115 3269 2169 τὸ
3296 2115 3576 2187 ῥωμαλέον
3597 2117 3700 2171 ati-

2108 2206 2201 2258 τοῦ
2231 2206 2329 2276 τῆς
2359 2206 2536 2277 ψυχῆς
2567 2207 2894 2278 δραστήριον
2939 2205 3041 2277 ῆδη
3080 2206 3214 2277 πρὸς
3265 2207 3441 2277 γῆρας
3484 2209 3702 2263 ὲπικλιο

2109 2296 2295 2365 θείσης
2319 2297 2417 2368 τῆς
2442 2297 2656 2369 ἡλικίας
2681 2298 2709 2350 ό
2736 2298 2924 2370 χρόνος
2952 2297 3283 2369 ἠμαύρωσεν
3302 2337 3317 2363 ,
3345 2296 3470 2351 οὔτε
3502 2301 3536 2370 ἡ
3577 2299 3700 2354 νεό-

2106 2405 2207 2460 της
2233 2388 2461 2460 ὲνεργὴς
2498 2385 2566 2461 ἦν
2611 2390 2670 2443 έν
2703 2383 2785 2454 οἷς
2834 2388 3021 2460 νεότης
3047 2389 3273 2460 ἐνεργὴς
3326 2389 3652 2460 γνωρίζεται
3680 2404 3696 2425 ο

2108 2482 2243 2536 ἀλλά
2273 2494 2354 2545 τις
2376 2477 2444 2547 ἦν
2473 2481 2617 2553 μίξις
2645 2480 2934 2553 θαυμαστὴ
2956 2482 3066 2535 τῶν
3087 2481 3346 2537 ἐναντίων
3370 2483 3427 2535 ὲν
3455 2481 3700 2554 ἑκατέρᾳ
3762 2554 3766 2557 Ἴ

2110 2574 2296 2645 ἡλικίᾳ
2318 2616 2333 2639 ,
2366 2573 2566 2644 μᾶλλον
2599 2573 2885 2644 ὑπαλλαγὴ
2917 2571 3028 2626 τῶν
3060 2571 3383 2642 ἰδιωμάτων.
3431 2572 3520 2625 Ἐν
3549 2573 3703 2643 γήρᾳ

2115 2667 2214 2739 μὲν
2265 2667 2363 2737 τῆς
2394 2660 2673 2737 δυνάμεως
2706 2666 2843 2737 πρὸς
2893 2664 2954 2718 τὸ
3006 2664 3213 2733 ἀγαθὸν
3249 2662 3546 2734 νεαζούσης
3571 2705 3585 2730 ,
3637 2664 3700 2718 ἐν

2115 2757 2381 2828 μειρακίῳ
2405 2757 2461 2810 δὲ
2491 2757 2591 2827 τῆς
2622 2756 2870 2825 νεότητος
2916 2755 3054 2825 πρὸς
3095 2754 3158 2808 τὸ
3187 2753 3355 2815 κακὸν
3384 2754 3701 2826 ἀπρακτού-

2112 2865 2231 2918 σης.
2264 2849 2327 2901 Εἰ
2355 2848 2411 2901 δὲ
2437 2849 2532 2901 καὶ
2564 2846 2689 2911 τοὺς
2717 2846 2925 2919 ἔρωτας
2951 2846 3052 2917 τῆς
3080 2846 3297 2916 ἡλικίας
3322 2844 3537 2917 ἐκείνης
3564 2845 3701 2901 ἀνα-

2111 2937 2365 3008 ζητήσεις
2381 2978 2397 3003 ,
2429 2937 2667 3008 μίμησαι
2687 2935 2748 2991 τὸ
2778 2933 3003 3006 σφοδρὸν
3032 2933 3126 2987 καὶ
3151 2932 3410 3003 διάπυρον
3429 2933 3526 2985 τοῦ
3548 2931 3696 2987 θείου

417 3047 549 3085 ιιιιιιι
583 3032 853 3101 agendum
883 3041 1003 3086 acta
1037 3043 1197 3087 relate
1235 3033 1318 3088 vis
1352 3042 1408 3087 et
1449 3044 1642 3089 natura
1672 3036 1726 3089 itt
1760 3052 1825 3092 eo
1846 3038 2002 3107 juve-

2108 3031 2207 3100 τῆς
2262 3028 2451 3098 σοφίας
2485 3028 2715 3100 ἔρωτος,
2748 3021 2794 3095 ᾧ
2845 3028 2911 3080 ἐκ
2962 3025 3164 3096 νηπίας
3215 3024 3561 3095 συνηυξήθη,
3598 3024 3698 3078 καὶ

416 3119 602 3176 niliter
657 3128 863 3192 posset,
923 3122 1245 3178 ﬂorescente
1295 3138 1425 3179 vero
1484 3133 1642 3180 a3tate
1691 3127 1757 3180 ad
1810 3143 2006 3197 pravas

418 3212 664 3268 actiones
709 3213 938 3268 minime
977 3212 1203 3269 valeret.
1250 3212 1349 3268 Sin
1399 3223 1582 3269 autem
1631 3214 1780 3270 illius
1826 3218 2004 3273 aetatis

416 3316 631 3357 amores
671 3302 992 3372 investigas,
1027 3311 1085 3357 tu
1110 3303 1270 3358 velim
1300 3304 1398 3359 tibi
1427 3318 1698 3374 proponas
1734 3319 2004 3360 summum

416 3392 569 3447 illum
596 3404 648 3448 et
680 3392 981 3448 ferventem
1012 3393 1256 3449 divinum
1290 3395 1573 3464 sapientiae
1615 3411 1878 3463 amorem,
1916 3399 2004 3453 cui

415 3488 485 3540 ab
525 3486 756 3540 infantia
784 3484 1037 3542 addictus
1084 3501 1258 3555 usque
1291 3487 1358 3539 ad
1396 3496 1729 3542 senectutem
1753 3503 2008 3557 perman-

414 3577 508 3632 sit.
547 3577 683 3632 Atsi
724 3576 793 3630 ad
835 3576 985 3631 hunc
1018 3577 1243 3632 minime
1287 3578 1538 3633 contueri
1572 3587 1757 3648 potes,
1814 3581 2004 3648 quales

412 3668 450 3721 ii
471 3668 565 3737 qui
605 3667 905 3723 infirmiore
947 3675 1077 3724 sunt
1094 3668 1379 3723 oculorum
1404 3670 1599 3725 obtutu
1625 3672 1694 3726 ad
1729 3673 2003 3743 aspicien-

414 3754 543 3808 dutn
571 3755 765 3820 solem,
811 3756 868 3810 in
893 3766 1214 3812 sanctorum
1242 3758 1460 3813 illorum
1488 3760 1768 3816 hominum
1790 3764 2003 3820 intuere

413 3853 645 3907 caelum,
669 3845 763 3915 qui
791 3846 862 3900 ab
891 3860 958 3900 eo
986 3846 1275 3901 institutus
1300 3854 1406 3913 est,
1431 3857 1594 3917 atque
1624 3850 1746 3905 illos
1769 3852 2000 3922 imitare,

415 3933 510 4004 qui
561 3934 686 3989 vita:
745 3934 1039 4005 splendore
1094 3935 1340 3992 illustres
1392 3937 1729 4009 singularum
1780 3951 2001 3998 aetatum

414 4028 731 4085 hominibus
764 4028 831 4083 ad
860 4029 1184 4084 imitandum
1224 4032 1492 4101 propositi
1525 4041 1674 4088 sunt.
1702 4033 1857 4090 llune
1880 4038 2001 4091 vita:

416 4126 625 4175 nostra:
660 4134 888 4191 scopum
925 4122 1210 4192 proposuit
1246 4122 1411 4178 Deus.
1457 4123 1608 4181 Multi
1646 4128 1697 4181 in
1743 4129 1828 4185 his
1868 4129 2001 4184 ado-

413 4214 685 4269 lescentes
740 4215 796 4268 in
852 4214 1088 4285 simplici
1145 4217 1504 4285 temperantia
1568 4233 1996 4286 consenuerunt,

412 4307 736 4377 rationeque
782 4322 908 4361 cum
960 4316 1298 4363 senectutem
1333 4311 1739 4381 prteriptterint,
1772 4324 1828 4369 et
1876 4331 1996 4371 mo-

2110 3123 2273 3193 μέχρι
2303 3122 2490 3193 γήρως
2522 3121 2824 3192 διήρκεσεν.
2853 3120 2916 3171 Et
2943 3117 3000 3170 δὲ
3039 3117 3322 3180 ἁδυνατείς
3366 3115 3502 3186 πρὸς
3530 3115 3700 3171 αύτδν

2107 3217 2240 3287 όρᾷν
2267 3255 2282 3280 ,
2332 3213 2585 3286 καθάπερ
2616 3212 2752 3284 πρὸς
2781 3211 2872 3266 τὸν
2909 3209 3060 3281 ἥλιον
3106 3209 3156 3263 ot
3204 3207 3333 3272 τοὺς
3383 3207 3696 3279 ὀφθαλμοὺς

2109 3306 2541 3376 ἐμπαθέστερον
2579 3304 2645 3357 σὺ
2693 3303 2750 3356 δὲ
2803 3299 3108 3370 ἀπόϐλεψον
3153 3299 3235 3362 είς
3273 3299 3367 3353 τὸν
3420 3297 3511 3352 ὑπ’
3545 3297 3699 3369 αὐτῷ

2105 3399 2434 3469 τεταγμένον
2463 3396 2572 3451 τῶν
2598 3395 2769 3466 ἁγίων
2790 3393 2969 3466 χορὸν,
2991 3391 3120 3456 τοὺς
3146 3390 3284 3460 πρὸς
3315 3390 3545 3462 μίμησιν
3582 3389 3700 3444 τῶν

2107 3490 2228 3544 καθ’
2256 3490 2471 3561 ἡλικίαν
2521 3486 2829 3558 γενομένων
2874 3484 2953 3556 τῷ
2992 3484 3094 3556 βίῳ
3123 3482 3458 3555 λάμποντας.
3493 3481 3699 3537 Τοῦτον

2103 3581 2314 3636 τέθεικε
2398 3581 2600 3635 σκοπὸν
2661 3583 2690 3635 ὁ
2749 3579 2882 3643 Θεὸς
2945 3582 3016 3651 τῇ
3095 3578 3340 3651 ἡμετέρᾳ
3396 3575 3534 3649 ζωῇ.
3606 3578 3697 3632 Ἐν

2103 3669 2186 3737 οἷς
2236 3672 2420 3727 πολλοὶ⁸
2450 3672 2572 3736 ταῖς
2620 3670 2859 3742 ἡλικίαις
2910 3669 3193 3734 νεάζοντες
3212 3709 3228 3733 ,
3266 3671 3325 3723 ὲν
3354 3668 3435 3740 τῷ
3467 3666 3694 3739 καθαρῷ

2102 3764 2201 3832 τῆς
2230 3761 2582 3832 σωφροσύνης
2603 3758 2998 3830 ὲπολιώθησαν.
3021 3758 3323 3832 φθάσαντες
3346 3760 3425 3829 τῷ
3445 3758 3693 3829 λογισμῷ

2101 3856 2164 3909 τὸ
2199 3854 2377 3924 γῆρας
2402 3893 2417 3915 ,
2449 3852 2542 3906 καὶ
2595 3851 2675 3923 τῷ
2720 3850 2907 3922 τρόπῳ
2935 3848 3294 3922 παρελθόντες
3335 3850 3425 3904 τὸν
3452 3849 3643 3920 χρόνον
3673 3866 3690 3882 ·

2102 3945 2152 3998 οἳ
2189 3945 2280 3998 τὸν
2309 3943 2407 4013 τῆς
2446 3942 2634 4011 σοφίας
2671 3940 2850 4014 ἔρωτα
2886 3940 3044 4012 μόνον
3088 3940 3391 4012 ἐγνώρισαν
3413 3982 3430 4007 ,
3475 3941 3574 4010 οὐχ
3608 3940 3692 3993 ὅτι

2103 4036 2317 4107 φύσεως
2344 4034 2548 4106 ἑτέρως
2587 4028 2728 4102 εἶχον
2771 4033 2865 4102 (ἐν
2910 4031 3079 4085 ἅπασι
3127 4030 3236 4101 γὰρ
3268 4034 3302 4102 ἡ
3332 4030 3470 4103 σάρξ
3501 4030 3693 4084 ἐπιθυ-

2104 4128 2196 4198 μεϊ
2215 4126 2351 4179 κατὰ
2371 4125 2465 4179 τοῦ
2496 4126 2803 4194 πνεύματος
2825 4128 2862 4187 ),
2884 4121 2998 4176 ἀλλ’
3028 4121 3214 4192 ἐπειδὴ
3238 4122 3417 4185 καλῶς
3448 4122 3690 4193 ἤκουσαν

2102 4216 2195 4269 τοῦ
2228 4214 2503 4280 εἰπόντος,
2535 4214 2673 4284 ὄτιή
2706 4210 3027 4284 σωφροσύνη
3060 4211 3214 4276 ξύλον
3243 4212 3358 4265 ἐστὶ
3381 4212 3523 4283 ζωῆς
3552 4214 3690 4267 πᾶσι

2103 4311 2215 4373 τοῖς
2251 4307 2626 4379 ἀντεχομένοις
2658 4306 2826 4377 αὐτῆς
2851 4324 2864 4336 ·
2895 4306 2987 4359 ἐπὶ
3032 4304 3224 4358 τούτου
3277 4304 3371 4359 τοῦ
3402 4304 3559 4370 ξύλου
3595 4305 3689 4360 τὸν

411 4399 566 4455 ribus
599 4401 864 4471 temporis
888 4416 1112 4457 cursum
1144 4405 1556 4468 auteverterint,
1583 4404 1636 4460 hi
1680 4407 1857 4461 solum
1900 4423 1987 4463 sa-

2105 4402 2191 4472 τῆς
2225 4401 2370 4472 ζωῆς
2412 4400 2653 4454 κλύδωνα
2682 4397 2872 4469 ῶσπερ
2898 4397 2990 4450 ἐπὶ
3020 4396 3236 4467 σχεδίας
3261 4397 3404 4460 τινὸς
3432 4395 3690 4449 διαπλεύ-

413 4490 631 4559 pientiae
687 4506 928 4547 amorem
978 4499 1399 4564 cognoverunt:
1449 4509 1558 4549 non
1614 4493 1758 4564 quod
1803 4504 1997 4552 natura

410 4582 708 4638 dissimiles
728 4592 914 4639 essent
944 4583 1041 4653 (in
1077 4584 1334 4640 omnibus
1362 4585 1507 4639 enim
1565 4600 1695 4641 caro
1730 4588 1996 4645 adversus

411 4670 667 4741 spiritum
738 4674 1079 4744 concupiscit
1102 4673 1188 4745 ⁸³),
1242 4674 1338 4730 sed
1381 4674 1641 4744 quoniam
1690 4684 1838 4731 recte.
1867 4692 1994 4732 eum

412 4763 725 4830 audierunt,
757 4764 851 4835 qui
888 4774 1038 4822 recte
1064 4765 1241 4833 dixit,
1290 4767 1417 4821 vita:
1458 4767 1665 4838 lignum
1714 4767 1991 4839 quoddam

408 4858 826 4926 temperantiam
876 4872 998 4914 esse
1056 4858 1125 4913 iis
1162 4860 1258 4928 qui
1307 4858 1365 4912 in
1412 4858 1562 4915 illius
1627 4860 1871 4916 studium
1908 4862 1993 4917 itt-

409 4946 712 5003 eumhuut:
768 4948 873 5005 hoc
929 4950 1099 5021 ligno,
1147 4949 1306 5020 quasi
1345 4951 1471 5005 navi
1515 4951 1731 5021 aliqua,
1775 4951 1852 5008 illi
1886 4952 1992 5007 litt-

408 5047 663 5094 ctuosum
689 5040 1072 5098 adolescentia:
1101 5057 1252 5097 mare
1281 5043 1645 5113 praetervecti,
1671 5043 1738 5098 ad
1771 5054 1989 5116 portum

408 5133 608 5189 divinae
627 5134 927 5191 voluntatis
959 5136 1330 5207 appulerunt:
1354 5136 1579 5207 jamque
1611 5137 1794 5194 animo
1834 5147 1988 5193 tran-

409 5225 581 5294 quillo
644 5234 814 5294 sunt,
861 5227 1038 5282 otioso
1090 5235 1256 5298 atque
1303 5228 1373 5282 ab
1410 5228 1664 5284 omnibus
1729 5228 1988 5287 fluetibus

2102 4510 2323 4558 σαντες,
2353 4494 2432 4555 είς
2458 4491 2548 4545 τὸν
2573 4491 2767 4563 λιμένα
2794 4491 2887 4545 τοῦ
2926 4490 3229 4562 θελήματος
3261 4487 3353 4542 τοῦ
3380 4486 3516 4541 Θεοῦ
3550 4486 3689 4542 καθ-

2098 4584 2475 4657 ωρμίσθησαν.
2512 4583 2621 4637 Καὶ
2665 4582 2760 4636 νῦν
2806 4583 2865 4638 ὲν
2907 4582 3060 4654 εὑδίᾳ
3097 4581 3188 4636 καὶ
3222 4581 3430 4651 γαλήνῃ
3457 4579 3556 4659 τῂν
3581 4580 3689 4650 ψυ-

2098 4679 2199 4751 χὴν
2227 4677 2539 4748 ἀκύμαντον
2576 4674 2779 4748 ἔχουσι,
2822 4675 3144 4747 μακαριστοὶ
3173 4675 3273 4745 τῆς
3318 4672 3571 4736 εύπλοῖας
3590 4688 3606 4702 ”
3633 4672 3686 4726 οἶ

2096 4770 2159 4824 ’τὸ
2191 4769 2311 4824 καθ’
2338 4768 2562 4833 ἑαυτοὺς
2590 4769 2685 4823 ἐπὶ
2713 4765 2812 4840 τῆς
2844 4766 3055 4838 ἀγαθῆς
3089 4765 3302 4830 ἐλπίδος
3324 4805 3342 4833 ,
3370 4763 3560 4835 ὥσπερ
3591 4763 3687 4818 ἐπί

2095 4875 2240 4928 τινος
2268 4860 2545 4932 ἀσφαλοῦς
2574 4858 2821 4933 ἀγκύρας
2856 4857 3282 4929 βεϐαιωσάμενοι
3307 4895 3323 4920 ,
3352 4855 3542 4927 πόρρω
3573 4852 3685 4908 τῶν

2094 4954 2355 5026 κυμάτων
2393 4954 2496 5018 τῆς
2530 4950 2776 5026 ταραχῆς
2812 4948 3210 5022 ἀτρεμοῦντες,
3257 4945 3508 5017 καθάπερ
3542 4960 3686 5015 mp-

2097 5045 2223 5110 σούς
2251 5063 2403 5112 τινας
2452 5045 2562 5100 ἀπὸ
2594 5042 2804 5115 ὑψηλῆς
2835 5041 3187 5116 φρυκτωρίας
3211 5079 3227 5106 ,
3266 5038 3365 5110 τὴν
3394 5035 3503 5091 τῶν
3533 5034 3685 5090 ἰδίων

2096 5135 2228 5206 βίων
2255 5135 2612 5207 λαμπρότητα
2651 5135 2761 5198 τοῖς
2789 5132 3076 5205 ἑπομένοις
3106 5128 3439 5201 προέθηκαν.
3466 5122 3683 5179 Οὐκοῦν

2092 5227 2290 5299 ἔχομεν
2320 5227 2456 5297 πρὸς
2501 5225 2561 5280 ὃν
2589 5224 2989 5287 ἀποσλέποντες
3013 5218 3272 5292 ἀσφαλῶς
3310 5219 3404 5273 τὸν
3431 5214 3685 5270 κλύδωνα

410 5326 642 5386 remoto,
698 5320 910 5390 hacque
967 5320 1111 5375 felici
1162 5321 1514 5391 navigatione
1567 5321 1642 5377 illi
1685 5323 1989 5380 beatissimi

2105 5319 2199 5373 τῶν
2227 5318 2545 5390 πειρασμῶν
2569 5318 2867 5388 διαφυγεῖν.
2910 5315 2975 5370 Τί
3007 5332 3097 5386 μοι
3126 5311 3602 5384 πολυπραγμονεῖς
3630 5307 3685 5360 ετ

408 5410 653 5479 quidem,
700 5412 958 5481 quoniam
1017 5426 1144 5466 eum
1201 5412 1256 5466 in
1312 5413 1516 5482 Optima
1543 5428 1661 5484 spe,
1699 5415 1857 5483 quasi
1931 5415 1986 5469 in

2089 5429 2232 5476 τινες
2279 5412 2387 5466 τῶν
2423 5404 2598 5465 ταῦτα
2649 5407 3038 5480 διανοηθέντων
3071 5403 3415 5477 ἡττήθησαν,
3449 5399 3548 5455 καὶ
3588 5398 3681 5453 διὰ

410 5500 689 5557 tutissimo
727 5503 913 5574 aliquo
956 5510 1149 5574 portu,
1205 5503 1461 5559 anchoris
1505 5503 1670 5575 jactis
1722 5519 1810 5562 res
1849 5518 1978 5562 suas

2105 5504 2245 5565 ςοῦτο
2288 5501 2682 5573 ἀπογινώσκεις
2714 5501 2787 5567 ὡς
2834 5498 3117 5573 ἀμηχάνου
3171 5493 3263 5552 τοῦ
3310 5492 3680 5569 πράγματος;

481 5688 528 5723 ﬂ
549 5687 694 5740 Psal.
731 5700 861 5743 xvtt.
897 5682 985 5742 26.
1070 5684 1109 5716 ιθ
1143 5681 1317 5738 Colat.
1357 5702 1410 5745 γ.
1445 5686 1526 5741 17.
