4072 6156
287 383 295 386 ,
314 337 425 395 H3
1633 340 1723 398 DE
1765 339 1910 399 VIRC

2009 340 2225 399 lTATB.
3454 337 3564 393 ιιι

315 454 466 526 Πρὸς
488 453 587 556 τὸν
605 455 1004 556 κατωρθωκότσ
1030 456 1193 556 ﬂii-tne
1208 498 1224 526 ,
1251 458 1347 515 καὶ
1376 459 1593 532 θαρρῶν
1626 462 1889 516 κατατόλ-

2009 461 2397 526 :onstituerint,
2428 459 2499 518 ab
2512 460 2659 516 omni
2680 458 2946 515 ﬂuctuum
2972 453 3381 527 perturbatione
3401 453 3563 526 longe

321 560 497 615 μησον
522 544 624 615 τῆς
660 544 867 617 ἀγαθῆς
896 548 1172 613 ναυτιλίας
1193 552 1260 621 τῇ
1302 550 1558 623 ἐπιπνοίᾳ
1607 550 1703 605 τοῦ
1738 552 1894 620 ἁγίου

2009 552 2159 625 positi
2193 566 2387 610 secure
2432 551 2764 622 quiescunt,
2821 562 3043 620 sumque
3072 548 3198 602 vitae
3245 546 3429 600 lumen
3477 560 3564 601 se-

320 633 637 704 Πνεύματος
660 674 676 699 ,
703 636 808 690 ὑπὸ
833 637 1137 712 κυϐερνήτῃ
1163 640 1243 712 τῷ
1270 641 1491 715 Χριστῷ
1523 644 1582 696 ἐν
1618 641 1698 713 τῷ
1726 643 1896 714 πηδα-

323 721 420 794 λίῳ
442 724 546 794 τῆς
573 725 908 798 εὐφροσύνης
938 729 1309 800 εὐθυνόμενος.
1341 732 1477 787 Οὐδὲ
1512 732 1621 804 γάρ
1647 734 1697 787 οί
1737 750 1897 787 κατα-

324 810 605 878 ϐαίνοντες
634 817 713 879 είς
741 816 1012 872 θάλασσαν
1039 821 1098 874 ὲν
1128 821 1353 886 πλοίοις,
1382 823 1478 877 καὶ
1503 822 1780 887 ποιοῦντες
1806 825 1895 895 ὲρ-

323 903 518 973 γασίαν
560 906 620 959 ἐν
662 907 815 962 ὕδασι
863 909 1094 982 πολλοῖς,
1121 913 1182 967 τὸ
1219 912 1431 983 συμϐάν
1488 931 1592 969 τινι
1641 914 1894 982 ναυάγιον

324 992 551 1064 κώλδμα
591 994 701 1051 τῶν
728 995 958 1052 ἐλπίδων
985 999 1307 1072 πεποίηνται
1332 1017 1347 1032 ·
1386 1001 1523 1056 ἁλλὰ
1547 1001 1646 1073 τὴν
1684 1001 1895 1073 ἀγαθὴν

325 1082 514 1137 ὲλπίδα
535 1085 744 1141 ἑαυτῶν
772 1087 1218 1161 προὸαλλόμενοι,
1247 1091 1340 1146 ἐπὶ
1362 1091 1424 1145 τὸ
1446 1092 1616 1165 πέρας
1645 1092 1740 1146 τοῦ
1762 1109 1896 1148 κατ-

325 1172 643 1245 ορθώματος
675 1178 1008 1254 σπεύδουσιν.
1032 1176 1110 1235 Ἦ
1138 1182 1261 1253 οὐχὶ
1291 1183 1508 1239 πάντων
1552 1183 1898 1239 ἀτοπώτατον

326 1264 396 1320 ἂν
435 1266 543 1338 εἴη,
569 1265 634 1320 τὸ
658 1267 756 1338 μὲν
781 1269 1047 1341 σφαλῆναι
1075 1288 1198 1326 τινα
1226 1274 1285 1326 ἐν
1309 1272 1390 1345 τῷ
1414 1273 1778 1347 ῆκριὸωμένῳ
1800 1293 1900 1330 πο-

324 1357 487 1429 νηρὸν
522 1358 803 1427 τίθεσθαι,
841 1361 963 1416 ὅλον
990 1363 1050 1417 δὲ
1093 1363 1185 1418 τὸν
1223 1364 1336 1435 βίον
1387 1366 1814 1437 καταγηρῶντας
1842 1369 1900 1422 ὲν

325 1448 637 1520 σφάλμασιν
681 1451 920 1523 ἄμεινον’
941 1456 1190 1525 ἡγεῖσθαι
1244 1456 1591 1528 βουλεύεσθαι
1625 1475 1641 1524 ;
1674 1461 1739 1513 El
1789 1460 1901 1532 γὰρ

321 1537 492 1595 δεινόν
521 1543 670 1595 ἐστιν
691 1543 839 1609 ἁπαξ
863 1547 1222 1617 προσεγγίσαι
1257 1550 1324 1621 τῇ
1369 1549 1613 1622 ἁμαρτία
1632 1591 1648 1616 ,
1693 1551 1788 1604 καὶ
1812 1550 1902 1606 διὰ

321 1629 481 1685 τοῦτο
506 1632 745 1702 ἀσφαλὲς
776 1631 914 1689 εἶναι
962 1636 1202 1708 νομίζεις
1228 1634 1290 1691 τὸ
1340 1640 1475 1710 μηδὲ
1508 1641 1775 1711 ἐγχειρεῖν
1822 1638 1901 1710 τῷ

323 1720 642 1794 ὑψηλοτέρῳ
670 1724 888 1796 σκοπῷο
917 1726 1067 1798 πόσῳ
1107 1729 1485 1801 χαλεπώτερόν
1520 1732 1669 1785 ἐστιν
1710 1732 1901 1801 ἐπιτή-

322 1811 495 1882 δευμα
520 1812 637 1883 βίου
680 1815 779 1885 τὴν
808 1817 1079 1890 ἁμαρτίαν
1104 1822 1470 1891 ποιήσασθαι,
1501 1822 1595 1875 καὶ
1625 1821 1712 1877 διὰ
1742 1821 1899 1875 τοῦτο
1930 1803 1973 1859 Β

322 1898 590 1974 ἀμέτοχον
616 1906 842 1961 καθόλου
874 1908 974 1979 τῆς
1002 1909 1391 1981 καθαρωτέρας
1417 1912 1689 1982 διαμεῖναι
1715 1912 1858 1982 ζωῆς
1882 1929 1897 1979 ;

322 1995 450 2061 Πῶς
472 1996 677 2071 ἀκούῃς
701 1999 796 2053 τοῦ
819 2000 1255 2073 ἐσταυρωμένον,
1285 2005 1313 2057 6
1339 2002 1466 2069 ζῶν,
1485 2003 1579 2058 τοῦ
1608 2000 1898 2058 ἀποθανόν-

321 2106 414 2153 τος
452 2093 522 2162 τῇ
557 2091 803 2165 ἁμαρτίᾳ
825 2131 840 2156 ,
869 2095 897 2148 6
934 2095 1056 2148 κατ’
1104 2096 1273 2166 αὐτὴν
1307 2096 1565 2165 ὑγιαίνων
1586 2136 1603 2162 ,
1660 2096 1755 2151 τοῦ
1811 2115 1903 2151 κε-

321 2180 570 2269 λεύοντος
594 2182 695 2255 τὴν
738 2183 1095 2255 ἁκολούθησιν
1147 2185 1319 2239 ὀπίσω
1367 2185 1565 2251 αὐτοῦ,
1620 2185 1808 2257 ὥσπερ
1848 2204 1901 2241 τι

320 2273 584 2343 τρόπαιον
639 2274 783 2329 κατὰ
823 2275 914 2331 τοῦ
966 2277 1366 2348 ’Δντικειμένου
1408 2278 1498 2332 τὸν
1530 2279 1760 2348 σταυρὸν
1808 2279 1902 2332 ἐπὶ

321 2364 417 2419 τοῦ
452 2364 704 2436 σώματος
747 2367 1037 2439 φέροντος,
1075 2370 1105 2421 6
1155 2369 1229 2440 μὴ
1281 2369 1680 2441 σταυρούμενος
1707 2368 1786 2440 τῷ
1814 2369 1905 2423 κό-

324 2474 449 2529 σμῳ
472 2498 489 2524 ,
528 2457 625 2511 καὶ
668 2458 767 2530 τὴν
793 2458 1057 2530 νέκρωσιν
1092 2459 1192 2530 τῆς
1222 2461 1423 2532 σαρκὸς
1461 2460 1535 2532 μὴ
1584 2461 1902 2531 δεχόμενος;

324 2546 450 2611 Πῶς
493 2547 653 2619 πείθῃ
703 2548 782 2619 τῷ
815 2548 1220 2621 παρακαλοῦντι
1266 2568 1324 2603 σε
1357 2551 1574 2622 Παύλῳ,
1617 2552 1903 2621 παραστῆι

326 2653 416 2692 σαι
436 2638 501 2691 τὸ
523 2638 686 2710 σῶμά
717 2654 810 2694 σου
839 2637 1027 2694 θυσίαν
1053 2641 1255 2708 ζῶσαν,
1286 2643 1467 2711 ἀγίαν,
1506 2625 1796 2711 εὐάρεστον
1828 2641 1906 2715 τῷ

325 2728 474 2800 Θεῷ,
505 2732 536 2783 6
566 2730 1100 2804 συσχηματιζόμενος
1138 2722 1217 2805 τῷ
1257 2733 1413 2788 αἰῶνι
1443 2733 1654 2806 τούτῳ,
1696 2736 1790 2789 καὶ
1830 2736 1905 2808 μὴ

327 2821 848 2893 μεταμορφούμενος
870 2825 936 2895 τῇ
971 2822 1332 2878 ἀνακαινώσει
1358 2822 1452 2879 τοῦ
1476 2824 1595 2888 νοός
1622 2841 1736 2890 σου,
1771 2823 1908 2897 μηδὲ

326 2911 649 2982 περιπατῶν
692 2913 752 2967 ὲν
782 2916 848 2986 τῇ
880 2914 1160 2985 καινότητι
1210 2915 1310 2985 τῆς
1342 2912 1487 2985 ζωῆς
1511 2914 1746 2986 ταύτης,
1791 2916 1905 2969 ἀλλ’

325 3002 408 3055 ετι
430 3003 535 3074 τὴν
561 3002 883 3059 ἀκολουθίαν
908 2998 1010 3077 τῆς
1050 3005 1145 3059 τοῦ
1174 3005 1405 3060 παλαιοῦ
1441 3005 1729 3078 ἀνθρώπου
1763 3006 1909 3076 ζωῆς

1995 643 2290 713 quentibus
2346 650 2603 711 tanquam
2663 640 2875 711 aliquas
2944 637 3189 695 caelestis
3255 636 3563 705 splendoris

1995 737 2242 792 flammas
2268 735 2616 806 protendunt.
2641 731 2811 803 Igitur
2844 730 3129 793 habemus,
3157 742 3267 799 quo
3302 740 3411 781 nos
3434 740 3561 780 cum

1996 824 2417 896 respexerimus,
2448 822 2808 878 tentationum
2843 816 3226 873 ﬂuctuationes
3270 821 3391 868 tuto
3441 828 3564 883 per-

1999 916 2375 973 transibimus.
2421 913 2564 981 Quid
2591 912 2810 969 curiose
2849 925 2879 965 a
2910 924 2996 964 me
3025 908 3246 979 quaeris,
3276 920 3345 960 an
3379 905 3438 972 ii,
3468 904 3563 974 qui

2000 1007 2115 1063 haec
2143 1007 2260 1077 ipsa
2284 1005 2806 1069 animadverterunt,
2829 998 3124 1069 aliquando
3145 994 3386 1066 superati
3417 993 3567 1050 sint?

1999 1108 2163 1169 atque
2213 1105 2497 1168 propterea
2537 1095 2820 1164 desperas,
2856 1088 3013 1161 quasi
3044 1102 3134 1144 res
3173 1086 3291 1141 haec
3333 1084 3568 1140 difﬁcilis

1999 1190 2119 1247 sit?
2147 1188 2422 1244 Contuere
2460 1186 2529 1242 ad
2574 1199 2698 1241 eum
2730 1183 2826 1255 qui
2861 1179 3137 1252 perfectus
3163 1185 3285 1242 est,
3328 1175 3568 1247 fortique

1998 1296 2065 1337 ac
2089 1280 2274 1336 fidenti
2307 1280 2490 1333 animo
2517 1284 2573 1333 te
2619 1275 2840 1347 optimae
2867 1273 2998 1329 huic
3047 1268 3413 1341 navigationi,
3462 1283 3567 1339 gu-

1999 1375 2291 1430 bernatore
2316 1370 2564 1435 Christo,
2613 1368 2852 1438 Spiritus
2890 1363 3067 1422 sancti
3116 1361 3320 1425 atllatu,
3357 1367 3570 1428 tempe-

1999 1465 2296 1534 rantiazque
2348 1461 2563 1531 navigio
2612 1466 2804 1515 vectus
2860 1454 3159 1511 committe.
3196 1450 3383 1521 Neque
3421 1447 3570 1503 enim

2000 1556 2092 1627 qui
2117 1570 2265 1609 mare
2299 1553 2580 1623 navigant,
2618 1556 3096 1616 mercaturamque
3119 1543 3258 1598 mari
3288 1544 3570 1603 exercent,

2001 1649 2057 1703 hi
2091 1648 2160 1702 ab
2187 1644 2438 1700 instituto
2460 1642 2574 1712 spei
2603 1655 2768 1697 cursu
2793 1638 3088 1698 desistunt,
3142 1631 3431 1704 naufragio
3474 1630 3574 1712 de:-

2001 1739 2199 1803 territi,
2220 1734 2365 1808 quod
2405 1706 2678 1806 quispiam
2717 1729 2949 1795 fecerit:
2987 1726 3084 1783 sed
3135 1726 3277 1782 bona
3325 1737 3425 1779 sua
3474 1706 3572 1791 spe

2003 1831 2105 1901 ipsi
2130 1829 2351 1885 excitati
2375 1828 2442 1881 ad
2486 1824 2711 1896 perfecti
2761 1819 3008 1877 muneris
3061 1818 3222 1873 finem
3286 1813 3570 1871 festinant.

2001 1924 2199 1977 Annon
2254 1918 2489 1974 maxime
2535 1916 2779 1972 omnium
2830 1911 3130 1968 absurdum
3179 1916 3348 1973 esset,
3380 1905 3474 1977 qui
3515 1904 3574 1959 in

2000 2027 2241 2083 errorem
2276 2010 2482 2066 incidat
2518 2009 2575 2063 in
2622 2004 3056 2076 exquisitissima
3090 1999 3311 2057 vivendi
3360 1999 3576 2053 ratione

2002 2103 2307 2175 improbum
2341 2116 2464 2156 eum
2493 2108 2703 2170 putare,
2747 2095 2841 2167 qui
2873 2108 3003 2150 vero
3060 2091 3116 2146 in
3148 2089 3297 2145 omni
3353 2088 3462 2143 vita
3517 2086 3573 2141 in

2002 2194 2152 2249 vitiis
2185 2189 2550 2253 consenescit,
2586 2185 2801 2256 opinari
2833 2197 2959 2238 eum
3002 2179 3200 2236 melius
3239 2175 3578 2233 consulere?

2007 2283 2064 2340 Si
2097 2284 2245 2341 enim
2276 2295 2443 2354 grave
2474 2287 2562 2335 est
2595 2276 2764 2334 semel
2802 2278 3091 2347 peccatum
3113 2270 3420 2333 admittere,
3450 2281 3580 2336 pro-

2004 2385 2300 2449 ptereaque
2329 2372 2667 2430 tutissimum
2700 2382 2825 2425 esse
2867 2364 3091 2429 statuis,
3146 2360 3443 2418 sublimius
3474 2356 3578 2423 ali-

2006 2448 2151 2540 quod
2207 2467 2549 2522 institutum"
2588 2470 2699 2516 non
2771 2456 2994 2529 aggredi
3053 2472 3069 2511 :
3149 2461 3354 2524 quanto
3419 2448 3577 2519 pejus

2004 2569 2110 2624 est,
2146 2560 2192 2615 si
2247 2559 2372 2629 quis
2422 2557 2549 2610 vitae
2608 2550 2849 2609 studium
2911 2549 2965 2602 in
3027 2554 3253 2618 peccato
3299 2541 3575 2604 adhibeat,

2005 2665 2235 2720 eamque
2271 2649 2342 2703 ob
2376 2659 2597 2700 causam
2633 2640 2911 2712 puriorem
2970 2640 3136 2692 vitam
3188 2634 3414 2690 omnino
3464 2646 3576 2686 non

2006 2735 2673 2812 experiatur?Quomodo
2706 2736 2799 2804 qui
2859 2731 3013 2795 vivit,
3069 2727 3415 2788 cruciﬁxum,
3479 2722 3577 2792 qui

2007 2841 2231 2905 peccato
2256 2838 2485 2901 vegetus
2514 2834 2618 2891 est,
2658 2831 2883 2896 peccato
2917 2827 3191 2876 mortuum
3222 2816 3406 2871 audiet
3436 2828 3577 2883 prae¢

2008 2903 2302 2995 cipientem
2338 2928 2398 2976 ut
2433 2920 2610 2990 ipsum
2639 2924 2921 2986 sequatur,
2943 2924 3161 2966 crucem
3197 2908 3346 2962 velut
3374 2903 3578 2959 hostile

2007 3026 2270 3088 tropaeum
2323 3025 2555 3083 corpore
2597 3009 2896 3073 ferentem,
2934 3006 2983 3061 is
3014 3002 3112 3079 qui
3146 3013 3325 3071 neque
3372 2995 3581 3051 mundo

328 3094 653 3165 περιέπωνς
699 3094 825 3160 Πῶς
874 3096 1177 3167 ίερατεύεις
1227 3094 1385 3167 Θεῷ,
1424 3096 1596 3150 καίτοι
1651 3098 1729 3160 εἰς
1778 3098 1909 3150 αὐτὸ

2009 3108 2337 3173 crucifixus,
2390 3118 2566 3172 neque
2630 3112 2852 3156 carnem
2918 3095 3249 3151 mortificare
3312 3089 3574 3159 dignatus

326 3185 487 3240 τοῦτο
512 3186 754 3258 χρισθεὶς
775 3226 792 3253 ,
840 3189 920 3252 είς
950 3189 1012 3242 τὸ
1060 3187 1392 3259 προσφέρειν
1434 3188 1604 3256 δῶρον
1630 3187 1707 3259 τῷ
1751 3188 1870 3257 Θεῷ
1891 3227 1906 3252 .

326 3277 500 3349 δῶρον
541 3278 600 3331 δὲ
639 3278 741 3332 οὐκ
790 3279 1068 3352 ἀλλότριόν
1103 3297 1157 3333 τι
1202 3279 1419 3344 πάντως
1442 3320 1456 3345 ,
1495 3280 1616 3333 οὐδὲ
1662 3276 1912 3335 ὑποϐολι-

330 3372 490 3438 μαῖον
511 3370 576 3423 ἐκ
598 3369 709 3423 τῶν
736 3368 932 3436 ἔξωθέν
972 3387 1054 3424 σοι
1084 3371 1503 3444 παρεπομένων,
1531 3369 1669 3424 ἀλλά
1694 3371 1754 3423 τὸ
1775 3370 1909 3440 ἀλη-

329 3458 440 3523 θῶς
475 3459 589 3528 σὸν,
618 3460 756 3532 ὅπερ
780 3461 926 3515 ἐστὶν
955 3462 984 3515 6
1012 3461 1120 3516 ἔσω
1144 3461 1428 3531 ἄνθρωπος
1448 3502 1465 3527 ,
1501 3459 1708 3524 τέλειός
1732 3477 1792 3513 τε
1818 3461 1933 3514 καὶ¹

326 3551 560 3621 ἄμωμος
594 3546 734 3604 εἶναι
763 3552 1011 3620 ὀφείλων,
1041 3552 1181 3607 κατὰ
1216 3553 1306 3607 τὸν
1346 3552 1474 3626 περὶ
1504 3551 1599 3605 τοῦ
1625 3548 1798 3623 ἀμνοῦ
1823 3550 1913 3604 νόδ

320 3647 469 3726 μον.
500 3640 689 3719 πάσης
732 3642 946 3716 κηλίδος
992 3661 1053 3698 τε
1100 3647 1195 3701 καὶ
1233 3644 1417 3716 λώϐης
1463 3643 1912 3716 ἀπηλλαγμένως

329 3733 457 3799 Πῶς
506 3730 602 3789 οὖν
651 3736 825 3790 ταῦτα
856 3738 1162 3808 προσοίσεις
1189 3737 1339 3809 Θεῷ,
1385 3738 1415 3790 6
1450 3737 1524 3809 μὴ
1558 3737 1769 3791 ἁκούων
1797 3735 1890 3790 τοῦ

329 3826 639 3881 κωλύεσθαι
666 3827 915 3899 ἱερᾶσθαι
942 3830 1033 3885 τὸν
1062 3831 1292 3899 ἄναγνον
1316 3847 1331 3896 ;
1366 3830 1429 3883 El
1451 3830 1507 3883 δὲ
1540 3831 1633 3883 καὶ
1663 3830 1754 3883 τὸν
1783 3827 1916 3884 Θεὸν

330 3918 664 3989 ἐπιφανῆναί
698 3935 781 3973 σοι
821 3919 1039 3987 ποθεῖς,
1077 3921 1130 3974 τί
1161 3922 1260 3975 οὒκ
1296 3920 1514 3985 ἀκούεις
1536 3921 1628 3973 τοῦ
1652 3919 1914 3985 Μωσέως,

333 4009 663 4082 καθαρεύειν
694 4012 800 4064 ἀπὸ
821 4011 1001 4082 γάμου
1028 4011 1107 4083 τῷ
1133 4011 1247 4083 λαῷ
1285 4012 1759 4085 παραγγέλλοντος
1782 4051 1797 4075 ,
1831 4012 1917 4065 ἵνα

334 4103 627 4173 χωρήσωσι
662 4102 753 4156 τοῦ
776 4102 910 4156 Θεοῦ
939 4102 1038 4175 τὴν
1066 4103 1403 4175 ἐμφάνειαν;
1438 4104 1500 4157 Ei
1534 4104 1591 4156 δὲ
1633 4103 1805 4174 μικρά
1834 4119 1917 4156 σοι

334 4193 512 4247 ταῦτα
538 4193 708 4256 δοκεῖ,
746 4195 808 4248 τδ
868 4195 1311 4267 συσταυρωθῆναι
1345 4194 1566 4266 Χριστῷ
1586 4234 1602 4260 ,
1631 4180 1693 4248 τί)
1742 4210 1920 4266 παρα-

340 4285 537 4356 στῆσαι
580 4286 771 4340 ἑαυτὸν
814 4285 1004 4341 θυσίαν
1036 4286 1192 4358 Θεῷ,
1225 4286 1287 4339 τὸ
1327 4285 1479 4357 ἱερέα
1532 4284 1785 4355 γενέσθαι
1823 4282 1918 4338 τοῦ

338 4375 474 4430 Θεοῦ
506 4375 603 4430 τοῦ
645 4376 868 4447 ὑψίστου
891 4412 908 4444 ,
942 4378 1003 4431 τὸ
1045 4377 1146 4449 τῆς
1196 4376 1435 4449 μεγάλης
1490 4375 1583 4431 τού
1621 4375 1757 4431 Θεοῦ
1809 4376 1922 4430 ἑπι-

1990 3199 2138 3254 -est?
2163 3195 2446 3263 Quomodo
2474 3193 2668 3253 Paulo,
2701 3189 2796 3260 qui
2855 3196 2907 3243 te
2940 3187 3025 3243 his
3077 3183 3265 3240 verbis
3318 3181 3582 3235 adhorta-

2012 3299 2100 3343 tur
2118 3289 2208 3342 ὀε
2254 3304 2274 3338 ι
2308 3284 2515 3338 Exhibe
2561 3270 2762 3350 corpus
2811 3287 2963 3333 tuum
3014 3275 3247 3330 hostiam
3287 3270 3580 3332 viventem,

2011 3386 2279 3441 sanctam,
2308 3376 2421 3431 Deo
2462 3374 2763 3446 placentem
2786 3410 2802 3435 ,
2837 3388 2856 3421 ι
2885 3369 3253 3438 obtemperas,
3275 3362 3370 3434 qui
3416 3360 3583 3430 hujus

2014 3469 2196 3525 saeculi
2224 3467 2471 3522 habitum
2504 3462 2691 3518 induis
2715 3459 2862 3531 ;"qui
2904 3472 3082 3528 neque
3125 3455 3326 3510 mentis
3361 3461 3466 3506 tuae
3496 3465 3585 3505 re-

2013 3562 2305 3619 novatione
2351 3558 2699 3618 immutatus,
2763 3567 2939 3620 neque
2980 3562 3177 3605 novam
3228 3544 3399 3613 hujus
3456 3542 3586 3598 vitae

2013 3654 2158 3709 viam
2217 3651 2498 3719 ingressus
2552 3642 2753 3704 veteris
2790 3639 3031 3695 hominis
3090 3637 3217 3691 vitae
3270 3634 3589 3702 institutum

2019 3738 2404 3815 persequeris?
2463 3731 2747 3800 Quomodo
2797 3729 2891 3784 Dei
2944 3724 3252 3784 sacerdotio
3294 3720 3580 3791 fungeris,

2016 3808 2109 3904 qui
2146 3808 2215 3886 ad
2243 3829 2348 3884 hoc
2377 3827 2580 3897 ipsum,
2611 3828 2669 3876 ut
2694 3835 2892 3874 munus
2935 3816 3184 3882 offerres,
3227 3819 3430 3868 unctus
3476 3808 3587 3866 es?

2009 3902 2211 4000 Munus
2232 3935 2363 3978 sane
2388 3934 2497 3974 non
2527 3914 2756 3971 omnino
2800 3911 3064 3975 alienum,
3114 3921 3293 3977 neque
3335 3902 3590 3974 supposio

1958 3998 1959 4001 η
2009 3996 2132 4071 tum
2162 4029 2225 4069 ex
2256 4012 2346 4076 iis,
2376 4020 2496 4079 qua:
2521 4005 2617 4060 tibi
2657 4002 3004 4058 extrinsecus
3037 3996 3319 4060 eveniunt,
3373 3993 3471 4050 sed
3497 4008 3590 4048 re-

2017 4121 2146 4163 vera
2175 4112 2355 4169 tuum,
2379 4097 2526 4170 quod
2552 4103 2638 4157 est
2664 4095 2830 4150 homo
2859 4100 2985 4146 tuus
3021 4088 3275 4152 interior,
3323 4086 3418 4157 qui
3460 4091 3590 4139 tan-

2019 4209 2181 4267 quam
2213 4204 2384 4262 agnus
2424 4188 2710 4248 innocens,
2753 4180 3106 4252 et_perfectus
3141 4193 3261 4233 esse
3298 4175 3484 4237 debet.
3519 4173 3593 4231 ab

2021 4262 2276 4354 omnique
2318 4277 2532 4335 macula
2578 4289 2644 4331 ac
2680 4272 2939 4330 sordibus
2986 4276 3252 4324 remotus.
3298 4262 3586 4331 Quomodo

2022 4378 2138 4433 hac
2164 4375 2284 4445 ipsa
2317 4370 2428 4428 Deo
2471 4367 2688 4433 oneres,
2751 4365 2848 4436 qui
2915 4362 3022 4433 legi
3080 4375 3189 4415 non
3241 4356 3591 4445 ohtempéras

339 4466 568 4535 φανείας
588 4461 882 4538 ἀξιωθῆναι
911 4483 927 4498 ·
950 4466 1004 4521 τί
1037 4443 1120 4521 σοι
1151 4443 1353 4521 τούτων
1381 4443 1753 4538 ἐπινοήσωμεν
1791 4466 1910 4539 ὑψη-

2022 4443 2354 4539 prohibenti,
2399 4475 2470 4517 ne
2511 4472 2672 4516 sacra
2706 4456 2957 4527 impurus
2994 4451 3158 4507 faciat
3181 4448 3205 4503 Ἰ
3227 4446 3307 4502 Ac
3344 4445 3392 4539 si
3423 4443 3590 4500 Deum

340 4550 589 4630 λότερον,
618 4556 778 4629 εἴπερ
829 4573 914 4612 σοι
954 4558 1125 4631 μικρὰ
1155 4560 1249 4614 καὶ
1277 4558 1347 4613 τὰ
1375 4558 1482 4612 ἀπὸ
1507 4557 1708 4612 τούτων
1734 4557 1875 4623 δόξει
1900 4570 1917 4624 ;

351 4650 449 4703 Ἐκ
482 4649 583 4721 μὲν
620 4649 731 4721 γὰρ
767 4649 860 4704 τοῦ
894 4651 1371 4724 συσταυρωθῆναι,
1395 4651 1489 4705 καὶ
1520 4649 1751 4721 συζῆσαι
1772 4689 1788 4715 ,
1823 4649 1920 4704 καὶ

345 4738 768 4814 ωνδοξασθῆναι
792 4782 809 4808 ,
836 4745 931 4798 καὶ
964 4740 1392 4817 συμϐασιλεύσαι
1439 4743 1821 4814 προσγίνεται’
1854 4744 1919 4797 ἐκ

341 4832 400 4887 δὲ
425 4835 521 4888 τοῦ
545 4829 743 4891 ἑαυτὸν
774 4837 1122 4908 παραστῆσαι
1157 4838 1235 4908 τῷ
1258 4836 1377 4907 Θεῷ
1400 4877 1416 4902 ,
1454 4837 1561 4891 ἀπὸ
1582 4836 1680 4905 τῆς
1710 4835 1921 4908 ἀνθρω-

343 4924 507 4994 πίνης
543 4924 761 4994 φύσεως
788 4927 881 4980 καὶ⁸
907 4927 1063 4993 ἀξίας
1085 4967 1102 4992 ,
1135 4929 1214 4990 είς
1237 4927 1335 4993 τὴν
1365 4925 1660 4996 ἀγγελικὴν
1682 4927 1797 4980 ἐστι
1822 4941 1919 4995 με-

343 5014 698 5082 τατάξασθαι.
726 5015 884 5071 Οὕτω
911 5017 1019 5089 γὰρ
1050 5034 1182 5090 φησι
1213 5017 1309 5072 καὶ
1336 5016 1366 5071 6
1410 5017 1608 5089 Δανιὴλ
1631 5057 1647 5082 ,
1678 5018 1760 5073 ὅτι
1793 5018 1920 5072 (Χί-

346 5112 456 5160 λιαι
485 5107 722 5178 χιλιάδες
746 5110 1204 5181 παρειστήκεισαν
1232 5107 1400 5180 αὐτῷ.
1431 5127 1451 5162 ι
1495 5109 1555 5162 Ὀ
1580 5107 1637 5161 δὲ
1661 5109 1760 5179 τῆς
1784 5108 1918 5182 ἁλη-

346 5198 499 5270 οινῆς
539 5200 842 5273 ἱερωσύνης
880 5200 1209 5273 λαϐόμενος,
1240 5200 1332 5254 καὶ
1359 5200 1438 5274 τῷ
1484 5200 1705 5272 μεγάλῳ
1736 5200 1920 5271 ἀρχιε-

349 5294 434 5359 ρεῖ
457 5292 649 5346 ἑαυτὸν
680 5293 945 5361 συντάξας
962 5335 978 5358 ,
1017 5294 1166 5364 μένει
1194 5295 1411 5358 πὰντως
1434 5295 1527 5347 καὶ
1550 5291 1713 5356 αὐτὸς
1744 5293 1922 5363 ἱερεὺς

346 5383 427 5446 είς
455 5382 548 5438 τὸν
570 5383 767 5448 αἰῶνα,
797 5383 977 5437 οὐκέτι
1008 5384 1221 5455 θανάτῳ
1252 5383 1592 5457 παραμένειν
1622 5382 1702 5446 εἰς
1733 5382 1796 5436 τὸ
1839 5382 1920 5436 δι-

347 5476 541 5546 ηνεκὲς
564 5474 923 5546 κωλυόμενος.
950 5475 1056 5530 Τοῦ
1091 5475 1150 5529 δὲ
1170 5474 1262 5529 τὸν
1297 5474 1430 5529 Θεὸν
1455 5475 1626 5529 εἰπεῖν
1656 5470 1923 5537 καταξιω-

348 5566 509 5653 θῆναι
554 5566 686 5620 ἰδεῖν
711 5607 725 5632 ,
764 5568 864 5621 οὐκ
888 5567 1044 5633 ἀλλος
1074 5567 1157 5634 τίς
1182 5569 1327 5623 ἐστιν
1364 5567 1392 5620 ό
1429 5567 1672 5640 καρπδς,
1712 5563 1746 5634 ἢ
1794 5563 1926 5619 αὐτὸ

423 5743 468 5775 ⁸⁸
498 5741 656 5801 ltcm.
690 5758 788 5804 xu.
824 5745 872 5800 l.

2021 4529 2118 4611 tibi
2140 4565 2402 4626 apparere
2429 4547 2662 4626 expetis,
2689 4544 2822 4616 quid
2851 4554 3032 4597 causa;
3058 4546 3162 4604 est,
3204 4551 3303 4591 cur
3343 4529 3585 4603 Moysem

2020 4664 2131 4703 non
2163 4622 2376 4710 audias,
2411 4642 2505 4713 qui
2533 4622 2735 4710 populo
2794 4634 2982 4699 edicit,
3008 4638 3071 4687 ut
3098 4645 3127 4684 a
3172 4624 3378 4695 nuptiis
3423 4636 3594 4694 purus

2026 4739 2120 4804 sit,
2148 4752 2261 4808 quo
2293 4736 2387 4791 Dei
2429 4740 2712 4804 aspectum
2761 4719 3226 4793 comprehendat?
3265 4716 3364 4772 Sin
3396 4714 3592 4785 exigua

2021 4831 2137 4887 hare
2168 4806 2285 4885 tibi
2318 4825 2594 4887 videntur,
2633 4833 2760 4876 cum
2805 4815 3029 4874 Christo
3065 4810 3229 4869 simul
3271 4806 3593 4863 crucifixum

2022 4934 2165 4985 esse,
2199 4931 2261 4973 se
2286 4916 2466 4987 ipsum
2493 4909 2729 4966 hostiam
2771 4904 2882 4961 Deo
2924 4903 3206 4967 exhibere,
3251 4896 3595 4954 sacerdotem

2028 4983 2464 5068 ﬁeriAltissimi,
2515 5012 2822 5070 magnoque
2870 4996 2964 5050 illo
3010 4991 3109 5049 Dei
3158 4988 3453 5061 splendore
3496 4983 3587 5041 di-

2027 5115 2193 5172 gnum
2216 5095 2404 5152 haberi
2428 5112 2443 5149 :
2464 5107 2587 5166 qua:
2611 5089 2805 5145 altiora
2831 5101 2930 5143 nos
2958 5084 3053 5138 tibi
3073 5077 3591 5160 commentabimur,

2028 5159 2074 5247 si
2106 5203 2227 5261 quae
2257 5201 2325 5243 ex
2359 5184 2427 5241 iis
2461 5159 2892 5250 consequantur,
2950 5172 3088 5229 levia
3134 5171 3301 5226 etiam
3336 5159 3597 5237 putabis?

2030 5283 2108 5337 Ex
2134 5296 2201 5337 eo
2234 5278 2378 5336 enim
2414 5275 2561 5347 quod
2608 5270 2773 5338 simul
2803 5267 3142 5336 cruciligarc,
3171 5275 3279 5316 una
3310 5259 3474 5315 etiam
3514 5255 3597 5311 vi-

2028 5387 2154 5429 vere
2186 5385 2251 5427 ac
2294 5364 2467 5439 gloria
2515 5362 2711 5420 florere
2752 5369 2807 5416 et
2850 5370 3079 5428 regnare
3126 5351 3470 5423 acquiritur;
3527 5362 3596 5403 ex

2031 5479 2095 5522 co
2153 5469 2357 5526 autem,
2407 5456 2552 5530 quod
2603 5453 2843 5523 seipsum
2889 5449 2998 5505 Deo
3031 5446 3155 5518 quis
3206 5442 3473 5508 exhibuit,
3528 5439 3597 5493 ah

2032 5560 2270 5620 humana
2331 5562 2528 5613 natura
2588 5546 2960 5621 dignitateque
3013 5543 3143 5599 licet
3185 5539 3241 5596 iu
3296 5533 3595 5610 angelicam
