4072 6156
459 312 569 370 415

1694 313 1749 368 S.
1783 312 2110 370 GREGORII
2135 312 2426 368 NYSSEM

3607 313 3720 370 ,416

458 435 806 491 commutari.
835 436 906 488 Ita
933 434 1078 489 enim
1114 432 1301 488 Daniel
1326 452 1340 488 :
1379 451 1395 483 ι
1426 431 1622 488 Millics
1645 434 1688 462 “
1720 434 1866 487 mille
1896 434 2028 488 asti-
2058 480 2066 501 Α

2141 434 2286 487 τοῦτο
2336 435 2391 486 τὸ
2431 434 2833 505 καταξιωθῆναι
2867 435 2958 488 τὸν
3005 433 3136 487 Θεὸν
3180 434 3325 487 ἰδεῖν.
3375 433 3565 503 Πὰσης
3609 435 3722 506 γὰρ

459 535 645 581 terunt
669 527 739 581 ei.
767 546 784 578 ι
809 525 910 591 Qui
939 533 1118 578 autem
1145 532 1231 580 est
1251 525 1318 578 ab
1337 539 1404 578 eo
1424 531 1702 594 acceptus,
1729 525 1821 594 qui
1849 540 2032 578 verum

460 617 788 672 sacriticinm
836 624 942 678 est,
981 617 1306 685 summoque
1341 616 1687 671 sacerdotum
1715 615 1946 685 principi
1978 630 2035 670 se

461 709 636 776 ipsum
665 705 971 772 constituit,
1024 716 1207 760 manet
1239 707 1464 760 omnino
1505 713 1557 759 et
1607 705 1725 775 ipse
1773 704 2034 759 sacerdos

461 800 514 852 in
555 805 845 859 aeternum,
874 813 977 852 nec
1008 812 1037 850 a
1079 805 1254 852 morte
1287 798 1340 851 in
1393 798 1786 866 sempiternum
1821 811 2034 866 perma-

459 905 590 944 nere
638 890 985 959 prohibetur.
1022 889 1175 945 Illius
1214 905 1362 954 vero,
1398 889 1491 959 qui
1527 889 1749 958 dignum
1780 905 1838 942 se
1869 888 2032 944 Deum

457 981 641 1036 videre
676 981 908 1050 putavit,
947 996 1056 1034 non
1089 981 1288 1050 aliquis
1319 980 1458 1036 alius
1489 979 1704 1033 fructus
1731 988 1836 1043 est,
1869 994 2033 1049 quam

456 1073 562 1127 hoc
587 1073 788 1142 ipsum.
835 1088 1032 1144 nempe
1062 1072 1209 1143 quod
1250 1073 1423 1127 Deum
1462 1072 1649 1127 videre
1700 1071 1900 1142 dignus
1933 1073 2033 1125 lia-

458 1163 605 1217 hitus
632 1173 733 1218 est.
763 1161 954 1217 Omnis
990 1163 1135 1217 enim
1173 1163 1289 1232 spei
1320 1178 1557 1227 summa,
1595 1165 1778 1218 omnis
1827 1163 2033 1232 cupidi-

459 1256 588 1310 tatis
615 1253 904 1322 perfectio,
937 1254 1120 1308 omnis
1146 1263 1203 1309 et
1229 1254 1630 1320 beneﬁcentiae,
1677 1261 1730 1307 et
1775 1254 2033 1324 promissi

458 1341 650 1407 divini,
681 1354 736 1397 et
772 1343 1130 1398 ineﬁ‘abilium
1163 1346 1452 1407 bonorum,
1489 1359 1612 1413 qua:
1641 1359 1817 1413 neque
1842 1360 2031 1407 sensu,

461 1449 640 1503 neque
675 1436 986 1505 cognitione
1017 1435 1220 1505 percipi
1257 1450 1418 1504 posse
1465 1434 1673 1490 credita
1721 1443 1868 1501 sunt,
1911 1435 2034 1492 ﬁnis

460 1521 549 1576 hic
571 1531 652 1576 est
673 1529 834 1592 atque
858 1530 1039 1592 caput.
1071 1521 1183 1576 Hoc
1201 1521 1412 1592 Moyses
1439 1523 1720 1594 expetivit,
1743 1523 1847 1578 hoc
1874 1525 2032 1578 multi

461 1614 754 1683 prophetzc,
789 1613 890 1668 hoc
942 1621 996 1669 et
1053 1629 1207 1683 reges
1276 1613 1466 1670 videre
1536 1614 1870 1682 cupierunt:
1930 1614 2032 1669 soli

458 1720 591 1760 vero
653 1705 706 1759 hi
743 1706 890 1776 digni
933 1713 1216 1776 putantur,
1247 1705 1342 1774 qui
1405 1705 1570 1760 corde
1605 1707 1764 1774 puri,
1822 1705 1916 1776 qui
1964 1705 2034 1760 ob

2137 525 2347 588 ἐλπίδος
2376 527 2408 595 ἡ
2449 525 2698 596 κορυφὴ,
2748 527 2838 578 καὶ
2874 525 3054 596 πάσης
3103 525 3398 596 ἐπιθυμίας
3420 567 3433 590 ,
3467 526 3725 594 εὐλογίας

2133 633 2192 669 τε
2215 615 2348 668 Θεοῦ
2370 656 2384 679 ,
2416 617 2745 684 ἐπαγγελίας
2776 617 2957 686 πάσης
2983 657 2996 680 ,
3030 617 3124 669 καὶ
3168 615 3274 668 τῶν
3303 617 3558 687 ἀρρήτων
3589 619 3727 684 ἀγα-

2137 707 2264 772 θῶν,
2295 706 2399 760 τῶν
2443 707 2580 778 ὑπὲρ
2611 706 2864 776 αἴσθησίν
2901 725 2959 760 τε
2992 709 3086 761 καὶ⁹
3115 708 3316 775 γνῶσιν
3347 707 3724 777 πεπιστευμέ-

2135 813 2240 850 νων
2265 837 2279 860 ,
2311 797 2372 850 τὸ
2406 798 2579 866 πέρας
2615 799 2708 850 καὶ
2738 799 2797 850 τὸ
2831 798 3124 866 κεφάλαιον
3157 798 3313 850 τοῦτό
3355 799 3500 850 ἐστιν
3525 841 3538 862 ,
3565 799 3591 851 ὃ
3624 799 3724 852 καὶ

2133 887 2161 938 ὁ
2187 887 2391 956 Μωσῆς
2421 887 2546 939 ἰδεῖν
2591 887 2895 957 ἐπεπόθησε
2919 927 2933 949 ,
2967 889 3059 940 καὶ
3093 888 3278 940 πολλοὶ
3308 890 3581 958 προφῆται
3627 889 3725 940 καὶ

2137 979 2372 1050 βασιλεῖς
2401 979 2755 1050 ἐπεθύμησαν
2775 997 2790 1011 ⁸
2824 979 3100 1046 ἀξιοῦνται
3139 980 3193 1032 δέ
3225 981 3374 1050 μόνοι
3405 981 3454 1032 οἱ
3489 981 3724 1049 καθαροὶ

2133 1074 2198 1141 τῇ
2230 1069 2446 1140 καρδίᾳ,
2476 1071 2524 1122 οί
2550 1069 2640 1123 διὰ
2655 1068 2811 1122 τοῦτο
2833 1070 2998 1134 ὅντως
3031 1070 3290 1140 μακάριοι
3320 1068 3415 1123 καὶ
3449 1069 3600 1129 ὄντες
3627 1068 3724 1122 καὶ

2133 1161 2542 1231 ὀνομαζόμενοι,
2578 1161 2659 1214 ὅτι
2698 1160 2851 1214 αὐτοὶ
2879 1161 2970 1214 τὸν
2999 1161 3132 1214 Θεὸν
3154 1160 3376 1229 όψονται
3402 1175 3416 1188 °
3449 1155 3524 1212 ὧν
3556 1159 3722 1211 ἓνεκα

2135 1258 2230 1309 καὶ
2265 1256 2322 1308 σὲ
2355 1253 2655 1324 βουλόμεθα
2688 1252 2940 1322 γενέσθαι
2985 1250 3436 1322 συσταυρωθέντα
3476 1248 3722 1320 Χριστῷ,

2134 1347 2488 1418 παραστάντα
2516 1346 2592 1416 τῷ
2617 1345 2736 1416 Θεῷ
2765 1344 2927 1412 ἁγνὸν
2962 1344 3110 1416 ἱερέα
3129 1384 3143 1406 ,
3176 1344 3270 1396 καὶ
3309 1341 3547 1412 καθαρὸν
3571 1341 3723 1410 θῦμα

2134 1440 2444 1510 γενόμενον,
2480 1441 2538 1492 ἐν
2571 1438 2721 1510 πάσῃ
2751 1436 3082 1507 καθαρότητι
3111 1433 3197 1489 διὰ
3224 1435 3322 1504 τῆς
3352 1433 3574 1500 ἁγνείας
3600 1432 3726 1484 ἑαυ-

2133 1532 2224 1583 τὸν
2253 1531 2616 1601 ἐτοιμάσαντα
2643 1532 2709 1600 τῇ
2751 1527 2846 1580 τοῦ
2873 1527 3005 1580 Θεοῦ
3036 1526 3336 1597 παρουσία·
3373 1525 3460 1578 ἵνα
3501 1525 3595 1577 καὶ
3622 1522 3726 1574 αὐ-

2133 1623 2223 1685 τὸς
2253 1623 2368 1692 ἴδῃς
2416 1622 2509 1675 τὸν
2551 1621 2684 1674 Θεὸν
2725 1623 2782 1673 ἐν
2831 1619 3045 1689 καθαρᾷ
3087 1620 3152 1688 τῇ
3199 1615 3414 1686 καρδίᾳ,
3451 1613 3592 1666 κατὰ
3622 1612 3725 1682 τὴν

2137 1713 2471 1780 ἐπαγγελίαν
2528 1712 2621 1765 τοῦ
2675 1710 2812 1765 Θεοῦ
2870 1709 2964 1764 καὶ
3025 1708 3276 1777 Σωτῆρος
3322 1705 3479 1778 ἡμῶν
3542 1701 3724 1774 Ἰησοῦ

459 1795 567 1849 hoc
595 1796 772 1865 ipsum
805 1797 946 1850 beati
977 1803 1108 1850 sunt
1144 1804 1198 1850 et
1253 1795 1546 1861 habentur,
1605 1796 1865 1864 quoniam
1924 1796 2031 1865 ipsi

2141 1801 2406 1871 Χριστοῦ,
2439 1796 2484 1870 ᾧ
2519 1803 2553 1872 ἡ
2601 1801 2726 1866 δόξα
2777 1803 2857 1864 είς
2901 1801 3030 1862 τοὺς
3071 1797 3275 1860 αἰῶνας
3319 1796 3428 1849 τῶν
3479 1793 3718 1884 αίιίζνων.

462 1884 630 1939 Deum
656 1885 920 1940 videbunt
944 1888 1030 1952 ";
1067 1901 1133 1940 ex
1174 1885 1379 1956 quibus
1416 1895 1466 1940 te
1520 1901 1684 1939 unum
1717 1887 1831 1941 ﬁeri
1873 1887 2034 1941 volu-

2156 1891 2207 1942 ‘A
2220 1890 2347 1961 μήν.

460 1992 604 2040 mus,
639 1977 731 2045 qui
775 1992 900 2031 cum
933 1976 1154 2034 Christo
1203 1993 1312 2032 una
1369 1979 1690 2043 cruciﬁxus,
1745 1987 1798 2033 te
1837 1995 2034 2050 purum
2077 1983 2418 2037 sacerdotem
2457 1981 2568 2037 Deo
2596 1983 2900 2038 exhibeas:
2949 1981 3110 2050 quive
3159 1976 3307 2035 omni
3380 1991 3518 2047 pura
3581 1975 3757 2033 into-.

461 2069 656 2136 gritate
691 2066 1023 2123 sacriﬁcium
1071 2086 1270 2141 purum
1342 2069 1524 2126 factus
1562 2072 1860 2138 castitatis,
1930 2074 2106 2144 ipsius
2145 2075 2400 2143 praesidio
2430 2082 2482 2130 te
2509 2075 2575 2129 ad
2608 2078 2898 2130 adventum
2941 2073 3153 2127 Domini
3185 2087 3365 2142 pares.
3394 2079 3454 2124 ut
3492 2077 3549 2123 tu
3582 2084 3725 2138 quo-

460 2176 564 2226 que
596 2177 732 2230 puro
755 2161 919 2217 corde
955 2161 1123 2218 Deum
1158 2163 1420 2233 aspicias,
1450 2172 1512 2218 ut
1540 2166 1835 2235 promissio
1879 2168 2038 2223 nobis
2079 2169 2220 2222 facta
2247 2178 2332 2224 est
2379 2183 2411 2223 a
2458 2169 2566 2224 Deo
2603 2168 3002 2240 Servatoreque
3069 2176 3259 2222 nostro
3301 2165 3432 2222 Jesu
3470 2164 3718 2228 Christo,

458 2267 581 2307 cum
618 2268 728 2323 quo
758 2252 932 2323 gloria
961 2254 1316 2324 omnipotenti
1349 2257 1483 2323 Deo,
1520 2271 1630 2310 una
1669 2272 1794 2313 cum
1827 2259 2036 2330 Spiritu
2075 2269 2265 2317 sancto
2295 2261 2352 2315 in
2383 2261 2717 2332 sempiterna
2742 2261 2962 2318 saecula.
2993 2260 3190 2314 Amen.

529 2408 570 2437 “
602 2406 813 2463 Daniel.
846 2423 947 2473 vn,
983 2409 1069 2464 lO.
1148 2410 1194 2439 ²⁹
1226 2408 1418 2466 Matth.
1446 2426 1502 2478 v,
1530 2410 1583 2465 8.

2492 2603 3690 2633 ..Μ

1159 2768 1459 2884 ΤΟΥ
1547 2767 2039 2883 ΑΥΤΟΥ
2149 2768 3011 2886 ΓΡΗΓΟΡΙΟΥ

778 2996 1067 3084 ΠΡΟΣ
1139 2999 1429 3089 ΤΟΥΣ
1504 2989 2292 3083 ΒΡΑΔΥΝΟΝΤΑΣ
2364 2994 2536 3080 ΕΙΣ
2607 2996 2756 3079 ΤΟ
2829 2986 3413 3086 ΒΑΠΤΙΣΜΑ.

2055 3211 2127 3225 .-

1291 3357 1925 3476 EJUSDEM
2011 3356 2134 3470 S.
2230 3353 2910 3471 GREGORII

465 3598 1077 3696 ADVERSUS
1147 3594 1369 3690 EOS
1430 3598 1640 3705 QUI
1709 3596 2412 3687 DIFFERUNT
2463 3572 3164 3684 BAPTISMUM
3208 3585 3722 3687 ORATIO.

1693 3793 1921 3846 Gentiano
1944 3792 2150 3846 Herveto
2168 3794 2441 3861 interprete.

544 4098 714 4170 Hujus
748 4102 937 4156 mundi
970 4117 1146 4173 reges,
1187 4117 1310 4157 cum
1341 4103 1484 4176 leges
1535 4105 1876 4176 scripserint,
1922 4121 2042 4176 qua?

2215 4109 2276 4161 Οἱ
2296 4108 2398 4176 τῆς
2413 4105 2735 4178 οἰκουμένης
2759 4103 3237 4174 ταύτηςβασιλεῖς,
3261 4105 3421 4175 ἡνίκα
3444 4105 3509 4160 ἂν
3525 4104 3730 4177 νόμους

476 4193 751 4247 hominum
802 4195 928 4248 vitae
974 4203 1179 4250 certam
1221 4196 1460 4266 regulam
1506 4198 1890 4264 constituunt,
1944 4212 2038 4252 eas

467 4286 746 4341 tradentes
780 4287 1217 4357 magistratibus,
1265 4303 1362 4356 per
1397 4287 1522 4344 illos
1567 4303 1661 4343 eas
1695 4288 1893 4358 jubent
1935 4304 2040 4358 puo

468 4378 658 4432 blicari
691 4378 922 4439 civibus,
961 4387 1019 4433 ut
1050 4381 1347 4449 quaajussa
1373 4378 1600 4446 fuerint,
1642 4379 1723 4434 sic
1750 4388 2039 4434 serventur

468 4472 748 4525 inviolata.
788 4469 947 4524 Dedit
976 4479 1157 4526 autem
1191 4486 1419 4540 magnus
1458 4485 1677 4541 quoque
1722 4468 1867 4526 Deus
1899 4471 2043 4541 leges

470 4564 836 4618 Ecclesiarum
873 4563 1106 4618 ducibus
1133 4603 1147 4626 ,
1196 4577 1334 4633 quas
1377 4562 1614 4633 singulis
1670 4562 1830 4616 annis
1878 4563 2043 4617 certis

469 4653 806 4723 temporibus
858 4651 1220 4723 proferentes,
1282 4652 1436 4706 vobis
1483 4652 1754 4721 legimus,
1810 4657 1864 4706 et
1922 4667 2044 4721 quae

469 4749 674 4818 Scripta
725 4755 855 4801 sunt
895 4747 1152 4814 jubemus
1209 4762 1430 4802 scrvare
1490 4763 1591 4818 pro
1635 4747 1869 4804 viribus.
1908 4746 2046 4803 Ecce

471 4853 600 4906 ergo
648 4838 825 4890 bonus
872 4836 1258 4891 universorum
1305 4837 1673 4907 dispensator,
1725 4839 1818 4907 qui
1870 4852 2045 4893 annos

444 4934 693 4980 ‘revocat
753 4934 808 4980 ct
861 4935 1166 4995 temporum
1219 4927 1488 4995 gubernat
1549 4925 1850 4991 ambitum,
1902 4925 2046 4980 diem

473 5017 696 5071 adduxit
727 5018 1018 5071 salutarem
1051 5032 1159 5086 quo
1189 5017 1428 5071 solemus
1471 5031 1668 5071 vocare
1701 5015 1945 5086 hospites
1979 5016 2046 5071 ad

473 5110 819 5180 adoptionem
856 5110 909 5163 in
945 5110 1106 5174 ﬁlios,
1146 5124 1346 5179 egenos
1395 5109 1460 5164 ad
1510 5109 1696 5180 gratiae
1756 5110 2048 5178 participa-

473 5205 699 5266 tionem,
727 5201 1162 5271 adpcccatorum
1192 5201 1636 5255 eniundationem
1667 5216 1762 5256 eos
1795 5203 1887 5271 qui
1919 5207 2049 5256 sunt

475 5294 743 5364 inquinati
783 5294 1040 5349 sordibus
1101 5302 1476 5364 peccatorum.
1517 5291 1582 5346 Et
1616 5293 1733 5348 hare
1770 5302 1855 5350 est
1892 5302 2048 5348 vetus

476 5386 567 5438 illa
611 5386 947 5454 praedicatio,
999 5401 1119 5454 qua:
1152 5386 1254 5439 fuit
1291 5385 1452 5455 paulo
1491 5395 1782 5456 antequam
1819 5402 2046 5456 appare-

2144 4200 2496 4270 συγγράψωσι
2543 4200 2668 4262 τοὺς
2705 4196 2813 4250 τῶν
2858 4195 3162 4267 ἀνθρώπων
3216 4196 3364 4266 βίους
3416 4195 3596 4260 καλῶς
3623 4213 3722 4250 κα·

2142 4293 2446 4356 νονίζοντας
2467 4333 2482 4357 ,
2525 4293 2640 4354 τοῖς
2687 4291 2944 4361 ἄρχουσιν
2977 4289 3174 4353 αὐτοὺς
3209 4289 3625 4359 ἐγχειρίζοντες,
3655 4288 3727 4341 δι’

2143 4383 2366 4437 ἐκείνων
2407 4382 2687 4436 κελεύουσι
2733 4383 2844 4443 τοῖς
2876 4379 3135 4450 ὑπηκόοις
3165 4379 3584 4450 δημοσιεῦεσθαι
3607 4419 3624 4446 ,
3658 4379 3729 4432 ἶν’

2143 4475 2313 4538 οὕτως
2372 4474 2702 4544 ἀπαράϐατα
2761 4471 2828 4524 τὰ
2879 4472 3329 4543 προστεταγμένα
3385 4471 3728 4541 φυλάττοιτο.

2148 4567 2358 4620 Ἔδωκε
2403 4566 2460 4620 δὲ
2515 4569 2542 4619 ὁ
2577 4565 2747 4636 μέγας
2789 4564 2921 4627 Θεὸς
2962 4564 3158 4633 νόμους
3189 4565 3301 4627 τοῖς
3339 4563 3448 4616 τῶν
3496 4561 3733 4632 Ἐκκλη-

2148 4659 2278 4712 σιῶν
2309 4659 2606 4730 ἡγεμόσιν,
2644 4657 2736 4721 οὓς
2787 4657 2908 4710 καθ’
2955 4656 3186 4710 ἕκαστον
3234 4654 3480 4708 ἐνιαυτὸν
3526 4655 3582 4706 ἐν
3617 4655 3733 4716 τοῖς

2148 4751 2445 4822 καθήκουσι
2491 4749 2701 4821 χρόνοις
2751 4746 3156 4818 προφέροντες,
3208 4744 3733 4814 ὑπαναγινὼσκομεν

2149 4845 2296 4915 ὑμῖν,
2324 4844 2417 4896 καὶ
2439 4845 2624 4913 τηρεῖν
2653 4843 2732 4904 εἰς
2770 4841 2998 4910 δύναμιν
3022 4841 3090 4894 τὰ
3117 4839 3478 4910 γεγραμμένα
3517 4836 3734 4890 κελεύο-

2152 4953 2268 5006 μεν.
2313 4935 2440 4989 Ίδοὺ
2490 4935 2668 4988 τοίνυν
2726 4936 2754 4987 ὁ
2801 4934 2908 4986 τῶν
2937 4933 3071 4986 ὅλων
3103 4931 3304 5002 ἀγαθὸς
3347 4931 3664 5000 οἰκονόμος,
3700 4929 3732 4981 ὁ

2147 5029 2272 5089 τοὺς
2329 5026 2604 5088 ἐνιαυτοὺς
2655 5023 2971 5077 ἀνακυκλῶν
3023 5025 3119 5077 καὶ
3163 5021 3440 5094 κυϐερνῶν
3483 5020 3579 5092 τὴν
3615 5018 3730 5071 τῶν

2150 5123 2354 5192 χρόνων
2394 5121 2659 5191 περίοδον,
2692 5121 2896 5189 ἤγαγεν
2935 5118 3145 5188 ἡμέραν
3175 5117 3456 5186 σωτήριον,
3499 5111 3620 5164 καθ’
3656 5112 3727 5180 ἢν

2153 5211 2379 5281 σύνηθες
2403 5213 2532 5282 μῖν
2549 5209 2732 5262 καλεῖν
2755 5211 2834 5271 εἰς
2857 5207 3126 5261 υἱοθεσίαν
3147 5207 3271 5268 τοὺς
3303 5205 3505 5270 ξένους,
3523 5203 3600 5264 εἰς
3627 5202 3730 5271 χά-

2154 5319 2300 5373 ριτος
2327 5301 2613 5372 μετουσίαν
2630 5299 2754 5362 τοὺς
2781 5298 3124 5369 πενομένους,
3149 5299 3227 5360 εἰς
3253 5296 3518 5365 κάθαρσιν
3548 5294 3734 5363 ἀμαρ-

2151 5393 2281 5446 τιῶν
2320 5393 2446 5456 τοὺς
2492 5391 2912 5464 ἐρῤυπωμένους
2961 5393 3068 5452 τοῖς
3112 5388 3565 5459 πλημμελήμασι.
3617 5386 3732 5438 Καὶ

475 5487 559 5532 ret
595 5478 890 5532 Servator:
928 5496 945 5529 ι
980 5477 1092 5532 Vox
1141 5477 1429 5533 clamantis
1468 5479 1521 5534 in
1550 5478 1768 5533 deserto
1799 5498 1810 5532 :
1849 5477 2044 5532 Paratc

2151 5485 2304 5538 τοῦτό
2336 5487 2450 5537 ἐστι
2488 5483 2547 5536 τὸ
2573 5485 2796 5552 ἀρχαῖον
2827 5483 3002 5534 ἐκεῖνο
3033 5482 3292 5551 κήρυγμα
3312 5521 3325 5545 ,
3352 5478 3412 5531 τὸ
3455 5475 3733 5546 προλαϐὸν

476 5570 626 5626 viam.
643 5568 876 5636 Domini,
911 5580 1090 5626 rectas
1118 5571 1276 5626 facile
1301 5572 1525 5627 semitas
1548 5572 1668 5641 ejus
1689 5572 1754 5626 ".
1789 5570 1970 5637 »ρυοά
1995 5571 2038 5626 si

2148 5577 2326 5646 ὀλίγον
2359 5576 2450 5632 τοῦ
2477 5576 2724 5647 Σωτῆρος
2759 5575 2860 5647 τὴν
2891 5574 3231 5644 ἐπιφάνειανο
3262 5593 3279 5626 ι
3305 5571 3460 5641 Φωνὴ
3493 5567 3734 5638 βοῶντος

550 5726 596 5757 ’³
627 5725 734 5781 lsa.
775 5740 858 5793 ιι,
897 5725 962 5792 5;
999 5723 1190 5780 Matth.
1235 5741 1313 5793 ιιι,
1347 5726 1397 5780 '5.
1428 5744 1440 5791 ;
1495 5725 1660 5782 Marc.
1716 5741 1751 5796 ι,
1788 5726 1880 5791 5.;
1921 5725 2076 5783 Joau.
2107 5745 2141 5798 ι,
2178 5729 2263 5783 i5.
