4072 6156
286 259 394 314 417

1681 271 1770 328 DE
1814 272 2184 332 BAPTISMO.
2262 298 2263 301 η

3450 282 3557 341 413

283 376 345 429 ἐν
400 380 466 448 τῇ
522 378 733 450 ἐρήμῳ·
792 381 1149 455 Ἑτοιμάσατε
1197 385 1295 458 τὴν
1336 387 1454 444 ὁδὸν
1497 390 1726 463 Κυρίου,
1776 393 1868 446 εὐ-

1975 407 2076 464 ego
2100 407 2202 448 nec
2243 408 2363 449 sum
2396 391 2659 458 Joannes,
2693 408 2793 450 nee
2845 394 3053 451 David:
3104 402 3160 450 at
3199 396 3343 452 servi
3375 398 3555 455 humi-

284 465 441 532 θείας
468 471 646 522 ποεῖτε
688 471 788 534 τὰς
816 474 1037 543 τρίϐους
1074 476 1260 533 αὐτοῦ.
1289 498 1305 529 ι
1340 481 1403 534 Εί
1429 480 1487 533 δὲ
1517 483 1655 553 μήτε
1692 484 1870 538 Ἰωάν-

282 575 385 627 νης
407 599 421 619 .
458 560 597 630 μήτε
637 561 803 615 Δαϐὶδ
851 562 994 633 ἐγὼ,
1040 565 1175 619 ἀλλὰ
1212 569 1246 639 ὴ
1283 571 1606 641 ταπεινότης
1637 571 1731 625 τοῦ
1766 574 1871 626 ύπ-

282 665 317 718 η
325 648 481 718 ρέτου
512 647 588 721 μὴ
621 649 899 720 βλαπτέτω
923 652 1015 707 τοῦ
1046 656 1377 710 Δεσποτικοῧ
1404 659 1567 730 νόμου
1588 661 1686 732 τὴν
1709 662 1869 717 δύνα-

287 756 395 810 μιν.
427 736 568 792 Οὔτε
594 740 702 812 γὰρ
730 743 856 806 τοὺς
886 746 1251 815 γραμματέας
1282 747 1390 802 τῶν
1415 749 1593 820 νόμων
1621 751 1873 823 αἰδούμε-

282 847 362 885 νοι
411 833 524 894 τοῖς
560 832 1002 905 διηγορευμένοις
1035 838 1335 911 πειθόμεθα
1359 857 1373 873 ’
1403 843 1537 898 ἀλλὰ
1578 844 1875 910 δεδοικότες

282 919 375 973 τοῦ
399 921 709 991 Νομοθέτου
735 923 835 994 τὴν
865 924 1132 992 ἐξουσίαν,
1157 928 1540 1001 ὑποκύπτομεν
1564 934 1676 996 τοῖς
1701 949 1873 1003 προσ-

282 1012 574 1081 τάγμασιν.
609 1008 779 1067 τΗλθε
822 1016 979 1087 χάρις
1018 1016 1271 1091 βασιλικὴ
1311 1021 1432 1074 δυσὶ
1468 1023 1714 1092 τάγμασι
1763 1024 1873 1077 θλι-

283 1103 532 1174 ϐομένοις
557 1108 888 1179 χαριζομένη
920 1110 1020 1180 τὴν
1058 1113 1240 1167 ἄνεσιν
1259 1129 1274 1145 ·
1306 1116 1418 1176 τοῖς
1445 1113 1747 1185 δεσμώταις
1778 1116 1871 1168 λύ-

284 1212 390 1260 σιν,
412 1200 525 1261 τοῖς
555 1200 856 1267 ὀφειλέταις
889 1202 1254 1275 συγχώρησιν.
1286 1206 1394 1259 Καὶ
1422 1206 1508 1260 διὰ
1532 1205 1692 1260 τοῦτο
1716 1206 1870 1276 κάγὼ

283 1290 614 1361 ἀμφοτέροις
651 1294 763 1355 τοῖς
805 1294 1123 1364 τάγμασιν,
1170 1296 1242 1350 τὰ
1290 1298 1605 1368 κατάλληλα
1662 1300 1868 1370 ἰατρεῖα

281 1380 484 1447 ἀνοίγω
510 1398 521 1410 ·
547 1382 642 1434 καὶ
672 1382 810 1452 μετὰ
847 1384 1050 1454 πολλῆς
1093 1387 1469 1460 πεποιθήσεως
1498 1390 1867 1461 ὑπισχνοῦμαι

280 1470 379 1542 τὴν
408 1473 474 1525 ἐκ
508 1473 607 1542 τῆς
639 1475 956 1545 ἐπιμελείας
986 1476 1261 1548 βοήθειαν.

358 1562 478 1616 ’Ίνα
505 1563 563 1615 δὲ
596 1563 671 1635 μὴ
696 1566 895 1639 νομίσῃ
916 1584 999 1631 τις
1026 1568 1398 1624 πολυδάπανον
1426 1571 1525 1643 τὴν
1546 1571 1862 1644 θεραπείαν,

279 1654 417 1708 αὐτὰ
448 1656 698 1727 προλέγω
727 1657 797 1710 τὰ
822 1659 1090 1730 φάρμακα
1118 1656 1198 1724 οἷς
1224 1661 1453 1734 ἐξιῶμαι
1482 1667 1606 1727 τοὺς
1634 1665 1868 1735 κάμνον-

280 1762 397 1808 τας.
428 1745 556 1808 Τοῖς
606 1746 707 1817 μὲν
750 1748 858 1820 γὰρ
885 1749 952 1803 δι’
984 1749 1176 1815 ὕδατος
1205 1754 1299 1807 καὶ
1332 1752 1557 1826 λουτροῦ
1586 1754 1868 1826 ἐγγυῶμαι

280 1834 380 1907 τὴν
408 1836 623 1905 ύγείαν,
669 1838 777 1892 τῶν
808 1839 865 1893 δὲ
894 1841 961 1895 δι’
983 1842 1178 1911 ὀλίγων
1206 1844 1456 1915 δακρύων
1485 1846 1749 1917 ἐξαλείφω
1771 1848 1871 1918 τὴν

281 1930 459 1985 νόσον.
512 1931 684 2002 Ἀπλῆ
717 1932 826 2005 γὰρ
865 1935 898 2005 η
931 1936 1321 2008 μεταχείρησις
1342 1980 1358 2004 ,
1390 1938 1485 1994 καὶ⁵
1527 1938 1871 2010 θεόπεμπτος

281 2024 315 2092 ἡ
346 2021 546 2092 δωρεά,
579 2026 673 2077 καὶ
702 2025 912 2097 μεγάλη
943 2025 1160 2097 άληθῶς
1190 2030 1518 2102 ἡέπιτυχία,
1550 2032 1718 2103 χωρὶς
1746 2031 1871 2085 καύ-

281 2132 419 2179 σεως
471 2116 505 2187 ἢ
556 2116 731 2188 τομῆς
769 2117 996 2189 χρονίων
1027 2119 1405 2191 ἀπαλλαγῆναι
1435 2123 1765 2194 τραυμάτων
1792 2163 1805 2186 ,
1836 2124 1872 2179 ἃ.

278 2208 469 2271 κακῶς
500 2209 776 2281 ἐπάθομεν
816 2212 881 2263 ἐκ
921 2211 1030 2265 τῶν
1058 2212 1354 2283 δηγμάτων
1391 2213 1486 2267 τοῦ
1517 2214 1712 2284 ὄφεως.
1745 2216 1872 2269 Ἕλ-

279 2300 401 2353 θετε
435 2295 529 2354 οὖν
552 2343 566 2367 ,
594 2303 645 2355 οἱ
674 2305 1053 2376 κεκακωμένοι
1077 2346 1092 2370 ,
1141 2306 1277 2378 πρὸς
1304 2306 1402 2377 τὴν
1443 2307 1653 2361 ἐαυτῶν
1680 2309 1871 2381 ἐπιμέ-

276 2391 431 2446 λειαν
454 2433 469 2455 ,
513 2394 606 2447 καὶ
638 2395 714 2465 μὴ
759 2395 1003 2467 ῥᾳθυμίᾳ
1026 2395 1145 2449 δότε
1176 2396 1237 2450 τὸ
1266 2401 1517 2470 πρᾶγμα.
1543 2400 1714 2466 Νόσος
1762 2401 1872 2474 γὰρ

278 2484 655 2539 παλαιωθεῑσα
695 2486 790 2540 καὶ
821 2488 1184 2558 ὲγχρονίσασα
1206 2531 1221 2553 ,
1248 2490 1443 2561 τέχνης
1471 2490 1762 2562 θεραπείας
1786 2492 1872 2561 γί-

278 2593 427 2630 νεται
472 2576 758 2648 κρείττων.
803 2577 865 2630 Oi
911 2577 1144 2650 πένητες
1198 2580 1291 2633 καὶ
1338 2581 1556 2647 ἐνδεεῖς,
1595 2581 1870 2636 σπεύσατε

280 2668 417 2740 πρὸς
448 2669 547 2741 τὴν
591 2669 852 2741 διανομὴν
889 2670 998 2724 τῶν
1027 2670 1320 2741 βασιλικῶν
1366 2674 1722 2745 χαρισμάτων
1746 2691 1758 2703 ·
1802 2675 1871 2728 τὰ

280 2759 553 2833 πρόϐατα,
576 2760 713 2835 πρὸς
728 2759 826 2832 τὴν
858 2762 1131 2833 σφραγῖδα
1154 2762 1250 2816 καὶ
1274 2763 1335 2816 τὸ
1358 2766 1581 2835 σημεῖον
1604 2766 1698 2818 τοῦ
1718 2781 1873 2819 σταυ-

282 2850 376 2923 ροῦ
401 2852 463 2904 τὸ
492 2850 601 2905 τῶν
619 2852 809 2907 κακῶν
836 2852 1216 2925 ἀλεξητήριον.
1244 2853 1372 2908 Δότε
1403 2872 1491 2925 μοι
1519 2856 1587 2909 τὰ
1608 2856 1865 2927 ὀνόματα,

280 2944 367 2997 ἴνα
396 2942 508 3012 ἐγὼ
539 2944 635 3014 μὲν
674 2944 812 2998 αὐτὰ
840 2948 960 3008 ταῖς
988 2944 1275 3016 αἰσθηταῖς
1316 2947 1607 3019 ἐγχαράξω
1645 2948 1866 3019 βίϐλοις,

1979 485 2105 538 litas
2125 483 2229 554 legi
2256 484 2547 539 Dominicae
2571 500 2681 539 non
2713 484 2902 541 afferat
2932 487 3344 543 detrimentum.
3366 488 3555 560 Neque

1977 576 2336 651 enimglegum
2368 578 2670 646 scriptorcs
2721 579 2963 647 reveriti,
3030 594 3288 652 paremus
3329 582 3398 637 iis
3430 597 3554 652 qua:

1978 666 2047 721 ab
2078 667 2213 738 ipsis
2239 667 2507 737 jubentur
2537 686 2552 735 ;
2585 668 2680 724 sed
2722 669 3052 739 legislatoris
3087 672 3343 728 timentes
3394 681 3553 741 pote-

1979 764 2200 822 statem,
2232 758 2408 828 jussis
2440 775 2542 814 nos
2565 760 2961 816 submittimus.
2992 760 3152 817 Venit
3177 765 3351 834 gratia
3383 764 3552 835 regis,

1975 847 2194 904 duobus
2229 848 2443 905 alllictis
2472 850 2765 907 ordinibus
2798 852 3112 908 concedens
3146 854 3551 921 remissionem,

1975 953 2171 1008 nempe
2197 939 2396 995 vinctis
2446 940 2851 1005 liberationem,
2885 941 3226 999 debitoribus
3256 943 3425 999 debiti
3467 959 3555 999 re-

1972 1028 2315 1082 missionem.
2360 1028 2426 1083 Et
2454 1028 2576 1085 ideo
2595 1044 2695 1101 ego
2727 1044 2944 1100 quoque
2967 1032 3235 1087 ambobus
3266 1033 3552 1090 ordinibus

1971 1118 2386 1174 convenientem
2443 1121 2629 1190 aperio
2668 1121 3026 1189 medicinam;
3076 1132 3130 1177 et
3177 1137 3302 1177 cum
3355 1140 3551 1195 magna

1975 1210 2175 1265 liducia
2209 1211 2473 1282 polliceor
2491 1213 2635 1283 quod
2668 1228 2735 1269 ex
2761 1213 3041 1283 diligentia
3077 1214 3335 1283 procedet
3387 1217 3550 1273 auxi-

1972 1302 2125 1356 lium.

2040 1570 2120 1627 Ne
2146 1573 2270 1643 quis
2299 1582 2477 1629 autem
2503 1573 2803 1640 existimet,
2823 1574 3151 1631 medicinam
3176 1590 3299 1632 esse
3336 1591 3550 1649 magna:

1974 1662 2250 1733 impensae,
2315 1663 2553 1734 praedico
2591 1666 2711 1735 ipsa
2756 1665 3176 1731 medicamenta,
3230 1682 3355 1737 qua:
3413 1677 3545 1723 sunt

1971 1754 2279 1810 adhibenda
2313 1756 2713 1813 laborantibus.
2740 1755 2876 1811 Nam
2904 1757 3013 1814 illis
3035 1759 3253 1829 quidem
3291 1761 3553 1831 promitto

1970 1846 2261 1900 sanitatem
2294 1861 2392 1916 per
2423 1860 2623 1918 aquam
2657 1856 2712 1902 et
2754 1848 3075 1914 lavacrum,
3121 1849 3317 1904 borum
3366 1858 3551 1907 autem

1970 1954 2067 2010 per
2102 1954 2309 2010 paucas
2342 1940 2617 2012 lacrymas
2647 1939 2805 1995 deleo
2831 1941 3101 1996 morbum.
3135 1940 3230 1997 Est
3257 1943 3402 1998 enim
3424 1943 3567 2021 sim:

1971 2031 2091 2100 plex
2125 2030 2441 2101 applicatio,
2478 2039 2533 2086 et
2561 2045 2592 2084 a
2642 2029 2754 2085 Deo
2785 2031 3018 2088 missum
3067 2032 3295 2098 donum,
3350 2043 3407 2088 et
3436 2047 3555 2088 ma-

1971 2136 2110 2191 gnus
2139 2136 2327 2179 revera
2352 2131 2602 2185 eventus,
2639 2122 2851 2191 absque
2879 2123 3097 2178 ustione
3140 2133 3194 2178 et
3224 2125 3469 2179 sectione
3515 2139 3549 2178 a

1970 2213 2247 2269 diuturnis
2281 2214 2502 2269 liberari
2562 2214 2910 2278 vulneribus,
2955 2228 3077 2284 quae
3111 2216 3257 2285 passi
3290 2230 3483 2272 sumus
3519 2232 3552 2272 a

1972 2320 2158 2360 morsu
2186 2305 2480 2376 serpentis.
2533 2304 2728 2361 Venite
2790 2320 2943 2376 ergo,
2999 2308 3093 2375 qui
3154 2307 3315 2361 malis
3369 2306 3553 2363 allecti

1970 2396 2125 2461 estis,
2155 2396 2224 2451 ad
2272 2406 2512 2453 vestram
2542 2396 2911 2459 curationem,
2953 2411 3132 2467 neque
3160 2411 3273 2451 rem
3307 2398 3551 2469 negliga-

1924 2497 1931 2505 '
1972 2489 2060 2545 tis.
2093 2488 2318 2545 Morbus
2372 2489 2516 2544 enim
2566 2487 2865 2543 diuturnus
2892 2495 2948 2543 et
3010 2488 3589 2547 inveteratus.artem.

1973 2591 2201 2650 superat
2228 2591 2283 2635 et
2308 2580 2676 2634 curationem.
2719 2577 3000 2649 Pauperes
3028 2588 3082 2633 et
3112 2587 3361 2648 egentes,
3393 2579 3551 2635 festi-

1974 2679 2099 2726 uate
2141 2670 2208 2725 ad
2249 2668 2697 2725 distributionem
2740 2668 3012 2724 donorum
3052 2671 3356 2740 regalium;
3396 2686 3553 2736 oves,

1973 2763 2041 2818 ad
2063 2762 2403 2834 signaculum
2438 2767 2493 2814 et
2532 2760 2750 2830 signum
2784 2760 2992 2823 crucis,
3021 2759 3169 2830 quod
3208 2761 3365 2816 malis
3393 2776 3553 2832 opem

1973 2854 2077 2910 l‘ert
2105 2861 2159 2909 et
2197 2852 2522 2909 remedium.
2587 2851 2720 2907 Date
2769 2850 2901 2905 mibi
2933 2852 3180 2918 nomina,
3239 2860 3300 2907 ut
3333 2868 3433 2924 ego
3487 2869 3552 2909 ea

1974 2945 2286 3016 imprimam
2315 2943 2469 2999 libris
2510 2942 2827 3006 sensilibus,
2862 2949 2917 2996 et
2946 2942 3183 2998 scribam
3212 2953 3550 3009 atramento;

279 3034 377 3089 καὶ
398 3035 596 3105 γράψω
622 3035 702 3107 τῷ
736 3036 922 3106 μέλανι
948 3052 961 3067 ο
995 3036 1124 3100 Θεὸς
1164 3036 1221 3089 δέ
1242 3040 1363 3101 ταῖς
1393 3039 1691 3111 ἁφθάρτοις
1730 3040 1866 3093 πλα-

1974 3036 2119 3093 Deus
2148 3044 2330 3091 autem
2358 3050 2422 3090 ea
2454 3034 2631 3105 signet
2659 3033 2714 3087 in
2744 3033 2969 3095 tabulis,
3004 3033 3061 3088 in
3095 3048 3236 3104 quas
3269 3051 3380 3089 non
3405 3036 3553 3091 cadit

280 3122 364 3190 ξὶν
403 3126 819 3197 ἐνσημήνηται,
865 3124 1113 3196 δακτύλῳ
1158 3127 1376 3199 γράψας
1432 3128 1582 3201 ἰδίῳ,
1617 3130 1692 3194 ὥς
1738 3148 1867 3184 ποτε

279 3218 395 3280 τοῖς
432 3215 704 3288 Ἑϐραίοις
733 3215 826 3269 τὸν
854 3217 1036 3287 νόμον.

356 3324 377 3356 ι
409 3306 742 3378 Προσέλθετε
776 3308 914 3378 πρὸς
955 3308 1120 3362 αὐτὸν
1165 3310 1260 3363 καὶ
1308 3311 1632 3383 φωτίσθητε,
1679 3314 1868 3369 καὶτὰ

281 3398 554 3469 πρόσωπα
627 3399 782 3470 ὑμῶν
845 3400 906 3454 ού
963 3402 1040 3473 μὴ
1103 3404 1495 3476 καταισχυνθῇ.
1563 3407 1864 3472 Λούσασθε,

279 3489 548 3558 ἀφέλεσθε
576 3490 674 3555 τὰς
702 3492 972 3564 ἁμαρτίας
1001 3494 1175 3564 ὑμῶν.
1218 3517 1237 3550 ι
1285 3495 1470 3551 Ταῦτα
1507 3498 1722 3570 ἐγράφη
1763 3501 1868 3573 πρὸ

279 3581 483 3637 πολλοῦ
504 3598 518 3611 ·
550 3583 650 3637 οὐκ
681 3584 993 3657 ὲπαλαιῶθη
1036 3585 1094 3639 δὲ
1124 3587 1231 3640 τῶν
1269 3588 1613 3660 γραμμάτων
1641 3592 1673 3661 ἡ
1711 3591 1871 3645 δύνα-

281 3688 397 3742 μις,
423 3670 539 3724 ἀλλ’
567 3673 804 3742 ἀκμάζει
834 3674 927 3727 καὶ
960 3674 1081 3729 καθ’
1113 3676 1323 3748 ἡμέραν
1359 3677 1553 3749 ἰσχύει.
1595 3678 1866 3747 Ἐξέλθετε

278 3766 375 3820 τοῦ
397 3766 793 3838 δεσμωτηρίου,
819 3770 1142 3840 παρακαλῶ.
1166 3772 1447 3841 Μισήσατε
1469 3772 1537 3826 τᾶι
1569 3773 1665 3843 τῆς
1687 3775 1868 3844 ἁμαρ-

276 3858 399 3923 τίας
437 3859 688 3913 σκοτεινὰ
735 3860 1044 3933 οίκητήρια.
1080 3862 1313 3931 Φεύγετε
1352 3864 1443 3917 τὸν
1481 3863 1758 3928 διάϐολον,
1792 3865 1869 3930 ὡς

277 3951 480 4020 πικρὸν
508 3950 893 4022 δεσμοφύλακα
916 3991 931 4015 ,
966 3954 1030 4006 ἐκ
1075 3953 1176 4025 τῆς
1226 3958 1512 4028 συμφορᾶς
1545 3957 1654 4012 τῶν
1687 3959 1870 4030 ἁμαρ-

277 4041 468 4095 τωλῶν
499 4043 831 4114 τρεφόμενον
885 4046 979 4098 καὶ
1031 4044 1394 4117 κερδαίνοντα.
1451 4048 1537 4112 Ὠς
1583 4049 1693 4120 γὰρ
1738 4049 1870 4113 Θεὸς

275 4133 630 4205 εὐφραίνεται
666 4136 784 4199 ταῖς
812 4134 1179 4199 δικαιοσύναις
1204 4137 1384 4207 ἡμῶν,
1416 4138 1585 4203 οὕτως
1613 4139 1868 4210 ἐφήδεται

276 4226 395 4288 τοῖς
445 4223 890 4296 παραπτώμασιν
939 4230 968 4281 ό
1027 4225 1127 4296 τῆς
1166 4229 1439 4299 ἁμαρτίας
1489 4229 1682 4295 αἴτιος.
1727 4231 1870 4297 Ἔξω

1974 3129 2259 3194 interitus,
2302 3126 2551 3184 scribens
2604 3125 2831 3196 proprio
2880 3124 3054 3197 digito
3108 3133 3169 3180 ut
3198 3126 3329 3181 olim
3379 3127 3551 3199 legem

1970 3220 2233 3279 Hebraeis.

2049 3332 2068 3365 ι
2098 3312 2356 3368 Accedite
2371 3312 2440 3369 ad
2457 3329 2582 3370 eum
2603 3322 2657 3371 et
2676 3314 3084 3381 illuminamini,
3108 3322 3164 3370 et
3186 3313 3367 3371 vultus
3382 3313 3551 3370 vestri

1968 3407 2197 3462 minime
2219 3409 2428 3477 pudore
2445 3406 2754 3463 adiciantur
2770 3407 2836 3462 ³⁸.
2873 3407 3177 3473 Lavamini,
3203 3406 3412 3463 auferte
3433 3421 3553 3477 pee-

1969 3506 2090 3555 cata
2112 3506 2292 3555 vestra
2305 3500 2374 3552 ²⁵.
2408 3518 2427 3551 ι
2451 3498 2579 3554 Haec
2596 3498 2816 3569 quidem
2836 3499 3001 3569 longo
3018 3505 3263 3568 tempore
3284 3505 3409 3552 ante
3423 3498 3553 3553 scri-

1969 3599 2062 3661 pta
2094 3602 2262 3646 sunt:
2309 3592 2641 3660 scriptorum
2684 3598 2869 3645 autem
2911 3591 2993 3645 vis
3025 3590 3248 3644 minime
3275 3596 3360 3645 est
3406 3588 3549 3643 anti-

1971 3693 2138 3752 quala
2167 3720 2183 3747 ,
2218 3681 2314 3737 sed
2342 3682 2490 3751 viget
2534 3689 2589 3736 et
2620 3681 2672 3735 in
2706 3681 2821 3736 dies
2848 3680 3153 3736 invalescit.
3186 3678 3341 3733 Exite
3368 3694 3400 3734 e
3436 3694 3552 3733 rar-

1973 3787 2120 3838 ccrc,
2151 3786 2250 3828 vos
2299 3785 2452 3843 rogo.
2498 3768 2637 3826 Odio
2669 3771 2866 3827 habete
2902 3771 3192 3826 tenebrosa
3252 3770 3369 3825 vitii
3403 3770 3550 3825 babi-

1971 3863 2172 3917 tacula.
2202 3860 2394 3935 Fugite
2424 3862 2725 3927 diabolum,
2758 3868 3021 3933 tauquam
3060 3861 3320 3917 acerbum
3355 3876 3548 3918 eorum

1971 3953 2062 4022 qui
2088 3961 2217 4008 sunt
2252 3951 2305 4006 in
2354 3951 2618 4018 vinculis,
2641 3951 2950 4018 custodem,
2980 3951 3073 4021 qui
3101 3964 3165 4006 ex
3199 3961 3549 4019 peccatorum

1970 4045 2282 4099 calamitate
2325 4045 2570 4098 nutritur
2625 4050 2680 4098 et
2739 4051 3006 4113 quaestum
3068 4041 3222 4097 facit.
3264 4041 3551 4110 Quomodo

1969 4136 2115 4192 enim
2136 4135 2373 4205 justitiis
2398 4134 2609 4190 nostris
2658 4134 2876 4188 laetatur
2905 4133 3067 4198 Deus,
3119 4134 3193 4188 ita
3227 4133 3427 4204 gaudet
3457 4134 3552 4189 dc-

1972 4228 2116 4282 lictis
2149 4226 2217 4291 is,
2253 4226 2346 4296 qui
2381 4237 2466 4281 est
2497 4232 2691 4280 auctor
2717 4224 2946 4294 peccati.
3000 4223 3072 4280 Es
3122 4231 3278 4279 extra
3328 4225 3550 4294 paradi-

276 4316 375 4370 τοῦ
408 4317 734 4389 παραδείσου
775 4318 1091 4388 τυγχάνεις,
1129 4320 1158 4373 ὁ
1200 4320 1640 4391 κατηχούμενος,
1677 4338 1863 4375 κοινως

1971 4333 2113 4382 sum,
2140 4318 2556 4382 catecliumenc,
2588 4316 2774 4371 socius
2804 4315 2986 4371 exsilii
3021 4315 3150 4370 Adae
3178 4314 3341 4385 primi
3372 4315 3550 4370 nostri

276 4407 389 4461 νῶν
405 4410 506 4480 τῆς
530 4407 742 4480 ἐξορίας
768 4408 846 4479 τῷ
885 4409 1054 4481 Ἀδάμ
1084 4408 1162 4480 τῷ
1201 4389 1527 4482 προπάτορι.
1558 4410 1673 4465 Νῦν
1693 4412 1750 4466 δέ
1784 4430 1867 4467 σοι

1971 4412 2236 4483 parentis.
2263 4409 2423 4465 Nunc
2454 4416 2635 4465 autem
2668 4409 2811 4464 ostio
2864 4407 2961 4463 tibi
3016 4414 3206 4479 aperto
3265 4405 3551 4478 ingredere

274 4500 382 4570 τῆς
410 4499 580 4572 θύρας
602 4501 1066 4572 ὑπανοιγομένης,
1108 4500 1314 4556 εἴσελθε
1339 4501 1463 4557 ὅθεν
1490 4502 1738 4575 ἐξῆλθες,
1773 4504 1868 4558 καὶ

280 4593 359 4665 μὴ
399 4592 703 4666 βραδύνῃς,
737 4595 920 4665 μήπου
955 4591 1185 4658 θάνατος
1218 4595 1590 4667 παρεμπεσὼν
1620 4595 1868 4669 ἀποφρά-

278 4684 348 4757 En
375 4685 474 4757 τὴν
513 4685 739 4742 εἴσοδον.
785 4686 849 4741 Ἥ
882 4687 1091 4757 κεφαλὴ
1140 4686 1325 4742 λοιπὸν
1357 4687 1697 4743 λευκαίνεται
1720 4729 1736 4753 ,
1768 4689 1863 4745 τοῦ

278 4778 401 4849 βίου
444 4779 507 4833 τὸ
539 4778 697 4852 θέρος
744 4779 912 4849 ἐγγὺς
934 4819 951 4846 ,
1005 4780 1147 4851 τάχα
1173 4781 1434 4836 άκονᾶται
1475 4781 1597 4835 καθ’
1623 4781 1780 4853 ήμῶν
1829 4785 1862 4854 ἡ

275 4868 557 4939 δρεπάνη,
593 4870 691 4923 καὶ
737 4869 950 4924 δέδοικα
972 4908 988 4936 ,
1051 4870 1127 4942 μὴ
1180 4869 1547 4925 καθευδόντων
1586 4871 1741 4943 ἡμῶν
1771 4873 1865 4926 καὶ

276 4961 753 5032 ἐνασχολουμένων
798 4962 917 5024 ταῖς
958 4960 1214 5032 ματαίαις
1258 4961 1640 5032 ματαιότησιν,
1671 4963 1865 5035 ἀθρόον

275 5052 476 5126 ἐπιστῇ
507 5052 737 5124 φοϐερὸς
761 5054 789 5106 ό
827 5053 1057 5121 τέμνων.
1105 5052 1243 5105 Ἀλλ’
1271 5055 1414 5124 ἐρεῖς
1452 5055 1479 5107 ὁ
1521 5054 1638 5117 νέος
1663 5071 1677 5085 ο
1709 5053 1867 5108 Οὐδέ-

274 5158 370 5195 πω
408 5143 719 5212 γεγήρακα.
751 5142 844 5213 Μὴ
878 5142 1059 5195 τοίνυν
1092 5142 1422 5215 άπατηθήσῃ
1444 5160 1458 5173 ·
1491 5143 1718 5207 θάνατος
1756 5144 1865 5218 γὰρ

272 5233 642 5305 προθεσμίαις
664 5233 891 5304 ἡλικιῶν
917 5235 1014 5304 οὐχ
1038 5234 1295 5305 ὁρίζεται,
1326 5236 1446 5289 οὐδὲ
1473 5235 1716 5306 φοϐεῖται
1742 5239 1865 5302 τοὺς

272 5326 340 5378 ὲν
368 5326 559 5396 ἀκμῇ,
592 5323 735 5378 κατὰ
781 5324 835 5377 δέ
880 5324 1151 5396 γερόντων
1188 5326 1346 5395 μόνον
1381 5325 1494 5396 ἔχει
1545 5326 1605 5379 τὸ
1644 5327 1862 5397 κράτος.

265 5415 391 5471 Καὶ
422 5416 614 5469 τούτου
648 5415 788 5487 μάθε
828 5415 925 5488 τὴν
954 5415 1327 5488 καθημερινὴν
1369 5420 1562 5489 πεῖραν
1606 5417 1862 5472 διδάσκα-

270 5503 386 5562 λον.
426 5505 595 5580 Ὁρᾷς
628 5506 737 5576 γάρ
767 5506 865 5579 τὴν
895 5505 1082 5579 κλίνην
1114 5506 1210 5576 τῆς
1254 5508 1520 5579 ἐκφορᾶς,
1555 5509 1702 5572 ὅπως
1723 5510 1860 5564 ἀνωσ

344 5684 395 5721 “
420 5684 568 5742 Psal.
625 5699 824 5753 xxxiii,
989 5685 1035 5717 ³⁵
1069 5684 1174 5741 lsa.
1209 5699 1245 5752 ι,
1285 5683 1376 5741 16.

1965 4504 2109 4560 unde
2138 4518 2198 4559 es
2227 4518 2507 4576 egressus,
2556 4509 2612 4558 et
2645 4517 2712 4557 ne
2739 4500 2943 4566 tardes,
2981 4516 3048 4554 ne
3102 4499 3147 4555 si
3205 4498 3343 4553 forte
3394 4512 3549 4554 mors

1962 4594 2245 4660 inciderit,
2304 4609 2368 4650 ea
2404 4594 2501 4649 tibi
2533 4592 2787 4647 obstruat
2818 4591 3047 4645 aditum.
3083 4589 3261 4659 Caput
3299 4589 3412 4659 jam
3452 4603 3550 4644 ca-

1964 4688 2179 4744 nescit:
2220 4702 2392 4759 prope
2443 4696 2528 4743 est
2559 4694 2723 4743 aestas
2780 4685 2945 4740 vitae:
2983 4684 3039 4738 in
3076 4698 3175 4739 nos
3234 4681 3377 4737 forte
3437 4680 3551 4738 l‘alx

1961 4777 2199 4843 acuitur,
2230 4784 2285 4833 et
2309 4778 2498 4839 timeo.
2528 4790 2598 4831 ne
2626 4774 2786 4831 nobis
2812 4772 3236 4837 dormientibus,
3263 4781 3318 4826 et
3347 4771 3403 4826 in
3435 4785 3546 4826 una

1972 4885 2071 4941 spe
2100 4870 2405 4939 occupatis,
2452 4876 2676 4938 repente
2731 4865 2959 4921 accedat
2998 4878 3212 4919 messor
3260 4862 3543 4919 terribilis.

1974 4957 2104 5024 Sed,
2132 4958 2284 5014 dices
2312 4966 2395 5024 tu,
2427 4957 2521 5027 qui
2546 4970 2608 5012 es
2636 4953 2858 5024 juvenis
2894 4972 2908 5010 :
2945 4951 3199 5008 Nondum
3257 4953 3543 5007 consenui.

1971 5048 2094 5105 Noli
2122 5063 2252 5120 ergo
2281 5047 2484 5117 decipi.
2520 5043 2639 5099 Non
2662 5044 2924 5100 delinitur
2947 5056 3096 5097 mors
3121 5048 3274 5096 certo
3302 5046 3547 5110 tempore
3624 5057 3629 5061 ’

1965 5142 2163 5206 uitatis,
2184 5152 2363 5208 neque
2387 5138 2541 5192 timet
2560 5151 2655 5192 eos
2688 5134 2782 5205 qui
2811 5142 2940 5189 sunt
2961 5133 3016 5187 in
3047 5132 3167 5203 ipso
3190 5128 3321 5187 ﬂore
3345 5132 3548 5196 aetatis,

1966 5234 2021 5288 in
2054 5233 2202 5289 solos
2245 5237 2425 5284 autem
2469 5243 2630 5284 senes
2676 5227 2888 5283 obtinet
2947 5224 3312 5279 dominatum.
3368 5219 3546 5291 Hujus

1966 5331 2145 5380 autem
2168 5323 2359 5393 accipe
2377 5320 2693 5395 magistram
2717 5315 3094 5388 quotidianam
3124 5312 3544 5384 experientiam.

1973 5418 2134 5474 Vides
2171 5417 2339 5480 enim,
2364 5429 2471 5486 quo
2488 5411 2693 5468 mortui
2721 5409 3041 5475 efferuntur,
3072 5405 3353 5473 feretrum,
3379 5419 3541 5475 quant

1970 5511 2332 5583 inaequaliter,
2364 5515 2418 5567 et
2448 5514 2507 5565 ut
2541 5503 2788 5578 contigit,
2851 5516 3067 5560 omnem
3120 5499 3274 5558 allen
3308 5506 3542 5565 aetatem,
