4072 6156
503 305 609 362 M9

1754 298 1812 356 S.
1838 291 2163 356 GREGORII
2218 293 2488 352 NYSSEN
2494 295 2512 352 ι

3646 281 3755 356 eo

507 421 668 475 hodie
704 433 1062 487 scncm,cras
1104 414 1384 474 ﬂorentem
1437 425 1494 473 et
1540 415 1840 488 elegantem
1884 415 2069 471 adole-

2191 413 2398 481 μάλως,
2425 411 2521 467 καὶ
2555 413 2630 477 ὡς
2679 411 2834 483 ἔτυχε
2857 451 2870 469 .
2905 411 3084 466 πᾶσαν
3107 405 3323 483 ἠλικίαν
3350 409 3564 481 ἐξάγει,
3596 414 3764 483 σήμε-

505 522 772 574 scentem,
818 511 980 581 paulo
1025 517 1151 580 post
1197 525 1321 565 eum
1378 510 1464 564 cui
1528 516 1768 580 cmperat
1817 522 2080 578 apparere

505 603 707 673 lanugo
738 617 754 656 :
784 618 979 658 rursus
1025 602 1202 656 virum
1239 601 1524 657 robustum
1553 611 1606 656 ct
1644 601 1912 656 valentem
1947 599 2079 653 viri-

503 695 630 758 bus,
656 702 711 750 et
735 708 927 750 rursus
958 693 1200 748 vetulam
1232 694 1394 748 simul
1424 702 1479 749 et
1508 692 1797 764 virginem.
1846 689 1973 745 Haec
2015 705 2077 743 a-

504 787 800 856 spicientes
827 800 926 840 nos
948 786 1283 853 muniamus,
1308 793 1366 839 ut
1389 801 1495 840 non
1520 787 1693 841 simus
1721 793 1866 839 metu
1895 785 2077 842 vacui.

501 874 621 929 Non
669 889 867 946 magno
917 876 1135 931 eveniet
1179 876 1398 946 negotio
1439 884 1498 930 ut
1551 874 1902 931 exinaniatur
1959 880 2081 928 uter

503 965 756 1038 spiritus.
793 967 841 1023 si
879 982 944 1024 os
999 983 1193 1037 parum
1253 967 1419 1023 fuerit
1452 979 1733 1038 apertum,
1788 981 1963 1036 neque
1996 973 2082 1022 est

502 1058 724 1115 diﬂicile
787 1059 1064 1116 hominem
1146 1068 1427 1117 momento
1498 1062 1765 1132 temporis
1840 1061 2079 1120 animam

501 1150 776 1206 emittere.

574 1238 768 1306 Video,
822 1237 1043 1310 quando
1075 1239 1275 1310 aliquis
1327 1248 1486 1295 terra:
1528 1249 1711 1296 motus
1764 1241 1820 1296 in
1874 1240 2080 1295 mundo

501 1339 730 1387 exortus
778 1330 977 1395 fuerit,
1025 1339 1122 1385 aut
1164 1332 1337 1386 farnes
1381 1331 1621 1401 pestisve
1673 1333 1942 1400 szevierit,
1989 1341 2084 1386 aut

504 1423 740 1492 irruptio
773 1422 915 1477 facta
960 1423 1031 1478 sit
1065 1423 1436 1488 inimicorum,
1483 1423 1745 1480 festinare
1782 1441 1975 1482 omnes
2011 1425 2082 1480 ad

504 1514 907 1584 baptisterium,
946 1531 1015 1570 ne
1048 1517 1204 1571 vacui
1239 1517 1413 1587 gratia
1447 1497 1711 1573 excedant
1745 1518 1812 1571 ab
1846 1517 2083 1572 homini-

503 1605 631 1663 bus.
665 1606 805 1672 Quid
839 1607 1012 1662 vero?
1047 1606 1243 1662 Annon
1297 1609 1391 1662 alii
1424 1609 1560 1662 varii
1597 1617 1652 1663 et
1685 1608 1951 1678 inopinati
1988 1624 2082 1665 ca-

503 1714 602 1755 sus
633 1699 878 1754 eamdem
915 1701 1024 1754 vim
1057 1699 1260 1755 habent
1293 1715 1458 1770 quam
1495 1700 1586 1754 illa
1627 1703 1816 1756 mala?
1846 1702 2084 1773 Apnple—

2185 522 2277 576 ρον
2303 505 2394 557 τὸν
2427 503 2758 574 πρεσϐύτην,
2785 501 2973 574 αὔριον
2998 503 3060 556 τὸ
3086 501 3282 557 ἀνθοῦν
3306 502 3400 556 καὶ
3427 502 3618 575 χαρίεν
3648 521 3767 574 μει-

2187 598 2392 668 ράκιον,
2427 597 2543 667 μετ’
2570 596 2749 666 ὀλίγον
2772 595 2863 648 τὸν
2891 595 3256 666 αὐξανόμενον
3281 595 3375 649 τοῦ
3407 596 3581 649 ίούλου
3604 636 3619 659 ,
3661 596 3770 650 πά..

2182 690 2264 743 λιν
2287 689 2376 742 τὸν
2407 687 2706 761 ῥωμαλέον,
2737 688 2831 742 καὶ
2857 688 3172 758 ἀκμάζοντα
3193 727 3208 752 ,
3242 683 3398 752 αὖθις
3433 687 3530 760 τὴν
3563 687 3766 759 γραῦν,

2180 783 2316 854 ὁμοῦ
2345 783 2443 856 τὴν
2471 784 2658 856 κόρην.
2691 783 2877 838 Ταῦτα
2921 783 3178 855 ὁρῶντες,
3205 781 3305 856 τὴν
3338 783 3560 854 ἀδηλίαν
3592 786 3770 853 ἀσφα-

2180 874 2458 945 λισὼμεθα
2483 890 2499 906 ⁸
2532 877 2606 931 Οὐ
2629 875 2739 947 γάρ
2765 876 2911 928 ἐστιν
2945 873 3203 944 ἐργῶδες,
3226 873 3312 926 ἴνα
3349 873 3516 934 ἀσκὸς
3551 873 3767 944 κενωθῇ

2181 963 2276 1018 τοῦ
2322 964 2669 1036 πνεύματος,
2737 964 2934 1035 μικρὸν
2981 962 3364 1032 ὑπανοιγέντος
3418 963 3513 1017 τοῦ
3559 965 3767 1035 στόμα-

2180 1073 2305 1121 τος,
2355 1057 2475 1111 οὐδὲ
2511 1056 2768 1110 δύσκολον
2799 1055 3086 1129 ἄνθρωπον
3123 1056 3181 1110 ἐν
3217 1055 3416 1127 ἀκαρεῖ
3449 1055 3546 1128 τὴν
3587 1055 3770 1128 ψυχὴν

2182 1149 2464 1220 προέσθαι.

2265 1239 2408 1314 Ὀρῶ
2452 1242 2580 1295 ὅταν
2630 1240 2761 1296 ποτέ
2811 1240 3032 1312 σεισμὸς
3077 1241 3397 1312 ἐπιγένηται
3443 1241 3522 1312 τῷ
3569 1239 3688 1312 βίῳ,
3732 1241 3768 1312 ἢ

2181 1331 2360 1402 λιμὸς,
2402 1331 2736 1404 ἢπολεμίων
2791 1331 3130 1404 καταδρομὴ,
3173 1333 3381 1396 πάντας
3431 1332 3771 1403 ἐπειγμένως

2184 1424 2276 1479 ἐπὶ
2306 1425 2366 1478 τὸ
2400 1423 2785 1496 βαπτιστήριον
2829 1423 3175 1486 σπεύδοντας,
3223 1421 3310 1476 ἵνα
3359 1421 3434 1492 μὴ
3487 1423 3631 1475 κενοὶ
3672 1423 3774 1496 τῆς

2183 1512 2406 1589 χάριτος
2433 1516 2492 1580 ἐξ
2515 1515 2817 1587 ἀνθρώπων
2865 1513 3195 1567 ἀπέλθωσιν.
3246 1514 3313 1566 Τί
3354 1509 3482 1576 οῦν;
3527 1511 3598 1565 τά
3636 1513 3773 1570 ἄλλα

2183 1610 2254 1664 τὰ
2286 1608 2505 1662 ποικίλα
2556 1607 2702 1678 πάθη
2745 1604 2841 1660 καὶ
2887 1605 3269 1677 ἀπροσδόκητα
3316 1605 3415 1658 οὐκ
3464 1606 3778 1676 ἰσοδυναμεῖ

2183 1705 2296 1767 τοῖς
2326 1703 2514 1763 κακοῖς
2551 1698 2810 1764 ἐκείνοις;
2856 1696 3233 1769 ’Λποπληξίαι,
3262 1697 3603 1767 παρακοπαὶ,
3653 1696 3776 1749 πνίο

503 1792 643 1856 xiae,
674 1807 964 1864 syneopae,
996 1792 1299 1864 inopinatae
1327 1793 1715 1849 suffocatione;
1737 1834 1752 1858 ,
1788 1804 2078 1851 ventorum

2191 1795 2296 1864 ξεις
2335 1796 2605 1865 ἀδόκητοι,
2637 1792 2962 1864 πνευμάτων
2996 1789 3295 1854 ἐνστάσεις,
3333 1789 3427 1842 καὶ
3471 1787 3539 1841 τὰ
3569 1787 3777 1841 τούτων

513 1884 789 1940 irruentes
803 1885 1086 1954 procellae?
1107 1883 1296 1938 Nonne
1315 1884 1584 1949 videmus,
1603 1900 1697 1941 eos
1719 1885 1808 1955 qui
1829 1895 2080 1952 currunt,

476 1974 745 2039 ,eadere,
779 1982 834 2030 et
866 1975 960 2044 qui
998 1975 1329 2038 comedunt,
1371 1975 1532 2046 plane
1567 1992 1790 2032 cessare
1829 1993 1858 2031 a
1900 1978 2082 2032 nutri-

507 2073 728 2128 mento,
777 2074 830 2119 et
874 2065 967 2134 qui
1020 2063 1298 2117 dorminttt
1356 2063 1484 2117 duci
1524 2064 1591 2117 ad
1634 2075 1859 2119 mortem
1904 2065 2083 2119 somni

506 2155 804 2209 sororem?
844 2152 1122 2211 Conlirma
1166 2161 1219 2208 et
1262 2153 1445 2208 stabili
1495 2155 1618 2209 vita:
1667 2155 2082 2210 instabilitatem

507 2254 566 2302 et
606 2245 1080 2301 incertitudinem.
1122 2244 1244 2298 Noli
1285 2246 1591 2315 negotiari,
1640 2255 1733 2300 aut
1783 2249 2084 2319 cauponari

506 2338 774 2409 gratiam,
809 2351 878 2390 ne
913 2352 943 2390 a
971 2336 1115 2390 dono
1153 2336 1398 2390 excidas.
1433 2336 1669 2392 Tantum
1699 2338 1837 2393 debe
1861 2381 1875 2405 ,
1909 2355 2084 2409 quan-

509 2439 626 2483 tum
663 2427 840 2498 possit
875 2427 1213 2494 condonari,
1255 2434 1309 2481 et
1344 2428 1488 2496 quod
1531 2443 1640 2482 non
1682 2431 1858 2499 possit
1897 2432 2086 2485 exclu-

503 2523 636 2577 dere
683 2519 829 2590 regis
874 2519 1291 2590 benignitatem.
1341 2520 1528 2576 Terra:
1577 2522 1723 2576 enim
1767 2523 2083 2593 principes,

498 2611 733 2684 quando
787 2611 1029 2680 aliquem
1083 2611 1438 2680 acceperint,
1496 2612 1589 2680 qui
1648 2612 1864 2680 publica
1917 2628 2087 2682 supra

505 2703 729 2760 modum
758 2701 1048 2772 appetierit
1068 2741 1083 2768 ,
1112 2711 1167 2756 et
1199 2718 1257 2757 se
1287 2702 1434 2772 regia
1467 2704 1701 2772 pecunia
1729 2705 1892 2758 etiam
1921 2721 2084 2775 supra

505 2795 817 2852 Satietatem
855 2793 1195 2863 impleverit,
1235 2793 1529 2863 desperant
1575 2795 1793 2864 quidem
1848 2795 1966 2850 fore
2029 2805 2087 2850 ut

509 2885 726 2946 reddat,
759 2883 955 2938 acerbe
985 2890 1166 2938 autem
1195 2884 1468 2953 puniunt,
1502 2899 1663 2954 poma
1712 2887 1953 2941 contenti
1987 2901 2087 2958 pro

507 2975 766 3047 pecunia.
813 2972 1045 3028 Multum
1094 2975 1357 3044 temporis
1403 2975 1602 3030 dedisti
1657 2977 1961 3047 voluptati,
2019 2981 2086 3033 da

2185 1887 2486 1956 ἀκόλουθα;
2514 1887 2588 1940 Οὐ
2629 1885 2897 1956 βλέπομεν
2924 1885 3050 1946 τοὺς
3093 1883 3150 1937 ἐν
3195 1880 3274 1951 τῷ
3304 1881 3518 1953 τρέχειν
3551 1878 3776 1931 πίπτον-

2185 1996 2302 2044 τας,
2329 1976 2606 2040 ἐσθίοντας
2635 1977 2729 2032 καὶ
2765 1975 2986 2037 τελείως
3024 1973 3126 2044 τῆς
3166 1970 3374 2041 τροφῆς
3408 1969 3774 2040 παυομένουῦ

2186 2069 2544 2132 καθεύδοντας
2575 2069 2668 2122 καὶ
2699 2065 3066 2128 λανθανόντως
3113 2062 3190 2134 τῷ
3230 2062 3443 2131 ἀδελφῷ
3479 2061 3572 2114 τοῦ
3603 2061 3775 2113 ῦπνου

2185 2161 2264 2234 τῷ
2285 2161 2501 2231 Θανάτῳ
2531 2158 2970 2232 προσαγομένους
2995 2173 3009 2222 ;
3044 2154 3364 2224 Ἀσφάλισαι
3411 2153 3471 2206 τὸ
3499 2153 3780 2224 ἀστάθμη-

2187 2271 2276 2308 τον
2301 2253 2396 2310 καὶ
2427 2253 2620 2320 ἄδηλον
2647 2251 2741 2304 τοῦ
2775 2249 2912 2320 βίου.
2956 2248 3048 2318 Μὴ
3093 2245 3399 2318 ἐμπορεύου
3445 2243 3545 2316 τὴν
3589 2245 3774 2316 χάριν,

2189 2346 2278 2406 ἵνα
2315 2343 2390 2415 μὴ
2418 2343 2656 2419 ἐκπέσης
2697 2341 2796 2412 τῆς
2837 2341 3064 2411 δωρεᾶς.
3111 2337 3360 2392 Τοσαῦτα
3405 2335 3776 2408 χρεώστητον,

2187 2438 2287 2491 ὅσα
2325 2435 2545 2490 δυνατὸν
2590 2434 2684 2488 καὶ
2718 2431 3159 2504 συγχωρηθῆναι,
3194 2431 3291 2484 ὃσα
3319 2430 3412 2484 καὶ
3452 2428 3551 2501 τὴν
3589 2430 3781 2499 φιλαν-

2189 2527 2433 2599 θρωπίαν
2470 2525 2566 2581 τοῦ
2608 2525 2871 2596 βασιλέως
2904 2523 3003 2576 οὐκ
3047 2522 3377 2576 ἀποκλείσει.
3427 2522 3539 2576 Καὶ
3572 2522 3682 2595 γάρ
3729 2525 3779 2576 οἱ

2186 2621 2286 2694 τῆς
2315 2620 2419 2692 γῆς
2441 2618 2700 2694 ἄρχοντες
2729 2618 2856 2672 ὅταν
2898 2615 3020 2668 τινὰ
3049 2614 3286 2668 λάϐωσιν
3322 2615 3604 2686 ὑπεράγαν
3637 2632 3781 2668 σπα-

2189 2712 2433 2784 θήσαντα
2467 2712 2537 2765 τὰ
2573 2711 2826 2781 δημόσια,
2853 2709 2949 2764 καὶ
2989 2709 3096 2764 τῶν
3145 2707 3437 2778 βασιλικῶν
3480 2708 3781 2779 χρημάτων

2189 2803 2329 2874 ὑπὲρ
2372 2803 2531 2873 κόρον
2577 2800 3106 2872 κατατρυφήσαντα,
3169 2798 3268 2868 τῆς
3318 2798 3416 2870 μὲν
3470 2799 3782 2862 ἀποδόσεως

2188 2892 2622 2963 ἀπογινώσκουσι
2646 2909 2659 2922 ·
2687 2891 2974 2956 κολάζουσι
3008 2891 3063 2944 δὲ
3101 2889 3332 2962 πικρῶς,
3365 2891 3484 2944 ἀντὶ
3516 2891 3624 2944 τῶν
3649 2907 3784 2963 χρη-

2194 2985 2378 3054 μάτων
2406 2987 2522 3049 ταῖς
2549 2985 2842 3055 τιμωρίαις
2887 2981 3236 3056 ἀρκούμενοι.
3283 2981 3516 3046 Πολλοὺς
3554 2982 3784 3054 χρόνους

505 3068 677 3123 etiam
728 3064 937 3136 aliquid
987 3063 1370 3136 philosophiae.
1422 3064 1573 3121 Exue
1617 3078 1855 3122 veterem
1911 3063 2088 3124 homi-

2191 3074 2429 3148 ἐχαρίσω
2450 3076 2515 3148 τῇ
2539 3075 2716 3145 ἡδονῇ·
2740 3073 2828 3135 δὸς
2856 3073 2951 3127 καὶ
2973 3075 3038 3144 τῇ
3067 3071 3352 3142 φιλοσοφίᾳ
3375 3070 3588 3143 σχολήν.
3622 3073 3786 3126 Ἀπό-

506 3175 635 3217 nem
686 3165 946 3228 tanquam
996 3163 1202 3212 vestem
1251 3159 1526 3213 sordidam
1561 3199 1575 3224 ,
1628 3175 1748 3230 quae
1791 3169 1875 3216 est
1923 3162 2081 3232 plena

510 3253 717 3326 probro
753 3257 810 3304 et
843 3248 1146 3317 dedecore,
1186 3265 1310 3320 quae
1345 3266 1412 3305 ex
1449 3264 1800 3322 peccatorum
1842 3254 2078 3310 conﬂata

510 3354 598 3402 est
632 3342 990 3399 multitudine
1013 3379 1030 3407 ,
1066 3350 1117 3397 et
1154 3344 1539 3398 consarcinata
1572 3360 1640 3399 ex
1679 3345 2090 3402 miserabilibus

509 3437 713 3508 pannis
745 3435 1078 3506 iniquitatis.
1119 3434 1322 3505 Accipe
1359 3443 1539 3490 autem
1579 3435 1959 3492 indumentum
2001 3439 2090 3492 in-

510 3528 928 3599 corruptionis,
965 3526 1112 3598 quod
1163 3525 1496 3596 explicatum
1547 3534 1602 3581 et
1646 3534 1934 3582 extensum
1991 3529 2091 3583 tibi

508 3622 768 3682 Christus
809 3622 1080 3692 porrigit;
1117 3635 1220 3675 nec
1259 3621 1462 3690 repelle
1500 3619 1703 3675 donum
1730 3659 1745 3686 ,
1783 3636 1851 3676 ne
1889 3620 2091 3690 injuria

509 3714 714 3770 afficias
762 3731 924 3780 eum,
967 3715 1061 3784 qui
1098 3713 1267 3769 dedit.
1306 3712 1364 3767 In
1403 3713 1518 3767 luto
1552 3711 1644 3767 diu
1677 3728 1736 3768 es
1767 3713 2089 3782 volutatus;

513 3807 715 3862 t'cstina
745 3807 812 3862 ad
849 3821 1032 3861 meum
1062 3803 1359 3859 Jordanem
1385 3842 1400 3868 ,
1432 3820 1542 3858 non
1577 3803 1788 3860 Joanne
1818 3816 2049 3861 vocante
2075 3845 2091 3868 ,

515 3898 610 3952 sed
647 3897 874 3950 Christo
909 3897 1260 3949 adhortante.
1293 3893 1518 3948 Fluvius
1555 3895 1700 3949 enim
1743 3897 1932 3965 gratia:
1973 3897 2094 3951 ﬂuit

517 3988 724 4058 ubique
747 4027 761 4049 ,
799 4001 908 4041 non
941 3986 1122 4040 fontes
1153 3984 1365 4039 habens
1406 3985 1458 4038 in
1501 3982 1795 4042 Palaestina
1817 4026 1832 4050 ,
1867 3997 1918 4042 et
1960 3989 2096 4044 vici-

515 4093 648 4133 num
701 4093 853 4134 mare
906 4076 1178 4141 inﬂuens,
1233 4077 1329 4132 sed
1372 4085 1544 4132 totum
1583 4079 1768 4133 orbem
1817 4089 2088 4136 terrarum

515 4171 885 4235 circumiens,
932 4178 986 4226 et
1032 4169 1344 4241 ingrediens
1393 4171 1707 4240 paradisum
1735 4213 1750 4238 ,
1802 4171 1978 4230 ﬂuens
2029 4188 2093 4227 ex

517 4263 750 4318 adverso
787 4261 1002 4316 illorum
1034 4270 1294 4332 quatuor,
1330 4262 1423 4332 qui
1465 4261 1614 4315 illinc
1657 4261 1885 4336 effluunt
1908 4306 1922 4327 ,
1952 4274 2004 4317 et
2037 4265 2090 4317 in

515 4354 832 4426 paradisum
867 4353 1027 4422 longe
1059 4352 1387 4423 pretiosiora
1428 4351 1670 4408 inferens
1693 4391 1708 4414 ,
1768 4369 1932 4422 quam
1973 4369 2094 4421 qua:

2190 3169 2347 3222 δυσαι
2373 3166 2463 3220 τὸν
2495 3165 2719 3218 παλαιὸν
2745 3163 3049 3234 ἄνθρωπον,
3078 3161 3152 3225 ὡς
3189 3162 3399 3233 ἱμάτιον
3425 3161 3690 3232 ῥυπαρὸν,
3721 3162 3785 3222 τδ

2191 3261 2436 3332 αἰσχρὸν,
2468 3257 2528 3312 τὸ
2559 3257 2726 3327 γέμον
2754 3255 3018 3326 αἰσχύνης
3060 3253 3120 3306 τὸ
3170 3254 3234 3308 ἐκ
3277 3252 3372 3307 τοῦ
3401 3253 3638 3324 πλήθους
3672 3254 3784 3308 τῶν

2193 3349 2476 3424 ἁμαρτιῶν
2505 3348 2919 3416 πολυκόλλητον,
2946 3348 3058 3410 τοῖς
3103 3346 3341 3416 οἰκτροῖς
3387 3346 3595 3415 ῥακίοις
3626 3363 3787 3418 περι-

2192 3441 2591 3512 κεκεντημένον
2609 3439 2706 3511 τῆς
2727 3439 2975 3509 ἀνομίας.
3003 3437 3161 3505 Δέξαι
3187 3438 3243 3498 δὲ
3269 3436 3330 3491 τὸ
3353 3438 3449 3508 τῆς
3475 3437 3787 3508 ἀφθαρσίας

2193 3534 2419 3604 ἔνδυμα,
2451 3534 2589 3603 ὅπερ
2613 3531 2640 3582 ὁ
2676 3530 2910 3606 Χριστός
2959 3545 3040 3582 σοι
3078 3527 3388 3592 διαπλώσας
3416 3529 3784 3599 προτείνεται,

2193 3627 2288 3680 καὶ
2315 3625 2390 3696 μὴ
2417 3622 2613 3695 ἀπώσῃ
2639 3623 2736 3692 τὴν
2760 3619 2989 3692 δωρεὰν,
3019 3621 3106 3675 ἵνα
3135 3620 3210 3692 μὴ
3240 3619 3468 3692 ὑϐρίσῃς
3496 3620 3588 3673 τὸν
3616 3621 3788 3691 δωρη-

2197 3717 2451 3787 σάμενον.
2486 3715 2608 3767 Ἐπὶ
2643 3713 2851 3784 μακρὸν
2892 3712 3186 3766 ἐνεκυλίσω
3213 3713 3289 3783 τῷ
3317 3711 3558 3782 βορϐόρῳ
3578 3727 3593 3741 ο
3619 3711 3777 3764 σπεῦ-

2197 3827 2308 3874 σον,
2343 3807 2618 3878 ἄνθρωπε,
2645 3805 2737 3858 ἐπὶ
2769 3805 2859 3862 τὸν
2889 3805 3023 3874 ἐμὸν
3064 3803 3333 3875 Ἰορδάνην
3356 3842 3370 3868 ,
3401 3802 3502 3855 οὐκ
3535 3801 3788 3856 Ἰωάννου

2195 3901 2504 3966 καλοῦντος,
2537 3898 2673 3952 ἀλλὰ
2706 3895 2944 3969 Χριστοῦ
2983 3895 3398 3968 προτρέποντος.
3444 3894 3500 3947 '0
3536 3894 3647 3965 γάρ
3685 3893 3790 3964 τῆς

2197 3994 2417 4066 χάριτος
2453 3989 2697 4061 ποταμὸς
2740 3990 2823 4061 ῥεῖ
2862 3986 3157 4059 πανταχοῦ,
3205 3985 3304 4040 οὐκ
3353 3987 3410 4040 ἐν
3456 3987 3523 4058 τῇ
3580 3985 3791 4038 Παλαιε

2198 4084 2348 4156 στίνῃ
2381 4082 2478 4145 τάς
2506 4081 2688 4151 πηγὰς
2724 4080 2883 4150 ἔχων,
2911 4079 3006 4134 καὶ
3032 4080 3112 4142 είς
3147 4078 3246 4148 τὴν
3271 4077 3488 4146 γείτονα
3513 4076 3790 4130 καλυπτό-

2196 4195 2360 4250 μενος
2385 4172 2837 4237 οάλασσαν,’ἀλλά
2870 4173 3051 4227 πᾶσαν
3074 4171 3173 4243 τὴν
3198 4171 3521 4241 οἰκουμένην
3543 4168 3788 4232 κυκλῶν,

2197 4270 2293 4322 καὶ
2340 4268 2635 4322 εἰσϐάλλων
2679 4268 2759 4330 είς
2801 4266 2894 4320 τὸν
2947 4265 3307 4337 παράδεισον·
3366 4263 3789 4332 ἀντιπρόσωπος

2201 4361 2339 4431 ῥέων
2367 4359 2476 4413 τῶν
2517 4357 2796 4427 τεσσάρων
2837 4353 2945 4410 τῶν
2986 4353 3195 4407 ἐκεῖθεν
3240 4352 3639 4426 ἀπορρεόντων,
3690 4350 3789 4406 καὶ

516 4448 672 4502 illinc
717 4452 1102 4518 exportantur.
1148 4442 1284 4498 Nam
1333 4443 1412 4497 illi
1453 4443 1675 4512 quidem
1720 4443 1904 4498 ferunt
1969 4461 2088 4499 aro-

2204 4455 2337 4509 πολὺ
2361 4451 2661 4522 τιμιώτερα
2683 4451 2918 4518 εἰσάγων
2946 4447 3024 4510 είς
3044 4446 3136 4500 τὸν
3167 4445 3490 4517 παράδεισον
3517 4443 3626 4498 τῶν
3648 4445 3791 4496 ἐκεῖ·

516 4548 699 4602 mata,
759 4537 1147 4609 agriculturam
1186 4547 1240 4591 et
1284 4551 1508 4606 germen
1554 4545 1742 4600 terrae;
1792 4536 1879 4590 hic
1914 4549 2094 4592 autem

515 4629 686 4686 infert
707 4630 956 4684 homines
981 4641 1011 4681 a
1041 4625 1247 4699 Spiritu
1283 4635 1594 4698 generatos.
1620 4627 1957 4697 Quocuuque
1989 4637 2098 4682 tra-

516 4722 704 4786 xeris,
745 4721 875 4775 illuc
913 4719 1194 4775 transiluit
1221 4733 1242 4785 ;
1273 4719 1556 4774 derivatur
1598 4719 1653 4772 in
1695 4728 1867 4772 totum
1905 4719 2094 4774 orbem

515 4821 679 4868 terra:
702 4850 718 4877 ,
753 4819 808 4866 et
837 4826 947 4866 non
977 4812 1256 4866 consumit
1287 4811 1548 4864 fluentum
1585 4811 1640 4864 in
1675 4810 1742 4864 iis
1771 4810 1824 4864 in
1858 4825 1979 4880 qua:
2013 4811 2099 4865 di-

516 4906 743 4960 viditur.
779 4903 1002 4960 Fontem
1038 4904 1182 4959 enim
1223 4903 1450 4958 divitem
1489 4903 1655 4958 habet
1692 4902 2007 4970 Christum,
2039 4911 2094 4959 et

516 5011 584 5052 ex
618 4997 712 5051 illo
747 4996 923 5051 fluens
950 4995 1180 5050 inundat
1209 4994 1472 5049 mundum
1506 4995 1850 5050 universum.
1885 4994 1981 5049 llic
2008 5003 2093 5050 est

519 5087 700 5144 dulcis
759 5097 813 5144 et
879 5089 1172 5159 potabilis,
1241 5089 1374 5141 nihil
1433 5088 1748 5158 injucundzr.
1797 5090 2097 5160 salsugiuis

520 5179 827 5234 attrahens.
859 5178 1047 5233 Dulcis
1081 5179 1224 5233 enim
1263 5177 1508 5231 redditur
1543 5179 1776 5233 adventu
1811 5179 2050 5250 Spiritus
2078 5220 2094 5245 ,
2129 5211 2131 5216 ·

521 5281 581 5326 ut
613 5273 735 5326 fons
767 5272 912 5326 Mara
946 5281 1150 5327 attactu
1182 5272 1313 5343 ligni
1345 5273 1410 5324 ".
1442 5273 1490 5328 Is
1523 5289 1551 5326 a
1588 5273 1693 5344 piis
1728 5273 1886 5330 facile
1917 5285 2095 5345 potest

441 5428 449 5435 .
522 5365 856 5427 transmitti,
902 5365 1148 5435 profanis
1184 5373 1366 5420 autem
1411 5366 1853 5436 pet-profundus,
1903 5378 1954 5422 et
1995 5382 2096 5423 nec

523 5455 594 5506 ab
632 5456 699 5510 iis
731 5455 950 5524 quidem
991 5465 1169 5526 potest
1210 5456 1368 5512 adiri.
1415 5455 1633 5513 Imitare
1679 5457 1866 5514 Jesum
1920 5457 2093 5515 Nave.

523 5545 689 5602 Porta
727 5547 1079 5618 Evangelium
1103 5589 1118 5615 ,
1163 5549 1309 5605 sicut
1347 5550 1440 5607 ille
1479 5565 1708 5618 arcam;
1745 5549 1962 5608 dimitte
2001 5553 2095 5609 dc-

605 5727 647 5754 “
670 5723 837 5780 Exod.
868 5742 953 5791 xv,
975 5724 1060 5781 23.

2205 4545 2295 4598 θεν
2333 4541 2730 4613 ἐκφερομένων.
2779 4540 2842 4592 Ol
2885 4539 2983 4610 μὲν
3031 4537 3141 4609 γὰρ
3191 4536 3446 4607 φέρουσιν
3495 4533 3786 4605 ἀρώματα,

2204 4635 2619 4710 γεωργίαν.,κα“ι
2653 4632 2938 4705 βλάστημα
2967 4630 3088 4700 γῆς.
3127 4628 3186 4682 '0
3221 4627 3279 4681 δέ
3317 4625 3639 4699 ἀνθρώπους
3685 4627 3795 4679 eia.-

2207 4732 2360 4802 φέρει
2401 4729 2715 4798 γεννήματα
2761 4723 3088 4795 πνεύματος.
3122 4721 3296 4779 Ὅπου
3334 4720 3379 4775 δ’
3413 4719 3479 4773 ἂν
3527 4717 3790 4792 ἐλκύσῃςν

2205 4821 2322 4872 ἐκεῖ
2370 4817 2648 4888 ttat-appet,
2683 4813 2817 4884 πρὸς
2865 4813 3044 4866 πᾶσαν
3091 4809 3191 4882 τὴν
3240 4809 3561 4881 οἰκουμένην
3608 4807 3797 4880 ἐξοχε-

2192 4911 2431 4967 τεύεται.
2469 4909 2564 4963 καὶ
2591 4906 2651 4960 οὐ
2678 4905 2892 4976 δαπανᾷ
2921 4905 2979 4957 ἐν
3014 4905 3129 4967 τοῖς
3169 4901 3543 4973 μεριζομένοις
3577 4900 3640 4954 τὸ
3679 4901 3796 4970 ῥεῖ-

2196 5003 2342 5074 θρον.
2381 4999 2571 5070 Πηγὴν
2618 4997 2724 5068 γάρ
2773 4995 2886 5066 EF:
2945 4993 3201 5054 πλουσίαν
3249 4993 3340 5055 τὸν
3373 4991 3642 5062 Χριστὸν,
3696 4990 3798 5044 καὶ

2198 5096 2291 5149 ἀπ’
2323 5093 2531 5147 ἐκείνου
2573 5089 2732 5162 ῥέων,
2778 5089 3067 5160 σύμπαντα
3114 5086 3393 5160 πελαγίζει
3425 5085 3516 5138 τὸν
3563 5085 3794 5155 κόσμον.

2198 5185 2407 5248 Γλυκὺς
2432 5178 2587 5245 οὗτος
2615 5182 2709 5242 καὶ
2736 5181 2963 5251 πότιμος
2981 5221 2997 5246 ,
3043 5179 3196 5232 οὐδὲν
3224 5179 3324 5250 τῆς
3374 5176 3572 5249 ἀηδοῦς
3611 5177 3798 5248 ἅλμης

2202 5276 2614 5348 ἐπισυρόμενος.
2672 5273 2947 5327 Ἠδύνεται
2998 5271 3108 5343 γὰρ
3169 5272 3235 5342 τῇ
3302 5269 3645 5339 ἐπιφοιτήσει
3698 5267 3795 5322 τοῦ

2203 5371 2508 5443 πνεύματος
2542 5369 2618 5432 ὡς
2655 5369 2690 5440 ἡ
2735 5365 2926 5439 Μερῥὲ
2967 5364 3117 5436 πηγὴ
3152 5367 3216 5435 τῇ
3266 5361 3415 5432 θήξει
3456 5360 3553 5414 τοῦ
3609 5360 3796 5430 ξύλου,

2201 5462 2456 5526 διαϐατὸς
2495 5464 2608 5526 τοῖς
2653 5459 2931 5524 εὐσεϐέσι,
2976 5460 3088 5523 τοῖς
3117 5457 3174 5510 δὲ
3211 5454 3459 5526 βεϐήλοις
3491 5451 3798 5527 ἀγχιϐαθὴς

2204 5555 2299 5609 καὶ
2333 5555 2644 5626 ἀπρόσιτος.
2670 5554 2923 5623 Μίμοσαι
2963 5550 3053 5607 τὸν
3111 5549 3314 5616 Ἰησοῦν
3353 5547 3446 5603 τὸν
3478 5543 3657 5614 Ναυῆ.
3695 5545 3796 5604 Βάκ
