4072 6156
347 215 448 277 εει

1708 216 1795 273 DE
1842 216 2203 274 BAPTISMO.
2258 236 2265 241 ‘

3476 232 3584 293 42!

351 349 543 386 στασον
591 331 652 386 τὸ
702 331 1026 402 Εὑαγγέλιον
1045 372 1061 397 ,
1100 333 1179 413 ὡς
1232 333 1434 397 ἐκεῙνος
1500 330 1596 404 τὴν
1658 333 1915 387 κιϐωτόνε

2025 342 2258 397 sertum,
2299 349 2490 404 nempe
2531 344 2853 406 peccatum;
2906 339 3079 397 transi
3124 339 3457 412 Iordanem;
3504 347 3582 404 fe-

347 423 483 489 ἄφες
537 420 631 493 τὴν
676 420 902 492 ἔρημον,
942 421 1039 492 τὴν
1090 421 1394 493 άμαρτίαν·
1443 420 1776 492 περαιιίώητι
1832 422 1922 475 τὸν

359 510 648 582 Ἰορδάνην
678 511 909 565 σπεῦσον
941 514 1021 575 είς
1046 512 1142 582 τὴν
1178 511 1321 566 κατά
1364 512 1594 582 Χριστὸν
1629 513 1919 575 πολιτείαν,

343 600 424 662 είς
450 598 546 670 τὴν
575 599 679 669 γῆν
707 601 803 671 τὴν
829 602 1050 670 γόνιμον
1081 602 1188 655 τῶν
1231 601 1623 673 εὐφραινόντων
1669 603 1919 674 καρπῶν,

342 689 439 761 τὴν
468 690 717 760 ῥέουσαν,
752 690 890 745 κατά
941 692 1042 763 τὴν
1086 692 1432 760 ἐπαγγελίαν,
1466 692 1584 764 μέλι
1623 694 1716 747 καὶ
1756 693 1919 762 γάλα·

342 781 645 836 κατάλυσον
693 781 792 853 τὴν
846 780 1054 852 Ἰεριχὼ
1075 821 1092 848 ,
1144 783 1245 854 τὴν
1304 783 1539 838 παλαιάν
1611 782 1917 855 συνήθειαν,

344 871 419 942 μὴ
448 871 592 942 ἀφῇς
622 870 790 941 αὐτῆς
835 870 1134 943 ὀχύρωμαο
1191 873 1256 927 ἐκ
1300 871 1562 942 Θεμελίων
1615 872 1773 927 λῦσον
1812 873 1920 926 τῶν

342 961 680 1034 ἁμαρτωλῶν
727 961 1000 1034 λογισμῶν
1047 962 1147 1034 τὴν
1209 963 1448 1035 μητέρα·
1511 962 1736 1035 ποίησον
1792 963 1920 1027 τοὺς

339 1052 586 1124 δολεροὺς
609 1053 956 1116 Γαϐαωνίτας
980 1052 1199 1117 οἰκέτας
1243 1052 1332 1107 τοῦ
1375 1054 1588 1127 Ἰσραὴλ
1607 1093 1624 1118 ,
1652 1054 1915 1121 τουτέστι,

339 1142 555 1205 δούλους
583 1143 709 1207 τοὺς
738 1144 1001 1214 πονηροὺς
1029 1144 1316 1215 λογισμοὺς
1339 1145 1432 1199 τοῦ
1481 1144 1619 1199 κατά
1654 1144 1712 1199 τὸ
1742 1145 1919 1215 Εὐαγ-

340 1234 517 1300 γέλιον
565 1231 716 1302 βίου·
771 1232 1148 1287 λιθοϐολείσθω
1192 1235 1220 1287 ὁ
1271 1234 1527 1304 σοφιστὴς
1586 1235 1680 1287 καὶ
1730 1233 1918 1288 πλεον-

341 1322 501 1393 έκτης
527 1325 731 1396 ’Δχαρ’
760 1325 792 1378 ὁ
811 1324 910 1396 τὴν
933 1323 1185 1392 γλῶσσαν
1218 1323 1315 1396 τὴν
1340 1324 1543 1396 χρυσῆν
1568 1323 1913 1394 ὑφελόμενος.

341 1403 507 1477 Οὗτος
533 1414 589 1468 δέ
620 1415 768 1468 ἐστιν
795 1414 998 1478 ἐκεῖνος
1021 1416 1049 1467 ό
1072 1413 1172 1484 τῆς
1191 1414 1378 1485 τιμίας
1406 1414 1629 1485 ἐντολῆς
1649 1413 1914 1484 ἀφανίσας

338 1502 434 1573 τὴν
464 1503 715 1574 τήρησιν.
765 1504 948 1559 Πάντα
983 1506 1165 1558 ἐκεῖνα
1207 1503 1375 1568 τύπος
1409 1504 1702 1575 ἡμέτερος,
1739 1502 1914 1558 πάντα

341 1594 743 1664 προμηνύματα
767 1594 875 1648 τῶν
911 1593 1005 1648 νῦν
1039 1594 1375 1666 φαινομένων
1405 1595 1764 1666 πραγμάτων.

408 1722 712 1780 ’Λπόλυσον
763 1726 946 1781 λοιπὸν
995 1728 1090 1781 τοῦ
1131 1728 1246 1799 βίου
1298 1744 1390 1781 σου
1436 1727 1528 1781 τὸν
1570 1727 1911 1799 γαστρίμαρο

336 1831 432 1883 γον
479 1816 725 1887 κόρακα·
790 1817 878 1880 δὺς
924 1821 990 1889 τῇ
1044 1819 1339 1889 περιστερᾷ
1385 1817 1575 1890 καιρὸν
1623 1816 1913 1887 ὲπιπτῆναί

339 1919 454 1957 σοι·
505 1905 570 1976 ἥν
603 1905 817 1977 πρῶτος
861 1905 1066 1978 Ἰησοῦς
1109 1907 1355 1970 τυπικῶς
1408 1907 1470 1974 ἰξ
1511 1906 1736 1979 ούρανοῦ
1778 1924 1910 1960 κατ-

337 1993 534 2061 ήγαγε,
564 1992 662 2064 τὴν
695 1994 909 2055 ἄδολον,
941 1996 1041 2065 τὴν
1080 1995 1420 2068 πραῦτάτην,
1452 1996 1550 2064 τὴν
1597 1993 1909 2061 πολύγονονο

334 2080 456 2150 ἥτις
492 2082 709 2136 ἐπειδὰν
757 2081 891 2155 εὕρῃ
942 2083 1110 2154 ἄνδρα
1153 2082 1560 2154 κεκαθαρμένον
1604 2083 1678 2145 ὡς
1722 2082 1913 2154 πύριον

336 2170 512 2241 καλῶς
531 2172 869 2243 ἠσκημένον,
897 2173 1261 2237 είσοικίζεται,
1288 2172 1383 2227 καὶ
1411 2171 1731 2235 έπωάζουσα
1752 2172 1915 2242 πυροί

335 2267 432 2336 τὴν
462 2261 656 2335 ψυχὴν,
686 2263 794 2325 ,καὶ
841 2263 1009 2318 πολλὰ
1036 2265 1207 2317 τίκτει
1248 2264 1340 2317 καὶ
1390 2262 1594 2332 εὐχαρῆ
1624 2262 1691 2315 τὰ
1718 2261 1913 2331 ἑαυτῆς

334 2357 516 2410 τέκνα.
548 2352 737 2410 Ταῦτα
760 2354 819 2409 δέ
851 2356 985 2408 εἰσιν
1018 2355 1219 2423 ἀγαθαὶ
1245 2354 1470 2425 πράξεις
1513 2353 1606 2407 καὶ
1633 2352 1778 2420 λόγοι
1822 2368 1912 2405 σε·

336 2446 497 2515 μνοὶ,
547 2444 765 2510 πίστις,
819 2443 1105 2508 εὐσέϐεια,
1172 2442 1506 2514 δικαιοσύνη,
1558 2440 1909 2512 σωφροσύνη,

334 2538 557 2603 ἁγνεία,
608 2535 934 2607 καθαρότης.
988 2535 1173 2591 Ταῦτα
1219 2535 1384 2589 τέκνα
1431 2534 1526 2588 τοῦ
1582 2533 1908 2603 πνεύματος,

334 2631 591 2699 κτήματα
623 2627 680 2680 δὲ
700 2625 963 2698 ἡμέτερα.
993 2626 1169 2696 Μέχρι
1201 2626 1330 2679 πότε
1362 2621 1606 2695 μαθητὴς
1631 2622 1742 2676 τῶν
1768 2620 1912 2692 πρώ-

331 2737 440 2773 των
461 2719 737 2789 στοιχείων
757 2735 771 2782 ;
798 2717 1040 2784 Ἀνοιξόν
1069 2734 1161 2769 σου
1187 2717 1286 2787 τὴν
1309 2715 1481 2787 ψυχὴν
1503 2715 1576 2779 ὡς
1594 2714 1795 2774 δέλτον,
1817 2714 1912 2768 καὶ

335 2808 690 2880 συγχώρησον
719 2810 849 2879 ἡμῖν
874 2808 1169 2877 ἐγχαράξαι
1204 2806 1434 2877 μάθημα
1457 2805 1678 2859 τέλειον⁸
1715 2804 1790 2876 μὴ
1826 2805 1912 2859 ἀεὶ

336 2901 475 2972 μετά
501 2900 610 2953 τῶν
638 2900 840 2953 παίδων
870 2898 1117 2967 ψελλίζου
1134 2916 1147 2930 ·
1180 2896 1254 2969 μὴ
1280 2897 1555 2968 νηπιώδης
1578 2897 1684 2968 ’τὴν
1714 2896 1908 2968 φρένα.

2022 424 2164 477 stina
2196 423 2263 477 ad
2300 424 2422 478 vitae
2454 426 2886 493 institutionem,
2935 445 3056 499 quae
3092 438 3178 487 est
3213 447 3281 487 ex
3319 433 3582 503 Christo,

2022 514 2089 568 ad
2138 523 2339 568 terram
2388 530 2510 585 quae
2554 514 2661 571 fert
2709 517 2924 576 fructus
2972 520 3217 578 laetitiam
3255 523 3583 595 afferentes,

2021 618 2142 673 qua:
2174 605 2568 662 convenienter
2615 608 2966 677 promissioni
2998 610 3119 666 ﬂuit
3152 614 3309 670 melle
3338 623 3391 670 et
3420 618 3581 675 lacte.

2019 689 2215 748 Everte
2261 691 2513 758 Iericho,
2565 702 2804 751 veterem
2857 712 3052 769 nempe
3087 703 3580 770 consuetudinem,

2020 794 2091 835 ne
2141 779 2390 838 dimittas
2434 797 2555 838 eam
2605 784 2895 842 munitam.
2944 785 3111 844 Dirue
3147 804 3178 843 a
3217 790 3582 849 fundamentis
3644 824 3654 833 -

2020 878 2250 925 matrem
2280 872 2627 942 peccantium
2658 875 3074 946 cogitationum.
3105 877 3335 937 Dolosos
3363 881 3582 939 Gabao-

2018 960 2164 1017 nitas
2202 961 2288 1018 fac
2324 977 2514 1019 servos
2552 962 2813 1030 lsraelis,
2848 967 2953 1023 hoc
2988 975 3073 1023 est
3096 1009 3112 1035 ,
3154 972 3327 1027 malas
3374 975 3579 1044 cogita-

2020 1051 2201 1108 tiones
2225 1065 2410 1109 servas
2439 1054 2564 1109 vita:
2594 1053 2979 1126 Evangelicte:
3015 1059 3285 1128 lapidibus
3313 1063 3581 1120 obruatur

2017 1139 2110 1208 qui
2136 1138 2238 1195 sibi
2270 1140 2599 1213 usurpabat,
2630 1148 2685 1197 et
2716 1143 2880 1199 alieni
2909 1151 3171 1215 appetens
3206 1156 3324 1202 erat
3353 1149 3536 1204 Achar
3557 1188 3575 1214 ,

2015 1228 2112 1298 qui
2146 1231 2383 1300 linguam
2412 1230 2715 1288 suil‘uratus
2761 1241 2847 1289 est
2887 1247 3132 1290 auream.
3170 1234 3220 1292 is
3259 1244 3441 1293 autem
3480 1239 3573 1293 ille

2015 1325 2137 1381 est,
2161 1319 2253 1387 qui
2276 1319 2585 1376 honorandi
2611 1324 2865 1394 praecepti
2891 1323 3093 1381 delevit
3114 1325 3576 1385 observationem.

2017 1405 2210 1462 Omnia
2242 1409 2331 1463 illa
2360 1418 2545 1467 nostra
2576 1422 2706 1469 sunt
2743 1414 2936 1485 figura.
2973 1413 3170 1471 Omnia
3203 1423 3331 1472 sunt
3369 1418 3565 1488 praesi-

2017 1495 2397 1568 gnificatioues
2426 1515 2651 1568 eorum,
2677 1519 2799 1575 quae
2829 1520 2977 1560 nunc
3007 1514 3294 1577 apparent.

2083 1722 2128 1776 A
2152 1723 2262 1777 vita
2289 1732 2381 1779 tua
2410 1724 2561 1782 solve
2586 1740 2836 1782 voracem
2867 1742 3091 1784 corvum
3115 1729 3182 1783 ".
3213 1729 3288 1784 Da
3313 1728 3579 1787 columbae

2017 1819 2232 1883 tempus
2259 1822 2320 1869 ut
2342 1816 2410 1871 ad
2435 1824 2491 1872 te
2518 1817 2768 1885 advolet,
2792 1834 2955 1889 quam
2981 1820 3192 1890 primus
3215 1819 3375 1877 Iesus
3401 1822 3580 1892 typiee

2012 1916 2043 1956 e
2076 1904 2217 1958 cmlo
2248 1905 2558 1973 deduxit”,
2597 1921 2720 1977 quae
2747 1914 2834 1963 est
2864 1908 2975 1963 doli
3006 1908 3212 1975 nescia,
3248 1912 3580 1966 mansuetis-

2013 1991 2150 2048 sima
2184 2000 2239 2048 et
2273 1994 2652 2052 fertilissima:
2694 2011 2817 2067 qum
2857 2006 3146 2069 postquam
3187 1999 3460 2056 invenerit
3499 2001 3581 2055 vi-

2012 2097 2132 2137 rum
2163 2093 2489 2154 purgatum,
2536 2094 2598 2141 ut
2644 2097 2927 2157 argentum
2975 2096 3123 2144 recte
3175 2090 3480 2145 exercitum
3523 2098 3579 2146 et

2011 2175 2345 2243 expolitum,
2402 2176 2457 2230 in
2516 2191 2583 2232 eo
2625 2177 2874 2234 lubenter
2925 2179 3170 2246 hahitat,
3227 2186 3284 2235 et
3340 2179 3577 2237 animam

2011 2261 2136 2333 igne
2168 2270 2430 2334 tanquam
2465 2280 2564 2320 ova
2598 2265 2826 2330 fovens,
2868 2268 3072 2322 multos
3109 2268 3161 2323 ei
3206 2267 3353 2338 parit
3388 2274 3447 2321 et
3479 2267 3579 2323 do-

2010 2360 2105 2406 nat
2134 2352 2296 2410 tllios.
2340 2353 2378 2408 li
2409 2362 2589 2411 autem
2619 2365 2747 2412 sunt
2774 2358 2932 2413 bonae
2960 2358 3206 2414 actiones
3230 2396 3247 2423 ,
3276 2365 3331 2413 et
3357 2356 3578 2414 honesti

2011 2457 2296 2502 sermones
2314 2483 2330 2512 ,
2361 2444 2498 2502 fides
2518 2484 2535 2511 ,
2562 2447 2759 2518 pietas,
2784 2448 3034 2530 justitia‘,
3059 2448 3419 2520 temperantia
3439 2486 3455 2513 ,
3482 2461 3578 2502 ca-
3644 2454 3655 2467 '

1988 2535 2173 2590 .stitas
2194 2572 2210 2598 ,
2243 2536 2477 2605 puritas.
2509 2534 2576 2591 lli
2625 2546 2756 2593 sunt
2793 2537 2891 2593 lilii
2922 2537 3199 2609 Spiritus,
3245 2544 3452 2594 nostra:
3479 2551 3580 2593 au-

2012 2630 2119 2681 tem
2149 2626 2554 2696 possessiones.
2581 2626 2882 2698 Quousque
2904 2629 3014 2684 eris
3039 2626 3347 2699 discipulus
3373 2628 3579 2699 primo-

2012 2728 2135 2768 rum
2168 2713 2565 2771 elementorum
2593 2716 2617 2771 ?
2659 2718 2826 2788 Aperi
2859 2718 3096 2773 animam
3126 2725 3278 2773 tuam
3313 2726 3574 2789 tanquam

2011 2804 2250 2860 tabulam
2274 2844 2289 2869 ,
2334 2814 2389 2861 et
2431 2807 2670 2863 concede
2710 2808 2898 2874 nobis,
2931 2816 2993 2864 ut
3028 2808 3410 2879 imprimamus
3452 2824 3579 2880 per-

2011 2894 2211 2951 fectam
2260 2897 2642 2968 disciplinam,
2691 2915 2801 2955 non
2845 2913 3063 2971 semper
3100 2899 3410 2956 balbutiens
3447 2915 3576 2957 cum

346 2989 615 3060 Ἐρυθριῶ
643 2988 784 3058 ὑπὲρ
812 2988 927 3054 σοῦ,
985 2988 1067 3041 ὅτι
1119 2988 1367 3059 γηράσας
1409 2986 1593 3039 λοιπὸν
1626 2986 1763 3057 μετὰ
1802 2985 1909 3038 τῶν

2015 2987 2199 3055 pueris
2216 3025 2233 3051 ,
2256 3002 2368 3043 non
2394 2997 2576 3044 mente
2600 2988 2805 3044 infans.
2833 2988 2916 3046 Me
2940 2990 3020 3045 tui
3049 2989 3248 3061 pudet,
3275 2989 3421 3061 quod
3448 3004 3575 3047 cum

332 3081 755 3153 κατηχουμένων
793 3081 1029 3155 ἐκϐάλλῃ
1055 3121 1070 3149 ,
1133 3081 1207 3144 ὼς
1264 3080 1548 3150 παιδάριον
1603 3080 1763 3134 ἄνουν
1819 3079 1914 3133 καὶ

331 3172 433 3226 οὐκ
464 3172 746 3243 ἐχέμυθον,
782 3171 1062 3242 μέλλοντος
1094 3170 1387 3242 μυστηρίου
1413 3169 1711 3224 λαλεῖσθαι.
1751 3166 1914 3224 Ἐνὼσ

335 3262 460 3334 Θητι
486 3261 564 3332 τῷ
595 3260 839 3333 μυστικῷ
864 3261 977 3331 λσῷ
1024 3260 1117 3315 καὶ
1159 3259 1293 3332 μάθε
1330 3260 1522 3326 λόγους
1550 3258 1911 3330 ἀπορρήτους.

330 3350 568 3419 Φοέγξαι
611 3349 727 3421 μεθ’
772 3348 930 3420 ἡμῶν
964 3349 1182 3413 ἐκεῖνα,
1229 3347 1266 3402 ἃ.
1316 3348 1411 3402 καὶ
1461 3347 1528 3401 τὰ
1569 3347 1916 3419 ὲξαπτέρυγα

332 3441 616 3511 Σεραφὶμι
651 3438 789 3509 μετά
831 3439 940 3494 τῶν
995 3438 1211 3492 τελείων
1264 3437 1601 3508 Χριστιανῶν
1646 3436 1915 3507 ὑμνοῦντα

332 3527 502 3596 λέγει.
544 3526 909 3598 Ἐπιθύμησον
973 3527 1176 3597 τροφῆς
1239 3525 1640 3597 ὲνδυναμούσης
1701 3524 1911 3595 ψυχήνο

332 3618 530 3690 γεῦσαι
587 3618 829 3689 πόματος
892 3618 1118 3690 καρδίαν
1190 3616 1605 3688 εὐφραίνοντοςο
1658 3615 1915 3685 ὲράσΘητι

337 3710 640 3784 μυστηρίου
674 3711 754 3775 εἰς
788 3710 1017 3781 νεότητα
1048 3708 1174 3772 τοὺς
1195 3707 1457 3772 παλαιοὺς
1490 3706 1732 3777 ἀοράτως
1762 3704 1918 3775 ἀμεί-

333 3802 542 3865 ϐοντος.
576 3800 828 3872 Μίμησαι
852 3800 943 3853 τὸν
972 3797 1202 3852 Αἰθίοπα
1239 3798 1331 3852 τὸν
1360 3796 1612 3867 εὐνοῦχον
1640 3796 1738 3864 τῆς
1767 3792 1917 3859 ζεούο

337 3906 440 3961 σης
468 3890 778 3961 ἐπιθυμίας.
804 3888 913 3942 Καὶ⁸
941 3889 1049 3961 γὰρ
1080 3889 1283 3952 ἐκεῖνος
1312 3887 1498 3957 ἐπειδὴ
1536 3886 1624 3941 τὸν
1653 3885 1916 3938 Φίλιππον

338 3980 719 4054 προσαχθέντα
746 3979 894 4052 παρά
918 3979 1010 4033 τοῦ
1054 3978 1367 4050 Πνεύματος
1410 3977 1660 4049 σύνεδρον
1699 3976 1791 4028 ἐπὶ
1822 3975 1915 4028 τοῦ

338 4073 588 4143 ἅρματος
619 4062 842 4136 ἔλαϐεν,
892 4068 1010 4125 ὁδοῦ
1042 4070 1099 4124 δὲ
1142 4070 1414 4141 πάρεργον
1458 4067 1628 4138 ἔμαθε
1680 4065 1755 4137 μὴ
1790 4066 1918 4119 ἀνα-

338 4162 629 4231 γινώσκειν
680 4160 837 4232 μόνον
856 4201 871 4226 ,
929 4160 1065 4214 ἀλλά
1120 4159 1214 4213 καὶ
1266 4157 1554 4229 γινώσκειν
1602 4157 1693 4210 τὸν
1758 4155 1918 4224 σοφὸν

350 4251 578 4306 Ἡσαΐαν
600 4267 615 4282 °
664 4249 922 4320 ἐγεύσατο
944 4243 1003 4305 δὲ
1035 4249 1122 4304 διά
1157 4249 1256 4319 τῆς
1296 4248 1587 4320 ἑρμηνείας
1608 4247 1682 4310 ὡς
1715 4245 1917 4315 ἀγαθὸς

2014 3078 2402 3143 consenueris,
2452 3079 2634 3135 adhuc
2685 3080 2928 3148 ejiciaris
2967 3095 3092 3135 cum
3130 3079 3574 3148 catechumenis,

2019 3175 2278 3237 tanquam
2321 3168 2588 3238 insipiens
2611 3171 2861 3239 puellus,
2896 3176 2952 3226 et
2972 3168 3068 3241 qui
3099 3183 3303 3226 arcana
3334 3184 3445 3225 non
3478 3183 3577 3239 po-

2015 3261 2121 3310 test
2161 3256 2373 3323 celare,
2404 3272 2528 3312 cum
2571 3257 2863 3315 dicendum
2904 3258 2979 3314 sit
3015 3258 3358 3331 mysterium.
3402 3255 3577 3315 Uniro

2002 3345 2519 3425 .populo_mystico,
2554 3354 2609 3403 et
2653 3362 2887 3405 arcanos
2918 3347 3070 3405 disce
3102 3362 3408 3405 sermones.
3448 3347 3576 3401 Elo—
3679 3421 3687 3429 ν

2014 3452 2184 3505 qucre
2218 3439 2504 3495 nobiscum
2534 3439 2626 3494 illa
2650 3477 2666 3503 ,
2700 3453 2822 3509 quae
2851 3454 2946 3495 sex
2978 3439 3097 3496 alas
3122 3439 3380 3493 habentia
3412 3437 3575 3493 Sera-

2015 3526 2163 3596 phim
2192 3542 2316 3585 cum
2346 3527 2600 3597 perfectis
2627 3528 2960 3585 Christianis
2993 3527 3187 3584 dicunt
3215 3528 3446 3598 hymnos
3474 3541 3570 3582 ca-

2015 3617 2224 3670 nentia.
2279 3616 2536 3672 Desidera
2590 3618 2770 3672 cibum
2818 3618 2910 3687 qui
2957 3616 3246 3673 confirmat
3293 3616 3571 3681 animam;

2015 3715 2174 3776 gusta
2219 3712 2404 3777 potum
2452 3707 2545 3778 qui
2588 3723 2686 3762 cor
2715 3708 3019 3773 exhilarat;
3057 3721 3179 3761 ama
3216 3706 3571 3778 mysterium,

2016 3795 2157 3865 quod
2187 3810 2253 3850 eo
2286 3795 2465 3860 modo,
2501 3797 2594 3866 qui
2635 3811 2745 3851 non
2775 3796 2921 3851 cadit
2950 3795 3054 3852 sub
3080 3802 3383 3867 aspectum,
3422 3802 3572 3851 vete-

2016 3901 2106 3942 res
2137 3887 2455 3943 transmittit
2496 3889 2564 3944 ad
2603 3889 2969 3958 juventutem.
3001 3886 3224 3943 Imitare
3253 3886 3571 3959 Ethiopem
3628 3910 3634 3917 ο

2016 3978 2327 4033 eunuchum
2389 3977 2651 4035 ferventis
2694 3977 2977 4036 desiderii.
3016 3977 3231 4035 Etenim
3281 3977 3374 4034 ille
3420 3985 3574 4050 post-

2018 4082 2183 4139 quam
2228 4068 2538 4138 Philippum
2582 4083 2614 4122 a
2659 4075 2851 4124 sancto
2892 4067 3103 4137 Spiritu
3142 4069 3437 4125 adductum
3480 4085 3575 4124 as-

2018 4158 2254 4228 sumpsit
2280 4158 2336 4212 in
2365 4173 2532 4213 curru
2562 4172 2941 4215 consessorem
2966 4175 2983 4226 ;
3008 4158 3067 4214 in
3097 4159 3185 4216 via
3212 4156 3392 4213 autem
3425 4155 3572 4213 aliud

2019 4263 2220 4318 agens,
2273 4264 2384 4302 non
2435 4247 2850 4319 animadvertit,
2914 4263 2975 4305 se
3025 4249 3330 4320 sapientem
3374 4243 3572 4303 Isaiam

344 4342 547 4407 σκύλαξ
570 4341 665 4395 τοῦ
693 4343 921 4413 αἵματος
960 4341 1053 4395 καὶ
1090 4339 1184 4393 τοῦ
1228 4339 1524 4409 σφαγέντος
1555 4334 1757 4408 ἀμνοῦ·
1791 4352 1915 4406 σφο-

2020 4313 2129 4393 non
2164 4339 2340 4393 solum
2378 4339 2588 4409 legere,
2622 4337 2718 4394 sed
2750 4317 2915 4394 etiam
2950 4313 3276 4409 intelligere.
3317 4333 3574 4391 Guslavit

340 4433 480 4503 δρῶς
501 4431 596 4486 τοῦ
619 4431 881 4485 Φιλίππου
910 4430 1336 4502 καθυλάκτησεν,
1362 4427 1552 4500 μέχρις
1571 4421 1631 4481 οὗ
1655 4426 1790 4498 πρὸς
1814 4425 1915 4495 τὴν

340 4524 553 4579 τελείαν
586 4522 749 4577 αὐτὸν
776 4521 948 4592 θήραν
991 4524 1093 4592 τῆς
1136 4522 1194 4575 ὲν
1236 4519 1392 4591 χερσὶ⁵
1420 4516 1750 4588 προφητείας
1777 4514 1915 4586 ὡδή⁶

342 4632 529 4684 γησεν·
560 4613 900 4684 αὐτοσχέδιον
925 4613 980 4666 δὲ
1021 4613 1081 4666 τὸ
1127 4611 1407 4681 βάπτισμα
1433 4608 1670 4680 ζητήσας
1702 4604 1912 4671 ἔλαϐεν,

344 4704 466 4758 οὔτε
505 4705 856 4773 καταγωγίαν
896 4702 1208 4773 ἀναμείνας,
1238 4702 1361 4755 οὔτε
1394 4700 1544 4753 πόλιν
1575 4699 1608 4770 ἦ
1638 4697 1849 4767 κώμην,
1878 4694 1911 4765 ἢ

346 4795 436 4848 τὸν
476 4796 644 4849 τόπον
685 4795 1022 4862 άγιάσματος
1073 4792 1446 4863 ἐκδεξάμενος,
1476 4790 1827 4858 λογισάμενος
1861 4783 1919 4838 δὲ

350 4888 661 4958 σωφρόνως,
694 4889 775 4939 ὅτι
820 4887 927 4948 πᾶς
962 4884 1123 4949 τόπος
1160 4883 1252 4938 τοῦ
1292 4882 1469 4937 κοινοῦ
1503 4880 1793 4943 Δεσπότου,
1827 4876 1920 4930 καὶ

350 4979 456 5029 πᾶν
480 4976 625 5050 ὕδωρ
648 4974 953 5045 ἐπιτήδειον
981 4977 1060 5037 εἰς
1082 4975 1178 5044 τὴν
1204 4972 1296 5026 τοῦ
1323 4972 1690 5043 βαπτίσματος
1710 4967 1918 5040 χρείαν,

354 5067 507 5135 μόνον
537 5067 633 5120 ἐὰν
664 5066 801 5139 εὕρῃ
847 5065 1026 5118 πίστιν
1068 5064 1161 5117 τοῦ
1216 5065 1601 5134 λαμϐάνοντος,
1635 5061 1725 5114 καὶ
1769 5059 1919 5112 εὐλο-

351 5155 471 5221 γίαν
500 5156 593 5210 τοῦ
628 5157 943 5226 ἁγιάζοντος
981 5154 1186 5226 ἱερέως.
1232 5153 1323 5224 Μὴ
1358 5150 1661 5225 παροξύνῃς
1696 5150 1785 5205 τὸν
1823 5150 1919 5220 βα-

352 5248 574 5319 πτιστήν
622 5247 919 5319 βραδύνων,
956 5246 1088 5315 μηδὲ
1125 5243 1462 5316 παροργίσῃς
1507 5243 1664 5296 αὑτὸν
1703 5242 1916 5312 ἡμέραν

350 5333 407 5400 ἐξ
446 5338 653 5411 ἡμέρας
695 5334 1146 5404 ἀναϐαλλόμενος,
1187 5334 1279 5387 καὶ
1319 5333 1567 5386 δαπανῶν
1597 5333 1654 5386 ἐν
1685 5329 1913 5400 ὑποσχέ-

2015 4433 2197 4481 autem
2233 4427 2736 4496 interpretationem
2758 4468 2773 4494 ,
2809 4436 3069 4498 tanquam
3099 4426 3276 4484 bonus
3313 4425 3570 4481 catulus.

2016 4517 2302 4588 sanguinis
2354 4525 2409 4573 et
2458 4518 2582 4589 agni
2635 4519 2841 4586 occisi,
2900 4519 3253 4574 vehementer
3295 4515 3571 4573 allatravit

2015 4606 2327 4679 Philippum
2350 4647 2366 4672 ,
2409 4607 2585 4663 donec
2625 4624 2750 4665 eum
2792 4607 3019 4663 deduxit
3054 4607 3123 4661 ad
3153 4605 3452 4676 perfectam
3480 4620 3577 4661 vu-

2018 4698 2297 4753 nationem
2330 4698 2665 4768 prophetiae,
2699 4713 2866 4769 quam
2909 4696 3147 4754 habebat
3187 4695 3247 4751 in
3284 4694 3572 4763 manibus,

2008 4786 2073 4844 et
2104 4788 2334 4845 minime
2361 4804 2651 4860 operosum
2688 4803 2717 4842 a
2747 4804 2808 4845 se
2838 4791 3063 4860 petitum
3103 4780 3373 4857 baptisma
3406 4800 3571 4844 acce-

2018 4878 2136 4948 pit,
2169 4894 2270 4934 nec
2296 4888 2626 4948 exspectans
2652 4878 3017 4934 diversorium
3038 4919 3054 4942 ,
3088 4892 3263 4951 neque
3292 4876 3571 4933 civitatem

2018 4974 2112 5021 aut
2137 4969 2318 5023 vicum
2339 5005 2355 5031 ,
2385 4974 2478 5022 aut
2500 4968 2680 5022 locum
2710 4966 3245 5029 sanctificationis",
3277 4964 3571 5034 prudenter

2021 5068 2200 5115 autem
2234 5068 2502 5128 reputans
2549 5057 2693 5129 quod
2737 5058 2915 5112 omnis
2955 5057 3108 5110 locus
3136 5060 3222 5110 est
3264 5055 3574 5110 communis

2026 5151 2272 5216 Domini,
2303 5158 2358 5205 et
2396 5150 2574 5205 omnis
2619 5164 2761 5215 aqua
2800 5154 2882 5202 est
2920 5154 3045 5215 apta
3086 5144 3153 5198 ad
3199 5160 3359 5200 usum
3393 5144 3572 5214 bapti-

2024 5239 2250 5304 smatis,
2284 5239 2330 5294 si
2366 5237 2526 5294 modo
2557 5239 2822 5292 invenerit
2861 5234 3019 5289 fidem
3062 5235 3218 5304 ejus,
3265 5233 3358 5304 qui
3391 5233 3445 5289 id
3483 5248 3577 5288 ac-

2023 5332 2196 5402 cepit,
2233 5339 2288 5387 et
2335 5330 2765 5386 benedictionem
2810 5324 3113 5385 sacerdotis
3156 5322 3577 5386 sanetiticautis.

413 5560 457 5594 "
486 5559 624 5618 Gcn.
669 5574 794 5621 vm,
828 5555 879 5624 ϐ,
905 5554 954 5610 7.
1028 5556 1070 5589 ²⁶¹
1098 5554 1283 5610 Matth.
1317 5570 1397 5620 tu,
1433 5554 1527 5619 l‘i;
1562 5553 1723 5608 Marc.
1761 5550 1908 5619 1,10.

2015 5549 2171 5606 ³Λςι.
2216 5567 2332 5614 vm,
2372 5550 2439 5605 97
2466 5566 2588 5621 sqq.
