4072 6156
482 279 589 334 1.23

1749 267 1809 324 S.
1840 267 2168 326 GREGORII
2208 263 2498 325 NYSSE-Nl

3641 268 3747 326 424

484 393 605 449 Noli
660 391 827 446 nimis
878 389 1149 444 tardando
1200 386 1421 442 irritare
1473 386 1905 457 baptizatorem,
1961 403 2060 441 nec

2174 406 2282 442 ςεσι
2321 388 2413 442 τὸν
2465 387 2654 459 ῥέοντα
2697 387 2918 458 χρόνον,
2967 385 3177 458 μήποτέ
3233 403 3324 439 σου
3371 387 3488 448 ταῖς
3538 387 3750 456 ὁμοίαις

480 499 610 538 eum
643 482 709 536 ad
744 483 879 535 iram
910 492 1213 549 provocare
1234 521 1249 543 ,
1285 479 1428 533 diem
1461 477 1528 533 de
1563 478 1653 532 die
1686 477 1978 541 dilferens,
2011 486 2064 532 et

486 584 704 643 tempus
734 571 881 641 quod
913 569 1084 624 ellluit
1111 571 1166 623 in
1193 570 1485 638 promissis
1521 583 1854 623 consumens
1875 608 1887 632 ,
1916 584 1984 623 ne
2014 577 2067 624 te

487 667 682 722 iisdem
715 663 947 717 vocibus
991 663 1312 725 insectetur,
1349 663 1550 732 quibus
1579 659 1846 723 Joannes,
1891 670 1942 714 te
1990 659 2067 713 fe-

486 767 602 812 tum
633 757 832 824 viperae
861 753 1152 808 nominans
1183 753 1251 819 ³⁰,
1278 762 1332 806 et
1364 753 1586 807 surdam
1618 751 1863 820 aspidem
1883 791 1899 815 ,
1947 767 2066 820 qtae

382 876 391 884 -
485 848 750 902 eiferatur
779 846 847 899 ad
878 859 1069 899 vocem
1101 844 1560 910 incantatoris";
1595 843 1679 897 vel
1709 851 1950 906 acutam,
1984 843 2065 896 vel

486 939 860 1009 splendentem
889 938 988 991 tibi
1018 936 1272 992 ostendat
1314 935 1571 999 securim,
1600 935 1757 989 sitam
1779 935 1936 1003 juxta
1980 948 2066 986 ar-

487 1032 674 1085 borem
714 1038 770 1084 et
826 1031 1125 1083 minantem
1155 1026 1582 1096 amputationem
1608 1024 1676 1076 ".
1711 1023 1769 1078 lu
1802 1024 2069 1079 electione

487 1125 758 1178 malorum
806 1122 981 1192 magis
1028 1129 1112 1176 est
1160 1120 1504 1190 eligendum,
1551 1129 1604 1174 ut
1651 1120 1774 1190 quis
1829 1118 2069 1171 salutare

489 1215 771 1268 lavacrum
807 1221 1102 1266 assecutus
1128 1250 1142 1274 ,
1179 1225 1376 1264 rursus
1410 1210 1482 1264 sit
1516 1211 1566 1262 in
1605 1218 1829 1278 peccato
1851 1247 1865 1268 ,
1903 1222 2066 1277 quam

489 1318 546 1360 ut
581 1306 771 1375 gratiae
804 1318 1001 1371 expers
1032 1305 1197 1355 vitam
1238 1301 1410 1353 finiat.
1450 1299 1582 1352 Nam
1623 1311 1906 1369 peccatum
1940 1298 2068 1368 qui-

489 1401 610 1453 dem
642 1397 855 1451 veniam
885 1394 1121 1447 fortasse
1147 1402 1535 1461 consequetur,
1564 1401 1656 1444 aut
1681 1391 2064 1452 clementiam,

488 1492 649 1558 cujus
700 1502 894 1559 magna
935 1495 1017 1540 est
1054 1501 1181 1556 spes
1229 1485 1376 1554 apud
1424 1485 1636 1546 bonos;
1684 1484 1840 1537 alteri
1884 1489 2066 1534 autem

488 1591 575 1637 est
609 1581 835 1634 omnino
879 1579 1042 1632 vetita
1090 1578 1239 1631 salus
1281 1593 1348 1630 ex
1392 1583 1543 1629 certa
1588 1583 1642 1628 et
1689 1573 1911 1627 definita
1945 1587 2070 1626 sen-

488 1674 686 1728 tentia.
729 1669 864 1724 Nam
907 1684 1034 1724 cum
1075 1668 1300 1724 audiero
1343 1682 1526 1722 vocem
1559 1681 1682 1736 qua:
1718 1680 1828 1720 non
1866 1665 2066 1719 menti-

2169 486 2373 554 φωναῖς
2413 483 2658 536 Ἰωάννου
2706 480 3016 550 καθίκηται,
3065 478 3310 549 γέννημά
3357 495 3415 530 σε
3468 477 3752 548 ὀνομάζων

2167 579 2398 649 ἐχίδνης,
2431 576 2463 648 ἢ
2501 575 2699 630 ἀσπίδα
2743 574 2952 644 κωφὴν,
3000 573 3137 641 πρὸς
3165 573 3264 644 τὴν
3303 570 3483 642 φωνὴν
3517 571 3612 624 τοῦ
3651 572 3753 623 ἐπ·

2167 668 2383 739 ᾴδοντος
2417 665 2822 737 ἀγριαίνουσαν,
2855 664 2888 736 ἢ
2931 663 3027 734 τὴν
3075 661 3262 734 ἀξίνην
3297 679 3379 715 σοι
3416 662 3561 733 δείξῃ
3593 662 3756 731 τεθη-

2166 756 2374 826 γμένην
2423 756 2515 808 καὶ
2574 753 2910 820 στίλϐουσαν,
2959 752 3371 824 παρακειμένην
3411 752 3490 822 τῷ
3529 753 3755 822 δένδρῳ,

2168 845 2262 898 καῖ
2311 843 2410 915 τὴν
2456 844 2628 914 τομὴν
2667 843 3016 899 ἀπειλοῦσαν.
3059 843 3427 916 Αίρετώτερον
3467 846 3523 897 ἐν
3570 845 3758 898 κακῶν

2169 937 2366 1007 ἐκλογῇ
2405 935 2703 1000 ἀξιωθέντα
2745 936 2864 990 τινὰ
2892 936 2984 990 τοῦ
3017 937 3286 1007 σωτηρίου
3334 935 3583 1008 λουτροῦ,
3609 937 3760 1005 γενέ-

2172 1027 2292 1080 σθαι
2329 1027 2490 1080 πάλιν
2531 1027 2588 1078 ἐν
2627 1027 3062 1098 άμαρτήματι,ἢ
3103 1029 3200 1096 τῆς
3240 1027 3456 1096 χάριτος
3491 1026 3761 1096 ἀμέτοχον

2170 1117 2492 1186 τελευτῆσαι
2543 1116 2635 1168 τὸν
2681 1117 2810 1186 βίον.
2853 1117 2926 1170 Τδ
2963 1119 3060 1188 μὲν
3109 1118 3216 1188 γὰρ
3252 1118 3628 1188 πλημμέλημα
3667 1135 3764 1170 τυ-

2168 1209 2262 1279 χδν
2312 1209 2404 1262 καὶ
2459 1209 2783 1279 συγγνώμης
2833 1209 2863 1279 ἢ
2909 1209 3316 1280 φιλανθρωπίας
3371 1209 3756 1278 ἀξιωθήσεται,

2171 1298 2236 1372 ἧς
2287 1301 2454 1372 πολλὴ
2511 1302 2662 1372 παρά
2701 1302 2809 1354 τῶν
2853 1302 3071 1369 ἀγαθῶν
3102 1302 3284 1364 ἐλπίς·
3339 1301 3401 1353 τὸ
3449 1301 3504 1353 δὲ
3548 1301 3757 1354 παντά-

2171 1409 2338 1445 πασιν
2387 1394 2844 1465 ἀπηγορευμένην
2893 1393 3036 1464 ἔχειν
3089 1395 3187 1464 τὴν
3219 1397 3492 1465 σωτηρίαν
3525 1393 3582 1458 ἐξ
3620 1394 3764 1445 ἀπο-

2172 1484 2390 1552 φάσεως
2423 1485 2762 1557 ὼρισμένηςσ
2799 1486 2924 1538 ὅταν
2966 1487 3072 1557 γάρ
3116 1485 3332 1540 ἀκούσω
3366 1489 3463 1556 τῆς
3500 1484 3764 1555 ἀψευδοῦς

2171 1575 2353 1645 φωνῆς
2399 1576 2692 1646 λεγούσης,
2730 1595 2748 1627 t
2793 1576 2984 1646 Ἀμὴν,
3021 1577 3167 1646 ἀμὴν
3208 1577 3349 1644 λέγω
3393 1592 3506 1628 σοι·
3545 1577 3638 1627 sm
3685 1576 3761 1646 μή

2170 1684 2252 1730 τις
2281 1666 2512 1738 γεννηθῇ
2563 1666 2789 1729 ἀνωθεν,
2825 1667 2885 1720 ού
2919 1667 3138 1721 δύναται
3188 1667 3317 1720 ἰδεῖν
3363 1667 3459 1738 τὴν
3484 1667 3763 1738 βασιλείαν

489 1771 604 1828 tur,
633 1763 904 1816 dicentem
933 1779 944 1814 :
973 1779 991 1811 ι
1018 1759 1221 1824 Amen,
1245 1775 1402 1815 amen
1425 1760 1549 1815 dico
1571 1760 1728 1813 vobis
1763 1777 1775 1812 :
1809 1758 1916 1813 nisi
1943 1757 2069 1826 quis

2174 1758 2265 1812 τοῦ
2300 1759 2454 1824 Θεοῦ,
2499 1777 2516 1811 ι
2554 1759 2704 1812 οὐδὲν
2731 1759 2962 1830 δύναμαι
2995 1763 3104 1823 τοῖς
3148 1761 3413 1830 ἀμυήτοις
3457 1759 3762 1830 προσδοκῆ-

490 1865 658 1910 natus
703 1853 870 1907 fuerit
911 1851 1169 1920 desuper,
1216 1867 1327 1905 non
1375 1858 1554 1921 potest
1599 1851 1788 1904 videre
1837 1864 2065 1918 regnum

491 1945 586 2000 Dei
619 1946 687 2008 ³³,
720 1963 738 1996 ι
769 1944 904 1997 nihil
939 1943 1066 1996 boni
1103 1957 1326 2010 possum
1359 1951 1682 2011 exspectare
1718 1942 1784 1996 iis
1816 1941 1909 2010 qui
1948 1955 2066 2010 my-

490 2037 674 2091 steriis
725 2050 833 2088 non
881 2042 1011 2087 sunt
1058 2032 1277 2085 initiati.
1327 2031 1634 2097 Quamnam
1680 2032 1826 2085 enim
1876 2045 2066 2086 revera

489 2126 703 2180 veniam
743 2138 958 2192 aequum
1003 2131 1090 2176 est
1131 2124 1212 2176 eis
1259 2121 1564 2191 impertiri,
1608 2121 1703 2191 qui
1756 2123 1900 2192 regis
1945 2136 2070 2191 gra-

490 2219 620 2272 tiam
677 2215 981 2268 aﬂecerunt
1023 2214 1384 2275 contumelia,
1431 2213 1558 2267 aeris
1603 2214 1772 2268 alieni
1817 2229 1923 2266 non
1975 2212 2071 2265 ad-

490 2311 772 2362 mittentes
802 2303 1189 2359 rescissinnem
1213 2343 1227 2366 ,
1273 2319 1376 2357 nec
1408 2304 1800 2372 amplectentes
1845 2303 2070 2357 liberta-

489 2408 640 2464 tem,
683 2413 807 2467 qua:
837 2410 934 2450 sua
966 2403 1164 2464 sponte
1211 2396 1278 2448 ad
1328 2410 1425 2449 eos
1467 2410 1498 2448 c
1559 2395 1700 2448 coelo
1743 2393 2026 2448 descendit
2052 2436 2066 2458 ,

401 2509 410 2517 ·
490 2505 590 2561 per
639 2489 771 2544 doni
818 2496 998 2542 autem
1042 2495 1460 2561 contemptum,
1510 2501 1636 2541 eum
1690 2485 1784 2554 qui
1833 2485 2066 2538 donavit

490 2583 694 2654 probro
709 2590 765 2636 et
784 2556 1058 2635 dedecore
1091 2579 1424 2634 allicientes?
1457 2578 1708 2631 Animam
1745 2577 1968 2632 minime
2003 2577 2071 2630 il-

492 2675 836 2734 luminatam,
871 2681 925 2726 et
954 2669 1388 2740 regenerationis
1423 2670 1598 2738 gratia
1635 2684 1748 2723 non
1780 2679 2030 2722 ornatam
2051 2707 2066 2731 ,

494 2767 687 2820 nescio
717 2780 784 2817 an
817 2762 995 2832 angeli
1021 2761 1364 2830 suscipiant,
1389 2768 1683 2829 postquam
1709 2759 1873 2813 fuerit
1896 2774 1926 2810 a
1949 2775 2072 2813 cor-

493 2868 628 2926 pore
657 2859 931 2922 separata.
983 2849 1270 2915 Quomodo
1300 2848 1479 2912 enim,
1514 2863 1639 2902 cum
1674 2864 1785 2903 non
1819 2849 1892 2903 sit
1922 2847 2071 2902 obsi-

493 2953 690 3018 gnata,
725 2957 828 2998 nec
861 2942 1034 2996 ullum
1071 2940 1214 2995 ferat
1263 2940 1480 3008 signum
1529 2941 1616 2995 sui
1659 2940 1912 2996 Domini?
1959 2940 2069 2994 Imo

492 3047 582 3096 est
611 3035 918 3093 verisimile
945 3049 1042 3104 per
1075 3048 1255 3086 aerem
1290 3032 1423 3086 ferri
1459 3040 1738 3088 errantem
1780 3040 1835 3088 et
1863 3047 2070 3102 vagan-

496 3141 630 3195 tem,
659 3137 716 3185 et
743 3127 971 3181 minime
1001 3125 1311 3194 quaesitam,
1347 3131 1406 3178 ut
1441 3138 1562 3193 qua:
1594 3122 1824 3178 Domino
1863 3130 2070 3187 careat,

492 3227 828 3295 qttmrentcm
859 3217 1100 3287 quietem
1131 3226 1186 3270 et
1219 3215 1398 3269 locum
1421 3254 1436 3278 ,
1475 3215 1528 3268 in
1563 3229 1674 3284 quo
1717 3224 1934 3268 tnaneat
1959 3253 1974 3275 ,
2016 3223 2070 3268 et

445 3348 452 3358 -
493 3328 606 3369 non
639 3309 1045 3374 invenientem,
1097 3305 1302 3362 frustra
1353 3306 1642 3361 deflentem
1693 3313 1748 3359 et
1798 3306 2070 3360 inutiliter

495 3404 889 3476 paenitenteni,
927 3415 1035 3455 non
1069 3415 1231 3455 secus
1269 3408 1431 3468 atque
1462 3397 1686 3451 divitem
1722 3396 1817 3466 qui
1874 3397 2066 3450 indue-

2177 1870 2264 1904 σαι
2313 1851 2564 1922 χρηστόν.
2621 1851 2775 1914 Τίνος
2813 1851 2921 1922 γὰρ
2969 1851 3135 1914 ὅντως
3187 1851 3513 1921 συγγνώμης
3552 1851 3763 1904 δίκαιον

2174 1945 2284 2005 τοῖς
2324 1942 2582 2005 τοιούτοις
2616 1942 2975 2011 μεταδιδόναι,
3022 1943 3071 1996 οἳ
3121 1943 3220 2012 τὴν
3271 1941 3553 2012 βασιλικὴν
3601 1941 3764 2013 χάριν

2177 2031 2484 2102 ἐνύϐρισαν,
2518 2030 2592 2101 μὴ
2622 2029 2902 2100 δεξάμενοι
2942 2030 3042 2093 τὰς
3092 2029 3378 2092 ἀποκοπὰς
3416 2030 3524 2083 τῶν
3558 2031 3762 2100 χρεῶν,

2179 2121 2312 2192 μηδὲ
2340 2122 2815 2192 προσκυνήσαντες
2838 2122 2937 2192 τὴν
2967 2121 3276 2192 ἐλευθερίαν
3313 2123 3407 2174 καὶ
3440 2122 3765 2192 ἀσπασάμε-

2175 2231 2276 2274 νοι.
2325 2215 2764 2283 αύτεπάγγελτον
2799 2216 2933 2287 πρὸς
2985 2217 3182 2279 αὐτοὺς
3216 2215 3475 2269 ἐλθοῦσαν
3504 2215 3563 2280 ἐξ
3594 2217 3764 2286 ούρα-

2175 2307 2281 2359 νῶν
2301 2324 2314 2336 ·
2341 2307 2430 2359 διά
2459 2308 2516 2360 δὲ
2545 2309 2643 2375 τῆς
2684 2311 3140 2380 καταφρονήσεως
3172 2309 3264 2362 τοῦ
3294 2309 3488 2380 δώρου,
3535 2311 3625 2361 τὸν
3659 2309 3763 2361 δω-

2180 2400 2485 2468 ρησάμενον
2531 2401 2936 2470 ἀτιμάσαντες;
2988 2401 3180 2472 Ψυχὴν
3213 2402 3516 2471 ἀφώτιστον
3550 2403 3644 2454 καὶ
3693 2404 3762 2471 τῇ

2176 2489 2356 2559 χάριτι
2384 2490 2480 2560 τῆς
2510 2490 2923 2559 παλιγγενεσίας
2959 2492 3034 2562 μὴ
3071 2491 3458 2561 κοσμηθεῖσαν,
3499 2493 3599 2543 οὐκ
3644 2487 3764 2542 οἶδα

2175 2581 2296 2634 ούδέ
2341 2583 2390 2634 εἰ
2449 2582 2669 2650 ἄγγελοι
2723 2583 2861 2654 μετά
2913 2584 3004 2636 τὸν
3053 2584 3326 2654 χωρισμὸν
3362 2583 3458 2636 τοῦ
3509 2581 3765 2652 σώματος

2177 2673 2546 2744 ὑποδέχονται.
2585 2675 2708 2739 Πῶς
2743 2676 2852 2748 γάρ
2893 2675 2989 2746 τὴν
3033 2677 3424 2746 ἀσφράγιστον,
3457 2677 3556 2747 τὴν
3595 2674 3765 2746 μηδὲν

2175 2764 2276 2833 τῆς
2295 2765 2609 2830 δεσποτείας
2631 2767 2899 2838 ἐπίσημον
2927 2768 3196 2839 φέρουσαν
3218 2784 3232 2832 ;
3254 2763 3331 2820 Ἤ
3356 2767 3501 2830 εἰκὸς
3526 2767 3766 2837 ἐμφέρεο

2178 2848 2300 2902 σθαι
2333 2849 2412 2920 τῷ
2439 2851 2560 2923 ἀέρι
2595 2853 2952 2924 πλανωμένην
2984 2856 3076 2908 καὶ
3095 2855 3482 2926 ἀλητεύουσαν,
3513 2857 3606 2910 καὶ
3635 2855 3767 2927 ἀζή-

2175 2955 2359 3010 τητον,
2387 2940 2462 3004 ὡς
2491 2941 2783 2996 ἀδέσποτον
2803 2961 2815 2975 ο
2867 2945 3235 3016 ἐπιθυμοῦσαν
3278 2945 3639 3010 ἀναπαύσεως
3666 2946 3764 2999 καὶ

2180 3033 2368 3102 μονῆς,
2397 3033 2487 3086 καὶ
2519 3035 2593 3106 μὴ
2623 3036 2982 3106 εὑρίσκουσαν
3017 3036 3344 3108 ὀδυρομένην
3375 3038 3628 3108 ἀνόνητα,
3668 3037 3769 3090 καὶ

2100 3113 2141 3169 C
2179 3124 2626 3196 μεταμελομένην
2680 3128 2967 3198 ἀπρακτα⁶
3013 3129 3204 3200 ὁμοίαν
3243 3129 3321 3200 τῷ
3370 3129 3648 3201 πλουσίῳ,
3705 3129 3766 3183 ἓν

2177 3217 2460 3288 πορφύρα,
2510 3220 2604 3272 καὶ
2637 3219 2832 3289 βύσσος
2861 3221 3135 3291 ὴμφίαζεν
3160 3264 3173 3287 ,
3216 3223 3394 3294 τρυφὴ
3427 3223 3482 3275 δὲ
3534 3224 3766 3276 παν-τοία

2175 3310 2270 3361 καὶ
2301 3311 2599 3375 ἀπόλαυσις
2648 3312 2985 3383 ἁϐροδίαιτος
3026 3314 3270 3386 ἔτρεφεν,
3306 3314 3435 3386 ῦλην
3465 3313 3554 3368 τοῦ
3597 3315 3766 3368 ἀσϐέ-

2175 3416 2300 3452 στου
2329 3402 2520 3474 πυρός.

493 3503 657 3557 batur
685 3513 925 3569 purpura
960 3507 1013 3552 et
1047 3498 1246 3568 bysso,
1289 3511 1559 3565 quemque
1610 3495 1793 3548 lautus
1828 3503 1882 3548 ct
1923 3495 2198 3552 delicatus
2233 3499 2414 3554 omnis
2447 3502 2670 3571 generis
2737 3503 2897 3558 cibus
2960 3503 3178 3571 alebat,
3243 3505 3528 3560 materiam
3593 3503 3767 3575 ignis,

492 3598 585 3668 qui
620 3610 727 3650 non
762 3601 942 3665 potest
973 3591 1248 3661 exstingui
1281 3590 1344 3644 “.

563 3687 702 3744 Volo
734 3697 912 3742 autem
946 3688 1103 3742 vobis
1147 3687 1308 3739 etiam
1361 3700 1589 3738 nat-rare
1626 3682 1916 3752 quemdam
1953 3697 2071 3737 ser-

495 3797 712 3837 monem
747 3781 851 3834 viri
903 3779 1162 3840 infelicis,
1202 3779 1296 3846 qui
1342 3792 1590 3846 magnam
1634 3792 1784 3845 spem
1815 3791 1924 3829 non
1954 3782 2074 3830 erat

494 3882 804 3934 assecutus,
826 3879 880 3925 et
911 3884 1106 3939 aquam
1123 3867 1400 3936 quazrebat
1427 3866 1481 3918 in
1505 3873 1771 3934 tempore,
1792 3881 1901 3934 quo
1931 3881 2072 3934 aqua

494 3960 804 4017 deficiebat.
865 3956 1050 4026 Nuper
1088 3957 1270 4020 enim,
1321 3955 1542 4024 quando
1600 3954 1926 4026 Scytharum
1973 3972 2073 4010 no-

497 4049 719 4105 madum
751 4049 992 4102 incursio
1025 4047 1318 4117 plurimum
1367 4045 1480 4115 agri
1512 4045 1674 4098 simul
1714 4060 1836 4098 cum
1863 4044 2070 4099 habita-

498 4141 716 4195 toribus
769 4139 996 4208 diripuit
1043 4148 1096 4192 et
1153 4136 1382 4200 evertit,
1429 4137 1481 4189 in
1537 4136 1638 4190 hac
1704 4135 2074 4190 Comanorum

498 4231 717 4286 civitate
775 4231 954 4284 vicina
1011 4227 1345 4283 suburbanis
1402 4227 1787 4289 barbarorum,
1851 4224 2076 4296 quidam

495 4324 713 4394 juvenis
744 4323 912 4376 nobili
973 4321 1093 4375 loco
1157 4331 1333 4382 natus,
1371 4319 1606 4374 Archias
1635 4318 1877 4379 nomine,
1914 4332 2076 4386 quem

497 4431 598 4486 ego
632 4415 872 4469 sciebam
897 4413 1179 4482 mgcrrime
1209 4410 1352 4465 ferre
1384 4418 1437 4463 et
1500 4409 1710 4479 privata
1743 4416 1796 4462 et
1827 4421 2078 4460 commu-

2261 3683 2460 3736 Ἑθέλω
2519 3685 2576 3738 δὲ
2629 3685 2757 3756 ὑμῖν
2803 3687 2979 3740 εἰπεῖν
3033 3706 3153 3743 τινα
3215 3691 3308 3744 καὶ
3359 3691 3518 3760 λόγον
3570 3694 3767 3767 ἀνδρὸς

2179 3775 2388 3838 ἀθλίου,
2420 3778 2782 3847 ἀποτυχόντος
2832 3779 2933 3848 τῆς
2982 3781 3224 3853 μεγάλης
3266 3783 3498 3851 ἐλπίδος,
3537 3787 3630 3840 καὶ
3670 3787 3770 3858 ζη-

2177 3864 2392 3928 τοῦντος
2440 3865 2579 3938 ὓδωρ
2630 3869 2687 3920 ἐν
2736 3867 2947 3941 ἀνύδρῳ
2994 3870 3188 3941 καιρῷ.
3237 3873 3434 3946 Πρώην
3467 3876 3572 3948 γὰρ
3603 3879 3769 3948 ἡνίκα

2179 3956 2213 4025 ή
2249 3955 2562 4026 καταδρομὴ
2597 3955 2702 4010 τῶν
2734 3959 2978 4028 νομάδων
3019 3961 3260 4028 Σκυθῶν,
3292 3963 3493 4036 πολλὴν
3526 3969 3625 4021 σὺν
3656 3973 3768 4032 τοῖς

2179 4045 2386 4100 οἰκοῦσι
2427 4046 2609 4117 χώραν
2638 4049 2920 4118 ηφάνισεν,
2950 4053 3042 4104 ἐπὶ
3069 4053 3166 4121 τῆς
3197 4055 3524 4126 Κομαναίων
3556 4059 3766 4122 πόλεως

2172 4136 2375 4207 ταύτης
2423 4139 2796 4207 ἀστυγείτονος
2842 4140 2912 4194 τά
2960 4144 3256 4214 προάστεια
3313 4146 3420 4201 τῶν
3473 4147 3769 4221 βαρϐάρων

2174 4227 2507 4299 ληϊζομένων
2527 4272 2542 4295 ,
2571 4231 2709 4302 ἀνήρ
2746 4249 2828 4295 τις
2859 4232 2976 4297 νέος
3005 4235 3502 4309 τῶν·εὐπατριδῶν,
3545 4243 3770 4313 Ἀρχίας

2175 4317 2444 4389 τοῦνομα,
2472 4320 2529 4374 ὃν
2579 4322 2670 4374 καὶ
2709 4322 2870 4386 αὐτὸς
2908 4325 3150 4394 ἀκριϐῶς
3197 4329 3515 4401 ἠπιστάμην
3541 4335 3770 4404 περιαλ-

2177 4413 2293 4479 γεῖν
2325 4415 2435 4476 τοῖς
2468 4429 2528 4466 τε
2561 4414 2710 4477 ἰδίοις
2740 4415 2834 4468 καὶ
2869 4419 3065 4481 κοινοῖς
3111 4419 3212 4488 τῆς
3257 4423 3510 4494 πατρίδος
3553 4429 3745 4489 κακοῖς

498 4509 589 4564 nia
624 4509 760 4561 mala
823 4506 1033 4576 patriae,
1089 4518 1344 4573 egressus
1397 4510 1482 4556 est
1536 4518 1602 4556 ex
1635 4500 1859 4554 civitate
1908 4508 1962 4552 et
2008 4515 2070 4552 ex

2180 4501 2367 4572 ἐξῆλθε
2404 4505 2504 4574 τῆς
2548 4505 2753 4568 πόλεως
2782 4507 2872 4560 καὶ
2909 4507 3002 4560 τοῦ
3037 4483 3316 4581 φρούρίου,
3346 4483 3422 4576 di;
3466 4483 3774 4570 κατοπτεῦ-

499 4601 777 4670 praesidio,
816 4609 873 4653 ut
906 4599 1193 4668 diligenter
1249 4595 1655 4663 specularetur,
1716 4601 1850 4661 quot
1893 4599 2073 4653 erant,

498 4695 591 4765 qui
621 4693 830 4764 praedas
871 4693 1104 4762 agebant
1138 4689 1385 4752 barbari,
1420 4697 1474 4742 et
1519 4699 1767 4756 quaenam
1803 4691 1960 4738 erant
2011 4698 2075 4737 ea

499 4803 621 4856 qu:e
685 4784 1096 4854 contingebant,
1138 4790 1192 4837 et
1241 4796 1365 4835 cmn
1419 4778 1704 4835 incidisset
1755 4777 1808 4828 in
1863 4775 2074 4838 hostes,

500 4877 716 4946 sagittis
751 4876 852 4930 fuit
890 4875 1184 4944 appetitus.
1232 4873 1336 4939 Qui
1392 4886 1515 4928 cum
1564 4869 1852 4925 cecidisset
1904 4875 1959 4922 et
2007 4867 2076 4921 ad

498 4977 728 5024 mortem
780 4974 1120 5038 properaret,
1176 4980 1339 5035 quam
1387 4963 1624 5016 maxima
1678 4968 1892 5031 poterat
1945 4973 2078 5013 voce

499 5057 841 5114 exclamabat
878 5059 1028 5127 (erat
1057 5055 1201 5109 enim
1247 5053 1503 5123 baptismi
1553 5060 1900 5106 sacramento
1935 5065 2076 5103 non-

499 5150 627 5205 dum
654 5150 922 5216 initiatus)
947 5167 957 5201 :
979 5133 1189 5201 Montes
1209 5146 1453 5206 etsilvze,
1488 5143 1792 5212 baptizate;
1827 5143 2075 5204 arbores,

499 5251 554 5298 et
585 5259 768 5312 rupes,
809 5250 863 5297 et
917 5242 1115 5303 fontes,
1155 5240 1280 5294 date
1301 5239 1565 5309 gratiam!
1602 5237 1663 5291 Et
1714 5237 1812 5293 has
1848 5238 2078 5291 misera-

501 5333 640 5388 biles
675 5346 838 5386 voces
867 5330 1059 5393 edens,
1085 5331 1252 5383 vitam
1289 5329 1447 5384 finiit.
1485 5327 1632 5393 Quas
1663 5342 1787 5380 cum
1819 5326 2077 5381 rescivis-

503 5433 586 5478 set
619 5425 836 5483 civitas,
866 5437 959 5476 eas
1004 5423 1176 5491 magis
1217 5420 1452 5485 deﬂevit,
1491 5435 1656 5489 quam
1690 5433 1878 5472 casum
1922 5417 2068 5471 belli.

505 5515 642 5570 Huic
665 5515 871 5570 similes
901 5519 1026 5568 sunt
1072 5513 1109 5566 ii
1154 5528 1391 5585 quoque,
1417 5513 1510 5582 qui
1541 5527 1570 5564 a
1609 5510 1814 5565 morbis
1848 5517 2073 5578 repente

1107 5695 1144 5724 ³¹
1181 5692 1326 5747 Psal.
1355 5708 1480 5759 L\'ll,
1501 5692 1550 5748 ὅ.

570 5699 616 5734 ³⁸
648 5697 840 5752 Matth.
867 5710 948 5758 ιιι,
973 5695 1026 5746 7.
1107 5695 1144 5724 3‘
1181 5692 1326 5747 Psal.
1355 5692 1550 5759 L\‘ll,5.
1604 5693 1672 5765 ,π
1702 5689 1832 5748 Luc.
1864 5707 1945 5767 tu,
1975 5694 2029 5749 9.

2109 5693 2152 5725 ³³
2191 5690 2396 5750 lJoan.
2440 5711 2522 5765 ut,
2559 5696 2609 5752 5.

2183 4610 2273 4646 σαι
2298 4594 2561 4666 ἀκριϐῶς,
2597 4595 2752 4649 πόσοι
2790 4598 2888 4667 μὲν
2926 4601 2974 4652 οί
3012 4601 3269 4672 ληοῦντες
3313 4605 3599 4678 βάρϐαροι,
3647 4609 3771 4662 τίνα

2180 4685 2236 4739 δὲ
2270 4687 2339 4739 τά
2366 4687 2727 4758 συμϐαίνοντα
2762 4690 2908 4762 πάθη
2931 4707 2944 4720 ’
2976 4694 3069 4746 καὶ
3104 4696 3417 4766 περιπεσὼν
3461 4701 3571 4762 τοῖς
3605 4700 3770 4754 πολε-

2184 4778 2326 4848 μίοις
2351 4778 2727 4849 κατετοξεύθη.
2759 4781 2946 4836 Πεσὼν
2977 4784 3035 4836 δὲ
3079 4787 3173 4839 καὶ
3223 4786 3358 4857 πρὸς
3399 4789 3491 4842 τὸν
3537 4791 3771 4845 θάνατον

2181 4866 2551 4936 ἐπειγόμενος,
2581 4868 2656 4932 ὡς
2685 4864 2796 4940 εἶχε
2839 4869 3139 4942 δυνάμεως,
3166 4873 3362 4927 ἀνεϐόα
3403 4877 3526 4946 (καὶ
3561 4877 3670 4945 γὰρ
3700 4874 3771 4948 ἦν

2182 4955 2291 5010 τῶν
2332 4959 2799 5032 ἀμυήτων)’,”ορη
2836 4961 2928 5015 καὶ
2965 4963 3155 5026 νάπαι,
3185 4964 3482 5035 βαπτίσατε
3512 4982 3526 4995 °
3552 4968 3767 5040 δένδρα,

2181 5047 2272 5098 καὶ
2303 5046 2518 5116 πέτραι,
2575 5050 2669 5102 καὶ
2707 5053 2896 5118 πηγαὶ,
2942 5051 3062 5106 δότε
3107 5054 3208 5124 τὴν
3255 5056 3433 5128 χάριν.
3486 5058 3597 5111 Καὶ
3643 5064 3772 5124 ταῖς

2180 5139 2422 5209 οἰκτραῖς
2463 5143 2666 5208 φωναῖς
2703 5141 2929 5207 ταύταις
2975 5144 3417 5219 ἐπετελεύτησεν.
3454 5149 3549 5212 "Ag
3596 5151 3692 5202 καὶ
3737 5154 3771 5221 ὴ

2181 5230 2334 5293 πόλις
2367 5230 2632 5301 μαθοῦσα,
2676 5233 2835 5288 πλέον
2874 5235 2974 5305 τῆς
3018 5241 3303 5310 συμφορᾶς
3346 5241 3446 5310 τῆς
3489 5243 3632 5296 κατὰ
3678 5244 3771 5296 τὸν

2180 5321 2411 5392 πόλεμον
2440 5322 2834 5396 ἀπεθρήνησεν.
2865 5327 3240 5400 Παραπλήσιοι
3279 5332 3336 5386 δὲ
3367 5333 3542 5405 τούτῳ
3579 5335 3676 5387 καί
3719 5337 3771 5388 οἱ

2183 5411 2331 5484 παρά
2374 5412 2483 5465 τῶν
2535 5415 2703 5469 νόσων
2758 5416 2969 5489 ἀθρόως
3017 5420 3348 5493 πιεζόμενοι.
3383 5425 3552 5479 Ὅταν
3594 5427 3771 5497 γὰρ-ό

2180 5503 2306 5575 χθὲς
2337 5504 2594 5572 ὑγιαίνων
2631 5507 2723 5562 καὶ
2755 5512 3000 5582 μακροὺς
3025 5513 3203 5584 ἑαυτῷ
3243 5516 3370 5580 τοὺς
3410 5516 3637 5590 χρόνους
3671 5519 3768 5589 τῆς

2691 5695 2734 5730 ³⁸
2771 5695 2900 5753 Luc.
2929 5714 3038 5767 xvt,
3080 5697 3164 5754 19-
