4072 6156
322 278 432 336 425

1698 276 1785 332 DE
1817 276 2184 336 BAPTISMO.
2249 269 2254 274 ’

3478 285 3584 345 426

325 397 475 468 ζωῆς
499 396 812 468 διαγράφων
847 395 992 466 πάθῃ
1020 394 1081 448 τὸ
1111 393 1204 447 τοῦ
1231 392 1458 447 παλαιοῦ
1493 395 1907 466 ματαιόφρονος,

2017 396 2418 466 opprimuntur.
2452 397 2588 452 Cum
2613 399 2757 454 enim
2795 399 2866 466 ei,
2901 400 2994 471 qui
3021 399 3140 457 heri
3169 409 3289 456 erat
3315 416 3506 467 sanus,
3536 412 3592 458 et

327 490 424 543 καὶ
450 488 610 559 λεχθῇ
637 488 773 559 πρὸς
796 489 958 542 αὐτὸν
989 488 1052 540 ὲκ
1085 485 1186 556 τῆς
1226 484 1609 554 ἀπογνώσεως,
1639 487 1719 540 ὅτι
1745 487 1916 558 ταύτῃ

324 583 391 651 τῇ
424 581 580 632 νυκτὶ
606 579 641 651 ἡ
681 578 827 649 ψυχή
865 595 957 632 σου
999 576 1093 631 τοῦ
1138 576 1387 647 σώματος
1429 576 1636 643 λύεται,
1664 577 1786 631 τότε
1830 577 1919 631 θό-

328 671 489 743 ρυϐος
516 672 611 725 καὶ
642 672 894 742 κραυγή·
929 671 1026 725 καὶ
1067 671 1244 725 πάντα
1270 671 1327 722 ὲν
1361 673 1500 742 ῥοπῇ
1531 670 1722 741 καιροῦ
1753 670 1919 734 ὀξέως

325 763 588 832 ζητεῖται,
618 763 687 816 τὰ
712 762 905 833 σκεύη,
928 761 990 815 τὸ
1013 761 1174 832 ὕδωρ,
1203 763 1232 815 ό
1256 763 1453 833 ίερεὺς,
1483 765 1512 816 ό
1547 762 1704 831 λόγος
1729 765 1757 815 ό
1783 760 1918 832 πρὸς

322 857 422 926 τὴν
448 855 610 926 χάριν
635 852 1104 926 προευτρεπίζων,
1154 854 1214 907 ὃν
1263 855 1484 909 ἀπαιτεῖ
1514 857 1612 925 μὲν
1657 856 1690 925 ἡ
1736 854 1917 926 χρεία,

323 948 604 999 ἐπισκοτεῖ
627 946 684 999 δὲ
713 948 748 1017 ἡ
780 946 952 1010 νόσος,
990 947 1222 1020 σφοδρὸν
1252 947 1346 1002 καὶ
1382 947 1658 1002 ἀνένδοτον
1686 946 1918 1018 ἐργαζο-

327 1037 465 1107 μένη
512 1035 575 1088 τὺ
621 1030 826 1107 ἆσθμα.
861 1036 971 1089 Καὶ
1011 1040 1156 1089 ποιεῖ
1203 1036 1295 1090 τὸν
1347 1035 1573 1107 θόρυϐον
1625 1035 1726 1105 τῆς
1778 1035 1920 1090 κατὰ

325 1129 562 1198 πόλεμον
614 1126 842 1198 συνοχῆς
880 1128 980 1182 οὐκ
1023 1127 1312 1181 ἐλάττοναο
1347 1128 1548 1191 πάντες
1582 1128 1640 1181 δὲ
1685 1128 1734 1180 oi
1777 1127 1918 1180 κατὰ

323 1220 424 1290 τὴν
464 1219 643 1273 οἰκίαν
696 1217 942 1290 ἀλλήλοις
990 1219 1339 1284 ἀπαντῶντες
1381 1220 1772 1291 ὲκρήγνυνται·
1822 1221 1918 1274 καὶ

324 1311 567 1382 ὠθισμός
611 1313 749 1376 ἐστι,
793 1311 887 1365 καὶ
935 1311 1171 1382 ταραχὴ,
1220 1312 1314 1364 καὶ
1360 1311 1518 1383 θρόος
1568 1309 1777 1382 γοώδης
1822 1311 1918 1364 καὶ

324 1401 558 1472 ἄσημος,
590 1399 777 1472 ὥσπερ
820 1401 878 1454 ἐν
920 1400 1258 1472 νυκτομαχίᾳ
1289 1400 1535 1471 ἀλλήλοις
1575 1399 1918 1471 ἐμπλεκομέ-

324 1512 455 1558 νων,
503 1493 728 1561 δούλων,
787 1493 1086 1562 συγγενῶν,
1143 1493 1334 1564 φίλων,
1391 1493 1501 1545 τῶν
1549 1492 1775 1554 παίδων,
1818 1491 1917 1562 τῆς

324 1585 594 1656 γαμετῆς.
628 1585 717 1648 Ὧς
750 1583 828 1637 ἔτι
857 1583 1035 1638 τοίνυν
1063 1583 1254 1654 καιρὸς
1278 1583 1523 1654 εἰρήνης,
1546 1581 1615 1636 τὰ
1635 1581 1756 1635 καθ’
1787 1583 1915 1635 ἐαυ-

323 1679 452 1739 τούς
478 1676 772 1749 σωφρόνως
793 1675 1122 1746 διαθώμεθα.
1160 1676 1250 1730 Ἑν
1281 1676 1445 1746 σχολῇ
1474 1676 1565 1728 καὶ
1592 1675 1800 1746 γαλήνῃ
1821 1674 1914 1729 τοῦ

326 1766 444 1836 βίου
467 1765 692 1832 δέξασθε
722 1769 821 1838 τὴν
839 1765 933 1820 τοῦ
963 1764 1197 1838 Χριστοῦ
1224 1765 1452 1837 δωρεάν,
1477 1767 1566 1818 ὅτε
1593 1765 1686 1818 καὶ
1717 1766 1746 1817 ὁ
1775 1765 1912 1834 λαμ-

324 1857 504 1911 ϐάνων
535 1857 636 1928 τὴν
683 1857 892 1929 ὑψηλὴν
934 1859 1028 1913 καὶ
1072 1857 1401 1928 ἀσύγκριτον
1445 1856 1759 1927 εὐεργεσίαν
1792 1855 1910 1928 μεθ’

325 1949 522 2020 ἡδονῆς
543 1948 623 2020 τῷ
645 1949 931 2021 καταλόγῳ
966 1949 1075 2002 τῶν
1112 1948 1534 2019 υἱοθετουμένων
1562 1946 1911 2019 συναριθμεῖ-

323 2059 452 2106 ται,
505 2042 602 2095 καὶ
648 2043 698 2096 οἱ
736 2043 1002 2114 γνώριμοι
1042 2041 1241 2105 πάντες
1280 2040 1378 2113 τὴν
1415 2041 1624 2095 ἐκείνου
1665 2039 1801 2112 πρὸς
1851 2039 1912 2094 τὸ

322 2137 571 2205 κρεῖττον
618 2135 973 2206 μεταποίησιν
1019 2133 1292 2203 ἐξαίρετον
1324 2133 1495 2204 χαράν
1529 2133 1620 2187 κα)⁸
1645 2132 1910 2204 εὐφροσύ-

321 2244 421 2296 νην
448 2225 748 2280 ποιοῦνται.

409 2494 569 2548 Ἀλλά
620 2493 853 2558 δέδοικα,
902 2495 1055 2565 φησὶ,
1109 2494 1170 2546 τὸ
1219 2493 1316 2564 τῆς
1370 2493 1581 2563 φύσεως
1624 2492 1782 2564 ἡμῶν
1833 2492 1914 2558 είς

323 2588 602 2660 ἁμαρτίαν
630 2585 868 2649 εὔκολον,
900 2587 993 2639 καὶ
1013 2584 1101 2638 διὰ
1130 2584 1288 2638 τοῦτο
1320 2586 1454 2656 πρὸς
1495 2586 1592 2656 τὴν
1624 2587 1782 2656 χάριν
1814 2585 1914 2655 τῆς

326 2679 748 2749 παλιγγενεσίας
799 2677 1065 2750 βραδύνω.
1115 2679 1481 2748 Εὐπρόσωπον
1541 2677 1639 2747 μέν
1689 2695 1782 2731 σου
1813 2677 1914 2746 τῆς

323 2773 524 2836 δειλίας
550 2771 613 2823 τὸ
646 2771 959 2842 πρόσχημα,
990 2770 1084 2823 καὶ
1122 2769 1298 2833 καλῶς
1327 2771 1520 2824 σαυτὸν
1552 2786 1911 2842 κατασχημα-

322 2862 492 2927 τίζεις
540 2861 622 2931 τῷ
662 2860 762 2931 τῆς
813 2859 1095 2924 εὐλαϐείας
1139 2859 1444 2930 πλάσματυ
1489 2859 1624 2914 ἀλλά
1657 2877 1738 2913 σοι
1788 2859 1914 2913 σύν-

301 2932 489 3023 πομὸς
524 2951 793 3024 ἐρώτησις
834 2953 1202 3024 προσαχθεῖσα
1252 2953 1476 3024 ἀρκέσει
1519 2954 1912 3025 προγυμνῶσαι

322 3045 426 3116 τὴν
446 3043 650 3114 σκηνὴν
667 3043 920 3108 εὐκόλως.
941 3043 1092 3098 Ἐπεὶ
1111 3045 1241 3116 γὰρ,
1265 3046 1294 3097 ὁ
1313 3044 1605 3100 δεδοικέναι
1626 3045 1798 3114 λέγων
1813 3047 1912 3118 τὴν

331 3135 624 3208 ἁμαρτίαν,
651 3136 1056 3208 κατηχούμενος
1086 3137 1370 3209 ὑπάρχεις,
1391 3138 1510 3190 τίνα
1536 3138 1644 3208 ἄρα
1670 3137 1770 3209 ζῇς
1794 3137 1908 3207 βίον

323 3229 760 3300 ἀκατηγόρητον,
791 3230 824 3300 ἢ
861 3229 952 3282 τὸν
990 3229 1391 3300 ἀναμάρτητον,
1425 3228 1458 3299 ἥ
1499 3229 1590 3282 τὸν
1634 3231 1690 3282 ἐν
1733 3229 1911 3300 ἀμαρ-

322 3320 469 3383 τίαις
490 3337 505 3385 ;
529 3321 592 3373 Εί
629 3319 728 3391 μὲν
754 3320 859 3392 γὰρ
891 3320 978 3374 τὸν
1007 3321 1411 3391 ἀναμάρτητον,
1442 3320 1494 3373 τί
1523 3319 1721 3392 δειλιᾷς
1741 3320 1801 3374 τὸ
1823 3320 1912 3391 βά-

325 3429 562 3482 πτισμα,
609 3410 704 3465 καὶ
739 3411 844 3483 πρὸ
876 3411 1086 3464 ἐκείνου
1127 3411 1309 3482 τηρῶν
1343 3412 1441 3482 τὴν
1473 3412 1911 3484 νομοθετημένην

322 3506 614 3576 ἀκρίϐειαν
639 3521 656 3570 ;
680 3505 744 3558 Εἰ
774 3504 830 3558 δέ
856 3522 938 3559 σοι
965 3505 1270 3578 ἀκάθαρτος
1295 3507 1390 3573 καὶ
1412 3506 1719 3576 ἀφύλακτος
1743 3508 1775 3577 ἡ
1799 3505 1912 3578 ζωὴ

326 3596 608 3667 βραδύνων
641 3599 698 3650 ὲν
736 3596 1019 3667 ἀνομίαις,
1067 3598 1160 3651 καὶ
1197 3600 1261 3669 τῇ
1298 3600 1482 3670 μακρᾷ
1516 3599 1770 3670 συνηθείᾳ
1801 3597 1912 3662 ἕξιν

329 3686 614 3757 κτώμενος
640 3687 732 3740 τοῦ
769 3685 964 3752 κακοῦ,
990 3688 1252 3758 πρόδηλον
1284 3691 1364 3743 ὅτι
1390 3691 1489 3761 τὴν
1527 3691 1760 3760 ἐσχάτην
1782 3691 1911 3744 ἀνα-

327 3778 514 3849 μένεις
554 3779 859 3850 ἀναπνοήν·
888 3780 976 3832 ἵνα
1003 3779 1079 3849 τῷ
1123 3780 1456 3851 βαπτίσματι
1505 3780 1910 3852 παραληφθέντι

326 3869 472 3924 κατά
505 3868 604 3939 τὴν
629 3868 943 3924 τελευταίαν
978 3869 1127 3943 ὥραν
1153 3872 1475 3943 συντελεσθῇ
1505 3874 1538 3944 ἡ
1572 3873 1707 3944 ζωή.
1743 3873 1913 3927 Τοῦτο

323 3959 385 4012 δέ
414 3961 530 4012 ἐστι
564 3959 726 4031 καινὴ
756 3961 848 4014 καὶ
878 3961 1176 4031 παράδοξος
1214 3963 1471 4034 ἐμπορία,
1499 3965 1560 4018 οὐ
1593 3964 1792 4036 χρυσοῦ
1819 3965 1913 4019 καὶ

328 4050 580 4121 ἐσθῆτος,
613 4050 752 4104 ἀλλά
787 4051 1023 4123 πλήθους
1050 4053 1286 4124 ἀνομιῶν
1320 4056 1591 4126 καπηλεία
1620 4056 1911 4129 περίεργος

326 4143 429 4212 τῆς
454 4141 598 4194 κατὰ
631 4142 808 4213 ψυχὴν
851 4141 1189 4214 καθάρσεως.
1226 4147 1335 4199 Καὶ
1377 4147 1628 4220 καθάπερ
1661 4151 1709 4202 οἱ
1744 4152 1912 4221 χοῖροι

330 4234 501 4304 πηλὸν
529 4235 593 4286 ὲκ
625 4233 796 4306 πηλοῦ
831 4235 1207 4307 μετέρχονται,
1234 4238 1328 4302 καὶ
1355 4238 1446 4292 τὸν
1475 4239 1733 4312 βόρϐορον
1762 4241 1912 4312 ἔχου-

333 4345 415 4380 σιν
460 4328 642 4390 αὐτοῖς
695 4328 1053 4400 ἐνδιαίτημα*
1096 4329 1267 4394 οὕτως
1309 4333 1359 4384 οἱ
1395 4335 1516 4398 ταῖς
1549 4335 1913 4406 ἀκαθαρσίαις

2021 487 2150 541 vita:
2198 486 2302 542 sibi
2351 487 2572 557 longum
2617 495 2835 560 tempus
2867 489 3274 556 dimetiebatur,
3329 493 3595 548 acciderit

2019 575 2075 630 id
2110 575 2256 646 quod
2293 575 2368 631 illi
2401 577 2496 646 qui
2544 578 2674 632 olim
2714 594 2854 634 vana
2893 581 3187 652 cogitabat,
3220 583 3349 638 etei
3385 585 3592 639 dictum

2024 666 2191 722 fuerit
2222 683 2289 723 ex
2320 667 2702 738 desperatione
2729 689 2743 726 :
2793 671 2906 727 Hac
2938 682 3097 730 nocte
3137 675 3319 729 anima
3352 682 3446 730 tua
3482 676 3596 730 sol-

2018 759 2167 836 vitur
2201 773 2232 813 a
2285 773 2518 830 corpore
2553 761 2617 828 ",
2653 769 2784 816 tunc
2813 777 3050 834 magnus
3087 765 3269 819 oritur
3323 767 3595 821 tumultus

2016 860 2071 904 et
2103 851 2345 916 clamor;
2410 860 2465 906 et
2515 853 2700 907 omnia
2755 865 3036 910 momento
3091 856 3358 927 temporis
3392 858 3596 912 acriter

2019 951 2362 1012 quteruntur,
2406 958 2556 1009 vasa,
2589 959 2753 1014 aqua,
2794 944 3076 1010 sacerdos,
3109 961 3291 1002 sermo
3323 948 3417 1018 qui
3454 964 3594 1018 pra:-

2018 1039 2176 1101 paret
2205 1029 2275 1084 ad
2313 1031 2569 1103 gratiam,
2594 1048 2756 1102 quem
2806 1049 2940 1089 usus
2957 1034 3178 1104 quidem
3210 1038 3475 1108 postulat,
3503 1039 3591 1092 in-

2019 1123 2314 1194 terrumpit
2343 1132 2526 1180 autem
2574 1125 2819 1190 morbus,
2844 1126 2938 1196 qui
2981 1125 3164 1194 efﬁcit,
3215 1135 3274 1182 ut
3301 1129 3594 1185 vehemens

2018 1223 2074 1268 et
2113 1213 2368 1284 frequens
2413 1215 2486 1271 sit
2540 1217 2835 1284 anhelitus,
2886 1225 2942 1272 et
3003 1216 3132 1273 facit
3162 1233 3272 1274 non
3322 1223 3592 1276 minorem

2019 1307 2506 1377 perturbationem,
2529 1323 2693 1379 quam
2722 1324 2845 1380 quae
2872 1319 2979 1374 est,
3011 1325 3136 1366 cum
3169 1321 3326 1382 ttrget
3351 1313 3592 1382 bellum;

2019 1412 2212 1454 omnes
2248 1407 2429 1455 autem
2454 1400 2548 1468 qui
2588 1407 2718 1456 sunt
2764 1401 2934 1466 domi,
2969 1402 3071 1457 sibi
3123 1402 3357 1458 invicem
3397 1419 3595 1460 occur-

2019 1495 2204 1544 rentes
2223 1498 2540 1560 erumpunt;
2567 1499 2761 1563 estque
2790 1495 3090 1562 protrusio,
3123 1495 3414 1563 tumultus,
3439 1513 3594 1552 mur-

2018 1595 2252 1650 murque
2279 1593 2334 1636 et
2359 1597 2624 1638 susurrus
2679 1582 2899 1648 flebilis,
2950 1593 3004 1640 et
3040 1587 3285 1644 incertus
3330 1597 3592 1661 tanquam

2019 1669 2073 1723 in
2100 1671 2296 1740 proelio
2329 1673 2530 1739 navali,
2567 1688 2626 1729 se
2675 1673 2908 1730 invicem
2955 1677 3365 1748 implicantibus
3395 1684 3592 1747 servis,

2019 1763 2292 1833 cognatis,
2321 1765 2536 1832 amicis,
2570 1765 2718 1831 filiis,
2751 1781 2942 1824 uxore.
2972 1767 3157 1827 Donec
3185 1780 3270 1828 est
3291 1789 3423 1846 ergo
3451 1782 3593 1831 tem-

2019 1869 2120 1925 pus
2149 1855 2320 1925 pacis,
2356 1856 2410 1910 in
2433 1856 2548 1912 otio
2583 1865 2638 1913 et
2670 1857 2794 1913 vitae
2832 1861 3231 1931 tranquillitate
3251 1879 3342 1921 res
3370 1874 3593 1923 nostras

2017 1958 2433 2016 componamus.
2491 1948 2737 2019 Accipite
2773 1949 2977 2006 Christi
3028 1951 3255 2018 donum,
3288 1959 3510 2027 quando
3545 1961 3593 2016 is

2017 2036 2112 2107 qui
2134 2039 2305 2093 altum
2335 2051 2389 2094 et
2416 2038 2845 2111 incomparabile
2868 2043 3069 2114 accipit
3093 2044 3445 2113 beneficium,
3466 2064 3591 2104 cum

2017 2125 2298 2196 voluptate
2347 2127 2585 2184 refertur
2632 2129 2687 2183 in
2729 2146 3018 2187 numerum
3068 2147 3260 2189 eorum
3309 2136 3402 2206 qui
3462 2139 3597 2194 ado-

2018 2223 2242 2287 ptantur
2272 2218 2325 2274 in
2347 2219 2524 2288 filios;
2557 2230 2608 2276 et
2629 2236 2822 2278 omnes
2838 2225 2952 2278 noti
2969 2233 3023 2279 et
3053 2222 3373 2294 familiares,
3409 2243 3475 2284 ex
3499 2229 3594 2285 illa

2018 2306 2324 2363 mutatione
2353 2309 2409 2364 in
2447 2311 2642 2365 melius
2678 2325 2950 2367 summam
3001 2315 3336 2386 voluptatem
3365 2319 3594 2389 capiunt

2017 2407 2073 2452 et
2097 2399 2357 2454 laetitiam.
2747 2389 2751 2394 ’

2093 2489 2201 2546 Sed
2251 2492 2441 2559 timeo,
2483 2493 2694 2565 inquis,
2757 2505 2972 2554 naturae
3029 2507 3233 2557 nostrae
3281 2502 3348 2557 ad
3399 2505 3594 2560 vitium

2017 2583 2442 2655 proclivitatem,
2479 2594 2534 2642 et
2559 2587 2681 2643 ideo
2718 2589 2912 2645 differo
2953 2592 3214 2647 accedere
3247 2593 3314 2647 ad
3363 2595 3594 2666 gratiam

2019 2679 2473 2749 regenerationis.
2511 2677 2804 2751 Speciosus
2834 2691 2918 2738 est
2946 2685 3165 2754 quidem
3205 2695 3332 2744 tuus
3363 2697 3596 2759 praetex-

2019 2779 2108 2824 tus
2141 2768 2473 2834 timiditatis,
2507 2779 2562 2826 et
2587 2772 2864 2843 diligentis
2917 2776 3190 2832 cautionis
3239 2781 3476 2848 speciem
3508 2797 3621 2838 re-'

2018 2870 2107 2916 cte
2139 2876 2250 2932 prae
2285 2870 2338 2916 te
2368 2860 2515 2928 fers;
2546 2863 2640 2918 sed
2669 2863 2851 2920 brevis
2878 2865 2973 2921 tibi
3022 2868 3304 2937 proposita
3358 2870 3596 2926 interro-

2019 2951 2167 3021 gatio
2201 2951 2440 3008 sufficiet
2499 2954 2568 3009 ad
2621 2969 2843 3010 scenam
2876 2954 3035 3026 facile
3089 2959 3462 3028 aperiendam.
3499 2961 3596 3018 Dic
3679 3024 3681 3026 ,

2018 3044 2188 3109 enim,
2221 3045 2313 3115 qui
2343 3044 2483 3100 dicis
2515 3053 2568 3100 te
2598 3047 2788 3102 timere
2815 3056 3118 3118 peccatum,
3160 3066 3283 3106 cum
3346 3053 3423 3108 sis
3449 3063 3594 3111 cate-

2016 3135 2348 3200 chumenus,
2380 3151 2672 3206 quemnam
2704 3137 2842 3193 dicis
2870 3140 3053 3196 vivere
3081 3143 3290 3206 ‘vitam,
3335 3147 3388 3199 in
3431 3161 3595 3216 quam

2015 3226 2167 3280 nulla
2215 3226 2363 3282 cadit
2412 3228 2803 3298 reprehensio?
2833 3245 3053 3297 eumne,
3087 3232 3180 3302 qui
3241 3250 3349 3289 non
3385 3246 3595 3305 peccat.

2023 3332 2092 3373 an
2127 3332 2252 3374 eum
2289 3318 2384 3390 qui
2412 3327 2498 3375 est
2533 3319 2588 3374 in
2616 3321 2897 3390 peccatis?
2921 3321 2976 3380 Si
3009 3324 3154 3379 enim
3177 3340 3324 3390 eum,
3351 3327 3443 3396 qui
3485 3343 3595 3381 non

2013 3418 2226 3478 peccat,
2255 3408 2349 3479 qui
2369 3408 2526 3465 times
2549 3409 2902 3480 baptismum,
2921 3427 3043 3466 cum
3061 3413 3226 3468 etiam
3246 3423 3369 3470 ante
3384 3431 3505 3470 eum
3521 3415 3601 3471 di-

2015 3500 2244 3572 ligenter
2272 3501 2530 3558 observes
2559 3501 2614 3556 id
2642 3502 2789 3573 quod
2812 3511 2898 3558 est
2929 3505 3045 3574 lege
3073 3507 3474 3562 constitutum?
3499 3507 3598 3564 Sin

2015 3601 2197 3647 autem
2233 3592 2332 3647 tibi
2359 3600 2447 3649 est
2476 3594 2587 3646 vita
2642 3593 2924 3648 immunda
2957 3602 3012 3649 et
3068 3597 3274 3650 nullam
3328 3597 3597 3654 adhibens

2014 3685 2348 3748 cautionem,
2385 3698 2510 3737 cum
2558 3684 2652 3738 diu
2692 3685 2924 3739 moreris
2979 3685 3033 3739 in
3088 3685 3498 3756 iniquitatibus,
3541 3701 3597 3746 et

2015 3775 2177 3846 longa
2207 3774 2607 3831 consuetudine
2650 3775 2778 3829 mall
2833 3775 3082 3831 habitum
3110 3777 3417 3846 possideas,
3471 3785 3616 3850 per-'

2015 3868 2262 3938 spicuum
2284 3877 2370 3923 est
2398 3865 2545 3936 quod
2577 3867 2828 3920 ultimum
2861 3878 3148 3937 exspectas
3177 3868 3499 3933 anhelitum.
3536 3881 3599 3928 ut

2014 3975 2139 4015 cum
2167 3959 2440 4030 baptismo
2473 3959 2668 4013 ultima
2716 3959 2850 4012 hora
2883 3969 3145 4030 suscepto
3171 3961 3281 4014 vita
3331 3963 3494 4018 simul
3536 3965 3598 4018 fi-

2015 4053 2221 4107 niatur.
2257 4051 2373 4110 Hoc
2404 4059 2585 4106 autem
2616 4061 2699 4105 est
2726 4065 2862 4104 vana
2885 4059 2940 4105 et
2972 4051 3238 4107 mirabilis
3263 4064 3593 4118 mercatura,

2016 4160 2124 4199 non
2165 4143 2284 4197 auri
2314 4148 2368 4198 et
2395 4144 2652 4209 vestium,
2685 4142 2779 4198 sed
2808 4142 3175 4199 multitudinis
3209 4145 3588 4216 iniquitatum,

2016 4244 2070 4290 et
2102 4249 2509 4306 supervacanea
2544 4249 2607 4288 ac
2643 4234 2860 4288 curiosa
2891 4236 3216 4303 caupouatio
3242 4237 3434 4292 animae
3463 4254 3593 4307 pur-

2018 4329 2283 4400 gationis;
2319 4334 2373 4382 et
2407 4340 2516 4396 quo
2542 4325 2703 4380 modo
2735 4325 2884 4396 porci
2916 4341 2946 4380 a
2977 4327 3092 4381 luto
3125 4327 3181 4380 in
3207 4328 3382 4382 lutum
3411 4327 3595 4384 transé

333 4417 605 4482 συζῶντες
640 4418 997 4472 συνάπτουσιν
1033 4419 1368 4492 ἐπαλλήλους
1412 4422 1512 4486 τὰς
1546 4424 1794 4495 ἀνομίας.
1837 4427 1908 4478 Ἦ

2017 4435 2162 4489 eunt,
2201 4434 2254 4480 et
2289 4425 2340 4478 in
2367 4425 2485 4478 luto
2532 4424 2777 4493 jucunde
2809 4431 2862 4478 et
2906 4424 3154 4480 lubenter
3191 4425 3357 4480 vitam
3386 4438 3592 4497 agunt:

329 4509 440 4580 γὰρ
484 4512 552 4580 τῇ
596 4509 818 4581 πορνεία
864 4511 1207 4581 μολύνονται,
1246 4512 1279 4583 ἢ
1315 4513 1411 4585 τήν
1440 4514 1750 4586 δυσώνυμον
1792 4535 1912 4589 μοι·

331 4599 482 4667 χείαν
515 4601 892 4670 τεχνάζουσιν,
938 4604 972 4675 ἢ
1012 4605 1110 4676 τὴν
1140 4605 1309 4677 μέθην
1339 4605 1564 4660 ἀσκοῦσι
1595 4608 1655 4662 τὸ
1685 4609 1790 4661 τῶν
1821 4627 1915 4662 πο-

331 4692 514 4760 νηρῶν
545 4693 853 4764 ἐπιθυμιῶν
883 4695 1232 4766 ὑπέκκαυμα,
1265 4697 1298 4768 ἢ
1331 4697 1428 4761 τὰς
1457 4699 1689 4768 ἀδελφὰς
1711 4699 1912 4754 τούτων

332 4784 427 4835 καὶ
472 4787 759 4852 συγγενεῖς
787 4786 1061 4856 ἁμαρτίας
1111 4786 1506 4858 ἐπιτηδεύουσι.
1535 4790 1828 4844 Φοϐοῦνται
1855 4790 1912 4844 δὲ

332 4875 393 4928 τὸ
427 4875 734 4946 βάπτισμα,
771 4876 847 4940 ὡς
874 4877 983 4930 τῶν
1018 4878 1219 4950 ήδονῶν
1247 4879 1496 4952 κώλυμα,
1531 4881 1624 4935 καὶ
1653 4881 1762 4936 τῶν
1785 4900 1910 4953 μία-

336 4966 446 5036 ρῶν
483 4965 836 5020 ἀπολαύσεων
875 4969 1105 5040 ἀποχήν.
1131 4970 1299 5025 Ὅταν
1335 4967 1427 5025 οὖν
1470 4971 1672 5042 λέγειὸ
1699 4992 1911 5045 προφα-

337 5057 621 5137 σιζόμενος
659 5059 958 5130 προφάσεις
1004 5062 1061 5114 ὲν
1117 5063 1432 5134 ἁμαρτίαις,
1488 5066 1570 5118 ὅτι
1615 5065 1910 5137 Φοϐοῦμαι,

335 5136 605 5221 πρόδηλός
633 5151 781 5205 ἐστιν
809 5152 869 5204 οὐ
901 5153 999 5224 τὴν
1031 5155 1304 5225 ἁμαρτίαν
1336 5156 1750 5226 εὐλαϐούμενος,
1780 5157 1912 5212 ἀλλὰ

337 5243 555 5314 μακρὰν
616 5241 767 5313 αὐτῷ
822 5244 1073 5310 γενέσθαι
1131 5246 1483 5318 βουλόμενος,
1536 5248 1632 5320 τὴν
1683 5251 1740 5302 ὲν
1791 5253 1910 5314 ταῖς

334 5335 633 5406 ἁμαρτίαις
674 5334 1040 5408 ἀναστροφήν.
1077 5338 1140 5390 Oi
1176 5338 1233 5390 δὲ
1259 5337 1461 5410 ταύτην
1485 5338 1698 5410 ἔχοντες
1737 5340 1794 5392 ὲν
1833 5340 1911 5410 τῷ

335 5424 489 5496 βάθει
512 5426 613 5497 τὴν
641 5427 884 5499 πονηρὰν
911 5427 1158 5498 γνώμην,
1182 5427 1395 5493 πρῶτον
1427 5430 1527 5501 μὲν
1558 5431 1678 5484 οὐδὲ
1701 5429 1911 5509 ἀξιοῦν-

331 5533 418 5572 ται
448 5517 551 5592 τῆς
594 5517 846 5589 χάριτοςε
878 5520 1014 5573 ἀλλά
1061 5522 1180 5583 ταῖς
1226 5523 1406 5585 κεναῖς
1435 5519 1644 5575 ἐλπίσιν
1689 5525 1910 5582 ἑαυτοὺς

402 5694 449 5730 ⁸³
471 5695 608 5751 Luc.
629 5709 730 5755 xu.
762 5692 854 5748 20.

660 5791 930 5851 ΡΑτιιοι..
980 5789 1093 5850 Gn.
1147 5790 1364 5852 XLVI.

2019 4519 2093 4573 ita
2132 4517 2225 4588 qui
2260 4517 2452 4572 vivunt
2509 4516 2565 4570 in
2620 4516 2994 4580 immunditia,
3025 4517 3234 4572 scelera
3267 4531 3349 4572 .ac
3389 4516 3594 4588 flagitia

2017 4611 2247 4665 invicem
2304 4610 2666 4680 conjungunt.
2700 4610 2807 4664 Aut
2831 4610 2979 4665 enim
3039 4611 3356 4679 polluuntur
3386 4620 3595 4664 scorta-

2015 4703 2184 4764 tione,
2212 4709 2308 4755 aut
2345 4701 2770 4756 abominandum
2821 4699 3205 4754 machinantur
3239 4701 3590 4763 adulterium,

2017 4799 2112 4845 aut
2141 4797 2401 4847 exercent
2451 4790 2795 4853 ebrietatem,
2849 4788 3090 4843 fomitem
3144 4790 3408 4844 malarum
3440 4793 3595 4861 cupi-

2015 4885 2272 4952 ditatum,
2316 4890 2411 4938 aut
2459 4883 2548 4938 his
2581 4881 2782 4945 aﬂinia,
2839 4890 2894 4936 et
2931 4882 3256 4950 cognatione
3301 4882 3594 4951 conjuncta

2016 4986 2272 5037 exercent
2297 4982 2542 5047 peccata.
2573 4971 2790 5028 Timent
2825 4979 3004 5026 autem
3031 4972 3383 5042 baptismum,
3415 4982 3473 5028 ut
3500 4977 3592 5044 qui

2021 5067 2312 5140 prohibeat
2341 5061 2669 5132 voluptates,
2698 5069 2755 5116 et
2778 5061 3058 5117 abstinere
3103 5061 3268 5116 faciat
3301 5077 3331 5116 a
3369 5061 3596 5118 nefariis

2014 5157 2247 5213 deliciis.
2301 5154 2436 5209 Cum
2491 5167 2622 5223 ergo
2683 5152 2916 5217 dixerit,
2969 5153 3064 5219 qui
3115 5150 3312 5220 quaerit
3364 5165 3597 5206 excusa-

2017 5250 2195 5303 tiones
2224 5248 2279 5300 in
2314 5243 2580 5315 peccatis,
2613 5243 2827 5306 timere,
2854 5241 3201 5309 perspicuum
3229 5249 3314 5295 est
3335 5255 3457 5294 eum
3483 5257 3592 5295 non

2017 5337 2216 5402 vereri,
2268 5341 2363 5389 aut
2395 5348 2589 5389 cavere
2635 5340 2960 5400 peccatum;
2996 5331 3092 5385 sed
3133 5330 3274 5385 velle
3326 5345 3386 5384 se
3430 5346 3592 5400 quam

2018 5426 2324 5484 diutissime
2355 5423 2565 5480 versari
2597 5421 2650 5475 in
2692 5420 2936 5492 flagitiis.
3000 5418 3103 5486 Qui
3162 5427 3344 5474 autem
3380 5420 3434 5474 in
3467 5435 3594 5490 pro-

2018 5520 2188 5576 fundo
2233 5519 2431 5575 malam
2475 5517 2616 5572 hanc
2659 5513 2864 5569 habent
2911 5523 3166 5580 mentem,
3211 5512 3444 5583 primum
3474 5513 3593 5583 qui-

3206 5786 3278 5847 Ῑιὶ
