4072 6156
495 238 595 292 427

1761 235 1816 290 S.
1861 235 2185 295 GREGORII
2238 235 2533 293 NYSSENI

3627 236 3733 294 828

493 349 616 404 dem
655 361 756 405 nec
805 349 1034 419 gratiam
1069 353 1478 418 assequuntur;
1525 345 1620 402 sed
1671 361 1809 400 vana
1839 362 1937 417 spe
1965 362 2051 402 se-

2155 348 2644 412 ἀποϐουκολοῦντες
2686 347 2964 418 ἀδοκήτως
3008 345 3330 415 ἀπάγονται,
3359 346 3602 418 ἀψοφητὶ
3640 351 3733 406 καὶ

488 434 644 502 ipsos
663 441 977 504 pascentes,
1005 441 1200 504 praeter
1223 433 1534 504 opinionem
1562 434 1906 490 abducuntur
1931 436 2056 491 abs-

478 526 846 596 que-strepitu
870 532 923 579 et
947 532 1191 594 repente,
1222 535 1481 595 tanquam
1517 525 1746 582 insidias
1809 534 2058 583 struente

475 617 634 680 iure,
681 615 1021 686 opprimente
1065 623 1261 672 morte.
1322 615 1416 670 Sin
1472 623 1654 671 autem
1709 615 1852 672 Deus
1898 631 2054 672 suam

494 711 676 765 verius
705 708 990 763 eﬂundens
1019 708 1362 782 clementiam
1416 718 1472 764 et
1518 709 1837 771 bonitatem,
1873 709 1929 762 in
1975 709 2056 762 ul-

465 801 626 853 vtimo
646 797 732 854 die
762 813 908 863 eum,
939 799 1032 868 qui
1063 799 1364 853 delectatur
1404 806 1652 868 peccato,
1680 792 2056 868 mysteriis'sit

473 888 769 959 dignatus,
802 903 910 943 non
943 899 1026 944 est
1049 889 1130 944 eis
1153 904 1218 944 ex
1258 887 1626 960 negotiatione
1656 897 1863 941 tantum
1894 885 2050 950 lucri,

468 987 755 1051 quantum
818 981 1155 1036 exisrimant.
1204 978 1402 1033 Putant
1461 978 1604 1034 enim
1659 976 1941 1041 futurum,
1994 984 2055 1032 ut

487 1070 568 1126 eis
592 1085 817 1142 regnum
869 1070 1051 1124 statim
1095 1070 1393 1139 aperiatur,
1429 1067 1697 1138 accipiant
1726 1076 1907 1122 autem
1959 1066 2056 1120 ali-

487 1177 650 1231 quem
696 1161 873 1216 loeum
906 1161 1125 1230 plenum
1158 1160 1318 1215 bonis
1359 1158 1795 1222 admirabilibus,
1844 1165 1899 1214 et
1930 1173 2054 1214 eos-

488 1253 609 1307 dem
633 1260 982 1309 assecuturos
1005 1266 1126 1306 esse
1149 1251 1382 1306 honores
1404 1266 1539 1322 quos
1556 1250 1711 1320 justi.
1733 1248 1847 1304 Hoc
1870 1257 2052 1304 autem

487 1352 572 1397 est
596 1342 841 1412 quadam
865 1356 992 1411 spes
1021 1340 1223 1403 inanis,
1241 1339 1376 1395 falsa
1393 1339 1652 1410 opinione
1667 1340 2053 1411 praestringens

467 1433 920 1489 oculos-animai.
962 1430 1118 1496 Nam,
1154 1438 1214 1487 ut
1247 1432 1380 1487 mihi
1411 1431 1644 1494 videtur,
1678 1430 2055 1485 trifariam-di-

487 1526 746 1580 viduntur
769 1541 858 1581 res
886 1523 1191 1592 hominum,
1223 1524 1278 1578 in
1307 1539 1369 1579 ea
1395 1538 1517 1594 qua:
1543 1529 1895 1593 exspectatur
1917 1523 2048 1586 vita,

489 1626 544 1670 ut
575 1617 792 1672 interim
846 1617 1019 1688 magis
1057 1616 1351 1687 generatim
1403 1629 1466 1668 ea
1500 1629 1800 1684 persequar
1846 1614 2052 1684 absque

2163 441 2358 510 ἁθρόον
2407 441 2482 504 ώς
2527 439 2812 494 ἐπιϐούλου
2867 440 3102 493 κλέπτου
3145 438 3239 492 τοῦ
3285 438 3518 494 θανάτου
3566 458 3734 496 κατα-

2160 530 2548 601 λαμϐάνοντος.
2610 529 2787 597 Ἀλλὰ,
2815 531 2911 585 καὶ
2956 530 3259 594 πλεονάσας
3301 532 3334 584 ό
3370 530 3502 596 Θεὸς
3532 531 3632 604 τὴν
3657 533 3733 586 ot-

2161 624 2312 676 κείαν
2343 623 2723 695 μακροθυμίαν
2751 625 2846 676 καὶ
2881 622 3212 692 ἀγαθότητα,
3237 621 3578 688 καταξιώσας
3623 624 3734 678 τῶν

2163 712 2477 783 μυστηρίων
2507 712 2599 765 τὸν
2630 711 3038 782 φιλαμάρτητον
3071 712 3164 764 ἐπὶ
3191 711 3290 783 τῆς
3314 713 3548 783 ἐσχάτης
3582 713 3732 784 ἠμέ-

2163 817 2281 871 ρας,
2315 802 2588 855 οὺκέστιν
2617 803 2800 866 αὐτοῖς
2827 801 3078 855 τοσοῦτον
3115 803 3214 874 τῆς
3241 802 3625 873 πραγματείας
3671 804 3732 856 τὸ

2159 891 2372 962 κέρδος,
2436 893 2559 946 ὅσον
2612 892 2942 963 νομίζουσιν.
3008 891 3221 948 Οίονται
3253 893 3362 964 γὰρ
3416 894 3576 959 εὐθὺς
3629 895 3732 966 μὲν

2161 981 2650 1053 ὑπανοιχθήσεσθαι
2690 981 2785 1054 τὴν
2825 980 3102 1052 βασιλείαν
3131 982 3341 1047 αὐτοῖς’
3370 983 3633 1053 λήψεσθαι
3670 985 3730 1040 δέ

2157 1090 2279 1127 τινα
2299 1072 2475 1145 χῶρον
2486 1072 2706 1142 ἀγαθῶν
2727 1072 2968 1143 γέμοντα
2989 1072 3336 1143 θαυμαστῶν,
3360 1075 3454 1129 καὶ
3468 1074 3574 1128 τῶν
3597 1075 3729 1130 ἴσων

2157 1164 2556 1236 ἀξιωθήσεσθαι
2591 1167 2704 1226 τοῖς
2747 1164 2977 1229 δικαίοις
3027 1165 3222 1234 τιμῶν.
3277 1165 3351 1219 Τδ
3392 1167 3449 1220 δὲ
3477 1169 3606 1238 κενή
3642 1167 3729 1232 τίς

2158 1255 2307 1308 ἐστιν
2331 1254 2510 1320 ἐλπὶςζ
2526 1251 2654 1325 δόξῃ
2680 1251 2864 1322 ψευδεῖ
2889 1252 2987 1324 τὴν
3032 1252 3209 1324 ψυχὴν
3237 1253 3595 1325 γοητεύουσά.
3640 1257 3730 1320 Ὠς

2157 1343 2265 1417 γὰρ
2297 1344 2421 1415 ἐμοὶ
2452 1342 2722 1412 φαίνεται,
2749 1347 2908 1417 τρι.χῆ
2940 1344 3007 1398 τὰ
3047 1344 3156 1397 τῶν
3191 1344 3493 1414 ἀνθρώπων
3520 1346 3725 1420 διαιρε-

2159 1435 2380 1506 θήσεται
2407 1435 2497 1489 ἐπὶ
2524 1436 2622 1506 τῆς
2652 1435 3105 1508 προσδοκωμένης
3137 1436 3304 1506 ζωῆς,
3335 1437 3411 1502 ώς
3439 1438 3728 1506 γενικώτε-

2159 1542 2253 1595 ρον
2288 1526 2426 1589 τέως
2467 1526 2636 1597 χωρὶς
2678 1525 3069 1597 ὐπομερισμῶν
3109 1526 3355 1581 διελθεῖν.
3392 1527 3502 1581 Καὶ
3531 1529 3593 1582 τὸ
3628 1531 3727 1601 μὲν

2159 1617 2372 1688 πρῶτόν
2415 1617 2531 1670 ἐστι
2582 1617 2767 1687 τάγμα
2812 1617 2920 1670 τῶν
2963 1617 3261 1671 ἐπαινετῶν
3320 1618 3412 1671 καὶ
3465 1618 3720 1674 δικαίων*

487 1708 978 1766 subdivisionibus.
1011 1708 1076 1762 Et
1132 1707 1339 1780 primus
1386 1705 1607 1776 quidem
1654 1707 1760 1761 erit
1799 1705 1935 1760 ordo
1961 1721 2051 1760 eo-

2153 1707 2422 1780 δεύτερον,
2453 1707 2561 1762 τῶν
2589 1706 2712 1761 οὕτε
2754 1707 3101 1779 τιμωμένων,
3137 1706 3259 1762 οὔτε
3309 1709 3686 1782 κολαζομένων
3706 1728 3722 1744 ⁸

491 1819 608 1858 rum
639 1803 730 1873 qui
763 1808 892 1856 sunt
925 1799 1226 1856 laudabiles
1263 1807 1317 1853 et
1351 1797 1520 1866 justi;
1548 1798 1822 1852 secundus
1852 1804 2054 1862 autem,

466 1909 676 1948 eorum
715 1893 809 1962 qui
845 1907 1020 1961 neque
1050 1891 1391 1945 honorantur
1445 1902 1544 1943 nee
1570 1888 1909 1957 puniuntur;
1944 1897 2058 1942 ter-

488 1987 598 2040 tius
645 1993 821 2039 autem
875 1998 1064 2038 eorum
1103 1982 1197 2052 qui
1255 1996 1351 2051 pro
1381 1980 1619 2052 peccatis
1669 1980 1801 2036 dant
1843 1994 2053 2049 ρωπος.

478 2075 528 2130 'U
542 2076 590 2128 bi
634 2091 765 2146 ergo
794 2089 888 2129 eos
921 2089 1184 2144 ponemus
1215 2073 1307 2144 qui
1347 2074 1402 2128 in
1435 2071 1711 2142 exsequiis
1732 2080 2058 2142 acceperunt

488 2166 689 2220 lavacri
721 2165 1043 2221 beneﬁcium
1071 2165 1094 2219 ?
1119 2163 1259 2219 Num
1289 2164 1641 2236 perspicuum
1679 2172 1762 2219 est
1793 2164 1937 2233 quod
1969 2163 2056 2218 in-

486 2267 568 2313 ter
597 2259 892 2320 secundos,
953 2256 1116 2327 idque
1142 2272 1264 2326 cum
1315 2257 1493 2320 venia,
1543 2263 1602 2309 ut
1638 2255 1749 2310 sint
1815 2254 2055 2309 limredes

484 2364 581 2419 per
608 2349 698 2403 Dei
738 2349 1011 2418 propriam
1055 2347 1458 2417 benignitatem.
1502 2344 1604 2412 Qui
1645 2345 1790 2399 enim
1838 2362 1932 2415 per
1963 2360 2054 2400 so-

483 2438 1210 2511 cordiametnegligentiam
1253 2437 1514 2508 prodidit,
1565 2452 1684 2509 quae
1716 2448 1863 2492 recte
1910 2446 1962 2491 et
1989 2453 2053 2492 ex

482 2529 684 2584 virtute
711 2527 866 2592 ﬁunt,
898 2541 1007 2582 non
1055 2533 1144 2582 est
1172 2525 1310 2581 liber
1337 2541 1366 2580 a
1390 2539 1553 2596 poena
1583 2532 1636 2579 et
1659 2525 2012 2581 damnatione
2036 2544 2050 2580 :

482 2621 751 2690 siquidem
797 2620 934 2676 velle
991 2620 1196 2676 malum
1234 2627 1318 2676 est
1362 2618 1526 2673 afﬁne
1573 2619 1964 2684 criminationi,
2001 2627 2055 2675 et

483 2715 624 2766 bona
651 2711 854 2776 odisse,
886 2719 1069 2781 aperte
1104 2710 1449 2767 insimulatur
1493 2711 1878 2782 improbitatis.
1911 2711 2054 2777 Quid

483 2817 612 2871 ergo
657 2802 837 2869 magni
887 2802 1205 2862 lucraberis,
1249 2801 1296 2854 si
1345 2816 1375 2853 a
1407 2816 1579 2870 regno
1623 2801 1864 2865 excidas,
1904 2809 1956 2855 et
1985 2803 2053 2857 ab

491 2893 600 2947 illis
633 2893 915 2961 promissis
943 2907 1064 2960 quae.
1111 2908 1207 2945 nec
1237 2893 1428 2946 oculus
1468 2893 1620 2955 vidit,
1655 2908 1755 2946 nec
1787 2893 1937 2948 auris
1963 2910 2055 2948 au-

2156 1799 2336 1868 τρίτον
2373 1800 2480 1852 τῶν
2516 1798 2764 1852 διδόντων
2805 1799 2960 1863 δίκας
2989 1799 3128 1870 ὑπὲρ
3159 1792 3233 1854 ὧν
3267 1799 3723 1873 ἐπλημμέλησαν.

2156 1890 2265 1943 Ποῦ
2320 1891 2501 1945 τοίνυν
2556 1889 2789 1960 τάξομεν
2841 1891 2966 1952 τοὺς
3023 1892 3276 1960 ἐντάφιον
3321 1891 3582 1957 λαϐόντας
3628 1893 3724 1946 τοῦ

2155 1980 2378 2052 λουτροῦ
2411 1981 2508 2051 τὴν
2560 1981 2908 2052 εὐεργεσίαν;
2957 1981 3028 2033 Ἢ
3067 1982 3352 2052 πρόδηλον,
3384 1982 3460 2046 ώς
3511 1984 3570 2037 ἐν
3610 1986 3725 2047 τοῖς

2153 2073 2445 2144 δευτέροις,
2477 2073 2572 2127 καὶ
2606 2072 2762 2126 τοῦτο
2792 2072 2929 2143 μετὰ
2959 2072 3308 2146 συγγνώμης,
3338 2075 3425 2130 ἵνα
3459 2075 3598 2131 κατὰ
3627 2075 3726 2148 τὴν

2154 2163 2355 2217 οἰκείαν
2380 2163 2473 2216 τοῦ
2503 2163 2636 2217 Θεοῦ
2667 2164 3076 2236 φιλανθρωπίαν
3117 2167 3618 2238 κληροὸοτήσωμεν.
3664 2169 3724 2222 '0

2153 2253 2260 2323 γάρ
2290 2254 2431 2324 ὄκνῳ
2461 2254 2690 2325 προδοὺς
2716 2256 2785 2307 τά
2818 2256 2919 2324 τῆς
2950 2257 3153 2328 ἀρετῆς
3181 2257 3597 2330 κατορθώματα,
3622 2260 3724 2314 οὐκ

2153 2341 2432 2414 ἐλεύθερος
2481 2343 2680 2414 ζημίας
2714 2346 2807 2398 καὶ
2832 2346 3245 2414 καταγνώσεως,
3280 2349 3333 2401 εῐ
3355 2365 3419 2416 γε
3445 2350 3506 2403 τὸ
3541 2349 3724 2404 ἐθελο-

2153 2436 2340 2490 κακεῖν
2361 2434 2466 2488 ὑπὸ
2488 2436 2816 2508 κατηγορίαν
2839 2437 3049 2504 ἄγεται,
3075 2438 3171 2492 καὶ
3199 2439 3260 2493 τδ
3292 2443 3468 2510 μισεῖν
3491 2441 3558 2495 τὰ
3582 2443 3724 2496 καλά

2151 2523 2415 2596 πρόδηλον
2442 2525 2554 2596 ἔχει
2597 2527 2697 2598 τῆς
2746 2527 3009 2601 πονηρίας
3039 2529 3130 2582 τὸν
3172 2529 3408 2600 ἔλεγχον.
3444 2531 3508 2585 Τί
3541 2533 3722 2588 τοίνυν

2155 2615 2296 2684 μέγα
2327 2615 2606 2686 κερδανεῖς
2651 2615 2756 2683 ἔξω
2784 2616 2997 2670 πίπτων
3026 2618 3124 2686 τῆς
3163 2617 3456 2688 βασιλείας,
3493 2621 3585 2674 καὶ
3610 2621 3722 2676 τῶν

2151 2705 2488 2773 ἐπαγγελιῶν
2526 2705 2770 2768 ἐκείνων,
2803 2705 2868 2771 ἃς
2913 2702 3185 2779 ὀφθαλμὸς
3216 2710 3316 2762 οὐκ
3359 2705 3464 2763 εἶδε
3495 2710 3588 2764 καὶ
3627 2708 3722 2776 οῦς

2149 2797 2248 2848 οὐκ
2275 2797 2535 2867 ηκουσεν;
2579 2799 2654 2850 Οὐ
2697 2797 3027 2867 κολάζομαι,
3073 2799 3256 2868 φησιν,
3289 2799 3408 2851 οὐδὲ
3449 2799 3721 2871 φοϐοῦμαι

2150 2885 2247 2950 τὰς
2285 2885 2545 2950 ἀπειλάς·
2596 2887 2869 2958 ἀρκοῦμαι
2901 2887 2957 2940 δέ
2991 2887 3067 2958 τῷ
3097 2889 3172 2959 μὴ
3209 2889 3398 2942 παθεῖν
3435 2907 3484 2942 τι
3524 2890 3719 2964 δεινὸν,

485 2983 660 3038 divit?
683 2981 798 3036 Non
825 2983 1040 3052 punior,
1072 2984 1264 3051 inquit,
1291 2999 1466 3053 neque
1496 2986 1658 3039 timeo
1685 2987 1894 3051 minas;
1918 2987 2050 3041 satis

2155 2976 2288 3047 μήτε
2316 2976 2391 3040 ώς
2419 2976 2766 3048 κατορθώσας
2795 2996 2846 3031 τι
2874 2982 3117 3047 γενναῖον
3149 2979 3555 3052 ἀποδειχθῆναι.
3600 2983 3720 3038 Ἀν-

485 3082 662 3128 autem
713 3047 903 3138 habeo,
957 3075 1002 3128 si
1057 3047 1439 3144 nequegrave
1472 3074 1603 3144 quid
1637 3077 1834 3144 patiar,
1871 3047 2049 3148 neque

2153 3067 2414 3138 δραπόδου
2446 3047 2680 3139 πονηροῦ
2714 3071 2746 3139 ἡ
2793 3069 3128 3141 προαίρεσις*
3163 3047 3404 3142 μύλωνος
3430 3047 3586 3136 άξίου
3625 3076 3721 3130 καὶ

465 3167 800 3235 praeclarum
832 3165 1034 3234 aliquid
1065 3164 1262 3220 fecisse
1293 3166 1594 3220 renuntier.
1638 3165 1752 3221 l-loc
1799 3175 1882 3222 est
1918 3168 2049 3223 mali

486 3260 630 3313 servi
669 3259 998 3322 institutum,
1030 3258 1122 3328 qui
1155 3259 1368 3327 pistrini
1396 3265 1450 3313 et
1480 3259 1818 3314 vinculorum
1868 3268 1923 3315 et
1951 3259 2050 3314 ﬁa-

464 3366 706 3419 grorum
752 3351 925 3404 solum
976 3350 1158 3404 studet
1190 3351 1362 3405 vitare
1411 3350 1720 3419 supplicia;
1772 3351 2048 3406 liberalem

465 3455 661 3500 autem
695 3446 920 3516 gloriam
960 3454 1012 3499 et
1059 3445 1326 3498 honorum
1379 3446 1724 3515 splendorem
1767 3461 1834 3500 ne
1869 3447 2052 3501 tantil-

483 3537 592 3588 lum
625 3536 844 3605 quidem
871 3537 970 3590 sibi
1003 3535 1269 3590 vindicat.
1314 3535 1411 3591 His
1459 3544 1543 3590 est
1585 3536 1804 3590 inimica
1838 3546 1892 3591 et
1929 3554 2051 3591 con-

482 3626 646 3679 traria
680 3642 777 3680 vox
808 3627 1049 3679 omnium
1078 3634 1415 3686 sanctorum,
1444 3625 1538 3694 qui
1563 3623 1782 3679 fuerunt
1813 3623 1882 3678 ab
1911 3638 2045 3678 aevo.

467 3715 557 3768 ‘llli
586 3718 729 3770 enim
765 3731 957 3771 omnes
993 3730 1088 3782 pro
1117 3715 1313 3770 ﬁducia
1345 3716 1398 3768 in
1439 3713 1604 3768 Deum
1638 3723 1692 3768 et
1732 3714 1900 3768 libera
1924 3713 2048 3768 ﬁdei

433 3809 437 3811 ’
483 3808 826 3860 centes-sione
884 3807 1125 3874 pericula
1188 3805 1528 3867 dilexerunt,
1592 3813 1646 3859 et
1700 3807 2050 3875 prmbuerunt

484 3912 683 3964 corpus
715 3895 1021 3948 volentibus
1045 3894 1341 3948 secandum
1371 3901 1425 3947 et
1457 3895 1607 3949 varie
1634 3895 1993 3950 occidendum
2031 3913 2046 3950 :

485 4002 583 4038 nec
609 3985 719 4037 ulla
752 4000 807 4038 re
838 3999 1032 4053 aspera
1069 3983 1227 4037 fracti
1262 3993 1388 4038 sunt
1413 3997 1478 4037 ac
1519 3983 1734 4049 molliti,
1765 3986 2050 4053 sanguinis

483 4082 538 4128 et
567 4088 748 4126 rerum
779 4075 1037 4142 praeclare
1087 4083 1363 4143 gestarum
1399 4073 1679 4143 praemium
1729 4084 2050 4144 exspectan-

487 4172 590 4228 tes,
621 4163 903 4228 honorem,
934 4165 1025 4234 qui
1057 4173 1138 4220 est
1168 4165 1222 4219 in
1273 4181 1441 4236 regno
1476 4167 1763 4225 caelorum.
1823 4167 2050 4239 Propter

481 4256 635 4311 illum
667 4254 855 4324 jussus
877 4255 1148 4311 Abraham
1181 4255 1349 4310 ﬁlium
1375 4259 1744 4322 sacriﬁcavit;
1777 4268 1830 4314 et
1868 4259 2049 4317 Moses

2149 3159 2345 3230 δεσμοῦ
2385 3161 2480 3214 καὶ
2525 3162 2824 3231 μαστίγων,
2869 3161 3086 3216 ἐκδῦναι
3135 3164 3292 3234 μόνον
3322 3163 3418 3228 τὰς
3448 3166 3720 3238 τιμωρίας

2151 3249 2536 3314 σπουδάζοντος
2555 3267 2568 3280 ·
2615 3251 2919 3322 ἐλευθερίου
2967 3252 3022 3305 δὲ
3053 3254 3210 3326 δόξης
3237 3256 3331 3308 καὶ
3358 3256 3464 3310 τῶν
3493 3259 3557 3311 ἐκ
3579 3257 3720 3329 λαμ-

2151 3338 2414 3412 πρότητος
2456 3343 2649 3413 τιμῶν,
2675 3344 2794 3396 οὐδὲ
2838 3343 2975 3396 κατὰ
3019 3345 3214 3416 μικρὸν
3253 3347 3719 3418 ἀντιποιουμένου.

2162 3432 2360 3502 Ἐχθρά
2399 3433 2614 3486 πάντων
2655 3434 2791 3504 αὑτὴ
2824 3434 2931 3488 τῶν
2961 3434 3131 3502 ἁγίων
3161 3436 3333 3508 φωνὴ,
3363 3438 3580 3492 ἐναντία
3610 3440 3720 3494 τῶν

2150 3523 2244 3575 ἀπ’
2272 3521 2465 3585 αἰῶνος
2509 3523 2688 3576 ὁσίων.
2721 3523 2946 3577 Ἐκεῖνοι
2994 3524 3102 3596 γὰρ
3151 3527 3384 3590 ἅπαντες
3422 3529 3548 3591 τοὺς
3579 3529 3721 3600 ὑπὲρ

2150 3616 2460 3687 παρρησίας
2502 3616 2776 3679 κινδύνους
2812 3617 3126 3689 ἠγάπησαν,
3168 3619 3261 3670 καὶ
3305 3623 3564 3691 παρεῖχον
3607 3624 3721 3685 τοῖς

2152 3709 2486 3779 βουλομένοις
2513 3709 2726 3779 τέμνειν
2759 3710 2850 3763 καὶ
2877 3709 3119 3778 φονεύειν
3147 3711 3404 3775 ποικίλως
3439 3713 3498 3765 τὸ
3537 3714 3717 3784 σῶμα,

2151 3803 2243 3856 καὶ
2284 3802 2418 3873 πρὸς
2464 3804 2652 3856 οὐδένα
2699 3803 2994 3856 ώδινόντων
3034 3803 3478 3875 ἐμαλακίσθησαν
3533 3803 3719 3874 ἆθλον,

2149 3891 2239 3946 τοῦ
2285 3894 2514 3964 αἵματος
2559 3895 2654 3948 καὶ
2695 3893 2802 3947 τῶν
2851 3894 3380 3966 ἀνδραγαθημάτων,
3422 3895 3521 3966 τὴν
3562 3897 3621 3950 ἐν
3653 3902 3720 3970 τῇ

2152 3983 2396 4056 βασιλείᾳ
2454 3985 2562 4038 τῶν
2623 3985 2865 4056 οὐρανῶν
2925 3985 3330 4056 προσδοκῶντες
3395 3987 3581 4058 τιμήν.
3641 3989 3720 4044 Δι’

2148 4076 2369 4129 ἐκείνων
2419 4075 2668 4148 Ἀϐραὰμ
2706 4075 2799 4130 τὸν
2848 4076 2964 4130 υίὸν
2997 4076 3353 4148 προσταχθεὶς
3403 4078 3588 4134 ἔθυσε·
3623 4081 3720 4136 καὶ

2148 4165 2390 4236 Μωῦσῆς
2439 4168 2718 4238 ἐνεμόχθει
2775 4170 2888 4232 τοῖς
2933 4167 3122 4232 δεινοῖς
3170 4171 3270 4240 τῆς
3321 4170 3566 4242 ὲρήμου¹
3625 4173 3720 4228 καὶ

2164 4257 2347 4321 Ἠλίας
2367 4257 2458 4311 τδν
2499 4256 2704 4330 ἔρημον
2750 4257 2844 4330 ἔζη
2897 4259 3010 4330 βίον
3047 4258 3141 4312 καὶ
3190 4258 3593 4330 ἀθεράπευτον’
3625 4264 3720 4317 καὶ

483 4346 748 4401 laboravit
775 4348 829 4402 in
860 4348 1067 4418 asperis
1091 4347 1289 4404 deserti
1330 4348 1766 4414 difﬁcultatibus,
1818 4362 1872 4407 et
1905 4355 2048 4410 Elias

2153 4346 2351 4410 πάντες
2398 4348 2670 4418 προφῆται
2711 4347 2892 4419 διῆγον
2941 4349 2998 4401 ἐν
3051 4348 3360 4420 μηλωταῖς,
3393 4351 3452 4402 ἐν
3490 4352 3719 4419 αἰγείοις

483 4438 538 4491 in
571 4437 862 4493 solitudine
892 4437 1057 4492 vitam
1108 4439 1218 4509 egit
1269 4455 1517 4510 aSperam
1558 4451 1611 4496 et
1644 4451 1950 4510 austeram;
1995 4457 2050 4500 et

2153 4437 2430 4510 δέρμασιν,
2453 4439 2776 4509 θλιϐόμενοι,
2813 4439 3255 4512 κακουχούμενοι.
3303 4441 3472 4513 ’Υπὲρ
3501 4443 3721 4515 ἐκείνης

481 4545 672 4583 omnes
705 4531 981 4600 propheta:
1013 4529 1263 4586 vixerunt
1299 4533 1351 4585 in
1380 4535 1556 4588 ovinis
1579 4544 1632 4588 et
1658 4535 1898 4604 caprinis
1930 4538 2046 4607 pel-

482 4620 646 4686 libus,
686 4619 865 4674 aﬁlicti
893 4625 955 4675 et
983 4621 1180 4676 vexati.
1215 4621 1320 4676 Pro
1374 4623 1466 4678 illo
1516 4625 1862 4694 evangelista:
1903 4627 2049 4696 passi

483 4722 611 4766 sunt
646 4711 901 4782 stigmata
941 4728 1039 4783 pro
1069 4712 1380 4784 Evangelio,
1408 4722 1461 4769 et
1504 4727 1769 4787 martyres
1795 4717 2045 4773 decerta-

483 4810 609 4854 runt
639 4801 900 4857 adversus
933 4810 1204 4858 tormenta
1235 4812 1615 4875 tyrannorum.
1641 4805 1704 4859 Et
1733 4807 2045 4877 quicunque

481 4903 565 4948 est
582 4908 709 4948 vere
740 4896 951 4948 ratione
977 4895 1261 4964 praeditus,
1295 4903 1349 4950 et
1377 4895 1472 4951 Dei
1509 4897 1710 4967 imago,
1745 4904 1799 4952 et
1841 4897 2049 4954 habens

481 4986 860 5055 cognationem
899 5002 1022 5040 cuin
1065 4987 1132 5043 iis
1161 5003 1281 5057 quae
1315 4997 1443 5042 sunt
1465 4990 1678 5045 excelsa
1709 4997 1762 5045 et
1784 4991 2047 5052 caelestia,

484 5089 550 5125 ne
577 5073 689 5125 vult
727 5075 945 5144 quidem
996 5091 1140 5138 esse,
1192 5093 1368 5148 neque
1401 5079 1562 5133 simul
1620 5081 1878 5135 suscitari
1920 5096 2047 5136 eum

482 5162 813 5229 hominibus,
851 5165 942 5236 qui
984 5167 1337 5229 reviviscunt.
1363 5170 1472 5226 nisi
1513 5171 1584 5226 sit
1625 5187 1653 5225 a
1684 5171 1794 5228 Deo
1831 5174 2052 5228 laudan-

2149 4527 2532 4597 εὐαγγελισταὶ
2565 4527 2637 4580 τὰ
2675 4528 2812 4598 ὑπὲρ
2844 4527 2937 4581 τοῦ
2969 4528 3297 4597 Εὐαγγελίου
3343 4529 3581 4601 ἔπασχον
3605 4533 3722 4585 στίο

2148 4635 2364 4690 γματα,
2399 4618 2495 4672 καὶ
2540 4618 2816 4690 μάρτυρες
2855 4620 2974 4682 ταῖς
3000 4617 3252 4673 κολάσεσι
3283 4624 3402 4685 ταῖς
3432 4622 3584 4692 παρὰ
3609 4624 3722 4677 τῶν

2147 4712 2426 4781 τυράννων
2473 4711 2886 4781 ἐνηγωνίσαντο,
2911 4710 3003 4763 καὶ
3043 4712 3170 4776 πᾶς,
3200 4711 3254 4763 εί
3271 4729 3354 4776 τις
3381 4713 3596 4784 άληθῶς
3628 4714 3720 4768 λο-

2147 4799 2301 4867 γικὸς
2330 4799 2423 4851 καὶ
2441 4798 2604 4852 εἰκὼν
2634 4797 2729 4852 τοῦ
2750 4798 2884 4852 Θεοῦ
2903 4839 2918 4866 ,
2950 4800 3042 4852 καὶ
3069 4801 3388 4869 συγγένειαν
3415 4803 3552 4873 ἔχων
3581 4805 3720 4876 πρὸς

2145 4890 2213 4944 τὰ
2245 4889 2422 4960 ὑψηλὰ
2449 4890 2540 4943 καὶ
2568 4889 2822 4960 οὐράνια,
2851 4889 2971 4942 οὐδὲ
2997 4884 3136 4943 εἶναι
3169 4890 3411 4961 βούλεται
3440 4893 3561 4946 οὐδὲ
3587 4911 3718 4950 συν-

2146 4981 2435 5052 εγερθῆναι
2482 4983 2593 5044 τοῖς
2637 4978 3087 5051 ἀναϐιωσομένοις
3140 4981 3477 5053 ἀνθρὼποις’
3541 4986 3591 5038 εί
3641 4987 3721 5058 μὴ

2149 5073 2328 5143 μέλλοι
2374 5071 2710 5125 ἐπαινεῖσθαι
2743 5069 2894 5141 παρὰ
2930 5069 3022 5124 τοῦ
3053 5072 3186 5125 Θεοῦ
3229 5072 3306 5136 ὡς
3344 5074 3548 5143 ἀγαθὸς
3595 5076 3721 5130 δοῦ-

2145 5164 2255 5228 λος,
2301 5163 2393 5218 καί
2438 5179 2597 5217 τινων
2647 5159 2923 5228 ἀξιοῦσθαι
2971 5160 3170 5232 γερῶν.
3238 5162 3361 5216 Ἐπὶ
3418 5164 3595 5238 ταύτῃ
3649 5169 3716 5237 τῇ

483 5251 585 5306 dus
618 5262 675 5305 ut
708 5254 881 5311 bonus
912 5272 1124 5325 servus,
1179 5259 1454 5330 aliquibus
1505 5261 1701 5333 dignus
1735 5263 2044 5319 censendus

2153 5255 2462 5326 προαιρέσει
2492 5253 2586 5307 καὶ
2618 5255 2647 5306 ὀ
2673 5251 2835 5304 Δαϐὶδ
2858 5252 2955 5321 τῆς
2979 5251 3177 5320 ἐλάφου
3204 5252 3303 5325 τὴν
3333 5253 3491 5323 δίψαν
3517 5259 3718 5310 οἰκεῖον

482 5341 800 5400 honoribus.
842 5343 1069 5416 Propter
1124 5349 1225 5404 hoc
1280 5350 1588 5406 institutum
1620 5351 1787 5408 David
1828 5369 2045 5424 quoque

2153 5347 2450 5417 ὑπόδειγμα
2473 5347 2704 5397 ποιεῖται
2725 5343 2822 5412 τῆς
2847 5343 3040 5396 ἑαυτοῦ
3071 5344 3206 5415 πρὸς
3231 5345 3363 5399 Θεὸν
3385 5347 3683 5419 ἐπιθυμίας
3700 5365 3715 5380 ο

483 5432 625 5487 torvi
644 5435 787 5489 sitim
813 5437 1009 5507 accipit
1035 5439 1098 5506 “,
1124 5447 1181 5494 ut
1210 5441 1480 5507 ostendat,
1502 5451 1767 5514 quantum
1793 5443 1862 5498 sit
1882 5459 2041 5498 suum

2153 5441 2242 5493 καὶ
2278 5439 2402 5492 ίδεῖν
2451 5435 2666 5505 εὔχεται
2706 5435 2766 5488 τὸ
2806 5433 3095 5515 πρόσωπον
3148 5436 3243 5489 τοῦ
3267 5435 3423 5515 Θεοῦ,
3462 5438 3550 5492 ἵνα
3597 5441 3720 5504 ταῖς

555 5609 597 5640 ³⁸
647 5608 790 5664 Psal.
840 5609 1027 5666 una.
