4072 6156
357 239 466 298 629

1753 225 1840 280 DE
1875 224 2234 282 BAPTlSMO.

3504 231 3607 286 430

357 352 580 424 νοηταῖς
608 346 948 420 ὲνευφρανθῇ
977 345 1271 414 δεξιώσεσι.
1316 344 1425 399 Καὶ
1467 341 1678 406 Παῦλος
1716 341 1934 412 εὔχεται

2041 339 2096 394 in
2129 338 2299 393 Deum
2329 337 2700 404 desiderium;
2738 349 2790 394 et
2833 347 2983 410 optat
3018 339 3199 398 videre
3240 339 3333 396 Dei
3375 342 3606 402 vultum.

364 443 732 514 ἐκδυσάμενος
761 441 862 511 τὴν
914 443 1090 510 σάρκα
1133 438 1211 502 ὡς
1249 435 1346 490 καὶ
1375 435 1512 507 βαρὺ
1557 434 1650 489 καὶ
1679 431 1934 504 φορτικὸν

361 537 610 608 ἱμάτιον,
643 533 910 589 ἀναλῦσαι
957 532 1053 588 καὶ
1077 531 1175 584 σὺν
1227 527 1448 600 Χριστῷ
1495 523 1662 582 εἶναι·
1716 525 1934 588 πάντως

360 625 661 696 ἀμφότεροι
706 620 1100 692 φανταζόμενοι
1141 617 1238 690 τὴν
1280 615 1554 688 μακαρίαν
1597 614 1935 684 εὐφροσύνην

359 717 454 770 καὶ
495 713 897 786 ἀμετάϐλητον.
938 713 1003 766 Et
1021 711 1078 765 δὲ
1123 710 1338 779 ὲκείνης
1369 709 1509 781 ἔρως
1537 707 1732 771 ούδεὶς,
1758 705 1934 760 πάντα

362 807 579 878 ἀληθῶς
608 805 678 858 τὰ
713 805 871 866 ἀλλα,
906 802 1048 858 κατά
1074 802 1164 856 τὸν
1207 799 1667 872 Ἐκκλησιαστὴν,
1714 799 1937 870 ματαιόο

360 916 461 969 της
497 897 898 969 ματαιοτήτων.

432 1071 667 1140 Φεύγετε
694 1069 892 1134 τοίνυν,
923 1067 1117 1139 ἄνδρες
1140 1065 1474 1138 Χριστιανοὶ,
1501 1064 1746 1134 κλήσεως
1775 1065 1930 1116 ἔπους

365 1163 550 1235 ρανίοοι
575 1163 814 1232 μέτοχοι,
845 1161 1026 1214 πᾶσαν
1067 1158 1274 1214 ἔννοιαν
1309 1157 1566 1226 τοιαύτην
1603 1155 1814 1226 λῃστῶν
1842 1155 1936 1208 καὶ

309 1239 314 1244 ’
363 1254 687 1326 κακούργων
721 1252 897 1319 ἀξίαν,
931 1251 1065 1322 μηδὲ
1105 1250 1266 1305 τοῦτο
1296 1247 1628 1321 μακαριστὸν
1657 1246 1934 1319 ἡγήσησθε

361 1347 424 1400 τὸ
469 1345 692 1416 φεύγειν
734 1341 1034 1414 τιμωρίαν,
1087 1341 1202 1394 ἀλλ’
1247 1340 1515 1410 ὲράσθητε
1567 1339 1787 1410 δωρεῶν
1841 1337 1936 1391 καὶ

364 1437 644 1506 στεφάνων
665 1451 678 1465 °
714 1433 806 1497 οὓς
830 1435 860 1486 ὁ
883 1433 1016 1496 Θεὸς
1043 1433 1161 1494 τοῖς
1176 1431 1436 1502 ἀθληταῖς
1461 1429 1561 1499 τῆς
1591 1427 1935 1496 δικαιοσύνης

361 1527 719 1598 ηὐτρέπισεν·
762 1523 1137 1593 ὲπιθυμὴσατε
1181 1520 1552 1590 βαπτίσματος
1582 1517 1933 1580 ἀδόλωςολά-

359 1618 485 1672 δετε
515 1616 576 1670 τὸ
599 1615 877 1678 τάλαντον,
907 1615 1002 1666 καὶ
1030 1611 1291 1682 πρόσθετε
1316 1613 1412 1681 τὴν
1448 1609 1727 1680 ἐργασίανο
1762 1607 1936 1670 οὕτως

2039 437 2096 483 ιιι
2128 430 2465 485 exhilaretur
2492 431 2854 501 amplexibus,
2887 432 2980 503 qui
3023 433 3227 518 gadunt
3277 434 3379 490 sub
3409 435 3608 490 intelli-

2035 520 2295 592 gentiam.
2351 519 2416 574 Et
2468 519 2672 577 Paulus
2704 531 2855 592 Optat
2913 531 3076 576 exuta
3126 538 3291 579 carne
3347 533 3606 594 tanquam

2035 611 2184 679 gravi
2236 618 2292 666 et
2362 611 2592 667 molesta
2655 621 2843 676 veste,
2894 612 3120 670 dissolvi
3188 625 3242 670 et
3297 629 3419 671 esse
3480 630 3606 669 cum

2034 702 2257 758 Christo
2298 703 2345 736 η
2386 721 2400 757 :
2444 702 2604 760 ambo
2639 704 2864 760 omnino
2920 704 3227 776 cogitantes
3274 705 3487 760 beatam
3555 715 3608 758 et

2037 794 2432 854 immutabilem
2485 794 2746 858 lzetitiam.
2800 795 2959 864 Quod
3024 796 3072 852 si
3127 797 3311 852 nullus
3363 797 3436 855 sit
3486 796 3606 866 ejus

2037 900 2214 950 amor,
2238 887 2420 942 omnia
2459 887 2585 953 alia,
2629 896 2686 946 ut
2732 903 2859 944 vere
2887 888 3023 944 dicit
3070 887 3449 955 Ecclesiastes,
3479 899 3608 946 sunt

2038 993 2058 1027 ι
2071 977 2306 1033 anitates
2338 977 2636 1034 vanitatum
2672 979 2736 1032 ¹⁶.

2108 1064 2295 1137 Fugite
2321 1082 2472 1139 ergo,
2501 1068 2602 1122 viri
2639 1068 2958 1134 Christiani,
3015 1070 3308 1141 participes
3367 1072 3607 1128 caelestis

2037 1157 2363 1221 vocationis,
2395 1172 2612 1220 munem
2662 1157 2803 1213 hanc
2833 1158 3244 1230 cogitationem,
3302 1160 3609 1216 latronibus

2035 1247 2250 1317 dignam
2283 1257 2339 1303 ct
2384 1247 2672 1313 malelicis,
2705 1262 2883 1317 neque
2916 1248 3136 1302 beatum
3178 1249 3490 1306 existimate
3521 1251 3608 1304 fu-

2035 1351 2162 1405 gere
2193 1337 2520 1407 supplicium
2547 1354 2562 1402 ;
2599 1336 2693 1392 sed
2720 1339 2859 1394 dona
2898 1347 3076 1394 amate
3104 1347 3158 1394 et
3190 1353 3445 1402 coronas,
3472 1357 3610 1411 quas

2042 1425 2182 1479 Deus
2211 1428 2420 1495 paravit
2472 1428 2696 1482 athletis
2725 1427 2954 1497 justitirc
2975 1445 2990 1495 ;
3013 1428 3250 1498 expetite
3281 1428 3607 1498 baptismum

2034 1517 2154 1570 sine
2203 1517 2412 1580 fraude,
2471 1518 2703 1587 accipite
2749 1521 3050 1582 talentum,
3086 1528 3138 1574 et
3191 1529 3382 1574 curate
3427 1535 3496 1575 ne
3539 1523 3611 1575 sit

2036 1607 2315 1663 otiosum:
2351 1609 2425 1662 ita
2477 1610 2648 1675 enim,
2687 1621 2744 1664 ut
2807 1611 2920 1663 vult
2971 1611 3248 1680 parabola,
3296 1609 3610 1666 el'liciemini

360 1711 469 1782 γὰρ
506 1709 648 1763 κατὰ
698 1708 796 1777 τὴν
842 1703 1154 1777 παραϐολὴν
1183 1701 1446 1774 ἡγεμόνες
1473 1701 1604 1754 δέκα
1635 1697 1929 1770 γενήσεσθε

2038 1698 2197 1754 duces
2236 1699 2422 1754 decem
2458 1699 2740 1754 civitatum
2781 1701 2842 1755 ".
2900 1700 3001 1767 Qui
3034 1717 3163 1773 ergo
3211 1703 3460 1772 sepultus
3508 1702 3611 1757 fuit

363 1803 590 1858 πόλεων.
631 1801 688 1854 '0
716 1799 774 1853 δὲ
795 1801 1082 1866 συνταφεὶς
1108 1795 1185 1866 τῷ
1213 1794 1566 1867 βαπτίσματι,
1591 1791 1824 1864 ἔκρυψεν
1853 1791 1933 1854 είς

363 1892 468 1964 γῆν
497 1891 560 1945 τὸ
601 1890 882 1954 τάλαντον,
924 1891 1019 1941 καὶ
1050 1886 1265 1948 πάντως
1315 1883 1537 1938 ἐκείνων
1569 1883 1791 1938 ἀκούσει
1824 1881 1935 1938 τῶν

363 1987 499 2055 πρὸς
521 1982 612 2036 τὸν
643 1981 828 2034 δοῦλον
861 1979 1030 2050 ἀργὸν
1071 1976 1368 2048 λεχθέντων
1399 1977 1494 2029 καὶ
1522 1974 1784 2046 ῥᾴθυμον.
1820 1975 1934 2028 Κα-

361 2073 469 2137 λῶς
496 2074 525 2126 ό
557 2069 912 2140 νεοφιὶηιστος
935 2069 1001 2122 ἀν
1026 2069 1093 2139 τῇ
1126 2068 1304 2120 πίστει
1335 2065 1544 2136 συνάψῃ
1571 2066 1668 2136 τὴν
1696 2064 1932 2135 ἐντολὴν,

365 2164 459 2219 sui.
503 2162 686 2216 πλεῖον
738 2159 889 2212 οὐδὲν
937 2157 1050 2229 ἔχει
1095 2155 1190 2210 τοῦ
1237 2155 1588 2226 ἀνεγκλήτου.
1641 2155 1937 2226 Δεσμώτης

366 2253 660 2323 ἑτύγχανεν
709 2249 920 2321 μυρίοις
959 2247 1296 2319 ἐγκλήμασιν
1336 2245 1656 2309 ὑπεύθυνος,
1685 2244 1936 2308 δεδοικὼς

363 2345 424 2398 τὸ
479 2344 795 2412 κριτήριονς,
843 2337 1062 2409 τρέμων
1113 2336 1222 2392 τῶν
1284 2334 1522 2390 εὐθυνῶν
1577 2333 1666 2388 τὸν
1724 2332 1932 2404 καιρόν.

365 2430 568 2487 Ἦλθεν
619 2429 815 2497 ἀθρόον
868 2425 1128 2496 βασιλέως
1173 2423 1588 2496 φιλανθρωπία,
1639 2423 1818 2493 ηνοιξε
1874 2421 1936 2474 τὸ

362 2525 770 2594 δεσμωτήριον,
824 2520 1002 2589 ἀφῆκε
1049 2519 1173 2581 τοὺς
1233 2516 1516 2587 πονηρούς.
1564 2513 1626 2582 'Q
1673 2514 1772 2586 μὲν
1814 2513 1938 2578 δούς

361 2621 460 2690 τὴν
497 2618 678 2688 χάριν,
722 2611 994 2683 ὑμνείσθω
1040 2611 1136 2664 καὶ
1173 2608 1601 2681 προσκυνείαθω,
1632 2608 1708 2672 ὡς
1738 2606 1939 2675 ἁγαθό-

365 2722 522 2776 τητος
555 2702 842 2773 περιουσίᾳ
876 2699 1052 2762 σώσας
1096 2700 1223 2762 τοὺς
1249 2699 1348 2770 τὴν
1378 2698 1523 2770 ζωὴν
1557 2699 1658 2752 ούκ
1695 2697 1939 2762 ἐλπίζον-

363 2813 492 2859 τας·
535 2797 564 2849 ὁ
617 2794 677 2846 δὲ
728 2791 1039 2864 γνωριζέτω
1091 2789 1316 2856 ἑαυτὸν,
1377 2791 1435 2842 ὲν
1479 2789 1821 2858 ταπεινότητι
1860 2788 1940 2840 δι·-

365 2886 573 2953 αγέτω·
606 2883 680 2954 μὴ
707 2883 783 2946 ὡς
811 2881 1159 2951 κατορθώσας
1188 2898 1241 2934 τι
1286 2879 1588 2946 διακεὶσθω,
1618 2880 1802 2949 ἐπειδὴ
1831 2878 1939 2932 τῶν

363 2974 576 3038 δεσμῶν
607 2973 792 3043 ἐλύθη.
829 2973 1054 3042 Ἀφεσις
1103 2971 1212 3040 γὰρ
1249 2969 1607 3040 ἐγκλημάτων
1658 2969 1749 3022 τὸν
1792 2968 1938 3023 ἔλεον

366 3066 779 3137 προσμαρτυρεῖ
823 3062 901 3133 τῷ
943 3063 1376 3132 συγχωρήσαντι,
1421 3062 1482 3114 ού
1513 3061 1619 3130 μὴν
1645 3059 1938 3128 εὐδοκιμή-

367 3173 481 3210 σειν
517 3156 596 3226 τῷ
641 3154 919 3223 ἀφεθέντι.
959 3153 1016 3206 Ὀ
1047 3152 1228 3205 λαϐὼν
1268 3153 1330 3204 τὸ
1375 3152 1472 3223 τῆς
1521 3149 1938 3218 παλιγγενεσίας

327 3273 332 3280 θ
365 3248 606 3315 λουτρὸν,
649 3248 830 3317 ὅμοιος
876 3244 1180 3316 στρατιώτῃ
1205 3243 1308 3313 νέῳ
1340 3243 1598 3310 ὑπόγυιον
1639 3241 1938 3312 ἑναριθμη-

367 3341 508 3394 θέντι
558 3340 670 3402 τοῖς
696 3339 990 3400 όπλιτικοίς
1035 3333 1372 3403 καταλόγοις,
1417 3333 1640 3405 μηδέπω
1667 3333 1722 3386 δὲ
1770 3333 1937 3403 μηδὲν

365 3431 783 3502 ὶπιδεδειγμένῳ
825 3431 1212 3499 στρατιωτικὸν
1243 3429 1277 3500 ἢ
1310 3431 1578 3498 γενναῖον.
1618 3429 1826 3500 Ὥσπερ
1845 3423 1936 3481 οὖν

364 3527 567 3588 ἐκεῖνος
606 3524 926 3594 ἀνελόμενος
971 3523 1068 3593 τὴν
1095 3521 1306 3594 ζώνην(
1326 3521 1420 3576 καὶ
1451 3520 1549 3590 τὴν
1585 3519 1804 3590 χλανίδα
1834 3519 1936 3588 ὲμ-

364 3614 818 3686 πορπησάμενος,
865 3614 966 3668 οὐκ
1012 3612 1173 3677 εὐθὺς
1216 3613 1403 3667 ἑαυτὸν
1447 3611 1674 3677 ἀριστέα
1705 3609 1932 3680 νομίζει,

360 3708 483 3761 οὐδὲ
508 3705 748 3778 προσιὼν
779 3705 915 3777 μετὰ
945 3706 1254 3776 παρρησίας
1297 3704 1374 3774 τῷ
1401 3703 1608 3774 βασιλεῖ
1631 3703 1706 3765 ὡς
1740 3702 1938 3770 γνώριο

367 3817 462 3870 μος
490 3797 822 3866 διαλέγεται,
850 3797 969 3851 οὐδὲ
991 3797 1218 3868 χάριτας
1239 3797 1383 3849 αίτεί
1401 3797 1500 3859 τὰς
1521 3793 1630 3848 τῶν
1653 3794 1936 3864 καμόντων

365 3891 454 3943 καὶ
482 3887 829 3941 πονεσάντων
853 3905 866 3917 ·
904 3884 1075 3950 οὕτως
1111 3884 1243 3956 μηδὲ
1278 3885 1340 3940 σὺ
1370 3883 1544 3954 τυχὼν
1572 3883 1668 3954 τῆς
1695 3882 1932 3954 χάριτος,

363 3976 473 4030 οἴου
511 3979 627 4038 τοῖς
667 3974 897 4037 δικαίοις
946 3974 1292 4044 συζήσεσθαι,
1324 3973 1573 4044 καὶπρὸς
1597 3973 1686 4026 τὸν
1713 3971 1936 4026 ἐκείνων

361 4065 694 4139 ἀχθήσεσθαι
741 4065 964 4135 κλῆρον,
1002 4065 1067 4118 ὃν
1103 4065 1179 4136 μὴ
1207 4064 1433 4128 πολλοὺς
1472 4065 1769 4134 ὑπομείνῃς
1794 4061 1937 4131 ὑπὲρ

363 4157 644 4218 εὐσεϐείας
681 4156 988 4220 κινδύνους,
1019 4156 1112 4209 καὶ
1154 4155 1468 4226 πολεμήσῃς
1507 4158 1573 4226 τῇ
1617 4155 1801 4226 σαρκὶ,
1843 4155 1936 4206 καὶ

367 4250 480 4318 μετ’
528 4248 744 4319 ἐκείνης
793 4246 869 4317 τῷ
919 4247 1167 4317 διαϐόλῳ,
1223 4245 1315 4299 καὶ
1360 4245 1622 4314 γενναίως
1677 4247 1936 4316 ἀντισχῇς

2039 1791 2200 1844 simul
2225 1804 2350 1844 cum
2385 1791 2679 1861 baptismo,
2747 1792 3009 1847 talentum
3044 1793 3329 1848 abscondit
3357 1794 3412 1848 in
3443 1807 3608 1854 terra.

2033 1891 2087 1937 et
2131 1883 2357 1938 omnino
2391 1883 2478 1936 illa
2508 1883 2710 1949 audiet,
2743 1899 2864 1954 qua:
2894 1883 3038 1938 dicta
3067 1895 3194 1939 sunt
3246 1899 3406 1939 servo
3434 1884 3610 1939 otioso

2034 1980 2088 2026 et
2130 1972 2426 2043 negligenti
2453 1973 2516 2028 ".
2547 1971 2713 2028 ltecte
2747 1973 2814 2040 is,
2847 1971 2939 2044 qui
2991 1987 3076 2027 est
3106 1987 3296 2029 recens
3336 1973 3608 2027 illumina-

2035 2073 2145 2124 tus,
2177 2065 2222 2118 si
2253 2062 2376 2118 lidei
2422 2077 2530 2121 non
2577 2064 2812 2134 amplius
2847 2064 3162 2119 mandatum
3194 2064 3498 2135 conjunxit,
3527 2064 3610 2116 ni-

2039 2155 2112 2208 hil
2145 2155 2308 2209 habet
2340 2154 2486 2223 quod
2534 2170 2639 2210 non
2689 2155 2762 2210 sit
2820 2154 2984 2211 aliine
3039 2155 3431 2210 criminationi.
3487 2153 3612 2207 Fuit

2038 2243 2284 2306 vinetus,
2361 2243 2847 2299 innumerabilibus
2920 2243 3246 2301 criminibus
3319 2245 3608 2306 obnoxius,

2037 2335 2237 2394 timens
2285 2335 2575 2410 judicium,
2609 2337 2841 2392 horrens
2882 2346 3096 2408 tempus
3129 2337 3412 2393 reddenda:
3450 2337 3612 2390 ratic-

2040 2425 2145 2480 nis.
2191 2424 2350 2481 Venit
2384 2436 2604 2498 repente
2645 2429 2787 2497 regis
2832 2427 3158 2498 benignitas,
3193 2429 3405 2498 aperuit
3425 2442 3612 2482 carec-

2039 2533 2174 2582 rem,
2206 2517 2414 2575 dimisit
2477 2521 2672 2574 malos.
2717 2521 2822 2586 Qui
2874 2521 3023 2575 dedit
3077 2521 3296 2590 quidem
3349 2521 3607 2590 gratiam,

2040 2608 2292 2662 laudibus
2347 2607 2677 2670 celebretur,
2737 2617 2791 2663 et
2831 2610 2924 2678 qui
2989 2624 3088 2664 sua
3147 2610 3409 2665 bonitatis
3441 2609 3612 2663 abun-

2038 2699 2223 2752 dantia
2258 2699 2599 2753 conservavit
2631 2713 2746 2762 eos,
2769 2699 2862 2768 qui
2924 2715 3030 2753 non
3076 2700 3371 2768 sperabant
3402 2700 3601 2757 vivere.

2039 2789 2159 2860 lpsc
2196 2799 2376 2843 autem
2413 2790 2654 2858 scipsmn
2709 2799 3026 2859 cognoscat,
3052 2799 3104 2845 et
3139 2791 3297 2862 degat
3336 2792 3388 2844 in
3422 2791 3608 2844 humi-

2041 2882 2226 2937 litate:
2264 2895 2370 2934 non
2406 2880 2478 2933 ita
2502 2881 2573 2935 sit
2627 2879 2874 2948 allectus,
2907 2891 3165 2950 tanquam
3217 2882 3418 2950 aliquid
3468 2897 3606 2950 prae—

2042 2973 2249 3029 clarum
2283 2971 2536 3042 gesserit,
2572 2975 2830 3040 quoniam
2860 2972 3072 3032 solutus
3101 2981 3191 3034 est
3220 2972 3470 3026 vinculis.
3497 2972 3610 3025 Cri-

2044 3063 2250 3116 minmn
2279 3061 2424 3116 enim
2459 3061 2711 3117 remissio
2747 3071 2980 3117 testatur
3027 3063 3453 3126 miscricordiam
3489 3063 3610 3130 ejus

2038 3153 2130 3222 qui
2163 3153 2460 3217 concessit,
2497 3167 2603 3207 non
2627 3163 2806 3208 autem
2832 3154 2975 3223 quod
3007 3169 3064 3209 sc
3106 3164 3250 3208 recte
3280 3153 3513 3222 gesserit
3541 3154 3606 3213 is.

2038 3247 2127 3314 qui
2171 3245 2271 3297 fuit
2300 3245 2580 3300 dimissus.
2616 3244 2662 3299 Is
2691 3246 2782 3314 qui
2827 3247 3100 3298 lavacrum
3142 3246 3348 3314 accepit
3383 3260 3608 3314 regene—

2041 3337 2293 3402 rationis,
2327 3345 2412 3394 est
2457 3335 2653 3392 similis
2690 3351 2829 3390 novo
2865 3337 3042 3402 militi,
3075 3336 3168 3405 qni
3200 3352 3372 3409 nuper
3401 3335 3502 3390 fuit
3532 3351 3611 3389 re-

2040 3430 2180 3484 latus
2221 3429 2274 3482 in
2312 3443 2596 3484 numerum
2647 3428 2907 3490 militum,
2943 3428 3182 3486 nondum
3223 3437 3403 3482 autem
3445 3428 3609 3498 quid-

2037 3535 2200 3589 quam
2229 3521 2340 3590 egit
2374 3521 2694 3592 [mularum
2722 3529 2815 3574 aut
2853 3519 2981 3580 forti
3016 3520 3186 3573 milite
3214 3519 3460 3589 dignum.
3489 3519 3638 3585 Quo-

2038 3612 2200 3668 modo
2221 3625 2346 3680 ergo
2368 3611 2457 3665 ille
2479 3625 2614 3664 zona
2640 3610 2944 3671 accinctus,
2963 3609 3328 3679 ct'clilamydc
3359 3610 3606 3672 indutus,

2037 3717 2146 3756 non
2181 3715 2238 3757 se
2265 3701 2452 3755 statim
2496 3699 2775 3754 existimat
2810 3699 2987 3754 virntn
3012 3699 3228 3763 lortcnt,
3272 3714 3448 3768 neque
3471 3716 3608 3754 con-

2038 3791 2266 3846 fidenter
2312 3789 2578 3845 accedens
2611 3789 2678 3854 ad
2736 3804 2939 3860 regem,
2983 3805 3107 3845 eum
3153 3789 3448 3861 alloquitur
3491 3798 3609 3844 tat:-

2035 3897 2199 3954 quam
2234 3880 2551 3945 familiaris,
2604 3895 2778 3954 neque
2826 3881 2960 3951 petit
3011 3881 3288 3947 beneficia,
3329 3899 3450 3952 qua:
3510 3883 3605 3954 qui

2036 3975 2443 4036 laboraverunt,
2479 3980 2534 4028 et
2563 3987 2622 4027 se
2670 3980 2895 4028 strenue
2921 3982 3241 4044 gesserunt;
3271 3974 3346 4030 ita
3397 3990 3495 4028 nec
3527 3984 3607 4040 tu,

2037 4066 2270 4138 gratiam
2315 4072 2627 4126 assecutus,
2664 4073 2822 4134 putes
2858 4063 2974 4119 fore
3010 4075 3066 4118 ut
3094 4066 3242 4122 vivas
3269 4081 3392 4121 cum
3419 4066 3607 4137 j'tistis,

2035 4167 2089 4211 et
2117 4155 2182 4210 ad
2212 4155 2427 4208 illorum
2455 4153 2676 4208 ducaris
2711 4155 3101 4220 luereditatem,
3138 4157 3242 4212 nisi
3271 4172 3368 4225 pro
3400 4158 3607 4228 pietate.

2038 4247 2209 4300 multa
2241 4245 2404 4300 adeas
2431 4243 2694 4312 pericula,
2738 4253 2791 4300 et
2826 4262 2949 4299 cum
2983 4262 3149 4302 carne
3192 4245 3396 4302 bellum
3428 4263 3609 4316 geras,

362 4337 498 4408 πρὸς
526 4338 704 4390 πάντα
741 4337 810 4390 τὰ
840 4335 948 4391 τῶν
973 4336 1225 4406 πονηρῶν
1252 4335 1575 4406 πνευμάτων
1602 4335 1930 4406 τοξεύματα.

2038 4347 2090 4392 et
2131 4339 2296 4393 simul
2353 4352 2478 4393 cum
2528 4338 2642 4403 illa,
2691 4351 2814 4392 cum
2863 4337 3084 4394 diabolo
3141 4338 3354 4393 fortiter
3385 4339 3612 4394 resistas

361 4423 574 4478 Μᾶλλον
601 4425 659 4476 δὲ
685 4427 734 4477 εἰ
762 4425 906 4477 δοκεί
936 4425 1104 4495 αὐτὴν
1133 4425 1231 4496 τὴν
1262 4424 1355 4478 τοῦ
1388 4424 1592 4494 Κυρίου
1629 4425 1810 4496 φωνὴν
1835 4423 1932 4495 τὴν

363 4515 660 4583 μέλλουσαν
701 4515 797 4567 ἐπὶ
835 4515 932 4585 τῆς
976 4516 1160 4586 κοινῆς
1191 4515 1517 4588 ἐκφέρεσθαι
1541 4516 1796 4588 κρίσεως,
1836 4515 1934 4569 λά-

360 4605 544 4678 ϐωμεν
588 4606 682 4660 τοῦ
729 4609 1091 4678 προκειμένου
1136 4607 1472 4664 διδάσκαλον.
1514 4607 1578 4659 Τί
1618 4606 1727 4676 γάρ
1769 4621 1930 4675 φησι;

368 4715 387 4750 ι
423 4696 610 4760 Δεῦτε,
661 4697 710 4750 οἱ
744 4697 1097 4769 εὐλογημένοι
1127 4697 1221 4752 τοῦ
1256 4697 1464 4768 Πατρός
1514 4714 1638 4766 μου,
1678 4697 1936 4767 κληρονο-

362 4788 570 4858 μήσατε
598 4787 697 4859 τὴν
730 4788 1133 4858 ἡτοιμασμένην
1170 4788 1298 4859 ὑμῖν
1333 4787 1628 4855 βασιλείαν.
1674 4806 1693 4839 ι
1726 4786 1824 4839 Διά
1849 4786 1930 4851 τί;

360 4879 471 4949 Οὐχ
511 4879 594 4931 ὅτι
641 4877 702 4930 τὸ
745 4877 960 4948 ἱμάτιον
991 4877 1308 4932 ἐνεδύσασθε
1334 4879 1430 4949 τῆς
1456 4877 1786 4948 ἀφθαρσίας,
1812 4876 1932 4930 οὐδὲ

359 4969 440 5022 ὅτι
476 4969 576 5033 τάς
619 4969 897 5040 ἁμαρτίας
947 4970 1098 5040 ὑμῶν
1140 4970 1536 5034 ἀπελούσασθε,
1586 4969 1699 5022 ἀλλ’
1745 4969 1931 5039 ἐπειδὴ

361 5058 758 5131 κατωρθώσατε
784 5060 882 5132 τὴν
924 5063 1166 5134 ἀγάπην.
1216 5065 1324 5117 Καὶ
1373 5061 1533 5126 εὐθὺς
1573 5065 1600 5115 ὁ
1635 5063 1934 5128 κατάλογος

363 5151 720 5205 ὑποτέτακται
749 5152 857 5210 τῶν
907 5153 1238 5222 τραφέντων,
1279 5153 1386 5206 τῶν
1417 5153 1792 5216 ποτισθέντων,
1823 5153 1930 5204 τῶν

361 5241 704 5296 ὲνδυθέντων.
756 5243 869 5296 Καὶ
921 5244 1147 5307 εἰκότως
1193 5247 1221 5297 ό
1267 5244 1697 5315 ἀπαραλόγιστος
1741 5244 1932 5314 κριτὴς

360 5333 527 5398 οὕτως
546 5335 775 5399 δικάζει.
815 5335 879 5388 Ἦ
901 5335 1059 5405 χάρις
1096 5335 1192 5405 μὲν
1213 5334 1320 5405 γὰρ
1342 5335 1435 5387 τοῦ
1458 5335 1722 5388 Δεσπότου
1740 5333 1929 5402 δῶρον’

362 5427 395 5495 ἡ
420 5425 475 5480 δὲ
506 5425 771 5494 πολιτεία,
816 5425 913 5480 τοῦ
960 5427 1281 5496 τιμηθέντος
1323 5426 1667 5498 κατόρθωμα.
1702 5427 1934 5497 Χάριτος

433 5603 472 5635 ¹¹
511 5602 921 5675 Philipp.l,23.
1001 5607 1043 5638 ¹⁶
1077 5604 1258 5662 Ecclc.
1294 5604 1414 5672 1,2.
1497 5606 1534 5635 ’⁷
1559 5605 1691 5658 Luc.
1728 5621 1840 5667 xix,
1887 5604 1969 5670 16,
2011 5603 2089 5657 l7.

2038 4430 2295 4484 omnibus
2318 4428 2512 4499 iaculis
2544 4427 2905 4499 malignorum
2934 4428 3249 4497 spirituum.
3282 4428 3394 4482 lmo
3414 4440 3542 4481 vero
3563 4427 3611 4482 si

2039 4520 2276 4584 videtur,
2299 4519 2637 4590 accipiamus
2661 4518 2837 4588 ipsam
2869 4517 3084 4574 Domini
3128 4534 3340 4582 vocem,
3375 4532 3498 4583 quae
3525 4527 3613 4573 est

2053 4607 2377 4677 proferenda
2405 4609 2459 4664 in
2495 4609 2614 4678 ipso
2662 4609 2938 4662 communi
2963 4607 3194 4676 judicio,
3221 4617 3276 4663 et
3326 4615 3411 4664 est
3435 4609 3611 4678 magi-

2042 4709 2152 4753 stra
2177 4699 2297 4768 ejus
2320 4699 2464 4769 quod
2495 4700 2837 4770 proponitur.
2867 4697 3112 4764 «Venite,
3141 4700 3407 4756 benedicti
3431 4701 3612 4758 Patris

2039 4791 2168 4852 mei,
2201 4797 2383 4844 estote
2414 4789 2658 4845 haeredcs
2687 4789 2859 4860 parati
2887 4790 3044 4846 vobis
3074 4791 3228 4862 regni
3270 4807 3302 4846 a
3343 4793 3613 4848 constitu-

2034 4881 2182 4934 tione
2215 4881 2399 4934 mundi
2441 4881 2500 4932 ⁸⁸.
2550 4901 2568 4932 ι
2611 4881 3014 4946 Quamobrem?
3049 4881 3169 4937 Non
3218 4885 3474 4952 quoniam
3523 4885 3606 4938 in-

2034 4971 2150 5022 duti
2203 4971 2337 5025 estis
2393 4981 2540 5025 veste
2591 4973 3056 5043 incorruptionis,
3111 4990 3288 5046 neque
3345 4975 3604 5044 quoniam

2037 5071 2256 5132 peccata
2290 5070 2466 5116 vestra
2507 5064 2777 5133 abluistis,
2826 5069 2920 5122 sed
2964 5069 3222 5138 quoniam
3255 5068 3308 5121 in
3340 5068 3608 5122 charitatc

2038 5170 2134 5208 vos
2164 5161 2311 5208 recte
2344 5154 2614 5220 gessistis.
2673 5157 2739 5209 Et
2792 5158 2978 5212 statim
3028 5160 3276 5229 sequitur
3330 5159 3606 5228 catalogus

2038 5261 2225 5301 eorum
2260 5247 2351 5314 qui
2379 5258 2507 5300 sunt
2551 5249 2762 5314 nutriti,
2795 5252 2990 5319 potali,
3044 5253 3237 5308 induti.
3269 5253 3331 5306 Et
3365 5254 3487 5322 jure
3517 5253 3609 5321 qui

2042 5337 2151 5390 falli
2187 5353 2296 5390 non
2331 5346 2506 5407 potest
2533 5339 2699 5405 jndex
2733 5341 2806 5394 ita
2860 5342 3091 5409 jndicat.
3127 5344 3260 5398 Nam
3284 5347 3456 5415 gratia
3487 5346 3610 5414 qui-

2042 5428 2162 5484 dem
2202 5437 2284 5485 est
2302 5429 2502 5484 donum
2532 5429 2766 5486 Domini.
2793 5431 2869 5485 Ex
2898 5433 3018 5487 vitae
3055 5443 3234 5489 autem
3265 5437 3610 5493 administra-

2172 5604 2211 5634 "
2246 5603 2432 5661 Matth.
2475 5621 2595 5674 xxv,
2628 5604 2698 5660 9.4
2723 5621 2842 5676 sqq.
2926 5607 2964 5640 ¹⁹
3003 5607 3132 5664 ibid.
3165 5609 3251 5664 ει.
